3986 6510
486 360 592 417 655

1668 355 1726 411 s.
1767 352 2087 411 GREGORII
2123 306 2441 411 mssast

3597 357 3701 411 656

489 489 663 538 reum,
699 466 793 527 ubi
842 468 1060 534 accidit,
1100 469 1347 523 inserens
1377 467 1633 532 colorem,
1672 467 1860 523 avidos
1896 466 2044 521 oble-

2143 470 2236 523 καὶ
2262 471 2500 543 πολυσχη
2511 470 2764 543 μάτιστον
2788 474 2884 543 τὴν
2913 472 3156 546 διάχυσιν
3185 474 3280 529 τοῦ
3322 475 3611 548 χρώματος
3639 479 3697 533 tv

487 576 602 622 ctat
627 563 839 627 oculos,
890 560 1079 616 multis
1106 560 1297 614 formis
1342 558 1637 630 figurisque
1673 558 1951 629 praeditam
1988 557 2043 611 in

493 659 614 712 albo
641 657 937 726 depingens
981 651 1182 707 coloris
1208 650 1583 708 suffusionem.
1613 651 1783 716 Quam
1816 651 2044 704 multum

495 753 548 805 iu
594 749 707 802 haec
751 743 1029 800 confertur
1062 742 1343 797 studium?
1384 743 1526 809 Quot
1572 753 1697 796 sunt
1741 743 1943 812 figurae,
1991 748 2046 795 et

489 854 647 910 quam
680 837 845 890 multa
876 835 1126 894 artificia,
1152 849 1276 889 cum
1300 833 1390 887 alii
1412 834 1630 902 quidem
1656 846 1793 902 aqua
1820 840 1872 887 et
1899 832 2044 885 ferro

488 926 742 982 materias
809 934 995 979 secent
1044 941 1059 978 :
1104 924 1194 978 alii
1253 938 1384 977 vero
1451 923 1731 977 hominum
1794 922 2045 977 manibus

488 1017 902 1087 noctudinque
949 1017 1311 1072 laborantium
1356 1017 1590 1073 alliciant
1624 1015 2045 1073 dissectionem?

486 1108 595 1163 Nec
638 1110 752 1164 haec
789 1108 1006 1180 quidem
1057 1106 1329 1163 sutliciunt
1373 1108 1439 1163 iis
1478 1108 1571 1178 qui
1618 1108 1676 1162 in
1713 1122 1911 1161 vanum
1955 1121 2044 1160 or-

487 1209 672 1257 natum
716 1200 955 1255 laborem
1013 1199 1352 1254 conferunt:
1399 1200 1491 1255 sed
1542 1205 1597 1254 et
1656 1198 1781 1253 vitri
1836 1197 2044 1269 puritas

483 1291 708 1346 venenis
737 1290 1049 1360 inquinatur
1078 1297 1131 1344 et
1167 1288 1314 1343 varie
1343 1289 1592 1359 tingitur,
1636 1298 1697 1345 ut
1729 1290 1795 1343 ad
1835 1289 2046 1358 excogi—

484 1388 611 1435 tata:
662 1380 994 1435 inventionis
1041 1379 1222 1433 luxum
1266 1386 1321 1433 et
1351 1378 1577 1433 delicias
1623 1394 1691 1434 ex
1735 1392 1800 1433 eo
1830 1392 2045 1448 quoque

486 1471 689 1543 aliquid
733 1459 1079 1542 adiungatur.
1116 1470 1398 1536 Quomodo
1449 1478 1627 1524 autem
1670 1470 1881 1523 narrari
1920 1483 2046 1539 pos-

485 1571 607 1619 sent
635 1571 902 1618 tectorum
934 1577 1095 1633 opera
1126 1574 1551 1632 supervacanea,
1587 1562 1641 1614 in
1670 1561 1867 1631 quibus
1900 1561 2047 1630 ligna

485 1671 607 1726 quae
657 1655 794 1708 fiunt
846 1669 911 1709 ex
953 1652 1153 1715 cedris,
1212 1652 1347 1706 artis
1387 1651 1689 1705 subtilitate
1734 1651 1806 1704 ita
1854 1665 2047 1705 rursus

2142 560 2221 632 τῷ
2241 561 2416 632 λευκῷ
2446 562 2873 635 ζωγραφήσασα.
2908 566 3125 620 Ὁπόσαι
3148 567 3279 638 περὶ
3304 566 3509 621 τούτων
3534 584 3699 621 σπου-

2142 652 2230 707 δαί
2246 671 2260 719 ;
2290 654 2429 707 πόσα
2468 654 2535 707 τά
2567 658 2847 725 σχήματα;
2881 654 3023 708 πόσα
3052 659 3119 709 τὰ
3150 661 3553 730 μηχανήματα;
3587 658 3697 713 τῶν

2096 743 2245 827 ⁷μμὲν
2276 743 2427 799 ὕδατι
2463 744 2556 798 καὶ
2591 745 2792 817 σιδήρῳ
2826 746 3183 818 διαπριόντων
3209 752 3308 814 τὰς
3336 749 3488 814 ὕλας,
3521 750 3698 806 ἀλλων

2143 837 2199 890 δὲ
2240 836 2328 889 διὰ
2361 835 2556 908 χειρῶν
2588 836 2967 908 ἀνθρωπίνων,
3007 837 3175 891 νύκτα
3217 843 3310 892 καὶ
3346 843 3558 915 ἡμέραν
3598 860 3696 897 πο·

2143 927 2372 981 νούντων
2422 928 2532 981 τῶν
2594 927 3074 1000 κατεργαζομένων
3122 928 3219 1000 τὴν
3248 928 3540 1003 ἐκπρησινς
3589 934 3698 989 Καὶ

2143 1018 2263 1073 οὐδὲ
2312 1018 2483 1073 ταῦτα
2518 1020 2718 1091 ἤρκεσε
2759 1023 2869 1083 τοῖς
2906 1018 3127 1073 πονοῦσι
3175 1021 3303 1092 περὶ
3333 1022 3424 1076 τὸν
3476 1026 3698 1093 μάταιον

2143 1110 2344 1181 κόσμον
2362 1128 2377 1141 ο
2410 1109 2543 1163 ἀλλά
2576 1111 2670 1165 καὶ
2696 1109 2757 1163 τὸ
2783 1110 3023 1182 καθαρὸν
3051 1110 3152 1181 τῆς
3187 1112 3342 1164 ὑέλου
3372 1111 3459 1167 διὰ
3484 1116 3700 1184 φαρμά-

2128 1220 2255 1287 γκων
2288 1203 2367 1266 είς
2397 1201 2575 1272 βαφὰς
2619 1202 2868 1267 ποικίλας
2896 1202 3361 1273 καταμολύνεται,
3395 1204 3473 1265 ὡς
3509 1203 3576 1257 ἂν
3610 1204 3703 1258 καὶ

2072 1300 2081 1353 j
2114 1330 2125 1335 γι
2144 1292 2296 1365 παρά
2332 1295 2534 1364 ταύτης
2573 1311 2624 1347 τι
2659 1293 2949 1365 συναχθείη
2980 1297 3046 1366 τῇ
3074 1295 3186 1348 τῶν
3214 1296 3500 1367 νοημάτων
3529 1295 3701 1368 χλιδῇ.

2143 1384 2267 1448 Πῶς
2308 1385 2353 1437 δ’
2383 1384 2448 1438 ἄν
2491 1402 2576 1448 τις
2622 1386 2763 1439 εῐποι
2814 1385 2912 1450 τὰς
2963 1386 3070 1441 τῶν
3101 1386 3316 1458 ὀρόφων
3361 1387 3706 1459 περιεργίας,

2144 1477 2229 1545 ἐφ’
2249 1469 2323 1529 ὧν
2352 1476 2417 1528 τὰ
2446 1474 2575 1540 ξύλα
2592 1476 2657 1529 ὲκ
2685 1475 2876 1548 κέδρου
2900 1476 3159 1547 γινόμενα
3185 1477 3345 1530 πάλιν
3371 1477 3708 1547 ἐπαναστρέ-

2145 1588 2310 1640 φοντα
2358 1569 2447 1623 διὰ
2491 1568 2596 1623 τῶν
2647 1569 2990 1638 σοφισμάτων
3020 1569 3121 1639 τῆς
3163 1568 3358 1639 τέχνης
3394 1568 3593 1639 δένδρα
3622 1584 3708 1622 vo-

2144 1654 2442 1739 μιζόμενα,
2476 1659 2699 1725 κλάδους
2729 1661 2822 1714 καὶ
2859 1660 3029 1729 φύλλα
3067 1660 3161 1714 καὶ
3206 1661 3453 1730 καρποὺς
3498 1662 3560 1712 tv
3588 1662 3710 1720 ταῖς

485 1754 899 1809 convertuntur,
955 1752 1014 1798 ut
1061 1750 1323 1813 putentur
1369 1742 1592 1796 arbores
1645 1756 1712 1795 cx
1771 1741 2044 1795 cmlaturis

2144 1750 2393 1820 γλυφίσιν
2414 1750 2699 1817 ὲκφύοντα.
2729 1749 2925 1802 Σιωπῶ
2945 1749 3036 1802 τὸν
3052 1750 3251 1821 χρυσὸν
3266 1750 3358 1803 τὸν
3380 1752 3459 1813 είς
3481 1749 3712 1813 λεπτοὺς

484 1856 688 1903 ramos,
732 1839 856 1894 folia
893 1845 946 1893 et
971 1835 1182 1891 fructus
1213 1834 1597 1905 producentes.
1631 1832 1809 1888 Taceo
1851 1847 2043 1887 aurum

2146 1843 2240 1897 καὶ
2285 1842 2541 1912 ἀερώδεις
2600 1841 2803 1913 ὑμένας
2841 1841 3259 1911 διατεινόμενον,
3301 1841 3395 1893 καὶ
3434 1837 3709 1908 πανταχοῦ

484 1934 630 2003 quod
681 1932 738 1986 in
768 1944 956 1985 aereas
1008 1928 1354 1984 membranas
1393 1926 1719 1990 dissecatur,
1773 1932 1829 1979 et
1874 1924 1929 1978 in
1976 1924 2043 1979 lis

485 2026 685 2095 ubique
708 2022 959 2086 illinitur,
994 2029 1054 2075 ut
1085 2019 1271 2075 avidos
1310 2019 1503 2074 oculos
1532 2018 1587 2071 in
1613 2031 1672 2072 se
1699 2021 2041 2071 convertant.

486 2116 635 2171 Ebur
677 2121 855 2168 autem
897 2111 1043 2182 quod
1110 2111 1401 2166 asciscitur
1449 2108 1518 2163 ad
1560 2108 1957 2163 vestibulorum
1992 2115 2045 2163 et

484 2209 746 2263 atriorum
776 2203 1080 2276 superfluos
1108 2212 1352 2267 ornatus,
1388 2208 1442 2257 et
1479 2201 1623 2271 quod
1662 2215 1851 2256 eorum
1887 2182 2065 2254 mela-9

485 2299 626 2353 turis
658 2296 889 2351 illinitur
918 2310 1135 2359 aurum,
1181 2304 1274 2349 aut
1311 2295 1457 2365 quod
1488 2293 1657 2348 clavis
1691 2291 1925 2362 adigitur
1957 2306 2046 2344 ar-

485 2397 729 2461 gentum,
774 2398 829 2443 et
872 2402 992 2457 quae
1033 2396 1160 2441 sunt
1195 2385 1485 2456 ejusmodi,
1517 2385 1641 2455 quis
1671 2383 1905 2438 dixerit?
1947 2382 2044 2437 do-

488 2496 699 2537 morum
744 2481 1071 2550 pavimenta,
1103 2494 1222 2549 qua:
1259 2478 1427 2534 variis
1464 2478 1814 2548 resplendent
1848 2475 2048 2530 colori-

488 2573 623 2629 bus?
658 2580 718 2626 ut
749 2572 914 2626 etiam
953 2585 1139 2626 eorum
1172 2570 1335 2639 pedes
1366 2570 1421 2623 in
1473 2568 1762 2639 splendore
1803 2566 2045 2638 lapidum

490 2760 654 2814 nimis
716 2756 1057 2812 ambitiosam
1120 2756 1603 2825 magnificentiam,
1658 2769 1889 2814 auarum
1938 2768 2045 2807 non

488 2852 612 2906 vitae
649 2865 784 2905 usus
832 2847 1195 2925 necessariam
1243 2846 1373 2901 facit
1430 2846 1914 2911 constructionem,
1952 2843 2047 2900 sed

489 2941 761 3013 cupiditas
793 2955 891 3011 per
926 2954 988 2994 ea
1025 2953 1145 3008 quae
1183 2947 1308 2992 sunt
1357 2938 1570 2992 inutilia
1616 2948 1925 3007 progressa,
1964 2949 2050 2989 ea-

418 3082 421 3087 .
488 3050 609 3088 rum
632 3034 839 3089 invenit
868 3030 1351 3102 importunitatem.
1383 3027 1515 3083 Nam
1543 3042 1607 3084 ex
1635 3027 1888 3082 domibus
1913 3026 2089 3105 alias»!

490 3124 704 3195 quidem
740 3129 952 3194 oportet
1000 3136 1123 3177 esse
1156 3130 1373 3192 paratas
1406 3120 1472 3175 ad
1513 3134 1755 3184 cursum,
1798 3117 1933 3172 alias
1980 3117 2047 3172 ad

2141 1933 2347 1999 τούτοις
2363 1933 2661 2006 ὲπιχρωννύ
2672 1952 2829 2004 μενον
2859 1934 2933 1997 ὡς
2945 1934 3010 1987 ἂν
3029 1930 3128 2003 τὴν
3144 1933 3383 2003 λιχνείαν
3400 1932 3513 1985 τῶν
3536 1931 3714 2001 ὀμμάο

2142 2042 2248 2078 των
2281 2025 2416 2096 πρὸς
2447 2026 2634 2079 ἑαυτὸν
2667 2024 3002 2095 ὲπιστρέφοι.
3039 2022 3150 2095 Τὴν
3180 2022 3236 2089 δὲ
3264 2022 3372 2075 τῶν
3399 2022 3709 2089 ἐλεφάντων

2143 2116 2420 2188 εἰσφορὰν,
2472 2119 2551 2180 είς
2579 2115 2672 2169 τὸν
2700 2115 2989 2187 περίεργον
3022 2114 3402 2183 καλλωπισμὸν
3453 2112 3563 2166 τῶν
3599 2113 3709 2167 eia-

2070 2196 2311 2279 ,ᾔόδωῃ
2362 2198 2455 2260 τόν
2487 2223 2546 2259 τε
2596 2205 2951 2275 ἀλειφόμενον
2986 2208 3106 2269 ταῖς
3156 2204 3375 2273 γλυφίσι
3418 2203 3628 2256 τούτων
3674 2202 3707 2274 ἢ

2143 2300 2360 2372 χρυσὸν,
2399 2300 2434 2373 ἢ
2465 2298 2557 2353 τδν
2577 2299 2665 2353 διά
2688 2298 2795 2352 τῶν
2814 2298 2958 2369 ἥλων
2989 2296 3415 2369 ὲγκροτούμενον
3444 2296 3707 2367 ἄργυρον,

2144 2392 2237 2444 καὶ
2274 2390 2450 2445 πάντα
2482 2389 2552 2443 τὰ
2575 2389 2799 2443 τοιαῦτα
2835 2388 2889 2442 τί
2921 2389 2987 2444 ἀν
3033 2406 3117 2452 τις
3153 2387 3330 2457 Ityn;
3374 2389 3407 2459 ἢ
3436 2388 3507 2441 τὰ
3540 2388 3708 2459 ἐδάφη

2144 2482 2253 2533 τῶν
2302 2482 2484 2535 οίκιῶν
2530 2483 2650 2543 ταῖς
2692 2480 2963 2544 ποικίλαις
2992 2479 3101 2533 τῶν
3143 2480 3304 2533 λίθων
3332 2479 3531 2551 βαφαῖς
3578 2480 3709 2534 ὐπο-

2113 2641 2119 2647 .
2145 2572 2424 2643 λάμποντα
2443 2613 2456 2636 ,
2488 2571 2563 2634 ὼς
2588 2570 2655 2624 ἂν
2681 2571 2776 2624 καὶ
2804 2572 2852 2624 ot
2884 2570 3043 2634 πόδες
3070 2570 3247 2624 αὐτῶν
3274 2572 3373 2641 τῆς
3402 2572 3581 2642 αὐγῆς
3605 2572 3710 2625 τῶν
3822 2636 3827 2645 ι

488 2664 783 2725 luxurient,
837 2669 890 2718 et
939 2660 995 2715 in
1038 2661 1304 2730 ejusmodi
1358 2662 1647 2716 domorum
1700 2654 2051 2714 multitudine

2145 2664 2309 2719 λίθων
2328 2663 2737 2735 κατατρυφῶσι,
2765 2664 2863 2734 τήν
2894 2679 2954 2716 τε
2980 2664 3120 2717 κατὰ
3146 2663 3208 2716 τὸ
3241 2663 3445 2733 πλῆθος
3473 2664 3584 2717 τῶν
3604 2682 3708 2718 τοι·

2145 2754 2315 2808 ούτων
2342 2754 2505 2807 οἴκων
2539 2755 2864 2825 φιλοτιμίαν,
2907 2747 2983 2808 ῶν
3025 2754 3203 2825 ούχὶή
3244 2754 3403 2825 χρεία
3435 2755 3537 2825 τῆς
3568 2756 3709 2827 ζωῆς

2146 2845 2242 2917 τὴν
2282 2846 2620 2917 κατασκευὴν
2657 2846 2960 2915 ἀναγκαίαν
3006 2848 3171 2909 ποιεῖ,
3214 2847 3330 2900 ἀλλ’
3364 2849 3398 2919 ἡ
3447 2848 3708 2919 ἐπιθυμία

2146 2934 2233 2987 διὰ
2269 2933 2378 2987 τῶν
2415 2935 2653 3005 ἀνοήτων
2683 2935 2947 3007 προϊοῦσα
2986 2937 3224 3008 εὑρίσκει
3274 2938 3553 3008 ἀκαιρίαν.
3593 2940 3707 3009 Χρὴ

2148 3024 2255 3095 γάρ
2279 3024 2387 3078 τῶν
2412 3026 2573 3080 οἴκων
2598 3027 2723 3088 τοὺς
2752 3027 2847 3097 μὲν
2869 3027 3100 3099 δρόμους
3128 3021 3289 3091 εἶναι,
3321 3030 3447 3087 τοὺς
3468 3028 3527 3081 δὲ
3555 3048 3710 3101 περι-

2111 3106 2381 3183 ξπάτουξ,
2411 3120 2536 3182 τοὺς
2570 3119 2669 3189 μὲν
2708 3120 2994 3183 εἰσοδίους,
3034 3122 3159 3184 τοὺς
3190 3120 3247 3174 δὲ
3305 3123 3706 3191 προεισοδίους,

489 3213 965 3278 deambulandum,
1006 3212 1142 3267 alias
1184 3211 1250 3266 ad
1298 3210 1626 3281 ingressum,
1670 3209 1805 3263 alias
1843 3207 1909 3260 ad
1955 3222 2048 3261 ve-

2148 3208 2338 3273 ἄλλους
2368 3210 2704 3273 ὲπιπυλίους.
2754 3210 2829 3263 Οὐ
2874 3210 2981 3281 γὰρ
3037 3211 3226 3281 ἀρκεῖν
3273 3210 3537 3281 ἡγοῦνται
3581 3212 3710 3282 πρὸς

489 3307 768 3370 stibulum,
816 3304 951 3359 alias
992 3318 1113 3373 quae
1158 3302 1330 3374 portis
1377 3302 1487 3356 sint
1532 3300 1822 3369 impositm.
1863 3297 2051 3367 Neque

491 3399 633 3452 enim
677 3396 810 3451 satis
847 3410 969 3451 esse
1012 3400 1207 3466 putant
1245 3393 1311 3447 ad
1346 3393 1544 3447 fastum
1584 3403 1770 3462 portas
1804 3399 1859 3446 et
1889 3391 2050 3445 vesti-

490 3491 638 3556 bula,
683 3496 736 3543 et
771 3488 1008 3558 amplum
1057 3486 1200 3557 quod
1244 3494 1328 3540 est
1378 3485 1519 3538 intra
1560 3491 1745 3554 portas
1794 3482 2050 3552 spatium,

492 3578 599 3633 nisi
650 3575 1081 3646 ingredientibus
1120 3572 1386 3642 ejusmodi
1425 3571 1555 3642 quid
1599 3573 1750 3642 prius
1779 3578 2053 3635 occurrat,

492 3665 638 3738 quod
660 3665 851 3721 statim
888 3664 1284 3735 ingredientem
1338 3662 1571 3717 videndo
1614 3662 1785 3731 possit
1818 3650 2069 3732 πυρείων

497 3773 641 3813 cere.
695 3755 793 3811 His
836 3755 1104 3811 accedunt
1153 3754 1387 3819 lavacra,
1445 3768 1565 3823 quae
1605 3768 1764 3807 usum
1818 3753 2058 3823 praebent

494 3849 656 3907 simul
702 3863 827 3903 cum
869 3845 1301 3917 magniﬁcentia,
1347 3845 1403 3899 in
1448 3845 1676 3900 fontium
1724 3844 2054 3898 abundantia

494 3942 625 3997 totis
666 3938 845 3995 ﬂuviis
889 3937 1192 4009 irrigantia,
1245 3944 1300 3992 et
1347 3951 1467 4007 qua:
1516 3944 1643 3991 ante
1677 3949 1741 3989 ea
1781 3936 1887 3990 sita
1928 3943 2057 3989 sunt

494 4030 793 4101 gymnasia,
836 4044 1031 4098 eaque.
1059 4027 1231 4082 variis
1277 4026 1641 4081 marmoribus
1687 4024 1964 4094 splendide
2001 4030 2055 4078 et

495 4123 693 4179 aﬂabre
736 4122 804 4176 ad
847 4130 1099 4176 ornatum
1142 4128 1475 4184 constructa,
1526 4127 1580 4173 et
1625 4118 1866 4187 undique
1906 4118 2054 4171 circa

494 4218 636 4273 ades
660 4217 904 4285 porticus
933 4213 1255 4279 Numidicis,
1291 4213 1622 4269 Thessalicis
1658 4220 1751 4267 aut
1780 4211 2053 4283 Egineti-

496 4308 576 4362 cis
625 4307 825 4362 innima
863 4306 1155 4369 columnis,
1213 4312 1269 4360 et
1307 4320 1383 4360 ars
1432 4304 1487 4357 in
1525 4304 1743 4368 statuis,
1805 4302 1952 4372 quod
1997 4302 2054 4356 in

498 4401 645 4455 mille
675 4400 883 4469 species
904 4399 1195 4469 efﬁngitur,
1232 4411 1422 4466 nempe
1452 4397 1507 4449 in
1562 4396 1924 4464 quodcunque
1954 4410 2054 4449 cu-

498 4492 631 4546 riosi
660 4501 713 4546 et
737 4491 1124 4561 supervacanei
1153 4488 1333 4557 operis
1360 4486 1685 4541 desiderium
1728 4486 1905 4540 fundit
1934 4500 2052 4539 ma-

2153 3300 2362 3371 κόμπον
2387 3299 2485 3362 τὰς
2523 3299 2694 3363 πύλας
2724 3299 2818 3353 καὶ
2847 3299 2914 3352 τά
2946 3300 3274 3372 προπύλαια,
3310 3300 3405 3355 καὶ
3436 3302 3539 3371 τὴν
3568 3302 3712 3365 ἐντὸς

2151 3388 2259 3442 τῶν
2285 3388 2465 3442 πυλῶν
2489 3388 2827 3461 εὐρυχωρίαν
2844 3428 2859 3453 ,
2890 3388 2939 3441 εἰ
2980 3390 3052 3460 μή
3078 3407 3132 3442 τι
3157 3389 3396 3443 τοιοῦτον
3422 3406 3714 3461 προεντυγ-

2150 3480 2299 3549 χάνει
2353 3482 2465 3541 τοῖς
2523 3477 2808 3542 εἰσιοῦσιν,
2862 3472 2972 3531 οἷον
3009 3478 3180 3540 εὐθὺς.
3218 3479 3563 3548 καταπλῆξαι
3622 3480 3711 3533 τοῦ

2112 3622 2115 3623 ,
2152 3568 2424 3639 ὁρωμένου
2452 3568 2545 3622 τὸν
2572 3568 2970 3638 εἰσερχόμενον.
3005 3565 3305 3640 Λουτράτε
3346 3572 3484 3642 πρὸς
3507 3571 3712 3637 τούτοις

2152 3659 2529 3730 συμπαριόντα
2550 3661 2614 3729 τῇ
2647 3658 2923 3729 φιλοτιμία
2953 3657 3051 3729 τὴν
3075 3660 3271 3731 χρῆσιν
3292 3666 3558 3733 ποταμοῖς
3579 3665 3714 3729 ὅλοις

2152 3750 2210 3801 tv
2256 3752 2321 3821 τῇ
2364 3750 2472 3802 τῶν
2515 3750 2759 3821 κρουνῶν
2798 3750 3047 3822 δαψιλείᾳ
3089 3753 3576 3826 κατακλυζόμενα,
3623 3759 3714 3811 καὶ

2150 3842 2353 3895 τούτων
2389 3844 2804 3915 προϐεϐλημένα
2831 3845 3105 3915 γυμνάσια
3128 3886 3142 3909 ,
3184 3849 3276 3901 καὶ
3303 3849 3476 3902 ταῦτα
3522 3868 3711 3922 περισ-

2153 3930 2261 3994 σῶς
2303 3931 2389 3987 διά
2440 3932 2696 3985 ποικίλων
2744 3935 3053 4005 μαρμάρων
3098 3936 3178 3999 είς
3222 3937 3431 4008 κόσμον
3484 3939 3715 4011 tenaxq-

2155 4023 2321 4093 μένα,
2346 4024 2494 4078 στοαί
2513 4040 2570 4076 τε
2602 4025 2936 4095 πανταχόθεν
2989 4027 3116 4098 περὶ
3144 4028 3242 4099 τὴν
3283 4030 3493 4101 οἴκησιν
3516 4032 3715 4102 Νουμι-

2152 4111 2317 4176 δίοις,
2363 4111 2734 4183 ἢΘεσσαλοίς,
2774 4115 2808 4186 ἢ
2843 4116 3140 4183 Δίγινίταις
3186 4118 3396 4182 στύλοις
3434 4122 3714 4191 ύπερειδό-

2157 4221 2340 4273 μεναι,
2362 4208 2467 4261 ὅτε
2497 4205 2555 4257 ἐν
2587 4208 2700 4269 τοῖς
2750 4205 2995 4277 ἀνδριᾶσι
3044 4207 3245 4278 χαλκὸς
3290 4208 3397 4275 ῶν,
3433 4213 3514 4275 είς
3551 4214 3712 4283 μυρία

2152 4295 2264 4366 είδη
2297 4296 2702 4365 ηηματίζοιτο,
2731 4297 2867 4368 πρὸς
2897 4298 2992 4351 ὃτι
3026 4300 3058 4369 ἡ
3088 4299 3352 4370 ἐπιθυμία
3372 4303 3474 4373 τῆς
3501 4320 3714 4375 περιερ-

2153 4386 2303 4456 γείας
2324 4386 2434 4457 χέει
2455 4387 2554 4457 τὴν
2582 4387 2733 4459 ὓλην,
2764 4390 2834 4443 τά
2853 4407 2911 4442 τε
2942 4391 3008 4443 ὲκ
3032 4392 3138 4444 τῶν
3170 4395 3479 4466 μαρμάρων
3502 4397 3711 4461 εἴδωλα,

2153 4479 2249 4531 καὶ
2300 4479 2399 4541 τὰς
2453 4480 2546 4531 ἐπὶ
2594 4480 2703 4533 τῶν
2744 4480 2987 4537 πινάκων
3033 4485 3376 4556 ἐπιγραφὰς,
3410 4487 3481 4540 δι’
3512 4482 3590 4542 ὧν
3625 4491 3712 4542 καὶ

500 4581 713 4647 teriam,
740 4589 795 4637 et
838 4596 959 4652 qua).
988 4582 1045 4636 in
1084 4579 1285 4634 tabulis
1315 4579 1558 4648 picturae,
1606 4592 1700 4646 per
1724 4591 1861 4647 quas
1893 4577 2051 4631 etiam

2159 4572 2269 4633 τοῖς
2313 4571 2605 4640 ὀφθαλμοῖς
2655 4572 3101 4644 ἐκπορνεύουσιν,
3148 4576 3573 4650 ἀπογυμνούσης
3621 4581 3711 4649 τῆς

500 4672 837 4729 fornicamur
881 4672 1076 4735 oculis,
1122 4680 1238 4725 arte
1268 4670 1540 4740 aperiente
1573 4684 1668 4739 per
1703 4667 2058 4721 imitationem

497 4778 562 4817 ea
590 4778 710 4833 qua:
736 4764 906 4833 aspici
947 4771 1242 4833 nequeunt.
1270 4772 1325 4816 et
1360 4773 1699 4829 quaecunque
1727 4758 1853 4812 licet
1879 4756 2059 4811 videre

500 4856 555 4909 in
590 4854 658 4909 iis
689 4869 809 4924 qua:
847 4860 975 4907 sunt
1001 4850 1269 4921 ejusmodi
1317 4849 1521 4904 aﬂ‘abre
1552 4847 1694 4903 facta
1722 4847 1788 4903 ad
1822 4846 2059 4902 admira-

499 4948 700 5001 tionem
740 4954 794 5000 et
819 4946 1301 5016 pulchritudinem.

571 5036 854 5105 Quomodo
886 5051 1105 5108 possem
1149 5035 1426 5103 sigillatim
1480 5032 1659 5087 verbis
1697 5030 1946 5101 persequi
1992 5044 2056 5084 ea

502 5131 557 5183 in
586 5142 709 5197 quae
741 5124 980 5181 studium
1015 5123 1159 5194 quod
1181 5123 1481 5188 confertur,
1509 5131 1594 5177 est
1620 5119 1973 5190 reprehensio
2002 5124 2058 5172 et

500 5219 837 5276 insimulatio
890 5218 1227 5289 negligentia:
1285 5217 1339 5271 in
1386 5217 1455 5271 iis
1492 5232 1613 5287 qua:
1658 5220 1786 5270 sunt
1841 5211 2059 5282 priora?

500 5312 620 5377 Quo
647 5312 791 5365 enim
822 5310 997 5376 major
1035 5309 1197 5362 fuerit
1230 5316 1284 5363 et
1332 5307 1680 5361 multitudine
1718 5315 1772 5359 et
1818 5302 2057 5357 materia:

502 5411 722 5473 sumptu
776 5400 1175 5472 magnificentia
1230 5401 1283 5452 in
1348 5400 1544 5453 mdium
1600 5396 1925 5459 structuris,
1988 5412 2055 5450 co

502 5496 677 5566 magis
708 5493 956 5564 arguitur
985 5493 1293 5548 inornatam
1328 5506 1451 5547 esse
1484 5490 1740 5544 animam.
1781 5485 1883 5553 Qui
1913 5488 2057 5540 enim

505 5585 572 5641 ad
627 5588 865 5655 seipsum
913 5585 1132 5655 aspicit,
1191 5594 1245 5638 et
1288 5583 1675 5638 habitationem
1723 5594 1849 5634 vere
1901 5594 2054 5632 suam

505 5687 756 5744 exornat,
800 5685 861 5731 ut
890 5677 1183 5749 aliquando
1210 5675 1370 5731 etiam
1417 5674 1581 5729 Deum
1624 5670 1861 5739 excipiat
1906 5668 2060 5722 habi-

503 5784 726 5840 tantem,
778 5775 823 5828 is
852 5774 1013 5830 aliam
1055 5773 1215 5829 habet
1248 5772 1529 5828 materiam
1570 5784 1635 5824 ex
1666 5780 1774 5838 qua
1816 5764 1910 5820 tali
1956 5763 2058 5817 ha-

2156 4663 2350 4733 τέχνης
2382 4664 2490 4717 ἀπὸ
2532 4666 2813 4736 μιμήσεως
2860 4665 2929 4719 τὰ
2960 4664 3198 4732 ἀθέατα,
3248 4669 3341 4721 καὶ
3370 4670 3473 4723 ὅσα
3512 4674 3572 4724 tv
3610 4675 3710 4735 τοῖς

2157 4752 2417 4816 τοιούτοις
2462 4753 2609 4808 ἔστιν
2638 4754 2767 4808 ίδεῖν
2794 4757 2872 4819 είς
2897 4755 3159 4827 ἔκπληξίν
3204 4775 3263 4811 τε
3294 4760 3389 4811 καὶ
3416 4759 3567 4832 ῶραν
3597 4763 3707 4814 ἐπι·

2155 4842 2488 4914 τεχνώμενα.

2230 5027 2354 5091 Πῶς
2385 5028 2452 5082 ἄν
2489 5046 2572 5092 τις
2621 5029 2691 5084 τὰ
2733 5031 2854 5085 καθ’
2882 5033 3112 5086 ἕκαστον
3143 5032 3399 5096 διεξέλθοι
3425 5034 3505 5105 τῷ
3547 5036 3704 5105 λόγῳ.

2160 5120 2217 5174 ὲν
2248 5115 2329 5185 οἷς
2368 5123 2401 5192 ἡ
2429 5121 2631 5192 σπουδὴ
2658 5125 2960 5196 κατηγορία
2989 5126 3082 5179 καὶ
3127 5124 3344 5194 ἔλεγχος
3372 5130 3471 5197 τῆς
3500 5130 3625 5198 περὶ
3648 5129 3707 5181 τὰ

2161 5213 2403 5284 πρότερα
2454 5213 2722 5283 ραθυμίας
2774 5215 2951 5281 tactv;
2985 5217 3135 5285 Ὄσῳ
3185 5217 3293 5288 γὰρ
3328 5218 3396 5272 ἂν
3450 5218 3704 5291 πλεονάσῃ

2159 5305 2237 5374 τῷ
2279 5303 2473 5375 πλήθει
2520 5306 2614 5359 καὶ
2654 5308 2723 5377 τῇ
2762 5307 2888 5377 περὶ
2928 5308 3026 5369 τάς
3059 5306 3187 5371 ὔλας
3216 5308 3495 5382 φιλοτιμίᾳ
3538 5312 3630 5381 τὴν
3655 5313 3705 5363 ἰν

2160 5400 2273 5460 τοῖς
2307 5394 2872 5467 κατασκευαζομένοις
2921 5398 3189 5465 σπουδὴν,
3237 5399 3478 5472 τοσούτῳ
3526 5401 3704 5471 μᾶλλον

2158 5490 2367 5559 ἐλέγχει
2407 5488 2467 5541 τὸ
2492 5491 2589 5559 τῆς
2633 5489 2814 5559 ψυχῆς
2860 5488 3289 5546 ἀκαλλώπιστον.
3338 5492 3397 5545 '0
3433 5494 3541 5563 γὰρ
3585 5492 3703 5563 πρὸς

2158 5582 2348 5635 ἑαυτὸν
2373 5580 2605 5651 βλέπων,
2649 5582 2743 5633 καὶ
2777 5581 2877 5652 τὴν
2906 5581 3040 5634 ίδίαν
3078 5581 3244 5645 ὅντως
3272 5583 3487 5654 οἴκησιν
3520 5584 3704 5638 καλλω-

2159 5672 2359 5739 πίζων,
2392 5672 2530 5725 ὥστε
2579 5673 2710 5724 ποτὲ
2760 5673 2855 5725 καὶ
2904 5673 2995 5726 τὸν
3024 5673 3155 5729 Θεὸν
3199 5678 3407 5730 ἱνοικον
3439 5678 3695 5741 δέξασθαι.

2161 5763 2323 5825 ἄλλας
2378 5765 2486 5831 ἔχει
2537 5762 2631 5825 τὰς
2668 5762 2798 5826 ὔλας
2844 5764 2903 5828 ἐξ
2946 5755 3021 5817 ὧν
3067 5765 3130 5818 τὸ
3173 5766 3364 5830 κάλλος
3404 5772 3461 5838 τῇ
3499 5766 3694 5835 τοιαύτῃ
