4044 6466
249 470 353 527 657

1289 464 1356 519 ΙΝ
1398 459 1925 518 ECCLESIASTEN.
1956 459 2234 516 HOMILIA
2269 460 2355 516 111.

3352 460 3457 518 658

247 583 453 653 οἰκήσει
492 579 915 653 εῦνερανίζεται.
955 573 1087 634 Οἶδα
1123 576 1234 646 ἐγὼ
1267 579 1471 651 χρυσὸν
1496 580 1608 642 τοῖς
1637 577 1808 634 τοιού-

1927 577 2156 634 )itationi
2186 578 2441 633 conciliat
2472 578 2952 649 pulchritudinem.
2994 579 3129 636 Novi
3175 581 3318 637 enim
3356 596 3458 652 ego

246 692 353 738 τοις
381 674 561 745 ἔργοις
590 671 971 739 ἐνστίλὸοντα,
1010 671 1099 724 τὸν
1130 672 1194 724 ἐκ
1225 671 1327 741 τῆς
1352 671 1574 743 Γραφιῗμς
1603 670 1808 741 νοημά-

247 783 349 821 των
400 763 894 835 μεταλλευόμενον·
945 757 1065 814 οἶδα,
1111 761 1346 832 ἄργυρον
1393 760 1460 813 τά
1509 761 1624 814 θεῖα
1657 760 1808 829 λόγια

246 855 314 909 τά
335 852 708 924 πεπυρωμένα
726 892 741 914 ,
770 843 845 905 ὧν
878 850 1177 922 ἀστράπτει
1204 854 1241 922 η
1269 850 1567 922 λαμπηδὼν
1598 851 1687 905 διά-
1711 852 1811 922 τῆς

240 938 503 1016 ἀληθείας
532 942 908 1013 ἐκλάμπουσα.
938 941 1117 997 Λίθων
1148 942 1205 995 δὲ
1243 943 1501 996 ποικίλων
1527 942 1720 1011 αύγάς,
1751 941 1809 1009 ἐξ

246 1032 318 1092 ὧν
343 1038 398 1091 οῖ
418 1054 475 1088 τε
519 1037 687 1105 τοῖχοι
730 1034 825 1088 τοῦ
856 1033 1092 1087 τοιούτου
1128 1032 1256 1087 ναοῦ
1293 1032 1765 1104 κατακοσμοῦνται
1791 1072 1807 1097 ,

248 1133 338 1185 καὶ
377 1130 479 1199 τῆς
525 1130 865 1200 κατασκευῆς
908 1128 976 1183 τὰ
1026 1128 1196 1199 ἐδάφη
1253 1129 1350 1192 τάς
1409 1128 1657 1191 ποικίλας
1702 1127 1810 1182 τῶν

248 1220 457 1292 ἀρετῶν
499 1220 763 1285 διαθέσεις
804 1222 1036 1292 νοήσας,
1068 1222 1167 1275 οὐκ
1199 1218 1263 1274 ἂν
1302 1221 1568 1292 ἁμάρτοις
1608 1220 1701 1274 τοῦ
1741 1222 1809 1292 τῇ

245 1312 390 1383 οἰκίᾳ
436 1312 737 1384 πρέποντος
782 1312 1005 1384 κόσμου.
1052 1313 1475 1384 Κατεστορέσθω
1516 1316 1580 1384 τῇ
1609 1315 1811 1384 ἐγκρα-

245 1404 361 1475 τείᾳ
409 1404 469 1457 τὸ
501 1403 712 1474 ἔδαφος,
760 1405 828 1458 δι’
858 1399 929 1477 ἦς
958 1407 993 1477 ή
1034 1406 1132 1477 τῆς
1170 1407 1363 1477 γηϊνης
1399 1406 1636 1469 διανοίας
1667 1405 1813 1469 κόνις

247 1498 303 1550 οὐ
333 1496 613 1567 διοχλήσει
639 1496 728 1551 τὸν
754 1497 1129 1570 διαιτώμενον.
1168 1498 1228 1551 Ἦ
1256 1498 1364 1551 τῶν
1392 1497 1636 1569 οὐρανῶν
1659 1497 1814 1561 ἐλπὶς

248 1584 531 1656 ώραῖζέτω
579 1583 670 1638 τὸν
714 1585 941 1656 ὄροφον,
974 1586 1111 1658 πρὸς
1137 1586 1201 1658 ἢν
1234 1587 1548 1641 ἀναϐλέπων
1599 1586 1677 1660 τῷ
1716 1588 1813 1659 τῆς

246 1675 429 1746 ψυχῆς
450 1674 747 1747 ὀφθαλμῷ,
775 1679 875 1732 οὐκ
906 1677 1143 1741 εἰδώλοις
1175 1678 1399 1742 κάλλους
1429 1678 1517 1732 διά
1544 1678 1814 1749 γλυφίδων

252 1768 744 1839 μεμορφωμένοις,
788 1770 903 1824 ἀλλ’
937 1770 1068 1825 αὐτὸ
1112 1770 1230 1841 ὄψει
1259 1772 1318 1825 τὸ
1346 1772 1650 1844 ἀρχέτυπον
1688 1772 1819 1827 κάλ·-

248 1860 358 1923 λος,
378 1860 442 1913 ού
474 1860 657 1931 χρυσῷ
675 1878 781 1915 τινι
800 1863 891 1915 καὶ
906 1862 1126 1935 ἀργύρῳ
1145 1863 1534 1935 διηνθισμένον,
1552 1864 1667 1917 ἀλλ’
1682 1866 1816 1936 ὅπερ

1908 685 2101 725 aurum
2147 670 2292 741 quod
2341 671 2650 741 resplendet
2705 673 2763 726 in
2808 672 3121 744 huiusmodi
3168 672 3454 743 operibus,

1908 763 2053 833 quod
2086 764 2299 832 quidem
2328 779 2394 819 ex
2428 760 2717 835 Scriptura
2750 765 3003 821 sensibus
3029 764 3298 823 eﬂ‘oditur.
3322 763 3457 820 Novi

1909 867 2188 926 argentum
2234 855 2418 911 divina
2461 854 2677 925 eloquia
2728 856 2850 927 igne
2908 863 3169 927 purgata,
3229 871 3455 926 quorum

1910 945 2078 1017 fulget
2125 947 2380 1017 splendor
2425 947 2665 1003 emicans
2702 962 2797 1017 per
2832 948 3132 1004 veritatem.
3172 947 3456 1004 Variorum

1910 1047 2087 1092 autem
2138 1037 2376 1109 lapidum
2421 1038 2760 1107 splendores,
2819 1039 3021 1109 quibus
3068 1040 3231 1111 hujus
3274 1040 3460 1111 templi

1910 1136 2174 1191 ornantur
2211 1131 2465 1199 parietes,
2513 1138 2567 1185 et
2616 1129 2980 1201 pavimentum
3022 1131 3255 1197 mdiﬁcii,
3293 1132 3462 1186 virtu-

1909 1226 2024 1273 tum
2068 1219 2247 1275 varias
2298 1219 2604 1290 intelligens
2654 1216 2988 1284 ell‘ectiones,
3029 1236 3139 1275 non
3187 1221 3463 1278 aberrabis

1912 1310 1979 1366 ab
2020 1319 2338 1367 ornamento
2380 1312 2523 1383 quod
2560 1311 2780 1367 domum
2819 1312 2994 1367 decet.
3043 1311 3329 1368 Sternatur
3369 1328 3461 1371 so-

1912 1401 2023 1456 lum
2058 1402 2420 1469 continentia,
2457 1419 2553 1473 per
2581 1419 2747 1474 quam
2795 1405 2977 1474 pulvis
2999 1415 3231 1460 terrenae
3268 1406 3464 1463 mentis

1912 1508 2019 1547 non
2050 1493 2237 1549 aﬂ‘eret
2263 1494 2566 1550 molestiam
2595 1496 2645 1551 ei
2684 1496 2776 1567 qui
2807 1497 3091 1552 inhabitat.
3133 1495 3267 1566 Spes
3294 1498 3463 1554 caelo-

1912 1600 2033 1640 rum
2095 1595 2295 1641 tectum
2349 1586 2617 1651 illustret,
2658 1586 2727 1641 ad
2779 1602 2941 1659 quam
2998 1589 3223 1646 intuens
3275 1588 3467 1644 animae

1914 1678 2095 1742 oculo,
2139 1694 2249 1733 non
2282 1678 2702 1749 pulchritudinis
2734 1680 3027 1737 simulacra
3056 1680 3196 1745 caelo
3231 1687 3286 1735 et
3326 1681 3467 1736 scal-

1916 1770 2060 1840 pello
2090 1769 2343 1837 formata,
2369 1770 2465 1825 sed
2498 1770 2706 1826 videbis
2732 1772 2906 1842 ipsum
2933 1772 3204 1841 exemplar
3227 1771 3468 1842 pulchri.-

1917 1861 2124 1919 tudinis
2157 1876 2267 1917 non
2310 1876 2444 1916 auro
2489 1870 2551 1916 et
2578 1868 2802 1931 argento
2842 1860 3037 1915 illitum
3084 1868 3141 1916 et
3170 1860 3464 1923 excultum,

252 1950 391 2020 ὑπὲρ
411 1951 633 2020 χρυσίον
661 1951 753 2005 καὶ
776 1952 920 2027 λίθον
949 1954 1129 2025 τίμιόν
1154 1957 1269 2009 ἐστι
1301 1955 1486 2011 πολύν.
1521 1957 1584 2010 El
1623 1956 1683 2010 δὲ
1713 1956 1817 2028 χρὴ

1927 1953 2011 2009 sed
2045 1953 2188 2025 quod
2222 1962 2305 2009 est
2355 1954 2513 2024 longe
2553 1968 2716 2023 super
2759 1967 2959 2007 aurum
2995 1959 3051 2008 et
3087 1960 3365 2023 argentum
3412 1959 3468 2006 et

252 2041 349 2093 καὶ
366 2042 434 2093 ἐκ
458 2040 704 2110 πλαγίων
726 2043 926 2115 κόσμον
954 2046 1264 2117 ὑπογράψαι
1293 2046 1370 2117 τῷ
1402 2047 1543 2118 λόγῳ
1560 2089 1575 2112 ,
1603 2047 1757 2101 ἔνθεν
1785 2050 1818 2119 ἡ

251 2133 531 2203 ἀφθαρσία
553 2137 645 2189 καὶ
659 2138 697 2207 η
716 2136 950 2192 ἀπάθεια
970 2139 1345 2193 διαπλακούτω
1376 2140 1466 2193 τὸν
1492 2139 1636 2194 οἷκον
1655 2158 1668 2171 ’
1686 2143 1822 2195 ἐκεῖ·

253 2224 337 2277 θεν
354 2228 390 2295 ἡ
407 2226 723 2298 δικαιοσύνη
733 2230 832 2297 καὶ]
841 2230 899 2284 τὸ
913 2230 1175 2302 ἀόργητον
1193 2234 1459 2303 κοσμείτω
1472 2234 1569 2305 τὴν
1589 2235 1819 2306 οἴκησιν.

255 2317 392 2370 Καθ’
418 2318 603 2389 ἕτερον
622 2318 835 2391 μέροςή
866 2322 1328 2394 ταπεινοφροσύνη
1353 2323 1527 2377 καὶτὸ
1556 2325 1823 2398 μακρόθυ-

258 2426 355 2481 μον
376 2409 750 2481 διαλαμπέτω,
770 2413 862 2465 καὶ
895 2413 1014 2465 κατ’
1040 2414 1165 2469 ἀλλο
1188 2413 1367 2479 πάλιν,
1386 2416 1419 2486 ἡ
1456 2414 1580 2485 περὶ
1599 2416 1657 2468 τὸ
1675 2415 1822 2471 Θεῖον

256 2500 539 2555 εὐσέϐειαο
580 2503 755 2557 πάντα
774 2503 831 2557 δὲ
859 2504 1028 2558 ταῦτα
1057 2507 1085 2559 ό
1119 2506 1279 2570 καλὸς
1305 2506 1548 2577 τεχνίτης
1577 2508 1609 2578 ή
1636 2508 1821 2582 ἀγάπη

256 2592 492 2657 εὐθέτως
517 2594 651 2664 πρὸς
672 2594 875 2665 ἄλληλα
900 2597 1299 2667 συναρμοζέτω.
1320 2597 1437 2651 Κᾶν
1456 2597 1692 2671 λουτρῶν
1708 2600 1825 2653 ἐπι-

257 2684 456 2755 θυμῇς,
488 2686 585 2739 ἐὰν
616 2685 793 2760 θέλῃς,
828 2686 971 2758 ἔχεις
1004 2689 1095 2742 καὶ
1124 2688 1342 2760 λουτρὸν
1374 2690 1824 2754 κατοικίδιον,καὶ

258 2777 521 2847 κρουνοὺς
552 2775 713 2839 ίδίους
740 2778 809 2831 δι’
838 2772 912 2831 ὦν
958 2778 1070 2832 ἔστι
1114 2780 1211 2843 τάς
1253 2780 1472 2851 κηλίδας
1518 2782 1621 2853 τῆς
1649 2783 1825 2854 ψυχῆς

258 2867 661 2937 ἀπονίψασθαι,
693 2862 737 2937 ᾧ
763 2871 1025 2941 ἐκέχρητο
1061 2872 1153 2924 καὶ
1189 2874 1217 2926 ό
1255 2872 1425 2943 μέγας
1462 2874 1663 2940 Δαϐὶδ,
1688 2876 1827 2929 κατά

258 2960 429 3014 νύκτα
458 2961 738 3032 ἐντρυφῶν
761 2961 839 3032 τῷ
860 2962 1083 3034 τοιούτῳ
1118 2964 1343 3035 λουτρῷ.
1383 2965 1611 3030 Στύλους
1645 2966 1702 3019 δὲ
1730 2966 1827 3038 τὴν

257 3053 354 3123 τῆς
381 3053 563 3122 ψυχῆς
597 3054 756 3107 στοὰν
789 3055 1189 3126 ὑπερείδοντας,
1215 3056 1288 3129 μὴ
1316 3057 1579 3128 Φρυγίους
1606 3057 1826 3128 τινάς,ἢ

260 3145 603 3216 πορφυρίτας
652 3148 1037 3218 περιεργάζου,
1067 3148 1201 3202 ἀλλά
1239 3149 1299 3202 τὸ
1341 3152 1399 3203 ἐν
1433 3151 1591 3204 παντὶ
1642 3150 1828 3221 ἀγαθῴ

263 3236 529 3307 στάσιμόν
562 3254 621 3291 τε
657 3238 750 3292 καὶ
776 3238 1171 3311 ἀμετακίνητον
1196 3240 1302 3293 τῶν
1340 3240 1539 3295 ύλικῶν
1569 3241 1711 3296 ἔστω
1745 3259 1827 3295 σοι

260 3331 465 3382 τούτων
510 3328 976 3399 καλλωπισμάτων
1024 3331 1459 3404 πολυτιμότερον.
1509 3333 1717 3387 Εἵδωλα
1772 3333 1829 3387 δὲ

263 3420 603 3483 παντοδαπὰ,
638 3421 671 3492 ἢ
699 3421 756 3474 ἐν
784 3423 1021 3492 γραφαῖς
1058 3422 1091 3494 ἢ
1119 3423 1177 3475 ἐν
1206 3423 1532 3495 πλάσμασιν,
1565 3425 1666 3478 ὅσα
1696 3425 1832 3495 πρὸς

267 3514 503 3583 μίμησιν
558 3512 657 3583 τῆς
699 3511 953 3584 ἀληθείας
994 3514 1060 3568 δι’
1110 3514 1322 3586 ἀπάτης
1363 3515 1745 3587 ἐπιτεχνῶνται
1784 3518 1830 3570 ot

264 3606 570 3675 ἄνθρωποι,
605 3607 647 3676 ἡ,
684 3605 906 3677 τοιαύτη
939 3607 999 3660 ού
1055 3607 1405 3678 καταδέχεται
1455 3610 1685 3680 οἴκησις,
1715 3604 1832 3683 ἐνῇ

264 3699 423 3768 γέμει
472 3697 543 3751 τά
593 3698 690 3768 τῆς
730 3698 987 3766 ἀληθείας
1030 3700 1340 3770 ἀγάλματα.
1385 3701 1625 3772 Δρόμους
1652 3702 1709 3755 δὲ
1739 3704 1834 3756 καὶ

268 3788 604 3858 περιπάτους
628 3788 930 3860 ἐπιθυμῶν,
950 3789 1049 3860 τὴν
1081 3791 1140 3842 ἐν
1160 3792 1277 3853 ταῖς
1306 3790 1542 3854 ἐντολαῖς
1587 3789 1728 3860 ἔχεις
1761 3790 1836 3843 δι-

270 3882 515 3951 αγωγήν.
539 3878 694 3933 Οὕτω
712 3879 820 3949 γάρ
840 3894 1001 3949 φησιν
1024 3880 1058 3948 ἠ
1080 3878 1270 3953 Σοφία,
1290 3879 1374 3931 Ἐν
1396 3879 1533 3942 ὁδοῖς
1573 3879 1843 3933 δικαιοσύ-

270 3988 364 4041 νης
386 3970 700 4038 περιπατῶ,
731 3968 947 4022 καὶάνά
977 3968 1140 4039 μέσον
1168 3969 1301 4022 ὁδῶν
1321 3969 1684 4042 δικαιώματος
1716 3972 1847 4026 ἀνα-

274 4060 606 4131 στρέφομαι.
632 4059 720 4122 Ὠς
741 4058 903 4111 καλόν
923 4060 1069 4111 ἐστιν
1093 4059 1153 4112 ἐν
1166 4056 1374 4121 τούτοις
1388 4058 1741 4114 διακινεζσθαι
1756 4060 1849 4113 καὶ

268 4151 729 4223 διαγυμνάζεσθαι
767 4152 862 4221 τὴν
897 4151 1092 4222 ψυχὴν,
1127 4152 1218 4205 καὶ
1266 4151 1541 4229 διελθόντα
1576 4154 1640 4225 τῇ
1683 4155 1836 4225 κινή-

273 4259 352 4295 σει
389 4242 483 4295 τὸν
529 4240 628 4310 τῆς
662 4240 879 4310 ἐντολῆς
910 4240 1095 4305 τόπον,
1118 4239 1209 4293 ἐπὶ
1249 4240 1309 4292 τὸ
1349 4239 1479 4293 αὐτὸ
1519 4241 1679 4294 πάλιν
1710 4243 1839 4296 ἀνα-

273 4335 529 4405 στρέφειν
558 4349 570 4363 ο
599 4332 862 4395 τουτέστι,
890 4330 1249 4401 πληρώσαντα
1273 4331 1372 4403 τὴν
1396 4332 1502 4383 τῶν
1551 4332 1840 4399 σπουδαζο-

274 4426 451 4496 μένων
480 4422 629 4493 αύτῷ
654 4421 891 4493 ἐντολὴν,
926 4421 1087 4475 πάλιν
1120 4421 1257 4493 πρὸς
1278 4422 1369 4475 τὸν
1396 4421 1641 4495 δεύτερόν
1664 4441 1721 4477 τε
1748 4425 1842 4478 καὶ

270 4517 452 4589 τρίτον
497 4516 531 4585 ἡ
562 4513 653 4567 τοῦ
685 4513 847 4584 ήθους
874 4514 1209 4586 κατόρθωσις
1252 4514 1347 4567 καὶ
1378 4516 1410 4585 ἡ
1462 4514 1838 4587 εὐσχημοσύνη

1920 2044 2152 2116 lapidem
2192 2045 2510 2115 pretiosum.
2559 2043 2714 2110 Quod
2758 2045 2805 2100 si
2849 2044 3012 2099 etiam
3056 2059 3122 2099 ex
3156 2051 3468 2099 transverso

1919 2138 1991 2194 sit
2032 2138 2214 2194 verbis
2248 2136 2645 2193 describendus
2678 2145 2927 2201 ornatus,
2978 2136 3103 2191 hinc
3134 2135 3469 2203 incorruptio

1918 2238 1974 2284 ct
2005 2229 2376 2299 impatibilitas
2412 2228 2632 2283 domum
2658 2229 2960 2293 incrustet;
2989 2228 3139 2282 illinc
3174 2227 3386 2296 justitia
3416 2236 3471 2281 et

1920 2320 2019 2375 im
2059 2336 2167 2375 non
2214 2335 2336 2376 esse
2383 2320 2675 2375 obnoxium
2729 2326 2887 2375 ornet
2934 2319 3346 2374 habitationem.
3389 2317 3465 2373 Ex

1919 2413 2089 2467 altera
2123 2421 2281 2482 parte
2334 2410 2679 2482 resplendeat
2729 2410 3015 2465 humilitas
3046 2416 3101 2465 et
3149 2410 3371 2475 lenitas,
3414 2416 3471 2465 et

1922 2518 2115 2559 rursus
2146 2518 2214 2557 ex
2248 2502 2353 2556 alia
2387 2502 2444 2556 in
2486 2499 2655 2557 Deum
2691 2500 2889 2571 pietas.
2919 2498 3045 2555 Haec
3078 2506 3263 2553 autem
3289 2498 3470 2554 omnia

1924 2592 2221 2665 praeclarus
2265 2591 2485 2657 artifex,
2532 2606 2728 2661 nempe
2760 2590 3025 2654 charitas,
3071 2597 3196 2660 apte
3228 2589 3374 2645 inter
3413 2605 3474 2644 se

1923 2689 2237 2759 coniungat.
2297 2679 2448 2749 Quod
2481 2681 2523 2736 si
2549 2682 2752 2737 lavacra
2776 2682 3066 2746 desideres,
3088 2695 3143 2740 et
3169 2685 3311 2740 domi
3345 2684 3472 2739 velis

1928 2778 2125 2835 habere
2162 2778 2449 2837 lavacrum,
2473 2780 2528 2827 et
2550 2775 2795 2845 proprios.
2818 2775 2998 2830 fontes
3028 2773 3315 2834 salientes,
3351 2774 3474 2843 qui.

1924 2867 2030 2923 bus
2075 2866 2271 2921 anima:
2314 2863 2541 2919 macula:
2564 2865 2777 2934 possint
2814 2863 2949 2928 elui,
3000 2862 3053 2916 id
3081 2872 3237 2934 potes
3273 2864 3476 2921 habere

1916 2975 2035 3032 quo
2067 2973 2204 3014 usus
2228 2963 2315 3013 est
2346 2970 2579 3027 magnus
2623 2953 2816 3017 David,
2852 2961 3027 3010 noctu
3053 2954 3108 3009 in
3153 2970 3220 3009 eo
3251 2957 3475 3012 lavacro

1912 3067 1989 3115 se
2036 3051 2344 3106 oblectans.
2376 3046 2673 3102 Columnas
2704 3055 2886 3102 autem
2926 3061 3046 3117 qua:
3079 3046 3273 3102 anima:
3308 3048 3475 3115 porti-

1928 3158 2053 3198 cum
2101 3141 2399 3204 sustinent,
2450 3154 2560 3193 non
2600 3136 2885 3209 Phrygias,
2935 3144 3031 3190 aut
3067 3134 3469 3209 porphyreticas

1930 3250 2189 3307 procura,
2244 3232 2338 3288 sed
2398 3230 2670 3287 stabilitas
2716 3237 2777 3284 et.
2824 3227 3185 3282 immobilitas
3223 3225 3279 3281 in
3328 3227 3478 3281 omni

1931 3330 2074 3384 bono
2121 3327 2195 3382 sit
2246 3324 2407 3394 longe
2460 3322 2750 3393 pretiosior
2795 3320 2881 3376 his
2923 3318 3261 3374 ornamentis
3316 3328 3486 3373 mate-

1930 3419 2106 3474 riatis.
2155 3415 2329 3472 Omne
2378 3428 2550 3485 genus
2597 3421 2777 3466 autem
2829 3409 3144 3473 simulacra,
3199 3424 3293 3464 seu
3342 3408 3480 3479 picta

1932 3527 2027 3567 seu
2053 3510 2350 3578 ﬁcta,quaa
2390 3506 2460 3560 ad
2493 3504 2857 3559 imitationem
2902 3501 3149 3556 veritatis
3190 3497 3474 3555 artificiose

1937 3601 2176 3657 fallendo
2229 3597 2480 3653 homines
2516 3593 2884 3656 fabricantur,
2929 3605 3045 3646 non
3086 3588 3331 3644 admittit
3373 3590 3486 3644 hac

1934 3689 2227 3753 habitatio,
2258 3688 2315 3743 in
2344 3701 2453 3758 qua
2482 3692 2611 3741 sunt
2641 3682 2813 3753 plena:
2837 3679 3098 3751 imagines
3123 3678 3392 3733 veritatis.
3425 3680 3480 3735 Si

1933 3798 2155 3840 cursum
2194 3789 2375 3837 autem
2404 3785 2459 3834 et
2489 3772 2983 3833 deambulationem
3016 3769 3328 3831 desideras,
3362 3782 3486 3821 ver-

1936 3876 2048 3933 sari
2073 3883 2127 3931 te
2155 3880 2373 3945 oportet
2401 3873 2455 3926 in
2484 3867 2789 3940 praeceptis.
2826 3866 2919 3921 Sic
2940 3864 3083 3920 enim
3108 3861 3243 3916 dicit
3264 3859 3487 3929 Sapien-

1937 3969 2037 4030 tia,
2064 3966 2125 4021 In
2162 3964 2268 4019 viis
2310 3961 2540 4032 justitize
2593 3958 2835 4025 ambulo,
2874 3963 2929 4011 et
2971 3967 3163 4009 versor
3219 3951 3274 4005 in
3308 3948 3489 4004 medio

1936 4061 2149 4117 viarum
2185 4051 2615 4127 justiﬁeationis.
2648 4048 2820 4116 Quam
2866 4045 3155 4117 pulchrum
3181 4050 3266 4099 est
3315 4042 3371 4095 in
3404 4040 3490 4095 his

1939 4149 2134 4223 agitari
2183 4156 2236 4203 et
2269 4144 2523 4201 exerceri.
2551 4141 2810 4203 animam,
2844 4149 2897 4194 et
2931 4153 3055 4192 cum
3105 4134 3358 4204 praecepti
3410 4133 3492 4186 lo-

1938 4258 2063 4299 cum
2114 4247 2265 4296 motu
2307 4234 2630 4307 pervaserit,
2694 4229 2885 4285 eodem
2932 4226 3135 4282 reverti
3181 4224 3335 4280 :hoc
3383 4232 3491 4289 est,

1939 4342 1999 4389 ut
2026 4348 2150 4388 cum
2182 4327 2487 4399 impleverit
2522 4324 2835 4379 mandatum
2868 4334 3056 4376 eorum
3093 4318 3157 4372 in-
3181 4331 3304 4386 quae
3331 4330 3490 4370 suum

1940 4424 2151 4483 confert
2181 4421 2440 4484 studium,
2477 4414 2722 4472 secundo
2754 4426 2948 4467 rursus
2994 4421 3047 4463 et
3087 4408 3246 4463 tertio
3275 4406 3495 4461 excola-

1940 4527 2031 4572 tur
2080 4530 2293 4569 morum
2340 4510 2586 4583 probitas
2640 4515 2694 4563 et
2735 4506 2860 4560 vitae
2902 4504 3183 4558 honestas.
3234 4498 3339 4565 Qui
3390 4498 3496 4552 hoc

271 4609 364 4663 τοῦ
399 4608 516 4678 βίου
546 4606 948 4671 καλλωπιζὲτω.
982 4607 1039 4660 Ὀ
1058 4607 1241 4662 τοῦτον
1264 4607 1353 4660 τὸν
1373 4608 1569 4679 τρόπον
1595 4607 1827 4672 ἐξασκῶκ

1940 4608 2101 4666 modo
2126 4608 2193 4663 ad
2227 4602 2688 4678 pulchritudinem
2727 4613 2884 4654 suum
2923 4604 3151 4651 exornat
3184 4592 3494 4656 aedilicium,

274 4703 351 4764 είς
375 4699 572 4761 κάλλος
605 4698 663 4751 τὸ
690 4697 1023 4767 οἰκοδόμημα
1053 4698 1113 4751 τὸ
1145 4698 1357 4761 ἑαυτοῦ,
1401 4698 1570 4769 μικρά
1601 4702 1839 4770 φροντιεῖ

272 4793 373 4862 τῆς
397 4792 594 4862 γηῖνης
615 4789 765 4857 ὕλης,
785 4791 883 4842 οὐκ
907 4790 1179 4861 ἐνοχλήσει
1209 4791 1486 4859 μετάλλοις
1507 4791 1605 4844 οὐκ
1648 4791 1839 4844 Ίνδικά

276 4883 505 4956 πράσει
548 4881 777 4951 πελάγη,
809 4882 895 4934 ἵνα
921 4881 988 4933 τά
1031 4882 1136 4934 τῶν
1179 4881 1477 4950 ἐλεφάντων
1514 4881 1647 4935 ὀστᾶ
1671 4883 1838 4951 ὲμπο-

278 4975 561 5047 ρεύσηται,
592 4972 651 5025 ού
682 4972 933 5044 τεχνιτῶν
959 4973 1300 5044 περιεργείας
1331 4973 1679 5045 μισθώσεται,
1705 4969 1777 5029 ὧν
1805 4978 1837 5046 ὴ

276 5070 438 5137 τέχνη
485 5060 999 5137 προσαπτομένητῇ
1049 5064 1149 5138 ὕλῃ
1175 5082 1188 5096 ο
1226 5064 1339 5117 ἀλλ’
1364 5065 1571 5119 οἴκοθεν
1615 5067 1838 5136 ἔχειτὸν

280 5158 512 5211 πλοῦτον
538 5155 628 5208 τὸν
660 5158 779 5218 ταῖς
802 5155 1072 5218 τοιαύταις
1111 5159 1471 5220 κατασκευαῖς
1510 5158 1843 5228 χορηγοῦντα

280 5252 377 5315 τὰς
408 5250 561 5313 ὔλας.

351 5343 473 5405 Τοῖς
502 5342 598 5411 μὲν
617 5342 724 5413 γάρ
740 5340 985 5395 εύνουστέ
996 5358 1105 5412 ροις
1122 5340 1228 5394 τῶν
1256 5339 1479 5403 παίδων,
1515 5341 1665 5394 ἐλέου
1694 5341 1842 5407 ἄξιον

282 5434 540 5504 ἐνομίσθη
569 5432 629 5485 τὸ
671 5434 1071 5504 ἀσχημάτιστον
1100 5450 1115 5464 ·
1150 5432 1226 5504 τῷ
1256 5433 1312 5486 δὲ
1343 5432 1627 5505 ἀτασθάλῳ
1652 5451 1711 5486 τε
1751 5436 1844 5489 καὶ

282 5526 609 5594 ἀπαιδεύτῳ,
640 5524 870 5593 γέλωτος
913 5525 1166 5597 ἀφορμὴ,
1190 5525 1249 5577 τὸ
1296 5527 1393 5596 τῆς
1430 5525 1596 5597 μέθης
1640 5526 1847 5594 γίνεται

284 5618 482 5689 θέαμα.
502 5616 676 5672 Πολὺν
699 5616 754 5669 δὲ
783 5634 849 5669 πε
859 5617 1169 5688 ριλαμόάνει
1198 5617 1529 5688 παθημάτων
1553 5617 1847 5686 κατάλογον

285 5711 321 5779 ἡ
352 5711 449 5779 τῆς
484 5707 593 5758 τῶν
642 5706 975 5776 ἀμπελώνων
1020 5708 1239 5777 φυτείας
1271 5708 1669 5779 ἐξομολόγησις.
1705 5709 1847 5763 Ὀσα

359 5884 403 5916 ⁶⁹
442 5880 581 5937 Gen.
614 5897 689 5946 Ix,
724 5880 793 5934 22
821 5896 937 5951 sqq.

1945 4718 2135 4775 parum
2192 4698 2408 4754 curabit
2469 4706 2743 4749 terrenam
2804 4688 3124 4751 materiam,
3187 4699 3298 4737 non
3346 4681 3499 4737 dabit

1944 4808 2166 4867 operam
2198 4786 2471 4845 fodiendis
2512 4783 2769 4846 metallis,
2800 4795 2910 4834 non
2953 4777 3139 4831 Indica
3162 4775 3498 4867 transmittet

1944 4866 2143 4951 maria,
2181 4892 2243 4937 ut
2274 4890 2421 4936 emat
2451 4892 2579 4933 ossa
2607 4875 3039 4945 elephantorum,
3072 4884 3179 4925 non
3204 4866 3497 4921 artiﬁcium

1944 4987 2417 5048 supervacaneum
2475 4977 2529 5025 et
2576 4967 2869 5023 curiosum~
2910 4961 3177 5017 conducet
3226 4958 3498 5019 laborem,

1944 5083 2180 5142 quorum
2211 5081 2302 5121 ars
2326 5070 2411 5119 est
2438 5061 2696 5131 adjuncta
2728 5056 2969 5112 materiae
2995 5070 3008 5106 :
3042 5051 3136 5109 sed
3167 5050 3310 5105 domi
3334 5048 3500 5102 habet

1945 5178 2098 5235 opes.
2146 5173 2277 5231 quae
2302 5152 2617 5224 hujusmodi
2647 5149 2944 5207 structuris
2989 5142 3339 5215 suppeditant
3379 5153 3499 5193 ma-

1944 5256 2156 5310 teriam.

2017 5343 2134 5397 Filii
2174 5340 2317 5395 enim
2355 5338 2446 5409 qui
2487 5342 2641 5390 erant
2671 5331 2830 5403 paulo
2867 5323 3354 5384 benevolentiores,
3394 5318 3498 5371 mi-

1949 5432 2245 5491 sericordia
2275 5431 2496 5500 dignum
2532 5432 2882 5489 censuerunt,
2915 5420 3059 5491 quod
3087 5432 3145 5471 se
3173 5424 3384 5485 gereret
3413 5411 3497 5465 in—

1953 5527 2147 5581 decore
2167 5524 2212 5555 “
2242 5541 2258 5587 ;
2290 5522 2490 5577 stultus
2520 5526 2698 5572 autem
2728 5522 2782 5568 et
2822 5511 3062 5566 insolens
3090 5521 3155 5560 ex
3191 5502 3500 5572 spectaculo

1954 5613 2232 5670 ebrietatis
2284 5609 2518 5681 sumpsit
2580 5603 2924 5661 occasionem
2979 5597 3145 5651 risus.
3248 5590 3501 5681 Magnum

1952 5718 2130 5765 autem
2155 5680 2496 5760 all'ectionum
2536 5696 2839 5766 catalogum
2876 5682 3286 5758 comprehendit
3319 5680 3501 5735 vinca-
