3986 6476
536 489 642 549 σεο

1720 484 1778 542 S.
1825 483 2144 543 GREGORII
2182 478 2467 536 NYSSENI

3662 470 3765 528 660

538 616 659 656 rum
707 599 1055 671 plantationis
1102 599 1393 655 confessio.
1448 599 1578 666 Qua:
1609 601 1754 657 enim
1796 609 1852 657 et
1900 601 2087 671 quales

2196 597 2295 668 γάρ
2322 597 2417 650 καὶ
2447 591 2536 649 οἷά
2568 593 2683 646 ἐστι
2732 589 2799 644 τὰ
2827 590 2922 643 τοῦ
2970 588 3109 642 οίνου
3152 587 3556 659 ἀποτελούμενα
3588 589 3762 659 πάθη,

541 699 669 745 sunt
697 705 815 759 qua:
844 705 872 741 a
897 690 1022 743 vino
1051 689 1187 743 [lunt
1217 690 1547 756 aﬂ‘ectiones,
1578 706 1671 747 eas
1699 706 1888 747 omnes
1916 691 2092 745 oratio

544 788 807 849 potestate
833 780 1228 849 complectitur.
1266 781 1400 847 Quis
1432 781 1576 836 enim
1616 796 1683 836 ex
1708 782 1963 837 omnibus
1997 798 2093 835 ne-

543 871 665 932 scit,
697 869 839 940 quod
868 869 1075 937 vinum,
1122 873 1341 941 quando
1402 871 1753 927 immoderate
1817 880 2089 943 sumptum

541 960 751 1014 excedit
783 974 961 1027 usum,
1010 970 1095 1016 est
1133 959 1307 1016 fomes
1354 962 1802 1033 intemperantiae,
1839 964 2093 1033 suppedi-

541 1061 620 1105 tat
650 1053 970 1121 voluptates,
998 1062 1081 1108 est
1130 1054 1400 1123 pernicies
1447 1055 1770 1125 juventutis,
1831 1056 2093 1125 probrum

547 1144 871 1210 senectutis,
902 1144 1138 1201 dedecus
1189 1146 1499 1211 mulierum,
1557 1146 1785 1201 insania:
1839 1146 2093 1216 pharma-

540 1250 687 1297 cum,
718 1235 1017 1290 insolentia;
1044 1246 1097 1290 et
1124 1237 1433 1306 petulantiae
1462 1237 1745 1301 viaticum,
1781 1238 1973 1291 anima:
2002 1252 2095 1291 ve-

538 1341 762 1391 nenum,
803 1326 999 1383 mentis
1031 1328 1303 1395 interitus,
1332 1330 1555 1385 virtutis
1586 1328 1883 1383 alienatio?
1906 1327 1981 1381 Ex
2004 1328 2095 1382 illo

540 1428 625 1474 est
661 1420 806 1474 risus
837 1420 1042 1491 absque
1065 1422 1171 1475 ulla
1201 1422 1507 1488 occasione,
1547 1422 1724 1476 luctus
1753 1422 1873 1476 sine
1902 1436 2090 1486 causa,

542 1522 855 1581 spontanee
902 1513 1188 1583 lacrymae,
1241 1529 1362 1583 qua:
1417 1514 1726 1569 consistere
1754 1528 1863 1569 non
1920 1520 2096 1584 potest

537 1603 821 1671 jactantia,
845 1603 900 1658 in
931 1604 1214 1659 mendacio
1244 1604 1595 1674 impudentia,
1626 1620 1814 1661 eorum
1847 1621 1966 1675 qua:
1993 1605 2097 1658 mi-

544 1695 689 1750 nime
723 1710 845 1751 esse
900 1697 1111 1765 possint
1161 1696 1521 1761 desiderium,
1572 1712 1697 1767 spes
1748 1712 1934 1752 eorum
1976 1711 2096 1767 quae

546 1794 818 1856 nequeunt
864 1788 973 1843 ulla
1019 1788 1131 1843 fieri
1181 1790 1410 1851 ratione,
1454 1788 1614 1843 minae
1660 1789 1823 1845 nimis
1856 1788 2094 1853 tumidae,

546 1889 722 1935 metus
778 1895 973 1950 expers
1040 1880 1290 1947 rationis,
1346 1880 1567 1935 minime
1626 1880 1829 1935 sentire
1881 1895 1943 1935 ea
1977 1895 2096 1950 quae

2193 690 2369 743 πάντα
2396 688 2461 759 τῇ
2500 685 2724 756 δυνάμει
2751 682 2991 752 περιέχει
3015 683 3043 734 6
3068 680 3242 750 λόγος.
3275 681 3372 745 Τίς
3404 681 3513 753 γὰρ
3533 681 3635 734 οὑκ
3657 676 3762 735 οἶδε

2190 782 2298 835 τῶν
2332 780 2569 843 πάντων,
2600 778 2681 832 ὅτι
2727 770 2887 839 οἶνος,
2916 776 3043 829 ὅταν
3069 770 3269 843 παρῄει
3296 778 3362 847 τῇ
3392 773 3633 846 ἀμετρίᾳ
3666 774 3765 847 τὴν

2191 873 2399 943 χρείαν,
2426 870 2718 931 ἀκολασίας
2742 867 2888 920 ἐστὶν
2911 865 3263 936 ὑπέκκαυμα,
3283 865 3482 936 ἡδονῶν
3506 866 3761 937 χορηγία,

2191 964 2439 1034 νεότητος
2469 960 2636 1031 λύμη,
2674 960 2859 1029 γήρως
2911 956 3264 1029 ἀσχημοσύνη
3285 1000 3300 1022 ,
3331 957 3605 1025 γυναικῶν
3649 959 3764 1012 ἀτι-

2196 1056 2311 1128 μία,
2369 1053 2563 1126 μανίας
2620 1053 2929 1123 φάρμακον,
2979 1048 3265 1121 παροινίας
3313 1048 3764 1120 ἐῴδιον,ψυχῆς

2192 1147 2532 1217 δηλητήριον,
2556 1142 2791 1206 διανοίας
2836 1142 3119 1214 νέκρωσις,
3150 1142 3349 1213 ἀρετῆς
3378 1140 3761 1211 ἀλλοτρίωσιςς

2204 1239 2441 1292 Ἐκεῖθεν
2460 1239 2488 1290 6
2505 1237 2905 1308 ἀπροφάσιστος
2926 1234 3115 1303 γέλως,
3134 1236 3163 1286 6
3180 1234 3308 1288 ἀνευ
3344 1234 3521 1297 αἰτίας
3545 1233 3762 1308 θρῆνος,

2196 1331 2257 1385 τό
2312 1330 2611 1401 αὐτόματον
2641 1328 2870 1398 δάκρυον
2890 1370 2904 1393 ,
2932 1329 2966 1398 ἠ
3009 1326 3372 1390 ἀνυπόστατος
3407 1326 3764 1398 μεγαλαυχία,

2194 1423 2228 1493 ἠ
2259 1422 2349 1474 ἐπὶ
2376 1420 2453 1491 τῷ
2496 1419 2679 1490 ψεύδει
2726 1418 3105 1488 ἀναισχυντία.
3148 1420 3182 1489 ἡ
3233 1418 3339 1471 τῶν
3396 1418 3759 1491 ἀνυπάρκτων

2196 1509 2479 1577 ἐπιθυμία,
2502 1510 2536 1579 η
2564 1507 2669 1561 τῶν
2701 1507 2996 1578 ἀμηχάνων
3028 1506 3256 1577 ἐλπὶς,ή
3288 1506 3597 1578 ὑπέρογκος
3618 1508 3768 1561 ἀπει-

2194 1600 2282 1672 λὴ,
2314 1602 2343 1654 ό
2378 1599 2569 1668 ἄλογος
2598 1597 2781 1667 φόϐος,
2815 1600 2848 1669 ἡ
2881 1598 2987 1651 τῶν
3036 1597 3177 1651 κατά
3232 1598 3484 1671 ἀλήθειαν
3520 1599 3768 1672 φοϐερῶν

2195 1691 2534 1762 ἀναισθησία,
2569 1691 2602 1760 ἡ
2641 1690 2876 1753 ἀναίτιος
2923 1689 3148 1759 ὑποψία,
3182 1690 3216 1760 ἡ
3245 1690 3553 1761 παράλογος
3576 1692 3766 1761 φιλαν-

2197 1783 2433 1855 θρωπία,
2460 1783 2495 1854 ἡ
2538 1781 2646 1835 τῶν
2679 1780 2954 1835 ἀδυνάτων
3004 1780 3301 1850 ἐπαγγελία
3329 1798 3343 1813 ο
3380 1783 3467 1835 ἵνα
3500 1783 3768 1855 παρῶμεν

2195 1875 2262 1927 τά
2287 1873 2440 1936 ἄλλα,
2474 1873 2561 1925 τὸν
2589 1873 2807 1944 ἀπρεπῆ
2837 1870 3141 1942 νυσταγμδν
3162 1913 3177 1937 ,
3207 1871 3304 1943 τὴν
3336 1873 3573 1945 πάρετον
3606 1890 3771 1945 καρη-

543 1978 673 2023 sunt
703 1987 823 2025 vere
856 1971 1237 2036 formidabilis,
1270 1971 1513 2039 suspicio
1554 1971 1865 2037 temeraria,
1898 1971 2092 2025 huma-

2197 1964 2411 2036 ϐαρίαν,
2438 1963 2534 2034 τὴν
2553 1965 2617 2017 ἐκ
2643 1967 2741 2035 τῆς
2770 1964 3009 2035 ἀμέτρου
3034 1962 3324 2035 πληθώρας
3354 1965 3767 2038 ἀσχημοσύνην,

545 2063 687 2119 nitas
732 2064 931 2119 rationi
989 2081 1331 2136 nequaquam
1381 2072 1768 2128 consentanea,
1805 2063 2096 2132 promissio

542 2169 727 2209 eorum
750 2172 869 2226 qua:
893 2158 1006 2212 fieri
1037 2156 1344 2226 nequeunt:
1378 2164 1435 2210 ut
1459 2156 1564 2209 alia
1591 2154 2093 2225 prmtermittamus,

542 2247 859 2303 indecoram
911 2248 1391 2310 dormitatiouem,
1431 2245 1753 2302 dissolutam
1811 2244 2096 2316 crapulam

542 2348 706 2408 caput
768 2347 1110 2410 gravantem,
1165 2353 1229 2392 ex
1288 2336 1578 2392 immodica
1627 2336 1925 2406 repletioue
1976 2346 2095 2391 tur-

543 2430 861 2503 pitudinem,
890 2429 1296 2486 dissolutionem
1326 2427 1705 2491 articulorum,
1730 2427 1853 2482 colli
1877 2435 2096 2482 contor-

542 2522 776 2586 sionem,
829 2520 974 2591 quod
1038 2534 1097 2575 se
1129 2534 1237 2573 non
1300 2525 1480 2589 potest
1535 2518 1769 2588 amplius
1825 2519 2097 2574 sustinere

544 2627 710 2682 super
749 2613 1021 2674 humeros,
1049 2610 1158 2663 vini
1190 2609 1419 2664 humore
1443 2608 1569 2664 colli
1610 2608 1961 2679 ligamentum
2006 2624 2095 2665 re-

545 2700 955 2767 solvenle.Quid
977 2699 1245 2766 nefarium
1263 2699 1594 2771 perpetravit
1624 2697 1887 2771 ﬂagitium
1918 2700 2098 2757 coitus

542 2808 667 2847 eum
704 2792 854 2847 tilia?
878 2790 1019 2857 Quid
1055 2791 1108 2846 in
1152 2791 1220 2846 iis
1248 2805 1369 2861 qua)
1412 2790 1612 2846 ﬂebant
1635 2789 1740 2846 Lot
1776 2792 1914 2847 laesit
1948 2808 2098 2849 men-

542 2894 650 2940 tem
674 2886 739 2945 ".
776 2890 833 2937 ut
866 2883 959 2953 qui
1005 2892 1059 2937 et
1104 2880 1367 2953 ﬂagitium
1426 2884 1837 2953 perpetraverit,
1870 2884 2097 2956 etquod

545 2976 871 3046 perpetravit
900 2975 1229 3046 ignoraverit
1266 2975 1290 3028 ?
1335 2974 1474 3040 Quid
1505 2975 1736 3030 alienam
1774 2976 1989 3032 illorum
2030 2979 2097 3031 li-

543 3069 739 3123 liorum
774 3066 1189 3137 appellationem
1224 3066 1508 3120 innovavit
1540 3074 1801 3136 tanquam
1846 3066 1899 3122 in
1929 3068 2099 3138 aenig-

542 3160 724 3215 mate?
756 3158 1040 3226 Quomodo
1077 3157 1326 3214 scelerati
1363 3165 1552 3228 partus
1594 3165 1819 3224 matres,
1875 3157 2098 3213 fuerunt

542 3265 759 3306 sorores
786 3265 1010 3306 suorum
1041 3248 1317 3305 ﬁliorum?
1348 3247 1633 3315 Quomodo
1698 3249 1793 3303 lilii
1847 3250 2095 3305 eumdem

543 3342 705 3396 simul
745 3340 1016 3396 habebant
1043 3348 1097 3395 et
1129 3347 1339 3411 patrem
1358 3307 1418 3395 et
1446 3340 1649 3393 avum?
1672 3339 1814 3406 Quid
1839 3348 1924 3396 est
1952 3341 2096 3411 quod
2122 3307 2165 3366 θ

544 3432 795 3487 confudit
825 3441 1075 3488 naturam
1098 3433 1151 3486 in
1175 3430 1383 3487 nefario
1407 3432 1653 3487 scelere?
1673 3433 1755 3487 An
1776 3448 1886 3488 non
1909 3434 2096 3488 vinum

544 3523 703 3592 quod:
722 3523 940 3577 modum
968 3522 1226 3586 excessit,
1253 3521 1394 3575 hanc
1419 3522 1505 3576 cui
1544 3521 1675 3577 fides
1704 3538 1813 3577 non
1842 3523 2096 3589 habetur,

546 3615 754 3669 invexit
801 3613 1172 3683 tragusdiam?
1198 3614 1315 3669 Non
1370 3616 1607 3671 ebrietas
1658 3615 1905 3671 historiae
1936 3617 2095 3671 talem

546 3707 767 3760 annexit
824 3704 1082 3771 fabulam,
1129 3720 1251 3776 quae
1285 3721 1386 3761 suo
1417 3721 1645 3762 excessu
1713 3722 1872 3762 veras
1932 3707 2096 3763 etiam

545 3801 766 3864 superat
796 3793 1050 3849 fabulas?
1094 3791 1263 3848 Suum
1291 3794 1461 3859 enim,
1500 3794 1699 3864 inquit,
1744 3803 1954 3866 patrem
2000 3811 2098 3867 po-

545 3894 732 3940 tarunt
758 3886 901 3941 vino.
936 3884 999 3940 Et
1023 3884 1103 3940 sic
1134 3892 1312 3941 mente
1352 3886 1401 3941 ei
1446 3886 1571 3941 vino
1624 3886 1934 3955 deturbata,
1980 3897 2099 3942 tan-

542 3994 705 4050 quam
732 3978 824 4048 qui
856 3977 1031 4048 magia
1100 3978 1280 4048 aliqua
1320 3986 1467 4033 esset
1524 3978 1892 4043 dementatus,
1957 3979 2099 4035 hanc

543 4069 744 4124 mundo
771 4069 1028 4139 tragicam
1059 4068 1279 4138 reliquit
1309 4069 1707 4133 narrationem,
1742 4078 1803 4124 ut
1827 4069 1917 4124 cui
1945 4077 2086 4125 tem-

542 4176 673 4232 pore
703 4161 992 4231 perpetrati
1017 4158 1203 4229 ﬂagitii
1231 4160 1300 4215 ab
1328 4160 1593 4217 ebrietate
1625 4160 1771 4217 furto
1809 4162 2098 4232 subreptus

543 4254 705 4307 fuerit
738 4268 954 4308 sensus.
987 4251 1031 4307 O
1058 4267 1221 4322 quam
1256 4252 1396 4308 male
1424 4254 1681 4309 mulieres
1711 4254 1841 4321 illaa,
1876 4270 1939 4310 ex
1967 4270 2100 4309 con-

541 4345 727 4401 ditivis
762 4342 1163 4399 Sodomitarum
1190 4345 1349 4410 cibis,
1381 4359 1565 4399 secum
1603 4346 1790 4400 vinum
1818 4347 2093 4402 tulerunt!

542 4436 588 4492 0
622 4452 783 4507 quam
815 4437 1015 4491 malum
1062 4437 1317 4491 amicitia:
1363 4438 1596 4492 indicem
1627 4446 1812 4508 potum
1858 4454 1926 4493 ex
1957 4441 2100 4494 malo

544 4538 754 4584 cratere
803 4529 939 4598 patri
990 4542 1091 4582 suo
1148 4528 1474 4583 infuderunt
1505 4530 1519 4582 ἰ
1556 4528 1731 4595 Quam
1790 4530 1948 4600 longe
1980 4540 2099 4586 erat

544 4624 740 4677 melius
772 4637 894 4676 cum
923 4621 1177 4676 omnibus
1217 4621 1349 4676 illud
1407 4636 1624 4693 quoque
1656 4622 1842 4676 vinum
1878 4622 2100 4677 interire

546 4712 818 4777 Sodomis,
877 4714 1194 4785 priusquam
1247 4714 1407 4768 talem
1467 4712 1834 4783 suppeditaret
1894 4724 2099 4785 tragm-

542 4807 684 4863 diam
710 4808 725 4860 ἰ
763 4808 895 4862 Cum
927 4808 1036 4862 sint
1058 4816 1236 4862 autem
1264 4807 1582 4876 huiusmodi
1611 4808 1881 4876 exempla,
1911 4816 1964 4863 et
1989 4816 2097 4863 tam

545 4901 711 4954 multa
742 4902 882 4954 mala
912 4899 1154 4970 quotidie
1199 4898 1253 4952 in
1285 4898 1393 4951 vita
1422 4913 1487 4953 ex
1532 4898 1660 4952 vino
1691 4898 1962 4963 oriantur,
2000 4900 2101 4954 hoc

2198 2058 2296 2127 τὴν
2323 2057 2429 2109 τῶν
2470 2055 2685 2127 ἄρθρων
2738 2056 2889 2110 λύσιν
2917 2098 2932 2122 ,
2963 2056 3054 2111 τὸν
3091 2056 3351 2128 λυγισμδν
3390 2058 3483 2112 τοῦ
3523 2059 3765 2129 αὐχένος,

2199 2150 2378 2204 ούκέτι
2411 2149 2598 2202 ἐαυτὸν
2632 2148 2724 2202 ἐπὶ
2763 2148 2869 2202 τῶν
2896 2148 3060 2219 ῶμων
3097 2149 3401 2221 ἀνέχοντος,
3433 2150 3533 2219 τῆς
3564 2152 3631 2202 ἐκ
3678 2150 3767 2203 τοῦ

2199 2249 2340 2301 οἴνου
2367 2246 2661 2317 ὑγρότητος
2689 2245 2779 2298 τὸν
2808 2244 3098 2315 σύνδεσμον
3134 2244 3225 2298 τοῦ
3254 2243 3477 2314 αὐχένος
3506 2244 3769 2298 ὑπολυούο

2200 2357 2323 2412 σης,
2359 2339 2425 2392 Τί
2462 2339 2522 2392 τὸ
2550 2338 2862 2408 παράνομον
2890 2338 3021 2406 ἀγος
3060 2336 3156 2407 τῆς
3202 2334 3629 2407 θυγατρομιξίας
3661 2337 3769 2405 εἰρ-

2198 2433 2402 2501 γάσατο
2423 2447 2437 2496 ;
2461 2431 2513 2483 τί
2542 2432 2641 2502 τὴν
2676 2429 2910 2483 διάνοιαν
2937 2429 3029 2483 τοῦ
3046 2428 3169 2483 Λὼτ
3197 2427 3304 2481 ἀπὸ
3335 2427 3447 2481 τῶν
3470 2428 3769 2498 γινομένων

2198 2519 2502 2590 ἐξέκλεψεν,
2520 2520 2578 2583 ὃς
2624 2520 2717 2573 καί
2755 2520 2816 2572 :6
2863 2520 2989 2588 ἄγος
3038 2518 3321 2590 ἐτόλμησε,
3367 2518 3463 2573 καί⁵
3504 2519 3769 2588 ἠγνόησεν

2197 2616 2333 2683 ὅπερ
2362 2612 2684 2683 ἐτόλμησεν;
2710 2611 2794 2675 τίς
2834 2611 3022 2681 ῶσπερ
3054 2612 3112 2663 ἐν
3165 2610 3445 2681 αἰνίγματι
3480 2609 3581 2681 τὴν
3620 2610 3770 2662 ἀλλό-

2198 2721 2353 2759 κοτον
2380 2705 2487 2758 τῶν
2518 2704 2723 2757 τέκνων
2756 2704 2977 2757 ἐκείνων
3024 2704 3393 2775 προσηγορίαν
3417 2702 3770 2773 ἐκαινοτόμη-

2200 2813 2319 2863 σεν;
2350 2796 2467 2860 πῶς
2490 2796 2546 2849 αἰ
2570 2795 2659 2849 τοῦ
2688 2796 2912 2864 ἐναγοῦς
2948 2796 3108 2849 τόκου
3141 2795 3373 2866 μητέρες
3402 2793 3633 2861 ἀδελφαὶ
3660 2794 3769 2846 τῶν

2202 2882 2347 2937 ἰδίων
2367 2883 2570 2937 τέκνων
2604 2882 2853 2951 ἐγένοντο
2870 2901 2883 2949 ;
2900 2884 3014 2947 πῶς
3036 2885 3086 2936 οἰ
3112 2884 3298 2947 παῖδες
3322 2883 3413 2936 τὸν
3433 2883 3596 2936 αὑτὸν
3615 2884 3771 2953 ἔσχον

2201 2972 2409 3043 πατέρα
2430 2990 2486 3026 τε
2504 2972 2636 3043 όμοῦ
2656 2972 2751 3026 καὶ
2781 2974 3099 3046 προπάτορα
3116 2974 3261 3039 ;τίςό
3278 2974 3508 3044 συγχέας
3526 2976 3585 3026 ἐν
3603 2991 3771 3045 παρα·

2205 3062 2370 3133 νομίᾳ
2397 3064 2495 3134 τὴν
2542 3063 2742 3132 φύσιν;
2788 3064 2889 3117 οὐκ
2935 3060 3076 3128 οἶνος
3147 3064 3314 3128 ἐκϐὰς
3352 3065 3421 3117 τά
3464 3065 3640 3135 μέτρα
3671 3066 3771 3136 τὴν

2198 3152 2601 3224 ἀπιστουμένην
2626 3154 2828 3226 ταύτην
2844 3155 3150 3227 τραγῳδίαν
3176 3158 3525 3227 εἰσήνεγκεν;
3549 3158 3609 3210 οὐ
3632 3158 3771 3227 μέθη

2196 3243 2286 3297 τὸν
2318 3244 2555 3300 τοιοῦτον
2597 3246 2760 3317 μύθον
2791 3248 2887 3317 τῆς
2910 3246 3147 3319 ἰστορίας
3177 3248 3522 3313 συνέπλεξεν,
3553 3248 3614 3312 ὃς
3651 3251 3769 3311 ταῖς

2199 3335 2518 3407 ὑπερὼλαῖς
2539 3339 2631 3390 καὶ
2648 3339 2772 3402 τοὺς
2795 3336 2961 3401 ὅντως
2986 3338 3187 3410 μύθους
3208 3340 3575 3410 παρέρχεται;
3610 3341 3768 3393 Ἐπό-

2196 3444 2348 3479 τισαν
2375 3427 2501 3497 γὰρ,
2533 3430 2712 3499 φησὶν,
2727 3426 2864 3482 οἶνον
2881 3430 2970 3483 τὸν
2999 3429 3201 3483 ἐαυτῶν
3222 3430 3430 3502 πατέρα
3455 3449 3469 3461 ο
3490 3431 3586 3484 καὶ
3602 3430 3771 3495 οὕτως

2198 3519 2344 3590 αὐτῷ
2389 3521 2484 3591 τῆς
2518 3522 2751 3586 διανοίας
2780 3522 3105 3593 ἐξωσθείσης
3138 3523 3243 3575 ἀπὸ
3267 3522 3361 3577 τοῦ
3415 3526 3583 3587 οίνου,
3613 3527 3775 3581 καθά-

2196 3627 2303 3683 περ
2340 3613 2511 3684 μαγίᾳ
2547 3613 2653 3665 ’ἐινί⁸
2692 3613 3051 3683 κατεχόμενος
3087 3612 3149 3665 τὸ
3191 3614 3452 3684 τραγικὸν
3497 3615 3654 3668 τοῦτο
3690 3616 3768 3668 δι-

2196 3707 2387 3777 ήγημα
2409 3706 2486 3777 τῷ
2520 3704 2617 3775 βίῳ
2646 3705 3335 3776 κατέλιπεν,ἐκκλαπείσης
3368 3706 3521 3776 παρὰ
3555 3709 3645 3761 τὸν
3676 3707 3773 3761 τοῦ

2196 3798 2359 3865 ἄγους
2391 3797 2580 3868 καιρὸν
2622 3796 2726 3849 ὑπὸ
2765 3797 2862 3867 τῆς
2915 3796 3084 3869 μέθης
3112 3797 3258 3869 αύτῷ
3286 3802 3383 3870 τῆς
3432 3799 3761 3871 αἰσθήσεως.

2198 3890 2266 3942 ’Ὠ
2303 3888 2487 3953 κακῶς
2538 3888 2645 3941 τῶν
2702 3890 3062 3961 Σοδομιτικῶν
3108 3891 3386 3945 ἀποθέτων
3428 3893 3485 3944 αἰ
3517 3895 3771 3960 γυναῖκες

2197 3984 2401 4037 ἐκεῖναι
2432 3980 2549 4051 μεθ’
2574 3980 2780 4034 ἑαυτῶν
2802 3982 2891 4035 τὸν
2916 3978 3056 4036 οἶνον
3077 3984 3441 4054 ἐκκομίσασαι
3467 3984 3481 4037 ἰ
3508 3981 3555 4036 ῶ
3596 3985 3770 4052 κακὴν

2198 4062 2514 4146 φιλοτησίαν
2543 4076 2606 4129 ἐκ
2638 4076 2873 4147 πονηροῦ
2923 4081 3197 4149 κρατῆρος
3228 4077 3304 4147 τῷ
3340 4079 3513 4151 πατρὶ
3567 4094 3772 4150 παρεγ-

2198 4167 2421 4237 χέασαιί
2447 4169 2533 4231 Ὠς
2554 4165 2686 4220 πολύ
2712 4184 2767 4219 τε
2793 4168 3011 4238 ἀμεινον
3023 4166 3088 4239 ἦν
3114 4169 3251 4240 μετά
3283 4170 3499 4223 πάντων
3520 4171 3773 4223 κάκεῖνον

2196 4260 2287 4314 τὸν
2305 4255 2443 4313 οἶνον
2459 4261 2517 4312 ἐν
2536 4261 2786 4332 Σοδόμοις
2806 4260 3233 4333 καταφθαρῆναι.
3252 4263 3378 4333 πρὶν
3392 4262 3495 4332 τῆς
3514 4262 3771 4331 τοιαύτης

2196 4351 2501 4423 τραγῳδίας
2555 4352 2789 4425 χορηγὸν
2836 4352 3122 4421 γενέσθαιί
3159 4353 3270 4405 Καὶ
3314 4353 3573 4408 τοιούτων
3604 4354 3773 4405 ὄντων

2199 4444 2604 4515 ὑποδειγμάτων
2624 4446 2716 4498 καὶ
2742 4445 3007 4499 τοσούτων
3033 4445 3399 4517 καθ’ἑκάστην
3427 4447 3641 4517 ἡμέραν
3663 4445 3773 4497 τῶν

2197 4536 2262 4588 ἐκ
2303 4536 2396 4589 τοῦ
2434 4536 2575 4588 οίνου
2614 4536 2801 4591 κακῶν
2833 4535 2910 4607 τῷ
2941 4537 3058 4608 βίῳ,
3096 4540 3189 4592 καὶ
3216 4538 3374 4593 τοῦτο
3410 4538 3773 4609 πεποιηκέναι

2134 4664 2176 4718 D
2205 4627 2439 4718 (pqa‘tvh6
2484 4627 2920 4697 ἀνεπαισχύντως
2970 4628 3057 4681 διὰ
3100 4632 3198 4700 τῆς
3252 4629 3655 4700 ἐξαγορεύσεως
3705 4626 3776 4680 τι

2204 4716 2399 4772 ἑαυτοῦ
2424 4719 2773 4789 στηλιτεύων,
2805 4721 2865 4773 τδ
2910 4720 2986 4792 μὴ
3030 4722 3189 4792 μόνον
3219 4722 3296 4792 τῷ
3321 4723 3434 4775 δντι
3471 4721 3773 4792 κεχρῆσθαι

2203 4810 2348 4880 οἴνῳ,
2376 4809 2489 4863 ἀλλ’
2529 4812 2675 4873 ὅπως
2716 4810 2781 4863 ἂν
2817 4812 2909 4864 καὶ
2935 4811 3275 4865 πλεονάσειεν
3311 4814 3348 4882 ἡ
3389 4811 3484 4865 τοῦ
3534 4811 3775 4865 τοιούτω

2208 4902 2481 4971 κτήματος
2502 4900 2730 4973 χορηγία
2765 4902 3146 4974 προνοηθῆναι.

542 5010 755 5065 quoque
784 4992 1070 5063 impudens
1105 4990 1194 5045 ille
1222 4992 1302 5046 sic
1330 4990 1463 5045 dicit
1490 4990 1704 5057 fecisse,
1730 4991 1968 5061 seipsum
1994 5006 2089 5046 sua
2160 4993 2450 5048 traducens
2495 4996 2761 5061 oratione,
2810 5002 2870 5048 ut
2916 5010 3023 5049 non
3086 4995 3259 5049 solum
3309 5010 3443 5050 usus
3524 4994 3594 5049 sit
3649 4992 3776 5045 vino

541 5088 684 5159 quod
714 5095 851 5151 erat,
885 5084 979 5140 sed
1012 5084 1174 5140 etiam
1201 5082 1495 5154 providerit
1523 5094 1581 5138 ut
1604 5084 1724 5154 ejus
1746 5094 1893 5140 esset
1918 5084 2271 5140 abundantia.

619 5200 637 5232 ι
682 5178 934 5233 Plantavi
986 5178 1153 5238 enim.
1212 5195 1229 5227 ι
1290 5176 1491 5246 inquit,
1549 5194 1567 5227 ι
1623 5177 1756 5231 mihi
1818 5177 2021 5240 vineta,
2076 5195 2095 5228 ι

542 5273 743 5344 quibus
776 5287 913 5341 opus
946 5286 1053 5325 non
1085 5268 1374 5334 habebam,
1406 5283 1531 5323 cum
1577 5269 1696 5339 ipse
1726 5269 1855 5325 vitis
1907 5269 2100 5325 fertilis

541 5381 739 5444 essem,
772 5365 901 5418 vitis
940 5361 1267 5432 spiritualis,
1299 5360 1499 5415 ﬂorens
1543 5369 1865 5428 comataque
1910 5370 1964 5416 et
1998 5376 2097 5431 pa-

2286 5198 2303 5230 ι
2346 5180 2636 5249 Ἐφύτευσα
2658 5179 2763 5250 γάρ
2791 5194 2899 5248 μοι,
2924 5196 2941 5229 ι
2975 5181 3156 5249 φησὶν,
3204 5194 3222 5228 ι
3273 5176 3601 5248 ἀμπελῶνας
3643 5194 3662 5225 ι
3698 5172 3776 5233 ὧν

2204 5270 2303 5323 οὑκ
2330 5269 2395 5324 ἀν
2441 5270 2712 5343 δεηθείην,
2750 5274 2779 5326 6
2804 5271 2963 5335 αὐτὸς
2999 5270 3243 5343 ἄμπελος
3284 5270 3584 5340 εύθηνοῦσα
3620 5270 3775 5336 γενό-

2208 5380 2384 5434 μενος,
2414 5364 2653 5435 ἄμπελος
2673 5364 3031 5436 πνευματικὴ,
3055 5364 3285 5434 εύθαλής
3310 5380 3371 5416 τε
3410 5363 3502 5416 καὶ
3524 5362 3773 5432 ἀμφιλα-

543 5460 679 5522 tula,
713 5458 839 5512 vitae
870 5456 1038 5510 ramis
1068 5462 1124 5509 et
1155 5452 1404 5507 caritatis
1456 5451 1728 5522 pampinis
1776 5453 2097 5523 complicata

2206 5454 2329 5526 φὴς,
2383 5457 2497 5519 τοῖς
2536 5455 2631 5508 τοῦ
2675 5456 2787 5526 βίου
2834 5454 3046 5517 κλάδοις
3092 5455 3185 5507 καὶ
3230 5454 3352 5517 ταῖς
3398 5454 3772 5522 ἀγαπητιχαῖς

543 5559 597 5604 et
628 5556 905 5609 contexta,
938 5561 1062 5600 cum
1101 5545 1169 5600 iis
1207 5544 1299 5614 qui
1339 5552 1464 5599 sunt
1506 5544 1610 5598 mei
1642 5542 1882 5614 generis,
1922 5555 1975 5599 et
2003 5560 2097 5616 pro

2203 5544 2337 5611 ἓλιξι
2369 5546 2764 5618 διαπλεκομένη
2812 5546 2946 5616 πρὸς
2984 5546 3043 5598 τὸ
3070 5544 3337 5615 ὁμόφυλον
3359 5559 3375 5573 °
3410 5544 3505 5596 καί
3534 5542 3771 5613 κομῶσι

545 5638 692 5695 foliis
722 5654 934 5694 morum
980 5638 1268 5693 honestate
1314 5644 1548 5698 comata,
1582 5635 1847 5705 dulceque
1897 5646 1952 5692 et
1983 5653 2097 5691 ma-

2204 5639 2324 5708 μὲν,
2375 5639 2496 5692 ἀντί
2553 5638 2764 5708 φύλλων
2803 5640 2870 5709 τῇ
2927 5636 3305 5709 εὐσχημοσύνῃ
3356 5634 3467 5688 τῶν
3523 5634 3769 5704 τρόπων,

543 5741 724 5788 turum
750 5732 965 5787 botrum
996 5733 1217 5787 virtutis
1246 5730 1532 5787 enutriens
1554 5729 1619 5783 ".
1640 5727 1741 5794 Qui
1763 5729 1876 5785 hac
1912 5731 1967 5785 in
1995 5746 2094 5785 sua

2202 5729 2327 5791 ἡδὺν
2353 5728 2410 5783 δέ
2438 5729 2532 5783 καὶ
2560 5728 2808 5800 πέπηρον
2830 5727 2927 5798 τῆς
2974 5728 3171 5800 ἀρετῆς
3193 5726 3385 5797 βότρυν
3401 5724 3769 5797 ἐκτρέφουσα.

615 5909 665 5946 ⁸⁸
702 5910 838 5967 Gen.
882 5928 996 5978 xix,
1026 5912 1095 5967 '51)
1132 5927 1255 5983 sqq.
1334 5913 1377 5944 “
1411 5910 1581 5967 Eccli.
1615 5927 1705 5978 ιι,
1733 5911 1825 5965 ‘20.
