3986 6466
279 436 371 495 661

1337 434 1401 489 ΙΝ
1444 429 1971 490 ECCLESIASTEN.
2008 429 2288 487 HOMILIA
2329 427 2417 485 Ill.

3388 416 3496 476 662

291 548 351 601 '0
375 544 548 601 ταῦτα
580 547 638 599 ἐν
674 547 739 617 τῇ
786 544 890 617 ιδία
923 542 1307 612 καταφυτεύων
1336 543 1521 615 ψυχῇφ
1540 543 1636 617 καὶ
1659 558 1836 612 γεωρ-

1940 540 2146 612 plantat
2178 540 2384 605 anima,
2416 544 2472 595 et
2506 536 2641 593 colit
2689 535 2876 591 vinum
2909 532 3057 604 quod
3086 546 3181 586 cor
3238 529 3490 597 laetiﬁcat,

280 637 392 706 γῶν
417 633 556 690 οἶνον
587 636 675 689 τὸν
698 636 796 707 τὴν
822 635 1047 707 καρδίαν
1073 635 1448 706 εὐφραίνοντα,
1477 637 1572 689 καὶ
1603 631 1838 705 ἐργαζό-

285 744 443 801 μενος
466 726 564 797 τὴν
593 725 785 779 ἐαυτοῦ
825 726 927 796 γῆν
952 726 1093 779 κατὰ
1128 726 1226 798 τὴν
1254 726 1593 797 παροιμιώδη
1633 723 1836 794 φωνὴν,

280 818 358 882 ὡς
380 820 409 871 ὀ
430 818 528 887 τῆς
552 817 801 887 τοιαύτης
822 817 1091 888 γεωργίας
1118 817 1340 871 ἀπαιτεῖ
1360 817 1523 887 νόμος
1543 858 1557 882 ,
1580 812 1691 869 οἷόν
1733 830 1839 883 περ

282 908 547 962 είσκαλῶν
590 911 700 973 τοῖς
750 908 1025 979 λογισμοῖς
1061 908 1153 961 τὸν
1186 908 1318 978 βίον,
1352 909 1445 962 καὶ
1475 908 1543 961 τά
1578 906 1708 960 νόθα
1732 904 1841 958 τῶν

284 1001 717 1070 παραφυομένων
768 1002 890 1063 ταῖς
943 999 1052 1053 τῶν
1093 998 1303 1070 ἀρετῶν
1342 998 1517 1069 ῥίζαις
1561 996 1838 1058 ἐκτίλλων,

282 1092 531 1162 ἐπάρδων
561 1093 673 1152 τοῖς
705 1091 987 1161 μαθήμασι
1027 1089 1125 1161 τὴν
1157 1089 1355 1161 ψυχὴν,
1385 1090 1478 1142 καὶ
1507 1090 1573 1159 τῇ
1602 1087 1842 1159 δρεπάνῃ

282 1181 377 1234 τοῦ
410 1178 655 1252 κριτικοῦ
699 1181 856 1250 λόγου
886 1182 1228 1252 περικόπτων
1253 1183 1353 1252 τὴν
1380 1182 1461 1243 είς
1499 1179 1568 1232 τά
1614 1176 1844 1249 περιττά

284 1270 379 1321 καὶ
405 1270 636 1339 ἀνόνητα
669 1270 766 1340 τῆς
796 1268 1031 1333 διανοίας
1070 1267 1271 1340 φοράνο
1303 1267 1631 1339 μακαριστὸς
1659 1266 1724 1320 ἂν
1756 1266 1840 1336 εῐη

278 1360 383 1427 τῆς
441 1359 706 1431 γεωργίας
736 1353 908 1425 οὗτος,
959 1358 1036 1429 τῷ
1081 1359 1181 1430 τῆς
1232 1360 1421 1429 σοφίας
1466 1358 1701 1431 κρατῆρι
1752 1356 1843 1409 τὸν

283 1451 479 1505 ἑαυτοῦ
541 1452 736 1522 βότρυν
786 1450 1066 1505 ἐκθλίσων.
1138 1452 1276 1503 Ἀλλ’
1326 1452 1386 1503 οὐ
1440 1449 1694 1518 γινώσκει
1745 1450 1843 1520 τὴν

281 1542 535 1612 τοιαύτην
550 1546 897 1613 φυτουργίαν,
927 1543 1062 1613 πρὸς
1080 1543 1176 1613 τὴν
1201 1544 1305 1613 γῆν
1329 1542 1521 1609 λέγων,
1541 1542 1635 1593 καὶ
1652 1539 1721 1593 τὰ
1745 1530 1845 1593 αύ-

282 1626 381 1699 τῆς
414 1630 807 1700 ἀσπαζόμενος.
839 1632 1165 1701 Προστίθησι
1180 1632 1289 1702 γὰρ
1306 1630 1515 1693 τούτοις
1536 1630 1604 1683 τά
1622 1632 1729 1682 τῶν
1746 1630 1845 1699 κή-

284 1737 400 1773 πων
433 1738 491 1773 τε
513 1721 604 1773 καὶ
625 1722 963 1792 παραδείσων
980 1720 1071 1775 τοῦ
1094 1720 1321 1774 πλούτου
1333 1719 1841 1790 ἐγκαλλωπίσματα.

283 1812 379 1874 Τίς
408 1812 562 1882 χρεία
590 1812 928 1880 παραδείσων
950 1811 1157 1865 πολλῶν
1183 1810 1260 1882 τῷ
1288 1811 1424 1882 πρὸς
1449 1811 1540 1864 τὸν
1555 1811 1651 1865 ἕνα
1676 1811 1846 1882 παράο

280 1902 457 1957 δεισον
477 1902 725 1971 βλέποντι
751 1918 764 1967 ;
787 1904 869 1965 τίς
895 1902 952 1955 δέ
985 1920 1072 1973 μοι
1093 1905 1125 1973 ἡ
1156 1906 1221 1956 ἐκ
1248 1904 1425 1973 κήπου
1449 1903 1632 1973 ὄνησις
1658 1903 1752 1955 τοῦ
1776 1902 1844 1955 τά

283 1992 485 2062 λάχανα
514 1991 735 2060 φύοντος
760 1994 859 2064 τὴν
885 1993 992 2047 τῶν
1018 1994 1385 2048 ἀσθενούντων
1416 1995 1658 2064 τροφήν;
1696 1993 1758 2047 Et
1784 1996 1842 2047 ἐν

280 2079 359 2148 τῷ
385 2080 694 2151 παραδείσῳ
727 2081 895 2152 ήμην,
931 2082 1029 2135 ούκ
1056 2083 1122 2137 ἂν
1158 2084 1238 2147 είς
1270 2083 1478 2136 πολλῶν
1506 2084 1842 2155 παραδείσων

282 2169 577 2240 ἐπιθυμίαν
608 2171 914 2242 διεχεόμην.
952 2174 1014 2225 Εί
1045 2174 1102 2226 ἐν
1126 2173 1285 2244 ύγείᾳ
1311 2174 1411 2243 τὴν
1438 2174 1613 2244 ψυχὴν
1634 2174 1839 2245 διῆγον,

282 2261 360 2325 ὡς
385 2261 639 2315 δύνασθαι
668 2264 765 2333 τῆς
797 2264 1169 2335 στερεωτέρας
1201 2265 1450 2335 μετέχειν
1474 2266 1681 2335 τροφῆς
1701 2306 1715 2330 ,
1744 2267 1843 2319 οὐκ

283 2352 350 2405 ἀν
377 2355 431 2405 ἐν
460 2355 567 2417 τοῖς
594 2353 845 2424 λαχάνοις
873 2355 1306 2426 ἐπησχολούμην,
1332 2354 1585 2425 κηπεύων
1624 2356 1844 2427 ἐμαυτῷ

281 2444 381 2496 τὴν
423 2444 751 2515 κατάλληλον
792 2448 855 2515 τῇ
900 2446 1151 2517 ἀσθενείᾳ
1195 2449 1420 2518 τροφήν.
1485 2445 1622 2500 Ἀλλ’
1656 2448 1841 2518 ἐπειδὴ

282 2536 430 2602 ἅπαξ
469 2535 777 2606 συνεισῆλθε
823 2537 1001 2608 τρυφὴ
1032 2540 1097 2609 τῇ
1136 2538 1327 2609 χρείᾳ,
1360 2538 1602 2609 παρῆλθε
1626 2538 1683 2591 δὲ
1720 2540 1844 2602 τοὺς

280 2626 442 2697 ὄρους
479 2628 649 2697 αὐτῆς
684 2630 717 2697 ή
765 2628 1058 2699 ἐπιθυμία,
1106 2630 1243 2700 μετά
1279 2631 1377 2701 τὴν
1423 2632 1481 2684 ἐν
1525 2634 1638 2694 τοῖς
1675 2631 1844 2694 οῐκοις

284 2716 648 2781 πολυτέλειαν,
696 2718 790 2771 καὶ
834 2718 931 2789 τὴν
974 2720 1288 2790 ὑπωροφίαν
1326 2722 1433 2775 τῶν
1479 2722 1721 2791 ματαίων
1751 2722 1845 2775 δα-

283 2807 481 2876 πάνην,
528 2810 649 2861 τότε
684 2809 776 2862 καὶ
812 2809 911 2880 τὴν
946 2809 1209 2880 ὕπαιθρον
1242 2812 1547 2883 ἐπιτηδεύει
1590 2815 1802 2885 τρυφήν
1824 2831 1838 2844 ·

284 2897 380 2949 καὶ
408 2900 472 2968 τῇ
502 2897 594 2951 τοῦ
624 2899 783 2970 ἀέρος
814 2899 973 2969 φύσει
1004 2901 1137 2973 πρὸς
1168 2901 1266 2972 τὴν
1296 2901 1403 2955 τῶν
1428 2902 1626 2972 ἡδονῶν
1650 2904 1842 2957 ἐπιθυ-

285 2988 417 3059 μίαν
457 2990 837 3061 συγκέχρηται.
886 2992 1086 3063 Δένδρα
1128 2993 1234 3063 γάρ
1261 2995 1408 3064 αὑτῷ
1444 2994 1532 3048 διά
1570 2998 1843 3067 γεωργίας

280 3077 650 3146 ἐπιτηδεύεται
679 3080 901 3149 ἀειθαλῆ
916 3098 975 3134 τε
999 3082 1092 3134 καὶ
1107 3081 1291 3147 δασέα,
1314 3084 1408 3136 καὶ
1419 3084 1539 3136 ἀντὶ
1555 3086 1749 3157 ὀρόφου
1765 3088 1843 3159 τῷ

277 3169 403 3239 ἀέρι
427 3171 697 3241 γινόμενα·
713 3172 797 3225 ἶνα
813 3174 902 3225 καὶ
915 3172 1174 3244 ὕπαιθρος
1193 3174 1266 3227 ῶν
1288 3177 1345 3229 ἐν
1356 3176 1486 3247 οἴκῳ
1497 3179 1733 3247 τρυφῶν,
1752 3184 1845 3235 καὶ

280 3260 647 3324 παντοδαπαῖς
664 3263 821 3326 πόαις
843 3262 929 3316 διὰ
952 3263 1050 3335 τῆς
1086 3264 1193 3317 τῶν
1214 3266 1559 3335 κηπευόντων
1588 3268 1782 3340 τέχνης
1806 3273 1839 3342 ἡ

277 3353 569 3421 ἐπιφάνεια
593 3354 693 3423 τῆς
736 3353 839 3424 γῆς
867 3355 1222 3426 ἀμφιέννυται
1246 3374 1258 3386 ο
1300 3357 1376 3422 ὡς
1412 3358 1480 3412 τά
1511 3362 1842 3433 πανταχόθεν

279 3441 415 3511 ἡδέα
446 3442 620 3495 πάντα
657 3442 736 3512 τῷ
773 3443 1031 3515 ὀφθαλμῷ
1070 3446 1446 3518 προσπίπτειν,
1484 3452 1570 3519 ἐφ’
1601 3454 1736 3525 ὅπερ
1776 3455 1842 3508 ἂν

277 3535 594 3606 περιαγάγῃ
616 3535 676 3586 τὸ
701 3534 936 3607 βλέμμα,
961 3538 1054 3591 καὶ
1083 3538 1372 3604 διαπαντὸς
1397 3544 1454 3595 ἐν
1480 3547 1593 3607 τοῖς
1618 3548 1844 3602 καταθυο

279 3624 426 3693 μίοις
454 3620 614 3691 εἶναι,
648 3628 743 3682 καὶ
774 3627 992 3699 βλέπειν
1020 3630 1077 3683 ἐν
1100 3631 1302 3703 ἐκάστῃ
1336 3633 1427 3686 τοῦ
1450 3634 1601 3700 ἔτους
1636 3638 1754 3711 ὥρα
1782 3642 1843 3694 τὸ

279 3714 425 3785 ὑπὲρ
446 3717 542 3785 τὴν
569 3717 737 3788 ὥραν,
772 3720 909 3772 πόαν
941 3721 999 3773 ἐν
1023 3722 1271 3791 χειμῶνι,
1301 3726 1393 3778 καὶ
1418 3726 1553 3798 ἄνθη
1596 3730 1838 3803 πρόωρα,

278 3808 374 3859 καὶ
394 3808 488 3877 τὴν
500 3809 815 3881 ἀναδενδρου
823 3812 990 3882 μένην
1011 3812 1270 3882 ἄμπελον,
1299 3816 1395 3887 τὴν
1420 3821 1529 3881 τοίς
1543 3819 1841 3893 ἀλλοτρίοις

279 3899 497 3962 κλάδοις
546 3901 672 3965 τοὺς
705 3903 865 3966 ίδίους
894 3904 1359 3969 ἐνδιαπλέκουσαν,
1394 3908 1487 3960 καὶ
1518 3909 1617 3973 τάς
1637 3911 1843 3981 γλαφυ-

276 3988 380 4058 ρὰς
412 3987 503 4041 τοῦ
543 3990 730 4043 κισσοῦ
771 3992 907 4062 πρὸς
943 3991 1012 4045 τά
1038 3993 1229 4065 δένδρα
1274 3998 1627 4072 περιπλοκὰς,
1653 4002 1754 4057 ὅσα
1780 4021 1840 4056 τε

275 4079 459 4143 αὐτοῖς
488 4081 714 4150 καρπῶν
746 4082 858 4153 εἴδη
877 4122 891 4144 ,
924 4083 981 4150 ἐξ
1024 4085 1351 4155 ἑτερογενῶν
1379 4088 1626 4161 ἀλλήλοις
1650 4094 1840 4163 μιγνύ-

278 4187 418 4240 μενα
448 4169 544 4242 τὴν
570 4173 728 4241 φύσιν
773 4173 1013 4243 βιάζεται
1035 4214 1049 4238 ,
1082 4176 1161 4247 τῷ
1185 4177 1315 4231 εῖδει
1340 4196 1399 4232 τε
1429 4183 1522 4234 καὶ
1564 4186 1629 4254 τῇ
1655 4185 1839 4252 γεύσει

272 4261 341 4314 τὸ
367 4262 798 4335 ἐπαμφοτερίζον
819 4267 1263 4338 ἐπισημαίνοντα,
1292 4271 1367 4335 ὡς
1394 4269 1676 4345 ἀμφότερα
1704 4272 1839 4329 εἶναι

273 4353 475 4418 δοκεῖν,
512 4354 652 4425 ἀπερ
678 4355 745 4408 ἂν
776 4357 840 4408 ἐκ
882 4357 981 4428 τῆς
1010 4358 1118 4411 τῶν
1150 4361 1456 4431 ἐτεροφυῶν
1491 4366 1843 4435 συγκράσεως

273 4443 504 4511 γίνεται.
539 4444 721 4497 Πάντα
744 4444 916 4498 ταῦτα
949 4447 1042 4500 καὶ
1074 4447 1128 4499 εί
1161 4466 1214 4501 τι
1237 4449 1364 4504 ἀλλο
1400 4452 1619 4525 ἐξεῦρεν
1644 4456 1701 4508 ἐν
1731 4460 1841 4520 τοῖς

1936 639 1992 687 et
2015 646 2167 686 suam
2187 636 2448 701 operatur
2462 636 2663 684 terram
2681 628 2809 689 “,ut
2837 624 3043 679 dicitur
3068 623 3123 676 in
3163 619 3492 683 Proverbiis,

1938 723 2082 778 sicut
2146 722 2230 777 lcx
2311 720 2478 790 exigit
2530 718 2650 789 ejus
2702 716 3068 788 agriculturae,
3120 720 3305 783 utpote
3352 721 3497 767 recte

1938 811 2155 869 vivendi
2216 810 2526 866 institutum
2590 807 2897 862 rationibus
2953 812 3009 860 et
3071 801 3494 874 cogitationibus

1939 916 2195 964 evocans,
2222 908 2276 955 et
2304 898 2610 954 adulterina
2658 897 2918 960 evellcns,
2952 910 3072 965 qua:
3120 892 3496 948 aduascuntur

1940 991 2201 1045 virtutum
2243 987 2542 1050 radicibus,
2577 986 2814 1041 animam
2873 982 3178 1053 disciplinis
3233 980 3491 1050 irrigans,

1940 1090 1995 1137 et
2015 1081 2219 1152 judicis
2242 1080 2483 1151 partibus
2503 1077 2779 1150 fungentis
2797 1076 3024 1132 rationis
3043 1074 3181 1129 falce
3202 1080 3493 1144 amputans

1943 1174 2202 1244 impetum
2230 1171 2577 1242 cogitationis
2603 1169 2813 1224 ruentis
2863 1167 2931 1221 ad
2960 1181 3023 1221 ea
3067 1180 3186 1235 quae
3224 1172 3353 1220 sunt
3400 1180 3495 1220 su'

1943 1263 2147 1335 perflua
2177 1271 2231 1319 et
2259 1262 2471 1317 inutilia
2500 1278 2515 1315 :
2550 1260 2745 1315 beatus
2789 1258 2859 1313 ob
2893 1256 3283 1326 agriculturam
3330 1254 3496 1309 fuerit

1943 1356 2032 1411 bic
2060 1354 2475 1420 existimandus,
2501 1362 2561 1408 ut
2586 1353 2679 1423 qui
2711 1353 2767 1406 in
2796 1360 3008 1406 cratere
3029 1348 3310 1418 sapientiae
3332 1348 3494 1403 vitem

1943 1460 2096 1501 suam
2126 1445 2413 1516 exprimat.
2450 1442 2558 1500 Sed
2586 1445 2729 1497 hanc
2773 1441 3051 1512 plantandi
3084 1440 3351 1493 rationem
3382 1452 3492 1493 non

1943 1537 2093 1591 novit
2116 1538 2163 1593 is
2188 1537 2281 1607 qui
2310 1536 2503 1606 aspicit
2528 1535 2597 1590 ad
2626 1547 2847 1597 terram,
2880 1542 2935 1589 et
2963 1548 3084 1603 qua:
3115 1539 3241 1588 sunt
3273 1538 3495 1586 terrena

1944 1628 2309 1698 amplectitur.
2346 1626 2441 1685 His
2473 1630 2617 1685 enim
2647 1626 2798 1682 addit
2823 1625 3107 1679 hortorum
3138 1630 3191 1678 et
3224 1620 3497 1691 pomario-

1944 1733 2088 1784 rum,
2122 1717 2434 1773 divitiarum
2465 1717 2794 1787 exquisitam
2825 1726 2879 1770 et
2908 1714 3214 1769 affectatam
3249 1712 3495 1782 pulchri-

1948 1807 2211 1863 tudinem.
2262 1806 2405 1874 Quid
2460 1808 2647 1863 multis
2679 1821 2817 1877 Opus
2850 1815 2935 1862 est
2982 1806 3156 1860 hortis
3193 1804 3245 1859 ei
3289 1804 3381 1874 qui
3428 1805 3497 1859 ad

1945 1912 2109 1952 unum
2143 1898 2383 1954 intuetur
2421 1899 2781 1969 paradisum?
2823 1897 3080 1964 Quaenam
3134 1904 3312 1953 autem
3362 1896 3496 1951 mihi

1942 1995 2027 2044 est
2073 2003 2138 2043 ex
2169 1989 2329 2044 horto
2382 1990 2613 2054 utilitas,
2669 1990 2762 2060 qui
2802 1990 3053 2059 producit
3108 1990 3254 2044 olera
3290 1988 3499 2057 quiest

1945 2079 2103 2136 cibus
2134 2079 2517 2135 inﬁrmorum?
2548 2078 2604 2135 Si
2637 2095 2813 2136 essem
2863 2082 2919 2135 in
2955 2080 3229 2151 paradiso,
3272 2095 3378 2133 non
3426 2079 3494 2133 ad

1942 2170 2234 2225 multorum
2272 2170 2557 2226 hortorum
2587 2170 2926 2227 diffunderer
2953 2172 3307 2227 desiderium.
3350 2170 3408 2225 Si
3439 2171 3495 2225 in

1943 2261 2175 2316 sanitate
2204 2276 2323 2316 mea
2357 2261 2435 2315 ita
2477 2262 2697 2332 degeret
2732 2261 2934 2329 anima,
2989 2270 3051 2317 ut
3080 2262 3356 2318 solidioris
3388 2262 3497 2318 cibi

1943 2357 2127 2420 posset
2159 2364 2280 2405 esse
2308 2352 2600 2420 particeps.
2644 2367 2755 2406 non
2793 2366 3093 2423 occuparer
3131 2353 3187 2407 in
3234 2352 3507 2418 oleribus,-

1943 2439 2159 2494 hortum
2192 2440 2421 2496 colendo
2467 2442 2597 2495 mihi
2630 2457 2936 2513 procurans
2973 2444 3153 2498 cibum
3202 2444 3296 2514 qui
3346 2444 3497 2498 inﬁr-

1943 2530 2118 2585 mitati
2148 2533 2454 2587 conveniat.
2492 2531 2599 2587 Sed
2632 2541 2917 2605 postquam
2968 2535 3136 2591 semel
3164 2534 3327 2589 simul
3374 2550 3496 2589 cum

1944 2637 2044 2678 usu
2076 2623 2335 2693 ingressae
2358 2633 2488 2680 sunt
2512 2624 2742 2691 deliciae,
2763 2642 2894 2684 suos
2917 2636 3098 2682 autem
3128 2628 3264 2682 ﬁnes
3284 2628 3498 2683 transiit

1943 2713 2234 2783 cupiditas,
2286 2724 2412 2783 post
2439 2730 2559 2771 eam
2595 2731 2715 2785 qua:
2764 2717 2820 2772 in
2871 2718 3082 2775 aedibus
3124 2719 3365 2774 adhibita
3400 2719 3498 2774 fuit

1944 2806 2424 2875 magniﬁcentiam,
2459 2807 2515 2860 in
2554 2807 2826 2878 tectisque
2884 2818 2939 2865 et
2970 2810 3324 2879 laquearibus
3370 2826 3500 2880 pro-

1944 2896 2122 2952 fusum
2154 2906 2209 2952 et
2238 2898 2588 2952 temerarium
2629 2906 2906 2969 sumptum
2941 2917 2955 2953 :
3001 2908 3133 2956 tunc
3163 2905 3324 2956 etiam
3364 2902 3498 2957 sub-

1942 2987 2113 3043 diales
2156 2995 2375 3042 exercet
2425 2988 2690 3044 delicias:
2743 2996 2797 3043 et
2830 2990 2972 3045 aeris
3018 2998 3210 3045 natura
3236 2994 3407 3046 utitur
3432 2992 3497 3046 ad

1944 3078 2251 3135 satiandum
2287 3080 2625 3150 voluptatum
2665 3081 3015 3137 desiderium.
3052 3081 3156 3137 Per
3192 3085 3497 3154 agricultu-

1871 3207 1913 3264 ε
1946 3186 2063 3225 ram
2093 3170 2236 3225 enim
2274 3170 2540 3241 providet,
2576 3180 2636 3225 ut
2690 3173 2803 3227 sint
2832 3173 2935 3228 sibi
2967 3172 3148 3228 densae
3195 3182 3251 3229 et
3284 3190 3498 3245 semper

1945 3263 2358 3319 frondescentes
2403 3272 2454 3318 et
2503 3265 2875 3334 germinantes
2919 3266 3166 3334 arbores,
3213 3282 3335 3337 quae
3386 3267 3499 3323 aeri

1943 3360 2072 3415 tecti
2108 3358 2280 3414 vicem
2317 3357 2591 3427 praebeant
2621 3376 2636 3413 :
2674 3365 2733 3412 ut
2759 3359 2919 3413 etiam
2950 3375 3073 3414 cum
3124 3360 3197 3414 sit
3228 3359 3331 3415 sub
3385 3357 3498 3423 dio,

1941 3460 2203 3521 tanquam
2234 3450 2287 3504 in
2338 3448 2502 3504 domo
2549 3449 2779 3504 delicate
2830 3450 2992 3503 vitam
3046 3459 3188 3520 agat,
3237 3458 3294 3505 et
3340 3465 3502 3505 omne

1940 3558 2112 3614 genus
2161 3540 2383 3605 herbis,
2440 3555 2535 3610 per
2584 3542 2999 3595 hortulanorum
3054 3550 3226 3596 artem
3266 3541 3500 3596 vestitur

1941 3645 2100 3689 terra:
2124 3630 2438 3702 superﬁcies
2466 3648 2480 3684 :
2511 3630 2647 3686 adeo
2688 3638 2745 3684 ut
2778 3630 2925 3685 omni
2955 3646 3019 3685 ex
3054 3639 3208 3700 parte
3254 3630 3500 3700 jucunda

1939 3724 2123 3781 omnia
2176 3724 2229 3777 in
2265 3722 2483 3777 oculum
2522 3723 2831 3785 incurrant,
2868 3737 3197 3793 quocunque
3248 3723 3499 3777 obtutum

1940 3815 2311 3879 circumferat,
2344 3823 2397 3871 et
2427 3831 2645 3886 semper
2684 3823 2934 3871 versetur
2961 3816 3017 3868 in
3057 3815 3495 3879 delectabilibus,

1940 3916 1995 3962 et
2027 3907 2270 3977 quolibet
2302 3908 2433 3961 anni
2466 3916 2708 3976 tempore
2754 3907 2934 3963 videat
2987 3909 3131 3977 quod
3174 3915 3259 3962 est
3308 3916 3502 3977 praeter

1941 4000 2067 4053 anni
2106 4007 2337 4067 tempus,
2368 3999 2589 4053 herbam
2612 4000 2669 4053 in
2706 3998 2904 4063 hieme,
2933 4008 2987 4055 et
3010 3998 3174 4054 ﬁores
3217 4000 3310 4069 qui
3337 4015 3499 4055 suum

1943 4101 2157 4161 tempus
2190 4090 2529 4161 praeveniunt
2554 4130 2569 4153 ,
2603 4097 2659 4144 et
2704 4089 2867 4145 vitem
2926 4090 2984 4145 in
3026 4091 3253 4146 arbores
3304 4104 3499 4145 ascen-

1940 4185 2180 4250 dentem,
2211 4198 2331 4253 quae
2364 4182 2557 4237 alienis
2591 4181 2757 4237 ramis
2792 4198 2923 4237 suos
2958 4182 3221 4252 implicat,
3251 4190 3304 4237 et
3332 4182 3499 4237 hede-

1942 4290 2014 4329 rae
2036 4274 2309 4344 elegantes
2338 4288 2462 4327 cum
2486 4272 3115 4342 arboribus,amplexus.
3140 4281 3194 4328 et
3234 4288 3499 4343 qnazcun-

1942 4384 2049 4438 que
2098 4366 2309 4436 species
2368 4364 2644 4419 fructuum
2697 4379 2761 4418 ex
2810 4364 2879 4418 iis
2941 4379 3063 4433 quae
3109 4373 3237 4418 sunt
3295 4364 3500 4420 diversi

1941 4458 2156 4530 generis
2186 4456 2289 4512 sibi
2324 4456 2559 4510 invicem
2613 4455 2807 4517 mistaz,
2842 4454 2950 4508 vim
3008 4454 3241 4510 alierum
3272 4465 3497 4519 naturae,

276 4536 467 4601 φυτοῖς
495 4536 528 4604 ὴ
555 4534 717 4604 τέχνη
750 4535 1051 4607 βιασαμένη
1077 4537 1175 4609 τὴν
1202 4540 1383 4609 φύσιν,
1413 4543 1449 4597 ἂ
1485 4546 1517 4614 ἡ
1556 4547 1711 4616 χρεία
1742 4548 1840 4617 μέν

1942 4562 1997 4607 et
2033 4555 2257 4620 aspectu
2290 4555 2345 4602 et
2379 4557 2539 4616 gustu
2581 4546 2632 4600 id
2667 4546 2812 4615 quod
2847 4554 2931 4600 est
2968 4548 3255 4616 utriusque
3293 4547 3501 4617 signiﬁ-

272 4625 379 4693 τῆς
414 4623 556 4696 ζωῆς
583 4627 683 4680 οὐκ
711 4627 993 4699 ἐζήτησεν,
1027 4632 1274 4702 ἐπιζητεῖ
1307 4634 1418 4705 δὲή
1456 4638 1841 4710 ἀπαιδαγώγη-

274 4735 370 4779 τος
400 4718 691 4788 ἐπιθυμία·
726 4720 897 4773 ταῦτα
931 4724 988 4774 ἐν
1014 4725 1078 4793 τῇ
1115 4723 1223 4776 τῶν
1249 4726 1440 4795 κήπων
1460 4729 1552 4781 καὶ
1581 4731 1837 4801 παραδεί-

280 4827 389 4862 σων
420 4810 724 4882 φιλοτεχνίᾳ
766 4814 1088 4883 γεγενῆσθαι
1114 4818 1143 4869 ὀ
1171 4816 1240 4871 τά
1267 4818 1458 4871 ἑαυτοῦ
1502 4820 1840 4894 ἐξαγορεύων

275 4900 521 4967 λέγει.’0
549 4902 657 4973 γὰρ
681 4902 870 4967 είπὼν,
896 4905 977 4957 ὄτι
1009 4924 1027 4957 ι
1068 4907 1365 4976 Ἐφύτευσα
1394 4913 1499 4966 πᾶν
1523 4910 1675 4976 ξύλον
1699 4932 1841 4985 καρ-

277 4988 408 5049 ποῦ,
452 5008 470 5040 ι
501 4992 565 5059 τῇ
610 4990 971 5064 περιληπτικῇ
1001 4994 1170 5067 ταύτῃ
1218 5000 1367 5067 φωνῇ
1396 4998 1456 5050 τὸ
1491 5000 1654 5070 μηδὲν
1683 5003 1839 5056 ἐκλε-

277 5080 522 5132 λοιπέναι
548 5081 654 5133 τῶν
681 5083 933 5136 τοιούτων
964 5086 1376 5153 συνενεδείξατο.
1413 5086 1543 5143 Εἶτα
1572 5094 1709 5161 μετά
1744 5094 1841 5165 τὴν

276 5172 487 5241 τροφὴν
514 5172 612 5244 τὴν
641 5173 901 5246 ὕπαιθρόν
927 5193 986 5229 τε
1007 5177 1099 5230 καὶ
1119 5178 1445 5250 ὑπωρόφιον,
1470 5182 1591 5236 οὐδὲ
1610 5183 1671 5236 τὸ
1699 5183 1841 5256 ὕδωρ

277 5267 568 5329 ἀσυντελὲς
605 5269 739 5338 πρὸς
781 5269 878 5340 τὴν
914 5271 1023 5323 τῶν
1062 5271 1261 5343 ἡδονῶν
1297 5276 1555 5347 είσφοράν
1591 5280 1841 5334 καταλεί-

277 5375 442 5443 πεται
463 5398 478 5421 ,
519 5359 594 5423 ὼς
635 5360 753 5414 δέον
782 5364 945 5416 πᾶσιν
983 5365 1251 5436 ἐντρυφᾷν
1284 5370 1393 5430 τοῖς
1426 5371 1740 5440 στοιχείοις·
1773 5375 1838 5444 τῇ

276 5454 351 5519 γῇ
381 5450 467 5503 διά
510 5451 618 5505 τῶν
664 5454 911 5520 οἰκείων,
940 5458 1016 5527 τῷ
1057 5457 1178 5527 ἀέρι
1217 5459 1304 5512 διά
1343 5460 1451 5513 τῶν
1479 5461 1729 5533 δένδρων,
1759 5465 1841 5535 τῷ

277 5541 433 5595 ὕδατι
469 5542 556 5596 διά
588 5544 686 5613 τῆς
726 5552 1097 5619 χειροποιήτου
1137 5550 1429 5622 θαλάσσης.
1465 5554 1580 5606 Ἷνα
1611 5555 1717 5625 γάρ
1747 5558 1839 5609 καὶ

274 5630 375 5686 τοῦ
403 5631 591 5696 ὓδατος
619 5634 739 5704 ὄψις
772 5638 1005 5712 ἐφηδύνῃ
1029 5642 1135 5696 τῶν
1162 5642 1455 5714 ὀφθαλμῶν
1476 5646 1575 5716 τῆν
1598 5647 1833 5718 ἁπάτην,

356 5814 405 5848 ⁸⁸
443 5817 591 5873 Eccl.
624 5833 717 5885 xx,
750 5818 838 5873 30.

1939 4648 2149 4701 cantes,
2182 4644 2243 4691 ut
2266 4636 2426 4689 ambo
2458 4650 2580 4689 esse
2613 4635 2899 4690 videantur
2933 4650 3055 4704 qua:
3085 4636 3223 4689 ﬁunt
3264 4652 3331 4690 ex
3370 4650 3502 4690 cou-

1938 4730 2334 4801 temperatione
2362 4741 2551 4782 eorum
2583 4742 2702 4795 qua:
2737 4735 2865 4781 sunt
2892 4726 3092 4781 diversi
3117 4730 3349 4797 generis.
3374 4728 3500 4782 llaec

1939 4823 2145 4884 omnia,
2179 4828 2234 4875 et
2265 4819 2310 4874 si
2341 4817 2470 4886 quid
2500 4815 2651 4889 aliud
2693 4817 2747 4870 in
2780 4817 2981 4886 plantis
3011 4818 3217 4871 invenit
3248 4833 3338 4873 ars
3388 4818 3497 4872 vim

1939 4914 2169 4968 aﬁerens
2224 4918 2433 4964 natura;
2476 4926 2489 4961 :
2538 4923 2658 4975 quae
2722 4906 2940 4976 quidem
3008 4910 3130 4961 vita:
3191 4924 3323 4963 usus
3387 4920 3498 4963 non

1941 5001 2194 5073 requirit,
2228 4997 2457 5068 requirit
2491 5004 2671 5052 autem
2700 4996 2975 5067 cupiditas
3006 5014 3125 5067 quae
3157 4999 3413 5068 castigari
3442 5007 3497 5053 et

1942 5094 2184 5152 coerceri
2244 5108 2353 5146 non
2420 5097 2643 5160 potest;
2705 5090 2819 5145 haec
2876 5091 2931 5145 in
2986 5090 3159 5147 hortis
3207 5092 3499 5146 artiﬁciose

1941 5188 2186 5245 colendis
2219 5185 2358 5241 facta
2398 5200 2521 5240 esse
2552 5184 2684 5238 dicit
2712 5183 2757 5237 is
2786 5186 2879 5253 qui
2909 5199 3008 5239 sua
3052 5185 3322 5239 enuntiat.
3361 5183 3498 5237 Nam

1939 5282 2034 5353 qui
2071 5279 2226 5342 dixit,
2264 5294 2283 5327 ι
2318 5274 2569 5329 Plantavi
2597 5290 2756 5330 omne
2794 5276 2997 5344 lignum
3031 5274 3373 5329 fructiferum
3406 5292 3421 5328 :
3468 5292 3489 5325 ι

1942 5374 2045 5427 hac
2084 5384 2215 5423 voce
2248 5382 2370 5438 quae
2418 5367 2584 5420 multa
2618 5366 3023 5434 complectitur,
3080 5365 3319 5421 ostendit
3361 5364 3500 5419 nihil

1941 5479 2129 5521 eorum
2162 5460 2422 5516 defuisse.
2456 5456 2659 5512 Deinde
2689 5466 2809 5527 post
2858 5457 3137 5513 subdiales
3174 5456 3419 5518 delicias,
3446 5464 3501 5512 et

1944 5571 2065 5625 quae
2110 5563 2237 5608 sunt
2276 5551 2379 5607 sub
2419 5556 2584 5613 tecto,
2627 5564 2695 5603 ne
2727 5563 2869 5618 aqua
2917 5548 3133 5617 quidem
3174 5548 3501 5619 relinquitur

1943 5644 2157 5702 inutilis
2208 5643 2276 5698 ad
2332 5641 2631 5711 voluptates
2677 5638 3056 5705 conferendas,
3100 5647 3286 5711 utpote
3350 5637 3498 5712 quod
