3986 6490
541 413 646 471 663

1761 420 1820 479 S.
1855 420 2180 490 GBEGOBII
2214 422 2508 491 NYSSEN

3658 426 3757 500 ost

537 529 787 601 oporteat
817 530 870 585 in
901 530 1159 592 omnibus
1183 530 1466 591 elementis
1496 549 1554 591 se
1581 537 1801 607 explere
1828 539 2040 597 deliciis
2075 560 2089 602 :

2193 541 2354 613 λίμνη
2373 541 2435 600 τὸ
2451 541 2646 618 ιδαφος
2669 539 2896 610 γίνεται,
2918 539 3178 618 κυκλόθεν
3195 538 3758 612 περιοικοδομηθέντες

539 621 596 674 in
625 629 769 676 terra
803 627 898 690 per
926 635 988 676 ea
1025 636 1146 691 quae
1173 631 1300 678 sunt
1331 624 1381 679 ei
1421 627 1826 701 convenientia.
1875 631 1930 685 in
1971 646 2098 687 aere

541 726 638 782 per
655 711 910 777 arbores,
956 712 1011 768 in
1049 727 1189 783 aqua
1222 730 1320 785 per
1351 731 1501 780 mare
1550 731 1714 774 manu
1774 719 1996 776 factum.
2027 719 2097 778 Ut

539 803 684 857 enim
736 817 889 871 aquae
947 811 1228 874 aspectus
1263 807 1520 878 deceptos
1573 810 1808 866 oblectet
1867 812 2094 877 oculos,

539 894 715 948 Iulum
753 895 812 948 fit
860 895 1035 960 lacus,
1072 914 1212 969 aqua
1259 902 1314 956 in
1347 902 1534 957 orbem
1580 903 2094 959 circumsediftcata:

539 993 676 1039 utet
703 977 927 1042 natatus
973 987 1303 1060 voluptatem
1358 992 1550 1049 aﬂ'erat
1630 994 1698 1049 iis
1744 996 1838 1064 qui
1869 1011 2098 1066 corpora

535 1076 847 1132 exhilarant
879 1097 892 1133 :
925 1087 978 1134 et
1007 1079 1250 1138 deﬂuens
1284 1082 1478 1142 hortos
1511 1083 1704 1140 reddat
1732 1083 2094 1151 ﬂorentiores,

538 1176 599 1224 ut
622 1185 742 1240 quze
770 1171 916 1226 omni
943 1189 1010 1227 ex
1045 1183 1200 1244 parte
1233 1175 1596 1232 distribuatur
1619 1176 1685 1231 ad
1719 1193 1877 1234 usum
1907 1193 2094 1234 eorum

536 1277 660 1332 quae
716 1263 1038 1334 irrigantur.
1103 1285 1122 1318 ι
1163 1263 1287 1321 Feci
1335 1267 1504 1330 enim,
1565 1286 1584 1320 ι
1639 1268 1837 1339 inquit,
1893 1288 1912 1322 ι
1963 1270 2097 1332 mihi

534 1347 780 1424 piscinas
817 1369 1105 1426 aquarum.
1137 1365 1196 1411 ut
1228 1358 1296 1412 iis
1325 1358 1542 1428 irrigein
1578 1359 1776 1413 saltum
1802 1359 1946 1429 ligna
1972 1376 2098 1431 ger-

539 1445 856 1500 minantem.
871 1464 889 1498 »
916 1445 1017 1502 llic
1029 1455 1145 1501 erat
1165 1447 1298 1502 mihi
1323 1446 1444 1502 fons
1467 1447 1829 1518 liorti,nempe
1849 1449 2097 1504 doctrina

542 1537 825 1600 virtutum,
857 1552 954 1608 per
994 1553 1154 1607 quam
1219 1538 1415 1593 animae
1462 1539 1683 1600 siccitas
1734 1541 2094 1606 irrorabatur,

541 1629 869 1698 contemptis
892 1629 1049 1699 aquis
1073 1631 1329 1694 terrenis,
1357 1645 1588 1700 quarum
1625 1641 1757 1687 usus
1782 1640 1835 1686 et
1863 1631 2098 1699 delecta-

535 1717 614 1773 tio
664 1732 748 1775 est
794 1729 1169 1791 temporanea,
1230 1721 1375 1777 ﬂuxa
1431 1731 1610 1780 autem
1669 1733 1726 1778 et
1780 1725 2096 1780 transitoria

2195 632 2289 687 τοῦ
2341 632 2530 697 ὕδατος
2555 649 2569 663 °
2609 632 2685 696 ὡς
2712 632 2778 694 ἂν
2826 633 2918 708 καὶ
2967 627 3167 703 ita/ﬁet;
3216 630 3410 706 ἡδονὴν
3453 629 3610 701 φέροι
3651 630 3758 693 τοίς

2196 724 2640 796 φαιδρυνομένοις
2671 724 2738 797 τὰ
2767 723 3024 795 σώματα·
3055 723 3150 801 καί
3192 723 3253 785 ab
3277 722 3566 795 ἀπορρέον,
3605 719 3758 776 εὑθα-

2196 816 2481 888 λεστέρους
2518 817 2876 889 παραδείσους
2919 816 3315 889 κατασκευάζοι
3352 816 3601 889 πανταχῇ
3629 811 3759 888 πρὸς

2195 909 2293 971 τὰς
2308 909 2490 980 χρείας
2505 907 2611 963 τῶν
2627 908 2940 980 ἀρδομένων
2951 908 3430 984 κοιτασχιζὸμενον.
3443 925 3461 958 ι
3501 904 3760 974 Ἐποίησα

2196 1000 2303 1071 γάρ
2332 1017 2442 1069 μοι’
2483 1018 2503 1052 ³
2533 1001 2683 1071 φησὶν
2730 1020 2748 1055 ι
2787 999 3174 1070 κολυμϐήθρας
3203 999 3432 1062 ὑδάτων,
3463 996 3556 1074 τοῦ
3612 993 3758 1049 ποτί-

2198 1106 2286 1158 σαι
2317 1089 2411 1144 ἀπ’
2439 1089 2617 1161 αὐτῶν
2635 1089 2835 1161 δρυμὸν
2862 1089 3106 1160 βλαστῶν
3132 1087 3202 1142 τά
3234 1088 3384 1153 ξύλα.
3422 1107 3441 1140 ι
3492 1087 3556 1144 Ἦ
3589 1085 3648 1138 δέ
3674 1101 3758 1155 μοι

2193 1174 2263 1252 ἦν
2292 1181 2328 1252 ἠ
2351 1179 2444 1234 τοῦ
2491 1180 2818 1256 παραδείσου
2869 1181 3018 1251 πηγή
3041 1196 3053 1208 ·
3083 1179 3380 1242 τουτέστιν,
3425 1179 3459 1248 ἡ
3485 1176 3595 1242 τῶν
3634 1176 3757 1246 ἀρε-

2195 1271 2302 1325 τῶν
2334 1271 2648 1333 διδασκαλία
2669 1312 2683 1336 ,
2726 1273 2793 1326 δι’
2825 1269 2892 1344 ἦς
2921 1273 2950 1344 ὁ
2980 1273 3077 1341 τῆς
3109 1271 3284 1342 ψυχῆς
3314 1270 3522 1340 αὐχμὸς
3558 1267 3758 1338 ὲδροσίο

2194 1359 2349 1428 ζετο,
2378 1363 2646 1435 ὑπεριδὼν
2683 1363 2791 1417 τῶν
2823 1364 3026 1435 γηΐνων
3068 1363 3294 1432 ὑδάτων,
3330 1355 3404 1422 ὧν
3434 1360 3758 1434 πρόσκαιρος

2199 1452 2298 1524 μὲν
2324 1455 2358 1525 ἡ
2383 1454 2698 1520 ἀπόλαυσις,
2730 1454 2996 1526 παροδικὴ
3025 1453 3081 1510 δὲ
3105 1456 3138 1524 ἡ
3165 1452 3345 1523 φύσις.
3365 1450 3578 1514 Οὐκοῦν
3610 1451 3759 1519 ἀμει-

2195 1564 2284 1600 νον
2313 1546 2378 1602 ἂν
2410 1548 2495 1618 ειη
2517 1548 2618 1618 τῆς
2644 1548 2794 1612 θείας
2823 1548 3027 1620 πηγῆς,
3056 1547 3125 1600 δι’
3153 1542 3219 1617 ἧς
3242 1547 3298 1600 αἱ
3322 1544 3518 1616 ἀρεταὶ
3536 1543 3638 1612 τῆς
3661 1542 3758 1612 ψυ-

2195 1640 2299 1708 χῆς
2339 1637 2628 1709 ἐκφύονται
2680 1639 2773 1692 καὶ
2824 1637 3108 1709 ἄρδονται.
3152 1635 3409 1708 βραχεῖαν
3459 1635 3761 1702 ἀπόρροιαν

2196 1707 2410 1793 ἑαυτοῖς
2438 1707 2790 1800 ὀχετηγῆσαι,
2817 1707 2892 1791 ὡς
2919 1729 2986 1782 ἂν
3009 1728 3070 1782 τὸ
3092 1707 3202 1783 τῶν
3229 1725 3453 1795 ἀγαθῶν
3481 1723 3760 1792 ἐπιτηδευ-

537 1819 752 1867 natura.
819 1810 963 1866 Nihil
1003 1828 1134 1884 ergo
1198 1813 1364 1871 fuerit
1420 1814 1613 1870 melius
1664 1829 1826 1884 quam
1871 1831 1902 1871 e
1949 1814 2093 1872 fonte

2200 1820 2386 1891 μάτων
2413 1820 2572 1885 ἄλσος
2620 1821 2679 1872 ὲν
2713 1823 2833 1884 ταῖς
2874 1820 3070 1892 ψυχαῖς
3101 1821 3259 1892 ἡμῶν
3291 1818 3508 1880 θάλλοι,
3544 1816 3635 1871 διὰ
3670 1813 3759 1868 τοῦ

535 1899 742 1966 divino,
777 1918 872 1972 per
904 1918 1065 1973 quem
1103 1904 1299 1960 animae
1330 1904 1556 1960 virtutes
1603 1907 1854 1959 oriuntur
1887 1913 1940 1961 et
1970 1907 2093 1961 irri-

2204 1911 2410 1984 Κυρίου
2429 1912 2589 1982 ἡμῶν
2632 1911 2806 1982 Ἰησοῦ
2848 1891 3174 1984 Χριστοῦ,
3201 1913 3234 1981 ἡ
3258 1910 3384 1976 δόξα
3417 1910 3514 1965 καὶ⁸
3541 1908 3603 1963 τὸ
3636 1904 3764 1978 κρά-

546 2002 761 2062 gantur,
793 1996 1011 2051 brevem
1033 1997 1267 2068 aliquem
1297 1995 1500 2056 ﬂuxum
1521 1996 1786 2060 derivare,
1816 2008 1877 2051 ut
1901 2014 2094 2054 nemus

2203 2019 2291 2064 τος
2319 2003 2397 2064 είς
2417 2003 2542 2066 τοὺς
2567 2001 2767 2067 αἰῶνας
2787 2002 2896 2057 τῶν
2919 2003 3149 2056 αἰώνων.
3201 2001 3399 2071 Ἀμήν.

546 2089 813 2144 bonorum
839 2089 1142 2144 studiorum
1177 2095 1234 2144 et
1293 2103 1516 2158 Operum
1580 2089 1635 2144 in
1663 2089 1871 2145 nostris
1899 2092 2163 2160 germinet
2195 2093 2418 2148 animis.
2449 2093 2554 2148 Per
2587 2093 2876 2153 Dominum
2913 2102 3161 2149 nostrum
3195 2091 3383 2148 .lesum
3431 2089 3714 2146 Christum
3743 2128 3761 2155 ,

543 2167 632 2267 cui
665 2182 834 2254 gloria
872 2185 926 2238 in
961 2183 1156 2239 saecula
1188 2177 1530 2239 saeculorum.
1557 2184 1750 2238 Amen.

1114 2315 1402 2398 noMILIA
1435 2318 1525 2400 tv.

609 2455 789 2513 Locus
817 2457 1182 2514 confessionis
1207 2457 1510 2512 orationem
1542 2455 1703 2513 nobis
1744 2455 1922 2512 adhuc
1960 2456 2098 2512 deti-

537 2557 650 2604 net.
685 2533 787 2614 Qui
817 2549 960 2604 enim
992 2563 1091 2604 sua
1127 2559 1332 2616 narrat,
1362 2550 1546 2604 omnia
1578 2549 1690 2604 fere
1719 2550 2092 2620 persequitur,

536 2624 636 2712 per
652 2656 770 2711 quae
799 2629 961 2710 hujus
989 2643 1113 2696 vita:
1135 2656 1312 2698 rerum
1340 2642 1551 2696 vanitas
1574 2641 1904 2712 agnoscitur.
1939 2641 2096 2697 Nunc

537 2717 714 2787 autem
747 2720 911 2786 veluti
943 2732 1236 2802 quamdam
1274 2732 1535 2799 majorem
1581 2733 1757 2802 tangit
1802 2734 2098 2803 reprelien-

537 2825 768 2886 sionem,
795 2839 989 2894 nempe
1020 2833 1073 2880 et
1106 2839 1228 2893 quae
1253 2824 1322 2878 ab
1352 2825 1470 2894 ipso
1510 2823 1654 2878 facta
1693 2833 1839 2890 sunt,
1875 2823 1940 2880 ex
1973 2824 2098 2896 qui-

533 2915 637 2971 bus
669 2924 960 2971 accusatur
1001 2916 1194 2971 vitium
1238 2916 1529 2987 superbiae.
1578 2915 1719 2982 Quid
1754 2917 1898 2970 enim
1933 2917 1988 2971 in
2027 2917 2096 2973 iis

535 3021 654 3075 quae
687 3015 813 3062 sunt
835 3019 1171 3073 enumerata,
1196 3016 1406 3063 tantum
1439 3006 1570 3062 facit
1599 3007 1666 3062 ad
1692 3007 1917 3071 fastum,
1949 3024 2098 3064 nem-

536 3111 604 3168 pe
634 3098 830 3154 domus
861 3085 1206 3169 sumptuosa,
1229 3109 1282 3155 et
1317 3098 1608 3154 multitudo
1643 3099 1942 3166 vinearum,
1972 3101 2095 3155 hor-

535 3197 826 3260 torumque
856 3200 911 3246 ct
938 3207 1204 3261 aquarum
1242 3192 1614 3262 pulchritudo,
1650 3191 2092 3264 piscinarumque
2122 3223 2166 3283 ο

532 3283 892 3345 constructio,
925 3291 979 3336 et
999 3283 1284 3337 hortorum
1316 3284 1637 3354 amplitudo,
1664 3293 1925 3354 quantum
1947 3287 2092 3356 quod

533 3355 732 3443 quiest
765 3372 948 3438 homo,
983 3373 1224 3443 scipsum
1256 3374 1532 3429 existimat
1573 3375 1852 3430 dominum
1906 3355 2094 3432 eorum

531 3463 630 3533 qui.
657 3473 785 3519 sunt
828 3463 1084 3530 ejusdem
1110 3465 1270 3534 cujus
1312 3465 1429 3533 ipse
1464 3474 1548 3521 est
1595 3467 1848 3536 generis?
1915 3487 1934 3519 ι
1965 3467 2096 3524 Pos-

533 3554 647 3634 scdi
672 3557 840 3620 enim,
881 3575 898 3606 ›
937 3555 1135 3624 inquit,
1165 3572 1186 3607 ι
1221 3571 1411 3612 servos
1437 3564 1491 3612 et
1516 3558 1766 3619 ancillas.
1792 3569 1846 3613 et
1877 3557 2096 3614 fuerunt

533 3646 666 3698 mihi
697 3661 895 3701 vernae.
925 3668 942 3697 ι
983 3646 1149 3703 Vides
1164 3655 1433 3703 tumorem
1459 3649 1801 3719 arrogantiae.
1837 3649 1962 3704 Haec
1992 3664 2094 3706 vox

533 3746 718 3808 aperte
751 3737 1274 3808 insurgitadversus
1312 3737 1504 3793 Deum.
1545 3735 1738 3793 Omnia
1775 3739 1922 3794 enim
1977 3755 2094 3795 ser-

533 3831 648 3885 vire
678 3831 748 3891 ei,
784 3821 1012 3900 quaeest
1037 3845 1201 3900 supra
1236 3833 1441 3895 omnia,
1489 3831 1768 3900 potestati,
1821 3831 2094 3888 audiimus

532 3935 563 3974 a
591 3921 893 3990 prOphetia.
927 3919 1029 3987 Qui
1061 3931 1244 3975 autem
1280 3937 1440 3977 suum
1475 3921 1606 3975 facit
1635 3921 1686 3976 id
1722 3922 1865 3992 quod
1896 3937 1925 3975 a
1984 3921 2094 3976 Deo

529 4009 861 4080 possidetur,
893 4019 947 4064 et
990 4026 1095 4065 suo
1141 4012 1328 4082 generi
1349 4010 1474 4067 'eam
1521 4013 1713 4066 tribuit
1748 4021 2087 4083 potestatem,

529 4109 592 4154 ut
631 4116 691 4155 se
720 4109 871 4170 putet
899 4101 1182 4157 dominum
1219 4103 1458 4158 virorum
1488 4111 1542 4158 et
1601 4104 1910 4168 mulierum,
1961 4103 2092 4174 quid

531 4193 680 4248 aliud
711 4211 872 4264 quam
911 4205 1160 4249 naturam
1191 4205 1413 4266 superat
1433 4197 1704 4266 superbia.
1730 4198 1821 4267 qui
1851 4198 2092 4268 seipsum

530 4287 728 4354 aspicit
757 4295 1015 4356 tanquam
1049 4288 1253 4355 aliquid
1279 4289 1426 4340 aliud
1458 4289 1525 4342 ab
1557 4288 1623 4342 iis
1652 4291 1744 4358 qui
1788 4297 1915 4344 sunt
1961 4290 2092 4344 sub-

523 4376 702 4446 jecti?
740 4397 775 4436 ι,
822 4377 1044 4432 Possedi
1090 4395 1281 4433 servos
1335 4387 1390 4433 et
1449 4380 1701 4435 ancillas.
1738 4400 1756 4432 ι
1809 4381 2090 4436 Hominem

528 4468 862 4523 condemnas
888 4470 1186 4533 servitutis,
1223 4470 1381 4538 cujus
1408 4480 1492 4524 est
1524 4472 1713 4534 libera,
1742 4480 1796 4526 et
1822 4474 1904 4526 sui
1949 4473 2090 4542 juris

2807 2321 3050 2377 ΟΜῘΛΙΑ
3077 2325 3150 2374 A'.

2266 2460 2390 2517 Ἔτι
2410 2463 2542 2533 ἡμῖν
2568 2461 2597 2512 ό
2620 2459 2718 2531 τῆς
2741 2458 3034 2530 ἐξομολογή
3043 2474 3179 2522 σεως
3201 2455 3366 2518 τόπος
3394 2447 3766 2523 παρακατέχει

2191 2552 2287 2610 τὸν
2309 2553 2483 2622 λόγον.
2508 2552 2692 2608 Πάντα
2719 2551 2826 2623 7&9
2856 2550 3038 2620 σχεδὸν
3067 2548 3400 2618 διεξέρχεται
3421 2545 3450 2598 ὁ
3473 2542 3546 2600 τὰ
3579 2537 3767 2598 ἑαυτοῦ

2195 2646 2570 2720 διηγούμενος,
2612 2645 2680 2698 δι’
2709 2639 2784 2699 ὧν
2811 2645 2919 2698 τῶν
2959 2642 3105 2698 κατά
3131 2642 3223 2696 τὸν
3267 2640 3378 2711 βίον
3403 2636 3600 2692 τοῦτον
3633 2651 3767 2706 πρα-

2195 2739 2420 2810 γμάτων
2455 2740 2488 2810 ἡ
2537 2738 2837 2810 ματαιότης
2877 2734 3220 2807 γνωρίζεται.
3273 2731 3387 2785 Νῦν
3423 2729 3483 2783 δὲ
3517 2727 3768 2796 καθάπερ

2199 2829 2442 2904 μείζονός
2485 2843 2630 2893 τινος
2677 2827 3010 2900 κατηγορίας
3059 2826 3287 2882 ἅπτεται
3329 2822 3438 2876 τῶν
3471 2820 3626 2890 αὑτῷ
3677 2836 3765 2871 πε-

2195 2921 2544 2995 πραγμένων,
2579 2923 2638 2987 ἐξ
2667 2916 2741 2976 ὧν
2773 2920 2833 2975 τὸ
2858 2920 3000 2978 κατὰ
3021 2917 3118 2989 τὴν
3147 2915 3528 2987 ὑπερηφανίαν
3553 2910 3765 2968 διαϐἀλο

2192 3012 2342 3071 λεται
2393 3012 2585 3076 πάθος.
2643 3012 2709 3065 Τί
2755 3010 2864 3082 γὰρ
2914 3009 3164 3064 τοσοῦτον
3207 3009 3286 3071 είς
3331 3005 3499 3075 τύφον
3554 3007 3614 3058 ἐν
3663 3005 3797 3064 τοῖς

2193 3103 2671 3176 ἀπηριθμημένοις
2700 3103 2867 3165 ἐστὶν,
2904 3097 3050 3164 οἶκος
3089 3098 3402 3168 πολυτελὴς,
3437 3097 3536 3150 καὶ
3568 3093 3766 3164 πλῆθος

2195 3195 2472 3266 ἀμπέλων,
2513 3195 2608 3248 καὶ
2640 3195 2673 3266 η
2708 3195 2764 3246 ὲν
2796 3194 2992 3261 κήποις
3025 3189 3144 3262 ὥρα
3184 3190 3280 3242 καί⁵
3313 3189 3423 3241 τῶν
3456 3186 3696 3246 ὑδάτων,
3729 3184 3762 3254 ἦ

2194 3303 2254 3339 τε
2283 3285 2422 3339 κατὰ
2455 3285 2554 3349 τὰς
2591 3283 2975 3356 κολυμϐήθρας
3004 3281 3281 3344 σύστασις,
3305 3279 3400 3332 καὶ
3430 3280 3464 3348 ἡ
3498 3280 3558 3330 ὲν
3588 3291 3764 3343 παρα·

2190 3375 2385 3440 δείσοις
2419 3375 2679 3440 διάλυσις,
2714 3375 2837 3428 ὅσον
2873 3373 2934 3426 τὸ
2980 3371 3264 3443 ἄνθρωπον
3291 3370 3418 3424 ὄντα
3441 3409 3455 3428 ,
3498 3367 3765 3436 δεσπότην

2195 3466 2380 3520 ἑαυτὸν
2403 3467 2513 3519 τῶν
2539 3466 2827 3536 ὁμοφύλων
2855 3465 3097 3529 οἷεσθαις
3131 3481 3150 3514 ι
3199 3460 3554 3531 Ἐκτησάμην
3584 3477 3602 3509 ι
3637 3458 3762 3529 7&9,

2194 3558 2351 3628 φησὶ,
2395 3575 2414 3609 ι
2450 3557 2668 3621 δούλους
2700 3556 2796 3610 καὶ
2833 3555 3145 3618 παιδίσκας,
3177 3553 3270 3608 καὶ
3306 3551 3608 3617 οἰκογενεῖς
3645 3548 3763 3614 ὲγέ-

2192 3645 2342 3700 νοντό
2373 3663 2483 3717 μοι.
2535 3663 2556 3698 ι
2616 3646 2776 3717 Ὁρᾷς
2807 3645 2898 3699 τὸν
2938 3643 3100 3712 ὄγκον
3131 3642 3230 3712 τῆς
3261 3637 3611 3702 άλαζονείαςσ
3648 3636 3766 3706 Θεῷ

2193 3733 2450 3806 ἄντικρυς
2487 3736 2520 3804 ἡ
2565 3733 2784 3804 τοιαύτη
2830 3732 2981 3803 φωνὴ
3035 3729 3458 3800 ἁντεπαίρεται·
3505 3726 3575 3779 τὰ
3633 3727 3764 3793 σύμ-

2191 3841 2366 3897 παντα
2417 3825 2525 3896 7&9
2572 3823 2734 3877 δοῦλα
2789 3818 2928 3876 εἶναι
2976 3821 3075 3892 τῆς
3107 3822 3323 3892 πάντων
3361 3818 3764 3897 ὑπερκειμένης

2191 3841 2366 3897 πάντα
2417 3825 2525 3896 7&9
2572 3823 2734 3877 δοῦλα
2789 3818 2928 3876 εἶναι
2976 3821 3075 3892 τῆς
3107 3822 3323 3892 πάντων
3361 3815 3764 4001 ὑπερκῗένης

2191 3915 2470 3984 ἐξουσίας,
2507 3916 2657 3987 παρά
2685 3916 2785 3985 τῆς
2815 3912 3152 3986 προφητείας
3191 3910 3534 3980 ἠκούσαμεν.
3583 3909 3642 3960 '0
3671 3903 3766 3960 οὖν

2191 4008 2377 4078 κτῆμα
2413 4008 2606 4060 ἑαυτοῦ
2646 4008 2706 4060 τὸ
2739 4006 2833 4060 τοῦ
2864 4005 3000 4059 Θεοῦ
3037 4004 3225 4074 κτῆμα
3256 4001 3582 4072 ποιούμενος
3601 4041 3616 4065 ,
3647 4001 3766 4052 ἐπι-

2194 4101 2427 4172 μερίζων
2455 4117 2515 4153 τε
2540 4099 2618 4171 τῷ
2649 4099 2794 4168 γένει
2837 4099 2936 4168 τὴν
2969 4096 3286 4150 δυναστείαν
3304 4136 3319 4160 ,
3347 4094 3424 4158 ὡς
3464 4093 3677 4164 ἀνδρῶν
3707 4109 3766 4146 τε

2190 4191 2284 4245 καὶ
2329 4190 2601 4259 γυναικῶν
2643 4191 2832 4262 κύριον
2882 4189 3069 4245 ἑαυτὸν
3112 4186 3351 4249 οἴεσθαι,
3402 4183 3457 4240 τί
3494 4185 3623 4237 ἄλλο
3671 4185 3768 4236 καὶ

2189 4283 2312 4353 οὐχὶ
2355 4283 2617 4347 διαϐαίνει
2649 4285 2716 4353 τῇ
2761 4278 3104 4346 ὑπερηφανίᾳ
3145 4279 3241 4348 τὴν
3286 4278 3486 4346 φύσιν,
3531 4276 3662 4330 ἀλλο
3714 4292 3766 4328 τι

2190 4375 2382 4429 ἑαυτὸν
2415 4375 2568 4447 παρά
2594 4375 2717 4429 τοὺς
2738 4370 3069 4445 ἀρχομένους
3097 4370 3342 4438 meum;
3369 4390 3388 4422 ι
3411 4369 3768 4439 Ἑκτησάμην

2189 4467 2405 4530 δούλους
2431 4466 2523 4520 καὶ
2547 4462 2820 4520 παιδίσκα.
2841 4477 2860 4511 ι
2885 4459 3102 4530 Δουλείᾳ
3143 4459 3528 4524 καταδικάζεις
3552 4462 3645 4512 τὸν
3673 4460 3765 4512 dv-

528 4565 745 4621 natura,
782 4566 836 4613 et
877 4559 1044 4628 legem
1083 4559 1190 4613 fers
1224 4559 1487 4614 adversus
1549 4558 1738 4623 Deum,
1789 4563 2087 4616 naturalem

2193 4559 2438 4631 θρωπον,
2460 4552 2522 4613 οὗ
2548 4556 2858 4626 ἐλευθέραή
2907 4554 3069 4625 φύσις
3102 4556 3198 4608 καὶ
3241 4552 3624 4617 αὑτεξούσιος,
3671 4551 3768 4608 καὶ

528 4648 647 4719 ejus
672 4649 842 4718 legem
873 4660 1142 4706 evertens.
1173 4649 1306 4703 Eum
1345 4652 1490 4706 enim
1520 4653 1612 4720 qui
1645 4651 1766 4706 ideo
1801 4651 1976 4708 factus
2005 4661 2090 4708 est

529 4747 590 4794 ut
623 4751 767 4796 esset
800 4751 961 4796 terra:
1017 4743 1299 4804 dominus,
1349 4752 1401 4797 et
1463 4759 1623 4814 quem
1683 4751 1743 4797 ut
1801 4745 2090 4814 imperaret

528 4833 820 4887 constituit
863 4833 1113 4897 Creator,
1168 4849 1290 4886 eum
1353 4834 1562 4904 subigis
1615 4835 1747 4905 jugo
1785 4837 2085 4899 servitutis,

526 4932 790 4994 tanquam
818 4926 1005 4980 divino
1043 4935 1313 4996 praecepto
1358 4927 1620 4982 resistens
1651 4937 1706 4984 et
1753 4943 2083 5000 repugnans.

527 5016 817 5074 Oblitusnc
841 5035 902 5073 es
937 5020 1161 5088 quinam
1204 5028 1334 5074 sunt
1363 5020 1582 5074 termini
1613 5029 1720 5074 tua
1758 5022 2083 5092 potestatis;

525 5125 720 5178 nempe
749 5110 893 5178 quod
936 5111 1043 5164 huc
1075 5125 1247 5178 usque
1291 5117 1446 5164 tuum
1482 5110 1763 5165 deﬁnitum
1809 5113 1881 5167 sit
1916 5113 2086 5181 impe-

523 5193 711 5267 rium,
762 5212 821 5255 ut
882 5201 1073 5270 praasis
1137 5201 1315 5255 brutis
1367 5201 1776 5256 animantibus?
1815 5201 2086 5273 lmpereut

523 5279 697 5356 enim,
725 5275 927 5363 inquit,
961 5292 1278 5347 volucribus
1315 5299 1369 5346 et
1402 5293 1643 5362 piscibus
1682 5301 1736 5348 et
1779 5295 2087 5366 quadrupe-

523 5384 704 5441 dibus.
742 5385 1026 5451 Quomodo
1051 5385 1324 5454 praatcrita
1353 5400 1474 5453 quae
1493 5393 1599 5437 tua:
1629 5387 1815 5439 manui
1840 5388 2085 5454 subjecta

522 5485 608 5532 est
661 5478 944 5540 servitute,
1001 5475 1264 5530 adversus
1298 5477 1472 5544 ipsam
1522 5475 1747 5529 liberam
1806 5477 2086 5532 extolleris

524 5575 797 5631 naturam,
830 5568 883 5621 in
918 5563 1330 5633 quadrupedum
1367 5564 1450 5618 vel
1479 5564 1640 5617 etiam
1678 5564 2083 5633 (insectorum)

523 5657 753 5726 pedibus
789 5656 1093 5710 carentium
1129 5669 1414 5708 numerum
1447 5651 1690 5708 referens
1729 5654 1783 5708 id
1810 5655 1951 5724 quod
2000 5664 2087 5712 est

522 5749 765 5818 ejusdem
794 5749 1008 5818 generis
1030 5747 1055 5800 ’ἔ
1075 5767 1092 5798 ι
1128 5746 1323 5802 Omnia
1351 5749 1633 5816 subjecisti
1668 5745 1890 5809 homini,
1917 5765 1934 5798 ι
1973 5750 2086 5804 cla-

523 5849 636 5896 mat
664 5841 944 5912 Scriptura
984 5857 1080 5912 per
1110 5842 1472 5914 prophetiam,
1502 5852 1554 5900 et
1603 5844 1658 5901 in
1697 5841 1948 5899 eumdem
1998 5859 2086 5898 re-

2189 4650 2617 4720 ἀντινομοθετεῖς
2639 4647 2719 4718 τῷ
2743 4647 2878 4718 Θεῷ,
2910 4647 3235 4718 ἀνατρέπων
3260 4643 3426 4698 αὑτοῦ
3454 4644 3545 4697 τὸν
3576 4644 3671 4695 ἐπὶ
3701 4645 3768 4711 τῇ

2191 4743 2348 4814 φύσει
2377 4743 2558 4814 νόμον.
2590 4742 2694 4804 Τὸν
2722 4739 2830 4812 γάρ
2860 4740 2953 4793 ἐπὶ
2982 4738 3154 4809 τούτῳ
3176 4738 3490 4806 γενόμενον,
3516 4735 3604 4802 ἐφ’
3638 4729 3686 4802 ᾧ
3711 4751 3768 4784 τε

2188 4834 2375 4906 κύριον
2401 4830 2538 4888 εἶναι
2562 4834 2660 4903 τῆς
2681 4831 2804 4901 γῆς,
2835 4832 2928 4884 καὶ
2954 4833 3030 4894 είς
3055 4831 3226 4899 ἀρχὴν
3253 4828 3588 4896 τεταγμένον
3617 4826 3773 4894 παρὰ

2187 4926 2280 4979 τοῦ
2299 4925 2621 4988 πλάσαντος,
2641 4922 2830 4976 τοῦτον
2851 4922 3078 4990 ὑπάγεις
3099 4921 3176 4991 τῷ
3199 4923 3296 4990 τῆς
3318 4919 3567 4980 δουλείας
3590 4915 3769 4986 ζυγῷ,

2188 5015 2376 5088 ὥσπερ
2404 5015 2721 5069 ἀντιϐαίνων
2757 5029 2818 5066 τε
2856 5012 2950 5067 καὶ
2995 5011 3297 5082 μαχόμενος
3330 5007 3409 5078 τῷ
3439 5008 3570 5078 θείῳ
3598 5021 3772 5076 προσ-

2187 5111 2445 5179 τάγματι.
2509 5102 2849 5175 Ἐπιλέλησαι
2887 5104 2996 5156 τῶν
3040 5105 3138 5173 τῆς
3178 5101 3424 5166 ἐξουσίας
3469 5102 3652 5172 ὅρων,
3688 5101 3771 5152 ὅτι

2191 5219 2272 5256 σοι
2315 5199 2477 5270 μέχρι
2507 5200 2604 5269 τῆς
2630 5198 2736 5251 τῶν
2763 5197 2971 5265 ἀλόγων
3017 5194 3334 5256 ἐπιστασίας
3366 5195 3401 5264 ἡ
3431 5195 3574 5266 ἀρχὴ
3610 5210 3773 5264 mept-

2187 5293 2431 5363 ώρισται.
2460 5290 2797 5362 Ἀρχέτωσαν
2813 5290 2941 5359 γὰρ,
2965 5289 3117 5360 φησὶ,
3136 5288 3416 5353 πετεινῶν,
3436 5288 3533 5341 καὶ
3558 5287 3769 5358 ίχθύων

2189 5385 2281 5439 καὶ
2309 5382 2674 5456 τετραπόδων.
2722 5382 2846 5444 Πῶς
2877 5379 3160 5452 παρελθὼν
3191 5379 3286 5451 τὴν
3323 5379 3646 5451 ὑποχείριόν
3687 5394 3771 5431 σοι

2187 5475 2426 5530 δουλείαν
2468 5475 2586 5526 κατ’
2626 5473 2797 5542 αὑτῆς
2833 5471 3032 5543 ὲπάίρῃ
3069 5472 3168 5542 τῆς
3207 5471 3497 5541 ἐλευθέρας
3540 5469 3770 5539 φύσεως

2193 5567 2328 5640 μετά
2353 5567 2460 5621 τῶν
2483 5566 2827 5638 τετραπόδων
2859 5565 2892 5636 ἢ
2921 5565 3012 5617 καὶ
3039 5562 3148 5616 τῶν
3175 5563 3390 5617 ἀπόδων
3416 5562 3682 5633 ἀριθμῶν
3709 5559 3772 5613 τὸ

2187 5659 2486 5730 ὁμόφυλον;
2530 5676 2548 5708 ι
2573 5657 2751 5711 Πάντα
2779 5653 3046 5719 ὑπέταξας
3065 5651 3142 5724 τῷ
3164 5649 3451 5722 ἀνθρώπῳ,
3479 5672 3496 5704 ι
3533 5651 3648 5722 βοᾷ
3681 5651 3774 5709 διὰ

2189 5751 2288 5820 τῆς
2320 5748 2654 5820 προφητείας
2686 5749 2716 5799 ό
2749 5745 2920 5814 Λόγος
2940 5785 2954 5807 ,
2985 5746 3077 5798 καὶ
3110 5745 3214 5796 ὑπὸ
3256 5743 3488 5813 ἀριθμὸν
3518 5743 3655 5809 ἄγει
3702 5747 3773 5793 τὰ

2191 5842 2475 5914 ὑποχείρια
2504 5839 2579 5912 τῷ
2608 5839 2773 5910 λόγῳ,
2811 5855 2831 5888 ι
2852 5837 3038 5909 κτήνη,
3063 5836 3156 5891 καὶ
3175 5836 3298 5910 βόας
3321 5837 3415 5890 καί
3434 5831 3716 5905 πρόὸατα,
3744 5855 3761 5885 ι
