3986 6466
299 412 400 471 εδδ
492 426 501 433 .

1335 420 1403 476 ΙΝ
1444 420 1977 487 ECCLESIASTEN.
2014 430 2294 491 HOMILIA
2334 433 2422 490 IV.

3409 446 3518 503 666

291 534 381 639 Idi;
411 536 476 599 ἐκ
511 534 622 639 τῶν
643 540 853 610 κτηνῶν
882 560 965 599 σοι
998 549 1282 615 γεγόνασιν
1321 554 1626 626 ἄνθρωποι;
1657 558 1748 629 Μὴ
1790 576 1817 613 α

1954 564 2059 619 fert
2082 580 2365 620 numerum
2400 580 2522 634 quze
2554 564 2753 619 rationi
2803 573 2933 621 sunt
2960 567 3200 636 subjecta
3234 586 3253 620 ι
3294 584 3514 639 pecora,

291 627 411 727 βόες
440 644 536 727 Δσοι
571 628 671 700 τὴν
718 632 1061 708 ἀνθρωπίνην
1093 643 1252 712 γονὴν
1296 645 1695 715 ἐτεκνώσαντος
1737 627 1817 703 Mli

1951 656 2119 712 boves
2148 666 2202 712 et
2234 673 2362 712 oves
2386 658 2451 711 “.
2492 676 2511 710 ι
2540 656 2677 710 Num
2706 671 2770 712 ex
2804 660 3089 727 pecoribus
3116 660 3214 713 tibi
3250 662 3359 715 nati
3388 672 3516 717 sunt

288 721 396 791 γὰρ
435 721 645 781 δουλεία
664 725 771 783 τῶν
799 728 1100 797 ἀνθρώπων
1129 734 1197 785 τὰ
1223 735 1412 805 ἄλογα.
1457 738 1817 805 Ἐξανατέλλω

1950 748 2248 802 homines?
2275 747 2414 802 Num
2454 748 2551 803 tibi
2588 748 2753 804 boves
2805 721 3102 803 humanam
3159 764 3514 822 procrearunt

285 833 395 904 γὰρ
432 836 622 906 χόρτον
652 840 765 901 τοῖς
800 842 1071 912 κτήνεσιν,
1107 847 1201 899 καὶ
1226 848 1388 919 χλόην
1414 852 1478 922 τῇ
1505 851 1715 925 δουλείᾳ
1741 852 1817 905 τῶ

1949 838 2240 894 sobolem?
2274 839 2391 895 Una
2421 841 2567 895 enim
2597 839 2882 893 hominum
2913 841 3148 895 servitus
3172 852 3298 897 sunt
3327 844 3514 901 bestiae

283 925 605 997 ἀνθρώπων.
635 929 707 981 Σὺ
740 930 797 984 δὲ
821 930 918 1002 τὴν
952 933 1112 1002 φύσιν
1135 937 1377 1003 δουλείας
1404 942 1499 993 καὶ
1534 942 1817 1015 κυριότητο

1948 938 2201 999 expertes
2225 930 2455 984 rationis
2478 930 2543 981 “.
2572 928 2884 984 Producens
2910 932 3052 985 enim
3092 932 3271 987 fenum
3298 937 3511 1004 jumen-

284 1016 494 1085 σχίσας,
524 1019 691 1091 αὐτὴν
717 1021 878 1093 ἑαυτῇ
908 1024 1199 1092 δουλεύειν,
1228 1030 1322 1082 καὶ
1345 1032 1541 1103 ἐαυτῆς
1574 1034 1844 1105 κυριεύειν

280 1109 562 1179 ἐποίησας.
637 1133 655 1166 ι
680 1112 1019 1187 Ἑκτησάμην
1040 1119 1144 1191 γάρ
1162 1121 1373 1189 δούλους
1396 1125 1485 1179 καὶ
1506 1127 1802 1192 παιδίσκας.
1817 1148 1835 1181 ι

1951 1020 2043 1085 tis,
2078 1029 2134 1074 et
2178 1018 2396 1075 herbam
2429 1020 2678 1073 servituti
2711 1021 3015 1075 hominum.
3052 1022 3129 1077 Tu
3166 1036 3343 1081 autem
3394 1043 3511 1083 ser-

1943 1109 2135 1165 vitutis
2173 1118 2227 1166 et
2274 1110 2503 1165 dominii
2544 1112 2715 1166 scissa
2768 1118 2984 1174 natura,
3044 1114 3216 1183 ipsam
3268 1117 3371 1170 sibi
3407 1117 3509 1187 ipsi

277 1194 464 1266 Ποίας,
498 1203 616 1255 είπέ
659 1222 767 1274 μοι,
810 1207 1009 1276 τιμῆς;
1055 1208 1117 1261 Τί
1146 1205 1303 1283 εὗρες
1346 1214 1402 1266 ἐν
1451 1218 1561 1277 τοῖς
1593 1212 1711 1267 οὖσι
1743 1215 1811 1285 τῆ

1944 1203 2174 1264 servire,
2211 1210 2267 1257 et
2300 1201 2353 1255 in
2384 1203 2621 1273 seipsam
2650 1203 2990 1256 dominatum
3026 1206 3278 1261 obtinere
3307 1207 3505 1263 fecisti.

276 1292 492 1359 φύσεως
530 1294 733 1365 ταύτης
766 1298 1041 1365 ἁντάξιον;
1078 1301 1249 1354 Πόσου
1285 1303 1557 1374 κέρματος
1599 1306 1842 1376 ἐτιμήσω

273 1383 368 1436 τὸν
398 1383 586 1452 λόγον;
610 1387 800 1451 Πόσοις
825 1388 1027 1454 ὀϐολοῖς
1058 1392 1155 1463 τὴν
1180 1395 1362 1447 εἰκόνα
1380 1393 1472 1446 τοῦ
1501 1394 1633 1449 Θεοῦ
1680 1398 1833 1451 ἀντε-

271 1477 614 1547 σταθμησαςς
644 1478 824 1533 Πόσων
868 1483 1150 1552 στατήρων
1190 1484 1288 1556 τήν
1323 1484 1649 1539 θεόπλαστον
1677 1486 1837 1555 φύσιν

274 1563 727 1640 ἀπενεπώλησας;
760 1564 926 1626 Εἶπεν
951 1573 981 1624 6
1000 1571 1147 1640 Θεὸς,
1176 1593 1194 1627 t
1214 1576 1836 1648 ljgtjq'mge_y6y09m7tov

273 1654 393 1722 κεῖ
414 1657 607 1725 εἰκόνα
638 1661 1016 1731 ἡμετέρᾳνκαὶ
1036 1663 1304 1734 ὁμοίωσιν.
1331 1686 1349 1719 ι
1372 1666 1474 1719 Τὸν
1498 1669 1620 1722 καθ’
1650 1670 1833 1739 ὁμοιό-

270 1758 408 1812 τητα
435 1745 527 1798 τοῦ
554 1748 687 1800 Θεοῦ
711 1749 859 1813 ὄντα,
884 1752 977 1804 καὶ
1006 1752 1186 1823 πάσης
1213 1755 1445 1827 ἄρχοντα
1471 1758 1568 1829 τῆς
1590 1759 1712 1829 γῆς,
1740 1761 1831 1812 καὶ

269 1833 485 1886 πάντων
524 1837 630 1890 ⁴τῶν
676 1839 766 1891 ἐπὶ
808 1840 907 1910 τῆς
956 1842 1060 1914 γῆς
1104 1843 1200 1915 τὴν
1250 1844 1496 1911 ἐξουσίαν
1541 1832 1691 1918 παρὰ
1736 1849 1829 1902 τοῦ

269 1921 400 1975 Θεοῦ
443 1925 881 1998 κληρωσάμενον,
912 1932 996 1995 τίς
1027 1936 1055 1986 6
1081 1934 1448 2005 ἀπεμπωλὼν,
1481 1939 1634 2003 εἰπὲ,
1673 1940 1752 2005 τίς
1803 1943 1831 2009 6

268 2010 599 2083 ὠνούμενος;
640 2017 815 2072 Μόνου
843 2020 978 2074 Θεοῦ
1008 2024 1067 2075 τὸ
1088 2024 1376 2096 δυνηθῆναι
1396 2028 1553 2081 τοῦτο
1576 2047 1590 2062 ο
1632 2031 1830 2101 μᾶλλον

266 2101 321 2154 δὲ
361 2106 483 2157 ούδέ
521 2108 683 2161 αὑτοῦ
722 2112 903 2180 σχεδὸν
932 2115 1024 2166 τοῦ
1060 2116 1213 2169 Θεοῦ.
1251 2138 1268 2168 ι
1296 2119 1706 2191 Ἀμεταμέλητα
1724 2123 1830 2195 γὰρ

268 2196 485 2261 αὑτοῦ,ι
510 2200 659 2269 φησὶ,
684 2220 703 2251 t
725 2203 793 2254 τὰ
816 2205 1146 2276 χαρίσματα.
1162 2228 1179 2259 ι
1206 2210 1318 2262 υύκ
1349 2210 1415 2263 ἂν
1434 2208 1524 2265 οῦν
1544 2216 1571 2266 6
1590 2213 1719 2276 Θεὸς
1734 2215 1829 2285 τὴν

266 2306 426 2376 φύσιν
451 2309 924 2380 καταδουλώσειεν,
950 2315 1008 2379 ὃς
1025 2334 1085 2384 γε
1114 2318 1206 2371 καὶ
1226 2319 1561 2393 αὐθαιρέτως
1589 2324 1734 2393 ήμᾶς

261 2399 507 2470 ἁμαρτίᾳ
528 2400 887 2468 δουλωθέντας
914 2408 994 2469 εἰς
1022 2407 1332 2482 ἐλευθερίαν
1355 2413 1731 2470 ἀνεκαλέσατο.
1766 2416 1826 2467 Εἰ

258 2485 314 2537 δὲ
342 2489 370 2539 6
406 2487 537 2551 Θεὸς
568 2491 628 2543 ού
657 2491 832 2544 δουλοῖ
875 2493 1178 2567 ἐλεύθερον.
1208 2498 1291 2562 τίς
1321 2502 1349 2553 6
1390 2502 1695 2573 ὑπερτιθεὶς
1732 2503 1826 2556 τοῦ

256 2577 391 2631 Θεοῦ
425 2579 520 2651 τὴν
546 2582 709 2635 αὑτοῦ
739 2584 1091 2654 δυναστείαν;
1124 2589 1245 2653 Πῶς
1273 2591 1329 2644 δὲ
1363 2594 1454 2646 καὶ
1484 2590 1824 2665 πραθήσεται

254 2669 283 2721 6
310 2668 493 2741 ἄρχων
527 2672 703 2744 πάσης
739 2675 840 2744 τῆς
871 2677 977 2747 γῆς
1021 2680 1115 2731 καὶ
1156 2680 1261 2733 τῶν
1292 2683 1549 2751 ἐπιγείων
1578 2687 1822 2753 πάντων;

266 2756 503 2828 Ἀνάγκη
546 2761 652 2833 γάρ
702 2764 850 2817 πᾶσα
895 2766 990 2817 καὶ
1028 2766 1090 2819 τὸ
1120 2768 1308 2838 κτῆμα
1351 2770 1444 2823 τοῦ
1474 2773 1820 2844 πωλουμένου

254 2849 715 2903 συναποδὶδοσθαι.
777 2852 952 2907 Πόσου
982 2918 985 2919 ν
1012 2854 1119 2925 τῶν
1174 2858 1277 2923 ὑπὸ
1335 2862 1516 2913 πᾶσαν
1565 2862 1660 2933 τὴν
1719 2864 1822 2935 γῆν

250 2939 627 3013 τιμησόμεθα;
672 2943 734 2995 Εἰ
773 2943 829 2996 δὲ
867 2942 1037 2998 ταῦτα
1068 2948 1342 3019 ἀτίμητα,
1382 2953 1409 3005 6
1440 2952 1579 3024 ὑπὲρ
1627 2954 1819 3018 ταῦτα,

250 3028 408 3091 ποίας
437 3029 584 3094 ἄξιος
615 3031 797 3101 τιμῆς,
830 3034 1106 3107 εξπέομοις
1145 3037 1263 3090 Κᾶν
1305 3038 1394 3091 τὸν
1438 3040 1672 3111 κόσμον,
1704 3043 1821 3097 ὅλον

246 3118 439 3189 εἴπῃς,
467 3121 585 3174 οῦδὲ
609 3120 783 3189 οὕτως
816 3118 974 3197 εὗρες
998 3128 1095 3199 τὴν
1126 3129 1259 3200 πρὸς
1293 3131 1447 3197 ἀξίαν
1468 3135 1652 3204 τιμήν.
1684 3136 1817 3187 Ούᾶὲ

249 3213 358 3283 γὰρ
389 3211 510 3264 ὅλον
551 3209 671 3283 εἷπε
703 3216 793 3269 τὸν
819 3218 1021 3288 κόσμον
1066 3222 1093 3273 6
1138 3219 1292 3284 εἰδὼς
1329 3222 1427 3293 τὴν
1472 3225 1817 3296 ἀνθρωπίνην

248 3299 408 3369 φύσιν
443 3304 685 3374 ἀκριϐῶς
720 3308 976 3378 τιμᾶσθαι
1007 3309 1153 3374 ἄξιον
1190 3308 1330 3365 εἶναι
1374 3314 1473 3383 τῆς
1512 3315 1691 3387 ψυχῆς
1721 3317 1814 3368 τοῦ

246 3390 533 3463 ἀνθρώπου
558 3388 928 3471 ἀντάλλαγμα.
962 3400 1277 3474 Ἀνθρωπος
1305 3403 1481 3457 τοίνυν
1505 3406 1633 3461 ὅταν
1662 3407 1818 3470 ὤνιος

242 3479 300 3555 ἦ,
326 3484 480 3537 οὐδὲν
514 3486 698 3565 ἕτερον
732 3490 763 3560 ἦ
794 3491 820 3542 ὀ
850 3490 950 3561 τῆς
976 3493 1080 3563 γῆς
1126 3494 1310 3566 κύριος
1356 3496 1447 3549 ἐπὶ
1478 3496 1538 3549 τὺ
1571 3498 1819 3571 πωλητή-

246 3591 363 3646 ριον
403 3570 615 3646 ἀγεταιέ
648 3582 856 3635 Ούκοῦν
889 3587 1502 3657 συναποκηρυχθήσεται
1542 3590 1687 3661 αὐτῷ
1719 3591 1814 3661 δη-

242 3664 376 3737 λαδὴ
420 3670 514 3721 καὶ
544 3671 576 3741 ή
608 3670 924 3743 ὑπάρχουσα
972 3676 1165 3740 κτίσις.
1202 3677 1351 3748 Αῦτη
1398 3679 1453 3732 δέ
1495 3681 1609 3743 ἐστι
1646 3682 1717 3751 γῆ
1755 3698 1813 3734 τε

243 3758 338 3812 καὶ
367 3758 610 3813 θάλασσα
638 3762 732 3831 καὶ
767 3763 939 3833 νῆσοι,
972 3766 1065 3819 καὶ
1094 3767 1161 3820 τὰ
1190 3770 1245 3819 ἐν
1272 3769 1482 3833 τούτοις
1517 3772 1712 3825 πάντα.
1740 3772 1813 3824 Τί

241 3845 335 3903 οὖν
362 3851 727 3923 καταθήσεται
765 3855 1101 3927 ὠνούμενος;
1146 3859 1210 3911 Τί
1235 3860 1291 3912 δὲ
1317 3852 1544 3931 λήψεται
1570 3863 1814 3918 ἀποδιδό-

245 3956 427 4009 μενος,
454 3941 705 3995 τοσούτου
735 3946 1014 4015 κτήματος
1041 3948 1304 4017 ἑπομένου
1325 3949 1418 4002 τοῦ
1447 3951 1815 4023 συναλλάγμαο

239 4047 371 4096 τος;
406 4032 540 4085 ἀλλὰ
566 4033 626 4085 τὸ
663 4034 832 4104 βραχὺ
865 4036 1140 4106 βιϐλίδιον,
1181 4039 1273 4091 καὶ
1308 4041 1340 4111 ή
1385 4040 1811 4113 ἐγγεγραμμὲνη

242 4121 516 4193 συνθήκη,
544 4126 637 4178 καὶ
680 4128 712 4197 ἡ
744 4126 849 4179 τῶν
884 4128 1083 4182 ὀϐολῶν
1116 4130 1516 4202 ἅπαρίθμησις,
1548 4130 1810 4205 δεσπότην

241 4231 302 4268 σε
336 4216 436 4286 τῆς
467 4218 670 4280 εἰκόνος
706 4220 795 4272 τοῦ
835 4221 969 4283 Θεοῦ
1004 4218 1141 4275 εἷναί
1179 4240 1237 4276 σε
1280 4225 1576 4295 ἠπάτησεν.
1616 4228 1677 4278 Ὢ
1711 4229 1807 4297 τῆς

235 4304 444 4377 ἀνοίας.
470 4307 532 4360 Εἰ
560 4308 616 4360 δὲ
644 4310 896 4362 ἀπόλοιτο
927 4311 987 4363 τὸ
1027 4312 1369 4383 συμϐόλαιον,
1405 4305 1452 4366 εἶ
1484 4314 1540 4366 δὲ
1574 4315 1677 4369 ὑπὸ
1714 4332 1807 4386 ση-

236 4398 347 4452 τῶν
385 4400 707 4472 διαφθαρείη
757 4401 824 4455 τὰ
860 4404 1187 4474 γράμματα,
1234 4406 1281 4457 εί
1326 4406 1383 4458 δὲ
1419 4404 1610 4469 ὕδατός
1650 4406 1810 4460 ποθεν

236 4492 668 4562 παρεμπεσοῦσα
723 4495 873 4563 ῥανὶς
924 4494 1275 4564 ἐξαλείψειεν,
1331 4495 1435 4549 ποῦ
1487 4514 1569 4551 σοι
1610 4499 1678 4551 τὰ
1713 4500 1809 4570 τῆς

1948 1312 1966 1343 ι
2003 1294 2226 1348 Possedi
2266 1294 2410 1348 enim
2474 1309 2665 1349 servos
2719 1302 2774 1347 et
2814 1295 3062 1349 ancillas.
3110 1315 3128 1347 ι
3196 1297 3332 1362 Quo,
3395 1301 3506 1363 dic,

1938 1400 2146 1455 qumso,
2174 1387 2347 1455 pretio
2383 1387 2761 1456 comparasti?
2786 1386 2926 1452 Quid
2951 1388 3003 1440 in
3035 1388 3199 1443 rebus
3232 1392 3503 1457 invenisti,

1938 1476 2083 1545 quod
2127 1477 2290 1545 hujus
2321 1484 2534 1530 natura:
2566 1478 2740 1546 pretio
2768 1479 3119 1549 reSponderet
3146 1481 3162 1533 ἓ
3191 1479 3332 1545 Quot
3354 1498 3505 1535 num.

1937 1566 2042 1621 mis
2059 1568 2339 1620 aestimasti
2369 1567 2674 1621 rationem?
2698 1567 2838 1633 Quot
2855 1570 3046 1625 obolos
3073 1573 3377 1640 cxpendisti
3404 1588 3502 1643 pro

1936 1655 2030 1711 Dei
2080 1656 2361 1726 imagine?
2412 1656 2555 1722 Quot
2621 1660 2915 1713 stateribus
2944 1660 3122 1714 emisti
3155 1678 3275 1730 qu:e
3327 1678 3355 1715 a
3391 1662 3501 1717 Deo

1931 1746 2073 1801 faeta
2108 1746 2209 1801 fuit
2248 1749 2546 1802 naturam?
2582 1748 2727 1802 Dixit
2759 1749 2922 1815 Deus,
2961 1768 2979 1802 ι
3018 1750 3303 1808 Faciamus
3326 1755 3501 1808 homi-

1932 1856 2057 1895 nem
2082 1841 2145 1894 ad
2167 1841 2455 1910 imaginem
2480 1848 2533 1895 et
2553 1841 2966 1896 similitudinem
2984 1846 3303 1899 nostram“.
3320 1866 3337 1897 ι
3362 1848 3496 1900 Eum

1864 1926 1905 1983 Β
1932 1933 2024 2002 qui
2054 1934 2119 1986 ad
2144 1932 2236 1987 Dei
2272 1934 2448 1989 factus
2498 1941 2582 1988 est
2613 1935 3054 2001 similitudinem,
3114 1945 3167 1990 et
3198 1938 3291 2006 qui
3373 1941 3499 1992 uni-

1931 2034 2275 2082 verszeterrte
2312 2028 2629 2096 imperat,et
2654 2028 2746 2098 qui
2778 2030 3021 2083 omnium
3048 2047 3168 2100 quae
3187 2043 3496 2103 suntsupra

1931 2124 2129 2171 terram
2163 2126 2483 2187 potestatem
2503 2136 2533 2172 a
2558 2120 2664 2175 Deo
2684 2131 2766 2176 est
2783 2122 3136 2190 adeptus,dic
3160 2125 3285 2193 quis
3302 2137 3385 2180 est
3401 2126 3495 2195 qui

1929 2210 2148 2271 vendat,
2180 2210 2304 2279 quis
2341 2212 2432 2280 qui
2462 2222 2608 2265 emat
2634 2213 2657 2265 ?
2686 2212 2872 2269 Solius
2910 2214 3002 2269 Dei
3033 2226 3116 2270 est
3155 2217 3257 2272 hoc
3286 2234 3449 2287 posse
3477 2236 3493 2275 :

1928 2302 2038 2356 imo
2066 2316 2193 2355 vero
2227 2318 2293 2355 ne
2325 2304 2500 2371 ipsius
2523 2304 2741 2372 quidem
2774 2318 2875 2371 est,
2904 2323 3069 2378 prope
3091 2309 3343 2377 dixerim,
3377 2310 3491 2367 Dei.

1933 2406 1951 2438 ο
1990 2386 2119 2443 Sine
2138 2392 2454 2457 poenitentia
2484 2392 2651 2459 enim,
2679 2412 2696 2444 ι
2716 2394 2893 2464 inquit
2924 2436 2939 2459 ,
2997 2405 3124 2451 sunt
3180 2414 3198 2445 ι
3227 2399 3342 2466 ejus
3392 2401 3488 2455 do-

1926 2479 2092 2533 επιστ»
2113 2476 2225 2533 Non
2241 2494 2367 2549 ergo
2384 2480 2521 2538 Deus
2536 2493 2779 2539 naturam
2798 2486 3053 2556 redegerit
3068 2490 3117 2544 in
3151 2488 3494 2551 servitutem,

1925 2571 2016 2642 qui
2071 2571 2236 2626 etiam
2273 2588 2370 2626 sua
2405 2582 2599 2643 sponte
2650 2591 2753 2629 nos
2807 2578 3014 2646 peccati
3052 2580 3302 2634 servituti
3337 2580 3493 2633 addi-

1925 2652 2065 2724 ctos,
2116 2664 2350 2718 asseruit
2412 2664 2465 2718 in
2504 2664 2832 2720 libertatem.
2897 2666 2953 2720 Si
3008 2677 3189 2721 autem
3249 2668 3390 2725 Deus
3438 2671 3492 2724 id

1924 2753 2066 2822 quod
2094 2761 2178 2808 est
2212 2756 2443 2809 liberum
2475 2773 2584 2810 non
2628 2758 2823 2827 redigit
2864 2758 2919 2813 in
2953 2761 3271 2815 servitutem
3299 2781 3314 2826 ',
3369 2761 3495 2832 quis

1922 2855 2007 2900 est
2034 2846 2126 2915 qui
2153 2844 2243 2898 Dei
2276 2848 2530 2916 potestati
2568 2848 2786 2917 praefert
2812 2865 2966 2905 suam
3062 2850 3348 2917 Quomodo
3394 2868 3494 2907 au-

1923 2942 2028 2990 tem
2052 2936 2319 2991 vendetur
2347 2939 2438 3007 qui
2472 2947 2667 3007 pr:eest
2691 2941 2955 2996 universae
2980 2950 3139 2997 terra:
3162 2952 3213 2997 et
3240 2944 3493 3000 omnibus

1923 3043 2042 3097 qua:
2065 3036 2192 3082 sunt
2221 3044 2383 3097 supra
2431 3031 2679 3083 terram?
2708 3030 2947 3085 Omnino
2975 3034 3121 3087 enim
3157 3049 3380 3089 necesse
3407 3042 3493 3089 est

1921 3121 2085 3174 etiam
2111 3121 2273 3174 simul
2306 3122 2464 3175 vendi
2495 3122 2782 3178 facultates
2807 3125 2927 3193 ejus
2974 3125 3067 3194 qui
3122 3126 3487 3179 venundatur.

1924 3210 2123 3275 Quanti
2155 3212 2549 3267 mstimabimus
2580 3228 2643 3267 ea
2685 3230 2806 3283 qum
2867 3223 2997 3270 sunt
3044 3231 3209 3282 super
3271 3231 3486 3269 onlnem

1924 3302 2168 3355 terram'?
2190 3301 2345 3366 Quod
2381 3303 2425 3355 si
2449 3317 2511 3355 ea
2548 3310 2674 3355 sunt
2706 3304 3122 3369 inrestimabilia,
3155 3306 3341 3373 quanti
3373 3320 3491 3374 pre-

1922 3390 1981 3442 tii
2014 3398 2099 3444 est
2135 3391 2179 3445 is
2230 3391 2325 3459 qui
2382 3400 2467 3444 est
2496 3407 2662 3461 super
2697 3391 2812 3445 haec
2841 3393 3046 3456 omnia,
3100 3393 3209 3455 dic,
3261 3394 3489 3459 quaeso?

1920 3481 2144 3536 Etiamsi
2177 3482 2383 3537 dixeris
2408 3491 2579 3535 totum
2608 3484 2889 3546 mundum,
2927 3499 2994 3537 ne
3021 3484 3227 3553 justum
3266 3484 3484 3553 quidem

1918 3573 2150 3642 pretium
2182 3573 2408 3628 dixeris.
2440 3572 2543 3639 Qui
2574 3576 2721 3628 enim
2774 3575 3064 3627 humanam
3123 3577 3273 3628 novit
3322 3584 3482 3628 natu-
3532 3588 3537 3591 ‘

1919 3679 2058 3729 ram,
2094 3679 2193 3718 nec
2220 3672 2392 3718 totum
2425 3666 2645 3735 quidem
2698 3665 2961 3719 mundum
3005 3666 3143 3720 dixit
3195 3683 3317 3721 esse
3351 3668 3487 3721 satis

1910 3748 2119 3817 justum
2145 3757 2400 3826 pretium,
2428 3758 2573 3826 quod
2606 3756 2771 3812 detur
2823 3773 2923 3827 pro
2979 3760 3161 3812 anima
3219 3760 3480 3814 hominis.

1919 3846 2088 3901 Homo
2135 3862 2267 3917 ergo
2304 3850 2523 3917 quando
2571 3848 2737 3902 fuerit
2795 3850 3024 3912 venalis,
3081 3850 3216 3903 nihil
3249 3852 3393 3904 aliud
3428 3852 3479 3906 in

1916 3936 2094 3990 forum
2147 3935 2371 3991 ducitur
2398 3952 2559 4007 quam
2593 3946 2752 3992 terra!
2810 3938 3082 3993 dominus.
3127 3938 3300 3992 Simul
3354 3956 3485 4009 ergo

1915 4042 2039 4081 cum
2090 4043 2158 4082 eo
2248 4029 2461 4083 scilicet
2499 4030 2861 4083 venundanda
2912 4033 3381 4100 proclamabitur,
3427 4042 3484 4088 et

1916 4133 2037 4189 quae
2089 4126 2175 4174 est
2221 4129 2492 4175 creatura.
2553 4120 2626 4173 Ea
2658 4130 2944 4176 autemest
2984 4133 3038 4175 et
3062 4132 3207 4176 terra
3240 4134 3293 4178 et
3335 4139 3482 4178 mare

1915 4221 1969 4266 et
2008 4212 2217 4274 insulae,
2247 4220 2302 4265 et
2346 4227 2467 4281 qua}
2508 4212 2563 4265 in
2601 4214 2682 4268 his
2717 4223 2843 4267 sunt
2900 4216 3104 4270 omnia.
3161 4215 3303 4281 Quid
3353 4232 3482 4287 ergo

1915 4305 2088 4359 solvet
2114 4305 2206 4374 qui
2240 4305 2415 4359 emit?
2444 4304 2582 4372 Quid
2611 4314 2793 4360 autem
2856 4308 3086 4376 accipiet
3142 4310 3236 4378 qui
3271 4312 3479 4375 vendit,

1913 4414 2036 4453 eum
2068 4408 2410 4454 contractum
2451 4410 2599 4454 tanta
2630 4411 3002 4471 consequatur
3037 4404 3346 4472 possessio?
3374 4406 3478 4460 Sed

1914 4506 2113 4561 parvus
2144 4491 2379 4546 libellus.
2421 4500 2473 4546 et
2511 4494 2715 4563 scripta
2740 4496 3051 4559 conventio,
3101 4504 3153 4549 et
3194 4496 3479 4550 obolorum

234 4580 478 4645 δουλείας
500 4581 755 4652 ἐνέχυρας
786 4583 894 4636 Ποῦ
926 4601 1005 4636 σοι
1030 4584 1095 4637 τὰ
1116 4586 1216 4655 τῆς
1240 4585 1553 4653 δεσποτείας
1583 4590 1768 4659 ἐφόδια
1791 4609 1804 4655 ;

1920 4582 2257 4637 enumeratio
2291 4590 2343 4638 te
2390 4583 2604 4648 fefellit,
2637 4594 2695 4639 ut
2752 4592 2804 4640 te
2847 4597 3003 4655 putes
3048 4587 3328 4642 dominum
3384 4588 3474 4643 Dei

233 4674 402 4726 Οὐδὲν
436 4675 545 4747 γὰρ
585 4677 696 4747 ὁρῶ
730 4676 889 4729 πλέον
929 4678 1078 4747 παρὰ
1120 4678 1211 4731 τὸν
1253 4680 1562 4752 ὑποχείριον
1602 4684 1666 4735 ἐκ
1710 4682 1804 4736 τοῦ

231 4768 496 4837 ὀνόματός
536 4785 617 4821 σοι
647 4770 1071 4841 προσγινόμενον
1097 4811 1111 4836 ,
1147 4771 1282 4843 πλὴν
1310 4771 1402 4824 τοῦ
1430 4774 1709 4845 ὀνόματος.
1742 4775 1807 4827 Τί

240 4861 343 4931 (ἀρ
375 4862 441 4930 τῇ
476 4862 540 4930 σῇ
570 4860 727 4929 φύσει
761 4863 793 4931 ή
835 4862 1050 4927 ἐξουσία
1082 4864 1457 4934 προσέθηκεν;
1492 4866 1565 4918 Ού
1597 4867 1805 4937 χρόνον,

227 4952 291 5005 ού
320 4954 730 5023 προτερήματα·
769 4954 832 5005 ἐκ
855 4953 963 5005 τῶν
994 4952 1170 5007 αὐτῶν
1193 4955 1331 5024 σοιή
1366 4956 1597 5022 γένεσις,
1627 4958 1807 5027 ὀμοιό⁴

226 5061 429 5116 τροπος
471 5046 506 5115 ή
548 5045 688 5114 ζωὴ,
740 5043 882 5097 κατὰ
924 5044 985 5096 τὸ
1014 5040 1129 5097 ἶσον
1173 5046 1456 5115 ἐπικρατεῖ
1493 5048 1567 5101 τά
1608 5066 1665 5100 τε
1707 5050 1804 5119 τῆς

225 5136 411 5206 ψυχῆς
452 5137 547 5189 καὶ
585 5137 654 5189 τὰ
697 5137 790 5190 τοῦ
828 5135 1076 5206 σώματος
1112 5136 1282 5205 πάθη,
1328 5135 1420 5189 σοῦ
1471 5154 1529 5189 τε
1576 5137 1668 5190 τοῦ
1706 5157 1800 5191 κυ-

225 5230 504 5301 ριεύοντος
548 5231 643 5283 καὶ
665 5228 871 5284 ἐκείνου
893 5229 986 5282 τοῦ
1009 5228 1410 5299 ύπεζευγμὲνου
1430 5232 1496 5301 τῇ
1521 5230 1799 5301 κυριότητι

222 5316 412 5378 ὀδύναι
447 5324 541 5376 καὶ
570 5323 844 5394 εὐθυμίαι,
880 5320 1208 5393 εὐφροσύναι
1242 5322 1336 5373 καὶ
1363 5319 1680 5390 ἁδημονίαι,
1708 5320 1799 5373 λύέ

219 5436 328 5471 παι
369 5416 462 5470 καὶ
488 5416 700 5487 ἡδοναὶ,
734 5415 892 5485 θυμοὶ
921 5415 1014 5466 καὶ
1044 5412 1218 5481 φόϐοι,
1250 5410 1394 5465 νόσοι
1427 5412 1519 5464 καὶ
1553 5412 1791 5464 θάνατοι.

221 5512 319 5581 Μή
360 5526 443 5574 τις
472 5510 529 5561 ἐν
557 5508 763 5570 τούτοις
794 5505 1025 5577 διαιρορᾶ
1070 5504 1205 5574 πρὸς
1245 5503 1335 5555 τὸν
1361 5503 1542 5556 δοῦλον
1576 5503 1652 5573 τῷ
1699 5522 1797 5557 κυ-

223 5598 487 5672 ριεύοντι;
520 5599 592 5651 Ού
616 5599 705 5651 τὸν
727 5597 885 5650 αὑτὸν
906 5596 1153 5650 ἕλκουσιν
1178 5596 1318 5667 ἀέρα
1347 5595 1435 5647 διὰ
1463 5594 1555 5647 τοῦ
1586 5596 1796 5665 ἄσθμα-

217 5703 351 5755 τοςς
383 5689 496 5759 Οὐχ
522 5688 778 5751 ὡσαύτως
805 5686 971 5759 ὁρῶσι
1008 5686 1098 5738 τὸν
1134 5686 1316 5755 ἥλιον;
1348 5687 1458 5758 Ούχ
1492 5686 1691 5757 ὁμοίως
1727 5689 1792 5757 τῇ

1915 4676 2189 4746 imaginis.
2216 4674 2261 4729 Ο
2287 4677 2621 4730 amentiam!
2661 4677 2765 4732 Sed
2800 4679 2844 4732 si
2889 4686 3075 4748 pereat
3126 4686 3477 4741 contractus.

1912 4768 1957 4821 si
1988 4783 2018 4820 a
2050 4769 2208 4820 tineis
2243 4782 2482 4820 corrosze
2513 4766 2716 4821 fuerint
2753 4769 2968 4831 litterae,
3002 4778 3097 4824 aut
3138 4771 3184 4825 si
3226 4770 3481 4825 alicunde

1910 4858 2159 4913 incidens
2208 4874 2361 4928 aqua:
2404 4868 2554 4927 gutta
2597 4860 2896 4925 deleverit,
2962 4862 3182 4915 ubinam
3219 4863 3316 4916 tibi
3351 4870 3482 4918 sunt

1908 4950 2221 5003 dominatus
2253 4959 2592 5019 argumenta,
2627 4967 2747 5019 qu:e
2781 4954 3017 5021 probant
3049 4962 3101 5008 te
3138 4970 3259 5023 esse
3296 4954 3477 5007 domi-

1909 5056 2037 5093 num
2062 5040 2085 5092 ?
2120 5039 2194 5093 Ex
2218 5056 2282 5093 eo
2317 5042 2462 5093 enim
2487 5042 2579 5109 qui
2609 5050 2692 5095 est
2719 5043 2822 5096 sub
2842 5059 3005 5097 manu
3030 5053 3140 5109 tua,
3167 5045 3300 5097 nihil
3328 5044 3475 5097 aliud

1909 5133 2004 5186 tibi
2035 5132 2193 5186 video
2222 5133 2480 5187 accedere
2508 5141 2706 5202 prteter
2747 5149 2964 5189 nomen.
3007 5135 3147 5200 Quid
3179 5136 3322 5189 enim
3376 5150 3475 5203 po-

1906 5233 2075 5278 testas
2106 5233 2196 5276 tua
2243 5223 2442 5291 adjecit
2475 5225 2724 5278 naturae?
2776 5243 2881 5279 non
2919 5236 3158 5297 tempus,
3220 5242 3326 5279 non
3363 5226 3473 5278 ulla

1908 5315 2205 5386 privilegia.
2248 5315 2322 5370 Ex
2359 5316 2551 5371 iisdem
2578 5318 2674 5371 tibi
2717 5328 2800 5371 est
2845 5328 3022 5381 ortus,
3072 5317 3261 5372 eodem
3309 5318 3473 5369 modo

1905 5426 1933 5461 a
1966 5408 2117 5463 vobis
2156 5409 2261 5462 vita
2292 5408 2527 5479 degitur,
2555 5426 2619 5464 ex
2654 5427 2814 5481 aequo
2845 5411 3196 5463 dominantur
3222 5410 3386 5463 animi
3418 5421 3473 5463 et

1904 5499 2151 5569 corporis
2193 5498 2528 5563 affectiones,
2567 5500 2621 5554 in
2658 5509 2709 5556 te
2755 5501 2846 5570 qui
2895 5516 2953 5554 es
2988 5500 3240 5554 dominus
3312 5508 3367 5554 et
3411 5500 3466 5554 in

1907 5593 2056 5645 illum
2089 5592 2179 5660 qui
2204 5598 2287 5645 est
2316 5592 2596 5659 subjectus
2617 5604 2709 5646 tuo
2740 5592 3006 5655 dominio,
3028 5606 3232 5646 mteror
3261 5600 3314 5646 et
3347 5592 3467 5644 ani-

1902 5686 1973 5740 mi
2011 5684 2286 5747 alacritas,
2323 5685 2509 5739 laetitia
2540 5695 2593 5741 et
2632 5685 2881 5751 tristitia,
2914 5684 3071 5739 dolor
3102 5693 3151 5739 et
3186 5685 3463 5756 voluptas.

300 5871 351 5907 “
385 5873 531 5931 Psal.
562 5888 678 5939 vm,
703 5873 753 5927 8.
832 5877 875 5907 ⁵⁵
913 5875 1059 5934 Psal.
1100 5895 1215 5945 CIII,
1252 5877 1333 5934 l4.
1413 5878 1456 5909 “
1494 5878 1625 5933 Gen.
1662 5894 1699 5942 ι,
1746 5876 1834 5931 9.6.
1912 5877 1956 5909 ⁸⁷
1997 5876 2147 5933 Rom.
2210 5892 2283 5941 xu,
2324 5876 2413 5931 29.
