3986 6512
513 456 616 512 687

1745 458 1801 516 S.
1842 460 2165 518 GBEGORII
2207 459 2500 518 NYSSENI

3633 460 3738 516 688

518 571 606 627 ira
639 579 694 629 et
719 579 922 634 metus,
954 569 1179 625 morbus
1199 575 1256 624 et
1283 584 1450 624 mors.
1481 568 1651 626 Estne
1673 571 1728 626 in
1755 573 1840 628 bis
1871 574 2083 644 aliquod

2187 575 2284 646 τῆς
2316 576 2519 645 τροφῆς
2552 573 2834 647 προσθήκῃ
2889 574 3208 647 συντηροῦσι
3250 575 3350 648 τὴν
3385 574 3579 644 φύσινς
3628 577 3736 646 Οὐχ

515 665 810 720 discrimen
841 663 981 715 inter
1013 677 1230 716 servum
1270 671 1326 716 et
1384 661 1710 716 dominum?
1749 664 1944 718 Annon
1983 681 2078 734 per

2185 667 2236 720 αί
2262 667 2420 719 αὑταὶ
2453 666 2561 719 τῶν
2599 666 2916 736 σπλάγχνων
2948 667 3314 734 κατασκευαί;
3347 668 3422 721 οὐ
3463 667 3562 738 μία
3595 667 3738 730 κόνις

519 755 815 810 anhelitum
845 752 1096 807 einnidem
1140 753 1368 828 trahunt
1395 755 1620 809 aerem?
1648 753 1766 808 Non
1825 756 2079 811 similiter

519 846 688 900 solem
722 843 1042 898 intuentur?
1071 841 1188 896 Non
1216 843 1402 898 eadem
1444 843 1718 897 nutrieudi
1774 841 2081 912 adjectione

520 952 672 991 suum
701 943 1027 988 conservant
1057 934 1357 988 naturam?
1384 931 1502 987 Non
1543 943 1630 987 est
1673 933 1860 988 eadem
1909 935 2082 990 visce-

519 1040 640 1077 rum
675 1023 1056 1076 constructio?
1084 1023 1280 1076 Annon
1319 1023 1479 1076 ambo
1511 1033 1638 1076 sunt
1673 1035 1794 1092 post
1854 1034 2078 1078 mortem

521 1131 663 1169 unus
694 1114 916 1184 pulvis?
960 1113 1075 1166 Non
1119 1129 1286 1168 unum
1330 1122 1414 1168 est
1443 1114 1761 1182 judicium?
1813 1114 1930 1168 Non
1993 1124 2078 1170 est

519 1221 808 1260 commune
855 1221 1100 1274 regnum,
1153 1215 1206 1259 et
1250 1205 1492 1274 gehenna
1533 1207 1893 1260 communis?
1956 1204 2062 1271 Qui

519 1295 745 1364 aequalis
784 1312 843 1351 es
871 1297 924 1350 in
955 1295 1228 1358 omnibus,
1273 1296 1326 1348 in
1381 1311 1512 1364 quo,
1548 1311 1755 1364 qua:so.
1818 1295 2072 1364 superior

522 1387 716 1452 fueris,
740 1398 796 1441 ut
824 1403 946 1444 cum
971 1388 1049 1442 sis
1076 1388 1256 1450 homo,
1284 1387 1563 1440 dominum
1586 1386 1825 1441 hominis
1847 1386 2077 1453 teipsum

523 1482 727 1547 putes?
753 1499 770 1529 ι
803 1477 868 1530 Ει
898 1478 1133 1547 possedi,
1171 1498 1188 1529 ι
1224 1479 1421 1546 inquit,
1446 1495 1464 1527 ι
1495 1493 1680 1532 servos
1702 1486 1756 1531 et
1780 1476 2027 1537 ancillas,
2054 1493 2072 1526 ι

521 1578 780 1639 tanquam
823 1585 1108 1639 caprarum
1150 1571 1361 1638 aliquos
1418 1577 1474 1625 et
1530 1585 1816 1640 porcorum
1867 1584 2077 1639 greges.

521 1657 655 1712 Nam
681 1675 803 1712 cum
838 1660 1087 1722 dixisset,
1122 1677 1142 1710 ι
1196 1657 1420 1713 Possedi
1451 1675 1638 1714 servos
1681 1668 1735 1714 et
1761 1660 2009 1723 ancillas,
2053 1676 2074 1708 ι

2179 758 2231 810 oi
2255 757 2346 811 δύο
2376 757 2511 828 μετά
2541 759 2633 811 τὸν
2665 758 2927 824 θάνατονς
2958 759 3090 829 Οὐχὶ
3120 759 3178 812 ἓν
3217 759 3276 812 τὸ
3313 761 3626 830 κριτήριονς
3664 759 3737 812 06

2183 846 2336 916 κοινὴ
2375 847 2636 917 βασιλεία,
2681 851 2776 902 καὶ
2822 850 3015 918 γέεννα
3057 850 3241 920 κοινής
3295 850 3353 903 ὐ
3392 853 3451 904 ἐν
3500 853 3637 904 πᾶσι
3680 851 3738 906 τὸ

2182 933 2296 990 ἴσον
2325 937 2480 1008 ἔχων,
2513 939 2570 990 ὲν
2591 937 2697 991 τίνι
2724 939 2784 993 τὸ
2815 939 2974 992 πλέον
3003 939 3165 1010 έχεις,
3195 939 3335 1003 εἰπὲ,
3362 940 3501 994 ὥστε
3532 940 3739 1011 ἀνθρω-

2183 1044 2281 1080 πον
2317 1027 2443 1080 ὄντα
2469 1028 2732 1097 δεσπότην
2761 1029 3040 1101 ἀνθρώπου
3076 1030 3263 1084 ἑαυτὸν
3297 1031 3537 1096 οἷεσθαις
3573 1050 3594 1084 ι
3632 1032 3739 1086 Καὶ

2181 1119 2529 1189 ἐκτησάμην,
2583 1137 2601 1170 ι
2644 1118 2853 1189 λέγεις,
2900 1140 2918 1171 ι
2964 1120 3179 1185 δούλους
3227 1122 3321 1175 καὶ
3353 1121 3662 1186 παιδίσκας.
3712 1141 3733 1176 ι

2177 1206 2385 1278 Ὥσπερ
2404 1209 2646 1262 αίπόλιόν
2669 1227 2744 1274 τι,
2765 1210 2798 1280 ἢ
2827 1211 3115 1265 συοϐόσιον.
3140 1209 3322 1264 Εἰπὼν
3348 1211 3456 1284 γάρ
3474 1213 3556 1266 ὅτι
3612 1230 3631 1262 ι
3655 1211 3738 1266 Ἐ-

2182 1296 2456 1366 κτησάμεν
2470 1298 2678 1364 δούλους
2691 1304 2781 1358 καὶ
2804 1303 3108 1369 παιδίσκας,
3133 1324 3152 1357 ι
3180 1302 3486 1374 προσέθηκε
3535 1303 3634 1374 τὴν
3681 1305 3738 1356 ἐν

2181 1389 2294 1449 τοῖς
2328 1388 2594 1458 ποιμνίοις
2626 1390 2720 1442 καὶ
2750 1389 3043 1460 βουκολίοις
3079 1393 3557 1464 προγεγενημένην
3585 1394 3740 1446 εὐθυ-

2184 1477 2312 1556 μίαν
2349 1478 2514 1549 αὐτῷ.
2549 1498 2567 1530 ι
2613 1481 2718 1534 Καὶ
2744 1482 2933 1552 κτῆσις
2977 1501 2996 1534 ι
3030 1484 3161 1555 γὰρ,
3207 1485 3362 1557 φησὶ,
3399 1503 3418 1536 ι
3465 1485 3740 1555 βουκολίου

2182 1569 2274 1620 καὶ
2301 1569 2544 1638 ποιμνίου
2571 1570 2782 1638 ἐγένετό
2813 1588 2900 1640 μοι
2932 1572 3120 1645 πολλὴ,
3151 1595 3169 1627 ι
3198 1575 3273 1638 ὡς
3297 1577 3354 1626 ὲν
3379 1576 3446 1644 τῇ
3472 1575 3561 1644 ῐσῃ
3593 1571 3741 1637 τάξει

2183 1657 2388 1710 τούτων
2412 1674 2470 1710 τε
2497 1657 2765 1711 κάκείνων
2790 1658 3206 1730 ὑπεζευγμένων
3234 1665 3298 1732 τῇ
3328 1661 3566 1731 ἐξουσία.
3693 1657 3704 1668 ’

521 1750 721 1819 adjecit
749 1757 950 1819 quanta
979 1750 1080 1804 sibi
1148 1751 1300 1820 prius
1333 1750 1524 1807 fuisset
1558 1753 1896 1822 prosperitas
1935 1752 1990 1805 in
2017 1749 2190 1804 bobus
2218 1756 2272 1802 et
2329 1750 2544 1804 ovibus.
2622 1769 2640 1801 ι
2690 1750 2754 1804 Et
2802 1756 2994 1816 multa,
3021 1771 3058 1806 'r
3103 1754 3301 1824 inquit,
3372 1773 3392 1807 ι
3450 1757 3588 1813 mihi
3642 1757 3745 1813 fuit

522 1842 800 1911 possessio
833 1841 990 1894 boum
1022 1850 1078 1895 et
1115 1842 1329 1904 ovium,
1364 1860 1383 1894 ι
1418 1851 1604 1912 utpote
1654 1842 1799 1913 quod
1856 1843 1913 1898 in
1959 1841 2076 1912 pari
2115 1840 2307 1894 ordine
2335 1843 2619 1910 potestatis
2650 1851 2703 1897 ct
2728 1844 2842 1898 haec
2867 1852 2923 1898 et
2957 1844 3047 1898 illa
3075 1845 3320 1910 subjecta
3355 1858 3562 1904 essent.

592 1931 796 1987 Deinde
833 1941 955 2002 post
979 1932 1091 1987 haec
1132 1934 1199 1988 ad
1235 1935 1440 2003 majora
1475 1945 1699 2006 peccata
1734 1935 2076 2006 progreditur

2246 1927 2378 1986 Εἶτα
2409 1935 2500 1986 ἐπὶ
2523 1934 2727 1998 τούτοις
2761 1934 2864 2006 ὁδῷ
2912 1936 3152 2008 πρόεισιν
3175 1938 3268 1990 ἐπὶ
3310 1939 3380 1992 τά
3423 1941 3597 2009 μείζω
3641 1941 3748 1994 τῶν

519 2012 642 2092 ejus
653 2025 1030 2090 enuntiatio,et
1043 2025 1144 2080 sibi
1161 2026 1342 2082 inesse
1359 2026 1687 2084 vociferatur
1704 2030 1945 2082 omnium
1964 2043 2077 2081 ma-

521 2114 696 2168 lorum
733 2115 992 2180 radicem,
1021 2131 1212 2186 nempe
1233 2117 1536 2172 avaritiam.
1570 2115 1660 2171 Sic
1696 2117 1839 2171 enim
1866 2117 1998 2171 dicit
2021 2119 2076 2172 in

522 2211 781 2257 contextu
817 2204 1113 2258 dictionis:
1155 2224 1173 2256 ι
1205 2205 1410 2276 Collegi
1448 2207 1580 2261 mibi
1621 2215 1676 2262 et
1707 2219 1986 2276 argentum
2023 2217 2078 2263 et

521 2309 735 2349 aurum.
769 2314 786 2348 ι
816 2296 954 2362 Quid
979 2297 1122 2350 enim
1148 2299 1332 2351 nocuit
1358 2314 1552 2352 aurum
1588 2309 1730 2354 terra
1753 2300 2072 2364 immistum,

520 2391 574 2439 et
605 2385 658 2439 in
697 2386 804 2440 illis
832 2385 1060 2440 elluisum
1093 2387 1248 2449 locis,
1278 2387 1332 2440 in
1363 2388 1561 2456 quibus
1608 2404 1636 2441 a
1667 2389 1921 2445 Creatore
1967 2406 2076 2460 pn-

523 2475 688 2529 situm
737 2476 838 2529 l‘uit
886 2477 953 2530 ab
1002 2477 1205 2531 initio?
1243 2475 1512 2544 Quidnam
1545 2479 1642 2534 tibi
1671 2481 1793 2550 plus
1826 2482 2076 2537 utilitatis

521 2566 715 2622 afferre
739 2567 864 2623 fecit
891 2584 1070 2623 rerum
1093 2569 1274 2638 opifex
1296 2585 1459 2640 quam
1486 2570 1697 2626 fructus
1721 2573 1912 2627 terrae?
1936 2572 2072 2628 Num

521 2658 620 2713 tibi
671 2660 816 2714 solos
877 2660 1132 2714 arborum
1185 2661 1397 2716 fructus
1426 2671 1480 2716 et
1509 2665 1718 2718 semina
1771 2664 1961 2718 tribuit
2007 2665 2075 2720 ad

521 2755 920 2810 nutrimentum
943 2757 966 2810 ’ἒ
993 2757 1103 2809 Cur
1130 2754 1270 2811 datae
1296 2757 1582 2826 potestatis
1611 2757 1876 2813 terminos
1898 2765 2078 2813 trans-

523 2846 812 2914 grederis?
845 2848 951 2900 Aut
978 2848 1205 2903 ostende
1230 2848 1346 2903 haec
1379 2864 1596 2918 quoque
1623 2848 1720 2902 tibi
1750 2863 2011 2904 concessa
2045 2864 2076 2904 a

521 2936 776 2991 Creatore
833 2947 890 2992 ut
914 2937 1123 3000 fodias,-
1141 2947 1194 2992 et
1218 2937 1436 2992 metalla
1467 2936 1753 3002 scruteris,
1787 2943 1921 2990 ctea
1954 2937 2078 3005 igne

523 3028 738 3094 fundas,
767 3039 820 3083 et
852 3043 1151 3100 congreges
1185 3045 1305 3100 qua:
1333 3045 1442 3084 non
1479 3029 1728 3100 sparsisti
1757 3047 1773 3097 ;
1813 3038 1908 3084 aut
1962 3029 2079 3084 haec

523 3121 757 3175 fortasse
787 3120 918 3174 nulli
942 3135 1066 3175 esse
1097 3121 1311 3176 crimini
1352 3121 1529 3176 aﬂinia
1568 3122 1692 3191 quis
1733 3121 2078 3176 existimave-

522 3212 612 3276 rit,
653 3211 732 3266 sic
767 3210 863 3266 tibi
910 3212 1198 3281 pecuniam
1237 3225 1571 3280 congregare
1610 3228 1673 3266 ex
1707 3212 1938 3267 metallis
1969 3225 2079 3268 ter-

524 3304 640 3358 ras?
673 3303 765 3358 sed
795 3303 1050 3372 quoniam
1079 3303 1296 3359 additur
1323 3305 1559 3358 orationi
1591 3321 1774 3375 regum
1805 3313 1861 3360 et
1903 3307 2081 3376 regio-

523 3411 650 3450 num
678 3397 886 3465 c0pias,
931 3410 1084 3450 mens
1111 3395 1477 3464 congregandi
1527 3410 1633 3449 non
1673 3403 1852 3466 potest
1892 3412 2012 3452 esse
2051 3412 2083 3452 a

523 3488 682 3557 culpa
714 3487 990 3542 immunis.
1015 3486 1296 3557 Tanquam
1336 3488 1481 3541 enim
1517 3488 1678 3557 regiae
1727 3489 1889 3543 liceat
1934 3498 2084 3559 pote-

525 3578 652 3632 stati
679 3593 746 3630 ex
797 3577 1109 3646 regionibus
1156 3591 1486 3648 congregare
1539 3578 1750 3647 copiam
1795 3579 2081 3648 pecuniae:

528 3670 810 3740 vectigalia
859 3669 1068 3724 scilicet
1093 3668 1393 3737 imponere,
1427 3668 1668 3724 decimas
1719 3671 1952 3740 exigere,
1987 3685 2082 3740 pe-

526 3762 743 3816 cuniam
781 3760 1062 3824 conferre.
1107 3777 1203 3816 eos
1255 3761 1351 3832 qui
1411 3760 1531 3829 ejus
1568 3760 1797 3831 imperio
1856 3762 2086 3832 subjecti

526 3863 677 3912 sunt.
712 3867 925 3922 cogere,
958 3851 1039 3906 sic
1073 3850 1207 3906 dicit
1236 3866 1296 3908 se
1327 3866 1521 3906 aurum
1548 3859 1602 3908 et
1639 3860 1922 3922 argentum
1955 3868 2087 3908 ron-

526 3960 801 4013 gregasse.
828 3943 1094 3997 Cmterum
1131 3958 1226 3997 seu
1257 3943 1360 4007 sic,
1396 3958 1491 3999 seu
1521 3943 1678 3998 aliter
1699 3958 1758 3998 se
1785 3943 1916 3998 dicit
1949 3960 2084 4000 con-

525 4050 804 4107 gregasse,
831 4034 1080 4088 lubenter
1102 4034 1297 4089 scirem
1331 4034 1462 4104 quid
1509 4035 1862 4090 emolumenti
1892 4035 2084 4090 redibit

525 4129 593 4182 ad
623 4144 747 4182 eum
784 4128 873 4196 qui
903 4127 1044 4182 hanc
1083 4134 1378 4196 congregat
1434 4126 1742 4180 materiam.
1793 4123 2087 4196 Fingamus

526 4234 646 4272 eam
677 4234 784 4272 non
813 4233 909 4285 per
949 4218 1150 4271 minam
1194 4225 1289 4270 aut
1335 4216 1650 4270 drachmam
1682 4222 1775 4270 aut
1825 4217 2086 4272 talentum

529 4310 716 4364 venire
743 4310 808 4363 ad
835 4323 930 4363 eos
972 4309 1062 4378 qui
1098 4315 1227 4363 sunt
1257 4308 1443 4376 cupidi
1474 4309 1741 4377 pecuniae,
1779 4309 1873 4365 sed
1894 4310 1976 4365 eis
2011 4310 2088 4364 si-

531 4401 644 4454 mul
674 4408 894 4468 repente
920 4398 1103 4452 omnia
1133 4398 1278 4452 facta
1309 4413 1432 4453 esse
1468 4412 1654 4461 aurea,
1685 4405 1916 4463 terram,
1965 4414 2088 4454 are-

533 4506 679 4552 nam,
717 4499 946 4554 montes,
974 4504 1216 4558 campos,
1239 4489 1433 4554 saltus,
1465 4503 1732 4557 ponamus
1771 4491 1953 4544 omnia
2008 4506 2091 4546 re-

2175 2023 2582 2094 ἀμαρτημάτων
2628 2028 2660 2096 ἡ
2701 2026 3080 2097 ὲξαγόρευσις·
3123 2028 3220 2098 βοᾷ
3250 2029 3358 2100 γάρ
3389 2031 3512 2085 καθ’
3553 2033 3750 2087 ἑαυτοῦ

2173 2111 2272 2180 τὴν
2300 2112 2516 2165 πάντων
2559 2113 2668 2168 τῶν
2721 2116 2904 2169 κακῶν
2931 2118 3105 2188 ῥίζαν,
3145 2119 3264 2188 ἥτις
3301 2120 3449 2174 ἐστὶν
3481 2123 3515 2192 ἡ
3553 2121 3750 2193 φιλαρ-

2174 2204 2356 2274 γυρία.
2384 2206 2491 2258 Καί
2519 2223 2681 2276 φησιν
2713 2210 2804 2262 ἐπὶ
2834 2209 3030 2274 λέξεως
3056 2209 3247 2275 οὕτως·
3280 2231 3297 2264 ι
3319 2212 3630 2284 Συνήγαγόν
3662 2230 3751 2284 μοι

2175 2298 2263 2353 καί
2289 2316 2352 2370 γε
2379 2298 2636 2370 ἀργύριον
2662 2299 2754 2352 καί
2782 2317 2842 2370 γε
2876 2301 3111 2372 χρυσίον.
3137 2320 3154 2353 ι
3186 2301 3252 2354 Τί
3277 2301 3384 2373 γὰρ
3412 2303 3653 2375 ἐλύπησε
3685 2309 3748 2376 τῇ
3797 2353 3800 2355 .

2173 2398 2242 2465 γῇ
2280 2395 2752 2465 καταμεμιγμένον
2807 2393 2869 2446 τὸ
2913 2393 3153 2464 χρυσίον,
3200 2396 3468 2459 κάκείνοις
3519 2398 3750 2466 ἐκκεχυ-

2178 2486 2334 2556 μένον
2377 2488 2486 2548 τοῖς
2523 2485 2726 2548 τόποις,
2759 2482 2840 2547 οἷς
2877 2484 2935 2551 ἐξ
2976 2485 3152 2555 ἀρχῆς
3190 2486 3404 2558 ἐνετέθη
3454 2488 3609 2560 παρά
3657 2489 3750 2542 τοῦ

2174 2577 2488 2641 κτίσαντος;
2540 2577 2606 2629 Τί
2661 2575 2875 2648 ὀφειλήν
2923 2593 3004 2629 σοι
3056 2577 3220 2630 πλέον
3265 2579 3393 2649 περὶ
3441 2580 3570 2651 τοὺς
3616 2597 3752 2648 καρ-

2176 2671 2308 2732 ποὺς
2341 2668 2439 2738 τῆς
2472 2669 2572 2738 γῆς
2613 2668 2640 2720 ὁ
2685 2667 3088 2740 δημιουργήσας
3143 2670 3432 2739 έποίησενς
3482 2671 3559 2725 Οὐ
3617 2672 3752 2742 μόνα

2179 2774 2259 2810 σοι
2327 2757 2397 2810 τά
2466 2757 2734 2829 ἀκρόδρυα
2809 2759 2900 2813 καὶ
2955 2760 3024 2814 τά
3095 2760 3382 2832 σπέρματα
3449 2761 3587 2835 πρὸς
3654 2763 3751 2833 τὴν

2175 2847 2377 2918 τροφὴν
2434 2847 2857 2917 ἀπεκλήρωσεν·
2936 2847 3021 2902 διά
3073 2849 3126 2902 τί
3191 2852 3439 2924 παρέρχῃ
3495 2853 3594 2922 τῆς
3651 2853 3752 2918 ἐξ..

2177 2938 2360 3002 ουσίας
2414 2939 2535 3001 τοὺς
2581 2939 2773 3008 ὃρους;
2811 2940 2880 2991 Ἢ
2909 2939 3079 3006 δεῖξόν
3130 2957 3212 2994 σοι
3259 2941 3353 2995 καὶ
3392 2941 3567 2996 ταῦτα
3623 2960 3752 3011 συγο

2178 3027 2538 3098 κεχωρημένα
2575 3027 2724 3098 παρά
2761 3026 2855 3080 τοῦ
2890 3029 3200 3095 κτίσαντος,
3233 3030 3372 3084 ὥστε
3404 3031 3750 3102 μεταλλεύειν
3779 3097 3786 3102 Ι

2177 3133 2235 3168 τε
2266 3118 2359 3170 καὶ
2387 3116 2726 3188 ἀνορύσσειν,
2770 3119 2863 3171 καὶ
2899 3119 3032 3190 πυρὶ
3074 3121 3469 3190 καταχωνεύειν
3514 3123 3576 3176 τὸ
3624 3125 3750 3177 ὐπο-

2180 3207 2447 3277 κείμενον,
2481 3207 2572 3262 καὶ
2621 3209 2870 3277 συνάγειν
2915 3209 3089 3264 ταῦτα
3125 3210 3162 3265 ἀ
3195 3211 3269 3284 μὴ
3319 3213 3682 3283 ὲσκόρπισας·
3715 3216 3746 3285 ἢ

2181 3299 2351 3352 ταῦτα
2399 3299 2494 3370 μὲν
2537 3299 2664 3363 ἴσως
2703 3299 2852 3353 οὐδὲν
2889 3300 3138 3371 ἔγκλημά
3163 3319 3245 3365 τις
3279 3299 3414 3356 εἶναι
3447 3303 3750 3375 λογίσηται,

2181 3390 2242 3443 τὸ
2277 3390 2416 3444 οὕτω
2454 3390 2663 3460 σεαυτῷ
2692 3391 2940 3458 συνάγειν
2976 3394 3040 3446 ὲκ
3067 3392 3174 3454 τῶν
3204 3393 3305 3464 τῆς
3347 3395 3450 3465 γῆς
3478 3397 3750 3466 μετάλλων

2181 3481 2249 3534 τά
2291 3480 2614 3571 χρήματα]
2630 3481 2743 3536 ἀλλ’
2787 3481 2972 3554 ἐπειδὴ
3010 3486 3325 3553 πρόσκειται
3371 3485 3448 3557 τῷ
3480 3486 3644 3558 λόγῳ.
3672 3489 3751 3542 ὅτι

2183 3574 2637 3644 περιουσιασμοὺς
2662 3574 2922 3645 βασιλέων
2945 3577 3039 3629 καὶ
3067 3576 3173 3630 τῶν
3199 3577 3598 3650 χωρῶν,ούκέτι
3620 3580 3752 3651 πρὸς

2183 3664 2243 3718 τὸ
2266 3664 2550 3718 ἀνεύθυνον
2589 3667 2622 3736 ἡ
2665 3665 2758 3718 τοῦ
2797 3669 3116 3736 συναγαγεῖν
3152 3668 3357 3722 διάνοια
3383 3670 3630 3740 φέρεται.
3669 3671 3752 3735 Ὠς

2183 3753 2290 3828 γὰρ
2319 3755 2436 3820 ἐξὸν
2463 3759 2527 3827 τῇ
2561 3755 2809 3828 βασιλικῇ
2847 3740 3132 3829 δυναστείᾳ
3171 3760 3236 3812 ἐκ
3273 3760 3381 3814 τῶν
3421 3763 3617 3833 χωρῶν
3663 3762 3752 3816 τὸν

2184 3846 2600 3917 περιουσιασμὸν
2658 3847 2766 3901 τῶν
2825 3847 3121 3919 χρημάτων
3181 3851 3461 3919 συνάγεινο
3515 3851 3752 3923 δηλονότι

2185 3936 2381 4007 φόρους
2449 3936 2789 4002 ἐπιϐάλλειν,
2840 3938 3068 4004 δεκάτας
3133 3942 3553 4013 εἰσπράττεσθαι
3579 3984 3596 4005 ,
3650 3948 3754 3998 ela—

2185 4026 2370 4096 φέρειν
2414 4027 2693 4098 χρήματα,
2724 4028 2849 4091 τοὺς
2893 4028 3233 4099 ὑποχειρίους
3284 4033 3752 4101 καταναγκάζειν,

2185 4117 2356 4181 οὕτως
2387 4117 2742 4188 συνειλοχέναι
2781 4119 2912 4190 φησὶ
2932 4120 2993 4175 τό
3018 4138 3076 4174 τε
3113 4122 3332 4192 χρυσίον
3371 4124 3467 4176 καὶ
3501 4124 3562 4176 τὸ
3589 4125 3754 4195 ἀργύο

2188 4229 2322 4284 ριον.
2354 4213 2499 4283 Πλὴν
2536 4212 2706 4275 οὕτως
2742 4213 2850 4265 εἴτε
2883 4213 3100 4286 ἑτέρως,
3150 4214 3318 4285 ἡδέως
3355 4216 3423 4268 ἂν
3450 4217 3678 4288 μάθοιμι
3705 4219 3754 4270 τί

2188 4303 2346 4357 πλέον
2377 4302 2529 4356 ἔσται
2572 4303 2649 4373 τῷ
2690 4303 2790 4368 τὰς
2831 4304 3082 4368 τοιαύτας
3112 4305 3242 4368 ὔλας
3268 4307 3573 4375 συνάγοντι.
3609 4309 3755 4363 Δεδό-

2189 4394 2301 4447 σθω
2347 4393 2466 4448 καθ’
2511 4394 2784 4457 ὑπόθεσιν,
2835 4393 2908 4466 μὴ
2958 4395 3098 4448 κατὰ
3142 4396 3364 4467 μνᾶν,ῆ
3417 4397 3751 4470 δραχμὴν,ἧ

2187 4488 2441 4541 τάλαντον
2495 4489 2605 4552 τοῖς
2658 4486 3116 4558 φιλοχρηματοῦσι
3179 4489 3599 4560 προσγίνεσθαι,
3648 4492 3750 4544 ἀλλ’

536 4591 695 4654 pente
719 4584 773 4636 in
804 4597 923 4636 eam
955 4588 1162 4636 mutata
1187 4579 1357 4635 fuisse
1377 4579 1678 4670 materiam,
1703 4580 1830 4648 quid
1861 4596 1955 4649 per
1976 4581 2083 4636 haec

2189 4578 2395 4649 ἀθρόως
2426 4580 2607 4642 αὐτοῖς
2649 4579 3101 4650 ἀποχρυσωθῆναι
3150 4581 3218 4633 τά
3255 4582 3451 4644 πάντα,
3493 4583 3595 4652 τὴν
3637 4583 3748 4652 γῆν,

531 4685 658 4728 vdae
700 4673 921 4728 accedet
965 4673 1032 4726 ad
1075 4655 1521 4759 beatitudinem}
1548 4670 1604 4725 Si
1651 4670 1784 4724 illud
1841 4665 1986 4727 videt
2038 4674 2092 4727 in

533 4767 792 4819 universo
818 4763 963 4834 quod
995 4779 1143 4817 nunc
1171 4765 1344 4816 cernit
1369 4762 1421 4816 in
1444 4762 1663 4832 exiguo,
1689 4761 1820 4830 quid
1841 4778 1904 4818 ex
1928 4764 2092 4818 animi

533 4857 716 4922 bonis,
743 4858 870 4925 quid
913 4872 978 4910 ex
1010 4856 1077 4912 iis
1105 4870 1338 4926 quorum
1372 4855 1554 4909 stmlio
1583 4854 1836 4909 ducimur
1876 4864 2096 4925 propter

535 4965 754 5018 corpus.
793 4965 855 5002 ex
909 4948 998 5002 illa
1033 4955 1181 5001 tanta
1232 4947 1445 5002 eveniet
1486 4947 1689 5016 copia?
1722 4947 1800 5001 Ex
1845 4962 1911 5003 eo
1941 4956 2096 5002 estne

535 5041 648 5095 ulla
676 5056 822 5110 spes,
856 5049 913 5093 ut
937 5040 1030 5109 qui
1067 5039 1198 5093 vivit
1226 5047 1430 5093 tantam
1467 5038 1676 5094 habens
1702 5040 1812 5093 vim
1856 5041 1996 5105 auri,
2026 5040 2097 5094 sit

537 5132 778 5202 sapiens,
813 5132 1152 5202 ingeniosus,
1184 5132 1656 5201 contemplativus,
1701 5133 1930 5186 scientia
1962 5148 2098 5202 pra:-

537 5225 704 5285 ditus,
763 5222 872 5278 Deo
903 5224 1122 5285 cbarus,
1159 5223 1458 5286 modestus,
1511 5239 1711 5291 purus.
1755 5223 2095 5292 impatibilis,

539 5315 832 5384 cujuslibet
855 5314 1000 5382 quod
1035 5313 1100 5368 ad
1137 5315 1329 5368 vitium
1362 5316 1584 5368 attrahit
1610 5331 1810 5384 expers
1845 5325 1900 5369 et
1939 5317 2098 5370 mini-

542 5424 628 5462 me
667 5406 878 5477 capax?
935 5408 1018 5459 An
1070 5407 1172 5460 hoc
1223 5403 1438 5474 quidem
1494 5405 1737 5467 minime.
1797 5406 1890 5461 sed
1931 5417 1988 5461 ut
2027 5410 2100 5464 sit

542 5507 735 5569 potens
766 5513 1016 5568 corpore,
1046 5506 1101 5552 et
1131 5505 1190 5550 ut
1215 5495 1381 5549 vitam
1409 5495 1666 5550 extendat
1696 5496 1750 5550 in
1787 5498 1953 5550 multa
1992 5513 2098 5552 sa:-

543 5589 688 5648 cula.
729 5589 883 5644 senio
906 5603 1016 5642 non
1045 5586 1349 5650 confectus,
1382 5593 1436 5640 et
1483 5585 1674 5640 morbo
1713 5586 1935 5641 minime
1967 5586 2096 5641 alie.

549 5690 688 5740 ctus.
726 5679 968 5748 nullique
999 5677 1298 5732 calamitati
1328 5677 1619 5743 obnoxius,
1647 5684 1701 5730 et
1747 5677 1928 5730 omnia
1959 5692 2099 5746 quo-

547 5784 668 5823 rum
702 5769 885 5824 studio
935 5785 998 5824 ac
1044 5769 1317 5824 desiderio
1366 5768 1418 5824 in
1455 5769 1564 5822 vita
1599 5768 1822 5823 cbarius
1848 5775 2100 5822 tenentur

549 5859 840 5916 homines?
884 5859 988 5916 Sed
1048 5877 1207 5918 nemo
1257 5870 1342 5918 est
1399 5860 1533 5918 adeo
1597 5860 1860 5928 stolidus,
1927 5875 2100 5930 neque

2193 4669 2290 4740 τὴν
2331 4670 2575 4741 ψάμμον,
2617 4670 2684 4723 τά
2731 4670 2853 4741 ὅρη,
2895 4670 2963 4724 τά
3007 4670 3185 4736 πεδία,
3231 4673 3328 4736 τάς
3356 4674 3555 4738 νάπας,
3583 4676 3753 4728 πάντα

2194 4760 2479 4831 ὐποθῶμεν
2499 4760 2634 4832 πρὸς
2655 4761 2855 4830 ταύτην
2877 4762 3016 4815 κατὰ
3034 4762 3094 4814 τὺ
3112 4763 3304 4832 ἀθρόον
3327 4764 3751 4833 μεταϐεϐλῆσθαι

2193 4853 2291 4922 τὴν
2337 4850 2488 4922 ὓλην,
2523 4851 2576 4903 τί
2618 4851 2755 4921 πρὸς
2790 4851 3130 4921 εὐδαιμονίαν
3162 4851 3248 4905 διὰ
3281 4853 3485 4905 τούτων
3513 4853 3752 4906 ἐπιδώσει

2194 4947 2222 4998 ὁ
2266 4944 2409 5014 βίος;
2450 4942 2512 4996 El
2558 4945 2732 4996 ἐκεῖνο
2775 4944 2832 4995 ὲν
2865 4944 3025 4996 παντὶ
3066 4942 3249 5012 βλέπει
3293 4942 3323 4994 ὃ
3367 4943 3462 4996 νῦν
3497 4946 3556 4996 ὲν
3601 4945 3752 5012 ὀλίγῳ

2195 5038 2314 5107 ὁρᾷ,
2339 5036 2390 5090 τί
2423 5035 2529 5088 τῶν
2580 5035 2678 5104 τῆς
2719 5034 2895 5104 ψυχῆς
2927 5034 3166 5104 ἀγαθῶν,
3192 5038 3245 5090 τί
3277 5037 3385 5089 τῶν
3421 5037 3564 5089 κατὰ
3607 5036 3753 5104 σῶμα

2199 5123 2657 5195 σπουδαζομένων,
2685 5122 2774 5177 διὰ
2815 5124 2913 5194 τῆς
2959 5124 3210 5198 τοιαύτης
3256 5127 3570 5196 περιουσίας
3607 5125 3754 5194 γενήο

2200 5235 2385 5283 σεται;
2420 5220 2526 5290 ἀρα
2546 5235 2630 5282 τις
2676 5217 2827 5281 ἐλπὶς
2863 5217 3014 5271 ἔσται
3056 5217 3146 5271 διὰ
3171 5217 3380 5283 τούτου,
3430 5219 3492 5271 τὺ
3529 5218 3587 5270 ὲν
3642 5231 3754 5268 τοσ-

2197 5311 2337 5381 ούτῳ
2368 5308 2544 5373 ζῶντα
2577 5307 2758 5380 χρυσῷ
2797 5307 3046 5377 γενέσθαι
3098 5308 3278 5377 σοφὸν,
3315 5310 3594 5380 ἀγχίνουν,
3632 5309 3755 5360 θεω-

2203 5399 2436 5473 ρητικὸν,
2469 5401 2820 5471 ἐπιστήμονα,
2853 5399 3002 5470 φίλον
3031 5400 3169 5471 Θεῷ,
3210 5401 3478 5471 σώφρονα,
3505 5400 3749 5471 καθαρὸν,

2199 5490 2403 5562 ἀπαθῆ,
2417 5491 2614 5554 παντὸς
2633 5491 2725 5544 τοῦ
2748 5491 2882 5564 πρὸς
2907 5491 3102 5544 κακίαν
3129 5491 3483 5554 καθέλκοντος
3509 5491 3676 5561 ἀμιγῆ
3695 5506 3752 5541 τε

2201 5584 2292 5637 καὶ
2320 5581 2722 5653 ἀπαράδεκτον;
2759 5580 2792 5651 ἢ
2841 5580 2997 5634 τοῦτο
3019 5581 3117 5652 μὲν
3174 5581 3314 5650 οὐχὶ,
3358 5580 3581 5634 δυνατὸν
3603 5580 3656 5633 δὲ
3680 5577 3753 5646 τῷ

2201 5675 2432 5746 σώματι,
2465 5674 2559 5727 καὶ
2586 5675 2664 5737 είς
2701 5672 2898 5735 πολλάς
2938 5671 3072 5725 ἐτῶν
3111 5671 3466 5734 ἑκατοντάδας
3495 5671 3592 5741 τὴν
3618 5667 3754 5736 ζωὴν

2202 5765 2605 5837 παρατείνοντα,
2637 5765 2829 5835 ἀγήρω
2850 5764 2945 5816 καὶ
2982 5765 3169 5818 ἄνοσον
3212 5763 3304 5817 καὶ
3346 5762 3628 5831 ἀπήμονα,
3663 5757 3772 5809 καὶ’

2204 5859 2377 5914 πάντα
2407 5860 2506 5913 ὃσα
2530 5857 2654 5929 περὶ
2678 5857 2768 5911 τὸν
2796 5858 2854 5911 έν
2884 5855 3044 5928 σαρκὶ
3069 5854 3182 5927 βίον
3209 5851 3592 5918 σπουδάζεται;
3623 5844 3755 5902 Ἀλλ’
