4044 6510
264 479 367 535 6‘39

1308 477 1377 533 IN
1415 475 1949 535 ECCLESIASTEN.
1987 476 2266 533 HOMILIA
2302 476 2394 530 Π.

3379 475 3485 531 670

263 594 435 658 οὐδεὶς
474 592 618 647 οὕτω
667 593 911 666 μάταιος,
954 592 1074 645 ούδέ
1100 593 1196 663 τῆς
1259 591 1470 663 φύσεως
1510 593 1608 663 τῆς
1648 591 1829 660 κοινῆς

1954 591 2235 646 :ommunis
2262 597 2469 644 naturae
2490 589 2626 643 adeo
2652 590 2958 660 imperitus,
2992 601 3052 647 ut
3072 591 3185 647 haec
3212 591 3489 649 existimet

267 684 694 749 ἀνιπίσκεπτος,
740 686 816 749 ὡς
870 684 1043 738 ταῦτα
1100 684 1314 754 νομίσαι
1364 687 1475 746 τοῖς
1527 683 1829 753 ἀνθρώποις

267 774 672 847 προσγίνεσθαι,
701 776 854 846 είπερ
884 776 963 837 είς
1000 774 1199 844 πλῆθος
1238 773 1464 843 ἄφθονον
1499 775 1533 843 ὴ
1560 773 1668 825 τῶν
1698 788 1830 843 χρη-

272 865 455 937 μάτων
484 864 583 935 ῦλη
608 866 727 917 κατ’
760 864 1003 930 ἐξουσίαν
1041 865 1173 917 πᾶσι
1215 864 1511 935 προχέοιτο.
1555 860 1708 914 Ἐπεὶ
1737 860 1831 915 καὶ

268 954 362 1008 νῦν
397 955 541 1008 ἐστιν
580 955 704 1009 ίδεῖν
740 955 961 1019 πολλοὺς
998 955 1106 1009 τῶν
1135 954 1275 1009 κατά
1296 955 1391 1025 τὴν
1420 953 1671 1024 τοιαύτην
1701 969 1833 1022 προ-

269 1044 501 1114 εχόντων
532 1043 841 1114 περιουσίαν
882 1043 1096 1114 ἐλεεινῷ
1144 1043 1352 1112 σώματι
1400 1041 1625 1107 ζῶντας,
1668 1037 1748 1104 οἷς
1782 1041 1832 1093 εί

271 1134 347 1205 μὴ
375 1134 595 1203 παρῶεν
618 1136 665 1187 οί
688 1133 1091 1207 θεραπεύοντες,
1131 1134 1204 1204 μὴ
1244 1132 1372 1187 ἄνευ
1415 1132 1592 1186 αύτῶν
1619 1133 1835 1195 ἱκανοὺς

270 1219 410 1277 εἶναι
440 1223 579 1293 πρὸς
614 1224 713 1293 τὴν
761 1223 921 1294 ζωήν.
954 1225 1017 1277 Εί
1049 1220 1139 1277 οὖν
1179 1225 1213 1293 ἠ
1257 1222 1377 1276 καθ’
1416 1220 1668 1275 ὑπόθεσιν
1702 1222 1834 1290 ἡμῖν

269 1315 365 1367 τοῦ
415 1315 638 1384 χρυσίου
688 1315 969 1385 περιουσία
1010 1314 1330 1386 προτεθεῖσα
1379 1313 1458 1384 τῷ
1502 1313 1663 1383 λόγῳ,
1711 1311 1834 1365 οὒτε

272 1404 545 1475 σώματος,
568 1405 689 1458 οὕτε
712 1406 889 1477 ψυχῆς
915 1424 968 1460 τι
994 1407 1180 1478 κέρδος
1205 1406 1475 1472 ὑπέδειξεν
1493 1424 1507 1437 ·
1537 1406 1670 1459 πολὺ
1701 1405 1836 1475 μᾶλ-

271 1496 363 1550 λον
378 1496 438 1549 τὸ
458 1499 516 1549 ἐν
534 1496 698 1568 ὀλίγῳ
715 1497 1054 1569 δεικνύμενον
1074 1498 1340 1570 ἄχρηστον
1359 1500 1438 1562 είς
1456 1498 1715 1568 ὠφέλειαν
1728 1497 1835 1552 τῶν

272 1584 504 1654 ἐχόντων
531 1576 935 1656 eumeum/"ﬂ
961 1588 1014 1641 τί
1046 1588 1151 1658 γὰρ
1180 1588 1246 1641 ἂν
1278 1587 1484 1655 γένοιτο
1520 1587 1646 1656 παρ’
1668 1585 1839 1656 αὐτῆς

270 1680 372 1750 τῆς
400 1679 534 1749 ῦλης
566 1680 644 1751 τῷ
680 1679 878 1751 ἔχοντι,
913 1680 947 1751 ἢ
978 1681 1113 1751 μήτε
1142 1679 1347 1748 γεύσει.
1387 1680 1521 1750 μήτε
1553 1679 1836 1749 ὀσφρήσει,

276 1772 415 1841 μήτε
433 1773 500 1841 τῇ
529 1771 665 1842 ἀκοῇ
693 1771 912 1843 ἐνεργὸν
942 1772 1168 1839 γίνεται,
1196 1771 1229 1841 ἢ
1258 1772 1398 1823 κοιτά
1419 1770 1519 1841 τὴν
1545 1768 1687 1840 ἁφὴν
1712 1771 1839 1839 ὀμοο

1929 683 2117 740 adesse
2146 684 2475 743 hominibus,
2502 683 2547 737 si
2585 683 2639 736 in
2670 687 2878 737 summa
2913 684 3070 754 copia
3097 684 3340 754 pecuniae
3370 700 3486 739 ma-

1930 777 2066 830 teria
2097 775 2264 830 libere
2300 772 2555 828 omnibus
2587 772 2970 841 prolundatur.
3006 773 3137 829 Nam
3171 790 3320 829 nune
3350 790 3491 845 quo-

1930 881 2037 935 que
2065 864 2186 919 licet
2211 861 2395 917 videre
2438 862 2641 916 mullos
2662 877 2727 917 ex
2753 863 2839 928 iis,
2865 864 2955 933 qui
2992 864 3258 933 ejusmodi
3299 876 3492 935 praeter
3546 891 3551 897 ι

1931 963 2157 1011 caateros
2177 953 2458 1010 abundant
2486 953 2865 1017 facultatibus,
2907 956 3089 1010 vivere
3122 971 3354 1027 corpore
3385 959 3494 1013 mi-

1932 1042 2174 1109 serabili,
2198 1044 2398 1114 quibus
2436 1044 2544 1099 nisi
2595 1044 2847 1099 adessent
2897 1046 2988 1114 qui
3049 1062 3143 1100 eos
3201 1057 3491 1113 curarent,

1932 1136 2135 1206 absque
2167 1136 2236 1189 iis
2262 1150 2369 1189 non
2409 1143 2633 1205 possent
2670 1136 2869 1190 vivere.
2905 1134 2962 1189 Si
3011 1152 3142 1207 ergo
3170 1153 3289 1208 quae
3333 1139 3493 1196 nobis

1932 1244 1998 1285 ex
2031 1229 2313 1300 hypotbesi
2350 1229 2631 1300 proposita
2668 1236 2753 1282 est
2799 1229 2855 1282 in
2887 1229 3117 1283 dicendo
3159 1230 3278 1284 auri
3314 1233 3493 1301 copia,

1934 1334 2110 1390 neque
2142 1322 2381 1390 corpori.
2415 1336 2593 1390 neque
2629 1320 2823 1375 animae
2871 1319 3040 1373 ullum
3083 1318 3236 1374 aﬂ'ert
3285 1321 3493 1376 lucrum

1934 1420 2029 1467 aut
2074 1412 2452 1466 commodum:
2495 1411 2666 1465 multo
2706 1411 2880 1482 magis
2913 1412 3032 1481 ejus
3086 1411 3357 1465 modicum
3392 1428 3498 1467 ar-

1934 1506 2119 1575 guitur
2156 1521 2279 1561 esse
2306 1505 2521 1568 inutile,
2577 1514 2635 1558 ut
2668 1504 2926 1574 prodesse
2973 1504 3147 1573 possit
3194 1504 3262 1559 iis
3315 1504 3407 1575 qui
3441 1504 3495 1558 id

1935 1599 2158 1654 habent.
2196 1597 2335 1665 Quid
2359 1600 2501 1655 enim
2537 1613 2600 1653 ex
2644 1598 2743 1652 hac
2772 1598 2999 1653 materia
3031 1597 3209 1653 redire
3234 1606 3410 1666 potest
3430 1597 3496 1651 ad

1936 1705 2061 1746 eum
2094 1690 2187 1760 qui
2210 1676 2391 1763 ipsam
2431 1689 2613 1754 habet,
2650 1705 2771 1759 qua:
2817 1704 2995 1759 neque
3021 1691 3077 1761 in
3122 1699 3364 1759 gustum,
3405 1704 3499 1744 n0-

1937 1796 2044 1852 que
2073 1782 2129 1837 in
2157 1781 2466 1843 odoratum,
2505 1798 2681 1851 neque
2713 1782 3045 1836 in'auditum
3070 1781 3273 1852 aliquid
3313 1796 3499 1851 opera-

271 1862 450 1933 τίμως
481 1862 618 1934 πρὸς
646 1865 754 1917 πᾶν
787 1864 847 1917 τὺ
874 1864 1162 1917 ἀντίτυπον
1196 1863 1339 1934 ἐχει;
1382 1862 1457 1934 μὴ
1488 1863 1594 1934 γάρ
1625 1878 1712 1931 μοι
1740 1860 1839 1931 τὴν

1954 1882 2051 1935 Lur.
2076 1888 2197 1943 qua:
2220 1873 2391 1928 etiam‘
2421 1874 2475 1927 in
2506 1874 2735 1942 quodvis
2759 1874 2902 1943 quod
2926 1873 3133 1928 resistit
3159 1873 3409 1928 similiter
3440 1888 3500 1927 se

275 1925 345 2008 ιιὲ
369 1925 809 2026 συναλλάγματος
838 1956 1200 2027 ποριζομένην
1445 1925 1512 2023 ’ἢν
1530 1925 1837 2024 περιϐολὴν,

1954 1925 2293 2030 usus.
2323 1925 2390 2015 ια
2414 1925 2888 2016 ίέιήρίιέᾶίειίίιῖέιέ
2928 1925 3061 2015 an;
3093 1925 3236 2032 quod
3264 1925 3503 2017 .50.};

274 2044 355 2115 τῷ
378 2046 567 2117 χρυσῷ
601 2045 933 2117 προστιθέτω
959 2063 1062 2109 τις.
1098 2046 1154 2099 '0
1178 2045 1285 2116 γὰρ
1306 2045 1515 2115 χρυσίῳ
1540 2043 1631 2097 τὸν
1656 2044 1837 2115 ἄρτον,

275 2134 309 2204 ἢ
345 2134 406 2186 τὺ
439 2135 653 2203 ἱμάτιον
692 2132 1076 2205 ἀλλαξάμενος,
1102 2134 1195 2188 τοῦ
1237 2136 1510 2205 ἀχρήστου
1538 2134 1599 2186 τὸ
1632 2132 1842 2203 ἐπωφε-

277 2225 367 2289 λὲς
393 2225 737 2296 διημείψατο,
769 2227 863 2280 καὶ⁹
891 2227 978 2297 ζῇ,
1008 2227 1210 2299 τροφὴν
1248 2225 1423 2296 ἐαυτῷ
1449 2226 1542 2280 τὸν
1568 2226 1751 2298 ἄρτον,
1779 2226 1840 2278 ού

235 2364 245 2373 .
276 2315 367 2369 τὺν
391 2316 592 2387 χρυσὸν
631 2318 1013 2388 ποιησάμενος.
1051 2317 1112 2371 ’0
1135 2318 1192 2371 δὲ
1218 2318 1314 2389 τὴν
1347 2317 1480 2386 ὓλην
1519 2316 1718 2387 ταύτην
1756 2315 1844 2369 διὰ

277 2407 385 2459 τῶν
412 2406 671 2460 τοιούτων
699 2407 1153 2478 συναλλαγμάτων
1178 2408 1354 2479 ἐαυτῷ
1384 2407 1722 2477 συναγαγὼν,
1762 2409 1843 2472 είς

277 2498 330 2550 τί
352 2499 463 2551 τῶν
487 2499 782 2570 χρημάτων
806 2499 1076 2564 ἀπώνατο,
1102 2501 1186 2563 τίς
1210 2499 1484 2570 συμϐουλὴ
1509 2498 1596 2553 διὰ
1617 2499 1841 2563 τούτων,

279 2588 363 2651 τίς
422 2589 743 2642 διδασκαλία
772 2620 775 2623 -
804 2591 1177 2661 πραγμάτων,
1230 2590 1357 2643 ποία
1410 2590 1504 2643 τοῦ
1566 2590 1845 2661 μέλλοντος

282 2681 616 2751 πρόῤῥησις;
645 2681 743 2744 Τίς
772 2680 905 2751 πρὸς
928 2680 1028 2744 τὰς
1054 2680 1149 2734 τοῦ
1180 2680 1425 2751 σώματος
1451 2680 1638 2745 ὀδύνας
1669 2698 1847 2753 παρα-

285 2772 483 2842 μυθίαν
522 2771 710 2842 έσχενς
757 2772 1079 2843 ἠρίθμησεν,
1110 2772 1363 2836 ἀπέθετο,
1410 2772 1665 2844 σφραγίδι
1714 2790 1846 2825 κατ-

282 2864 617 2934 εσημήνατο,
652 2863 893 2933 αἰτηθεὶς
942 2863 1231 2934 ἠρνήσατο,
1273 2861 1594 2932 ἀπιστηθεὶς
1626 2862 1720 2915 καὶ
1746 2863 1849 2914 ἐπ-

283 2952 524 3023 ώμοσεν.
569 2946 740 3016 Οὗτος
772 2953 800 3004 ὀ
825 2952 1187 3024 μακαρισμὸς,
1215 2952 1373 3005 τοῦτο
1399 2953 1497 3023 τῆς
1533 2952 1766 3023 σπουδῆς
1790 2952 1850 3005 τὸ

287 3044 482 3115 πέρας,
523 3043 661 3116 αῦτη
692 3045 725 3115 ἡ
759 3043 1074 3107 ἀπόλαυσις,
1128 3045 1287 3115 μέχρι
1314 3043 1504 3096 τούτου
1534 3045 1567 3114 ἡ
1602 3043 1852 3113 εὐδαιμο-

288 3135 397 3197 νία,
427 3134 510 3199 τὸ,
543 3133 673 3204 ὓλην
693 3136 757 3203 τῇ
787 3132 1040 3205 ἐπιορκία
1060 3134 1403 3205 πορίσασθαι.
1442 3132 1579 3186 Ἀλλ’
1602 3132 1852 3204 εὗχρουν,

290 3230 443 3299 φησι,
476 3226 572 3280 τοῦ
615 3227 836 3299 χρυσίου
880 3226 941 3279 τὸ
972 3222 1129 3290 εἶδος.
1164 3226 1255 3298 Μὴ
1292 3226 1385 3279 καὶ
1424 3225 1520 3279 τοῦ
1554 3226 1723 3297 πυρὸς
1750 3227 1854 3278 Δεύ-

290 3320 629 3391 χροώτερονς
674 3319 763 3390 Μὴ
802 3320 909 3372 τῶν
949 3319 1163 3391 ἄστρων
1202 3319 1717 3390 περικαλλέστερον;
1763 3316 1855 3389 Μὴ

288 3413 397 3465 τῶν
424 3412 658 3465 ἀκτίνων
682 3410 774 3464 τοῦ
805 3410 956 3481 ⁴ιιλίου
989 3412 1331 3482 φανώτερον;
1360 3410 1456 3473 Τίς
1487 3411 1515 3462 ὁ
1544 3410 1767 3463 κωλύων
1797 3427 1855 3463 σε

290 3502 390 3572 τῆς
419 3499 773 3564 ἀπολαύσεως
799 3501 1021 3570 ταύτης,
1053 3498 1193 3552 ὥστε
1230 3516 1310 3552 σοι
1338 3500 1580 3570 ἀνάγκην
1609 3494 1744 3552 εἶναι
1770 3498 1858 3552 διὰ

292 3594 391 3664 τῆς
434 3592 689 3663 εύχροίας
722 3592 815 3646 τοῦ
866 3593 1067 3665 χρυσοῦ
1111 3592 1180 3646 τὰ
1228 3593 1323 3662 τῆς
1371 3592 1562 3662 ἡδονῆς
1612 3590 1858 3662 πορίζειν

292 3688 413 3748 ταῖς
442 3684 658 3753 δψεσινς
702 3684 859 3737 Ἀλλά
897 3684 1198 3749 σϐέννυται,
1248 3683 1399 3753 φησὶ,
1432 3683 1493 3736 τὸ
1535 3681 1666 3753 πῦρ,
1708 3683 1802 3735 καὶ
1833 3684 1862 3735 ὀ

294 3776 445 3846 ἥλιος
475 3775 682 3841 δύεται,
703 3776 797 3829 καὶ
822 3777 883 3829 ού
911 3776 1119 3846 διαρκεῖ
1141 3776 1238 3844 τῆς
1261 3773 1598 3845 λαμπηδόνος
1622 3774 1655 3842 ἠ
1681 3773 1860 3842 χάρις.

298 3869 403 3921 Τοῦ
443 3868 501 3921 δὲ
531 3867 732 3939 χρυσοῦ
762 3867 865 3932 τίς,
892 3866 1010 3920 εἰπέ
1042 3884 1153 3937 μοι,
1176 3866 1263 3918 διά
1280 3864 1373 3919 τοῦ
1403 3865 1629 3928 σκότους
1655 3865 1865 3935 παραλ-

298 3960 438 4031 λαγὴ
462 3960 599 4031 πρὸς
628 3960 716 4013 τὸν
743 3958 1021 4029 μόλιϐδον;
1066 3958 1202 4010 Ἀλλ’
1230 3958 1328 4011 ούκ
1355 3957 1442 4020 ἂν,
1467 3958 1650 4028 φησὶν,
1682 3957 1746 4009 ἐκ
1770 3956 1862 4011 τοῦ

302 4052 491 4123 πυρὸς,
516 4051 551 4121 ἢ
581 4048 687 4103 τῶν
729 4049 944 4121 ἄστρων
972 4049 1183 4118 γένοιτο
1214 4049 1344 4118 ἡμῖν
1382 4047 1550 4119 δέῤῥα
1588 4048 1680 4100 καὶ
1712 4064 1866 4118 περι-

301 4144 467 4210 δέξια,
524 4143 619 4198 καὶ
666 4143 893 4213 πόρπαι,
943 4142 1037 4195 καὶ
1075 4140 1261 4205 ζῶναι,
1314 4141 1408 4193 καὶ
1456 4140 1735 4211 μανιάκαι,
1775 4141 1866 4193 καὶ⁹

306 4238 577 4303 στέφανοι,
630 4234 725 4288 καὶ
772 4234 843 4287 τὰ
883 4232 1140 4286 τοιαῦταο
1185 4233 1214 4284 ὁ
1258 4231 1314 4284 δὲ
1350 4230 1547 4302 χρυσὸς
1590 4231 1762 4285 ταῦτά
1807 4248 1865 4285 τε

307 4330 463 4390 ποιεῖ,
478 4326 572 4379 καὶ
585 4325 699 4378 εἴτι
722 4324 847 4378 ἄλλο
868 4323 999 4394 πρὸς
1015 4323 1215 4392 κόσμον
1237 4320 1634 4393 ἐπιτηδεύεται.
1652 4322 1865 4389 Ἤγαγε

307 4419 440 4490 1:90;
474 4418 534 4471 τὸ
560 4417 852 4486 κεφάλαιον
877 4417 973 4486 τῆς
1001 4415 1352 4486 ματαιότητος
1408 4414 1644 4485 σπουδὴν
1667 4416 1702 4484 ἡ
1732 4431 1861 4466 συν-

307 4511 504 4583 ηγορία
542 4510 641 4581 τῆς
674 4508 826 4580 ὕλης.
872 4508 1013 4561 Αὐτὸ
1046 4507 1153 4578 γὰρ
1194 4506 1350 4558 τοῦτο
1398 4505 1533 4575 πρὸς
1558 4506 1753 4567 αὐτοὺς
1793 4505 1868 4559 εί-

1946 2059 2119 2107 tractu
2169 2063 2392 2121 paratur
2452 2053 2769 2108 alimentum
2824 2060 2917 2107 aut
2949 2049 3348 2122 vestimentum,
3370 2068 3502 2107 auro

1947 2158 2106 2200 nemo
2136 2145 2394 2200 ascribat.
2446 2145 2549 2211 Qui
2587 2146 2731 2200 enim
2764 2160 2899 2200 auro
2945 2161 3138 2215 panem
3171 2154 3264 2199 aut
3295 2156 3501 2201 vestem

1945 2236 2378 2307 permutavit,’ut
2400 2237 2567 2301 vivat,
2612 2237 2761 2292 dedit
2795 2237 2927 2291 utile
2963 2253 3061 2307 pro
3095 2238 3293 2301 inutili,
3328 2246 3386 2291 ut
3412 2238 3505 2307 qui

1949 2341 2286 2396 panem,non
2326 2342 2518 2381 aurum
2554 2343 2653 2397 pro
2698 2328 3032 2383 nutrimento
3080 2328 3183 2382 sibi
3223 2330 3504 2385 asciverit.

1948 2416 2051 2482 Qui
2082 2423 2261 2471 autem
2292 2430 2387 2485 per
2411 2417 2679 2485 ejusmodi
2719 2427 3034 2472 contractus
3070 2417 3212 2471 hanc
3243 2419 3345 2473 sibi
3393 2419 3508 2473 col-

1949 2509 2077 2578 legit
2101 2510 2401 2571 materiam,
2431 2508 2497 2561 ad
2527 2524 2821 2579 quanmam
2855 2524 2970 2564 rem
3016 2525 3081 2564 ea
3128 2511 3318 2574 utitur,
3363 2511 3510 2581 quod

1950 2599 2239 2654 consilium
2287 2614 2354 2654 ex
2387 2599 2534 2665 istis,
2574 2614 2697 2669 qua:
2732 2597 3057 2655 documenta
3097 2585 3339 2671 depromi
3386 2617 3513 2671 pos-

1952 2698 2081 2745 sunt
2112 2690 2179 2743 ad
2202 2704 2301 2745 res
2331 2689 2629 2760 gerendas,
2667 2704 2927 2759 quaenam
2965 2688 3135 2744 futuri
3193 2690 3516 2760 prrdiclio?

1952 2781 2086 2849 Quis
2126 2797 2190 2835 ex
2216 2796 2278 2835 ea
2306 2782 2570 2837 adversus
2607 2781 2826 2836 dolores
2874 2782 3124 2851 corporis
3153 2782 3341 2837 habuit
3382 2783 3515 2838 sola-

1954 2874 2089 2927 tium
2110 2873 2133 2925 ?
2153 2870 2485 2936 Numeravit,
2518 2870 2785 2940 reposuit,
2822 2869 3001 2941 sigillo
3032 2872 3359 2943 obsignavit,
3390 2889 3516 2927 cum

1955 2963 2024 3018 ab
2052 2978 2116 3016 eo
2144 2970 2434 3032 peteretur.
2466 2959 2700 3031 negavit.
2723 2968 2779 3014 et
2807 2973 2931 3013 cum
2961 2959 3010 3013 ei
3040 2960 3171 3016 lides
3209 2975 3318 3013 non
3347 2960 3516 3015 habe-

1955 3060 2127 3119 retur,
2152 3052 2317 3106 etiam
2348 3051 2631 3120 pejeravit.
2684 3049 2807 3104 Haec
2839 3057 2924 3104 est
2955 3051 3257 3116 beatitudo,
3308 3051 3396 3106 hic
3432 3058 3518 3107 est

1959 3144 2081 3197 linis
2110 3142 2229 3211 ejus
2263 3141 2407 3211 quod
2450 3142 2503 3194 in
2535 3154 2597 3194 ea
2649 3139 2870 3209 ponitur
2913 3140 3098 3205 studii,
3145 3140 3233 3195 bic
3282 3140 3515 3204 fructus,

1959 3235 2064 3288 huc
2093 3248 2268 3303 usque
2300 3231 2545 3303 procedit
2577 3229 2828 3294 felicitas,
2858 3236 2917 3283 ut
2948 3230 3234 3285 materiam
3281 3230 3520 3300 praebeat

1958 3325 2219 3395 periurio.
2261 3323 2332 3377 At
2374 3322 2590 3392 pulchri
2617 3321 2844 3384 coloris,
2886 3321 3084 3392 inquit,
3128 3330 3210 3377 est
3237 3323 3357 3377 auri
3391 3337 3509 3393 spe-

1957 3417 2090 3471 cies.
2130 3415 2264 3468 Num
2288 3422 2373 3469 est
2393 3414 2556 3468 etiam
2582 3413 2783 3467 coloris
2806 3413 3133 3480 pulchrioris
3158 3429 3319 3484 quam
3347 3414 3523 3485 ignis?

1957 3505 2099 3561 Num
2134 3505 2308 3561 stellis
2332 3511 2417 3559 est
2442 3503 2784 3573 speciosior?
2812 3501 2949 3556 Num
2980 3501 3150 3558 radiis
3171 3503 3304 3557 solis
3340 3504 3523 3571 splen-

1959 3598 2178 3655 didior?
2214 3594 2348 3663 Quis
2372 3603 2455 3651 est
2490 3595 2583 3664 qui
2614 3604 2760 3650 vetat
2800 3609 2911 3665 quo
2949 3593 3130 3648 minus
3167 3593 3252 3649 bis
3300 3593 3520 3656 fruaris,

1963 3696 2022 3742 ut
2054 3687 2152 3743 tibi
2184 3701 2411 3741 necesse
2452 3686 2524 3740 sit
2554 3699 2653 3755 per
2686 3685 2806 3738 auri
2855 3684 3091 3754 speciem
3126 3683 3301 3739 oculis
3332 3699 3526 3753 parare

1959 3781 2291 3851 voluptatem
2314 3779 2338 3833 2
2364 3778 2432 3830 At
2462 3777 2626 3847 ignis,
2670 3775 2871 3845 inquit,
2914 3775 3306 3845 exstinguitur,
3338 3784 3393 3831 et
3442 3776 3524 3829 sol

1961 3870 2179 3935 occidit,
2226 3884 2327 3925 nec
2364 3868 2624 3940 perennis
2658 3867 2825 3922 decor
2852 3866 2974 3936 ejus
3022 3867 3350 3937 splendoris.
3382 3866 3525 3932 Quid

1963 3970 2166 4025 autem,
2218 3959 2327 4024 dic,
2390 3973 2598 4029 quaeso,
2655 3965 2901 4027 tempore
2947 3957 3294 4012 tenebrarum
3345 3956 3528 4011 diﬁ'ert

1965 4066 2156 4107 aurum
2185 4066 2215 4105 a
2243 4049 2510 4121 plumbo?
2541 4050 2610 4101 At
2632 4063 2699 4103 ex
2728 4048 2874 4119 igne,
2905 4048 3104 4117 inquit,
3135 4049 3217 4102 vel
3250 4064 3317 4103 ex
3350 4048 3527 4103 stellis

1966 4144 2080 4198 lieri
2110 4157 2219 4197 non
2253 4148 2481 4211 possunt
2520 4139 2678 4194 nobis
2712 4139 2956 4202 monilia,
2990 4154 3162 4202 zonm,
3187 4147 3432 4208 torques,
3473 4146 3530 4193 et

1964 4249 2203 4296 coronae,
2232 4240 2286 4287 et
2324 4247 2446 4301 quas
2480 4237 2607 4285 sunt
2630 4228 2901 4299 ejusmodi
2928 4246 2942 4283 :
2976 4243 3172 4281 aurum
3201 4237 3383 4282 autem
3416 4229 3530 4284 hate

1966 4322 2149 4386 edicit,
2189 4331 2242 4376 et
2264 4322 2310 4376 si
2341 4318 2471 4388 quid
2506 4325 2730 4389 paratur
2754 4316 2820 4371 ad
2843 4325 3115 4372 ornatum.
3141 4316 3221 4370 Ad
3252 4332 3526 4371 summum

1967 4413 2208 4469 studium
2241 4410 2498 4465 vanitatis
2520 4408 2744 4463 deduxit
2767 4407 2885 4461 auri
2915 4407 3180 4462 defensio.
3212 4407 3325 4462 Hoc
3350 4408 3530 4475 ipsum

1966 4506 2108 4561 enim
2137 4504 2217 4559 eis
2250 4503 2476 4558 dixerim
2510 4500 2812 4567 :Quidnain
2863 4500 2966 4555 sibi
3013 4501 3123 4553 vult
3169 4508 3223 4555 et
3256 4499 3400 4569 quod
3446 4504 3534 4553 est

308 4619 464 4673 ποιμι
490 4601 579 4655 ἄν·
620 4601 763 4653 Ἀντὶ
783 4599 948 4654 τίνων
982 4598 1267 4663 σπουδάζει
1298 4600 1326 4651 ὁ
1354 4596 1538 4669 χρυσῷ
1566 4596 1664 4667 τὴν
1692 4598 1853 4668 κόμηι

1972 4597 2092 4666 ejus
2114 4594 2374 4659 studium,
2405 4593 2497 4662 qui
2526 4601 2681 4647 curat
2722 4601 2781 4645 ut
2826 4607 2961 4646 auro
2993 4605 3147 4645 coma
3207 4592 3395 4657 niteat,
3438 4596 3534 4645 aut

305 4693 687 4764 περιανθίζων,
742 4692 774 4763 ἢ
810 4691 917 4746 τῶν
961 4690 1111 4745 ὢτων
1140 4691 1385 4756 ἐξάπτων
1428 4690 1497 4744 τὰ
1528 4691 1868 4761 περικοσμή-

308 4803 475 4856 ματα,
510 4784 544 4855 ἢ
578 4784 676 4855 τὴν
716 4784 876 4855 δέρην
918 4783 1253 4855 περιϐάλλων
1283 4784 1393 4845 τοῖς
1425 4782 1865 4853 περιτραχηλίοις

306 4877 579 4948 χλιδῶσιν,
612 4876 647 4946 ἢ
684 4877 741 4928 ἐν
771 4874 913 4946 ἄλλῳ
941 4876 1050 4928 τινὶ⁵
1079 4874 1255 4945 φέρων
1292 4874 1444 4945 μέρει
1489 4868 1581 4926 τοῦ
1622 4871 1869 4943 σώματος

304 4969 504 5041 χρυοῂν
532 4966 939 5039 προδείκνυσιν;
971 4966 1247 5038 Ὀπουπερ
1276 4965 1341 5019 ἂν
1377 4964 1527 5035 τύχοι
1574 4964 1870 5035 προϐεϐλη-

493 5036 587 5111 τοῦ
616 5057 880 5129 σώματος,
920 5058 1070 5111 οὐδὲν
1095 5036 1257 5122 aia-.0;
1285 5058 1418 5129 πρὸς
1450 5058 1549 5128 τὴν
1575 5058 1746 5128 αύγὴν
1775 5056 1867 5109 τοῦ

308 5152 529 5222 χρυσίου
565 5149 1094 5221 μεταμορφούμενος.
1146 5150 1204 5202 '0
1235 5150 1342 5219 γὰρ
1382 5149 1516 5219 πρὸς
1556 5150 1647 5202 τὸν
1677 5166 1870 5220 χρυσο-

309 5241 581 5312 φοροῦντα
627 5240 858 5311 βλέπων,
887 5239 978 5293 τὸν
1013 5240 1110 5311 μὲν
1142 5240 1339 5311 χρυσὸν
1367 5240 1537 5304 οὕτως
1563 5242 1683 5312 ὀρᾷ,
1714 5240 1788 5302 ὡς
1822 5241 1869 5292 εί

308 5334 458 5404 τύχοι
503 5333 599 5387 καὶ
646 5336 703 5386 ἐν
746 5336 855 5397 τοῖς
893 5333 1213 5405 πρατηρίοις
1258 5332 1646 5403 προκείμενος’
1694 5331 1784 5385 τὸν
1814 5330 1870 5383 δὲ

313 5422 577 5493 φοροῦντα
604 5417 714 5486 οἷός
739 5439 800 5474 τε
833 5422 1040 5491 πέφυκε
1070 5422 1305 5476 τοιοῦτον
1334 5421 1537 5493 βλέπει.
1574 5421 1691 5475 Κᾶν
1719 5421 1873 5490 εὐερ-

310 5516 404 5584 γές
431 5532 492 5568 τε
532 5515 627 5570 καὶ
650 5514 938 5585 διάγλυφον
967 5511 1001 5587 ᾗ
1030 5514 1091 5568 τὺ
1119 5515 1360 5587 χρυσίον,
1394 5514 1497 5569 κᾶν
1524 5514 1620 5579 τὰς
1647 5512 1872 5584 χλοεράς

312 5608 347 5679 ἢ
400 5611 698 5679 πυραυγεῖς
749 5608 984 5679 ψηφίδας
1024 5610 1081 5662 ἐν
1132 5608 1311 5679 ἐαυτῷ·
1361 5608 1668 5679 περιείργῃ,
1722 5607 1872 5660 οὐδὲν

319 5698 514 5766 μᾶλλον
556 5697 806 5768 αἴσθησίν
850 5715 970 5751 τινα
1020 5698 1125 5751 τῶν
1180 5697 1595 5769 παρακειμένων
1629 5699 1663 5767 ἡ
1714 5695 1873 5765 φύσις

319 5788 561 5858 ἐδέξατο·
615 5789 728 5842 ἀλλ’
779 5792 831 5844 ετ
869 5808 929 5843 τε
959 5789 1104 5862 λώϐη
1148 5808 1232 5854 τις
1262 5789 1346 5862 εἴη
1394 5789 1522 5860 περὶ
1565 5789 1662 5853 τὰς
1699 5787 1872 5857 ὄψεις,

318 5883 431 5939 εἴτε
460 5899 512 5937 τι
546 5882 718 5937 λείποι
760 5882 864 5936 τῶν
896 5882 1032 5937 κατὰ
1062 5882 1239 5951 φύσιν,
1272 5882 1305 5954 ἢ
1348 5879 1622 5951 ὀφθαλμοῦ
1652 5880 1873 5951 ἐκρυέν-

1960 4689 2061 4758 'qui
2093 4687 2318 4741 auribus
2340 4685 2595 4754 appendit
2618 4692 2964 4745 ornamenta,
2993 4690 3086 4736 aut
3111 4685 3203 4752 qui
3236 4681 3533 4736 luxurianti

1971 4786 2163 4848 torque
2190 4775 2388 4830 collum
2413 4774 2739 4838 circumdat,
2760 4781 2854 4827 aut
2884 4789 2943 4829 se
2978 4773 3029 4826 in
3057 4773 3238 4842 aliqua
3259 4772 3365 4825 alia
3381 4783 3534 4842 parte

1969 4868 2214 4935 corporis
2244 4881 2438 4919 aurum
2469 4864 2648 4919 ferens
2680 4862 2945 4918 ostendit?
2998 4862 3320 4934 Ubicunque
3348 4863 3397 4917 id
3423 4863 3535 4918 {nec

1971 4960 2043 5013 rit
2063 4960 2225 5013 situm
2250 4957 2304 5010 in
2336 4970 2586 5026 corpore,
2620 4955 2736 5024 ipse
2758 4955 2825 5009 ab
2849 4956 2966 5010 auri
3003 4955 3290 5026 splendore
3312 4956 3533 5011 minime

1969 5048 2409 5105 transformatur.
2450 5048 2553 5113 Qui
2581 5047 2727 5103 enim
2766 5047 3014 5100 intuetur
3054 5062 3176 5101 eum
3210 5047 3303 5117 qui
3336 5061 3530 5101 aurum

1970 5150 2165 5214 gestat,
2190 5154 2379 5195 revera
2409 5140 2627 5210 quidem
2678 5154 2872 5193 aurum
2916 5140 3084 5204 videt,
3133 5140 3354 5208 perinde
3386 5154 3449 5192 ac
3483 5138 3532 5193 si

1972 5237 2044 5293 sit
2072 5232 2415 5306 propositum
2444 5232 2632 5285 venale
2660 5250 2673 5285 :
2702 5246 2825 5285 eum
2880 5240 3058 5284 autem
3088 5232 3179 5300 qui
3212 5230 3264 5283 id
3313 5238 3484 5300 gestat
3510 5268 3527 5290 ,

1973 5330 2131 5384 talem
2159 5326 2335 5396 qualis
2380 5334 2463 5379 est
2520 5331 2713 5377 natura
2752 5324 2971 5391 aspicit.
3024 5322 3249 5376 Etiamsi
3304 5320 3532 5391 pulchre

1970 5421 2303 5476 elaboratum
2330 5425 2384 5471 et
2412 5418 2658 5471 caelatum
2694 5416 2767 5470 sit
2803 5430 2991 5469 aurum
3018 5458 3033 5477 ,
3066 5412 3279 5468 etiamsi
3322 5411 3524 5470 virides

1972 5521 2066 5569 aut
2097 5512 2239 5583 ignis
2264 5511 2436 5564 instar
2460 5507 2756 5563 candentes
2785 5521 3026 5578 gemmas
3054 5505 3107 5557 in
3137 5518 3196 5557 se
3230 5503 3529 5568 contineat,

1973 5605 2142 5660 nihilo
2184 5603 2352 5674 magis
2392 5602 2602 5671 accepit
2635 5607 2831 5653 natura
2882 5610 3103 5652 sensum
3152 5608 3341 5648 eorum
3410 5608 3533 5663 quae

1974 5705 2102 5753 sunt
2139 5693 2347 5762 adjecta
2372 5711 2384 5747 :
2425 5690 2519 5746 sed
2548 5691 2662 5746 sive
2688 5688 2881 5743 morbo
2909 5687 3092 5755 aliquo
3116 5685 3326 5740 laborat
3351 5685 3531 5751 visus,

1974 5788 2088 5843 sive
2109 5786 2308 5857 aliquid
2334 5784 2512 5840 dcllcit
2531 5797 2715 5839 eorum
2740 5796 2860 5851 qua:
2886 5787 3014 5834 sunt
3037 5778 3336 5834 secundum
3360 5786 3525 5833 natu-

1978 5895 2112 5947 ram,
2145 5887 2327 5949 utpote
2354 5874 2499 5948 quod
2528 5874 2609 5931 vel
2636 5874 2831 5930 oculus
2861 5870 3152 5937 elliuxerit,
3185 5871 3267 5928 vel
3300 5885 3447 5945 gena
3467 5870 3533 5927 in

2311 6033 2333 6092 ί
