3986 6460
179 356 280 413 675

1244 362 1310 416 ΙΝ
1347 355 1871 417 ECCLESIASTEN.
1918 354 2193 411 ΗΟἉΙΙῌΑ
2225 358 2312 412 IV.

3291 361 3399 420 871

182 483 373 552 φοραῖς
426 482 537 537 τῶν
567 480 1065 553 στενοχορουμένων
1082 522 1097 546 ,
1149 484 1196 535 0t
1242 483 1350 537 τῶν
1398 480 1729 535 πλεονεκτῶν

1835 494 1950 547 qua:
1981 476 2285 533 infertunio
2316 478 2508 548 ingerit
2538 481 2825 533 materiam
2849 522 2863 545 ,
2894 479 3177 550 quomodo
3210 481 3261 538 is
3298 482 3393 552 qui
3488 498 3489 501 ‘

182 570 501 641 ύλομανοῦσι
552 572 720 625 τόκοι.
761 566 893 624 Εἶτα
950 570 1218 642 προτείνει
1278 570 1374 642 τὴν
1405 574 1563 642 χεῖρα
1596 570 1734 641 μετά

177 660 268 715 τοῦ
297 666 593 734 χρήματος,
628 663 813 735 ὥσπερ
843 668 876 735 ὴ
910 663 1074 733 όρμιά
1092 663 1153 716 τὸ
1175 663 1551 735 κεκρυμμένον
1579 662 1733 731 ἀγκι-

176 767 333 821 στρον
379 751 457 821 τῷ
510 752 854 823 δελεάσματι.
899 748 1209 822 Περιχανὼν
1244 748 1302 805 δὲ
1331 753 1360 804 ό
1404 748 1632 815 δείλαιος
1664 754 1731 822 τῇ

177 843 311 913 πρὸς
338 844 398 896 τὸ
431 844 601 914 παρὸν
628 844 873 915 εὐπορίᾳ,
903 846 996 896 καὶ
1024 843 1076 895 εί
1097 860 1150 896 τι
1184 842 1423 915 κρυπτὸν
1457 842 1516 895 ὲν
1536 842 1734 896 ἀποθέ-

175 950 283 997 τοις
304 930 440 1005 εἶχε,
462 938 529 1007 τῇ
551 934 643 989 τοῦ
672 937 963 1007 ἀγκίστρου
985 936 1114 1005 ὁλκῇ
1133 933 1474 1005 συνεξέμεσε.
1502 934 1733 988 Τοιαῦτα

174 1024 241 1077 τὰ
268 1026 376 1077 τῶν
404 1027 574 1080 τόκων
604 1024 1034 1097 εὐεργετήματα.
1068 1023 1183 1081 Κάν
1203 1026 1300 1097 μέν
1328 1043 1411 1089 τις
1440 1026 1573 1096 πρὸς
1613 1026 1733 1095 βίαν

175 1116 437 1187 ἀφέληταί
458 1134 602 1181 τινος
619 1119 679 1172 τὸ
700 1119 924 1188 ἑφόδιον,
956 1118 989 1189 ἦ
1028 1118 1205 1171 λαθὼν
1238 1117 1536 1187 ύποκλέψῃ,
1562 1117 1733 1186 βίαιος

176 1206 265 1258 καὶ
314 1206 649 1276 λωποδύτης,
702 1209 795 1261 καὶ
845 1208 915 1261 τά
940 1207 1162 1259 τοιαῦτα
1206 1200 1455 1275 λέγεται’
1487 1208 1516 1257 ό
1550 1205 1603 1257 δὲ
1634 1204 1732 1274 τὴν

176 1297 389 1351 ἀδικίαν
416 1301 765 1371 ἑμμάρτυρον
782 1300 875 1353 καὶ
898 1300 997 1370 τὴν
1030 1300 1252 1370 πικρίαν
1280 1298 1617 1368 ποιούμενος,
1641 1300 1734 1350 καὶ

179 1388 469 1458 συνθήκαις
517 1391 616 1459 τὴν
644 1391 987 1460 παρανομίαν
1022 1384 1333 1460 κρατύνων,
1359 1391 1733 1463 φιλάνθρωπος

176 1480 268 1532 καὶ
296 1480 610 1551 εὐεργέτης,
634 1483 726 1534 καὶ
757 1482 955 1553 σωτὴρ,
979 1484 1072 1534 καὶ
1104 1483 1280 1536 πάντα
1303 1483 1371 1536 τά
1397 1482 1608 1553 χρηστά
1628 1483 1734 1537 τῶν

173 1569 449 1639 ὀνομάτων
478 1574 934 1643 προσαγορεύεται
954 1589 967 1603 ⁶
994 1574 1164 1627 καὶτὸ
1196 1575 1292 1645 μὲν
1312 1575 1371 1638 ἐξ
1402 1574 1734 1647 ὑφαιρέσεως

175 1661 383 1732 κέρδος,
421 1662 641 1733 κλέμμα
666 1664 907 1733 λέγεται,
928 1666 1027 1719 όδὲ
1056 1666 1143 1720 διά
1174 1667 1274 1736 τῆς
1302 1666 1552 1738 τοιαύτης
1576 1669 1736 1737 ἀνάγ-

175 1768 274 1821 κης
324 1754 653 1824 ἀπογυμνῶν
677 1756 765 1809 τὸν
810 1758 1061 1827 Χριστὸν,
1094 1757 1470 1830 φιλανθρωπίᾳ
1501 1757 1599 1829 τὴν
1641 1777 1732 1813 πι-

176 1844 333 1913 κρίαν
390 1846 804 1917 ὑποκορίζεται*
837 1848 978 1901 οὓτω
1010 1848 1118 1919 γὰρ
1154 1849 1251 1913 τὰς
1283 1828 1480 1921 ζημίας
1506 1828 1613 1905 τῶν
1635 1852 1733 1905 δει-
1765 1828 1804 1883 Β

174 1934 338 1987 λαίων
389 1937 838 2006 κατονομάξουσι,
878 1956 896 1990 ι
933 1939 1249 2010 Συνήγαγόν
1284 1956 1373 2013 μοι
1409 1941 1501 1996 καί
1542 1958 1606 2011 γε
1638 1944 1735 2014 ἀρ-

175 2024 359 2096 γύριον
392 2027 486 2079 καί
512 2044 575 2095 γε
592 2029 834 2099 χρυσίον.
866 2042 886 2082 ι
918 2031 1083 2085 Ἀλλά
1112 2033 1300 2086 τούτου
1336 2034 1493 2104 χάριν
1516 2034 1544 2087 ό
1577 2035 1735 2103 σοφὸς

174 2117 443 2170 παιδεύων
468 2117 559 2172 τὸν
597 2119 730 2189 βίον,
764 2118 820 2174 ὲν
841 2120 919 2191 τῷ
956 2124 1237 2194 καταλόγῳ
1272 2125 1382 2177 τῶν
1419 2125 1735 2197 ἐξαγορεύο-

177 2207 352 2277 μένων
434 2210 527 2263 καὶ
572 2211 742 2265 ταῦτα
771 2213 1237 2286 κατηριθμήσατο,
1273 2217 1358 2270 ῖνα
1389 2217 1649 2288 μαθόντες
1684 2220 1734 2272 οί

174 2297 446 2368 ἄνθρωποι
500 2301 648 2370 παρὰ
669 2302 763 2355 τοῦ
790 2306 855 2374 τῃ
889 2305 1054 2376 πείρᾳ
1081 2306 1507 2375 κατεγνωκότος,
1548 2309 1630 2361 ὅτι
1676 2309 1734 2362 ἓν

172 2388 277 2442 τῶν
306 2389 394 2443 ἐπ’
450 2392 649 2464 ἀτοπίᾳ
707 2396 1165 2466 κατεγνωσμένων
1207 2396 1365 2450 τοῦτό
1399 2400 1536 2464 ἐστι,
1566 2398 1731 2468 φυλά-

175 2481 367 2544 ξωνται
408 2483 516 2553 πρὸ
558 2484 658 2553 τῆς
709 2486 902 2557 πείρας
928 2487 1027 2557 τὴν
1066 2486 1162 2541 τοῦ
1188 2488 1358 2542 κακοῦ
1393 2490 1695 2561 προσϐολήν
1716 2508 1731 2522 ο

172 2574 424 2646 καθάπερ
455 2576 569 2630 ἐστι
609 2578 702 2631 καὶ
752 2581 876 2643 τοὺς
898 2579 1217 2652 λῃστρικούς
1254 2598 1312 2634 τε
1335 2583 1427 2635 καὶ
1454 2582 1734 2655 θηριώδεις

171 2664 374 2728 τόπους
425 2666 650 2730 ἀπαθῶς
686 2667 933 2732 διελθεῖν,
982 2668 1070 2722 διά
1101 2670 1160 2723 τὸ
1195 2670 1478 2741 προελθεῖν
1513 2673 1639 2736 τοῦς
1676 2675 1735 2726 ὲν

170 2756 380 2820 τούτοις
416 2758 986 2829 προκινδυνεύσαντας.
1033 2759 1223 2825 Καλῶς
1250 2762 1308 2814 δὲ
1338 2764 1366 2816 ὁ
1401 2763 1541 2826 θεῖος
1580 2763 1735 2816 Ἀπό-

174 2848 378 2912 στολος,
412 2848 588 2912 καλῶς
619 2849 682 2903 τὸ
717 2850 885 2913 πάθος
933 2850 1035 2921 τῆς
1074 2850 1434 2924 φιλαργυρίας
1472 2854 1732 2924 ὁρίζεται,

171 2939 331 3008 ῥίζαν
347 2938 514 3010 αὐτὴν
537 2939 753 2995 πάντων
765 2940 872 2993 τῶν
890 2941 1074 2995 κακῶν
1090 2943 1735 3015 ἀποφηνάμενος.Ὢσπερ

169 3032 275 3101 γὰρ
295 3031 352 3083 εί
368 3049 475 3084 τινι
497 3031 650 3103 μέρει
672 3032 967 3103 διεφθορὼς
989 3035 1083 3086 καὶ
1114 3034 1482 3103 σηπεδονώδης
1504 3037 1734 3107 ἐπιρρυῇ

168 3119 364 3189 χυμὸς,
392 3122 485 3173 καὶ
513 3120 789 3192 φλεγμονὴ
828 3119 907 3190 τῷ
952 3123 1103 3192 τόπῳ
1141 3123 1451 3193 ἐγγένηται,
1521 3124 1732 3194 ἀνάγκη

168 3211 320 3262 πᾶσα
350 3211 431 3273 είς
453 3211 754 3266 ἀπόστασίν
791 3227 913 3267 τινα
939 3214 1033 3266 καὶ
1059 3212 1354 3284 διαφθορὰν
1381 3214 1440 3266 τὸ
1460 3214 1733 3284 ὲνσκῆψαν

168 3298 338 3371 ὑγρὸν
367 3301 766 3373 ἀπορραγῆναι,
796 3302 1148 3372 διαφυγόντος
1185 3303 1280 3357 τοῦ
1313 3304 1466 3358 ποιοῦ
1489 3305 1589 3376 τὴν
1616 3309 1734 3359 ἐπι-

166 3392 427 3461 φάνειαν*
457 3393 627 3457 οὕτως
644 3389 724 3457 οἷς
752 3396 913 3466 ὲνρυῇ
933 3397 1031 3465 τῆς
1047 3396 1475 3467 φιλοχρηματίας
1500 3400 1533 3469 ἡ
1562 3398 1731 3465 νόσος,

164 3487 243 3549 είς
269 3485 566 3538 ἀκολασίαν
591 3485 665 3549 ὼς
698 3485 766 3538 τά
804 3486 972 3540 πολλά
1019 3487 1080 3540 τὸ
1113 3488 1283 3551 πάθος
1310 3489 1605 3560 ἀπέσκηψε.
1636 3490 1735 3543 Διά

161 3577 326 3630 τοῦτο
357 3577 679 3648 προστίθησι
722 3580 788 3649 τῇ
834 3579 1123 3650 περιουσίᾳ
1158 3578 1254 3633 τοῦ
1299 3580 1520 3650 χρυσίου
1553 3598 1611 3633 τε
1640 3582 1734 3635 καὶ

160 3665 435 3736 ἀργυρίου
453 3666 550 3737 τὴν
579 3665 883 3731 ἀκολούθως
911 3667 988 3738 τῷ
1019 3670 1450 3739 προκατασχόντι
1468 3673 1732 3742 νοσήματι

160 3755 638 3808 ἐπακολουθοῦσαν
696 3756 1098 3827 ἀσχημοσύνην.
1137 3777 1156 3810 ι
1217 3759 1476 3828 Ἐποίησα
1526 3763 1654 3832 γὰρ,
1710 3781 1729 3815 ι

164 3845 359 3913 φησὶν,
397 3861 416 3895 ι
462 3843 682 3915 ᾅδοντας
727 3845 823 3897 καὶ
858 3844 1105 3914 ᾀδούσας,
1133 3864 1151 3899 ι
1192 3848 1300 3901 τῶν
1327 3852 1638 3921 συμποσίων
1664 3852 1734 3906 τά

159 3937 580 4007 ὲντρυφήματα,
630 3937 897 4007 οἰνοχόους
954 3938 1048 3991 καὶ
1081 3940 1338 4008 οἰνοχόας.
1383 3943 1650 4012 Ἤρκεσεν
1694 3946 1729 4014 ὴ

160 4027 360 4097 μνήμη
396 4026 503 4079 τῶν
540 4027 817 4097 ὀνομάτων
850 4027 1192 4099 στηλιτεῦσαι
1225 4031 1285 4084 τὸ
1312 4031 1503 4097 πάθος,
1531 4035 1668 4105 ὅπερ
1695 4036 1730 4107 ή

156 4118 386 4187 περὶτά
415 4118 669 4189 χρήματα
694 4119 847 4182 νόσος
871 4120 1393 4191 προωδοποίησεν.Ὢ
1407 4124 1503 4194 τῆς
1529 4125 1730 4181 ἀτόπου

152 4211 372 4280 ταύτης
405 4210 763 4281 φιλοτεχνίαςί
788 4211 863 4275 ὡς
885 4212 1079 4283 ἀθρόον
1099 4215 1375 4269 ἐπιϐάλλει
1403 4217 1510 4270 τῶν
1531 4218 1730 4289 ἡδονῶν

1834 568 1955 623 oleo
1980 570 2278 637 exstinguit
2318 567 2611 621 ﬂammam.
2654 569 2771 623 Non
2802 570 2945 624 enim
2981 573 3281 626 calamitati
3319 574 3395 626 fea-

1832 673 1965 714 uore
2008 659 2161 714 affert
2208 660 2546 722 remedium,
2581 660 2674 714 sed
2715 674 2833 714 eam
2878 662 3050 731 magis
3098 669 3296 730 auget.
3338 668 3394 715 et

1830 752 2106 819 quomodo
2132 752 2184 804 in
2208 751 2347 806 locis
2376 751 2546 805 aridis
2571 758 2625 805 et
2651 752 2876 807 incultis
2898 760 3043 807 terra
3073 766 3171 807 sua
3200 762 3397 823 sponte

1832 841 2090 912 producit
2122 844 2341 913 Spinas:
2379 843 2454 895 ita
2486 844 2649 896 etiam
2685 842 2739 896 in
2772 844 3171 919 calamitatibus
3203 861 3395 901 eorum

1832 936 1924 1001 qui
1968 943 2291 1000 premuntur
2330 931 2633 1000 angustiis,
2677 946 2967 985 avarorum
3010 934 3197 987 fenora
3236 936 3396 989 luxu-

1833 1024 1995 1076 riant.
2029 1022 2231 1077 Deinde
2262 1038 2481 1077 manum
2521 1023 2761 1093 porrigit
2798 1038 2921 1076 cum
2953 1026 3212 1093 pecunia,
3251 1029 3397 1083 sicut

1830 1114 2044 1169 arundo
2069 1114 2289 1169 hamum
2315 1126 2441 1170 esca
2470 1122 2695 1168 tectum.
2746 1114 2914 1169 Hiaus
2945 1123 3123 1171 autem
3160 1118 3264 1173 iste
3293 1120 3397 1171 mi-

1830 1200 1998 1261 sellus
2030 1207 2098 1260 ad
2132 1214 2463 1277 praesentem
2499 1206 2755 1275 copiam,
2790 1207 3004 1261 etiamsi
3039 1208 3172 1276 quid
3207 1211 3396 1263 occul-

1830 1305 1944 1350 tum
1982 1298 2217 1351 habebat
2247 1299 2587 1367 repositum,
2615 1312 2739 1350 cum
2772 1305 3006 1352 attracto
3041 1299 3199 1354 hamo
3231 1301 3395 1356 simul

1829 1388 2050 1442 evomit.
2080 1386 2306 1442 Fenoris
2329 1386 2599 1455 ejusmodi
2621 1394 2749 1441 sunt
2772 1387 3055 1442 beneﬁcia.
3085 1388 3149 1442 Et
3177 1391 3223 1443 si
3246 1393 3396 1460 quis-

1834 1479 1976 1546 piam
2015 1479 2249 1548 alicujus
2289 1479 2511 1549 quidem
2550 1478 2814 1532 viaticum
2856 1481 2907 1533 vi
2943 1480 3264 1545 abstulerit,
3303 1490 3397 1536 aut

1832 1571 1970 1625 clam
2004 1570 2360 1641 subripuerit,
2393 1578 2600 1639 raptor,
2629 1579 2682 1624 et
2711 1570 2833 1636 fur,
2867 1579 2920 1625 et
2948 1587 3067 1640 quae
3093 1581 3222 1628 sunt
3250 1574 3397 1642 ejus-

1834 1660 1977 1716 modi
2008 1662 2232 1717 dicitur.
2262 1662 2367 1729 Qui
2396 1672 2578 1717 autem
2607 1662 2771 1717 etiam
2798 1662 3057 1718 adhibitis
3084 1666 3315 1733 testibus
3336 1672 3395 1720 se

1835 1754 2038 1822 injuste
2072 1761 2127 1810 et
2164 1756 2360 1810 acerbe
2398 1754 2540 1824 gerit
2563 1795 2578 1819 ,
2614 1762 2669 1809 et
2708 1756 2882 1825 pactis
2921 1758 3208 1814 conventis
3238 1773 3395 1813 suam

1836 1845 2125 1900 confirmat
2162 1847 2502 1916 iniquitatem
2527 1886 2542 1911 ,
2580 1834 2853 1916 benignus
2888 1848 3088 1903 dicitur
3118 1858 3172 1904 et
3200 1852 3398 1907 beneﬁ-

1834 1953 1961 2003 cus,
2005 1945 2059 1993 et
2096 1947 2365 2002 servator,
2398 1947 2452 1995 et
2486 1940 2832 2003 nominibus.
2863 1952 3223 2013 quamumque
3254 1945 3396 1999 bona

1834 2037 1998 2093 sunt,
2050 2029 2397 2099 appellatur:
2444 2037 2501 2083 et
2532 2030 2679 2101 quod
2726 2045 2792 2085 ex
2844 2030 3125 2089 ablatione
3176 2035 3395 2103 quidem

1832 2130 2055 2188 paratur
2086 2110 2296 2175 lucrum
2319 2158 2335 2183 ,
2368 2119 2570 2174 dicitur
2600 2120 2838 2186 furtum,
2868 2124 2964 2191 qui
2997 2133 3175 2189 autem
3205 2126 3400 2194 hujus-

1835 2211 1979 2266 modi
2010 2212 2342 2266 necessitate
2374 2212 2720 2281 compulsum
2756 2214 2954 2282 spoliat
2980 2214 3352 2270 Christianum
3374 2254 3398 2283 ,

1833 2300 2036 2355 blando
2092 2301 2449 2371 benignitatis
2499 2302 2769 2356 vocabulo
2815 2303 2947 2357 lenit
2994 2306 3341 2360 acerbitatem
3378 2322 3394 2360 :

1833 2393 2158 2448 miserorum
2192 2394 2336 2446 enim
2384 2391 2670 2447 hominum
2711 2394 2910 2448 damna
2964 2396 3037 2449 ita
3087 2398 3393 2453 nominant.

1841 2500 1859 2533 ι
1882 2482 2118 2552 Collegi,
2145 2501 2162 2533 ι
2190 2484 2400 2551 inquit,
2431 2501 2449 2534 ι
2486 2483 2618 2537 mihi
2648 2493 2702 2538 et
2728 2493 3011 2554 argentum
3042 2494 3097 2541 et
3126 2503 3338 2541 aurum.
3370 2498 3392 2541 ὸ

1836 2572 1942 2627 Sed
1973 2572 2074 2626 hac
2103 2571 2170 2627 de
2198 2587 2366 2628 causa
2394 2573 2614 2643 sapiens
2644 2575 2810 2627 vitam
2841 2574 3130 2641 erudiens,
3164 2577 3218 2630 in
3249 2586 3399 2631 catal-

1835 2664 1957 2734 logo
1984 2678 2174 2719 eorum
2205 2679 2326 2734 qua:
2355 2665 2553 2726 rel'ert,
2587 2664 2702 2719 hac
2730 2680 2948 2734 quoque
2977 2670 3398 2733 annumeravit,

1838 2764 1899 2808 ut
1929 2768 2054 2809 cum
2090 2756 2340 2810 homines
2365 2755 2433 2810 ab
2460 2770 2527 2809 eo
2557 2756 2851 2811 didicerint
2875 2759 2966 2826 qui
2998 2759 3114 2828 ipsa
3145 2762 3405 2828 cognovit

1842 2846 2176 2916 experientia
2197 2886 2211 2911 ,
2242 2847 2346 2900 hoc
2378 2862 2502 2901 esse
2531 2862 2698 2901 unum
2731 2864 2793 2902 ex
2832 2849 2898 2903 iis
2926 2864 3045 2918 qua:
3074 2860 3131 2904 ut
3158 2851 3403 2905 absurda

1835 2946 1887 2992 et
1910 2938 2086 2991 aliena
2116 2946 2242 2991 sunt
2266 2936 2626 2991 condemnata
2648 2976 2663 3001 ,
2692 2948 2919 2993 caveant
2942 2942 3067 2995 mali
3101 2942 3396 3011 impetum,

1836 3028 2152 3098 priusquam
2181 3028 2302 3097 ejus
2328 3028 2531 3081 iaciant
2561 3030 2863 3098 periculum
2890 3047 2904 3083 ε
2928 3031 3070 3085 sicut
3091 3032 3253 3086 etiam
3280 3040 3399 3085 tuto

1843 3119 2140 3175 transmitti
2178 3127 2406 3189 possunt
2440 3121 2555 3173 loca
2589 3134 2619 3173 a
2655 3119 2962 3177 latronibus
2996 3132 3049 3177 et
3084 3123 3275 3179 bestiis
3308 3126 3397 3177 in-

1840 3210 1996 3275 testa,
2024 3217 2330 3279 propterea,
2354 3211 2502 3279 quod
2533 3214 2923 3281 praecesserint
2944 3215 3034 3283 qui
3069 3215 3122 3268 in
3147 3215 3215 3270 iis
3239 3227 3407 3270 antea.

1836 3302 2085 3356 adierunt
2124 3302 2453 3370 periculum.
2496 3302 2731 3359 Pulchre
2769 3314 2947 3360 autem
2993 3306 3210 3362 divinus
3250 3309 3399 3377 Apo-

1833 3394 2009 3449 stolus
2031 3435 2046 3455 ,
2083 3393 2310 3463 pulchre
2330 3429 2346 3457 ,
2381 3394 2635 3463 inquam,
2670 3394 2859 3449 deﬁnit
2890 3396 3085 3449 vitium
3117 3400 3405 3465 avaritiae,

1834 3486 2195 3555 pronuntians
2211 3485 2384 3554 ipsam
2398 3500 2521 3541 esse
2533 3487 2775 3541 omnium
2793 3487 3057 3543 malorum
3079 3490 3313 3545 radicem
3328 3494 3400 3547 ⁷⁸.

1833 3579 1953 3644 Quo
1982 3578 2143 3632 modo
2173 3579 2317 3632 enim
2347 3577 2391 3633 si
2425 3579 2478 3632 in
2506 3579 2752 3649 aliquam
2788 3590 2992 3649 partem
3025 3590 3318 3652 corruptus
3344 3593 3400 3638 et

1835 3670 2095 3742 putridus
2120 3671 2316 3723 humor
2344 3670 2610 3725 allluxerit
2629 3711 2645 3737 ,
2667 3681 2720 3725 et
2751 3671 2807 3724 in
2843 3673 2964 3725 loco
2995 3673 3156 3726 fuerit
3185 3676 3399 3728 initam-

1836 3763 2009 3816 matio
2031 3800 2045 3824 ,
2078 3776 2304 3815 necesse
2333 3767 2420 3814 est
2465 3760 2687 3813 omnino
2724 3768 2785 3812 ut
2830 3761 2882 3814 in
2916 3762 3149 3831 aliquem
3180 3764 3399 3819 absces-

1836 3868 1956 3911 sum
1986 3861 2041 3908 et
2075 3852 2481 3921 corruptionem
2518 3852 2713 3905 humor
2743 3852 2832 3905 ille
2858 3862 3139 3922 erumpat,
3174 3870 3295 3908 cum
3328 3858 3395 3911 ad

1839 3942 2178 4014 superﬁciem
2218 3956 2358 4010 opus
2396 3942 2741 4009 pervaserit:
2780 3942 2855 3994 ita
2893 3943 3098 4010 quibus
3147 3948 3397 4013 pecunia:

1842 4033 2153 4104 cupiditatis
2182 4033 2406 4086 morbus
2463 4032 2769 4099 adluxerit,
2815 4032 2882 4085 ad
2924 4034 3394 4103 intemperantiam

1842 4138 2038 4194 magna
2067 4139 2131 4178 ex
2165 4131 2319 4194 parte
2344 4123 2571 4176 inclinat
2610 4122 2823 4178 vitium.
2864 4121 3161 4192 Propterea
3191 4126 3315 4181 auri
3341 4138 3397 4182 et

1840 4217 2046 4286 argenti
2084 4216 2254 4285 copiae
2287 4214 2437 4269 addit
2474 4214 2870 4284 turpitudinem
2900 4253 2915 4278 ,
2947 4230 3073 4284 qua}
3108 4218 3399 4282 morbum,

150 4303 215 4354 τὸ
249 4302 465 4374 ῥεῦμα,
494 4297 606 4355 οἷόν
629 4319 739 4356 τισι
765 4305 1085 4375 χειμάρροις
1122 4306 1328 4371 διπλοῖς
1372 4308 1440 4361 δι’
1474 4310 1642 4379 ἀκοῆς
1671 4328 1731 4365 τε

1836 4310 1926 4378 qui
1966 4308 2118 4378 prius
2158 4308 2466 4371 invaserat,
2503 4308 2643 4361 solet
2673 4306 2871 4361 deinde
2904 4308 3192 4376 consequi.
3222 4327 3241 4359 ι
3271 4307 3394 4365 Feci

149 4396 252 4448 καὶ
268 4395 455 4464 ὅψεως
476 4395 573 4458 τάς
588 4394 764 4464 ψυχὰς
779 4396 1086 4461 ὲπικλύζον,
1102 4397 1187 4450 ἵνα
1212 4398 1471 4468 βλέπηται
1494 4402 1554 4453 τὸ
1569 4404 1734 4456 κακὸν

1835 4400 2014 4463 enim,
2050 4416 2069 4450 ι
2102 4397 2310 4466 inquit,
2348 4416 2368 4449 ι
2397 4406 2653 4452 cantores
2708 4404 2763 4450 et
2821 4398 3189 4463 cantatrices,
3223 4417 3243 4449 ι
3277 4415 3396 4469 qua:

146 4489 249 4540 καὶ
298 4486 605 4557 ἀκούηταιῑ
645 4487 706 4540 Ἦ
734 4488 846 4560 ᾠδὴ
887 4488 984 4559 τὴν
1012 4490 1177 4561 ἀκοὴν
1218 4492 1665 4564 καταστρέφεται,
1699 4495 1732 4566 ἠ

1840 4487 2217 4543 conviviorum
2248 4493 2379 4541 sunt
2406 4486 2646 4550 deliciae,
2698 4487 3051 4557 pocillatores
3085 4495 3138 4542 et
3167 4489 3396 4557 pocilla-

143 4573 275 4642 ὄψις
347 4574 450 4645 τὴν
511 4573 625 4643 litim
694 4577 1142 4646 καταγωνίζεται.
1207 4580 1442 4634 Ἐκεῖθεν
1494 4584 1523 4636 ό
1571 4582 1734 4654 θῆλυς

1839 4580 2021 4634 trices.
2056 4576 2264 4631 Suliicit
2297 4577 2504 4631 mentio
2531 4578 2816 4631 nominum
2858 4577 2929 4632 ad
2971 4576 3395 4633 describendum

141 4667 406 4735 φθόγγος
434 4666 521 4719 διά
543 4667 642 4739 τῆς
668 4667 963 4741 λελυμένης
985 4670 1093 4723 τῶν
1125 4670 1277 4742 ᾠδῶν
1304 4674 1584 4744 ἁρμονίας,
1611 4694 1733 4729 συνο

1836 4670 2030 4724 vitium
2052 4708 2069 4734 ,
2098 4669 2164 4722 ad
2196 4668 2341 4737 quod
2372 4669 2516 4721 viam
2557 4668 2734 4721 munit
2777 4669 3001 4723 morbus
3026 4707 3043 4731 ,
3090 4670 3184 4738 qui
3224 4673 3395 4725 oritur

140 4761 376 4828 εισάγει
414 4759 591 4831 ἑαυτῷ
630 4762 723 4814 ἐπὶ
752 4763 851 4832 τὴν
884 4762 1111 4833 καρδίαν
1140 4763 1203 4816 τὸ
1234 4764 1423 4828 πάθος.
1460 4767 1734 4822 Ἐντεῦθεν

1836 4776 1903 4815 ex
1932 4759 2089 4829 copia
2124 4759 2388 4830 pecuniae.
2419 4757 2464 4814 Ο
2494 4760 2802 4829 improbum
2836 4768 2889 4815 et
2916 4762 3289 4829 importunum
3318 4779 3381 4817 ar

134 4856 170 4920 ἠ
194 4853 335 4922 ὄψις
352 4846 468 4904 οἷόν
481 4870 531 4905 τι
559 4854 858 4925 μηχάνημα
882 4854 1011 4908 πολε
1019 4854 1175 4925 μικδν
1193 4858 1304 4919 τοῖς
1315 4858 1610 4928 ὀφθαλμοῖς
1638 4859 1730 4913 τοῦ

1836 4852 2063 4905 titicium
2076 4865 2238 4921 quam
2255 4849 2481 4905 densum
2500 4852 2791 4904 acervatim
2812 4852 3048 4905 immittit
3062 4854 3395 4923 voluptatum

135 4944 265 5003 ταῖς
491 4943 872 5007 ὲπιπίπτοντος
893 4945 1353 5017 προδιαλυθέντος,
1366 4949 1731 5017 ἐμπίπτουσα,

1836 4941 2132 5006 ﬂuentum,
2173 4939 2321 5011 quod
2366 4941 2535 4995 veluti
2583 4941 2907 5011 quihusdam
2939 4942 3252 5012 duplicibus
3289 4955 3389 4999 tor-

131 5032 236 5103 τὴν
262 5024 463 5101 Qui»
489 5033 941 5103 καταστρέφεται.
969 5034 1346 5108 Στρατηγδς-δὲ
1370 5037 1465 5107 τῆς
1486 5040 1733 5108 παρατά-

1836 5034 2086 5089 rentibus
2114 5048 2210 5102 per
2238 5032 2484 5086 auditum
2515 5040 2570 5086 et
2599 5036 2774 5088 visum
2807 5033 3035 5088 inundat
3061 5036 3273 5091 animas
3292 5076 3307 5099 ,
3340 5047 3391 5090 ut

133 5123 282 5187 ξεως
305 5122 527 5191 ταύτης
551 5126 581 5177 ό
606 5118 747 5188 οἶνος
770 5125 996 5194 γίνεται,
1020 5125 1210 5198 ὥσπερ
1229 5106 1313 5191 τίς
1337 5106 1576 5200 πονηρὸς
1589 5132 1734 5198 τοξὸ-

1838 5126 2107 5187 videatur,
2156 5130 2210 5177 et
2254 5124 2511 5179 audiatur
2546 5125 2747 5179 malum
2776 5126 2789 5177 !
2822 5124 3031 5180 Cantus
3066 5128 3265 5182 evertit
3300 5142 3390 5181 au-

127 5232 237 5284 της
261 5214 494 5275 διπλοῖς
526 5214 707 5284 βέλεσι
754 5216 1127 5281 κατατοξεύων
1174 5218 1267 5272 τὸν
1311 5218 1614 5290 ἄνθρωπον,
1642 5224 1734 5277 ἐπί

1839 5218 2052 5281 ditum,
2109 5223 2370 5285 aspectus
2417 5226 2640 5286 superat
2670 5226 2749 5271 .et
2799 5222 3097 5287 prosternit
3149 5218 3393 5272 oculum.

124 5320 188 5354 τε
225 5303 347 5373 τὴν
390 5302 562 5373 ἀκοὴν
587 5304 682 5357 καὶ
712 5305 809 5376 τὴν
828 5305 947 5375 ὄψιν
963 5306 1200 5361 εὐθύνων
1224 5306 1323 5371 τὰς
1338 5308 1526 5374 ἀκίδας
1546 5327 1559 5342 ⁸
1584 5312 1736 5383 βέλος

123 5396 242 5468 γὰρ
266 5395 505 5461 γίνεται
539 5396 643 5465 τῆς
672 5397 770 5466 μὲν
801 5397 991 5469 ἀκοῆς,
1020 5399 1054 5469 ἡ
1074 5397 1221 5468 ᾠδήβ
1247 5399 1344 5470 τῆς
1371 5399 1428 5452 δὲ
1453 5400 1646 5471 ὄψεως,
1674 5405 1735 5457 τὸ

122 5488 511 5558 φαινόμενον.
548 5488 623 5540 Οὐ
662 5487 771 5558 γάρ
791 5488 943 5558 ψιλὸν
963 5489 1131 5559 ὄνομα
1160 5488 1266 5542 τῶν
1296 5491 1547 5560 οἰνοχόων
1563 5494 1730 5545 ἐστίν·

118 5580 247 5633 ἀλλ’
278 5582 360 5633 ὲκ
398 5578 491 5632 τοῦ
532 5579 691 5649 ἔργου
722 5582 933 5646 πάντως
960 5581 1297 5653 ὴὲπωνυμία
1317 5582 1541 5649 γίνεται.
1568 5584 1735 5639 Ὅταν

1842 5307 1982 5362 llinc
2015 5307 2299 5363 muliebris
2325 5323 2495 5363 sonus
2520 5324 2616 5377 per
2642 5310 2868 5363 tractam
2895 5319 3155 5365 cantuum
3188 5311 3392 5364 harmo-

1840 5398 1985 5453 niam
2018 5412 2201 5451 secum
2238 5400 2404 5452 sumit
2438 5399 2507 5453 ad
2537 5415 2632 5455 cor
2661 5410 2716 5455 et
2748 5400 2968 5455 deducit
2994 5401 3210 5455 vitium.
3242 5400 3393 5455 Illinc

1838 5488 1991 5543 visus
2013 5495 2274 5557 tanquam,
2298 5489 2478 5558 aliqua
2507 5490 2760 5545 machina
2787 5491 2980 5546 bellica
3006 5492 3058 5545 in
3082 5491 3270 5546 oculos
3288 5530 3302 5553 ,
3331 5494 3393 5546 ee

1841 5580 1984 5652 quod
2015 5580 2069 5635 in
2100 5595 2259 5638 aures
2291 5582 2546 5640 cantibus
2584 5584 2893 5640 incurrerat
2922 5583 3033 5654 jam
3067 5586 3277 5647 fracto,
3311 5583 3381 5637 in

190 5753 248 5785 "
288 5749 319 5807 Ι
372 5748 521 5804 Tim.
547 5768 620 5817 v1,
660 5751 742 5805 10.
