4044 6510
554 403 663 461 6⁸³5

1792 391 1853 448 S.
1882 388 2209 447 GREGORII
2245 392 2530 449 NYSSENI

3668 390 3772 445 676

556 531 824 577 currens.
864 503 1061 570 evertit
1101 511 1357 565 animam.
1406 504 1583 575 llujus
1626 512 1806 557 autem
1849 502 1985 557 aciei
2014 501 2122 557 dux

2229 506 2402 561 τοίνυν
2423 506 2677 578 ὲγχέηται
2696 506 2794 577 μὲν
2820 505 3052 575 ἀφειδῶς
3071 507 3180 568 τοῖς
3218 506 3515 576 συμπόταις
3542 507 3572 559 ὁ
3597 508 3770 579 ἀκρα-

555 616 643 667 est
714 608 937 668 vinum,
990 603 1135 673 quod
1166 600 1335 656 veluti
1361 598 1582 668 quidam
1631 594 1915 664 improbus
1955 593 2119 662 sagit—

557 700 731 756 tarius
755 696 1066 768 duplicibus
1095 693 1218 747 telis
1243 691 1524 745 hominem
1554 686 1833 750 confodit,
1864 684 1930 738 ad
1958 699 2118 738 aures

553 802 614 848 et
642 791 833 846 oculos
860 787 1106 858 dirigens
1135 783 1373 839 aculeos.
1404 778 1640 834 Auditus
1665 777 1811 831 enim
1842 775 2008 830 telum
2038 782 2121 829 est

554 891 754 939 cantus
771 922 787 945 ,
808 880 961 935 visus
985 887 1164 932 autem
1188 875 1243 929 id
1269 873 1413 943 quod
1438 871 1700 926 cernitur.
1722 866 1839 921 Non
1867 874 1951 920 est
1974 865 2119 919 enim

558 974 763 1029 nudum
790 987 854 1026 ac
877 971 1053 1027 solum
1084 983 1284 1023 nomen
1315 964 1694 1035 pocillatorum
1722 977 1735 1012 :
1768 956 1865 1026 sed
1892 957 2119 1011 omnino

557 1081 625 1121 ex
654 1064 797 1118 facto
822 1072 879 1119 et
897 1078 963 1118 ex
983 1076 1043 1116 re
1066 1060 1183 1131 ipsa
1216 1058 1272 1111 fit
1300 1052 1698 1111 denominatio.
1723 1048 1954 1115 Quando
1984 1060 2117 1116 ergo

559 1155 806 1211 convivis
834 1153 1055 1223 quidem
1087 1150 1305 1204 abunde
1325 1155 1378 1203 et
1402 1147 1550 1199 laute
1581 1142 1768 1196 vinum
1791 1136 2121 1196 infunditur,

561 1248 692 1302 huic
716 1256 900 1301 autem
939 1243 1103 1300 servit
1138 1239 1444 1295 ministerio
1467 1236 1730 1306 juventus
1761 1237 2023 1286 exornata
2056 1225 2125 1279 ad

559 1338 1057 1409 pulchritudinem.
1086 1341 1179 1387 aut
1205 1330 1392 1401 pueris
1422 1343 1518 1399 per
1554 1332 1809 1380 ornatum
1842 1317 2124 1374 effemina-

564 1407 671 1488 tis,
704 1432 797 1478 aut
822 1428 986 1478 etiam
1020 1423 1137 1491 ipso
1166 1435 1298 1474 sexu
1334 1414 1599 1471 feminino
1630 1416 1883 1466 versante
1915 1407 1970 1459 in
2004 1418 2126 1458 con-

560 1517 741 1580 vivio,
777 1523 832 1569 et
869 1513 1121 1583 benignis
1162 1509 1579 1564 invitationibus
1622 1504 1893 1558 flammam
1923 1496 2126 1552 excitat

563 1608 873 1662 indecoram
905 1624 917 1659 :
958 1605 1151 1657 horum
1188 1600 1499 1655 studiorum
1535 1607 1825 1666 quemnam
1861 1604 1982 1643 esse
2013 1587 2127 1641 exi-

562 1711 678 1753 tum
712 1706 800 1773 est
832 1692 1301 1751 consentaneum?
1344 1689 1448 1755 Qui
1494 1688 1638 1743 enim
1691 1678 2127 1747 uniuscujusque

561 1808 628 1847 ex
656 1768 868 1858 iisquae
901 1788 1035 1841 fiunt
1076 1799 1300 1854 scopum
1332 1780 1435 1837 silli
1479 1775 1768 1850 praponit,
1809 1768 2126 1826 curiositate

2218 598 2331 661 τος,
2364 600 2627 669 ὑπηρετεῖ
2660 598 2717 651 δὲ
2734 601 2801 668 τῇ
2823 597 3040 667 τοιαύτη
3067 596 3307 667 διακονίᾳ
3325 596 3513 667 νεότης
3540 600 3619 661 είς
3638 599 3770 652 κάλα-

2218 690 2308 750 λος
2334 688 2699 758 ὲξησκημένη,
2736 688 2769 755 ἢ
2806 688 3008 740 παίδων
3043 686 3131 739 διὰ
3178 686 3271 739 τοῦ
3312 687 3515 756 κόσμου
3556 686 3775 757 θηλυνο-

2182 834 2183 837 η
2224 780 2419 846 μένων,
2445 777 2479 845 ἢ
2511 776 2604 828 καὶ
2636 773 2801 828 αὐτοῦ
2822 774 2914 827 10-3
2932 773 3133 843 θήλεως
3157 773 3347 841 γένους
3367 772 3773 843 ἀναστρεφομέ-

2220 881 2311 917 νου
2342 864 2419 934 τῷ
2448 864 2749 934 συμποσίῳ,
2791 864 2886 917 καὶ
2924 866 3043 926 ταῖς
3073 861 3407 933 φιλοτησίαις
3439 862 3531 914 τὸν
3555 862 3775 932 ἀπρεπῆ

2221 955 2477 1025 λογισμὸν
2521 954 2836 1023 συγχέοντος
2862 970 2875 984 ·
2905 955 2982 1017 είς
3016 954 3067 1007 τί
3114 970 3243 1006 ποτε
3275 953 3422 1017 em;
3457 952 3779 1023 τελευτῆσαι

2220 1045 2318 1108 τὰς
2338 1044 2588 1108 τοιαύτας
2621 1044 2890 1109 σπουδάς;
2929 1044 2988 1097 'U
3005 1043 3113 1116 γὰρ
3144 1044 3341 1097 σκοπὸν
3394 1045 3621 1099 ἑκάστου
3668 1042 3778 1095 τῶν

2221 1134 2516 1203 γινομένων
2539 1133 2873 1203 ποιούμενος,
2900 1134 2993 1186 καὶ
3023 1132 3233 1204 παριὼν
3266 1136 3332 1204 τῇ
3361 1133 3654 1205 περιεργίᾳ
3679 1132 3779 1201 τὴν

2223 1223 2428 1293 χρείαν,
2452 1223 2597 1286 ὅπως
2638 1224 2734 1293 μὲν
2768 1222 3163 1299 κατακοσμήσει
3203 1221 3299 1286 τάς
3339 1222 3437 1292 τὴν
3473 1219 3612 1291 ᾠδὴν
3649 1237 3778 1290 μου·

2224 1313 2575 1384 σουργούσας,
2617 1314 2733 1367 οἷαν
2761 1313 2818 1365 δὲ
2844 1312 3124 1383 περιθήσει
3158 1314 3275 1375 ταῖς
3295 1310 3654 1381 οἰνοχοούσαις
3680 1310 3779 1381 τὴν

2225 1402 2435 1473 στολὴν,
2458 1406 2661 1475 σιωπᾷν
2684 1405 2785 1475 χρὴ
2812 1405 2880 1457 τά
2906 1402 3122 1458 τοιαῦτα
3145 1403 3360 1473 μᾶλλον,
3393 1403 3483 1455 καὶ
3507 1401 3581 1472 μὴ
3608 1401 3781 1470 ὲμόαά

2225 1492 2400 1545 θύνειν
2446 1494 2523 1564 τῷ
2567 1493 2706 1565 λόγῳ
2751 1498 2816 1565 τῇ
2861 1494 2967 1547 τῶν
2998 1494 3249 1547 τοιούτων
3273 1495 3585 1563 ὑπογραφῇ,
3609 1493 3683 1556 ὡς
3711 1492 3781 1545 ἂν

2226 1583 2300 1654 μὴ
2329 1582 2395 1636 δι’
2435 1584 2601 1653 αὐτῆς
2625 1585 2975 1655 κατηγορίας,
3006 1586 3268 1651 ὲπιξαίνοι
3296 1588 3407 1649 τοῖς
3443 1584 3780 1655 ἐμπαθεστέ-

2226 1691 2338 1744 ροις
2365 1676 2398 1745 ἡ
2434 1677 2616 1747 μνήμη
2651 1677 2718 1730 τὰ
2737 1676 3022 1748 τραύματα
3044 1696 3059 1709 ·
3090 1678 3175 1732 διά
3206 1678 3379 1733 ταῦτα
3401 1678 3429 1730 ὁ
3447 1677 3663 1749 χρυσὸς,
3686 1678 3781 1731 καὶ

2226 1762 2363 1833 ὑπὲρ
2387 1763 2589 1817 τούτων
2614 1766 2642 1817 ὁ
2665 1765 2925 1836 ἄργυρος,
2953 1767 3039 1819 ἵνα
3057 1765 3126 1819 τὰ
3148 1766 3369 1820 τοιαῦτα
3392 1767 3780 1838 παρασκευάσῃ

563 1884 731 1938 nimia
777 1896 935 1938 usum
976 1876 1432 1949 praetermittens,
1468 1863 1923 1942 quemadmodum
1971 1864 2126 1912 ornet

2229 1854 2322 1923 τῆς
2350 1855 2555 1927 τρυφῆς
2579 1856 2937 1927 δελεάσματα.

562 1973 787 2042 quidem
820 1985 914 2025 eas
942 1944 1063 2037 qua:
1119 1968 1362 2021 musicas
1408 1962 1739 2015 meditentur
1777 1949 2107 2009 cantilenas,
2146 1950 2200 1997 et
2236 1957 2345 2012 quo
2376 1944 2592 1999 ornabit
2624 1948 2823 2001 amictu
2858 1947 3253 2017 pocillatriees,
3294 1957 3423 2005 sunt
3455 1949 3568 2004 haec
3599 1951 3782 2021 potius

563 2037 789 2121 tacenda
814 2102 830 2126 ,
864 2070 920 2118 et
950 2063 1018 2116 ad
1053 2062 1167 2115 haec
1200 2054 1557 2113 describenda
1599 2066 1705 2104 non
1746 2052 1831 2102 est
1868 2041 2114 2096 oratione
2152 2037 2556 2105 procedendum
2616 2041 2813 2107 altius,
2840 2059 2910 2099 ne
2948 2059 3043 2114 per
3067 2044 3208 2099 hanc
3270 2045 3777 2116 reprehensionem,

562 2161 633 2215 iis
664 2160 759 2229 qui
800 2164 926 2213 sum
971 2156 1135 2227 paulo
1180 2152 1353 2222 magis
1396 2146 1620 2204 obnoxii
1666 2139 1987 2199 affectibus,
2040 2131 2263 2187 vulnera
2311 2131 2531 2188 refricet
2570 2138 2853 2193 memoria.
2898 2137 3124 2210 Propter
3169 2140 3285 2196 haec
3326 2150 3410 2197 est
3455 2156 3681 2208 aurum,
3724 2152 3780 2199 et

563 2269 664 2324 pro
688 2228 781 2307 his
812 2258 898 2306 est
927 2255 1241 2321 argentum,
1280 2254 1338 2298 ut
1372 2244 1470 2297 has
1499 2245 1653 2311 paret
1684 2250 1840 2292 escas
1872 2228 2210 2286 deliciarum.

636 2344 776 2401 Num
810 2345 913 2399 hac
939 2342 1006 2397 de
1032 2355 1198 2395 causa
1234 2353 1355 2409 qua:
1389 2344 1554 2391 estex
1576 2333 1856 2399 voluptate
1886 2324 2122 2382 aﬂectio,

565 2451 796 2506 serpens
828 2432 1146 2487 nominatur
1193 2443 1223 2481 a
1261 2428 1564 2496 Scriptura,
1586 2421 1747 2489 cujus
1779 2419 1893 2471 haec
1920 2425 2005 2470 est
2028 2430 2123 2466 na-

564 2537 714 2592 tura,
746 2534 805 2579 ut
838 2524 884 2579 si
910 2530 1078 2592 caput
1115 2522 1307 2577 subeat
1340 2517 1484 2571 muri
1528 2526 1877 2583 compagem,
1911 2508 2126 2563 univer-

566 2634 660 2674 sus
708 2617 801 2688 qui
828 2631 970 2685 pone
994 2622 1081 2668 est
1113 2620 1324 2666 tractus
1363 2608 1525 2665 simul
1556 2602 1910 2675 ingrediatur.
1960 2596 2121 2665 Ejus-

566 2708 717 2763 modi
742 2715 824 2762 est
850 2704 997 2777 quod
1024 2704 1151 2758 dico
1175 2700 1360 2757 :Facit
1395 2708 1593 2753 natura
1624 2702 1684 2749 ut
1700 2693 1771 2747 sit
1800 2689 2110 2745 hominibus

568 2800 888 2854 necessaria
924 2796 1231 2860 habitatio;
1264 2792 1357 2846 sed
1388 2805 1484 2861 per
1506 2791 1655 2842 hunc
1679 2798 1838 2839 usum
1868 2782 2125 2849 voluptas

568 2888 796 2943 subiens
824 2901 921 2956 per
948 2885 1142 2938 animae
1176 2895 1524 2951 compagem,
1555 2876 1832 2931 convertit
1877 2885 2037 2926 usum
2069 2868 2126 2921 in

569 2979 860 3050 quamdam
901 2975 1316 3030 immoderatam
1341 2982 1396 3025 et
1416 2975 1797 3037 sumptuosam
1824 2973 2123 3017 ornamen-

569 3048 753 3124 torum
816 3065 1311 3136 magnificentiam,
1362 3068 1417 3117 et
1478 3056 1725 3113 traduxit
1773 3052 2019 3112 studium
2055 3048 2122 3103 ad

569 3162 817 3231 quaedam
850 3160 1030 3213 vineta
1074 3164 1128 3212 et
1164 3155 1429 3226 piscinas,
1475 3161 1530 3208 et
1560 3150 1777 3215 hortos,
1826 3156 1881 3201 et
1928 3144 2123 3197 horto-

2304 2321 2372 2373 Ἣ
2400 2320 2589 2377 τούτου
2616 2324 2794 2393 χάριν,
2833 2324 2894 2378 τὸ
2918 2323 3058 2379 κατά
3091 2324 3191 2397 τὴν
3228 2325 3417 2397 ἡδονὴν
3445 2327 3630 2391 πάθος,
3658 2329 3779 2398 ὕφις

2229 2413 2332 2466 ὑπὸ
2358 2416 2457 2485 τῆς
2492 2417 2710 2487 Γραφῆς
2738 2417 3081 2488 ὀνομάζεται,
3113 2412 3158 2487 ᾧ
3188 2420 3222 2490 ἡ
3267 2420 3426 2489 φύσις
3457 2424 3619 2480 ἐστὶν.
3662 2424 3712 2475 εί
3746 2425 3779 2492 ἡ

2226 2504 2435 2576 κεφαλὴ
2484 2508 2619 2577 πρὸς
2664 2509 2763 2579 τὴν
2793 2511 3057 2580 ἁρμονίαν
3098 2511 3192 2565 τοῦ
3230 2512 3407 2581 τοίχου
3458 2512 3777 2584 παραδυείη,

2228 2594 2403 2648 πάντα
2425 2596 2513 2649 τὸν
2538 2599 2766 2653 κατόπιν
2780 2601 2933 2655 ὁλκδν
2954 2603 3381 2672 συνεισάγεσθαι.
3405 2598 3529 2658 om
3548 2622 3599 2658 τι
3617 2604 3779 2674 λέγωο

2241 2688 2566 2757 Ἀναγκαίαν
2617 2694 2798 2757 αὐτοῖς
2848 2694 3153 2767 ἀνθρώποις
3199 2698 3341 2750 ποιεῖ
3394 2698 3428 2767 ή
3476 2697 3634 2766 φύσις
3682 2696 3783 2768 τὴν

2228 2782 2438 2852 οἴκησιν
2474 2801 2486 2813 ·
2536 2784 2671 2838 ἀλλά
2714 2786 2801 2839 διά
2843 2788 2942 2859 τῆς
2979 2789 3163 2859 χρείας
3191 2789 3423 2860 ταύτης,
3456 2791 3490 2861 ἡ
3523 2790 3681 2861 ἡδονὴ
3714 2794 3780 2862 τῇ

2235 2876 2469 2947 ἁρμονίᾳ
2490 2877 2585 2943 τῆς
2610 2878 2787 2949 ψυχῆς
2813 2881 3140 2952 παραδυεῖσα
3159 2884 3238 2946 είς
3269 2883 3503 2953 ἄμετρόν
3525 2900 3643 2937 τινα
3662 2883 3788 2937 καλ-

2228 2968 2509 3039 λωπισμοῦ
2542 2970 2907 3037 πολυτέλειαν,
2938 2974 3037 3046 τὴν
3070 2976 3256 3046 χρείαν
3298 2975 3653 3047 παρέτρεψεν,
3687 2976 3787 3029 καί¹

2229 3058 2328 3128 τὴν
2368 3060 2602 3131 σπουδὴν
2644 3064 2995 3132 μετεποίησεν
3035 3082 3049 3095 ·
3109 3061 3225 3119 εἶτα
3285 3066 3416 3136 πρὸς
3463 3065 3787 3136 ἀμπελῶνας

2230 3168 2399 3214 τινας,
2432 3154 2523 3206 καὶ
2550 3153 2931 3227 κολυμϐήθρας
2960 3157 3053 3210 καὶ
3084 3157 3439 3229 παραδείσους
3466 3159 3559 3211 καὶ
3586 3160 3654 3211 τὰ
3675 3160 3786 3211 τῶν

570 3270 691 3309 rum
726 3259 1071 3307 ornamenta.
1103 3247 1389 3316 Tanquam
1437 3258 1679 3312 serpens
1712 3238 1925 3307 adrepit
1970 3236 2123 3289 volu-

2234 3246 2424 3314 κήπων
2444 3246 2952 3317 ἐγκαλλωπίσματα,
2980 3248 3237 3319 μεθέρπει
3260 3249 3322 3302 τὸ
3343 3248 3526 3321 θηρίον
3545 3253 3577 3319 ἠ
3600 3251 3786 3320 ἡδονή.

571 3354 718 3417 ptas,
762 3351 952 3415 postea
986 3352 1169 3395 autem
1190 3337 1449 3408 superbia
1491 3336 1547 3389 in
1570 3333 1829 3388 verticem
1870 3328 2127 3395 assurgit,

571 3438 993 3508 arrogantiaque
1042 3442 1096 3486 ct
1138 3431 1281 3485 fastu
1322 3428 1436 3483 circ
1472 3423 1824 3485 umvolvitur,
1869 3420 2131 3474 adversus

571 3545 671 3584 eos
692 3530 785 3598 qui
819 3535 950 3582 sunt
976 3523 1221 3593 ejusdem
1270 3520 1487 3591 generis
1516 3518 1623 3572 sibi
1655 3513 1998 3582 subjungens
2035 3511 2131 3565 im-

573 3622 808 3690 perium.
874 3616 1006 3670 Post
1045 3616 1160 3668 haec
1186 3626 1373 3668 secum
1419 3608 1646 3664 attrahit
1675 3612 1915 3659 tractum
1967 3616 2132 3671 pecu-

572 3713 680 3767 nise
697 3707 1041 3780 cupiditatis,
1106 3720 1269 3775 quam
1296 3701 1613 3759 necessario
1639 3698 1889 3768 sequitur
1934 3696 2133 3749 intem-

581 3802 857 3875 perantia,
892 3815 1013 3869 quaa
1042 3805 1128 3853 est
1165 3798 1358 3851 ultima
1389 3802 1442 3850 et
1463 3793 1651 3848 cauda:
1684 3793 1859 3846 instar
1873 3789 2133 3844 obtinens

576 3910 706 3965 pars
736 3893 967 3948 feritatis
994 3906 1114 3960 qua:
1136 3899 1221 3944 est
1250 3904 1314 3942 ex
1344 3887 1643 3956 voluptate.
1681 3881 1788 3936 Sed
1816 3896 1931 3952 quo
1966 3880 2127 3933 modo

574 4003 687 4043 non
716 3992 895 4055 potest
925 3996 1156 4050 serpens
1201 3977 1407 4032 attrahi
1454 3977 1522 4030 ab
1550 3983 1798 4030 extrema
1837 3980 1991 4042 parte
2021 3969 2133 4039 spi-

575 4095 660 4135 ne
694 4078 845 4132 dorsi
867 4090 1064 4145 nempe
1100 4089 1131 4127 a
1187 4071 1386 4134 cauda,
1433 4084 1558 4123 cum
1611 4081 1854 4137 squamae
1898 4071 2132 4119 natura-

576 4173 702 4227 liter
726 4176 922 4223 contra
958 4166 1229 4222 resistant
1286 4164 1356 4219 iis
1393 4162 1489 4232 qui
1554 4159 1873 4214 attrahunt:
1906 4157 1987 4211 ira
2027 4169 2135 4209 non

576 4265 707 4320 licet
729 4264 798 4317 ab
829 4261 1023 4316 ultimo
1054 4259 1299 4327 incipere
1328 4256 1604 4325 expellere
1625 4270 1691 4309 ex
1733 4252 1920 4306 anima
1974 4250 2135 4305 ulcus

574 4354 896 4424 voluptatis,
949 4351 1058 4406 nisi
1106 4351 1251 4403 malo
1304 4348 1542 4418 primum
1581 4347 1897 4415 ingressum
1965 4343 2132 4396 inter-

575 4446 831 4502 cluseris.
879 4440 1248 4508 Quamobrem
1303 4446 1466 4507 caput
1494 4437 1616 4504 ejus
1644 4436 1941 4491 observare
1980 4433 2138 4503 jubet

2232 3338 2377 3391 Μετὰ
2412 3338 2581 3391 ταῦτα
2621 3339 3036 3410 ὲπικορυφοῦται
3079 3343 3146 3411 τῇ
3187 3342 3546 3413 ὑπερηφανίᾳ,
3585 3343 3675 3396 καὶ
3708 3342 3788 3412 τῷ

2230 3432 2382 3501 τύφῳ
2408 3431 2825 3502 περιελίσσεται,
2855 3434 2953 3503 τὴν
2988 3434 3125 3487 κατά
3164 3435 3272 3487 τῶν
3304 3435 3586 3504 ὁμοφύλων
3614 3436 3789 3504 ἀρχὴν

2232 3525 2395 3594 ἑαυτῇ
2438 3523 2797 3588 ὑποζεύξασα.
2867 3525 2990 3578 Ἐπὶ
3026 3525 3233 3589 τούτοις
3268 3526 3359 3579 τὸν
3396 3527 3496 3597 τῆς
3530 3527 3787 3596 φιλοχρη-

2236 3617 2429 3686 ματίας
2458 3616 2613 3670 ὁλκὸν
2642 3617 2800 3669 ὲπισύ
2811 3633 2980 3689 ρεται,
3007 3611 3052 3685 ᾧ
3077 3617 3217 3672 κατά
3242 3620 3484 3688 ἀνάγκην
3515 3618 3702 3671 ’ἐπεται
3726 3618 3788 3669 τὸ

2231 3707 2558 3769 ἀκόλαστον,
2610 3708 2671 3761 τὸ
2704 3708 2928 3779 ἔσχατόν
2974 3726 3034 3763 τε
3080 3710 3175 3763 καὶ
3219 3710 3430 3780 οὐραῖον
3484 3710 3644 3779 μέρος
3686 3708 3791 3775 τῆς

2232 3799 2372 3852 κατά
2391 3798 2488 3870 τὴν
2520 3798 2710 3870 ἡδονὴν
2736 3798 3065 3871 θηριὼσεως.
3111 3799 3251 3852 Ἀλλ’
3288 3800 3475 3871 ῶσπερ
3513 3800 3611 3852 οὐκ
3644 3798 3790 3850 ἐστιν

2232 3892 2297 3942 ὲκ
2322 3889 2414 3942 τοῦ
2452 3889 2669 3961 ούραίου
2709 3890 2809 3959 τῆς
2843 3890 3034 3961 ῥαχίας
3080 3891 3171 3944 τὸν
3214 3892 3335 3959 ὅφιν
3377 3889 3789 3960 ἀνελκυσθῆναι,

2234 3981 2475 4050 φυσικῶς
2506 3981 2605 4051 τῆς
2639 3982 2847 4051 φολίδος
2881 3981 3016 4052 πρὸς
3048 3982 3108 4035 τὸ
3158 3982 3390 4051 ἔμπαλιν
3418 3985 3528 4045 τοῖς
3567 3982 3790 4051 ἐφελκο-

2238 4074 2418 4145 μένοις
2446 4073 2852 4144 ἀντιὸαινούσης
2870 4092 2882 4105 ·
2920 4074 3090 4135 οὕτως
3113 4076 3209 4128 οὐκ
3230 4076 3371 4129 ἔστιν
3391 4076 3455 4128 ὲκ
3474 4075 3579 4127 τῶν
3608 4079 3788 4128 τελευ-

2233 4167 2399 4221 ταίων
2431 4165 2695 4238 ἄρξασθαι
2726 4167 2823 4236 τῆς
2846 4166 3023 4237 ψυχῆς
3051 4166 3331 4232 ὲξοικίζειν
3356 4169 3454 4239 τὴν
3479 4168 3575 4237 τῆς
3596 4168 3790 4238 ἡδονῆς

2235 4258 2525 4329 ἑρπηδόνα,
2568 4260 2615 4311 εί
2664 4258 2737 4328 μή
2781 4275 2864 4321 τις
2893 4258 2971 4329 τῷ
3007 4259 3160 4330 κακῷ
3200 4260 3300 4329 τὴν
3336 4258 3557 4330 πρώτην
3588 4258 3789 4311 είσοδον

2234 4350 2592 4405 ἀποκλείσειε.
2629 4349 2720 4401 Διὸ
2753 4349 2846 4402 καὶ
2876 4351 2973 4420 τὴν
3001 4349 3239 4419 κεφαλὴν
3258 4350 3421 4403 αὑτοῦ
3455 4352 3730 4420 ἐπιτηρεῖν
3760 4350 3791 4405 6

2235 4443 2334 4511 τῆς
2368 4441 2570 4512 ἀρετῆς
2606 4441 2889 4512 ὑφηγητὴς
2928 4442 3291 4509 ὲγκελεύεται,
3325 4443 3562 4513 κεφαλὴν
3595 4443 3794 4512 ὀνομά-

576 4546 881 4607 pra-ceptor
907 4533 1151 4595 virtutis.
1206 4530 1423 4585 initium
1453 4529 1571 4582 vitii
1603 4538 1762 4597 caput
1814 4527 2127 4581 nominans.

2240 4536 2345 4598 ζων
2376 4535 2474 4606 τὴν
2509 4537 2681 4607 ἀρχὴν
2720 4535 2820 4604 τῆς
2857 4534 3078 4597 κακίας,
3117 4529 3185 4605 ἧς
3222 4534 3295 4605 μὴ
3342 4533 3791 4605 παραδεχθείσης,

575 4646 687 4702 quo
715 4645 825 4684 non
858 4627 1123 4690 admisso,
1154 4625 1207 4680 id
1234 4624 1377 4695 quod
1403 4629 1697 4682 restat,est
1729 4620 1946 4673 irritum
1975 4628 2026 4671 et
2050 4618 2134 4670 in-

574 4724 787 4787 efficax.
825 4719 931 4786 Qui
985 4722 1130 4776 enim
1167 4718 1391 4772 omnino
1444 4726 1527 4771 est
1575 4713 1763 4767 hostili
1826 4720 1881 4767 et
1932 4712 2134 4765 infesto

578 4815 761 4869 animo
792 4813 1057 4868 adversus
1094 4811 1454 4879 voluptatem.
1504 4822 1612 4860 non
1656 4804 1989 4872 subjicietur
2020 4803 2135 4856 siu—

576 4904 862 4975 gularibus
901 4902 1019 4956 vitii
1051 4902 1375 4956 insultibus.
1420 4898 1522 4964 Qui
1552 4904 1730 4950 autem
1766 4896 1885 4949 vitii
1917 4895 2135 4949 initium

576 4994 823 5054 admisit.
848 5002 1017 5048 totam
1038 4994 1091 5047 in
1125 5008 1184 5047 se
1213 4992 1377 5047 simul
1411 4990 1632 5045 admisit
1659 4988 1916 5042 bestiam.
1942 4988 2139 5051 Quam-

576 5087 767 5141 obrem
795 5102 919 5140 cum
942 5087 1126 5139 omnia
1163 5092 1312 5139 esset
1353 5090 1699 5153 persecutus,
1731 5081 1824 5151 qui
1862 5078 2136 5147 ejusmodi

512 5192 521 5205 ‘
576 5179 710 5232 vitia
743 5177 1057 5247 proferebat
1110 5176 1164 5230 in
1199 5176 1502 5245 publicum,
1549 5176 1603 5229 in
1635 5189 1903 5229 summam
1956 5173 2135 5225 locum

576 5270 798 5339 redigit.
860 5268 994 5322 Nam
1021 5285 1146 5322 cum
1194 5269 1425 5323 dixisset
1461 5269 1529 5321 ab
1561 5268 1747 5331 initio,
1796 5266 2136 5334 Magniticavi

577 5376 715 5430 opus
757 5375 960 5425 meum,
1002 5377 1149 5415 nunc
1172 5362 1335 5415 etiam
1385 5360 1726 5429 singulorum
1771 5374 1891 5427 quae
1922 5358 2139 5413 accide-

576 5459 706 5503 runt
757 5450 1153 5517 expositionem
1198 5450 1515 5518 subjungit;
1550 5447 1932 5513 Magnificatus
1988 5464 2134 5509 sum,

577 5538 775 5608 inquit,
796 5539 1096 5593 ostendens
1134 5539 1278 5609 quod
1316 5554 1425 5592 non
1471 5553 1567 5607 per
1595 5538 1844 5607 quaedam
1876 5554 2043 5608 parva
2087 5539 2135 5593 ei

576 5632 979 5685 contrariorum
1008 5632 1222 5686 exstitit
1254 5631 1501 5701 cognitio
1522 5648 1533 5683 :
1555 5630 1649 5684 sed
1675 5630 1749 5683 ita
1782 5640 1839 5683 ut
1875 5631 1942 5685 ad
1978 5646 2135 5686 sum-

573 5737 717 5777 mam
737 5725 1167 5793 magnitudinem
1191 5724 1239 5779 ei
1260 5723 1588 5794 processerit
1604 5723 1965 5791 experientia,
1997 5723 2136 5776 adeo

573 5820 637 5869 It
662 5814 816 5869 nulla
841 5816 1103 5871 similium
1134 5817 1396 5872 memoria
1425 5830 1524 5885 par
1551 5815 1623 5870 sit
1646 5815 1699 5869 in
1734 5816 1802 5870 iis
1828 5816 1919 5884 qui
1954 5816 2130 5884 ipsum

2237 4625 2509 4695 ἄπρακτόν
2538 4627 2650 4678 ἐστι
2694 4625 2755 4678 τὸ
2790 4625 3121 4693 λειπόμενον.
3169 4624 3226 4675 '0
3258 4625 3365 4693 γάρ
3394 4623 3619 4677 καθόλου
3658 4624 3794 4692 πρὸς

2236 4716 2332 4786 τὴν
2357 4716 2547 4786 ἡδονὴν
2576 4716 2846 4786 πολεμίως
2876 4715 3206 4786 προστεθεὶς,
3237 4716 3335 4768 οὐκ
3377 4715 3443 4769 ἂν
3484 4717 3600 4779 ταῖς
3641 4733 3704 4785 με
3716 4732 3798 4786 ρι-

2236 4812 2358 4870 καῖς
2392 4807 2713 4877 προσϐολαῖς
2745 4808 2837 4859 τοῦ
2876 4806 3078 4870 πάθους
3124 4807 3440 4877 ὑπενεχθείη
3465 4824 3480 4841 θ
3530 4808 3558 4859 ὁ
3606 4807 3664 4860 δὲ
3696 4807 3795 4876 τὴν

2237 4900 2409 4971 ἀρχὴν
2457 4899 2551 4951 τοῦ
2586 4898 2789 4961 πάθους
2820 4899 3230 4971 ὑποδεξάμενος,
3275 4900 3418 4954 ἀπαν
3443 4902 3500 4954 ἐν
3531 4899 3705 4968 ἐαυτῷ
3735 4899 3797 4951 τὸ

2237 4993 2423 5063 θηρίον
2454 4990 2913 5061 συμπαρεδέξατο.
2942 4992 3039 5045 Διά
3064 4993 3220 5047 τοῦτο
3259 4992 3432 5046 πάντα
3459 4991 3738 5063 διεξελθὼν
3766 4994 3797 5044 ὁ

2237 5090 2304 5140 τὰ
2330 5085 2553 5141 τοιαῦτα
2578 5086 2912 5157 δημοσιεύων
2934 5087 3100 5155 πάθη,
3138 5088 3228 5140 ἐπὶ
3256 5086 3531 5155 κεφαλαίῳ
3556 5074 3796 5153 ἀναλαμ-

2237 5179 2385 5233 ϐάνει
2412 5178 2501 5233 τὸν
2535 5177 2708 5246 λόγον.
2734 5177 2913 5229 Εἰπὼν
2938 5178 3046 5248 γὰρ
3069 5177 3128 5242 ἐξ
3151 5178 3323 5248 ἀρχῆς
3344 5179 3424 5231 ὅτι
3460 5176 3796 5246 Ἐμεγάλυνα

2239 5272 2448 5341 ποίημά
2473 5287 2600 5341 μου*
2636 5272 2728 5325 καὶ
2752 5270 2846 5324 νῦν
2878 5270 3069 5340 ἐπάγει
3103 5271 3199 5343 τὴν
3231 5272 3323 5325 ἐπὶ
3356 5271 3551 5342 μέρους
3582 5269 3796 5322 ἔκθεσιν

2238 5362 2345 5415 τῶν
2374 5362 2689 5429 γεγονότων,
2734 5362 2813 5415 ὃτι
2855 5360 3256 5431 Ἐμεγαλύνθην
3292 5378 3305 5391 ·
3360 5361 3572 5423 δεικνὺς
3603 5361 3683 5413 ὅτι
3733 5361 3795 5411 ού

2236 5452 2321 5504 διὰ
2371 5451 2579 5523 μικρῶν
2628 5468 2785 5505 τινων
2828 5452 3050 5520 γέγονεν
3114 5452 3260 5523 αὑτῷ
3304 5452 3412 5506 τῶν
3462 5452 3721 5505 ἐναντίων
3761 5453 3795 5520 ἡ

2234 5544 2435 5612 γνῶσις
2455 5561 2468 5574 ·
2500 5543 2613 5596 ἀλλ’
2643 5544 2717 5609 ὡς
2748 5547 2825 5608 είς
2848 5545 2909 5597 τὸ
2940 5545 3235 5617 ἀκρίηατον
3264 5544 3486 5615 μέγεθος
3517 5543 3797 5615 προελθεῖν

2235 5637 2332 5705 τὴν
2365 5639 2579 5706 πεῖραν,
2625 5634 2699 5697 ὡς
2748 5635 3014 5706 μηδεμίαν
3055 5634 3164 5688 τῶν
3201 5634 3401 5705 ὁμοίων
3446 5634 3684 5705 μνήμην,
3738 5636 3801 5685 ὲν

2235 5728 2347 5788 τοῖς
2394 5725 2498 5795 πρὸ
2542 5725 2708 5778 αὑτοῦ
2753 5726 3135 5795 γεγενημένοις
3177 5725 3236 5780 τὸ
3282 5720 3396 5779 ἶσον
3444 5726 3605 5796 ἔχειν.
3659 5726 3799 5794 Φησὶ

2238 5818 2365 5888 γὰρ,
2392 5817 2473 5869 ὅτι
2511 5834 2530 5869 ι
2568 5816 2990 5887 Ἐμεγαλύνθην,
3022 5836 3041 5871 ι
3090 5818 3183 5872 καὶ
3214 5817 3536 5889 προσέθηκε,
3591 5836 3608 5869 ι
3642 5818 3798 5884 Παρὰ
