4044 6470
267 342 372 395 δτι

1309 341 1375 398 IN
1413 341 1946 400 ECCLESIASTEN.
1979 340 2259 397 HOMILIA
2298 340 2364 395 IV

3378 342 3488 398 678

267 460 477 521 πάντας
498 460 622 522 τοὺς
651 459 972 530 γενομένους
1000 460 1308 533 ἔμπροσθέν
1336 481 1436 534 μου
1467 465 1525 517 ὲν
1571 463 1833 534 Ἰερουσα-

1938 469 2356 534 praecesserunt.
2404 459 2545 514 Dicit
2578 460 2724 515 enim
2755 476 2770 512 :
2813 479 2831 512 ι
2859 459 3236 530 Magniﬁcatus
3287 476 3430 521 sum.
3463 484 3483 516 ι

268 551 400 621 λὴμ,
414 572 432 603 ο
454 552 548 605 καὶ
566 553 686 606 ὅτου
706 553 862 623 χάριν
894 553 1309 623 προπαιδευθεὶς
1343 556 1488 626 πάσῃ
1517 556 1676 626 σοφίᾳ
1696 556 1830 626 πρὸς

267 645 369 714 τὴν
398 643 506 696 τῶν
556 646 809 699 τοιούτων
842 645 1072 717 κατῆλθε
1106 648 1298 716 πεῖραν
1318 686 1331 709 ,
1367 646 1460 700 νῦν
1497 648 1587 699 τὸν
1634 647 1830 700 σκοπὸν

269 731 588 802 ἐξεκάλυψε.
639 753 656 786 ι
687 735 852 804 Σοφία
884 737 990 806 γάρ
1041 755 1168 807 μου,
1198 738 1383 806 φησιν,
1418 736 1618 807 ἐστάθη
1664 753 1773 806 μοι.
1805 755 1823 788 ι

268 825 530 896 Σημαίνει
558 826 612 880 δὲ
642 826 728 880 διὰ
769 827 877 880 τῶν
921 827 1240 898 εἰρημένων,
1282 828 1364 880 ὅτι
1393 826 1485 880 Διά
1516 830 1610 898 τῆς
1643 828 1831 895 σοφίας

267 919 719 988 ἀνηρευνησάμην
765 921 943 972 πᾶσαν
985 920 1384 990 ἀπολαυστικὴν
1429 920 1690 983 ἐπίνοιαν,
1739 920 1832 974 καὶ

269 1009 383 1062 ἐστι
413 1025 514 1079 μου
540 1011 571 1080 ἡ
605 1009 812 1063 διάνοια
840 1012 931 1064 ἐπὶ
956 1011 1048 1065 τοῦ
1077 1013 1376 1083 ἀκροτάτου
1407 1013 1514 1064 τῶν
1539 1014 1596 1064 ὲν
1627 1011 1833 1074 τούτοις

269 1101 692 1172 εὑρισκομένων.
727 1104 799 1158 ’Ἡ
825 1121 881 1157 τε
929 1103 1048 1172 ὄψις
1089 1107 1154 1174 τῇ
1203 1104 1464 1175 ἐπιθυμίᾳ
1509 1105 1831 1174 συνήργησε,

270 1194 363 1246 καὶ
391 1196 425 1262 ή
471 1193 787 1264 προαίρεσις
830 1195 917 1247 διὰ
960 1195 1058 1264 τῆς
1105 1196 1214 1249 τῶν
1264 1196 1436 1265 ὄψεων
1484 1196 1677 1266 ἡδονῆς
1729 1196 1835 1249 τῶν

271 1284 623 1352 καταθυμίων
656 1285 953 1356 ἐνεφορήθη
976 1302 990 1316 ⁸
1031 1287 1106 1348 ῶς
1138 1288 1300 1358 μηδὲν
1325 1287 1699 1357 ὲπιλειφθῆναι
1729 1288 1836 1340 τῶν

273 1377 349 1437 είς
379 1373 678 1427 ἀπόλαυσιν
707 1377 1136 1448 ὲπινοουμένων·
1186 1378 1320 1433 ἀλλά
1342 1397 1432 1448 μοι
1457 1377 1708 1445 γενέσθαι
1740 1395 1836 1448 με-

273 1466 392 1536 ρίδα
424 1467 666 1535 κτήσεως
699 1468 796 1536 τὴν
819 1469 926 1520 τῶν
957 1468 1074 1520 καθ’
1097 1469 1291 1540 ήδονῆν
1326 1471 1612 1540 μετουσίαν
1638 1487 1652 1500 ο
1697 1470 1835 1539 ὅπερ

269 1557 419 1609 οὐδὲν
458 1557 586 1610 ἄλλο
633 1559 914 1628 σημαίνειν
945 1577 1033 1629 μοι
1063 1561 1330 1628 φαίνεται,
1364 1562 1396 1633 ἢ
1430 1563 1510 1615 ὅτι
1546 1561 1836 1633 Περιέσχον

271 1651 328 1702 ἐν
358 1649 579 1719 ἐμαυτῷ
607 1652 784 1703 πᾶσαν
832 1651 1233 1723 ἀπολαυστικὴν
1278 1654 1541 1717 ἐπίνοιαν,
1585 1649 1693 1706 οἷον
1731 1654 1835 1706 ἀπό

269 1757 410 1802 τινος
450 1742 726 1811 κτήματος
771 1743 870 1814 τὴν
908 1742 1243 1814 εὐφροσύνην
1269 1745 1376 1797 ἀπὸ
1403 1745 1508 1798 τῶν
1539 1746 1833 1815 γινομένων

269 1835 674 1904 καρπούμενος.

1930 566 1983 611 et
2012 555 2257 623 adjecit:
2297 574 2315 603 ‹
2341 555 2540 607 Praeter
2583 568 2773 609 omnes
2829 557 2920 623 qui
2980 554 3201 608 fuerunt
3232 565 3358 610 ante
3403 573 3490 610 me

1930 645 1984 698 in
2011 643 2370 704 Hierusalem,
2391 659 2408 692 ›
2446 649 2500 695 et
2532 656 2772 710 quanam
2803 643 2868 696 de
2894 658 3060 696 causa
3105 645 3259 711 prius
3302 645 3492 698 erudi-

1928 744 2018 791 tus
2041 735 2188 788 omni
2224 733 2514 802 sapientia,
2539 734 2835 788 accesserit
2863 735 2928 787 ad
2958 734 3269 788 faciendum
3301 750 3488 789 earum

1930 843 2111 881 rerum
2142 826 2468 895 periculum.
2501 825 2811 878 institutum
2836 835 2889 877 et
2918 841 3142 895 scopum
3180 841 3328 880 nunc
3356 841 3488 896 apev

1929 919 2060 973 ruit.
2096 937 2114 969 ι
2141 917 2422 988 Sapientia
2462 918 2608 970 enim
2651 932 2768 970 mea
2823 917 3002 971 astitit
3048 919 3204 971 mihi.
3235 937 3255 971 ι
3305 918 3493 988 Signi-

1933 1013 2250 1065 ticatautem
2275 1025 2371 1079 per
2405 1024 2467 1062 ea
2497 1024 2618 1078 qua:
2657 1009 2802 1084 dicta
2831 1017 2978 1073 sunt,
3020 1009 3161 1078 quod
3200 1009 3494 1081 [nvestiga-

1930 1102 1982 1154 vi
2037 1099 2305 1170 quidquid
2362 1113 2458 1167 per
2493 1097 2816 1167 sapientiam
2855 1097 2921 1150 ad
2977 1097 3263 1151 fruendum
3314 1107 3494 1168 potest

1932 1191 2256 1261 excogitari,
2315 1199 2369 1244 et
2420 1204 2537 1244 mea
2574 1197 2825 1243 versatur
2855 1189 3117 1256 cogitatio
3165 1192 3218 1242 in
3270 1206 3488 1244 summo

1932 1298 2120 1338 eorum
2190 1297 2309 1351 qua:
2348 1281 2407 1334 in
2451 1281 2537 1334 his
2581 1279 2956 1334 inveniuntur.
3010 1281 3197 1348 Itaque
3244 1289 3298 1334 et
3341 1283 3495 1336 visus

1933 1390 2090 1445 opem
2151 1375 2276 1428 tulit
2319 1374 2632 1443 cupiditati,
2677 1383 2730 1428 et
2783 1373 3011 1426 liberum
3073 1374 3356 1427 arbitrium
3402 1389 3496 1443 per

1933 1468 2267 1536 voluptatem
2302 1481 2491 1520 eorum
2538 1481 2659 1536 qua:
2700 1475 3026 1526 cernuntur,
3066 1467 3331 1536 repletum
3393 1467 3498 1521 fuit

1935 1557 2003 1612 iis
2027 1572 2147 1626 quae
2169 1557 2582 1625 erantjucunda
2612 1566 2664 1611 et
2705 1557 3047 1611 delectabilia
3080 1576 3094 1612 :
3152 1560 3289 1612 adeo
3325 1567 3385 1612 ut
3421 1560 3498 1612 ni-

1934 1650 2012 1703 hil
2071 1658 2216 1704 esset
2270 1649 2536 1718 reliquum
2590 1665 2656 1703 ex
2711 1650 2778 1703 iis
2819 1664 2940 1718 qua:
2995 1651 3372 1719 excogitantur
3430 1649 3498 1703 ad

1938 1738 2247 1804 fruendum,
2290 1738 2384 1791 sed
2433 1754 2561 1808 pars
2599 1741 2968 1808 possessionis
3008 1749 3155 1794 esset
3192 1741 3322 1794 mihi
3375 1756 3499 1810 par-

1860 1823 2178 1900 Bticipatio
2251 1845 2442 1884 eorum
2495 1847 2613 1901 qua:
2669 1841 2919 1901 spectant
2980 1832 3047 1885 ad
3114 1834 3493 1901 voluptatem:

269 1926 413 1997 quod
457 1924 678 1995 quidem
715 1923 854 1977 nihil
883 1923 1032 1978 aliud
1067 1925 1282 1980 videtur
1328 1924 1461 1979 mihi
1527 1924 1858 1994 signiﬁcare,
1901 1935 2066 1990 quam
2128 1922 2189 1976 In
2234 1921 2445 1990 meipso
2475 1922 2868 1990 comprehendi
2898 1922 3166 1990 quidquid
3210 1921 3278 1975 ad
3323 1921 3499 1974 fruen-

269 2022 398 2078 dum
430 2028 613 2091 potest
644 2020 964 2090 excogitari,
1001 2029 1058 2074 ut
1084 2029 1341 2091 tanquam
1377 2021 1811 2092 exfpossessione
1850 2019 2030 2088 aliqua
2059 2030 2124 2070 ex
2154 2016 2220 2070 iis
2243 2031 2361 2084 quae
2389 2024 2510 2070 orta
2558 2026 2689 2071 sunt
2750 2018 2992 2071 laetitiam
3066 2019 3402 2088 colligerem.

345 2135 365 2168 ι
393 2115 508 2168 Οὐκ
530 2111 857 2167 ἀπεκώλυσα
883 2113 990 2184 γὰρ
1018 2116 1115 2183 τὴν
1144 2114 1367 2186 καρδίαν
1391 2132 1490 2184 μου
1517 2115 1622 2167 ἀπὸ
1652 2113 1832 2174 πάσης

268 2205 606 2279 εὐφροσύνης
637 2219 652 2233 ·
707 2205 799 2257 καὶ
832 2206 864 2274 ή
909 2205 1103 2275 καρδία
1136 2223 1235 2276 μου
1270 2205 1543 2276 εὐφράνθη
1585 2207 1640 2259 ὲν
1673 2205 1833 2258 παντὶ

271 2297 458 2370 μόχθῳ
491 2312 592 2366 μου
611 2312 625 2325 ·
659 2294 752 2348 καὶ
777 2293 933 2347 τοῦτο
960 2294 1175 2361 ἐγένετο
1205 2295 1360 2366 μερίς
1396 2313 1496 2365 μου
1525 2296 1617 2348 ἐπὶ
1638 2294 1832 2357 παντὸς

271 2391 473 2460 μόχθου
505 2405 604 2458 μου
624 2403 639 2417 ο
676 2405 694 2438 ι
752 2387 942 2458 μερίδα
976 2387 1074 2458 τὴν
1113 2387 1307 2458 κτῆσιν
1333 2389 1524 2457 λέγων.
1570 2388 1720 2440 Ἐπεὶ
1742 2383 1833 2440 οὖν

267 2483 512 2553 διεξῆλθε
537 2481 634 2551 τὴν
658 2479 748 2532 ἐπὶ
779 2479 974 2550 μέρους
1004 2479 1229 2551 τρυφὴν,
1261 2480 1355 2533 ἀπ’
1382 2479 1555 2549 ἀρχῆς
1580 2480 1658 2541 είς
1686 2478 1834 2540 τέλος

272 2571 610 2645 ἐπιδραμὼν,
661 2573 753 2626 καὶ
794 2572 968 2624 πάντα
1010 2571 1089 2640 τῷ
1136 2571 1277 2640 λόγῳ
1323 2569 1620 2636 διεξελθὼν,
1654 2569 1718 2622 δι’
1760 2561 1834 2620 ὧν

272 2670 384 2730 τοῖς
434 2665 795 2719 ἀπολαύουσιν
837 2664 893 2714 αἱ
934 2663 1114 2733 ήδοναὶ
1160 2662 1592 2732 συνεγείρονται,
1633 2661 1703 2713 τά
1730 2660 1835 2713 τῶν

273 2758 527 2828 οίκοδομη
537 2757 720 2827 μάτων
739 2755 928 2824 κάλλη,
949 2755 1073 2816 τοὺς
1097 2753 1444 2824 ἀμπελῶνας,
1464 2754 1587 2816 τοὺς
1610 2755 1834 2821 κήπους,

275 2851 377 2912 τὰς
403 2846 806 2919 κολυμϐήθρας,
840 2847 965 2908 τοὺς
1017 2846 1392 2917 παραδείσους,
1430 2847 1528 2914 τὴν
1561 2845 1701 2897 κατὰ
1731 2844 1837 2896 τῶν

276 2938 563 3010 ὁμοφύλων
587 2936 778 3008 ἀρχὴν,
807 2935 904 3007 τὴν
930 2934 1035 2989 τῶν
1068 2938 1362 3006 χρημάτων
1385 2934 1718 3006 περισσείαν,
1740 2935 1838 3004 τὴν

278 3035 336 3086 ἐν
365 3036 477 3095 τοῖς
505 3031 822 3110 συμποσίοις
864 3029 1000 3100 πρὸς
1036 3029 1132 3092 τάς
1165 3029 1431 3100 θυμηδίας
1464 3029 1834 3099 παρασκευὴν,

275 3126 478 3186 πάντα,
530 3120 710 3185 καθὼς
752 3123 1039 3194 ὀνομάζει,
1085 3121 1153 3175 τὰ
1196 3123 1602 3192 ὲντρυφήματα,
1652 3123 1708 3173 ὲν
1759 3115 1839 3183 οἷς

276 3215 630 3286 ἀπησχολήθη
654 3214 817 3268 αὑτοῦ
848 3217 881 3284 ή
911 3214 1092 3282 σοφία,
1119 3213 1186 3266 τὰ
1206 3213 1426 3265 τοιαῦτα
1448 3211 1839 3283 διερευνωμένη

277 3309 374 3362 καί⁵
423 3310 502 3370 είς
541 3307 780 3360 ἐπίνοιαν
827 3307 1072 3374 ἄγουσα,
1115 3298 1189 3360 ὧν
1221 3304 1641 3359 ἀπολελαυκέναι
1685 3305 1836 3373 φησὶ,

277 3398 369 3453 διά
411 3400 590 3471 πάσης
643 3397 977 3467 αἰσθήσεως,
1024 3397 1132 3450 τῶν
1169 3413 1226 3450 τε
1271 3395 1559 3466 ὀφθαλμῶν
1599 3395 1666 3447 τὰ
1704 3395 1837 3465 πρὸς
1863 3412 1905 3470 C

277 3487 981 3560 ﬁbovijv'ebptcxévrwv,tﬁq
998 3505 1056 3540 τε
1073 3487 1246 3557 ψυχῆς
1265 3486 1489 3556 ἐχούσης
1516 3487 1621 3538 πᾶν
1642 3485 1700 3538 τὸ
1723 3486 1839 3537 κατ’

278 3579 575 3648 ἐπιθυμίαν
623 3577 926 3641 ἀκώλυτον,
973 3576 1089 3630 τότε
1139 3577 1238 3646 τὴν
1285 3574 1505 3645 πρώτην
1556 3574 1840 3645 ὲρμηνεύει

280 3668 485 3739 φωνὴν,
510 3669 576 3739 ἣν
597 3671 654 3721 ὲν
677 3668 978 3740 προοιμίοις
1005 3665 1098 3720 τοῦ
1122 3667 1279 3734 λόγου
1304 3667 1612 3736 πεποίηται,
1640 3669 1842 3738 μάταια

280 3758 420 3814 εἶναι
447 3761 514 3813 τά
539 3761 714 3814 πάντα
739 3760 1172 3829 ἀποφηνάμενος.
1211 3760 1346 3828 Φησὶ
1371 3759 1477 3828 γὰρ
1509 3759 1644 3829 πρὸς
1667 3760 1838 3812 ταῦτα

282 3853 518 3920 βλέπων,
566 3853 694 3921 περὶ
740 3851 836 3921 τῆς
884 3850 1226 3921 ἀνθρωπίνης
1257 3848 1402 3918 ζωῆς
1438 3849 1836 3924 ἀποφήνασθαι,

279 3944 364 3996 ὅτι
394 3945 570 3996 πάντα
601 3942 893 4012 ματαιότης
925 3940 1092 4004 ἐστὶν,
1116 3939 1336 4010 ὅσαῆτε
1358 3939 1603 4009 αἴσθησις
1632 3939 1835 4009 βλέπει,

280 4035 376 4087 καὶ
427 4035 579 4102 παρὰ
627 4033 733 4086 τῶν
789 4031 1088 4103 ἀνθρώπων
1144 4033 1224 4095 είς
1268 4031 1602 4103 εὐφροσύνην
1651 4033 1838 4102 ἐπιτη-

279 4125 514 4178 δεύεται.

357 4235 377 4268 ι
428 4214 730 4284 Ἐπὲὁλεψα
762 4213 869 4285 γὰρ
907 4216 964 4267 ὲν
998 4215 1128 4267 πᾶσι
1169 4216 1279 4276 τοῖς
1319 4213 1582 4283 ποιήμασί
1616 4229 1735 4282 μου,
1767 4205 1848 4274 οἷς

282 4308 545 4377 ἐποίησαν
577 4308 633 4359 αἱ
679 4306 855 4378 χεῖρές
898 4323 1016 4376 μου,
1062 4306 1155 4358 καὶ
1186 4307 1242 4357 ὲν
1271 4305 1432 4358 παντὶ
1462 4303 1640 4374 μόχθῳ
1682 4321 1778 4374 μου
1804 4296 1848 4370 ᾧ

281 4396 561 4468 ἐμόχθησα
605 4397 702 4448 τοῦ
748 4398 937 4456 ποιεῖν,
969 4396 1061 4448 καὶ
1104 4395 1208 4449 ἰδοὺ
1238 4395 1306 4448 τά
1336 4395 1510 4448 πάντα
1535 4395 1844 4465 ματαιότης,

282 4492 379 4546 καὶ
406 4488 720 4560 προαίρεσις
766 4487 1089 4557 πνεύματος,
1131 4486 1223 4539 καὶ
1260 4485 1360 4539 οὐκ
1405 4485 1516 4538 ἔστι
1567 4486 1848 4556 περισσεία

282 4582 388 4637 ὑπὸ
417 4581 507 4634 τὸν
539 4580 706 4650 ἥλιον.
744 4597 761 4632 ι
791 4579 945 4631 Πᾶσα
974 4578 1080 4649 γὰρ
1109 4580 1142 4648 ἡ
1171 4578 1278 4630 τῶν
1302 4577 1600 4647 αἰσθήσεων
1625 4577 1847 4648 δύναμίς

282 4693 343 4730 τε
378 4673 474 4728 καὶ
506 4672 774 4742 ἐνέργεια,
806 4671 927 4743 ὅρον
956 4670 1067 4741 ἔχει
1108 4669 1204 4741 τὴν
1231 4671 1316 4739 ὑφ’
1345 4668 1479 4740 ήλίῳ
1511 4669 1678 4740 ζωήν·
1708 4669 1768 4722 τὸ
1791 4669 1847 4721 δὲ

283 4766 542 4819 ἐπέκεινα
576 4761 852 4831 διαϐῆναι,
899 4761 992 4813 καὶ¹
1034 4759 1142 4812 τῶν
1186 4759 1588 4830 ὑπερκειμένων
1630 4759 1846 4828 ἀγαθῶν

2007 2106 2162 2162 «Non
2188 2108 2442 2178 prohibui
2469 2109 2614 2162 enim
2645 2124 2742 2164 cor
2767 2124 2945 2164 meum
2990 2110 3059 2163 ab
3094 2111 3244 2163 enini
3279 2109 3495 2171 laetitia,

1931 2209 1985 2257 et
2013 2216 2109 2257 cor
2145 2217 2324 2256 meum
2358 2202 2594 2256 laatatum
2640 2209 2724 2256 est
2751 2202 2805 2255 in
2837 2202 2986 2255 omni
3025 2202 3210 2256 labore
3255 2217 3414 2256 meo:
3444 2213 3501 2255 et

1931 2293 2036 2347 ho‘c
2062 2292 2169 2346 fuit
2197 2307 2324 2361 pars
2353 2306 2469 2346 mea
2520 2292 2574 2345 in
2607 2293 2755 2346 omni
2809 2293 2993 2350 labore
3035 2308 3153 2346 meo
3187 2313 3198 2346 :
3231 2311 3248 2343 ι
3289 2303 3498 2362 partem

1934 2383 2123 2438 dicens
2160 2382 2555 2452 possesionem.
2600 2380 2899 2453 Postquam
2926 2398 3056 2450 ergo
3084 2382 3358 2437 recensuit
3392 2399 3487 2437 eas

1933 2489 2052 2545 quae
2090 2481 2217 2528 sunt
2245 2473 2298 2527 in
2340 2483 2491 2543 parte
2518 2473 2936 2537 delectationes,
2959 2474 3027 2527 ab
3063 2473 3221 2526 initio
3251 2474 3318 2526 ad
3337 2474 3498 2527 ﬁnem

1933 2582 2112 2636 usque
2145 2581 2502 2635 persequens,
2545 2574 2598 2619 et
2627 2566 2873 2620 oratione
2894 2565 3076 2619 omnia
3104 2565 3498 2635 complectens,
3539 2557 3544 2574 '

1934 2673 2030 2728 per
2051 2673 2212 2728 quem
2245 2659 2312 2712 ab
2338 2659 2405 2712 iis
2432 2659 2523 2728 qui
2558 2658 2834 2722 fruuntur,
2881 2657 3217 2726 colliguntur
3242 2659 3498 2726 volupta-

1945 2760 2047 2815 tes,
2097 2749 2449 2804 aediﬁciorum
2503 2747 2990 2818 pulchritudinem,
3035 2748 3238 2808 vineta,
3289 2747 3498 2808 hortos,

1934 2845 2197 2914 piscinas.
2241 2843 2504 2914 pomaria,
2553 2842 2842 2912 imperium
2888 2840 2941 2893 in
2976 2854 3074 2893 eos
3109 2840 3204 2909 qui
3254 2847 3382 2893 sunt
3414 2841 3502 2893 sui

1937 2930 2172 3000 generis,
2205 2930 2449 2999 pecuniae
2480 2938 2534 2984 et
2566 2930 2881 2983 facultatum
2919 2929 3152 2998 copiam,
3179 2937 3500 2998 apparatum

1938 3023 1992 3076 in
2018 3021 2284 3076 conviviis
2308 3021 2374 3075 ad
2403 3037 2468 3076 ea
2499 3037 2621 3091 qua:
2658 3030 2785 3075 sunt
2812 3021 3078 3088 jucunda,
3109 3036 3322 3086 omnes,
3358 3023 3503 3076 sicut

1938 3114 2054 3183 ipse
2076 3113 2342 3176 nominat,
2370 3113 2619 3175 delicias,
2662 3113 2717 3165 in
2757 3113 2956 3180 quibus
2985 3121 3202 3166 versata
3241 3111 3343 3166 fuit
3375 3113 3500 3181 ejus

1938 3203 2230 3272 sapientia,
2255 3217 2317 3258 ea
2347 3214 2700 3272 perscrutans
2740 3211 2793 3256 et
2816 3204 3155 3273 excogitatas,
3202 3219 3267 3256 ex
3302 3204 3504 3273 quibus

1941 3309 2038 3364 per
2070 3310 2287 3349 omnem
2329 3309 2548 3349 sensum
2582 3293 2716 3347 dicit
2738 3309 2797 3348 se
2837 3296 3117 3364 accepisse
3141 3297 3500 3364 voluptatem,

1937 3394 1990 3439 et
2010 3386 2182 3441 oculis
2204 3401 2265 3441 ea
2293 3386 2695 3440 invenientibus
2719 3400 2838 3455 qua:
2868 3385 3076 3438 faciunt
3105 3387 3168 3440 ad
3189 3387 3505 3442 delectatio-

1946 3494 2090 3541 nem,
2139 3487 2193 3532 et
2223 3479 2460 3533 habente
2491 3479 2671 3532 anima
2707 3479 2914 3548 absque
2937 3479 3311 3546 prohibitione
3342 3481 3505 3551 quid-

1944 3569 2074 3640 quid
2106 3570 2534 3640 concupiscitur,
2555 3580 2684 3623 tunc
2717 3570 3109 3639 interpretatur
3151 3573 3381 3641 primam
3410 3588 3504 3624 vo-

1945 3677 2084 3724 cem,
2117 3676 2225 3730 qua
2274 3678 2407 3716 usus
2451 3670 2537 3716 est
2568 3662 2623 3715 in
2666 3661 2893 3715 exordio
2942 3662 3086 3726 libri,
3113 3664 3337 3732 quando
3363 3665 3504 3718 dixit

1943 3767 2085 3806 vana
2116 3768 2240 3808 esse
2264 3755 2467 3806 omnia.
2511 3753 2652 3806 Dicit
2692 3755 2837 3807 enim
2872 3755 2938 3808 ad
2986 3754 3101 3808 haec
3147 3756 3391 3819 intuens,
3444 3773 3504 3811 se.

1943 3843 2010 3898 de
2035 3845 2275 3898 humana
2319 3845 2430 3899 vita
2475 3846 2884 3914 pronuntiasse,
2925 3847 3109 3899 omnia
3142 3862 3260 3900 esse
3289 3847 3501 3900 vanita-

1943 3944 2074 4000 tem,
2118 3945 2171 3990 et
2204 3952 2325 4006 qua:
2357 3952 2553 3990 sensus
2584 3937 2803 4006 aspicit,
2844 3945 2898 3992 et
2928 3953 3048 4007 qua:
3080 3939 3148 3992 ab
3175 3937 3494 3993 hominibus

1944 4036 2267 4084 exercentur
2304 4028 2370 4081 ad
2406 4028 2668 4082 laetitiam.

2017 4207 2103 4260 Η.
2177 4205 2444 4276 «Aspexi,
2476 4225 2495 4259 ι
2541 4206 2737 4276 inquit,
2772 4207 2872 4260 «in
2930 4207 3187 4262 omnibus
3235 4208 3495 4277 operibus

1947 4301 2104 4364 meis,
2133 4314 2254 4368 qua:
2281 4299 2528 4355 fecerunt
2558 4315 2750 4355 manus
2775 4315 2927 4361 mea},
2954 4309 3009 4354 et
3045 4302 3100 4354 in
3127 4301 3271 4354 omni
3293 4300 3500 4363 labore,

1945 4407 2104 4461 quem
2132 4391 2373 4446 laboravi
2409 4401 2467 4446 ut
2492 4393 2747 4455 facerem,
2794 4403 2850 4448 et
2873 4407 3002 4447 ecce
3031 4393 3214 4446 omnia
3260 4394 3499 4458 vanitas,

1945 4491 1998 4535 et
2017 4482 2323 4536 voluntaria
2347 4482 2563 4537 ali‘ectio
2594 4483 2844 4552 spiritus,
2888 4493 2942 4540 et
2972 4500 3078 4538 non
3106 4493 3191 4540 est
3239 4486 3341 4540 sub
3382 4492 3499 4541 sole

1947 4572 2336 4630 redundantia.
2363 4595 2382 4627 ι
2411 4573 2600 4630 Omnis
2633 4576 2779 4630 enim
2819 4591 3080 4631 sensuum
3115 4577 3199 4632 vis
3226 4584 3282 4631 et
3307 4592 3501 4646 opera-

1947 4665 2024 4718 tio
2053 4681 2212 4719 suum
2236 4667 2400 4725 habet
2421 4667 2741 4730 terminum,
2762 4667 2927 4720 vitam
2963 4682 3083 4737 quae
3111 4676 3196 4721 est
3220 4668 3323 4722 sub
3349 4669 3499 4723 sole:

1949 4755 2182 4810 ulterius
2208 4765 2388 4811 autem
2435 4759 2690 4819 transire,
2742 4765 2796 4812 et
2829 4773 2950 4824 quae
2989 4773 3153 4828 supra
3198 4768 3325 4812 sunt
3362 4759 3503 4813 bona

284 4859 342 4909 ὲν
370 4853 613 4924 περινοίᾳ
638 4851 907 4920 γενέσθαι,
941 4853 972 4920 ἡ
1006 4850 1290 4922 αἰσθητικὴ
1321 4849 1479 4918 φύσις
1505 4849 1566 4902 οὑ
1599 4850 1838 4902 δύναται.

1944 4848 2277 4917 cogitatione
2298 4849 2611 4916 complecti,
2645 4863 2753 4902 non
2789 4855 2973 4917 potest
2999 4848 3245 4904 sentiens
3281 4855 3502 4905 natura.

282 4946 472 5000 Ταῦτα
511 4939 602 4997 οὖν
645 4944 817 4997 πάντα
862 4943 954 4994 καὶ
988 4940 1056 4994 τὰ
1091 4941 1310 4995 τοιαῦτα
1352 4939 1844 5010 κατασκεψάμενος,

281 5033 527 5087 παιδεύει
555 5031 645 5085 τὸν
677 5030 806 5100 βίον,
835 5030 894 5082 τὺ
923 5030 1056 5101 πρὸς
1090 5029 1252 5100 μηδὲν
1280 5028 1385 5082 τῶν
1417 5023 1516 5081 ὧδε
1547 5029 1844 5098 θαυμαστι-

283 5124 397 5186 κῶς
429 5120 773 5183 διατίθεσθαι,
811 5120 1052 5183 πλοῦτον,
1086 5119 1406 5188 φιλοτιμίαν,
1442 5119 1538 5188 τὴν
1570 5119 1707 5171 κατά
1737 5118 1846 5170 τῶν

285 5213 611 5284 ὑποχειρίων
640 5212 828 5284 ἀρχὴν,
850 5212 1138 5283 θυμηδείας
1159 5228 1216 5265 τε
1232 5212 1324 5264 καὶ
1347 5213 1574 5280 τρυφὰς,
1597 5212 1688 5263 καὶ
1710 5229 1845 5281 συμ-

283 5307 468 5366 πόσια,
499 5304 590 5358 καὶ
618 5303 672 5356 εί
704 5321 758 5354 τι
795 5303 920 5356 ἀλλο
959 5302 1066 5356 τῶν
1110 5303 1304 5372 τιμίων
1336 5297 1469 5354 εἶναι
1507 5301 1841 5370 νενόμισται*

284 5398 398 5450 ἀλλ’
425 5398 555 5467 ὁρᾷν
589 5397 668 5449 ὅτι
697 5395 753 5448 ἓν
784 5395 933 5456 τέλος
971 5394 1079 5447 τῶν
1104 5392 1355 5446 τοιούτων
1381 5392 1629 5445 ἁπάντων
1674 5394 1706 5462 ή
1743 5410 1847 5462 μα-

284 5490 506 5558 ταιάτης
534 5489 698 5553 ἐστὶν,
729 5481 795 5558 ῆς
827 5486 1109 5557 περισσεία
1138 5487 1216 5549 είς
1255 5484 1316 5537 τὸ
1352 5482 1545 5553 ἐφεξῆς
1571 5484 1667 5553 οὐχ
1701 5483 1846 5554 εὑρί-

287 5597 495 5636 σκεται.
531 5580 792 5649 Καθάπερ
820 5577 928 5647 γὰρ
957 5578 1005 5629 οἱ
1049 5576 1168 5629 καθ’
1195 5574 1382 5637 ὓδατος
1411 5575 1727 5643 γράφοντες,
1763 5575 1847 5625 ὲν-

286 5670 511 5743 εργοῢσι
542 5671 637 5740 μὲν
665 5669 752 5724 διά
781 5669 880 5738 τῆς
903 5668 1080 5738 χειρὸς
1106 5667 1203 5737 τὴν
1227 5666 1458 5738 γραφὴν,
1491 5667 1615 5730 τοὺς
1646 5665 1846 5730 τύπους

287 5763 396 5819 τῶν
423 5763 781 5835 χαρακτήρων
817 5763 873 5814 ὲν
906 5759 985 5830 τῷ
1029 5757 1178 5831 ὑγρῷ
1209 5758 1667 5830 ὲνδιαγράφοντες,
1700 5758 1848 5829 μένει

1947 4937 2084 4991 Cum
2121 4938 2234 4992 haec
2262 4953 2391 5007 ergo
2417 4940 2621 5002 omnia,
2658 4946 2714 4994 et
2743 4955 2866 5008 qua:
2900 4949 3028 4994 sunt
3069 4939 3336 5007 ejusmodi
3375 4954 3507 4995 con-

1948 5026 2267 5090 siderasset,
2297 5030 2460 5081 vitam
2499 5028 2703 5092 erudit,
2748 5037 2807 5082 ut
2846 5029 2982 5083 nihil
3026 5045 3217 5083 eorum
3255 5045 3377 5099 quae
3415 5030 3504 5082 hic

1946 5125 2095 5184 sunt,
2129 5119 2446 5183 admiretur,
2481 5135 2589 5173 non
2633 5137 2784 5190 opes,
2821 5136 2930 5174 non
2962 5120 3221 5182 honores,
3269 5135 3380 5172 non
3409 5120 3506 5172 im-

1947 5207 2160 5276 perium
2193 5209 2245 5262 in
2271 5209 2571 5278 subjectos,
2610 5225 2720 5262 non
2750 5209 2965 5277 epulas,
3004 5207 3260 5262 convivia
3301 5216 3355 5261 et
3400 5209 3500 5261 de-

1948 5301 2128 5365 licias,
2163 5310 2216 5356 et
2248 5302 2292 5356 si
2325 5303 2453 5371 quid
2485 5302 2630 5356 aliud
2650 5302 3000 5356 existimatur
3019 5317 3142 5355 esse
3163 5300 3501 5369 pretiosum:

1950 5391 2044 5449 sed
2075 5393 2256 5447 videat
2287 5394 2430 5463 quod
2464 5394 2656 5448 horum
2681 5394 2924 5448 omnium
2953 5409 3097 5446 unus
3133 5391 3254 5445 ﬁnis
3290 5401 3373 5445 est
3406 5406 3504 5443 va-

1948 5486 2114 5549 nitas,
2147 5485 2305 5554 cujus
2324 5486 2591 5555 reliquum
2616 5485 2873 5554 deinceps
2899 5500 3007 5538 non
3045 5483 3345 5537 invenitur.
3383 5480 3505 5547 Quo

1951 5579 2115 5631 modo
2159 5578 2303 5631 enim
2341 5577 2432 5646 qui
2479 5578 2730 5631 scribunt
2779 5577 2832 5629 in
2879 5590 3039 5644 aqua,
3085 5590 3247 5627 manu
3281 5573 3502 5642 quidem

1951 5666 2192 5720 cilicium
2239 5666 2604 5735 scripturam,
2658 5675 2819 5735 typos
2865 5663 3249 5716 characterum
3291 5660 3504 5716 descri-

1950 5757 2142 5815 bentes
2174 5758 2232 5812 in
2273 5758 2539 5825 humido;
2587 5775 2652 5816 ex
2682 5757 3105 5815 cbaracteribus
3143 5763 3327 5810 autem
3365 5754 3500 5808 nihil
