4044 6474
517 343 630 401 673

1718 354 1773 409 S.
1810 345 2133 410 GREGORII
2169 345 2460 411 NYSSENI

3645 361 3751 419 680

514 465 703 515 manet
731 457 787 512 in
819 457 990 529 llgnra
1019 477 1032 513 :
1067 459 1163 514 sed
1194 463 1473 521 scribendi
1526 469 1692 538 npera
1724 478 1811 522 est
1859 476 2071 522 tantum

2180 469 2230 522 δὲ
2268 469 2377 525 τῶν
2420 469 2788 542 χαραγμάτων
2827 469 2979 524 οὐδὲν
3033 471 3125 523 ἐπὶ
3179 471 3488 542 σχήματος·
3541 472 3660 527 ἀλλ’
3711 475 3748 547 ἠ

514 552 645 608 dum
679 551 1226 608 scribitur:mauum
1271 557 1422 610 enim
1461 573 1679 628 semper
1721 560 1972 631 sequitur
2015 574 2078 612 a-

515 658 638 710 qua!
667 642 1013 712 superﬁcies,
1049 643 1102 697 id
1131 646 1278 714 quod
1309 655 1393 702 est
1423 651 1752 717 impressum
1784 650 2030 719 levigans
2057 650 2072 702 ι

516 732 589 786 ita
623 746 788 786 omne
819 732 1060 788 studium
1076 743 1135 788 et
1159 737 1410 804 operatio
1425 753 1549 807 quae
1576 740 1869 809 poniturin
1890 740 2077 796 fruen$

515 824 585 877 da
608 823 912 892 voluptate,
943 835 1172 894 apparet
1223 827 1277 881 in
1313 829 1382 885 iis
1423 845 1545 902 qua
1577 831 1733 886 ﬁunt.
1775 831 1914 888 Nam
1949 848 2074 887 cum

512 915 816 969 cessaverit
846 917 1117 985 operatio,
1150 918 1365 974 deletur
1393 923 1560 976 etiam
1597 939 1796 980 sensus
1822 926 2077 996 volupta-

513 1007 606 1070 tis,
639 1019 816 1078 neque
844 1009 966 1078 ejus
992 1011 1293 1088 quidquam
1321 1015 1560 1084 amplius
1603 1019 1944 1084 reconditur,
1978 1031 2080 1074 ne'o

513 1114 622 1168 que
664 1100 755 1162 iis,
793 1101 886 1170 qui
936 1102 1219 1166 laetantur,
1274 1117 1520 1162 remanet
1577 1109 1745 1162 ullum
1785 1111 2073 1181 vestigium

513 1197 608 1243 aut
642 1192 890 1262 reliquiae
921 1195 1283 1263 operationis,
1335 1213 1458 1268 quae
1502 1211 1626 1254 erat
1667 1215 1732 1255 ex
1773 1202 2073 1272 voluptate;

515 1279 633 1336 Hoc
676 1291 761 1338 est
795 1284 941 1354 quod
995 1286 1267 1356 signiﬁcat
1305 1290 1357 1344 id
1408 1289 1556 1361 quod
1592 1293 1728 1346 dicit
1765 1310 1779 1347 :
1813 1293 1933 1348 Non
1991 1303 2077 1350 est

515 1373 786 1442 reliquum
811 1375 913 1429 sub
946 1377 1061 1430 sole
1094 1377 1161 1432 iis
1197 1378 1292 1446 qui
1331 1381 1386 1433 in
1421 1380 1492 1436 iis
1525 1382 1808 1448 laborant,
1835 1391 2074 1454 quorum

513 1465 784 1517 terminus
809 1475 894 1520 est
919 1465 1156 1519 vanitas.
1189 1465 1354 1521 Extra
1380 1484 1500 1538 quae
1514 1486 1615 1526 nos
1635 1485 1858 1542 quoque
1876 1473 2073 1536 simus,

515 1553 690 1620 gratia
724 1550 936 1608 Domini
966 1557 1140 1610 nostri
1161 1547 1295 1612 Jesu
1324 1557 1553 1624 Christi,
1579 1563 1666 1616 cui
1701 1565 1873 1634 gloria
1899 1566 1952 1620 in
1985 1579 2080 1620 sa:-

514 1643 640 1698 cula
671 1645 1019 1700 saeculorum.
1051 1647 1248 1703 Amen.

1096 1826 1383 1884 HOMILIA
1422 1829 1490 1885 γε

587 1986 740 2042 Nunc
772 2003 1000 2058 magnus
1035 1990 1143 2044 dux
1183 1991 1443 2048 Ecclesiae
1469 2008 1572 2048 nos
1597 1995 1832 2065 mystice
1850 1994 2081 2052 deducit

515 2079 583 2133 ad
621 2079 945 2156 disciplinas
973 2082 1344 2140 sublimiores.
1373 2083 1508 2140 Nam
1540 2101 1664 2140 cum
1693 2087 1762 2143 iis
1783 2104 1905 2159 qua:
1926 2090 2081 2158 prius

515 2169 658 2224 dicta
690 2178 836 2235 sunt,
863 2180 1084 2227 nostras
1115 2184 1400 2245 purgasset
1438 2177 1679 2241 animas,
1719 2189 1776 2234 et
1812 2180 2080 2236 abduxis-

517 2270 601 2315 set
633 2262 701 2316 ab
741 2264 888 2317 omni
944 2265 1244 2334 Cupiditate
1282 2282 1403 2337 qua:
1460 2268 1781 2327 hominibus
1830 2273 1977 2329 inest
2000 2289 2082 2328 σοι

514 2353 780 2416 vanitate,
805 2355 878 2408 ita
907 2354 1124 2409 demum
1167 2365 1405 2412 mentem
1455 2361 1610 2415 ducit
1646 2363 1714 2418 ad
1766 2364 2078 2429 veritatem,

517 2459 700 2499 rerum
735 2460 1004 2499 vanarum
1039 2446 1246 2513 dolore,
1304 2450 1475 2505 veluti
1509 2453 1747 2522 quodam
1793 2468 1960 2509 onere
1983 2470 2078 2509 ex-

515 2551 681 2590 cusso
714 2552 780 2590 ex
811 2536 1072 2591 humeris.
1110 2536 1189 2590 lta
1217 2547 1397 2596 autem
1427 2549 1687 2614 tanquam
1735 2543 1791 2598 in
1827 2545 2081 2616 dogmate

440 2648 446 2654 κ
516 2627 801 2680 erudiatur
853 2627 1124 2693 Ecclesia,
1178 2629 1376 2685 edocta
1430 2648 1461 2686 a
1511 2636 1766 2703 praesenti
1806 2637 2077 2707 doctrina,

518 2718 661 2788 quod
695 2719 836 2783 vitae,
862 2733 985 2788 quae
1025 2735 1090 2774 ex
1124 2721 1325 2777 virtute
1369 2724 1570 2794 agitur,
1617 2734 1701 2781 est
1750 2729 2079 2799 principium

516 2823 641 2863 esse
667 2819 821 2863 extra
853 2811 1070 2864 vitium.
1110 2811 1339 2883 Magnus
1372 2813 1520 2871 enim
1554 2816 1720 2873 David
1751 2821 1808 2874 in
1853 2823 2081 2891 psalmis

517 2900 808 2971 quamdam
848 2901 1057 2957 faciens
1087 2903 1494 2961 institutionem
1541 2909 1667 2964 vitae
1693 2914 1927 2968 rationis
1958 2931 2081 2984 quae

516 3007 654 3063 pure
681 2999 766 3046 est
799 2993 1031 3063 agenda,
1067 3009 1175 3049 non
1207 2995 1403 3066 incipit
1450 3017 1480 3054 a
1519 3001 1862 3070 perfectione
1885 3020 2078 3061 eorum

517 3093 791 3155 quaesunt
824 3089 878 3140 in
911 3085 1276 3142 beatitudine.
1303 3087 1422 3143 Non
1454 3093 1600 3145 enim
1625 3092 1764 3148 dixit
1803 3110 1927 3150 eum
1956 3113 2080 3154 esse

517 3179 761 3240 beatum.
789 3179 876 3233 cui
906 3177 1089 3232 omnia
1139 3187 1290 3234 recte
1328 3181 1658 3250 succedunt,
1709 3185 1806 3255 qui
1855 3187 2079 3243 assimi-

515 3273 660 3328 latus
688 3280 774 3326 est
798 3271 962 3342 ligno,
994 3269 1140 3340 quod
1177 3273 1477 3340 plantatum
1505 3282 1590 3330 est
1621 3290 1786 3332 secus
1804 3277 2079 3336 decursus

513 3378 806 3434 aquarum,
859 3364 950 3432 qui
1005 3372 1264 3434 perpetuo
1305 3363 1504 3420 ﬂorens
1558 3376 1744 3422 manet
1801 3371 1856 3424 in
1895 3371 2078 3436 bonis,

513 3456 609 3525 qui
638 3455 974 3523 temporibus
1019 3456 1470 3511 convenientibus
1507 3455 1721 3513 fructus
1761 3461 1886 3515 vitae
1927 3463 2080 3517 colli-

517 3548 657 3619 git"
695 3566 708 3602 :
743 3549 836 3602 sed
866 3548 1219 3603 beatitudinis
1255 3549 1584 3620 principium
1612 3555 1901 3610 constituit
1926 3555 2078 3612 desi-

516 3659 648 3698 nere
669 3658 697 3695 ιι
721 3642 963 3705 malis",
993 3651 1182 3712 utp0te
1203 3645 1346 3714 quod
1369 3660 1481 3699 non
1501 3646 1606 3699 alia
1627 3649 1841 3704 ratione
1875 3650 2078 3707 bonum

515 3750 641 3790 esse
673 3735 977 3805 contingat,
1007 3736 1333 3805 priusquam
1358 3736 1477 3790 vitii
1510 3739 1705 3796 sordes
1749 3743 1971 3798 eluerit.
1999 3744 2078 3799 ita

518 3841 652 3896 ergo
683 3829 736 3880 in
774 3826 947 3896 signis
972 3842 1194 3898 quoque
1235 3829 1325 3884 hic
1371 3828 1740 3890 Ecclesiastes
1771 3851 1909 3890 vana
1965 3839 2082 3908 pri-

521 3932 670 3970 mum
704 3916 883 3972 aufert
907 3918 1110 3982 verbis,
1153 3927 1211 3973 ut
1235 3921 1514 3990 quomodo
1560 3922 1615 3977 in
1660 3939 1890 3996 corpore
1925 3928 2082 3985 labo-

519 4017 677 4063 rante
707 4023 769 4063 ea
798 4024 906 4078 qua
950 4025 1048 4079 par
1071 4020 1156 4065 est
1202 4026 1334 4065 cura
1375 4023 1681 4084 expurgato
1725 4018 1937 4082 morbo,
1980 4035 2080 4075 sua

521 4108 719 4169 sponte
747 4099 903 4156 adest
919 4102 1124 4157 bonum
1152 4105 1429 4159 sanitatis.
1467 4107 1767 4176 PrOpterea
1783 4111 2079 4167 vanitatem

520 4202 608 4246 est
628 4192 877 4246 oratione
903 4203 1226 4261 persecutus
1257 4238 1270 4260 ,
1328 4196 1522 4252 dicens
1555 4213 1782 4255 sensum
1819 4216 1929 4258 uon
1958 4211 2082 4261 esse

519 4291 699 4336 tutum
717 4282 845 4337 boni
861 4290 913 4336 et
930 4283 1143 4338 honesti
1157 4285 1396 4353 iudicem
1417 4306 1430 4342 :
1450 4290 1684 4358 subjecit
1699 4292 1876 4349 oculis
1896 4309 1958 4348 ea
1973 4311 2082 4351 non

523 4387 688 4443 posre
731 4373 1056 4436 consistere,
1092 4391 1327 4444 quorum
1373 4379 1557 4434 studi-0
1599 4390 1869 4439 tenemur.
1911 4385 2083 4458 Sepa-

2175 559 2268 614 τοῦ
2296 562 2526 633 γράφειν
2571 563 2772 635 σπουδὴ
2793 602 2810 627 ,
2864 557 2922 618 ἑν
2983 565 3126 634 μόνῳ
3175 563 3254 634 τῷ
3296 564 3525 635 γράφειν
3575 565 3743 620 ἐστίν’

2180 651 2373 704 ἕπεται
2401 651 2510 723 γάρ
2541 653 2628 706 ἀεὶ
2658 655 2721 724 τῇ
2768 651 2910 725 χειρῒ
2935 655 2970 725 ἡ
2997 653 3090 706 τοῦ
3124 648 3312 716 ὓδατος
3349 652 3657 722 ἐπιφάνεια,
3692 655 3758 709 τὸ

2179 743 2586 815 κεχαραγμένον
2627 745 3032 798 ὲπιλεαίνουσα·
3073 744 3244 808 οὕτως
3277 741 3427 798 πᾶσα
3452 746 3486 815 ή
3522 745 3757 799 ἀπολαυ-

2181 835 2341 908 στικὴ
2381 834 2584 908 σπουδὴ
2618 837 2711 890 καὶ
2749 837 2996 908 ἐνέργεια
3049 840 3162 900 τοῖς
3201 836 3503 907 γινομένοις
3531 837 3760 908 ἐμφανί-

2180 925 2351 989 ζεται.
2383 926 2747 998 Παυσαμένης
2774 927 2881 998 γὰρ
2903 927 3002 997 τῆς
3024 927 3320 997 ἐνεργείας,
3343 927 3630 1000 ἐξηλείφθη
3662 928 3759 984 καὶ

2175 1018 2212 1087 ἡ
2257 1018 2570 1082 ἀπόλαυσις,
2616 1019 2710 1072 καὶ
2757 1019 2908 1072 οὐδὲν
2957 1020 3038 1082 είς
3071 1018 3133 1072 τὺ
3175 1016 3372 1090 ἐφεξῆς
3413 1019 3756 1090 ταμιεύεται,

2182 1108 2304 1162 οὐδὲ
2339 1107 2637 1179 ὑπελείφθη
2679 1108 2731 1161 τι
2763 1109 2876 1172 τοῖς
2910 1105 3190 1179 ἡδομένοις
3218 1107 3360 1179 ἴχνος
3397 1109 3754 1179 εὐφροσύνης,

2177 1196 2213 1266 ἢ
2253 1196 2502 1268 λείψανον
2533 1196 2908 1270 παρελθούσης
2939 1198 3037 1270 τῆς
3082 1198 3224 1253 κατά
3255 1200 3354 1270 τὴν
3384 1200 3574 1270 ἡδονὴν
3607 1201 3758 1270 ἐνερ-

2173 1290 2352 1359 γείας.
2383 1288 2553 1342 Τοῦτό
2579 1291 2726 1342 ἐστιν
2750 1289 2779 1342 δ
2805 1288 3053 1359 σημαίνει
3077 1289 3105 1343 ὁ
3135 1289 3292 1358 λόγος
3327 1289 3513 1353 εἰπὼν,
3549 1289 3629 1343 ὅτι
3656 1291 3758 1344 οὐκ

2179 1382 2293 1435 ἐστι
2325 1380 2609 1452 περισσεία
2637 1380 2741 1434 ὑπὸ
2783 1381 2874 1434 τὸν
2906 1379 3058 1451 ἥλιον
3084 1382 3198 1444 τοῖς
3226 1381 3294 1434 τὰ
3317 1380 3540 1434 τοιαῦτα
3565 1379 3758 1433 πονοῦ-

2181 1463 2390 1536 σιν,.ιῖιν
2431 1471 2494 1524 τὸ
2537 1470 2735 1542 τέρμα,
2783 1468 3076 1542 ματαιότης
3119 1469 3300 1526 ἐστίν’
3335 1463 3411 1526 ὧν
3460 1471 3555 1524 καὶ
3595 1473 3756 1540 ἡμεῖς

2179 1562 2282 1627 ἔξω
2302 1561 2610 1632 γενοίμεθα,
2641 1562 2822 1633 χάριτι
2857 1562 2948 1616 τοῦ
2990 1563 3374 1634 Κυρίουήμῶν
3410 1561 3588 1633 Ἰησοῦ
3615 1561 3754 1636 Χρι-

2180 1651 2327 1716 στοῦ,
2354 1646 2454 1724 ᾧὴ
2493 1652 2622 1718 δόξα
2662 1655 2757 1708 καὶ
2793 1653 2855 1707 τὸ
2896 1653 3096 1724 κράτος
3137 1653 3218 1718 εἰς
3257 1653 3384 1718 τοὺς
3413 1654 3615 1719 αἰῶνας
3644 1654 3756 1709 τῶν

2180 1744 2407 1800 αἰώνων.
2450 1746 2642 1818 Ἀμήν.

2787 1837 3028 1890 OMIAIA
3068 1833 3143 1890 E'.

2251 1994 2364 2048 Νῦν
2393 1996 2523 2065 ἡμῖν
2552 1993 2703 2064 παρὰ
2730 1993 2824 2047 τοῦ
2862 1994 3096 2064 μεγάλου
3127 1994 3227 2064 τῆς
3271 1994 3590 2065 Ἐκκλησίας
3614 1997 3753 2051 καθ-

2180 2086 2464 2156 ηγεμόνος,
2503 2087 2536 2155 ὴ
2581 2085 2673 2138 ἐπὶ
2718 2085 2787 2139 τὰ
2839 2085 3142 2156 ὑψηλότερα
3171 2086 3281 2141 τῶν
3311 2086 3644 2157 μαθημάτων
3669 2087 3751 2156 γί-

2181 2192 2328 2229 νεται
2373 2173 2746 2245 μυσταγωγία.
2779 2173 3136 2244 Προκαθήρας
3171 2173 3281 2245 γὰρ
3325 2172 3424 2238 τὰς
3457 2175 3632 2250 ψυχὰς
3663 2176 3753 2230 διὰ

2179 2250 2288 2320 τῶν
2314 2265 2687 2337 προλαϐόντων
2734 2266 2931 2333 λόγων,
2979 2267 3073 2320 καὶ
3111 2265 3291 2340 πάσης
3317 2267 3625 2338 ἀποστήσας
3653 2270 3752 2340 τῆς

2181 2347 2320 2403 κατὰ
2367 2349 2427 2401 τὸ
2471 2347 2695 2418 μάταιον
2741 2352 2852 2412 τοῖς
2893 2348 3197 2422 ἀνθρώποις
3241 2351 3589 2422 ἐγγινομένης
3631 2351 3752 2404 ἐπι-

2183 2440 2398 2511 θυμίας,
2424 2440 2565 2495 οῦτω
2600 2443 2861 2514 προσάγει
2891 2445 2956 2514 τῇ
2998 2419 3228 2514 ἀληθείᾳ.
3268 2419 3359 2497 τδν
3390 2419 3667 2508 νοῦνίοῖόν
3696 2439 3750 2498 τι

2182 2528 2397 2600 φορτίον
2435 2529 2493 2595 ἐξ
2539 2529 2702 2601 ὤμων
2745 2529 2844 2603 τὴν
2887 2533 3156 2603 ἀχθηδόνα
3195 2534 3299 2586 τῶν
3337 2534 3578 2604 ματαίων
3617 2535 3751 2589 ἀπο-

2182 2619 2514 2690 σεισάμενον.
2537 2621 2610 2694 Τὸ
2633 2621 2688 2675 δὲ
2710 2621 2966 2685 τοιοῦτον,
2994 2623 3068 2686 ὡς
3093 2625 3150 2676 ὲν
3170 2623 3396 2694 δόγματι
3418 2623 3753 2679 παιδευέσθω

2181 2710 2215 2778 ἠ
2243 2682 2572 2812 Ἐκκλησίαᾶ
2581 2707 2824 2780 μαθοῦσα
2847 2682 3063 2782 διὰ
3082 2682 3749 2802 παρούσης’διδασκαλίας,

2181 2799 2259 2852 ὅτι
2301 2798 2439 2872 ἀρχὴ
2477 2795 2571 2854 τοῦ
2611 2804 2730 2854 κατ’
2759 2800 2957 2873 ἀρετὴν
3003 2799 3116 2872 βίου
3158 2804 3274 2856 ἐστὶ
3326 2795 3386 2857 τὸ
3416 2803 3516 2874 τῆς
3554 2807 3752 2868 κακίας

2181 2891 2334 2953 ἐκτὸς
2365 2888 2634 2958 γενέσθαι.
2661 2891 2770 2946 Καὶ
2800 2892 2908 2964 γὰρ
2933 2894 2962 2946 ὁ
2994 2891 3166 2964 μέγας
3198 2889 3751 2975 ῥαϐὶδνείσαγωγικόν

2181 2981 2490 3059 mue;
2509 2983 2610 3056 τςὴν,
2650 2979 2895 3064 κμθαράγ
2915 2967 3753 3070 ..πρλξῑεξανῖίὲτὶῗτῐςτῖῖξῖξεέἱς

2182 3069 2519 3171 ψαλμὲιὲξις
2540 3061 2884 3147 ποιούμενος,
2906 3061 3016 3156 βόε
3033 3061 3140 3130 dite
3163 3061 3752 3159 ‘QZEﬁEmBE—Eiv

3441 2969 3652 2984 M

2110 3161 2152 3216 C
2184 3161 2241 3212 ὲν
2267 3157 2728 3235 τῷᾟᾶῑιᾶρῖᾶμῷ
2777 3157 3181 3237 θεωρουμένων
3207 3165 3348 3238 λόγῳ
3381 3163 3624 3238 ἄρχεται.
3675 3169 3750 3221 Οὐ

2179 3253 2286 3324 γὰρ
2311 3251 2460 3307 εἶπεν
2486 3254 2550 3306 ἐν’
2573 3253 2808 3325 πρώτοις
2855 3249 3190 3326 μακαριστδν
3231 3253 3367 3311 εἶναι
3402 3257 3492 3311 τὸν
3527 3260 3584 3310 ὲν
3618 3255 3752 3312 πᾶσι

2180 3345 2465 3398 κατευοδού
2474 3363 2652 3416 μενον,
2677 3346 2766 3399 τὸν
2795 3342 3140 3420 ὡμοιωμένον
3159 3351 3234 3422 τῷ
3257 3345 3413 3422 ξύλῳ,
3433 3352 3522 3405 τὸν
3553 3346 3608 3405 ἕν
3631 3353 3753 3416 ταῖς

2179 3435 2429 3502 διεξόδοις
2462 3437 2578 3490 πῶν
2628 3437 2836 3492 ὑδάτων
2869 3437 3252 3512 ὲῤῥιζωμένον,
3297 3443 3389 3496 τὸν
3432 3439 3652 3513 ἀειθαλῆ
3692 3439 3755 3498 ἐν

2179 3525 2289 3588 τοῖς
2321 3525 2542 3592 ἀγαθοῖς
2577 3525 2915 3602 διαμένοντα,
2949 3530 3039 3587 τὸν
3073 3533 3129 3586 ὲν
3160 3535 3272 3597 τοῖς
3302 3531 3600 3605 καθήκουσι
3625 3527 3754 3604 χρό-

2181 3630 2290 3676 νοις
2331 3614 2439 3667 τῶν
2478 3618 2704 3689 καρπῶν
2744 3619 2837 3673 τοῦ
2879 3620 2994 3692 βίου
3041 3623 3400 3695 δρεπόμενον·
3432 3626 3751 3706 sarem:

2184 3706 2530 3788 μακαρισμοῦ
2557 3710 2977 3785 τὴνγάπόστασιν
2991 3714 3312 3796 ερνέκχκῷν
3343 3717 3651 3794 ἐποιήσατο,
3675 3718 3753 3781 ὥς

2179 3796 2278 3849 οὐκ
2321 3797 2683 3868 ἐνδεχόμενον,
2729 3801 2844 3854 ἀλλ’
2885 3803 3084 3872 ἀγαθὸν
3131 3796 3399 3873 γενέσθαι,
3443 3809 3571 3880 πρὶν
3613 3810 3750 3862 ἀπο·

2181 3888 2476 3970 κλύσασθαι
2506 3890 2604 3962 τῆς
2642 3895 2838 3957 κακίας
2869 3895 2958 3949 τὸν
2985 3895 3172 3967 ῥύπον.
3214 3895 3371 3953 Οὕτω
3398 3901 3574 3955 τοίνυν
3606 3902 3697 3955 καὶ
3720 3901 3749 3955 ἐ

2181 3978 2344 4043 πολὺς
2400 3975 2550 4044 οὗτος
2589 3981 3014 4057 Ἐκκλησιαστὴς
3070 3984 3350 4061 ύπεξαίρει
3400 3991 3612 4062 πρῶτον
3671 3990 3750 4062 τῷ

2180 4065 2321 4140 λόγῳ
2346 4069 2412 4123 τὰ
2445 4072 2662 4141 μάταια,
2697 4074 2784 4128 ἵνα
2811 4072 3059 4143 καθάπερ
3105 4076 3196 4131 ἐπὶ
3227 4079 3473 4150 σώματος
3513 4075 3747 4152 κάμνον-

2181 4176 2270 4237 τος
2299 4161 2360 4213 τὸ
2395 4161 2596 4229 ἀγαθὸν
2628 4164 2725 4234 τῆς
2764 4165 2949 4233 ὑγείας
2985 4169 3278 4237 ἐγγίνεται.
3316 4171 3412 4224 Διά
3439 4172 3596 4225 τοῦτο
3620 4189 3750 4225 κατ-

2182 4235 2382 4320 έδραμε
2407 4252 2485 4323 τῷ
2507 4252 2646 4324 λόγῳ
2665 4255 2760 4326 τῆς
2785 4235 3140 4329 ματαιότητος
3169 4261 3353 4323 εἰπὼν,
3379 4263 3476 4315 οὐκ
3513 4264 3748 4332 ἀσφαλὲς

2181 4341 2276 4394 τοῦ
2321 4341 2484 4396 καλοῦ
2521 4348 2798 4418 κριτήριον
2851 4343 2992 4403 εῖναι.
3042 4350 3140 4422 τὴν
3190 4349 3456 4423 αἴσθησιν,
3499 4337 3599 4407 ὑπ”
3627 4354 3748 4423 ὃψιν

3307 3786 3478 3799 ν--ο-’ν

523 4432 664 4516 ravit
693 4472 938 4515 nostram
980 4464 1300 4532 cupiditatis
1346 4467 1682 4526 affectionem
1731 4490 1762 4527 a
1801 4432 2079 4546 volupt'ate

2184 4432 2355 4502 ἤγαγε
2401 4435 2459 4487 τὸ
2510 4435 2566 4489 ἐν
2594 4439 2703 4502 τοῖς
2731 4439 3178 4511 σπουδαζομένοις
3213 4437 3569 4516 ἀνύπαρκτον,
3613 4444 3749 4516 ἑχώο

2194 4538 2303 4548 Α.--
2332 4522 2425 4548 -Ᾱη
2473 4526 2623 4548 1__l\..
2692 4547 2773 4548 ,7”
2803 4530 2818 4548 ι
2908 4531 2936 4548 ο·
2985 4532 3011 4544 ι·
3091 4533 3116 4548 α
3155 4527 3204 4548 1Α
3395 4538 3420 4548 ιι.
3556 4545 3561 4548 Α

521 4553 769 4622 corporis
799 4570 811 4605 :
841 4561 897 4606 et
928 4553 1000 4607 ita
1045 4555 1284 4610 ostendit
1316 4556 1370 4611 id
1411 4561 1556 4628 quod
1596 4579 1721 4619 vere
1746 4573 1832 4621 est
1875 4568 2080 4639 eligen-

521 4643 675 4706 dum,
717 4643 864 4712 quod
917 4659 1044 4700 vere
1095 4649 1454 4716 expetendum
1499 4666 1565 4705 ac
1612 4653 2081 4716 desiderandum:

522 4735 682 4803 cujus
711 4734 952 4788 studium
983 4750 1072 4790 res
1121 4746 1203 4791 est
1223 4736 1407 4793 enicas
1457 4747 1512 4795 et
1557 4741 1698 4798 bene
1749 4747 2080 4814 consistens,

524 4843 740 4898 semper
767 4845 1091 4898 permanens
1119 4832 1257 4902 apud
1286 4847 1382 4888 eos
1411 4833 1504 4904 qui
1545 4835 1725 4905 ipsum
1754 4849 2078 4909 sequuntur,

526 4929 838 4988 separatum
875 4935 912 4973 ao
949 4921 1206 4978 vanitatis
1230 4924 1382 4979 omni
1409 4927 1761 4996 cogitatione.

595 5067 728 5124 CAP.
760 5085 820 5132 tt,
868 5087 920 5124 v.
954 5070 1038 5127 12.
1076 5101 1144 5112 ——
1185 5091 1202 5123 ι
1226 5071 1487 5143 Aspexi,»
1525 5075 1721 5147 inquit,
1767 5097 1786 5131 ι
1813 5089 1873 5135 ιιι
1926 5083 2078 5139 vide-

527 5175 644 5214 rem
689 5162 1036 5231 sapientiam.
1064 5182 1082 5215 ι
1125 5161 1197 5217 Ut‘
1241 5175 1419 5220 autem
1457 5178 1714 5225 accurate
1753 5170 1995 5229 viderem
2027 5175 2083 5229 id

529 5251 681 5320 quod
709 5252 1066 5319 desideratur,
1113 5254 1222 5309 vidi
1258 5257 1410 5327 prius
1437 5267 1491 5312 et
1544 5261 1837 5317 amentiam
1869 5272 1924 5319 et
1953 5265 2087 5322 insi-

529 5345 814 5414 pientiam.
867 5343 999 5398 Nam
1064 5361 1129 5400 ex
1195 5350 1599 5418 comparatione
1648 5350 1772 5406 c’um
1821 5369 1887 5409 eo
1939 5357 2086 5426 quod

530 5437 868 5501 adversatur,
921 5437 1231 5490 accuratior
1277 5447 1360 5494 est
1424 5431 1814 5511 contemplatio
1869 5461 2086 5514 eorum,

529 5529 761 5597 quarum
787 5536 1036 5584 tenemur
1058 5530 1258 5585 studio.
1285 5528 1618 5601 Sapientiam
1642 5541 1820 5590 autem
1842 5535 2086 5596 nemina!

529 5618 694 5675 etiam
737 5619 1050 5686 consilium,
1102 5617 1286 5676 dicc’ns
1321 5641 1334 5677 :
1375 5642 1393 5674 (
1442 5611 1574 5679 (luis
1617 5635 1700 5680 est
1746 5625 1928 5695 homo,
1983 5635 2078 5691 aui

600 5796 647 5833 "
685 5797 828 5854 Psal.
866 5817 904 5867 ι,
946 5802 980 5856 ’5
1011 5816 1130 5874 sqq.
1206 5803 1251 5834 τ’
1291 5801 1434 5859 Psal.
1493 5822 1686 5876 χχχιιι,
1730 5809 1808 5864 15.

2191 4538 2304 4592 ρισε
2331 4522 2426 4594 τὴν
2471 4526 2866 4601 ἐπιθυμητικὴν
2897 4531 3052 4603 ἡμῶν
3087 4527 3324 4588 διάθεσιν
3360 4538 3457 4606 τῆς
3511 4545 3750 4606 σωματι-

2189 4611 2286 4679 κῆς
2339 4613 2704 4680 ἀπολαύσεως,
2758 4618 2852 4673 καὶ
2901 4619 3072 4687 οὕτως
3113 4619 3449 4679 ὑποδεικνύει·
3481 4625 3540 4678 τὸ
3580 4627 3749 4691 ὄντως

2189 4701 2423 4773 αἱρετὸν,
2467 4705 2528 4758 τὸ
2565 4706 2777 4778 ἀληθῶς
2818 4711 3168 4786 ἐπιθυμητὸν,
3199 4710 3259 4770 οὗ
3289 4713 3322 4788 ή
3353 4712 3573 4788 musti.
3606 4717 3750 4788 πρᾶ-

2187 4795 2303 4865 γμᾶ
2331 4796 2476 4848 ἐστιν
2498 4799 2723 4870 ἐνεργόν·
2740 4803 2799 4853 τε
2830 4803 2924 4856 καὶ
2952 4801 3328 4870 ἐνυπόστατον,
3359 4809 3434 4870 είς
3455 4799 3552 4862 ἀει
3575 4805 3751 4879 παρα-

2190 4885 2347 4956 μένον
2391 4885 2501 4950 τοῖς
2555 4890 2816 4959 μετιοῦσι,
2860 4893 3038 4965 πάσης
3088 4893 3190 4966 τῆς
3228 4891 3369 4952 κατᾶ
3409 4893 3472 4951 τὸ
3523 4898 3750 4968 μάταιον

2193 4975 2397 5037 ἑννοίας
2422 4977 2839 5049 κεχωρισμένον.

2259 5089 2398 5165 Κςεφ.
2427 5089 2491 5166 β’,
2523 5092 2658 5163 στίχ.
2691 5094 2865 5164 ιβ’.-
2899 5116 2916 5147 ι
2953 5097 3192 5168 Ἐϐλεψα
3229 5101 3336 5170 γὰρ
3371 5099 3500 5169 ἐγὼ,
3539 5121 3557 5153 ι
3593 5102 3746 5172 φησὶ,

2195 5196 2214 5229 ι
2254 5179 2343 5232 τοῦ
2396 5182 2524 5236 ἰδεῖν
2561 5183 2768 5258 σοφίαν.
2812 5205 2831 5238 ι
2870 5188 2956 5251 Ὠς
2997 5189 3042 5242 δ’
3075 5191 3141 5243 ἂν
3194 5190 3434 5262 ἀκριϐῶς
3483 5192 3644 5262 ῐδοιμι
3685 5191 3746 5244 τὸ

2191 5269 2538 5355 ποθρύμενον,
2572 5270 2708 5329 εἶδον
2746 5278 3014 5350 πρότερον
3051 5282 3145 5335 καὶ
3179 5281 3279 5354 τὴν
3317 5284 3614 5355 περιφορὰν
3654 5282 3747 5337 καὶ

2190 5333 2386 5472 τὴνχάιρ
2394 5333 2638 5438 ροσύνην.
2685 5333 2802 5424 Ἐκ⁸
2815 5333 2927 5442 γά
2970 5373 3068 5443 τῆς
3094 5333 3247 5445 πρὸς⁸

2188 5456 2537 5532 παραθέσεως
2557 5461 2918 5533 ἀκριϐεστέρα
2943 5463 3148 5532 γίνεται
3172 5465 3286 5519 τῶν
3306 5466 3747 5536 σπουδαζομένων

2188 5547 2222 5618 ἠ
2252 5546 2467 5619 θεωρία.
2500 5549 2606 5629 Τὴν
2619 5550 2674 5602 δὲ
2691 5537 2888 5620 σοφίαν·
2904 5553 2997 5606 καὶ
3027 5554 3220 5629 βουλὴν
3251 5557 3522 5628 ὀνομάζει,
3547 5557 3741 5625 λέγων.

2184 5639 2266 5693 ὅτι
2305 5656 2326 5691 ι
2369 5640 2466 5701 Τίς
2507 5625 2789 5713 ἄνθρωπος
2838 5644 2994 5710 ὅστις
3037 5625 3377 5705 ἐπελεύσεται
3423 5651 3596 5705 ὀπίσω
3645 5647 3744 5718 τῆς
