4044 6510
280 423 382 480 es:
1359 423 1426 478 IN
1466 418 1996 478 ECCLESIASTEN.
2037 419 2316 475 nouum
2355 422 2418 476 v.
3222 395 3230 402 ’
3395 426 3505 488 σεε

279 539 500 610 βουλῆς,
530 536 599 592 τά
628 538 732 592 ὅσα
751 539 1000 607 ἐποίησεν
1025 538 1160 610 αὕτη
1185 564 1196 607 ;
1225 559 1241 590 ›
1278 541 1520 592 Διδάσκει
1557 537 1729 590 τοίνυν
1769 537 1838 599 τίς

1954 537 2287 607 ingredietur
2317 546 2438 607 post
2487 539 2797 603 consilium,
2826 558 2888 596 ea
2934 559 3270 614 qumrmquc
3322 550 3503 618 ipsum

278 627 432 678 ἐστιν
456 627 489 694 ὴ
519 625 830 694 ἀνθρωπίνη
875 625 1052 695 σοφία,
1096 629 1177 680 ὅτι
1219 629 1277 680 τὸ
1319 625 1748 697 ἐπακολουθῆσαι
1782 627 1838 695 τῇ

1956 626 2116 682 fecit?
2143 648 2160 680 ι
2203 628 2369 684 Docet
2401 645 2531 698 ergo
2554 645 2801 700 quaenam
2836 635 2903 687 sit
2943 635 3175 691 humana
3208 639 3500 710 sapientia,

276 711 450 779 ὅντως
482 717 662 788 σοφίᾳ.
695 717 760 788 ἢν
790 719 882 770 καὶ
915 717 1108 790 βουλὴν
1129 720 1400 790 ὀνομάζει,
1437 721 1718 791 ποιητικὴν
1743 719 1838 773 τῶι

1950 735 2144 790 nempe
2177 721 2332 790 sequi
2379 736 2495 774 eam
2536 737 2657 790 qua:
2705 732 2787 778 est
2819 740 2941 779 vere
2989 730 3272 797 sapientia.
3329 734 3502 800 Quam

278 807 499 876 ἀληθῶς
525 808 692 862 ὀντων
714 827 775 862 τε
809 811 903 864 καὶ
942 809 1282 878 ὑφεστώτων.
1308 813 1401 866 καὶ
1441 811 1515 883 μὴ
1543 813 1600 864 ὲν
1628 810 1838 882 ματαιόι

1949 816 2114 867 etiam
2166 817 2409 868 nominat
2466 816 2778 879 consilium.
2829 817 3064 876 eﬂiciens
3093 839 3156 878 ea
3211 841 3332 895 qua:
3377 846 3505 888 vere

275 918 406 970 τητι
439 902 843 974 θεωρουμένων.
885 901 1055 956 Τοῦτο
1096 903 1196 972 τῆς
1242 903 1583 975 ἀνθρωπίνης
1613 903 1728 954 ἐστὶ
1761 919 1838 954 σο-

1951 912 2078 958 sunt
2110 911 2164 958 et
2195 906 2521 969 consistunt,
2552 913 2607 960 et
2646 907 2697 960 in
2726 909 2960 966 vanitate
2993 913 3214 971 minime
3251 921 3504 978 conside-

277 992 410 1060 φίας
452 992 513 1045 τὸ
557 992 868 1061 κεφάλαιον·
923 995 956 1064 ἡ
1004 994 1060 1046 δὲ
1108 995 1273 1058 ὅντως
1315 994 1472 1062 σοφία
1521 993 1614 1047 καὶ⁵
1666 992 1838 1063 βουλὴ1

1950 1001 2161 1050 rantur.
2191 994 2316 1050 Haec
2361 1005 2444 1050 est
2492 1012 2700 1051 summa
2744 999 2993 1057 humanae
3025 1007 3318 1074 sapientiae.
3364 1010 3505 1069 Vera

272 1087 432 1140 οὐδὲν
458 1086 603 1151 ἄλλο,
634 1087 776 1141 κατά
800 1104 863 1155 γε
877 1087 974 1141 τὸν
987 1084 1116 1159 ὲμδν
1136 1089 1464 1157 λόγον,ὲστὶ,
1490 1089 1628 1160 πλὴν
1642 1086 1738 1159 τῆς
1753 1085 1838 1139 τοῦ

1951 1097 2130 1142 autem
2149 1088 2412 1156 sapientia
2429 1097 2482 1142 et
2503 1090 2814 1154 consilium,
2835 1108 2951 1147 mea
2974 1097 3189 1165 quidem
3211 1105 3502 1168 sententia,

272 1179 483 1242 παντὸς
531 1178 1021 1251 προεπινοουμένης
1061 1181 1265 1250 σοφίας.
1306 1180 1452 1251 Αὕτη
1496 1180 1553 1233 δέ
1597 1180 1763 1241 ἐστιν,
1791 1180 1838 1232 ἐκ

1949 1177 2088 1232 nihil
2133 1186 2219 1232 est
2277 1178 2427 1264 aliud
2477 1196 2637 1249 quam
2698 1185 3008 1251 sapientia,
3075 1205 3196 1256 qua:
3254 1195 3505 1261 providet

1950 1269 2228 1324 universo.
2267 1269 2340 1323 Ea
2373 1265 2552 1325 autem
2583 1281 2687 1334 est,
2728 1274 2780 1328 in
2815 1291 2920 1344 qua
2950 1276 3092 1333 Deus
3128 1280 3252 1336 fecit
3298 1287 3503 1351 omnia,

1949 1360 2091 1415 sicut
2118 1360 2252 1415 dicit
2287 1360 2558 1431 PrOpheta
2591 1381 2602 1416 :
2652 1383 2670 1415 ι
2708 1363 2898 1420 Omnia
2961 1367 3137 1424 fecisti
3185 1373 3240 1427 in
3286 1379 3506 1446 sapien-

1949 1451 2022 1504 tia
2051 1452 2116 1506 ⁷³.
2160 1471 2178 1504 ι
2226 1451 2475 1509 Christus
2535 1464 2717 1508 autem
2777 1465 2863 1512 est
2921 1458 3016 1514 Dei
3073 1463 3248 1520 virtus
3298 1474 3352 1521 et
3413 1468 3504 1524 Dei

1949 1539 2240 1609 sapientia,
2291 1543 2346 1597 in
2392 1558 2500 1612 qua
2534 1545 2717 1598 omnia
2755 1545 2897 1600 facta
2949 1559 3077 1604 sunt
3125 1561 3179 1608 et
3231 1556 3504 1615 ordinata.

273 1267 312 1346 ᾖ
343 1271 414 1324 τά
443 1271 617 1323 πάντα
647 1270 900 1342 ἐποίησεν
927 1273 956 1324 ὁ
985 1270 1133 1334 Θεὸς.
1193 1274 1374 1340 καθὼς
1397 1289 1557 1344 φησιν
1579 1276 1606 1328 ὁ
1628 1271 1848 1339 Προφή-

271 1376 400 1432 της,
426 1362 507 1414 ὅτι
531 1381 550 1412 ι
574 1363 754 1416 Πάντα
770 1362 828 1414 ἐν
846 1360 1006 1432 σοφίᾳ
1027 1361 1302 1432 ἐποίησας.
1341 1382 1358 1413 ›
1390 1361 1622 1432 Χριστὸς
1638 1359 1695 1414 δὲ
1711 1357 1846 1413 Θεοῦ

271 1453 524 1525 δύναμις,
557 1452 650 1506 καὶ
675 1453 810 1506 Θεοῦ
842 1453 1021 1521 σοφία,
1051 1455 1108 1506 ἐν
1204 1454 1272 1506 τὰ
1313 1454 1487 1507 πάντα
1511 1453 1725 1521 ἐγένετο
1752 1451 1847 1504 καὶ

270 1544 628 1614 διεκοσμήθη.
660 1544 724 1596 ΕΞ
748 1540 838 1596 οὖν
858 1543 1012 1596 τοῦτό
1035 1545 1182 1597 ἐστιν
1206 1546 1239 1615 ἡ
1261 1537 1569 1614 ἀνθρωπίνη
1594 1537 1848 1606 σοφία-,τὸ

272 1641 336 1692 ὲν
367 1638 613 1708 περινοίᾳ
637 1637 745 1691 τῶν
771 1637 1032 1708 ἀληθινῶν
1059 1638 1234 1709 ἔργων
1259 1637 1357 1708 τῆς
1387 1639 1555 1701 ὅντως
1583 1637 1770 1706 σοφίας
1787 1653 1838 1690 τε

1951 1627 2008 1682 Si
2044 1645 2174 1700 ergo
2206 1629 2309 1685 hoc
2336 1641 2418 1686 est
2454 1631 2691 1686 humana
2732 1636 3020 1705 sapientia,
3054 1653 3194 1694 verae
3225 1644 3509 1712 sapientia

272 1734 374 1784 καὶ
416 1730 609 1800 βουλῆς
651 1729 929 1797 γενέσθαιο
961 1729 1116 1801 ἔργον
1152 1730 1206 1783 δὲ
1390 1730 1580 1801 βουλῆς
1611 1728 1838 1800 ἐκείνηςι

1949 1731 2004 1776 et
2033 1723 2250 1776 consilii
2293 1737 2420 1778 vera
2451 1738 2616 1793 opera
2667 1725 3067 1796 cmtemplari:
3120 1730 3268 1790 illius
3323 1743 3505 1792 autem

270 1823 397 1891 ἦτοι
419 1822 519 1890 τῆς
552 1821 761 1888 σοφίας,
790 1821 928 1874 κατά
951 1838 1011 1888 γε
1040 1821 1128 1874 τὸν
1157 1820 1287 1890 ἐμὸν
1311 1817 1484 1888 λόγον,
1508 1823 1540 1890 ὴ
1575 1819 1838 1891 ἀφθαρσία

1951 1811 2166 1864 consilii
2198 1826 2340 1881 opus
2365 1828 2459 1868 seu
2488 1814 2788 1882 sapientia,
2821 1832 2940 1870 mea
2969 1819 3184 1887 quidem
3215 1830 3506 1893 sententia,

273 1914 445 1974 ἐστὶν,
472 1911 584 1982 ἦτε
614 1912 709 1980 τῆς
735 1913 909 1982 ψυχῆς
936 1912 1286 1983 μακαριότης,
1311 1914 1403 1965 καὶ
1430 1913 1462 1982 ἠ
1495 1912 1732 1982 ἀνδρεία,
1753 1911 1846 1964 καὶ
1882 1903 1924 1915 ”
1951 1911 2036 1956 est
2069 1903 2432 1973 incorruptio,
2463 1915 2515 1958 et
2549 1906 2743 1960 animae.
2785 1907 3089 1975 beatitudo,
3123 1923 3175 1967 et
3221 1914 3502 1980 fortitudo.

269 2005 307 2072 ή
348 2000 681 2071 δικαιοσύνη,
713 2000 806 2054 καὶ⁸
845 2003 877 2072 ἡ
906 2001 1180 2073 φρόνησις.
1217 2003 1308 2055 καὶ
1336 2003 1445 2056 πᾶν
1471 2002 1532 2054 τὸ
1571 2001 1687 2054 κατ’
1720 2001 1848 2072 ἀρε-

270 2093 375 2162 τὴν
399 2092 685 2163 νοούμενον
713 2092 878 2162 ὄνομά
903 2110 960 2146 τε
986 2093 1080 2146 καὶ
1104 2093 1300 2164 νόημα,
1317 2093 1454 2162 τάχα
1471 2093 1534 2145 δι’
1556 2091 1844 2145 ἀκολούθου

269 2188 342 2256 τῇ
363 2185 560 2269 γνὶῲἕι
594 2185 698 2269 τῶν
721 2183 1361 2267 ἀγαθῶνὴπροσαγόμεθα.
1393 2183 1605 2256 Ἐπειδὴ
1625 2183 1732 2255 γάρ
1771 2179 1846 2236 εἷ-

270 2276 384 2338 δον,
415 2258 785 2344 φησῖ,’ῖτ’ἆύτα,
818 2258 1220 2345 καῖῶσπερέεῑ
1242 2274 1390 2346 ζυγῷ
1415 2275 1654 2345 διέκρινα
1687 2275 1748 2328 τὸ
1785 2273 1844 2328 δν

272 2368 370 2420 ’τδῦ
392 2369 467 2440 μὴ
491 2367 664 2429 δντος,
688 2366 780 2420 τοῦ
811 2367 988 2436 εὑρεῖν
1009 2368 1108 2435 τὴν
1135 2367 1392 2438 διαφορὰν
1414 2366 1513 2436 τῆς
1535 2367 1722 2444 σοφίας
1749 2367 1843 2418 καὶ

271 2461 372 2529 τῆς
391 2459 722 2532 ἀφροσύνης,
743 2459 829 2513 οἵα
845 2475 950 2528 περ
970 2459 1034 2512 ἂν
1053 2458 1298 2529 εὑρεθείη
1311 2458 1485 2527 φωτὸς
1500 2455 1843 2522 ἀντεξεταζο-

274 2554 438 2622 μένου
462 2547 596 2622 apo;
618 2550 794 2618 ζόφον.
815 2550 924 2604 Καί
944 2567 1031 2619 μοι
1052 2551 1196 2603 δοκεῖ
1216 2549 1594 2620 προσηκόντως
1611 2549 1687 2620 τῷ
1703 2550 1842 2604 κατά

270 2646 333 2697 τὸ
359 2644 476 2712 φῶς
507 2641 861 2712 ὑποδείγματι
907 2640 1040 2710 πρὸς
1076 2641 1170 2711 τὴν
1207 2640 1300 2693 τοῦ
1349 2640 1510 2692 καλοῦ
1541 2641 1840 2712 χρήσασθαι

272 2737 490 2806 χρῆσιν.
522 2735 736 2805 Ἐπειδὴ
771 2734 874 2804 γὰρ
897 2733 958 2787 τὸ
987 2735 1171 2796 σκότος
1210 2737 1276 2803 τῇ
1317 2732 1507 2787 ἑαυτοῦ
1553 2733 1706 2803 φύσει
1751 2735 1841 2788 ἀν-

273 2826 636 2896 ύπαρκτονίεί
657 2827 766 2896 γάρ
797 2824 869 2896 μὴ
898 2825 982 2895 εἴη
1017 2825 1076 2878 τὸ
1105 2825 1461 2896 ἀντιφράσσον
1490 2842 1542 2876 τι
1567 2824 1662 2895 τὴν
1687 2825 1840 2896 ἡλια-

270 2920 372 2991 κὴν
407 2921 620 2982 ἀκτῖνα,
659 2915 844 2979 σκότος
885 2917 983 2970 οὑκ
1015 2901 1294 3020 ἕσταιῄτὺ
1335 2916 1389 2968 δὲ
1421 2914 1535 2985 φῶς
1585 2916 1715 2970 αὑτὸ
1755 2918 1839 2986 ἐφ’

269 3009 462 3064 ἑαυτοῦ
489 3011 632 3063 ἐστιν
653 3011 710 3061 ὲν
741 3008 844 3080 ἰδίᾳ
863 3007 1018 3077 οὐσίᾳ.
1037 3007 1476 3076 κατανοούμενον·
1505 3008 1737 3061 δείκνυσι
1764 3009 1840 3080 τῷ

270 3102 652 3172 ὑποδείγματι.
685 3101 764 3153 ὅτι
787 3102 819 3170 ἠ
850 3099 1015 3152 κακία
1041 3098 1158 3152 καθ’
1189 3098 1381 3168 ἑαυτὴν
1402 3099 1501 3168 οὑχ
1527 3087 1834 3166 ὑφίσταται,

1951 2005 2005 2051 et
2037 1997 2270 2066 justitia,
2303 2005 2358 2052 et
2399 1999 2704 2068 prudentia,
2731 2009 2785 2054 et
2815 2004 3177 2074 quodcunque
3205 2024 3424 2075 nomen,
3450 2020 3507 2067 et

1950 2101 2292 2155 quaecunque
2342 2087 2542 2143 mentis
2595 2090 2745 2143 notio
2795 2106 2860 2146 ex
2909 2094 3111 2148 virtute
3161 2098 3502 2170 intelligitur,

1949 2185 2349 2246 consequenter
2379 2177 2517 2233 forte
2533 2178 2856 2234 adducimur
2877 2181 2942 2236 ad
2968 2183 3094 2238 boni
3113 2189 3500 2256 cognitionem.

1951 2267 2082 2321 Nam
2147 2277 2460 2338 postquam,
2509 2270 2704 2341 inquit,
2756 2273 2870 2328 haec
2935 2276 3084 2342 vidi,
3131 2287 3388 2350 tanquam
3446 2285 3503 2340 in

1950 2361 2154 2415 trutina
2194 2361 2246 2415 id
2279 2363 2422 2432 quod
2473 2373 2557 2418 est
2590 2364 2824 2420 discrevi
2865 2367 2933 2422 ab
2966 2384 3031 2423 eo
3059 2373 3202 2440 quod
3255 2390 3362 2429 non
3392 2387 3501 2444 est,

1948 2455 2009 2502 ut
2037 2447 2336 2504 invenirem
2366 2450 2720 2507 diﬂerentiam
2759 2457 3037 2525 sapientia;
3072 2469 3125 2514 et
3155 2462 3500 2534 insipientia;

1949 2540 2258 2609 cujusmodi
2310 2541 2537 2598 inveniri
2599 2554 2777 2614 potest
2829 2547 2874 2602 si
2934 2549 3025 2605 lux
3089 2552 3396 2612 adducatur
3449 2567 3505 2615 et

1949 2640 2219 2686 statuatur
2277 2648 2343 2687 ex
2406 2634 2636 2690 adverso
2692 2638 3061 2696 tenebrarum.
3130 2643 3257 2699 Mihi
3321 2657 3500 2705 autem

1945 2724 2161 2779 videtur
2192 2734 2315 2796 apte
2344 2742 2479 2782 usus
2508 2743 2630 2784 esse
2673 2731 2922 2800 exemplo
2973 2734 3038 2786 ad
3084 2736 3500 2808 signiﬁcandum

1948 2829 2106 2870 usum
2139 2816 2278 2885 ejus,
2329 2817 2475 2887 quod
2528 2818 2730 2874 bonum
2761 2829 2846 2876 est
2891 2831 2943 2877 et
2999 2825 3312 2884 honestum.
3365 2830 3500 2888 Nam

1946 2997 1992 3050 si
2020 2997 2165 3052 enim
2215 3013 2322 3051 non
2357 3009 2504 3054 esset
2548 3002 2750 3070 aliquid
2805 3004 2950 3072 quod
3008 3007 3142 3062 solis
3191 3011 3374 3069 radios
3399 3016 3501 3070 ob-

1947 3096 2216 3146 strueret.
2247 3104 2354 3142 non
2391 3099 2575 3146 essent
2605 3094 2876 3161 tenebrae;
2923 3096 3014 3152 lux
3059 3108 3239 3156 autem
3295 3103 3410 3174 ipsa
3437 3106 3499 3159 in

270 3193 404 3246 ἀλλά
435 3193 504 3262 τῇ
543 3193 794 3263 στερήσει
838 3190 932 3243 τοῦ
971 3189 1174 3259 ἀγαθοῦ
1225 3189 1657 3259 παρυφίσταταν
1687 3191 1747 3244 τὸ
1782 3191 1838 3244 δὲ

1947 3191 2006 3230 se
2033 3185 2140 3238 est,
2169 3187 2224 3232 et
2256 3179 2308 3231 in
2342 3181 2560 3248 propria
2587 3182 2910 3254 intelligitur
2935 3191 3172 3244 essentia
3203 3211 3217 3246 :
3248 3199 3501 3266 exemplo
3541 3194 3550 3204 ”

1942 3269 2183 3321 ostendit
2231 3269 2380 3336 quod
2427 3286 2522 3339 per
2574 3288 2632 3326 sc
2682 3289 2786 3327 non
2851 3280 3106 3334 consistit
3136 3282 3351 3349 vitium,
3401 3287 3499 3343 sed

1942 3359 2199 3413 consistit
2221 3375 2286 3414 cx
2322 3361 2627 3429 privatione
2659 3364 2806 3419 boni.
2835 3365 3043 3423 Bonum
3073 3380 3252 3428 autem
3284 3391 3501 3448 semper

1943 3449 2192 3504 similiter
2223 3466 2281 3505 se
2311 3451 2490 3514 habet,
2539 3453 2862 3525 ﬁrmumque
2910 3468 2992 3513 est
3033 3476 3097 3516 ac
3147 3465 3363 3527 stabile,
3399 3483 3498 3524 nec

1942 3541 2194 3597 consistit
2254 3558 2318 3596 ex
2355 3545 2461 3596 ulla
2503 3561 2626 3613 qua:
2662 3549 2932 3615 praecedat
2975 3553 3306 3619 privatione.
3342 3557 3498 3623 Quod

1942 3645 2120 3688 autem
2143 3635 2463 3703 intelligitur
2488 3651 2552 3691 ex
2584 3653 2649 3691 eo
2681 3640 2824 3707 quod
2848 3652 2933 3696 est
2963 3642 3109 3698 bono
3135 3651 3496 3714 contrarium,

1941 3741 2052 3780 non
2086 3736 2167 3781 est
2205 3742 2269 3780 ex
2301 3729 2559 3781 essentia.
2587 3729 2743 3794 Quod
2779 3733 2922 3786 enim
2960 3750 3065 3789 non
3102 3746 3186 3790 est
3219 3739 3274 3793 in
3316 3755 3396 3806 se,
3430 3758 3502 3798 ne

1941 3819 2162 3872 omnino
2190 3817 2408 3887 quidem
2429 3827 2532 3873 est.
2565 3817 2768 3873 Vitium
2795 3823 2939 3876 enim
2975 3839 3058 3878 est
3083 3826 3202 3895 ejus
3231 3831 3375 3896 quod
3411 3839 3500 3888 est

1939 3910 2198 3980 privatio,
2229 3917 2284 3965 et
2324 3926 2432 3965 non
2461 3911 2792 3965 substantia.
2825 3913 2929 3966 Par
2955 3925 3037 3969 est
3064 3919 3209 3971 enim
3243 3919 3497 3978 differen-

1941 4002 2014 4054 tia
2049 4001 2189 4056 lucis
2213 4000 2280 4055 ad
2312 4000 2585 4064 tenebras,
2619 4010 2673 4055 et
2697 3995 2980 4072 sapientia:
3003 4007 3068 4059 ad
3100 4008 3495 4078 insipientiam.

1939 4093 2018 4147 Ex
2073 4100 2228 4162 parte
2285 4092 2430 4146 enim
2489 4079 2802 4149 universum
2870 4099 3251 4168 complectitur
3291 4103 3494 4160 bonum

1939 4184 2162 4238 nomine
2192 4183 2493 4252 sapientiae,
2527 4193 2581 4237 et
2613 4184 2775 4238 simul
2807 4201 2929 4240 cum
2964 4187 3273 4258 insipientia
3320 4192 3495 4248 inter-

1939 4283 2186 4347 pretatur
2217 4282 2272 4328 et
2325 4274 2562 4343 explicat
2613 4291 2827 4331 omnem
2877 4279 3006 4332 mali
3064 4292 3336 4338 naturam.
3386 4283 3492 4340 Sed

1937 4368 2068 4438 quid
2099 4367 2258 4422 nobis
2287 4365 2494 4421 accedit
2523 4366 2662 4421 lucri
2695 4383 2761 4422 ex
2794 4384 2860 4422 eo
2886 4371 3029 4440 quod
3074 4372 3274 4427 bonum
3321 4376 3496 4446 admi-

1940 4473 2145 4520 remur,
2207 4457 2314 4510 nisi
2376 4455 2637 4526 magister
2699 4458 2858 4513 nobis
2917 4461 3169 4516 ostendat
3221 4463 3364 4518 viam
3431 4481 3495 4523 ac

271 3282 472 3350 άγαθὸν
505 3281 591 3334 ἀεὶ
619 3279 878 3344 ὡσαύτως
905 3279 1013 3350 ἔχει
1047 3278 1270 3349 μόνιμόν
1301 3296 1359 3331 τε
1385 3281 1478 3333 καὶ
1511 3280 1724 3348 πάγιον,
1749 3283 1842 3336 καὶ

267 3373 494 3443 οὐδεμιᾷ
533 3389 676 3436 τινος
717 3373 1098 3443 προηγουμένη
1147 3373 1396 3442 στερήσει
1441 3375 1844 3444 παρυφιστάμε-

268 3483 376 3520 ντν.
406 3465 481 3516 Τὸ
519 3464 576 3517 δὲ
618 3466 681 3516 ἐκ
709 3462 800 3516 τοῦ
825 3463 1058 3516 ἐναντίου
1089 3463 1165 3534 τῷ
1187 3464 1375 3534 ἀγαθῷ
1413 3463 1696 3537 νοούμενον
1721 3468 1841 3518 κατ’

268 3553 455 3606 obsim
490 3551 588 3604 οὑκ
626 3551 768 3604 ἔστιν
788 3567 799 3578 ·
827 3550 854 3603 ὃ
891 3551 1000 3622 γὰρ
1043 3552 1125 3620 ἐφ’
1153 3553 1344 3606 ἑαυτοῦ
1377 3555 1475 3607 οὑκ
1505 3554 1666 3620 ἔστιν,
1691 3556 1841 3609 οὐδέν

270 3645 418 3694 ἐστιν
447 3643 613 3704 ὃλωςσ
645 3643 895 3713 στέρησις
925 3644 1032 3714 γάρ
1078 3644 1168 3696 τοῦ
1211 3647 1362 3709 ὄντος
1403 3648 1549 3699 ἐστὶν
1581 3651 1613 3716 ή
1653 3649 1837 3712 κακία,

268 3736 360 3786 καὶ
399 3734 518 3804 οὑχὶ
560 3732 810 3804 ὗπαρξις.
859 3737 977 3804 Ἴση
1013 3737 1188 3788 τοίνυν
1218 3739 1249 3808 ἡ
1275 3737 1501 3808 διαφορά
1543 3738 1636 3791 τοῦ
1667 3741 1840 3808 φωτὸς

267 3826 406 3890 πρὸς
431 3827 490 3878 τὸ
514 3826 718 3888 σκότος,
739 3826 949 3894 καὶτῆς
974 3828 1161 3894 σοφίας
1187 3830 1320 3897 πρὸς
1346 3830 1653 3902 ἀφροσύνην
1672 3833 1837 3886 ἐστίν.

277 3915 412 3981 Ἀπὸ
441 3917 636 3985 μέρους
677 3917 782 3985 γὰρ
821 3917 965 3969 ἆπαν
1003 3917 1064 3968 τὸ
1104 3917 1301 3984 ἀγαθὸν
1345 3919 1731 3988 περιλαμϐάνει
1762 3922 1839 3992 τῷ

267 4008 364 4076 τῆς
397 4009 586 4076 σοφίας
629 4008 872 4077 ὀνόματι,
905 4009 996 4060 καὶ
1040 4011 1102 4078 τῇ
1147 4010 1420 4080 ἀφροσύνῃ
1455 4013 1630 4064 πᾶσαν
1669 4014 1837 4066 κακοῦ

269 4101 429 4166 φύσιν
478 4098 882 4168 συνερμηνεύει.
925 4099 1081 4152 ’Λλλά
1123 4100 1175 4151 τί
1225 4101 1411 4170 κέρδος
1451 4103 1580 4172 ἡμῖν
1637 4105 1699 4156 ὲκ
1744 4105 1837 4157 τοῦ

265 4182 544 4252 θαυμάσαι
574 4183 634 4234 τὸ
660 4183 879 4249 ἀγαθὸν,
930 4185 976 4235 εἰ
1025 4185 1096 4254 μή
1140 4201 1223 4246 τις
1272 4186 1364 4237 καὶ
1408 4185 1524 4248 ὁδὸς
1561 4188 1708 4258 παρὰ
1745 4189 1837 4242 τοῦ

263 4273 580 4325 διδασκάλου
640 4273 773 4343 πρὸς
835 4275 930 4345 τὴν
982 4275 1168 4328 τούτου
1223 4277 1410 4346 κτῆσιν
1463 4279 1837 4359 ὑποδειχθείης

265 4365 389 4427 Πῶς
421 4359 514 4417 οὖν
544 4364 656 4417 ἔστι
711 4367 802 4417 καὶ
845 4368 990 4435 ἡμᾶς
1034 4368 1090 4417 ὲν
1133 4369 1196 4435 τῇ
1239 4367 1332 4419 τοῦ
1374 4368 1538 4421 καλοῦ
1585 4374 1838 4443 μετουσίᾳ

263 4455 541 4523 γενέσθαι,
581 4452 900 4524 ἀκούσωμεν
925 4454 1016 4507 τοῦ
1041 4455 1398 4518 διδάσκοντος.

263 4552 533 4606 rationem
565 4566 669 4620 qua
709 4551 760 4604 id
814 4552 1211 4620 acquiramus?
1247 4551 1529 4616 Quomodo
1558 4568 1686 4624 ergo
1711 4554 1827 4609 ﬁeri
1901 4562 2078 4625 potest
2105 4562 2164 4606 ut
2195 4568 2294 4607 nos
2325 4566 2544 4622 quoque
2571 4551 2744 4607 simus
2776 4553 2902 4607 boni
2932 4555 3245 4624 participes,
3305 4557 3496 4614 audia-

263 4660 385 4697 mus
421 4644 738 4697 doctorem.-

340 4755 355 4782 ι
383 4733 489 4784 Τοῦ
518 4733 700 4799 σοφοῦ,
736 4755 752 4784 ι
787 4736 967 4805 φησιν,
997 4755 1014 4785 ‹
1047 4737 1094 4787 οἱ
1129 4735 1410 4806 ὀφθαλμοὶ,
1442 4737 1498 4788 ὲν
1528 4739 1593 4808 τῇ
1631 4738 1835 4808 κεφαλῇ

2016 4751 2035 4783 ι
2079 4730 2376 4800 Sapientis,
2423 4748 2442 4780 ι
2483 4728 2679 4797 inquit.
2712 4747 2730 4777 ι
2772 4729 2914 4782 oculi
2970 4729 3023 4782 in
3079 4730 3260 4798 capite
3291 4731 3428 4799 ejus.
3469 4751 3490 4785 ι

262 4824 447 4877 αὐτοῦ.
481 4843 498 4872 ι
531 4824 592 4874 Τί
622 4825 792 4877 ταῦτα
831 4824 1009 4891 λέγεις
1041 4825 1184 4876 ἔστιν
1219 4825 1326 4896 ἄρα
1359 4824 1494 4888 ζῶον
1528 4826 1662 4889 ὅλως
1683 4826 1832 4890 ὃὲξω

1942 4823 2048 4878 Cur
2091 4823 2204 4875 haec
2232 4820 2406 4873 dicit?
2450 4817 2616 4870 Estne
2666 4818 2832 4878 ullum
2863 4819 3084 4871 omnino
3117 4819 3313 4872 animal
3345 4821 3493 4890 quod

259 4915 358 4983 τῆς
382 4914 618 4983 κεφαλῆς
645 4914 752 4983 ἔχει
784 4913 851 4965 τὰ
882 4914 988 4964 τῶν
1018 4914 1306 4983 ὀφθαλμῶν
1338 4914 1692 4984 αἰσθητήρια;
1727 4916 1829 4968 κᾶν

1942 4915 2135 4968 habeat
2181 4910 2369 4964 oculos
2421 4917 2572 4961 extra
2618 4917 2804 4978 caput,
2853 4924 2947 4962 seu
2983 4909 3190 4964 dixeris
3229 4912 3490 4980 aquatile,

262 5003 480 5072 ἔνυδρον
511 5002 668 5072 εἴπῃς
687 5043 701 5065 ,
730 5003 830 5055 κᾶν
857 5007 1105 5072 χερσαῖον
1132 5005 1233 5055 κᾶν
1266 5003 1533 5072 ἐναέριονς
1576 5005 1661 5056 Ἐν
1696 5005 1828 5056 πᾶσι

262 5095 373 5164 γάρ
412 5094 684 5163 ὀφθαλμὸς
707 5095 800 5147 τοῦ
829 5094 1013 5147 λοιποῦ
1046 5094 1406 5165 προϐέϐληται
1438 5097 1704 5166 σώματος,
1735 5096 1829 5148 καὶ

1942 5095 2023 5146 lus
2051 5094 2260 5161 reliquo
2292 5089 2507 5159 corpori
2535 5099 2619 5142 cst
2646 5091 2970 5159 pra-positus
2999 5098 3053 5144 et
3080 5092 3384 5148 collocatus
3407 5099 3493 5148 est

263 5189 327 5254 τῇ
361 5184 566 5254 κεφαλῇ
593 5184 699 5236 τῶν
736 5184 965 5254 ἐχόντων
998 5184 1237 5254 κεφαλὴν
1273 5185 1672 5256 ὲγκαθίδρυται.
1710 5186 1830 5246 Πῶς

261 5271 356 5328 οὖν
400 5274 631 5327 ἐνταῦθα
679 5275 839 5338 μόνου
892 5275 1037 5342 λέγει
1087 5275 1180 5327 τοῦ
1239 5274 1401 5343 σοφοῦ
1449 5276 1545 5346 τὴν
1593 5276 1829 5346 κεφαλὴν

261 5366 638 5437 ὡμματῶσθαι
660 5383 673 5430 ;
697 5367 766 5418 Ἦ
784 5365 940 5418 τοῦτο
962 5367 1173 5425 πάντως
1194 5366 1549 5436 ὑποσημαίνει
1571 5368 1647 5438 τῷ
1662 5367 1824 5438 λόγῳ,

262 5460 342 5511 ὃτι
390 5458 647 5524 ἀναλογία
675 5457 758 5520 τίς
785 5457 899 5509 ἐστι
929 5457 1036 5509 τῶν
1069 5458 1124 5508 ὲν
1161 5459 1225 5528 τῇ
1263 5457 1406 5528 ψυχῇ
1443 5457 1825 5529 θεωρουμένων

265 5550 400 5620 πρὸς
429 5549 495 5602 τά
524 5547 618 5602 τοῦ
648 5547 896 5616 σώματος
928 5548 1101 5618 μέρη;
1132 5550 1238 5602 Καὶ
1261 5547 1448 5618 ῶσπερ
1477 5551 1567 5601 ἐπὶ
1594 5551 1694 5618 τῆς
1724 5567 1826 5602 σω-

268 5641 503 5712 ματικῆς
541 5640 878 5702 διαπλάσεως
925 5640 986 5692 τὸ
1017 5641 1243 5711 προέχον
1293 5641 1385 5694 τοῦ
1444 5643 1562 5695 ὅλου
1617 5640 1824 5711 κεφαλὴ

1935 5275 2023 5328 hic
2080 5273 2212 5329 dicit
2269 5271 2441 5325 solius
2492 5271 2754 5340 sapientis
2803 5279 2966 5340 caput
3017 5271 3307 5340 praeditum
3367 5288 3492 5329 esse

1935 5365 2152 5419 oculis?
2195 5365 2276 5417 An
2333 5362 2437 5416 hoc
2491 5363 2714 5415 omnino
2777 5363 2939 5416 tacite
2997 5362 3287 5433 signiﬁcat,
3339 5363 3485 5433 quod

1930 5471 2118 5512 eorum
2154 5471 2273 5525 quae
2305 5451 2728 5508 considerantur
2771 5453 2825 5510 in
2861 5453 3060 5514 anima,
3112 5460 3195 5506 est
3243 5454 3489 5521 quaedam

1930 5548 2210 5620 proportio
2236 5555 2289 5600 et
2336 5545 2714 5600 convenientia
2749 5560 2871 5599 cum
2913 5545 3156 5614 partibus
3189 5545 3434 5614 corporis
3465 5542 3492 5597 τ

1931 5651 1983 5695 ct
2032 5641 2176 5695 sicut
2222 5639 2276 5693 in
2332 5638 2499 5710 ﬁgura
2549 5637 2792 5707 corporis
2838 5636 2889 5689 id
2935 5635 3077 5706 quod
3130 5637 3224 5691 toti
3275 5641 3492 5708 praeest.

335 5823 379 5853 ’³
418 5819 559 5874 Psal.
591 5833 709 5879 cm,
739 5817 828 5870 94.

588 5913 862 5970 Parnm.
904 5911 1021 5970 Gn.
1058 5913 1106 5971 Χ
1121 5911 1268 5972 ω’.
3144 5905 3226 5962 9")

1947 2908 2202 2975 quoniam
2249 2909 2485 2964 tenebras
2513 2927 2609 2966 sua
2656 2921 2850 2967 natura
2882 2915 3106 2972 minime
3151 2923 3499 2993 consistunt;

1937 5020 2030 5058 seu
2065 5010 2338 5064 terrestre,
2373 5013 2466 5052 seu
2508 4999 2770 5052 aereum?
2818 4998 2872 5051 In
2907 5000 3160 5053 omnibus
3188 5002 3332 5054 enim
3361 5017 3494 5056 ocu-
3560 5051 3576 5062 ,

1938 5187 1990 5240 in
2027 5183 2205 5252 capite
2237 5197 2426 5235 eorum
2463 5196 2585 5250 qua:
2615 5180 2814 5234 habent
2844 5190 3025 5249 caput.
3055 5181 3336 5246 Quomodo
3360 5195 3494 5253 ergo
3521 5223 3530 5251 τ
