4044 6478
38 684 320 836 Μξᾴθ

525 386 628 442 685
1740 381 1795 435 S.
1838 376 2160 436 GREGORII
2194 377 2488 438 NYSSENI
3637 384 3740 444 ΒΝ

525 509 688 572 caput
745 499 1074 560 nominatur,
1128 495 1203 550 ita
1246 495 1409 550 etiam
1475 495 1528 549 in
1589 495 1767 550 anima
1821 495 1874 550 id
1931 495 2073 566 quod

2177 496 2521 567 ὀνομάζεται,
2554 495 2696 550 οὕτω
2732 497 2825 550 καὶ
2861 498 2953 550 ἐπὶ
2973 496 3072 567 τῆς
3109 496 3284 567 ψυχῆς
3325 497 3386 550 τδ
3416 499 3740 569 ἡγεμονικόν

522 593 884 664 principatum
915 589 1146 651 obtinet,
1192 595 1246 642 et
1277 588 1508 658 primum
1536 599 1684 642 tenet
1734 588 1933 651 locum,
1981 602 2078 656 pro

523 684 703 754 capite
731 681 1049 750 intelligitur
1073 696 1090 746 ;
1113 687 1168 734 et
1189 694 1298 750 quo
1325 679 1488 734 modo
1516 679 1667 750 pedis
1693 679 1868 733 basim
1894 678 2078 748 appel-

519 779 696 834 lamus
738 775 1054 830 calcaneum
1079 812 1098 841 ,
1133 772 1206 826 ita
1252 771 1414 826 etiam
1466 771 1630 826 fuerit
1665 770 1814 825 basis
1863 769 2074 832 animat,

520 885 619 940 per
660 883 823 938 quam
873 865 1092 934 attingit
1137 865 1385 934 corporis
1433 865 1884 926 coalescentiam,
1934 861 2078 917 unde

522 959 839 1013 immittitin
870 957 1173 1026 subjectum
1203 953 1467 1010 sentiendi
1485 957 1592 1008 vim
1609 964 1663 1008 et
1686 953 2074 1025 operationem.

517 1048 747 1115 Quando
775 1063 903 1118 ergo
933 1044 1297 1117 perspiciendi
1331 1052 1384 1098 et
1431 1043 1837 1113 contemplandi
1881 1042 1964 1098 vis
2021 1043 2076 1097 in

518 1140 700 1195 anima
729 1151 1027 1208 occupatur
1050 1140 1103 1193 in
1133 1138 1296 1194 rebus
1322 1137 1642 1200 sensilihus,
1671 1137 1725 1190 in
1754 1136 1872 1207 ejus
1898 1136 2076 1190 calca-

515 1247 650 1288 neos
669 1233 948 1286 oculorum
975 1229 1176 1284 transit
1205 1237 1420 1290 natura,
1442 1243 1538 1298 per
1563 1242 1702 1298 quos
1733 1227 1932 1298 aspicit
1955 1242 2076 1298 quae

517 1328 644 1376 sunt
678 1315 961 1381 inferiora,
993 1318 1307 1374 sublimium
1358 1317 1792 1387 speculationum
1827 1325 2074 1372 contem-

515 1412 774 1484 plationis
802 1424 998 1480 expers
1030 1423 1254 1462 manens
1289 1408 1522 1478 penitus.
1557 1406 1653 1460 Sin
1679 1415 1858 1462 autem
1891 1423 2072 1462 rerum

518 1503 883 1574 subjectarum
923 1501 1138 1572 COgnita
1174 1499 1435 1562 vanitate,
1464 1499 1748 1554 sustulerit
1777 1500 1968 1554 oculos
2005 1499 2074 1554 ad

481 1608 678 1664 )suum
707 1599 893 1663 caput,
929 1590 1072 1661 quod
1102 1597 1185 1644 est
1214 1589 1488 1654 Christus,
1517 1590 1661 1643 sicut
1689 1591 2075 1660 interpretatur

516 1685 738 1746 Paulus,
762 1683 919 1736 beata
942 1677 1216 1734 censenda
1239 1677 1406 1748 fuerit
1431 1685 1653 1748 propter
1682 1692 1861 1733 acrem
1889 1678 2076 1733 oculo-

516 1789 637 1827 rum
671 1773 863 1835 aciem,
918 1777 978 1824 ut
1015 1784 1135 1840 qua:
1165 1740 1504 1822 illic'habeat
1552 1767 1767 1832 oculos,
1799 1767 1895 1822 ubi
1945 1767 2072 1821 ntali

2175 605 2235 640 τε
2266 589 2359 641 καὶ
2376 588 2818 660 λπροτεταγμένον
2854 588 2974 642 ἀντὶ
3022 587 3264 658 κεφαλῆς
3301 589 3523 641 νοεῖται·
3555 591 3649 643 καὶ
3680 588 3740 643 δν

2173 677 2630 751 τρόπονιπτέρναν
2651 679 2750 750 τὴν
2769 677 2864 732 τοῦ
2886 679 3044 742 ποδὸς
3068 679 3222 749 βάσιν
3246 680 3738 751 προσαγορεύομεν,

2174 765 2346 829 οὕτως
2375 764 2443 820 ἂν
2474 767 2558 836 εῐη
2593 767 2688 820 καὶ
2723 766 2825 836 τῆς
2865 766 3042 838 ψυχῆς
3075 767 3228 837 βάσις
3252 767 3320 822 δι’
3347 764 3414 840 ἦς
3442 769 3743 839 ἐφάπτεται

2175 858 2274 927 τῆς
2307 857 2580 928 συμφυῖας
2605 856 2699 910 τοῦ
2730 856 3001 929 σώματος,
3027 858 3147 912 ὅθεν
3183 859 3282 930 τὴν
3306 859 3624 932 αἰσθητικὴν
3650 861 3744 915 δύο

2174 947 2334 1018 ναμίν
2359 964 2418 1000 τε
2443 948 2537 1002 καὶ
2557 948 2836 1020 ἐνέργειαν
2858 949 2934 1019 τῷ
2960 949 3300 1021 ὑποκειμένῳ
3319 951 3540 1022 ἐνίησιν.
3571 953 3743 1006 Ὅταν

2172 1038 2353 1093 τοίνυν
2385 1040 2419 1109 ἡ
2457 1039 2734 1110 διορατική
2772 1057 2831 1093 τε
2861 1041 2954 1094 καὶ
2987 1040 3289 1113 θεωρητικὴ
3317 1043 3416 1114 τῆς
3442 1043 3621 1116 ψυχῆς
3644 1044 3740 1100 δύο

2175 1147 2336 1201 ναμις
2363 1131 2499 1202 πρὸς
2539 1132 2609 1185 τά
2642 1132 2873 1203 αἰσθητά
2915 1133 3015 1202 τὴν
3061 1134 3312 1204 ἀσχολίαν
3347 1135 3456 1205 ἔχει
3480 1176 3494 1199 ,
3530 1138 3610 1199 είς
3641 1137 3740 1200 τὰς

2175 1223 2411 1294 πτέρνας
2443 1225 2614 1294 αὐτῆς
2645 1225 2678 1295 ὴ
2709 1224 2816 1277 τῶν
2851 1223 3143 1296 ὀφθαλμῶν
3169 1225 3330 1294 φύσις
3359 1227 3740 1298 ἀντιμεθίστα-

2174 1333 2283 1380 ται,
2316 1315 2384 1368 δι’
2419 1308 2494 1370 ὧν
2529 1316 2598 1370 τὰ
2625 1317 2775 1370 κάτω
2808 1315 3024 1386 βλέπει,
3067 1317 3174 1371 τῶν
3202 1317 3418 1387 ὑψηλῶν
3452 1319 3740 1390 θεαμάτων

2172 1405 2399 1471 ἀθέατος
2435 1405 2692 1476 μένουσα.
2725 1406 2788 1460 ΕΙ
2818 1407 2874 1460 δὲ
2901 1406 3213 1479 γνωρίσασα
3234 1407 3342 1462 τῶν
3366 1409 3741 1480 ὑποκειμένων

2173 1498 2234 1551 τὸ
2269 1499 2516 1568 μάταιον,
2555 1498 2819 1568 ἀναγάγοι
2853 1498 2952 1562 τάς
2988 1498 3137 1569 ὄψεις
3175 1500 3266 1552 ἐπὶ
3294 1501 3392 1570 τὴν
3416 1501 3615 1571 ἑαυτῆς
3642 1520 3739 1556 κε-

2173 1588 2368 1660 φαλὴν,
2413 1588 2540 1658 ἣτις
2574 1588 2722 1641 ἐστὶν
2765 1589 2793 1642 ὁ
2833 1586 3095 1660 Χριστὸς,
3137 1587 3318 1650 καθὼς
3341 1589 3682 1660 διερμηνεύει
3707 1592 3738 1644 ό

2172 1679 2421 1746 Παῦλος,
2473 1681 2780 1753 μακαριστὴ
2824 1680 2890 1732 ἂν
2926 1678 3135 1747 γένοιτο
3175 1681 3274 1750 τῆς
3295 1677 3584 1748 δξυωπίας,
3621 1684 3739 1736 ἐκεῖ

2173 1771 2367 1843 ἔχουσα
2397 1772 2522 1837 τοὺς
2557 1771 2863 1842 ὀφθαλμοὺς
2881 1811 2895 1835 ,
2923 1770 3055 1823 ὅπου
3078 1771 3177 1823 ούκ
3199 1771 3345 1824 ἐστιν
3374 1773 3406 1843 ὴ
3439 1773 3531 1826 τοῦ
3562 1775 3734 1828 κακοῦ

517 1879 625 1919 non
655 1869 739 1918 est
768 1861 1100 1918 obscuritas.
1135 1859 1359 1931 Magnus
1405 1859 1497 1914 ille
1529 1857 1754 1922 Paulus,
1797 1867 1852 1914 et
1897 1859 1943 1914 si
1980 1860 2073 1930 qui

2175 1863 2544 1936 ὲπισκότησις.
2570 1862 2781 1927 Παῦλος
2805 1866 2834 1917 ό
2857 1864 3027 1935 μέγας
3060 1864 3153 1918 καὶ
3189 1863 3244 1916 εῐ
3266 1881 3410 1928 τινες
3439 1865 3585 1918 ἄλλοι
3613 1867 3734 1918 κατ’

519 1955 608 2009 alii
635 1963 762 2010 sunt
786 1957 929 2009 sicut
946 1953 1037 2007 ille
1061 1955 1262 2022 magni,
1286 1949 1556 2005 habebant
1577 1950 1766 2005 oculos
1794 1949 1848 2004 in
1871 1951 2070 2020 capite,

517 2056 569 2100 et
590 2062 778 2102 omnes
800 2046 893 2115 qui
916 2045 1105 2099 vivunt
1125 2051 1180 2098 et
1206 2053 1513 2107 moventur,
1536 2050 1589 2097 et
1607 2049 1736 2097 sunt
1763 2043 1814 2097 in
1833 2041 2070 2097 Christo.

517 2125 652 2192 Nam
684 2138 825 2192 sicut
854 2135 969 2190 fieri
993 2150 1099 2189 non
1127 2141 1330 2203 potest,
1351 2142 1410 2186 ut
1431 2135 1524 2204 qui
1553 2133 1624 2188 sit
1656 2134 1712 2186 in
1743 2133 1864 2188 luce
1890 2132 2075 2188 videat

517 2231 812 2288 tenebras:
846 2231 920 2284 ita
956 2243 1066 2282 non
1098 2233 1278 2297 potest
1331 2224 1468 2292 fleri,
1509 2230 1569 2280 ut
1599 2224 1692 2294 qui
1739 2224 1795 2278 in
1847 2223 2073 2280 Christo

518 2326 678 2380 habet
705 2323 943 2385 oculum,
976 2319 1044 2375 ad
1074 2315 1279 2388 aliquid
1312 2331 1513 2371 vanum
1541 2331 1663 2371 eum
1702 2317 1923 2387 deligat.
1966 2315 2071 2382 Qui

517 2432 646 2488 ergo
674 2415 837 2470 habet
866 2413 1058 2468 oculos
1084 2410 1143 2464 in
1163 2408 1362 2479 capite,
1401 2415 1566 2478 caput
1603 2417 1782 2464 autem
1817 2409 2074 2479 intelligi-

515 2525 640 2564 mus
683 2504 1056 2562 universitatis
1111 2500 1484 2572 principium,
1543 2499 1707 2556 habet
1768 2499 1959 2554 oculos
2015 2499 2071 2553 in

519 2598 666 2653 omni
727 2597 924 2650 virtute
985 2590 1262 2662 (Christus
1323 2595 1505 2643 autetn
1562 2597 1648 2644 est
1711 2589 1884 2644 virtus
1949 2603 2074 2658 per-

520 2690 698 2752 fecta,
773 2693 829 2740 et
895 2683 1044 2738 omni
1116 2697 1182 2736 ex
1253 2689 1408 2750 parte
1499 2678 1912 2750 absoluta),in
1979 2695 2073 2735 ve-

517 2782 701 2843 ritate,
746 2776 802 2831 in
844 2775 1076 2844 justitia,
1130 2772 1186 2825 in
1237 2769 1774 2841 incorruptibilitate,
1825 2768 1882 2824 in
1923 2769 2071 2823 omni

517 2873 682 2927 bono.
725 2886 744 2920 ι
779 2865 1052 2936 Sapientis
1097 2877 1226 2934 ergo
1258 2862 1400 2916 oculi
1446 2868 1574 2918 sunt
1613 2861 1666 2914 in
1703 2861 1877 2930 capite
1911 2858 2070 2930 ejus:

519 2963 717 3021 stultus
747 2965 926 3015 autem
959 2954 1014 3010 in
1041 2953 1281 3010 tenebris
1309 2952 1568 3006 ambulat.
1604 2970 1622 3003 ι
1656 2949 1757 3017 Qui
1786 2950 1928 3006 enim
1963 2966 2073 3005 non

519 3052 672 3125 ponit
703 3063 857 3107 suam
888 3047 1165 3100 lucernam
1192 3058 1357 3114 super
1388 3038 1795 3104 candelabrum,
1829 3037 1922 3094 sed
1953 3054 2071 3093 eam

518 3151 673 3216 ponit
703 3141 808 3198 sub
841 3140 968 3196 base
994 3138 1138 3205 lecti,
1167 3135 1327 3193 efﬁcit
1353 3143 1411 3190 ut
1441 3135 1528 3188 lux
1550 3134 1650 3190 sibi
1678 3135 1788 3188 sint
1817 3133 2070 3199 tenebrat,

519 3243 579 3288 ut
612 3232 703 3305 qui
746 3230 981 3287 evaserit
1018 3227 1200 3298 opifex
1247 3227 1368 3296 ejus
1393 3225 1539 3296 quod
1573 3240 1681 3280 non
1725 3233 1905 3294 potest
1942 3239 2074 3278 eon-

520 3327 735 3382 sistere.
766 3321 979 3376 Vanum
1016 3327 1102 3374 est
1144 3327 1324 3373 autem
1357 3318 1412 3372 id
1452 3317 1596 3386 quod
1635 3317 1936 3371 consistere
1965 3332 2072 3371 non

520 3424 717 3488 potest.
758 3412 1019 3468 Tenebrae
1051 3425 1180 3480 ergo
1216 3409 1272 3462 in
1313 3408 1701 3479 significatione
1743 3416 1952 3462 tantum
1984 3423 2075 3462 va-

523 3511 657 3571 lent,
682 3517 942 3578 quantum
977 3517 1199 3556 vanum.
1233 3499 1398 3555 Stulti
1435 3514 1568 3570 ergo
1593 3499 1772 3554 anima
1799 3515 1921 3571 qua:
1953 3515 2077 3555 cor-

523 3618 624 3673 pus
675 3599 886 3669 diligit,
944 3603 998 3652 et
1047 3601 1131 3650 est
1179 3592 1452 3658 carnalis,
1506 3591 1634 3646 dum
1682 3592 1798 3648 haec
1848 3593 2072 3661 aspicit,

523 3693 654 3748 nihil
686 3690 847 3745 videt.
882 3687 1033 3742 Vera:
1066 3686 1212 3741 enim
1243 3691 1372 3741 sunt
1400 3683 1636 3739 tenebrae
1673 3699 1800 3740 acer
1833 3685 1987 3740 visus
2019 3685 2075 3739 in

523 3785 836 3843 sensilibus.
869 3781 1032 3837 Vides
1064 3782 1199 3836 istos
1227 3793 1380 3834 acres
1411 3785 1466 3833 et
1503 3777 1557 3832 in
1589 3777 1691 3833 hac
1722 3777 1835 3834 vita
1880 3792 2076 3833 versu-

523 3889 606 3933 tos
643 3892 705 3932 ac
746 3875 1044 3937 versatiles,
1087 3887 1224 3942 quos
1257 3885 1360 3926 nos
1405 3884 1669 3925 vocamus
1707 3869 2074 3938 jurisperitos,

519 3985 681 4042 quam
717 3967 874 4022 facile
913 3964 1146 4022 elliciant
1175 3973 1234 4018 ut
1275 3963 1439 4018 liceat
1477 3961 1656 4016 facere
1684 3960 1961 4030 iujuriam,
1993 3969 2076 4017 te-

520 4062 720 4123 stibus,
762 4059 1026 4130 patronis,
1058 4055 1279 4120 libellis,
1325 4054 1569 4125 judi‘cum
1599 4051 1970 4118 observantia,
2018 4060 2078 4108 ut

518 4161 574 4208 et
608 4152 802 4205 malum
843 4149 1044 4204 faciant
1081 4156 1136 4202 et
1167 4153 1385 4204 sumant
1415 4145 1777 4216 supplicium?
1802 4141 1937 4212 Quis
1968 4161 2076 4200 non

519 4255 705 4295 eorum
735 4240 963 4294 miretur
993 4237 1349 4293 subtilitatem
1383 4242 1437 4289 et
1475 4233 1731 4290 versatile
1758 4235 2078 4305 ingenium?

521 4331 663 4388 Sunt
713 4340 895 4384 tamen
944 4330 1034 4385 isti
1085 4329 1237 4392 caeci,
1293 4327 1340 4382 si
1397 4325 1754 4380 conferantur
1799 4341 1922 4380 cum
1984 4328 2077 4382 illo

2175 1958 2380 2020 ἐκεῖνον
2420 1954 2642 2026 μεγάλοι
2668 1957 2725 2008 ὲν
2752 1956 2818 2026 τῇ
2847 1955 3053 2026 κεφαλῇ
3084 1956 3209 2018 τοὺς
3234 1954 3542 2026 ὀφθαλμοὺς
3568 1952 3732 2028 εἶχον,

2173 2047 2268 2101 καὶ
2295 2047 2491 2110 πάντες
2524 2049 2572 2100 οἱ
2604 2047 2662 2099 tv
2692 2045 2912 2118 Χριστῷ
2950 2045 3149 2111 ζῶντες
3181 2046 3274 2100 καὶ
3306 2047 3612 2117 κινούμενοι
3640 2049 3734 2102 καὶ

2171 2136 2340 2201 ὄντες.
2377 2137 2465 2202 Ὠς
2497 2137 2563 2191 ἂν
2587 2139 2685 2191 ούκ
2709 2137 2822 2191 ἐστι
2845 2138 2937 2190 τὸν
2965 2139 3022 2190 tv
3049 2138 3185 2206 φωτὶ
3207 2138 3336 2193 ὄντα
3362 2139 3548 2202 σκότος
3580 2140 3730 2204 ἰδεῖν,

2171 2226 2341 2292 οὕτως
2361 2228 2460 2282 ούκ
2479 2227 2502 2280 ἔ
2509 2245 2592 2281 στι
2611 2228 2699 2281 τὸν
2721 2231 2780 2282 tv
2801 2227 2879 2299 τῷ
2905 2227 3121 2300 Χριστῷ
3140 2229 3227 2283 τὸν
3246 2229 3518 2302 ὀφθαλμὸν
3541 2231 3734 2302 ἔχοντα

2174 2321 2308 2394 πρός
2343 2337 2396 2374 τι
2437 2321 2544 2374 τῶν
2577 2321 2820 2392 ματαίων
2858 2323 3180 2400 ἔναξενίσαι.
3232 2323 3292 2376 ὐ
3322 2319 3416 2376 οὖν
3445 2326 3501 2377 tv
3529 2327 3594 2395 τῇ
3636 2341 3731 2377 κε-

2173 2411 2314 2483 φαλῇ
2348 2412 2472 2476 τοὺς
2501 2411 2810 2483 ὀφθαλμοὺς
2836 2397 3278 2484 ἔχωνῖκεῖρ-αλὴν
3309 2413 3368 2466 δὲ
3409 2414 3508 2483 τὴν
3535 2415 3733 2476 παντὸς

2171 2504 2342 2576 ἀρχὴν
2383 2504 2704 2575 ὲνοήσαμεν,
2759 2505 2816 2559 ὲν
2848 2507 2996 2578 πάσῃ
3039 2506 3206 2576 ἀρετῇ
3254 2506 3380 2569 τοὺς
3423 2505 3733 2575 ὀφθαλμοὺς

2171 2593 2284 2664 ἔχει
2339 2593 2602 2666 (Χριστὸς
2655 2595 2761 2666 γάρ
2824 2597 2970 2648 ἐστιν
3011 2598 3043 2666 ή
3093 2595 3360 2666 παντελὴς
3403 2596 3627 2668 ἀρετὴ),
3673 2597 3733 2648 tv

2171 2684 2416 2758 ἀληθεία,
2442 2687 2498 2739 tv
2517 2685 2847 2758 δικαιοσύνῃ,
2865 2688 2923 2740 tv
2945 2686 3238 2759 ἀφθαρσίᾳ,
3263 2689 3320 2741 tv
3341 2690 3500 2742 παντὶ
3523 2689 3732 2760 ἀγαθῷ.

2177 2795 2197 2830 ι
2221 2777 2326 2830 Τοῦ
2349 2796 2367 2830 ι
2387 2773 2479 2831 οὖν
2501 2796 2520 2830 ι
2545 2777 2704 2847 σοφοῦ
2725 2777 2774 2828 oi
2800 2776 3083 2848 ὀφθαλμοὶ,
3117 2781 3176 2833 tv
3199 2778 3402 2852 κεφαλῇ
3426 2780 3606 2834 αὑτοῦ·
3632 2783 3660 2834 ό
3676 2781 3736 2834 δι

2172 2867 2378 2940 ἄφρων,
2407 2869 2464 2923 tv
2487 2869 2666 2922 σκότει
2694 2869 3001 2941 πορεύεται.
3029 2889 3048 2922 ι
3079 2869 3137 2922 ’0
3165 2871 3272 2942 γὰρ
3303 2872 3376 2942 μὴ
3400 2873 3490 2925 ἐπὶ
3519 2871 3614 2943 τὴν
3642 2872 3737 2925 λυ-

2173 2961 2325 3032 χνίαν
2353 2961 2445 3014 τὸν
2477 2959 2668 3015 ἑαυτοῦ
2696 2960 2886 3032 λύχνον
2919 2961 3204 3033 προτείνας
3222 3001 3237 3023 ,
3266 2962 3381 3016 ἀλλ’
3417 2963 3737 3018 ύποδάλλων

2171 3055 2238 3124 τῇ
2273 3051 2426 3122 βάσει
2453 3053 2554 3123 τῆς
2578 3052 2786 3122 κλίνης,
2811 3053 2871 3105 τὸ
2898 3053 3098 3122 φέγγος
3123 3054 3304 3125 ἑαυτῷ
3334 3055 3521 3118 σκότος
3545 3057 3735 3128 ἐποίη-

2176 3160 2287 3211 σεν,
2310 3143 2638 3215 δημιουργὸς
2659 3141 2752 3195 τοῦ
2775 3142 3122 3213 ἀνυπάρκτου
3151 3144 3459 3213 γενόμενος.
3490 3145 3646 3199 Μάτσ
3656 3162 3735 3198 ιον

2173 3235 2229 3290 δὲ
2265 3235 2325 3289 τὸ
2363 3234 2724 3306 ἀνύπαρκτον.
2758 3230 2906 3288 Ἶσον
2940 3230 3032 3288 οὖν
3064 3235 3180 3288 έστι
3212 3235 3352 3289 κατά
3389 3236 3450 3288 τὸ
3480 3237 3738 3306 σημαινό-

2178 3343 2334 3398 μενον
2359 3326 2436 3398 τῷ
2472 3326 2680 3398 ματαίῳ
2722 3327 2783 3380 τὸ
2825 3329 3032 3392 σκότος.
3078 3325 3185 3380 Τοῦ
3215 3327 3389 3380 τοίνυν
3439 3326 3668 3398 ἄφρονος
3697 3328 3732 3398 ἡ

2173 3419 2317 3490 ψυχὴ
2354 3416 2726 3489 φιλοσώματος
2753 3436 2837 3490 τις
2867 3421 2959 3471 καὶ
2985 3417 3267 3489 σαρκώδης
3305 3417 3642 3488 γεγενημένη
3674 3419 3734 3471 tv

2174 3487 2466 3581 τῴῃταῦτα
2512 3487 2972 3596 βλέπεινλβλέπει
3017 3487 3187 3562 ούδέν’
3220 3487 3407 3572 σκότος
3447 3487 3554 3580 γάρ
3586 3487 3735 3561 ἐστιν

2175 3601 2388 3672 ἀληθῶς
2424 3602 2459 3672 ἡ
2503 3602 2561 3653 tv
2601 3600 2808 3662 τούτοις
2843 3599 3105 3665 ὀξυωπία.
3162 3601 3322 3671 Ὁρᾷς
3355 3602 3480 3664 τοὺς
3523 3601 3738 3670 δριμεῖς

2174 3695 2392 3757 τούτους
2424 3694 2517 3747 καὶ
2545 3693 2872 3764 εὐστρόφους
2917 3694 3057 3746 κατά
3103 3693 3191 3747 τὸν
3241 3694 3373 3763 βίον,
3397 3693 3490 3758 οὓς
3521 3694 3730 3748 δικανι-
3777 3737 3784 3744 .

2176 3785 2303 3849 κοὺς
2325 3783 2678 3854 ὀνομάζομεν,
2714 3784 2858 3846 ὅπως
2888 3785 3097 3847 ἑαυτοῖς
3133 3784 3229 3854 τὴν
3259 3785 3469 3838 ἀδικίαν
3503 3784 3734 3854 ἐξευμα-

2178 3875 2403 3948 ρίζουσι,
2439 3875 2694 3946 μάρτυσι,
2725 3875 3060 3944 συνηγόροις,
3086 3877 3343 3946 γραφαῖς,
3370 3878 3435 3946 τῇ
3461 3875 3566 3928 τῶν
3593 3877 3737 3928 δικα-

2179 3967 2317 4021 στῶν
2359 3967 2642 4038 θεραπείᾳ.
2675 3967 2814 4020 ῶστε
2858 3967 2952 4020 καὶ
2989 3967 3049 4018 τὸ
3096 3967 3267 4019 κακὸν
3303 3965 3735 4036 κατεργάζεσθαι

2177 4061 2270 4114 καὶ
2293 4057 2536 4112 ἐκδοῦναι
2559 4063 2660 4130 τὴν
2681 4061 2984 4130 τιμωρίαν;
3011 4058 3104 4121 Τίς
3125 4059 3184 4110 ού
3207 4059 3473 4128 θαυμάζει
3502 4059 3560 4112 τὸ
3587 4057 3736 4128 ἀγχί-

2177 4167 2298 4204 νουν
2323 4149 2429 4202 τῶν
2461 4149 2712 4204 τοιούτων
2754 4152 2847 4204 καὶ
2881 4149 3337 4221 εύπερίτρεπτον;
3399 4150 3536 4203 Ἀλλ’
3585 4151 3734 4219 ὅμως

2175 4242 2360 4312 τυφλοί
2400 4243 2532 4295 εἰσιν
2560 4244 2606 4296 oi
2638 4242 2889 4304 τοιοῦτοι.
2918 4244 2966 4296 εί
3013 4243 3146 4313 πρὸς
3173 4243 3374 4295 ἐκεῖνον
3411 4243 3501 4296 τδν
3539 4243 3735 4310 ὀφθαλ-

2181 4334 2276 4405 tt)»:
2296 4333 2648 4400 ὲξετάζοιντο,
2677 4334 2769 4386 τὸν
2790 4332 3289 4410 ᾅνωμβλέποντα,
3317 4333 3734 4406 cavati/ggin

519 4421 700 4486 oculo,
737 4421 829 4489 qui
864 4433 927 4474 ea
959 4432 1080 4488 qua:
1116 4431 1282 4487 supra
1307 4423 1458 4478 sunt,
1492 4415 1715 4484 aspicit,
1762 4417 1856 4486 qui
1893 4423 1976 4471 est
2019 4417 2073 4470 in

2175 4424 2281 4500 τῶν
2306 4424 2472 4477 ὄντων
2502 4408 2836 4500 ἐγκείμενον,
2849 4408 3058 4500 ςτυφλοί
3091 4408 3532 4494 εἰσιν-ἄντικρυς,
3559 4427 3608 4478 oi
3637 4426 3734 4496 τὴν

519 4513 698 4583 capite
726 4525 915 4567 eorum
945 4524 1066 4582 qua:
1092 4523 1219 4564 vere
1247 4519 1403 4580 sunt;
1430 4507 1590 4577 plane
1630 4516 1762 4561 sunt
1800 4509 1951 4573 caeci,
1981 4509 2073 4578 qui

2175 4497 2408 4584 πτέρναν
2440 4515 2643 4568 ἑαυτῶν
2673 4497 3119 4579 καλλωπίζοντες,
3145 4515 3244 4587 τὴν
3279 4518 3733 4586 σπαρασσομένην

519 4619 678 4659 suum
705 4609 902 4656 ornant
930 4599 1263 4662 calcaneum,
1295 4597 1438 4669 quod
1463 4598 1737 4653 laceratur
1757 4613 1787 4652 a
1815 4598 2072 4654 dentibus

2177 4607 2289 4669 τοῖς
2316 4605 2492 4658 ὀδοῦσι
2517 4605 2612 4658 τοῦ
2632 4605 2833 4674 δφεως.
2861 4610 2938 4659 Δι’
2965 4601 3038 4660 ὧν
3058 4607 3165 4678 γάρ
3188 4607 3257 4660 τὰ
3283 4607 3430 4660 κάτω
3459 4605 3731 4677 βλέπουσι.

520 4693 809 4764 serpentis.
863 4689 1151 4760 Propterea
1203 4689 1346 4744 enim
1390 4688 1534 4760 quod
1587 4704 1650 4744 ea
1703 4705 1824 4759 qua:
1860 4689 2070 4746 inferne

2174 4697 2243 4750 τά
2289 4697 2530 4768 δόγματα
2575 4697 2674 4768 τῆς
2729 4699 3000 4768 ἁμαρτίας
3039 4701 3247 4764 ἑαυτοῖς
3289 4683 3732 4772 ἐγχαράσσουσιν.

518 4791 673 4847 sunt,
694 4781 991 4852 aspiciunt,
1025 4779 1130 4835 sibi
1154 4779 1286 4850 ipsis
1317 4780 1634 4850 imprimunt
1661 4779 1912 4850 dogmata
1947 4795 2073 4851 pec-

2183 4802 2201 4834 ι
2251 4783 2308 4836 Ὀ
2338 4784 2446 4854 γὰρ
2471 4783 2703 4852 ἀγαπῶν
2727 4784 2960 4848 ἀδικίαν,
2978 4789 3124 4855 μισεῖ
3139 4787 3236 4858 τὴν
3259 4789 3450 4842 ἑαυτοῦ
3467 4790 3671 4862 ψυχὴν,
3708 4810 3728 4843 ο

517 4875 647 4929 cati.
687 4893 704 4925 ι
741 4871 1022 4938 Qui-enim
1061 4870 1237 4940 diligit
1285 4870 1645 4938 iniquitatem,
1680 4869 1792 4923 odit
1833 4870 2072 4924 animam

2175 4874 2270 4928 καὶ
2301 4873 2362 4926 τὸ
2403 4873 2834 4944 μακαριζόμενον
2879 4875 3056 4929 αὐτῶν
3084 4877 3143 4927 ἐν
3183 4876 3508 4948 ἀνθρώποις,
3545 4879 3729 4947 πάσης

518 4980 671 5020 suam
693 4965 758 5027 ⁷⁸,
796 4984 815 5016 ι
865 4971 920 5018 et
959 4961 1105 5032 quod
1147 4977 1215 5016 ex
1254 4961 1321 5016 iis
1366 4962 1508 5014 inter
1540 4961 1786 5017 homines
1817 4970 2073 5016 censetur

2173 4966 2508 5037 δυσπραγίας
2527 4965 2899 5037 ἐλεεινότερον.
2933 4967 3092 5021 Πόσοι
3130 4966 3186 5020 δέ
3211 4968 3367 5022 πάλιν
3391 4971 3452 5021 ὲκ
3473 4968 3566 5022 τοῦ
3589 4971 3735 5022 έναν·

516 5060 759 5119 beatum,
792 5064 878 5112 est
924 5055 1210 5126 quibusvis
1262 5055 1428 5111 rebus
1477 5055 1724 5111 adversis
1780 5054 2068 5110 miserabi-

2173 5057 2286 5110 τίου
2313 5054 2422 5109 τῶν
2449 5057 2508 5109 tv
2524 5056 2602 5127 τῷ
2645 5055 2768 5126 ὕψει
2806 5058 3029 5125 ἀγώνων
3074 5060 3470 5131 ἐμφορούμενοι
3490 5099 3504 5121 ,
3535 5061 3630 5112 καὶ
3663 5061 3730 5131 τῇ

517 5152 644 5206 lius.
688 5148 859 5216 Quam
892 5149 1046 5202 multi
1094 5155 1274 5202 autem
1313 5164 1504 5203 rursus
1549 5156 1740 5203 contra
1782 5157 1931 5210 sunt.
1977 5148 2071 5216 qui

2179 5148 2379 5220 θεωρίᾳ
2405 5147 2512 5200 τῶν
2534 5147 2698 5210 ὅντως
2723 5148 2888 5201 ὄντων
2916 5150 3398 5219 ἀπασχολάζοντες,
3431 5151 3616 5219 τυφλοί
3649 5169 3732 5204 τι-

512 5245 793 5314 replentur
847 5240 915 5295 iis
947 5256 1066 5310 quae
1121 5249 1249 5295 sunt
1294 5239 1348 5294 in
1399 5241 1507 5293 alto
1555 5242 1966 5304 certaminibus,
2016 5249 2070 5294 et

2178 5254 2265 5301 νες
2305 5240 2362 5290 tv
2407 5241 2519 5300 τοῖς
2558 5238 2759 5303 ύλικοῖς
2785 5241 3102 5311 πράγμασιν
3127 5237 3265 5295 εἶναι
3298 5241 3604 5312 νομίζονται
3639 5244 3733 5295 καὶ

518 5342 800 5390 versantur
828 5335 882 5386 in
917 5347 1105 5388 eorum
1137 5346 1257 5402 qua:
1285 5345 1410 5386 vere
1435 5339 1562 5386 sunt
1591 5332 2066 5402 contemplatione,

514 5426 898 5480 existimantur
932 5430 1112 5476 autem
1169 5420 1296 5475 caaci
1333 5429 1386 5476 et
1421 5420 1640 5475 inutiles
1669 5421 1722 5473 in
1757 5422 1924 5478 rebus
1953 5439 2069 5476 ma-

514 5514 818 5575 terialibus,
847 5513 1063 5584 qualem
1096 5526 1155 5566 se
1177 5511 1443 5582 gloriatur
1472 5526 1594 5567 esse
1623 5511 1849 5574 Paulus,
1877 5511 2068 5569 dicens

513 5621 570 5660 se
597 5622 718 5662 esse
755 5605 980 5659 stultum
1010 5611 1232 5676 propter
1261 5602 1559 5659 Christum.
1592 5601 1724 5674 Ejus
1755 5603 1898 5660 enim
1931 5620 2065 5675 pru-

588 5782 626 5813 τδ
665 5779 807 5835 Psal.
857 5796 913 5846 ι,
953 5781 1007 5836 6.

2175 5327 2420 5396 ἀνόνητοι
2439 5369 2454 5391 ,
2493 5322 2602 5382 οἷον
2629 5329 2724 5384 καί¹
2754 5333 2783 5384 ὁ
2808 5331 3018 5396 Παῦλος
3060 5329 3198 5386 εἶναι
3226 5335 3514 5404 καυχᾶται,
3551 5335 3736 5404 μωρὸν

2176 5418 2362 5470 ἑαυτὸν
2383 5419 2467 5472 διὰ
2489 5420 2579 5472 τὸν
2607 5419 2832 5492 Χριστὸν
2855 5418 2992 5477 εἶναι
3015 5423 3207 5493 λέγων.
3260 5426 3323 5478 Ἦ
3346 5426 3451 5495 γάρ
3475 5427 3736 5495 φρόνησις

2165 5509 2328 5564 αὑτοῦ
2371 5511 2463 5563 καὶ
2496 5512 2528 5581 ἡ
2560 5513 2718 5582 σοφία
2748 5515 2883 5586 πρὸς
2911 5516 3061 5568 οὐδὲν
3090 5517 3196 5569 τῶν
3223 5512 3321 5570 ὧδε
3365 5517 3734 5584 σπουδαζομέ-

2168 5617 2270 5656 νων
2298 5599 2591 5672 ἠσχολεῖτο.
2613 5603 2703 5657 Διὸ
2728 5603 2892 5674 λέγει,
2925 5625 2944 5656 ι
2968 5605 3156 5677 Ἡμεῖς
3185 5607 3355 5679 μωροὶ
3379 5607 3465 5661 διὰ
3488 5605 3577 5659 τὸν
3599 5603 3735 5676 Χρι-
