4044 6538
322 436 443 499 σεδ

1384 444 1449 498 IN
1483 438 2013 500 ECCLESIASTEN.
2047 440 2332 497 HOMILIA
2368 440 2432 495 ν.

3447 436 3557 495 680

315 558 475 612 ttdv'
493 579 509 610 ι
534 555 610 622 ὼς
634 558 700 613 ἂν
719 559 767 613 εί
789 559 991 628 ἔλεγεν·
1012 559 1208 630 ἔΗμείς
1226 558 1411 627 τυφλοὶ
1425 560 1502 631 τῷ
1522 559 1669 613 κάτω
1683 560 1802 632 βίῳ,
1819 559 1896 612 διὰ

2008 554 2191 610 dentia
2240 562 2294 610 et
2357 554 2621 623 sapientia
2680 553 3007 610 versabatur
3060 552 3111 607 in
3168 552 3319 607 nullo
3371 567 3560 611 eorum

316 650 387 703 τὸ
420 648 531 704 άνω
571 650 811 720 βλέπειν,
860 650 952 704 καὶ
986 652 1111 714 τοὺς
1141 649 1450 720 ὀφθαλμοὺς
1489 651 1547 703 ἐν
1584 654 1648 721 τῇ
1689 651 1896 722 κεφαλῇ

319 740 493 813 ἔχειν,
514 742 718 796 Τούτου
740 743 898 812 χάριν
916 742 1142 810 ἀστεγος
1164 737 1231 812 ἦν
1250 744 1344 796 καὶ
1364 740 1687 813 ἀτράπεζος,
1709 743 1894 810 πένης,

230 860 243 871 ο
320 835 793 905 ἀλήτης,γυμνὸς,
813 833 955 904 λιμῷ
972 833 1065 887 καὶ
1079 833 1219 902 δίψει
1246 835 1738 905 κατατρυχόμενος.
1757 834 1895 888 Ἀλλ’

315 928 351 979 ὁ
377 917 530 981 κάτω
558 925 815 989 τοιοῦτος,
845 926 904 977 ἐν
925 928 1037 986 τοῖς
1063 924 1175 979 ἀνω
1197 924 1471 996 σκόπησον
1494 919 1603 987 οἷος
1629 922 1716 997 ἦν.
1752 926 1897 991 Ἕως

314 1020 437 1092 γὰρ
464 1018 649 1091 τρίτου
679 1017 906 1090 ούρανοῦ
936 1017 1170 1087 ὑψωθεὶς
1191 1059 1206 1081 ,
1249 1019 1381 1072 ὅπου
1420 1021 1452 1091 ή
1488 1019 1699 1091 κεφαλὴ
1734 1016 1896 1073 αὐτοῦ

312 1104 417 1180 ἦν,
442 1111 561 1164 ἐκεῖ
580 1111 706 1174 τοὺς
744 1108 1058 1180 ὀφθαλμοὺς
1104 1109 1281 1181 ἔσχεν,
1315 1113 1424 1174 τοῖς
1447 1104 1775 1182 ἀποῤῥήίιοις
1802 1110 1896 1165 τοῦ

317 1201 655 1273 παραδείσου
682 1201 997 1271 μυστηρίοις
1020 1200 1467 1271 Δὲναγαλλόμενος,
1492 1204 1585 1256 καὶ
1609 1200 1677 1256 τά
1694 1202 1898 1256 ἀθέατα

320 1292 565 1362 βλέπων,
614 1290 708 1345 καὶ
740 1290 1023 1361 ἐντρυφῶν
1051 1290 1281 1355 ἐκείνοις
1327 1292 1427 1344 ὅσα
1465 1292 1602 1361 ὑπὲρ
1647 1290 1897 1362 αἴσθησίν

316 1381 444 1435 ἐστι
495 1381 590 1435 καὶ
629 1380 883 1435 διάνοιαν.
938 1380 1048 1434 Καὶ
1096 1379 1180 1444 τίς
1225 1381 1324 1435 οὐκ
1356 1381 1422 1435 ἂν
1471 1380 1699 1434 ἐλεεινὸν
1738 1380 1899 1436 αὑτὸν

314 1472 486 1543 ᾠήθη
508 1513 520 1532 ,
550 1470 833 1542 δεσμώτην
864 1469 1094 1539 βλέπων,
1134 1466 1227 1523 καὶ
1257 1469 1491 1538 πληγαῖς
1533 1468 1894 1540 αἰκιζόμενον,

319 1565 424 1618 καὶ
480 1563 660 1633 βύθιον
704 1564 762 1614 ἐν
808 1561 1052 1632 ναυαγίῳ
1096 1560 1183 1614 διὰ
1233 1560 1501 1628 πελάγους
1538 1562 1649 1624 τοῖς
1692 1560 1897 1631 κύμασι

322 1654 470 1724 μετά
497 1652 605 1706 τῶν
635 1648 848 1722 δεσμῶν
882 1650 1327 1721 συμφερόμενονς
1382 1649 1521 1704 Ἀλλ’
1562 1650 1711 1721 ὅμως
1749 1654 1797 1706 εί
1828 1652 1897 1706 τὰ

320 1746 387 1796 ἐν
419 1742 726 1812 ἀνθρώποις
751 1741 990 1801 τοιαῦτα,
1025 1741 1116 1794 τοῦ
1145 1740 1325 1811 μέντοι
1352 1743 1410 1795 ἐν
1437 1741 1645 1813 κεφαλῇ
1673 1742 1897 1796 διαπαν-

317 1835 418 1898 τδς
446 1836 572 1897 τοὺς
601 1832 908 1902 ὀφθαλμοὺς
929 1831 1072 1902 ἔχειν
1096 1832 1198 1885 ούκ
1221 1833 1510 1903 ἀπετράπη
1530 1832 1721 1902 λέγων·
1756 1853 1776 1884 ι
1800 1833 1897 1897 Τίς

318 1926 475 1995 ἡμᾶς
505 1924 728 1993 χωρίσει
757 1920 865 1975 ἀπὸ
900 1921 998 1991 τῆς
1046 1919 1266 1990 ἀγάπης
1304 1921 1395 1975 τοῦ
1441 1922 1674 1992 Χριστοῦ
1708 1924 1805 1993 τῆς
1835 1924 1894 1975 ἐν
1928 1905 1969 1964 Β

319 2014 551 2085 Χριστῷ
594 2012 800 2083 Ἰησοῦς
834 2012 1042 2081 Θλίψις,
1085 2010 1117 2080 ἢ
1168 2010 1519 2082 στενοχωρία,
1553 2011 1586 2082 ἦ
1620 2011 1888 2082 διωγμὸς,

389 2102 567 2173 λιμὸς,
598 2101 631 2174 ἢ
659 2101 952 2172 γυμνότης,
977 2101 1010 2169 ἢ
1041 2099 1350 2176 κίνδυνος,ῆ
1375 2098 1645 2168 μάχαιρα;
1677 2117 1695 2151 ι
1717 2101 1891 2169 Ὅπερ

317 2193 443 2250 ἶσόν
486 2200 600 2251 ἐστι
633 2194 727 2247 τοῦ
765 2193 963 2261 λέγειν·
994 2191 1089 2253 Τίς
1138 2207 1238 2261 μου
1276 2190 1400 2252 τοὺς
1436 2189 1743 2260 ὀφθαλμοὺς
1789 2192 1898 2245 ἀπὸ
1934 2238 1939 2241 ,

318 2291 429 2359 τῆς
458 2286 695 2358 κεφαλῆς
744 2284 1006 2356 ἐξορύξει,
1053 2283 1145 2336 καὶ
1183 2281 1318 2351 πρὸς
1353 2281 1414 2334 τὸ
1463 2282 1798 2352 πατούμενόν
1838 2300 1898 2336 τε

320 2380 424 2434 καὶ
450 2379 635 2447 γήϊνον
673 2375 997 2446 μεταστήσει
1022 2389 1035 2436 ;
1064 2371 1232 2425 Τοῦτο
1259 2370 1315 2423 δὲ
1346 2374 1438 2424 καὶ
1466 2373 1598 2443 ήμίν
1622 2372 1899 2439 ἐγκελεύε..

318 2485 414 2524 ται
449 2468 510 2520 τὸ
534 2460 652 2520 ἴσον
675 2467 867 2526 ποιεῖν,
897 2464 954 2515 ἐν
979 2461 1056 2533 τῷ
1086 2460 1499 2532 παραγγέλλειν,
1527 2461 1598 2514 τά
1630 2462 1740 2515 ἀνω
1769 2478 1898 2534 φρο-

316 2560 457 2620 νεῖν,
491 2558 627 2627 ὄπερ
669 2554 852 2624 ὅμοιόν
897 2553 1012 2623 ἐστι
1060 2551 1150 2605 τοῦ
1180 2551 1378 2618 λέγειν,
1421 2552 1477 2603 ἐν
1522 2552 1727 2623 κεφαλῇ
1774 2554 1899 2616 τοὺς

317 2648 638 2719 ὀφθαλμοὺς
666 2646 829 2717 ἔχειν.

2000 660 2232 715 quorum
2271 644 2454 698 studio
2496 644 2585 696 hic
2633 652 2904 700 tenemur.
2948 644 3089 699 Dicit
3133 643 3333 713 itaque.
3388 660 3406 694 ι
3451 643 3565 698 Nos

2000 737 2153 791 stulti
2187 744 2404 805 propter
2434 734 2713 791 Christum
2738 736 2810 800 ⁷⁸,
2845 754 2865 786 ι
2902 735 3130 805 perinde
3156 749 3219 789 ac
3253 735 3301 789 si
3330 733 3562 799 diceret,

2000 826 2112 882 Nos
2137 827 2263 882 caeci
2293 827 2349 880 in
2384 826 2453 881 iis
2492 840 2613 895 quae
2645 826 2916 895 pertinent
2956 825 3026 881 ad
3060 826 3222 889 hanc,
3251 841 3371 894 qum
3402 826 3562 879 deor-

2001 932 2120 972 sum
2148 915 2348 985 agitur,
2381 916 2568 975 vitam,
2600 922 2887 985 propterea
2925 916 3070 985 quod
3104 931 3322 971 sursum
3359 917 3563 986 aspici-

2002 1026 2144 1073 mus,
2175 1016 2229 1063 et
2260 1007 2449 1063 oculos
2484 1008 2747 1062 habemus
2790 1007 2843 1061 in
2882 1008 3080 1078 capite.
3130 1007 3241 1063 Hac
3287 1008 3355 1063 de
3394 1023 3563 1062 causa

1998 1110 2115 1157 erat
2158 1101 2275 1156 sine
2320 1108 2465 1155 tecto
2509 1107 2562 1153 et
2597 1114 2805 1160 mensa.
2844 1114 3065 1169 pauper,
3098 1115 3310 1169 errans,
3354 1102 3560 1166 nudus,

1999 1191 2141 1247 fame
2182 1201 2239 1246 et
2277 1191 2367 1247 siti
2406 1192 2677 1246 laborans.
2725 1189 2832 1244 Sed
2882 1191 2975 1260 qui
3007 1190 3061 1244 in
3091 1190 3251 1245 rebus
3283 1206 3404 1259 quae
3431 1199 3561 1246 sunt

1999 1282 2141 1336 infra
2190 1291 2307 1337 erat
2345 1283 2492 1345 talis,
2540 1281 2825 1337 considera
2871 1282 3049 1351 qualis
3088 1290 3205 1336 erat
3252 1281 3308 1336 in
3366 1298 3560 1350 super-

1999 1374 2174 1430 nis".
2204 1364 2308 1428 'Ad
2351 1375 2570 1429 tertium
2622 1375 2767 1429 enim
2822 1389 2996 1444 usque
3042 1374 3239 1428 caelum
3288 1375 3554 1438 sublatus,

2000 1466 2095 1519 ubi
2116 1473 2235 1520 erat
2260 1466 2383 1534 ejus
2417 1473 2601 1535 caput,
2638 1465 2749 1520 illic
2772 1465 3008 1520 habebat
3032 1466 3243 1527 oculos,
3275 1465 3557 1519 exsultans

1998 1557 2053 1610 in
2100 1557 2316 1612 arcanis
2363 1557 2488 1611 cmli
2529 1555 2829 1628 mysteriis,
2881 1563 2934 1611 et
2986 1570 3050 1611 ea
3099 1554 3394 1624 aspiciens,
3437 1570 3559 1626 qua:

1997 1647 2149 1702 cerni
2198 1661 2308 1702 non
2352 1656 2605 1718 possunt.
2634 1655 2688 1702 et
2719 1647 2827 1701 illis
2856 1662 2915 1701 se
2942 1647 3245 1709 oblectans,
3281 1661 3401 1715 quae
3432 1661 3557 1701 sen-

1996 1746 2419 1807 sumsuperant
2469 1746 2527 1793 et
2581 1737 2986 1806 cogitationem.
3032 1735 3169 1801 Quis
3215 1744 3396 1791 autem
3446 1750 3559 1791 non

1997 1828 2370 1884 existimasset
2423 1844 2547 1884 eum
2587 1844 2710 1883 esse
2755 1828 3144 1891 miserabilem,
3191 1844 3314 1882 eum
3361 1827 3555 1883 videns

1997 1920 2051 1974 in
2085 1920 2338 1985 vinculis,
2376 1928 2429 1975 et
2468 1920 2638 1990 plagis
2673 1935 2769 1988 per
2810 1920 3070 1990 probrum
3104 1916 3267 1983 allici,
3318 1928 3372 1973 et
3418 1934 3556 1974 nave

1995 2007 2165 2062 fracta
2196 2025 2319 2064 esse
2373 2009 2428 2063 in
2468 2008 2753 2079 profundis
2797 2007 3056 2065 ﬂuctibus
3102 2010 3295 2072 maris,
3333 2018 3388 2063 et
3427 2023 3554 2062 cum

1996 2098 2231 2155 vinculis
2282 2099 2665 2154 circumferri?
2706 2099 2812 2155 Sed
2853 2108 3033 2154 tamen
3088 2100 3188 2155 etsi
3240 2099 3365 2154 talis
3408 2111 3556 2155 esset

1996 2188 2141 2243 inter
2174 2189 2450 2255 homines,
2482 2204 2591 2244 non
2639 2189 2837 2244 avertit
2873 2196 3055 2243 tamen
3098 2188 3308 2253 oculos,
3342 2189 3554 2258 quomi-

1995 2296 2099 2336 nus
2130 2295 2226 2336 eos
2266 2296 2481 2350 semper
2519 2281 2744 2335 haberet
2772 2280 2831 2335 in
2865 2280 3064 2351 capite,
3097 2279 3327 2335 dicens:
3369 2297 3387 2329 ι
3419 2278 3553 2345 Quis

1996 2386 2096 2425 nos
2126 2372 2402 2441 separabit
2432 2387 2462 2425 a
2496 2372 2766 2425 charitate
2789 2370 3019 2433 Christi,
3045 2385 3166 2440 qua:
3192 2378 3279 2426 est
3313 2370 3366 2424 in
3393 2368 3553 2424 Cbri-
3608 2426 3613 2432 ,

1994 2473 2081 2520 sto
2106 2465 2267 2522 Jesu?
2297 2466 2536 2527 aﬂlictio,
2566 2480 2634 2520 an
2676 2465 2968 2535 angustia?
2990 2480 3061 2519 an
3100 2462 3444 2534 persecutl‘o?
3480 2477 3554 2517 an

2000 2555 2205 2610 fames?
2233 2571 2302 2611 an
2336 2556 2577 2620 nuditas,
2607 2573 2675 2611 an
2714 2556 3035 2626 periculum,
3074 2568 3143 2611 an
3173 2553 3490 2625 gladius"?
3526 2572 3547 2605 ι

1996 2646 2149 2713 Quod
2175 2648 2399 2718 perinde
2425 2654 2508 2702 est
2551 2662 2615 2701 ac
2644 2648 2691 2702 si
2723 2647 2931 2702 diceret
2960 2664 2975 2700 :
3007 2645 3142 2711 Quis
3180 2660 3332 2700 meos
3364 2644 3555 2699 oculos

317 2738 548 2795 eﬁ'odiet
594 2754 623 2791 a
672 2737 873 2806 capite,
913 2742 968 2790 et
1019 2732 1312 2789 transferet
1351 2733 1417 2787 ad
1468 2734 1520 2788 id
1570 2733 1716 2804 quod
1762 2737 2119 2791 conculcatur
2144 2747 2198 2791 et
2235 2748 2319 2793 est
2352 2739 2651 2793 terrestre?
2714 2736 2883 2793 Nobis
2950 2751 3169 2807 quoque
3232 2735 3337 2791 hoc
3395 2734 3555 2805 jubet

320 2833 584 2891 similiter
625 2831 803 2886 facere
843 2831 971 2885 dum
1021 2829 1288 2899 przecipit,
1336 2844 1455 2899 quae
1486 2845 1704 2885 sursum
1752 2841 1882 2887 sunt
1917 2833 2193 2904 sapere",
2234 2835 2385 2904 quod
2425 2833 2660 2905 perinde.
2706 2840 2794 2889 est
2834 2848 2899 2888 ac
2964 2832 3012 2889 si
3065 2832 3296 2896 diceret,
3342 2830 3546 2886 habere

318 2930 517 2987 oculos
545 2929 598 2983 in
621 2928 817 2998 capite.

408 3022 546 3077 Ἀλλ’
564 3022 612 3073 εί
636 3019 1030 3090 μεμαθήκαμεν
1051 3020 1166 3084 πῶς
1190 3022 1292 3074 εἱσι
1310 3020 1404 3085 τε
1430 3020 1593 3090 σοφοῦ
1614 3022 1662 3073 οἱ
1692 3021 1889 3091 ὀφθαλ-

2067 3015 2174 3072 Sed
2215 3015 2261 3071 si
2289 3014 2581 3071 didicimus
2612 3015 3071 3086 quemadmodum
3120 3023 3248 3070 sunt
3279 3016 3554 3087 sapientis

324 3115 421 3186 μοὶ
439 3115 497 3167 ἐν
526 3111 733 3181 κεφαλῇ
770 3110 955 3175 αὑτοῦ,
986 3109 1243 3181 φύγωμεν
1278 3110 1375 3181 τὴν
1408 3110 1736 3182 ἀφροσύνην,
1770 3112 1891 3181 ἥτις

1996 3106 2139 3161 oculi
2186 3106 2241 3159 in
2282 3106 2402 3175 ejus
2444 3108 2644 3177 capite,
2688 3105 2963 3178 fugiamus
2993 3107 3387 3176 insipientiam,
3428 3124 3555 3180 qua

320 3206 515 3267 σκότος
534 3206 644 3267 τοῖς
667 3204 722 3255 ἐν
742 3201 819 3271 τῷ
841 3201 939 3271 βίῳ
959 3200 1130 3271 τούτῳ
1147 3204 1528 3273 πορευομένοις
1545 3202 1768 3270 γίνεται.
1792 3221 1810 3254 ι
1835 3203 1891 3256 '0

318 3295 433 3367 γὰρ
456 3294 667 3364 ἄφρων,
697 3312 713 3343 ι
745 3292 927 3359 φησιν,
955 3309 973 3340 ι
1005 3292 1063 3343 ἐν
1085 3290 1262 3344 σκότει
1289 3290 1594 3362 πορεύεται.
1626 3309 1644 3343 ι
1673 3294 1892 3364 ’Ἄφρων

319 3386 378 3439 δέ
404 3386 539 3447 ἐστι,
578 3381 757 3443 καθὼς
791 3383 822 3450 ἡ
871 3380 1170 3452 προφητεία
1200 3382 1386 3451 φησὶν,
1418 3383 1446 3435 ό
1494 3385 1551 3436 ἐν
1582 3385 1648 3453 τῇ
1699 3384 1892 3456 καρδίᾳ

318 3477 497 3545 λέγων
527 3473 601 3545 μή
628 3468 764 3525 εἶναι
808 3470 959 3532 Θεὸν,
993 3471 1050 3534 ὃς
1089 3470 1351 3542 διεφθάρη
1380 3473 1472 3525 καὶ
1514 3471 1802 3543 ἐϐδελύχθη
1836 3475 1892 3526 ἐν

321 3561 769 3634 ἐπιτηδεύμασιν.
812 3560 875 3612 Ἠ
894 3560 949 3613 δὲ
975 3558 1263 3613 ἀκολουθία
1288 3560 1381 3613 τοῦ
1403 3560 1558 3630 λόγου
1583 3561 1889 3633 θεραπεύει,

318 3655 411 3710 διὰ
458 3654 565 3707 τῶν
615 3650 812 3721 ἐφεξῆς
843 3650 1167 3720 είρημένων,
1203 3652 1328 3712 τοὺς
1368 3651 1712 3723 μικροψύχως
1764 3654 1894 3724 περὶ

321 3742 421 3812 τὴν
451 3738 595 3810 ζωὴν
618 3737 821 3807 ταύτην
842 3736 1228 3806 διακειμένους·
1267 3732 1347 3802 οἷς
1374 3739 1605 3809 χαλεπόν
1633 3759 1685 3795 τι
1714 3743 1775 3795 τὸ
1799 3741 1891 3796 τοῦ

324 3832 564 3885 θανάτου
595 3829 872 3895 νομίζεται
902 3869 913 3889 .
947 3828 1042 3881 καὶ
1075 3828 1164 3881 διά
1190 3829 1344 3882 τοῦτο
1389 3831 1576 3903 κέρδος
1627 3834 1776 3887 οὐδὲν
1797 3834 1890 3888 τοῦ

324 3925 447 3978 κατ’
481 3921 680 3997 ἀρετὴν
710 3921 824 3990 βίου
855 3922 966 3983 τοῖς
990 3918 1088 3990 τὴν
1114 3920 1447 3993 ὑψηλοτέραν
1480 3924 1721 3993 μετιοῦσι
1749 3925 1892 3997 ζωὴν

325 4012 467 4072 εἶναι
498 4015 875 4069 πεπίστευται·
925 4013 1007 4065 ὅτι
1036 4013 1365 4083 ἀμφοτέροις
1391 4015 1525 4086 πρὸς
1564 4016 1624 4070 τὸ
1641 4018 1770 4071 αὐτὸ
1794 4019 1892 4072 πέ-

329 4125 432 4179 ρας
453 4109 487 4177 ὴ
518 4106 631 4177 ζωὴ
661 4103 977 4171 καταλήγει·
1008 4104 1100 4156 καὶ
1130 4104 1230 4156 οὐκ
1276 4103 1422 4158 ἔστιν
1462 4108 1764 4176 ἀποφυγεῖν
1798 4108 1889 4162 τοῦ

324 4199 558 4252 θανάτου
581 4237 596 4260 ,
631 4196 679 4247 εἰ
724 4194 798 4265 μὴ
836 4192 925 4245 διὰ
966 4193 1064 4270 τῆς
1101 4193 1446 4265 ἀστειοτέρας
1489 4196 1891 4270 κατορθωθῆναι

325 4291 493 4360 ζωῆς.
536 4287 645 4350 Τὰς
664 4282 756 4338 οὖν
781 4266 1350 4367 τοιαύταςιάντιθέσεις
1375 4286 1451 4350 ὡς
1479 4286 1538 4352 ἐξ
1570 4266 1697 4341 ίδίου
1723 4266 1892 4362 προσ-

322 4390 476 4436 ωπου
505 4377 841 4448 ποιούμενος,
868 4376 1026 4429 πάλιν
1048 4375 1383 4431 καθάπτεται
1407 4377 1505 4448 τῆς
1531 4379 1757 4445 ἀτοπίας
1783 4383 1892 4435 τῶν

1996 3206 2082 3253 est
2116 3198 2352 3253 tenebra:
2384 3198 2475 3260 iis,
2502 3198 2595 3267 qui
2638 3198 2693 3252 in
2726 3200 2828 3252 hac
2867 3197 2976 3251 vita
3010 3197 3309 3253 ambulant.
3346 3218 3365 3251 ι
3404 3200 3554 3255 Stul-

2001 3296 2089 3345 tus
2123 3290 2290 3353 enim,
2331 3309 2349 3342 ι
2385 3291 2581 3359 inquit,
2627 3308 2644 3342 ι
2677 3291 2920 3345 ambulat
2957 3291 3012 3345 in
3055 3292 3318 3349 tenebris.
3354 3311 3374 3345 ι
3413 3293 3551 3350 Ιιιείο

1994 3379 2152 3449 piens
2178 3387 2355 3435 autem
2385 3388 2490 3443 est,
2523 3388 2582 3434 ut
2609 3379 2741 3434 dicit
2768 3380 3051 3450 prophetia
3074 3381 3139 3444 ",
3168 3380 3263 3451 qui
3297 3381 3352 3435 in
3388 3382 3552 3439 cordo

1995 3486 2096 3526 suo
2128 3470 2262 3526 dicit
2291 3485 2401 3524 non
2444 3486 2566 3525 esse
2600 3470 2789 3532 Deum,
2815 3470 2908 3540 qui
2940 3478 3236 3540 corruptus
3267 3479 3323 3526 et
3346 3472 3554 3527 abomi-

1996 3560 2209 3617 nandus
2239 3561 2412 3617 evasit
2440 3561 2497 3615 in
2525 3561 2641 3616 suis
2662 3560 2881 3620 studiis.
2908 3560 3064 3627 Quod
3096 3569 3279 3617 autem
3303 3563 3556 3633 sequitur

1995 3652 2050 3706 in
2108 3661 2364 3707 contextu
2406 3650 2705 3715 orationis,
2755 3652 2823 3708 iis
2873 3651 3122 3706 medetur
3162 3668 3259 3722 per
3319 3668 3382 3708 ea
3430 3669 3554 3724 qua!

1994 3739 2251 3811 deinceps
2297 3741 2442 3795 dicta
2482 3748 2630 3805 sunt,
2656 3740 2753 3809 qui
2786 3739 2855 3794 ad
2901 3740 3043 3795 hanc
3074 3740 3241 3795 vitam
3288 3748 3420 3797 sunt
3450 3758 3552 3813 pu-

1996 3833 2104 3888 silli
2132 3841 2185 3886 et
2214 3832 2411 3901 abjecti
2457 3832 2647 3896 animi,
2674 3832 2767 3902 qui
2794 3839 3025 3887 mortem
3072 3847 3235 3902 grave
3264 3833 3468 3903 aliquid
3495 3844 3552 3888 et

1995 3924 2241 3978 terribile
2285 3924 2628 3985 existimant,
2662 3931 2717 3978 et
2749 3923 2874 3978 ideo
2908 3924 2977 3978 iis
3002 3924 3098 3993 qui
3126 3940 3195 3979 ex
3228 3924 3431 3980 virtute
3475 3927 3555 3979 vi-

1994 4016 2170 4071 vendo
2194 4017 2357 4070 vitam
2390 4022 2795 4085 persequuntur
2820 4015 3215 4080 sublimiorem,
3245 4016 3383 4071 nihil
3411 4017 3550 4072 lucri

1994 4107 2223 4161 credunt
2248 4105 2533 4175 accedere,
2551 4108 2814 4177 quoniam
2846 4106 2899 4159 in
2923 4107 3172 4166 eumdem
3195 4106 3355 4162 ﬁnem
3379 4108 3551 4162 utris-

1993 4216 2099 4270 que
2135 4200 2249 4255 vita
2288 4198 2492 4255 desinit
2514 4241 2529 4265 ,
2560 4215 2738 4270 neque
2773 4209 3004 4255 mortem
3040 4198 3197 4255 nobis
3227 4215 3290 4254 ex
3334 4215 3399 4255 eo
3426 4200 3553 4256 licet

1994 4288 2249 4361 effugere,
2279 4290 2424 4361 quod
2456 4289 2618 4343 vitam
2643 4304 2869 4359 agamus
2897 4290 3199 4345 meliorem.
3237 4289 3397 4347 Tales
3418 4306 3551 4362 ergo

1999 4380 2208 4436 faciens
2239 4381 2604 4450 objectiones,
2647 4388 2909 4450 tanquam
2949 4395 3015 4436 ex
3044 4381 3263 4451 propria
3288 4396 3549 4451 persona,

324 4474 709 4544 προφερόντων
751 4476 953 4535 ἐκεῖνα,
988 4473 1061 4545 ὡς
1093 4474 1502 4538 ἀνεπισκέπτως
1542 4477 1771 4546 ἐχόντων
1793 4479 1892 4549 τῆς

1996 4488 2187 4529 rursus
2244 4472 2543 4528 insectatur
2594 4472 2987 4527 absurditatem
3055 4486 3244 4527 eorum
3305 4472 3400 4541 qui
3456 4473 3549 4527 illa

321 4562 434 4615 τῶν
459 4562 625 4615 ὄντων
654 4562 885 4633 φύσεως,
906 4562 999 4614 καὶ
1014 4561 1253 4615 διδάσκει
1281 4563 1379 4631 τὴν
1399 4563 1681 4635 διαφορὰν,
1707 4568 1765 4621 ἐν
1789 4567 1895 4621 τίνι

1996 4564 2277 4635 objiciunt,
2327 4573 2388 4619 ut
2417 4565 2509 4635 qui
2550 4564 2773 4618 minime
2801 4563 3151 4619 considerent
3181 4578 3393 4629 eorum,
3429 4579 3551 4635 quas

321 4654 388 4707 τὸ
413 4654 577 4707 πλέον
611 4654 722 4725 ἔχει
770 4657 803 4726 ὴ
838 4656 1005 4726 ἀρετὴ
1038 4656 1137 4725 τῆς
1174 4656 1388 4721 κακίας·
1430 4658 1503 4722 ὡς
1536 4660 1656 4730 οὐχὶ
1683 4661 1770 4716 διὰ
1800 4664 1897 4733 τῆς

324 4743 422 4798 τοῦ
470 4744 702 4797 θανάτου
755 4747 1062 4815 κοινότητος
1102 4746 1390 4817 όμοτιμίας
1435 4749 1579 4813 τινὸς
1615 4751 1675 4803 ἐν
1717 4754 1898 4817 αὐτοῖς

325 4832 709 4905 ἐλπιζομένης,
746 4832 879 4885 ἁλλά
915 4832 1001 4885 διὰ
1028 4833 1135 4885 τῶν
1162 4835 1242 4896 εἰς
1272 4834 1495 4907 ὕστερον
1526 4837 1897 4909 ἀναμενόντων

325 4919 510 4971 καλῶν
551 4919 585 4987 ἢ
622 4918 803 4972 κακῶν
851 4919 947 4988 τῆς
988 4918 1249 4988 διαφορᾶς
1288 4923 1707 4995 εὐρισκομένης.
1734 4926 1886 4997 Ἔχει

322 5006 382 5060 δέ
403 5009 439 5078 ή
468 5007 613 5071 λέξις
635 5008 732 5077 τῆς
757 5006 1081 5069 ἀντιθέσεως
1104 5005 1275 5069 οὕτως
1297 5024 1309 5036 ·
1342 5026 1359 5059 ι
1405 5008 1615 5078 Ἔγνων
1659 5013 1769 5082 ἐγὼ
1807 5017 1888 5070 ὅτι.

328 5097 647 5166 συνάντημα
683 5096 740 5148 ἓν
766 5096 1154 5164 συναντήσεται
1200 5099 1312 5161 tot;
1352 5100 1513 5152 πᾶσιν
1548 5101 1750 5168 αὐτοῖς.
1788 5105 1891 5161 Καὶ

328 5182 462 5241 ιῐπα
503 5186 615 5255 ἐγὼ
651 5188 709 5240 ὲν
746 5189 812 5258 τῇ
845 5186 1040 5258 καρδίᾳ
1083 5205 1183 5259 μου
1208 5229 1222 5253 ,
1253 5190 1329 5255 ὼς
1369 5193 1688 5268 Συνάντημα
1731 5200 1893 5272 ἄφρο·

325 5294 418 5341 νος
445 5277 539 5331 καί
560 5295 622 5346 γε
644 5276 767 5347 ἐμοὶ
794 5278 1196 5349 συναντήσεται.
1224 5280 1332 5355 Καί
1360 5281 1447 5335 ἵνα
1471 5283 1525 5337 τί
1556 5285 1894 5361 ὲσοφισάμην

327 5369 439 5437 ἐγὼ
488 5369 774 5439 περισσόν;
826 5367 1061 5440 ἐλάλησα
1106 5371 1165 5422 ἐν
1193 5373 1258 5441 τῇ
1306 5373 1500 5445 καρδίᾳ
1541 5394 1662 5446 μου,
1711 5379 1900 5436 διότιὸ

327 5461 518 5531 ἄφρων
563 5462 627 5513 ἐκ
677 5459 1113 5531 περισσεύματος
1160 5461 1341 5523 λαλεῖ,
1388 5464 1469 5517 ὅτι
1530 5468 1623 5522 καί
1652 5486 1715 5536 γε
1746 5472 1900 5526 τοῦτο

333 5550 645 5621 ματαιότης.
679 5549 800 5601 Ὀτι
835 5550 933 5602 οὐκ
974 5550 1119 5602 ἔστιν
1150 5553 1182 5620 ή
1220 5553 1405 5623 μνήμη
1446 5555 1539 5607 τοῦ
1574 5559 1736 5625 σοφοῦ
1765 5563 1902 5632 μετά

328 5639 422 5695 τοῦ
463 5640 694 5711 ἄφρονος
740 5641 819 5703 εἰς
852 5640 1043 5694 αἰῶνα·
1094 5641 1214 5694 καθ’
1246 5643 1326 5697 ὅτι
1379 5644 1475 5715 ήδη
1518 5648 1573 5701 αἱ
1608 5651 1810 5724 ἡμέραι
1843 5657 1899 5709 αί

398 5751 501 5805 ⁴⁷⁵1
576 5752 703 5807 (ἷοιδ
764 5768 836 5819 ιν,

330 5819 359 5881 ί
391 5837 512 5893 sqq.

1993 4667 2141 4720 sunt,
2186 4664 2439 4711 naturam
2476 4675 2489 4709 :
2521 4664 2575 4710 et
2606 4655 2767 4710 docet
2817 4655 3200 4719 diﬂerentiam,
3231 4664 3286 4713 et
3317 4658 3370 4711 in
3415 4674 3553 4728 quo-

1995 4762 2117 4802 nam
2147 4748 2219 4802 sit
2240 4748 2413 4803 virtus
2440 4748 2573 4803 vitio
2604 4748 2854 4818 superior
2882 4766 2895 4802 :
2932 4763 3125 4818 nempe
3144 4748 3290 4818 quod
3316 4765 3423 4804 non
3455 4765 3552 4820 per

1996 4843 2192 4898 mortis
2240 4842 2687 4897 communitatem
2748 4842 2994 4913 quadam
3052 4844 3106 4897 in
3157 4843 3240 4899 eis
3301 4851 3553 4914 speretur

1994 4930 2276 4999 aequalitas
2316 4949 2330 4983 :
2369 4928 2463 4984 sed
2511 4944 2606 4999 per
2665 4930 2808 4985 bona
2865 4930 2948 4984 vel
3005 4931 3147 4984 mala
3189 4947 3312 5000 qua:
3361 4940 3549 5001 postea

1994 5028 2417 5091 exspectantur,
2473 5021 2783 5075 inveniatur
2832 5020 3157 5077 differentia.
3219 5021 3310 5077 Sic
3369 5032 3551 5077 autem

1997 5114 2159 5170 habet
2188 5124 2478 5169 contextus
2502 5114 2855 5184 objectionis:
2886 5133 2903 5165 ι
2932 5114 3067 5170 Novi
3105 5130 3205 5187 ego
3235 5114 3382 5186 quod
3407 5132 3554 5170 unus

1996 5214 2224 5261 eventus
2248 5212 2499 5260 occurret
2525 5207 2799 5262 omnibus.
2836 5208 2922 5261 Η.
2952 5207 3017 5261 Ει
3045 5208 3153 5263 dixi
3177 5223 3277 5279 ego
3309 5209 3361 5261 in
3385 5208 3554 5262 cordo

2000 5314 2121 5353 meo
2163 5317 2177 5353 :
2220 5299 2378 5353 Stulti
2432 5309 2661 5358 eventus
2713 5302 2842 5355 mihi
2894 5317 3109 5371 quoque
3150 5303 3384 5358 eveniet.
3439 5304 3551 5357 Cur

1996 5403 2127 5457 ergo
2164 5386 2425 5457 majorem
2450 5400 2673 5457 operam
2689 5386 2813 5442 dedi
2835 5390 3253 5459 sapientiaeHS.
3305 5393 3552 5450 Locutus

1999 5490 2117 5530 smn
2177 5476 2231 5529 in
2284 5476 2449 5531 corde
2506 5492 2649 5542 meo,
2693 5488 2977 5550 propterea
3030 5482 3177 5550 quod
3232 5484 3435 5539 stultus
3480 5500 3551 5540 ex

1998 5566 2330 5621 abundantia
2397 5568 2675 5638 loquitur:
2733 5569 2847 5625 Hoc
2898 5586 3117 5642 quoque
3170 5583 3257 5629 est
3312 5577 3548 5632 vanitas.

1999 5658 2086 5713 l6.
2120 5656 2235 5713 Non
2264 5668 2347 5714 est
2366 5662 2623 5717 memoria
2654 5662 2919 5732 sapientis
2955 5676 3077 5718 cum
3107 5667 3272 5720 stulto
3314 5666 3366 5722 in
3388 5676 3557 5721 aeter-

888 5751 975 5807 10.
1056 5753 1101 5785 ⁷⁸
1138 5752 1176 5806 ll
1234 5753 1359 5811 Cor.
1424 5772 1519 5825 xu,
1568 5762 1603 5816 2
1656 5780 1775 5836 sqq.
1853 5769 1895 5800 ⁷⁷

1996 5784 2093 5825 om.
2160 5786 2277 5836 rm,
2342 5772 2428 5827 35.
2505 5774 2549 5806 "
2587 5774 2801 5831 Coloss.
2856 5790 2936 5841 ιιι,
2998 5776 3049 5828 l.
3126 5777 3172 5810 "
3213 5778 3356 5833 l’sal.
3422 5793 3555 5851 ιιιι,
