3986 6480
213 365 315 422 689

1240 373 1301 427 IN
1344 373 1874 433 ECCLESIASTEN.
1920 379 2201 435 HOMILIA
2238 383 2295 436 V.

3338 390 3445 446 θθθ

207 482 298 536 τοῦ
327 479 506 535 δοῦναι
550 482 627 554 τῷ
666 485 857 555 ἀγαθῷ
882 486 986 558 πρὸ
1026 488 1315 559 προσώπου
1360 489 1453 543 τοῦ
1504 490 1638 543 Θεοῦ
1661 508 1672 521 ’
1699 492 1779 544 ὅτι

1883 505 2199 566 congreget,
2234 496 2406 552 utdel
2449 498 2497 554 ei
2546 498 2637 567 qui
2688 507 2772 554 est
2808 501 2987 555 bonus
3039 501 3093 554 in
3142 516 3440 573 conspectu

210 571 318 626 Καί
338 588 401 641 γε
433 572 589 627 τοῦτο
615 576 906 644 ματαιότης
938 577 1030 629 καὶ
1058 578 1373 651 προαίρεσις
1399 580 1724 651 πνεύματος.
1755 603 1773 634 ι

220 664 285 716 Ἦ
313 664 410 734 μέν
442 660 535 718 οὖν
577 665 781 720 διάνοια
811 666 917 721 τῶν
956 669 1153 740 ἐφεξῆς
1183 672 1600 743 γεγραμμένων,
1629 675 1776 747 καὶὴ

209 754 348 809 κατά
372 755 433 807 τὸ
449 755 737 811 ἀκόλουθον
766 759 1093 830 προθεωρία,
1121 760 1259 833 αὕτη
1294 763 1439 817 ἐστίν
1482 764 1547 835 ἥν
1577 764 1643 817 δι’
1671 766 1779 818 ὀλί-

209 863 322 913 γων
353 845 447 899 νῦν
477 848 849 919 παρεθέμεθα.
878 851 1081 921 Καιρὸς
1110 852 1155 904 δ’
1176 851 1241 905 ἂν
1268 853 1352 924 εἴη
1388 855 1548 908 πάλὶν
1579 858 1779 911 ἐπαναο

208 938 389 991 λαϐεῖν
406 939 504 1011 τὴν
532 941 695 1007 λέξιν,
736 942 831 996 καὶ
856 946 1233 1016 προσαρμόσαι
1255 947 1319 999 δι’
1353 948 1635 1018 ἀκριϐείας
1668 954 1779 1012 τοῖς

213 1032 394 1099 ῥητοῖς
417 1032 483 1084 τά
511 1033 775 1103 νοήματα.
824 1034 933 1087 Καὶ
965 1034 1135 1102 ἔγνων
1166 1038 1257 1090 καί
1290 1054 1352 1106 γε
1387 1038 1513 1106 ἐγὼ,
1536 1042 1616 1093 ὅτι
1654 1058 1780 1095 συν-

208 1123 428 1193 άντημα
469 1122 526 1175 ἐν
557 1127 944 1196 συναντήσεται
976 1130 1087 1192 τοῖς
1112 1130 1277 1184 πᾶσιν
1314 1132 1512 1199 αὐτοῖς,
1536 1134 1628 1187 καὶ
1651 1132 1779 1188 εἶπα

208 1213 321 1282 ἐγὼ
342 1215 418 1279 ὠς
443 1216 758 1288 συνάντημα
786 1217 882 1271 τοῦ
914 1218 1144 1292 ἄφρονος
1164 1223 1256 1276 καί
1284 1241 1348 1293 γε
1370 1226 1492 1295 ἐμοὶ
1519 1230 1779 1298 συναντή-

210 1322 381 1368 σεται,
408 1308 500 1360 καὶ
543 1308 628 1361 ἵνα
658 1309 710 1361 τί
744 1311 1122 1382 ἐσοφισάμην;
1159 1314 1328 1368 Τοῦτο
1357 1316 1418 1368 δέ
1454 1318 1597 1370 ἐστιν
1628 1319 1767 1388 ήάνυ

208 1396 408 1461 τίθεσις
452 1399 518 1470 ἢν
565 1399 726 1465 αὐτὸς
773 1402 949 1473 ἐαυτῷ
992 1405 1330 1477 ἀντιτίθησι,
1372 1407 1579 1476 λέγων·
1609 1410 1669 1463 Ei
1718 1412 1778 1465 ἓν

210 1489 356 1540 ἐστιν
402 1491 487 1541 ἐπ’
519 1490 838 1562 ἀμφοτέρων
867 1493 1019 1548 τοῦτο
1060 1495 1289 1550 θανάτου
1321 1498 1650 1570 συνάντημα,
1682 1500 1779 1554 καὶ

210 1577 308 1629 ούκ
347 1578 639 1649 ἐξαιρεῖται
684 1582 784 1650 τῆς
814 1582 910 1635 τοῦ
960 1584 1188 1639 θανάτου
1242 1589 1580 1660 μετουσίαςή
1610 1592 1775 1662 ἀρετὴ

210 1669 298 1721 τὸν
320 1672 378 1722 ἐν
404 1671 565 1742 σοφίᾳ
598 1674 1001 1743 γενόμενον,είς
1033 1679 1207 1748 μάτην
1234 1698 1321 1749 μοι
1350 1682 1571 1750 γέγονεν
1593 1686 1624 1754 ή
1650 1686 1777 1755 περὶ

210 1760 308 1830 τὴν
332 1764 524 1831 σοφίαν
550 1764 770 1835 σπουδή.
804 1764 861 1817 Ἠ
888 1766 945 1819 δὲ
974 1768 1108 1840 πρὸς
1130 1769 1193 1821 τὰ
1216 1772 1478 1841 εἰρημένα
1506 1774 1597 1827 τοῦ
1622 1776 1777 1843 λόγου

1881 586 1997 642 Dei.
2033 586 2099 640 Et
2122 588 2225 642 hoc
2248 604 2467 657 quoque
2510 598 2593 645 cst
2631 592 2844 647 vanitas
2886 602 2941 646 et
2980 594 3285 648 voluntaria
3330 598 3442 651 ele-

1880 681 1988 734 ctio
2022 680 2271 749 Spiritus.
2304 699 2321 732 ι
2356 679 2451 735 Est
2493 695 2622 751 ergo
2672 682 2761 737 hic
2813 698 3010 739 sensus
3066 698 3260 738 eorum
3322 702 3442 754 qua;

1879 767 2137 838 deinceps
2168 770 2374 840 scripta
2408 779 2559 837 sunt,
2592 780 2645 826 et
2671 771 2785 828 hac
2810 784 2895 829 est
2931 791 3049 842 qum
3088 782 3172 829 est
3203 792 3267 829 ex
3309 792 3442 830 con-

1880 860 2163 927 sequentia
2202 858 2576 928 prazmittenda
2608 864 3020 932 contemplatio,
3050 880 3215 935 quam
3254 867 3442 936 paucis

1880 962 2026 1000 nunc
2075 947 2428 1003 adduximus.
2469 948 2713 1019 Tempus
2746 958 2932 1005 autem
2986 964 3069 1008 est
3106 970 3251 1008 nunc
3289 972 3442 1024 repe-

1877 1038 2031 1093 tendi
2076 1047 2419 1100 contcxtum,
2482 1048 2536 1093 et
2562 1041 2746 1096 verbis
2792 1045 3240 1098 accommodandi
3275 1061 3438 1099 accu-

1878 1137 1995 1181 rate
2036 1129 2389 1183 sententiam.
2418 1128 2553 1185 Novi
2584 1144 2684 1200 ego
2719 1134 2865 1201 quod
2913 1149 3057 1188 unus
3092 1144 3322 1189 eventus
3349 1152 3443 1190 oc-

1878 1225 2064 1272 curret
2095 1202 2375 1284 omnibus,
2436 1227 2490 1274 et
2529 1221 2643 1275 dixi
2689 1237 2790 1292 ego
2820 1222 2970 1293 quod
3020 1224 3173 1278 stulti
3218 1235 3443 1281 eventus

1877 1308 2011 1361 mihi
2043 1324 2263 1378 quoque
2302 1318 2577 1365 occurret.
2619 1310 2733 1365 Cur
2768 1312 2959 1382 itaque
3000 1312 3263 1379 majorem
3311 1330 3443 1385 ope-

1878 1414 1995 1453 ram
2021 1400 2143 1454 dedi
2177 1401 2493 1471 sapientiae?
2524 1402 2649 1458 Hazc
2668 1412 2751 1458 est
2787 1410 2969 1458 autem
3005 1404 3247 1473 objectio
3279 1422 3442 1477 quam

1878 1491 1995 1561 ipse
2026 1492 2127 1546 sibi
2162 1493 2373 1562 objicit,
2405 1494 2598 1550 dicens
2624 1514 2637 1549 :
2660 1494 2716 1547 Si
2753 1496 2899 1549 inest
2924 1496 2977 1549 in
3004 1496 3255 1566 utrisque
3278 1513 3442 1553 even-

1877 1590 1966 1636 tus
1998 1585 2211 1648 mortis,
2260 1601 2362 1639 nec
2390 1587 2563 1642 virtus
2592 1601 2716 1640 eum
2747 1587 2841 1656 qui
2893 1589 3068 1643 evasit
3115 1593 3355 1657 sapiens,
3414 1606 3443 1643 a

1879 1680 2054 1728 morte
2078 1676 2286 1739 eximit,
2333 1674 2540 1731 frustra
2596 1692 2771 1731 meam
2809 1679 3073 1732 collocavi
3129 1694 3347 1747 operam
3392 1681 3441 1731 in

1879 1763 2063 1818 studio
2122 1766 2423 1835 sapicnliae.
2477 1766 2943 1832 Quemadmodum
2993 1778 3178 1823 autem
3229 1770 3297 1824 iis
3327 1786 3445 1839 quae

219 1853 523 1923 ἀπάντησις
570 1855 725 1920 ποία;
768 1855 940 1923 Ἐγὼ,
970 1859 1137 1928 φησὶ,
1164 1860 1321 1913 τοῦτο
1355 1865 1610 1934 περισσὸν
1650 1866 1776 1919 ἐλά-

1882 1853 2021 1909 dicta
2055 1864 2201 1923 sunt,
2253 1860 2496 1913 occurrit
2524 1861 2739 1913 oratio?
2771 1860 2908 1932 Ego,
2940 1862 3140 1931 inquit,
3197 1862 3300 1915 hoc
3352 1876 3444 1915 su-

209 1940 348 2011 λησα
385 1942 443 1994 ἐν
466 1945 531 2013 τῇ
558 1944 753 2015 καρδίᾳ
785 1963 906 2015 μου,
936 1946 1017 1998 ὅτι
1040 1947 1225 2017 ἄφρων
1258 1952 1322 2003 ἐκ
1344 1953 1774 2023 περισσεύματος

206 2029 380 2090 λαλεῖ.
416 2039 525 2091 Καὶ
568 2039 649 2092 ὅτι
696 2057 758 2108 γε
794 2042 952 2094 τοῦτο
984 2045 1301 2115 ματαιότης.
1352 2048 1472 2100 Ὅτι
1514 2050 1612 2102 ούκ
1659 2050 1774 2103 ἐστι

208 2127 398 2211 μνήμη
427 2129 519 2181 τοῦ
553 2129 717 2199 σοφοῦ
748 2132 885 2201 μετὰ
910 2134 1002 2185 τοῦ
1030 2134 1258 2204 ἄφρονος
1278 2139 1357 2199 είς
1379 2140 1566 2194 αἰῶνα.
1589 2142 1774 2194 Κατα-

205 2218 463 2285 γινὼσκει
506 2221 720 2291 γὰρηώς
774 2227 1041 2295 περιττῶς
1086 2245 1143 2279 τε
1194 2232 1286 2282 καὶ
1332 2230 1636 2294 ἀκολούθως
1677 2235 1774 2301 τῆς

204 2306 529 2373 ἀντιθέσεως
563 2311 763 2382 ταύτης
794 2315 1191 2386 ἐπενεχθείσης,
1227 2320 1320 2372 καὶ
1349 2320 1554 2390 ἄφρονα
1580 2322 1775 2391 ὀνομά·

205 2394 288 2460 ζει
326 2398 417 2451 τὸν
443 2400 616 2467 λόγον,
655 2402 713 2465 ὃς
741 2404 861 2473 οὐχὶ
902 2404 1010 2458 τῶν
1057 2406 1332 2460 ἀποθέτων
1361 2410 1525 2471 ἐστὶν,
1548 2410 1665 2462 οὐδὲ
1690 2410 1775 2462 ἐν·

202 2490 357 2542 δοθεν
400 2493 465 2544 ἐκ
493 2493 605 2546 τῶν
633 2496 872 2565 ταμείων
902 2498 999 2567 τῆς
1030 2500 1219 2566 σοφίας
1256 2502 1641 2572 προσφέρεται,
1662 2502 1775 2555 ἀλλ’

204 2577 394 2649 ῶσπερ
411 2598 463 2632 τι
485 2583 801 2654 περίττωμα
829 2586 924 2657 τῆς
952 2587 1187 2651 διανοίας
1214 2589 1380 2652 ἐστὶν,
1416 2591 1588 2661 ἀφροῦ
1622 2592 1776 2661 δίκην

204 2672 632 2741 ἀποπτυόμενος.
663 2676 883 2745 Ἄφρων
907 2678 1014 2748 γάρ
1041 2679 1104 2731 ἐκ
1142 2680 1574 2751 περισσεύματος
1608 2682 1775 2736 λαλεῖ.

205 2762 281 2814 Τὸ
320 2762 377 2814 δὲ
410 2764 579 2829 οὕτως
622 2767 854 2837 χρῆσθαι
889 2768 967 2838 τῷ
1012 2768 1171 2839 λόγῳ,
1206 2771 1431 2840 μάταιόν
1464 2788 1523 2825 τε
1558 2775 1648 2826 καὶ
1696 2776 1777 2838 είς

202 2852 356 2906 οὐδὲν
404 2854 562 2908 πλέον
606 2858 756 2923 ἐστὶ,
793 2859 930 2929 πρὸς
965 2860 1114 2913 οὐδὲν
1148 2862 1330 2933 ἕτερον
1374 2863 1469 2915 τοῦ
1498 2864 1653 2932 λόγου
1680 2866 1777 2935 τὴν

205 2947 444 3017 σπουδὴν
465 2948 697 3018 ἔχοντος,
735 2951 767 3021 ἢ
794 2954 979 3004 πεῖσαι
1015 2953 1089 3024 μὴ
1114 2954 1180 3007 τὰ
1219 2956 1513 3025 φαινόμενα
1537 2956 1773 3025 βλέπειν.

217 3038 317 3090 Ἐκ
341 3040 449 3091 τῶν
479 3042 768 3111 ὁρωμένων
799 3044 907 3115 γὰρ
928 3048 1159 3098 ποιεῖται
1190 3047 1217 3097 0
1236 3047 1529 3113 ἀντιλέγων
1552 3047 1647 3118 τὴν
1673 3047 1778 3118 μά-

202 3147 310 3200 χην
334 3147 346 3159 ·
370 3131 462 3183 καὶ
494 3132 602 3203 γὰρ
632 3135 660 3187 0
712 3134 936 3199 θάνατος
976 3136 1083 3189 τῶν
1128 3139 1464 3208 φαινομένων
1508 3140 1670 3192 ἐστίν.
1714 3140 1777 3192 Τί

202 3222 405 3292 δήποτε
424 3223 629 3291 λέγων;
654 3227 765 3280 Ούκ
792 3228 851 3281 ἐν
870 3228 1044 3299 τούτῳ
1080 3230 1174 3283 τοῦ
1203 3232 1455 3302 ἐναρέτου
1481 3249 1538 3284 τε
1570 3235 1662 3286 ml
1685 3232 1778 3286 τοῦ

204 3319 451 3389 πονηροῦ
484 3320 598 3390 βίου
636 3323 669 3393 ἠ
715 3322 895 3394 κρίσις
929 3322 1171 3392 γίνεται,
1203 3324 1278 3387 ὼς
1329 3324 1445 3377 δέον
1494 3323 1650 3393 μόνον
1690 3324 1781 3376 τὸν

205 3410 447 3481 πονηρὸν
474 3412 722 3466 τεθνάναι
755 3413 832 3485 τῷ
866 3413 1107 3485 σώματι’
1140 3415 1228 3468 τὸν
1270 3415 1327 3468 δὲ
1368 3414 1567 3482 ἀγαθὸν
1602 3415 1781 3484 μένειν

203 3501 304 3554 τοῦ
335 3505 645 3573 σωματικοῦ
667 3505 893 3561 θανάτου
914 3508 1262 3579 ἀπείραστον,
1285 3508 1384 3563 οὐκ
1413 3507 1566 3571 εἰδὼς
1593 3511 1650 3561 ἐν
1676 3508 1781 3561 τίνι

203 3594 327 3646 ἐστὶ
352 3594 456 3664 τῆς
493 3596 695 3666 ἀρετῆς
713 3596 773 3650 τὸ
798 3598 1082 3661 ἀθάνατον,
1116 3600 1209 3653 καὶ
1245 3600 1329 3663 τίς
1372 3600 1481 3652 τῶν
1518 3603 1575 3653 ἐν
1612 3604 1781 3670 κακίᾳ

204 3683 431 3747 ζώντων
459 3688 487 3738 0
532 3686 779 3750 θάνατος.
809 3688 1000 3757 Σοφοῦ,
1034 3690 1216 3759 φησὶν,
1251 3691 1284 3760 ἡ
1330 3694 1515 3761 μνήμη
1561 3690 1784 3743 διαπανο

204 3777 300 3838 τὸς
325 3775 416 3846 ζῇ,
448 3779 542 3830 καὶ
578 3779 739 3832 παντὶ
772 3778 850 3849 τῷ
888 3780 1043 3834 αἰῶνι
1086 3781 1594 3851 συμπαρατείνεται·
1633 3783 1709 3853 τῷ
1727 3784 1783 3836 δὲ

202 3869 406 3938 ἄφρονι
452 3870 823 3942 ἐναπεσὸέσθη
864 3872 958 3924 καὶ
984 3872 1046 3925 τὸ
1094 3873 1451 3942 μνημόσυνον.
1498 3874 1633 3944 Περὶ
1677 3873 1785 3944 γὰρ

203 3959 319 4011 τῶν
350 3959 610 4013 τοιούτων
689 3962 823 4032 φησὶ⁹
839 3963 931 4016 καὶ
957 3961 1269 4032 Προφήτης,
1299 3959 1379 4010 ὅτι
1412 3962 1683 4016 Ἀπώλετο
1726 3964 1785 4017 τὸ

207 4050 563 4119 μνημόσυνον
606 4052 782 4106 αὐτῶν
835 4053 1145 4124 περιφανῶς
1185 4053 1280 4107 καὶ
1325 4052 1577 4125 εὐδήλως.
1616 4053 1787 4108 Τοῦτο

203 4140 322 4211 γὰρ
356 4144 390 4212 ὴ
420 4144 552 4212 ἦχον
599 4145 883 4215 προσθήκη
934 4144 1282 4198 ἐνδείκνυται.
1327 4145 1439 4197 Ούκ
1483 4145 1628 4198 ἐστιν
1669 4142 1784 4208 οὖν,

204 4230 369 4299 φησι,
398 4232 586 4301 μνήμη
612 4232 705 4285 τοῦ
735 4233 897 4303 σοφοῦ
919 4232 1056 4303 μετὰ
1086 4232 1180 4285 τοῦ
1209 4233 1438 4304 ἄφρονος
1471 4236 1550 4296 είς
1579 4234 1749 4287 αἰῶνα
1768 4252 1780 4264 ·

199 4316 351 4368 ἀλλά
375 4316 470 4369 τοῦ
498 4318 595 4386 μὲν
625 4319 787 4387 σοφοῦ
819 4322 851 4391 ἡ
879 4320 991 4390 ζωὴ
1007 4318 1296 4382 διαιωνίζει
1325 4320 1410 4373 διά
1428 4320 1523 4389 τῆς
1548 4323 1782 4391 μνήμης·

196 4404 299 4456 τὸν
332 4403 389 4456 δὲ
431 4406 640 4475 ἄφρονα
687 4406 986 4477 διαδέχεται
1026 4407 1182 4478 λήθη.
1223 4409 1310 4460 Ἐν
1344 4408 1451 4479 γὰρ
1481 4410 1599 4471 ταῖς
1636 4411 1789 4478 ἐρχοο

199 4493 674 4582 μέναιςμήμέραις
700 4492 769 4547 τὰ
797 4494 975 4548 πάντα
1001 4495 1093 4548 τοῦ
1130 4495 1360 4565 ἄφρονος
1392 4498 1451 4548 ἐν
1487 4494 1622 4567 λήθῃ
1644 4495 1784 4562 γίνε-
1814 4526 1858 4582 D

192 4596 296 4631 ται
326 4596 342 4608 ⁸
370 4577 542 4643 οὕτως
565 4580 653 4633 ἀεὶ
677 4579 850 4650 λέγων
869 4584 947 4648 τῷ
965 4582 1169 4655 ῥήματι
1198 4582 1317 4635 καθ’
1345 4583 1427 4633 ὅτι
1448 4582 1547 4653 ήδη
1569 4584 1623 4634 αἱ
1647 4582 1783 4652 ήμέ-

199 4687 299 4740 pa:
327 4669 639 4740 ἐρχόμεναι,
677 4672 748 4725 τὰ
776 4673 953 4727 πάντα
975 4674 1268 4746 ἐπελήσθη.

276 4850 350 4902 Εἰ
383 4844 477 4901 οὖν
505 4851 534 4901 0
565 4850 664 4921 μὲν
692 4852 851 4920 σοφὸς
884 4852 1037 4921 ζητεῖ
1068 4854 1278 4922 σοφίαν,
1322 4856 1352 4907 0
1393 4855 1452 4908 δὲ
1491 4854 1679 4927 ἄφρων
1705 4854 1782 4926 τῷ

191 4939 433 5008 θανάτῳ
467 4940 562 5009 τῆς
589 4940 757 5011 λήθης
784 4942 1135 5013 ἐνηφανίσθη,
1160 4944 1297 5008 πῶς,
1323 4946 1476 5015 φησὶ,
1504 4946 1680 5014 λέγεις
1700 4949 1781 5001 ὃτι

187 5031 569 5085 ἀποθανεῖται
600 5035 627 5085 0
665 5032 825 5100 σοφὸς
868 5034 1002 5102 μετὰ
1036 5034 1128 5086 τοῦ
1159 5037 1389 5107 ἄφρονος
1420 5054 1434 5102 ;
1488 5038 1586 5090 Διά
1632 5039 1786 5092 τοῦτο

186 5129 320 5189 τοῖς
375 5123 520 5178 κατά
566 5125 663 5194 τὴν
699 5125 843 5196 ζωὴν
884 5127 1086 5197 ταύτην
1135 5129 1588 5200 ἐσπουδασμένοις
1637 5130 1785 5201 αὺτῷ

184 5214 506 5284 ἀλγύνεται
540 5215 633 5267 καὶ
664 5215 1069 5285 ἐπαισχύνεται,
1100 5218 1193 5270 καὶ
1224 5220 1400 5287 μισεῖν
1432 5218 1577 5287 λέγει
1610 5222 1786 5275 πάντα

183 5310 305 5361 ὅσα
336 5304 494 5374 αύτῷ
520 5305 653 5375 πρὸς
682 5307 778 5378 τὴν
802 5306 942 5378 ζωὴν
969 5306 1169 5377 ταύτην
1200 5309 1580 5375 ἐσπούδασται,
1605 5313 1807 5383 ὅμοιον-

184 5401 445 5467 πάσχων
475 5394 662 5467 ὥσπερ
696 5397 762 5450 ἂν
793 5397 846 5450 εἴ
872 5416 953 5462 τις
988 5402 1426 5471 φαρμακωμὲνου
1453 5404 1665 5473 μέλιτος
1692 5408 1786 5460 ἀν-

182 5489 379 5551 αιδῶς
403 5489 736 5558 ἐμφορηθεὶς
766 5491 829 5543 ἐκ
856 5490 1206 5562 λαιμαργίας,
1235 5487 1352 5548 εἶτα
1385 5496 1464 5558 εἰς
1489 5498 1657 5567 χυμὸν
1686 5500 1786 5552 αύ-

1877 1961 2273 2014 pervacaneum
2314 1948 2423 2002 dixi
2463 1950 2517 2003 in
2552 1951 2718 2007 corde
2752 1968 2874 2008 meo
2904 1971 2917 2006 :
2952 1954 3154 2008 stultus
3181 1969 3246 2007 ex
3264 1967 3445 2019 super-

1876 2037 2213 2091 abundantia
2251 2039 2512 2109 loquitur.
2558 2040 2669 2096 lloc
2707 2057 2924 2112 quoque
2954 2050 3039 2098 est
3066 2042 3297 2096 vanitas.
3327 2040 3441 2094 Non

1876 2134 1959 2179 est
2014 2128 2277 2181 memoria
2328 2130 2601 2197 sapientis
2655 2146 2779 2184 cum
2839 2133 3005 2187 stulto
3058 2133 3112 2186 in
3158 2142 3437 2187 aeternum.

1876 2214 2109 2269 Damnat
2141 2216 2284 2270 enim
2312 2218 2449 2272 hanc
2481 2219 2872 2288 objectionem,
2932 2230 2989 2274 ut
3035 2236 3441 2290 supervacanee

1876 2313 1930 2360 et
1954 2321 2061 2359 non
2101 2317 2505 2378 consequenter
2537 2310 2771 2376 illatam,
2829 2318 2883 2365 et
2927 2326 3249 2367 sermonem
3282 2322 3440 2367 vocat

1877 2396 2245 2464 insipientem,
2280 2398 2375 2468 qui
2406 2415 2519 2454 non
2548 2409 2632 2455 est
2656 2417 2723 2456 ex
2769 2400 3092 2468 reconditis,
3129 2417 3306 2472 neque
3346 2418 3440 2457 ex—

1874 2490 2145 2559 promitur
2171 2491 2488 2546 exiuternis
2529 2493 2817 2562 sapientia:
2855 2494 3155 2562 penuariis,
3199 2494 3294 2549 sed
3352 2503 3437 2550 est

1877 2584 2078 2638 mentis
2109 2583 2281 2637 veluti
2322 2584 2601 2654 quoddam
2644 2593 3083 2649 excrementum,
3125 2594 3184 2639 ut
3214 2587 3307 2656 qui
3358 2586 3441 2639 in-

1876 2684 1991 2731 star
2020 2691 2225 2745 spuma:
2253 2686 2541 2747 expuatur.
2590 2675 2812 2732 Stultus
2840 2677 2987 2732 enim
3006 2692 3071 2731 ex
3102 2678 3441 2748 superabun-

1878 2767 2064 2821 dantia
2092 2767 2351 2836 loquitur.
2377 2767 2470 2823 Sic
2488 2776 2672 2823 autem
2697 2767 2775 2821 uti
2801 2783 3080 2834 sermone,
3106 2784 3305 2823 vanum
3329 2778 3434 2832 est,

1877 2868 1931 2915 et
1957 2859 2089 2912 nihil
2116 2858 2269 2913 all‘ert
2301 2860 2599 2924 commodi,
2626 2876 2751 2914 cum
2785 2861 2905 2930 ejus
2936 2876 3045 2915 non
3073 2862 3143 2916 sit
3168 2861 3319 2916 aliud
3354 2864 3439 2915 in-

1880 2952 2133 3004 stitutum
2193 2951 2249 3003 in
2290 2951 2394 3005 hoc
2434 2952 2597 3015 libro,
2640 2966 2802 3020 quam
2852 2960 2912 3005 ut
2952 2951 3280 3021 persuadeat
3331 2966 3440 3007 non

1880 3043 2079 3097 intueri
2109 3057 2172 3097 ea
2208 3058 2328 3112 quae
2351 3050 2633 3112 apparent.
2666 3042 2803 3096 Nam
2827 3045 2922 3113 qui
2953 3043 3443 3109 coutradicit,con-

1885 3133 2055 3188 tendit
2080 3148 2146 3188 ex
2176 3133 2245 3188 iis
2269 3147 2390 3203 qua:
2420 3133 2671 3188 videntur
2700 3152 2715 3188 :
2751 3149 2821 3188 ex
2853 3134 2920 3188 iis
2947 3135 3091 3189 enim
3113 3149 3233 3204 quae.
3256 3134 3442 3189 viden-

1885 3231 1974 3278 tur
1998 3231 2083 3278 est
2115 3239 2283 3278 mors.
2312 3222 2582 3289 Quidnam
2606 3232 2790 3278 autem
2820 3223 2954 3278 dicit
2974 3225 3011 3278 ?-
3041 3223 3205 3279 Bonae
3228 3233 3283 3280 et
3322 3240 3442 3281 sce-

1880 3314 2061 3370 leratae
2105 3317 2226 3369 vita:
2260 3329 2368 3369 non
2398 3315 2453 3368 in
2495 3316 2596 3369 hoc
2633 3323 2717 3369 est
2754 3314 3045 3383 judicium,
3087 3316 3247 3385 quasi
3279 3330 3442 3385 opor-

1881 3413 2019 3460 teret
2055 3405 2345 3460 scelestum
2380 3404 2556 3459 solum
2590 3407 2726 3459 mori
2751 3406 3239 3474 corporezbonum
3263 3413 3444 3461 autem

1881 3511 2109 3551 manere
2136 3506 2411 3566 expertem
2442 3496 2635 3550 mortis
2664 3498 2913 3566 corporis
2933 3537 2950 3564 ,
3001 3505 3062 3551 ut
3100 3497 3192 3567 qui
3231 3497 3445 3552 nesciat

1883 3588 1940 3642 in
1977 3601 2213 3657 quonam
2244 3586 2320 3641 sit
2362 3586 2587 3640 virtutis
2637 3586 3049 3651 immortalitas,
3105 3598 3159 3643 et
3202 3603 3447 3658 quaenam

1884 3679 1957 3735 sit
1986 3694 2136 3733 mors
2162 3693 2350 3733 eorum
2374 3677 2471 3747 qui
2504 3677 2699 3731 vivunt
2725 3678 2778 3731 in
2810 3678 2959 3733 vitio.
3005 3678 3140 3733 Nam
3187 3681 3449 3751 sapientis

1884 3770 2127 3840 quidem,
2165 3770 2367 3839 inquit,
2404 3769 2667 3823 memoria
2720 3770 2854 3823 vivit
2900 3769 2955 3823 in
3003 3779 3346 3840 perpetuum,
3392 3779 3450 3825 et

1886 3860 2047 3915 simul
2068 3875 2190 3915 cum
2231 3874 2346 3913 aevo
2375 3859 2629 3913 universo
2685 3858 2999 3915 extenditur
3050 3881 3062 3915 :
3104 3878 3227 3915 cum
3280 3864 3449 3916 stulto

1886 3961 2069 4006 autem
2127 3952 2499 4021 exstinguitur
2548 3953 2669 4022 ejus
2718 3953 3003 4007 memoria.
3066 3953 3141 4007 De
3181 3953 3449 4023 ejusmodi

1886 4043 2032 4099 enim
2078 4042 2392 4097 hominibus
2426 4045 2502 4095 ait
2554 4044 2719 4098 etiam
2773 4041 3090 4112 Propheta:
3129 4042 3298 4099 Periit
3335 4060 3449 4100 me-

1886 4133 2058 4189 moria
2086 4148 2276 4188 eorum
2312 4133 2460 4189 clare
2492 4147 2556 4187 ac
2606 4131 2920 4189 manifeste.
2968 4134 3102 4189 Soni
3157 4136 3301 4191 enim
3346 4135 3449 4190 hoc

1886 4224 2096 4280 indicat
2124 4224 2384 4295 adjectio.
2438 4223 2559 4279 Non
2587 4236 2671 4281 est
2720 4240 2881 4296 ergo,
2921 4226 3118 4297 inquit,
3189 4228 3461 4281 memoria-

1888 4316 2154 4385 sapientis
2211 4332 2337 4371 cum
2377 4318 2550 4371 stulto
2599 4318 2655 4371 in
2699 4324 2967 4372 aeternum
2998 4336 3011 4371 :
3044 4318 3138 4373 sed
3184 4318 3451 4388 sapientis

1889 4405 2106 4477 quidem
2155 4406 2266 4461 vita
2324 4406 2378 4461 in
2422 4414 2688 4461 aeternum
2732 4417 2917 4463 manet
2952 4422 3050 4477 per
3093 4409 3443 4463 memoriam:

1890 4498 2114 4554 stultum
2143 4504 2324 4550 autem
2348 4496 2552 4566 excipit
2572 4494 2791 4551 oblivio.
2820 4496 2878 4552 In
2903 4498 3241 4555 venientibus
3295 4497 3441 4550 enim

1888 4585 2085 4640 diebus
2098 4600 2433 4655 quaecunque
2452 4591 2583 4639 sunt
2600 4585 2775 4649 stulti,
2791 4587 3117 4640 mandantur
3137 4586 3399 4640 oblivioni
3429 4606 3441 4640 :

1897 4677 2004 4731 hoc
2034 4676 2202 4731 verbo
2243 4676 2407 4730 veluti
2440 4675 2654 4743 dicens,
2686 4676 2831 4746 quod
2858 4686 2914 4730 ut
2945 4677 3061 4746 jam
3091 4676 3208 4732 dies
3226 4679 3447 4733 venien-

1886 4780 1991 4837 tes,
2027 4771 2282 4826 mandata
2308 4781 2437 4826 sunt
2470 4774 2654 4825 omnia
2686 4773 2968 4827 oblivioni.

1962 4861 2020 4913 Si
2060 4874 2191 4930 ergo
2230 4860 2453 4929 sapiens
2483 4860 2702 4929 quidem
2729 4863 2931 4929 quaerit
2960 4861 3451 4932 sapientiam,stul~

1889 4957 1979 5005 tus
2005 4958 2186 5003 autem
2222 4949 2432 5003 deletur
2458 4957 2634 5004 morte
2682 4950 2994 5015 oblivionis,
3033 4951 3324 5021 quomodo,
3367 4955 3453 5007 in-

1892 5040 2033 5110 quit,
2061 5039 2202 5093 dicis
2228 5040 2557 5092 moriturum
2585 5054 2706 5094 esse
2736 5040 3037 5109 sapientem
3082 5056 3206 5095 cum
3241 5041 3450 5097 stulto?

1891 5132 1959 5187 Et
1987 5132 2111 5186 ideo
2135 5133 2265 5185 dicit
2295 5146 2353 5185 se
2396 5131 2578 5186 dolere
2609 5139 2663 5185 et
2683 5133 3008 5188 erubescere
3036 5143 3262 5203 propter
3303 5149 3364 5187 ea
3394 5135 3451 5188 in

1890 5241 2011 5294 qua:
2036 5240 2192 5278 suum
2227 5222 2469 5277 studium
2498 5227 2681 5292 posuit
2716 5225 2771 5277 in
2808 5224 2911 5278 hae
2935 5226 3089 5291 vita,,
3131 5234 3185 5280 et
3216 5224 3349 5279 dicit
3388 5240 3448 5280 se

1893 5317 2078 5371 odisse
2114 5315 2297 5369 omnia
2328 5329 2561 5384 quorum
2582 5314 2699 5384 ipse
2728 5313 2784 5368 in
2807 5315 2911 5369 hac
2940 5315 3047 5368 vita
3080 5314 3262 5369 studio
3294 5321 3447 5367 tene-

1892 5409 2078 5471 batur,
2138 5415 2202 5462 υι
2249 5406 2338 5461 cui
2382 5408 2702 5462 usuvenirct
2748 5406 2990 5475 perinde,
3040 5413 3201 5475 atque
3246 5405 3295 5459 ei
3353 5405 3449 5474 qui

1893 5498 2290 5553 medicamento
2314 5496 2472 5550 melle
2498 5495 2718 5567 perfuso
2744 5512 2853 5564 pra:
2870 5495 3107 5565 ingluvie
3129 5492 3445 5565 impruden-

178 5582 276 5652 τῷ
307 5580 557 5650 πονηρὸν
578 5581 674 5651 τῆς
704 5581 937 5651 λιχνείας
962 5584 1413 5657 μεταϐληθείσης,
1437 5589 1494 5641 ἐν
1512 5588 1591 5659 τῷ
1614 5591 1780 5661 ἐμέτῳ

1898 5601 1981 5647 ter
2008 5590 2285 5660 impletus,
2304 5588 2498 5643 deinde
2539 5588 2595 5641 in
2623 5588 2824 5641 malum
2862 5601 3110 5655 saporem
3150 5586 3199 5639 ei
3238 5594 3447 5639 mutata

175 5674 370 5731 λάϐοι
418 5670 517 5725 τοῦ
564 5673 1007 5745 ἀνακεκραμένον
1062 5677 1352 5748 φαρμάκου
1396 5680 1493 5750 τὴν
1543 5682 1780 5753 αῖσθησιι

1898 5683 2204 5743 dulcedine,
2254 5682 2307 5734 in
2334 5680 2603 5735 vomendo
2652 5678 2883 5748 accipiat
2926 5692 3148 5732 sensum
3204 5676 3448 5745 permisti

178 5768 294 5824 τοῦ
340 5766 815 5838 συνεκπτυομένου
847 5768 981 5839 μετὰ
1012 5771 1104 5825 τοῦ
1131 5771 1365 5842 μέλιτος
1414 5776 1502 5829 καὶ
1530 5775 1615 5829 διὰ
1636 5776 1789 5831 τοῦτο

1900 5777 2298 5843 medicamenti,
2327 5772 2485 5846 quod.
2505 5773 2666 5829 simul
2696 5788 2817 5827 cmn
2860 5771 3016 5825 melle
3055 5771 3310 5840 expuitur
3340 5788 3353 5823 :
3393 5782 3477 5831 es,
