4044 6468
1759 387 1816 442 S.
1856 385 2183 444 GREGORII
2218 383 2553 442 NYSSSENI

3686 385 3791 442 6.3

571 501 693 556 ideo
712 506 932 568 propter
946 495 1213 551 amaroris
1243 466 1561 551 miamoriam
1584 496 1689 552 mel
1728 497 1908 553 oderit
1944 517 1957 553 :
1986 514 2113 569 quo-

2230 499 2294 567 τῇ
2328 497 2515 569 μνήμῃ
2544 495 2644 566 τῆς
2672 491 2862 566 άηδίας
2892 494 3064 564 μισῶν
3095 495 3155 548 τὺ
3188 495 3308 565 μέλι
3339 512 3354 526 ο
3394 495 3475 548 ὅτι
3504 494 3791 569 πλησμονὴ

571 594 717 649 niam
747 589 971 647 satietas
1008 601 1105 656 per
1135 587 1594 643 medicamentum
1627 590 1895 645 subvertit
1926 598 2130 647 stoma-

570 683 753 734 chum.
783 678 894 732 Hac
923 677 991 731 de
1025 688 1213 740 causa,
1243 692 1365 732 cum
1388 694 1494 733 non
1526 694 1701 748 usque
1734 679 1801 733 ad
1825 680 2133 735 satietatem

568 787 629 828 ee
660 772 713 823 in
748 770 812 823 iis
831 768 1125 837 implesset,
1152 784 1273 839 quae
1289 768 1497 824 faciunt
1528 770 1596 824 ad
1626 769 1874 835 delicias,
1897 787 2127 841 quarum

569 859 755 918 studio
782 858 1073 914 tenebatur
1109 859 1166 912 in
1202 859 1411 913 vomitu
1450 858 1841 923 confessionis,
1867 868 2125 929 tanquam

568 953 807 1021 aliquam
854 954 1049 1006 veneni
1101 950 1489 1014 calamitatem,
1538 966 1727 1006 eorum
1781 968 1901 1022 quae
1945 961 2129 1023 egerat

570 1045 827 1113 probrum
862 1058 928 1099 ac
957 1043 1195 1099 dedecus
1242 1041 1370 1097 odio
1414 1042 1624 1099 habens
1671 1053 1724 1098 et
1764 1044 2123 1108 abominaris,

567 1136 766 1188 clamat
810 1148 869 1189 se
922 1133 1068 1187 illam
1098 1133 1283 1189 odisse
1325 1132 1515 1197 vitam,
1560 1133 1639 1188 sic
1674 1133 1862 1187 dicens
1891 1133 1958 1186 ad
2001 1149 2125 1188 ver-

567 1226 693 1281 bum
726 1243 740 1279 :
775 1243 794 1277 ι
832 1226 897 1279 Et
949 1225 1077 1279 odio
1113 1225 1278 1279 habui
1308 1226 1496 1289 vitam,
1528 1223 1654 1296 quia
1697 1226 1898 1279 malum
1935 1224 2127 1280 adver-

565 1331 686 1372 sum
713 1331 798 1372 me
825 1323 928 1380 est,
952 1331 1090 1386 opus
1112 1318 1259 1386 quod
1297 1315 1499 1370 factum
1536 1324 1621 1371 est
1651 1318 1754 1371 sub
1788 1317 1920 1373 sole.
1946 1336 1965 1370 D
2008 1317 2126 1374 Non

567 1407 736 1471 enim,
758 1408 952 1477 inquit,
984 1408 1076 1462 ulli
1104 1408 1217 1471 alii,
1247 1406 1343 1463 sed
1371 1407 1619 1477 mihiipsi
1641 1407 2127 1483 fuimaiusiisquaa

564 1499 667 1555 feci
703 1500 806 1554 sub
831 1500 964 1555 sole.
996 1498 1123 1552 Mihi
1151 1497 1296 1552 enim
1316 1497 1453 1552 nihil
1481 1506 1592 1552 stat
1621 1513 1811 1552 eorum
1833 1514 1954 1568 quae
1980 1498 2123 1554 facta

564 1599 693 1646 sunt
720 1606 735 1643 :
766 1590 861 1645 sed
886 1589 1070 1658 opinio
1097 1595 1253 1643 erant
1275 1589 1460 1642 omnia
1488 1588 1543 1642 in
1571 1604 1691 1658 qua:
1719 1590 1958 1644 studium
1992 1605 2128 1644 con-

562 1680 824 1745 ferebam,
870 1688 925 1735 et
951 1682 1183 1748 impetus
1238 1679 1395 1734 liberi
1448 1680 1662 1733 arbitrii
1711 1689 1767 1735 et
1814 1681 2121 1736 electionis.

544 1766 758 1831 'Omnia
783 1773 927 1829 enim
948 1772 1161 1825 vanitas
1195 1778 1252 1829 et
1298 1770 1610 1826 voluntaria
1638 1770 1834 1826 electio
1870 1772 2119 1840 spiritus.

2228 586 2315 639 διά
2364 585 2458 638 τοῦ
2510 586 2799 658 φαρμάκου
2855 586 2953 657 τὴν
3003 586 3313 657 ἀνατροπὴν
3345 587 3788 657 κατειργάσατο.

2228 676 2426 730 Τούτου
2482 677 2640 747 χάριν
2667 716 2681 741 ,
2727 678 2787 730 οὐ
2851 676 3010 748 μέχρι
3064 676 3224 747 κόρου
3259 676 3366 729 τῶν
3412 676 3548 747 πρὸς
3577 677 3789 746 τρυφὴν

2230 765 2674 838 σπουδαζομένων
2694 768 2883 821 ἐαυτὸν
2906 768 3189 837 ἐμπλήσας
3212 768 3270 820 ἐν
3388 767 3487 836 τῆς
3510 766 3793 835 ἐξαγορεύ-

2229 876 2365 923 σεως
2394 859 2596 930 ἐμέτῳ,
2628 858 2876 930 καθάπερ
2902 859 3044 923 τινὸς
3061 859 3381 931 δηλητηρίου
3412 858 3668 929 ποιότητα
3687 862 3795 934 τὴν

2227 950 2322 1003 ἐπὶ
2373 952 2486 1012 τοῖς
2526 949 2930 1019 πεπραγμένοις
2965 948 3224 1018 αίσχύνην
3253 947 3559 1019 σικχανθείς
3589 966 3650 1002 τε
3694 951 3791 1003 καὶ

2229 1039 2611 1111 βδελυξάμενος
2634 1078 2649 1103 ,
2697 1040 2871 1109 μισεῖν
2918 1037 3017 1109 βοᾷ
3047 1038 3146 1109 τὴν
3189 1037 3331 1107 ζωὴν
3352 1040 3565 1111 ἐκείνην
3613 1039 3795 1108 λέγων

2223 1137 2425 1191 οὑτωσὶ
2448 1136 2588 1190 κατὰ
2619 1135 2719 1206 τὴν
2748 1134 2912 1199 λέξιν,
2934 1134 3015 1186 ὅτι
3045 1151 3064 1185 ι
3087 1133 3197 1187 Kal.
3220 1132 3458 1203 ἐμίσησα
3488 1134 3589 1204 τὴν
3617 1133 3786 1205 ζωὴν,

2226 1230 2307 1283 ὅτι
2344 1227 2575 1299 πονηρὸν
2604 1228 2690 1280 ἐπ’
2724 1226 2823 1297 ἐμὲ
2849 1225 2912 1278 τδ
2948 1225 3158 1297 ποίημα
3186 1226 3247 1279 τὺ
3283 1226 3648 1296 πεποιημένον
3681 1228 3791 1280 ὑπὸ

2224 1319 2316 1371 τὸν
2356 1318 2526 1389 ἥλιον.
2568 1335 2586 1368 ι
2624 1318 2700 1370 Ob
2733 1316 2841 1393 7&9
2883 1315 3028 1388 άλλῳ
3056 1318 3184 1379 τινὶ,
3220 1318 3402 1387 φησιν,
3432 1318 3544 1370 ἀλλ’
3566 1318 3789 1390 ἐμαυτῷ

2224 1412 2421 1481 γέγονα
2446 1408 2698 1480 πονηρὸς,
2722 1404 2803 1471 οἷς
2832 1408 3062 1477 ἐποίησα
3090 1407 3195 1461 ὑπὸ
3224 1406 3313 1460 τὸν
3344 1407 3516 1477 ἥλιον.
3551 1409 3791 1479 Ἔστηκε

2225 1502 2333 1572 γάρ
2366 1517 2454 1572 μοι
2484 1499 2593 1552 τῶν
2622 1496 2926 1568 γενομένων
2951 1496 3103 1550 οὐδέν
3122 1515 3137 1528 ο
3174 1496 3287 1551 ἀλλ’
3313 1498 3487 1567 οίησις
3508 1493 3576 1568 ἦν
3609 1500 3791 1553 πάντα

2222 1592 2293 1645 τά
2336 1588 2741 1660 σπουδαζόμενα
2765 1629 2779 1653 ,
2831 1588 2924 1641 καὶ
2953 1588 3097 1659 ὁρμὴ
3135 1588 3525 1659 προαιρέσεως.
3559 1589 3638 1642 Τὰ
3675 1590 3793 1662 γὰρ

2223 1686 2399 1738 πάντα
2432 1682 2757 1755 ματαιότης,
2803 1682 2897 1734 καὶ
2930 1681 3246 1752 προαίρεσις
3277 1681 3602 1750 πνεύματος,
3630 1683 3795 1752 φησί.

2223 1777 2333 1831 Καὶ
2364 1775 2519 1838 ἄλλος
2547 1774 2693 1843 λέγει
2728 1774 2916 1844 μίσους
2959 1772 3117 1837 ἀξίαν
3154 1768 3291 1826 εἶναι
3323 1772 3420 1843 τὴν
3470 1767 3571 1827 ὧδε
3606 1789 3794 1826 σπου-

562 1863 758 1932 inquit.
784 1861 850 1915 Et
875 1863 1012 1915 alter
1038 1861 1171 1916 dicit
1203 1861 1332 1916 odio
1359 1876 1481 1917 esse
1505 1861 1730 1933 dignum
1752 1862 1896 1931 quod
1923 1862 1977 1916 in
2006 1862 2113 1917 haec

2223 1865 2338 1937 δὴν,
2375 1867 2457 1919 ὅτι
2488 1865 2562 1935 μὴ
2595 1862 2769 1933 ἐαυτῷ
2807 1878 2913 1927 τις,
2950 1862 3085 1915 ἀλλὰ
3128 1861 3205 1931 τῷ
3248 1862 3365 1932 μεθ’
3394 1863 3582 1916 ἐαυτὸν
3611 1865 3793 1928 πονεῖ,

556 1952 839 2015 confertur
861 1954 1122 2021 studium,
1162 1955 1307 2029 quod
1347 1954 1617 2027 quispiam
1650 1968 1757 2007 non
1794 1952 1924 2019 sibi,
1951 1952 2047 2008 sed
2070 1954 2120 2009 ei

558 2045 655 2113 qui
678 2057 803 2117 post
825 2060 884 2100 se
916 2043 1135 2105 futurus
1155 2052 1259 2108 est,
1289 2044 1499 2098 laborat
1533 2042 1900 2113 quodcunque
1932 2044 1986 2097 in
2019 2043 2121 2099 hac

559 2143 672 2194 vita
702 2137 814 2192 acri
844 2137 1025 2193 studio
1056 2135 1317 2203 eﬂecerit,
1339 2137 1578 2201 navalia,
1624 2145 1838 2212 portus,
1890 2137 2119 2205 praecla-

558 2245 650 2287 ras
670 2245 733 2285 ac
762 2229 1077 2304 magniﬁcas
1106 2231 1640 2305 propugnaculorum
1667 2238 1720 2286 et
1757 2229 2115 2285 aediﬁciorum

557 2326 890 2385 structuras,
914 2321 1204 2391 vestibula,
1232 2322 1372 2376 atria
1397 2328 1451 2377 et
1479 2331 1678 2389 turres,
1703 2321 1960 2394 pulchras
1993 2334 2121 2392 por-

558 2412 721 2477 ticus,
755 2413 927 2470 moles
955 2420 1327 2487 assurgentes,
1364 2421 1421 2468 et
1455 2414 1549 2487 qui
1583 2412 1641 2470 in
1684 2412 1914 2469 colenda
1972 2422 2119 2467 terra

556 2502 941 2579 suscipiuntur
962 2503 1199 2568 labores,
1241 2518 1403 2559 omne
1434 2519 1607 2575 genus
1644 2517 1889 2570 nemora,
1924 2513 2114 2579 prata-

564 2610 673 2670 que
702 2595 1097 2661 ammnissima,
1144 2603 1200 2650 et
1232 2596 1436 2659 vineta,
1478 2612 1599 2669 qua:
1646 2594 1933 2651 latitudine
1992 2600 2121 2651 sunt

558 2688 737 2747 instar
774 2689 964 2751 maris,
1021 2695 1076 2742 et
1111 2688 1158 2742 si
1212 2688 1342 2762 quid
1375 2689 1522 2745 aliud
1578 2688 1850 2757 ejusmodi
1907 2686 2121 2748 laborat

555 2777 872 2855 quicunque
911 2775 1259 2841 laboraverit,
1307 2776 1510 2835 fruitur
1540 2784 1719 2831 autem
1770 2775 1864 2846 qui
1900 2784 2023 2845 post
2052 2774 2118 2829 il-

556 2867 670 2929 lum
695 2867 862 2927 vitam
891 2867 1024 2939 agit.

627 2955 898 3013 Incertum
930 2963 1015 3012 est
1043 2963 1228 3010 autem
1269 2969 1400 3013 num
1436 2954 1552 3008 vitii
1598 2953 1884 3008 materiam
1924 2953 2114 3025 copias

555 3054 613 3103 et
639 3061 770 3120 opes
804 3046 877 3102 sit
906 3045 1220 3102 eti‘ecturus.
1271 3046 1393 3101 Non
1422 3056 1507 3102 est
1538 3047 1684 3102 enim
1722 3046 2115 3117 quorumlibet,

2225 1956 2360 2027 ὅπερ
2392 1955 2458 2010 ἂν
2483 1955 2540 2007 ἐν
2568 1956 2634 2024 τῇ
2679 1952 2789 2024 ζωῇ
2819 1951 2993 2025 ταύτῃ
3039 1953 3183 2006 κατὰ
3222 1954 3456 2023 σπουδὴν
3485 1954 3795 2023 ἐνεργήσας

2225 2046 2399 2117 τύχοι,
2434 2044 2652 2116 νεώρια,
2689 2044 2931 2114 λιμένας,
2960 2045 3060 2107 τάς
3102 2044 3359 2116 λαμπράς
3396 2061 3455 2097 τε
3497 2046 3588 2098 καὶ
3619 2046 3791 2098 πολυ-

2226 2137 2395 2199 τελεῖς
2435 2136 2541 2188 τῶν
2585 2134 2857 2201 ἐπάλξεών
2895 2152 2955 2188 τε
3003 2136 3095 2188 καὶ
3134 2137 3579 2207 οἰκοδομημάτων
3621 2154 3795 2191 κατα-

2228 2228 2444 2290 σκευὰς,
2474 2226 2781 2296 προπύλαιά
2801 2242 2861 2278 τε
2888 2226 2982 2278 καὶ
3002 2225 3260 2297 πύργους,
3282 2228 3376 2279 καὶ
3398 2228 3568 2297 κάλλη
3592 2228 3791 2294 στοῶν,

2225 2316 2580 2387 άναστήματά
2607 2332 2697 2381 τε,
2730 2315 2827 2380 τάς
2860 2333 2919 2368 τε
2963 2316 3102 2369 κατὰ
3128 2317 3231 2387 γῆν
3276 2318 3555 2390 φιλεργίας
3577 2357 3593 2382 ,
3645 2318 3790 2390 άλση

2228 2404 2542 2459 παντοδαπά
2568 2444 2585 2471 ,
2637 2404 2731 2457 mi.
2770 2403 3047 2477 λειμώνων
3080 2406 3247 2477 κάλλη
3272 2446 3286 2470 ,
3338 2409 3431 2460 καὶ
3458 2407 3791 2478 ἀμπελῶνας

2230 2498 2593 2568 μιμουμένους
2618 2496 2688 2549 τά
2723 2495 2933 2567 πελάγη
2961 2501 3073 2561 τοῖς
3099 2498 3340 2565 πλάτεσι,
3373 2501 3466 2553 καὶ
3500 2502 3553 2553 εί
3575 2517 3626 2552 τι
3655 2499 3791 2553 ἄλλο

2224 2586 2460 2643 τοιοῦτον
2489 2589 2640 2641 πονεῖ
2680 2587 2776 2657 μὲν
2804 2587 2974 2658 ὅσπερ
3010 2587 3075 2641 ἂν
3112 2588 3250 2661 τύχῃ
3281 2592 3537 2661 πονήσας,
3571 2591 3791 2661 μετέχει

2222 2676 2282 2732 δέ
2310 2680 2338 2731 ὀ
2370 2676 2487 2749 μετ’
2517 2678 2721 2732 ἐκεῖνον
2753 2677 3034 2749 ἐπιδημῶν
3064 2677 3143 2747 τῷ
3174 2679 3288 2749 βίῳ.

2290 2950 2515 3022 Ἄδηλον
2556 2951 2615 3005 δὲ
2661 2951 2711 3004 εί
2765 2951 2840 3023 μὴ
2882 2953 3080 3016 κακίας
3132 2952 3265 3023 ὕλην
3313 2953 3411 3025 τὴν
3465 2953 3789 3024 περιουσίαν

2216 3040 2530 3111 ποιήσηται.
2580 3039 2654 3093 Οὐ
2684 3040 2794 3112 γάρ
2836 3042 3053 3095 πάντων
3085 3041 3200 3095 ἐστὶ
3226 3043 3287 3096 τὸ
3320 3042 3568 3111 γνώσεως
3596 3044 3789 3096 ἕνεκεν

555 3137 890 3209 cognitionis
918 3151 1084 3193 causa
1114 3136 1404 3193 demittere
1447 3152 1665 3196 sensum
1696 3138 1764 3193 ad
1804 3136 2112 3193 faciendum

2216 3132 2296 3194 είς
2323 3130 2419 3202 τὴν
2448 3130 2555 3184 τῶν
2590 3131 2845 3185 τοιούτων
2891 3134 3085 3204 πεῖραν
3116 3134 3356 3188 καθεῖναι
3372 3136 3482 3206 Δτὴν
3508 3136 3786 3205 αῐσθησιν.

555 3187 760 3285 milia
773 3187 2112 3298 '.:.;.1..;.',;;;i;.;i;afdm;i'3.h3..§.‘.,3;'{.;;;a;

2218 3187 2396 3291 ’άπερ
2435 3219 2566 3290 ἐγὼ,
2595 3221 2778 3293 φησὶν,
2810 3223 2913 3276 ὑπὸ
2948 3187 3138 3293 σοφίας
3171 3187 3463 3294 πεποίηκέ.
3514 3187 3666 3277 Κατίι
3691 3187 3790 3293 te;

554 3315 664 3377 feci
723 3315 797 3370 ob
855 3315 1201 3387 sapientiam.
1258 3315 1397 3371 Cum
1451 3316 1699 3372 sivissem
1752 3317 1897 3371 enim
1944 3316 2114 3371 veluti

552 3404 843 3475 quemdam
881 3406 1108 3477 pullum,
1162 3415 1373 3461 natura;
1423 3407 1807 3478 appetitionem
1850 3407 2020 3461 libere
2056 3406 2114 3460 in

552 3496 905 3559 inferioribus
960 3511 1254 3567 parumper
1307 3499 1583 3553 exsultare
1618 3498 1788 3552 animi
1850 3497 2110 3562 motibus,

552 3600 675 3640 eam
704 3599 897 3640 rursus
928 3586 1169 3655 repressi
1198 3585 1426 3641 habenis
1472 3586 1726 3649 rationis,
1760 3593 1814 3640 et
1843 3585 1965 3655 ejus
1984 3585 2114 3640 sub-

549 3675 658 3751 jeci
692 3675 966 3748 potestati.
1026 3675 1181 3749 Quis.
1232 3676 1434 3745 inquit,
1483 3676 1588 3731 scit
1636 3692 1707 3733 an
1761 3676 1852 3733 ille
1892 3693 2112 3748 quoque

551 3768 648 3843 qui
676 3780 800 3840 post
836 3784 936 3825 nos
967 3770 1023 3823 in
1056 3770 1141 3823 his
1176 3768 1359 3837 fuerit,
1406 3770 1672 3841 voluptati
1708 3771 2018 3840 imperabit,
2057 3778 2112 3826 et

552 3875 663 3923 non
704 3861 823 3929 ipse
855 3861 1036 3929 potius
1076 3860 1297 3924 serviet,
1362 3862 1525 3915 veluti
1571 3860 1846 3930 quoddam
1901 3861 2111 3915 manci-

551 3953 725 4022 pium,
761 3952 1052 4021 voluptatis
1073 3954 1329 4025 potestati
1365 3968 1423 4008 se
1450 3953 1813 4008 submittens?
1848 3951 2111 4022 Propter-

549 4060 636 4108 ea,
677 4043 876 4116 inquit,
910 4059 1010 4113 ego
1039 4045 1353 4099 universum
1390 4045 1635 4100 laborem
1660 4060 1836 4100 meum
1858 4045 1985 4099 odio
2014 4045 2111 4098 ha-

550 4136 666 4199 bui,
705 4151 864 4211 quem
892 4136 1079 4193 laboro
1109 4137 1211 4191 sub
1243 4138 1360 4192 sole
1398 4137 1691 4207 :quoniam
1738 4152 1862 4192 eum
1890 4136 2108 4191 dimitto

552 4226 757 4283 homini
788 4228 879 4302 qui
931 4237 1053 4299 post
1096 4243 1181 4282 me
1222 4237 1384 4284 natus
1420 4236 1522 4282 est.
1589 4226 1722 4293 Quis
1764 4238 1945 4282 autem
2004 4228 2109 4283 scit

551 4316 841 4383 sapiensne
873 4316 977 4373 erit
1005 4331 1072 4369 an
1121 4317 1344 4382 stultus,
1386 4325 1441 4371 et
1475 4332 1541 4370 an
1591 4324 1911 4385 potestatem
1947 4331 2106 4371 exer-

550 4406 697 4461 cehit
717 4405 772 4462 in
807 4406 955 4460 omni
996 4406 1183 4461 labore
1218 4420 1337 4460 meo
1368 4422 1530 4480 quem
1574 4406 1839 4471 laboravi,
1889 4417 1944 4462 et
1986 4422 2105 4462 mea

2215 3312 2418 3378 ουσίαν,
2450 3308 2559 3367 οἷόν
2586 3330 2706 3367 τινα
2750 3314 2947 3381 πῶλον,
2990 3316 3089 3386 τὴν
3116 3317 3214 3387 τῆς
3241 3314 3453 3384 φύσεως
3482 3317 3653 3388 ὁρμὴν
3690 3334 3790 3387 μι-

2214 3403 2343 3474 κρὸν
2390 3404 2547 3474 ἀφεὶς
2593 3400 2989 3476 ἐπισκιρτῆσαι
3024 3410 3137 3470 τοῖς
3179 3408 3329 3462 κάτω
3367 3408 3582 3470 πάθεσι,
3615 3408 3787 3463 πάλιν

2211 3495 2566 3567 άνεστόμωσα
2615 3499 2681 3569 τῇ
2733 3498 2825 3551 τοῦ
2874 3499 3136 3571 λογισμοῦ
3186 3500 3332 3571 ἡνίᾳ,
3366 3500 3458 3554 καὶ⁵
3492 3504 3555 3571 τῇ
3585 3501 3784 3555 τούτου

2213 3585 2431 3658 ἐξουσίᾳ
2480 3589 2779 3659 ὑπήγαγον.
2810 3589 2907 3653 Τίς
2951 3586 3081 3655 οῐδε,
3117 3592 3300 3661 φησιν,
3331 3592 3379 3644 εί
3407 3593 3653 3655 κάκεῖνος
3684 3593 3785 3645 ὃσ-

2209 3695 2292 3743 τις
2316 3680 2445 3733 ποτέ
2480 3680 2597 3750 μεθ’
2621 3682 2764 3751 ἡμᾶς
2797 3684 2855 3736 ἐν
2886 3682 3096 3747 τούτοις
3127 3685 3435 3754 γενόμενος,
3476 3683 3785 3748 ἐξουσιάσει

2208 3769 2309 3841 τῆς
2358 3771 2727 3837 ἀπολαύσεως.
2779 3773 2873 3827 καὶ
2913 3775 3015 3828 ούκ
3076 3777 3258 3839 αὐτοῖς
3313 3776 3511 3846 μᾶλλον
3559 3794 3783 3847 κυριευ-

2209 3861 2453 3932 θήσεται,
2478 3858 2589 3919 οἷόν
2626 3882 2679 3917 τι
2706 3864 3033 3936 ἀνδράποδον
3060 3869 3123 3937 τῇ
3156 3867 3439 3939 δυναστείᾳ
3463 3870 3559 3937 τῆς
3583 3869 3781 3940 ἡδονῆς

2209 3952 2521 4025 ὑποκύψας;
2554 3958 2655 4011 Διὰ
2672 3955 2849 4020 τοῦτο,
2879 3959 3060 4028 φησιν,
3084 3958 3324 4029 ἐμίσησα
3350 3958 3459 4028 ἐγὼ
3483 3960 3780 4030 σύμπαντα

2206 4044 2296 4098 τὸν
2329 4045 2525 4117 μόχθον
2559 4064 2660 4118 μου
2705 4048 2765 4101 δν
2816 4048 2926 4117 ἐγὼ
2971 4049 3156 4122 μοχθῶ
3203 4052 3308 4104 ὑπὸ
3346 4052 3436 4105 τὸν
3463 4052 3641 4121 ἥλιον·
3688 4054 3778 4106 ὅτι

2206 4140 2352 4208 άφίω
2378 4126 2541 4194 αύτδν
2565 4140 2641 4212 τῷ
2667 4141 2936 4214 ἀνθρώπῳ
2954 4144 3031 4214 τῷ
3060 4145 3334 4216 γενομένῳ
3364 4148 3480 4198 κατ’
3514 4146 3633 4217 ἐμέ.
3659 4149 3778 4203 Καὶ

2205 4230 2288 4295 τίς
2316 4226 2474 4294 οἶδεν,
2519 4234 2566 4286 εί
2597 4232 2757 4301 σοφὸς
2788 4234 2938 4288 ἔσται
2978 4235 3010 4304 ἢ
3057 4237 3275 4308 ἄφρων,
3321 4240 3415 4290 καὶ
3442 4240 3491 4292 εί
3520 4240 3765 4305 ἐξουσιά-

2207 4336 2359 4375 σεται
2386 4324 2445 4374 ἐν
2474 4322 2635 4375 παντὶ
2662 4323 2843 4395 μόχθῳ
2872 4341 2975 4395 μου
3002 4319 3047 4394 ᾧ
3074 4325 3352 4398 ἐμόχθησα
3391 4328 3484 4380 καὶ
3512 4330 3768 4397 ἐσοφισά-

2209 4430 2317 4485 μην
2340 4414 2446 4467 ὑπὸ
2468 4414 2559 4468 τὸν
2584 4414 2765 4485 ἥλιον;
2795 4414 3010 4487 Ταύτην
3033 4418 3141 4489 7&9
3162 4414 3313 4489 οἶμαι
3334 4418 3427 4471 τοῦ
3458 4419 3621 4491 ῥητοῦ
3644 4421 3772 4474 τού-

550 4498 820 4553 industria
850 4496 1153 4567 excogitavi
1185 4497 1287 4555 sub
1310 4496 1459 4551 soie?
1508 4496 1772 4551 Existimo
1809 4498 1953 4552 enim
1983 4513 2104 4553 esse

2214 4522 2299 4559 του
2330 4501 2468 4558 εἶναι
2508 4506 2607 4577 τὴν
2638 4506 2862 4575 ἔννοιαν,
2906 4508 2968 4561 τὸ
2998 4510 3072 4580 μὴ
3112 4509 3272 4562 πάθει
3312 4509 3473 4564 αὐτὸν
3510 4511 3643 4582 πρὸς
3674 4512 3770 4566 τὸν

548 4589 697 4644 hunc
732 4603 954 4645 sensum
987 4588 1153 4657 hujus
1186 4588 1337 4651 dicti,
1389 4592 1535 4661 quod
1576 4604 1684 4642 non
1720 4590 1904 4660 aliqua
1936 4590 2105 4644 animi

547 4681 955 4750 perturbatione
979 4679 1234 4750 delapsus
1262 4680 1331 4735 sit
1380 4680 1447 4734 ad
1476 4682 1615 4737 hanc
1646 4681 1810 4736 vitam
1859 4682 2107 4751 volupta-

545 4774 707 4839 riam,
769 4771 867 4829 sed
897 4772 964 4827 ad
990 4787 1110 4827 eam
1139 4772 1350 4826 venerit
1377 4772 1613 4842 quadam
1649 4773 1861 4827 ratione
1899 4774 2107 4843 Sapien-

544 4867 654 4929 tiae,
713 4871 772 4927 ut
822 4863 917 4941 qui
979 4864 1027 4917 ei
1072 4863 1352 4941 imperans
1400 4862 1521 4937 ejus
1582 4862 1748 4919 fuerit
1803 4865 2100 4934 particeps,

542 4970 655 5019 non
684 4964 863 5013 autem
898 4968 1093 5031 parens
1120 4954 1239 5023 ejus
1261 4954 1506 5031 imperio.
1536 4952 1671 5027 Quis
1698 4968 1827 5025 ergo
1857 4956 1982 5015 scit,
2019 4954 2106 5008 in-

543 5048 685 5127 quit,
717 5062 783 5101 an
810 5048 905 5121 qui
944 5054 1069 5117 post
1088 5061 1174 5101 mc
1206 5054 1290 5101 est
1321 5045 1561 5114 futurus,
1592 5063 1778 5103 eorum
1810 5063 1915 5102 non
1952 5062 2107 5117 pare-

542 5142 621 5198 bit
659 5140 912 5211 imperio,
962 5154 1082 5210 qua:
1128 5154 1229 5213 ego
1280 5140 1520 5197 laboravi
1561 5156 1669 5195 non
1716 5155 1812 5210 per
1860 5140 2100 5209 aliquam

543 5232 708 5289 animi
734 5231 1214 5309 perturbationem,
1242 5233 1334 5293 sed
1360 5248 1454 5303 per
1480 5231 1797 5301 sapientiam
1822 5231 1845 5284 ’ἒ
1870 5233 1974 5285 Per
2000 5230 2101 5285 hoc

541 5326 687 5381 enim
731 5324 875 5394 quod
908 5324 1149 5379 laborem
1195 5324 1761 5391 nominavit,delicias
1806 5322 2098 5392 signiﬁcat,

541 5418 685 5488 quod
727 5433 821 5486 per
852 5417 984 5483 vim.
1026 5416 1189 5475 veluti
1226 5416 1498 5486 quoddam
1537 5414 1753 5469 diﬂicile
1801 5424 2097 5481 certamen,

543 5508 759 5567 admisit
784 5507 1077 5578 voluptatis
1096 5507 1587 5581 participationem.
1617 5504 1683 5558 Et
1706 5506 1808 5559 hoc
1837 5521 1988 5577 ergo,
2022 5507 2100 5561 in-

540 5600 680 5670 quit,
711 5600 766 5657 in
803 5601 955 5654 vanis
984 5608 1319 5654 numeretur.
1349 5598 1517 5654 Porro
1545 5609 1725 5653 autem
1768 5599 1928 5654 alicui
1962 5616 2099 5670 quo-

540 5704 648 5765 que
678 5690 768 5743 alii
797 5706 866 5745 ex
908 5691 993 5748 his
1022 5707 1141 5762 qua:
1188 5691 1277 5746 hic
1303 5698 1452 5754 sunt,
1497 5689 1630 5745 dicit
1673 5690 1907 5745 animam
1939 5706 2095 5747 suam

542 5781 915 5850 renunciasse,
944 5790 994 5840 et
1018 5783 1265 5841 oratione
1289 5784 1341 5841 id
1364 5782 1508 5859 quod
1537 5783 1638 5842 sibi
1662 5782 2083 5858 vultsigniiicat.

1596 5907 1671 5921 Α
1732 5922 1735 5925 _

2207 4595 2602 4650 ἀπολαυστικὸν
2633 4597 2743 4667 βίον
2775 4599 3180 4669 κατολισθῆσαι,
3214 4600 3352 4655 ἀλλά
3379 4618 3484 4654 τινι
3511 4601 3651 4673 λόγῳ
3677 4619 3769 4655 σο-

2206 4688 2333 4755 φίας
2377 4688 2472 4741 ἐπὶ
2507 4688 2664 4742 τοῦτο
2711 4690 2903 4756 ἐλθεῖν,
2946 4691 3002 4744 ἐν
3049 4692 3265 4765 ἐξουσίᾳ
3309 4694 3625 4765 ποιούμενον
3664 4695 3769 4767 τὴν

2209 4778 2514 4849 μετουσίαν,
2540 4781 2632 4837 καὶ
2657 4782 2757 4834 οὐκ
2790 4782 2948 4836 αὐτὸν
2979 4783 3083 4839 ὑπὸ
3108 4785 3206 4855 τῆς
3229 4785 3540 4850 δυναστείας
3562 4788 3767 4860 ταύτης

2205 4871 2729 4947 κατακρατούμενον.
2776 4873 2873 4937 Τίς
2921 4872 3013 4929 οὖν
3058 4872 3186 4943 οἶδε,
3220 4879 3405 4949 φησιν,
3438 4880 3487 4931 εί
3518 4879 3592 4950 μὴ
3617 4880 3766 4945 ἐξου-

2206 4960 2557 5030 σιασθήσεται
2610 4963 2714 5015 ὑπὸ
2760 4963 2963 5019 τούτων
3007 4968 3034 5021 ὁ
3071 4968 3188 5041 μετ’
3221 4970 3356 5041 ἐμὲ,
3398 4970 3539 5043 άπερ
3568 4973 3630 5025 ού
3672 4972 3763 5028 διὰ

2203 5052 2409 5115 πάθους
2442 5051 2573 5123 ἐγὼ,
2602 5054 2735 5108 ἀλλὰ
2764 5056 2866 5110 ὑπὸ
2898 5058 3089 5126 σοφίας
3118 5060 3424 5133 ἐμόχθησας
3470 5062 3629 5134 Δηλοῖ
3653 5063 3760 5136 7&9

2200 5143 2285 5198 διὰ
2307 5144 2400 5198 τοῦ
2428 5144 2623 5217 μόχθου
2642 5146 2903 5217 ὀνομάσαι
2926 5150 3024 5222 τὴν
3044 5153 3271 5224 τρυφὴν,
3295 5155 3373 5209 ὅτι
3391 5154 3761 5224 βεϐιασμένως

2201 5229 2479 5288 οἷόντινα
2524 5236 3022 5306 δυσκαταγώνιστον
3071 5238 3236 5295 ἆθλον
3280 5245 3379 5315 τῆς
3424 5245 3611 5316 ἡδονῆς
3656 5248 3757 5318 τὴν

2168 5328 2179 5331 ’
2204 5327 2490 5397 μετουσίαν
2515 5331 2845 5399 προσήκατο.
2876 5332 2983 5384 Καὶ
3009 5332 3164 5386 τοῦτο
3195 5329 3306 5398 οὗν,
3344 5338 3522 5408 φησιν,
3560 5338 3617 5390 ἐν
3644 5339 3758 5401 τοῖς

2203 5418 2450 5489 ματαίοις
2482 5420 2943 5492 καταριθμεῖσθω.
2971 5425 3081 5478 Καὶ
3103 5425 3245 5499 ἄλλῳ
3264 5428 3321 5481 δέ
3345 5446 3446 5482 τινι
3480 5428 3625 5498 λέγει
3646 5428 3755 5483 τῶν

2197 5502 2318 5573 ὧδε,
2352 5508 2449 5580 τὴν
2470 5509 2674 5563 ’ἐαυτοῦ
2697 5511 3281 5586 ψυχὴνάποτετάχθαι,
3308 5518 3402 5574 καὶ
3431 5522 3653 5589 φανεροῖ
3674 5517 3755 5588 τῷ

2196 5602 2380 5671 λογῳό
2399 5601 2661 5671 βούλεται.
2679 5604 3035 5676 Διαόέεληται
3055 5607 3162 5679 γάρ
3186 5609 3319 5680 πρὸς
3347 5609 3437 5662 τὸν
3462 5606 3560 5683 τῆς
3590 5609 3755 5680 ὀρθῆς

2196 5689 2424 5761 κρίσεως
2457 5690 2849 5762 ἁμαρτάνοντα,
2882 5694 2963 5747 ὅτι
2991 5694 3199 5764 βλέπων
3230 5698 3429 5768 ἐναργῆ
3458 5697 3563 5750 τῶν
3593 5699 3748 5753 ἐναν-

2196 5782 2322 5839 τίων
2351 5781 2478 5853 βίων
2508 5782 2603 5855 τὴν
2633 5784 2914 5857 διαφορὰν,
2938 5786 2997 5854 ἐξ
3033 5781 3108 5845 ὧν
3131 5790 3159 5843 ό
3194 5790 3292 5860 μὲν
3323 5791 3448 5860 περὶ
3480 5789 3574 5861 τὴν
3614 5790 3709 5859 ἀρε
3728 5818 3744 5830 -
