4044 6626
287 385 401 441 69⁵

1388 399 1451 451 IN
1491 399 2026 460 ECCLESIASTEN.
2071 404 2349 460 llOMlLlA
2374 405 2435 462 ν.

3418 414 3533 474 696

290 501 392 571 τὴν
424 500 593 563 πονεῖ,
621 498 714 553 καὶ
743 500 875 571 πρὸς
898 502 1049 555 οὐδὲν
1081 503 1416 575 ἀνθρώπινον
1446 506 1541 579 τὴν
1570 508 1862 580 ἐπιθυμίαν

1968 513 2314 569 lnsimulatus
2342 515 2485 568 enim
2522 514 2623 569 fuit
2656 517 2796 586 apud
2824 534 2948 574 eum
2981 521 3085 591 qui
3117 536 3147 575 a
3182 531 3329 577 recto
3364 524 3533 580 aberg

292 593 546 659 κατάγει,
594 593 622 644 ὁ
668 591 724 644 δὲ
750 592 956 664 ἕτερος,
998 596 1137 649 κατὰ
1178 597 1239 648 τὸ
1279 596 1534 667 ἔμπαλιν,
1572 600 1731 653 πόνον
1766 602 1865 671 μέν

292 699 422 736 τινα
447 681 554 735 τῶν
583 682 848 754 ὲναρέτων
875 685 972 755 οὐχ
1004 685 1261 757 ὑπομένει
1282 728 1295 753 ,
1333 687 1511 757 μόνοις
1538 688 1593 742 δὲ
1626 694 1740 754 τοῖς
1767 709 1870 745 σω-

295 776 550 845 ματικοῖς
570 774 787 845 μόχθοις
811 778 1274 849 ὲγκατατρίὸεται.
1313 781 1479 834 Ὅταν
1508 778 1601 836 οὖν
1625 801 1707 847 τις
1730 784 1867 854 πρὸς

289 865 486 920 τοῦτον
520 867 672 939 φέρει
696 867 788 921 τοῦ
821 868 985 922 καλοῦ
1031 869 1129 941 τὴν
1175 869 1370 942 ψῆφον,
1411 874 1665 945 παρορῶν
1687 874 1777 927 τὸν
1808 876 1868 928 ὲν

287 962 361 1027 τῇ
408 959 568 1031 σοφίᾳ
598 960 917 1031 προέχοντα,
967 962 1027 1016 ού
1084 963 1241 1033 μόνον
1293 965 1547 1035 ματαίαν,
1591 966 1725 1021 ἀλλά
1773 966 1867 1021 καὶ

290 1050 543 1120 πονηρὰν
579 1052 676 1122 τὴν
702 1052 886 1107 ἄδικον
914 1053 1116 1125 ταύτην
1146 1055 1498 1124 ἀποφαίνεται
1553 1058 1750 1128 κρίσιν.
1773 1058 1869 1112 Λέ-

286 1157 390 1209 γει
413 1142 469 1194 δὲ
492 1145 605 1206 τοῖς
634 1145 871 1214 ῥήμασιν
888 1143 1078 1209 οὕτως·
1103 1165 1121 1198 ι
1144 1146 1252 1199 Καὶ
1278 1147 1606 1219 ἐπέστρεψα,
1636 1169 1655 1201 ι
1682 1150 1865 1220 φησὶν,

292 1251 315 1283 ι
342 1232 458 1301 ἐγὼ
488 1233 580 1287 τοῦ
597 1235 964 1302 ἀποτάξασθαι
989 1236 1085 1307 τὴν
1102 1238 1324 1309 καρδίαν
1348 1257 1446 1309 μου
1477 1240 1610 1310 πρὸς
1634 1240 1710 1312 τῷ
1724 1242 1867 1314 ἄλλῳ

290 1325 507 1397 μόχθῳ,
536 1319 581 1394 ᾧ
618 1327 894 1397 ὲμόχθησα
937 1328 1041 1381 ὑπὸ
1072 1329 1161 1382 τὸν
1190 1328 1361 1401 ἥλιον,
1396 1350 1414 1384 ι
1447 1332 1512 1385 Τί
1547 1327 1638 1385 οὖν
1665 1333 1811 1386 ἐστιν
1837 1333 1866 1388 δ

287 1417 693 1489 ἀπεταξάμην;
726 1420 847 1472 Ὅτι
874 1420 1021 1475 ἔστιν
1049 1422 1350 1491 ἄνθρωπος,
1374 1424 1455 1479 ὅτι
1484 1425 1678 1497 μόχθος
1701 1426 1863 1481 αὐτοῦ

288 1511 360 1561 ὲν
388 1512 547 1581 σοφίᾳ
570 1511 662 1564 καὶ
693 1514 749 1566 ὲν
773 1512 970 1581 γνώσει
998 1515 1092 1568 καὶ
1119 1517 1176 1569 ἐν
1202 1516 1441 1589 ἀνδρείᾳ,
1474 1519 1567 1572 xui
1590 1518 1746 1583 ἄλλος
1769 1520 1864 1575 ἀν-

289 1602 515 1674 θρωπος
545 1604 696 1658 οὐδὲν
723 1606 780 1658 ὲν
805 1608 916 1670 τοῖς
945 1607 1201 1672 τοιούτοις
1232 1610 1489 1681 πονήσας.
1515 1611 1640 1675 Πῶς
1669 1607 1762 1664 οὖν
1783 1629 1866 1675 τις

287 1694 400 1763 τὴν
432 1694 624 1764 μερίδα
646 1698 745 1767 τῆς
772 1698 1150 1768 προτιμήσεως
1177 1698 1254 1769 τῷ
1280 1701 1504 1772 τοιούτῳ
1535 1701 1862 1773 προσθήσει;

288 1784 410 1835 Καὶ
453 1783 733 1855 ἄνθρωπος
772 1787 900 1857 γάρ,
946 1788 1132 1858 φησὶν,
1180 1782 1225 1856 ᾧ
1268 1789 1565 1860 ἐμόχθησεν
1605 1792 1661 1843 ὲν
1695 1790 1862 1862 αὐτῷ,

1968 613 2055 659 rat
2077 605 2308 676 judicio,
2334 604 2478 675 quod
2505 620 2629 659 cum
2661 608 2865 665 videret
2886 611 3189 668 evidentem
3223 616 3530 671 contrarios

1967 712 2090 750 rum
2127 698 2253 752 vita:
2283 712 2539 768 generum
2565 697 2943 771 dill‘erentiam,
2977 719 3042 759 ex
3072 706 3271 776 quibus
3292 708 3535 763 alterum.

1968 790 2186 861 quidem
2222 796 2471 845 versatur
2496 788 2553 845 in
2582 790 2801 860 virtute,
2852 801 2907 849 et
2936 794 3002 849 ad
3034 797 3235 850 nullam
3265 814 3377 853 rem
3417 799 3529 854 hu~

1968 897 2183 935 uanam
2224 880 2444 936 adducit
2474 881 2866 952 cupiditatem:
2903 885 3129 941 allerum
3177 903 3304 943 vero
3332 898 3529 947 contra

1967 985 2079 1025 non
2126 973 2359 1025 sustinet
2391 970 2609 1041 quidem
2658 972 2825 1026 ullum
2880 973 3115 1029 laborem
3163 991 3352 1031 eorum
3399 994 3525 1049 qua:

1967 1070 2232 1133 geruntur
2264 1078 2327 1117 ex
2362 1062 2595 1117 virtute:
2634 1070 2887 1117 versatur
2910 1072 3090 1119 autem
3123 1066 3176 1120 in
3212 1068 3344 1123 solis
3370 1069 3520 1123 labo-

1966 1150 2121 1206 ribus
2151 1151 2218 1205 ad
2244 1167 2445 1221 corpus
2476 1152 2889 1223 pertinentibus.
2923 1153 3057 1208 Cum
3090 1156 3359 1226 quispiam
3389 1173 3528 1229 ergo.

1966 1241 2015 1296 ei
2062 1241 2188 1296 boni
2242 1249 2297 1296 et
2341 1241 2556 1296 honesti
2585 1241 2677 1295 dat
2712 1242 3005 1308 calculum,
3055 1259 3179 1300 eum
3218 1247 3525 1317 despiciens.

1966 1331 2059 1402 qui
2117 1332 2393 1387 antecellit
2441 1333 2731 1403 sapientia,
2789 1349 2898 1389 non
2949 1336 3124 1391 solum
3158 1351 3368 1400 vanam,
3424 1340 3519 1394 sed

1967 1424 2127 1477 etiam
2164 1422 2462 1493 improbam
2498 1425 2636 1479 hanc
2664 1424 2920 1495 injustam
2954 1428 3267 1496 pronuntiat
3302 1436 3520 1484 senten-

1967 1514 2123 1568 tiam.
2167 1512 2307 1568 Dicit
2357 1522 2536 1570 autem
2587 1504 2674 1571 his
2715 1517 2895 1572 verbis
2925 1534 2940 1572 :
2973 1536 2990 1568 ι
3013 1517 3075 1571 Et
3098 1518 3362 1581 converti,
3384 1538 3401 1569 ι
3437 1518 3520 1573 in-

1965 1604 2101 1674 quit,
2141 1621 2159 1653 ι
2204 1620 2303 1675 ego
2337 1620 2432 1659 cor
2477 1621 2677 1671 meum,
2718 1617 2778 1659 ut
2818 1610 3154 1663 renuntiaret
3199 1609 3291 1662 alii
3326 1609 3519 1670 labori,

1964 1711 2122 1765 quem
2167 1696 2409 1751 laboravi
2480 1699 2583 1754 sub
2638 1700 2772 1754 sole.
2821 1720 2838 1751 ι
2892 1699 3031 1767 Quid
3079 1710 3161 1757 est
3207 1717 3335 1772 ergo
3379 1703 3523 1772 quod

1964 1788 2313 1842 renuntiavi?
2373 1788 2466 1844 Est
2510 1791 2703 1855 homo,
2763 1791 2920 1861 cujus
2973 1792 3124 1848 labor
3179 1804 3263 1850 est
3316 1794 3372 1846 in
3434 1809 3523 1849 sa-

290 1873 562 1937 τουτέστι,
613 1873 691 1944 τῷ
734 1874 847 1944 βίον
888 1876 1214 1947 μοχθήσαντι
1263 1880 1320 1931 ὲν
1366 1877 1443 1948 τῷ
1474 1876 1685 1949 ἀγαθῷ,
1706 1878 1863 1932 δώσει

1968 1880 2165 1953 pientia
2208 1890 2263 1936 et
2308 1882 2618 1951 cognitione
2657 1890 2713 1937 et
2761 1883 2963 1940 excelsi
3002 1886 3166 1940 animi
3204 1886 3426 1955 virtute,
3466 1892 3523 1941 et

251 1984 258 2005 ι
291 1963 447 2033 αὐτῷ
493 1965 685 2035 μερίδα
714 1966 898 2034 αὐτοῦ,
944 1968 1065 2021 ἀντὶ
1103 1967 1218 2033 τοῦ,
1245 1970 1302 2021 ὲν
1348 1967 1551 2038 ἀγαθοῦ
1584 1968 1745 2041 μοίρᾳ
1773 1970 1869 2025 τὸν

240 2054 539 2124 ,τοιοῦτον
619 2055 731 2125 βίον
782 2058 1044 2129 ὁρίσεται.
1104 2059 1263 2113 Ἀλλὰ
1331 2060 1627 2131 ματαιότης
1653 2104 1667 2128 ,
1709 2062 1863 2132 φησὶ,

293 2145 456 2197 τοῦτο
486 2146 582 2199 καὶ
607 2148 837 2217 πονηρία
860 2148 1088 2220 μεγάλη.
1120 2149 1242 2213 Πῶς
1269 2150 1375 2220 γὰρ
1406 2152 1505 2203 ούκ
1530 2150 1674 2204 ἔστιν
1702 2169 1868 2223 πονη-

304 2239 394 2310 ρία
429 2238 638 2309 μεγάλη
659 2280 673 2303 ,
708 2240 833 2294 ὅταν
869 2240 1111 2313 γινώσκῃ
1154 2241 1250 2311 τὴν
1294 2241 1616 2311 ὲγκειμένην
1658 2241 1737 2311 τῷ
1771 2243 1864 2296 ἀν-

302 2329 510 2400 θρώπῳ
536 2333 665 2403 περὶ
696 2333 821 2396 τοὺς
851 2332 1077 2404 μόχθους
1113 2332 1345 2405 σπουδὴν
1376 2335 1468 2387 καὶ
1508 2333 1864 2404 προαίρεσιν;

300 2421 476 2475 Τοῦτο
508 2422 614 2492 γάρ
643 2425 786 2477 ἐστιν
821 2427 877 2478 ὲν
904 2420 984 2490 οἷς
1011 2444 1191 2495 φησιν,
1223 2426 1303 2479 ὅτι
1346 2425 1603 2480 Γινώσκει
1648 2428 1725 2499 τῷ
1771 2431 1865 2482 ἀν-

298 2513 525 2587 θρώπῳ,
556 2518 613 2568 ὲν
644 2516 803 2569 παντὶ
828 2517 1010 2588 μόχθῳ
1034 2517 1219 2584 αὑτοῦ,
1254 2520 1345 2573 καὶ⁸
1373 2520 1429 2571 ὲν
1456 2521 1524 2591 τῇ
1554 2520 1865 2592 προαιρέσει

294 2606 525 2676 καρδίας
559 2606 745 2671 αὑτοῦ,
772 2599 816 2674 ᾧ
845 2607 1004 2669 αὐτὸς
1032 2608 1220 2679 μοχθεῖ
1242 2609 1345 2661 ὑπὸ
1374 2608 1464 2663 τὸν
1490 2609 1658 2681 ἥλιον.
1690 2612 1755 2663 Τί
1774 2607 1865 2663 οὖν

296 2697 445 2751 ἔστιν
474 2697 505 2749 ὃ
532 2697 818 2766 γινώσκει;
862 2701 983 2754 Ὀτι
1016 2702 1206 2766 πᾶσαι,
1236 2702 1420 2772 φησὶν,
1450 2702 1506 2755 αί
1531 2702 1731 2773 ἡμέραι
1766 2704 1865 2756 αύο

295 2788 391 2842 τοῦ
418 2789 768 2859 ἀλγημάτων,
795 2791 885 2843 καὶ
920 2792 1094 2861 θυμοῦ
1124 2792 1502 2867 περισπασμὸς
1528 2792 1711 2846 αὐτοῦ.
1757 2793 1867 2847 Καί

297 2899 361 2949 γε
391 2884 449 2935 ὲν
476 2884 631 2935 νυκτὶ
652 2884 711 2936 ού
737 2886 993 2954 κοιμᾶται
1019 2887 1051 2956 ή
1075 2886 1268 2956 καρδία
1289 2886 1472 2939 αὐτοῦ.
1509 2886 1599 2957 Τῷ
1626 2886 1739 2939 ὄντι
1758 2885 1869 2958 γὰρ

296 2978 407 3039 τοῖς
438 2976 517 3038 εἰς
543 2976 633 3029 τὸν
662 2976 962 3047 πειρασμὸν
985 2976 1171 3031 τοῦτον
1202 2977 1300 3049 τὴν
1329 2976 1503 3047 ψυχὴν
1529 2976 1863 3047 ἀσχολοῦσιν,

297 3066 543 3138 ὲπαλγὴς
592 3067 689 3137 μὲν
729 3068 762 3138 ἡ
805 3068 948 3139 ζωὴ,
994 3061 1104 3121 οἶόν
1152 3084 1263 3119 τισι
1308 3065 1551 3138 κέντροις
1597 3069 1717 3130 ταῖς
1756 3066 1867 3119 τῶν

298 3157 561 3210 πλειόνων
590 3157 903 3229 ἐπιθυμίαις
941 3158 1038 3229 τὴν
1094 3158 1318 3230 καρδίαν
1362 3158 1690 3229 μαστίζουσα
1713 3176 1726 3190 ·
1762 3160 1860 3212 ὲπ-

298 3245 499 3310 ώδυνος
518 3246 575 3301 δὲ
609 3248 643 3319 ἡ
674 3248 802 3321 περὶ
828 3249 926 3318 τὴν
958 3248 1265 3312 πλεονεξίαν
1296 3248 1518 3318 σπουδὴ,
1536 3249 1596 3301 ού
1619 3248 1865 3303 τοσοῦτον

295 3332 381 3402 οἷς
406 3337 521 3410 εχει
569 3339 1002 3411 εύφραινομένη,
1053 3340 1175 3393 ὅσον
1224 3339 1561 3411 ἀλγυνομένη
1604 3342 1714 3404 τοῖς
1753 3340 1858 3393 λεί-

295 3447 525 3497 πουσιν,
575 3425 655 3496 οἷς
707 3431 985 3504 μερίζεται
1036 3432 1192 3485 νυκτὶ
1242 3432 1335 3485 καὶ
1379 3430 1561 3503 ἡμέρᾳ
1606 3433 1635 3484 ό
1684 3431 1862 3497 πόνος,

295 3521 647 3591 καταλλήλως
689 3523 754 3575 δι’
797 3524 1062 3595 ἑκατέρας
1097 3522 1275 3576 αὐτῶν
1321 3522 1724 3594 ἐνεργούμενος,
1768 3522 1864 3592 τῆς

297 3614 399 3689 μὲν
427 3616 641 3687 ἡμέρας
673 3616 1064 3689 δαπανωμένης
1092 3619 1151 3671 ὲν
1180 3617 1396 3689 μόχθοις
1416 3634 1429 3649 ·
1471 3618 1566 3690 τῆς
1594 3617 1650 3670 δὲ
1674 3618 1865 3682 νυκτὸς

294 3709 733 3779 ἀποπεμπούσης
759 3694 866 3763 τὶῖιν
894 3711 1156 3781 ὀμμάτων
1198 3711 1288 3763 τὸν
1315 3710 1499 3763 ὕπνον.
1545 3710 1615 3762 Al
1641 3708 1750 3779 γάρ
1774 3707 1867 3761 τοῦ

293 3798 522 3868 κέρδους
573 3799 846 3870 φροντίδες
898 3800 989 3853 τὸν
1034 3799 1199 3854 ὕπνον
1244 3800 1612 3870 ἐκκρούουσιν.
1671 3800 1729 3853 '0
1776 3795 1869 3852 οὖν

295 3889 436 3959 πρός
477 3888 650 3942 ταῦτα
716 3889 930 3960 βλέπων
956 3931 970 3955 ,
1025 3890 1141 3954 πῶς
1187 3891 1246 3943 οὐ
1293 3889 1726 3961 καταψηφίζεται
1772 3890 1871 3961 τῆς

296 3977 537 4047 σπουδῆς
569 3977 771 4049 ταύτης
793 3978 892 4050 τὴν
922 3980 1289 4051 ματαιότητα;
1340 3980 1438 4033 Διά
1464 3980 1621 4033 τοῦτο
1650 3980 1872 4051 προστί-

295 4069 424 4140 θησι
455 4072 567 4133 τοῖς
596 4071 1033 4142 προειρημένοις,
1060 4072 1140 4125 ὅτι
1169 4072 1259 4124 καί
1287 4088 1349 4140 γε
1369 4072 1525 4125 τοῦτο
1556 4071 1865 4142 ματαιότης*

296 4160 460 4213 πάλιν
487 4161 653 4230 ἄλλης
683 4162 1009 4226 ἀντιθέσεως
1030 4162 1362 4216 καθάπτεται
1382 4178 1396 4195 ο
1427 4162 1489 4215 τὸ
1513 4162 1569 4216 δὲ
1597 4159 1867 4215 ἀντιτιθὲ-

302 4266 462 4321 μενον
494 4250 654 4304 τοῦτό
691 4253 857 4305 ἐστιν·
914 4236 917 4237 ν

1965 1972 2106 2027 alius
2131 1973 2296 2027 homo
2317 1973 2409 2044 qui
2436 1974 2491 2029 in
2512 1975 2600 2030 his
2619 1976 2753 2030 nihil
2777 1975 3062 2031 laboravit.
3093 1976 3374 2045 Quomodo
3394 1993 3521 2048 ergo

1964 2063 2252 2134 quisquam
2294 2066 2498 2135 primas
2527 2066 2749 2123 honoris
2788 2077 2970 2139 partes
2992 2069 3040 2123 ei
3076 2069 3322 2124 tribuet?
3348 2068 3521 2123 Homo

1964 2153 2132 2216 enim,
2173 2154 2370 2224 inquit,
2415 2156 2508 2226 qui
2548 2172 2656 2210 non
2691 2157 2958 2212 laboravit
3006 2159 3060 2212 in
3092 2159 3230 2229 ipso,
3275 2159 3379 2221 hoc
3414 2165 3521 2223 est,

1965 2245 2014 2299 ei
2047 2245 2137 2315 qui
2165 2260 2273 2300 non
2297 2247 2563 2302 laboravit
2591 2250 2647 2303 in
2680 2249 2840 2314 bono,
2870 2249 3019 2305 dabit
3042 2251 3090 2304 ei
3113 2258 3318 2320 partem
3339 2265 3524 2318 suam,

1966 2351 2066 2405 pro
2093 2352 2157 2391 eo
2185 2337 2330 2406 quod
2357 2346 2463 2402 est,
2492 2338 2631 2393 hanc
2658 2338 2826 2394 vitam
2852 2339 2907 2394 in
2932 2341 3061 2395 boni
3092 2340 3271 2396 locum
3301 2326 3516 2397 referet.

1970 2424 2075 2480 Sed
2107 2426 2210 2492 hoc
2235 2434 2339 2493 est,
2374 2427 2572 2498 inquit,
2600 2430 2834 2493 vanitas,
2861 2438 2916 2485 et
2950 2446 3145 2502 magna
3178 2432 3518 2503 improbitas.

1967 2517 2249 2584 Quomodo
2277 2520 2420 2573 enim
2452 2536 2558 2574 non
2585 2528 2670 2575 est
2709 2535 2901 2592 magna
2930 2521 3270 2592 improbitas,
3300 2524 3531 2593 quando

1967 2610 2247 2679 cognoscit
2272 2610 2508 2665 studium
2540 2620 2593 2666 et
2621 2612 2846 2667 liberam
2878 2613 3201 2669 electionem
3234 2631 3351 2686 quae
3382 2616 3533 2677 inest.

1964 2699 2177 2753 homini
2205 2700 2269 2755 ad
2303 2701 2557 2756 labores?
2578 2701 2692 2755 Hoc
2724 2704 2869 2757 enim
2896 2713 2980 2758 est
3011 2704 3103 2758 ubi
3129 2703 3285 2759 dicit:
3305 2704 3522 2776 Cogno-

1967 2789 2072 2845 scit
2108 2791 2314 2845 homini
2342 2792 2398 2845 in
2425 2791 2570 2846 omni
2596 2792 2778 2847 labore
2810 2808 2931 2861 suo,
2957 2803 3011 2848 et
3034 2794 3088 2848 in
3109 2794 3279 2850 libera
3304 2794 3524 2849 electio-

1967 2896 2036 2936 ne
2067 2882 2248 2936 cordis
2278 2883 2383 2947 sui,
2432 2898 2540 2952 qua
2574 2883 2688 2953 ipse
2720 2884 2929 2937 laborat
2962 2884 3064 2939 sub
3105 2885 3237 2940 sole.
3270 2883 3407 2951 Quid
3441 2892 3533 2941 est

1965 2988 2096 3043 ergo
2140 2974 2284 3044 quod
2333 2974 2651 3044 cognoscit?
2704 2973 2857 3040 Quod
2893 2990 3104 3039 omnes,
3160 2977 3358 3046 inquit,
3407 2976 3536 3044 ejus.

1967 3064 2083 3120 dies
2114 3073 2242 3119 sunt
2264 3063 2539 3129 dolorum,
2572 3074 2627 3119 et
2658 3065 2778 3135 ejus
2808 3066 2974 3119 animi
3000 3066 3216 3119 vexatio
3246 3074 3299 3120 et
3322 3067 3525 3121 distra-

1966 3156 2096 3211 ctio.
2128 3156 2434 3222 Quinetiam
2470 3163 2635 3210 noctu
2664 3172 2770 3211 non
2801 3155 2999 3211 dormit
3027 3170 3124 3211 cor
3147 3157 3286 3227 ejus.
3319 3156 3529 3211 Revera

1967 3244 2113 3300 enim
2145 3245 2211 3299 iis
2233 3260 2465 3315 quorum
2489 3245 2704 3299 animus
2726 3254 2976 3300 versatur
2999 3245 3051 3298 in
3078 3245 3182 3301 hac
3207 3247 3524 3312 tentatione,

1969 3332 2080 3388 vita
2113 3334 2329 3404 quidem
2356 3342 2440 3390 est
2465 3334 2760 3400 laboriosa,
2788 3335 2953 3389 veluti
2977 3336 3304 3406 quibusdam
3334 3336 3528 3391 stimu-

1969 3427 2059 3491 lis,
2114 3428 2268 3497 plura
2326 3428 2559 3483 habendi
2612 3429 3006 3499 cupiditatibus
3061 3445 3158 3485 cor
3207 3430 3539 3500 ﬂagellansz.

1970 3516 2157 3573 dolore
2184 3526 2363 3572 autem
2390 3526 2446 3572 et
2475 3518 2719 3574 molestia
2749 3519 2968 3589 plenum
2996 3528 3081 3575 est
3108 3521 3265 3590 plura
3293 3519 3527 3575 habendi

1970 3608 2233 3672 studium,
2270 3623 2374 3663 non
2402 3614 2609 3663 tantum
2641 3609 2884 3679 gaudens
2907 3610 2974 3667 iis
3003 3626 3123 3681 quae
3147 3610 3328 3675 habet,
3353 3626 3534 3680 quan-.

1971 3708 2083 3754 tum
2106 3699 2259 3755 triste
2285 3699 2356 3754 ob
2380 3713 2444 3755 ea
2473 3714 2592 3771 quae
2617 3700 2841 3768 desunt,
2867 3701 3067 3772 quibus
3093 3705 3257 3755 noctu
3289 3706 3341 3754 et
3363 3699 3532 3753 inter-

1971 3791 2065 3846 diu
2100 3791 2253 3845 labor
2282 3790 2563 3857 dividitur,
2598 3799 2657 3845 ut
2687 3792 2780 3861 qui
2813 3807 2908 3861 per
2937 3799 3229 3861 utrumque
3260 3804 3447 3844 eorum
3472 3790 3534 3849 in

1972 3897 2031 3937 se
2057 3882 2291 3937 invicem
2314 3890 2652 3946 exerceatur,
2685 3898 2808 3937 cum
2841 3881 2957 3935 dies
2988 3881 3204 3950 quidem
3236 3894 3529 3934 consuma-

1971 3981 2062 4027 tur
2092 3972 2150 4027 in
2181 3973 2493 4027 laboribus:
2534 3988 2641 4027 nox
2673 3979 2851 4027 autem
2889 3987 3139 4026 somnum
3171 3970 3424 4025 amandet
3462 3970 3538 4028 ab.

1974 4065 2169 4120 oculis.
2196 4064 2456 4118 Somnum
2482 4063 2625 4117 enim
2670 4063 2944 4133 expellunt
2971 4061 3039 4117 de
3077 4062 3230 4116 lucro
3266 4060 3532 4115 sollicitu-

1974 4154 2152 4210 dines.
2177 4154 2280 4220 Qui
2306 4170 2437 4225 ergo
2461 4154 2525 4208 ad
2554 4154 2669 4209 haec
2698 4153 2915 4223 aspicit,
2944 4151 3396 4222 quemadmodum
3420 4167 3539 4208 non

1974 4246 2301 4301 condemnat
2327 4244 2617 4300 vanitatem
2650 4245 2769 4315 ejus
2793 4243 3005 4299 studii?
3042 4242 3106 4297 Et
3134 4243 3254 4298 ideo
3285 4242 3435 4299 addit
3461 4242 3533 4297 iis

299 4360 423 4419 qua:
463 4347 617 4416 prius
671 4345 816 4401 dicta
866 4355 1014 4416 sunt,
1050 4348 1196 4421 quod
1218 4348 1322 4403 hoc
1352 4361 1570 4419 quoque
1599 4346 1671 4402 sit
1698 4344 1933 4402 vanitas.
1973 4342 2211 4398 Rursum
2248 4340 2409 4395 aliam
2443 4340 2619 4411 tangit
2647 4339 3041 4410 objectionem.
3079 4336 3203 4399 Hoc
3231 4347 3316 4395 est
3350 4344 3532 4395 autem

299 4438 447 4511 quod
471 4436 761 4507 objicitur:

370 4527 432 4579 Et
461 4526 523 4579 τὸ
563 4525 670 4591 ἔξω
696 4524 853 4597 ἡμῶν
894 4526 952 4579 ὲν
998 4528 1111 4591 τοῖς
1141 4526 1389 4598 ματαίοις
1415 4525 1685 4597 ἀριθμεῖς,
1717 4516 1762 4577 ὧ
1789 4522 1866 4576 δι-

2046 4518 2101 4574 Si
2137 4519 2291 4590 quod
2313 4526 2470 4573 extra
2499 4534 2598 4574 nos
2630 4529 2734 4585 est,
2763 4519 2997 4574 invanis
3027 4532 3306 4583 numeras.
3332 4532 3366 4572 ο
3394 4532 3534 4589 pra:-

298 4617 532 4672 δάσκαλε
558 4632 573 4647 ⁸
625 4619 760 4689 ὅπερ
797 4618 863 4671 ἂν
902 4618 983 4681 είς
1012 4619 1235 4681 ἑαυτοὺς
1262 4618 1639 4689 ἀναλάϐωμεν,
1673 4616 1771 4669 οὐκ
1803 4615 1866 4669 ἂν

300 4710 524 4771 εἰκότως
558 4706 913 4778 καταγνωσθῇ
940 4707 1015 4770 ὼς
1042 4707 1286 4777 μάταιον.
1334 4707 1492 4761 Ἀλλὰ
1524 4707 1631 4777 μὴν
1657 4709 1689 4775 ἡ
1729 4704 1870 4778 βρῶυ

300 4799 385 4862 σίς
410 4815 470 4850 τε
513 4798 606 4850 καὶ
651 4797 684 4867 ἡ
731 4797 887 4859 πόσις
932 4798 989 4848 ὲν
1036 4798 1166 4867 ἡμῖν
1196 4797 1376 4857 αὐτοῖς
1404 4796 1627 4865 γίνεται.
1661 4796 1735 4849 Οὺ
1762 4795 1871 4850 τῶν

248 4914 255 4919 ’
300 4889 621 4959 ἀποϐλήτων
648 4887 756 4960 ἄρα
777 4888 838 4940 τὸ
867 4886 1104 4940 τοιοῦτόν
1134 4890 1301 4955 ἐστιν,
1332 4884 1467 4941 ἀλλὰ
1498 4888 1643 4941 θείαν
1673 4904 1756 4951 τις
1783 4888 1871 4939 εύ-

302 4982 553 5055 εργεσίαν
601 4980 701 5050 τὴν
748 4979 1001 5050 τοιαύτην
1048 4981 1204 5051 χάριν
1250 4982 1509 5051 ὁρίσαιτο.
1573 4979 1718 5050 Αὕτη
1773 4980 1872 5049 τῆς

301 5073 624 5135 ἀντιθέσεως
649 5074 682 5142 ὴ
712 5072 918 5126 διάνοια
939 5089 952 5102 '
988 5072 1057 5124 τά
1087 5073 1144 5126 δὲ
1181 5074 1398 5144 ῥήματα
1430 5072 1615 5125 τοῦτον
1644 5073 1757 5143 ἔχει
1782 5072 1871 5123 τὸν

301 5162 518 5233 τρόπον·
567 5180 586 5212 ι
617 5160 729 5213 Οὐκ
753 5161 900 5215 ἐστιν
916 5160 1137 5229 ἀγαθὸν,
1166 5179 1183 5210 ι
1215 5160 1398 5229 φησὶν,
1433 5178 1451 5211 ι
1490 5162 1546 5212 ὲν
1578 5158 1868 5229 ἀνθρώπῳ,

301 5254 335 5324 ἦ
367 5253 395 5306 ὃ
422 5253 655 5323 φάγεται
696 5253 789 5305 καὶ
836 5252 1050 5317 πίεται,
1094 5251 1189 5304 καὶ
1232 5250 1393 5315 δείξει
1422 5253 1489 5322 τῇ
1521 5250 1666 5323 ψυχῇ
1707 5250 1870 5304 αὐτοῦ

302 5344 507 5413 ἀγαθὸν
532 5346 591 5397 ὲν
615 5343 799 5415 μόχθῳ
827 5342 1012 5398 αὑτοῦ.
1037 5341 1143 5396 Καί
1169 5359 1231 5411 γε
1261 5341 1418 5395 τοῦτο
1452 5338 1591 5395 εἶδον
1623 5342 1755 5412 ἐγὼ,
1790 5343 1873 5395 ἕτι

303 5434 411 5489 ἀπὸ
444 5435 625 5505 χειρὸς
671 5433 763 5486 τοῦ
813 5431 947 5487 Θεοῦ
997 5436 1174 5495 ἐστιν.
1216 5433 1297 5486 ὅτι
1345 5449 1429 5495 τις
1472 5432 1655 5486 πίεται
1700 5431 1874 5502 πάρεξ

304 5524 488 5579 αὐτοῦ.
524 5543 543 5576 ι
585 5523 768 5578 Ταῦτα
792 5524 821 5576 ό
844 5523 945 5594 τῆς
974 5523 1304 5594 λαιμαργίας
1328 5522 1623 5594 συνήγορος
1642 5523 1874 5577 ἀνθυπο-

304 5615 459 5688 φέρει
498 5614 576 5686 τῷ
612 5614 915 5685 διδασκάλῳ
950 5631 965 5645 ·
1015 5615 1096 5668 ὅτι
1141 5614 1198 5667 δὲ
1236 5614 1374 5686 πρὸς
1397 5613 1571 5668 ταῦτα
1600 5615 1628 5667 ὁ
1655 5616 1753 5684 τῆς
1784 5630 1874 5666 σο-

305 5708 434 5776 φίας
459 5705 744 5777 ύφηγητὴς
777 5703 854 5775 τῷ
891 5702 1158 5775 ἀνθρώπῳ
1190 5704 1323 5776 φησὶ
1356 5703 1433 5773 τῷ
1471 5701 1659 5777 ἀγαθῷ
1688 5718 1702 5734 ·
1748 5705 1781 5773 ἡ
1819 5702 1875 5757 δὲ

304 5798 400 5853 τοῦ
427 5797 634 5867 ἀγαθοῦ
666 5796 948 5868 προσθήκη
989 5796 1202 5859 πάντως
1230 5794 1323 5851 καὶ
1348 5794 1445 5864 τὴν
1478 5794 1759 5866 διαστολὴν
1792 5796 1876 5847 ἐν·

1970 4622 2192 4681 ceptor:
2229 4609 2371 4679 quod
2409 4611 2462 4663 in
2496 4626 2596 4663 nos
2632 4610 2779 4679 ipsos
2826 4610 3218 4679 acceperimus,
3266 4623 3373 4661 non
3409 4606 3533 4677 jure

1970 4700 2322 4755 damnabitur
2349 4708 2408 4753 ut
2445 4713 2667 4753 vanum.
2704 4699 2865 4769 Atqui
2899 4700 2953 4753 in
2984 4699 3143 4753 nobis
3168 4706 3254 4753 est
3281 4698 3438 4752 cibus
3477 4704 3537 4751 et

1969 4801 2153 4863 potus.
2180 4790 2299 4846 Non
2336 4797 2423 4847 est
2457 4805 2589 4866 ergo
2613 4791 2715 4844 hoc
2740 4790 3121 4860 rejiciendum,
3151 4790 3244 4845 sed
3279 4788 3526 4843 divinum

1969 4886 2075 4940 hoc
2104 4900 2229 4940 esse
2254 4883 2571 4938 beneﬁcium
2597 4891 2681 4938 est
2710 4882 3078 4939 statuendum.
3109 4881 3209 4936 llic
3230 4890 3314 4936 est
3334 4897 3531 4938 sensus

1970 4972 2314 5044 objectionis.
2350 4969 2527 5026 Verba
2561 4980 2741 5025 autem
2775 4972 2879 5024 hoc
2911 4968 3068 5024 modo
3106 4969 3336 5024 habent:
3367 4965 3529 5020 «Non

1971 5071 2063 5118 est
2084 5064 2340 5125 bonum,»
2378 5061 2574 5129 inquit,
2614 5061 2707 5115 «in
2730 5061 2968 5123 homine,
3002 5058 3105 5114 nisi
3131 5060 3274 5129 quod
3304 5058 3453 5112 bibet
3478 5065 3533 5111 et

1972 5152 2240 5217 comedet,
2270 5163 2330 5207 et
2354 5153 2605 5208 ostendet
2636 5154 2832 5208 animae
2879 5168 2996 5207 sua:
3020 5152 3219 5206 bonum
3257 5150 3310 5203 in
3348 5149 3534 5203 labore

1973 5261 2095 5300 suo.
2137 5244 2202 5300 Et
2228 5246 2331 5301 hoc
2360 5253 2508 5301 certe
2532 5246 2642 5301 vidi
2676 5261 2797 5320 ego,
2834 5244 2978 5316 quod
3014 5245 3085 5299 sit
3125 5259 3155 5297 a
3199 5257 3361 5296 manu
3411 5239 3531 5306 Dei,

1972 5336 2117 5406 quod
2142 5337 2415 5407 quispiam
2456 5336 2693 5391 comedit
2734 5346 2786 5390 et
2824 5335 2960 5389 bibit
2997 5334 3115 5389 sine
3162 5334 3331 5402 ipso.)
3366 5330 3532 5395 Quis-

1971 5430 2118 5501 piam
2154 5437 2346 5484 autem.
2368 5437 2630 5499 patronus
2662 5429 2799 5499 gulae
2832 5428 2946 5483 haec
2978 5426 3164 5497 objicit
3189 5423 3529 5495 praeceptori.

1975 5522 2056 5576 Ad
2084 5521 2197 5576 haec
2220 5529 2398 5575 autem
2423 5521 2555 5575 dicit
2585 5520 2779 5576 doctor
2809 5519 3109 5589 sapientiae,
3137 5516 3342 5570 homini
3367 5516 3529 5568 bono.

1974 5613 2106 5669 Boni
2140 5622 2319 5668 autem
2356 5613 2587 5682 adjectio
2619 5612 2788 5666 efﬁcit
2829 5611 3057 5665 omnino
3103 5607 3531 5669 distinctionem,

1976 5712 2035 5759 ut
2066 5705 2135 5759 sit
2174 5704 2544 5768 manifestum,
2587 5703 2735 5773 quod
2767 5703 2994 5756 bonitati
3034 5700 3358 5770 intelligitur
3407 5715 3533 5754 esse

1977 5798 2330 5854 eontran’uin.
2363 5795 2573 5850 llomiui
2602 5810 2750 5866 ergo,
2782 5809 2887 5848 non
2911 5791 3124 5862 pecudi,
3159 5790 3410 5861 nequeei
3441 5793 3537 5861 qui
