3986 6446
243 330 337 384 697

1320 332 1385 387 IN
1422 327 1954 386 ECCLESIASTEN.
1998 324 2281 381 HOMILIA
2316 324 2392 381 Vl.

3286 334 3297 359 ι
3375 310 3482 367 698

248 453 376 524 πρὸς
399 452 498 523 τὴν
530 452 624 505 τοῦ
651 453 764 523 βίου
787 452 1121 525 κατόρθωσιν
1146 453 1232 507 διὰ
1275 453 1368 506 τοῦ
1400 454 1559 521 λόγου
1606 451 1806 505 λαϐών.

1935 446 2206 503 idmodum
2259 444 2327 497 sit
2366 458 2432 495 ex
2484 440 2685 492 virtute
2717 433 3026 495 vivendum,
3058 428 3291 502 quadam
3314 429 3479 481 veluti

248 542 428 596 Ταῦτα
446 537 538 595 οῦν
576 544 721 595 ἐστιν
748 542 783 598 ἃ.
812 543 1200 611 ἐπαγγέλλεται
1227 545 1356 613 ἡμῖν
1376 544 1431 595 ὲν
1449 541 1752 614 προοιμίοις
1778 544 1812 613 ὴ

249 632 580 703 προκειμένη
608 632 715 684 τῶν
748 632 919 701 λόγων
947 633 1216 699 ἐξέτασις,
1249 634 1307 685 έν
1344 626 1425 695 οἷς
1453 632 1814 700 ἀποφαίνεται

249 726 328 777 ὅτι
351 726 462 787 τοῖς
494 725 658 777 πᾶσιν
687 726 715 777 6
744 724 933 795 χρόνος
990 726 1084 778 καὶ
1136 725 1323 796 καιρὸς
1357 724 1433 795 τῷ
1466 724 1626 778 παντὶ
1670 723 1814 794 πρά-

252 833 415 885 γματι
449 816 552 869 ὑπὸ
584 815 675 868 τὸν
700 818 953 889 οὐρανόν.
974 818 1034 870 Εἰ
1058 818 1165 887 γάρ
1184 834 1267 880 τις
1294 816 1372 888 τῷ
1400 817 1553 886 βάθει
1574 818 1672 887 τῆς
1702 818 1818 871 δια-

254 905 397 968 νοίας
440 905 731 975 ὲγκύψειε,
774 906 973 976 πολλὴν
1009 905 1075 959 ἂν
1116 906 1326 978 εῦροιτο
1359 906 1672 977 φιλοσοφίαν
1712 909 1815 977 ὲμο

250 997 713 1069 περιειλημμένην
739 1001 848 1062 τοῖς
874 1000 1101 1069 ῥήμασι,
1124 998 1461 1070 θεωρητικήν
1489 1017 1547 1051 τε
1568 1001 1661 1053 καὶ
1682 1017 1744 1053 συ
1753 1018 1817 1068 μ-

253 1086 601 1157 βουλευτικὴν
650 1088 758 1141 τῶν
798 1089 1200 1161 συμφερόντων.
1238 1092 1346 1143 Καὶ
1393 1091 1469 1154 ὡς
1501 1091 1567 1144 ἂν
1609 1093 1818 1158 γένοιτό

250 1196 331 1242 τις
372 1181 505 1249 ἡμῖν
535 1179 600 1233 δι’
634 1180 827 1248 ὀλίγων
857 1179 1044 1247 ἔφοδος
1069 1181 1203 1252 πρὸς
1232 1182 1327 1251 τὴν
1355 1181 1446 1234 τοῦ
1489 1182 1650 1252 ῥητοῦ
1681 1182 1817 1235 θεω-

254 1271 398 1341 ρίαν,
430 1270 628 1323 οὑτωσὶ
661 1271 749 1325 τὸν
777 1271 929 1340 λόγον
958 1272 1358 1342 διαληψόμεθα·
1390 1273 1510 1327 Τῶν
1541 1274 1726 1336 ὄντων,
1758 1274 1818 1326 τὸ

255 1362 355 1433 μέν
397 1364 543 1416 ἐστιν
578 1363 762 1417 ὑλικόν
800 1382 859 1417 τε
897 1368 989 1420 καί
1020 1366 1276 1437 αἰσθητόν
1303 1382 1314 1393 ·
1343 1366 1404 1418 τὸ
1437 1366 1493 1419 δὲ
1540 1367 1727 1437 νοητόν
1760 1384 1819 1420 τε

253 1455 346 1507 καὶ
373 1453 552 1508 άῢλον.
588 1455 802 1508 Τούτων
840 1456 899 1509 16
928 1458 1025 1527 μὲν
1051 1456 1340 1527 ἀσώματον
1367 1458 1687 1527 ὑπέρκειται
1723 1458 1820 1527 τῆς

251 1543 519 1614 αἰσθητῆς
550 1540 990 1621 καταλήψεως,ᾖ
1031 1547 1152 1600 τότε
1192 1547 1534 1617 γνωσόμεθα,
1562 1549 1689 1601 ὅταν
1721 1548 1820 1611 τὰς

252 1632 535 1700 αἰσθήσεις
579 1632 991 1703 ἀποδυσώμεθα.
1046 1634 1156 1703 Τῆς
1187 1634 1243 1687 δὲ
1295 1635 1482 1705 ὑλικῆς
1541 1635 1818 1707 φύσεωςή

252 1720 502 1791 αἴσθησις
534 1720 633 1791 τὴν
662 1721 945 1791 ἀντίληψιν
977 1722 1195 1791 ἔχουσα,
1229 1722 1478 1792 διαϐῆναι
1511 1724 1571 1777 τὸ
1602 1726 1820 1797 οὐρανι-

1915 550 2032 596 arte
2082 548 2135 593 et
2181 534 2436 591 metbodo
2476 548 2569 601 per
2617 531 2885 585 rationem
2929 532 3151 595 accepta
3202 521 3268 575 ad
3315 522 3480 575 vitam

1917 638 2065 687 recte
2094 626 2414 698 degendam.
2452 622 2577 675 Ηεεε
2608 628 2735 675 sunt
2762 632 2892 688 ergo
2922 630 3040 684 qua:
3069 613 3225 667 nobis
3259 613 3481 682 pollice-

1915 732 2007 776 tur
2032 724 2088 777 in
2121 719 2387 791 prooemio
2414 717 2693 787 proposita
2726 712 3015 766 verborum
3042 705 3392 765 examinatio,
3430 705 3483 757 in

1915 815 2116 887 quibus
2152 810 2471 880 pronuntiat
2509 824 2632 863 esse
2672 816 2885 875 tempus
2929 814 2982 858 et
3022 802 3485 873 opportunitatem

1918 890 2190 972 universa:
2217 905 2292 955 rei
2320 904 2422 956 sub
2455 901 2616 955 cmlo.
2654 898 2711 952 Si
2738 896 2860 967 quis
2893 896 3037 949 enim
3066 892 3486 963 profunditatem

1919 1013 2121 1054 sensus
2158 995 2569 1064 introspexerit,
2613 991 2853 1045 inveniet
2884 989 2939 1041 in
2976 988 3155 1041 verbis
3185 1001 3307 1040 esse
3337 997 3487 1037 com-

1916 1091 2251 1161 prehensum
2306 1087 2536 1140 multum
2581 1081 2964 1155 philosophia),
3006 1088 3114 1133 tam
3156 1075 3490 1145 contempla-

1918 1184 2065 1244 tivae,
2101 1196 2265 1251 quam
2304 1178 2425 1248 ejus
2454 1192 2575 1247 quae
2612 1174 2853 1231 consulit
2882 1189 2945 1228 ea
2993 1187 3114 1242 quae
3147 1179 3274 1226 sunt
3314 1170 3487 1223 utilia.

1920 1274 1991 1329 Ut
2021 1282 2201 1329 autem
2225 1272 2295 1326 sit
2320 1271 2478 1325 nobis
2504 1270 2693 1338 paucis
2724 1278 2873 1322 certa
2896 1267 2979 1319 via
3004 1280 3066 1319 ac
3090 1264 3229 1319 ratio
3262 1262 3327 1317 ad
3361 1276 3491 1315 con-

1921 1372 2127 1421 textum
2166 1361 2601 1431 intelligendum,
2638 1358 2705 1411 de
2744 1374 2808 1412 eo
2839 1364 3076 1409 tractare
3102 1355 3177 1407 ita
3211 1350 3491 1422 aggredie-

1893 1470 2046 1517 'mur
2068 1468 2081 1505 :
2102 1453 2175 1509 Ex
2203 1454 2270 1508 iis
2296 1468 2417 1522 quae
2440 1459 2589 1514 sunt,
2618 1448 2764 1504 aliud
2782 1447 3000 1517 quidem
3028 1455 3111 1500 est
3138 1443 3417 1498 materiale
3437 1451 3491 1496 et

1920 1546 2156 1603 sensile:
2189 1545 2332 1599 aliud
2354 1554 2534 1598 autem
2569 1542 2715 1611 quod
2752 1540 2900 1594 cadit
2926 1538 3027 1592 sub
3055 1536 3487 1606 intelligentiam,

1920 1642 1974 1690 et
2017 1641 2103 1688 est
2145 1648 2342 1701 expers
2378 1632 2639 1685 materia}.
2676 1630 2752 1683 Ex
2786 1628 2875 1694 iis,
2908 1628 2958 1681 id
2990 1625 3207 1696 quidem
3238 1626 3381 1695 quod
3409 1634 3495 1678 est

1923 1726 2331 1793 incorporeum.
2362 1730 2657 1792 exsuperat
2691 1736 2887 1775 sensus
2925 1718 3490 1789 comprehensionem.

253 1809 349 1862 κὺν
373 1808 550 1879 σῶμα,
583 1810 677 1862 καὶ
709 1812 787 1873 εἰς
824 1811 893 1862 τὰ
923 1811 1177 1863 ἐπέκεινα
1203 1811 1309 1863 τῶν
1342 1812 1675 1882 φαινομένων
1708 1812 1819 1865 δια-

1935 1823 2192 1887 ιιιειεηυε
2219 1825 2351 1870 tunc
2382 1828 2799 1885 cognoscemus,
2840 1811 3062 1882 quando
3099 1827 3299 1866 sensus
3331 1825 3493 1864 exue-

252 1900 407 1954 δῦναι.
437 1901 595 1967 φύσιν
623 1900 721 1953 οὐκ
759 1900 892 1970 ἔχει.
920 1896 993 1955 Οῦ
1025 1902 1184 1972 χάριν
1216 1902 1283 1955 τὰ
1314 1904 1441 1970 περὶ
1478 1903 1585 1956 τῶν
1616 1904 1817 1973 γηΐνων

253 1994 350 2044 καὶ
402 1993 733 2063 ἐπουρανίων
774 1995 802 2045 6
834 1993 990 2061 λόγος
1034 1996 1161 2065 ἡμῖν
1209 1994 1533 2061 διαλέγεται,
1564 1997 1711 2059 ὅπως
1755 1996 1821 2049 ἂν

253 2082 568 2147 ἀπταίστως
593 2086 649 2136 έν
671 2084 843 2155 τούτῳ
872 2086 1187 2155 διαϐιῶμεν.
1216 2088 1425 2151 ’Υλικὸς
1444 2080 1597 2150 οὗτος
1624 2090 1652 2141 6
1686 2087 1818 2157 βίος,

251 2175 342 2226 διὰ
398 2176 596 2245 σαρκὸς
639 2176 835 2247 ἠζωή.
888 2177 1282 2231 Ἐπισκοτεῖται
1326 2178 1381 2231 δέ
1428 2196 1541 2241 πως
1582 2179 1686 2231 ὑπὸ
1712 2179 1822 2232 τῶν

254 2272 379 2322 κατ’
426 2269 675 2341 αἴσθησιν
729 2273 1137 2341 ἐμφαινομένων
1191 2272 1346 2344 ἢτοῦ
1383 2273 1547 2327 καλοῦ
1600 2272 1820 2344 θεωρία.

266 2361 323 2413 Ἐ
336 2363 607 2431 πιστὴμης
629 2358 720 2415 οῦν
741 2379 881 2426 τινος
906 2364 1039 2436 πρὸς
1068 2364 1163 2434 τὴν
1194 2365 1286 2417 τοῦ
1307 2364 1471 2418 καλοῦ
1495 2364 1674 2435 κρίσιν
1701 2366 1821 2415 ὲπι-

251 2450 487 2520 δεόμεθα
513 2492 528 2516 ,
566 2453 653 2505 ἵνα
699 2454 948 2527 καθάπερ
992 2455 1084 2507 ἐπὶ
1131 2456 1237 2507 τῶν
1286 2455 1823 2525 κατασκευασμάτων

254 2542 435 2595 κανών
463 2560 546 2605 τις
578 2545 608 2613 ἢ
651 2546 957 2616 ἐπιστάθμη
1007 2546 1259 2617 διευθύνῃ
1290 2548 1398 2599 πᾶν
1434 2548 1494 2599 τὸ
1521 2546 1821 2616 γινόμενον.

252 2633 430 2687 Τοῦτο
468 2633 560 2688 οὖν
605 2638 736 2707 ἡμῖν
770 2638 874 2689 ὑπὸ
910 2636 1003 2689 τοῦ
1051 2639 1207 2705 λόγου
1242 2638 1640 2708 προδείκνυται,
1665 2637 1733 2689 δι’
1765 2630 1825 2690 οῦ

257 2727 397 2795 πρὸς
428 2727 487 2780 16
512 2728 626 2780 δέον
651 2731 682 2797 ή
717 2730 827 2799 ζωὴ
860 2730 1259 2783 κατευθύνεται.

1924 1909 2119 1962 rimus.
2147 1906 2477 1961 Materialem
2501 1915 2680 1960 autem
2708 1914 2960 1958 naturam
2986 1918 3181 1960 sensus
3204 1902 3497 1972 apprehen—

1924 2000 2081 2065 dens,
2117 2014 2225 2053 non
2273 2007 2356 2053 est
2398 1998 2517 2067 ejus
2556 2005 2765 2051 natura;
2805 2004 2863 2049 ut
2897 1996 3068 2065 possit
3116 1994 3351 2048 transire
3385 2007 3495 2046 caa-

1925 2089 2061 2143 leste
2097 2104 2323 2156 corpus,
2352 2098 2405 2141 et
2434 2087 2729 2155 pervadere
2762 2086 2903 2138 ultra
2938 2100 2999 2139 ea
3036 2100 3142 2153 que
3175 2091 3495 2137 cernuntur.

1924 2182 2289 2247 Quamobrem
2324 2180 2481 2233 nobis
2508 2179 2750 2248 loquitur
2772 2192 2953 2233 sermo
2980 2177 3047 2231 de
3075 2176 3239 2230 rebus
3264 2174 3498 2229 terrenis

1924 2282 1978 2325 et
2006 2270 2346 2331 caelestibus,
2396 2276 2454 2322 ut
2490 2268 2629 2322 citra
2670 2283 2912 2322 errorem
2964 2268 3018 2319 in
3066 2267 3171 2319 bac
3202 2267 3311 2319 vita
3353 2265 3502 2317 viva-

1928 2379 2068 2417 mus.
2107 2361 2403 2416 Materialis
2440 2361 2553 2415 hate
2590 2362 2697 2413 vita
2729 2368 2813 2414 est
2838 2360 2949 2412 vita
2990 2375 3085 2429 per
3130 2373 3369 2412 carnem.
3420 2356 3502 2409 Ab

1928 2454 1997 2508 iis
2042 2461 2225 2508 autem
2256 2469 2378 2523 qua:
2424 2467 2522 2522 per
2572 2468 2795 2507 sensum
2838 2460 3123 2520 apparent,
3173 2452 3501 2504 obscuratur

1930 2545 2332 2615 quodammodo
2365 2546 2755 2615 contemplatio
2785 2544 2905 2613 ejus
2929 2544 3074 2613 quod
3103 2551 3186 2598 est
3219 2543 3420 2596 bonum
3450 2546 3503 2594 et

1932 2636 2242 2690 honestum.
2293 2635 2444 2705 Opus
2490 2644 2575 2691 est
2619 2652 2750 2705 ergo
2779 2636 2963 2705 aliqua
2998 2635 3227 2689 scientia
3268 2633 3331 2686 ad
3360 2630 3507 2701 judi-

1931 2726 2166 2780 candum
2205 2727 2256 2779 id
2285 2727 2432 2798 quod
2474 2735 2557 2782 est
2599 2728 2800 2782 bonum
2850 2736 2904 2781 et
2950 2727 3256 2788 bone-stum,
3299 2733 3357 2778 ut
3388 2734 3507 2777 tan-

257 2829 422 2883 quam
470 2817 524 2870 in
569 2817 814 2873 aediﬁciis
852 2820 1039 2891 regula
1080 2820 1259 2889 aliqua
1304 2828 1397 2873 aut
1445 2820 1703 2883 amussis,
1745 2818 1798 2872 id
1838 2825 2013 2871 totum
2050 2817 2194 2888 quod
2250 2818 2308 2871 ﬁt
2349 2818 2569 2889 dirigat.
2617 2820 2699 2873 Ab
2733 2819 2980 2872 oratione
3024 2832 3153 2887 ergo
3201 2818 3302 2871 hoe
3352 2814 3508 2868 nobis

258 2906 415 2975 prius
440 2908 766 2971 ostenditur,
802 2926 897 2979 per
926 2910 1071 2980 quod
1101 2912 1208 2964 vita
1238 2911 1496 2983 dirigitur
1525 2913 1592 2966 ad
1634 2912 1684 2965 id
1724 2910 1872 2979 quod
1909 2919 2147 2979 oportet.

329 3001 433 3053 Δύο
487 3002 593 3073 γὰρ
646 3000 785 3057 εἷναί
838 3022 968 3074 φησι
1018 3004 1108 3059 τοῦ
1172 3005 1335 3061 καλοῦ
1375 3007 1637 3075 κριτήρια
1682 3003 1832 3074 παρὰ

254 3094 350 3144 τὸν
401 3093 535 3163 βίον,
576 3095 658 3163 ἐφ’
707 3096 924 3165 ἑκάστῳ
955 3094 1065 3147 τῶν
1106 3097 1243 3165 ὲντῇ
1289 3094 1399 3165 ζωῇ
1444 3095 1616 3165 ταύτῃ
1663 3111 1829 3145 σπου-

2008 3002 2152 3055 Dicit
2200 3003 2345 3055 enim
2385 3002 2496 3056 duo
2530 3018 2676 3064 esse,
2725 3018 2822 3072 per
2855 3018 2977 3071 qua:
3021 3001 3168 3072 quod
3206 3002 3407 3055 bonum
3460 3011 3513 3054 et

1937 3093 2232 3147 honestum
2262 3100 2343 3147 est
2386 3092 2669 3162 judicatur
2702 3094 2754 3146 in
2804 3094 2933 3157 vita,
2970 3092 3027 3147 in
3058 3107 3387 3162 unequoque
3419 3106 3515 3144 eo-

254 3185 608 3255 δαζομένων,
645 3186 707 3238 16
763 3186 1073 3256 σύμμετρον
1132 3187 1224 3238 καὶ
1282 3186 1341 3238 16
1395 3184 1667 3255 εὔκαιρον.
1723 3184 1832 3237 Καὶ

1936 3200 2054 3237 rum
2079 3184 2132 3237 in
2151 3200 2272 3253 qua:
2293 3183 2534 3237 studium
2554 3184 2609 3239 in
2637 3199 2697 3238 ea
2717 3184 2999 3238 confertur
3026 3202 3039 3237 :
3067 3200 3260 3252 nempe
3288 3197 3515 3253 symme-

255 3276 417 3330 τοῦτο
478 3276 788 3347 δογματίζει
843 3278 936 3331 νῦν
995 3277 1349 3345 λέγων’Τοῖς
1404 3278 1567 3329 πᾶσιν
1618 3278 1646 3329 6
1702 3274 1830 3346 χρό·

256 3385 350 3431 νος
377 3408 392 3429 ,
431 3370 523 3422 καὶ
584 3370 773 3439 καιρὸς
804 3369 881 3439 τῷ
938 3371 1098 3423 παντὶ
1152 3370 1454 3440 πράγματι.
1497 3368 1733 3438 Νοητέον
1777 3366 1833 3420 δὲ

255 3462 384 3515 ἀντὶ
423 3460 517 3512 τοῦ
566 3461 756 3531 χρόνου
811 3462 872 3513 16
923 3463 1142 3533 μέτρον,
1187 3462 1318 3515 διότι
1375 3463 1537 3514 παντὶ
1590 3462 1696 3514 τῶν
1746 3479 1833 3529 γι-

256 3551 500 3620 νομένων
540 3552 1029 3622 συμπαρατείνεται
1056 3553 1264 3624 χρόνος.
1303 3551 1486 3607 Ταῦτα
1518 3551 1694 3605 τοίνυν
1741 3552 1833 3605 τοῦ

257 3638 429 3692 καλοῦ
465 3639 531 3692 τὰ
570 3641 847 3711 κριτήρια,
882 3644 931 3694 εἰ
967 3642 1041 3711 μὴ
1072 3641 1293 3695 καθόλου
1326 3642 1461 3712 πρὸς
1500 3643 1677 3695 πᾶσαν
1705 3642 1833 3711 ἀρε-

256 3731 365 3799 τῆς
406 3731 739 3802 κατόρθωσιν
792 3732 1107 3802 ἐπιτηδείως
1144 3732 1274 3801 ἔχει.
1314 3730 1465 3784 οὑπω
1512 3730 1835 3800 διισχυρίζο-

264 3840 385 3894 μαι,
417 3822 522 3884 ’ἐως
557 3820 619 3875 ἂν
646 3823 674 3875 6
698 3820 853 3889 λόγος
881 3821 1085 3893 προῖὼν
1116 3821 1372 3893 ἐπιδείξῃ.
1407 3822 1524 3875 Ὅτι
1562 3824 1744 3891 μέντοι.
1779 3822 1838 3873 τὸ

260 3913 447 3967 πλεῖον
484 3913 583 3983 τῆς
620 3911 953 3984 τεταγμένης
988 3910 1131 3984 ζωῆς
1176 3915 1242 3984 τῇ
1280 3912 1499 3983 τοιαύτῃ
1547 3912 1838 3981 κατορθοῦ-

260 4022 355 4057 ται
406 4006 803 4075 παρατηρήσει,
857 4004 1054 4067 παντὸς
1096 4004 1159 4057 ἂν
1207 4005 1292 4073 εἴη
1346 4005 1695 4075 κατανοῆσαι.
1745 4004 1841 4067 Τίς

262 4097 379 4166 γὰρ
408 4096 507 4148 οὑκ
535 4091 672 4149 οἶδεν
700 4097 780 4149 ὃτι
819 4098 912 4147 καὶ
956 4096 987 4165 ἡ
1031 4094 1198 4165 ἀρετὴ
1227 4094 1420 4166 μέτρον
1443 4095 1559 4147 ἐστὶ
1584 4096 1649 4164 τῇ
1684 4093 1840 4163 μεσό-

260 4202 389 4256 τητι
436 4183 542 4237 τῶν
585 4184 1122 4255 παραθεωρουμένων
1169 4184 1561 4256 μετρούμενον;
1624 4184 1697 4236 Οὑ
1734 4183 1841 4254 γάρ

259 4278 332 4334 ἂν
363 4277 570 4345 γένοιτο
602 4277 770 4347 ἁρετὴ
804 4279 836 4347 ἡ
872 4276 1092 4347 ἐλλιπὴς
1118 4277 1210 4329 τοῦ
1243 4276 1570 4347 καθήκοντος
1617 4277 1841 4348 μέτρου,

259 4370 294 4439 ἦ
338 4368 776 4438 ὑπερπίπτουσα,
815 4362 923 4419 οἷον
971 4368 1063 4418 ἐπὶ
1100 4367 1199 4435 τῆς
1239 4366 1510 4438 ἀνδρείας,
1546 4361 1611 4437 ἦς
1650 4366 1711 4420 τὸ
1747 4368 1844 4437 μὲν

258 4460 531 4523 ἐλλεῖπον,
574 4458 761 4522 δειλία,
790 4458 850 4511 16
883 4458 940 4511 δὲ
981 4456 1345 4528 ὑπερϐάλλον,
1382 4456 1578 4526 θράσος
1614 4457 1840 4523 γίνεται.

1937 3277 2043 3328 tria
2069 3284 2124 3329 et
2160 3275 2561 3345 opportunitas.
2603 3276 2680 3331 De
2720 3291 2785 3330 eo
2831 3287 3011 3331 autem
3044 3291 3191 3331 nunc
3235 3274 3514 3329 decretum

1936 3365 2153 3427 statuit,
2190 3365 2420 3419 dicens:
2462 3362 2731 3420 Omnibus
2763 3374 2847 3419 est
2888 3373 3124 3434 tempus,
3171 3371 3225 3417 et
3253 3371 3516 3433 Opportu-

1938 3458 2084 3512 nitas
2124 3458 2394 3512 universa:
2438 3458 2539 3512 rei.
2588 3456 2692 3513 Pro
2718 3467 2963 3529 tempore
2998 3466 3178 3511 autem
3217 3455 3518 3526 intelligere

1939 3558 2156 3621 Oportet
2222 3551 2444 3605 modum
2511 3566 2609 3606 seu
2656 3566 2990 3614 mensuram,
3035 3557 3320 3620 propterea
3372 3548 3519 3618 quod

1938 3656 2063 3696 cum
2091 3640 2336 3711 quolibet
2377 3657 2567 3707 eorum
2599 3657 2719 3711 quae
2755 3640 2890 3695 ﬁunt
2932 3649 3145 3710 tempus
3201 3640 3364 3694 simul
3420 3655 3519 3693 ex-

1939 3733 2215 3787 tendatur.
2254 3734 2381 3788 Haac
2434 3749 2565 3804 ergo
2620 3734 2820 3803 quibus
2881 3734 3083 3787 bonmn
3134 3742 3188 3786 et
3230 3733 3519 3785 honestum

1936 3825 2276 3896 judicantur,
2308 3841 2376 3878 an
2412 3826 2523 3880 sint
2551 3826 2778 3879 omnino
2809 3833 2935 3895 cpta
2968 3825 3033 3877 ad
3067 3839 3283 3877 onmem
3313 3831 3520 3875 rectam

1939 3934 2005 3971 ex
2035 3918 2238 3971 virtute
2282 3918 2581 3981 actionem,
2627 3916 2870 3970 nondum
2906 3917 3202 3976 constituo,
3247 3914 3421 3968 donec
3466 3911 3521 3966 id

1942 4006 2246 4075 procedens
2292 4006 2550 4060 ostendat
2596 4007 2796 4059 oratio.
2857 4002 3012 4070 Quod
3060 4014 3237 4058 autem
3287 4002 3521 4056 maxima

1943 4110 2071 4165 pars
2099 4096 2221 4149 vitae
2247 4110 2372 4149 vere
2401 4096 2667 4149 institutae
2694 4110 2754 4150 se
2790 4104 2937 4150 reute
2964 4104 3137 4162 gerat,
3168 4109 3233 4148 ea
3264 4094 3521 4149 observa-

1946 4188 2090 4239 tione
2123 4194 2299 4255 potest
2336 4186 2565 4255 quilibet
2596 4187 2928 4255 perspicere.
2964 4184 3102 4250 Quis
3145 4185 3291 4240 enim
3345 4184 3524 4240 nescit

1944 4276 2205 4330 virtutem
2265 4290 2390 4329 esse
2437 4290 2776 4340 mensuram,
2818 4290 2982 4344 quam
3026 4275 3247 4327 metitur
3286 4273 3523 4329 nvedium

1945 4383 2137 4422 eorum
2164 4382 2287 4437 qua:
2322 4367 2479 4436 juxta
2530 4382 2648 4421 eam
2697 4366 3159 4421 considerantur?
3202 4363 3320 4421 Non
3378 4366 3525 4420 enim

1952 4466 2134 4529 potest
2178 4473 2303 4513 esse
2330 4458 2526 4520 virtus.
2578 4458 2668 4511 cui
2706 4459 2789 4512 vel
2834 4458 3009 4521 deest,
3052 4457 3140 4513 vel
3185 4458 3272 4513 cui
3309 4457 3526 4513 excedit

259 4546 340 4606 Οὗ
368 4552 524 4622 χάριν
552 4554 643 4605 καί
681 4568 822 4615 τινες
847 4550 946 4621 τῆς
972 4549 1075 4615 ἔξω
1104 4546 1311 4616 σοφίας,
1334 4545 1559 4603 κλέπται
1580 4547 1718 4621 τάχα
1742 4547 1832 4601 τῶι

1953 4549 2295 4602 conveniens
2326 4562 2610 4611 mensura,
2651 4554 2709 4599 ut
2740 4548 2793 4599 in
2829 4549 3011 4617 magni
3046 4556 3100 4601 et
3125 4548 3330 4603 excelsi
3355 4549 3524 4601 animi

260 4641 550 4713 ἡμετέρων
576 4640 872 4709 γενόμενοι,
899 4638 1192 4707 διελόμενοι
1223 4635 1320 4707 τὴν
1355 4633 1757 4705 σημαινομένην
1787 4634 1844 4685 ὲν

260 4732 344 4801 τῷ
373 4729 523 4802 ρητῷ
560 4730 734 4800 τούτῳ
766 4730 1027 4789 διάνοιαν,
1067 4728 1095 4779 6
1133 4728 1229 4796 μὲν
1264 4726 1325 4778 16
1359 4725 1523 4796 μηδὲν
1560 4724 1844 4787 ἐλλείπειν,

260 4824 323 4875 ὲν
369 4820 751 4891 ἀποφθέγματι
786 4817 1220 4885 συνεϐούλευσεν,
1252 4818 1281 4869 ό
1317 4816 1372 4870 δὲ
1408 4816 1467 4869 16
1500 4816 1618 4869 λίαν
1647 4815 1850 4869 ἐκώλυ-

263 4930 394 4968 σεν·
425 4914 454 4965 ό
489 4914 587 4983 μὲν
617 4912 724 4983 γὰρ
756 4912 816 4964 τὸ
858 4911 1053 4981 μέτρον
1092 4910 1310 4979 ἄριστον
1351 4910 1696 4980 ἀπεφήνατο,
1736 4911 1764 4961 6
1793 4907 1847 4960 δὲ

260 5005 329 5059 τὸ
378 5004 543 5075 μηδὲν
588 5004 727 5072 ἄγαν
769 5001 1175 5072 ἐνομοθέτησεν.
1218 5000 1497 5053 Δείκνυται
1533 5000 1588 5052 δὲ
1625 4999 1691 5052 δι’
1726 5002 1849 5051 ὲκαο

262 5098 464 5167 τέρων,
514 5098 593 5150 ὃτι
641 5090 736 5149 καὶ
776 5095 837 5148 16
868 5093 941 5165 μὴ
968 5091 1248 5161 ἐφικέσθαι
1289 5090 1382 5143 τοῦ
1426 5090 1848 5160 ἐπιζητουμένου

264 5188 395 5244 κατ’
428 5189 627 5259 ἀρετὴν
659 5186 879 5257 μέτρου,
925 5184 1031 5237 τῶν
1078 5183 1535 5253 κατεγνωσμένων
1576 5182 1711 5243 ἐστὶ,
1758 5181 1852 5233 καὶ

267 5282 332 5334 τὸ
399 5277 754 5348 ὑπερϐάλλειν
805 5280 900 5348 τὴν
945 5276 1284 5347 συμμετρίαν
1330 5275 1648 5345 ἀπόϐλητον.
1694 5274 1852 5328 Ἀλλὰ

269 5376 370 5426 καί
411 5370 659 5443 περὶτοῦ
702 5370 842 5425 κατά
885 5370 980 5442 τὴν
1035 5370 1317 5437 εὐκαιρίαν
1374 5369 1572 5440 μέρους
1615 5371 1643 5420 6
1693 5370 1853 5433 αὑτὸς

272 5464 343 5516 ἂν
382 5462 513 5532 ημῖν
541 5462 931 5532 ἀποδοθήσεται
969 5462 1122 5529 λόγος
1142 5480 1153 5492 ⁸
1177 5462 1257 5513 δτι
1286 5458 1409 5513 οὔτε
1436 5460 1495 5512 τδ
1533 5460 1851 5531 προλαμ6ἀ’

270 5571 367 5608 νον
415 5555 514 5625 την
560 5555 863 5625 εὐκαιρίαν,
907 5553 1025 5606 οὔτε
1076 5555 1136 5606 τὸ
1186 5553 1532 5625 ἐφυστερίζον
1562 5557 1617 5607 ἐν
1652 5553 1854 5622 ἀγαθοῦ

274 5646 522 5717 κρίνεται
574 5648 756 5717 μοίρᾳ.
810 5647 875 5699 Τί
927 5646 1099 5717 ὢνησε
1144 5647 1232 5699 τὸν
1263 5647 1533 5715 γεωπόνον
1568 5646 1858 5716 ἐμπιστεύ-

279 5756 449 5793 canna
505 5739 601 5808 τὴν
650 5739 752 5791 τῶν
802 5738 1081 5806 ἀσταχύων
1123 5738 1311 5809 τομὴν,
1365 5740 1488 5808 πρὶν
1536 5740 1855 5809 ἀνδρωθῆναι

1950 4639 2176 4705 virtute,
2210 4638 2375 4707 cujus
2421 4636 2569 4707 quod
2617 4636 2801 4690 deﬁcit
2834 4637 3076 4706 quidem,
3110 4645 3194 4691 est
3234 4635 3523 4699 timiditas,

1956 4729 2106 4802 quod
2145 4739 2443 4800 exsuperat
2494 4736 2701 4793 autem,
2750 4737 2833 4784 est
2883 4729 3133 4782 audacia.
3160 4728 3526 4795 Quamobrem

1948 4828 2205 4876 externa:
2236 4819 2521 4888 sapientia
2556 4819 2832 4883 nonnulli,
2869 4834 2898 4871 a
2934 4820 3142 4874 nostris
3178 4819 3318 4872 forte
3358 4818 3529 4873 suﬁ‘u-

1948 4913 2076 4978 rati,
2115 4902 2529 4981 distinguentes
2560 4926 2787 4965 sensum
2824 4912 2916 4980 qui
2954 4916 3008 4964 in
3036 4912 3139 4965 hoc
3165 4920 3315 4965 textu
3356 4910 3529 4979 signi-

1952 5006 2170 5066 ﬁcatur,
2207 5002 2351 5055 alius
2395 5000 2639 5071 quidem,
2692 5009 2751 5055 ut
2795 5003 2931 5055 nihil
2982 5001 3200 5057 deesset
3253 5002 3529 5056 consuluit

1949 5095 2004 5148 in
2035 5093 2461 5162 apophtegmate
2490 5112 2503 5146 :
2528 5093 2671 5148 alius
2694 5109 2822 5147 vero
2846 5094 2989 5161 quod
3020 5094 3248 5146 nimium
3270 5103 3374 5157 est,
3406 5108 3520 5162 pro-

1952 5182 2147 5236 hibuit.
2186 5182 2319 5236 Nam
2368 5183 2458 5236 hic
2492 5184 2711 5253 quidem
2747 5200 2871 5239 esse
2900 5200 3217 5239 mensuram
3266 5184 3529 5253 optimam

1952 5274 2373 5344 pronuntiavit:
2425 5276 2563 5330 alter
2602 5291 2730 5329 vero
2767 5283 2826 5329 ut
2858 5291 2927 5330 ne
2975 5277 3107 5345 quid
3150 5284 3296 5331 esset
3336 5276 3522 5341 nimis,

1954 5371 2073 5441 lege
2103 5373 2307 5426 sanxit.
2341 5371 2444 5427 Per
2469 5381 2768 5442 utrumque
2801 5379 2987 5425 autem
3019 5372 3347 5435 ostenditur,
3383 5371 3527 5439 quod

1953 5479 2061 5517 non
2113 5466 2691 5534 assequi'mensuram
2731 5480 2852 5534 qua:
2898 5479 2962 5519 ex
3006 5465 3204 5517 virtute
3246 5464 3528 5532 quaaritnr,

1954 5560 2037 5607 est
2072 5569 2138 5608 ex
2191 5554 2256 5610 iis
2293 5571 2413 5625 qua“:
2448 5565 2578 5611 sunt
2633 5557 2927 5626 reprobata
2960 5573 2971 5608 :
3026 5562 3081 5608 et
3114 5554 3528 5608 convenientem

1955 5661 2285 5714 exsuperare
2334 5648 2592 5709 modum,
2649 5656 2732 5701 est
2791 5646 3171 5715 rejiciendum.
3228 5644 3334 5700 Sed
3378 5653 3431 5700 et
3464 5647 3532 5699 de

1958 5748 2109 5807 parte
2142 5742 2576 5810 opportunitatis
2612 5741 2757 5796 idem
2811 5754 3029 5810 quoque
3067 5756 3094 5795 a
3141 5740 3297 5795 nobis
3342 5740 3530 5797 trade-
