4044 6480
481 343 589 403 suo
678 334 691 363 '

1750 370 1807 426 S.
1841 372 2165 433 GREGORII
2206 377 2496 436 NYSSENI

3615 384 3719 442 700

484 475 612 572 tur:
648 478 845 537 nempe
876 469 1026 572 quod
1048 486 1236 572 neque
1261 478 1403 545 quod
1439 484 1698 549 praevenit
1725 492 2047 558 opportuni-

2149 495 2268 549 καθ’
2319 497 2467 569 ὥραν
2507 497 2575 551 τὰ
2617 497 2760 570 λήῖα,
2809 500 2841 571 ἥ
2897 500 3263 572 ὐπερθέμενον
3305 499 3404 572 τὴν
3452 499 3579 572 περὶ
3629 502 3720 559 τὸν

484 564 672 619 tatem,
690 573 867 629 neque
884 562 1027 630 quod
1044 564 1102 617 tit
1119 567 1351 632 tardius,
1368 570 1569 626 bonum
1594 586 1871 633 censetur.
1907 581 2046 646 Quid

482 650 990 721 prodestagricolze,
1008 657 1097 711 cui
1116 662 1364 715 mandata
1383 674 1607 721 estcura
1626 672 1874 726 secanda:
1889 689 2046 745 sege-

482 740 573 803 tis,
589 742 632 795 si
655 743 969 813 priusquam
992 749 1065 802 sit
1079 765 1234 820 seges
1258 766 1491 819 matura,
1508 774 1627 813 eam
1644 770 1813 828 secet,
1829 774 1921 819 aut
1938 740 2047 821 me-

481 837 595 884 tere
624 830 862 896 diﬂerat,
881 835 1056 892 donec
1084 856 1150 893 ex
1167 842 1364 899 culmis
1385 845 1961 906 ellluxerintsemina?
1987 853 2047 908 ln

481 930 677 977 neutro
708 926 851 979 enim
883 928 956 981 ita
995 943 1281 988 exercetur
1313 937 1555 992 studium
1589 951 1646 993 ut
1678 941 1750 996 sit
1788 941 1841 996 in
1879 945 2044 1009 bono,

481 1019 673 1082 utpote
702 1016 847 1083 quod
892 1020 1131 1075 secando
1168 1024 1479 1093 importune
1507 1030 1699 1098 perdat
1726 1034 2047 1102 opportuni-

480 1110 647 1159 tatem
690 1110 973 1177 temporis.
1014 1111 1172 1177 Quod
1203 1124 1383 1170 autem
1425 1117 1629 1173 dictum
1668 1129 1751 1176 est
1779 1122 1835 1176 in
1874 1131 2046 1194 parte,

478 1195 708 1267 intelligi
752 1209 933 1269 potest
981 1204 1145 1258 etiam
1192 1206 1246 1259 in
1297 1208 1576 1267 universo.
1620 1210 1859 1282 ldipsum
1902 1214 2047 1268 enim

479 1293 734 1346 usuvenit
774 1294 939 1349 etiam
979 1295 1032 1350 in
1071 1300 1439 1371 navigatione,
1468 1302 1583 1359 sive
1612 1306 1880 1376 quispiam
1907 1322 2046 1378 prae-

476 1384 685 1438 venerit
734 1388 1229 1457 opportunitatem,
1301 1393 1416 1449 sive
1466 1394 1680 1452 tardius
1730 1400 2044 1455 accesserit.

477 1472 620 1538 Quid
661 1484 839 1530 autem
863 1476 1155 1533 dicendum
1187 1481 1255 1536 de
1278 1483 1527 1539 medendi
1573 1493 1708 1550 arte,
1741 1500 1865 1540 cum
1890 1487 2046 1543 dam-

478 1580 611 1619 num
664 1567 1228 1641 all'eratexsuperatio
1276 1581 1330 1629 et
1376 1574 1623 1632 defectus
1674 1580 1938 1649 temporis
1993 1588 2049 1636 et

476 1671 772 1743 mensurae,
811 1675 930 1731 quae
976 1664 1231 1718 convenit
1263 1668 1578 1723 curationi?
1612 1668 1719 1725 Sed
1767 1670 1882 1726 haec
1924 1671 2049 1743 qui-

2153 587 2359 657 ἀμητον
2412 590 2665 663 σπουδὴν,
2709 590 2813 654 ἕως
2860 584 2920 644 οὐ
2970 594 3236 663 περιρρυῇ
3292 594 3358 662 τῇ
3394 591 3614 665 καλάμῃ
3651 593 3720 647 τὰ

2156 677 2478 749 σπέρματα;
2524 681 2612 733 Ἐν
2654 681 2919 754 οὔθετέρῳ
2966 682 3075 754 γὰρ
3123 681 3342 754 ὲνεργδς
3390 682 3482 736 ἐπ’
3530 682 3719 753 ἀγαθῷ

2149 768 2359 836 γίνεται
2393 771 2427 841 ή
2458 772 2681 842 σπουδὴ,
2721 772 2839 826 καθ’
2871 773 3054 847 ἐτέρου
3089 774 3179 827 τοῦ
3212 773 3403 845 καιροῦ
3447 774 3544 847 τὴν
3576 775 3720 846 ὠφέ-

2148 858 2296 912 λειαν
2328 861 2385 913 tv
2422 862 2485 932 τῇ
2530 862 2756 934 ἀκαιρία
2802 866 2903 935 τῆς
2946 868 3117 936 τομῆς
3167 865 3525 921 ἀπολλύοντα.
3560 868 3625 919 '0
3659 867 3718 920 δὲ

2149 952 2242 1005 ἐπὶ
2273 952 2472 1023 μέρους
2499 953 2733 1027 εἴρηται,
2760 957 2853 1009 καὶ
2880 958 2938 1009 tv
2960 960 3121 1011 παντὶ
3155 957 3379 1012 δυνατὸν
3410 958 3523 1010 ἐστι
3560 974 3717 1011 κατα-

2151 1043 2360 1112 νοῆσαι.
2399 1040 2521 1098 Οἵδε
2570 1046 2678 1116 γὰρ
2728 1047 2789 1101 τὸ
2823 1044 2939 1101 ἴσον
2981 1049 3072 1102 καὶ⁵
3109 1051 3143 1120 ὴ
3183 1048 3444 1113 ναυτιλία,
3476 1049 3584 1101 εἴτε
3633 1066 3719 1112 τις

2155 1135 2414 1208 προλάϐοι
2440 1137 2537 1208 τὴν
2558 1138 2858 1207 εὐκαιρίαν,
2889 1139 3002 1193 εἴτε
3040 1138 3455 1209 έφυστερίσειεν.
3486 1138 3550 1191 Τί
3579 1138 3623 1191 δ’
3653 1140 3724 1193 ἄν

2152 1239 2238 1286 τις
2284 1222 2353 1276 τά
2396 1224 2496 1295 τῆς
2522 1225 2765 1296 ἰατρικῆς
2812 1226 2978 1294 λέγοι,
3010 1227 3136 1298 παρ’
3168 1228 3290 1281 ὅσον
3340 1227 3456 1280 ἐστὶ
3500 1228 3593 1281 καὶ
3640 1229 3717 1291 εἰς

2157 1313 2361 1387 βλάϐην
2395 1316 2663 1387 ὑπερϐολή
2701 1334 2761 1370 τε
2807 1317 2900 1371 καὶ
2944 1316 3173 1386 ἔλλειψις
3215 1315 3309 1369 τοῦ
3352 1320 3417 1388 τῇ
3457 1316 3719 1388 θεραπείᾳ

2155 1404 2485 1476 καθήκοντος
2534 1405 2724 1478 καιροῦ
2768 1408 2860 1462 καὶ⁵
2912 1410 3149 1480 μέτρου;
3188 1408 3347 1461 Ἀλλά
3404 1408 3573 1461 ταῦτα
3620 1408 3717 1477 μὲν

2154 1498 2311 1552 ὲάσαι
2339 1499 2464 1571 χρὴ,
2493 1500 2581 1553 διὰ
2615 1499 2708 1554 τοῦ
2746 1499 2942 1571 ἐφεξῆς
2978 1500 3155 1569 λόγου,
3195 1501 3252 1555 tv
3281 1501 3466 1564 αὐταῖς
3486 1503 3603 1563 ταῖς
3622 1499 3715 1553 τοῦ

2167 1584 2586 1657 Ἐκκλησιαστοῦ
2614 1590 2815 1655 φωναῖς
2840 1588 3167 1660 σαφέστερον
3196 1590 3597 1661 φανερουμένου
3622 1587 3715 1642 τοῦ

2155 1675 2561 1748 ὑποδείγματος.

477 1742 602 1843 dem
630 1756 761 1802 sunt
793 1751 1081 1816 mittenda,
1130 1768 1254 1808 cum
1286 1771 1385 1825 per
1414 1756 1470 1811 id
1540 1758 1687 1829 quod
1725 1742 1986 1835 deinceps
2062 1742 2459 1836 sequitur,"in
2508 1770 2649 1840 ipsis
2686 1770 2867 1826 verbis
2913 1769 3257 1825 Ecclesiaste
3283 1770 3588 1843 exemplum
3627 1769 3719 1823 ﬁat

475 1838 702 1895 clarius.

551 1936 656 1990 Sed
694 1952 862 2007 quare
893 1947 1022 1994 sunt
1052 1939 1167 1995 haec
1198 1941 1358 1998 nobis
1390 1945 1692 2014 praemissa,
1728 1953 1789 2002 ut
1813 1962 1877 2004 ea
1910 1963 2044 2005 eon-
2075 1957 2120 2014 Β

478 2029 822 2087 sideremus?
863 2032 1134 2099 Quoniam
1175 2050 1352 2106 neque
1376 2037 1521 2106 quod
1567 2054 1828 2097 mensura
1874 2049 2046 2107 caret,

477 2130 563 2178 est
592 2123 817 2189 bonum,
850 2139 1028 2195 neque
1051 2127 1199 2193 quod
1229 2136 1316 2182 est
1350 2127 1761 2199 importunum;
1789 2132 1886 2189 sed
1916 2130 2049 2187 illud

477 2227 565 2275 est
596 2218 799 2274 bonum
825 2229 879 2275 et
906 2237 972 2275 ex
1013 2222 1216 2277 virtute
1260 2222 1489 2289 factum,
1518 2225 1665 2295 quod
1707 2241 1801 2296 per
1832 2234 2049 2281 utrum-

478 2327 588 2383 que
619 2315 832 2382 accepit
881 2312 1294 2382 perfectionem.
1332 2312 1388 2369 Si
1418 2316 1565 2370 enim
1614 2316 1707 2371 uni
1757 2317 1858 2372 soli
1889 2317 2049 2374 exiis

479 2404 876 2468 attenderetur,
929 2404 1199 2474 reliquum
1240 2414 1422 2461 autem
1466 2407 1853 2479 negligerctur,
1903 2417 2050 2465 esset

478 2495 673 2550 inutile
701 2496 865 2550 etiam
897 2496 1043 2565 quod
1094 2504 1243 2552 recte
1273 2506 1488 2568 gestum
1513 2509 1662 2556 esset
1708 2500 1764 2555 in
1813 2501 2046 2573 reliquo.

479 2586 637 2641 Sicut
672 2603 801 2659 ergo
825 2603 949 2643 cum
986 2603 1086 2643 nos
1118 2599 1325 2645 motuin
1355 2590 1572 2648 duobus
1604 2608 1928 2664 peragamus
1953 2610 2049 2664 pe-

478 2677 663 2744 dibus,
699 2678 747 2735 si
777 2680 1060 2751 quidpiam
1093 2681 1253 2736 alteri
1285 2684 1605 2747 accidisset,
1654 2685 1861 2741 inutilis
1903 2694 2049 2742 esset

479 2769 550 2823 ad
584 2784 809 2825 cursum
840 2770 889 2826 is
918 2772 1083 2827 etiam
1117 2773 1209 2827 cui
1244 2773 1382 2827 nihil
1412 2775 1632 2841 accidit,
1666 2786 1890 2846 propter
1927 2776 2048 2846 ejus

477 2863 572 2932 qui
619 2862 784 2917 simul
833 2878 957 2918 cum
1029 2864 1205 2919 altero
1233 2872 1528 2935 operatur,
1572 2866 2043 2921 imbecillitatem:

484 2956 558 3011 ita
617 2955 662 3011 si
726 2955 960 3025 tempori
1032 2956 1173 3011 desit
1234 2972 1540 3021 mensura,
1621 2964 1715 3011 aut
1778 2972 2049 3013 mensura:

477 3046 896 3117 opportunitas,
978 3062 1104 3101 cum
1186 3061 1254 3103 eo
1320 3047 1467 3118 quod
1550 3056 1756 3114 restat,
1822 3049 2049 3104 omnino

476 3140 640 3193 etiam
711 3138 766 3194 id
832 3139 977 3209 quod
1026 3136 1223 3205 adest,
1291 3146 1374 3195 est
1440 3139 1652 3194 inutile.
1725 3136 1831 3194 Sed
1892 3148 1949 3195 et
1992 3139 2047 3195 in

476 3239 722 3300 tempore
772 3232 1109 3287 conveniens
1162 3233 1516 3304 symmetria,
1576 3238 1633 3285 et
1689 3230 1744 3285 in
1788 3245 2047 3286 mensura

2232 1947 2372 2002 Ἀλλ’
2395 1938 2456 2001 οὐ
2498 1947 2654 2018 χάριν
2695 1944 2867 2001 ταῦτα
2907 1948 3039 2017 ἡμῖν
3086 1944 3559 2019 προτεθεώρηταις
3593 1943 3718 2001 Ὅτι

2148 2039 2272 2095 οὔτε
2321 2039 2383 2093 τὸ
2432 2039 2668 2111 ἄμετρον
2712 2038 2912 2108 ἀγαθόν
2968 2040 3134 2102 ἐστιν,
3183 2037 3306 2091 οὐτε
3361 2038 3423 2091 τὸ
3465 2039 3715 2110 ἄκαιρον·

2149 2132 2265 2188 ἀλλ’
2290 2133 2467 2185 έκεῖνο
2505 2130 2668 2185 καλόν
2703 2148 2761 2185 τε
2802 2133 2896 2186 καὶ
2945 2130 3176 2203 αἱρετὸν,
3220 2131 3249 2184 δ
3292 2132 3357 2185 δι’
3396 2131 3731 2203 ἀμφοτέρων.

2146 2223 2261 2295 ἔχει
2288 2222 2349 2277 τὸ
2372 2223 2594 2277 τέλειον.
2641 2223 2704 2275 Εί
2749 2222 2857 2292 γάρ
2907 2221 3066 2292 μόνον
3094 2221 3154 2274 τὸ
3186 2222 3244 2275 ἓν
3277 2225 3334 2276 tv
3366 2222 3516 2293 αὐτῷ
3552 2239 3719 2276 σπου-

2147 2314 2389 2386 δασθείη,
2410 2313 2715 2387 παροφθείη
2747 2313 2804 2367 δὲ
2834 2313 2896 2366 τὸ
2920 2312 3255 2383 λειπόμενον,
3286 2314 3541 2385 ἀνόνητον
3568 2313 3727 2369 ἔσται

2148 2408 2244 2459 καὶ
2269 2405 2329 2459 τὸ
2358 2406 2700 2479 κατορθωθὲν
2744 2407 2802 2461 tv
2833 2406 2910 2477 τῷ
2948 2406 3208 2461 λείποντι.
3238 2406 3445 2463 Οὐκοῦν
3474 2407 3723 2479 καθάπερ

2148 2492 2242 2547 δύο
2268 2495 2423 2547 ποσὶν
2454 2494 2816 2566 ἐνεργούντων
2845 2494 3001 2566 ήμῶν
3031 2496 3129 2567 τὴν
3153 2496 3386 2567 κίνησιν,
3421 2495 3473 2549 εί
3500 2513 3551 2549 τι
3582 2513 3717 2566 συμ-

2148 2584 2279 2656 ϐαίη
2309 2586 2438 2657 περὶ
2474 2585 2565 2639 τὸν
2596 2585 2800 2658 ἕτερον,
2828 2586 3099 2658 ἄχρηστός
3138 2588 3253 2640 ὲστι
3292 2587 3385 2641 καὶ
3428 2589 3457 2640 6
3502 2584 3732 2657 ἀπαθὴς.

2149 2678 2285 2750 πρὸς
2310 2678 2402 2733 τὸν
2428 2678 2644 2750 δρόμον,
2664 2678 2751 2733 διὰ
2778 2679 2875 2750 τὴν
2896 2678 2989 2733 τοῦ
3017 2678 3729 2751 συνεργοῦνωςλάσθένειανον

2147 2769 2320 2833 οὕτως
2347 2771 2396 2822 εί
2426 2770 2597 2823 λείποι
2635 2768 2711 2841 τῷ
2745 2770 2920 2843 καιρῷ
2951 2770 3011 2825 τὸ
3042 2770 3258 2843 μέτρον,
3286 2772 3320 2842 ἢ
3358 2770 3434 2843 τῷ
3466 2771 3644 2843 μέτρῳ
3680 2771 3715 2842 ή

2147 2862 2423 2935 εὐκαιρία,
2465 2863 2543 2934 τῷ
2586 2863 2821 2917 λείποντι
2867 2864 3081 2928 πάντως
3134 2864 3228 2918 καὶ
3273 2866 3333 2918 τδ
3379 2864 3549 2933 παρὸν
3592 2881 3716 2917 συν-

2147 2955 2463 3027 ηχρείωται.
2507 2954 2667 3008 Ἀλλά
2694 2956 2788 3009 καὶ
2819 2956 2875 3009 ὲν
2900 2956 2980 3027 τῷ
3010 2958 3185 3029 καιρῷ
3210 2960 3243 3029 ὴ
3272 2957 3597 3027 συμμετρία,
3622 2957 3719 3010 καὶ

2147 3047 2206 3099 tv
2234 3045 2313 3117 τῷ
2345 3046 2527 3118 μέτρῳ
2560 3048 2593 3118 ή
2634 3047 2884 3119 εὐκαιρία
2926 3048 2988 3101 τὸ
3034 3050 3300 3121 χρήσιμον
3336 3050 3466 3119 ἔχει.
3515 3048 3719 3120 Χρόνος

2147 3133 2241 3193 οὖν
2267 3138 2388 3192 ἀντὶ
2411 3139 2505 3191 τοῦ
2533 3138 2732 3210 μέτρου
2765 3142 2897 3211 ήμῖν
2938 3142 3203 3212 νενόηται,
3233 3141 3363 3195 διότι
3399 3139 3596 3203 παντὸς
3622 3138 3732 3193 τοῦΔ

2149 3228 2270 3284 καθ’
2302 3230 2529 3284 ἕκαστον
2552 3230 2753 3302 μέτρου
2800 3232 2830 3284 6
2866 3232 3053 3303 χρόνος
3079 3232 3276 3303 μέτρον
3306 3232 3472 3285 ἐστίν.
3508 3231 3587 3285 Τὰ
3608 3231 3721 3302 γὰρ

477 3322 634 3377 utilis
683 3332 769 3377 est
836 3325 1241 3394 Opportunitas.
1309 3323 1549 3393 Tempus
1590 3338 1740 3395 ergo
1793 3322 2042 3379 intellec-

2149 3319 2402 3392 γινόμενα
2448 3322 2505 3374 tv
2553 3321 2729 3393 χρόνῳ
2756 3322 2962 3391 γίνεται
3003 3324 3237 3387 πάντως,
3294 3325 3386 3377 καὶ
3421 3326 3486 3395 τῇ
3541 3340 3720 3393 παρα-

475 3420 591 3466 tum
626 3418 709 3467 est
740 3426 769 3464 a
803 3413 965 3468 nobis
997 3429 1095 3484 pro
1131 3428 1411 3475 mensura,
1448 3423 1737 3483 propterea
1771 3412 1918 3485 quod
1945 3429 2041 3469 cu-

471 3501 697 3572 juslibet
741 3519 1014 3559 mensura:
1045 3519 1304 3560 mensura
1333 3514 1419 3559 est
1454 3512 1691 3575 tempus.
1738 3503 1869 3570 Quae
1897 3505 2045 3560 enim

477 3592 636 3657 ﬁunt,
662 3593 886 3649 omnino
914 3597 1050 3650 tiunt
1095 3596 1149 3649 in
1177 3604 1443 3665 tempore,
1470 3603 1671 3651 etcum
1697 3596 2047 3667 uniuscujus-

476 3700 585 3755 que
623 3699 812 3739 eorum
863 3702 983 3757 quae
1032 3688 1171 3742 fiunt
1221 3689 1567 3752 extensione,
1615 3689 1779 3744 simul
1827 3705 2045 3760 quoque

476 3778 715 3848 spatium
737 3780 1002 3849 temporis
1028 3779 1362 3845 extenditur,
1389 3778 1662 3835 modicum
1695 3779 1749 3833 in
1770 3778 2047 3846 minori,et

476 3870 533 3924 in
563 3868 817 3940 ampliori
842 3871 963 3939 plus
992 3872 1273 3941 temporis.
1312 3870 1409 3926 Est
1438 3885 1694 3926 mensura
1727 3871 2045 3942 conceptio-

476 3962 581 4025 uis,
612 3978 867 4018 mensura
897 3964 1219 4019 incrementi
1251 3964 1557 4035 spicarum,
1587 3978 1844 4018 mensura
1875 3964 2047 4033 plenae

477 4052 754 4106 fructuum
782 4052 1156 4122 perfectionis,
1191 4068 1449 4110 mensura
1477 4052 1870 4124 navigationis,
1892 4069 2048 4109 men-

476 4157 607 4196 sura
646 4142 1062 4209 ambulationis,
1099 4158 1353 4198 mensura
1384 4142 1823 4213 uniuscujusque
1844 4142 2043 4205 aetatis,

475 4231 742 4299 infantiae,
767 4234 1039 4303 pueritiae,
1075 4234 1481 4295 adolescentiae.
1507 4234 1832 4305 juventutis,
1868 4234 2047 4291 virilis

474 4332 530 4379 et
556 4326 866 4380 constantis
889 4336 942 4379 et
969 4332 1242 4394 provectae
1261 4328 1459 4392 aetatis,
1486 4325 1810 4389 senectutis,
1842 4332 1896 4379 et
1916 4331 2047 4378 aeta-

475 4418 548 4472 tis
576 4417 889 4487 decrepitae.
926 4416 1198 4483 Quoniam
1228 4432 1359 4487 ergo
1394 4432 1503 4472 non
1530 4424 1614 4473 est
1648 4416 1908 4471 omnibus
1939 4430 2047 4470 una

475 4524 737 4564 mensura
796 4508 1058 4579 temporis
1107 4527 1120 4562 :
1166 4523 1343 4581 neque
1388 4507 1532 4562 enim
1584 4506 1700 4562 ﬁeri
1746 4515 1945 4578 potest,
1988 4514 2048 4560 ut

474 4600 587 4655 sint
609 4599 792 4655 omnia
821 4600 1047 4669 aequalis
1075 4599 1219 4656 inter
1245 4615 1304 4655 se
1333 4614 1627 4666 mensura},
1663 4606 1885 4670 prapter
1906 4597 2045 4653 sub.

2146 3409 2300 3462 τάσει
2326 3410 2555 3464 ἑκάστου
2585 3410 2692 3463 τῶν
2720 3411 3018 3480 γινομένων
3074 3410 3169 3464 καὶ
3213 3410 3274 3464 τὸ
3318 3410 3589 3481 διάστημα
3624 3408 3717 3463 τοῦ

2147 3503 2336 3573 χρόνου
2372 3503 2881 3574 συμπαρατείνεται,
2914 3502 3093 3573 ὀλίγον
3129 3505 3186 3558 tv
3214 3503 3290 3574 τῷ
3334 3503 3595 3568 ἐλάττονι,
3624 3503 3722 3556 καὶ

2148 3598 2206 3649 ὲν
2246 3595 2324 3668 τῷ
2369 3597 2573 3651 πλείονι
2618 3598 2801 3653 πλεῖον
2836 3598 3048 3670 χρόνου.
3083 3599 3295 3671 Μέτρον
3325 3601 3589 3670 κυήσεως,
3630 3597 3723 3667 μέ-

2144 3703 2271 3758 τρον
2308 3687 2409 3758 τῆς
2444 3687 2554 3740 τῶν
2591 3687 2876 3759 ἀσταχύων
2914 3688 3213 3759 αὐξήσεως,
3245 3688 3441 3760 μέτρον
3472 3689 3573 3759 τῆς
3610 3687 3721 3741 τῶν

2147 3778 2372 3849 καρπῶν
2411 3779 2757 3846 τελειώσεως,
2801 3779 2996 3851 μέτρον
3038 3779 3330 3844 ναυτιλίας,
3382 3781 3579 3851 μέτρον
3624 3797 3729 3834 πο-

2152 3869 2319 3940 ρείας,
2357 3871 2556 3941 μέτρον
2601 3872 2700 3942 τῆς
2739 3870 2864 3925 καθ’
2909 3871 3136 3925 ἕκαστον
3187 3870 3422 3943 ήλικίας,
3468 3870 3731 3943 βρέφους,

2148 3962 2381 4030 παιδίου,
2410 3961 2716 4034 μειρακίου,
2753 3963 2963 4029 παιδὸς,
2995 3962 3223 4035 ἐφήϐου,
3258 3964 3471 4036 ἀνδρὸς,
3508 3964 3722 4035 μεσήλι-

2148 4071 2262 4118 κος,
2280 4054 2507 4121 τελείου,
2526 4053 2851 4126 παρήλικος,
2867 4053 3192 4127 πρεσϐύτου,
3213 4056 3484 4127 γέροντος.
3501 4056 3731 4128 Ἐπειδὴ

2146 4146 2323 4201 τοίνυν
2365 4145 2464 4216 οὐχ
2510 4144 2569 4200 ἓν
2609 4144 2671 4197 τὸ
2718 4145 2783 4198 ἐκ
2818 4143 2912 4198 τοῦ
2955 4144 3145 4216 χρόνου
3187 4143 3382 4216 μέτρον
3412 4146 3523 4208 τοῖς
3554 4147 3722 4199 πᾶσιν

2148 4237 2319 4291 ἐστίν’
2353 4236 2474 4290 οὐδὲ
2518 4235 2626 4308 γάρ
2662 4236 2778 4289 ἐστι
2818 4234 3042 4290 δυνατὸν
3079 4234 3328 4306 γενέσθαι
3358 4236 3535 4290 πάντα
3556 4235 3723 4305 ἀλλή-

2147 4323 2258 4387 λοις
2297 4324 2554 4394 ίσόμετρα
2598 4322 2684 4377 διὰ
2720 4323 2819 4394 τὴν
2859 4323 2968 4376 τῶν
3015 4324 3383 4395 ὑποκειμένων
3420 4323 3718 4395 διαφοράνο

2149 4418 2324 4473 κοινὸν
2352 4418 2429 4485 δὲ,
2459 4418 2638 4482 καθὼς
2665 4417 2879 4489 εἴρηται
2899 4457 2914 4482 ,
2957 4419 3171 4472 πάντων
3211 4418 3589 4490 μετρουμένων
3622 4416 3725 4488 μέ-

2146 4526 2275 4581 τρον
2316 4511 2345 4563 ὁ
2380 4511 2568 4583 χρόνος
2604 4510 2770 4577 ἐστὶν,
2812 4511 2870 4562 tv
2906 4509 3083 4579 ἑαυτῷ
3123 4511 3389 4582 περιέχων
3412 4510 3480 4563 τά
3508 4510 3718 4564 πάντα·

2149 4602 2338 4656 τούτου
2390 4602 2546 4674 χάριν
2585 4601 2707 4673 οὐχ).
2757 4602 2955 4673 μέτρον
3011 4597 3130 4655 εἷπε
3178 4606 3292 4665 τοῖς
3338 4603 3494 4666 πᾶσι,
3539 4601 3624 4655 διὰ
3656 4600 3722 4657 τὸ

467 4692 741 4763 jectorum
766 4692 1127 4748 differentiam
1155 4712 1169 4747 :
1201 4694 1447 4748 omnium
1480 4700 1661 4746 autem
1692 4706 1813 4762 quae
1841 4690 2048 4746 cadunt

2152 4695 2351 4765 πολλὴν
2378 4665 2515 4749 εἰναι
2552 4665 2682 4748 τῶηῖ
2702 4665 3083 4767 μετρουμένων
3123 4694 3221 4765 τὴν
3264 4694 3392 4761 περὶ
3436 4694 3495 4746 τὸ
3520 4692 3720 4752 ,πλεῖόν

475 4786 578 4841 sub
608 4800 944 4849 mensuram,
975 4794 1059 4840 est
1089 4786 1417 4850 communis,
1446 4792 1505 4838 ut
1536 4784 1744 4839 dictum
1766 4789 1872 4849 est,
1903 4798 2049 4837 men-

474 4893 604 4933 sura
630 4884 865 4947 tempus,
908 4878 962 4931 in
992 4892 1050 4933 se
1081 4879 1263 4934 omnia
1299 4878 1588 4934 continens
1618 4895 1630 4929 :
1666 4891 1729 4930 ea
1772 4875 1839 4931 de
1878 4889 2046 4929 causa

474 4985 583 5023 non
628 4968 787 5037 dixit,
832 4968 1087 5025 Mensura
1128 4980 1213 5025 est
1263 4970 1541 5035 omnibus,
1589 4977 1871 5038 propterea
1901 4968 2048 5039 quod

471 5075 666 5114 eorum
690 5076 811 5130 quae
828 5061 1033 5116 cadunt
1063 5062 1165 5116 sub
1191 5076 1527 5125 mensuram,
1553 5074 1746 5129 magna
1775 5059 1846 5115 sit
1867 5074 2049 5129 aequa-

473 5153 599 5208 litas
640 5153 695 5207 in
744 5167 811 5209 eo
844 5152 992 5223 quod
1031 5160 1113 5208 est
1159 5153 1281 5223 plus
1320 5161 1373 5207 et
1402 5151 1583 5206 minus
1626 5169 1642 5207 :
1691 5150 1787 5205 sed
1833 5158 2047 5221 tempus

472 5247 611 5303 dixit
654 5247 800 5318 quod
853 5254 940 5302 est
987 5245 1243 5301 omnibus
1293 5257 1547 5299 mensura
1581 5242 1872 5313 generalis,
1926 5256 2048 5312 qua:

473 5339 740 5409 quidquid
784 5338 840 5393 lit
871 5347 926 5392 et
963 5338 1160 5401 oritur,
1215 5334 1516 5390 dimetitur.
1567 5330 1851 5398 Quomodo
1901 5331 2046 5386 enim

474 5432 530 5486 in
570 5433 810 5486 humano
842 5446 1061 5502 genere,
1096 5430 1149 5485 id
1187 5428 1331 5500 quod
1363 5427 1539 5482 artatis
1563 5424 1783 5496 quidem
1813 5433 1898 5481 est
1921 5440 2049 5498 pro-

474 5532 663 5583 vectae,
689 5530 773 5577 est
802 5520 1136 5575 imbecillum
1163 5535 1177 5572 :
1204 5518 1349 5588 quod
1378 5525 1557 5571 autem
1584 5514 1825 5571 nondum
1855 5516 2048 5571 contir-

476 5623 638 5668 mataa
669 5622 724 5668 et
754 5614 1012 5669 stabilita:
1055 5621 1139 5668 est
1182 5611 1378 5674 aetatis,
1410 5617 1495 5665 est
1532 5610 1947 5665 immoderatum
1996 5617 2050 5665 et

480 5704 727 5760 insolens
756 5724 768 5758 :
804 5706 1068 5775 optimum
1093 5711 1276 5759 autem
1305 5713 1389 5758 est
1414 5702 1564 5773 quod
1589 5704 1731 5757 inter
1755 5702 1864 5756 duo
1888 5702 2053 5757 inter-

481 5795 645 5862 cedit,
680 5796 824 5867 quod
852 5796 1072 5867 quidem
1100 5803 1390 5867 utramque
1418 5794 1665 5868 eﬂ'ugerit
1692 5794 1999 5851 molestiam
2030 5814 2042 5849 :

1659 5924 1753 5933 ...ο-μ.

2149 4800 2207 4837 τε
2240 4783 2334 4837 καὶ
2365 4783 2583 4838 ἔλαττον
2614 4782 2859 4853 led-rma“
2904 4781 3037 4835 ἀλλὰ
3068 4782 3254 4853 χρόνον
3285 4778 3405 4835 εἷπε
3435 4784 3546 4846 τοῖς
3584 4784 3723 4836 πᾶσι

2146 4875 2208 4929 τὸ
2233 4876 2446 4944 γενικὸν
2484 4874 2702 4946 μέτρον,
2723 4868 2769 4944 ᾧ
2800 4876 2908 4928 πᾶν
2948 4875 3009 4928 τὸ
3033 4875 3313 4946 γινόμενον
3350 4877 3721 4947 παραμετρεῖ-

2146 4984 2258 5020 ται.
2294 4966 2503 5037 Ὥσπερ
2524 4963 2631 5036 γὰρ
2660 4964 2751 5017 ἐπὶ
2792 4964 2892 5033 τῆς
2932 4963 3343 5034 ἀνθρωπότητος
3375 4963 3434 5015 τὸ
3459 4963 3558 5033 μὲν
3587 4979 3722 5033 προ-

2148 5058 2378 5128 ϐεϐηκὸς
2412 5057 2655 5111 ἀσθενεῖ·
2699 5056 2759 5109 τὸ
2803 5056 2861 5111 δὲ
2892 5057 3057 5127 μήπω
3093 5055 3425 5127 καθεστηκὸς
3462 5056 3715 5108 ἀτακτείο

2152 5148 2371 5219 ἄριστον
2406 5147 2461 5199 δὲ
2491 5147 2551 5199 τὸ
2579 5146 2741 5218 μέσον
2772 5146 2876 5198 τῶν
2905 5145 3016 5211 δύο,
3063 5147 3200 5221 ὅπερ
3235 5145 3300 5198 ἂν
3324 5144 3422 5208 τάς
3446 5144 3721 5215 ἑκατέρων

2150 5237 2339 5308 ἀηδίας
2373 5236 2617 5310 ὲκφεύγῃ
2640 5254 2653 5267 ·
2700 5237 2758 5289 ἐν
2800 5229 2844 5303 ᾦ
2878 5235 3169 5301 δείκνυται,
3208 5236 3308 5307 τῆς
3345 5236 3443 5306 μὲν
3471 5235 3721 5305 νεότητος

2151 5327 2525 5399 κεχωρισμένη
2554 5326 2653 5396 τῆς
2683 5324 2905 5392 ἀταξίας
2939 5328 2973 5397 ἦ
3007 5325 3266 5396 “MP-‘4,
3309 5325 3401 5379 τοῦ
3438 5325 3495 5379 δὲ
3531 5326 3721 5396 γήρως

2147 5417 2498 5490 διεζευγμένη
2548 5421 2645 5489 τῆς
2682 5417 2938 5489 ἀδρανίας
2974 5420 3007 5488 ή
3057 5417 3343 5488 φρόνησιςο
3390 5417 3530 5470 ὥστε
3577 5410 3723 5469 εἶναι

2148 5510 2374 5581 δύναμιν
2412 5509 2856 5580 συγκεκραμένην
2884 5510 3163 5580 φρονήσει,
3195 5508 3389 5579 ἐπίσης
3415 5506 3721 5576 φεύγουσαν

2149 5609 2247 5678 τήν
2270 5624 2329 5659 τε
2356 5605 2451 5661 τοῦ
2481 5606 2664 5678 γήρως
2700 5604 2976 5678 ἁδρανίαν,
3024 5605 3117 5658 καὶ⁵
3162 5604 3223 5657 τὸ
3269 5602 3439 5675 θρασύ
3468 5604 3568 5672 τῆς
3598 5602 3719 5654 νεό-

2150 5716 2340 5772 τητος·
2376 5696 2547 5762 οὕτως
2574 5699 2603 5750 ὁ
2632 5698 2817 5770 χρόνον
2842 5697 3037 5768 ὁρίζων
3066 5700 3179 5760 τοῖς
3210 5697 3344 5751 πᾶσι
3379 5694 3499 5747 καθ’
3525 5693 3721 5747 ἑκάτε-

2153 5809 2245 5865 ρον
2282 5790 2501 5865 χωρίζει
2528 5789 2605 5863 τῷ
2628 5789 2766 5859 λόγῳ
2820 5788 2917 5860 τὴν
2942 5790 2999 5855 ἐξ
3019 5789 3282 5861 ἀμετρίας
3306 5788 3522 5857 κακίαν,
3553 5788 3617 5845 τό
3649 5807 3712 5844 τε
