4110 6468
269 392 368 452 7M

1305 371 1372 427 IN
1412 362 1947 426 ECLLESIASTEN.
1976 354 2260 417 HOMILIA
2300 353 2387 409 VI.

3391 332 3495 388 702

271 497 597 584 ύτὲέρχρονον
621 503 899 576 ἀτιμάζων
929 501 1022 554 καὶ
1064 498 1128 555 τὸ
1169 495 1413 549 ἐλλεῖπον
1444 490 1841 562 ἀποπεμπόμε-
1867 517 1882 554 λ

1983 502 1999 538 ι
2030 498 2140 553 quo
2171 476 2532 536 ostenduntur
2555 472 2700 526 vires
2745 466 2963 538 quidem
2991 455 3295 531 iuventutis
3332 469 3491 523 sepa-

2013 583 2018 584 ν
2136 571 2149 584 “
2194 570 2206 582 ’
2291 564 2477 584 -ικέ-ε-
2540 575 2564 584 ι.
2599 557 2890 584 nummum.
2921 560 3099 584 nulnln
3128 545 3491 584 imhonillilnln

267 578 390 664 voc.
610 593 801 663 καιρὸς
826 592 892 646 ἂν
931 590 1014 660 εἴη
1054 588 1149 641 καὶ
1180 586 1349 658 αὐτὴν
1377 585 1508 655 ἡμῖν
1532 582 1598 636 δι’
1617 578 1839 634 ἀκολού-

267 693 360 747 θου
407 686 768 761 προστεθῆναι
811 682 919 737 τῶν
966 679 1335 735 θεοπνεύστων
1378 675 1553 745 λόγων
1583 672 1682 742 τὴν
1708 670 1841 724 θεω-

271 784 413 856 ρίαν.

1945 545 2075 629 ratae
2102 571 2170 624 ab
2193 564 2504 625 insolentia,
2539 575 2569 614 a
2598 557 2893 614 senectutis
2921 560 3100 607 autem
3128 545 3497 601 imbecillitate

1942 659 2230 735 prudentia
2280 656 2502 711 minime
2559 658 2850 720 separata:
2896 643 3029 698 adeo
3078 648 3139 695 ut
3197 638 3306 693 sint
3353 635 3498 692 vires

1944 731 2361 821 contemperata:
2387 760 2510 799 cum
2546 739 2850 812 prudentia,
2875 753 2940 792 ex
2974 747 3129 804 aequo
3152 731 3418 801 fugientes
3444 734 3499 780 et

268 830 563 927 senectutis
601 864 1046 926 imbecillitatem,
1081 868 1136 916 et
1169 854 1469 929 juventutis
1504 851 1806 908 audaciam.
1845 845 1923 900 ita
1953 844 2045 913 qui
2069 849 2283 909 tempus
2327 834 2532 900 deﬂuit,
2558 830 2814 886 omnibus
2872 841 2968 896 per
3033 831 3325 901 utrumque
3377 831 3500 870 vor—

269 965 359 1021 bis
390 969 628 1032 separat,
669 957 816 1031 quod
853 969 919 1013 ex
956 968 1229 1010 mensurae
1257 950 1471 1006 defectu
1511 946 1708 1009 oritur,
1750 940 1981 995 vitium:
2014 944 2074 991 ut
2127 934 2300 1005 quiet
2332 929 2476 1001 quod
2534 935 2753 996 tempus
2816 918 3048 983 excedit,
3111 916 3403 985 vituperat,
3448 918 3502 965 et

2207 1023 2256 1032 --
2923 1008 3313 1032 ,,,,,,;,,,,,,,,,,,,
3372 1010 3499 1032 ,ων-

272 1054 327 1111 id
355 1008 499 1124 quold
542 1008 744 1117 deﬁcit,
817 1046 1094 1101 amandat.
1165 1041 1273 1097 Sed
1318 1049 1534 1110 tempus
1581 1043 1665 1091 est
1694 1008 2099 1100 consequenter
2157 1020 2386 1077 addendi
2415 1020 2585 1089 ipsam
2614 1012 2877 1069 divinitus
2923 1008 3315 1078 inspiratorum
3372 1010 3499 1054 ver-

272 1147 468 1202 borum
493 1142 1019 1213 contemplationem.

354 1258 374 1292 ι
394 1238 618 1310 Καιρδς,
641 1256 659 1289 ι
684 1237 838 1307 φησὶ,
867 1254 885 1287 ι
903 1232 997 1286 τοῦ
1015 1232 1211 1295 τεκεῖν,
1225 1230 1318 1283 κα¹ι
1335 1226 1520 1299 καιρὸς
1536 1224 1628 1278 τοῦ
1644 1220 1840 1277 ἀποθα-

280 1332 409 1386 νεῖν.
433 1348 452 1382 ι
473 1328 668 1392 Καλῶς
690 1330 747 1381 ἐν
767 1324 1003 1397 πρώτοις
1023 1324 1122 1394 τὴν
1138 1320 1446 1389 ἀναγκαίαν
1461 1316 1661 1385 ταύτην
1683 1310 1841 1375 συζυ-

281 1422 403 1493 γίαν
441 1420 521 1491 τῷ
549 1420 692 1490 λόγῳ
726 1415 1009 1481 συνέζευξε
1032 1455 1047 1481 ,
1086 1413 1371 1467 συνάπτων
1406 1412 1472 1480 τῇ
1503 1406 1713 1477 γενέσει
1752 1402 1842 1455 τὸν

285 1513 533 1568 θάνατον.
556 1511 787 1565 Ἐπεται
815 1507 925 1578 γὰρ
950 1506 1069 1560 κατ’
1094 1504 1337 1573 ἀνάγκην
1363 1500 1440 1571 τῷ
1460 1500 1603 1570 τόκῳ
1622 1498 1652 1550 6
1680 1495 1844 1548 θάνα-

284 1623 398 1670 τος,
431 1605 525 1659 καὶ
550 1605 699 1657 πᾶσα
730 1602 945 1672 γένεσις
974 1600 1053 1662 είς
1081 1597 1285 1669 φθορὰν
1312 1593 1585 1648 διαλύεται
1608 1607 1622 1621 ·
1646 1589 1733 1642 ἴνα
1760 1586 1848 1640 διά

285 1696 381 1753 τοῦ
424 1694 786 1767 συνημμένως
817 1690 1091 1761 δειχθῆναι
1135 1687 1226 1741 τὸν
1260 1684 1486 1741 θάνατόν
1521 1699 1582 1735 τε
1616 1680 1711 1735 καὶ
1751 1678 1848 1749 τὴν

286 1789 519 1859 γένεσιν,
554 1787 714 1840 οἱονεὶ
754 1783 963 1854 κέντρῳ
999 1779 1107 1833 τινί⁸
1141 1781 1207 1849 τῇ
1256 1777 1350 1831 τοῦ
1385 1775 1614 1829 Θανάτου
1663 1771 1848 1842 μνήμῃ

2015 1211 2068 1264 1.
2105 1227 2123 1259 ι
2151 1206 2391 1274 Tempus
2427 1209 2533 1262 est,
2570 1220 2588 1253 ι
2624 1196 2821 1268 inquit,
2859 1213 2879 1246 ι
2914 1190 3178 1264 pariendi,
3214 1197 3269 1245 ει
3296 1200 3505 1258 tempus

1944 1300 2265 1357 moriendi.»
2298 1295 2529 1350 Pulchre
2567 1293 2621 1345 in
2649 1287 2914 1360 principio
2938 1283 3120 1338 verbis
3145 1281 3285 1335 hanc
3313 1294 3504 1333 neces-

1946 1394 2146 1449 sariam
2188 1386 2473 1458 conjunxit
2515 1380 2974 1451 conjugationem,
3004 1389 3127 1429 cum
3158 1369 3507 1442 generatione

1949 1485 2210 1555 copulans
2245 1487 2493 1536 mortem.
2525 1474 2749 1530 Partum
2777 1471 2921 1526 enim
2950 1465 3098 1522 mors
3137 1463 3380 1534 sequitur
3408 1476 3506 1515 ne-

1950 1576 2215 1639 cessario,
2246 1581 2302 1629 et
2342 1569 2522 1626 omnis
2561 1563 2836 1639 generatio
2870 1558 3186 1615 dissolvitur
3221 1555 3276 1609 in
3318 1551 3501 1606 interi-

1950 1679 2107 1736 tum;
2155 1674 2216 1721 ut
2250 1669 2537 1735 propterea
2582 1655 2729 1728 quod
2769 1648 3102 1720 conjunctim
3146 1653 3367 1701 ostensa
3398 1642 3511 1696 sint

1952 1773 2103 1815 mors
2131 1764 2187 1812 et
2218 1732 2518 1826 generatio,
2547 1745 2824 1802 mentione
2853 1739 3048 1796 mortis
3075 1735 3243 1791 veluti
3270 1732 3509 1803 quodam

286 1825 414 1943 τοὺς
439 1827 840 1949 ἐμϐαθύνοντας
1017 1870 1156 1925 κατὰ
1181 1825 1850 1938 ⁸σάρκα

1984 1851 2176 1906 timulo
2231 1861 2327 1903 eos
2380 1838 2799 1914 expergefaciat,
2852 1833 2946 1905 qui
2990 1831 3045 1885 in
3104 1825 3340 1883 carnalis
3390 1825 3515 1878 vita:

2062 1942 2082 1949 -
2171 1940 2185 1949 ·
2427 1946 2436 1949 -
2475 1935 2486 1946 ·
2588 1930 2712 1949 νεῖμε
2774 1935 2819 1949 Α
2870 1926 2933 1949 -.ι
2984 1936 3165 1949 ...η-...η
3205 1917 3510 1949 tuen-mp...“

290 1973 549 2044 καὶπρὸς
589 1970 687 2041 τὴν
730 1967 983 2040 φροντίδα
1014 1965 1122 2019 τῶν
1168 1962 1464 2033 μελλόντων
1501 1954 1850 2027 διαναστήσῃ.

292 2065 478 2120 Ταῦτα
522 2062 800 2133 φιλοσοφεῖ
832 2058 974 2112 κατά
1011 2058 1072 2110 τὸ
1115 2053 1336 2125 λεληθὸς
1377 2053 1435 2104 ἐν
1465 2053 1584 2112 ταῖς
1615 2044 1854 2118 πρώταις

290 2158 401 2212 τῶν
436 2156 654 2228 βιϐλίων
691 2154 1021 2221 ἐπιγραφαῖς
1060 2150 1155 2203 καὶ
1193 2149 1222 2201 6
1255 2145 1407 2217 φίλος
1434 2143 1513 2214 τῷ
1542 2140 1660 2211 Θεῷ
1688 2140 1857 2194 Μωῦο

295 2252 395 2321 σῆς
422 2248 581 2311 εὐθὺς
621 2248 687 2318 τῇ
730 2245 945 2298 Γενέσει
978 2238 1454 2313 συμπαραγράψας
1476 2237 1576 2306 τὴν
1617 2232 1854 2300 Ἐξοδονο

293 2341 369 2406 ώς
398 2340 521 2403 τοὺς
542 2339 964 2409 ἐντυγχάνοντας
988 2336 1103 2398 τοῖς
1126 2328 1645 2402 ἐπιγεγραμμένοις,
1675 2324 1769 2379 καὶ
1791 2324 1858 2378 δι’

296 2431 464 2502 αὐτῆς
495 2430 591 2500 τῆς
622 2428 729 2483 τῶν
755 2427 972 2499 βιϐλίων
1001 2425 1209 2491 τάξεως
1236 2422 1303 2476 τά
1327 2421 1448 2474 καθ’
1482 2419 1706 2479 ἑαυτοὺς
1730 2432 1859 2468 παι-

295 2520 563 2593 δευθῆναι.
587 2518 725 2573 Οὔτε
748 2518 858 2589 γὰρ
888 2518 1003 2570 ἔστι
1024 2516 1236 2585 γένεσιν
1260 2512 1565 2567 ἀκούσαντα
1598 2509 1671 2581 μὴ
1707 2506 1864 2572 Ἐξο-

298 2614 385 2668 δον
422 2613 581 2675 εὐθὺς
621 2612 887 2689 ἐννοῆσαι.
933 2610 999 2662 Ὃ
1039 2607 1102 2677 δὴ
1134 2606 1230 2660 καὶ
1269 2601 1503 2657 ἐνταῦθα
1532 2597 1800 2671 νενοηκὼς
1836 2596 1866 2648 6

303 2706 478 2777 μέγας
517 2701 940 2776 Ἐκκλησιαστὴς
982 2700 1382 2761 ἐπιδείκνυται,
1423 2697 1492 2766 τῇ
1530 2692 1739 2763 γενέσει
1774 2688 1868 2742 σύ·

304 2813 514 2867 στοιχον
551 2793 837 2860 ἀποδείξας
873 2791 965 2844 τὸν
1012 2789 1260 2843 θάνατον.
1299 2784 1504 2856 Καιρὸς
1546 2781 1676 2853 γὰρ,
1711 2778 1864 2851 φησὶ,

301 2885 399 2940 τοῦ
423 2888 619 2950 τεκεῖν,
650 2885 744 2938 καὶ
768 2883 956 2953 καιρὸς
992 2879 1088 2934 τοῦ
1117 2878 1426 2933 ἀποθανεῖν.
1458 2872 1660 2928 Ἦλθεν
1691 2874 1719 2926 6
1751 2888 1872 2925 και-

307 2975 421 3048 ρὸς,
460 2977 612 3046 φησὶ,
645 2976 739 3030 καὶ
774 2973 1028 3044 ἐτέχθην·
1059 2972 1178 3043 ἥξει
1224 2972 1252 3023 6
1293 2967 1501 3039 καιρὸς,
1541 2965 1636 3019 καὶ
1677 2962 1869 3032 τεθνή-

304 3065 487 3136 ξομαι.
522 3067 585 3119 Ei
620 3065 753 3137 πρὸς
780 3064 938 3119 τοῦτο
964 3063 1163 3124 πάντες
1192 3059 1492 3127 ἐϐλέπομεν
1511 3095 1526 3119 ,
1552 3056 1651 3109 οὐκ
1679 3054 1743 3107 ἂν
1772 3054 1872 3123 τὴν

307 3158 566 3230 σύντομον
605 3158 829 3229 πορείαν
882 3153 1302 3215 καταλιπόντες,
1350 3148 1532 3219 κύκλῳ
1575 3145 1713 3218 μετά
1763 3144 1870 3197 τῶν

1518 3196 1630 3310 βεῖυ
1664 3238 1869 3307 πλάνην
1897 3196 1939 3256 c
1975 3196 2030 3281 et
2054 3196 2367 3279 natussum
2394 3237 2408 3284 ;
2437 3196 2615 3272 veniet
2643 3222 2877 3281 tempus,
2906 3218 2957 3262 et
2983 3205 3206 3260 moriar.
3242 3201 3301 3256 Si
3335 3200 3400 3253 ad
3434 3200 3537 3255 hoc

306 3249 519 3303 ἀσεϐῶν
548 3248 884 3321 περιῄειμεν,
924 3246 1022 3319 τὴν
1052 3242 1363 3317 περιοδικὴν
1389 3241 1481 3295 τοῦ

308 3341 569 3404 ἑκουσίως
595 3338 969 3411 πλανώμενοι,
1016 3339 1075 3391 ἐν
1118 3334 1453 3395 δυναστείαις
1501 3332 1594 3384 καὶ
1640 3345 1877 3398 περιφα-

309 3432 482 3493 νείαις
510 3432 602 3484 καὶ
636 3431 902 3494 πλούτοις,
937 3429 1003 3482 δι’
1037 3422 1111 3481 ὧν
1144 3428 1262 3489 ταῖς
1295 3423 1601 3485 πολυοδίαις
1629 3421 1723 3473 τοῦ
1762 3418 1877 3489 βίου

310 3522 501 3577 τούτου
544 3521 1041 3595 ἐναμηχανοῧντες,
1068 3519 1248 3575 ούκέτι
1289 3516 1382 3571 τοῦ
1422 3511 1742 3584 λαϐυρίνθου
1782 3511 1880 3579 τῆς

314 3615 461 3686 ζωῆς
487 3614 688 3684 ταύτης
718 3616 817 3684 τὴν
851 3612 1025 3680 ἔξοδον
1051 3610 1464 3681 ἐξευρίσκομεν,
1502 3605 1566 3659 δι’
1597 3599 1670 3657 ών
1699 3599 1884 3655 δοκοῦ-

319 3726 418 3780 μεν
460 3706 796 3771 σπουδάζειν,
840 3705 929 3760 διά
959 3705 1161 3758 τούτων
1198 3702 1407 3764 ἑαυτοῖς
1442 3698 1509 3752 τὰ
1553 3696 1751 3767 σημεῖα
1787 3692 1884 3763 τῆς

317 3799 591 3862 ἀπλανοῦς
636 3798 941 3869 ὁδοιπορίας
983 3795 1320 3865 συγχέοντες.
1367 3791 1453 3853 Ὠς
1496 3786 1752 3859 μακάριοί
1783 3800 1883 3852 γε,

318 3891 476 3961 φησὶ,
500 3889 608 3943 τῶν
643 3887 944 3959 ἀνθρώπων
972 3888 1191 3946 ἐκεῖνοι,
1229 3884 1279 3935 οἳ
1311 3880 1408 3943 τὰς
1436 3875 1749 3948 περιοδικάς
1787 3873 1886 3942 τῆς

320 3982 469 4053 ζωῆς
510 3980 721 4042 ἀπάτας
761 3977 1179 4039 καταλιπόντες,
1227 3974 1319 4027 ἐπὶ
1358 3971 1456 4040 τὴν
1492 3968 1751 4038 σύντομον
1793 3964 1889 4033 τῆς

320 4052 526 4141 ἀρετῆς
555 4068 670 4122 ὁδὸν
700 4067 922 4128 ἑαυτοὺς
954 4063 1213 4134 ἄγουσινῐ
1246 4059 1392 4130 Αὕτη
1424 4058 1481 4112 δέ
1515 4060 1630 4110 ἐστι
1667 4055 1727 4108 τὸ
1756 4052 1891 4123 πρὸς

328 4162 495 4234 μηδὲν
517 4161 625 4214 τῶν
663 4160 789 4229 τῇδε
821 4159 920 4227 τὴν
943 4153 1119 4225 ψυχὴν
1148 4150 1519 4222 ἐπιστρέφειν,
1541 4144 1676 4200 ἀλλὰ
1706 4157 1894 4196 συντε-

323 4232 522 4308 τάσθαι
553 4254 620 4323 τῇ
658 4250 860 4321 σπουδῇ
903 4253 1037 4320 πρὸς
1085 4246 1149 4298 τὸ
1197 4243 1287 4297 διὰ
1333 4241 1568 4303 πίστεως
1611 4239 1667 4291 ἐν
1716 4232 1895 4287 ἐλπίσι

325 4346 709 4417 προκείμενον.
736 4343 902 4398 Πάλιν
926 4342 984 4394 δὲ
1008 4341 1069 4394 τὸ
1097 4339 1256 4411 ῥηθὲν
1280 4334 1639 4403 ἐξετάσωμεν.
1669 4325 1896 4398 Καιρὸς,

326 4416 484 4509 φησὶ,
536 4436 629 4491 τοῦ
677 4438 857 4489 τεκεῖν
880 4475 894 4501 ,
924 4434 1019 4487 καὶ
1055 4431 1245 4502 καιρὸς
1294 4426 1389 4481 τοῦ
1430 4423 1736 4479 ἀποθανεῖν.
1773 4416 1898 4471 Εἴθε

331 4529 500 4598 κὰμοὶ
546 4526 754 4596 γένοιτο
794 4526 851 4578 ἐν
881 4521 1056 4595 καιρῷ
1087 4539 1148 4574 τε
1187 4523 1215 4573 6
1246 4518 1422 4580 τόκος,
1454 4515 1547 4568 καὶ
1584 4514 1613 4566 6
1650 4509 1901 4580 εὔκαιρος
1934 4546 1975 4602 D

333 4621 584 4682 θάνατοςι
618 4618 690 4670 Ού
732 4616 841 4687 γὰρ
872 4616 935 4670 ἀν
965 4632 1049 4677 τις
1078 4612 1219 4665 εἴποι
1267 4611 1368 4679 τὴν
1404 4604 1655 4660 ἀκούσιον
1696 4600 1898 4670 ταύτην

334 4712 520 4773 ὠδῖνα,
563 4708 659 4761 καὶ
705 4708 796 4761 τὸν
838 4705 1139 4776 αὐτόματον
1181 4701 1404 4755 θάνατον
1442 4692 1592 4768 παρά
1632 4693 1726 4747 τοῦ
1777 4692 1901 4744 Ἑκ-

338 4800 667 4873 κλησιαστοῦ
702 4799 797 4855 νῦν
823 4800 898 4862 ώς
922 4800 980 4851 ἐν
1009 4795 1209 4867 ἀρετῆς
1234 4789 1568 4863 κατορθώσει
1596 4786 1906 4859 προδείκνυ-

341 4896 487 4949 σθαι.
525 4894 662 4947 Οὔτε
707 4892 817 4964 γὰρ
862 4891 955 4944 ἐπὶ
986 4889 1064 4961 τῷ
1115 4887 1377 4958 θελήματι
1426 4885 1523 4954 τῆς
1576 4878 1830 4949 γυναικὸς
1872 4877 1907 4947 ἡ

341 4988 471 5050 ώδίς
493 5004 506 5017 ·
536 4984 659 5039 οὔτε
695 4986 752 5038 ἐν
779 4986 844 5055 τῇ
872 4982 1187 5055 προαιρέσει
1226 4978 1332 5032 τῶν
1359 4973 1728 5031 τελευτώντων
1756 4974 1784 5025 6
1812 4970 1910 5024 θά-

318 5092 319 5095 ‘
343 5096 525 5142 νατος.
561 5079 626 5130 Ὀ
661 5078 717 5130 δὲ
747 5078 831 5147 ἐφ’
861 5077 993 5146 ἡμῖν
1020 5074 1119 5128 οὐκ
1141 5073 1308 5135 ἔστιν,
1334 5070 1457 5124 ούτε
1482 5066 1678 5138 ἀρετὴν
1703 5066 1768 5119 άν
1802 5080 1912 5126 τις,

346 5170 474 5224 οὔτε
511 5166 710 5221 κακίαν
758 5166 1032 5237 ὁρίσαιτο·
1067 5160 1260 5216 ούκοῦν
1303 5161 1488 5230 νοῆσαι
1526 5157 1790 5228 προσήκει
1823 5153 1915 5206 τὸν

346 5260 512 5318 τόκον
549 5260 642 5312 τὸν
689 5256 976 5328 εὔκαιρον,
1026 5255 1121 5309 καὶ
1169 5253 1262 5306 τὸν
1311 5252 1369 5304 ἐν
1416 5247 1591 5320 καιρῷ
1634 5245 1914 5315 γινόμενον

332 5354 603 5409 θάνατον.
648 5352 798 5421 Ἐμοὶ
833 5350 977 5402 δοκεῖ
1008 5348 1166 5409 τόκος
1203 5344 1409 5415 ὥριμος
1443 5340 1538 5394 καὶ
1567 5340 1666 5391 οὐκ
1699 5335 1920 5406 ἀμϐλω-

355 5446 543 5518 θρίδης
569 5441 724 5505 εἶναι,
744 5445 890 5505 ὃταν,
915 5439 1094 5503 καθώς
1112 5456 1274 5509 φησιν
1307 5435 1364 5488 Ἦ
1376 5434 1552 5496 σαῖας,
1573 5434 1638 5484 ἐκ
1659 5428 1753 5482 τοῦ
1776 5426 1920 5480 θείου

265 5574 276 5589 ι
354 5556 443 5603 τις
489 5538 652 5607 φόϐου
686 5534 1032 5604 κυοφορήσας
1065 5530 1153 5583 διὰ
1192 5526 1300 5582 τῶν
1340 5527 1439 5596 τῆς
1486 5523 1662 5593 ψυχῆς
1713 5518 1919 5572 ὠδίνων

358 5630 463 5702 τὴν
500 5628 633 5683 ίδίαν
676 5625 948 5696 σωτηρίαν
984 5623 1240 5693 γεννήσῃ.
1283 5616 1521 5672 Ἐαυτῶν
1566 5614 1674 5682 γὰρ
1723 5610 1921 5680 τρόπον

258 5724 277 5777 ἠ
361 5699 487 5776 111.νά
507 5716 740 5786 πατέρες
760 5711 1038 5783 γινόμεθα,
1062 5712 1186 5764 ὅταν
1207 5709 1292 5762 διὰ
1316 5703 1413 5776 τῆς
1436 5703 1644 5773 ἀγαθῆς
1671 5699 1925 5771 προαιρέ-

368 5826 507 5874 σεως
544 5806 741 5871 αὐτοὺς
776 5801 1066 5873 πλάσωμέν
1096 5818 1152 5855 τε
1195 5801 1285 5855 καὶ
1318 5797 1683 5867 γεννήσωμεν,
1725 5792 1815 5846 καὶ
1849 5791 1926 5854 εἰς

1954 1940 2282 2016 profundum
2316 1946 2445 1994 sunt
2474 1930 2738 1997 immersi,
2768 1935 2824 1983 et
2869 1926 2937 1981 ad
2980 1936 3167 1980 curam
3205 1917 3512 1973 futurorum

1955 2009 2179 2091 excitet.
2216 2030 2342 2084 Haec
2390 2026 2554 2082 tacite
2585 2017 3002 2094 philosophatur
3030 2015 3083 2068 in
3125 2010 3316 2082 primis
3348 2009 3517 2063 libro-

1955 2140 2079 2181 rum
2129 2135 2355 2178 suorum
2416 2111 2867 2185 inscriptionibus
2920 2106 3013 2161 Dei
3054 2117 3270 2175 quoque
3309 2101 3518 2155 amicus

1956 2217 2158 2280 Moses,
2192 2212 2285 2284 qui
2321 2209 2506 2268 statim
2534 2220 2658 2262 cum
2689 2200 2908 2265 Genesi,
2936 2197 3081 2270 quod
3109 2207 3191 2251 est
3215 2193 3515 2264 generatio,

1959 2309 2127 2365 simul
2155 2318 2371 2377 quoque
2406 2299 2631 2370 scripsit
2661 2293 2931 2358 Exodum,
2967 2289 3021 2344 id
3053 2296 3154 2353 est,
3184 2298 3467 2342 excessum
3500 2300 3514 2337 :

1961 2407 2023 2455 ut
2065 2398 2159 2468 qui
2205 2412 2268 2450 ea
2314 2395 2553 2461 legerent
2597 2401 2717 2458 quae
2765 2383 2967 2452 scripta
3005 2388 3152 2443 sunt,
3203 2378 3368 2432 etiam
3424 2386 3521 2444 per

1960 2489 2141 2560 ipsum
2176 2485 2421 2539 ordinem
2465 2481 2736 2535 librorum
2771 2489 2835 2530 ea
2865 2473 3140 2527 discerent
3173 2482 3291 2539 quae
3341 2464 3407 2519 ad
3439 2480 3498 2520 se

1962 2556 2111 2650 ipsos
2158 2575 2448 2647 pertinent.
2500 2571 2689 2641 Neque
2737 2567 2880 2623 enim
2937 2563 3049 2618 ﬁeri
3102 2566 3283 2631 potest
3341 2570 3399 2611 ut
3431 2556 3524 2626 qui

1965 2670 2239 2731 Genesim,
2266 2664 2677 2738 generationem
2706 2660 2952 2729 inquam,
2977 2652 3231 2716 audierit,
3261 2665 3368 2704 non
3393 2648 3528 2702 Exo~

1968 2766 2117 2825 dum.
2153 2765 2205 2818 id
2240 2768 2325 2817 est
2349 2770 2632 2815 excessum
2664 2752 2915 2826 protinus
2949 2747 3167 2818 cogitet.
3220 2743 3374 2809 Quod
3403 2741 3527 2811 qui-

1969 2860 2090 2914 dem
2128 2856 2214 2909 hic
2239 2866 2455 2924 quoque
2491 2859 2752 2918 magnum
2789 2839 3123 2897 intellexisse
3161 2834 3529 2890 Ecclesiasten

1971 2948 2297 3008 ostenditur,
2341 2952 2399 2997 ut
2427 2942 2518 3011 qui
2558 2939 2613 2993 in
2654 2936 2849 2992 eodem
2882 2932 3075 2988 ordine
3108 2928 3351 3000 posuerit
3387 2940 3531 2980 mor-

1970 3050 2080 3098 tein
2110 3055 2219 3110 quo
2264 3033 2682 3108 generationem.
2724 3028 2962 3094 Tempus
3006 3030 3091 3077 est
3122 3020 3289 3082 enim,
3333 3015 3532 3087 inquit,

1976 3132 2239 3209 pariendi,
2258 3137 2538 3199 ettempus
2567 3118 2853 3178 moriendi.
2884 3116 3066 3180 Venit,
3085 3113 3278 3183 inquit,
3296 3118 3533 3180 tempus,

1977 3317 2288 3371 universum
2322 3309 2828 3380 aspiceremus,uon
2860 3300 3051 3355 relicto
3092 3295 3192 3349 via:
3217 3290 3539 3362 compendio

1978 3408 2033 3463 in
2064 3406 2295 3461 circuitu
2328 3414 2451 3455 cum
2472 3397 2652 3466 impiis
2671 3392 3097 3451 ambularemus,
3136 3383 3322 3440 mundi
3356 3382 3450 3452 qui
3483 3382 3540 3435 in

1979 3498 2162 3553 orbem
2184 3492 2573 3561 circumagitur
2596 3500 2779 3543 errore
2797 3491 2984 3538 nostra
3005 3488 3196 3549 sponte
3215 3473 3541 3538 errantes,in

1981 3586 2218 3659 potentia
2241 3593 2293 3639 et
2321 3581 2574 3650 superbia
2596 3585 2649 3634 et
2667 3574 2892 3636 divitiis,
2914 3586 3011 3627 oer
3040 3584 3160 3641 quae
3178 3568 3230 3621 in
3258 3563 3543 3634 multiplici

1982 3654 2036 3733 et
2057 3678 2201 3732 varia
2220 3673 2382 3743 hujus
2405 3668 2589 3725 mundi
2608 3666 2692 3722 via
2712 3662 2992 3735 implicati,
3007 3676 3037 3716 e
3052 3656 3361 3729 labyrintho
3384 3654 3547 3720 hujus

1982 3769 2109 3823 vita!
2133 3769 2335 3821 exitum
2369 3763 2590 3817 minime
2622 3755 3034 3818 invenimus,eo
3064 3750 3182 3819 ipso
3219 3747 3362 3817 quod
3387 3743 3549 3799 veheo

1987 3872 2197 3917 menter
2218 3859 2545 3917 lahorare,et
2571 3850 2810 3907 studium
2832 3846 3081 3901 videmur
3096 3839 3369 3895 adhibere.
3390 3842 3552 3890 εει-ιω

1988 3963 2041 4008 ει
2064 3969 2092 4005 a
2110 3967 2217 4021 qua
2240 3944 2482 4002 aberrari
2508 3957 2615 3996 non
2634 3946 2814 4010 potest
2833 3937 2931 3992 via:
2954 3934 3110 4003 signa
3131 3925 3547 3985 confundentes.

1992 4016 2163 4113 Quam
2197 4039 2365 4103 beati,
2402 4036 2601 4106 inquit,
2645 4038 2775 4089 sunt
2809 4029 2886 4084 illi
2920 4024 3191 4086 homines,
3222 4020 3316 4092 qui
3343 4031 3463 4089 quae
3497 4016 3554 4070 in

1993 4106 2180 4191 orbem
2232 4131 2485 4185 feruntur
2533 4122 2828 4179 fraudibus
2860 4119 3024 4187 hujus
3052 4116 3178 4169 vitae
3214 4110 3440 4173 relictis,
3488 4106 3557 4162 ad

1996 4221 2463 4297 compendiariam
2492 4215 2713 4273 virtutis
2735 4214 2879 4267 viam
2914 4225 2973 4264 se
3005 4205 3296 4262 conferunt
3321 4204 3335 4257 l
3364 4201 3439 4255 Ea
3463 4214 3561 4255 au-

2000 4330 2105 4375 tem
2144 4304 2369 4382 est,,ad
2420 4310 2555 4365 nihil
2591 4320 2783 4363 eorum
2821 4318 2942 4373 qua:
2991 4300 3080 4354 hic
3138 4302 3266 4352 sunt
3320 4291 3560 4345 animum

2001 4417 2344 4471 convertere,
2380 4402 2478 4459 sed
2516 4400 2633 4455 acri
2666 4396 2849 4454 studio
2883 4393 3219 4449 contendere
3246 4386 3314 4441 ad
3339 4384 3394 4440 id
3418 4380 3565 4454 quod

2004 4517 2099 4575 per
2124 4501 2284 4555 ﬁdem
2319 4498 2375 4552 in
2408 4509 2504 4565 spe
2538 4498 2623 4547 est
2660 4486 3025 4561 propositum.
3047 4479 3205 4549 Quod
3239 4478 3451 4534 dictum
3483 4478 3568 4529 est

2006 4604 2185 4651 autem
2240 4604 2438 4646 rursus
2486 4584 2882 4641 examinemus.
2928 4576 3169 4647 Tempus
3217 4578 3323 4635 est,
3370 4566 3567 4638 inquit,

2007 4684 2278 4761 pariendi,
2308 4692 2365 4738 et
2388 4692 2607 4750 tempus
2629 4672 2916 4730 moriendi.
2951 4669 3169 4724 Utinam
3198 4662 3330 4718 mihi
3357 4672 3571 4732 quoque

2009 4780 2193 4845 detur,
2221 4786 2280 4831 ut
2310 4776 2365 4829 in
2403 4782 2646 4841 tempore
2678 4780 2892 4826 nascar,
2929 4769 2982 4816 et
3015 4766 3319 4830 opportune
3345 4750 3567 4808 moriar!

2014 4870 2182 4926 Nemo
2212 4866 2356 4922 enim
2382 4862 2579 4916 dixerit
2615 4854 3036 4912 involuntariain
3064 4851 3205 4903 hanc
3243 4844 3570 4917 partionem,

2013 4968 2068 5016 et
2100 4964 2452 5028 spontaneam
2501 4956 2731 5001 mortem
2765 4958 2909 4997 nunc
2939 4938 3154 4995 ostendi
3198 4935 3266 4989 ab
3299 4931 3573 4986 Ecclesia-

2015 5060 2118 5114 ste,
2149 5057 2408 5115 tanquam
2439 5055 2506 5095 ει
2534 5052 2600 5094 eo
2634 5036 2707 5091 sit
2738 5042 2892 5089 recta
2936 5030 3153 5084 virtutis
3193 5027 3355 5081 actio.
3392 5022 3578 5091 Neque

2017 5142 2163 5198 enim
2189 5143 2412 5208 propter
2440 5130 2689 5186 mulieris
2718 5127 3056 5183 voluntatem
3098 5119 3314 5176 exsistit
3345 5126 3535 5185 partus
3561 5131 3576 5167 :

2019 5245 2198 5302 neque
2248 5241 2397 5283 mors
2441 5230 2527 5278 est
2570 5222 2628 5274 in
2679 5215 3057 5273 decedentimn
3112 5211 3281 5265 libero
3329 5204 3576 5261 arbitrio.

2024 5321 2183 5391 Quod
2223 5327 2402 5375 autem
2456 5328 2564 5369 non
2612 5319 2696 5367 est
2730 5311 2783 5364 in
2835 5316 3021 5362 nostra
3071 5310 3355 5373 potestate,
3408 5310 3583 5363 neque

2026 5386 2290 5468 virtutem
2328 5420 2507 5477 neque
2547 5402 2736 5457 vitium
2771 5399 3062 5468 quisquam
3096 5390 3387 5447 deﬁnierit.
3422 5386 3583 5440 Intela

2030 5508 2201 5576 ligere
2235 5515 2365 5572 ergo
2410 5501 2622 5568 oportet
2651 5500 2869 5563 partum
2917 5484 3319 5557 tempestivum,
3352 5489 3405 5535 et
3438 5493 3583 5532 mor-
3624 5502 3627 5507 -

2027 5609 2138 5656 tem
2166 5610 2285 5668 qua
2326 5597 2411 5648 est
2461 5590 2521 5645 in
2567 5597 2831 5655 tempore.
2885 5579 3015 5635 Mihi
3070 5576 3286 5632 videtur
3337 5579 3584 5627 maturus

2029 5707 2153 5750 esse
2182 5664 2377 5763 partus
2434 5691 2487 5739 et
2538 5695 2645 5736 non
2693 5675 2995 5737 abortivus,
3047 5668 3283 5742 quando,
3336 5674 3395 5720 ut
3453 5664 3585 5718 dicit

2034 5785 2245 5850 Esaias,
2297 5794 2422 5836 cum
2470 5774 2742 5846 quispiam
2775 5785 2839 5826 ex
2886 5765 2980 5824 Dei
3023 5765 3215 5819 timore
3257 5758 3583 5829 conceperit,
