4044 6530
471 367 576 422 705

1710 372 1763 427 S.
1805 374 2130 432 GREGOIUI
2170 374 2461 431 NYSSENI

3600 372 3706 431 τοι

470 499 568 554 per
600 481 796 537 anima:
829 481 882 540 in
923 490 1082 553 partu
1130 484 1348 540 labores
1379 501 1536 540 suam
1573 485 1804 542 salutem
1838 506 2036 558 genue-

2144 491 2254 559 φῶς
2286 491 2702 562 προαγάγωμεν.
2752 489 2922 543 Τοῦτο
2959 490 3015 543 δὲ
3054 488 3311 559 ποιοῦμεν
3331 528 3345 550 ,
3375 486 3463 540 διὰ
3493 487 3586 540 τοῦ
3616 489 3705 541 δέ·

473 578 561 628 rit.
599 574 769 630 Nobis
800 576 943 628 enim
998 575 1133 643 ipsis
1170 576 1574 644 quodammodo
1603 591 1785 648 patres
1826 597 2037 645 sumus,

472 666 692 736 quando
729 680 824 734 per
867 664 1069 718 bonum
1116 666 1284 719 animi
1320 667 1654 732 institutum,
1702 671 2042 740 liberumque

474 757 762 811 arbitrium
796 771 897 810 nos
935 756 1083 825 ipsos
1113 754 1533 814 formaverimus
1571 768 1624 814 et
1669 763 2040 830 genuerimus,

473 861 529 903 et
560 848 615 900 in
661 848 837 900 lucem
877 846 1232 901 ediderimns.
1259 845 1371 902 Hoc
1397 859 1577 904 autem
1606 850 1832 904 facimus
1861 867 1923 905 ex
1954 868 2039 916 eo,

447 940 619 1010 quod
665 938 830 992 Deum
884 939 941 994 in
986 954 1088 993 nos
1120 939 1270 1009 ipsos
1318 941 1892 1003 admittamus,ell‘ecti
1945 941 2042 996 filii

477 1032 571 1086 Dei
611 1041 664 1086 et
696 1030 792 1086 filii
829 1031 1072 1094 virtutis,
1113 1040 1167 1086 et
1215 1031 1311 1086 lilii
1345 1032 1633 1087 Altissimi.
1666 1035 1730 1088 Et
1769 1049 1868 1088 nos
1893 1035 2042 1104 ipsos

476 1143 672 1185 rursus
717 1129 997 1183 abortivos
1051 1128 1288 1194 edimus,
1336 1145 1549 1199 nosque
1600 1129 1947 1200 imperfectos
1988 1137 2044 1184 et

476 1223 880 1278 subventaneos
903 1220 1204 1285 reddimus,
1231 1224 1455 1290 quando
1470 1238 1580 1276 non
1605 1224 1769 1277 fuerit
1797 1225 1848 1276 in
1883 1223 2041 1276 nobis

477 1313 879 1375 formata,sicut
899 1315 976 1367 ait
1001 1314 1560 1382 Apostolus,«Christi
1586 1313 2042 1384 forma.»0portet

473 1407 621 1461 enim
647 1393 1004 1474 integrum'et
1028 1404 1222 1473 perfect
1235 1421 1321 1456 nm
1341 1421 1464 1460 esse
1478 1406 1751 1461 hominem
1769 1406 1882 1461 Dei.
1908 1407 2049 1461 lnte-.

476 1511 571 1565 ger
591 1505 770 1550 autem
803 1495 894 1549 ille
917 1497 1139 1550 omnino
1162 1505 1265 1559 est,
1287 1497 1374 1549 cui
1389 1497 1626 1566 perfecta
1656 1504 1864 1552 naturae
1894 1511 2042 1552 com-

478 1587 621 1655 pleta
653 1585 754 1639 fuit
783 1585 944 1640 ratio.
982 1586 1037 1639 Si
1071 1588 1192 1656 quis
1226 1602 1358 1656 ergo
1389 1603 1483 1657 per
1512 1589 1766 1642 virtutem
1801 1589 2040 1658 seipsum

477 1673 571 1730 Dei
612 1675 778 1730 lilium
811 1675 1024 1739 fecerit,
1053 1678 1303 1746 praeclari
1329 1679 1491 1748 hujus
1517 1689 1669 1734 ortus
1700 1688 1922 1749 accepta
1945 1693 2042 1749 po-

477 1771 696 1830 testate,
745 1765 792 1819 is
841 1765 991 1819 novit
1029 1775 1241 1836 tempus
1288 1768 1416 1821 boni
1469 1775 1678 1836 partus,
1736 1776 1790 1822 et
1847 1769 2040 1823 merito

2142 581 2331 648 ξασθαι
2367 585 2422 636 ἐν
2461 583 2674 646 ἑαυτοῖς
2707 582 2796 634 τὸν
2834 581 2985 644 Θεὺν,
3025 581 3189 633 τέκνα
3235 579 3389 642 Θεοῦ,
3421 580 3513 631 καὶ
3541 579 3705 634 τέκνα

2138 671 2439 741 δυνάμεως,
2473 672 2570 724 καὶ
2601 672 2707 724 υἱοὶ
2764 671 3016 740 Ὑψίστου
3057 670 3356 738 γενόμενοι.
3401 668 3510 722 Καὶ
3543 668 3703 722 πάλιν

2138 762 2363 825 ἑαυτοὺς
2406 761 2810 832 ἀμσλίσκομεν,
2861 761 2955 815 καὶ
2997 761 3458 831 ἁτελεσφορήτους
3499 776 3557 812 τε
3610 761 3705 814 καὶ

2140 853 2471 923 ὑπηνεμίους
2523 851 2982 924 ἀπεργαζόμεθα,
3033 853 3160 905 ὅταν
3210 851 3284 922 μὴ
3342 851 3600 922 μορφωθῇ
3646 852 3704 904 ἐν

2139 944 2303 1012 ἡμῖν,
2340 943 2518 1006 καθώς
2551 960 2719 1012 φησιν
2758 946 2786 996 6
2847 943 3189 1006 Ἀπόστολος,
3235 944 3310 1012 «νὴ
3346 941 3438 994 τοῦ
3471 941 3704 1011 Χριστοῦ

2142 1033 2342 1102 μορφή.
2368 1051 2384 1085 ›
2429 1035 2520 1086 Δεῖ
2547 1033 2654 1104 γὰρ
2683 1030 2847 1090 εἶναι..
2888 1034 3071 1104 φησιν,
3110 1034 3294 1105 ἄρτιον
3332 1033 3422 1084 τὸν
3452 1032 3546 1084 τοῦ
3570 1033 3704 1087 Θεοῦ

2139 1122 2436 1192 ἄνθρωπον.
2515 1125 2736 1195 ’Ἄρτιος
2789 1125 2845 1179 δὲ
2895 1125 3110 1188 πάντως
3176 1126 3382 1186 ἐκεῖνός
3435 1126 3609 1191 ἐστιν,
3661 1121 3707 1194 ᾦ

2139 1212 2356 1276 τελείως
2381 1214 2408 1265 6
2437 1215 2534 1284 τῆς
2562 1214 2776 1282 φύσεως
2801 1215 3264 1284 συμπεπλήρωται
3290 1214 3464 1281 λόγος.
3501 1216 3707 1268 Οὐκοῦν

2140 1303 2187 1354 εί
2229 1303 2327 1372 μέν
2361 1321 2445 1366 τις
2487 1304 2552 1357 δι’
2585 1306 2788 1376 ἀρετῆς
2825 1306 3014 1360 τέκνον
3059 1306 3193 1358 Θεοῦ
3227 1305 3416 1358 ἑαυτὸν
3464 1307 3706 1376 ἐποίησε,

2139 1393 2318 1446 λαϐὼν
2353 1395 2598 1460 ἐξουσίαν
2623 1398 2723 1467 τῆς
2749 1398 3022 1466 εὐγενείας
3039 1395 3258 1468 ταύτης,
3283 1395 3426 1464 ἔγνω
3443 1393 3593 1462 οὗτος
3618 1398 3707 1451 τὸν

2139 1486 2326 1556 καιρὸν
2349 1487 2444 1555 τῆς
2482 1487 2690 1558 ἀγαθῆς
2714 1488 2920 1551 ὠδῖνος,
2941 1487 3033 1540 καὶ
3055 1488 3255 1558 χαίρει,
3285 1489 3425 1540 κατά
3450 1487 3511 1540 τὸ
3535 1489 3709 1556 Εὐαγο

2139 1575 2343 1643 γέλιον,
2383 1577 2642 1644 εἰκότως,
2695 1579 2774 1632 ὅτι
2827 1579 3087 1650 ἐγεννήθη
3147 1578 3428 1650 ἄνθρωπος
3479 1581 3558 1642 εἰς
3617 1581 3707 1632 τὸν

2139 1667 2360 1737 κόσμον.
2429 1668 2486 1720 '0
2541 1668 2596 1720 δὲ
2649 1669 2936 1737 γενόμενος
2986 1669 3172 1722 τέκνον
3219 1669 3423 1739 ὀργῆς,
3467 1674 3558 1722 καὶ
3597 1670 3708 1732 υίὸς

2139 1759 2434 1823 ἀπωλείας,
2491 1762 2583 1813 καὶ
2630 1762 2852 1824 σκότους
2889 1761 3138 1830 ἔκγονος,
3189 1762 3431 1832 γέννημα
3476 1762 3706 1833 ἐχίδνης,

477 1855 679 1926 gaudet
705 1854 1088 1910 convenienter
1117 1854 1427 1928 Evangelia,
1463 1859 1609 1928 quod
1649 1867 1812 1913 natus
1843 1859 1914 1912 sit
1953 1859 2042 1912 ho-

2144 1849 2358 1917 ἔκγονον
2389 1850 2574 1916 κακὸν,
2611 1852 2705 1904 καὶ
2736 1852 2802 1905 τὰ
2840 1851 2972 1906 ἄλλα
3004 1856 3177 1908 πάντα
3213 1855 3280 1907 δι’
3315 1849 3389 1908 ὦν
3419 1857 3447 1908 ὁ
3477 1856 3709 1927 πονηρὸς

478 1962 570 2002 tuo
616 1947 671 2001 in
707 1947 930 2000 mundo.
981 1948 1084 2013 Qui
1126 1961 1308 2004 autem
1340 1959 1502 2004 natus
1538 1958 1622 2004 est
1665 1949 1809 2004 filius
1841 1951 1954 2015 irae,
1990 1957 2043 2004 et

478 2039 622 2094 ﬁlius
658 2027 1002 2110 perditionis,
1041 2049 1094 2095 et
1125 2041 1268 2096 fetus
1297 2042 1672 2104 tenebrarum,
1713 2057 1932 2110 germen
1963 2041 2044 2094 vi-

477 2145 644 2202 perae,
677 2133 855 2187 malus
903 2131 1070 2199 fetus,
1115 2142 1169 2187 et
1216 2135 1322 2186 alia
1371 2135 1576 2196 omnia,
1626 2133 1826 2203 quibus
1871 2133 2045 2187 malus

479 2223 620 2277 male
644 2223 795 2277 audit
830 2233 1042 2293 partus,
1095 2224 1142 2278 is
1181 2239 1291 2278 non
1323 2225 1476 2277 novit
1521 2232 1735 2294 tempus
1770 2222 1915 2294 quod
1959 2224 2044 2294 gi-

479 2315 596 2384 gnit
643 2315 864 2369 vitalia:
920 2323 1004 2370 est
1049 2316 1195 2370 enim
1249 2330 1414 2369 unum
1452 2325 1665 2385 tempus
1712 2317 1930 2385 pariens
1975 2316 2044 2370 ad

475 2408 667 2472 vitam,
691 2415 745 2460 et
786 2423 898 2463 non.
931 2408 1108 2478 plura.
1148 2406 1252 2473 Qui
1294 2422 1426 2476 ergo
1459 2413 1680 2476 propter
1721 2408 2044 2477 importuni-

478 2505 644 2552 tatem
674 2505 889 2567 partum
928 2513 1038 2553 non
1067 2506 1150 2554 est
1182 2504 1486 2561 assecutus,
1516 2499 1753 2568 seipsum
1792 2500 2046 2568 parturiit

478 2587 750 2654 interitui,
780 2597 836 2644 et
865 2588 934 2644 ad
966 2599 1198 2644 mortem
1230 2604 1344 2644 sua:
1376 2596 1461 2644 est
1489 2590 1685 2644 anima:
1717 2589 2045 2644 ohstetrica-

475 2687 588 2733 tus.
624 2678 681 2733 Si
715 2688 801 2734 est
829 2690 1009 2736 autem
1051 2679 1399 2751 perspicuum
1450 2679 1908 2750 quemadmodum
1949 2695 2046 2733 na-

476 2771 681 2824 scimur
703 2771 756 2824 in
781 2781 1047 2840 tempore,
1077 2769 1424 2839 perspicuum
1445 2785 1662 2839 quoque
1684 2780 1767 2825 est
1793 2770 2046 2825 omnibus

476 2861 932 2932 quemadmodum
953 2863 1220 2915 morimur
1245 2862 1301 2914 in
1318 2860 2046 2930 tempore,quemadmodnm

479 2961 669 3008 sancto
698 2951 867 3007 Paulo
901 2953 967 3006 ad
1006 2952 1201 3008 bonam
1239 2959 1469 3006 mortem
1500 2965 1662 3006 omne
1690 2960 1902 3020 tempus
1931 2956 2049 3004 erat

477 3053 865 3114 opportunum.
891 3044 1103 3099 Clamat
1130 3043 1275 3096 enim
1306 3043 1361 3095 in
1395 3042 1510 3097 suis
1530 3041 2052 3111 scriptis,quodam-—

480 3131 642 3184 modo
663 3129 1173 3200 adjurans,quando
1191 3129 1325 3183 dicit
1347 3147 1359 3182 :
1390 3148 1408 3180 ι
1439 3128 1695 3195 Quotidie
1714 3129 1938 3193 morior,
1953 3143 2047 3198 per

478 3229 716 3276 vestram
741 3223 1121 3293 gloriatiouem
1143 3223 1190 3256 "
1207 3228 1287 3276 iet
1316 3221 1452 3276 illud
1479 3240 1521 3275 τι
1548 3221 1777 3291 PrOpter
1799 3230 1851 3276 te
1873 3230 2049 3277 morte

479 3309 744 3364 allicimur
775 3311 1021 3381 quotidie
1043 3312 1110 3370 ⁸³,
1136 3330 1155 3364 ι
1195 3309 1261 3363 Ει
1291 3309 1393 3380 ipsi
1417 3311 1471 3364 in
1496 3311 1651 3366 nobis
1679 3311 1814 3380 ipsis
1832 3324 2050 3379 respon-

479 3417 599 3455 sum
619 3401 810 3456 mortis
835 3399 1389 3457 habuimus.0mnino
1413 3411 1589 3456 autem
1613 3415 1720 3454 non
1747 3410 1830 3455 est
1847 3401 2047 3456 obscu—

479 3508 622 3555 rum,
661 3493 1114 3562 quemadmodum
1153 3490 1356 3547 Paulus
1398 3491 1629 3546 moritur
1659 3490 1923 3560 quotidie,
1951 3489 2046 3561 qui

478 3588 761 3652 nunquam
791 3590 1013 3653 peccato
1047 3583 1196 3646 vivit,
1219 3583 1312 3653 qui
1357 3597 1569 3651 semper
1591 3581 1834 3635 membra
1858 3581 2044 3636 carnis

477 3675 794 3738 mortiticat,
827 3683 880 3730 et
903 3673 1371 3729 mortiﬁcationem
1400 3671 1648 3743 corporis
1675 3670 1882 3726 Christi
1903 3670 1958 3724 in
1986 3686 2046 3726 se

480 3766 799 3823 circumfert
818 3769 884 3836 ⁸⁵,
915 3767 1005 3840 qui
1030 3781 1246 3836 semper
1273 3781 1395 3820 cum
1431 3765 1648 3820 Christo
1684 3763 2044 3834 crucifigitur,

479 3860 574 3929 qui
608 3875 886 3930 nunquam
927 3859 1032 3915 sibi
1066 3859 1223 3923 vivit,
1271 3857 1368 3914 sed
1409 3857 1678 3911 viventem
1725 3855 1782 3910 in
1820 3870 1877 3911 se
1925 3856 2044 3924 ipso

478 3952 954 4018 habetChristum,
984 3952 1099 4006 haec
1122 3966 1242 4006 meo
1261 3948 1473 4020 judicio
1503 3947 1668 4003 fuerit
1685 3963 1830 4002 mors
1848 3962 2047 4016 oppor-

479 4051 634 4106 tuna,
659 4059 780 4115 quae
806 4059 945 4098 verae
968 4045 1094 4097 vitae
1120 4041 1224 4096 fuit
1247 4039 1611 4096 conciliatrix.
1647 4055 1666 4088 ι
1695 4038 1803 4108 Ego
1827 4056 1846 4089 ι
1876 4038 2046 4103 enim,

480 4134 681 4204 inquit,
702 4154 720 4187 ι
743 4136 1013 4203 occidam,
1031 4134 1278 4188 etvivere
1292 4132 1485 4186 faciam
1505 4131 1549 4161 ⁸⁸
1572 4149 1584 4184 :
1608 4149 1626 4180 ι
1651 4137 1709 4182 ιιι
1724 4144 2044 4198 persuasum

2143 1939 2483 1995 διασάλλεται
2505 1943 2681 2006 τόκος,
2704 1945 2804 1996 οὐκ
2831 1944 2970 2012 έγνω
2991 1944 3078 1996 τὸν
3107 1945 3471 2013 ζωογονοῦντα
3495 1948 3704 2016 καιρόν·

2143 2026 2222 2094 εἷς
2251 2033 2360 2103 γὰρ
2397 2034 2586 2104 καιρὸς
2610 2033 2807 2088 τίκτων
2840 2038 2919 2098 είς
2942 2036 3108 2107 ζωὴν,
3143 2038 3238 2089 καὶ
3264 2038 3323 2091 οὐ
3351 2037 3551 2091 πολλοί.
3579 2036 3651 2093 Ob
3678 2042 3709 2093 ό

2142 2121 2454 2192 διαμαρτὼν
2501 2126 2556 2176 ἐν
2605 2127 2672 2196 τῇ
2711 2126 2936 2197 ἀκαιρία
2977 2127 3072 2180 τοῦ
3109 2128 3265 2181 τόκου
3291 2168 3305 2192 ,
3351 2132 3416 2200 τῇ
3466 2129 3709 2204 ἀπωλείᾳ,

2144 2211 2333 2265 ἑαυτὸν
2361 2210 2536 2277 ὧδινε,
2583 2216 2676 2267 καὶ
2703 2214 2781 2284 τῷ
2809 2215 3022 2286 θανάτῳ
3045 2216 3142 2286 τὴν
3164 2216 3340 2287 ψυχὴν
3361 2220 3705 2288 ὲμαιεύσατο.

2143 2304 2206 2357 Et
2238 2302 2295 2354 δὲ
2337 2305 2566 2375 φανερόν
2604 2306 2719 2358 ἐστι
2759 2307 2874 2370 πῶς
2907 2309 2963 2360 ἐν
2997 2308 3170 2378 καιρῷ
3206 2309 3520 2379 τικτόμεθα,
3552 2311 3710 2380 δῆλον

2144 2395 2277 2446 πᾶσι
2305 2394 2422 2457 πῶς
2443 2396 2500 2447 ἐν
2528 2396 2705 2467 καιρῷ
2731 2397 3166 2469 ἀποθνήσκομεν,
3193 2394 3304 2453 οἷον
3332 2404 3439 2464 πᾶς
3461 2402 3538 2473 τῷ
3569 2403 3709 2474 ἁγίῳ

2144 2485 2340 2556 Παύλῳ
2370 2487 2555 2556 καιρὸς
2575 2488 2667 2540 τοῦ
2692 2488 2896 2557 ἀγαθοῦ
2933 2489 3160 2543 θανάτου
3191 2491 3444 2564 εὔκαιρος
3479 2491 3567 2565 ἦν.

2144 2578 2319 2648 γὰρέν
2357 2582 2465 2640 τοῖς
2490 2579 2636 2643 ἰδίοις
2657 2580 2852 2649 λόγοις,
2891 2583 3106 2653 ἔνορκον
3138 2585 3339 2654 τρόπον
3370 2589 3491 2640 τινα
3527 2588 3708 2640 ποιού-

2149 2685 2329 2737 μενος,
2379 2671 2436 2722 ἐν
2475 2664 2557 2732 οἷς
2587 2687 2769 2740 φησιν,
2791 2671 2872 2724 ὅτι
2918 2691 2938 2725 ι
2962 2674 3097 2725 Καθ’
3127 2675 3335 2746 ἡμέραν
3366 2677 3709 2748 ἀποθνήσκω.

2145 2756 2210 2827 νὴ
2239 2758 2333 2829 τὴν
2369 2759 2638 2832 ὑμετέραν
2671 2760 2935 2831 καύχησιν
2957 2779 2970 2792 ·
3010 2782 3029 2815 ι
3075 2766 3168 2816 καὶ
3212 2765 3291 2832 τὸ,
3325 2784 3344 2816 ι
3375 2767 3575 2822 Ἕνεκα
3616 2768 3710 2822 σοῦ

2147 2847 2518 2920 θανατούμεθα
2573 2851 2752 2904 πᾶσαν
2810 2853 3041 2924 ἡμέραν.
3071 2874 3089 2906 ι
3123 2857 3234 2910 Καὶ
3293 2857 3448 2910 αὐτοὶ
3491 2860 3549 2911 ὲν
3589 2861 3715 2912 ἐαυ-

2145 2943 2256 3004 τοῖς
2299 2941 2356 2994 τὸ
2392 2941 2674 3013 ἀπόκριμα
2711 2943 2805 2995 τοῦ
2852 2944 3081 2998 θανάτου
3119 2947 3454 3018 ἐσχήκαμεν.
3490 2949 3711 3016 Πάντως

2146 3033 2202 3087 δὲ
2233 3033 2332 3086 οὐκ
2366 3032 2557 3101 ἄδηλον
2601 3033 2719 3097 πῶς
2745 3034 3077 3106 ἀποθνήσκει
3109 3038 3228 3091 καθ’
3261 3040 3474 3109 ἡμέραν
3503 3043 3532 3093 ό
3566 3042 3714 3094 Παῦ-

2075 3165 2120 3226 C
2149 3123 2258 3188 λος,
2290 3126 2317 3176 ὁ
2349 3123 2616 3194 μηδέποτε
2653 3126 2718 3194 τῇ
2761 3126 3002 3197 ἁμαρτίᾳ
3028 3125 3157 3194 ζῶν,
3187 3129 3216 3180 6
3245 3129 3332 3183 ἀεὶ
3354 3130 3421 3184 τὰ
3454 3131 3590 3202 μέλη
3613 3132 3713 3201 τῆς

2152 3215 2350 3286 σαρκὸς
2378 3215 2608 3287 νεκρῶν,
2652 3216 2746 3269 καὶ
2782 3218 2879 3287 τὴν
2907 3217 3170 3289 νέκρωσιν
3209 3221 3303 3274 τοῦ
3340 3221 3586 3293 σώματος
3618 3225 3712 3276 τοῦ

2147 3306 2384 3378 Χριστοῦ
2410 3307 2467 3359 ἐν
2491 3306 2668 3378 ἑαυτῷ
2695 3308 3026 3380 περιφέρων,
3053 3313 3080 3364 6
3106 3311 3332 3366 πάντοτε
3363 3315 3580 3386 Χριστῷ
3618 3333 3714 3371 συ-

2149 3397 2565 3468 σταυρούμενος,
2592 3401 2619 3451 6
2651 3399 2920 3470 μηδέποτε
2962 3401 3139 3473 ἐαυτῷ
3165 3402 3273 3466 ζῶν
3294 3444 3309 3467 ,
3360 3406 3495 3460 ἀλλὰ
3538 3407 3713 3473 ζῶντα

2146 3487 2285 3558 ἔχων
2323 3491 2379 3541 έν
2426 3489 2601 3561 ἐαυτῷ
2646 3491 2738 3543 τὸν
2774 3487 3205 3562 Χριστόνόὖτος
3247 3495 3313 3548 ἂν
3350 3497 3435 3566 εἴη
3469 3499 3610 3552 κατὰ
3647 3517 3712 3569 γε

2147 3578 2246 3648 τὴν
2272 3580 2543 3652 ἡμετέραν
2574 3581 2752 3652 κρίσιν
2779 3585 2809 3637 6
2837 3582 3091 3655 εὔκαιρος
3119 3584 3363 3652 θάνατος,
3392 3590 3420 3641 ὁ
3443 3589 3543 3662 τῆς
3580 3591 3716 3656 ἁλη-

2149 3667 2272 3733 Θοῦς
2299 3670 2442 3741 ζωῆς
2477 3673 2760 3742 γενόμενος
2792 3674 3067 3744 πρόξενος.
3101 3694 3120 3727 ι
3143 3675 3284 3744 Ἐγὼ
3319 3697 3338 3730 ι
3377 3679 3714 3752 γὰρ,φησὶν,

2155 3788 2180 3819 ι,
2200 3769 2482 3821 ἀποκτενῶ
2511 3771 2604 3823 καὶ
2623 3771 2723 3843 ζῇν
2757 3773 2986 3842 ποιήσω’
3018 3792 3037 3826 ι
3072 3774 3146 3837 ὡς
3185 3776 3470 3830 πεπεῖσθαι
3502 3777 3724 3848 ἀληθῶς.

2149 3861 2284 3914 Θεοῦ
2317 3861 2488 3934 δῶρον
2526 3859 2665 3918 εἶναι
2701 3866 2762 3919 τὸ
2802 3867 3137 3938 νεκρωθῆναι
3183 3872 3248 3940 τῇ
3298 3871 3540 3944 ἁμαρτίᾳ
3564 3912 3579 3932 ,
3622 3875 3717 3926 καὶ

2150 3951 2552 4025 ζωοποιηθῆναι
2576 3955 2654 4027 τῷ
2681 3958 2969 4027 πνεύματι.
3000 3959 3096 4011 Διά
3126 3960 3233 4031 γὰρ
3261 3961 3354 4012 τοῦ
3379 3963 3714 4024 ἀποκτεῖναι,

2150 4039 2431 4104 ζωοποιεῖν
2465 4046 2858 4114 ἐπαγγέλλεται
2887 4050 2920 4120 ἡ
2948 4048 3069 4103 θεία
3098 4053 3283 4122 φωνή·
3313 4053 3494 4123 ὅμοιον
3517 4054 3574 4106 δὲ
3604 4058 3720 4119 τοῖς

2147 4134 2456 4203 εἰρημένοις
2495 4137 2590 4190 καὶ
2626 4138 2688 4190 τὸ
2727 4140 3010 4209 ἑπόμενον·

480 4230 552 4282 sit
588 4245 715 4284 vere
759 4229 849 4284 Dei
894 4243 1018 4284 esse
1055 4228 1281 4291 donum,
1335 4233 1615 4280 mortuum
1683 4237 1805 4277 esse
1840 4231 2086 4292 peccato,
2126 4234 2180 4280 et
2213 4226 2545 4284 vivificatum
2590 4230 2805 4300 spiritu.
2855 4229 3148 4300 Propterea
3203 4235 3348 4289 enim
3392 4236 3539 4306 quod
3567 4237 3717 4292 occi-

480 4319 640 4385 derit,
686 4319 968 4374 viviﬁcare
1015 4317 1288 4389 promittit
1334 4331 1439 4370 vox
1492 4315 1697 4369 divina.
1746 4316 1818 4370 lis
1851 4325 2050 4370 autem
2089 4334 2211 4388 qua:
2237 4320 2386 4374 dicta
2431 4332 2594 4385 sunt,
2633 4324 2809 4378 simile
2869 4341 3085 4396 quoque
3109 4335 3192 4382 est
3234 4329 3381 4398 quod
3424 4330 3711 4400 sequitur:

547 4412 602 4466 2.
639 4430 657 4462 ι
695 4411 954 4481 Tempus,
998 4430 1017 4462 ι
1061 4410 1260 4482 inquit,
1321 4429 1339 4462 ι
1390 4410 1696 4480 plantandi,
1744 4419 1799 4465 et
1825 4418 2040 4479 tempus

2176 4419 2196 4453 ⁸
2215 4413 2440 4485 Καιρδς,
2459 4417 2611 4486 φησι,
2636 4415 2730 4469 τοῦ
2757 4419 3038 4484 φυτεῦσαι,
3065 4420 3153 4473 καὶ
3185 4423 3372 4493 καιρὸς
3395 4421 3490 4476 τοῦ
3511 4425 3716 4480 enim

483 4503 749 4559 evellendi
783 4503 931 4572 quod
981 4502 1287 4572 plantatum
1334 4510 1442 4556 est.
1484 4521 1504 4553 ι
1560 4500 1780 4558 Scimus
1814 4501 1940 4572 quis
1978 4500 2053 4556 sit

483 4603 670 4649 noster
713 4593 972 4664 agricola,
1005 4599 1060 4648 et
1098 4607 1225 4654 nos,
1266 4592 1554 4661 cujusnam
1597 4591 1770 4648 simus
1814 4591 2056 4662 agricul-

486 4694 632 4740 tura.
674 4685 809 4739 Nam
853 4685 987 4738 illud
1033 4683 1254 4754 quidem
1285 4698 1313 4736 a
1347 4683 1588 4750 Christo,
1625 4684 1730 4739 hoc
1759 4693 1940 4740 autem
1969 4683 2054 4738 di-

483 4763 718 4832 dicimus
753 4791 783 4829 a
823 4791 982 4832 servo
1015 4775 1222 4830 Christi
1270 4774 1462 4828 Paulo.
1503 4773 1646 4828 Dicit
1674 4774 1820 4829 enim
1869 4773 2053 4828 Domi-

485 4885 635 4924 nus:
681 4887 700 4920 ι
755 4868 916 4924 Pater
961 4883 1118 4924 meus
1164 4868 1405 4938 agricola
1458 4877 1542 4922 est
1570 4867 1638 4923 “.
1685 4886 1702 4918 ι
1755 4867 2051 4937 Apostolus

484 4968 665 5013 autem
719 4960 879 5015 nobis
925 4960 1103 5015 dicit:
1159 4979 1177 5010 ι
1219 4958 1309 5013 Dei
1357 4959 1695 5028 agricultura
1742 4959 1878 5014 estis
1910 4960 1977 5013 ⁸⁷.
2027 4978 2046 5010 ι

486 5051 713 5120 Magnus
757 5065 889 5121 ergo
940 5050 1180 5120 agricola
1213 5051 1318 5104 scit
1366 5049 1544 5103 solum
1593 5049 1733 5103 bona
1782 5049 2053 5118 plantare.

491 5162 510 5195 ι
579 5142 852 5197 Plantavit
908 5144 1053 5198 enim
1089 5141 1234 5198 Deus
1285 5140 1602 5212 paradisum
1661 5142 1718 5195 in
1777 5139 1944 5196 Edem
1985 5138 2056 5194 ad

485 5234 763 5290 Orientem
811 5235 855 5266 ⁸⁸
904 5252 918 5288 :
975 5253 998 5287 ι
1042 5235 1194 5289 vellit
1247 5241 1426 5288 autem
1459 5248 1522 5288 ea
1545 5247 1667 5302 quae
1711 5240 1842 5288 sunt
1893 5231 2053 5287 bonis

486 5328 790 5384 contraria.
829 5344 850 5379 ι
881 5325 1070 5381 Omnis
1097 5325 1242 5381 enim
1268 5325 1532 5395 plantatio
1563 5339 1727 5395 quam
1759 5340 1868 5378 non
1893 5323 2050 5394 plan-

487 5421 623 5474 tavit
658 5419 820 5476 Pater
839 5433 990 5473 meus
1043 5416 1308 5480 cmlestis,
1352 5415 1725 5470 eradicabitur
1749 5415 1815 5467 3°.
1856 5433 1876 5468 ι
1908 5413 2051 5468 Pha-

491 5511 689 5565 risaica
717 5524 846 5581 ergo
871 5508 1072 5562 malitia
1092 5514 1147 5562 et
1168 5505 1544 5572 incredulitas,
1575 5516 1629 5562 et
1654 5505 1852 5578 ingrati
1882 5503 2048 5560 animi

560 5687 606 5719 "
641 5685 660 5740 l
690 5685 814 5742 Cor.
855 5702 944 5750 xv,
971 5685 1029 5739 '5l

493 5771 575 5816 Ill,
608 5757 660 5810 9.
737 5757 780 5788 "
820 5755 954 5810 Gen.
993 5769 1054 5820 ιι,
1084 5754 1136 5808 8.
1214 5755 1258 5786 ⁸⁸
1299 5753 1450 5807 Matt.
1487 5769 1574 5822 xv,
1613 5754 1696 5809 15.

2146 4504 2206 4557 τὸ
2257 4507 2681 4579 πεφυτευμένον.
2702 4503 2865 4561 »Οἶδα
2889 4510 3008 4586 ,μὲν
3054 4512 3137 4574 τίς
3183 4512 3342 4584 ήμῶν
3384 4515 3414 4567 6
3451 4517 3711 4588 γεωργὸς,

2148 4597 2243 4650 καὶ
2282 4599 2444 4668 ἡμεῖς
2487 4599 2630 4662 τίνος
2674 4597 2960 4670 γεώργιον.
3007 4602 3080 4655 Τὸ
3124 4603 3222 4673 μὲν
3254 4604 3364 4676 γὰρ
3394 4607 3544 4678 παρὰ
3578 4607 3717 4678 Χρι-
3777 4610 3802 4622 ““

2149 4685 2276 4739 ατοῦ
2297 4727 2311 4751 ,
2343 4687 2404 4740 τὸ
2435 4687 2492 4740 δὲ
2535 4687 2683 4758 παρά
2725 4689 2819 4744 τοῦ
2853 4690 3039 4744 δούλου
3066 4692 3159 4744 τοῦ
3201 4694 3435 4764 Χριστοῦ
3467 4697 3720 4768 μεμαθή-

2149 4793 2326 4848 καμεν
2365 4778 2598 4832 Παύλου.
2643 4781 2699 4833 ’0
2748 4781 2846 4852 μὲν
2895 4781 3004 4854 γὰρ
3035 4783 3234 4853 Κύριός
3268 4801 3451 4854 φησιν,
3481 4785 3564 4839 ὅτι
3597 4805 3616 4838 ι
3655 4787 3717 4842 '0

2149 4870 2337 4940 Πατήρ
2373 4887 2472 4940 μου
2521 4871 2760 4941 γεωργός
2799 4875 2977 4927 ἐστιν·
3013 4876 3079 4926 »ὁ
3114 4875 3172 4927 δὲ
3224 4875 3539 4940 Ἀπόστολος
3579 4877 3718 4949 πρὸς

2148 4962 2295 5031 ἡμᾶς
2314 4961 2480 5029 λέγει’
2511 4963 2592 5016 ὅτι
2618 4981 2636 5012 ι
2668 4962 2800 5016 Θεοῦ
2830 4963 3094 5034 γεώργιον
3115 4967 3258 5020 ἐστε.
3281 4986 3299 5018 ι
3339 4969 3400 5020 ’0
3427 4963 3520 5022 οὖν
3543 4969 3715 5038 μέγας

2150 5054 2391 5124 γεωργὸς
2419 5055 2486 5107 τὰ
2509 5054 2685 5123 ἁγαθά
2712 5056 2961 5126 φυτεύειν
2993 5057 3276 5111 ἐπίσταται
3300 5060 3476 5128 μόνον.
3500 5078 3518 5110 ι
3551 5061 3714 5129 Ἐφύ-

2150 5160 2311 5196 τευσε
2353 5143 2462 5214 γὰρ
2490 5147 2519 5198 6
2562 5146 2694 5208 Θεὸς
2736 5147 3060 5218 παράδεισον
3086 5151 3144 5202 ὲν
3198 5149 3358 5220 Ἑδὲμ
3397 5151 3534 5205 κατὰ
3577 5153 3718 5205 ἁνα-

2157 5231 2384 5308 τολάς,)
2411 5234 2479 5287 τὰ
2505 5235 2562 5289 δὲ
2590 5237 2808 5291 ἐναντία
2827 5240 2938 5300 τοῖς
2951 5237 3173 5307 ἀγαθοῖς
3189 5240 3484 5296 ἀποτίλλει.
3513 5259 3532 5292 ι
3559 5244 3722 5296 Πᾶσα

2156 5321 2266 5394 γὰρ
2300 5325 2491 5392 φυτεία
2517 5327 2582 5397 ἢν
2629 5327 2728 5380 οὐκ
2766 5327 3056 5396 ἐφύτευσεν
3109 5332 3139 5384 ό
3192 5332 3377 5404 Πατήρ
3437 5351 3536 5404 μου
3571 5336 3601 5388 6
3626 5335 3719 5387 οὺ-

2160 5411 2360 5483 ράνιος,
2386 5413 2830 5487 έκριζωθήσεται.
2865 5435 2886 5469 ι
2922 5417 3130 5471 Οὐκοῦν
3157 5419 3190 5489 ἠ
3229 5421 3526 5491 φαρισαῖκὴ
3551 5419 3721 5474 κακία·

2157 5520 2216 5556 τε
2259 5506 2350 5559 καὶ
2381 5506 2634 5572 ἀπιστία,
2665 5509 2758 5561 καὶ
2788 5509 2819 5579 ἡ
2859 5509 2995 5580 πρὸς
3040 5510 3108 5564 τὰ
3137 5510 3394 5581 γινόμενα
3438 5510 3587 5584 παρὰ
3620 5507 3716 5565 τοῦ

1136 5685 1180 5716 ⁸³
1220 5683 1378 5754 non).
1414 5683 1627 5741 “11.36.
1701 5686 1745 5716 ⁸³
1786 5686 1824 5740 ll
1877 5687 2001 5741 Cor.
2038 5700 2046 5741 ι

2144 5683 2226 5742 l0.
2303 5685 2348 5716 ⁸⁸
2373 5683 2529 5741 Deut.
2571 5699 2740 5751 χχχιι,
2774 5683 2862 5741 59.
2938 5681 3156 5739 "Joan.
3185 5699 3274 5752 xv,
3317 5683 3365 5738 l.
3440 5684 3482 5715 δ’
3521 5684 3537 5739 l
3585 5682 3712 5740 Cor.
