4044 6500
261 439 362 494 705

1325 427 1391 483 IN
1424 424 1960 483 ECCLESIASTEN.
2017 423 2298 479 l-IOMILIA
2333 425 2414 481 Vl.

3399 423 3500 490 706

259 556 464 631 Κυρίου
491 554 746 624 θαύματα
801 550 1190 623 ἀγνωμοσύνη,
1226 550 1399 603 ταῦτα
1436 548 1504 602 τὰ
1541 547 1686 616 φυτά
1719 549 1825 601 ὲστι

1937 546 2142 600 crimen
2177 546 2243 600 ad
2275 561 2336 601 ea
2365 560 2488 612 quae
2519 562 2548 599 a
2589 546 2819 602 Domino
2853 548 2994 603 facta
3039 557 3169 604 sunt
3208 550 3498 618 miracula,

263 650 324 703 τὰ
375 646 750 716 ὲκτιλλόμενα.
801 644 917 714 Χρὴ
961 642 1070 713 γὰρ
1127 641 1492 713 ἐπικρατῆσαι
1545 639 1606 692 τὸ
1655 641 1826 709 κήρυ-

256 758 374 811 γμα
402 741 501 810 τῆς
524 738 814 808 σωτηρίας.
849 755 867 787 ι
898 737 1018 807 Χρὴ
1047 732 1386 805 κηρυχθῆναι
1411 732 1474 785 τὸ
1499 731 1827 799 Εὖαγγέλιον

255 836 315 886 ἐν
342 831 449 902 ὅλῳ
476 830 554 902 τῷ
576 831 783 899 κόσμῳ.
816 847 835 880 ι
874 827 992 899 Χρὴ
1021 828 1200 880 πᾶσαν
1221 823 1472 892 γλῶσσαν
1503 822 1826 894 ἐξομολογή-

257 921 455 975 σασθαι
483 921 567 973 ὅτι
601 919 807 990 Κύριος
855 915 1062 987 Ἰησοῦς
1113 913 1342 984 Χριστὸς
1389 915 1467 978 εἰς
1507 913 1662 978 δόξαν
1691 911 1824 966 Θεοῦ

256 1013 491 1084 Πατρός.
539 1011 692 1064 Ἐπεὶ
735 1006 828 1063 οὖν
857 1009 1028 1063 ταῦτα
1072 1007 1326 1077 γενέσθαι
1371 1006 1476 1077 χρὴ
1509 1007 1759 1071 πάντως,
1791 1009 1824 1078 ἡ

256 1104 354 1156 νῦν
383 1100 756 1173 ἐπικρατοῦσα
781 1116 944 1152 τινων
970 1097 1194 1151 ἀπιστία
1221 1098 1321 1150 οὐκ
1349 1095 1495 1150 ἔστιν
1521 1098 1584 1149 ἐκ
1608 1097 1705 1167 τῆς
1733 1095 1825 1148 τοῦ

254 1196 472 1267 Πατρδς
497 1195 749 1264 φυτείας,
779 1193 912 1246 ἀλλά
939 1191 1032 1245 τοῦ
1066 1190 1536 1262 παρασπείροντος
1577 1190 1645 1243 τὰ
1671 1189 1826 1253 ζιζά-

160 1348 162 1350 ,
255 1307 368 1352 νια,
397 1289 430 1358 ἢ
460 1286 552 1339 τοῦ
583 1282 1056 1354 παραφυτεύοντος
1089 1283 1168 1354 τῷ
1193 1281 1504 1353 Δεσποτικῷ
1548 1280 1827 1351 ἀμπελῶνι

255 1379 356 1450 τὴν
403 1375 698 1447 Σώομικὴν
736 1375 1068 1445 κληματίδα,
1103 1377 1280 1446 Ὅπερ
1309 1371 1401 1428 οὖν
1445 1377 1502 1427 ὲν
1533 1373 1613 1442 τῷ
1649 1375 1824 1441 Εὐαγ-

256 1469 422 1540 γελίῳ
457 1468 608 1538 παρά
650 1466 750 1536 τῆς
783 1466 1116 1536 Δεσποτικῆς
1172 1465 1354 1534 φωνῆς
1400 1463 1822 1534 ἐπαιδεύθημεν·

253 1559 415 1613 τοῦτο
433 1558 530 1612 νῦν
556 1559 651 1612 καὶ
675 1561 731 1610 ὲν
760 1557 836 1626 τῷ
861 1559 1139 1627 αἰνίγματι
1159 1555 1252 1609 τοῦ
1278 1553 1701 1624 Ἐκκλησιαστοῦ
1729 1554 1829 1608 ἐδιε-

257 1651 558 1721 δάχθημεν,
584 1651 665 1702 ὅτι
690 1649 853 1712 αὐτὸς
883 1648 1072 1716 καιρός
1101 1650 1216 1702 ὲστι
1255 1647 1316 1700 τό
1349 1664 1408 1700 τε
1447 1649 1708 1718 σωτήριον
1728 1645 1827 1716 τῆς

255 1743 493 1804 πίστεως
522 1734 686 1810 φυτὸν
715 1737 1146 1809 παραδέξασθαι,
1181 1737 1240 1792 τὸ
1286 1737 1417 1792 αὐτὸ
1446 1738 1545 1808 τῆς
1573 1737 1827 1801 ἀπιστίας

255 1834 508 1889 ἀποτῖλαι
539 1831 794 1896 ζιζάνιον.
836 1834 901 1883 Ὃ
944 1828 1001 1882 δὲ
1028 1831 1120 1882 ἐπὶ
1170 1829 1367 1901 μέρους
1398 1831 1527 1902 περὶ
1558 1829 1652 1883 τοῦ
1686 1827 1827 1882 κατά

264 1925 355 1996 τὴν
402 1923 586 1977 πίστιν
635 1919 1056 1992 κατορθώματος
1103 1919 1348 1991 εἴρηται,
1383 1918 1542 1972 τοῦτο
1591 1919 1686 1973 καὶ
1735 1920 1826 1972 ἐπὶ

260 2016 439 2084 πάσης
465 2013 664 2084 ἀρετῆς
693 2010 1001 2074 ἀκολούθως
1029 2010 1093 2063 ἀν
1119 2027 1202 2072 τις
1233 2012 1460 2082 νοήσειε.
1499 2009 1706 2082 Καιρὸς
1732 2010 1824 2064 τοῦ

257 2104 520 2173 φυτεῦσαι
555 2102 651 2173 τὴν
697 2100 1050 2171 σωφροσύνην
1101 2100 1194 2154 καὶ
1226 2100 1430 2154 ὲκτῖλαι
1459 2097 1521 2154 τὸ
1562 2100 1663 2170 τῆς
1699 2101 1828 2154 ἀκο-

258 2193 445 2257 Αασίας
493 2193 676 2262 φυτόν.
721 2189 877 2244 υῦτω
920 2193 1013 2242 καὶ
1052 2191 1392 2262 δικαιοσύνης
1437 2191 1823 2263 φυτευθείσης,

257 2285 650 2358 ἀποῤῥιζοῦται
682 2284 744 2336 τὸ
771 2283 952 2338 ἄδικον
976 2284 1278 2355 βλάστημα,
1311 2286 1401 2337 καὶ
1430 2285 1492 2337 τὸ
1521 2286 1619 2355 τῆς
1647 2303 1828 2340 ταπει-

257 2377 592 2452 νοφροσύνης
621 2374 808 2445 φυτὸν,
847 2376 938 2430 τὸν
963 2375 1130 2444 τῦφον
1167 2376 1458 2448 ἀνέτρεψε,
1485 2377 1519 2448 ἡ
1545 2394 1602 2430 τε
1639 2378 1824 2448 ἀγάπη

257 2473 605 2542 βλαστήσασα
626 2471 688 2524 τὸ
713 2469 946 2541 πονηρὸν
975 2468 1068 2522 τοῦ
1099 2469 1287 2540 μίσους
1304 2469 1516 2539 δένδρον
1538 2468 1794 2540 ἐξήρανεν
1811 2485 1826 2498 ·

257 2563 445 2634 ὥσπερ
477 2563 570 2615 καὶ
605 2563 669 2616 ὲκ
687 2561 778 2615 τοῦ
809 2562 1048 2614 ἐναντίου
1074 2561 1308 2632 δένδρου,
1338 2561 1524 2631 μίσους
1556 2562 1825 2633 δηλαδὴ,ή

257 2656 440 2709 ἀδικία
488 2653 868 2725 πληθυνομένη
920 2652 1018 2724 τὴν
1047 2653 1266 2722 ἀγάπην
1307 2652 1606 2722 κατέψυξε,
1635 2655 1729 2706 καὶ
1760 2655 1828 2706 τὰ

258 2747 397 2800 ἄλλα
428 2745 606 2799 πάντα
637 2743 780 2798 κατά
812 2744 901 2796 τὸν
942 2745 1101 2798 αὐτὸν
1128 2744 1356 2815 τρόπον,
1384 2743 1469 2795 ἵνα
1506 2743 1580 2814 μὴ
1612 2744 1677 2797 τά
1707 2745 1825 2797 καθ’

256 2837 487 2889 ἕκαστον
511 2835 764 2901 λέγοντες
791 2832 1156 2903 διατρίϐωμεν
1175 2873 1189 2897 ,
1227 2833 1426 2902 ὁμοίως
1469 2831 1734 2896 νοοῦντες,
1765 2835 1824 2885 ού

258 2925 668 2998 σφσλησόμεθα.
710 2927 880 2980 Πάλιν
919 2929 947 2980 6
974 2925 1172 2996 ἐφεξῆς
1208 2926 1364 2994 λόγος
1402 2923 1688 2995 σύμφωνος
1715 2930 1825 2990 τοῖς

257 3019 752 3090 προεξητασμένοις
779 3019 912 3071 ἐστί.

338 3131 356 3163 ι
387 3112 590 3182 Καιρδς
613 3111 740 3180 γὰρ,
774 3130 792 3163 ι
821 3110 974 3180 φησὶ,
1001 3128 1019 3160 ι
1053 3109 1146 3162 τοῦ
1162 3111 1501 3170 ἀποκτεῖναι,
1525 3110 1711 3180 καιρὸς
1734 3110 1824 3163 τοῦ

1935 639 2017 694 lue
2065 640 2264 709 plantae
2314 648 2444 694 sunt
2495 653 2616 708 qua:
2668 641 2991 694 evelluntur.
3028 641 3304 696 Dominari
3352 645 3500 699 enim

1933 738 2150 800 Oportet
2195 730 2530 800 praeconium
2567 730 2780 786 salutis.
2815 731 3041 801 Oportet
3074 734 3236 787 etiam
3291 735 3498 790 invale-

1933 837 2088 878 scere
2136 822 2580 893 praedicationem
2634 824 2848 878 salutis.
2886 844 2904 874 ι
2971 824 3198 896 Oportet
3254 827 3502 899 Evange-

1931 915 2064 969 lium
2095 915 2378 985 praedicari
2411 915 2466 969 in
2498 923 2612 969 toto
2639 916 2842 970 mundo
2867 917 2937 969 '°.
2975 935 2995 968 ι
3029 917 3251 987 Oportet
3281 935 3496 975 omnem

1932 1004 2176 1075 linguam
2217 1005 2487 1068 conﬁteri,
2543 1005 2689 1075 quod
2741 1004 3004 1061 Dominus
3050 1005 3210 1064 Jesus
3243 1009 3498 1064 Christus

1933 1095 1989 1150 in
2027 1095 2255 1166 gloriam
2305 1095 2398 1150 Dei
2431 1093 2613 1151 Patris
2645 1096 2710 1147 ".
2753 1095 3025 1162 Quoniam
3069 1115 3199 1169 ergo
3235 1100 3347 1155 ha-c
3375 1117 3497 1155 ont-

1932 1188 2066 1243 nino
2097 1187 2214 1243 ﬁeri
2243 1195 2478 1257 oportet,
2509 1203 2632 1258 quae
2666 1204 2813 1244 nunc
2851 1189 2908 1244 in
2938 1193 3220 1247 nonnullis
3250 1192 3500 1247 domina-

1935 1289 2022 1334 tur
2053 1280 2432 1345 incredulitas,
2461 1296 2572 1335 non
2616 1294 2700 1340 est
2731 1299 2794 1338 ex
2829 1281 3158 1350 plantatione
3173 1283 3374 1348 Patris,
3400 1286 3498 1341 sed

1931 1371 2052 1439 ejus
2079 1370 2170 1441 qui
2193 1371 2593 1440 superseminat
2616 1372 2846 1436 zizania,
2874 1374 2956 1426 vel
2985 1373 3078 1440 qui
3104 1372 3258 1440 juxta
3284 1375 3496 1428 vineam

1931 1462 2147 1516 Domini
2172 1463 2450 1533 palmitem
2483 1464 2691 1536 plantat
2721 1462 3106 1518 Sodomorum.
3138 1463 3292 1530 Quod
3331 1465 3501 1536 igitur

1931 1557 1988 1610 in
2023 1554 2316 1626 Evangelia
2349 1554 2646 1610 didicimus
2679 1570 2709 1608 a
2743 1570 2875 1610 voce
2909 1555 3146 1622 Domini,
3195 1557 3298 1612 boc
3350 1573 3498 1613 nunc

1931 1662 2150 1717 quoque
2198 1647 2485 1717 aenigmate
2531 1646 2718 1701 docuit
2768 1662 2868 1702 nos
2919 1646 3298 1715 Ecclesiastes,
3348 1649 3496 1718 quod

1932 1738 2074 1792 idem
2105 1745 2189 1793 est
2213 1745 2427 1807 tempus
2462 1744 2517 1792 et
2551 1737 2847 1792 salutarem
2887 1736 3008 1791 ﬁdei
3043 1738 3282 1806 plantam
3317 1739 3498 1794 susci-

1934 1828 2139 1898 piendi,
2191 1838 2245 1884 et
2301 1830 2481 1899 ipsum
2525 1827 2929 1882 incredulitatis
2975 1829 3163 1882 lolium
3205 1829 3492 1885 evellendi.

1857 1910 1899 1965 Β
1928 1921 2082 1988 Quod
2117 1931 2298 1976 autem
2334 1923 2387 1975 in
2423 1929 2576 1997 parte
2609 1921 2814 1976 dictum
2845 1929 2928 1977 est
2967 1913 3131 1975 deeo
3169 1922 3312 1991 quod
3348 1931 3497 1976 recte

1927 2021 2139 2084 gestum
2163 2022 2247 2067 est
2275 2028 2340 2067 ex
2375 2011 2499 2076 ﬁde,
2529 2013 2631 2067 hoc
2664 2015 2824 2066 etiam
2859 2013 2913 2066 in
2954 2013 3101 2066 omni
3133 2014 3332 2068 virtute
3359 2029 3496 2068 con-

1927 2112 2218 2174 sequenter
2252 2103 2608 2158 intellexeris.
2642 2102 2881 2174 Tempus
2913 2114 2998 2158 est
3036 2104 3316 2173 plantandi
3348 2111 3494 2157 tem-

1929 2195 2247 2265 perantiam,
2281 2203 2334 2250 et
2357 2194 2622 2250 evellendi
2654 2195 2894 2265 plantam
2926 2195 3380 2265 intemperantia.
3414 2197 3494 2249 lta

1928 2286 2088 2340 etiam
2121 2286 2358 2354 plantata
2395 2284 2635 2354 justitia,
2675 2285 2934 2353 injustum
2966 2300 3186 2355 germen
3232 2285 3495 2340 radicitus

1930 2377 2204 2440 evellitur,
2231 2383 2286 2431 et
2314 2377 2497 2446 planta
2528 2376 2858 2433 humilitatis
2885 2377 3079 2430 evertit
3099 2377 3492 2446 arrogantiam,

1930 2477 1984 2525 et
2017 2484 2137 2540 qua:
2168 2469 2489 2541 germinavit
2524 2469 2790 2538 charitas,
2821 2468 3119 2524 exsiccavit
3163 2469 3355 2521 malam
3403 2483 3496 2520 ar—

1931 2563 2117 2616 borem
2146 2561 2256 2615 odii
2299 2580 2314 2614 :
2351 2561 2628 2630 quomodo
2657 2562 2821 2614 etiam
2861 2576 2927 2614 ex
2960 2561 3235 2614 contraria
3275 2559 3493 2617 arbore.

1932 2669 2125 2722 nempe
2155 2653 2304 2714 odio,
2327 2653 2685 2721 multiplicata
2707 2652 2974 2720 injustitia
2995 2651 3280 2718 refrigerat
3312 2649 3494 2703 chari-

1932 2753 2118 2800 tatem.
2159 2744 2280 2797 Alia
2321 2760 2540 2812 quoque
2566 2745 2771 2807 omnia,
2799 2759 2868 2799 ne
2899 2745 2952 2797 in
2985 2745 3215 2815 singulis
3247 2745 3497 2800 dicendis

1932 2837 2308 2896 immoremur,
2351 2836 2542 2890 eodem
2596 2836 2759 2888 modo
2811 2836 3062 2890 similiter
3108 2837 3494 2906 iutelligentcs,

1933 2941 2040 2979 non
2073 2926 2468 2980 aberrabimus.
2508 2925 2714 2980 Rursus
2748 2926 2800 2978 id
2835 2926 2976 2994 quod
3011 2927 3267 2996 deinceps
3311 2931 3496 2999 sequi.

1933 3026 2042 3078 tur,
2080 3024 2346 3070 consonat
2377 3015 2444 3070 iis
2475 3031 2596 3085 qua:
2626 3015 2779 3084 prius
2813 3024 2941 3068 sunt
2975 3012 3307 3070 examinata.

2002 3108 2056 3161 5.
2092 3127 2111 3158 ι
2147 3106 2383 3176 Tempus
2410 3115 2493 3162 est
2521 3107 2690 3168 enim,
2741 3126 2758 3157 ι
2802 3107 2998 3176 inquit,
3037 3126 3055 3158 ι
3103 3107 3408 3174 occidendi,
3440 3114 3497 3162 et

262 3203 535 3258 ἰάσασθαι.
551 3222 569 3254 ι
591 3202 759 3255 Τοῦτο
772 3203 828 3255 δὲ
847 3202 1030 3271 σαφῶς
1047 3203 1104 3256 ἐν
1120 3201 1197 3272 τῷ
1217 3201 1535 3273 προφητικῷ
1551 3220 1720 3273 προερ
1728 3221 1825 3272 μη-

1935 3203 2148 3264 tempus
2165 3194 2439 3249 medendi.
2481 3213 2499 3245 ι
2532 3193 2645 3248 Hoc
2671 3204 2847 3248 autem
2877 3202 3064 3263 aperte
3099 3197 3401 3264 explicatur
3438 3197 3496 3252 in

259 3296 495 3353 νεύεται,
518 3294 546 3347 6
569 3296 631 3346 ὲκ
653 3291 942 3364 προσώπου
978 3293 1072 3346 τοῦ
1114 3293 1248 3346 Θεοῦ
1292 3310 1484 3364 φησιν,
1519 3294 1598 3347 ὅτι
1627 3313 1644 3344 ι
1690 3293 1827 3362 Ἐγὼ

257 3384 544 3440 ἀποκτενῶ
561 3385 654 3436 καὶ
669 3385 764 3455 ζῇν
782 3386 1009 3454 ποιήσω.
1023 3403 1042 3435 ι
1063 3383 1186 3436 Ἐὰν
1206 3383 1314 3455 γὰρ
1333 3383 1405 3455 μὴ
1423 3385 1826 3455 ἀποκτείνωμεν

262 3480 322 3530 ἐν
350 3478 563 3538 ἑαυτοῖς
585 3477 683 3546 τὴν
712 3475 931 3544 ἔχθραν,
961 3476 1060 3528 οὐκ
1084 3475 1342 3544 ἰασόμεθα
1363 3475 1462 3545 τὴν
1481 3476 1826 3546 ἀγαπητικὴν

257 3569 497 3622 διάθεσιν
521 3569 619 3638 τὴν
643 3569 700 3619 ὲν
723 3569 852 3638 ἡμῖν
871 3566 957 3619 διὰ
975 3566 1068 3618 τοῦ
1097 3566 1288 3636 μίσους
1314 3569 1637 3637 νοσήσασαν.
1672 3567 1827 3621 Οὕτω

261 3658 356 3711 καὶ
379 3658 448 3711 τὰ
467 3656 629 3709 λοιπά
650 3657 824 3710 πάντα
840 3657 939 3708 ὅσα
965 3656 1056 3707 ἐπὶ
1079 3655 1233 3724 κακῷ
1249 3653 1368 3707 καθ’
1387 3654 1541 3726 ἡμῶν
1561 3654 1625 3724 ζῇ
1647 3671 1660 3686 °
1686 3652 1827 3721 λέγω

258 3748 324 3820 δὴ
352 3749 452 3819 τὴν
481 3746 654 3816 κακὴν
683 3745 789 3798 τῶν
807 3745 1143 3816 παθημάτων
1161 3743 1483 3816 παράταξιν,
1502 3745 1702 3798 καὶτὸν
1725 3746 1825 3813 ὲμ-

261 3839 451 3908 φύλιον
477 3837 664 3891 τοῦτον
699 3837 952 3908 πόλεμον,
987 3837 1077 3890 τὸν
1107 3837 1226 3891 καθ’
1254 3837 1409 3908 ἡμῶν
1437 3837 1525 3890 διὰ
1554 3836 1658 3890 τῶν
1702 3837 1826 3907 ήδο-

259 3929 368 3982 νῶν
415 3929 867 4000 στρατευόμενον,
919 3929 1012 3982 καὶ
1044 3927 1512 3998 αἱχμαλωτίζοντα
1561 3929 1709 3998 ἡμᾶς
1749 3927 1827 3997 τῷ

260 4022 410 4092 νόμῳ
439 4024 537 4091 τῆς
567 4021 856 4092 ἁμαρτίας,
910 4020 1097 4091 καιρός
1127 4022 1241 4072 ἐστι
1279 4020 1372 4072 τοῦ
1399 4020 1729 4071 ἀποκτεῖναι.
1770 4019 1828 4070 'O

261 4113 370 4183 γὰρ
399 4110 508 4164 τῶν
539 4111 794 4164 τοιούτων
834 4111 992 4180 φόνος
1012 4150 1026 4173 ,
1070 4112 1209 4173 ἴασις
1249 4109 1454 4178 γίνεται
1495 4108 1587 4162 τυῢ
1616 4108 1702 4162 διὰ
1728 4108 1827 4178 τῆς

263 4203 538 4273 ἁμαρτίας
557 4201 1032 4272 ἐξασθενήσαντος.
1059 4202 1224 4253 Φασὶν
1253 4203 1298 4252 οἱ
1330 4201 1501 4270 ἰατροὶ
1530 4199 1627 4262 τὰς
1646 4198 1828 4268 ἕλμιν-

263 4290 380 4354 θας,
419 4292 512 4343 καὶ
542 4287 678 4343 ἄλλα
720 4290 841 4343 τινὰ
872 4291 1092 4343 τοιαῦτα
1133 4290 1294 4364 θηρία
1336 4291 1535 4342 ἔσωθεν
1566 4292 1630 4342 ὲκ
1664 4307 1828 4343 κακο-

262 4382 464 4451 χυμίας
487 4381 868 4450 ζωογονεῖσθαι
890 4385 1000 4443 τοῖς
1025 4383 1368 4453 σπλάγχνοις,
1390 4377 1464 4436 ὧν
1487 4384 1520 4452 η
1537 4382 1648 4451 ζωὴ
1673 4382 1826 4445 νόσος

260 4479 340 4547 τῷ
365 4476 577 4547 σώματι
610 4478 818 4545 γίνεται
838 4489 852 4504 °
887 4479 932 4528 εί
964 4477 1017 4529 δὲ
1045 4478 1222 4529 ἐκεῖνα
1247 4477 1332 4529 διά
1358 4493 1500 4537 τινος
1543 4490 1828 4545 φαρμακο-

1930 3288 2214 3357 prapheta,
2248 3301 2370 3340 cum
2408 3286 2542 3339 dicit
2573 3301 2636 3340 ex
2671 3301 2903 3354 persona
2933 3285 3026 3339 Dei
3058 3305 3070 3339 :
3108 3305 3126 3337 ι
3159 3286 3416 3340 Occidam
3443 3297 3497 3342 et

1928 3382 2110 3434 vivere
2151 3379 2346 3432 faciam
2396 3379 2507 3432 ⁹¹.ι
2538 3375 2654 3432 Nisi
2685 3378 2830 3431 enim
2872 3378 2926 3431 in
2975 3378 3136 3432 nobis
3179 3377 3497 3434 occidamus

1928 3469 2270 3534 inimicitias,
2333 3484 2440 3523 non
2501 3469 2840 3524 medebimur
2892 3468 3162 3524 aﬁ‘ectioui
3213 3469 3496 3526 charitatis

1927 3579 2050 3634 quae
2070 3570 2294 3634 aegrotat
2317 3569 2540 3632 propter
2560 3561 2768 3616 odium.
2801 3562 2875 3614 lta
2907 3562 3068 3616 etiam
3095 3570 3287 3616 cmtcra
3310 3563 3494 3616 omnia

1927 3669 2051 3724 quae
2085 3653 2230 3706 malo
2254 3660 2446 3707 nostro
2478 3653 2743 3706 adversus
2773 3667 2872 3707 nos
2901 3653 3126 3718 vivunt,
3157 3653 3280 3707 dico
3301 3654 3494 3706 malam

1928 3729 2094 3798 animi
2127 3750 2374 3797 motuum
2427 3743 2626 3805 aciem,
2670 3751 2724 3796 et
2761 3742 2863 3796 hoc
2896 3743 3056 3797 civile
3105 3743 3250 3812 quod
3298 3744 3354 3797 in
3394 3758 3497 3798 nos

1927 3852 2024 3906 per
2053 3836 2358 3904 voluptates
2387 3835 2597 3903 geritur
2627 3834 2849 3896 bellum,
2887 3841 2940 3888 et
2969 3848 3068 3887 nos
3093 3834 3338 3898 captivos
3371 3834 3496 3887 red-

1926 3929 2007 3982 dit
2041 3928 2144 3996 legi
2177 3927 2408 3996 peccati,
2434 3934 2649 3994 tempus
2673 3935 2756 3978 est
2785 3923 3090 3977 occidendi.
3122 3923 3323 3976 Eorum
3349 3926 3494 3981 enim

1927 4019 2124 4081 caedes,
2160 4028 2242 4073 est
2281 4015 2489 4073 medela
2538 4017 2659 4084 ejus
2703 4017 2795 4084 qui
2845 4015 3091 4068 inﬁrmus
3142 4016 3353 4070 exstitit
3400 4029 3497 4084 per

1926 4119 2233 4183 peccatum.
2285 4110 2454 4162 Aiunt
2504 4108 2700 4162 medici
2759 4107 3081 4170 lumbricos,
3140 4115 3195 4160 et
3246 4107 3492 4176 quaedam

1926 4203 2193 4272 ejusmodi
2220 4204 2326 4255 alia
2370 4201 2647 4263 animalia,
2682 4217 2748 4254 ex
2780 4200 2940 4252 malis
2977 4199 3302 4254 humoribus
3346 4200 3497 4254 intus

1926 4299 2045 4350 viva
2082 4295 2226 4366 gigni
2268 4295 2323 4348 in
2375 4293 2702 4354 visceribus,
2735 4307 2969 4363 quorum
3009 4293 3116 4345 vita
3151 4300 3236 4346 est
3269 4292 3497 4348 morbus

1928 4389 2165 4458 corpori.
2219 4387 2372 4454 Quod
2420 4388 2465 4441 si
2506 4387 2594 4440 illa
2641 4385 2929 4441 interfecta
2977 4386 3087 4440 sint
3116 4401 3211 4455 per
3253 4387 3493 4456 aliquam

1928 4481 2307 4535 medicamenti
2345 4477 2644 4548 potionem,
2682 4496 2878 4534 rursus
2919 4487 3158 4547 aegrotus
3188 4479 3499 4533 restituitur

263 4564 459 4631 ποσὲας
491 4568 818 4638 ἀναιρεθείη.
851 4569 1010 4621 πάλιν
1033 4571 1122 4631 εἰς’
1141 4568 1326 4636 ὑγείαν
1359 4568 1386 4618 ὁ
1415 4567 1634 4637 κάμνων
1663 4568 1825 4640 ἀναῤ-

1931 4573 2175 4643 ριὶειὶιιιε
2203 4573 2442 4628 sanitati.
2487 4571 2608 4625 lla'c
2643 4587 2764 4641 qua:
2808 4572 3024 4641 corpori
3090 4571 3364 4636 accidunt,
3401 4571 3498 4624 ba-

264 4661 619 4731 ῥωσθήσεται.
654 4660 928 4727 Ἀναλογεῖ
947 4660 1013 4711 τὰ
1032 4659 1254 4713 τοιαῦτα
1271 4658 1363 4711 τοῦ
1389 4658 1634 4729 σώματος
1677 4660 1822 4730 πάθη

264 4752 399 4822 πρὸς
443 4753 511 4805 τὰ
565 4751 663 4820 τῆς
713 4751 893 4820 ψυχῆς
939 4753 1375 4822 ἀρρωστήματα·
1431 4751 1556 4802 ὅταν
1602 4751 1630 4802 6
1661 4747 1828 4817 θυμὸς

260 4845 471 4897 ἔνδοθεν
515 4844 766 4914 ὲκμύζων
784 4887 798 4907 ,
828 4844 860 4912 ἢ
887 4845 974 4896 διὰ
1000 4843 1100 4912 τῆς
1129 4843 1489 4914 μνησικακίας
1528 4843 1624 4913 τῆς
1652 4841 1828 4911 ψυχῆς

260 4941 351 4992 τὸν
392 4941 541 4992 τόνον
568 4939 662 4991 καὶ
707 4939 832 5002 τοὺς
861 4938 1150 5007 λογισμοὺς
1177 4935 1503 5007 ἐκνευρίζων
1524 4976 1538 4999 ,
1580 4937 1612 5007 ἢ
1643 4938 1703 4989 τὸ
1733 4934 1826 4988 τοῦ

263 5030 457 5098 φθόνου
487 5030 704 5101 θηρίον.
737 5031 768 5100 ἢ
817 5029 941 5082 εἴτι
988 5030 1114 5083 ἄλλο
1149 5029 1399 5082 τοσοῦτον
1426 5028 1593 5081 κακὸν
1619 5029 1650 5098 ἡ
1681 5027 1823 5096 κακὴ

258 5121 440 5174 δίαιτα
486 5119 844 5192 ζωογονήσει·
889 5123 916 5174 6
953 5121 1268 5188 αἰσθόμενος
1305 5121 1387 5173 ὅτι
1423 5120 1608 5190 θηρίον
1640 5119 1824 5190 τρέφει

259 5209 472 5262 ἔνδοθεν
511 5211 544 5279 ἡ
577 5209 722 5280 ψυχὴ
752 5208 946 5269 αὐτοῦ,
973 5209 1240 5280 εὐκαίρως
1281 5209 1539 5278 χρήσεται
1570 5206 1644 5276 τῷ
1674 5208 1828 5260 ἀναι-

262 5301 462 5371 ρετικῴ
501 5302 609 5354 τῶν
656 5303 842 5355 παθῶν
886 5305 1176 5376 φαρμάκῳ.
1219 5301 1387 5352 Τοῦτο
1416 5299 1470 5351 δέ
1511 5301 1719 5369 ἐστινὴ
1765 5299 1829 5350 ὲκ

1926 4665 2055 4720 bent
2076 4665 2366 4733 quamdam
2391 4667 2794 4734 proportionem
2825 4671 2880 4717 et
2911 4664 3343 4717 convenientiam
3369 4679 3494 4718 cum

1926 4757 2130 4812 morbis
2164 4758 2378 4810 animae.
2429 4756 2658 4821 Quando
2701 4756 2779 4808 ira
2826 4756 2975 4810 intus
3026 4754 3215 4818 fervet,
3253 4765 3346 4810 aut
3399 4772 3496 4826 per

1925 4847 2140 4917 injuriae
2169 4857 2405 4917 accepta:
2429 4848 2860 4902 recordationem
2886 4857 3109 4902 einervat
3135 4848 3300 4901 animi
3328 4848 3496 4904 robur

1923 4949 1977 4995 et
2007 4940 2291 5004 rationem,
2324 4949 2417 4992 aut
2447 4939 2660 4992 invidiae
2692 4939 2942 4999 bestiam.
2968 4947 3060 4992 aut
3091 4938 3134 4993 si
3160 4940 3305 5006 quod
3340 4939 3493 4994 aliud

1920 5031 2186 5101 ejusmodi
2237 5032 2440 5084 malum
2484 5032 2622 5083 mala
2656 5030 2870 5085 vivendi
2918 5032 3056 5085 ratio
3098 5034 3491 5100 procreaverit.

1923 5123 2013 5190 qui
2063 5122 2297 5176 senserit
2331 5122 2476 5190 quod
2511 5124 2658 5176 intus
2705 5122 2936 5176 bestiam
2983 5123 3080 5175 alit
3127 5122 3246 5192 ejus
3289 5123 3494 5182 anima,

1924 5222 2229 5282 Opportune
2280 5221 2466 5267 utetur
2519 5213 2914 5270 medicamento
2963 5213 3112 5284 quod
3158 5214 3323 5267 animi
3362 5213 3494 5267 vitia

1928 5305 2212 5358 interimit.
2248 5303 2361 5359 Hoc
2394 5314 2571 5360 autem
2598 5313 2681 5360 est
2700 5305 2946 5360 doctrina
2967 5305 3261 5378 Evangelii,
3303 5313 3362 5357 ut
3389 5304 3499 5358 illis

258 5393 351 5445 τοῦ
381 5394 709 5462 Εὑαγγελίου
737 5395 1071 5458 διδασκαλία,
1099 5395 1238 5446 ὥστε
1257 5392 1476 5445 ἐκείνων
1511 5407 1825 5461 φονοκτονη-

1927 5397 2189 5460 enecatis,
2233 5400 2280 5451 ei
2309 5399 2402 5468 qui
2430 5397 2532 5452 hoc
2559 5397 2765 5464 fecerit,
2809 5397 2952 5451 adsit
2987 5397 3218 5452 sanitas.

259 5488 460 5540 θέντων
491 5487 835 5556 ἐπιγενέσθαι
859 5487 936 5558 τῷ
970 5486 1289 5557 πεποιηκότι
1323 5484 1421 5555 τὴν
1454 5483 1616 5537 ἴασιν.

331 5599 348 5627 ι
381 5579 585 5647 Καιρδς
605 5577 698 5631 τοῦ
723 5577 989 5641 καθελεῖν,
1006 5577 1111 5632 ’καὶ
1134 5578 1324 5648 καιρὸς
1347 5576 1439 5630 τοῦ
1469 5573 1822 5645 ἀνοικοδομῆ-

256 5686 364 5724 σαι.
404 5690 420 5718 ι
457 5669 638 5722 Ταῦτα
680 5672 774 5722 καὶ
799 5672 858 5722 ὲν
886 5672 996 5734 τοῖς
1020 5669 1096 5740 τῷ
1122 5671 1374 5741 προφήτῃ
1405 5668 1644 5740 Ἱερεμίᾳ.
1673 5665 1821 5737 παρά

337 5851 381 5881 9°
413 5846 602 5899 Matth.
647 5862 794 5915 xxvi,
848 5845 931 5900 i3.
1013 5846 1053 5878 ⁹¹
1097 5846 1437 5918 Philippm,
1469 5846 1551 5900 ΙΙ.

2007 5595 2024 5627 ι
2057 5576 2297 5650 Tempus
2339 5589 2423 5636 est
2456 5581 2735 5646 diruendi,
2781 5587 2834 5636 et
2867 5589 3081 5650 tempus
3109 5578 3435 5635 aediﬁcandi.
3472 5597 3495 5627 ι

1930 5665 2054 5722 “me
2084 5669 2220 5726 disci
2273 5683 2503 5744 possunt
2545 5677 2710 5741 etiam
2749 5691 2813 5732 ex
2849 5673 2915 5731 iis
2949 5690 3070 5744 quae
3114 5689 3146 5730 a
3194 5671 3307 5729 Deo
3348 5672 3500 5727 dicta

1627 5846 1671 5879 ⁸³
1712 5845 1872 5903 Deut.
1899 5861 2070 5914 xxxtt,
2094 5845 2186 5900 59.
