4044 6498
497 453 601 510 707

1720 442 1779 497 S.
1820 437 2150 495 GREGORII
2182 438 2482 497 NYSSENI

3619 439 3723 496 708

494 579 625 627 sunt
680 567 962 625 Hieremiae
1009 563 1305 635 prophetae,
1353 563 1441 617 cui
1493 560 1755 616 divinitus
1802 560 1929 614 data
1973 565 2044 612 es!

2158 558 2251 612 τοῦ
2278 559 2413 613 Θεοῦ
2459 560 2700 631 ῥηθεῖσιν
2746 558 2860 613 εστι
2894 559 3119 630 μαθεῖν,
3160 552 3207 627 ᾧ
3234 558 3440 613 δέδοται
3474 556 3657 612 θεόθεν
3685 559 3721 632 ή

494 668 736 733 potestas
767 658 833 712 ad
860 657 1013 726 prius
1040 656 1405 726 purgandum,
1430 662 1486 707 et
1522 652 1784 707 radicitus
1817 648 2053 705 evellen—

2156 652 2403 723 δύναμις,
2428 654 2506 716 εἰς
2520 653 2579 705 τὸ
2599 653 2862 724 πρότερον
2886 652 3185 723 καθαίρειν,
3216 651 3310 705 καὶ
3336 650 3603 721 ὲκριζοῦν,
3627 653 3721 707 καὶ

492 728 644 815 dum,
668 758 722 805 et
743 748 1151 816 fodiendum,ct
1168 755 1295 800 tunc
1320 745 1685 807 excitandum,
1709 740 2044 798 etzediiican-

2158 747 2595 808 κατασκάπτειν,
2624 746 2716 800 καὶ
2747 746 2867 798 τότε
2906 744 3186 817 ἀνορθοῦν,
3229 744 3324 797 καὶ
3359 743 3723 813 ἀνοικοδομεῖν

491 844 620 897 dum
648 850 702 896 et
732 839 1090 911 plantandum
1111 838 1179 890 ”.
1210 836 1437 907 Oportet
1460 836 1607 891 enim
1634 836 1689 889 in
1710 833 1869 888 nobis
1898 834 2051 903 prius

490 932 630 986 dirui
670 931 786 984 vitii
817 929 1067 991 aediﬁcia,
1091 936 1145 981 et
1178 936 1307 981 tunc
1337 925 1581 980 invenire
1613 932 1829 992 tempus
1846 931 1900 977 et
1921 937 2047 993 spa-

491 1023 627 1078 tium
660 1022 724 1076 ad
750 1021 935 1089 templi
960 1019 1051 1074 Dei
1068 1017 1553 1079 constructionem,
1580 1013 1731 1085 quod
1752 1014 2053 1068 aediﬁcatur

492 1114 549 1168 in
580 1114 758 1175 nobis,
783 1112 942 1179 cujus
968 1110 1193 1164 materia
1213 1119 1296 1163 est
1320 1108 1513 1161 virtus.
1533 1104 1589 1159 Si
1612 1105 1735 1176 quis
1753 1104 2053 1163 enim.:edi-

490 1205 618 1259 ﬁcat
648 1218 813 1273 super
841 1200 1257 1255 fundamentum
1291 1199 1393 1250 hoc
1421 1212 1613 1250 aurum
1643 1206 1697 1251 et
1744 1205 2048 1267 argentum.

490 1294 697 1366 lapides
719 1294 1077 1364 pretiosos,ea
1099 1297 1451 1344 nominantur
1469 1289 1642 1342 virtus
1666 1305 1680 1341 :
1706 1288 1847 1357 ligna
1871 1298 2050 1341 autem

488 1394 545 1442 et
591 1388 773 1441 [ianum
810 1391 865 1439 et
887 1381 1090 1453 stipula
1110 1380 1181 1443 “,
1226 1378 1343 1432 vitii
1375 1379 1667 1448 exponitur
1696 1386 1910 1439 natura,
1932 1392 2052 1448 quae

489 1478 710 1548 quidem
733 1491 841 1531 non
865 1482 1087 1545 paratur
1106 1471 1171 1525 ad
1195 1469 1338 1524 aliud
1359 1486 1521 1548 quam
1540 1480 1598 1524 ut
1620 1470 1744 1540 igne
1764 1483 2052 1525 consuma-

490 1542 743 1625 tur.Cum
768 1542 933 1639 igitur
955 1581 1019 1621 ex
1042 1564 1165 1619 feno
1185 1571 1238 1618 et
1258 1542 1457 1632 stipula
1473 1562 1930 1623 fuerintadilicia,
1948 1562 2051 1615 hoc

487 1671 594 1726 est,
616 1677 681 1717 ex
700 1656 1326 1729 injustitia,superbia,et
1346 1654 1556 1708 ceteris
1578 1652 1701 1707 vitae
1727 1653 2051 1723 vitiis,prius

487 1752 639 1823 jubet
670 1752 894 1807 verbum
939 1762 1003 1803 ea
1030 1747 1267 1808 abolere.
1293 1753 1347 1800 et
1390 1744 1587 1800 deinde
1610 1759 1805 1798 aurum
1832 1744 2051 1799 virtutis

488 1844 699 1899 eilicere
718 1840 999 1896 materiam
1033 1846 1322 1893 structurae
1338 1835 1535 1892 domus
1555 1835 1877 1906 spiritualis.
1906 1833 2051 1890 Fieri

2158 839 2252 891 καὶ
2283 838 2695 907 καταφυτεύειν.
2738 838 2858 909 Χρή
2907 837 3016 909 γάρ
3045 837 3309 909 πρότερον
3337 838 3395 890 ὲν
3420 839 3552 908 ήμῖν
3579 839 3691 907 ὲρει
3709 867 3722 876 -

2158 930 2403 1001 πωθῆναι
2456 930 2523 983 τά
2560 931 2659 1000 τῆς
2692 930 2889 993 κακίας
2939 929 3445 999 ἀνοικοδομήματα,
3486 930 3580 983 καί⁵
3602 929 3718 983 τότε

2158 1021 2345 1092 καιρόν
2370 1038 2427 1074 τε
2466 1022 2558 1074 καὶ
2598 1021 2936 1092 εὐρυχωρίαν
2964 1021 3142 1092 εὑρεῖν
3172 1023 3307 1091 πρὸς
3338 1020 3438 1090 τὴν
3468 1020 3562 1073 τοῦ
3593 1020 3723 1074 ναοῦ

2158 1111 2248 1165 τοῦ
2276 1109 2411 1164 Θεοῦ
2441 1111 2803 1182 κατασκευὴν,
2836 1110 2927 1164 τοῦ
2956 1112 3014 1163 ἐν
3041 1112 3161 1173 ταῖς
3198 1110 3398 1180 ψυχαῖς
3416 1110 3726 1181 οἰκοδομου-

2161 1204 2322 1273 μένου
2342 1245 2357 1267 ,
2389 1196 2449 1256 οὑ
2479 1204 2512 1273 ή
2543 1201 2641 1273 ῦλη
2670 1202 2839 1274 ἀρετὴ
2883 1202 3112 1270 γίνεται.
3160 1202 3229 1255 Et
3255 1219 3341 1265 τις
3369 1201 3476 1273 γὰρ
3505 1202 3721 1254 ἐποικο-

2156 1295 2310 1364 δομεῖ
2347 1294 2441 1346 ἐπὶ
2468 1294 2558 1346 τὸν
2600 1293 2847 1365 θεμέλιον
2889 1293 3074 1345 τοῦτον
3118 1293 3339 1363 χρυσίον
3378 1291 3717 1363 ἢάργύριον,

2156 1384 2335 1448 λίθους
2376 1385 2621 1455 τιμίους,
2680 1384 2851 1437 ταῦτα
2889 1385 2921 1453 ή
2973 1382 3139 1454 ἀρετὴ
3173 1382 3527 1453 ὀνομάζεται·
3588 1382 3721 1449 ξύλα

2155 1477 2213 1531 δὲ
2249 1477 2343 1530 καὶ
2388 1476 2578 1547 χόρτος
2626 1476 2717 1528 καὶ
2763 1474 3001 1545 καλάμη,
3053 1476 3087 1546 ή
3122 1474 3220 1541 τῆς
3282 1474 3475 1539 κακίας
3548 1476 3721 1546 ἑρμη-

2157 1568 2368 1624 νεύεται
2406 1567 2596 1637 φύσις,
2624 1567 2746 1637 ήτις
2786 1568 2864 1630 εἰς
2903 1566 3053 1619 οὐδὲν
3084 1565 3209 1620 άλλο
3230 1605 3244 1629 ,
3272 1566 3304 1636 ἧ
3329 1568 3405 1631 είς
3438 1566 3605 1638 πυρὸς
3629 1568 3721 1621 δα-

2158 1655 2333 1725 πάνην
2362 1652 2857 1726 παρασκευάζεται.
2895 1654 3062 1707 Ὅταν
3091 1651 3183 1707 οὖν
3203 1656 3266 1707 ὲκ
3292 1654 3479 1726 χόρτου
3507 1655 3600 1710 καὶ
3622 1674 3722 1711 κα·

2155 1745 2335 1815 λάμης
2374 1744 2442 1799 τά
2466 1744 2866 1817 οἰκοδομήματα
2910 1738 2979 1816 ᾖ,
3007 1743 3309 1810 τουτέστιν,
3342 1744 3402 1808 ἐξ
3424 1744 3632 1809 ἀδικίας
3658 1762 3719 1799 τε

2157 1837 2251 1891 καὶ
2285 1835 2689 1908 ὑπερηφανίας,
2722 1836 2817 1888 καὶ
2848 1835 2946 1906 τῆς
2988 1834 3181 1905 λοιπῆς
3209 1835 3302 1889 τοῦ
3339 1836 3452 1906 βίου
3485 1837 3716 1901 κακίας,

488 1935 634 1991 enim
653 1948 760 1989 non
782 1938 979 2001 potest,
1005 1940 1062 1985 ut
1079 1945 1203 1985 cum
1225 1929 1426 2000 stipula
1447 1928 1720 1982 coalescat
1742 1934 2044 1997 argentum,

2158 1923 2420 1994 πρότερον
2452 1922 2623 1977 ταῦτα
2670 1925 2749 1987 εἰς
2775 1924 3076 1993 ἀφανισμὸν
3106 1926 3333 1993 ἀγαγεῖν
3360 1927 3388 1979 6
3416 1925 3572 1994 λόγος
3599 1928 3718 1981 δια-

490 2026 577 2081 vel
603 2024 727 2080 leno
751 2022 1121 2095 agglutinetur
1144 2036 1361 2080 aurum,
1384 2020 1469 2074 vel
1506 2019 1654 2090 ligno
1673 2018 2052 2090 margaritum.

491 2117 599 2172 Sed
638 2116 684 2173 si
726 2117 829 2170 hoc
877 2124 961 2171 est
998 2115 1262 2176 futurum,
1312 2118 1529 2181 oportet
1575 2110 1798 2165 omnino
1847 2108 2053 2164 aboleri

489 2210 740 2265 alterum.
789 2206 919 2274 Quae
960 2214 1045 2260 est
1088 2203 1236 2259 enim
1282 2202 1391 2256 luci
1440 2201 1675 2256 societas
1716 2192 1859 2255 cum'
1894 2208 2053 2255 tene-

488 2300 605 2355 bris
631 2298 716 2351 ’⁸2
749 2297 1109 2353 Destruentur
1138 2308 1269 2364 ergo
1303 2294 1457 2362 prius
1486 2306 1648 2361 opera
1676 2292 2051 2355 tenebrarum,

487 2401 544 2447 et
572 2398 703 2445 tunc
721 2393 1114 2444 construentur
1140 2382 1320 2437 lucida
1351 2382 1477 2437 vitae
1502 2381 1752 2436 aedilicia.

2150 2013 2461 2079 κελεύεταιζο
2498 2010 2598 2067 εἷθ’
2621 2012 2764 2067 οὑτω
2790 2014 2850 2067 τὸ
2874 2016 3094 2085 χρυσίον
3114 2016 3212 2084 τῆς
3241 2017 3439 2088 ἀρετῆς
3464 2016 3595 2089 ὕλην
3615 2018 3719 2089 τῆς

2151 2105 2495 2176 κατασκευῆς
2532 2104 2625 2158 τοῦ
2658 2105 3024 2176 πνευματικοῦ
3054 2106 3202 2160 οἴκου
3241 2107 3587 2178 ποιήσασθαι.
3641 2111 3717 2163 Οὑ

2147 2198 2259 2270 γάρ
2293 2197 2408 2251 ἔστι
2456 2195 2767 2266 ωμφυῆναι
2811 2198 2877 2267 τῇ
2918 2196 3140 2269 καλάμῃ
3166 2197 3257 2251 τὸν
3292 2198 3607 2271 ἀργυρον,ἢ
3639 2200 3717 2271 τῷ

2151 2290 2325 2361 χόρτῳ
2355 2287 2576 2371 χρυσίον
2620 2287 3123 2359 προσλιπανθῆναι,
3175 2288 3208 2359 ἦ
3255 2290 3345 2344 τὸν
3376 2292 3717 2364 μαργαρίτην

2151 2380 2230 2451 τῷ
2269 2376 2426 2448 ξῦλῳ.
2482 2377 2621 2430 Ἀλλ’
2665 2380 2713 2447 εί
2748 2377 2930 2449 μέλλει
2954 2378 3113 2433 τοῦτο
3159 2375 3331 2444 εἶναι,
3364 2382 3467 2453 χρὴ
3500 2382 3717 2444 πάντως

488 2482 845 2552 ἀφανισθῆναι
887 2477 949 2530 τὸ
976 2477 1182 2546 ἓτερον.
1219 2473 1315 2537 Τίς
1341 2473 1450 2545 γὰρ
1480 2474 1731 2526 κοινωνία
1757 2471 1895 2540 φωτὶ
1958 2470 2095 2541 πρὸς
2148 2470 2371 2532 σκότοςς
2416 2467 2630 2523 Οὑκοῦν
2678 2466 3135 2540 καθαιρεθήσεται
3178 2469 3441 2543 πρότερον
3492 2471 3559 2525 τὰ
3619 2472 3714 2526 τοῦ

490 2577 743 2639 σκότους,
783 2572 876 2627 καὶ
915 2572 1035 2624 τότε
1082 2567 1655 2639 κατασκευασθήσεται
1696 2568 1764 2621 τὰ
1810 2566 2046 2635 φωτεινά
2081 2564 2175 2619 τοῦ
2199 2564 2314 2635 βίου
2339 2563 2760 2635 οἰκοδομήματα.

558 2672 612 2725 4.
664 2689 683 2721 ι
718 2668 956 2737 Tempus
1021 2674 1104 2721 est
1152 2664 1337 2728 ﬂendi,
1386 2671 1440 2719 et
1481 2671 1697 2732 tempus
1750 2662 1984 2717 ridendi.
2024 2681 2041 2713 ι

2218 2680 2238 2714 ι
2279 2660 2485 2732 Καιρὸς
2526 2659 2620 2714 τοῦ
2656 2659 2910 2721 κλαῦσαι.
2944 2663 3037 2715 καὶ
3071 2662 3258 2733 καιρὸς
3281 2663 3374 2717 τοῦ
3404 2665 3648 2733 γελάσαι.
3687 2686 3707 2719 ι

490 2761 806 2817 Declaratur
838 2759 925 2813 hic
956 2759 1109 2813 locus
1135 2771 1269 2811 voce
1305 2755 1643 2824 evangelica,
1687 2770 1808 2824 qua:
1838 2753 2044 2823 prolata

2145 2750 2504 2823 Σαφηνίζεται
2533 2754 2561 2805 6
2588 2751 2743 2820 λόγος
2790 2747 2945 2816 οὗτος
2980 2756 3046 2824 τῇ
3093 2755 3419 2826 εὐαγγελικῇ
3464 2761 3614 2828 φωνῇ
3645 2761 3713 2830 τῇ

486 2856 589 2910 fuit
615 2870 645 2908 a
677 2868 911 2923 persona
947 2849 1183 2914 Domini,
1234 2863 1353 2918 quae
1386 2848 1602 2919 quidem
1634 2848 1783 2909 dicit,
1834 2869 1851 2899 ι
1902 2847 2044 2902 Beati

2145 2843 2208 2895 ὲκ
2260 2841 2551 2914 προσώπου
2601 2842 2696 2894 τοῦ
2754 2844 2959 2913 Κυρίου
3009 2845 3390 2916 γεγενημένῃ,
3441 2848 3476 2917 ή
3516 2865 3713 2918 φησιν,

488 2945 581 3015 qui
600 2940 1070 3014 lugent,quoniam
1095 2938 1195 3009 ipsi
1218 2938 1488 3007 accipient
1509 2937 2043 2992 consolationem".t

2145 2936 2225 2988 ὃτι
2266 2952 2284 2985 ι
2309 2935 2584 3004 Μακάριοι
2618 2936 2666 2987 oi
2701 2933 3041 3000 πενθοῦντες,
3068 2938 3149 2990 ὅτι
3182 2937 3335 2991 αὑτοὶ
3365 2940 3716 3011 παρακληθή-

487 3035 645 3090 Nunc
669 3043 900 3104 estergo
926 3040 1139 3101 tempus
1158 3029 1318 3085 ﬂendi
1346 3049 1359 3085 :
1392 3028 1601 3085 ridendi
1628 3038 1805 3083 autem
1835 3038 2044 3099 tempus

2153 3040 2357 3077 σονται.
2394 3040 2411 3075 ι
2449 3022 2564 3075 Νῦν
2593 3018 2684 3077 οὖν
2714 3024 2860 3077 ἐστιν
2902 3027 2929 3078 6
2959 3026 3052 3079 τοῦ
3082 3026 3315 3081 κλαῦσαι
3350 3032 3569 3099 καιρός*
3603 3033 3632 3084 6
3658 3032 3715 3085 δὲ

486 3130 542 3186 in
574 3143 672 3199 spe
693 3126 995 3197 reponitur.
1027 3124 1274 3179 Praesens
1304 3121 1446 3177 enim
1483 3121 1704 3177 tristitia
1737 3120 1825 3175 ﬁet
1874 3130 2044 3176 mater

2150 3115 2245 3168 τοῦ
2302 3114 2528 3183 γελάσαι
2559 3115 2627 3169 δι’
2659 3116 2868 3179 ἐλπίδος
2896 3117 3209 3172 ἀπόκειται·
3244 3122 3276 3190 ή
3328 3121 3435 3192 γὰρ
3468 3123 3715 3192 παροῦσα

484 3221 683 3277 laetitiae
732 3233 861 3289 qua:
895 3224 1165 3287 speratur.
1212 3214 1346 3281 Quis
1377 3222 1553 3268 autem
1576 3228 1683 3267 non
1718 3213 1774 3267 in
1805 3214 1951 3267 luctu
1994 3222 2044 3267 et

2150 3205 2421 3274 κατήφεια
2456 3207 2555 3276 τῆς
2569 3204 2927 3277 ἐλπιζομένης
2969 3208 3305 3280 εὐφροσύνης
3335 3213 3515 3283 μήτηρ
3546 3217 3709 3285 γενήσ

484 3327 717 3368 mmrore
760 3319 926 3365 totam
976 3323 1128 3364 suam
1178 3308 1341 3361 vitam
1392 3305 1818 3374 consumpserit,
1877 3306 2047 3375 siqni-

483 3405 607 3458 dem
644 3402 726 3457 sui
749 3416 968 3457 sensum
999 3397 1292 3468 acceperit,
1337 3404 1392 3451 et
1443 3410 1539 3449 sua
1583 3396 1900 3466 cognoverit
1925 3410 2048 3465 quae

483 3493 672 3548 habuit
703 3500 757 3546 et
798 3488 1051 3559 perdidit,
1092 3496 1147 3542 et
1188 3488 1241 3540 in
1285 3501 1393 3555 quo
1442 3493 1586 3539 statu
1627 3492 1744 3539 erat
1787 3485 1855 3539 ab
1891 3485 2045 3539 initio

484 3596 699 3645 natura,
728 3591 782 3637 et
812 3582 865 3635 in
889 3595 999 3653 quo
1030 3589 1112 3634 est
1136 3579 1190 3632 in
1213 3575 1544 3647 prmsentia?
1577 3573 1729 3629 Tunc
1759 3591 1909 3631 mors
1937 3591 2042 3629 non

481 3683 620 3739 erat,
664 3672 888 3727 morbus
921 3669 1127 3728 aberat,
1179 3681 1362 3720 meum
1399 3673 1453 3719 et
1496 3674 1671 3727 tuum,
1719 3665 1881 3719 verba
1930 3665 2045 3719 hac

482 3766 813 3840 perniciosa,
867 3778 897 3816 a
946 3761 1055 3814 vita
1106 3760 1338 3829 primum
1390 3756 1610 3811 fuerunt
1659 3757 2040 3811 exterminata.

480 3857 614 3913 Nam
647 3857 788 3911 sicut
818 3851 1125 3909 communis
1168 3860 1250 3905 est
1275 3848 1379 3911 sol,
1408 3857 1461 3903 et
1503 3862 1597 3903 aer
1626 3848 1951 3911 communis,
1990 3855 2045 3902 et

480 3958 609 4004 ante
636 3947 817 4002 omnia
853 3944 945 3999 Dei
971 3950 1055 3997 est
1082 3941 1389 3996 communis
1420 3940 1613 4009 gratia,
1646 3950 1701 3993 et
1736 3938 2043 3993 benedictio

479 4039 787 4097 communis
812 4055 827 4101 ;
855 4037 926 4089 ita
960 4036 1120 4089 etiam
1148 4048 1212 4086 cx
1243 4046 1398 4102 aequo
1430 4031 1599 4085 libere
1624 4038 1740 4085 erat
1764 4031 2043 4101 proposita

483 4128 729 4199 cujusvis
776 4126 905 4181 boni
954 4122 1320 4193 participatio,
1366 4131 1419 4177 et
1460 4136 1567 4175 non
1610 4122 2043 4191 cognoscebatur

481 4221 709 4277 morbus
732 4219 992 4279 avaritiae,
1022 4230 1123 4269 nec
1158 4231 1223 4269 ex
1268 4229 1333 4269 eo
1362 4212 1507 4283 quod
1550 4213 1820 4283 quispiam
1860 4215 2041 4269 minus

481 4312 739 4375 habebat,
768 4311 895 4364 odio
926 4308 1158 4362 habebat
1191 4322 1315 4361 eum
1359 4306 1451 4375 qui
1494 4305 1806 4375 superabat.
1856 4305 2042 4375 Neque

479 4404 623 4460 enim
651 4411 766 4457 erat
793 4402 1017 4455 omnino
1054 4398 1196 4468 quod
1227 4405 1509 4467 superaret
1539 4416 1551 4451 :
1582 4404 1636 4451 et
1679 4398 1785 4451 alia
1812 4407 2040 4467 prmter-

480 4509 543 4549 ea
596 4490 1039 4548 innumerabilia.
1075 4504 1194 4557 quae
1224 4502 1323 4541 nec
1358 4487 1539 4542 verbis
1568 4488 1782 4557 quidem
1811 4500 2038 4558 possunt

478 4585 739 4655 explicari
768 4602 781 4638 :
817 4598 937 4652 qua:
967 4582 1184 4653 quidem
1236 4582 1607 4653 magnitudine
1655 4597 1718 4636 ea
1745 4599 1864 4651 qua:
1893 4582 2037 4637 dicta

478 4686 607 4735 sunt
646 4677 934 4747 plurimum
990 4674 1341 4729 antecellunt.
1401 4672 1608 4736 Honor,
1661 4674 1904 4741 inquam,
1947 4689 2044 4741 par

478 4769 708 4837 angelis,
736 4767 873 4836 apud
904 4765 1070 4820 Deum
1102 4765 1451 4828 conﬁdentia,
1478 4765 2040 4833 supermundanorum

477 4858 747 4913 bonorum
775 4856 1180 4925 contemplatio,
1207 4852 1463 4909 ineﬂabili
1494 4856 1662 4908 beata:
1690 4863 1895 4909 natura:
1927 4856 2043 4923 pul-

478 4949 787 5005 chritudine
826 4963 925 5001 nos
962 4962 1181 5017 quoque
1232 4947 1535 5009 luoneStari,
1584 4948 1638 5000 in
1675 4947 1831 5001 nobis
1859 4958 2042 5001 osten-

477 5042 657 5098 dendo
685 5040 925 5093 divinam
959 5039 1249 5108 imaginem
1280 5038 1333 5091 in
1360 5037 1553 5091 anima:
1574 5039 1771 5092 decore
1801 5038 2039 5092 relucen-

476 5145 604 5190 tem.
630 5133 721 5187 llla
754 5141 931 5186 autem
966 5145 1086 5199 qum
1119 5108 1384 5183 in‘eorum
1423 5129 1597 5182 locum
1632 5138 2035 5189 successerunt,

474 5236 601 5284 sunt
638 5236 897 5296 tanquam
932 5222 1237 5292 improbum
1286 5235 1509 5275 examen
1551 5220 1943 5280 calamitatum,
1983 5227 2037 5273 et

473 5319 849 5375 molestiarum
912 5314 1051 5367 mala
1123 5320 1381 5379 tanquam
1449 5325 1734 5378 vesparum
1792 5319 2030 5364 caterva.

472 5411 740 5477 Quidnam
782 5424 847 5462 cx
895 5407 1016 5459 vita:
1051 5402 1209 5456 malis
1249 5401 1478 5469 primum
1524 5399 1807 5452 dicemus?
1839 5398 2030 5453 Omnia

472 5503 717 5557 enmdcm
764 5496 991 5552 honoris
1024 5495 1249 5564 gradum
1287 5492 1425 5544 inter
1470 5504 1528 5543 se
1554 5490 1817 5550 obtinent,
1849 5490 2029 5542 omnia

474 5598 675 5663 primas
700 5598 884 5646 tenent
913 5589 968 5641 in
993 5586 1259 5639 malorum
1299 5580 1640 5640 excellentia,
1673 5579 1856 5633 omnia
1888 5593 2029 5647 pra:-

473 5688 596 5739 ἰιιτιιι
622 5698 803 5754 parem
836 5681 1018 5735 luctus
1053 5673 1421 5731 occasionem.
1451 5670 1591 5737 Quid
1618 5670 1760 5725 enim
1796 5670 2029 5726 miseria:

2149 3313 2321 3349 σεται.
2362 3296 2457 3359 Τίς
2503 3297 2560 3349 δὲ
2594 3298 2694 3350 οὐκ
2720 3297 2785 3351 ἂν
2819 3299 2876 3351 έν
2912 3298 3132 3370 θρήνοις
3171 3303 3264 3355 καὶ
3299 3304 3715 3376 σκυθρωπότητι

2148 3387 2323 3441 πάντα
2360 3388 2453 3440 τὸν
2489 3388 2603 3457 βίον
2646 3390 2837 3443 ἑαυτοῦ
2864 3390 3242 3463 δαπανήσειεν,
3279 3396 3436 3468 εἴπερ
3464 3399 3715 3467 αἴσθησιν

2146 3478 2296 3531 λάϐοι
2314 3480 2473 3543 αὑτὸς
2493 3481 2706 3545 ἑαυτοῦ,
2728 3482 2819 3535 καὶ
2851 3483 3002 3555 γνοίη
3027 3485 3150 3538 καθ’
3174 3487 3365 3540 ἑαυτὸν
3389 3488 3424 3541 ἀ
3453 3506 3510 3541 τε
3543 3486 3711 3560 εἶχεν,

2145 3567 2181 3621 ἀ
2200 3585 2256 3620 τε
2290 3568 2588 3633 ἀπώλεσεν,
2625 3572 2721 3625 καὶ
2742 3575 2799 3625 ὲν
2829 3567 2910 3637 οἷς
2934 3570 3002 3643 ἦν
3031 3576 3091 3628 τὸ
3111 3580 3231 3631 κατ’
3264 3579 3439 3649 ἀρχὰς
3472 3583 3504 3652 ή
3529 3582 3712 3649 φύσις,

2144 3660 2239 3712 καὶ
2290 3661 2348 3712 ὲν
2379 3661 2519 3714 τίσιν
2569 3664 2663 3715 ἐπὶ
2689 3663 2781 3717 τοῦ
2819 3666 3081 3735 παρόντος
3115 3670 3295 3735 tactv;
3326 3671 3455 3724 Τότε
3486 3673 3712 3738 θάνατος

2143 3751 2241 3803 οὑκ
2270 3746 2359 3825 ἦν,
2381 3751 2533 3816 νόσος
2566 3754 2733 3823 ἀπῆν,
2764 3755 2826 3808 τὺ
2858 3754 2989 3826 ὲμδν
3018 3762 3112 3811 καὶ
3148 3762 3209 3811 τὸ
3253 3761 3364 3822 σὸν,
3402 3763 3472 3815 τὰ
3501 3766 3711 3835 πονηρά

2142 3842 2313 3895 ταῦτα
2344 3845 2581 3914 ῥήματα,
2616 3846 2717 3915 τῆς
2744 3846 2888 3917 ζωῆς
2918 3848 3133 3919 πρῶτον
3166 3851 3446 3923 ὲξώριστο.
3481 3855 3570 3918 Ὠς
3600 3857 3710 3929 γὰρ

2143 3933 2317 3997 κοινὸς
2373 3936 2401 3987 6
2448 3935 2618 4005 ἥλιος,
2656 3936 2750 3989 καὶ
2789 3938 2817 3989 6
2855 3937 2965 4008 ἀὴρ
3007 3939 3203 4003 κοινὸς,
3235 3942 3328 3994 καί
3355 3943 3461 4012 πρὸ
3490 3946 3707 3998 πάντων

2140 4022 2233 4076 τοῦ
2262 4024 2394 4079 Θεοῦ
2417 4028 2449 4097 ή
2474 4027 2631 4098 χάρις
2663 4028 2835 4097 κοινὴ.
2858 4030 3076 4097 εὐλογία
3099 4033 3249 4102 κοινή
3276 4050 3289 4063 ο
3324 4033 3494 4098 οὕτως
3526 4038 3582 4087 ἐν
3606 4038 3707 4107 ίσῳ

2140 4116 2233 4171 καὶ
2268 4118 2465 4181 παντὸς
2489 4119 2694 4186 ἀγαθοῦ
2719 4121 2975 4189 μετουσία
2996 4122 3115 4175 κατ’
3136 4122 3383 4187 ἐξουσίαν
3401 4127 3702 4197 προέκειτο.

2140 4212 2234 4265 καί
2264 4212 2297 4281 ή
2326 4211 2480 4275 νόσος
2520 4214 2617 4282 τῆς
2672 4211 2975 4278 πλεονεξίας
3005 4214 3104 4267 οὑκ
3156 4217 3495 4287 ὲγνωρίζετο,
3524 4221 3617 4273 καὶ
3644 4221 3708 4273 τὸ

2141 4302 2273 4373 πρὸς
2304 4304 2365 4355 τὸ
2406 4304 2751 4357 ἐλαττοῦσθαι
2814 4307 2967 4375 μῖσος
3009 4304 3149 4358 κατὰ
3190 4307 3295 4360 τῶν
3328 4309 3704 4378 ὑπερεχόντων

2141 4394 2240 4446 οὑκ
2269 4390 2354 4464 ἦν.
2385 4395 2518 4448 Οὑδὲ
2553 4395 2659 4466 γάρ
2708 4394 2844 4459 ὅλως
2888 4396 2947 4449 τὸ
2988 4398 3252 4468 ὑπερέχον
3282 4393 3378 4469 ἦν’
3411 4402 3504 4453 καὶ
3534 4403 3700 4472 μυρία

2142 4487 2233 4538 ἐπὶ
2259 4486 2464 4549 τούτοις
2483 4486 2635 4545 ἄλλα.
2668 4486 2703 4541 ἀ
2724 4487 2832 4541 οὐδ’
2858 4488 2922 4542 ἂν
2944 4490 3288 4558 παραστῆσαί
3330 4508 3413 4554 τις
3447 4492 3697 4564 δυνηθείη

2140 4578 2222 4648 τῷ
2255 4578 2413 4648 λόγῳ,
2440 4579 2761 4649 πάμπληθες
2804 4579 2909 4631 τῶν
2942 4580 3244 4650 εἰρημένων
3282 4583 3418 4635 κατὰ
3442 4583 3499 4635 τὸ
3531 4601 3697 4653 μεγα-

2138 4670 2276 4724 λεῖον
2306 4671 2621 4741 προέχοντα.
2665 4671 2821 4738 Λέγω
2849 4671 2912 4741 δὴ
2934 4672 3034 4741 τὴν
3069 4672 3204 4742 πρὸς
3236 4673 3493 4741 ἀγγέλους
3520 4677 3696 4744 ὁμοτι-

2142 4762 2292 4831 μίαν,
2315 4762 2412 4832 τὴν
2434 4762 2524 4813 ἐπὶ
2553 4761 2684 4813 Θεο]
2717 4762 3047 4832 παρρησίαν,
3069 4763 3166 4833 τὴν
3184 4762 3289 4814 τῶν
3312 4764 3411 4815 ὑπε
3422 4765 3693 4834 ρκοσμίων

2138 4852 2356 4920 ἀγαθῶν
2388 4852 2639 4924 θεωρίαν,
2674 4851 2734 4903 τὸ
2766 4852 2843 4921 τῷ
2885 4852 3147 4923 ἀφράστῳ
3180 4853 3364 4907 κάλλει
3392 4856 3487 4924 τῆς
3519 4874 3695 4925 μακα-

2144 4942 2261 5011 ρίας
2324 4941 2536 5010 φύσεως
2583 4940 2674 4993 καὶ
2723 4942 2868 5010 ήμᾶς
2914 4942 3266 5011 ὼραΐζεσθαι,
3290 4943 3599 5008 δεικνύντας
3636 4948 3694 4998 ὲν

2137 5034 2343 5096 ἑαυτοῖς
2372 5032 2467 5103 τὴν
2498 5032 2643 5085 θείαν
2674 5033 2856 5085 εἰκόνα
2886 5035 2949 5103 τῇ
2970 5031 3088 5104 ὥρᾳ
3113 5033 3212 5101 τῆς
3239 5034 3415 5105 ψυχῆς
3443 5038 3609 5089 ἀποστ
3620 5037 3695 5089 ίλ-

2136 5126 2353 5177 ϐουσαν.
2390 5124 2468 5176 Τά
2493 5124 2548 5177 δὲ
2574 5124 2687 5176 ἀντ’
2714 5124 2955 5186 ἐκείνων,
2974 5118 3059 5177 οἷα
3075 5126 3103 5177 6
3122 5126 3353 5197 πονηρὸς
3384 5128 3489 5179 τῶν
3515 5128 3692 5197 παθη-

2135 5217 2317 5285 μάτων
2347 5215 2533 5285 ὲσμὺς,
2587 5216 2621 5286 ή
2655 5216 2796 5285 κακὴ
2830 5214 2938 5268 τῶν
2974 5214 3232 5287 λυπηρῶν
3274 5219 3499 5288 σφηκία.
3534 5221 3598 5272 Τί
3626 5221 3693 5273 ἄν

2130 5324 2213 5369 τις
2242 5305 2454 5374 πρῶτον
2471 5306 2599 5377 εἴπῃ
2631 5306 2735 5358 τῶν
2766 5308 2859 5359 τοῦ
2913 5306 3027 5377 βίου
3057 5308 3278 5374 κακῶν;
3309 5310 3488 5363 Πάντα
3511 5314 3694 5381 ὁμοτί-

2136 5412 2251 5463 μως
2302 5396 2414 5465 ἔχει
2448 5396 2584 5465 πρὸς
2628 5396 2850 5465 ἄλληλα,
2896 5398 3070 5451 πάντα
3113 5403 3692 5470 προτερευειταῖςτῶν

2132 5485 2316 5538 κακῶν
2345 5484 2573 5555 ἐξοχαῖς,
2605 5487 2781 5540 πάντα
2816 5488 2922 5540 τῶν
2956 5489 3082 5541 ίσων
3124 5490 3334 5563 θρήνων
3364 5493 3583 5565 ἀφορμὴ
3607 5494 3693 5562 γί-

2130 5594 2297 5630 νεται.
2337 5577 2401 5628 Τί
2439 5577 2639 5647 μᾶλλον
2671 5580 2779 5651 γάρ
2812 5597 2896 5643 τις
2925 5581 3185 5652 θρηνήσει
3222 5584 3322 5653 τῆς
3356 5584 3691 5656 ἀθλιότητος;

2130 5668 2299 5723 Πόθεν
2334 5670 2491 5723 πλέον
2525 5670 2621 5742 τὴν
2662 5671 2819 5739 φύσιν
2858 5673 3284 5747 ἀπολοφύρηται,
3314 5677 3375 5732 τὸ
3404 5677 3692 5750 ὠκύμορον

546 5869 591 5897 υ
619 5866 766 5920 ἶῖἰετ.
803 5880 837 5933 ι,
880 5862 960 5915 ιο.
1038 5861 1081 5895 ’δ
1124 5858 1140 5913 l
1175 5858 1303 5915 Cor.
1358 5874 1440 5925 ιιι,
1478 5856 1544 5913 Ιθ
1598 5872 1718 5928 sqq.
1795 5854 1840 5887 "
1878 5852 1922 5908 Π
1971 5852 2044 5911 C0

2151 5869 2230 5923 Vt,
2275 5855 2364 5911 Η.
2437 5854 2703 5929 ⁸⁸Μιιιιίι.
2738 5873 2793 5923 v,
2825 5857 2876 5912 5.
