4110 6492
318 452 423 511 709

1399 449 1464 505 ΙΝ
1508 442 2039 505 ECCLESIASTEN.
2084 442 2367 500 liOMlLIA
2406 443 2494 500 Vl.

3434 434 3536 496 710

316 564 415 633 τῆς
444 560 609 631 ζωῆς,
638 558 699 612 τὺ
732 558 1005 622 ἐπίπονον,
1033 557 1093 611 τὸ
1115 556 1222 611 ἀπὸ
1235 557 1482 629 δακρύων
1508 555 1769 626 ἄρχεσθαι
1786 557 1878 609 καὶ

1988 554 2154 624 magis
2187 552 2432 617 deﬂebis,
2465 560 2520 608 et
2568 565 2675 621 qua
2706 565 2772 606 ex
2806 558 2959 621 parte
2988 551 3161 623 magis
3189 552 3435 622 quereris
3471 554 3540 609 de

317 652 645 721 καταλήγειν
664 652 743 713 είς
773 650 1024 719 δάκρυον,
1054 649 1148 719 τήν
1176 648 1410 715 ἐλεεινὴν
1439 648 1756 716 νηπιότητα,
1777 647 1877 717 τὴν

320 743 378 795 ἐν
405 740 484 811 τῷ
511 741 657 811 γήρᾳ
690 740 1012 810 παράνοιαν,
1057 737 1116 790 τὸ
1154 734 1421 790 ἀστατοῦν
1466 738 1564 807 τῆς
1605 738 1873 807 νεότητος,

318 830 381 885 τὸ
433 831 772 903 πολύμοχθον
819 829 929 885 τῶν
971 833 1037 902 τῇ
1088 829 1271 902 ἡλικίᾳ
1324 828 1754 901 καθεστηκότων,
1785 828 1877 882 τοῦ

319 922 501 993 γάμου
546 922 610 976 τὸ
672 921 948 993 φορτικὸν,
985 922 1086 990 τῆς
1129 921 1371 992 ἀγαμίας
1406 921 1466 974 τὸ
1510 921 1734 993 ἔρημον,
1779 922 1877 991 τῆς

319 1011 575 1075 ἀπαιδίας
604 1012 662 1065 τὸ
679 1011 924 1083 ἄρριζον,
968 1011 1064 1065 τοῦ
1094 1010 1321 1065 πλούτου
1355 1012 1415 1065 τὸ
1444 1012 1749 1081 ἐπίφθονον,
1781 1014 1879 1082 τῆς

320 1102 511 1166 πενίας
542 1102 604 1156 τὸ
650 1102 954 1155 ἐπώδυνονο
1009 1102 1103 1155 καὶ
1144 1103 1332 1155 σιωπῶ
1371 1102 1469 1166 τὰς
1510 1104 1879 1174 πολυτρόπους

321 1192 430 1245 τῶν
459 1192 779 1263 νοσημάτων
816 1191 1095 1263 διαφορὰς,
1123 1191 1223 1255 τὰς
1249 1191 1446 1255 λώϐας,
1472 1194 1599 1255 τοὺς
1628 1187 1877 1263 ἀκρωτηεῖ

324 1280 725 1354 ριασμ[εν]οὺς,
744 1281 843 1345 τὰς
858 1281 1066 1350 σήψεις,
1086 1281 1183 1343 τὰς
1194 1281 1302 1333 τῶν
1319 1280 1681 1353 αἰσθητηρίων
1694 1280 1878 1353 πηρώ-

324 1388 458 1437 σεις,
485 1372 581 1435 τὰς
615 1373 679 1424 ἐκ
714 1372 980 1441 δαιμόνων
1019 1371 1362 1442 παραφοράς,
1395 1371 1571 1425 πάντα
1587 1374 1685 1426 ὃσα
1718 1376 1751 1442 ή
1778 1372 1881 1440 φύ-

324 1480 409 1526 σις
436 1465 494 1515 ἐν
518 1464 680 1533 ἑαυτῇ
716 1462 978 1532 περιέχει,
1012 1461 1047 1515 ἃ.
1074 1464 1139 1531 τῇ
1154 1461 1379 1531 δυνάμει
1406 1461 1635 1523 ἕκαστος
1672 1462 1882 1533 ἀνθρώ-

323 1574 442 1610 πων
498 1556 644 1609 ἐστὶν
694 1555 831 1625 ἔχων
860 1557 917 1608 ἐν
947 1557 1013 1625 τῇ
1048 1556 1206 1623 φύσει
1242 1554 1312 1607 τά
1354 1554 1519 1623 πάθη.
1556 1554 1665 1625 Τὴν
1692 1554 1748 1607 δὲ
1772 1554 1882 1607 τῶν

322 1645 542 1718 ἐρώτων
601 1647 816 1716 μανίαν,
877 1647 968 1698 καὶ
1009 1646 1100 1699 τὸν
1146 1643 1355 1715 δυσώδη
1395 1643 1671 1715 βόρϐορον,
1711 1645 1791 1708 είς
1822 1643 1882 1697 ὃν

324 1737 755 1808 καταστρέφεται
810 1739 843 1805 ή
890 1735 1113 1805 τοιαύτη
1140 1735 1333 1799 λύσσα,
1368 1735 1619 1805 παρίημι,
1660 1734 1753 1787 καὶ
1783 1733 1882 1803 τὴν

327 1826 753 1898 συνεξευγμένην
774 1829 840 1897 τῇ
866 1828 1036 1897 τροφῇ
1053 1826 1140 1880 διά
1167 1826 1265 1896 τῆς
1297 1826 1668 1896 ἀποποιήσεως
1690 1824 1879 1894 ἀηδίαν

324 1916 385 1969 ού
410 1914 571 1985 λέγω,
604 1916 677 1980 ὠς
721 1918 787 1970 ἂν
817 1916 894 1986 μὴ
930 1916 1139 1985 δόξαιμι
1179 1915 1266 1968 διὰ
1295 1915 1508 1969 πάντων
1552 1913 1879 1985 στηλιτεύειν

324 2006 402 2077 τῷ
433 2007 576 2078 λόγῳ
614 2008 706 2060 τὸν
733 2007 865 2077 βίον,
917 2006 1238 2077 κοπροποιόν
1276 2024 1395 2060 τινα
1415 2006 1513 2075 τὴν
1540 2005 1698 2074 φύσιν
1727 2004 1882 2075 ήμῶν

326 2098 714 2153 ἀποδεικνύων.
770 2099 951 2152 Πάντα
999 2099 1153 2165 ἀφεὶς
1195 2098 1367 2151 ταῦτα
1414 2097 1509 2152 καὶ
1550 2096 1882 2161 τὰτοιαῦτα,

325 2189 503 2241 ἐκεῖνο
535 2188 767 2257 μάλιστά
789 2206 930 2258 φημι
956 2188 1206 2258 δακρύων
1233 2188 1382 2254 ἀξιον
1400 2186 1536 2243 εἶναι
1563 2192 1674 2255 τοῖς
1697 2189 1886 2243 αισθα-

326 2279 589 2347 νομένοις,
612 2280 675 2331 τὸ
703 2278 898 2333 εἰδέναι
936 2278 1143 2342 πάντας
1181 2277 1889 2350 ὃτιτῆςσκιοειδοῦςταύτης

311 2366 454 2440 ζωῆς
466 2363 938 2438 παραδραμούσης.
955 2366 1105 2437 μένει
1122 2367 1268 2438 ἡμᾶς
1279 2382 1363 2429 τις
1379 2365 1573 2437 ἐκδοχὴ
1632 2369 1882 2441 κρίσεως,

330 2458 419 2509 καὶ
448 2458 615 2527 πυρὸς
636 2458 793 2530 ζῆλος
816 2458 1015 2513 ἐσθίειν
1044 2456 1325 2529 μέλλοντος
1355 2460 1481 2523 τοὺς
1514 2460 1880 2523 ὑπεναντίους.

339 2551 397 2603 ὐ
450 2546 543 2603 οὖν
599 2550 772 2606 ταῦτα
797 2552 891 2604 καὶ
922 2551 989 2605 τὰ
1016 2547 1236 2604 τοιαῦτα
1271 2551 1632 2623 λογιζόμενος,
1670 2549 1757 2624 ἆρ’
1785 2554 1886 2607 οὐκ

324 2641 414 2695 ἀεὶ
449 2643 526 2712 τῷ
564 2642 746 2712 θρήνῳ
764 2640 1091 2714 συζήσεταις

397 2824 604 2879 Οὐκοῦν
624 2825 812 2897 καιρὸς
842 2824 907 2878 ἂν
939 2823 1022 2896 εἴη
1044 2824 1137 2877 νῦν
1165 2823 1333 2878 ταῦτα
1363 2823 1441 2894 τῷ
1470 2821 1713 2895 λογισμῷ
1746 2824 1886 2895 λαμ·

329 2917 529 2972 δάνειν.
572 2918 666 2970 Ἕκ
681 2916 786 2988 γὰρ
813 2916 905 2969 τοῦ
935 2915 1267 2987 σκυθρωπῶς
1296 2915 1431 2987 πρὸς
1466 2916 1565 2985 τὴν
1609 2916 1885 2988 παροῦσαν

329 3006 472 3077 εχειν
516 3007 677 3079 ζωὴν,
701 3008 760 3061 τδ
790 3008 953 3079 μηδὲν
991 3008 1328 3078 πλημμελεῖν
1362 3010 1419 3060 ἐν
1455 3005 1625 3079 ταύτῃ
1655 3008 1793 3062 κατά
1825 3007 1886 3061 τὸ

328 3098 475 3162 εἰκὸς
519 3100 968 3169 προσγενήσεται.
1020 3098 1221 3152 Τούτου
1263 3098 1318 3151 δέ
1357 3100 1808 3171 κατορθωθέντος,
1850 3098 1884 3169 ή

1982 645 2210 698 natura?
2248 644 2373 697 vitae
2416 641 2734 697 brevitatem
2763 649 2817 696 ct
2850 642 3091 696 laborem
3127 642 3367 711 incipere
3394 658 3423 695 a
3457 643 3539 696 la.

1980 737 2221 806 crymis,
2275 742 2331 790 et
2392 733 2641 789 desinere
2701 733 2757 786 in
2822 734 3109 804 lacrymas,
3174 735 3537 793 miserabilem

1980 825 2288 889 infamiam,
2320 826 2373 878 in
2405 830 2682 878 senectute
2711 822 2988 885 delirium,
3015 826 3320 894 juventutis
3351 826 3540 880 incon-
3638 858 3645 867 κ

1979 916 2260 981 stantiam,
2293 915 2599 970 constantis
2631 915 2809 970 aetatis
2826 915 3074 970 laborum
3106 919 3535 986 perpessionem,

1982 1022 2150 1062 onera
2176 1008 2531 1068 matrimonii,
2574 1008 2857 1063 catlibatus
2903 1008 3276 1070 solitudinem,
3318 1010 3372 1063 in
3407 1010 3540 1064 Iibe-

1983 1115 2169 1153 rorum
2213 1099 2445 1153 orbitate
2477 1099 2709 1155 deﬁcere
2747 1100 3011 1166 radicem,
3054 1101 3368 1156 divitiarum
3401 1103 3542 1157 invi-

1981 1193 2149 1254 diam,
2192 1192 2537 1262 paupertatis
2580 1193 2910 1249 molestiam.
2972 1192 3149 1248 Taceo
3191 1195 3540 1265 multiplicem

1983 1280 2297 1335 morborum
2325 1280 2713 1343 diﬂ'erenliam,
2753 1281 2975 1345 damna,
3009 1284 3405 1349 mutilationes,
3437 1302 3541 1355 pu-

1983 1371 2353 1434 trefactiones.
2375 1387 2637 1428 sensuum
2653 1374 2940 1437 orbitates,
2974 1390 3002 1427 a
3026 1376 3365 1431 daemonibus
3389 1392 3545 1430 vexa.

1983 1464 2180 1524 tiones,
2220 1479 2580 1533 quaecumque
2642 1465 2696 1519 in
2751 1480 2812 1519 se
2858 1466 3105 1519 continet
3152 1477 3365 1527 natura,
3420 1483 3543 1533 qua!

1981 1553 2200 1621 quidem
2257 1553 2420 1608 homo
2472 1554 2702 1624 quilibet
2755 1562 3027 1626 potestate
3079 1557 3261 1620 habet,
3314 1573 3438 1611 cum
3475 1573 3540 1613 ea

1981 1643 2232 1697 accidant
2264 1644 2316 1697 in
2348 1654 2563 1699 natura.
2602 1645 2758 1700 Mitto
2797 1654 2977 1701 autem
3011 1648 3213 1703 amoris
3250 1648 3539 1714 insaniam,

1981 1739 2035 1785 et
2066 1733 2204 1786 male
2253 1734 2409 1788 olens
2437 1748 2655 1788 caenum
2708 1735 2763 1788 in
2798 1749 2907 1804 quo
2948 1737 3226 1790 volutatur
3272 1737 3541 1805 ejusmodi

1984 1823 2187 1883 rabies.
2242 1838 2342 1878 nec
2395 1824 2589 1895 loquor
2634 1824 2703 1881 de
2760 1827 3047 1880 nutritioni
3098 1827 3404 1895 conjuncta,
3447 1842 3543 1898 per

1985 1915 2352 1970 excretionem
2394 1916 2663 1981 molestia,
2714 1931 2783 1971 ne
2812 1916 2999 1971 videar
3035 1918 3286 1973 oratione
3322 1918 3543 1973 omnino

1984 2003 2164 2058 invehi
2213 2004 2266 2059 in
2319 2005 2507 2071 vitam,
2565 2006 2826 2061 stercoris
2860 2006 3189 2062 effectricem
3247 2008 3544 2064 ostendens

1983 2112 2107 2152 esse
2144 2106 2386 2153 nostram
2425 2112 2697 2153 naturam.
2726 2097 2821 2153 llis
2853 2099 3109 2155 omnibus
3138 2100 3541 2168 praetermissis,

1982 2196 2037 2243 et
2066 2205 2187 2258 quae
2212 2198 2340 2245 sunt
2370 2189 2709 2259 hujusmodi,
2737 2188 2870 2244 illud
2901 2190 3025 2245 dico
3049 2192 3281 2245 maxime
3320 2189 3543 2261 dignum

1984 2293 2108 2333 esse
2137 2279 2396 2351 lacrymis
2424 2281 2492 2336 iis
2526 2281 2619 2350 qui
2651 2281 2919 2346 sentiunt,
2945 2280 3091 2350 quod
3128 2281 3307 2336 sciant
3332 2296 3543 2343 omnes.

1986 2384 2109 2425 cum
2159 2370 2271 2424 haec
2317 2373 2575 2426 umbrosa
2613 2372 2722 2426 vita
2771 2372 3115 2442 praeterierit.
3172 2387 3272 2427 nos
3327 2387 3548 2426 manere

1985 2464 2418 2531 expectationem
2460 2460 2678 2533 iudicii,
2728 2472 2782 2519 et
2813 2464 2989 2518 zelum
3040 2460 3182 2532 ignis
3233 2463 3546 2519 devoraturl

1986 2555 2353 2611 adversarios.
2390 2555 2495 2622 Qui
2530 2572 2658 2626 ergo
2691 2556 2804 2611 haec
2833 2566 2886 2611 et
2914 2571 3035 2626 qua?
3073 2565 3201 2611 sunt
3234 2556 3546 2625 hujusmodi

1986 2653 2225 2712 reputat,
2258 2659 2324 2697 an
2358 2660 2466 2699 non
2501 2661 2717 2717 semper
2744 2648 2907 2701 simul
2950 2648 3091 2701 vivet
3122 2661 3247 2702 cum
3299 2649 3450 2703 luctu
3492 2656 3548 2703 ct

1988 2734 2375 2792 lamentatione
2394 2737 2418 2790 ?
2876 2794 2881 2799 ,

2061 2821 2297 2897 Tempus
2331 2841 2459 2897 ergo
2489 2836 2572 2882 est
2614 2827 2729 2883 haec
2758 2844 2903 2882 nunc
2943 2836 3124 2882 mente
3156 2828 3430 2884 versandi.
3469 2828 3548 2883 Ex

1988 2933 2054 2974 eo
2084 2919 2227 2974 enim
2257 2920 2398 2988 quod
2422 2960 2438 2985 ,
2468 2930 2734 2990 quantum
2764 2920 2843 2974 ad:
2864 2930 3185 2989 praesentem
3222 2922 3385 2975 vitam
3419 2923 3548 2973 atti-

1989 3020 2083 3067 net
2108 3055 2121 3076 ,
2155 3003 2463 3067 mmrore-et
2494 3013 2744 3068 molestia
2776 3012 2951 3066 affet-ti
2989 3014 3188 3076 simus,
3230 3022 3287 3066 ut
3325 3013 3457 3067 nihil
3493 3014 3549 3067 in

1990 3118 2052 3159 ea
2105 3119 2425 3173 peccemus.
2460 3113 2518 3157 ut
2560 3112 2647 3159 est
2692 3113 3154 3165 consentaneum,
3196 3105 3387 3159 aderit.
3432 3105 3550 3158 Hoc

328 3191 721 3260 ἐπαγγελθεῖσα
752 3193 851 3261 τῆς
878 3190 1211 3262 εὐφροσύνης
1238 3189 1397 3260 χάρις
1418 3190 1484 3243 δι’
1518 3191 1728 3254 ἐλπίδος
1754 3192 1884 3262 ἡμῖν

1994 3204 2173 3250 autem
2222 3196 2268 3250 si
2300 3206 2447 3251 recte
2497 3196 2624 3259 ﬁat,
2668 3196 2935 3266 promissa
2987 3196 3186 3249 laetitiae
3231 3196 3403 3265 gratia
3455 3209 3550 3263 per

328 3280 681 3339 ἀποκείσεται
698 3301 710 3313 ·
739 3285 772 3354 ή
796 3284 853 3337 δὲ
882 3283 1035 3346 ἐλπὶς
1050 3284 1108 3335 οὐ
1126 3283 1491 3353 καταισχύνει,
1522 3282 1703 3347 καθώς
1723 3300 1886 3353 φησιν

328 3378 359 3432 ὃ
400 3376 737 3440 ’Δπόστολος.
775 3376 848 3428 Τὸ
891 3376 948 3429 δὲ
1000 3377 1356 3445 ἐπαγόμενον,
1406 3373 1515 3428 οἷον
1553 3374 1885 3446 ἐπανάληψις

326 3467 424 3521 τοῦ
451 3466 841 3538 προειρημένου
863 3465 1027 3519 ἐστίν.
1056 3465 1238 3518 Εἰπὼν
1262 3465 1369 3537 γὰρ
1398 3464 1491 3517 τοῦ
1526 3464 1756 3537 δακρύου
1791 3465 1886 3517 καὶ

326 3558 421 3612 τοῦ
432 3559 663 3627 γέλωτος
679 3557 775 3628 τὴν
795 3556 1097 3629 εὐκαιρίαν,
1118 3557 1385 3627 ἐπήγαγεσ
1414 3575 1432 3607 ι
1460 3555 1664 3627 Καιρὺς
1682 3554 1774 3607 τοῦ
1796 3555 1887 3607 κό-

326 3651 553 3721 ψασθαι,
581 3650 767 3720 καιρὸς
798 3647 891 3701 τοῦ
923 3648 1278 3719 ὀρχήσασθαι,
1300 3668 1319 3698 ι
1351 3650 1485 3719 ὅπερ
1504 3646 1651 3700 οὐδὲν
1674 3645 1818 3709 ἄλλο,
1850 3645 1883 3716 ἢ

328 3741 579 3804 ἐπίτασις
598 3740 854 3810 ἐκατέρου
877 3739 984 3791 τῶν
1008 3757 1111 3809 μνη
1122 3739 1483 3810 μονευθέντων
1503 3737 1669 3792 ἐστίν.
1702 3738 1761 3792 Ὀ
1779 3738 1887 3807 γὰρ

327 3832 574 3903 ιύπαθής
599 3847 658 3885 τε
686 3833 779 3885 καὶ
812 3830 1108 3894 ἐνδιάθετος
1146 3831 1361 3903 θρῆνος,
1398 3832 1623 3894 κοπετὸς
1657 3831 1761 3883 ὑπὸ
1789 3829 1889 3899 τῆς

325 3926 547 3998 Γμφῆς
569 3924 909 3995 ὀνομάζεται.
953 3923 1220 3989 Ὡσαύτως
1264 3925 1320 3977 δὲ
1347 3925 1438 3977 καὶ
1469 3927 1502 3995 ή
1542 3924 1763 3995 ὄρχησις
1793 3940 1888 3993 ση-

329 4019 513 4089 μαίνει
558 4017 656 4085 τὴν
693 4017 790 4087 τῆς
841 4016 1173 4087 εὐφροσύνης
1217 4016 1481 4079 ἐπίτασιν,
1512 4015 1691 4077 καθὼς
1727 4017 1786 4067 ἐν
1809 4012 1888 4083 τῷ

330 4108 645 4179 Εὑαγγελίῳ
667 4108 728 4161 τὸ
749 4106 985 4161 τοιοῦτον
1009 4108 1302 4178 ἐμάθομεν,
1330 4110 1385 4160 ὲν
1409 4101 1488 4171 οἷς
1517 4124 1698 4176 φησιν,
1738 4124 1756 4156 ι
1787 4105 1891 4158 Ηύ-

327 4198 574 4270 λήσαμεν
595 4200 741 4268 ὑμῖν,
762 4201 855 4251 καὶ
871 4198 969 4252 οὐκ
985 4197 1324 4268 ὠρχήσασθε
1344 4197 1719 4269 ἐθρηνήσαμεν
1736 4196 1887 4265 ὑμῖν,

328 4292 426 4344 καὶ
457 4290 556 4343 οὐκ
595 4287 875 4358 ἐκόψασθε.
910 4307 927 4338 ι
969 4287 1123 4341 Οὕτω
1152 4288 1312 4357 φησὶν
1342 4290 1375 4358 ή
1403 4288 1629 4359 ἱστορία,
1660 4287 1889 4341 κοπετὸν

332 4383 432 4449 μὲν
463 4383 553 4434 ἐπὶ
590 4383 653 4451 τῇ
672 4379 995 4449 μεταστάσει
1022 4378 1115 4431 τοῦ
1146 4378 1387 4440 Μωσέως
1414 4378 1505 4430 ἐπὶ
1536 4381 1647 4441 τοῖς
1677 4379 1890 4450 Ἰσραη-

326 4470 503 4532 λίταις
529 4468 797 4537 γενέσθαι,
843 4465 1174 4538 ὀρχήσασθαι
1206 4466 1262 4518 δὲ
1288 4464 1378 4518 τὸν
1411 4464 1570 4517 Δαϐιδ
1598 4465 1694 4534 τῆς
1734 4466 1892 4518 κιϐω-

1989 3302 2138 3357 spem
2182 3288 2339 3343 nobis
2381 3288 2680 3357 reponitur.
2712 3288 2848 3356 Spes
2880 3295 3056 3340 autem
3092 3287 3299 3355 pudore
3329 3302 3436 3340 non
3469 3285 3552 3339 ah

1991 3379 2132 3443 ﬁcit,
2163 3390 2221 3433 ut
2252 3380 2386 3435 dicit
2421 3380 2718 3450 Apostolus
2748 3381 2815 3434 ".
2851 3379 3005 3445 Quod
3042 3389 3218 3433 autem
3258 3380 3548 3449 subjungi—

1990 3480 2100 3537 tur,
2126 3479 2209 3527 est
2238 3471 2402 3525 veluti
2435 3470 2681 3540 repetitio
2709 3469 2828 3539 ejus
2856 3469 2999 3540 quod
3031 3469 3184 3539 prius
3213 3469 3416 3524 dictum
3443 3480 3548 3525 est.

1990 3559 2123 3614 Nam
2167 3576 2289 3615 cum
2337 3560 2565 3615 dixisset
2609 3561 2972 3630 lacrymarum
3017 3568 3073 3613 et
3108 3558 3251 3615 risus
3284 3568 3547 3629 opportu-

1992 3653 2237 3716 nitatem,
2294 3649 2618 3720 subjunxit:
2659 3668 2677 3701 ι
2708 3646 2945 3719 Tempus
2993 3658 3077 3703 est
3121 3651 3443 3721 plangendi,
3496 3660 3549 3704 et

1992 3752 2204 3813 tempus
2247 3742 2515 3805 saltandi,
2552 3761 2568 3793 ι
2597 3742 2742 3811 quod
2787 3742 3005 3812 quidem
3048 3742 3183 3795 nihil
3231 3750 3315 3798 est
3362 3742 3547 3807 aliud,

1991 3849 2152 3904 quam
2194 3834 2543 3904 ampliﬁcatio
2582 3834 2871 3902 utriusque
2909 3849 3097 3888 eorum
3145 3848 3373 3903 quorum
3404 3834 3547 3889 facta

1990 3933 2075 3979 est
2104 3923 2326 3978 mentio.
2358 3922 2491 3975 Nam
2525 3924 2617 3992 qui
2650 3922 2810 3978 facile
2840 3930 3118 3990 movetur,
3149 3934 3202 3978 et
3235 3932 3319 3979 est
3355 3940 3418 3978 ex
3461 3926 3546 3977 in-

1992 4018 2145 4067 terna
2182 4013 2505 4077 aﬂectioue,
2548 4015 2763 4078 luctus,
2815 4029 2844 4068 a
2894 4014 3176 4084 Scriptura
3230 4016 3548 4069 nominatur

1991 4105 2246 4173 planctus
2296 4105 2363 4158 “.
2397 4103 2662 4159 Similiter
2692 4113 2872 4159 autem
2919 4113 2973 4159 et
3017 4105 3235 4159 saltatio
3280 4104 3552 4175 signiﬁcat

1992 4194 2255 4248 intensam
2289 4193 2528 4248 laetitiam
2551 4233 2565 4259 ,
2598 4194 2870 4263 quomodo
2905 4194 3196 4250 didicimus
3224 4196 3277 4249 in
3308 4194 3551 4266 Evange-

1994 4285 2091 4346 lio,
2144 4297 2269 4340 cum
2341 4286 2511 4340 dicit:
2540 4304 2558 4336 ι
2589 4282 2745 4341 Tibia
2772 4287 2931 4342 vobis
2973 4287 3310 4351 cecinimus,
3352 4298 3404 4342 et
3440 4303 3550 4342 non

1996 4377 2279 4441 saltastis;
2326 4377 2606 4431 lamentati
2640 4394 2832 4433 sumus
2868 4379 3061 4443 vobis,
3093 4389 3147 4432 et
3194 4394 3300 4432 non
3334 4379 3550 4449 planxi-

1998 4466 2097 4520 stis
2126 4464 2192 4519 ”.
2227 4484 2245 4518 ι
2274 4465 2348 4519 Ita
2379 4465 2512 4520 dicit
2551 4467 2776 4522 historia
2813 4466 2985 4524 fuisse
3016 4467 3230 4538 quidem
3273 4470 3548 4539 planctum

326 4560 425 4614 τοῦ
471 4557 944 4630 προπομπεύοντα,
971 4559 1056 4610 ὅτε
1112 4556 1278 4626 αὐτὴν
1325 4556 1389 4608 ἐκ
1427 4554 1535 4607 τῶν
1585 4551 1884 4624 ἀλλοφύλων

1996 4556 2138 4627 apud
2170 4556 2467 4623 lsraelitas,
2492 4574 2614 4612 cum
2640 4560 2900 4630 migraret
2930 4562 3169 4624 Moses‘,
3203 4563 3431 4617 saltasse
3465 4578 3553 4615 au-

326 4650 713 4720 ἀνεκομίσατο,
738 4648 812 4719 μὴ
841 4649 896 4700 ἐν
917 4648 993 4718 τῷ
1020 4648 1233 4718 συνήθει
1252 4645 1592 4715 δεικνύμενον
1624 4648 1881 4716 σχήματι.

338 4739 805 4809 ’Υποφθέγγεσθαι
866 4739 974 4810 γάρ
1032 4737 1190 4792 αὐτόν
1240 4755 1371 4809 φησι
1412 4737 1519 4790 τῶν
1559 4738 1889 4809 ἐναρμονίων

331 4831 509 4904 μελῶν
532 4831 589 4884 ἐν
608 4830 685 4901 τῷ
710 4831 950 4901 μουσικῷ
976 4831 1187 4901 ὀργάνῳ
1217 4830 1645 4900 ἀνακρουόμενον
1669 4847 1683 4860 ο
1709 4846 1893 4897 συγκι·

328 4921 539 4975 νεῖσθαι
566 4922 621 4974 δὲ
642 4922 776 4992 πρὸς
790 4921 881 4973 τὸν
912 4920 1113 4991 ῥυθμὸν
1138 4918 1212 4990 τῷ
1243 4920 1383 4981 ποδὶ,
1414 4921 1505 4973 καὶ
1536 4922 1602 4990 τῇ
1625 4920 1683 4972 ἐν
1704 4918 1892 4990 ῥυθμῷ

328 5016 542 5085 κινήσει
562 5012 655 5066 τοῦ
684 5010 929 5083 σώματος
964 5013 1061 5082 τὴν
1105 5012 1248 5064 ἔνδον
1271 5011 1611 5082 δημοσιεύειν
1634 5011 1887 5065 διάθεσιν.

343 5104 562 5175 Ἐπειδὴ
612 5103 788 5157 τοίνυν
821 5102 1037 5165 διπλοῦς
1092 5102 1190 5171 μὲν
1236 5105 1264 5156 ὁ
1295 5100 1594 5171 ἄνθρωπος,
1623 5102 1686 5155 ἐκ
1712 5101 1891 5172 ψυχῆς

326 5196 471 5263 λέγω
500 5193 590 5247 καὶ
617 5192 884 5263 σώματος,
921 5192 1080 5263 διπλῆ
1118 5192 1176 5245 δὲ
1208 5192 1344 5262 καὶὴ
1378 5190 1511 5263 ζωὴ,
1544 5190 1889 5262 καταλλήλως

326 5290 386 5339 ἐν
428 5286 585 5338 ἐκατέ
594 5302 671 5355 ρῳ
694 5285 801 5337 τῶν
825 5286 881 5335 ἐν
905 5286 1040 5355 ἡμῖν
1069 5285 1488 5355 ἐνεργουμένων,
1529 5283 1692 5338 καλὸν
1718 5282 1783 5338 ἂν
1803 5283 1889 5355 εἴη

324 5379 394 5447 τῇ
421 5379 706 5447 σωματικῇ
735 5374 849 5447 ζωῇ
880 5376 1245 5447 κοπτομένους
1262 5380 1277 5397 ·
1298 5375 1488 5428 πολλαὶ
1509 5377 1602 5429 καὶ
1630 5374 1736 5429 τῶν
1761 5375 1890 5446 θρή-

328 5486 432 5519 νων
461 5468 601 5519 κατά
632 5467 722 5519 τὸν
755 5466 865 5536 βίον
888 5466 1073 5520 τοῦτον
1096 5468 1152 5521 αἱ
1178 5467 1441 5539 ἀφορμαὶ,
1461 5468 1529 5536 τῇ
1549 5467 1696 5537 ψυχῇ
1713 5484 1890 5537 παρα-

1996 4658 2101 4702 tem
2133 4647 2388 4703 Davidem
2417 4664 2600 4704 arcam
2633 4650 2685 4703 in
2718 4665 2914 4719 pompa
2938 4652 3355 4719 praecedentem,
3387 4670 3553 4722 quau-

1997 4736 2067 4795 do
2098 4756 2216 4796 eam
2244 4742 2494 4811 repetivit
2520 4742 2588 4795 ab
2618 4741 2957 4811 alienigenis,
2990 4759 3097 4796 non
3129 4758 3195 4798 eo
3227 4744 3408 4797 habitu
3445 4760 3555 4814 quo

1997 4831 2222 4886 solebat.
2257 4830 2600 4887 Dicit’enim
2624 4848 2750 4888 eum
2790 4832 2983 4888 modos
3023 4834 3288 4889 cecinisse
3335 4836 3557 4891 harmo-

1994 4920 2183 4984 nicos,
2224 4923 2530 4992 pulsantem
2573 4922 2839 4975 musicum
2876 4924 3333 4978 instrumentum:
3367 4941 3426 4979 se
3458 4942 3553 4979 au-

1992 5022 2098 5067 tem
2134 5013 2367 5067 movisse
2397 5012 2461 5065 ad
2494 5026 2805 5077 numerum,
2838 5020 2892 5067 et
2922 5029 3211 5069 numeroso
3242 5026 3390 5069 mom
3425 5031 3555 5070 cor-

1994 5103 2142 5173 poris
2173 5103 2225 5155 in
2259 5099 2531 5172 publicum
2566 5102 2832 5157 internam
2864 5105 3155 5173 protulisse
3187 5105 3558 5161 affectionem.

1993 5190 2260 5259 Quoniam
2292 5194 2457 5262 igitur
2485 5194 2680 5264 duplex
2713 5194 2927 5263 quidem
2957 5206 3035 5251 est
3072 5196 3251 5263 homo,
3282 5206 3340 5252 ut
3365 5199 3454 5267 qui
3485 5215 3552 5252 et

1993 5288 2172 5340 anima
2203 5294 2415 5342 constet
2442 5296 2494 5341 et
2526 5302 2789 5357 corpore,
2832 5296 2885 5342 ct
2931 5292 3315 5344 convenienter
3355 5290 3551 5358 duplex

1993 5392 2207 5448 quoque
2236 5386 2318 5431 est
2345 5380 2453 5431 vita
2482 5396 2497 5443 ',
2530 5378 2583 5431 in
2614 5390 2846 5446 utroque
2870 5394 3058 5434 eorum
3090 5395 3206 5449 qua:
3235 5380 3367 5432 ﬁunt
3399 5394 3427 5430 a
3461 5396 3550 5431 no-

1992 5464 2099 5527 bis,
2138 5464 2336 5519 bonum
2373 5466 2533 5521 fuerit
2566 5468 2689 5522 vitae
2718 5482 3012 5536 corporeae,
3048 5478 3106 5522 ut
3133 5470 3223 5538 qui
3256 5470 3550 5537 plangunt,

327 5558 612 5622 σκευάζειν
647 5559 742 5627 τὴν
774 5559 1086 5627 ἐναρμόνιον
1115 5558 1359 5634 ὄρχησιν.
1385 5558 1547 5611 Ὅσον
1572 5557 1678 5628 γὰρ
1722 5557 1881 5609 πλέον

1990 5557 2187 5611 multas
2220 5556 2458 5611 luctuum
2487 5566 2539 5610 et
2567 5556 3018 5611 lamentationum
3044 5558 3101 5611 in
3132 5558 3230 5611 hac
3261 5557 3367 5609 vita
3398 5571 3552 5612 occa-

323 5648 823 5717 καταστυγνάζεται
842 5647 929 5701 διὰ
959 5649 1295 5719 κατηφείαςό
1319 5647 1451 5719 βίος,
1482 5647 1715 5718 τοσούτῳ
1748 5648 1884 5717 μᾶλ-

1988 5650 2173 5702 sioncs
2202 5654 2256 5702 et
2286 5646 2617 5705 adminicula
2650 5648 2843 5702 animae
2878 5655 3070 5717 parent
3101 5648 3166 5702 ad
3200 5663 3549 5704 numerosam

393 5832 436 5864 ’⁷
474 5830 630 5884 Rom.
666 5848 718 5898 v,
752 5832 803 5886 5.
880 5832 923 5864 ⁵⁸
958 5829 1107 5885 Matt.
1168 5846 1227 5895 ιι,
1274 5829 1360 5884 18.
1437 5831 1481 5862 ’⁵
1522 5828 1654 5885 Luc.
1680 5828 1884 5891 vn,32.

2017 5829 2171 5887 Deut.
2198 5846 2380 5894 “xw,
2414 5829 2465 5885 8.
2544 5832 2562 5861 ²
2598 5826 2639 5882 ιι
2667 5826 2795 5897 Reg.
2822 5845 2895 5892 vi,
2929 5826 3015 5880 Η.
