4044 6524
455 455 550 511 7H

1631 447 1711 510 IS.
1749 453 2078 512 GREGORII
2121 451 2414 509 NYSSENI

3591 447 3690 500 ἨΞ

455 575 817 630 saltationem.
856 569 990 625 Nam
1017 587 1128 642 quo
1165 572 1338 643 magis
1377 573 1486 626 vita
1523 587 1760 629 maerore
1804 575 2022 644 angitur

2123 574 2210 626 λον
2232 575 2287 626 al
2307 573 2406 642 τῆς
2437 569 2774 640 εὐφροσύνης
2801 567 3046 640 ἀφορμαὶ
3064 569 3128 638 τῇ
3151 567 3295 636 ψυχῇ
3329 563 3692 636 συναθροίζον-

453 674 506 720 et
543 665 908 725 contrahitur,
939 677 1006 717 eo
1037 662 1276 730 majores
1317 662 1520 715 lartitite
1551 662 1872 716 occasiones
1897 675 2028 715 con-

455 765 746 827 gregantur
779 755 832 806 in
865 755 1068 806 anima.
1107 757 1270 807 Arcta
1301 761 1355 807 et
1389 767 1582 822 aspera
1617 768 1706 808 res
1739 761 1824 808 est
1852 753 2028 807 conti-

454 849 638 902 nentia
661 885 676 908 ,
709 861 799 900 res
827 847 1006 899 tristis
1033 851 1117 898 est
1148 844 1432 900 humilitas
1453 884 1468 908 ,
1501 859 1592 898 res
1631 853 1716 898 est
1759 844 2025 898 lamenta-

449 939 582 993 bilis
625 938 885 991 damnum
929 936 1039 1006 pati
1073 953 1085 989 :
1140 935 1322 989 luctus
1349 943 1434 989 est
1462 941 1840 1002 argumentum
1865 973 1880 998 ,
1917 947 2025 988 non

449 1035 668 1080 tantum
713 1026 948 1089 habere,
991 1033 1257 1095 quantum
1307 1025 1342 1080 ii
1381 1025 1476 1093 qui
1507 1025 1844 1080 dominatum
1879 1023 2026 1078 obti-

447 1127 625 1172 nent:
659 1118 756 1172 sed
805 1119 896 1188 qui
944 1118 1185 1187 seipsum
1231 1117 1516 1178 humiliat,
1571 1117 1921 1180 exaltabitur,
1969 1121 2027 1170 et

451 1210 546 1278 qui
587 1209 641 1262 in
691 1217 1007 1277 paupertate
1044 1215 1350 1272 exercetur,
1405 1208 1786 1271 coronabitur,
1830 1215 1884 1260 et
1931 1205 2022 1276 qui

455 1303 692 1356 scatebat
726 1299 1040 1364 ulceribus,
1087 1305 1143 1354 et
1183 1298 1243 1352 in
1285 1298 1539 1352 omnibus
1578 1298 1902 1352 ostendebat
1937 1298 2024 1351 vi-

455 1401 563 1444 tam
593 1391 812 1460 dignam
844 1403 965 1460 quae
995 1389 1292 1460 lugeretur,
1328 1389 1571 1457 quiescet
1605 1389 1662 1442 in
1697 1389 1819 1443 sinu
1853 1388 2027 1442 Abra-

453 1483 553 1534 hae.
593 1481 649 1534 In
681 1497 790 1551 quo
819 1497 922 1536 nos
965 1493 1184 1550 quoque
1231 1481 1431 1544 simus,
1483 1478 1860 1534 misericordia
1903 1480 2024 1550 ejus

453 1575 544 1641 qui
581 1587 685 1626 nos
715 1580 898 1626 servat
923 1611 938 1635 ,
970 1569 1099 1626 Jesu
1133 1571 1338 1626 Christi
1369 1588 1383 1636 ;
1416 1571 1500 1624 cui
1536 1571 1707 1641 gloria
1743 1572 1796 1625 in
1823 1571 2023 1626 saecula

456 1665 806 1718 saeculorum.
845 1665 1038 1718 Amen.

1015 1749 1296 1807 IIOMILIA
1341 1751 1454 1808 VII.

531 1865 551 1898 ι
583 1845 822 1914 Tempus
856 1844 1094 1914 jaciendi
1137 1844 1364 1914 lapides.
1393 1855 1446 1898 et
1473 1850 1693 1914 tempus
1727 1844 2018 1915 colligendi

2129 683 2236 720 ται.
2289 665 2520 732 Στυγνδν
2557 665 2590 733 ἡ
2639 663 2930 732 ἐγκράτεια
2953 676 2967 690 ·
2993 658 3234 729 κατηφὲς
3263 660 3297 728 ή
3327 657 3652 720 ταπείνωσις
3671 675 3688 690 ο

2128 758 2320 830 θρῆνος
2367 756 2428 808 τὸ
2453 753 2779 825 ζημιοῦσθαι
2798 767 2811 784 ⁸
2849 750 3078 813 πένθους
3109 749 3362 812 ὑπόθεσις
3386 748 3447 802 τὺ
3479 748 3554 819 μὴ
3581 749 3691 802 ῖοον

2127 852 2263 923 πρὸς
2291 853 2418 914 τοὺς
2445 847 2774 922 κρατοῦντας
2795 848 2936 917 ἔχειν
2962 863 2976 876 ν
3003 844 3117 898 ἀλλ’
3137 845 3165 896 ὁ
3181 842 3452 896 ταπεινῶν
3479 841 3687 904 ἑαυτὸν.

2128 943 2490 1014 ὑψωθήσεται,
2535 943 2628 995 καὶ
2667 943 2696 994 ὁ
2733 937 2968 992 ἐναθλῶν
2994 939 3058 1008 τῇ
3089 935 3249 1006 πενίᾳ
3287 932 3692 1003 στεφανωθήσε-

2125 1048 2233 1098 ται,
2257 1035 2351 1086 καὶ
2380 1035 2407 1086 ὁ
2429 1035 2539 1096 τοῖς
2575 1033 2755 1085 ἕλκεσι
2801 1030 2979 1102 βρύων
3015 1029 3106 1082 καὶ
3123 1027 3209 1082 διὰ
3241 1026 3455 1082 πάντων
3489 1026 3688 1097 θρήνου

2125 1125 2272 1198 ἀξιον
2294 1126 2386 1178 τὸν
2437 1124 2625 1178 ἑαυτοῦ
2657 1123 2768 1194 βίον
2791 1119 3248 1195 ἐπιδεικνύμενος,
3275 1118 3354 1188 τῷ
3385 1117 3565 1186 κόλπῳ
3593 1115 3688 1170 τοῦ

2124 1218 2468 1289 Πατριάρχου
2491 1214 2934 1270 ὲναναπαύσεται.
2953 1205 3094 1278 Ἑνῷ
3113 1211 3206 1264 καὶ
3223 1212 3384 1280 ἡμεῖς
3401 1206 3687 1277 γενοίμεθα

2123 1308 2200 1378 τῷ
2235 1309 2372 1362 ἐλέει
2412 1305 2506 1360 τοῦ
2558 1307 2816 1370 σώζοντος
2863 1304 3010 1374 ἡμᾶς
3059 1301 3230 1372 Ἰησοῦ
3267 1297 3523 1371 Χριστοῦ·
3565 1289 3610 1364 ᾧ
3651 1298 3687 1368 ἠ

2123 1400 2250 1466 δόξα
2305 1401 2396 1455 καὶ
2446 1399 2505 1454 τὸ
2552 1401 2750 1472 κράτος
2788 1400 2868 1462 είς
2911 1397 3036 1460 τοὺς
3081 1395 3278 1458 αἰῶνας
3320 1395 3427 1447 τῶν
3455 1391 3681 1446 αἰώνων.

2133 1495 2192 1548 Ἀ
2201 1496 2274 1566 μή
2281 1512 2328 1547 ν.

2721 1765 2966 1821 ΟΜΙᾹῙΑ
3005 1767 3075 1820 Ζ¹.

2196 1879 2216 1913 ι
2241 1859 2443 1933 Καιρδς
2463 1861 2554 1916 τοῦ
2581 1861 2758 1932 βαλεῖν
2777 1859 2977 1922 λίθους,
3000 1857 3093 1910 καὶ
3117 1855 3306 1926 καιρὸς
3331 1845 3426 1908 τοῦ
3455 1863 3684 1922 συναγα-

453 1938 679 2009 lapides.
711 1957 730 1988 ›
757 1936 858 1991 Per
887 1951 948 1991 ea
980 1951 1100 2006 quae
1132 1937 1372 1991 ostendit
1395 1977 1408 1998 .
1443 1935 1758 1990 auditorum
1788 1937 1902 2006 jam
1939 1938 2020 1991 vi-

2123 1955 2237 2022 γεῖν
2289 1953 2489 2016 λίθους.
2533 1973 2550 2004 ι
2579 1950 2823 2020 Ηῦξησεν
2861 1949 2958 2020 ήδη
3007 1947 3074 2001 δι’
3126 1939 3201 2000 ὧν
3244 1945 3408 2010 ἔδειξε
3453 1945 3550 2015 τὴν
3579 1945 3683 1998 τῶν

452 2047 542 2084 res
575 2031 726 2084 auxit
756 2030 1252 2084 ecclesiasticarum
1285 2029 1566 2098 copiarum
1609 2029 1926 2098 praefectus,
1959 2039 2018 2084 ut

453 2133 506 2176 et
532 2124 644 2192 jam
673 2124 886 2192 possint
913 2120 1078 2176 ferire
1111 2120 1462 2174 adversarios
1483 2163 1498 2186 ,
1529 2129 1582 2176 et
1611 2137 1672 2176 ea
1701 2137 2018 2190 comparare
2043 2147 2050 2152 -

451 2231 574 2286 quae
606 2225 733 2271 sunt
768 2215 889 2268 usui
920 2213 985 2266 ad
1031 2211 1356 2266 feriendum.
1399 2211 1472 2265 Ea
1514 2213 1659 2266 enim
1704 2227 1824 2281 qme
1865 2213 2016 2283 prius

453 2308 780 2368 didicimus,
817 2321 882 2360 ex
912 2320 979 2360 eo
1005 2303 1146 2374 quod
1182 2305 1436 2361 omnibus
1475 2305 1692 2376 adaptet
1735 2321 1853 2360 eam
1897 2321 2020 2377 quae

453 2409 536 2456 est
561 2415 626 2454 ex
656 2407 902 2468 tempore
926 2409 1242 2451 mensuram
1265 2435 1280 2459 ,
1311 2403 1363 2449 et
1392 2411 1511 2451 eam
1545 2411 1666 2465 qua
1693 2405 1779 2452 est
1806 2396 1861 2450 in
1895 2397 2019 2450 uni-

451 2509 614 2548 verso
645 2491 1104 2562 opportunitatem
1127 2530 1141 2553 ,
1179 2488 1304 2544 boni
1339 2495 1394 2544 et
1429 2488 1645 2543 honesti
1690 2491 2020 2544 constituere

448 2585 689 2654 judicem
718 2585 896 2639 edocti
932 2597 1155 2644 snmus,
1190 2583 1254 2636 ad
1291 2582 1431 2636 hanc
1476 2597 1579 2636 nos
1617 2581 1890 2636 deducunt
1935 2581 2017 2636 ia-

453 2679 709 2732 cultatem
727 2717 740 2740 ,
767 2685 824 2731 ut
849 2676 1185 2745 intelligatur
1211 2676 1405 2729 anima:
1429 2684 1630 2729 nostra:
1651 2689 1773 2729 esse
1801 2673 2016 2743 aliquod

451 2771 733 2824 brachium
755 2808 770 2834 ,
801 2779 854 2824 et
885 2777 1032 2823 recta
1059 2769 1342 2823 mittamus
1379 2765 1587 2837 lapides
1631 2767 1724 2836 qui
1767 2764 2018 2820 occidant

452 2863 727 2926 inimicos,
753 2869 806 2916 et
826 2877 1019 2916 rursus
1043 2876 1136 2916 eos
1155 2875 1476 2915 revocemus
1498 2899 1513 2922 ,
1545 2859 1610 2912 ad
1642 2872 2020 2927 quemcunque

456 2953 664 3008 hostem
689 2953 984 3022 jecerimus
1003 2992 1018 3014 ,
1048 2952 1114 3006 ad
1147 2951 1250 3006 hoc
1285 2961 1343 3004 ut
1371 2965 1586 3019 semper
1615 2949 1833 3003 eosdem
1864 2945 2020 3016 jacu-

455 3047 628 3102 lemur
657 3045 710 3099 in
742 3045 1137 3100 adversarium.
1165 3043 1342 3111 Atque
1378 3043 1414 3096 ii
1455 3041 1672 3111 quidem
1713 3039 1808 3110 qui
1846 3040 2017 3094 solam

449 3139 735 3192 intuentur
763 3137 996 3192 litteram
1023 3175 1038 3199 ,
1065 3145 1117 3190 et
1142 3135 1207 3188 ad
1234 3149 1455 3190 sensum
1484 3133 1573 3202 qui
1600 3140 1682 3187 est
1709 3133 1774 3185 ad
1801 3145 2016 3184 manum

453 3235 665 3282 tantum
683 3227 998 3288 advertunt.
1017 3225 1510 3280 accommodahnnt
1529 3224 1696 3294 legem
1715 3222 1880 3277 Mosis
1893 3238 2020 3291 pra:-

453 3321 702 3376 sentibus
735 3321 918 3375 verbis
938 3359 952 3382 ,
977 3320 1030 3373 in
1062 3334 1166 3388 qua
1197 3319 1281 3373 lex
1309 3319 1463 3388 jubet
1490 3317 1674 3387 jacere
1701 3315 1906 3384 lapides
1926 3355 1940 3378 ,
1971 3315 2016 3368 si
2047 3301 2088 3359 C

453 3413 730 3482 quidpiam
767 3412 1118 3466 inveniantur
1149 3411 1314 3478 aliqui
1348 3409 1666 3477 delinquere
1712 3409 1766 3462 in
1817 3409 2016 3478 legem,

454 3503 598 3556 sicut
639 3511 694 3554 et
727 3515 828 3555 nos
869 3516 965 3570 per
1009 3502 1178 3570 ipsam
1214 3499 1504 3554 didicimus
1542 3497 1824 3552 historiam
1848 3537 1862 3558 .
1909 3506 2016 3550 tam

454 3594 508 3648 in
539 3594 606 3648 iis
631 3593 724 3662 qui
760 3600 986 3661 peccant
1019 3591 1284 3646 adversus
1314 3590 1610 3644 Sabbatum
1634 3631 1648 3653 ,
1675 3603 1838 3658 quam
1871 3591 1924 3642 in
1955 3603 2019 3642 eo

453 3685 548 3753 qui
583 3699 739 3739 sacra
777 3691 862 3738 est
900 3683 1197 3736 sulluratus
1221 3724 1235 3746 ,
1272 3690 1326 3734 et
1361 3683 1412 3734 in
1447 3681 1570 3736 aliis
1604 3679 1824 3735 delictis
1848 3719 1862 3742 ,
1897 3695 2017 3749 quae

454 3777 540 3830 lex
572 3775 740 3844 jussit
791 3775 974 3843 puniri
1025 3773 1316 3843 lapidibus.
1352 3771 1463 3844 Ego
1497 3781 1709 3836 autem,
1743 3771 1788 3826 si
1824 3785 2018 3842 cogere

455 3867 664 3937 lapides
709 3874 1072 3935 opportunum
1121 3865 1325 3919 faceret
1367 3863 1763 3926 Ecclesiastes,
1797 3861 1864 3917 de
1911 3878 2018 3932 quo

453 3959 538 4012 lex
571 3957 703 4010 nihil
734 3957 885 4025 jubet
909 3996 922 4018 ,
954 3971 1131 4024 neque
1175 3955 1282 4009 ulla
1323 3971 1388 4010 ex
1421 3955 1650 4011 historia
1683 3957 1827 4010 actio
1855 3955 2018 4010 refert

456 4050 633 4104 simile
653 4088 667 4112 ,
699 4049 766 4102 iis
797 4049 1096 4102 assentircr
1121 4048 1214 4116 qui
1241 4047 1406 4100 verba
1431 4061 1528 4117 per
1551 4047 1718 4116 legem
1747 4047 2016 4116 interpre-

451 4149 659 4206 tantur,
693 4140 836 4211 quod
871 4140 1080 4195 scilicet
1112 4147 1246 4192 tunc
1280 4139 1350 4192 sit
1381 4147 1593 4207 tempus
1621 4137 1854 4208 jaciendi
1880 4139 2016 4208 lapi-

455 4233 577 4296 des,
607 4233 825 4302 quando
859 4231 1127 4300 quispiam
1153 4231 1233 4282 vel
1255 4229 1486 4300 deliquit
1516 4230 1778 4286 adversus
1813 4232 2020 4285 Sabha-

451 4333 571 4377 tum
595 4362 609 4385 ,
639 4323 721 4378 vel
749 4323 973 4376 abstulit
1003 4320 1208 4389 aliquid
1238 4337 1426 4374 eorum
1456 4339 1575 4390 quae
1599 4333 1724 4377 sunt
1747 4323 2014 4378 dedicata.

455 4411 614 4469 Nunc
661 4421 841 4467 autem
897 4411 1135 4480 adjectio
1186 4411 1306 4478 ejus
1348 4411 1492 4480 quod
1531 4421 1778 4480 oporteat
1827 4429 2018 4467 rursus

455 4519 651 4574 rogere
683 4502 888 4572 lapides
909 4543 924 4563 .
959 4502 1106 4570 quod
1138 4502 1355 4570 quidem
1393 4503 1540 4556 nulla
1569 4505 1682 4574 lege
1715 4511 1797 4558 est
1827 4504 2018 4558 deﬁni-

457 4603 572 4648 tum
593 4635 607 4656 ,
641 4608 742 4647 nos
772 4593 922 4646 ducit
955 4591 1021 4645 ad
1053 4593 1218 4644 alium
1249 4607 1488 4646 sensum.
1529 4592 1810 4647 Diseamus
1837 4605 2014 4648 autem
2049 4633 2094 4690 υ

457 4685 760 4754 eujusmodi
792 4687 862 4737 sit
889 4683 992 4737 hoc
1021 4699 1192 4752 genus
1223 4683 1482 4752 lapidum,
1502 4685 1645 4754 quod
1667 4694 1786 4756 post
1811 4685 2014 4754 jactum

455 4793 650 4832 rursus
683 4784 859 4846 potest
885 4775 1150 4846 possideri
1185 4777 1252 4831 ab
1281 4793 1344 4831 eo
1377 4777 1467 4848 qui
1500 4779 1748 4846 projecit.

525 4863 816 4933 Postquam
873 4864 1019 4917 enim
1069 4864 1272 4934 lapides
1317 4866 1371 4919 in
1414 4877 1653 4936 tempore
1695 4868 2010 4936 jecerimus.

455 4969 648 5008 rursus
680 4969 774 5008 eos
804 4969 999 5023 cogere
1033 4955 1292 5010 docemur
1326 4957 1378 5010 in
1430 4969 1690 5028 tempore.
1731 4959 1858 5013 lilihi
1888 4975 2016 5030 ergo

455 5047 672 5100 videtur
696 5059 804 5099 non
841 5047 976 5101 satis
1010 5047 1315 5104 sublimiter
1362 5049 1606 5119 accipere
1661 5051 1830 5120 legem
1869 5053 1920 5106 in
1952 5069 2016 5107 eo

457 5153 618 5190 sensu
653 5137 744 5206 qui
792 5145 876 5193 est
916 5138 984 5192 ad
1033 5155 1271 5193 manum.
1311 5140 1446 5204 Ouid
1491 5142 1636 5194 enim
1677 5159 1931 5214 magnum
1963 5153 2016 5199 et

455 5228 600 5296 quod
645 5227 812 5282 Deum
857 5229 1064 5290 deceat.
1098 5243 1319 5300 apparet
1353 5233 1404 5285 in
1438 5233 1584 5287 nudo
1629 5250 1790 5289 sensu
1825 5251 2010 5290 eorum

453 5335 574 5388 qua:
599 5320 800 5390 scripta
833 5321 995 5374 sunt?
1030 5319 1086 5375 Si
1135 5324 1262 5392 quis
1311 5325 1679 5393 deprehensus
1713 5339 1856 5382 esset
1900 5343 2018 5381 sar-

453 5417 694 5463 mentum
725 5411 988 5482 colligens
1015 5409 1279 5474 Sabbato,
1309 5423 1591 5484 pr0pterea
1615 5419 1898 5486 oportebat
1921 5419 2019 5472 h0-

455 5497 653 5553 minem
697 5499 856 5553 obrui
892 5501 1163 5570 lapidibus
1187 5501 1228 5566 ³,
1271 5517 1394 5556 cum
1425 5505 1572 5558 nulla
1609 5505 1806 5576 injuria
1847 5523 2018 5580 appa-

455 5599 570 5642 rrat
601 5591 654 5644 in
695 5590 934 5646 delicto?
974 5592 1145 5656 Quam
1179 5594 1322 5648 enim
1368 5594 1570 5651 fecerat
1599 5597 1876 5668 injuriam,
1913 5601 2017 5653 ali-

455 5697 592 5749 quas
615 5682 854 5739 festucas
875 5699 1007 5740 casu
1027 5685 1280 5756 disjectas
1304 5703 1397 5760 per
1417 5689 1768 5748 solitudinem
1790 5693 1856 5748 ad
1877 5693 2016 5765 ignis

520 5851 554 5892 ⁸
579 5855 734 5922 Num.
766 5881 850 5926 sv.
875 5869 942 5922 Si!
961 5885 1059 5938 sqq

2124 2045 2421 2098 ἀκουόντων
2451 2044 2601 2114 ίσχὺν
2633 2043 2660 2095 ὁ
2684 2043 2780 2110 τῆς
2804 2037 3258 2109 ἐκκλησιαστικῆς
3283 2031 3561 2105 δυνάμεως
3588 2053 3682 2087 τα-

2127 2135 2362 2208 ξίαρχος,
2398 2135 2538 2188 ὥστε
2575 2135 2670 2188 καὶ
2717 2132 2896 2202 βαλεῖν
2942 2129 3196 2183 δύνασθαι
3244 2129 3368 2191 τοὺς
3402 2127 3680 2180 ἀντιτετα-

2125 2227 2379 2296 γμένους,
2399 2225 2493 2278 καὶ
2513 2223 2610 2288 τάς
2635 2223 2716 2286 εἰς
2737 2223 2797 2275 τὸ
2825 2221 3005 2292 βαλεῖν
3040 2217 3390 2291 παρασκευὰς
3421 2217 3683 2288 συμπορμ

2124 2313 2331 2382 ζεσθαι.
2365 2317 2432 2368 Ἀ
2459 2315 2565 2388 γὰρ
2589 2311 3111 2387 προεπαιδεύθημεν,
3139 2311 3204 2364 δι’
3243 2303 3318 2364 ὧν
3341 2311 3502 2362 πᾶσιν
3523 2309 3684 2379 ἔφαρι

2127 2407 2310 2477 μύζειν
2341 2407 2402 2460 τὸ
2437 2408 2501 2460 ὲκ
2531 2407 2624 2459 τοῦ
2675 2407 2864 2477 χρόνου
2911 2405 3130 2477 μέτρον,
3171 2405 3264 2458 καὶ
3293 2405 3390 2474 τὴν
3425 2405 3480 2456 ὲν
3525 2403 3683 2456 παντὶ

2123 2497 2405 2570 εὐκαιρίαν
2431 2497 2697 2550 ποιεῖσθαι
2727 2497 2819 2550 τοῦ
2847 2495 3010 2550 καλοῦ
3041 2496 3320 2568 κριτήριον
3359 2491 3682 2564 μεμαθήκα-

2129 2607 2246 2660 μεν,
2275 2593 2354 2654 εἰς
2375 2590 2578 2661 ταύτην
2599 2591 2747 2660 ἡμᾶς
2775 2591 2896 2658 ἄγει
2917 2589 3015 2658 τὴν
3038 2588 3286 2656 δύναμιν,
3321 2585 3460 2639 ὥστε
3489 2583 3682 2654 νοηθῆ-

2124 2680 2210 2732 ναί
2237 2697 2360 2734 τινα
2384 2681 2538 2751 ήμῶν
2567 2681 2662 2751 τῆς
2687 2679 2864 2750 ψυχῆς
2893 2679 3172 2750 βραχίονα,
3196 2678 3289 2731 καὶ
3319 2677 3459 2732 κατά
3481 2675 3682 2730 σκοποῦ

2126 2773 2364 2843 πέμπειν
2407 2773 2532 2836 τοὺς
2560 2772 2936 2842 ἀναιρετικοὺς
2973 2770 3064 2823 τοῦ
3105 2767 3300 2840 ἐχθροῦ
3339 2767 3552 2830 λίθους,
3589 2767 3683 2819 καὶ

2126 2863 2286 2916 πάλιν
2311 2862 2696 2917 ἀνακαλεῖσθαι
2724 2861 2941 2924 τούτους
2967 2863 3046 2923 εἰς
3068 2855 3178 2913 οἷον
3214 2858 3280 2912 ἂν
3305 2857 3398 2911 τὸν
3429 2857 3683 2926 πολέμιον

2126 2953 2373 3025 βάλωμεν
2397 2956 2476 3018 είς
2509 2955 2568 3007 τὸ
2593 2955 2677 3006 ἀεὶ
2711 2953 2797 3007 διὰ
2827 2953 2935 3007 τῶν
2967 2952 3142 3006 αὐτῶν
3166 2948 3568 3014 κατακοντίζειν
3591 2938 3683 3000 τδν

2123 3045 2514 3115 ἀντικείμενον.
2553 3047 2615 3096 Οί
2650 3045 2747 3114 μὲν
2773 3039 2865 3097 οὖν
2894 3043 3028 3114 πρὸς
3055 3041 3112 3095 τὸ
3141 3043 3372 3112 γράμμα
3399 3039 3684 3110 βλέποντες

2129 3137 2304 3208 μόνον,
2340 3137 2431 3190 καὶ
2469 3139 2534 3208 τῇ
2583 3137 2858 3208 προχείρῳ
2902 3135 3296 3206 παριστάμενοι
3329 3133 3534 3204 διανοίᾳ
3568 3131 3681 3185 τῶν

2125 3229 2428 3299 εἰρημένων
2447 3269 2461 3292 ,
2507 3229 2597 3282 τὸν
2623 3229 2864 3291 Μωσέως
2890 3227 3050 3296 νόμον
3074 3228 3204 3290 ἴσως
3234 3225 3465 3294 παροῦσι
3497 3227 3684 3296 ῥητοῖς

2120 3323 2542 3392 ἐφαρμόσουσιν,
2589 3321 2671 3389 ἐφ’
2708 3321 2765 3373 ὃν
2817 3321 3145 3391 προστάσσει
3187 3321 3216 3372 ὁ
3259 3318 3422 3388 νόμος
3470 3316 3682 3386 βάλλειν

2120 3412 2320 3474 λίθους,
2351 3411 2404 3464 εἷ
2433 3427 2484 3463 τι
2515 3409 2950 3482 παρανομοῦντες
2982 3410 3318 3481 εὑρίσκοιντο
3337 3452 3351 3474 ,
3376 3405 3464 3461 οἷα
3497 3407 3560 3478 δὴ
3587 3407 3682 3459 καὶ

2119 3503 2184 3555 δι’
2222 3501 2391 3570 αὐτῆς
2426 3503 2820 3573 μεμαθήκαμεν
2845 3502 2942 3572 τῆς
2983 3501 3240 3572 ἱστορίας,
3271 3500 3361 3551 ἐπί
3388 3517 3445 3552 τε
3467 3499 3573 3552 τῶν
3601 3500 3682 3561 είς

2119 3593 2178 3644 τὺ
2201 3591 2463 3644 σάϐϐατον
2486 3591 2981 3663 ἐξαμαρτανόντων,
3017 3593 3110 3645 καὶ
3139 3591 3232 3644 τοῦ
3263 3591 3330 3643 τὰ
3359 3589 3477 3661 ἱερά
3497 3587 3684 3643 κεκλο-

2121 3685 2297 3751 φότος,
2327 3683 2419 3736 καὶ
2463 3685 2554 3735 ἐπὶ
2593 3684 2699 3735 τῶν
2737 3683 2909 3738 ἄλλων
2943 3682 3430 3752 πλημμελημάτων
3471 3677 3553 3743 οἷς
3578 3680 3678 3750 τὴν

2117 3776 2204 3828 διὰ
2237 3775 2344 3828 τῶν
2383 3776 2545 3828 λίθων
2577 3775 2844 3846 τιμωρίαν
2873 3779 2900 3828 ὁ
2931 3775 3092 3844 νόμος
3121 3773 3424 3838 tremit-2v.-
3457 3770 3596 3841 Ἐγὼ
3621 3767 3679 3825 at

2118 3869 2165 3919 εἰ
2197 3868 2287 3920 καὶ
2317 3867 2376 3919 τὸ
2409 3869 2733 3934 συναγαγεῖν
2770 3867 2949 3929 λίθους
2977 3865 3232 3936 εῦκαιρον
3277 3865 3304 3916 ὁ
3357 3863 3680 3932 Ἐκκλησιαο

2121 3959 2250 4028 στῆς
2292 3961 2545 4018 ἐποιεῖτο,
2597 3959 2723 4027 περί
2777 3949 2837 4008 οῦ
2871 3957 3034 4024 νόμος
3076 3955 3250 4018 οὐδεὶς
3293 3953 3674 4023 ἐγκελεύεται,

2119 4049 2238 4103 οὕτε
2269 4051 2364 4121 τῆς
2390 4049 2627 4120 ἱστορίας
2671 4049 2866 4119 πρᾶξιν
2901 4045 3185 4118 ὑφηγεῖται
3233 4047 3290 4099 τὸ
3323 4047 3527 4117 ὅμοιον,
3558 4063 3680 4099 συν-

2119 4143 2320 4213 εθέμην
2351 4143 2415 4195 ἂν
2439 4145 2550 4204 τοῖς
2571 4141 2659 4194 διὰ
2685 4141 2777 4194 τοῦ
2801 4139 2965 4210 νόμου
2995 4139 3055 4190 τὸ
3079 4137 3238 4208 ῥητὸν
3267 4137 3677 4209 ἑρμηνεύουσιν.

2117 4235 2192 4298 ὡς
2217 4236 2334 4288 τότε
2359 4235 2507 4296 ὄντος
2536 4233 2726 4304 καιροῦ
2755 4232 2932 4300 βαλεῖν
2955 4230 3154 4295 λίθους,
3177 4231 3301 4283 ὅταν
3320 4247 3404 4291 τις
3431 4229 3465 4300 ἢ
3501 4245 3680 4299 παρα-

2119 4327 2254 4395 νομή
2265 4341 2331 4397 σῃ
2357 4325 2414 4377 τὸ
2441 4323 2724 4389 σάϐϐατον,
2745 4324 2777 4392 ἦ
2800 4340 2852 4374 τι
2875 4321 2982 4374 τῶν
3011 4320 3372 4374 ἀνατεθέντων
3397 4319 3676 4390 ὑφέληται.

2118 4417 2254 4471 Νυνὶ
2283 4419 2390 4488 δὲή
2424 4415 2704 4486 προσθήκη
2738 4413 2830 4466 τοῦ
2859 4413 2967 4465 δεῖν
2999 4411 3158 4465 πάλιν
3191 4411 3515 4478 συναγαγεῖν
3555 4411 3680 4472 τοὺς

2119 4513 2318 4574 λίθους,
2349 4512 2481 4580 ὅπερ
2510 4508 2683 4560 οὐδενὶ
2713 4506 2858 4574 νόμῳ
2881 4503 3195 4574 διώρισται,
3223 4503 3302 4564 είς
3329 4502 3495 4570 ἀλλην
3530 4497 3680 4571 ἡμᾶς

2120 4603 2241 4670 ἄγει
2299 4601 2536 4654 διάνοιαν
2561 4615 2574 4627 ⁸
2621 4597 2876 4668 μάθωμεν
2907 4597 3088 4646 ὁποῖον
3125 4592 3281 4646 τοῦτο
3337 4593 3478 4658 γένος
3517 4591 3680 4644 λίθων

2121 4696 2287 4756 ἐστὶν,
2319 4695 2346 4746 ὃ
2370 4691 2505 4764 μετὰ
2534 4691 2628 4761 τὴν
2655 4688 2808 4759 βολὴν
2837 4687 2994 4738 πάλιν
3025 4683 3209 4754 κτῆμα
3235 4683 3328 4735 τοῦ
3361 4681 3679 4754 προϊεμένου

2121 4783 2362 4852 γίνεσθαι
2397 4783 2519 4853 χρὴ.

2206 4874 2454 4928 Ἐπειδὰν
2482 4874 2589 4941 γάρ
2622 4870 2872 4942 βάλωμεν
2915 4867 3055 4921 κατά
3090 4867 3278 4937 καιρὸν
3307 4867 3433 4930 τοὺς
3467 4863 3676 4928 λίθους,

2124 4965 2280 5018 πάλιν
2309 4963 2631 5030 συναγαγεῖν
2647 4959 2838 5020 αὐτοὺς
2863 4959 2919 5011 ὲν
2947 4956 3118 5026 καιρῷ
3139 4955 3512 5025 διδασκόμεθα.
3531 4953 3682 5025 Ἐμοὶ

2126 5055 2223 5128 μὲν
2253 5051 2344 5108 οὖν
2372 5053 2516 5107 δοκεῖ
2538 5051 2668 5122 μηδὲ
2689 5051 2780 5103 τὸν
2803 5049 2964 5118 νόμον
2995 5047 3166 5109 οῦτως
3185 5047 3402 5117 ὑψηλῶς
3429 5046 3566 5100 κατά
3583 5047 3682 5118 τὴν

2124 5145 2411 5216 πρόχειρον
2452 5145 2658 5197 ἔννοιαν
2705 5137 3083 5210 ἐκλαμϐάνειν.
3135 5139 3200 5190 Τί
3239 5138 3345 5208 γὰρ
3381 5137 3681 5208 θεοπρεπὲς

2124 5237 2216 5291 καὶ
2262 5237 2404 5306 μέγα
2433 5237 2497 5305 τῇ
2525 5234 2649 5304 ψιλῇ
2683 5231 2887 5302 διανοίᾳ
2915 5231 3023 5283 τῶν
3048 5229 3450 5300 γεγραμμένων
3479 5228 3679 5298 ἐμφαί-

2121 5345 2268 5380 νεται
2301 5343 2314 5390 ;
2345 5328 2406 5380 Εἰ
2445 5325 2906 5396 φρυγανιζόμενός
2939 5339 3022 5383 τις
3051 5319 3194 5374 ὲάλω
3223 5320 3363 5373 κατά
3381 5319 3441 5372 τὸ
3477 5319 3681 5372 σάϐϐα-

2119 5435 2230 5480 τον,
2277 5418 2365 5470 διά
2404 5417 2561 5470 τοῦτο
2605 5413 3033 5483 καταλευσθῆναι
3078 5411 3168 5464 τὸν
3214 5410 3498 5480 ἄνθρωπον
3529 5409 3638 5462 ἔδει
3665 5449 3680 5470 ,

2125 5511 2391 5581 μηδεμιᾶς
2423 5509 2632 5570 ἀδικίας
2664 5509 2720 5559 ὲν
2751 5505 2828 5576 τῷ
2859 5504 3284 5575 πλημμελήματι
3317 5502 3680 5572 φαινομένης;

2122 5603 2186 5656 Τί
2225 5601 2334 5674 γάρ
2366 5603 2539 5670 ¹ήδίκει
2571 5599 2694 5652 τινά
2720 5599 2901 5669 κάρφη
2937 5599 3076 5650 κατά
3103 5595 3166 5649 τὺ
3200 5595 3412 5664 συμϐάν
3439 5593 3680 5664 διερριμ-

2127 5693 2260 5764 μένα
2303 5692 2442 5745 κατά
2481 5692 2577 5761 τὴν
2619 5690 2820 5761 ἔρημον
2855 5689 2988 5760 πρὸς
3017 5687 3114 5758 τὴν
3145 5685 3238 5740 τοῦ
3280 5686 3450 5757 πυρὸς
3495 5683 3680 5755 χρείαν
