4110 6454
327 404 429 459 71⁸5

1387 398 1456 454 ΙΝ
1485 395 2035 461 ECCLESIASTEN.
2077 396 2363 452 ιιοιιιιιΑ
2404 396 2517 452 V'll.

3482 404 3579 457 7H

326 508 828 582 συγκομιζόμενος;
868 507 944 564 Οὐ
991 509 1103 582 γάρ
1139 508 1201 563 τὺ
1230 509 1514 584 ἀλλότριον
1546 510 1900 583 ἀφαιρεῖσθαι

2022 510 2322 568 ilimentum
2371 514 2712 583 apportans?
2766 515 2886 571 Non
2915 516 3060 572 enim
3106 532 3406 575 accusatur
3437 522 3579 589 quod

326 605 735 675 κατηγορεῖται,
768 602 909 655 ὥστε
935 602 1111 656 δοκεῖν
1141 602 1381 672 εὐλόγως
1412 604 1511 675 τὴν
1550 605 1764 658 ἀδικίαν
1808 621 1903 656 κο-

325 694 610 759 λάζεσθαι,
640 694 776 747 ἀλλά
804 694 866 747 τὸ
892 697 1044 765 κοινῇ
1078 696 1213 747 πᾶσι
1256 696 1618 766 προκείμενον
1644 695 1792 765 αύτῷ
1822 693 1906 748 αε-

324 805 442 841 τιον
462 787 671 857 γίνεται
689 786 788 857 τῆς
821 786 929 839 τῶν
961 785 1125 839 λίθων
1160 786 1343 858 βολῆς.
1389 788 1528 841 Ἀλλ’
1558 790 1641 841 ὅτι
1675 790 1733 841 ὲν
1764 786 1906 840 Σαδ-

330 880 481 952 6άτῳ
513 880 672 935 τούτο
702 880 951 951 ἐποίησε,
975 879 1065 933 διὰ
1094 880 1254 933 τοῦτο
1287 880 1363 944 ὡς
1387 880 1712 952 κακουργῶν
1739 896 1908 934 καταο

330 974 594 1046 κρίνεται.
636 972 731 1036 Τίς
754 974 854 1026 οὐκ
889 970 1053 1037 οἶδεν,
1085 973 1167 1025 ὅτι
1210 973 1322 1025 τῶν
1346 972 1647 1044 γινομένων
1677 973 1908 1026 ἕκαστον

327 1071 395 1139 τῇ
422 1066 528 1138 ἰδίᾳ
558 1065 803 1137 κρίνεται
835 1065 1016 1134 φύσει,
1043 1065 1155 1119 εἴτε
1182 1065 1374 1130 κακὸν,
1411 1065 1523 1119 εἴτε
1553 1065 1627 1137 μὴ
1668 1065 1910 1119 τοιοῦτόν

329 1162 509 1223 ὲστιν;
546 1160 606 1212 '0
631 1158 687 1211 δὲ
714 1158 905 1229 χρόνος
942 1157 1062 1211 καθ’
1090 1157 1150 1211 ὃν
1178 1160 1483 1230 ἐνεργεῖται
1516 1159 1738 1230 πρᾶξις,
1774 1158 1910 1225 ἔξω·

330 1249 423 1303 θεν
470 1250 574 1320 τῆς
616 1248 710 1303 τοῦ
745 1249 1028 1323 γινομένου
1065 1250 1281 1319 φύσεως
1332 1249 1640 1320 θεωρεῖται.
1696 1250 1762 1303 Τί
1802 1250 1912 1321 γὰρ

328 1342 509 1395 κοινὸν
541 1341 653 1412 ἔχει
692 1340 753 1394 τὸ
787 1341 1037 1413 χρονικδν
1072 1342 1368 1411 διάστημα,
1415 1342 1551 1412 πρὸς
1580 1342 1641 1395 τὸ
1679 1344 1744 1395 ἐκ
1776 1359 1913 1413 προσ

330 1435 598 1506 αιρέσεως
622 1434 899 1505 ἡμετέρας
933 1432 1367 1503 ἀποτελούμενον
1394 1450 1408 1497 ;
1453 1434 1577 1487 Ἐἀν
1602 1433 1792 1505 ἔρηταί
1829 1451 1914 1497 τις

327 1529 502 1596 ἡμᾶς,
528 1527 579 1580 τί
626 1526 808 1597 ἡμέρα
847 1526 982 1586 ἐστὶ,
1020 1524 1079 1577 τὸ
1120 1524 1261 1594 ὑπὲρ
1316 1526 1421 1595 γῆς
1459 1521 1598 1579 εἶναι
1629 1525 1719 1578 τὸν
1760 1526 1914 1596 ἥλιον

328 1620 548 1681 πάντως
567 1616 1027 1690 ἀποκρινούμεθα,
1050 1618 1144 1670 καὶ
1194 1617 1391 1687 μέτρον
1411 1617 1579 1688 αὐτῆς
1609 1616 1802 1688 ὄρθρον
1822 1618 1916 1670 καὶ

328 1710 572 1781 ἑσπέραν
594 1708 913 1779 ποιούμεθα.
956 1708 1015 1760 '0
1034 1708 1090 1761 δὲ
1116 1707 1353 1769 τοιοῦτος
1375 1708 1530 1777 λόγος
1558 1709 1660 1778 τῆς
1679 1710 1914 1780 ἡμέρας,

326 1803 392 1855 ού
429 1803 528 1873 μιᾷ
561 1819 669 1853 τινι
699 1800 833 1871 μόνῃ
861 1799 970 1853 τῶν
1000 1799 1143 1853 κατά
1163 1798 1261 1870 τὴν
1280 1799 1644 1871 ὲὸδοματικὴν
1669 1800 1915 1871 περίοδον

329 1893 826 1964 ἀνακυκλουμένων
856 1892 1341 1964 ἐφαρμοσθήσεται
1360 1909 1374 1922 °
1410 1892 1546 1946 ἀλλά
1574 1893 1666 1946 καὶ
1688 1892 1913 1963 πρώτης

329 1988 429 2041 καὶ
468 1985 729 2056 δευτέρας
776 1983 1064 2055 καὶμέχρι
1096 1984 1196 2054 τῆς
1238 1984 1493 2055 ὲὸδόμηςν
1539 1986 1566 2037 ὁ
1596 1985 1756 2048 αὑτός
1799 1986 1914 2039 ἐστι

328 2080 511 2147 λόγος,
551 2078 646 2131 καὶ
694 2076 849 2131 οὐδὲν
885 2078 919 2148 ἡ
957 2077 1051 2129 τοῦ
1098 2074 1376 2129 Σαϐϐάτου
1413 2076 1596 2147 ἡμέρα
1627 2076 1771 2130 κατά
1817 2079 1917 2141 τὰς

331 2171 529 2235 λοιπὰς
551 2170 692 2225 κατά
710 2169 770 2223 τὸ
796 2166 935 2223 εἶναι
956 2169 1139 2241 ἡμέρα
1168 2169 1566 2241 παρήλλακται.
1602 2170 1727 2224 Ἐὰν
1750 2170 1807 2222 δέ
1833 2187 1915 2234 τις

333 2264 436 2337 τὴν
454 2263 548 2317 τοῦ
569 2262 970 2334 ἁμαρτήματος
1000 2261 1233 2335 ἐξετάσῃ
1257 2262 1519 2324 διάνοιαν,
1542 2261 1602 2314 τὸ
1630 2262 1704 2333 μὴ
1732 2263 1841 2315 δεῖν
1864 2280 1916 2316 τι

335 2357 477 2412 κατὰ
516 2356 611 2410 τοῦ
638 2355 810 2418 πέλας
848 2357 1044 2417 ποιεῖν,
1075 2354 1295 2417 πάντως
1317 2354 1573 2425 ἐροῦμεν,
1605 2349 1716 2409 οἷον
1737 2372 1752 2387 ο
1787 2374 1807 2406 ι
1840 2356 1915 2408 Οὐ

338 2448 669 2521 μοιχεύσεις,
702 2448 763 2500 ού
796 2445 1098 2517 φονεύσεις,
1128 2447 1190 2499 ού
1216 2445 1456 2516 κλέψεις,
1488 2466 1508 2498 ι
1530 2447 1623 2499 καὶ
1641 2446 1711 2498 τά
1733 2446 1914 2499 λοιπά’

334 2538 414 2595 ὧν
452 2541 665 2611 γενικὸς
702 2542 821 2594 ἐστι
871 2539 1055 2611 νόμος,
1087 2539 1158 2592 τὰ
1204 2539 1326 2592 καθ’
1376 2538 1606 2592 ἕκαστον
1648 2541 1705 2592 ὲν
1743 2536 1919 2609 ἑαυτῷ

337 2635 632 2705 περιέχων,
669 2633 763 2687 καὶ¹
788 2634 925 2703 ὅπερ
948 2635 981 2702 ἡ
1005 2631 1100 2685 τοῦ
1139 2632 1427 2703 ἀγαπῆσαι
1462 2631 1555 2684 τὸν
1594 2631 1821 2701 πλησίον
1843 2629 1918 2693 ὡς

339 2730 535 2783 ἑαυτόν
559 2744 575 2759 ο
609 2727 785 2782 ταῦτα
808 2728 902 2781 καὶ
931 2726 1071 2780 κατὰ
1098 2728 1278 2779 πᾶσαν
1310 2726 1526 2798 ἡμέραν
1554 2726 1746 2796 ἐπίσης
1792 2742 1921 2779 κατ-

335 2821 647 2893 ορθούμενα
680 2838 742 2873 τε
784 2821 878 2873 καὶ
917 2818 1416 2890 παρανομούμενα,
1451 2819 1483 2888 ἢ
1526 2818 1669 2872 καλὰ
1701 2817 1921 2878 πάντως

339 2914 513 2976 ἐστὶν,
546 2913 581 2983 ἣ
612 2914 676 2965 ὲκ
712 2911 806 2964 τοῦ
839 2910 1082 2964 ἐναντίου
1113 2910 1403 2980 νοούμενα.
1434 2910 1547 2963 Ούκ
1580 2908 1647 2961 ἂν
1674 2908 1730 2961 δέ
1776 2924 1859 2970 τις
1893 2906 1922 2958 ὃ

344 3007 585 3076 σήμερον
634 3003 802 3056 κακὸν
836 3001 1029 3072 ἐκρίθη
1054 3001 1368 3070 γενόμενον,
1402 3001 1511 3053 είτε
1558 2998 1717 3068 φόνος
1749 2998 1832 3068 είη
1861 2998 1923 3049 τὸ

2006 601 2242 657 alienum
2290 603 2522 668 auferat,
2568 612 2628 658 ut
2670 604 2794 673 jure
2842 606 3091 662 videatur
3127 609 3309 677 puniri
3357 609 3608 692 injuria”

2008 695 2101 752 sed
2136 696 2282 764 quod
2312 706 2398 751 est
2429 698 2794 751 communiter
2823 699 3077 755 omnibus
3106 700 3471 770 propositum,
3504 712 3583 758 est

2007 787 2057 842 ei
2084 803 2273 851 causa,
2300 796 2361 841 ut
2388 790 2441 842 in
2471 804 2595 842 eum
2627 789 2905 857 jaciantur
2934 791 3163 861 lapides.
3199 792 3304 847 Sed
3332 794 3460 863 quia
3483 795 3587 850 hoc

2012 877 2141 931 fecit
2176 878 2231 931 iu
2260 876 2522 937 Sabbato.
2553 886 2838 948 propterea
2864 880 3160 935 damnatur
3186 889 3445 952 tanquam
3477 899 3589 938 ma-

2011 970 2222 1025 leﬁcus.
2260 970 2397 1037 Quis
2425 972 2623 1036 nescit,
2666 973 2811 1042 quod
2841 989 3031 1029 eorum
3060 991 3183 1046 quae
3217 976 3355 1031 ﬁunt
3389 994 3589 1033 unum—

2011 1064 2288 1134 quodque,
2324 1065 2543 1134 propria
2592 1065 2873 1133 judicatur
2920 1074 3137 1131 natura,
3187 1067 3330 1123 sitne
3384 1068 3587 1124 bonum

2012 1171 2081 1209 an
2108 1156 2353 1210 malum?
2379 1157 2616 1226 Tempus
2638 1165 2819 1213 autem
2847 1156 2902 1211 in
2929 1173 3037 1227 quo
3064 1160 3123 1212 ﬁt
3148 1160 3312 1224 actio,
3340 1159 3591 1215 conside-

2011 1256 2165 1303 ratur
2193 1256 2346 1304 extra
2383 1248 2503 1317 ejus
2530 1248 2675 1317 quod
2706 1248 2765 1302 ﬁt
2788 1258 3060 1303 naturam.
3093 1248 3232 1315 Quid
3262 1253 3408 1305 enim
3437 1267 3589 1307 com-

2016 1353 2178 1391 mune
2225 1338 2387 1393 habet
2435 1337 2699 1406 temporis
2745 1338 3006 1408 spatium,
3064 1354 3189 1393 cum
3240 1355 3308 1394 eo
3351 1341 3495 1410 quod
3524 1357 3590 1396 ex

2016 1438 2208 1484 nostro
2236 1430 2408 1485 libcro
2443 1430 2721 1501 peragitur
2753 1429 3025 1485 arbitrio?
3063 1428 3118 1484 Si
3148 1431 3274 1501 quis
3302 1446 3404 1487 nos
3439 1441 3594 1503 roget

2016 1522 2154 1589 quid
2184 1522 2257 1575 sit
2279 1522 2421 1583 dies,
2457 1523 2627 1577 solem
2660 1537 2784 1577 esse
2817 1537 2983 1589 super
3011 1528 3212 1577 terram
3244 1523 3470 1578 omnino
3500 1539 3591 1578 rev

2019 1613 2435 1682 spondebimus,
2479 1620 2533 1668 et
2564 1629 2723 1669 mane
2750 1622 2803 1670 et
2833 1630 3115 1685 vesperam
3146 1622 3450 1672 statuemus
3473 1616 3595 1685 ejus

2017 1717 2141 1757 esse
2170 1719 2503 1760 mensuram.
2536 1705 2660 1760 Haec
2682 1718 2864 1762 autem
2894 1707 2997 1761 diei
3027 1707 3168 1761 ratio
3194 1722 3302 1762 non
3328 1716 3595 1778 congruet

2022 1797 2113 1850 uni
2152 1798 2251 1851 soli
2287 1812 2353 1852 ex
2396 1798 2464 1853 iis
2506 1798 2598 1868 qui
2627 1798 2922 1853 volvuntur
2947 1814 3044 1869 per
3084 1798 3345 1854 ambitum
3383 1800 3594 1855 hebdo-

2016 1887 2209 1951 madas,
2241 1889 2335 1944 sed
2360 1900 2413 1944 et
2441 1890 2601 1959 primi
2637 1898 2704 1944 ἐι
2741 1890 2991 1956 secundi,
3043 1901 3095 1946 et
3125 1907 3301 1962 usque
3324 1892 3390 1946 ad
3422 1893 3594 1962 septi-

2016 1996 2164 2034 mum
2196 1981 2384 2036 eadem
2408 1990 2490 2037 est
2516 1982 2677 2048 ratio,
2708 1998 2887 2053 neque
2908 1983 3029 2038 dics
3045 1982 3269 2038 Sabbati
3292 1984 3592 2055 quidquam

2016 2070 2196 2126 differt
2223 2088 2252 2126 a
2283 2074 2497 2129 caateris
2531 2074 2583 2128 in
2612 2089 2678 2130 eo
2702 2075 2848 2145 quod
2880 2074 2952 2128 sit
2979 2075 3117 2129 dies.
3164 2072 3221 2128 Si
3257 2075 3383 2145 quis
3412 2082 3593 2131 autem

2015 2164 2348 2217 examinabit
2376 2165 2518 2234 quod
2552 2165 2657 2220 sibi
2696 2166 2813 2220 vult
2843 2174 3148 2236 peccatum.
3195 2165 3446 2223 dicemus
3476 2181 3596 2221 om—

2017 2257 2151 2310 nino
2182 2256 2316 2309 nihil
2346 2256 2527 2312 facere
2555 2267 2746 2313 contra
2782 2259 3117 2328 proximum,
3164 2266 3226 2313 ut
3264 2280 3282 2312 ι
3303 2257 3423 2314 Non
3457 2275 3596 2315 mmo

2017 2348 2291 2415 chaheris,
2331 2365 2435 2402 non
2465 2351 2707 2413 occides,
2745 2365 2854 2405 non
2902 2349 3231 2415 furaberisn
3269 2358 3327 2406 et
3361 2359 3593 2408 caetera:

2017 2454 2250 2508 quorum
2280 2440 2364 2493 lex
2387 2447 2473 2494 est
2493 2441 2763 2510 generalis
2792 2443 2846 2494 in
2879 2457 2938 2494 se
2959 2441 3171 2511 singula
3198 2441 3596 2513 complectens,

2018 2541 2071 2585 et
2102 2531 2154 2583 id
2195 2531 2341 2601 quod
2386 2530 2575 2585 datum
2606 2539 2690 2587 est
2732 2544 3065 2602 praeceptum
3108 2532 3370 2604 diligendi
3403 2533 3597 2604 proxi-

2020 2638 2166 2677 mum
2196 2631 2254 2675 ut
2286 2622 2551 2692 seipsum,
2579 2623 2695 2677 haec
2723 2623 2988 2693 quotidie,
3016 2638 3114 2678 seu
3136 2633 3288 2679 recte
3317 2632 3374 2680 et
3394 2638 3458 2680 ex
3485 2625 3602 2680 vir-

2021 2722 2155 2779 tute,
2191 2730 2286 2769 seu
2314 2722 2507 2768 contra
2540 2714 2685 2784 leges
2708 2714 2861 2777 ﬁant,
2903 2722 2997 2768 aut
3028 2722 3157 2770 sunt
3182 2714 3408 2771 omnino
3429 2715 3599 2779 bona,

2021 2812 2116 2858 aut
2146 2804 2527 2875 intelliguntur
2549 2820 2672 2859 esse
2699 2806 2998 2859 contraria.
3031 2805 3202 2859 Nemo
3235 2814 3419 2861 autem
3451 2805 3603 2877 quod

2024 2896 2226 2950 malum
2265 2904 2349 2949 est
2391 2894 2556 2949 hodie
2595 2895 2924 2964 iudicatum,
2974 2901 3028 2950 et
3059 2910 3159 2965 pro
3205 2895 3407 2952 delicto
3447 2895 3606 2951 habi-

2025 2994 2171 3049 tum,
2214 3001 2311 3039 seu
2338 2985 2539 3047 caedes,
2590 3000 2687 3039 seu
2716 2986 3015 3055 quidquam
3047 2985 3197 3040 aliud
3243 2987 3603 3057 prohibitum,

2023 3078 2126 3131 hoc
2180 3077 2360 3148 ipsum
2402 3078 2493 3133 die
2526 3078 2776 3148 sequenti
2814 3078 3019 3132 bonum
3064 3093 3187 3134 esse
3219 3089 3273 3134 et
3313 3079 3605 3135 honestum

2026 3169 2322 3224 censuerit.
2358 3168 2415 3223 Si
2447 3184 2578 3239 ergo
2603 3169 2807 3223 malum
2854 3177 2940 3223 est
2973 3169 3307 3239 huiusmodi.
3351 3188 3605 3243 quocun-

339 3282 408 3333 τὸ
437 3279 607 3333 κακὸν
636 3278 723 3332 ἀεὶ
752 3277 991 3331 τοιοῦτόν
1025 3278 1194 3339 ἐστιν,
1224 3277 1281 3328 ὲν
1314 3268 1468 3345 ᾧπερ
1498 3274 1563 3327 ἂν
1589 3273 1767 3344 χρόνῳ
1786 3272 1919 3342 τύχῃ

2026 3277 2133 3330 que
2159 3270 2403 3331 tempore
2427 3260 2783 3316 admittatur:
2820 3271 2876 3315 et
2902 3261 2957 3315 id
2984 3264 3127 3332 quod
3154 3270 3239 3317 est
3263 3264 3399 3318 nulli
3433 3265 3606 3335 culpa:

340 3371 712 3443 τολμώμενον,
739 3370 835 3423 καὶ
860 3370 920 3422 τὸ
947 3367 1259 3431 ἀνεύθυνον,
1291 3366 1415 3419 οὐδὲ
1442 3366 1510 3419 ἀν
1535 3365 1745 3434 γένοιτο
1776 3363 1919 3434 παρά

2027 3354 2204 3421 aliine,
2265 3371 2333 3409 ne
2371 3353 2488 3410 ﬂeri
2522 3354 2742 3425 quidem
2793 3362 2977 3424 potest
3026 3363 3086 3408 ut
3131 3364 3356 3425 propter
3389 3365 3607 3427 tempus

342 3467 439 3519 τὸν
460 3464 650 3536 χρόνον
681 3461 1000 3516 ὑπεύθυνον.
1036 3462 1096 3513 Ei
1118 3461 1298 3513 τοίνυν
1316 3460 1376 3512 τὸ
1406 3459 1512 3529 πρὸ
1527 3457 1620 3510 τοῦ
1645 3456 1919 3509 Σαόὄάτου

2029 3445 2249 3516 aliquod
2286 3447 2361 3501 sit
2394 3445 2612 3501 crimini
2656 3445 2983 3501 obnoxium.
3022 3444 3079 3501 Si
3112 3462 3242 3516 ergo
3289 3454 3417 3502 ante
3470 3446 3605 3503 Sab-

344 3553 778 3629 φρυγανίζεσθαι
817 3554 910 3607 καὶ
941 3553 1122 3624 πυρὰν
1164 3552 1379 3608 ἅπτειν.
1414 3550 1518 3614 ἔξω
1556 3549 1767 3612 ἀδικίας
1810 3548 1919 3600 ἐστὶ

2030 3542 2215 3596 hatum
2245 3543 2392 3613 ligna
2437 3542 2716 3613 colligere.
2746 3548 2801 3595 et
2826 3554 3018 3612 rogum
3049 3540 3375 3605 accendere,
3410 3550 3496 3597 est
3539 3542 3608 3597 ab

351 3648 452 3703 καὶ
499 3646 776 3709 κολάσεως
803 3661 818 3676 ο
872 3646 966 3698 καὶ
1023 3643 1142 3707 πῶς
1196 3645 1257 3696 τδ
1308 3643 1441 3696 αὐτὸ
1488 3641 1647 3694 τοῦτο
1698 3641 1919 3709 ἐπιούσῃ

2031 3634 2320 3704 iniquitate
2347 3643 2639 3697 remotum,
2677 3648 2780 3689 nec
2811 3642 2896 3688 est
2924 3633 3303 3704 puniendum:
3338 3637 3609 3705 quomodo

344 3742 535 3811 ἡμέραι⁵
564 3737 943 3809 πλημμέλημα
964 3736 1172 3806 γίνεται
1195 3754 1209 3802 ;
1254 3734 1394 3788 Ἀλλ’
1419 3730 1536 3787 οἶδα
1562 3734 1622 3785 τὸ
1652 3731 1919 3785 Σάϐϐατοι

2034 3729 2137 3782 hoc
2160 3729 2339 3797 ipsum
2370 3728 2601 3782 elﬁcilur
2630 3728 2890 3784 delictum
2922 3727 3011 3782 die
3034 3729 3321 3797 sequenti?
3340 3729 3610 3785 Craterum

344 3834 451 3903 τῆς
485 3831 868 3894 ἀναπαύσεως,
917 3824 1036 3883 οἶδα
1076 3827 1167 3880 τὸν
1192 3829 1292 3898 τῆς
1331 3825 1605 3898 ἀπραξίας
1647 3824 1831 3895 νόμον,
1871 3822 1919 3886 ὃς

2034 3822 2157 3875 novi
2195 3820 2495 3875 Sabbatum
2532 3822 2754 3890 quietis,
2805 3822 2931 3877 novi
2982 3824 3153 3891 legem
3201 3823 3340 3877 nihil
3390 3825 3610 3894 agendi,

345 3927 473 3996 οὐχὶ
498 3926 739 3997 πεδήσας
767 3923 859 3976 τὸν
902 3922 1186 3994 ἄνθρωπον
1219 3922 1318 3991 τῆς
1348 3919 1581 3989 φυσικῆς
1627 3917 1919 3988 ἐνεργείας,

2034 3926 2154 3979 ιιιιιε⁵
2186 3927 2291 3964 non
2331 3912 2547 3982 alligata
2584 3913 2824 3968 hominis
2845 3915 3083 3967 naturali
3115 3915 3454 3985 operatione,
3486 3932 3612 3971 eum

347 4019 633 4089 ἄπρακτον
656 4014 794 4070 εἶναι
815 4014 1207 4069 διακελεύεται.
1244 4014 1306 4066 Et
1337 4012 1447 4084 γὰρ
1475 4012 1540 4065 ἂν
1573 4010 1667 4064 καὶ
1695 4010 1919 4064 ἀδύνατα

2030 4001 2183 4067 jubet
2208 4001 2344 4054 nihil
2373 4017 2551 4072 agere.
2586 4000 2643 4056 Si
2679 4003 2824 4059 enim
2850 4003 3005 4073 jubet
3039 4020 3161 4073 quae
3190 4005 3305 4060 ﬁeri
3336 4021 3445 4061 non
3481 4023 3609 4076 pos-

349 4108 588 4172 κελεύει,
617 4110 919 4181 ἀπρακτεῖν
968 4106 1328 4179 προστάσσων
1371 4106 1525 4176 ἡμῖν,
1565 4098 1646 4166 οἷς
1691 4104 1785 4157 καὶ
1812 4102 1919 4172 δίχο

2036 4102 2187 4157 sunt,
2216 4094 2418 4164 iubens
2450 4111 2552 4151 nos
2582 4095 2719 4151 nihil
2749 4111 2933 4168 agere,
2971 4098 3171 4167 quibus
3215 4100 3377 4154 etiam
3407 4101 3615 4171 absque

350 4199 467 4252 τῶν
515 4198 719 4252 λοιπῶν
752 4198 951 4271 ἔργων,
992 4197 1125 4250 αὐτὸ
1166 4196 1227 4249 τὸ
1264 4197 1361 4266 τῆς
1399 4193 1545 4265 ζωῆς
1594 4190 1732 4257 εἶδος
1776 4192 1919 4263 ἔργοι

2038 4186 2256 4240 caeteris
2284 4187 2545 4256 operibus
2577 4188 2759 4259 ipsum
2790 4189 2915 4243 vitae
2952 4205 3126 4260 genus
3154 4199 3238 4246 est
3270 4206 3443 4262 opus:
3485 4208 3616 4249 ocu-

350 4294 380 4343 ἕΔ
392 4290 505 4344 στίν
529 4306 541 4319 ·
576 4290 866 4360 ὀφθαλμῶν
901 4290 998 4361 μὲν
1027 4291 1061 4360 ἡ
1091 4288 1232 4355 ὄψις,
1264 4286 1432 4357 ἀκοῆς
1457 4285 1514 4338 δὲ
1540 4288 1573 4356 ἠ
1602 4286 1742 4340 κατά
1776 4284 1919 4354 φύσιι

2037 4280 2214 4335 lorum
2246 4282 2464 4351 quidem
2496 4282 2671 4344 visus,
2705 4286 2919 4337 aurium
2950 4290 3131 4338 autem
3162 4299 3226 4339 ea
3257 4300 3379 4354 qua:
3406 4294 3490 4340 est
3534 4300 3620 4341 se-

353 4384 631 4455 éatpTeta,
673 4384 965 4453 μυκτήρων
999 4382 1055 4434 δὲ
1088 4382 1121 4449 ἠ
1151 4380 1436 4450 ὄσφρησις,
1479 4377 1744 4447 στόματος
1777 4378 1811 4448 ἡ
1841 4375 1919 4429 τοῖ

2039 4372 2279 4426 cundum
2321 4383 2577 4427 naturam
2608 4374 2875 4443 Operatio.
2908 4376 3124 4429 narium
3163 4391 3293 4429 vero
3334 4376 3618 4439 odoratus.

338 3092 752 3165 πλημμέλημα,
802 3094 912 3146 εἴτε
964 3109 1018 3146 τι
1064 3091 1193 3146 ἄλλο
1247 3090 1355 3144 τῶν
1405 3089 1814 3161 ἀπειρημένων,
1862 3086 1923 3140 τὸ

340 3187 478 3239 αὐτὸ
507 3185 666 3239 τοῦτο
693 3187 759 3257 τῇ
790 3184 989 3255 ἐφεξῆς
1027 3182 1192 3237 καλὸν
1234 3178 1374 3234 εἶναι
1416 3180 1711 3252 νομίσειεν.
1742 3180 1803 3231 Εἰ
1828 3174 1922 3232 οὖν

354 4478 522 4548 ἀέρος
546 4476 702 4547 ὁλκὴ.
728 4475 980 4545 γλώσσης
1010 4476 1037 4528 ὁ
1066 4474 1241 4541 λόγος,
1271 4472 1483 4526 ὀδοῦσιν
1523 4474 1556 4543 ἡ
1597 4472 1802 4543 τροφῆς
1833 4471 1938 4523 ὐπ-

2040 4464 2154 4517 oris
2184 4466 2326 4519 aeris
2358 4471 2647 4526 attractus,
2684 4464 2881 4533 linguae
2911 4482 3113 4529 sermo.
3145 4466 3403 4522 dentibus
3433 4468 3618 4522 nutri-

352 4567 574 4641 rpeota,
614 4567 937 4637 σπλάγχνων
975 4567 1009 4637 ἡ
1040 4564 1226 4633 πέψις,
1257 4565 1413 4618 ποσὶν
1433 4566 1468 4635 ἡ
1495 4565 1728 4634 κίνησις,
1754 4564 1919 4634 χερσὶι

2046 4557 2209 4610 menti
2241 4556 2667 4621 administratio,
2711 4558 3015 4612 visceribus
3038 4561 3348 4620 concoctio.
3394 4560 3623 4630 pedibus

355 4664 545 4716 ἐκεῖνα
569 4660 704 4733 πρὸς
732 4659 768 4714 ἃ
796 4661 1036 4728 πέφυκεν
1052 4660 1183 4729 ἡμῖν
1205 4660 1447 4726 ἐνεργεῖν
1471 4656 1643 4710 ταῦτα
1674 4656 1743 4708 τὰ
1779 4655 1933 4726 μέλη.

356 4752 490 4816 Πῶς
520 4748 614 4805 οὖν
654 4753 768 4804 ἔστι
812 4751 1033 4804 δυνατὸν
1064 4750 1379 4820 κυρωθῆναι
1408 4748 1500 4802 τὸν
1529 4750 1627 4818 τῆς
1658 4744 1936 4817 ἀπραξίας

357 4844 528 4914 νόμον
570 4844 630 4896 ού
660 4842 1129 4913 παραδεχομένοις
1160 4842 1259 4912 τὴν
1302 4840 1502 4912 ἀργίαν
1538 4839 1639 4908 τῆς
1685 4838 1940 4907 φύσεως;

357 4935 492 4998 Πῶς
524 4934 698 4987 πείσω
742 4933 833 4987 τὸν
873 4932 1151 5003 ὀφθαλμὸν
1188 4933 1262 5003 μὴ
1291 4933 1424 5003 ὁρᾷν
1454 4933 1513 4984 ὲν
1550 4929 1814 5000 Σαϐϐάτῳ
1837 4968 1852 4992 ,
1881 4922 1942 4982 οὗ

359 5024 529 5095 φύσις
558 5024 675 5076 ἐστὶ
719 5022 782 5075 τὸ
803 5023 1020 5085 πάντως
1043 5038 1093 5074 τι
1127 5020 1346 5090 βλέπειν
1371 5038 1386 5079 ;
1420 5019 1541 5083 Πῶς
1565 5020 1661 5089 τὴν
1686 5020 1942 5072 ἀκουστι-

360 5112 469 5179 κὴν
496 5112 707 5183 ὲπίσχω
735 5111 1015 5183 ἐνέργειαν
1041 5127 1055 5176 ;
1091 5110 1216 5175 Πῶς
1248 5110 1441 5180 πεισθῇ
1478 5126 1566 5179 μοι
1588 5110 1621 5178 ἡ
1671 5108 1940 5177 ὄσφρησις

360 5206 467 5276 τὴν
515 5202 906 5274 ἀντιληπτικὴν
949 5200 1205 5273 αίσθησιν
1257 5201 1366 5254 τῶν
1410 5199 1600 5269 ἀτμῶν
1646 5196 1944 5251 ἀποθέσθαι

2045 4657 2249 4706 motus.
2288 4648 2541 4703 manibus
2580 4664 2643 4703 ea
2673 4664 2795 4719 quae
2834 4658 2892 4704 ut
2928 4650 3021 4705 illa
3052 4652 3293 4705 membra
3324 4666 3624 4723 operareu-

2045 4746 2135 4791 tur
2159 4739 2318 4793 nobis
2350 4755 2379 4793 a
2409 4749 2603 4794 natura
2634 4748 2718 4796 est
2763 4742 3008 4795 insitum.
3040 4741 3327 4807 Quomodo
3346 4759 3478 4815 ergo
3506 4744 3625 4800 ﬁeri

2046 4840 2241 4900 potest,
2275 4840 2334 4887 ut
2359 4833 2493 4886 nihil
2518 4832 2713 4902 agendi
2742 4833 2825 4886 lex
2855 4834 3235 4897 confirmetur,
3273 4835 3317 4888 si
3343 4845 3401 4889 ut
3429 4844 3624 4890 natura

2046 4923 2118 4976 sit
2147 4923 2324 4975 otiosa
2364 4921 2587 4977 minime
2623 4922 3004 4977 admittimus?
3055 4924 3340 4990 Quomodo
3395 4939 3626 4994 persua-

2045 5011 2184 5065 debo
2216 5011 2377 5064 oculo
2405 5026 2472 5065 ne
2498 5011 2678 5066 videat
2725 5012 2989 5075 Sabbato,
3024 5014 3186 5082 cujus
3221 5021 3415 5067 natura
3450 5024 3535 5069 est
3568 5021 3628 5066 ut

2048 5118 2263 5173 semper
2290 5103 2497 5173 aliquid
2530 5104 2795 5173 aspiciat?
2832 5104 3120 5171 Quomodo
3151 5102 3405 5160 audiendi
3436 5105 3629 5160 sistam

2048 5191 2420 5261 operationem
2445 5192 2469 5245 ?
2499 5190 2786 5258 Quomodo
2810 5208 2839 5247 ιι
2867 5210 2953 5249 me
2982 5196 3401 5264 persuadeliitur
3433 5195 3632 5249 odora-

365 5294 513 5350 κατὰ
534 5296 594 5347 τὸ
610 5294 887 5347 Σάὁὸατον
906 5310 921 5357 ;
937 5293 1061 5356 Πῶς
1087 5292 1144 5346 δὲ
1162 5292 1357 5345 ούκὲνε
1366 5291 1553 5361 ργήσει
1576 5288 1641 5342 τά
1665 5289 1919 5358 σπλάγχν‹

2051 5285 2152 5345 ιιιί,
2207 5294 2266 5338 ιιι
2308 5286 2545 5355 deponat
2583 5301 2807 5341 sensum
2837 5288 2934 5356 qui
2964 5287 3327 5357 apprehendit
3359 5286 3633 5357 vapores?

363 5387 469 5457 τὴν
493 5386 627 5440 ἰδίαν
655 5386 951 5457 ἐνέργειαν,
993 5383 1071 5455 τῷ
1097 5384 1248 5455 νόμῳ
1273 5380 1611 5444 δουλεύοντα,
1639 5379 1780 5432 ὥστε
1813 5380 1919 5432 άπε

2052 5376 2172 5444 Quo
2199 5387 2360 5448 pacto
2387 5387 2567 5433 autem
2593 5394 2701 5433 non
2722 5379 3059 5434 exercebunt
3082 5380 3294 5433 viscera
3323 5392 3479 5433 suam
3509 5392 3635 5448 ope-

368 5499 505 5535 πτον
547 5481 644 5550 τὴν
682 5479 888 5550 τροφὴν
932 5479 1189 5548 ἐμμεῖναι
1226 5474 1303 5544 τῷ
1353 5473 1586 5545 σώματι,
1638 5473 1726 5526 ἵνα
1774 5473 1919 5543 ἀργὴ

2054 5472 2346 5535 rationem,
2398 5472 2502 5543 legi
2535 5471 2849 5538 servientia,
2894 5473 2969 5527 ita
3007 5480 3066 5527 ut
3114 5474 3385 5525 incoctum
3418 5480 3636 5524 maneat

366 5573 523 5647 δείξῃ
544 5574 645 5645 τὴν
674 5571 837 5640 φύσιν
870 5570 1013 5624 κατά
1041 5570 1103 5622 τὸ
1141 5568 1456 5633 Σάϐϐατονς
1496 5568 1557 5620 Et
1598 5567 1662 5638 δὴ
1692 5566 1759 5621 τὰ
1790 5567 1919 5620 λοιπη

2058 5565 2111 5618 in
2148 5580 2377 5634 corpore
2422 5564 2841 5629 nutrimentum,
2900 5576 2957 5619 ut
3002 5564 3057 5619 in
3096 5562 3336 5618 Sabbato
3384 5571 3636 5618 naturam

369 5665 470 5718 τοῦ
507 5663 755 5734 σώματος
783 5660 940 5732 ἡμῶν
960 5660 1021 5714 ού
1059 5659 1279 5713 δύναται
1307 5658 1560 5724 δέξασθαι
1596 5658 1686 5712 τὸν
1720 5661 1819 5730 τῆς
1853 5660 1919 5729 ἀρ

2057 5656 2311 5741 ostendat
2341 5656 2622 5712 otiosam?
2652 5653 2711 5709 Si
2744 5655 2928 5726 itaque
2955 5656 3180 5727 reliquae
3226 5664 3409 5725 partes
3436 5669 3635 5724 corpo-

373 5758 504 5828 γίας
532 5756 699 5826 νόμον
742 5752 891 5822 (ούδὲ
924 5751 1033 5821 γὰρ
1061 5750 1195 5812 ὅλως
1222 5751 1279 5802 ὲν
1312 5751 1377 5820 τῇ
1421 5748 1534 5820 ζωῇ
1566 5748 1717 5802 ἔσται
1765 5748 1834 5800 τά
1876 5767 1919 5819 μη

2062 5751 2138 5805 ris
2163 5750 2335 5805 nostri
2362 5765 2471 5805 non
2497 5756 2726 5819 possunt
2750 5749 3031 5820 suscipere
3059 5749 3232 5819 legem
3261 5747 3394 5817 nihil
3419 5743 3637 5816 agendi,

375 5851 463 5904 ἰνε
473 5845 744 5919 ργοῦντα),
765 5845 864 5897 οὑκ
890 5843 1003 5896 ἔστι
1025 5843 1237 5904 πάντως
1253 5841 1313 5892 τὸ
1333 5841 1405 5910 μὴ
1424 5840 1872 5911 παρανομηθῆναι
1893 5858 1919 5894 τ

2062 5856 2237 5911 neque
2270 5841 2415 5897 enim
2463 5842 2689 5898 omnino
2720 5841 2843 5897 viva
2881 5847 3041 5895 erunt
3074 5854 3194 5918 qua:
3244 5851 3351 5891 non
3405 5850 3635 5906 operan—

708 5944 986 6003 Ρηιιοι.
1024 5940 1140 5998 Gn.
1191 5939 1240 5997 Χ
1256 5939 1406 5999 LlV.
3240 5931 3318 5990 23

1936 6063 1979 6072 ν.
