4044 6470
438 401 543 456 718

1668 406 1738 462 8.·
1753 397 2088 459 οιιεοοῐιιι
2116 398 2407 458 ΝΥδὸΕΝΙ

3571 410 3676 466 716

435 527 563 572 tur:
600 517 716 575 ﬁeri
751 533 859 572 non
895 524 1077 588 potest
1105 525 1165 574 ut
1195 523 1421 577 omnino
1461 535 1571 577 non
1605 525 1840 580 violetur
1871 523 1999 577 Sab-

2115 521 2410 587 Σάϐϐατον,
2426 524 2528 578 κᾶν
2545 525 2798 597 ἀκίνητος
2819 528 2852 598 ἡ
2875 527 2994 598 χεὶρ
3017 528 3049 600 ἣ
3073 528 3102 580 ό
3122 527 3252 591 ποῦς
3276 528 3368 582 ἐπὶ
3387 528 3482 582 τοῦ
3507 526 3672 586 αὐτοῦ

433 609 640 670 batum,
673 609 888 663 etiamsi
919 624 1014 680 pes
1045 619 1137 665 aut
1160 626 1355 669 manus
1378 623 1592 668 maneat
1621 615 1913 670 immobilis
1946 615 2000 668 in

433 704 620 755 eadem
663 701 831 769 ﬁgura
859 711 914 756 et
942 703 1133 758 eodem
1179 705 1318 760 loco.
1359 706 1494 761 Cum
1525 723 1654 778 ergo
1686 725 1793 762 non
1840 708 2000 762 alicui

432 793 598 860 parti.
633 791 727 846 sed
774 793 870 848 toti
903 794 1111 850 homini
1141 799 1224 852 lex
1276 799 1384 854 lata
1427 802 1518 864 sit,
1581 819 1683 857 non
1735 819 1802 856 eo
1832 803 2002 872 magis

433 881 568 934 nihil
602 889 823 951 agentes
855 899 950 953 per
979 901 1146 939 unum
1181 903 1246 941 ex
1280 890 1538 944 membris
1566 893 1734 960 legem
1764 891 2004 946 servabi-

433 965 577 1036 mus,
615 979 658 1030 si
697 978 922 1046 reliquis
965 995 1224 1036 sensuum
1275 983 1652 1038 instrumentis
1701 983 2000 1039 secundum

434 1075 684 1121 naturam
720 1079 1030 1138 operantes,
1066 1073 1334 1129 violemus
1365 1076 1509 1142 quod
1530 1075 1748 1144 jussuin
1774 1083 1878 1129 est.
1905 1074 2001 1126 At-

431 1161 524 1230 qui
555 1162 639 1216 lex
668 1161 794 1215 data
827 1169 911 1217 est
939 1163 1234 1233 divinitus;
1271 1165 1407 1219 nihil
1443 1173 1622 1219 autem
1658 1181 1848 1218 eorum
1883 1180 2003 1235 qua:

433 1269 464 1306 a
502 1253 612 1308 Deo
640 1255 926 1322 jubentur,
964 1265 1048 1309 est
1089 1257 1382 1326 ejusmodi,
1427 1267 1484 1311 ut
1511 1257 1581 1310 sit
1620 1267 1816 1327 praeter
1842 1265 2003 1311 natu-

433 1360 572 1409 ram,
621 1355 714 1399 aut
765 1347 836 1400 sit
869 1359 1020 1401 extra
1065 1349 1329 1402 rationein
1363 1349 1602 1404 virtutis.
1637 1349 1789 1415 Quod
1822 1356 2001 1403 autem

433 1438 644 1491 ratione
671 1447 820 1491 caret
849 1441 1042 1499 otium.
1070 1455 1177 1494 non
1203 1449 1288 1494 est
1313 1443 1503 1495 virtus.
1535 1440 1896 1507 Qumrendum
1920 1451 2006 1496 est

429 1545 560 1601 ergo
595 1531 720 1600 quid
752 1531 854 1586 sibi
890 1533 1005 1585 vult
1046 1541 1370 1601 praeceptum
1397 1533 1492 1586 otii
1528 1533 1770 1590 Sabbati.

500 1622 632 1677 Dico
666 1624 846 1692 itaque
869 1623 1156 1692 cujuslibet
1181 1625 1312 1693 legis
1338 1639 1368 1678 a
1400 1623 1509 1679 Deo
1535 1625 1672 1680 datae
1697 1645 1860 1682 unum
1885 1647 2007 1687 esse

432 1729 683 1784 scopum,
719 1725 776 1767 ut
813 1731 842 1767 a
877 1716 992 1768 vitii
1025 1731 1187 1784 opere
1217 1716 1405 1769 mundi
1437 1717 1546 1771 sint
1586 1720 1677 1788 qui
1714 1721 1884 1790 legem
1914 1740 2005 1775 ac-

431 1815 712 1876 ceperunt.
765 1820 817 1861 et
854 1809 937 1861 lex
978 1808 1157 1862 omnis
1188 1823 1308 1875 quae
1335 1809 1500 1862 vetita
1549 1809 1818 1878 prohibet,
1849 1812 2002 1882 jubet

431 1899 824 1954 sabbatismum
857 1915 1017 1968 agere
1043 1915 1072 1952 a
1110 1901 1268 1954 malis
1305 1901 1584 1970 operibus.
1627 1901 1738 1956 lloc
1772 1914 1899 1957 sunt
1928 1913 2003 1958 ta-

430 1989 590 2054 bulae,
622 1990 723 2043 hoc
761 1989 996 2044 Levitica
1043 1992 1373 2054 observatio,
1423 1991 1526 2046 hoc
1557 1978 1702 2061 quod
1751 2005 2003 2051 accurate

427 2076 689 2133 traditum
724 2086 808 2132 est
851 2077 905 2131 in
947 2077 1387 2144 Deulerononiio,
1425 2087 1486 2133 ut
1515 2081 1674 2136 otiosi
1705 2081 1898 2147 simus,
1949 2093 2003 2138 et

429 2165 565 2218 nihil
597 2180 822 2234 agamus
866 2165 1101 2230 illorum,
1136 2181 1368 2235 quorum
1399 2181 1538 2238 Opus
1582 2179 1665 2223 est
1695 2169 1903 2226 vitium.
1943 2168 1999 2225 Si

428 2272 559 2326 ergo
585 2256 656 2310 ita
693 2258 778 2310 lex
817 2258 1116 2326 accipiatur
1141 2267 1197 2310 ut
1224 2258 1386 2311 homo
1417 2261 1488 2312 sit
1515 2259 1725 2314 otiosus
1759 2261 1812 2314 in
1847 2263 1998 2324 vitio,

428 2365 530 2419 ego
566 2364 784 2418 quoque
827 2351 1100 2404 assentior
1152 2351 1452 2420 sapientem
1490 2350 1852 2407 Ecclesiasten
1901 2352 2001 2405 ad-

429 2458 625 2498 versus
655 2458 780 2496 eum
811 2443 903 2512 qui
933 2459 1032 2496 sua
1075 2443 1219 2510 ligna
1246 2443 1468 2512 colligit.
1512 2445 1844 2499 constituere
1869 2452 2001 2499 tein-

428 2549 532 2602 pus
556 2533 620 2587 ad
645 2532 958 2601 iaciendum
992 2534 1220 2603 lapides,
1258 2544 1481 2604 propter
1512 2535 1656 2604 quod
1681 2537 2001 2605 prohibetur

428 2627 682 2680 collectio
737 2634 1136 2681 sarmentorum
1191 2627 1328 2689 vitii,
1389 2643 1508 2696 qua
1551 2629 1882 2698 colliguntur
1932 2630 1998 2682 ad

429 2719 713 2773 materiam
745 2719 856 2790 igni
886 2719 1362 2788 suppeditamlam.
1395 2719 1499 2774 Sed
1523 2721 1568 2775 si
1606 2723 1750 2774 nuda
1786 2730 2000 2775 maneat

430 2810 630 2875 littera,
679 2825 786 2866 non
837 2811 998 2866 video
1025 2793 1481 2881 quemadmodum
1514 2813 1568 2866 in
1625 2813 1741 2884 lege
1770 2813 1998 2882 cogitari

429 2905 603 2973 possit
650 2903 792 2973 quod
845 2902 954 2958 Deo
985 2903 1210 2974 dignum
1255 2905 1344 2959 sit.
1384 2902 1687 2958 Videndum
1737 2913 1820 2958 est
1868 2920 2001 2973 ergo

428 2995 652 3064 quinam
684 2997 794 3049 sint
844 2995 1068 3064 lapides,
1111 2995 1202 3065 qui
1235 2996 1500 3050 adversus
1530 3011 1652 3048 eum
1694 2995 1996 3064 jaciuntur,

428 3103 499 3142 ne
518 3086 945 3157 colligendorum
963 3096 1367 3141 sarmentorum
1386 3087 1632 3142 studium
1659 3087 1818 3141 tinent
1837 3104 1998 3142 suum

429 3187 773 3250 assequatur.
804 3179 900 3234 Sin
933 3186 1113 3233 autem
1139 3179 1282 3248 ligna
1310 3189 1456 3242 sunt,
1490 3195 1585 3248 per
1610 3195 1728 3248 quae
1750 3180 1890 3248 ignis
1911 3195 1998 3231 ar-
2024 3203 2066 3259 ρ

427 3269 578 3326 debit
601 3271 650 3326 ei
680 3271 772 3340 qui
798 3270 1094 3340 collegerit,
1125 3279 1254 3324 sunt
1281 3280 1460 3325 autem
1495 3284 1558 3324 ea
1613 3272 1836 3324 omnino
1862 3273 1996 3326 satis

427 3364 576 3415 clara
603 3361 651 3416 ei
683 3362 774 3430 qui
807 3369 1082 3430 utcunque
1109 3377 1332 3416 sensum
1371 3363 1648 3418 induxerit
1669 3366 1993 3434 mysticum:

427 3453 654 3524 pulchre
680 3454 826 3508 enim
861 3452 1196 3522 Apostolus‘
1221 3453 1385 3524 ligna,
1418 3454 1674 3523 stipulam
1700 3464 1754 3507 et
1789 3454 1994 3514 fenum.

428 3545 630 3598 malum
675 3547 921 3599 nominat
962 3545 1274 3608 aedilicium,
1335 3553 1624 3615 propterea
1679 3547 1824 3616 quod
1871 3547 1996 3601 talia

426 3635 652 3691 aedilicia
706 3636 840 3690 ﬁunt
891 3636 1028 3706 ignis
1060 3637 1112 3690 in
1165 3645 1408 3706 tempore
1451 3637 1664 3706 judicii,
1720 3647 1773 3691 et
1813 3639 1997 3693 sterile

427 3736 763 3783 sarmentum
819 3728 928 3797 igni
967 3729 1141 3783 solum
1191 3743 1314 3783 esse
1358 3736 1542 3798 aptum
1591 3732 1992 3799 pronuntiavit:

427 3830 480 3873 et
511 3821 684 3889 palea,
731 3821 905 3889 inquit
939 3834 1037 3872 vox
1071 3817 1370 3888 Evangelii,
1420 3829 1645 3889 paratur
1686 3820 1797 3888 igni
1831 3839 1842 3874 :
1876 3837 1996 3888 per-

427 3913 672 3982 spicuum
702 3919 807 3978 est,
853 3912 996 3980 quod
1039 3912 1180 3980 ligna
1208 3925 1329 3980 quae
1362 3911 1428 3965 ad
1461 3911 1639 3980 ignem
1675 3915 1993 3966 struendum

426 4003 777 4072 colliguntur,
823 4011 952 4056 sunt
1001 4001 1181 4055 inania
1230 4001 1394 4069 hujus
1421 4001 1548 4055 vita:
1582 4001 1784 4061 studia,
1844 4002 1998 4071 isque

425 4094 633 4162 estqui
664 4094 716 4146 in
748 4101 989 4162 tempore
1042 4092 1342 4160 percutitur
1391 4091 1686 4162 lapidibus.
1735 4110 1894 4164 quem
1950 4096 1995 4148 si

425 4186 552 4256 quis
609 4185 935 4238 intellexerit
971 4198 1090 4238 eam
1145 4199 1266 4252 quae
1310 4184 1376 4238 ad
1411 4185 1552 4238 mala
1602 4201 1870 4254 propensa
1913 4195 1998 4240 est

425 4276 832 4346 cogitationem,
881 4274 928 4328 is
968 4289 998 4327 a
1037 4289 1203 4343 scopo
1243 4276 1465 4328 minime
1511 4275 1866 4330 aberraverit.
1903 4276 1998 4332 Est

425 4376 606 4422 autem
641 4367 864 4420 omnino
893 4365 1322 4434 intelligendum,
1358 4367 1503 4437 quod
1539 4384 1658 4436 qua:
1684 4370 1872 4424 vitium
1907 4387 1999 4439 pe-

426 4457 1038 4522 rimuntcOgitationes,
1069 4471 1148 4511 eae
1177 4466 1306 4512 sunt
1340 4457 1566 4527 lapides,
1597 4461 1687 4529 qui
1716 4463 1784 4513 ab
1811 4461 1990 4516 Eccleo

2103 616 2375 686 σχήματός
2391 633 2448 670 τε
2465 617 2560 670 καὶ
2579 617 2742 670 τόπου
2763 620 2916 688 μένῃ.
2945 619 3094 671 Ἐπεὶ
3113 614 3204 672 οὖν
3229 619 3348 688 οὐχὶ
3369 619 3526 690 μέρει
3541 623 3671 681 τινὶ,

2103 706 2216 760 ἀλλ’
2241 706 2346 776 ὅλῳ
2367 710 2540 760 κεῖται
2567 707 2642 777 τῷ
2677 707 2772 760 ἀνθ
2783 707 2947 778 ρώπῳ
2969 708 3149 774 νόμος,
3170 709 3231 761 οὑ
3263 709 3464 779 μᾶλλον
3495 711 3675 781 ἀπρα-

2105 797 2356 862 κτοῦντες
2389 798 2458 850 δι’
2483 798 2599 861 ἐνὸς
2624 798 2732 850 τῶν
2760 799 2934 867 μελῶν
2955 799 3114 868 νόμον
3139 799 3464 867 φυλάξομεν,
3491 803 3539 853 εί
3562 803 3673 862 τοῖς

2103 885 2312 949 λοιποῖς
2371 887 2744 958 αἰσθητηρίοις
2786 889 2926 941 κατὰ
2982 888 3139 957 φύσιν
3185 888 3564 959 ἐνεργοῦντες,
3611 890 3673 943 τὸ

2103 978 2443 1049 προσταχθὲν
2462 978 2676 1050 παραλύ
2686 996 2885 1048 σωμεν.
2917 978 3078 1031 Ἀλλά
3102 979 3206 1050 μὴν
3231 978 3416 1032 θεόθεν
3435 979 3633 1048 ὁνόμος
3651 997 3667 1012 ο

2102 1070 2255 1124 οὐδὲν
2288 1071 2344 1123 δὲ
2389 1070 2497 1124 τῶν
2532 1072 2680 1141 παρὰ
2719 1071 2853 1124 Θεοῦ
2899 1072 3381 1142 προσταττομένων
3407 1071 3670 1124 τοιοῦτον⁶

2103 1161 2264 1214 οἱονεὶ
2297 1162 2447 1230 παρὰ
2485 1161 2648 1230 φύσιν
2672 1157 2834 1223 εἶναι,
2865 1162 2897 1231 ἢ
2923 1161 3028 1225 ἔξω
3048 1161 3140 1214 τοῦ
3167 1162 3286 1215 κατ’
3326 1163 3528 1234 ἀρετὴν
3555 1163 3666 1216 δεί-

2103 1251 2331 1305 κνυσθαι
2363 1251 2623 1321 λόγου.Ἢ
2652 1253 2708 1306 δὲ
2731 1255 2922 1320 ἄλογος
2961 1252 3146 1320 ἀργία,
3177 1253 3346 1324 ἀρετὴ
3371 1255 3471 1308 ούκ
3502 1254 3666 1308 ἐστιν.

2103 1345 2294 1412 Ζητεῖν
2323 1345 2431 1416 ἄρα
2459 1347 2721 1415 προσήκει
2751 1345 2802 1397 τί
2825 1343 3072 1414 βούλεται
3090 1345 3152 1398 τὸ
3175 1345 3539 1418 παράγγελμα
3567 1347 3669 1418 τῆς

2104 1435 2198 1488 τοῦ
2229 1435 2511 1490 Σαϐϐάτου
2545 1437 2764 1508 ἀργίας.

2171 1622 2318 1691 Φημὶ
2343 1620 2522 1675 τοίνυν
2551 1619 2662 1690 ἐγὼ
2690 1621 2869 1691 πάσης
2897 1621 3215 1690 νομοθεσίας
3245 1621 3345 1690 τῆς
3373 1621 3556 1674 θεόθεν
3578 1637 3672 1689 γε·

2104 1713 2408 1782 γενημένης
2450 1713 2544 1766 ἕνα
2592 1712 2790 1765 σκοπὸν
2820 1707 2977 1775 εἶναι,
3011 1711 3072 1765 τὸ
3099 1711 3424 1782 καθαρεύειν
3460 1712 3538 1783 τῷ
3572 1714 3670 1782 τῆς

2106 1804 2304 1866 κακίας
2347 1803 2491 1874 ἔργῳ
2539 1804 2663 1865 τοὺς
2709 1801 3056 1873 δειξαμένους
3092 1801 3184 1854 τὸν
3223 1801 3402 1871 νόμον,
3437 1803 3530 1856 καὶ
3562 1805 3667 1864 πᾶς

2102 1897 2263 1965 νόμος
2292 1896 2320 1947 ό
2346 1896 2412 1947 τὰ
2443 1896 2786 1965 ἀπειρημένα
2815 1893 3036 1948 κωλύων
3058 1893 3399 1958 σαὸϐατίζειν
3429 1894 3537 1947 ἀπὸ
3561 1895 3670 1947 τῶν

2104 1985 2351 2058 πονηρῶν
2373 1985 2546 2056 ἔργων
2574 1985 2962 2040 διακελεύεται.
2987 1985 3157 2038 Τοῦτο
3179 1986 3236 2038 αἱ
3265 1984 3484 2050 πλάκες,
3513 1985 3670 2039 τοῦτο

2102 2078 2137 2150 ἡ
2168 2077 2422 2147 Λευῖτικὴ
2458 2078 2854 2147 παρατήρησις,
2884 2074 3041 2128 τοῦτο
3079 2077 3112 2146 ἡ
3161 2077 3220 2128 ἐν
3247 2073 3323 2146 τῷ
3351 2077 3669 2146 Δευτερονο·

2104 2167 2212 2239 μίῳ
2256 2166 2526 2237 άκρίόεια,
2553 2166 2614 2220 τό
2639 2168 2840 2238 ἀργοὺς
2868 2168 3015 2239 ἡμᾶς
3041 2167 3136 2220 καὶ
3181 2166 3495 2237 ἀπράκτους
3526 2168 3668 2220 ἐκείο

2097 2275 2204 2311 νων
2234 2252 2390 2324 εἶναι,
2416 2251 2490 2312 ὧν
2518 2257 2580 2314 τὸ
2605 2257 2762 2331 ἔργον
2787 2259 2958 2316 κακία
2987 2257 3152 2314 ἐστίν.
3182 2259 3246 2313 Εἰ
3279 2258 3378 2331 μιν
3411 2253 3502 2312 οὖν
3529 2257 3670 2313 οὕτω

2099 2367 2182 2412 τις
2217 2350 2551 2420 ἐκλαμϐάνει
2579 2352 2668 2405 τὸν
2709 2353 2888 2422 νόμον,
2925 2351 3094 2423 ἀργὸν
3133 2353 3190 2404 ὲν
3216 2351 3384 2423 κακίᾳ
3413 2347 3554 2405 εἶναι
3578 2352 3668 2406 τὸν

2101 2440 2403 2512 ἄνθρωπον,
2439 2443 2591 2512 κάγὼ
2624 2445 2910 2515 συντίθημι
2938 2445 3028 2498 τὸν
3058 2443 3218 2513 σοφὸν
3243 2443 3667 2514 Ἐκκλησιαστὴν

2101 2535 2240 2588 κατὰ
2269 2536 2362 2589 τοῦ
2397 2537 2529 2602 ξύλα
2560 2537 2752 2590 ἑαυτοῦ
2784 2539 3124 2607 συνάγοντος,
3152 2537 3338 2606 καιρὸν
3363 2539 3565 2609 ὁρίζειν
3589 2539 3668 2602 εἰς

2099 2625 2160 2677 τὸ
2195 2626 2408 2696 βάλλειν
2432 2627 2632 2690 λίθους,
2653 2628 2719 2681 δι’
2741 2627 2801 2680 ὃν
2831 2621 3152 2698 κωλύεταίὴ
3184 2627 3414 2698 συλλογὴ
3440 2628 3546 2681 τῶν
3569 2627 3669 2698 τῆς

2101 2718 2297 2780 κακίας
2329 2718 2642 2790 φρυγάνων,
2667 2719 2774 2772 τῶν
2805 2721 2884 2783 είς
2905 2719 3073 2790 πυρὸς
3107 2718 3238 2790 ὓλην
3270 2717 3666 2790 συναγομένων.

2101 2810 2164 2862 Ei
2210 2810 2265 2863 δὲ
2307 2809 2531 2882 ψιλότης
2574 2810 2880 2882 παραμένει
2924 2811 3000 2881 τῷ
3057 2811 3359 2882 γράμματι,
3411 2812 3510 2864 οὐκ
3555 2808 3670 2864 οἶδα

2099 2902 2245 2966 ὅπως
2291 2902 2350 2954 τὸ
2387 2901 2691 2974 θεοπρεπὲς
2735 2905 2791 2956 ὲν
2828 2901 2904 2972 τῷ
2942 2903 3091 2973 νόμῳ
3125 2903 3413 2969 λογίσαιτο.
3461 2901 3668 2956 Οὐκοῦν

2101 2994 2317 3063 νοητέον
2341 2997 2465 3058 τοὺς
2494 2994 2673 3057 λίθους
2709 2995 2853 3057 τίνες
2886 2994 3023 3046 εἰσὶν
3065 2995 3113 3046 οἱ
3140 2995 3278 3048 κατὰ
3307 2993 3402 3048 τοῦ
3427 2993 3666 3046 τοιούτου

2104 3086 2440 3156 βαλλόμενοι,
2496 3087 2580 3139 ἵνα
2626 3087 2699 3156 μὴ
2749 3089 2828 3148 είς
2870 3085 3020 3148 τέλος
3047 3086 3294 3153 ἀφίκοιτο
3341 3087 3376 3155 ή
3414 3085 3540 3156 περὶ
3576 3086 3668 3137 τὸν

2103 3177 2476 3247 φρυγανισμδν
2525 3176 2750 3247 σπουδή.
2798 3177 2860 3229 El
2903 3176 2959 3229 δὲ
2988 3177 3055 3230 τά
3091 3175 3220 3240 ξύλα
3264 3175 3331 3230 δι’
3362 3169 3437 3230 ὧν
3467 3177 3528 3229 τὸ
3557 3174 3668 3247 πῦρ

2101 3269 2497 3340 ἐκκαυθήσεται
2539 3269 2620 3338 τῷ
2659 3268 3007 3338 συνειλοχότι,
3038 3266 3252 3330 πάντως
3286 3267 3341 3320 δὲ
3370 3268 3470 3320 οὐκ
3501 3266 3669 3338 ἄδηλα

2097 3360 2290 3421 ταῦτα,
2321 3358 2399 3429 τῷ
2427 3361 2521 3412 καὶ
2546 3358 2790 3413 ὁπωσοῦν
2830 3359 3084 3429 μυστικὸν
3112 3359 3441 3427 ὲπαγαγόντι
3475 3358 3631 3428 λόγον
3650 3377 3664 3391 ·

2097 3447 2132 3521 ἦ
2154 3451 2262 3521 γὰρ
2291 3450 2469 3512 καλῶς
2497 3452 2525 3504 ό
2552 3449 2872 3512 Ἀπόστολος
2895 3449 3046 3513 ξύλα,
3076 3449 3326 3520 καλάμην
3356 3451 3451 3504 καὶ
3477 3450 3665 3519 χόρτον

2097 3545 2194 3608 τὴν
2239 3541 2476 3613 πονηρὰν
2513 3541 2796 3612 οἰκοδομὴν
2841 3540 3113 3612 ὀνομάζει,
3153 3541 3286 3594 διότι
3330 3541 3398 3594 τὰ
3438 3541 3665 3595 τοιαῦτα

2097 3634 2502 3705 οἰκοδομήματα
2544 3635 2601 3688 ὲν
2641 3631 2719 3703 τῷ
2760 3633 2857 3703 τῆς
2902 3633 3134 3704 κρίσεως
3187 3632 3362 3702 καιρῷ
3413 3633 3523 3703 πῦρ
3581 3633 3663 3700 γί-

2098 3744 2269 3785 νεται,
2308 3727 2399 3779 καὶ
2456 3726 2517 3779 τὸ
2578 3725 2797 3796 ἄχυρον,
2855 3724 3018 3795 φησὶν
3103 3724 3137 3795 ἠ
3191 3723 3284 3776 τοῦ
3334 3724 3663 3792 Εὑαγγελίου

2099 3819 2270 3889 φωνὴ,
2307 3819 2439 3891 πυρὶ
2489 3819 2856 3890 ἐτοιμάζεται,
2892 3820 2985 3870 καὶ
3033 3817 3132 3888 τὴν
3163 3818 3408 3888 ἄκαρπον
3453 3816 3666 3888 κλημα-

2098 3912 2235 3974 τίδα,
2283 3911 2425 3981 μόνῳ
2475 3909 2690 3965 εὔθετον
2727 3909 2804 3980 τῷ
2844 3910 2978 3981 πυρὶ
3011 3910 3356 3980 ἀπεφήνατο·
3401 3908 3559 3978 δῆλον
3601 3909 3666 3963 ἄν

2096 4005 2202 4070 εἴη.
2233 4003 2315 4054 ὃτι
2358 4000 2489 4065 ξύλα
2517 4002 2665 4053 ἐστὶν
2717 4002 2794 4063 εἰς
2845 3999 3011 4072 πυρὸς
3044 3998 3396 4070 παρασκευὴν
3442 3999 3667 4066 συναγόι

2100 4111 2254 4165 μενα,
2285 4093 2353 4146 τὰ
2399 4095 2600 4162 μάταια
2645 4091 2738 4144 τοῦ
2785 4091 2898 4160 βίου
2927 4088 3350 4159 ἐπιτηδεύματα,
3380 4105 3474 4142 κα.
3513 4079 3664 4153 οὗτός

2097 4188 2242 4238 ἐστιν
2282 4187 2310 4238 ό
2340 4187 2397 4237 ὲν
2431 4183 2608 4254 καιρῷ
2639 4187 2749 4245 τοῖς
2784 4182 2948 4242 λίθοις
2993 4180 3335 4251 βαλλόμενος,
3369 4181 3535 4250 ὅνπερ
3573 4180 3664 4232 τὸν

2097 4280 2176 4340 εἰς
2205 4277 2272 4330 τὰ
2303 4276 2446 4330 κακὰ
2476 4275 2709 4347 ῥέποντα
2737 4273 2991 4342 λογισμόν
3019 4289 3100 4336 τις
3127 4274 3346 4340 νοήσας,
3375 4271 3471 4340 οὐχ
3493 4270 3665 4340 ἁμάρ-

2096 4386 2177 4424 τοι
2205 4368 2298 4422 τοῦ
2329 4369 2555 4430 δέοντος.
2583 4366 2700 4438 Χρὴ
2731 4365 2787 4418 δὲ
2825 4366 3041 4426 πάντως
3066 4366 3206 4416 νοεῖν
3243 4363 3323 4415 ὅτι
3353 4363 3402 4414 oi
3445 4363 3662 4432 ἀναιρε-

2097 4461 2240 4514 τικοὶ
2281 4461 2379 4530 τῆς
2427 4460 2625 4523 κακίας
2663 4458 2932 4528 λογισμοὶ,
2983 4450 3128 4510 οῦτοι
3180 4457 3317 4508 εἰσιν
3350 4456 3400 4506 oi
3434 4453 3569 4506 λίθοι
3611 4455 3660 4506 οἱ

426 4547 596 4602 siaste
650 4544 817 4600 funda
875 4552 1022 4600 recte
1075 4544 1376 4614 jaciuntur,
1425 4562 1564 4617 quos
1610 4564 1825 4619 semper
1855 4552 1990 4602 mitti

2100 4553 2365 4623 εὐστόχως
2415 4552 2520 4606 ὑπὸ
2567 4551 2660 4604 τοῦ
2721 4546 3142 4619 Ἐκκλησιαστοῦ
3201 4545 3659 4615 σφενδονούμενοι,

427 4648 642 4710 oportet
669 4648 724 4694 et
743 4637 944 4707 colligi.
980 4636 1116 4692 Mitti
1147 4638 1365 4708 quidem
1399 4640 1466 4692 ad
1493 4655 1614 4695 eum
1641 4641 1992 4697 evertendum

425 4730 520 4801 qui
550 4738 742 4785 contra
768 4730 931 4784 vitam
960 4738 1202 4786 nostram
1227 4731 1490 4800 erigitur;
1520 4733 1698 4804 colligi
1726 4741 1904 4789 autem
1927 4734 1994 4788 ad

427 4824 553 4888 hoc,
581 4829 640 4876 ut
671 4821 865 4876 animae
893 4829 1096 4876 nostra:
1127 4821 1285 4878 sinus
1308 4825 1500 4892 plenus
1529 4825 1601 4880 sit
1630 4826 1698 4882 iis
1725 4839 1995 4896 praepara-

403 4915 516 4980 _tis,
551 4923 610 4968 ut
645 4913 713 4967 ad
743 4927 963 4967 manum
1009 4913 1082 4968 sit
1108 4913 1256 4983 quod
1289 4913 1394 4984 jaci
1430 4915 1602 4985 possit
1649 4915 1702 4970 in
1733 4917 1992 4972 adversa-

424 5007 586 5072 rium,
614 5005 660 5061 si
689 5005 907 5076 quando
931 5006 1087 5060 aliter
1115 5007 1271 5062 nobis
1299 5005 1461 5062 fuerit
1483 5008 1787 5064 insidiatus.
1840 5009 1997 5064 l‘nde

423 5110 554 5167 ergo
570 5095 889 5166 colligemus
906 5094 1112 5164 lapides
1132 5096 1330 5165 quibus
1359 5096 1639 5152 inimicum
1661 5099 1999 5152 obruamus?

421 5185 619 5243 Audivi
645 5186 986 5256 prophetiam
1015 5187 1287 5242 dicentem
1311 5207 1324 5242 :
1370 5206 1388 5239 ι
1409 5187 1641 5259 Lapides
1665 5193 1843 5246 sancti
1879 5193 1996 5246 vol-

425 5288 630 5334 vuntur
651 5293 816 5350 super
861 5285 1063 5332 terram
1083 5280 1128 5332 '.
1165 5298 1184 5331 ›
1224 5277 1262 5332 li
1292 5286 1472 5333 autem
1505 5289 1658 5342 sunt.
1683 5297 1803 5351 qua:
1843 5297 1873 5336 a
1909 5283 1997 5338 di-

425 5369 629 5424 vinitus
646 5368 909 5438 inspirata
929 5368 1212 5438 Scriptura
1239 5369 1305 5423 ad
1331 5383 1430 5424 nos
1452 5371 1612 5424 verba
1636 5370 1991 5440 descendunt,

425 5475 546 5529 quae
582 5460 838 5530 colligere
881 5466 1097 5528 oportet
1137 5459 1190 5512 in
1236 5459 1361 5513 sinu
1393 5459 1608 5524 animae,
1648 5471 1706 5516 ut
1751 5463 1806 5518 in
1855 5472 1993 5521 tem-

426 5566 556 5618 pore
589 5551 660 5608 iis
687 5559 905 5605 utamur
952 5549 1216 5606 adversus
1259 5565 1356 5606 eos
1393 5550 1488 5620 qui
1517 5562 1647 5606 sunt
1676 5554 1836 5611 nobis
1871 5572 1991 5611 mo-

424 5640 545 5695 lesti
569 5657 583 5694 :
618 5656 852 5712 quorum
883 5648 967 5696 est
989 5639 1125 5695 adeo
1142 5640 1368 5710 pulcher
1379 5640 1583 5710 jactus,
1613 5651 1672 5699 ut
1701 5651 1756 5700 et
1775 5645 1986 5703 hostem

499 5819 562 5872 δι
593 5821 716 5875 Cui.
741 5839 817 5881 ιιι.
852 5823 930 5876 l2.
1008 5825 1027 5855 '
1061 5824 1226 5878 lat-It.
1259 5839 1333 5889 Ix,
1371 5826 1455 5882 16.

2101 4645 2193 4708 οὓς
2239 4646 2324 4698 ἀεὶ
2357 4645 2449 4698 καὶ
2483 4641 2793 4713 πέμπεσθαι
2832 4641 2956 4711 χρὴ.
2991 4639 3084 4692 καὶ
3127 4637 3479 4704 συνάγεσθαι·
3521 4635 3662 4706 πέμ-

2102 4737 2296 4790 πεσθαι
2345 4736 2445 4806 μὲν
2488 4735 2567 4797 εἰς
2611 4732 2926 4803 καθαίρεσιν
2952 4729 3045 4783 τοῦ
3091 4729 3230 4782 κατὰ
3264 4727 3364 4796 τῆς
3396 4727 3664 4798 ἡμετέρας

2102 4831 2246 4901 ζωῆς
2277 4829 2577 4898 ὑψουμένου
2599 4842 2612 4855 ·
2659 4824 2986 4892 συνάγεσθαι
3017 4822 3096 4886 ἃ,
3129 4823 3208 4884 είς
3245 4819 3304 4872 τὸ
3346 4818 3436 4872 ἀεὶ
3484 4819 3661 4889 πλήρη

2100 4915 2237 4973 εἶναι
2287 4919 2377 4972 τὸν
2431 4919 2526 4989 τῆς
2558 4917 2734 4986 ψυχῆς
2779 4915 2976 4967 κόλπον
3018 4911 3125 4964 τῶν
3181 4908 3435 4963 τοιούτων
3484 4925 3663 4979 παρα-

2102 5013 2329 5077 σκευῶν,
2363 5011 2500 5065 ὥστε
2533 5009 2822 5080 πρόχειρον
2854 5001 2991 5058 εἶναι
3014 5003 3154 5057 κατά
3185 4999 3281 5054 τοῦ
3342 5001 3534 5074 ἐχθροῦ
3563 5000 3661 5070 τὴν

2101 5102 2280 5174 βολήν,
2306 5103 2485 5154 εἴποτε
2506 5099 2679 5158 ἄλλως
2712 5097 2810 5164 τὴν
2843 5092 3134 5163 καθ’ἡμῶν
3165 5089 3452 5159 ἐπιϐουλὴν
3477 5090 3659 5158 ὲννοή·

2100 5211 2264 5247 σειεν,
2297 5193 2465 5246 Πόθεν
2497 5185 2590 5244 οὖν
2619 5188 3010 5255 συναγάγωμεν
3037 5182 3214 5245 λίθους
3241 5175 3321 5244 οἷς
3349 5181 3441 5233 τὸν
3471 5179 3662 5252 ἐχθρὸν

2097 5283 2534 5352 καταχώσωμενς
2569 5281 2812 5332 Ἤκουσα
2862 5276 2960 5345 τῆς
2999 5273 3334 5345 προφητείας
3378 5271 3659 5341 εἰπούσης.

2094 5387 2112 5419 ι
2153 5367 2306 5423 Λίθοι
2344 5367 2491 5435 ἆγιοι
2529 5365 2797 5420 κυλίονται
2835 5366 2929 5417 ἐπὶ
2957 5365 3057 5434 τῆς
3087 5365 3209 5435 γῆς.
3252 5383 3269 5416 ι
3305 5359 3462 5419 Οὗτοι
3508 5365 3553 5418 δ’
3590 5365 3658 5421 ἂν

2091 5455 2200 5512 εἷεν
2224 5459 2331 5513 ἀπὸ
2355 5460 2452 5528 τῆς
2471 5456 2829 5511 θεοπνεύστου
2861 5456 3082 5527 Γραφῆς
3104 5458 3183 5520 είς
3214 5457 3357 5527 ἡμᾶς
3387 5457 3663 5521 κατιόντες

2092 5551 2261 5620 λόγοι,
2278 5549 2370 5612 οὓς
2395 5550 2498 5621 χρὴ
2527 5551 2848 5617 συναγαγεῖν
2870 5550 2927 5601 ὲν
2953 5547 3032 5619 τῷ
3057 5551 3154 5621 τῆς
3173 5549 3351 5621 ψυχῆς
3373 5551 3575 5620 κόλπῳ,
3593 5549 3660 5603 ἶν’

2097 5647 2154 5697 ὲν
2177 5639 2352 5714 καιρῷ
2382 5639 2522 5694 κατὰ
2544 5641 2652 5694 τῶν
2675 5639 2985 5694 λυπούντων
3007 5638 3355 5713 χρησώμεθα,
3388 5635 3506 5713 ὦνὴ
3531 5641 3658 5714 βολὴ
