4110 6492
374 436 484 494 ἹΠ
1391 432 1460 487 ΙΝ
1499 431 2032 491 ECCLESIASTEN.
2066 430 2357 490 HOMILIA
2398 436 2506 490 ΥΠ.
3326 432 3329 435 ’
3513 442 3614 495 7³η

374 550 525 605 οὕτω
563 546 725 617 καλὴ.
768 547 862 602 καὶ
891 548 1106 617 ἀναιρεῖ
1144 545 1234 599 τὸν
1264 546 1543 616 πολέμιον,
1596 548 1690 599 καὶ
1717 546 1817 614 τῆς
1850 544 1945 599 τοῦ

2049 545 2386 610 interimant,
2414 554 2470 602 et
2498 546 2568 601 ab
2584 544 2716 615 'ejt'ts
2743 544 2837 615 qui
2862 542 3002 614 jaclt
3030 556 3196 597 manu
3223 554 3335 595 non
3358 554 3594 609 separo»

379 642 661 713 βάλλοντος
692 638 872 709 χειρὸς
900 638 960 691 οὐ
996 637 1298 707 χωρίζεται.
1346 639 1404 691 '0
1437 638 1547 708 γὰρ
1581 636 1659 707 τῷ
1688 636 1819 707 λίθῳ
1850 637 1946 706 τῆς

2046 644 2155 691 tur.
2192 638 2295 703 Qui
2326 638 2473 692 enim
2502 637 2685 705 lapide
2717 633 3092 704 temperantia:
3123 631 3450 701 impudicam
3483 645 3607 699 pro.
3640 678 3644 691 ,

378 731 731 799 σωφροσύνης
779 728 1125 781 καταϐάλλων
1185 726 1275 779 τὸν
1325 726 1621 780 ἀκόλαστον
1667 725 1942 795 λογισμὸν,

376 820 467 874 τὸν
494 821 580 873 διὰ
607 819 716 871 τῶν
740 818 942 888 ἡδονῶν
957 818 1053 880 τὰς
1085 816 1178 870 τοῦ
1208 818 1372 887 πυρὸς
1391 817 1522 879 ὔλας
1549 816 1946 887 φρυγανιζόμε-

376 928 486 971 νον,
534 910 787 961 κάκεῖνον
814 909 878 976 τῇ
908 905 1035 975 βολῇ
1084 904 1514 975 κατηγωνίσατο,
1543 906 1634 958 καὶ
1661 904 1745 957 διὰ
1767 902 1945 974 χειρὸς

377 1002 463 1053 άεὶ
496 999 649 1070 φέρει
685 998 746 1050 τὸ
789 997 970 1050 ὅπλον.
1017 994 1176 1049 Οὕτω
1218 996 1311 1048 καὶ
1359 998 1392 1066 ἡ
1438 995 1748 1064 δικαιοσύνη
1799 995 1943 1057 λίθος

376 1089 517 1141 κατὰ
552 1089 649 1156 τῆς
698 1087 906 1149 ἀδικίας
943 1086 1170 1153 γίνεται,
1206 1085 1462 1154 κάκείνην
1490 1086 1722 1155 ἀναιρεῖ,
1753 1084 1847 1151 καὶ
1887 1086 1943 1136 ἐν

376 1176 453 1247 τῷ
507 1178 691 1247 κόλπῳ
728 1176 819 1230 τοῦ
874 1176 1208 1246 προσεμένου
1256 1175 1597 1244 φυλάττεται.
1652 1175 1806 1229 Κατά
1852 1175 1942 1226 τὸν

373 1271 538 1323 αὑτὸν
569 1269 767 1340 τρόπον
807 1267 985 1321 πάντα
1011 1268 1145 1338 πρὸς
1176 1268 1237 1320 τὸ
1264 1271 1506 1339 κρεῖττον
1540 1266 1817 1335 νοούμενα,
1846 1268 1942 1320 ἀν-

376 1362 628 1432 αιρετικά
659 1361 767 1414 τῶν
787 1360 1042 1430 χειρόνων
1073 1360 1299 1427 γίνεται,
1328 1359 1533 1411 καὶτοῦ
1562 1358 1942 1428 κατορθοῦντος

373 1454 472 1525 τὴν
498 1452 694 1523 ἀρετὴν
722 1452 783 1505 οὐ
817 1450 1125 1521 χωρίζεται.
1164 1451 1319 1503 Κατά
1349 1466 1405 1501 τε
1443 1449 1533 1500 τὸν
1562 1448 1822 1518 ἡμέτερον
1857 1448 1943 1500 λό-

375 1563 491 1613 γον,
525 1543 693 1606 οὕτως
728 1541 833 1613 χρὴ
859 1545 917 1595 ὲν
947 1540 1120 1611 καιρῷ
1150 1540 1329 1609 βαλεῖν
1361 1541 1481 1602 τοὺς
1526 1540 1722 1602 λίθους,
1765 1541 1941 1607 καὶέν

371 1634 551 1705 καιρῷ
608 1635 932 1701 συναγαγεῖν
982 1630 1181 1693 λίθους,
1210 1630 1284 1693 ὠς
1320 1630 1414 1682 καὶ
1445 1630 1529 1681 ἀεὶ
1580 1630 1816 1698 πέμπειν
1848 1630 1941 1693 τὰς

372 1724 583 1792 ἀγαθάς
614 1722 771 1792 βολὰς
815 1722 907 1774 ἐπὶ
944 1721 1004 1772 τὸ
1032 1718 1316 1772 καταλύειν
1355 1718 1420 1771 τὰ
1449 1719 1684 1788 χείρονα,
1718 1718 1810 1769 κα)⁵
1841 1736 1942 1787 μη-

2048 731 2247 784 sternit
2285 729 2701 798 cogitationem,
2733 742 2855 795 quas
2892 740 2989 795 per
3017 726 3321 792 voluptates
3352 723 3607 777 sarmenti

2046 820 2155 890 igni
2190 821 2469 875 materiam
2494 819 2823 889 suppeditat,
2854 819 2999 871 illam
3027 818 3176 886 jactu
3205 825 3447 885 superat,
3472 824 3526 868 et
3553 814 3609 868 in

2045 926 2205 964 manu
2241 925 2454 979 semper
2491 908 2594 964 fert
2626 924 2801 962 arma.
2838 908 2918 961 Ita
2938 909 3102 960 etiam
3129 906 3343 973 justitia
3376 904 3436 957 ﬁt
3471 903 3608 972 lapis

2045 1004 2309 1057 adversus
2349 1002 2696 1069 injustitiam,
2727 1001 2982 1068 illamque
3013 998 3252 1068 perimit,
3279 1005 3331 1051 et
3359 1004 3610 1051 servatur

2043 1094 2099 1146 in
2125 1096 2247 1148 sinu
2275 1094 2394 1161 ejus
2424 1094 2517 1161 qui
2563 1093 2802 1147 admisit.
2835 1091 3034 1146 Eodem
3082 1090 3244 1144 modo
3277 1091 3457 1144 omnia
3489 1106 3610 1160 qua:

2042 1185 2111 1239 de
2156 1200 2223 1238 eo
2252 1185 2396 1253 quod
2438 1192 2523 1239 est
2572 1184 2768 1239 melius
2812 1183 3212 1251 intelliguntur,
3248 1190 3303 1236 et
3340 1183 3606 1237 deteriora

2044 1277 2340 1344 perimunt,
2370 1284 2424 1328 et
2447 1291 2555 1328 non
2590 1283 2917 1343 separantur
2939 1273 3009 1327 ab
3035 1286 3100 1325 eo
3121 1273 3213 1340 qui
3236 1288 3303 1326 ex
3329 1274 3530 1327 virtute
3550 1288 3610 1327 se

2042 1361 2199 1428 gerit.
2232 1359 2347 1414 Mea
2373 1360 2593 1429 quidem
2622 1360 2897 1413 sententia
2932 1366 3148 1427 oportet
3172 1358 3244 1410 ita
3280 1359 3333 1410 in
3362 1366 3609 1428 tempore

2038 1453 2219 1520 jacere
2250 1453 2476 1521 lapides.
2508 1461 2560 1506 et
2586 1452 2641 1506 in
2669 1462 2912 1518 tempore
2940 1450 3194 1519 colligere
3224 1450 3448 1517 lapides,
3475 1460 3533 1504 ut
3556 1461 3610 1505 et

2043 1554 2257 1609 semper
2290 1540 2461 1593 bonos
2490 1541 2771 1593 mittamus
2802 1538 3008 1607 jactus,
3039 1540 3103 1591 ad
3137 1539 3466 1608 proﬂiganda
3489 1557 3609 1610 qua:

2043 1638 2171 1683 sunt
2198 1630 2488 1692 deteriora,
2517 1640 2571 1683 et
2602 1631 2758 1685 nobis
2788 1646 3063 1699 utinquam
3095 1632 3307 1685 deliciat
3340 1632 3606 1699 ejusmodi

2042 1736 2318 1776 armorum
2355 1724 2533 1791 capia.
2572 1722 2677 1788 Qui
2709 1733 2889 1776 autem
2918 1723 3177 1792 deinceps
3201 1724 3450 1792 sequitur
3484 1741 3606 1779 ver-

375 1815 565 1867 δέποτε
596 1816 763 1884 ημᾶς
812 1811 1111 1863 ἐπιλείπειν
1156 1809 1263 1862 τῶν
1310 1808 1561 1861 τοιούτων
1612 1808 1790 1860 ὅπλων
1842 1809 1939 1877 τὴν

2046 1813 2234 1866 horum
2264 1822 2572 1876 contextus,
2603 1815 2788 1869 deﬁnit
2815 1823 3028 1885 tempus
3056 1824 3111 1870 et
3135 1814 3604 1883 importunitatem

375 1876 670 1973 dcpﬁoviav:
707 1902 771 1954 'H
815 1902 873 1954 δὲ
910 1899 1103 1970 ἑφεξῆς
1157 1898 1297 1952 κατὰ
1337 1897 1397 1950 τὸ
1442 1898 1729 1950 ἀκόλουθον
1762 1876 1939 1965 ἐγκει-

2046 1901 2328 1972 cujusdam
2361 1903 2699 1973 complexus.

372 1998 515 2068 μένη
548 1996 725 2068 ρἧις,
766 1992 1109 2064 περιλήψεώς
1145 2010 1285 2055 τινος
1332 1992 1521 2063 καιρὸν
1552 1992 1648 2044 καὶ
1690 1990 1943 2063 ἀκαιρίαν
1988 1989 2012 2007 ’

373 2090 639 2161 ὁρίζεται.

452 2180 603 2249 Ἔχει
629 2176 687 2230 δὲ
723 2177 757 2247 ἡ
795 2174 938 2238 λέξις
964 2172 1169 2236 οὓτως·
1214 2191 1231 2223 ι
1262 2173 1465 2245 Καιρδς
1492 2172 1585 2225 τοῦ
1614 2171 1940 2243 περιλαϐεῖν,

375 2272 470 2325 καὶ
496 2269 682 2340 καιρὸς
709 2266 801 2321 τοῦ
826 2266 1194 2338 μακρυνθῆναι
1223 2266 1329 2318 ἀπὸ
1352 2265 1708 2337 περιλήψεως.
1726 2286 1743 2316 ι
1761 2264 1945 2318 Ταῦτα

370 2362 433 2415 δὲ
459 2362 561 2414 οὐκ
584 2359 648 2412 ἂν
678 2358 851 2421 ἄλλως
877 2358 1080 2426 γένοιτο
1108 2357 1238 2427 ἡμῖν
1275 2360 1559 2427 καταφανῆ
1586 2356 1651 2410 τά
1677 2360 1942 2427 νοήματα,

377 2452 455 2522 μὴ
488 2452 584 2521 τῆς
621 2450 817 2516 λέξεως
848 2448 1107 2519 πρότερον
1134 2446 1223 2500 διὰ
1255 2449 1351 2517 τῆς
1381 2449 1600 2519 Γραφῆς
1629 2448 1941 2520 νοηθεισης.

373 2542 515 2595 ὥστε
550 2538 798 2608 γενέσθαι
850 2538 1007 2607 δῆλον
1046 2540 1197 2607 ἡμῖν,
1251 2538 1341 2589 ἐπὶ
1388 2538 1527 2601 τίνος
1571 2533 1708 2590 οἶδεν
1752 2540 1779 2590 ό
1830 2537 1945 2589 θεό-

374 2648 636 2693 πνευστος
683 2630 836 2697 λόγος
884 2632 949 2699 τῇ
998 2630 1146 2699 φωνῇ
1198 2628 1515 2699 κεχρῆσθαι.
1568 2632 1631 2681 Ὃ
1665 2629 1760 2699 μὲν
1798 2625 1888 2681 οὖν
1916 2630 1944 2679 ὁ

374 2724 551 2793 μέγας
579 2721 738 2773 Δαϐὶδ
769 2719 853 2773 διά
879 2718 1104 2789 ψαλμῶν
1136 2719 1448 2789 διεσήμανε,
1480 2721 1575 2772 καὶ
1606 2721 1701 2790 βοᾷ
1733 2719 1904 2786 λέγων
1926 2736 1940 2749 ·

378 2812 745 2867 ιΚυκλώσατε
777 2809 931 2875 Σιὼν,
959 2811 1051 2863 καὶ
1077 2810 1400 2881 περιλάϐετε
1433 2811 1625 2880 αὐτήνο
1653 2830 1671 2861 ι
1697 2811 1855 2874 αὐτὸς
1888 2811 1943 2863 δὲ

370 2902 530 2969 οὗτος
562 2908 589 2958 ὁ
622 2903 888 2974 Σολομῶν,
936 2904 1023 2955 ὅτε
1066 2901 1162 2973 τὴν
1210 2901 1508 2955 ἐνδιάθετον
1568 2900 1738 2953 ἐποίει
1787 2902 1947 2964 συζυο

374 3000 503 3067 γίαν
532 2998 625 3051 τοῦ
653 2996 927 3069 ἐρωτικῶς
970 2995 1102 3067 πρὸς
1139 2996 1236 3067 τὴν
1280 2995 1470 3065 σοφίαν
1501 2995 1846 3057 διατεθέντας,
1878 2996 1946 3050 τά

370 3108 437 3143 τε
484 3090 618 3144 ἄλλα
651 3090 802 3159 φησὶ,
842 3088 907 3141 δι’
931 3081 1004 3142 ὧν
1050 3088 1254 3156 γίνεται
1286 3089 1415 3158 ἡμῖν
1444 3088 1580 3159 πρὸς
1615 3087 1712 3158 τὴν
1749 3087 1945 3157 ἀρετὴν

376 3183 662 3250 συνάφεια.
698 3180 792 3234 καὶ
818 3179 975 3232 τοῦτο
1006 3181 1199 3247 ὲπάγει
1221 3195 1233 3207 ·
1264 3198 1282 3227 ι
1305 3179 1346 3230 Τ
1354 3179 1544 3249 ίμησον
1575 3179 1762 3248 αὐτὴν,
1782 3179 1865 3230 ῖνα
1885 3195 1941 3231 σε

376 3274 667 3346 περιλάϐῃ.
692 3292 710 3322 ι
748 3271 810 3324 Ei
836 3269 927 3325 οὖν
958 3271 1119 3324 Δαϐὶδ
1136 3270 1229 3341 τὴν
1249 3268 1384 3322 Σιὼν
1414 3272 1558 3340 ἡμᾶς
1576 3269 1943 3340 παρακελεύε-

373 3384 469 3419 ται
522 3365 979 3435 περιλαμϐάνειν·
1016 3362 1267 3432 Σολομὼν
1314 3361 1370 3414 δὲ
1418 3363 1542 3424 τοὺς
1589 3362 1947 3432 τετιμηκότας

376 3458 479 3529 τὴν
515 3457 703 3525 σοφίαν
732 3460 861 3528 παρ’
891 3455 1060 3525 αὐτῆς
1101 3452 1216 3507 εἶπε
1254 3453 1772 3524 περιλαμϐάνεσθαι,
1808 3454 1947 3525 τάχα

372 3549 477 3615 τῆς
504 3546 881 3617 προσηκούσης
910 3546 1114 3608 ἐννοίας
1136 3545 1232 3613 οὐχ
1260 3545 1663 3614 ἁμαρτάνομεν,
1688 3543 1948 3614 μαθόντες

374 3638 442 3689 τὸ
471 3640 723 3707 πρᾶγμα,
773 3632 832 3691 οὗ
873 3636 1125 3705 εὔκαιρός
1158 3637 1301 3687 ἐστιν
1334 3637 1367 3704 ἡ
1402 3634 1706 3707 περίληψις-
1743 3635 1815 3687 Τὸ
1842 3636 1945 3705 γὰρ

374 3728 518 3782 Σιὼν
562 3730 684 3798 ὅρος
714 3729 828 3781 ἐστὶ
855 3732 951 3799 τῆς
989 3727 1367 3799 Ἰεροσολύμων
1401 3727 1573 3797 ἄκρας
1620 3728 1946 3797 ὑπερφαινό-

377 3839 562 3892 μενον.
621 3822 677 3873 ’0
707 3818 797 3875 οὖν
834 3821 1037 3890 ταύτην
1074 3838 1132 3873 σε
1184 3818 1607 3891 περιλαμϐάνειν
1653 3821 1947 3890 προτρεπό-

383 3928 565 3981 μενος,
596 3914 661 3981 τῇ
694 3910 869 3981 ὑψηλῇ
902 3910 1143 3981 πολιτείᾳ
1172 3910 1387 3980 συμφυῆ
1414 3906 1549 3962 εἶναι
1586 3911 1947 3979 παρακελεύε-

375 4020 472 4055 ται
505 4001 644 4055 ῶστε
678 4004 758 4065 είς
801 4002 966 4071 αὐτὴν
1000 4000 1201 4069 φθάσαι
1236 4000 1340 4051 τῶν
1388 3999 1595 4069 ἀρετῶν
1639 3999 1734 4070 τὴν
1782 4001 1947 4071 ἀκρό-

380 4092 557 4156 πολιν,
590 4093 653 4163 ἣν
683 4091 759 4161 τῷ
783 4092 1005 4160 ὀνόματι
1031 4090 1167 4142 Σιὼν
1197 4088 1495 4160 παραδηλοῖ
1513 4090 1578 4141 δι’
1608 4088 1946 4159 αἰνίγματος.

392 4185 455 4237 '0
507 4185 562 4237 δὲ
610 4185 711 4253 τῆς
764 4184 952 4251 σοφίας
990 4182 1391 4245 ἐσσυνοικίζων,
1438 4180 1535 4251 τὴν
1569 4181 1695 4249 παρ’
1726 4180 1950 4242 ἐκείνοις

378 4276 658 4345 ἑπομένην
682 4274 970 4345 περίληψίν
998 4291 1078 4326 σοι
1115 4271 1541 4341 εὐαγγελίζεται.
1585 4272 1789 4324 Οὐκοῦν
1825 4289 1947 4325 και-

378 4367 479 4440 ρός
523 4368 638 4419 ὲστι
680 4364 815 4419 Σιὼν
863 4364 1305 4437 περιλαμϐάνειν,
1343 4364 1433 4416 καὶ
1476 4360 1578 4440 ὑπὸ
1618 4364 1717 4431 τῆς
1762 4362 1949 4431 σοφίας

383 4432 911 4527 περιλαμϐάνεσθαι,
935 4432 1035 4509 τοῦ
1073 4455 1170 4527 μὲν
1205 4455 1464 4525 ὀνόματος
1492 4432 1627 4505 Σιὼν
1661 4453 1718 4505 τὸ
1750 4454 1949 4524 ὑψηλὸν

2115 2176 2205 2230 Sic
2233 2186 2409 2231 autem
2442 2178 2605 2232 habet
2632 2180 3021 2234 contextusz5.
3062 2199 3080 2232 ι
3100 2179 3339 2250 Tempus
3361 2188 3445 2236 est
3466 2196 3608 2236 com-

2044 2268 2339 2338 plectendi,
2396 2278 2450 2322 et
2492 2278 2705 2339 tempus
2757 2280 2841 2325 est
2888 2272 3074 2340 procul
3106 2288 3163 2326 se
3209 2271 3518 2326 removendi
3576 2288 3606 2325 a

2044 2361 2395 2430 complexu.»
2455 2357 2573 2415 Non
2626 2362 2732 2415 erit
2780 2371 2959 2417 autem
3010 2379 3207 2419 sensus
3249 2364 3409 2419 nobis
3451 2366 3608 2419 aliter

2044 2453 2247 2515 clarus,
2289 2467 2453 2521 quam
2513 2453 2557 2507 si
2592 2462 2882 2509 contextus
2926 2470 3023 2524 per
3073 2454 3411 2526 Scripturam
3443 2456 3609 2512 fuerit

2044 2544 2195 2612 prius
2224 2544 2554 2607 intellectus,
2588 2552 2647 2597 ut
2693 2544 2851 2599 nobis
2879 2545 2973 2599 ﬁat
3001 2547 3348 2615 perspicuum
3386 2548 3439 2601 in
3471 2564 3609 2616 quo-

2045 2649 2169 2686 nam
2211 2634 2475 2688 divinitus
2513 2634 2776 2701 inspirata
2824 2633 3105 2704 Scriptura
3162 2652 3294 2691 voce
3337 2638 3415 2690 uti
3448 2639 3610 2692 sciat.

2044 2723 2220 2792 Atque
2253 2738 2483 2791 magnus
2512 2725 2737 2793 quidem
2768 2723 2934 2777 David
2966 2725 3067 2778 hoc
3092 2726 3145 2777 in
3181 2724 3414 2779 Psalmis
3444 2727 3613 2795 signi-

2047 2816 2243 2869 ﬁcavit.
2279 2814 2489 2869 Clamat
2513 2816 2657 2869 enim
2690 2816 2880 2870 dicens
2907 2835 2919 2870 :
2959 2814 3347 2871 «Circumdate
3378 2816 3530 2884 Sion,
3556 2829 3613 2874 et

2045 2906 2470 2974 complectimini
2523 2907 2740 2959 απυδ.»
2786 2905 2883 2958 llic
2935 2907 3050 2976 ipse
3098 2915 3279 2960 autem
3330 2907 3610 2971 Salomon,

2046 2996 2263 3064 quando
2286 2995 2619 3047 intrinsecus
2647 2995 2876 3063 positam
2911 2992 3143 3048 faciebat
3170 2994 3608 3063 conjunctionem

2045 3087 2164 3154 ejus
2197 3087 2289 3155 qui
2318 3100 2504 3139 amore
2528 3094 2723 3155 captus
2751 3095 2865 3139 erat
2899 3084 3201 3154 sapientiae,
3235 3094 3288 3139 et
3317 3086 3421 3140 alia
3454 3087 3608 3146 dicit,

2046 3194 2142 3247 per
2169 3194 2288 3248 quae
2328 3177 2383 3231 ﬁt
2414 3178 2575 3233 nobis
2617 3193 2741 3231 cum
2792 3177 2994 3231 virtute
3025 3176 3359 3245 conjunctio,
3406 3186 3459 3231 et
3505 3177 3610 3231 hoc

2046 3272 2344 3339 subjungit,
2391 3270 2608 3325 Honora
2650 3269 2844 3339 ipsam,
2896 3278 2955 3323 ut
2994 3279 3050 3324 te
3098 3271 3516 3339 complectatur.
3552 3270 3611 3324 Si

2047 3376 2174 3429 ergo
2201 3359 2367 3414 David
2393 3360 2550 3429 jubet
2586 3374 2687 3412 nos
2711 3357 2842 3411 Sion
2868 3360 3190 3429 complecti:
3227 3357 3483 3414 Salomon
3515 3374 3613 3413 au-

2044 3464 2154 3509 tem
2207 3454 2341 3507 dicit
2378 3470 2471 3508 eos
2512 3455 2603 3522 qui
2656 3453 2998 3507 honorarunt
3040 3453 3386 3522 sapientiam,
3439 3453 3611 3522 ipsam

2047 3545 2335 3613 complecti
2361 3546 2403 3608 ⁷,
2438 3560 2466 3597 a
2498 3544 2855 3599 conveniente
2896 3559 3060 3597 sensu
3090 3543 3227 3597 forte
3254 3560 3363 3597 non
3390 3543 3613 3597 aberra-

2048 3653 2190 3701 mus,
2251 3637 2295 3691 si
2349 3652 2460 3691 rem
2513 3636 2867 3690 didicerimus
2919 3636 3080 3703 cujus
3126 3644 3211 3690 est
3253 3634 3613 3704 tempestivus

2048 3728 2381 3795 complexus.
2422 3726 2550 3781 Sion
2599 3727 2744 3780 enim
2792 3742 2947 3779 mons
2977 3736 3061 3782 est
3092 3725 3612 3797 Hierosolymorum,

2045 3821 2139 3888 qui
2166 3835 2328 3889 super
2349 3834 2529 3873 arcem
2559 3819 2778 3872 eminet.
2808 3818 2908 3884 Qui
2926 3834 3057 3889 ergo
3078 3818 3399 3871 adhortatur
3417 3827 3474 3871 ut
3493 3834 3613 3873 eam

2050 3913 2450 3980 complectaris,
2485 3910 2640 3978 jubet
2669 3919 2727 3963 ut
2750 3910 2973 3964 sublimi
3008 3910 3132 3963 vita:
3153 3910 3374 3979 agendae
3405 3910 3614 3963 ratione

2046 4004 2348 4065 coalescas,
2403 4009 2459 4055 ut
2496 4004 2781 4070 pervenias
2815 4004 2880 4054 ad
2909 4002 3080 4069 ipsam
3109 4015 3287 4054 arcem
3328 4001 3612 4063 virtutum,

2048 4110 2212 4163 quam
2243 4093 2345 4147 sub
2374 4092 2591 4145 nomine
2624 4089 2753 4145 Sion
2785 4090 3056 4159 signiﬁcat
3085 4090 3139 4143 in
3166 4090 3472 4159 aenigmate.
3509 4088 3611 4156 Qui

2050 4200 2180 4251 ergo
2210 4193 2387 4237 tecum
2414 4183 2660 4236 habitare
2686 4182 2801 4235 vult
2831 4180 3178 4250 sapientiam,
3211 4195 3335 4234 eum
3359 4181 3452 4249 qui
3472 4182 3615 4250 apud

2050 4274 2174 4327 illos
2203 4273 2450 4343 sequitur
2479 4274 2769 4326 annuntiat
2806 4273 2905 4328 tibi
2948 4273 3311 4343 complexum.
3356 4273 3451 4328 Est
3486 4289 3615 4345 ergo

2051 4372 2264 4434 tempus
2291 4363 2682 4431 complectendi
2716 4363 2871 4427 Sion,
2907 4372 2961 4418 et
2992 4372 3208 4435 tempus
3236 4373 3295 4418 ut
3331 4381 3432 4421 nos
3465 4381 3615 4419 com-

2053 4456 2320 4525 plectatur
2341 4456 2626 4525 sapientia,
2654 4456 2874 4510 nomine
2890 4456 3111 4525 quidem
3135 4458 3267 4511 Sion
3291 4457 3615 4512 ostendente

379 4554 483 4618 τῆς
518 4550 788 4612 πολιτείας
824 4548 1263 4618 ἐνδεικνυμένου,
1296 4547 1393 4616 τῆς
1437 4546 1493 4598 δὲ
1543 4545 1733 4614 σοφίας
1772 4548 1946 4598 πᾶσαν

2053 4546 2435 4601 sublimitatem
2464 4546 2583 4599 vitae
2602 4545 2823 4615 agenda:
2854 4547 3117 4613 rationis;
3150 4549 3413 4617 sapientia
3436 4559 3613 4603 autem

380 4638 493 4692 ἀπὸ
531 4639 729 4708 μέρους
762 4639 858 4708 τὴν
898 4639 1097 4708 ἀρετὴν
1126 4637 1192 4689 δι’
1214 4636 1415 4705 ἑαυτῆς
1454 4636 1838 4707 σημαινούσης.
1887 4638 1946 4691 ΕΞ

2048 4654 2112 4691 ex
2162 4648 2312 4706 parte
2344 4652 2557 4691 onmem
2611 4652 2705 4706 per
2749 4652 2808 4691 se
2855 4637 3106 4690 virtutem
3152 4638 3513 4708 signiﬁcante.
3558 4640 3615 4692 Si

379 4732 561 4783 τοίνυν
592 4728 910 4799 ἐγνώκαμεν
950 4730 1037 4783 διά
1082 4729 1191 4781 τῶν
1229 4728 1529 4798 εἰρημένων
1559 4727 1619 4779 τὸ
1657 4728 1756 4798 τῆς
1794 4747 1946 4799 περι-

2048 4744 2179 4797 ergo
2212 4743 2305 4796 per
2348 4743 2410 4779 ea
2444 4743 2564 4796 qua:
2603 4727 2745 4779 dicta
2778 4734 2905 4781 sunt
2955 4728 3313 4796 cognovimus
3351 4737 3615 4798 opportu—

375 4822 597 4894 λήψεως
637 4822 909 4893 εὔκαιρον,
938 4822 1022 4875 διὰ
1052 4821 1158 4874 τῶν
1188 4820 1366 4873 αὐτῶν
1395 4819 1763 4889 ἐδιδάχθημεν,
1792 4822 1946 4875 τίνων

2050 4821 2272 4872 nitatem
2314 4818 2650 4886 complexus,
2695 4832 2791 4886 per
2824 4832 2887 4870 ea
2930 4818 3045 4886 ipsa
3091 4817 3400 4882 didicimus,
3437 4834 3469 4872 a
3497 4820 3619 4888 qui-

378 4915 410 4965 ὁ
440 4912 716 4983 χωρισμὸς
744 4915 843 4983 τῆς
878 4911 1151 4981 συμφυΐας
1195 4911 1310 4963 ἐστὶ
1336 4910 1787 4981 λυσιτελέστερος.
1820 4914 1954 4965 Και-

384 5004 479 5074 po;
510 5004 637 5073 γὰρ,
681 5004 834 5074 φησὶ,
872 5002 965 5056 τοῦ
1008 5002 1383 5073 μακρυνθῆναι
1435 5003 1541 5055 ἀπὸ
1586 5002 1944 5075 περιλήψεως.

396 5094 455 5145 ὐ
489 5094 623 5163 πρὸς
647 5094 744 5162 τὴν
776 5092 974 5164 ἀρετὴν
998 5092 1313 5155 οἰκειωθεὶς,
1339 5092 1439 5161 τῆς
1463 5094 1595 5163 πρὸς
1625 5094 1720 5162 τὴν
1752 5100 1947 5147 κακίαν

386 5182 624 5251 σχέσεως
651 5182 1026 5253 ἠλλοτρίωται.
1061 5201 1078 5233 ι
1107 5182 1200 5244 Τίς
1231 5184 1340 5250 γὰρ
1363 5182 1615 5233 κοινωνία
1646 5184 1783 5248 φωτὶ
1814 5182 1948 5253 πρὸς

384 5271 595 5332 σκότος,
646 5269 679 5339 ἢ
729 5268 949 5340 Χριστῷ
1001 5267 1136 5342 πρὸς
1182 5266 1396 5333 Βελίαλ;
1427 5272 1540 5323 »Ἦ
1582 5272 1699 5332 πῶς
1730 5270 1948 5325 δυνατόν

381 5362 498 5413 ἐστι
526 5361 644 5413 δυσὶ
677 5362 885 5432 κυρίοις
918 5361 1175 5424 ἐναντίοις
1197 5360 1531 5423 δουλεύοντα,
1563 5360 1748 5415 εὖνουν
1768 5363 1945 5432 ἀμφο-

378 5452 554 5522 τέροις
595 5452 877 5520 γενέσθαις
924 5454 987 5506 Ἦ
1020 5454 1126 5525 γάρ
1152 5452 1247 5506 τοῦ
1277 5452 1392 5515 ἐνὸς
1411 5453 1619 5525 ἀγάπη.
1656 5459 1808 5525 μῖσος
1852 5455 1944 5507 τοῦ

376 5543 565 5614 ἐτέρου
619 5546 893 5615 ἐποίησεν.
928 5546 1097 5598 Ὅταν
1144 5541 1235 5597 οὖν
1272 5546 1304 5613 ἡ
1350 5545 1662 5615 ἀγαπητικὴ
1711 5546 1946 5609 διάθεσις

379 5639 634 5708 περιποιῇ
666 5637 726 5689 τὸ
772 5636 953 5702 καλὸν,
981 5638 1140 5689 τοῦτο
1180 5637 1236 5690 δέ
1265 5639 1379 5689 ἐστι
1426 5638 1486 5689 τὸ
1545 5636 1815 5709 εὔκαιρον,
1846 5640 1944 5691 ἐπ-

2051 4910 2277 4964 busnam
2320 4908 2593 4975 separatio
2625 4907 2693 4959 sit
2725 4907 2911 4960 utilior
2940 4907 3347 4976 conjunctione.
3377 4908 3618 4979 Tempus

2047 5011 2131 5054 est
2163 5000 2327 5063 enim,
2374 4998 2570 5068 inquit,
2608 4999 2764 5067 longe
2807 4998 2921 5053 ﬁeri
2955 5014 2985 5051 a
3014 5000 3318 5069 complexu.
3372 4999 3475 5067 Qui
3504 5002 3617 5055 vir-

2051 5090 2152 5143 tuti
2185 5097 2267 5142 est
2312 5090 2640 5157 conjunctus
2668 5090 3081 5146 necessitudine
3116 5106 3180 5145 ac
3230 5092 3615 5161 familiaritate,
3662 5158 3667 5173 ὑ

2050 5191 2134 5234 est
2169 5181 2435 5234 alienatus
2474 5182 2542 5233 ab
2575 5197 2637 5233 ea
2674 5197 2794 5250 qua:
2827 5196 2950 5235 cum
2982 5183 3117 5237 vitio
3146 5194 3229 5237 est
3279 5185 3613 5241 habitudine.

2056 5272 2224 5338 «Qua:
2273 5281 2356 5327 est
2408 5274 2551 5327 enim
2589 5275 2825 5328 societas
2872 5275 2980 5328 luci
3034 5291 3160 5329 cum
3211 5277 3472 5340 tenebris,
3524 5289 3619 5331 aut

2051 5367 2268 5421 Christo
2312 5382 2435 5420 cum
2473 5366 2752 5421 Belial'?»
2792 5369 2897 5423 Aut
2933 5369 3208 5439 quomodo
3257 5369 3373 5424 ﬁeri
3417 5377 3616 5439 potest,

2054 5468 2110 5512 ut
2140 5459 2232 5529 qui
2262 5459 2475 5513 duobus
2496 5462 2732 5515 dominis
2756 5462 2925 5515 servit
2954 5462 3246 5515 contrariis
3275 5462 3346 5516 sit
3378 5463 3620 5532 utrisque

2052 5550 2348 5605 benevolus
2370 5550 2424 5603 ’?
2460 5550 2630 5606 Unius
2652 5553 2796 5605 enim
2838 5550 3057 5607 dilectio
3083 5553 3263 5606 odium
3296 5552 3455 5606 elﬁcit
3489 5556 3620 5608 alte-

2052 5644 2185 5696 rius.
2215 5639 2444 5706 Quando
2484 5657 2611 5711 ergo
2655 5640 2964 5698 dilectionis
2995 5639 3208 5695 affectio
3247 5641 3351 5696 sibi
3386 5642 3622 5696 vindicat

454 5820 477 5853 ‘
508 5818 655 5875 Psal.
679 5833 810 5875 LVll.
838 5816 921 5871 l3.
999 5816 1017 5847 ⁷
1054 5814 1214 5869 Prov.
1242 5831 1313 5876 tv,
1338 5817 1390 5870 8.
1468 5817 1489 5849 ⁸
1518 5816 1561 5870 ll
1582 5815 1708 5870 Cor.
1736 5832 1809 5879 vi,
1842 5815 1925 5880 l4,
1958 5816 2042 5871 15.
2120 5818 2140 5848 ⁸
2182 5816 2369 5874 Matth.
2403 5834 2475 5881 vt,
2506 5818 2592 5873 24.
