4044 6530
389 445 488 502 719

1620 443 1678 498 S.
1718 441 2046 501 GREGORII
2084 443 2376 500 NYSSENI

3539 439 3644 496 720

387 561 441 614 id
473 554 622 630 quod
653 563 737 612 est
764 555 966 611 bonum
990 561 1044 610 et
1066 553 1381 620 honestum,
1407 553 1514 610 hoc
1539 562 1723 610 autem
1753 565 1839 611 est
1867 571 1968 624 op-

2075 557 2438 626 ηκολούθησεν
2465 553 2636 619 ὅντως
2665 555 2698 625 ή
2725 553 2860 626 πρὸς
2887 553 2948 606 τὺ
2965 553 3340 622 ἀντικείμενον
3355 553 3645 626 ἀλλοτρίω-

383 659 683 723 portunum
713 659 768 703 et
815 648 1223 717 tempestivum,
1267 663 1398 704 vere
1429 649 1676 719 sequitur
1705 650 1961 705 alienatio

304 789 311 798 ,
384 743 457 798 ab
485 756 554 797 eo
581 741 728 811 quod
761 740 810 793 ei
848 740 1193 794 adversatur.
1223 737 1281 792 Si
1315 753 1441 793 vere
1485 738 1722 793 dilexisti
1758 745 1954 808 tempe-

385 833 646 895 rantiam,
678 831 732 885 id
754 830 899 900 quod
929 829 1257 884 adversatur
1273 831 1460 886 odisti.
1492 829 1549 884 Si
1574 830 1640 884 ad
1672 831 1960 899 puritatem

383 920 567 976 oculis
587 919 792 989 aspicis
808 917 1113 979 amatoriis,
1132 917 1297 972 odisti
1319 916 1530 972 scilicet
1549 917 1772 972 fetorem
1791 917 1958 972 caeni.

385 1007 444 1062 Si
504 1009 649 1062 bono
697 1005 994 1070 adbesisti,
1055 1005 1218 1074 longe
1260 1006 1486 1058 omnino
1526 1006 1596 1060 ab
1649 1005 1962 1061 adhesione

385 1101 514 1158 mali
545 1109 600 1156 te
651 1102 955 1155 removisti.
1004 1099 1161 1165 Quod
1201 1099 1245 1154 si
1291 1098 1416 1169 quis
1442 1099 1608 1152 etiam
1641 1098 1962 1166 complexus

386 1194 753 1266 signiﬁcatum
783 1193 1017 1247 deducat
1043 1193 1112 1246 ad
1144 1192 1490 1260 complexum
1521 1190 1858 1252 divitiarum,
1908 1188 1962 1242 id

385 1301 603 1357 quoque
628 1284 888 1348 ostendit,
915 1297 1166 1354 quenam
1197 1281 1308 1337 sint
1337 1280 1713 1352 amplexande
1737 1279 1962 1345 divitie,

385 1389 440 1436 et
475 1395 707 1451 quarum
752 1378 1069 1432 divitiarum
1116 1378 1402 1446 amplexus
1436 1378 1509 1430 sit
1562 1372 1960 1428 amandandns.

385 1469 522 1526 Novi
548 1471 866 1526 thesaurum
895 1469 990 1539 qui
1021 1482 1217 1537 magno
1241 1464 1425 1523 studio
1454 1465 1740 1536 queritur,
1770 1478 1964 1532 nempe

385 1578 512 1620 eum
545 1562 639 1634 qui
661 1569 747 1617 est
779 1560 1084 1616 absconsus
1115 1560 1170 1614 in
1195 1572 1329 1622 agro
1353 1559 1415 1619 ¹⁰,
1451 1571 1562 1611 non
1592 1571 1715 1610 eum
1752 1557 1843 1624 qui
1869 1569 1962 1624 ap.

388 1663 544 1728 paret
569 1653 848 1709 omnibus.
895 1651 1029 1706 Novi
1061 1667 1253 1708 rursus
1279 1651 1500 1705 divitias
1539 1664 1660 1720 que
1695 1648 1966 1702 habentur

386 1745 746 1816 contemptui,
787 1758 897 1799 non
927 1757 1022 1799 eas
1070 1757 1193 1813 que
1228 1749 1540 1812 sperantur,
1597 1740 1692 1795 sed
1739 1755 1861 1809 que
1907 1753 1966 1793 se

386 1837 625 1894 offerunt
672 1837 868 1892 oculis.
925 1836 1038 1890 Hoc
1079 1836 1240 1890 docet
1281 1850 1384 1888 vox
1425 1833 1696 1903 Apostoli,
1737 1831 1959 1887 dicens:

2070 665 2173 712 σις.
2200 649 2262 700 Ei
2285 645 2502 718 ἀληθῶς
2530 646 2630 715 τὴν
2658 645 3008 717 σωφροσύνην
3033 645 3348 714 ἠγάπησας,
3376 645 3646 716 ἐμίσησας

2065 741 2134 793 ἂν
2161 740 2224 792 τὸ
2255 739 2645 808 ἀντικείμενον.
2671 739 2734 791 Εἰ
2767 739 2903 808 πρὸς
2928 737 3027 807 τὴν
3057 737 3400 806 καθαρότητα
3431 737 3646 806 βλέπεις

2068 832 2368 902 ἐρωτικῶς,
2420 829 2687 896 ὲϐδελύξω
2748 831 2903 900 δῆλον
2963 832 3045 883 ὅτι
3099 831 3197 900 τὴν
3234 829 3328 881 τοῦ
3385 830 3645 902 βορϐόρου

2066 923 2348 977 δυσωδίαν.
2381 922 2442 974 Ei
2480 922 2557 991 τῷ
2589 921 2778 991 ἀγαθῷ
2803 921 3266 993 προσεκολλήθης,
3299 924 3647 994 ὲμακρύνθης

2069 1014 2285 1075 πάντως
2319 1013 2415 1083 τῆς
2457 1012 2551 1065 τοῦ
2584 1012 2821 1084 πονηροῦ
2862 1011 3328 1082 προσκολλήσεως.
3377 1014 3440 1066 El
3471 1013 3527 1066 δὲ
3553 1015 3647 1066 καὶ

2069 1106 2206 1176 πρὸς
2254 1105 2353 1174 τὴν
2396 1104 2492 1157 τοῦ
2538 1103 2767 1156 πλούτου
2819 1103 3111 1174 περιϐολὴν
3155 1104 3277 1172 ἄγοι
3322 1120 3406 1166 τις
3440 1103 3502 1155 τὸ
3545 1102 3648 1175 τῆς

2071 1198 2416 1268 περιλήψεως
2447 1199 2863 1268 σημαινόμενον.
2886 1196 3123 1249 δείκνυσι
3149 1198 3245 1250 καὶ
3261 1190 3414 1260 οὗτος
3435 1199 3463 1250 δ
3488 1196 3649 1264 λόγος

2069 1291 2219 1340 ποῖον
2248 1288 2475 1341 πλοῦτον
2497 1287 2700 1356 ἀγαθόν
2730 1290 2846 1340 ἐστι
2877 1286 3319 1356 περιϐάλλεσθαι,
3352 1289 3445 1340 καὶ
3476 1288 3647 1340 ποίων

2070 1382 2368 1451 κτημάτων
2407 1380 2701 1451 περιϐολὴν
2733 1380 3172 1450 ἀποπέμπεσθαι.
3211 1377 3340 1434 Οἶδα
3375 1379 3646 1451 θησαυρὸν

2071 1470 2523 1540 σπουδαζόμενον,
2566 1472 2657 1525 τὸν
2704 1472 3086 1542 κεκρυμμένον
3119 1473 3176 1523 ὲν
3201 1471 3279 1541 τῷ
3318 1471 3491 1542 ἀγρῷ,
3525 1472 3648 1542 οὐχὶ

2069 1564 2160 1617 τὸν
2199 1565 2330 1616 πᾶσι
2380 1565 2721 1634 φαινόμενον.
2759 1562 2889 1618 Οἶδα
2924 1564 3087 1616 πάλιν
3129 1563 3358 1616 πλοῦτον
3389 1564 3646 1634 ἀτιμαζό-

2073 1673 2252 1726 μενον.
2280 1657 2340 1708 οὐ
2369 1656 2458 1709 τὸν
2494 1655 2866 1727 ἐλπιζόμενον,
2901 1655 3035 1709 ἀλλά
3063 1656 3153 1709 τὸν
3181 1655 3480 1725 ὀφθαλμοῖς
3509 1673 3644 1727 προ-

2072 1748 2414 1818 φαινόμενον.
2448 1747 2696 1801 Διδάσκει
2725 1747 2934 1818 τοῦτοή
2967 1746 3058 1800 τοῦ
3109 1748 3430 1800 ’Δποστόλου
3469 1747 3645 1817 φωνὴ,

2071 1836 2334 1904 λέγουσα·
2379 1855 2396 1886 ι
2439 1838 2528 1906 Μὴ
2577 1837 2918 1890 σκοπούντων
2969 1837 3124 1908 ἡμῶν
3181 1837 3248 1891 τά
3317 1837 3643 1908 βλεπόμενα,

392 1948 411 1982 ι
430 1927 552 1983 Νοη
580 1927 1060 1984 considerantibus
1091 1927 1247 1982 nobis
1273 1941 1394 1996 que
1421 1927 1693 1986 videntur,
1723 1907 1817 1978 sed
1845 1938 1966 1993 que

2075 1929 2202 1982 ἀλλὰ
2252 1928 2319 1981 τὰ
2372 1929 2446 1999 μὴ
2496 1929 2829 1998 βλεπόμενα·
2881 1929 2948 1982 τὰ
2977 1907 3086 2000 γάρ
3117 1907 3418 2000 βλεπόμενα
3471 1907 3635 2001 πρόσ-

388 2036 498 2075 non
525 2019 804 2075 videntur:
838 2033 960 2088 que
981 2018 1126 2073 enim
1152 2017 1432 2080 videntur,
1459 2026 1587 2071 sunt
1615 2013 1964 2085 temporalia;

388 2128 511 2184 que
536 2121 718 2168 autem
749 2127 856 2167 non
879 2110 1154 2175 videntur,
1172 2118 1375 2165 eterna
1397 2109 1495 2162 η.»
1534 2107 1590 2162 Si
1617 2108 1731 2162 hec
1754 2107 1966 2162 intelle-

390 2209 596 2271 ximus,
630 2222 694 2262 ea
718 2207 886 2261 etiam
915 2221 1037 2276 que
1064 2205 1326 2275 deinceps
1355 2210 1682 2272 sequuntur,
1713 2217 1810 2272 per
1855 2201 1967 2254 haec

391 2300 840 2356 intellexerimus.

464 2394 518 2447 6.
545 2393 822 2460 «Tempus
870 2398 956 2445 est
980 2389 1147 2451 enim,
1197 2406 1217 2440 ›
1249 2388 1445 2457 inquit,
1491 2403 1509 2436 ι
1549 2384 1852 2454 querendi,
1913 2392 1968 2438 et

394 2493 608 2554 tempus
633 2482 914 2554 perdendi.
960 2501 979 2534 ι
1009 2479 1112 2548 Qui
1143 2480 1287 2535 enim
1321 2495 1387 2533 ex
1416 2480 1484 2533 iis
1517 2491 1638 2547 que
1657 2476 1964 2531 examinata

392 2583 547 2637 sunt,
607 2573 936 2628 intellexerit
979 2586 1010 2625 a
1058 2585 1291 2642 quorum
1340 2569 1624 2638 complexu
1679 2568 1967 2636 seju‘ngere

391 2666 632 2736 seipsum
663 2665 878 2726 debeat,
911 2671 965 2718 et
992 2679 1117 2718 cum
1141 2663 1342 2732 quibus
1375 2668 1624 2731 Oporteat
1651 2675 1710 2715 se
1745 2659 1968 2727 conjun-

391 2770 555 2826 gere;
589 2761 883 2826 cognoscet
914 2754 1077 2807 etiam
1099 2752 1227 2824 quid
1257 2751 1607 2822 querendum
1637 2750 1726 2814 sit,
1759 2758 1810 2802 et
1829 2763 1968 2818 quo-

393 2861 514 2899 rum
533 2845 757 2899 amissio
776 2844 848 2898 sit
876 2843 1136 2897 lucrum”
1160 2841 1394 2910 Tempus
1413 2849 1496 2894 est
1523 2840 1691 2901 enim,
1721 2857 1740 2888 ι
1768 2837 1967 2906 inquit,

398 2959 417 2990 α
457 2936 762 3007 querendi,
818 2942 872 2989 et
904 2942 1120 3004 tempus
1147 2932 1454 2988 amittendi.
1495 2949 1513 2982 ι
1553 2929 1694 2997 Quid
1726 2937 1811 2984 est
1838 2944 1972 2999 ergo

393 3029 541 3098 quod
567 3043 651 3082 me
677 3041 920 3097 querere
947 3032 1182 3095 oportet,
1217 3031 1278 3079 ut
1304 3034 1520 3092 tempus
1549 3036 1812 3092 assequar
1844 3035 1972 3074 con-

391 3121 659 3176 veniens?
695 3118 798 3174 Sed
833 3117 1092 3188 quiduam
1129 3115 1345 3187 quidem
1371 3114 1542 3183 queri
1578 3118 1846 3182 oporteat,
1885 3111 1972 3166 in-

393 3215 542 3270 dicat
588 3211 893 3284 prophetia,
959 3207 1148 3264 dicens
1190 3226 1204 3262 :
1251 3226 1270 3258 ι
1304 3205 1540 3273 Quaerite
1578 3203 1889 3267 Dominum,
1919 3209 1972 3254 et

394 3305 795 3366 eonﬁrmamini
821 3305 885 3358 “.
928 3321 946 3355 ι
980 3299 1049 3354 Et
1077 3315 1309 3355 rursus:
1348 3317 1365 3348 ι
1395 3297 1632 3364 Querite
1657 3294 1968 3356 Dominum,

393 3410 449 3456 ot
479 3401 532 3456 in
551 3395 880 3454 inveniendo
909 3410 1034 3450 cum
1089 3394 1358 3458 invocate,
1387 3399 1441 3446 et
1465 3391 1676 3445 letetur
1694 3403 1790 3442 cor
1827 3401 1996 3467 (108-.

395 3491 630 3544 rentiuni
677 3485 1046 3539 Diminum”.
1089 3502 1109 3534 i
1152 3478 1394 3549 Cognovi
1444 3492 1575 3548 ergo
1610 3490 1705 3545 per
1749 3488 1810 3527 ea
1855 3483 1975 3541 que

395 3583 539 3637 dicta
571 3591 717 3645 sunt,
771 3577 822 3631 id
857 3574 1002 3646 quod
1053 3573 1403 3644 querendum
1438 3578 1522 3625 est
1563 3587 1576 3622 :
1608 3567 1764 3637 cujus
1788 3568 1976 3620 inven-

398 3674 478 3726 tio
498 3679 580 3727 est
617 3672 794 3740 ipsum
835 3681 1051 3736 semper
1088 3680 1352 3734 querere.
1395 3661 1511 3717 Non
1539 3661 1684 3715 enim
1718 3659 1864 3712 aliud
1891 3665 1978 3728 est

397 3779 663 3834 querere,
691 3771 746 3816 et
775 3759 919 3812 aliud
948 3759 1195 3811 invenire
1231 3775 1244 3809 :
1285 3755 1381 3810 sed
1410 3752 1728 3822 exquirendi
1765 3751 1974 3803 lucrum

398 3866 485 3909 est
509 3856 686 3924 ipsum
713 3866 977 3923 querere.
1009 3848 1103 3904 Vis
1131 3850 1294 3902 etiam
1328 3849 1470 3904 scire
1491 3842 1980 3915 Opportunilatem?

397 3947 554 4014 Quod
583 3953 666 4001 est
691 3955 906 4015 tempus
936 3941 1212 4012 querendi
1236 3938 1524 3992 Dominum
1546 3939 1570 3991 ?
1592 3936 1834 3990 Breviter
1859 3933 1979 3987 diro

399 4048 455 4095 et
517 4037 861 4109 compendio,
926 4043 1039 4090 tota
1089 4034 1215 4088 vita.
1267 4031 1456 4087 lnhoc
1483 4031 1630 4085 enim
1672 4030 1789 4083 solo
1811 4026 1977 4082 studii

398 4141 615 4202 tempus
646 4140 730 4185 est
754 4138 925 4184 totum
971 4127 1236 4184 studium.
1262 4125 1379 4181 Non
1410 4125 1554 4180 enim
1597 4130 1750 4178 certo
1795 4122 1980 4192 aliquo

401 4241 465 4281 ac
492 4224 715 4280 deﬁnito
745 4232 986 4292 tempore
1031 4220 1320 4275 Dominum
1356 4233 1599 4288 querere
1645 4217 1847 4271 bonum
1874 4221 1978 4278 est,

403 4316 502 4370 sed
523 4329 630 4369 non
661 4329 880 4368 cessare
917 4327 1181 4382 querere,
1224 4311 1328 4364 hoc
1370 4319 1455 4364 est
1494 4323 1621 4363 vera
1657 4305 1982 4377 opportuni-

401 4420 507 4464 tas.
534 4426 553 4460 ι
594 4406 750 4464 Oculi
815 4425 833 4458 ι
875 4407 1020 4461 enim
1069 4425 1086 4457 ι
1124 4404 1252 4464 mei,
1293 4421 1313 4455 ›
1365 4402 1561 4472 inquit,
1625 4418 1642 4448 ι
1681 4415 1894 4470 semper
1915 4397 1980 4451 ad

404 4499 695 4555 Dominum
733 4499 793 4552 ⁸⁸.
834 4519 854 4552 ι
917 4496 1084 4552 Vides
1132 4493 1296 4568 quam
1344 4495 1632 4566 diligenter
1703 4502 1983 4550 scrutatur

2066 2037 2268 2092 καιρα·
2319 2021 2392 2074 τὰ
2446 2021 2501 2073 δὲ
2558 2019 2631 2091 μὴ
2667 2019 3002 2090 βλεπόμενα,
3051 2020 3262 2077 αἰώνια.
3303 2041 3324 2073 ›
3355 2023 3419 2076 Ei
3473 2022 3644 2075 ταῦτα

2065 2115 2417 2182 νενοὴκαμεν,
2455 2112 2545 2164 καὶ
2595 2116 2687 2164 τὸν
2733 2112 2930 2183 ἐφεξῆς
2971 2113 3127 2181 λόγον
3179 2114 3269 2167 διά
3309 2113 3514 2168 τούτων
3551 2129 3644 2168 νε-

2066 2204 2320 2275 νοηκότες
2353 2203 2610 2274 ὲσόμεθα.

2142 2407 2161 2438 ι
2190 2387 2397 2459 Καιρὸς
2426 2387 2560 2458 γὰρ,
2605 2405 2622 2438 ι
2652 2386 2803 2456 φησὶ,
2849 2405 2867 2438 ι
2903 2387 2996 2440 τοῦ
3037 2387 3291 2458 ζητῆσαι,
3323 2390 3416 2442 καὶ
3455 2391 3645 2461 καιρὸς

2066 2476 2161 2530 τοῦ
2192 2477 2470 2530 ἀπολέσαι.
2499 2498 2516 2530 ι
2551 2478 2608 2530 '0
2630 2478 2738 2549 γὰρ
2759 2477 2958 2549 νοήσας
2980 2479 3067 2532 διὰ
3095 2479 3205 2532 τῶν
3225 2479 3644 2544 ὲξετασθέντων,

2067 2569 2226 2622 τίνων
2267 2572 2531 2640 προσήκει
2581 2568 2878 2641 μακρύνειν
2912 2571 3103 2624 ἑαυτὸν
3146 2571 3254 2625 ἀπὸ
3291 2575 3391 2642 τῆς
3425 2573 3648 2644 περιλη-

2068 2660 2213 2730 ψεως
2243 2659 2338 2713 καὶ
2373 2662 2485 2714 τίσι
2512 2659 2898 2714 συνάπτεσθαι·
2920 2658 3066 2733 γνῴη
3099 2663 3183 2726 ἂν,
3213 2664 3266 2716 τί
3291 2681 3349 2717 τε
3379 2667 3647 2736 προσήκει

2070 2749 2274 2820 ζητεῖν,
2310 2751 2405 2803 καὶ
2439 2750 2600 2805 τίνων
2639 2751 2938 2821 ήάπὼλεια
2971 2753 3159 2824 κέρδος
3185 2755 3351 2808 ἐστίν.
3385 2774 3402 2805 ι
3440 2756 3646 2827 Καιρδς

2071 2845 2201 2918 γὰρ,
2237 2865 2255 2898 ›
2273 2845 2426 2918 φησὶ,
2451 2865 2469 2898 ι
2500 2845 2594 2900 τοῦ
2619 2846 2869 2918 ζητῆσαι,
2888 2849 2983 2902 καὶ
3004 2849 3192 2919 καιρὸς
3211 2848 3304 2902 τού
3329 2849 3604 2901 ἀπολέσαι.
3620 2866 3642 2900 δ

2069 2934 2134 2986 Τί
2165 2935 2343 2989 τοίνυν
2400 2937 2545 2989 ἐστὶν
2590 2939 2618 2990 ὅ
2647 2955 2714 3008 με
2750 2937 2982 3009 ζητῆσαι
3021 2940 3162 3010 χρὴ,
3190 2937 3330 2993 ὥστε
3375 2941 3646 3009 ἐπιτυχεῖν

2069 3025 2163 3078 τοῦ
2206 3027 2398 3098 καιροῦ
2438 3027 2533 3080 τοῦ
2579 3029 2952 3100 καθήκοντος;
2990 3030 3125 3083 ἀλλά
3155 3031 3206 3083 τί
3239 3030 3339 3101 μὲν
3366 3029 3644 3100 ζητεῖσθαι

2071 3116 2186 3171 δέον
2212 3119 2246 3188 ἠ
2285 3118 2589 3190 προφητεία
2617 3121 2876 3185 δείκνυσι,
2904 3121 3136 3189 λέγουσα
3154 3139 3168 3152 ·
3207 3141 3226 3173 ε
3255 3124 3530 3193 Ζητήσατε
3552 3122 3645 3175 τὸν

2074 3209 2300 3281 Κύριον,
2331 3213 2425 3264 καὶ
2461 3210 2867 3284 κραταιώθητε·
2917 3207 2936 3265 i
2974 3214 3067 3267 καὶ
3093 3214 3284 3267 πάλιν·
3320 3234 3337 3266 ι
3368 3215 3644 3285 Ζητήσατε

2073 3301 2164 3355 τὸν
2186 3302 2411 3377 Κύριον,
2444 3305 2536 3358 καὶ
2567 3307 2623 3358 ὲν
2647 3305 2724 3376 τῷ
2745 3306 3015 3378 εὑρίσκειν
3043 3307 3204 3360 αὐτὸν
3230 3307 3646 3374 ὲπικαλέσασθε,

2072 3393 2168 3447 καὶ
2227 3395 2584 3468 εὐφρανθήτω
2632 3397 2830 3468 καρδία
2870 3397 3173 3470 ζητούντων
3224 3399 3317 3452 τὸν
3367 3400 3586 3472 Κύριον.
3622 3419 3641 3452 ι

2077 3489 2290 3550 Ἐγνων
2310 3487 2488 3541 τοίνυν
2513 3487 2602 3541 διὰ
2625 3489 2733 3541 τῶν
2761 3490 3064 3560 εἰρημένων
3092 3491 3230 3561 ὅπερ
3263 3488 3492 3561 ζητῆσαι
3518 3493 3645 3562 ΧΡή⁶

2075 3577 2135 3636 οὗ
2167 3584 2199 3652 ἡ
2237 3580 2454 3652 εὕρεσίς
2483 3582 2631 3634 ἐστιν
2669 3581 2800 3634 αὐτὸ
2831 3581 2891 3634 τὺ
2915 3583 3001 3636 ἀεὶ
3037 3583 3236 3653 ζητεῖν.
3273 3585 3348 3637 Οὐ
3378 3585 3485 3655 γὰρ
3521 3584 3650 3638 ἄλλο

2075 3675 2126 3727 τί
2165 3675 2279 3726 ἐστι
2323 3674 2383 3726 τὸ
2434 3672 2638 3744 ζητεῖν,
2673 3675 2766 3726 καὶ
2815 3673 2943 3728 ἄλλο
2971 3674 3032 3727 τὺ
3070 3675 3376 3745 εὑρίσκειν·
3408 3675 3539 3728 ἀλλά
3587 3675 3653 3729 τὸ

2074 3765 2169 3820 τοῦ
2199 3766 2498 3835 ἐκζητῆσαι
2530 3765 2736 3837 κέρδος,
2770 3766 2902 3818 αὐτὸ
2931 3765 2992 3818 τὸ
3022 3765 3254 3836 ζητῆσαί
3296 3768 3430 3820 ἐστι.
3465 3767 3650 3823 Βούλει

2077 3857 2168 3911 καὶ
2204 3858 2300 3926 τὴν
2328 3855 2610 3926 εὐκαιρίαν
2641 3854 2853 3926 μαθεῖν,
2885 3855 2968 3918 τίς
3011 3856 3200 3927 καιρὸς
3224 3856 3317 3909 τοῦ
3357 3857 3538 3925 ζητεῖν
3559 3857 3651 3911 τὸν

2077 3947 2320 4020 Κύριον;
2358 3947 2636 4016 συντόμως
2665 3947 2826 4014 λέγω,
2867 3947 2925 3999 '0
2964 3947 3077 4016 βίος
3113 3948 3250 4008 ὅλος.
3295 3949 3416 4001 Ἐπὶ
3462 3948 3650 4002 τούτου

2078 4040 2185 4112 γὰρ
2220 4041 2376 4111 μόνον
2394 4035 2459 4112 ἧς
2477 4039 2666 4110 καιρὸς
2690 4041 2788 4108 τῆς
2818 4039 3048 4109 σπουδῆς
3076 4041 3222 4092 ἐστιν
3248 4041 3281 4110 ἡ
3314 4040 3517 4111 σπουδὴ
3542 4044 3648 4094 πᾶ-

2081 4149 2163 4184 σα.
2191 4133 2266 4185 Οὐ
2309 4132 2417 4202 γάρ
2470 4131 2893 4200 ἀποτεταγμένῳ
2942 4133 3047 4183 τινί
3101 4132 3278 4202 καιρῷ
3327 4135 3420 4185 καὶ
3477 4135 3652 4205 χρόνῳ

2079 4224 2449 4297 ἀφωρισμένῳ
2491 4223 2552 4277 τὸ
2586 4223 2765 4294 ζητεῖν
2808 4223 2900 4276 τὸν
2937 4223 3175 4295 Κύριον,
3216 4225 3420 4293 ἀγαθόν
3469 4227 3648 4279 ἐστιν·

2081 4317 2216 4371 ἀλλά
2257 4316 2317 4370 τὸ
2349 4318 2486 4387 μήτε
2533 4315 2668 4379 ὅλως
2712 4315 3008 4369 διαλείπειν
3040 4317 3127 4369 ἀεὶ
3175 4317 3461 4387 ζητοῦντα,
3494 4317 3653 4371 τοῦτό

2081 4411 2226 4464 ἐστιν
2253 4408 2458 4480 ἀληθὴς
2495 4408 2768 4480 εὐκαιρία.
2798 4427 2816 4460 ι
2846 4409 2906 4462 υἱ
2939 4428 2960 4460 ι
2994 4409 3103 4479 γὰρ
3136 4427 3153 4459 ι
3178 4409 3445 4481 ὀφθαλμοί
3479 4429 3600 4482 μου,
3626 4431 3646 4464 ι

2082 4500 2233 4568 φησὶ,
2260 4519 2277 4551 ι
2307 4499 2595 4562 διαπαντὸς
2619 4499 2754 4569 πρὸς
2782 4499 2872 4552 τὸν
2905 4499 3128 4569 Κύριον.
3156 4519 3174 4550 ι
3211 4500 3369 4571 Ὀρᾷς
3394 4502 3510 4566 πῶς
3530 4503 3652 4555 ἑπι-

404 4594 600 4649 oculus
629 4592 772 4662 quod
802 4589 1086 4661 queritur,
1115 4597 1176 4643 ut
1201 4589 1292 4659 qui
1316 4586 1520 4642 nullam
1542 4587 1646 4639 sibi
1669 4587 1758 4640 det
1787 4585 1971 4640 remis-

2085 4588 2259 4658 μελῶς
2292 4589 2486 4658 ἐρευνᾷ
2516 4590 2542 4641 ὁ
2577 4587 2850 4658 ὀφθαλμὸς
2892 4587 2954 4640 τὸ
2997 4588 3361 4659 ζητούμενον,
3399 4591 3655 4662 οὐδεμίαν

407 4690 640 4751 sionem,
677 4703 853 4756 neque
895 4687 1064 4738 ullum
1095 4685 1215 4754 ejus
1247 4680 1392 4752 quod
1419 4680 1682 4751 queritur
1717 4680 1978 4733 interval-

411 4784 544 4842 lum,
597 4796 772 4847 neque
819 4779 982 4830 ullam
1035 4775 1423 4830 relaxationem
1463 4770 1849 4842 cogitationis?
1877 4769 1979 4823 Per

409 4871 770 4941 adiectionem
819 4869 962 4922 enim
1010 4865 1131 4934 ejus
1169 4863 1314 4935 quod
1339 4872 1423 4919 est
1476 4876 1709 4931 semper,
1740 4858 1979 4916 ostendit

412 4971 768 5032 perpetuum,
802 4966 858 5012 et
890 4955 1033 5026 quod
1075 4969 1353 5023 nunquam
1410 4950 1813 5011 intermittitur,
1855 4958 1977 5004 stu-

409 5053 582 5108 dium.
620 5050 882 5105 Similiter
914 5056 1094 5102 autem
1134 5046 1503 5115 intelligamus
1530 5056 1582 5098 et
1619 5053 1826 5111 tempus
1859 5057 1980 5111 per-

355 5169 362 5174 ·
407 5144 593 5202 dendi.
624 5145 832 5197 lucrum
885 5157 1005 5196 esse
1029 5141 1337 5210 judicantes
1376 5138 1508 5192 illud
1562 5139 1806 5207 perdere.
1834 5133 1978 5204 quod

407 5240 453 5292 si
495 5237 619 5308 quis
652 5237 867 5296 habeat,
901 5233 953 5288 id
993 5233 1070 5287 illi
1111 5232 1368 5286 damnum
1398 5230 1570 5284 aﬂ‘ert.
1609 5229 1742 5282 Mala
1767 5243 1981 5298 posses-

409 5336 494 5386 sio
522 5339 606 5385 est
640 5329 868 5382 avaritia
899 5342 1056 5392 ;eam
1084 5341 1211 5394 ergo
1237 5325 1542 5394 perdamus.
1582 5320 1778 5375 Malum
1814 5318 1981 5388 depo-

411 5424 570 5477 situm
601 5431 685 5476 est
714 5427 948 5489 acceptae
982 5418 1194 5483 injuriae
1219 5415 1546 5471 recordatio.
1587 5415 1640 5467 Id
1665 5429 1792 5482 ergo
1823 5413 1982 5465 amit-

410 5530 608 5570 tamus.
649 5513 787 5568 Mala
844 5512 1118 5583 possessio
1157 5517 1241 5564 est
1277 5507 1534 5563 ell‘renata
1592 5506 1759 5559 libido
1796 5521 1809 5556 :
1859 5506 1978 5572 ejus

412 5607 646 5672 maxime
681 5613 806 5658 ante
846 5603 984 5658 alios
1017 5609 1390 5672 paupertatem
1439 5608 1742 5660 teneamus,
1784 5607 1841 5651 ut
1885 5611 1979 5664 per

415 5697 679 5765 ejusmodi
706 5702 1076 5766 paupertatem
1103 5709 1326 5763 regnum
1352 5691 1774 5747 lucrifaciauius.
1799 5707 1816 5740 ι
1849 5688 1971 5742 Bea-

487 5875 529 5906 “
571 5875 755 5930 Matth.
791 5887 910 5929 xm.
943 5875 1030 5929 Η.

2085 4681 2267 4734 ἄνεσιν
2300 4679 2478 4750 ἑαυτῷ
2510 4679 2699 4743 διδοὺς,
2732 4678 2853 4731 οὐδέ
2891 4696 2944 4732 τι
2973 4679 3270 4751 δ.ἀλειμμα
3301 4680 3403 4751 τῆς
3431 4681 3522 4735 τοῦ
3555 4681 3654 4754 ζη-

2085 4773 2346 4842 τουμένου
2375 4775 2780 4843 κατανοήσεωςς
2810 4774 2888 4843 Τῇ
2921 4772 3028 4844 γὰρ
3051 4772 3144 4825 τοῦ
3174 4773 3462 4837 διαπαντὸς
3489 4791 3656 4847 προσ-

2087 4863 2252 4927 θέσει,
2275 4864 2334 4915 τὸ
2357 4863 2600 4932 διηνεκές
2621 4879 2679 4915 τε
2703 4863 2794 4916 καὶ
2821 4863 3162 4917 ἀδιάλειπτον
3180 4864 3280 4934 τῆς
3310 4863 3542 4934 σπουδῆς
3571 4867 3658 4919 ὲν-

2086 4954 2341 5018 εδείξατο.
2359 4954 2628 5019 Ὡσαύτως
2648 4955 2704 5007 δὲ
2729 4956 3010 5026 νοήσωμεν
3054 4955 3146 5008 καὶ
3169 4954 3258 5007 τὸν
3283 4955 3376 5008 τοῦ
3398 4957 3658 5010 ἀπολέσαι

2086 5046 2306 5117 καιρὸν,
2347 5047 2536 5118 κέρδος
2583 5042 2720 5099 εἶναι
2757 5046 3051 5117 κρίνοντες,
3082 5045 3142 5098 τὸ
3171 5046 3431 5099 ἀπολέσαι
3464 5047 3656 5107 ἐκεῖνο,

2085 5130 2146 5190 οὐ
2167 5140 2201 5208 ἡ
2229 5137 2479 5208 ὐπαρξις,
2511 5137 2682 5208 ζημία
2706 5136 2783 5207 τῷ
2812 5137 2985 5208 ἔχοντι
3014 5136 3240 5205 γίνεται.
3267 5138 3449 5191 Κακὸν
3475 5137 3661 5208 κτῆμα

2087 5229 2120 5300 ἡ
2143 5229 2494 5301 φιλαργυρία·
2524 5228 2717 5282 οὐκοῦν
2739 5228 3107 5288 ἀπολέσωμεν.
3131 5227 3371 5297 How,pr
3397 5227 3661 5282 ἀπόθετον

2087 5327 2119 5394 ἡ
2164 5324 2518 5393 μνησικακία·
2548 5319 2742 5375 οὐκοῦν
2777 5319 3090 5391 προώμεθα.
3122 5319 3389 5388 Ὀλέθριον
3419 5319 3598 5390 κτῆμα
3625 5322 3660 5391 ἡ

2087 5416 2383 5479 ἀκόλαστος
2410 5415 2692 5485 ἐπιθυμία·
2731 5413 2918 5467 τούτου
2951 5412 3181 5482 μάλιστα
3215 5411 3319 5482 πρὸ
3352 5411 3459 5464 τῶν
3487 5412 3660 5466 ἄλλων

2065 5501 2521 5579 ’πτωχεύσωμεν,
2557 5508 2644 5560 ἴνα
2678 5508 2766 5560 διὰ
2807 5507 2904 5576 τῆς
2939 5504 3192 5568 τοιαύτης
3227 5504 3531 5574 πτωχείας,
3563 5503 3662 5574 τὴν

2089 5601 2366 5670 βασιλείαν
2395 5601 2765 5673 κερδήσωμεν.
2793 5617 2811 5652 ι
2837 5599 3108 5668 Μακάριοι
3136 5622 3154 5649 ι
3192 5597 3297 5668 γὰρ
3319 5616 3338 5648 ι
3371 5599 3420 5650 οἱ
3459 5596 3662 5666 πτωχοὶ

2087 5691 2168 5762 τῷ
2197 5691 2485 5763 πνεύματι,
2521 5711 2539 5743 ι
2565 5690 2762 5763 δηλαδὴ
2781 5689 2832 5744 οἱ
2859 5687 2953 5744 τοῦ
2981 5688 3218 5743 τοιούτου
3253 5689 3480 5743 πλούτου
3503 5688 3659 5742 πενό-
3720 5681 3724 5690 ’

1110 5878 1144 5906 ¹¹
1192 5875 1232 5928 ll
1265 5875 1390 5929 Cor.
1426 5891 1500 5932 iv.
1538 5873 1622 5928 18.
1703 5875 1744 5904 "
1784 5872 1971 5928 Psal.t

2094 5875 2146 5930 4.
2228 5874 2426 5928 "ibid.
2454 5873 2506 5928 5.
2587 5874 2629 5903 ’⁵
2673 5871 2816 5928 Psal.
2845 5870 3096 5933 δηλῶ.
