4110 6478
384 458 478 511 7Ξὶ

1374 454 1437 509 lN
1484 450 2013 509 ECCLLSIASTEN.
2052 444 2333 504 IIOMILIA
2356 445 2465 501 Vll.

3521 436 3624 491 τελε

381 589 553 644 μενοι,
577 570 671 625 καὶ
695 570 763 624 τὰ
782 569 918 623 ἀλλα
940 570 1117 623 πάντα
1149 567 1242 622 τοῦ
1269 568 1515 621 διαϐόλου
1536 567 1815 640 κειμήλια,
1850 582 1951 635 μα-

2059 564 2095 615 ti
2141 581 2158 611 ι
2193 561 2336 615 enim
2378 566 2507 613 sinit
2552 575 2571 608 ι
2627 570 2891 626 pauperes
2940 552 3137 625 spiritu
3158 559 3203 593 η
3240 582 3258 613 ,
3309 569 3327 603 ι
3373 548 3625 604 videlicrt

380 665 710 734 καριώτερον
742 662 859 731 μὲν,
887 662 951 713 τὸ
975 660 1108 731 μηδὲ
1127 659 1224 730 τὴν
1256 660 1431 731 ἀρχήν
1455 678 1577 715 τινα
1620 658 1947 729 κτήσασθαι,

380 758 469 810 ἵνα
522 755 747 808 καθόλου
783 755 1088 823 ἀκτήμονες
1131 752 1238 806 τῶν
1274 753 1607 823 μολυνόντων
1642 751 1948 822 γενώμεθα.
2006 809 2013 815 _

380 848 559 901 Καλὸν
595 847 652 900 δὲ
679 847 776 916 οὐχ
807 842 969 916 ἦττον
999 844 1077 915 τῷ
1105 844 1468 916 προληφθέντι
1496 848 1563 915 τῇ
1599 845 1811 914 πονηρᾷ
1834 843 1951 895 κτί-

378 956 465 992 σει
489 939 549 991 τὸ
578 939 839 992 ἀπολέσαι
872 938 941 990 τά
969 937 1193 991 τοιαῦτα
1227 938 1503 1008 κτήματα,
1532 938 1628 990 καὶ⁵
1650 939 1730 999 είς
1753 939 1950 1005 ἀφανι-

380 1031 519 1102 σμὸν
564 1032 810 1099 ἀγαγεῖν.
851 1028 1009 1082 Ἀλλά
1051 1028 1112 1082 τὸ
1152 1030 1286 1101 μηδὲ
1320 1030 1455 1093 ὅλως
1507 1029 1634 1082 ποτέ
1664 1030 1806 1097 ἔχειν
1845 1028 1951 1081 τῶν

376 1123 634 1177 τοιοὺτων
667 1124 978 1194 μετουσίαν,
1009 1125 1255 1193 κρεῖττον
1288 1123 1321 1194 ἢ
1352 1123 1491 1177 κατά
1530 1122 1629 1194 τὴν
1675 1121 1951 1193 ἀνθρωπί-

378 1231 476 1285 νην
520 1214 680 1284 φύσιν
718 1215 855 1277 ἐστὶ,
882 1214 945 1266 τὸ
978 1214 1033 1267 δὲ
1077 1213 1309 1268 λαϐόντα
1357 1215 1711 1283 ἐξαφανίσαι,
1759 1212 1949 1266 τούτου

376 1310 473 1359 καὶ
502 1308 534 1377 ἡ
567 1306 675 1358 τῶν
706 1304 1008 1376 ἀνθρώπων
1030 1305 1259 1375 δύναμις
1302 1306 1402 1375 τὴν
1429 1307 1583 1376 ίσχὺν
1609 1306 1741 1375 ἔχει.
1769 1304 1862 1356 Διὸ
1885 1304 1951 1355 τὸ

380 1399 550 1468 μηδὲν
595 1398 885 1468 ἐσχηκέναι
933 1397 1042 1451 τῶν
1090 1397 1182 1450 τοῦ
1232 1399 1607 1468 ἀντικειμένου
1658 1400 1953 1469 κτημάτων

379 1490 544 1559 μόνου
569 1488 660 1541 τοῦ
700 1489 904 1555 Κυρίου
956 1487 1073 1539 ἐστὶ
1097 1526 1112 1549 ,
1146 1485 1241 1539 τοῦ
1278 1487 1639 1558 μετασχόντος
1675 1489 1806 1558 ἡμῖν
1843 1486 1951 1540 τῶν

376 1581 557 1634 αὑτῶν
593 1580 738 1651 παθη
748 1582 930 1650 μάτων
950 1580 1116 1651 χωρὶς
1137 1581 1431 1651 ἁμαρτίας.
1453 1598 1474 1630 ι
1490 1580 1746 1649 Ἔρχεται
1766 1579 1896 1651 γάρ,
1927 1599 1946 1631 ι

377 1674 562 1742 φησὶν,
591 1690 612 1722 ι
650 1674 679 1725 6
709 1673 890 1743 ἄρχων
916 1672 1011 1725 τοῦ
1048 1674 1253 1743 κόσμου
1275 1672 1484 1734 τούτου,
1509 1673 1604 1726 καὶ
1628 1675 1684 1725 ἐν
1707 1674 1830 1743 ἐμοὶ
1856 1675 1948 1726 εὑ-

379 1763 560 1833 ρίσκει
582 1759 692 1815 τῶν
725 1762 867 1815 ίδίων
897 1762 1072 1816 οὐδέν.
1110 1780 1129 1814 ι
1173 1760 1246 1814 Τὸ
1272 1761 1329 1813 δὲ
1352 1761 1418 1814 δι’
1459 1760 1749 1830 ἐπιμελοῦς
1780 1777 1949 1830 μετα-

380 1854 601 1924 μελείας
634 1854 825 1908 ἐαυτὸν
857 1853 1163 1924 ἐκκαθῆραι
1182 1893 1197 1916 ,
1231 1852 1391 1906 τοῦτο
1418 1852 1509 1906 καὶ
1533 1854 1620 1906 ἐπ’
1649 1850 1949 1922 ἀνθρώπων

377 1920 487 1998 τῶν
514 1945 579 1998 δι’
610 1946 811 2017 ἀρετῆς
865 1920 1092 2008 ἐαυτοὺς
1139 1944 1562 2017 λαμπρυνόντων
1606 1920 1765 1998 ἔστιν
1800 1944 1945 1997 ἰδεῖν.
1979 1920 2021 1975 Β

389 2037 694 2091 Ἀπώλεσεν
722 2039 751 2089 6
780 2036 990 2101 Παῦλος
1017 2037 1077 2090 τὸ
1096 2037 1331 2109 πονηρὸν
1350 2037 1538 2108 κτῆμα
1563 2037 1659 2107 τῆς
1674 2038 1948 2101 ἀπιστίας,

372 2127 468 2180 διὰ
494 2127 587 2179 τοῦ
611 2125 960 2198 ἐνεργοῦντος
992 2129 1051 2180 ἐν
1065 2127 1211 2198 αὑτῷ
1232 2127 1331 2198 τῆς
1357 2127 1688 2199 προφητείας
1723 2127 1821 2197 τὴν
1851 2127 1949 2197 χά-

380 2234 465 2287 ριν
495 2234 509 2248 ·
546 2217 761 2287 πλήρης
803 2216 897 2269 τοῦ
950 2217 1224 2289 θησαυροῦ
1274 2217 1527 2285 ἐγένετο,
1557 2217 1617 2270 ὃν
1665 2218 1947 2288 ἐζήτησεν.

392 2308 695 2363 Ἀπώλεσεν
734 2309 959 2373 Ἡσαΐας
1003 2311 1060 2362 ἐν
1108 2309 1185 2380 τῷ
1221 2310 1504 2380 καθαρσίῳ
1544 2308 1638 2362 τοῦ
1682 2309 1826 2361 θείου
1859 2310 1953 2362 ἄν·

376 2400 582 2470 θρακος
636 2403 743 2455 πᾶν
789 2402 1031 2473 ῥυπαρὸν
1060 2442 1074 2466 ,
1115 2402 1210 2455 καὶ
1258 2402 1443 2472 ῥῆμα,
1476 2401 1570 2455 καὶ
1628 2402 1950 2471 νόημαοδιά

375 2491 536 2544 τοῦτο
585 2491 875 2563 ἐπληρώθη
920 2491 1014 2545 τοῦ
1071 2492 1229 2561 ἀγίου
1268 2492 1603 2562 Πνεὺματος.
1664 2491 1949 2546 Ἂπόλλυσι

377 2585 486 2646 πᾶς
513 2588 570 2636 ἐν
599 2587 663 2655 τῇ
696 2584 993 2654 μεταλήψει
1025 2583 1119 2637 τοῦ
1154 2580 1469 2655 κρείττονος
1498 2585 1606 2637 πᾶν
1630 2584 1689 2636 τὸ
1724 2585 1857 2655 πρὸς
1892 2585 1951 2637 τὸ

376 2675 619 2727 ἐναντίον
658 2674 962 2744 νοούμενον.
1002 2673 1187 2738 Οὕτως
1220 2676 1250 2728 6
1275 2674 1505 2747 σώφρων
1534 2676 1632 2746 τὴν
1657 2677 1949 2730 ἀκολασίαν

377 2766 658 2832 ἀπόλλυσι,
698 2766 795 2837 τὴν
829 2767 1040 2820 ἀδικίαν
1069 2771 1097 2821 6
1138 2768 1364 2832 δίκαιος,
1386 2771 1485 2839 τὴν
1510 2770 1886 2840 ὑπερηφανίαν
1921 2774 1949 2821 6

381 2859 623 2929 μέτριος,
645 2860 672 2911 6
705 2858 892 2923 εὑνους
924 2860 1015 2912 τὸν
1044 2859 1255 2928 φθόνον,
1290 2864 1318 2915 6
1348 2862 1685 2931 ἀγαπητικὸς
1712 2863 1810 2931 τὴν
1846 2864 1950 2914 ἁπ-

377 2948 830 3021 ἐχθειαν.”Ωσπερ
854 2953 958 3021 γάρ
985 2954 1013 3004 6
1041 2954 1097 3004 ἐν
1118 2951 1196 3021 τῷ
1228 2952 1543 3021 Εὑαγγελίῳ
1569 2951 1763 3020 τυφλὸς
1792 2943 1949 3021 εὗρεν

375 3040 406 3092 ὂ
442 3039 517 3109 μὴ
552 3036 717 3109 εἶχεν,
746 3043 811 3093 ἐκ
843 3042 934 3094 τοῦ
966 3041 1226 3095 ἀπολέσαι
1249 3042 1278 3095 6
1305 3034 1450 3109 εἶχε·
1483 3034 1585 3104 τῆς
1616 3039 1726 3111 γὰρ
1757 3042 1949 3109 τυφλό-

374 3146 538 3199 τητος
568 3130 973 3201 ἀφαιρεθείσης,
1002 3131 1150 3202 ήτοῦ
1175 3132 1351 3203 φωτὸς
1382 3129 1727 3199 ἀντεισῆλθεν
1764 3132 1905 3202 αὐγή
1930 3148 1944 3160 ⁸

376 3223 473 3273 καὶ
496 3223 586 3273 ἐπὶ
618 3222 712 3273 τοῦ
747 3221 970 3293 λεπροῦ,
999 3222 1091 3275 τοῦ
1125 3223 1326 3286 πάθους
1358 3222 1762 3291 ἀφανισθέντος,
1794 3223 1948 3293 ήτῆς
1976 3256 2015 3312 C

376 3312 565 3381 ὑγείας
609 3314 962 3385 ἐπανέρχεται
1013 3317 1172 3386 χάρις
1199 3332 1213 3345 '
1240 3317 1333 3368 καὶ
1360 3316 1583 3369 ἐπὶτῶν
1625 3319 1688 3369 ἐκ
1719 3316 1947 3370 θανάτου

372 3403 748 3474 ἀνισταμένων
780 3407 812 3475 ἠ
864 3406 1127 3476 νεκρότης
1157 3409 1222 3477 τῇ
1259 3407 1528 3477 παρουσίᾳ
1554 3408 1651 3475 τῆς
1681 3408 1823 3476 ζωῆς
1849 3408 1949 3459 ὑπ-

369 3492 672 3563 εχώρησεν·
694 3494 865 3557 οὑτως
895 3497 988 3548 καὶ
1011 3496 1103 3548 ἐπὶ
1126 3496 1225 3566 τῆς
1246 3498 1610 3567 προκειμένης
1637 3500 1768 3567 ἡμῖν
1798 3499 1946 3567 φιλο-

374 3585 571 3653 σοφίας
599 3587 697 3640 οὑκ
731 3588 844 3640 ἐστι
878 3604 931 3639 τι
977 3588 1085 3640 τῶν
1130 3588 1347 3656 ὑψηλῶν
1384 3588 1706 3657 κτήσασθαι,
1741 3590 1812 3659 μὴ
1848 3591 1945 3658 τὴν

370 3674 593 3742 περὶτὰ
621 3674 782 3745 γήῖνά
807 3692 867 3728 τε
897 3675 991 3726 καὶ
1030 3677 1260 3728 ταπεινά
1292 3676 1526 3746 σπουδὴν
1556 3678 1942 3742 ἀπολέσαντας.

384 3764 477 3816 Ἐν
511 3765 617 3834 γὰρ
646 3766 723 3835 τῷ
744 3767 912 3820 ταῦτα
932 3768 1223 3839 εὑρίσκειν,
1243 3768 1537 3822 ἀπόλλυται
1572 3772 1701 3840 ἡμῖν
1722 3770 1789 3824 τὰ
1814 3788 1945 3842 προ-

368 3854 670 3924 τιμότερα·
710 3858 801 3909 καὶ
844 3857 905 3909 τὸ
950 3857 1207 3927 ἔμπαλιν,
1235 3861 1268 3928 ή
1308 3859 1510 3911 τούτων
1551 3860 1811 3924 ἀπώλεια,
1845 3863 1945 3933 τῆς

368 3947 484 3998 τῶν
537 3947 737 4017 τιμίων
787 3948 1055 4019 εὑρέσεως
1106 3949 1362 4018 πρόξενος
1404 3955 1711 4023 γενήσεται.
1762 3955 1944 4009 Ταῦτα

370 4036 531 4107 παρά
554 4037 656 4106 τῆς
692 4038 785 4091 τοῦ
819 4038 1017 4111 Κυρίου
1062 4041 1246 4109 φωνῆς
1279 4043 1697 4115 μεμαθήκαμεν
1729 4065 1746 4096 ι
1770 4048 1825 4101 ὐ
1853 4049 1941 4100 εὑ-

371 4132 489 4206 ρὼν
516 4133 615 4203 τὴν
655 4132 830 4202 ψυχὴν
858 4129 1023 4185 αὑτοῦ
1063 4132 1316 4185 ἀπολέσει
1345 4133 1513 4204 αὑτὴν
1531 4174 1544 4195 ,
1576 4138 1669 4189 καὶ
1696 4138 1724 4189 6
1752 4140 1943 4192 ἀπολέ-

367 4242 476 4288 σας
505 4225 605 4295 τὴν
628 4224 807 4295 ψυχὴν
835 4223 999 4277 αὑτοῦ
1041 4225 1225 4279 ἕνεκεν
1260 4225 1414 4296 ἐμοῦ,
1456 4226 1676 4297 εὑρήσει
1705 4232 1891 4301 αὑτήν.
1923 4252 1940 4282 ι

366 4316 449 4369 Tb
475 4316 585 4387 γὰρ
617 4316 674 4369 ἐν
712 4318 825 4378 τοῖς
864 4315 1004 4368 κατά
1050 4316 1149 4386 τὴν
1198 4315 1331 4385 ὓλην
1372 4312 1823 4387 σπουδαζομένας
1849 4323 1945 4389 τὴν

364 4408 550 4477 ψυχὴν
579 4406 865 4479 εὑρεθῆναι
903 4407 1073 4461 αἴτιον
1104 4407 1309 4475 γίνεται
1344 4406 1438 4460 τοῦ
1464 4409 1523 4459 ἐν
1541 4411 1651 4472 τοῖς
1675 4410 1947 4480 ἀληθινοῖς

363 4499 601 4567 ἀγαθοῖς
628 4500 796 4569 αὑτὴν
826 4499 898 4570 μὴ
928 4499 1247 4569 εὑρεθῆναι·
1273 4502 1365 4553 καὶ
1384 4502 1444 4555 τὸ
1472 4502 1727 4573 ἔμπαλιν,
1757 4506 1790 4574 ὴ
1820 4506 1945 4557 τοὺ-

2055 652 2147 718 qui
2194 654 2324 702 sunt
2383 646 2572 699 talium
2619 642 3153 714 egenidivitiarum,
3205 650 3259 694 et
3306 635 3440 692 alias
3493 652 3627 708 epes

2052 751 2244 791 omnes
2303 734 2505 790 diaboli
2566 733 2781 787 beatius
2838 731 3055 801 quidem
3121 738 3207 783 est
3270 742 3339 781 ne
3403 726 3626 780 omnino

2052 824 2272 892 quidem
2333 820 2633 892 possidere,
2687 827 2746 873 ut
2787 834 2975 875 eorum
3017 832 3137 888 qua:
3179 831 3279 871 nos
3317 815 3623 884 inquinant,

2050 925 2338 965 careamus
2392 908 2618 963 omnino
2670 906 3044 978 possessione.
3099 901 3216 958 Non
3282 903 3464 957 minus
3526 916 3624 953 au-

2052 1006 2159 1052 tem
2210 998 2414 1053 bonum
2458 1004 2543 1053 est
2589 994 2637 1050 ei
2686 1009 2848 1065 quem
2894 994 3034 1048 mala
3083 992 3283 1045 invasit
3323 990 3623 1059 possessio,

2054 1099 2141 1138 res
2171 1083 2442 1153 ejusmodi
2496 1098 2618 1153 quae
2645 1082 2713 1136 ab
2762 1081 2884 1151 ipso
2913 1080 3266 1151 possidentur
3299 1076 3546 1147 perdere,
3572 1085 3626 1129 et

2050 1173 2275 1225 omnino
2301 1171 2501 1227 delere.
2527 1169 2635 1226 Sed
2664 1185 2850 1225 eorum
2874 1169 3093 1238 quidem
3120 1181 3229 1220 non
3252 1181 3376 1220 esse
3399 1165 3624 1219 omnino

2049 1260 2364 1329 participes,
2425 1257 2615 1314 melius
2653 1267 2757 1320 est,
2814 1271 2976 1326 quam
3011 1262 3069 1308 ut
3107 1254 3162 1307 id
3192 1254 3413 1308 evenire
3452 1251 3625 1321 possit

2054 1346 2303 1399 humanae
2330 1356 2554 1408 natura,
2587 1342 2683 1399 sed
2712 1359 2837 1397 cum
2870 1342 3144 1413 acceperit
3179 1355 3244 1395 ea
3292 1339 3536 1403 abolere,
3568 1338 3624 1392 id

2051 1433 2212 1486 situm
2235 1433 2397 1487 estin
2446 1432 2683 1485 hominis
2744 1439 3027 1499 potestate.
3091 1427 3275 1482 Solius
3333 1427 3512 1496 itaque
3540 1432 3625 1479 εει

2054 1516 2264 1570 Domini
2306 1518 2443 1571 nihil
2495 1516 2751 1572 habuisse
2781 1531 2969 1570 eorum
3005 1530 3126 1585 qua:
3159 1513 3402 1585 possidet
3432 1513 3625 1566 adver-

2050 1607 2253 1665 sarius.
2303 1606 2396 1675 qui
2431 1621 2618 1659 earum
2654 1619 2792 1675 quas
2854 1620 2955 1659 nos
2984 1604 3133 1675 passi
3161 1618 3352 1658 sumus
3382 1600 3624 1654 aﬂectio—

2051 1710 2177 1746 num
2210 1694 2309 1747 fuit
2339 1694 2610 1764 particeps
2628 1702 2823 1764 praeter
2846 1701 3148 1765 peccatum.
3178 1711 3199 1744 ι
3231 1690 3389 1746 Venit
3417 1692 3618 1750 enim,»

2049 1781 2245 1850 inquit,
2301 1799 2320 1832 ι
2360 1784 2614 1851 princeps
2672 1780 2835 1851 hujus
2888 1780 3097 1845 mundi,
3138 1789 3192 1835 et
3235 1781 3292 1834 in
3348 1795 3432 1833 me
3487 1778 3625 1832 nihil

2053 1868 2257 1922 invenit
2284 1883 2349 1921 ex
2375 1868 2609 1937 propriis
2637 1868 2701 1922 “.
2740 1886 2760 1921 ο
2806 1867 3057 1938 Seipsum
3107 1876 3289 1921 autem
3341 1882 3439 1937 per
3495 1866 3625 1919 dilio

2054 1965 2265 2025 gentem
2296 1970 2600 2025 expurgare
2650 1957 3046 2026 penitentiam,
3098 1956 3203 2010 hoc
3226 1970 3444 2026 quoque
3495 1954 3624 2008 licet

2053 2043 2234 2098 videre
2264 2044 2318 2098 in
2350 2043 2661 2099 hominibus
2689 2044 2782 2113 qui
2813 2059 2873 2100 se
2901 2044 3052 2113 ipsos
3097 2046 3371 2099 illustrant
3407 2042 3625 2096 virtuti—

2052 2129 2174 2184 bus.
2209 2131 2406 2186 Amisit
2435 2129 2639 2185 Paulus
2669 2131 2864 2184 malam
2906 2131 3302 2186 incredulitatis
3326 2130 3625 2199 possessio-

2051 2232 2172 2270 nem
2206 2233 2303 2288 per
2326 2233 2449 2272 eum
2480 2219 2573 2287 qui
2604 2218 2655 2271 in
2681 2217 2800 2287 ipso
2827 2230 3084 2288 Operatur
3112 2219 3341 2288 gratiam
3387 2217 3623 2288 pmphe-

2053 2306 2183 2358 tiae:
2251 2306 2444 2374 plenus
2489 2312 2671 2359 autem
2729 2304 2831 2359 fuit
2878 2305 3139 2361 thesauro
3167 2320 3328 2375 quem
3384 2304 3618 2376 quaesiit.

2051 2399 2290 2453 Perdidit
2317 2397 2485 2454 Isaias
2506 2400 2562 2453 in
2600 2398 2770 2453 divini
2821 2401 3077 2455 carbonis
3106 2400 3428 2470 purgatione
3449 2397 3613 2470 quid—

2049 2490 2177 2558 quid
2207 2491 2260 2543 in
2288 2505 2347 2544 se
2377 2498 2492 2544 erat
2514 2490 2817 2553 sordidum,
2849 2502 2904 2547 et
2929 2493 3179 2554 verbum,
3209 2499 3264 2546 et
3301 2493 3617 2562 cogitatum.

2050 2579 2342 2648 Propterea
2373 2583 2610 2652 repletus
2640 2581 2744 2637 fuit
2775 2590 2968 2637 sancto
3019 2581 3249 2653 Spiritu.
3281 2581 3467 2636 Perdit
3498 2581 3623 2650 qui-

2051 2672 2179 2727 libet
2200 2674 2251 2726 in
2282 2674 2401 2742 ejus
2428 2673 2573 2743 quod
2600 2680 2687 2729 est
2723 2674 2920 2729 melius
2973 2674 3409 2744 participatione,
3454 2672 3624 2742 quid-

2049 2765 2177 2832 quid
2212 2765 2531 2833 intelligitur
2557 2764 2607 2820 ei
2637 2780 2760 2820 esse
2782 2767 3138 2819 contrarium.
3175 2765 3266 2820 Sic
3311 2772 3622 2834 temperans

2048 2855 2739 2923 perditinteinperantiam,
2797 2856 2981 2926 justus
3031 2856 3383 2925 injustitiam,
3432 2857 3620 2911 mode-

2049 2952 2168 2999 stus
2186 2946 2516 3013 superbiam,
2553 2946 2850 3001 benevolus
2912 2947 3193 3012 invidiam,
3237 2947 3333 3016 qui
3366 2954 3452 3002 est
3490 2948 3621 3002 cha-

2049 3037 2209 3088 ritate
2238 3035 2497 3104 praeditus
2536 3035 2872 3092 inimicitias.
2902 3036 3187 3103 Quomodo
3205 3037 3348 3093 enim
3382 3038 3474 3108 qui
3502 3049 3622 3093 erat

2047 3140 2225 3181 cwcus
2262 3128 2315 3181 in
2377 3126 2689 3196 Evangelio,
2751 3128 2957 3182 invenit
3003 3129 3147 3198 quod
3202 3144 3315 3184 non
3361 3130 3614 3184 habebat:

2048 3217 2230 3273 ablata
2277 3218 2421 3273 enim
2444 3218 2711 3283 caicitate,
2735 3219 2855 3288 ejus
2878 3220 3000 3275 loco
3021 3221 3293 3276 successit
3362 3219 3621 3289 splendor

2052 3308 2227 3371 lucis;
2281 3318 2335 3362 et
2373 3310 2427 3363 in
2459 3310 2694 3378 leproso,
2725 3311 2907 3365 ablato
2941 3296 3132 3366 morbo
3153 3310 3293 3366 redit
3320 3310 3495 3381 gratia
3524 3325 3616 3365 sa-

2006 3448 2017 3459 .
2050 3406 2272 3470 unitatis;
2302 3413 2357 3459 et
2379 3407 2434 3459 in
2469 3407 2535 3461 iis
2555 3406 2646 3473 qui
2680 3414 2911 3477 surgunt
2944 3422 2973 3460 a
3004 3408 3259 3469 mortuis,
3300 3406 3621 3460 adveniente

2048 3499 2152 3552 vita
2181 3514 2330 3554 mors
2377 3499 2586 3554 recedit
2634 3519 2647 3555 :
2693 3501 2766 3554 ita
2829 3500 2994 3555 etiam
3049 3499 3104 3553 in
3150 3500 3427 3569 proposita
3460 3499 3618 3554 nobis

2047 3589 2408 3659 philosophia,
2442 3590 2557 3646 ﬁeri
2586 3607 2692 3646 non
2722 3599 2899 3661 potest
2952 3600 3011 3645 ut
3040 3591 3242 3661 aliquid
3274 3591 3619 3661 possideatur

2044 3697 2233 3735 eorum
2308 3697 2431 3752 quae
2496 3691 2625 3737 sunt
2686 3684 2921 3749 excelsa,
3001 3682 3109 3738 nisi
3188 3698 3368 3738 rerum
3444 3672 3660 3739 terre;

2046 3790 2239 3829 narum
2296 3784 2350 3830 et
2421 3775 2739 3830 bumilium-
2787 3777 3027 3830 studium
3097 3776 3462 3830 amiserimus.
3542 3774 3617 3828 Ea

2044 3868 2189 3919 enim
2263 3865 2587 3920 inveniendo
2644 3875 2869 3935 pereunt
2929 3867 3089 3937 nobis
3131 3882 3251 3936 qua:
3282 3875 3410 3921 sunt
3476 3883 3618 3936 pra:-

2046 3957 2333 4011 stanliora.
2390 3956 2456 4010 Et
2501 3965 2691 4011 contra
2755 3972 2946 4011 eorum
3023 3958 3247 4013 amissio
3305 3960 3620 4027 procumbit

2048 4048 2417 4101 inventionem
2467 4062 2650 4101 rerum
2697 4048 3080 4117 pretiosarum.
3115 4047 3241 4104 Hec
3273 4049 3619 4105 didicinmSa

2044 4156 2178 4195 voce
2204 4140 2417 4195 Domini
2453 4157 2466 4193 :
2508 4158 2527 4192 ι
2576 4140 2683 4207 Qui
2716 4143 2921 4196 invenit
2953 4143 3188 4198 animam
3216 4158 3393 4207 suam,
3430 4142 3623 4212 perdet

2044 4247 2165 4285 eam
2200 4249 2214 4286 :
2245 4238 2300 4285 ει
2350 4230 2445 4300 qui
2492 4231 2731 4302 perdidit
2787 4233 3025 4287 animam
3066 4249 3220 4289 suam
3254 4245 3473 4305 prapler
3507 4252 3618 4295 me,

2048 4322 2284 4377 inveniet
2314 4321 2487 4390 ipsam
2528 4323 2591 4377 ³⁷.
2632 4342 2650 4375 ι
2685 4323 2839 4389 Quod
2886 4325 3029 4379 enim
3085 4325 3305 4380 inventa
3335 4327 3405 4380 sit
3433 4327 3621 4377 anima

2048 4413 2101 4466 in
2166 4412 2234 4468 iis
2288 4426 2521 4482 quorum
2568 4412 2811 4468 studium
2868 4414 3171 4468 collocatur
3223 4414 3279 4470 in
3361 4415 3614 4475 ntuteria»,

2050 4518 2213 4556 causa
2241 4512 2323 4558 est
2347 4513 2407 4554 ut
2437 4503 2553 4572 ipsa
2582 4518 2691 4557 non
2725 4503 3038 4558 inveniatur
3076 4504 3131 4557 in
3162 4504 3307 4560 veris
3335 4503 3516 4559 bonis.
3552 4503 3615 4556 Et

368 4609 483 4644 των
509 4591 760 4662 στέρησις
786 4593 881 4644 καὶ
901 4591 1163 4654 ἀπώλεια,
1188 4593 1299 4645 τῶν
1324 4594 1692 4665 ἐλπιζομένων
1713 4596 1943 4669 ὖπαρξις

2049 4599 2262 4656 contra,
2285 4606 2472 4646 eorum
2498 4592 2731 4661 privatio
2758 4602 2813 4648 et
2841 4594 3086 4659 amissio,
3103 4594 3338 4648 edicitur
3358 4594 3618 4648 substan-

367 4679 602 4747 γίνεται.
634 4697 653 4729 ι
674 4680 738 4731 Τί
758 4680 865 4750 γὰρ
885 4680 1172 4747 ὠφελεῖται
1201 4683 1483 4753 ἄνθρωπος
1504 4685 1598 4738 ἐὰν
1626 4687 1718 4739 τὸν
1744 4687 1944 4757 κόσμον

372 4767 509 4825 ὅλον
530 4770 790 4844 κερδήσῃ,
812 4774 912 4844 τὴν
929 4773 984 4827 δὲ
998 4774 1175 4847 ψυχὴν
1198 4777 1364 4830 αὑτοῦ
1382 4778 1629 4850 ζημιωθῇ
1653 4796 1667 4844 ;
1700 4799 1793 4832 ›-‹
1826 4783 1954 4833 Kar-

376 4853 497 4926 ρὺς,
531 4874 551 4907 ι
581 4860 734 4927 φησὶ,
766 4877 784 4910 ι
809 4858 902 4912 τοῦ
923 4858 1176 4931 ζητῆσαι,
1200 4862 1293 4914 καὶ
1322 4864 1510 4934 καιρὸς
1527 4864 1620 4915 τοῦ
1636 4864 1914 4919 ἀπολέσαι.
1930 4885 1948 4917 ι

376 4950 447 5001 Εἰ
471 4949 647 5002 τοίνυν
674 4951 918 5021 ἔγνωμεν
936 4954 987 5006 τί
1018 4955 1134 5006 ἐστι
1156 4954 1214 5005 τὸ
1234 4953 1563 5025 ζητούμενον
1589 4955 1798 5028 κέρδος,
1820 4958 1847 5009 ὃ
1872 4958 1956 5011 διὰ

365 5040 466 5092 τοῦ
506 5040 859 5095 ἀπολέσαιτά
896 5042 1081 5107 κακῶς
1112 5044 1379 5114 κτηθέντα
1405 5046 1733 5117 εὑρίσκεται,
1751 5050 1811 5103 τὸ
1845 5052 1944 5123 μὲν

361 5129 719 5198 ζητήσωμεν,
750 5128 811 5182 τὸ
833 5130 890 5183 δὲ
914 5132 1265 5202 ἀπολέσωμεν
1286 5150 1297 5163 ·
1330 5133 1398 5188 τά
1430 5135 1571 5189 καλά
1599 5136 1943 5211 ζητήσωμεν,

361 5222 441 5272 τὰ
479 5220 627 5273 κακά
658 5221 1030 5293 ἀπολέσωμεν.
1057 5226 1249 5289 Καλῶς
1275 5226 1333 5279 δὲ
1368 5229 1461 5281 καὶ
1508 5232 1801 5300 προσφυῶς
1834 5236 1947 5296 τοῖς

361 5310 866 5381 ⁸προεξητασμέ.νοις
906 5316 998 5367 καὶ
1024 5317 1056 5387 ή
1103 5316 1387 5371 ἀκολουθία
1413 5320 1522 5373 τῶν
1549 5324 1945 5393 γεγραμμένων

360 5402 659 5471 ἐπάγεται.
682 5405 817 5475 Φησὶ
834 5409 960 5478 γάρ’
984 5426 1001 5458 ι
1026 5410 1227 5480 Καιρὸς
1263 5411 1355 5464 τοῦ
1389 5412 1617 5481 φυλάξαι
1638 5416 1729 5467 καὶ
1760 5416 1945 5486 καιρὸς

358 5492 466 5545 τοῦ
498 5493 799 5551 ἐκϐαλεῖν.»
828 5498 893 5551 Τί
913 5497 1173 5567 φυλάξαι;
1202 5503 1451 5574 Δηλονότι
1478 5504 1538 5557 τὸ
1566 5506 1784 5575 εὑρεθὲν
1813 5509 1943 5577 ἡμῖν

358 5586 438 5637 ἑκ
463 5587 563 5654 τῆς
586 5584 882 5656 ζητήσεως.
903 5589 967 5642 Τί
992 5590 1272 5659 ἐκϐαλεῖν;
1320 5590 1525 5647 Ἐκεῖνο
1549 5596 1787 5660 πάντως,
1819 5592 1879 5649 οὗ
1906 5600 1939 5669 ἡ

358 5674 621 5730 ἀπώλεια
660 5677 954 5735 λυσιτελεῖν
1004 5683 1281 5754 ἐνομίσθη.
1342 5683 1585 5754 Ἐγένετό
1638 5704 1718 5740 σοι
1769 5688 1947 5760 νόημα

2048 4682 2121 4737 tia
2148 4697 2337 4737 eorum
2368 4697 2490 4752 quae
2505 4692 2814 4752 sperantur.
2851 4702 2872 4736 ι
2922 4683 3062 4750 Quid
3089 4684 3232 4740 enim
3259 4685 3481 4755 prodest
3520 4685 3619 4738 lio-

2048 4776 2179 4830 mini
2213 4776 2261 4830 si
2306 4782 2480 4831 totum
2523 4774 2782 4830 mundum
2820 4777 3081 4841 lucretur,
3110 4776 3381 4844 jacturam
3431 4786 3619 4831 autem

2046 4866 2210 4921 faciat
2241 4866 2434 4922 animae
2458 4868 2538 4920 u'1'
2561 4886 2580 4917 ι
2604 4896 2674 4906 -
2696 4884 2715 4918 ι
2740 4866 2977 4937 Tempus
3006 4876 3109 4933 est,
3144 4887 3163 4920 ι
3192 4868 3387 4938 inquit,
3412 4886 3433 4917 ι
3464 4884 3617 4937 quae-

2049 4958 2200 5012 rendi
2234 4967 2289 5011 et
2326 4965 2538 5027 tempus
2573 4968 2657 5013 est
2701 4960 3004 5014 amittendi.
3061 4979 3079 5012 i
3153 4960 3209 5015 Si
3244 4977 3373 5031 ergo
3407 4962 3618 5016 scimus

2047 5047 2177 5116 quid
2203 5049 2275 5101 sit
2306 5047 2514 5101 lucrmn
2545 5049 2690 5118 quod
2716 5052 2997 5119 quaeritur,
3029 5053 3173 5121 quod
3204 5052 3420 5120 quidem
3453 5068 3517 5105 ex
3548 5066 3618 5105 eo

2048 5139 2495 5209 invenitur,quod
2519 5142 2778 5210 perierint
2799 5158 2919 5211 quae
2940 5146 3079 5198 male
3103 5160 3355 5213 possessa
3375 5143 3612 5208 inierant,
3650 5151 3655 5155 ‘

2047 5232 2178 5286 illud
2238 5234 2455 5303 quidem
2509 5249 2854 5304 quaeramus,
2910 5235 3014 5289 hoc
3065 5252 3194 5289 vero
3257 5236 3615 5293 amittamus:

2045 5324 2188 5379 bona
2218 5340 2550 5395 quaeramus,
2598 5327 2739 5380 mala
2794 5328 3131 5383 amittamus.
3172 5330 3337 5382 [lecte
3360 5339 3540 5382 autem
3561 5338 3617 5385 et

2049 5418 2296 5486 apposite
2328 5416 2397 5472 iis
2420 5432 2541 5486 quae
2562 5418 2715 5486 prius
2740 5428 2869 5472 sunt
2895 5420 3228 5486 examinata,
3263 5420 3616 5492 subjungitur

2049 5509 2440 5577 consequentia
2465 5523 2654 5563 eorum
2685 5524 2806 5578 quae
2838 5509 3043 5579 scripta
3092 5519 3241 5565 sunt.
3272 5509 3410 5568 Dicit
3439 5514 3609 5579 enim,

2056 5619 2073 5652 ι
2112 5599 2349 5669 Tempus
2378 5607 2463 5655 est
2493 5600 2770 5663 servandi,
2804 5607 2858 5653 et
2905 5607 3117 5669 tempus
3146 5613 3232 5656 est
3280 5603 3555 5674 ejiciendi.
3592 5622 3612 5657 ι

2052 5694 2191 5759 Quid
2224 5695 2515 5748 servandi?
2544 5692 2601 5747 Id
2641 5694 2852 5750 scilicet
2897 5694 3041 5765 quod
3071 5711 3101 5750 a
3135 5698 3293 5755 nobis
3337 5698 3615 5757 inventum

450 5861 495 5891 "
539 5860 726 5916 Matth.
750 5880 800 5926 ν,
824 5864 877 5920 3.
958 5867 999 5898 “
1037 5864 1191 5922 Joan.
1219 5884 1325 5933 xiv,
1349 5870 1436 5926 50.
1521 5872 1560 5903 ⁸⁷
1601 5869 1788 5925 Matth.
1818 5886 1868 5932 κ.
1894 5868 1951 5925 59

2064 5871 2105 5900 "'
2148 5870 2335 5924 Matth.
2366 5886 2475 5935 xw,
2497 5868 2588 5926 25.
