4110 6474
549 421 652 474 79.3

1781 426 1843 482 S.
1876 424 2198 482 GREGORII
2230 427 2526 487 NYSSENI

3689 443 3784 498 7'26

543 551 627 594 est
656 556 720 594 ex
745 539 1116 609 inquisitione.
1149 538 1287 605 Quld
1307 539 1600 606 ejiciendi?
1630 540 1682 596 Id
1715 543 1926 597 scilicet
1954 543 2095 610 cuju:

2213 546 2403 612 δεξιὸν.
2439 549 2687 620 εἰσῆλθεν
2715 550 2975 624 ἐπιθυμία
3013 553 3109 607 τοῦ
3139 554 3267 609 ἰδεῖν
3294 556 3391 611 τὸν
3410 557 3564 625 Θεὸν,
3599 557 3782 631 ἐδίψη-

545 632 895 687 amissionem
917 631 1287 686 existimatum
1314 643 1396 688 est
1424 634 1697 688 conferre.
1737 633 1866 689 Orta
1893 643 1978 690 est
2011 635 2108 688 tibi

543 722 686 776 bona
735 724 1018 793 cogitatio,
1075 730 1128 778 te
1200 724 1426 779 incessit
1498 726 1834 780 desiderium
1891 727 2108 782 videndi

541 813 734 879 Deum,
763 816 931 870 sitivit
963 816 1142 870 anima
1163 825 1250 870 tua
1275 818 1340 872 ad
1373 817 1539 872 Deum
1576 817 1792 881 fortem,
1831 821 2008 874 vivum
2043 821 2106 886 ",

539 907 637 961 tibi
681 916 802 961 orta
858 916 943 962 est
987 909 1251 978 appetitio
1286 917 1342 962 ut
1379 925 1529 965 esses
1562 911 1616 964 in
1655 912 1810 966 atriis
1838 909 2052 965 Domini
2090 926 2103 962 :

539 996 676 1050 atria
712 1005 892 1052 autem
927 997 1135 1053 Domini
1174 1007 1331 1066 sunt,
1363 1015 1483 1054 meo
1506 1000 1721 1070 quidem
1740 1001 1970 1070 judicio,
2000 1003 2108 1055 vir-

536 1096 685 1144 tutes
713 1105 836 1144 cum
889 1092 1086 1162 quibus
1137 1092 1348 1147 habitat
1409 1093 1572 1159 ratio,
1607 1101 1659 1147 et
1689 1094 1999 1165 quicunque
2028 1111 2108 1149 se.-

535 1185 724 1255 quitur
756 1185 1048 1239 rationem.
1083 1185 1207 1240 "mc
1233 1187 1468 1249 custodi,
1501 1202 1570 1240 ne
1596 1186 1691 1240 tibi
1726 1186 1946 1242 eﬂluant
1977 1188 2108 1242 divi-

535 1278 626 1332 tite
680 1277 1008 1331 mundarum
1063 1279 1263 1333 mentis
1322 1279 2106 1349 possessionum.ingreditur

535 1369 804 1441 quaepiam
863 1371 1137 1425 contraria
1187 1370 1466 1442 cogitatio,
1523 1381 1783 1442 tanquam
1848 1372 1934 1426 l'ur
1993 1388 2103 1427 nou

499 1519 504 1525 ,
533 1462 885 1526 manifestus,
909 1478 1029 1535 quae
1061 1463 1298 1518 mundas
1345 1463 1592 1533 proﬂigat
1620 1463 1997 1532 cogitationes,
2041 1481 2103 1519 ea

533 1561 620 1609 est
665 1553 932 1624 ejicienda
951 1565 1004 1608 et
1031 1568 1062 1607 a
1085 1563 1263 1608 mente
1280 1553 1639 1609 amandauda.
1667 1553 1725 1608 In
1753 1570 1817 1609 ea
1837 1556 1980 1610 enim
2009 1558 2106 1612 de-

533 1650 825 1710 turbanda.
880 1655 999 1703 tuto
1028 1650 1446 1704 conservabitur
1498 1649 1655 1703 nobis
1690 1648 1954 1703 bonorum
1992 1651 2104 1705 the-

535 1755 753 1796 saurus.
783 1739 839 1794 Si
870 1750 1052 1794 autem
1074 1755 1181 1794 non
1214 1737 1380 1794 fuerit
1403 1737 1576 1807 ejecta
1597 1752 1717 1808 quae
1738 1738 1934 1807 perdit,
1968 1741 2101 1795 nihil

535 1833 672 1888 lucri
702 1833 1127 1903 possidebimus,
1173 1832 1448 1887 latronum
1481 1831 1574 1900 qui
1611 1846 1800 1890 muros
1839 1831 2100 1889 eﬁodiunt

533 1923 750 1980 insidiis
774 1923 1140 1979 dililuentibus
1160 1921 1537 1978 facultatibus.

604 2015 869 2082 Quoniam
950 2031 1084 2083 ergo
1153 2023 1368 2084 tempus
1450 2017 1726 2085 quaerendi
1787 2018 2099 2082 didicimus,

536 2127 559 2160 ι
593 2111 773 2164 omnis
803 2120 982 2163 autem
1013 2108 1102 2179 qui
1144 2109 1357 2178 quaerit,
1387 2108 1590 2164 invenit
1625 2111 1672 2142 ³ο
1704 2127 1718 2164 :
1751 2129 1768 2162 ι
1805 2119 1863 2164 ut
1887 2127 2102 2181 perma-

533 2209 658 2256 neat
691 2201 839 2272 quod
877 2201 1160 2256 inventum
1206 2208 1310 2266 est,
1338 2199 1595 2256 thesauro
1638 2201 1948 2272 diligentem
1998 2203 2101 2255 ali-

532 2308 697 2364 quam
768 2293 1112 2362 imponamus
1155 2291 1481 2346 custodiam.
1551 2310 1570 2343 ι
1614 2292 1794 2355 Omni,
1846 2310 1864 2345 ι
1903 2292 2098 2363 inquit,

537 2401 558 2434 c
600 2383 852 2438 custodia
897 2398 1055 2436 serva
1107 2395 1202 2434 cor
1232 2389 1385 2435 tuum
1416 2382 1483 2444 ¹¹,
1534 2402 1552 2433 ι
1590 2391 1647 2436 ιιι
1682 2392 1966 2453 postquam
2016 2383 2101 2437 in-

529 2474 767 2538 veneris,
803 2473 1082 2527 custodias
1115 2474 1390 2527 inventam
1445 2475 1692 2544 gratiam,
1744 2482 1824 2538 ut,
1867 2474 2097 2544 exempli

533 2579 722 2627 causa,
749 2564 842 2633 qui
875 2564 941 2616 ad
977 2562 1133 2617 ﬁdem
1162 2563 1418 2628 accessit,
1443 2565 1732 2632 puritatem
1771 2564 1978 2617 invenit
2006 2579 2100 2632 per

531 2653 828 2709 lavacrum.
859 2651 964 2706 Sed
994 2652 1164 2720 major
1197 2661 1276 2707 est
1311 2653 1461 2706 labor
1489 2652 1542 2705 in
1572 2651 1930 2706 custodiendo
1952 2652 2097 2720 quod

531 2742 763 2812 accepit,
835 2757 998 2810 quam
1059 2742 1112 2794 in
1160 2742 1487 2795 inveniendo
1538 2742 1684 2809 quod
1725 2757 1834 2796 non
1886 2743 2094 2796 habuit.

529 2833 813 2900 Quomodo
842 2848 971 2902 ergo
990 2834 1310 2888 dicebamus
1340 2849 1446 2888 non
1489 2833 1673 2902 aliquo
1711 2842 1956 2903 tempore
1985 2835 2094 2888 cir-

528 2925 822 2980 cumscribi
884 2925 1342 2995 opportunitatem
1402 2925 1732 2988 inveniendi,
1783 2925 1878 2980 sed
1926 2935 2093 2979 totam

526 3020 693 3074 vitam
732 3035 854 3074 esse
879 3035 1045 3073 unum
1082 3030 1296 3088 tempus
1323 3019 1476 3072 bonze
1498 3019 1642 3072 illius
1673 3020 2044 3088 inquisitionis
2075 3038 2088 3073 :

529 3116 601 3167 ita
629 3114 790 3168 etiam
820 3121 1033 3183 tempus
1081 3112 1344 3166 custodia:
1369 3120 1536 3163 totam
1573 3112 1735 3164 vitam
1768 3113 1944 3166 metiri
1970 3128 2094 3182 pro-

2215 657 2306 693 σεν
2331 643 2364 713 ἡ
2395 642 2538 714 ψυχή
2567 659 2660 697 σου
2682 645 2821 716 πρὸς
2843 647 2936 700 τὸν
2961 646 3093 700 Θεὸν
3111 648 3202 702 τὸν
3227 649 3564 720 ίσχυρὸν,τδν
3585 650 3782 716 ζῶντα,

2211 731 2372 797 πόθος
2422 735 2633 801 ἐγένετό
2677 753 2757 788 σοι
2798 736 2892 789 τοῦ
2941 739 3000 790 ἐν
3040 739 3160 801 ταῖς
3206 738 3395 802 αὐλαῖς
3444 741 3534 793 τού
3579 740 3782 811 Κυρίου

2209 827 2496 896 γενέσθαι·
2535 830 2692 882 αὐλαὶ⁵
2720 830 2765 883 δ’
2797 831 2862 884 ἂν
2886 827 2994 884 εἷεν
3035 831 3128 884 τοῦ
3160 833 3388 901 Κυρίου,
3419 835 3558 888 κατά
3596 851 3658 902 γε
3689 833 3780 888 τὸν

2209 921 2339 989 ἐμὸν
2375 920 2549 988 λόγον,
2585 923 2646 974 αἱ
2672 923 2882 993 ἀρεταὶ,
2905 917 2997 986 αἷς
3015 923 3389 987 συναυλίζεται
3409 926 3438 976 6
3466 924 3643 992 λόγος,
3686 925 3778 978 καὶ

2208 1014 2317 1075 πᾶς
2359 1015 2387 1066 6
2418 1013 2495 1084 τῷ
2546 1013 2688 1084 λόγῳ
2726 1015 3008 1085 ἑπόμενος.
3041 1015 3226 1070 Ταῦτα
3278 1015 3545 1084 φύλαξον,
3580 1017 3656 1078 ὼς
3704 1015 3777 1086 μὴ

2205 1102 2528 1174 διαρῤυῆνσί
2563 1121 2645 1157 σοι
2693 1106 2785 1158 τὸν
2813 1107 3039 1160 πλοῦτον
3073 1107 3182 1160 τῶν
3225 1107 3482 1178 καθαρῶν
3523 1111 3621 1178 τῆς
3663 1109 3776 1161 δια-

2206 1196 2354 1260 νοίας
2385 1197 3102 1268 κτημάτων.ῙΙαρεισδύεταί
3125 1215 3209 1260 τις
3235 1197 3493 1268 λογισμὸς
3514 1198 3777 1260 ἐναντίος,

2204 1282 2314 1341 οἶόν
2344 1305 2431 1353 τις
2465 1289 2719 1361 λαθραῖος
2756 1290 2998 1360 κλέπτης
3025 1289 3332 1360 ἀφανισμὸν
3379 1289 3487 1342 τῶν
3521 1289 3780 1360 καθαρῶν

2206 1381 2493 1451 νοημάτων
2522 1381 2860 1452 ποιούμενος,
2894 1382 3184 1451 ἐκϐλητέος
3214 1377 3366 1443 οὗτος
3396 1381 3488 1433 καὶ
3519 1379 3774 1444 ἀποπεμ-

2205 1473 2364 1536 πτέος
2389 1474 2490 1542 τῆς
2519 1473 2775 1538 διανοίας.
2814 1475 2903 1528 Ἐν
2941 1473 3050 1545 γὰρ
3079 1473 3158 1544 τῷ
3187 1474 3392 1526 ἐκεῖνον
3428 1471 3777 1537 ἀπώσασθαι,

2201 1565 2268 1617 δι’
2290 1565 2586 1635 ἀσφαλείας
2613 1568 2746 1638 ἡμῖν
2767 1567 2798 1620 6
2827 1567 2935 1620 τῶν
2966 1567 3185 1635 ἀγαθῶν
3215 1566 3483 1638 θησαυρὸς
3501 1565 3775 1637 φυλαχθη-

2203 1671 2376 1707 σεται.
2416 1655 2480 1707 Et
2519 1654 2576 1707 δὲ
2615 1656 2689 1727 μὴ
2736 1655 3022 1726 ἐκϐληθείη
3049 1658 3080 1709 6
3125 1654 3512 1725 λυμαινόμενος
3537 1695 3552 1719 ,
3582 1655 3773 1725 κέρδος

2201 1747 2353 1800 οὐδὲν
2382 1747 2533 1802 ἔσται
2553 1749 2651 1819 τῆς
2679 1750 2940 1820 κτήσεως,
2965 1751 3022 1801 ἐν
3046 1751 3110 1819 τῇ
3137 1749 3244 1801 τῶν
3268 1746 3617 1818 τοιχωρύχων
3647 1750 3771 1802 ἐπι-

2205 1838 2364 1910 ϐουλῇ
2387 1841 2483 1911 τῆς
2517 1841 2775 1911 εὐπορίας
2798 1840 3192 1913 ὑπορρεούσης.

2285 2022 2498 2089 Ἐπειδὴ
2527 2019 2624 2077 οὖν
2639 2023 2989 2094 ἐδιδάχθημεν
3005 2023 3096 2075 τὸν
3106 2022 3295 2092 καιρὸν
3307 2024 3404 2077 τοῦ
3413 2026 3612 2098 ζητεῖν,
3625 2045 3644 2077 ι
3663 2027 3772 2088 πᾶς

2200 2106 2257 2160 δὲ
2277 2108 2306 2160 6
2329 2109 2503 2181 ζητῶν
2517 2109 2781 2180 εὐρσίκει,
2807 2127 2826 2160 ι
2849 2110 2997 2169 ὅπως
3022 2108 3089 2163 ἂν
3114 2109 3176 2162 τὸ
3203 2111 3424 2182 εὐρεθέν
3455 2111 3770 2184 παραμένῃ,

2201 2195 2400 2268 ἀκριϐῆ
2427 2213 2548 2248 τινα
2573 2195 2650 2264 τῷ
2677 2195 2936 2268 θησαυρῷ
2961 2201 3060 2270 τὴν
3087 2203 3330 2273 φρουρὰν
3361 2206 3768 2275 ἐπιστήσωμεν.

2208 2308 2228 2341 ι
2254 2289 2410 2360 Πάσῃ
2440 2288 2704 2359 φυλακῇ.»
2734 2292 2888 2359 φησὶ,
2905 2311 2925 2345 ι
2948 2298 3099 2364 τήρει
3123 2294 3219 2360 σὴν
3241 2295 3484 2366 καρδίαν,
3507 2315 3526 2347 ι
3547 2296 3686 2367 μετά
3711 2297 3777 2349 1:6

2199 2381 2379 2454 εὑρεῖν
2401 2379 2482 2451 τῷ
2506 2381 2732 2450 φυλάξαι
2755 2381 2852 2452 τὴν
2874 2381 3187 2453 εὑρεθεῖσαν
3203 2383 3362 2453 χάριν
3379 2402 3393 2414 ·
3414 2381 3527 2439 οἷον
3554 2383 3713 2456 εὗρεν
3742 2389 3776 2441 6

2200 2471 2511 2544 προσελθὼν
2532 2475 2597 2543 τῇ
2626 2473 2802 2525 πίστει
2822 2473 2921 2542 τὴν
2936 2472 3023 2525 διὰ
3041 2472 3133 2526 τοῦ
3150 2473 3375 2544 λουτροῦ
3399 2475 3771 2548 καθαρότητα.

2212 2563 2370 2616 Ἀλλά
2403 2562 2599 2632 μείζων
2630 2564 2659 2614 6
2696 2563 2854 2626 πόνος
2876 2563 3050 2633 ἐν*τῷ
3084 2563 3313 2633 φυλάξαι
3339 2565 3368 2618 6
3401 2566 3611 2628 ἐλαϐεν,
3647 2569 3681 2637 ἢ
3712 2570 3775 2620 ἐν

2197 2654 2274 2721 τῷ
2294 2655 2472 2724 εὑρεῖν
2501 2653 2530 2705 ὃ
2549 2654 2650 2706 οὐκ
2679 2647 2844 2724 εἶχεν.
2869 2655 3076 2727 Ὠσπερ
3097 2651 3190 2709 οὖν
3227 2656 3452 2728 εἴπομεν
3486 2659 3560 2728 μὴ
3592 2658 3778 2729 χρόνῳ

2195 2747 2302 2798 τινὶ
2332 2746 2432 2816 τὴν
2457 2744 2550 2798 τοῦ
2607 2744 2792 2815 ζητεῖν
2826 2747 3108 2818 εὐκαιρίαν
3163 2750 3591 2822 περιορίζεσθαι,
3629 2751 3773 2804 ἀλλὰ

2196 2841 2372 2890 πάντα
2402 2838 2492 2890 τὸν
2527 2837 2637 2908 βίον
2661 2838 2755 2891 ἐνα
2785 2839 2972 2909 καιρὸν
3015 2836 3150 2894 εἶναι
3174 2843 3271 2912 τῆς
3308 2843 3517 2914 ἀγαθῆς
3553 2845 3772 2915 ἐκείνης

2195 2929 2507 3000 ζητήσεωςο
2539 2928 2681 2983 οὕτω
2722 2931 2818 2984 καὶ
2860 2931 2950 2985 τὸν
2989 2935 3086 3003 τῆς
3107 2933 3354 3004 φυλακῆς
3391 2935 3581 3005 καιρὸν
3618 2937 3774 3007 πάσῃ

2192 3025 2258 3094 τῇ
2294 3022 2405 3093 ζωῇ
2438 3021 2750 3093 μετρεῖσθαι
2796 3024 3234 3094 ἁποφαινόμεθα’
3265 3025 3363 3096 τὴν
3384 3028 3558 3099 αὐτὴν
3585 3029 3772 3099 φωνὴν

2192 3117 2289 3185 τῆς
2318 3116 2653 3185 προφητείας
2685 3117 2775 3169 καὶ
2799 3115 2894 3169 νῦν
2926 3119 3313 3189 παραθέμενοι,
3339 3121 3439 3192 τὴν
3467 3122 3732 3192 λέγουσαν
3751 3138 3771 3155 ⁸

527 3208 866 3271 uuutiamus,
894 3203 1082 3260 eadem
1108 3220 1239 3258 voce
1274 3205 1567 3274 prophetiae
1591 3220 1736 3258 nunc
1759 3221 1977 3275 quoque
1998 3205 2092 3259 atl-

2199 3223 2219 3256 ι
2251 3207 2314 3259 Oi.
2343 3205 2610 3275 ὀφθαλμοί
2637 3223 2738 3276 μου
2765 3206 3056 3270 διαπαντὸς
3085 3208 3223 3278 πρὸς
3253 3209 3344 3261 τὸν
3402 3210 3634 3277 Κύριον
3686 3209 3773 3262 ὅτι

525 3299 708 3361 ducta,
736 3313 855 3369 quae
886 3298 1052 3352 dicit:
1083 3317 1101 3347 ι
1131 3295 1285 3351 Oculi
1315 3297 1419 3350 mei
1447 3313 1662 3364 semper
1680 3298 1744 3350 ad
1771 3296 2091 3354 Dominum:

525 3392 784 3457 quoniam
823 3391 938 3458 ipse
977 3388 1170 3443 evellet
1208 3402 1273 3441 ex
1320 3388 1512 3456 laqueo
1564 3388 1726 3456 pedes
1771 3404 1921 3444 meos
1959 3390 2025 3443 ".
2069 3408 2088 3440 ι

526 3481 585 3535 ιιι
610 3480 713 3534 hoc
741 3480 885 3535 enim
916 3479 1216 3548 poterimus
1248 3479 1404 3532 nobis
1448 3481 1711 3550 integram
1749 3488 1801 3533 et
1832 3483 2091 3534 intactam

525 3587 854 3627 conservare
885 3571 1082 3625 bonam
1137 3571 1562 3640 possessionem,
1610 3571 1755 3642 quod
1787 3571 1954 3626 Deum
1982 3582 2095 3627 sta-

526 3677 746 3720 tuamus
773 3672 1085 3718 nostrarum
1110 3677 1290 3716 rerum
1322 3665 1625 3717 custodem.
1675 3661 1904 3730 Quando
1947 3666 2090 3718 enim

525 3756 671 3809 oculi
720 3756 822 3809 mei
850 3770 1062 3824 semper
1110 3753 1315 3808 fuerint
1359 3755 1424 3809 ad
1461 3754 1932 3818 Dominum,’tunc
1960 3757 2093 3810 nihil

526 3854 782 3917 poterunt
835 3846 1048 3901 etlicere
1102 3846 1278 3914 laquei
1323 3845 1646 3908 adversarii,
1686 3863 1783 3917 per
1811 3863 1952 3911 quos
2004 3849 2093 3904 ille

525 3939 750 3992 molitur
798 3938 1026 3993 insidias
1105 3939 1173 3993 iis
1230 3955 1350 4008 qua:
1402 3951 1529 3994 sunt
1587 3941 1782 3994 anima:
1831 3943 2091 4011 pretiosa.

529 4049 550 4081 ε
605 4028 722 4083 Non
761 4030 875 4094 des,
927 4048 946 4080 ι
989 4030 1183 4099 inquit,
1245 4050 1261 4080 ι
1316 4031 1369 4084 in
1426 4032 1842 4086 commotionem
1905 4033 2092 4102 pedem

525 4133 700 4188 tuum,
751 4130 806 4175 et
853 4139 958 4176 nou
989 4123 1302 4176 dormitabit
1330 4124 1423 4191 qui
1465 4123 1706 4176 custodit
1754 4131 1807 4178 te
1839 4125 1904 4177 ⁸³.
1947 4143 1966 4175 ›
2000 4123 2095 4179 Est

523 4228 653 4283 ergo
685 4227 922 4282 praesens
953 4223 1240 4268 contextus
1269 4228 1610 4282 consequens
1639 4216 1685 4268 ei
1729 4216 1821 4285 qui
1861 4231 2094 4284 praeces-

524 4306 614 4360 sit.
648 4305 741 4359 Ille
765 4305 930 4374 jussit
953 4321 1197 4374 quaerere
1236 4318 1292 4358 ut
1337 4306 1681 4360 inveniamus
1715 4326 1729 4362 :
1785 4309 1874 4362 hic
1903 4309 2096 4364 suadet

523 4397 804 4452 custodire
841 4413 908 4452 ne
935 4398 1243 4466 perdamus.
1299 4396 1492 4453 Modus
1519 4407 1696 4452 autem
1723 4403 1969 4455 servandi
1992 4401 2094 4456 bo-

522 4504 593 4542 na
622 4498 706 4544 est
732 4489 788 4542 in
817 4489 1101 4558 ejiciendis
1129 4490 1195 4543 iis
1229 4491 1741 4559 quaeintelliguntur
1771 4507 1836 4546 ex
1867 4502 2088 4546 contra-

521 4579 636 4644 rio;
666 4580 936 4650 quomodo
959 4580 1215 4650 oppidum
1247 4580 1390 4648 quod
1427 4581 1727 4646 obsidetur,
1787 4582 1958 4636 tutius
1983 4597 2079 4636 cu-

522 4671 756 4725 stoditur
774 4671 964 4740 ejectis
994 4672 1402 4742 proditoribus:
1449 4673 1690 4742 quandiu
1737 4683 1916 4729 autem
1964 4684 2092 4730 sunt

522 4764 691 4827 intus,
724 4766 896 4835 magis
925 4765 1255 4820 insidiantur
1284 4766 1320 4820 ii
1362 4766 1455 4835 qui
1510 4766 1698 4831 latent,
1731 4781 1893 4836 quam
1926 4768 1962 4821 ii
1997 4769 2090 4838 qui

522 4867 650 4912 sunt
670 4858 842 4926 aperti
871 4857 1073 4912 hostes.
1099 4857 1336 4927 Tempus
1361 4867 1445 4913 est
1471 4859 1641 4923 enim,
1681 4859 1879 4929 inquit,
1905 4870 2090 4915 custo-

520 4949 726 5012 diendi,
757 4957 810 5003 et
836 4960 1046 5018 tempus
1077 4950 1388 5018 abiiciendi.

590 5041 744 5108 Quod
821 5051 1000 5096 autem
1077 5043 1334 5113 deinceps
1393 5045 1658 5114 sequitur,
1709 5046 1944 5099 animam
2019 5046 2089 5101 ad

518 5134 778 5202 majorem
853 5133 921 5187 de
977 5134 1138 5189 rebus
1225 5151 1346 5204 qua:
1425 5135 1629 5190 cadunt
1713 5137 1815 5192 sub
1889 5139 2091 5192 intelli-

518 5227 755 5292 gentiam
832 5227 1054 5279 deducit
1126 5226 1550 5295 philosophiam.
1618 5228 1869 5283 Ostendit
1944 5231 2085 5284 enim

517 5316 664 5387 quod
716 5317 1048 5372 universitas
1097 5325 1182 5372 est
1262 5318 1363 5371 sibi
1422 5319 1524 5387 ipsi
1583 5319 1916 5380 continens,
1985 5335 2086 5373 nec

516 5425 784 5480 compago
841 5425 1029 5464 eorum
1079 5425 1201 5478 qua:
1252 5411 1455 5464 cadunt
1499 5410 1601 5464 sub
1648 5410 2085 5479 intelligentiam,

518 5501 685 5556 ullam
723 5503 886 5559 habet
930 5503 1286 5563 solutionem,
1329 5503 1422 5558 sed
1468 5512 1553 5556 est
1599 5503 1847 5571 quaedam
1895 5519 2085 5558 eorum

516 5609 638 5662 quae
665 5603 814 5660 sunt,
843 5595 985 5649 inter
1019 5610 1077 5651 se
1109 5595 1340 5649 invicem
1386 5594 1745 5664 conspiratio.
1771 5593 1956 5663 Neque
1991 5597 2086 5652 ab-

519 5685 760 5741 scissum
793 5694 876 5742 est
905 5688 1220 5743 universum
1256 5687 1327 5743 ab
1355 5701 1418 5742 ea
1446 5701 1570 5756 qua
1602 5694 1689 5742 est
1729 5700 1916 5741 secum
1948 5702 2085 5741 con-

2197 3298 2358 3359 αὐτὺς
2409 3299 2673 3351 ἐκσπάσει
2704 3299 2768 3350 ἐκ
2817 3298 3039 3365 παγίδος
3088 3300 3213 3362 τοὺς
3255 3298 3423 3362 πόδας
3465 3316 3589 3368 μου.
3619 3318 3640 3352 ι
3686 3299 3773 3353 Ἐν

2193 3389 2366 3460 τούτῳ
2407 3389 2515 3459 γάρ
2547 3390 2662 3441 ἐστι
2698 3389 2763 3442 τὺ
2796 3387 2994 3442 ἄσυλον
3024 3388 3122 3459 τὴν
3159 3389 3369 3461 ἀγαθὴν
3402 3393 3596 3460 κτῆσιν
3634 3392 3770 3461 ἡμῖν

2195 3477 2576 3549 φυλάττεσθαι,
2612 3479 2672 3531 ἐν
2715 3478 2796 3549 τῷ
2831 3479 2924 3532 τὸν
2940 3478 3070 3532 Θεὸν
3109 3479 3326 3547 φύλακα
3347 3480 3456 3532 τῶν
3481 3481 3772 3552 ἡμετέρων

2193 3571 2540 3641 ποιήσασθαι.
2580 3570 2750 3626 Ὅταν
2779 3571 2888 3642 γὰρ
2910 3573 2958 3624 oi
2984 3570 3250 3641 ὀφθαλμοί
3283 3589 3385 3642 μου
3410 3566 3511 3626 ῶσι
3544 3573 3772 3626 διαπαν-

2191 3663 2282 3725 τὸς
2329 3663 2465 3731 πρὸς
2502 3663 2592 3715 τὸν
2631 3662 2868 3734 Κύριον,
2897 3664 3018 3716 τότε
3062 3664 3331 3734 ἄπρακτοι
3374 3665 3640 3732 γένωνται
3673 3665 3770 3718 τοῦ

2193 3757 2564 3826 ἀντικειμένου
2614 3757 2669 3808 αί
2725 3755 2950 3823 παγίδες
2972 3797 2986 3820 ,
3018 3755 3085 3807 δι’
3117 3748 3192 3808 ὧν
3231 3757 3438 3818 ἐκεῖνος
3469 3757 3580 3809 τῶν
3610 3759 3668 3810 ἐν
3701 3759 3766 3828 τῇ

2191 3849 2335 3919 ψυχῇ
2364 3847 2558 3917 τιμίων
2587 3848 2685 3918 τὴν
2713 3847 3000 3918 ἐπιϐουλὴν
3020 3847 3355 3918 τεχνάζεται.
3387 3865 3406 3900 ι
3434 3848 3526 3918 Μὴ
3559 3847 3720 3919 δώῃς,
3741 3866 3763 3899 ι

2195 3941 2377 4010 φησιν,
2416 3959 2435 3990 ι
2471 3941 2550 4003 εἰς
2593 3938 2752 3992 σάλον
2775 3939 2867 3992 τὸν
2896 3937 3029 3991 πόδα
3060 3955 3176 4002 σου,
3203 3940 3298 3993 xui.
3345 3939 3405 3992 οὐ
3449 3939 3702 4018 νυστυάξει
3737 3941 3769 3994 6

2196 4033 2502 4102 φυλάσσων.
2547 4051 2566 4084 ι
2595 4029 2803 4085 Οὐκοῦν
2831 4029 3122 4094 ἀκόλουθος
3150 4031 3184 4101 ἡ
3220 4029 3468 4101 παροῦσα
3504 4033 3664 4102 ῥῆσις
3691 4028 3764 4099 τῷ

2195 4123 2486 4195 προάγοντι
2520 4123 2682 4192 λόγῳ.
2720 4122 2955 4185 Ἐκεῖνος
2987 4121 3238 4174 ἐκέλευσε
3265 4121 3448 4191 ζητεῖν
3485 4121 3578 4174 ἶνα
3604 4121 3765 4193 εὕρω-

2198 4233 2325 4286 μεν,
2355 4210 2506 4278 οὗτος
2539 4213 2830 4282 φυλάσσειν
2869 4213 3244 4284 συμϐουλεύει,
3267 4213 3355 4266 ἵνα
3385 4213 3459 4284 μὴ
3493 4213 3766 4266 ἀπολέσω·

2199 4322 2315 4375 μεν.
2356 4304 2412 4358 Ὀ
2438 4304 2495 4356 δέ
2530 4302 2622 4355 τοῦ
2656 4303 2941 4372 φυλάττειν
2962 4304 3028 4354 τά
3069 4301 3248 4371 ἀγαθὰ
3281 4303 3480 4375 τρόπος
3509 4303 3658 4355 ἐστὶν
3710 4304 3765 4355 ἐν

2195 4399 2271 4469 τῷ
2315 4395 2596 4451 ἐκϐάλλειν
2637 4393 2708 4447 τά
2735 4396 2800 4446 ἐκ
2825 4393 2918 4447 τοῦ
2950 4393 3190 4446 ἐναντίου
3230 4392 3495 4462 νοούμενα
3530 4409 3542 4422 ·
3581 4392 3765 4461 ὥσπερ

2197 4488 2288 4540 ἐπὶ
2304 4489 2400 4558 τῆς
2421 4483 2828 4554 πολεμουμένης
2856 4481 3058 4545 πόλεως
3086 4481 3465 4552 ἀσφαλεστέρα
3492 4481 3702 4549 γίνεται
3731 4482 3762 4550 ἡ

2122 4548 2167 4604 D
2197 4548 2408 4650 φρουρὰ
2442 4548 2843 4646 τῶν-προδοτῶν
2873 4548 3244 4645 ἐκϐληθέντων
3277 4591 3292 4604 ο
3323 4548 3428 4638 ἕως
3451 4548 3598 4628 δ’νᾶν
3622 4548 3764 4635 ἐντος

2195 4665 2316 4731 ὦσι,
2356 4668 2554 4739 μᾶλλον
2599 4664 3001 4719 ἐπιϐουλεύουσι
3038 4664 3146 4718 τῶν
3177 4664 3426 4734 φανερῶν
3458 4664 3672 4736 ἐχθρῶν
3716 4665 3761 4716 ot

2194 4761 2564 4823 λανθάνοντες.
2600 4759 2803 4830 Καιρδς
2837 4759 2964 4831 γὰρ,
2989 4758 3172 4829 φησὶν,
3201 4755 3296 4810 τοῦ
3336 4756 3656 4826 φυλάσσειν,
3677 4757 3762 4810 καὶ

2196 4854 2382 4926 καιρὸς
2411 4852 2504 4906 τοῦ
2535 4851 2836 4904 ἐκϐάλλειν.

2275 5035 2338 5090 ’11
2381 5035 2437 5088 δὲ
2483 5035 2677 5104 ἐφεξῆς
2727 5031 3016 5086 ἀκολουθία
3047 5029 3140 5084 τοῦ
3179 5030 3338 5100 λόγου
3411 5033 3493 5095 είς
3545 5030 3756 5102 μείζονά

2193 5153 2315 5190 τινα
2360 5135 2459 5204 τὴν
2503 5135 2631 5202 περὶ
2680 5130 2789 5182 τῶν
2833 5128 3037 5199 νοητῶν
3090 5128 3410 5197 φιλοσοφίαν
3453 5129 3558 5198 τὴν
3589 5127 3751 5197 ψυχὴν

2193 5229 2336 5295 ἄγει.
2390 5225 2635 5278 Δείκνυσι
2678 5222 2784 5291 γὰρ
2818 5221 2898 5273 ὅτι
2945 5220 3164 5289 συνεχές
3193 5221 3308 5271 ἐστι
3341 5219 3402 5272 τὸ
3437 5221 3548 5271 πᾶν
3592 5218 3751 5286 ἐαυτῷ

2193 5321 2287 5374 καὶ
2318 5320 2417 5372 οὐκ
2446 5319 2556 5388 ἔχει
2586 5315 2705 5368 τινὰ
2729 5315 2880 5366 λύσιν
2906 5315 2937 5383 ἡ
2976 5312 3207 5382 ἁρμονία
3234 5311 3341 5364 τῶν
3370 5312 3599 5380 νοητῶν,
3633 5310 3752 5364 ἀλλά

2191 5415 2276 5476 τίς
2316 5413 2432 5463 ἐστι
2470 5409 2742 5478 σύμπνοια
2769 5405 2877 5458 τῶν
2905 5405 3072 5457 ὄντων
3103 5404 3239 5474 πρὸς
3273 5403 3499 5474 ἄλληλα.
3530 5405 3635 5457 Καὶ
3663 5403 3747 5453 οὐκ

2185 5503 2510 5572 ἀπέσχισται
2557 5499 2618 5552 τὸ
2644 5499 2752 5550 πᾶν
2779 5497 2879 5566 τῆς
2909 5497 3045 5566 πρὸς
3071 5496 3262 5548 ἐαυτὸν
3296 5495 3612 5564 συναφείας,
3645 5490 3746 5545 ἀλλ’

2183 5598 2242 5650 ἐν
2283 5595 2362 5666 τῷ
2395 5589 2534 5647 εἶναι
2591 5591 2740 5662 μένει
2780 5589 2850 5642 τὰ
2900 5589 3078 5642 πάντα
3110 5591 3174 5658 τῇ
3209 5587 3303 5641 τοῦ
3346 5587 3500 5649 ὖντος
3538 5585 3745 5653 δυνάμει

2184 5686 2676 5760 περικρατούμενα.
2708 5681 2782 5736 T6
2819 5682 2878 5736 δὲ
2917 5681 3087 5744 ὅντως
3122 5679 3202 5743 6v,
3240 5679 3273 5752 ἢ
3319 5679 3450 5734 αὐτὸ
3492 5676 3743 5748 ἀγαθότης

589 5867 633 5900 ⁸⁹
666 5867 810 5925 Psal.
843 5885 954 5940 xu,
985 5870 1039 5924 2.
1117 5872 1160 5905 ὀ
1201 5870 1390 5926 Matth.
1422 5887 1518 5936 vn,
1549 5869 1602 5925 8.
1680 5870 1722 5902 “
1763 5867 1923 5927 Prov.
1962 5886 2036 5937 tv,
2066 5871 2157 5928 25.
2233 5871 2278 5904 ²²
2314 5867 2460 5926 Psal.
2491 5883 2634 5931 xxiv,
2681 5863 2766 5919 l5.
2843 5863 2889 5896 ¹³
2924 5861 3070 5918 Psal.
3108 5876 3233 5926 cxx,
3258 5860 3293 5914 3
