4110 6512
478 404 582 462 721
1674 416 1733 474 S.
1764 418 2091 476 GREGORII
2125 422 2418 482 NYSSENI
3607 421 3722 478 733

477 523 827 597 Ecclesim,et
856 543 1050 585 rursus
1079 539 1388 600 opportune
1414 545 1662 595 assuere,
1702 535 1926 604 quando
1949 553 2044 605 per

2159 539 2283 605 νίας.
2350 542 2487 596 Ἀλλ’
2537 540 2646 595 εἴτε
2707 541 2851 595 κατὰ
2893 541 2992 613 τὴν
3042 541 3526 613 προεξετασθεῖσαν
3581 542 3720 611 ἡμῖν

474 619 858 687 paenitentiam
889 621 957 675 ab
986 620 1405 691 inquinamento
1435 622 1596 679 fuerit
1630 626 1840 680 abluta.
1872 625 2043 681 Multa

2159 631 2382 702 θεωρίαν
2412 633 2690 703 φιλοσοφεῖ
2720 634 2849 705 περὶ
2886 633 2993 686 τῶν
3028 634 3251 686 όντωνό
3280 633 3469 701 λόγος,
3509 632 3620 686 εἴτε
3646 635 3721 688 τὰ

475 718 657 763 autem
693 710 960 779 ejusmodi
995 712 1122 768 licet
1173 714 1357 769 videre
1385 724 1495 770 tam
1540 715 1595 770 in
1623 718 1867 787 antiquis
1918 734 2044 773 nar-

2159 720 2372 774 εοιαῦτα
2416 721 2502 774 διὰ
2545 723 2642 792 τῆς
2688 722 2993 793 συμϐουλῆς
3032 722 3235 789 ταύτης
3272 722 3539 785 παιδεύει,
3573 722 3719 775 κατὰ.

477 801 802 864 rationibus,
840 818 1003 872 quam
1031 804 1085 858 in
1113 806 1215 859 hac
1256 815 1442 861 nostra
1471 807 1603 872 vita,
1648 824 1770 878 qua:
1815 825 2043 864 ωοοηο-

2159 811 2325 864 πάντα
2345 811 2407 864 τὸ
2427 812 2701 880 ὲπωφελές
2720 829 2778 864 τε
2803 814 2894 865 καὶ
2912 813 3182 883 χρήσιμον
3208 812 3450 884 περιέχει
3473 812 3507 879 ἡ
3534 811 3718 881 ῥῆσις,

477 890 615 945 mice
645 890 781 945 (lunt
816 894 870 946 in
913 895 1187 950 ecclesiis.
1242 896 1409 952 Scitis
1439 899 1583 953 enim
1619 915 1649 953 a
1705 902 1906 970 quibus
1946 902 2041 957 ab-

2159 901 2209 953 ὲν
2240 901 2417 973 καιρῷ
2462 919 2521 955 τε
2560 903 2951 975 ἀπορρηγνῦσα
2979 896 3054 956 ὧν
3096 904 3308 974 πονηρὰ
3352 905 3386 975 ἡ
3422 904 3716 971 συνάφεια,

478 983 620 1050 rupti
659 999 870 1051 sumus,
900 994 953 1040 et
981 987 1182 1057 quibus
1211 990 1506 1043 assuimur.
1531 992 1777 1048 Abscissi
1806 993 1951 1048 enim
1977 994 2046 1049 ab

2159 995 2246 1046 καὶ
2297 994 2436 1048 κατὰ
2480 995 2671 1067 καιρὸν
2723 996 2879 1050 πάλιν
2925 997 3265 1050 συνάπτουσα
3307 990 3384 1050 ὧν
3430 996 3720 1067 ὲπωφελής

479 1071 698 1137 haeresi,
729 1074 922 1143 pietati
954 1091 1020 1130 ac
1063 1093 1205 1132 vera:
1250 1079 1502 1149 religioni
1543 1091 1812 1152 perpetuo
1863 1085 2044 1138 insui-

2159 1085 2297 1138 ἐστιν
2330 1088 2364 1157 ἡ
2390 1087 2600 1150 ἓνωσις.

478 1179 601 1219 mur
637 1185 651 1221 :
694 1174 823 1223 tunc
848 1170 1127 1227 intuentes
1160 1172 1447 1229 infractam
1491 1176 1748 1234 Ecclesia:
1800 1180 2074 1245 tunicam,
2119 1181 2337 1249 quando
2386 1197 2417 1235 a
2455 1184 2843 1239 communione
2879 1199 3004 1239 cum
3030 1182 3221 1239 haeresi
3249 1184 3413 1240 fuerit
3443 1182 3717 1252 quispiam

477 1256 765 1329 abruptus.
808 1259 914 1316 Sed
972 1262 1088 1318 sive
1117 1267 1507 1322 convenienter
1558 1271 2032 1341 contemplationi,
2075 1289 2198 1342 quae
2222 1274 2377 1343 prius
2407 1289 2437 1327 a
2500 1276 2662 1330 nobis
2725 1276 2827 1331 fuit
2858 1276 3193 1338 examinata,
3222 1276 3289 1331 de
3324 1276 3393 1331 iis
3422 1291 3543 1345 qua!
3586 1282 3721 1329 sunt

479 1351 534 1406 id
572 1352 716 1422 quod
748 1352 958 1409 dictum
1006 1364 1091 1410 est
1127 1357 1548 1428 philosophatur
1576 1379 1592 1416 :
1625 1362 1738 1417 sive
1777 1366 1905 1421 dato
1959 1367 2194 1422 consilio
2259 1367 2327 1423 de
2390 1368 2476 1424 his
2520 1369 2725 1434 erudit,
2760 1369 2985 1423 omnino
3031 1369 3280 1424 continet
3327 1376 3618 1423 contextus
3663 1369 3718 1422 id

478 1445 627 1513 quod
662 1452 749 1501 est
775 1446 1146 1515 conducibile,
1188 1458 1247 1503 ut
1285 1452 1379 1519 qui
1417 1459 1473 1506 et
1505 1452 1560 1506 in
1608 1461 1853 1525 tempore
1902 1474 1967 1514 ea
2021 1460 2327 1533 abrumpat,
2362 1478 2597 1534 quorum
2630 1463 2772 1517 mala
2810 1470 2895 1519 est
2922 1463 3253 1526 commistio,
3301 1471 3356 1518 et
3385 1463 3439 1516 in
3473 1471 3721 1531 tempore

480 1550 676 1591 rursus
707 1537 1006 1609 coniungat
1032 1556 1097 1596 ea
1136 1557 1370 1611 quorum
1401 1543 1552 1599 utilis
1573 1552 1657 1600 est
1695 1549 1845 1602 unio.

550 1628 663 1684 Nos
690 1639 870 1686 autem
922 1648 1213 1704 pergamus
1267 1635 1337 1689 ad
1380 1652 1444 1691 ea
1483 1653 1605 1707 quae
1650 1638 1909 1711 deinceps
1947 1659 2038 1698 se-

2225 1645 2417 1715 Ἡμεῖς
2440 1644 2498 1697 δὲ
2528 1642 2665 1712 πρὸς
2688 1640 2759 1695 τὰ
2789 1640 2991 1710 ἐφεξῆς
3028 1638 3123 1693 τοῦ
3150 1638 3308 1708 λόγου
3342 1636 3718 1707 προέλθωμεν,

482 1730 727 1791 quuntnr
753 1722 807 1776 in
842 1732 1122 1789 contextu,
1156 1741 1253 1797 per
1284 1742 1407 1796 qua:
1460 1728 1591 1783 mihi
1620 1730 1837 1785 videtur
1872 1734 2049 1787 oratio

482 1828 579 1883 per
610 1814 985 1870 sublimiorem
1010 1818 1359 1873 considerata
1402 1820 1830 1890 pbilosOphiam,
1874 1824 2048 1892 majo-

482 1919 599 1960 rem
656 1920 783 1959 cum
838 1906 1028 1961 verbis
1083 1908 1286 1963 habere
1351 1911 1811 1966 convenientiam.
1872 1911 2051 1966 Priori

481 1997 628 2052 enim
654 1996 778 2053 loco
800 1999 1130 2054 collocatum
1163 2010 1249 2055 est
1283 2010 1499 2073 tempus
1543 2005 1784 2069 tacendi,
1835 2013 1891 2060 et
1929 2014 2052 2075 post

482 2088 765 2144 silentium
797 2090 947 2144 dedit
987 2100 1208 2163 tempus
1236 2092 1515 2162 loquendi.
1563 2094 1797 2160 Quando
1828 2110 1959 2166 ergo
1993 2104 2049 2151 et

481 2181 551 2236 de
584 2180 919 2250 quibusnam
960 2191 1046 2236 est
1072 2182 1267 2236 melius
1296 2185 1514 2239 tacere?
1538 2183 1745 2239 Dixerit
1778 2188 2051 2256 quispiam

481 2287 549 2327 ex
578 2271 652 2326 iis
680 2272 774 2343 qui
810 2273 879 2326 ad
902 2288 1084 2328 mores
1109 2273 1416 2343 aspiciunt,
1450 2290 1592 2345 saepe
1627 2277 1901 2332 silentium
1932 2294 2053 2334 esse

483 2363 768 2420 decentius
797 2380 1072 2428 sermone,
1106 2374 1166 2420 ut
1202 2367 1476 2436 quomodo
1527 2369 1797 2423 discernit
1848 2368 2053 2425 Paulus

483 2460 951 2530 opportunitatem
1000 2462 1202 2517 silentii
1256 2472 1312 2517 et
1363 2464 1660 2529 sermonis,
1752 2465 2053 2536 aliquando

484 2552 708 2622 quidem
742 2551 1046 2609 decernens
1088 2562 1269 2609 tacere
1305 2569 1319 2608 :
1353 2555 1651 2626 aliquando
1693 2565 1876 2611 autem
1931 2572 2055 2627 per-

486 2644 713 2699 mittens
746 2644 914 2713 loqui.
946 2662 965 2697 t
992 2645 1186 2701 Omnis
1210 2662 1392 2701 sermo
1432 2648 1609 2702 malus
1639 2664 1701 2703 et
1738 2664 1833 2703 ore
1862 2657 2052 2704 vestro

487 2748 597 2788 non
628 2735 854 2804 prodeat
871 2736 935 2787 ".
963 2754 981 2787 ι
1021 2732 1149 2791 Haec
1204 2745 1289 2792 est
1313 2737 1398 2791 lex
1428 2738 1657 2792 silentii.
1709 2739 1817 2793 Sed
1846 2740 1892 2795 si
1928 2739 2053 2805 quis

490 2825 561 2880 sit
582 2826 760 2881 bonus
818 2830 883 2881 ad
937 2827 1356 2883 adiﬁcationem
1399 2827 1544 2892 ﬁdei,
1590 2837 1648 2882 ut
1694 2829 1784 2884 det
1821 2831 2051 2897 gratiam

491 2917 841 2973 audientibus
870 2935 885 2970 :
920 2919 1029 2973 hoc
1062 2928 1146 2974 est
1182 2930 1393 2990 tempus
1429 2921 1708 2990 loquendi.
1751 2940 1771 2973 ι
1796 2921 2052 2977 Mulieres

2148 1733 2215 1787 δι’
2247 1728 2307 1787 οὗ
2340 1750 2429 1803 μοι
2456 1732 2601 1786 δοκεῖ
2632 1730 2833 1802 μᾶλλον
2857 1731 2885 1781 ὁ
2911 1728 3051 1782 κατὰ
3077 1728 3174 1799 τὴν
3205 1725 3541 1798 ὑψηλοτέραν
3569 1725 3721 1795 φιλο-

2152 1824 2340 1895 σοφίαν
2388 1824 2685 1896 θεωρηθεὶς
2720 1824 2878 1892 λόγος
2920 1818 3245 1883 οίκειώσεως
3284 1816 3421 1889 πρὸς
3453 1817 3515 1869 τὸ
3556 1816 3726 1888 ῥητὸν

2150 1918 2316 1987 ἔχειν.
2343 1915 2715 1986 Προτέτακται
2741 1914 2849 1984 γὰρ
2872 1915 2900 1964 6
2919 1910 3012 1964 τοῦ
3044 1911 3201 1981 σιγᾷν
3221 1909 3429 1980 καιρὸς,
3458 1909 3553 1962 καὶ
3580 1906 3722 1978 μετὰ

2150 2009 2247 2078 τὴν
2289 2006 2444 2077 σιγὴν
2484 2006 2650 2059 ἔδωκε
2684 2004 2777 2057 τὸν
2818 2002 2915 2056 τοῦ
2957 2002 3136 2070 λέγειν
3169 2000 3380 2071 καιρόν.
3418 1998 3556 2052 Πότε
3588 1993 3720 2060 οὖν,

2152 2102 2247 2155 καὶ
2292 2102 2419 2170 περὶ
2470 2100 2629 2152 τίνων
2672 2097 2734 2150 τὸ
2767 2097 2924 2167 σιγᾷν
2974 2096 3120 2148 ἐστιν
3157 2093 3410 2163 ipsum;
3450 2092 3592 2143 εἴποι
3638 2105 3724 2152 τις

2149 2194 2257 2247 τῶν
2304 2193 2436 2263 πρὸς
2480 2192 2540 2244 τὸ
2572 2188 2702 2262 ἦθος
2740 2189 3045 2260 βλεπόντων
3087 2185 3330 2256 πολλαχῆ
3358 2183 3457 2255 τὴν
3509 2182 3729 2253 σιωπὴν

2151 2282 2655 2355 εὐσχημονεστέραν
2700 2275 2839 2333 εἶναι
2881 2277 2976 2331 τοῦ
3010 2276 3198 2345 λόγου,
3241 2268 3352 2327 οἷον
3389 2272 3570 2336 καθὼς
3599 2272 3723 2325 δια-

2151 2376 2324 2446 κρίνει
2350 2374 2449 2445 τῆς
2476 2372 2683 2442 σιωπῆς
2715 2388 2775 2423 τε
2806 2369 2899 2423 καὶ
2927 2367 3021 2421 τοῦ
3048 2367 3211 2435 λόγου
3240 2366 3341 2436 τὴν
3373 2365 3659 2435 εὐκαιρίαν
3691 2365 3725 2416 ό

2151 2466 2382 2529 Παῦλος,
2426 2464 2554 2518 ποτὲ
2591 2463 2689 2533 μὲν
2718 2460 3022 2531 νομοθετῶν
3051 2459 3112 2512 τὸ
3144 2459 3320 2529 σιγᾷν.
3351 2457 3481 2510 ποτὲ
3513 2457 3569 2509 δὲ
3598 2457 3724 2507 ἑπι-

2150 2555 2363 2626 τρέπων
2391 2553 2452 2606 τὸ
2483 2552 2679 2621 λέγειν’
2719 2569 2738 2602 ι
2769 2551 2882 2613 Πᾶς
2929 2547 3085 2617 λόγος
3116 2546 3324 2619 σαπρὸς
3360 2547 3424 2599 ὲκ
3463 2545 3560 2599 τοῦ
3599 2545 3726 2599 στό⁶

2155 2663 2321 2718 ματος
2352 2644 2507 2715 ὑμῶν
2544 2644 2617 2715 μὴ
2648 2641 3049 2713 ἐκπορευέσθω.
3077 2658 3095 2691 ι
3134 2633 3304 2702 Οὗτος
3340 2638 3550 2708 σιωπῆς
3576 2639 3605 2691 6
3631 2636 3727 2690 νό-

2156 2756 2252 2807 μος
2268 2751 2281 2765 ·
2318 2737 2432 2790 ἀλλ’
2457 2736 2609 2800 είτις
2635 2734 2839 2805 ἀγαθὸς
2866 2733 3003 2803 πρὸς
3025 2731 3309 2802 οἰκοδομὴν
3330 2730 3431 2800 τῆς
3459 2730 3723 2794 πίστεως,

2153 2831 2237 2883 ἵνα
2277 2829 2353 2900 δῷ
2385 2830 2542 2899 χάριν
2579 2830 2691 2891 τοῖς
2725 2826 3014 2880 ἁκούουσιν
3034 2863 3047 2886 ,
3075 2819 3229 2886 οὗτος
3251 2822 3346 2876 τοῦ
3383 2822 3561 2891 λέγειν
3594 2838 3722 2875 και-

2155 2924 2262 2996 ρός·
2302 2940 2320 2973 t
2348 2923 2413 2973 Λί
2446 2921 2699 2988 γυναῖκες
2734 2920 2791 2970 ὲν
2824 2918 2944 2981 ταῖς
2977 2916 3294 2987 ἐκκλησίαις
3323 2914 3631 2982 σιγάτωσαν
3652 2927 3666 2943 ·
3695 2928 3723 2965 ο

490 3016 707 3063 taceant
736 3009 790 3063 in
821 3010 1160 3065 ecclesiis”.
1184 3029 1204 3063 ι
1266 3009 1484 3065 Rursus
1537 3011 1689 3065 dedit
1734 3020 1954 3080 tempus
1980 3012 2055 3066 si-

2160 3011 2317 3067 πάλιν
2340 3011 2505 3063 ἔδωκε
2534 3012 2601 3080 τῇ
2636 3010 2759 3079 σιγῇ
2787 3008 2879 3061 τὸν
2906 3006 3113 3079 καιρόν.
3150 3024 3169 3057 ι
3192 3005 3253 3058 Ei
3272 3003 3400 3057 δέτι
3428 3002 3731 3075 μανθάνειν

490 3098 679 3153 lentio.
718 3118 736 3150 ι
769 3099 825 3153 Si
856 3100 987 3170 quid
1030 3111 1210 3155 autem
1262 3101 1453 3154 volunt
1504 3102 1716 3156 discere
1743 3118 1809 3157 ex
1840 3103 1907 3156 iis
1932 3118 2056 3172 quae

490 3187 767 3254 nesciunt,
798 3188 943 3243 domi
978 3189 1203 3244 maritos
1231 3205 1364 3244 suos
1395 3190 1735 3260 interrogent
1762 3191 1829 3244 ³⁸.
1857 3211 1877 3243 ι
1912 3189 2056 3245 Rur-

490 3297 586 3336 sus
646 3281 893 3337 ostendit
956 3283 1421 3351 opportunitatem
1474 3284 1771 3339 sermonis.
1830 3282 2057 3340 «Nolite

496 3373 718 3428 mentiri
754 3374 897 3427 inter
925 3389 1024 3428 vos
1057 3362 1290 3428 invicem
1313 3374 1379 3428 ³².
1416 3393 1435 3426 ι
1468 3373 1593 3429 Hzec
1621 3391 1842 3445 quoque
1862 3387 1948 3431 est
1980 3376 2058 3431 si-

492 3463 645 3517 lentii
707 3464 1111 3533 opportunitas.
1169 3463 1497 3533 «Loquatur
1547 3466 1831 3520 veritatem
1883 3481 2058 3521 unus-

492 3554 724 3622 quisque
754 3568 876 3606 cum
916 3556 1169 3623 proximo
1194 3569 1295 3608 suo
1316 3555 1381 3606 ³³.
1407 3574 1424 3605 ι
1490 3554 1708 3610 Rursus
1764 3555 1925 3610 datur
1962 3572 2059 3626 po-

497 3652 668 3698 testas
725 3644 1004 3713 loquendi.
1054 3644 1221 3698 Mnlta
1273 3645 1438 3699 etiam
1501 3646 1815 3715 huiusmodi
1875 3647 2057 3703 aﬂ‘erri

2157 3103 2394 3157 θέλουσιν
2427 3095 2500 3155 ὧν
2545 3099 2858 3170 ἀγνοοῦσιν,
2907 3101 2965 3152 ὲν
2996 3098 3127 3169 οἴκῳ
3156 3096 3286 3157 τοὺς
3321 3095 3483 3159 ίδίους
3522 3094 3727 3165 ἄνδρας

2156 3197 2583 3269 ἐπερωτάτωσαν
2600 3209 2613 3222 ·
2631 3212 2649 3245 ι
2680 3193 2839 3247 πάλιν
2858 3189 3097 3256 ἐπέδειξε
3119 3188 3213 3242 τοῦ
3234 3187 3394 3256 λόγου
3414 3188 3513 3257 τὴν
3536 3185 3732 3238 εὐκαι-

2158 3287 2299 3360 ρίαν.
2324 3302 2341 3333 t
2359 3283 2451 3354 Μὴ
2472 3281 2733 3353 ψεύδεσθε
2763 3282 2843 3347 είς
2878 3280 3170 3348 ἀλλήλους·
3198 3298 3221 3332 ι
3238 3282 3332 3333 καὶ
3351 3276 3491 3346 αὕτη
3510 3277 3728 3346 σιωπῆς

2156 3377 2402 3448 εὐκαιρία
2435 3395 2454 3427 ‹
2477 3373 2719 3428 Λαλείτω
2744 3370 3001 3441 ἀλήθειαν
3032 3370 3261 3433 ἕκαστος
3295 3367 3433 3440 μετὰ
3458 3367 3553 3422 τοῦ
3584 3368 3723 3438 πλη-

2159 3475 2270 3526 σίον
2303 3470 2490 3526 αὐτοῦ’
2520 3490 2542 3522 ι
2578 3468 2739 3522 πάλιν
2763 3468 2796 3537 ὴ
2826 3464 3040 3530 ἐξουσία
3069 3462 3160 3516 τοῦ
3187 3461 3366 3531 λόγου.
3408 3461 3519 3513 Καὶ
3552 3459 3726 3512 πολλὰ

2155 3565 2376 3619 τοιαῦτα
2419 3563 2566 3616 ἐστιν
2606 3562 2779 3615 εἰπεῖν
2815 3559 2909 3612 καὶ
2960 3559 3023 3611 ὲκ
3058 3556 3157 3625 τῆς
3188 3551 3547 3625 ἀρχαιοτέρας
3582 3551 3733 3623 Γρα-

2159 3659 2262 3728 φῆς
2281 3674 2293 3686 ·
2328 3675 2345 3706 ι
2378 3656 2463 3707 Ἐν
2483 3652 2560 3721 τῷ
2578 3650 2835 3718 συστῆναι
2857 3649 2945 3702 τὸν
2968 3646 3289 3717 ἁμαρτωλὸν
3322 3643 3561 3698 ἐναντίον
3598 3658 3723 3711 μου,

496 3740 729 3802 possunt
765 3748 831 3787 ex
854 3734 1021 3788 veteri
1049 3732 1349 3804 Scriptura.
1387 3755 1406 3787 ι
1437 3734 1572 3790 Dum
1592 3736 1918 3792 consisteret
1939 3754 2059 3806 pec-

2160 3747 2475 3816 ὲκωφὼθην,
2502 3745 2596 3798 καὶ
2621 3739 3007 3810 ὲταπεινώθην,
3035 3740 3127 3792 καὶ
3147 3736 3378 3807 ὲσίγησα
3398 3734 3459 3799 ἐξ
3477 3732 3729 3802 ἀγαθῶν,

496 3831 653 3878 cator
679 3824 968 3880 adversum
1002 3840 1109 3892 me,
1155 3825 1442 3890 obsnrdui,
1476 3836 1531 3882 et
1562 3827 1883 3883 humiliatus
1912 3845 2056 3892 sum,

2162 3843 2249 3893 καὶ
2282 3838 2413 3891 ὡσεὶ⁸
2454 3835 2634 3904 κωφὸς
2680 3834 2779 3886 οὐκ
2826 3832 3051 3902 ἢκουον,
3099 3829 3191 3882 καὶ
3238 3827 3370 3879 ὡσεὶ
3400 3826 3594 3888 ἄλαλος
3624 3825 3731 3877 οὐκ

495 3924 548 3970 et
582 3916 707 3971 silui
740 3930 771 3969 a
808 3916 966 3970 bonis
986 3917 1055 3983 ³⁵,
1097 3927 1152 3972 et
1185 3925 1445 3987 tanquam
1489 3918 1691 3974 surdus
1730 3934 1838 3973 non
1867 3919 2059 3973 audie-

2160 3933 2389 3999 ἀνοίγων
2412 3929 2472 3981 τὸ
2493 3926 2663 3997 στόμα
2684 3922 2870 3978 αὐτοῦ.
2894 3923 3170 3989 »Ἂφωνος
3189 3920 3394 3989 γίνεται
3412 3919 3442 3971 6
3470 3917 3602 3988 πρὸς
3627 3918 3731 3986 τὴν

498 4010 640 4073 bam,
672 4017 726 4064 et
762 4018 1021 4079 tanquam
1044 4017 1229 4066 mutus
1261 4026 1366 4063 non
1394 4010 1645 4080 aperiens
1664 4027 1729 4065 os
1760 4028 1917 4066 suum
1942 4012 2009 4065 ".
2037 4030 2055 4061 ι

2163 4022 2424 4077 ἀντίδοσιν
2449 4018 2542 4072 τοῦ
2569 4015 2740 4070 κακοῦ
2774 4014 2946 4086 μένων
2970 4013 3223 4081 ἀκίνητος
3243 4030 3257 4043 ο
3283 4012 3340 4063 εν
3368 4003 3448 4073 οἷς
3467 4008 3526 4061 δὲ
3559 4024 3727 4078 προσο

496 4100 680 4157 Muttts
742 4102 798 4155 lit
836 4103 929 4173 qui
982 4103 1049 4159 ad
1090 4102 1379 4158 referenda
1411 4104 1552 4157 mala
1600 4114 1685 4158 est
1734 4102 2058 4167 immobilis;

2163 4114 2285 4182 ήκει
2308 4110 2384 4181 τῷ
2418 4108 2560 4178 λόγῳ
2592 4104 2926 4178 χρήσασθαι,
2962 4103 3165 4171 ἀνοίγει
3208 4104 3264 4153 έν
3302 4099 3640 4171 παραϐολαῖς
3666 4098 3728 4150 τὸ

496 4195 553 4248 in
582 4194 784 4262 quibus
823 4203 1003 4248 autem
1042 4194 1304 4249 utendum
1338 4200 1422 4247 est
1464 4208 1735 4257 sermone,
1788 4194 1964 4261 aperit
2006 4194 2059 4247 in

2167 4206 2372 4273 στόμα,
2406 4200 2701 4270 φθέγγεται
2750 4196 3143 4270 προϐλήματα,
3195 4194 3394 4265 πληροῖ
3443 4192 3503 4245 τὸ
3555 4191 3728 4261 στόμα

500 4284 777 4353 parabolis
807 4299 871 4339 os
892 4300 1076 4350 suum,
1108 4287 1352 4355 loquitur
1394 4276 2059 4357 propositiones,‘implel

2166 4296 2441 4356 αἰνέσεως,
2470 4290 2712 4360 κάλαμον
2746 4290 2889 4340 ποιεῖ
2921 4288 3017 4357 τὴν
3039 4285 3307 4354 γλῶσσαν.
3347 4282 3508 4335 Ἀλλὰ
3536 4282 3591 4334 τί
3625 4282 3733 4351 χρὴ

495 4389 562 4430 os
592 4392 752 4432 suum
784 4376 965 4437 laude,
999 4376 1238 4445 linguam
1270 4391 1426 4431 suam
1459 4378 1588 4433 facit
1620 4378 1919 4432 calamum.
1955 4376 2059 4432 Sed

2170 4385 2375 4457 μυρίων
2431 4383 2599 4435 ὄντων
2642 4382 2699 4432 ὲν
2756 4382 2823 4450 τῇ
2878 4378 3065 4448 Γραφῇ
3115 4375 3221 4429 τῶν
3275 4373 3724 4443 ὑποδειγμάτων,

499 4484 627 4523 cum
688 4468 801 4521 sint
856 4468 1281 4523 innumerabilia
1328 4484 1450 4537 quae
1506 4469 1560 4524 in
1612 4468 1899 4538 Scriptura
1938 4478 2059 4523 sunt

2167 4475 2513 4545 λεπτουργεῖν
2537 4473 2594 4524 ὲν
2624 4472 2735 4532 τοῖς
2758 4466 3206 4539 ὁμολογουμένοις
3237 4465 3328 4517 τὸν
3348 4464 3539 4531 λόγον;
3574 4465 3639 4515 ’0
3674 4461 3733 4514 δέ

498 4560 771 4630 exempla,
831 4560 959 4630 quid
995 4575 1134 4628 opus
1164 4570 1247 4615 est
1291 4561 1565 4616 subtiliter
1599 4576 1761 4630 agere
1806 4561 1861 4615 in
1892 4561 1961 4615 iis
2001 4560 2059 4614 de

2171 4577 2261 4635 μοι
2285 4564 2391 4636 πρὸ
2412 4562 2612 4615 τούτων
2640 4562 2732 4612 ἐπὶ
2750 4559 2871 4612 νοῦν
2903 4554 3084 4628 ἦλθεν,
3119 4557 3195 4619 ὼς
3218 4571 3282 4607 συ
3292 4555 3614 4624 μφωνούσης
3635 4554 3735 4623 τῆς

499 4652 705 4723 quibus
726 4650 979 4707 constat?
998 4650 1151 4716 Quod
1185 4659 1364 4706 autem
1395 4660 1520 4705 ante
1539 4652 1643 4707 hoc
1675 4652 1807 4706 mihi
1833 4652 2059 4721 primum

2168 4656 2296 4724 περὶ
2327 4652 2419 4706 τοῦ
2453 4652 2608 4720 σιγᾷν
2644 4649 2738 4702 καὶ
2779 4647 2960 4701 λαλεῖν
2989 4645 3270 4715 εὐκαιρίας
3316 4648 3382 4715 τῇ
3410 4642 3735 4714 άποδοθείσῃ

501 4746 558 4799 in
589 4760 653 4800 os
686 4744 853 4807 venit,
888 4751 1075 4813 utpote
1105 4742 1252 4813 quod
1293 4741 1508 4797 tacendi
1557 4753 1611 4798 et
1662 4743 1919 4813 loquendi
1966 4757 2069 4812 op-

504 4836 815 4906 portunitas
841 4836 1134 4890 conveniat
1167 4834 1639 4903 contemplationi.
1674 4850 1795 4904 qua
1826 4834 1953 4888 data
1986 4840 2072 4889 est

505 4928 573 4982 de
600 4936 826 4998 ruptura
852 4935 906 4981 et
932 4935 1147 4988 sutura,
1200 4924 1257 4978 id
1310 4922 1435 4977 volo
1485 4939 1678 4980 rursus
1723 4935 1978 4990 sumere,
2018 4928 2075 4976 et

505 5020 699 5090 paucis
727 5018 931 5074 dicere.
961 5016 1097 5072 Nam
1132 5024 1186 5072 et
1222 5014 1334 5068 illic
1362 5031 1485 5069 cum
1514 5030 1635 5083 quae
1670 5014 1811 5069 male
1851 5022 2074 5069 contra-

508 5112 591 5166 rio
621 5109 952 5171 adhaeserat,
984 5108 1219 5161 animam
1251 5106 1585 5175 abripuisset
1631 5107 1829 5169 oratio,
1856 5106 1921 5159 ad
1954 5107 2074 5174 ejus

504 5203 652 5273 quod
686 5216 811 5256 vere
838 5210 921 5254 est
955 5199 1212 5252 unionem
1252 5212 1373 5252 eam
1403 5197 1628 5251 deduxit
1666 5212 1761 5267 per
1795 5198 2070 5252 adhzesio-

506 5309 652 5355 nem,
703 5288 849 5359 quod
882 5290 1103 5356 quidem
1158 5287 1465 5341 orationem
1502 5286 1717 5342 excedit
1748 5304 1763 5339 :
1794 5302 1915 5355 qua:
1955 5286 2076 5355 qui-

506 5384 629 5439 dem
657 5383 802 5436 dicta
835 5388 963 5436 sunt
992 5380 1046 5433 in
1080 5379 1166 5433 bis
1214 5394 1337 5448 qua:
1376 5379 1707 5448 praeedunt.
1760 5377 1858 5432 Hic
1894 5388 2074 5432 autem

511 5482 803 5546 propterea
844 5471 977 5526 mihi
1009 5471 1231 5526 videtur
1280 5471 1451 5540 priori
1496 5472 1618 5525 loco
1669 5472 1906 5539 positum
1948 5486 2076 5525 esse

513 5575 717 5632 tacere,
760 5565 903 5636 quod
938 5563 1074 5618 illud
1108 5563 1256 5634 quod
1300 5578 1462 5618 omne
1497 5578 1699 5618 nomen
1749 5573 1975 5634 superat
2022 5572 2076 5619 et

2170 4746 2297 4816 περὶ
2320 4744 2413 4797 τοῦ
2444 4746 2720 4813 ῥήγματος
2740 4741 2834 4792 καὶ
2857 4740 2954 4809 τῆς
2974 4738 3148 4810 ραφῆς
3169 4737 3392 4808 θεωρίᾳ,
3421 4734 3585 4789 τοῦτο
3613 4733 3733 4805 βοός

2169 4836 2332 4908 λομαι
2358 4835 2519 4888 πάλιν
2556 4830 2903 4886 ὲπαναλασὼν
2923 4872 2938 4895 ,
2964 4832 3030 4884 δι’
3051 4830 3244 4897 ὀλίγων
3267 4831 3459 4882 εἰπεῖν.
3498 4829 3647 4881 Ἐκεῖ
3673 4844 3732 4880 τε

2171 4928 2279 4999 γὰρ
2301 4928 2399 4998 τὴν
2419 4924 2601 4988 κακῶς
2624 4924 2701 4994 τῷ
2726 4923 2950 4993 ἐναντίῳ
2977 4924 3346 4992 προσφυεῖσαν
3366 4920 3546 4991 ψυχὴν
3573 4920 3739 4990 ἀπορο

2175 5020 2341 5089 ῥήξας
2378 5020 2404 5070 6
2432 5017 2585 5085 λόγος
2615 5019 2692 5080 εἰς
2719 5016 2910 5069 ἕνωσιν
2950 5015 3123 5085 ἧγαγε
3156 5013 3250 5066 τοῦ
3276 5012 3445 5076 ὅντως
3471 5012 3624 5076 ὄντος
3650 5013 3736 5067 διὰ

2170 5113 2269 5180 τῆς
2292 5108 2756 5181 προσκολλήσεως,
2784 5107 2919 5175 ὅπερ
2948 5106 3085 5175 ὑπὲρ
3112 5104 3270 5173 λόγον
3293 5105 3461 5168 ἐστὶν,
3488 5103 3527 5158 ἃ.
3549 5106 3579 5158 6
3607 5120 3733 5173 προ-

2172 5199 2350 5254 λαϐὼν
2366 5199 2614 5252 ἀπέδωκε
2642 5197 2817 5266 λόγος.
2836 5194 3096 5265 Ἐνταῦθά
3117 5213 3174 5249 τε
3195 5196 3281 5249 διὰ
3295 5194 3452 5249 τοῦτό
3481 5213 3573 5265 μοι
3594 5195 3738 5248 δοκεί

2172 5289 2236 5341 τὸ
2266 5289 2423 5359 σιγᾷν
2455 5286 2843 5359 προτετάχθαι*
2873 5283 3014 5337 τοῦτ’
3045 5282 3161 5335 ἐστι
3198 5282 3331 5335 διότι
3370 5281 3429 5334 τὸ
3459 5282 3601 5351 ὑπὲρ
3630 5282 3733 5332 πᾶν

2175 5381 2349 5431 έκεῖνο
2377 5377 2554 5448 νόημά
2589 5393 2648 5429 τε
2680 5377 2773 5429 καὶ
2800 5375 2996 5444 ὀνομα,
3032 5372 3062 5426 6
3106 5375 3137 5444 ἡ
3164 5372 3259 5425 τοῦ
3292 5372 3462 5426 κακοῦ
3489 5372 3733 5443 ἀπορρα-

2173 5469 2331 5535 γεῖσα
2360 5464 2504 5535 ψυχὴ
2536 5464 2629 5517 καὶ
2662 5462 2815 5535 ζητεῖ
2839 5460 3161 5525 διαπαντὸς,
3204 5458 3300 5513 καὶ
3331 5458 3631 5529 ὲνραφῆναι
3660 5454 3738 5525 τῷ

2175 5559 2448 5632 εὑρεθέντι
2477 5557 2707 5627 ἐφίεται,
2739 5555 2897 5609 τοῦτο
2923 5555 3101 5625 πάσης
3129 5549 3526 5624 ὲρμηνευτικῆς
3559 5545 3734 5618 φωνῆς

586 5742 631 5774 ¹⁹
672 5742 872 5811 Ephes.
904 5758 975 5801 tv,
1002 5740 1115 5811 729.7
1176 5742 1221 5771 ³ο
1262 5739 1697 5811 lCor.xw,55.
1771 5740 1811 5772 ³¹
1854 5739 2051 5795 Col.ut

2228 5738 2272 5771 "
2311 5736 2510 5808 Ephes.
2535 5735 2721 5801 “325.
2796 5736 2841 5768 ³³
2878 5732 3022 5790 Psal.
3053 5747 3283 5796 suun,
3318 5731 3432 5786 1-5.
3508 5729 3552 5760 ⁸⁸
3594 5724 3731 5781 Psal.

518 5810 729 5878 nam,
758 5811 839 5866 ιι.
915 5812 959 5843 ³⁸
1000 5810 1146 5867 Psal.
1180 5825 1384 5874 tum,
1408 5810 1499 5863 ‘Zl.
