4110 6464
343 425 443 481 7‘29
1358 418 1425 473 IN
1464 412 2004 473 ECCLESIASTEN.
2043 410 2326 469 HOMILIA
2364 411 2478 468 VII.
3478 404 3583 463 750

343 541 486 592 ἐστιν
527 534 874 606 ὑψηλότερον.
926 534 1103 606 Ὅπερ
1134 534 1165 587 δ
1202 530 1523 603 φιλονεικῶν
1551 532 1658 587 ὑπὸ
1688 531 1789 602 τὴν
1816 531 1911 587 τοῦ

2029 531 2429 601 :ogitationem,
2460 522 2607 598 quod
2632 539 2664 577 a
2704 536 2851 579 maio
2879 520 3114 592 abrupta
3137 520 3320 574 anima
3350 526 3406 576 et
3432 535 3586 591 qua:-

343 628 500 695 λόγου
548 626 823 696 σημασίαν
880 623 1188 689 καθέλκειν,
1266 623 1517 678 λανθάνει
1575 623 1912 694 πλημμελῶν

2029 624 2089 677 rit
2142 628 2430 690 perpetuo,
2484 626 2539 673 et
2581 615 2865 671 desiderat
2902 615 3050 669 insui
3086 614 3135 669 ei
3182 613 3327 683 quod
3364 620 3450 667 est
3496 612 3586 668 in-

343 720 425 782 εἰς
439 717 500 771 τὸ
522 716 697 769 Θεῖον.
738 716 811 769 Τὸ
836 716 944 785 γὰρ
977 716 1115 786 ὑπὲρ
1148 717 1257 768 πᾶν
1282 710 1420 769 εἷναι
1452 715 1911 784 πεπιστευμένον,

2029 722 2263 777 ventum,
2303 714 2357 768 id
2394 720 2479 768 est
2512 712 2679 764 altius
2703 724 2867 779 quam
2924 716 2986 762 ut
3012 709 3122 762 ulla
3155 722 3260 761 vox
3309 707 3363 761 id
3410 708 3590 777 possit

344 812 440 864 καὶ
472 809 612 879 ὑπὲρ
656 809 811 878 λόγον
844 810 1057 873 πάντως
1104 809 1272 864 ἐστίν.
1327 810 1386 862 '0
1416 809 1474 862 δὲ
1520 809 1661 879 λόγῳ
1690 808 1913 878 διαλαμο

2029 806 2395 877 interpretari.
2447 804 2603 871 Quod
2664 802 2887 872 quidem
2944 801 3039 871 qui
3083 798 3371 855 contendit
3404 799 3587 853 dena-

346 904 530 957 6άνειν
558 902 852 973 ἐπιχειρῶν
887 902 947 954 τὸ
970 903 1242 972 ἀόριστον,
1272 902 1454 955 οὐκέτι
1480 901 1663 955 δίδωσι
1692 902 1753 953 τὸ
1776 902 1916 971 ὑπὲρ

2029 899 2149 952 here
2178 897 2245 951 ad
2277 897 2557 952 sermonis
2590 892 3078 965 signiﬁcationem,
3102 891 3430 961 imprudens
3453 904 3587 959 pec-

347 992 457 1044 πᾶν
481 986 621 1043 εἷναι
658 993 831 1043 ἐκεῖνο
858 989 886 1042 ὃ
911 989 1216 1058 ἀντεξάγει,
1251 989 1346 1041 τὸν
1386 990 1514 1043 ίδιον
1551 989 1709 1057 λόγον
1743 989 1918 1042 τοιοῦ-

2029 997 2107 1044 cat
2131 991 2185 1044 in
2220 989 2410 1043 Deum.
2461 985 2621 1053 Quod
2649 986 2795 1041 enim
2832 984 3107 1040 creditum
3142 991 3231 1039 est
3260 997 3384 1037 esse
3419 995 3587 1052 supra

346 1083 438 1134 τόν
484 1099 537 1138 τι
577 1082 672 1135 καὶ⁸
710 1082 962 1135 τοσοῦτον
999 1077 1134 1134 εἶναι
1185 1081 1467 1152 οἰόμενος,
1507 1076 1618 1135 οἷον
1656 1082 1750 1135 καὶ
1795 1083 1918 1135 ὅσον

2029 1083 2364 1144 universum,
2427 1080 2656 1135 omnino
2707 1085 2793 1134 est
2836 1076 3003 1131 etiam
3041 1091 3213 1148 supra
3252 1076 3585 1132 orationem.

346 1174 521 1224 εἰπεῖν
551 1174 579 1225 ὁ
610 1172 764 1241 λόγος
787 1171 1085 1243 ἐχώρησεν,
1123 1172 1223 1224 οὐκ
1243 1170 1400 1235 εἰδὼς
1417 1174 1499 1225 ὅτι
1528 1174 1587 1225 ἐν
1610 1173 1688 1243 τῷ
1725 1174 1919 1224 πεπεῖ-

2029 1174 2124 1240 Qui
2176 1181 2358 1227 autem
2420 1168 2893 1241 comprehendere
2939 1176 3179 1223 conatur
3237 1166 3489 1222 oratione
3530 1165 3588 1220 id

350 1264 474 1317 σθαι
502 1265 640 1335 ὑπὲρ
670 1264 870 1333 γνῶσιν
895 1259 1031 1317 εῖναι
1068 1264 1129 1317 τὸ
1160 1264 1333 1329 Θεῖον,
1350 1266 1408 1317 ἐν
1434 1263 1609 1335 τούτῳ
1634 1266 1667 1335 ἡ
1692 1264 1917 1334 θεοπρε-

2029 1265 2171 1336 quod
2205 1265 2375 1319 nullis
2418 1263 2618 1317 tiuibus
2664 1267 2844 1330 potest
2889 1260 3298 1321 circumscribi.
3343 1274 3453 1315 non
3479 1259 3590 1313 uti-

351 1357 463 1425 πὴς
494 1356 621 1426 περὶ
654 1355 748 1407 τοῦ
775 1356 941 1417 ὅντως
989 1356 1137 1417 ὄντος
1172 1355 1499 1424 φυλάσσεται
1545 1356 1719 1408 ἔννοια
1741 1371 1755 1385 ’
1788 1355 1918 1408 διότι

2029 1372 2128 1427 que
2176 1355 2432 1412 concedit
2494 1360 2663 1423 supra
2702 1353 3026 1407 universum
3081 1366 3205 1407 esse
3260 1351 3396 1406 illud
3440 1350 3589 1420 quod

352 1451 464 1502 πᾶν
495 1448 557 1501 τὸ
580 1451 637 1501 ἐν
662 1452 726 1519 τῇ
761 1448 935 1501 κτίσει
967 1448 1046 1510 ὃν,
1079 1448 1214 1519 πρὸς
1242 1447 1301 1501 τὸ
1333 1448 1590 1516 συγγενὲς
1615 1449 1678 1501 ἐκ
1705 1447 1920 1515 φύσεως

354 1538 561 1607 βλέπει.
598 1539 706 1589 Καὶ
730 1537 879 1589 οὐδὲν
904 1536 1011 1588 τῶν
1037 1537 1205 1589 ὄντων
1230 1536 1288 1600 ἐξ
1321 1537 1516 1589 ἑαυτοῦ
1542 1537 1829 1606 γενόμενον
1864 1538 1921 1587 ἐν

350 1632 429 1701 τῷ
462 1626 598 1684 εἶναι
646 1630 817 1701 μένει.
862 1631 935 1683 υὺ
981 1630 1093 1701 πῦρ
1138 1633 1198 1683 ἐν
1237 1630 1423 1694 ὕδατι,
1455 1630 1554 1683 οὐκ
1591 1631 1649 1682 ἐν
1681 1630 1813 1699 πυρὶ
1860 1629 1922 1681 τὸ

353 1723 519 1794 ὕδωρ,
548 1724 647 1776 οὐκ
675 1725 733 1777 ἐν
760 1722 837 1792 τῷ
863 1722 1009 1793 βυθῷ
1036 1722 1097 1775 τὸ
1126 1724 1395 1792 χερσαῖον,
1436 1723 1536 1774 οὐκ
1564 1724 1620 1774 ἐν
1646 1724 1711 1791 τῇ
1745 1722 1923 1792 χέρσῳ

349 1813 413 1865 τὸ
443 1814 683 1885 ἔνυδρον,
713 1814 815 1866 οὐκ
845 1816 902 1865 ἐν
929 1814 1051 1885 ἀέρι
1084 1812 1149 1866 τὸ
1174 1813 1406 1882 ἔγγειον,
1432 1812 1532 1865 οὐκ
1562 1814 1621 1866 ἐν
1652 1816 1723 1883 γῇ
1760 1812 1923 1866 πάλιν

2019 1459 2212 1502 contra
2251 1447 2496 1511 adducit,
2535 1453 2594 1500 ut
2635 1446 2729 1515 qui
2765 1460 2919 1500 suam
2968 1445 3279 1499 orationem
3327 1443 3488 1497 talem
3534 1451 3589 1498 et

2019 1547 2229 1593 tantam
2250 1555 2375 1594 esse
2403 1546 2575 1607 putet,
2610 1538 2829 1608 qualem
2854 1544 2910 1591 et
2930 1543 3192 1607 quantam
3227 1536 3592 1605 comprehen-

2021 1631 2102 1685 dit
2130 1632 2326 1693 oratio,
2359 1630 2615 1703 nesciens
2646 1630 2793 1699 quod
2837 1630 2893 1683 in
2928 1644 2993 1683 eo
3023 1629 3171 1698 quod
3203 1627 3590 1689 sitcreditum,

2023 1722 2194 1777 Deum
2225 1738 2351 1778 esse
2391 1736 2559 1791 supra
2606 1722 3003 1791 cognitionem,
3063 1721 3118 1774 in
3152 1734 3217 1774 eo
3258 1734 3382 1789 qua:
3420 1717 3592 1772 Deum

2024 1814 2200 1875 decet,
2235 1810 2725 1882 comprehenditur
2769 1810 2891 1880 ejus
2929 1810 3077 1881 quod
3116 1824 3245 1864 vere
3278 1816 3364 1863 est
3388 1808 3543 1862 notio
3574 1824 3590 1861 :

350 1904 413 1957 τὸ
440 1904 707 1976 ἐναέριον·
748 1904 863 1957 ἀλλ’
893 1903 951 1958 ἐν
976 1908 1087 1967 τοῖς
1116 1904 1268 1967 ἰδίοις
1309 1904 1536 1958 ἕκαστον
1579 1904 1737 1974 μένον
1773 1904 1919 1973 ὅροις

2029 1906 2287 1976 quoniam
2328 1905 2594 1974 quidquid
2626 1913 2713 1960 est
2754 1905 2807 1958 in
2837 1911 3113 1963 creatura,
3148 1903 3398 1955 intuetur
3425 1900 3491 1953 ad
3540 1898 3593 1953 id

350 1997 450 2067 τῆς
480 1995 721 2065 φύσεως,
758 1997 863 2059 ἐως
888 1996 1009 2049 τότε
1044 1996 1211 2058 ἔστιν,
1241 1996 1347 2059 ἓως
1375 1995 1441 2049 ἂν
1469 1995 1576 2048 τῶν
1603 1995 1747 2049 ἰδίων
1778 1997 1920 2066 ὅρων

350 2087 504 2149 ἐντὸς
536 2086 689 2158 μένῃ.
722 2087 783 2139 Εἰ
809 2086 865 2138 δὲ
895 2086 999 2151 ἔξω
1028 2086 1221 2140 ἑαυτοῦ
1251 2085 1482 2155 γένοιτο,
1518 2087 1673 2150 ἐκτὸς
1702 2088 1796 2140 καὶ
1826 2087 1919 2141 τοῦ

351 2174 489 2231 εἶναι
517 2180 801 2248 γενήσεται
820 2191 835 2205 ⁸
866 2178 977 2241 ικαὶ
1010 2177 1199 2247 ὥσπερ
1230 2176 1337 2229 τῶν
1367 2175 1733 2249 αἰσθητηρίων
1767 2179 1800 2248 ἡ
1833 2178 1923 2231 δύ-

350 2285 547 2341 ναμις,
593 2270 714 2331 ταῖς
760 2269 897 2322 κατά
932 2267 1092 2338 φύσιν
1140 2270 1441 2339 ἐνεργείαις
1495 2270 1919 2341 παραμένουσα,

355 2358 654 2431 μεταϐῆναι
692 2358 826 2429 πρὸς
852 2359 952 2430 τὴν
981 2360 1385 2430 παρακειμένην
1405 2361 1467 2413 οὐ
1497 2360 1740 2415 δύναται.
1783 2361 1920 2414 Οὔτε

350 2449 461 2521 γὰρ
489 2448 766 2519 ὀφθαλμὸς
804 2448 874 2501 τὰ
905 2450 1001 2521 τῆς
1030 2450 1201 2521 ἀκοῆς
1246 2453 1581 2522 ἐνεργεῖται,
1627 2451 1752 2505 οὔτε
1785 2453 1922 2523 ἀκοὴ

350 2541 595 2609 γεύεται,
622 2539 746 2593 οὔτε
769 2539 879 2612 ἀφὴ
907 2540 1231 2610 διαλέγεται,
1266 2541 1391 2595 οὔτε
1416 2544 1449 2613 ἡ
1479 2542 1700 2611 γλῶσσα
1725 2544 1794 2596 τά
1825 2545 1923 2615 τῆς

352 2634 529 2703 ὅψεως
571 2633 605 2703 ἦ
645 2633 715 2686 τά
745 2633 846 2702 τῆς
875 2634 1045 2705 ἀκοῆς
1087 2636 1330 2707 ἐνεργεῖ,
1380 2635 1494 2687 ἀλλ’
1526 2636 1756 2699 ἕκαστος
1800 2636 1922 2707 ὅρον

352 2722 467 2791 εχει
492 2720 593 2790 τῆς
621 2720 755 2783 ἰδίας
790 2720 1100 2791 δυνάμεως,
1130 2722 1227 2792 τὴν
1253 2721 1396 2775 κατά
1422 2722 1580 2791 φύσιν
1607 2724 1884 2795 ἐνέργειαν
1907 2740 1920 2751 ·

351 2812 495 2866 οὕτω
519 2813 613 2865 καὶ
641 2813 790 2866 πᾶσα
818 2813 850 2884 ἡ
882 2812 1055 2876 κτίσις
1087 2812 1191 2879 ἔξω
1221 2814 1420 2883 ἑαυτῆς
1440 2814 1689 2882 γενέσθαι
1722 2816 1809 2869 διά
1826 2817 1925 2887 τῆς

354 2905 764 2976 καταληπικῆς
784 2905 1015 2976 θεωρίας
1038 2905 1097 2958 οὐ
1125 2905 1371 2963 δύναται,
1393 2906 1508 2959 ἀλλ’
1536 2908 1593 2959 ἐν
1614 2907 1750 2977 αὐτῇ
1778 2907 1925 2976 μένει

354 2999 472 3064 ἀεὶ,
505 2998 600 3052 καὶ
638 3000 771 3069 ὅπερ
816 2998 883 3051 ἀν
918 2998 1031 3070 ἴδῃ.
1074 2998 1274 3069 ἑαυτὴν
1315 2997 1533 3067 βλέπει,
1571 2998 1672 3051 κᾶν
1715 2999 1923 3069 οἰηθείη

353 3106 409 3142 τι
445 3090 585 3160 ὑπὲρ
605 3090 799 3161 ἑαυτὴν
825 3089 1061 3160 βλέπειν,
1091 3088 1152 3141 τὸ
1206 3090 1361 3153 ἐκτὸς
1386 3092 1584 3161 ἑαυτῆς
1613 3092 1772 3160 φύσιν
1801 3092 1927 3144 ἰδεῖν

356 3181 460 3234 οὐκ
493 3180 636 3251 ἔχει·
673 3175 781 3235 οἷον
820 3181 919 3251 τὴν
956 3181 1387 3253 διαστηματικὴν
1410 3183 1617 3236 ἔννοιαν
1644 3184 1701 3236 ἐν
1730 3186 1794 3253 τῇ
1818 3184 1927 3237 τῶν

352 3272 525 3325 ὄντων
569 3271 769 3343 θεωρίᾳ
796 3272 1085 3343 παρελθεῖν
1124 3272 1390 3342 βιάζεται,
1418 3273 1532 3326 ἀλλ’
1565 3274 1626 3327 οὑ
1661 3274 1927 3345 παρέρχε-

349 3381 466 3418 ται.
494 3365 665 3418 Παντί
703 3366 812 3436 γάρ
850 3364 931 3434 τῷ
973 3366 1347 3436 εὐρισκομένῳ
1374 3369 1605 3436 νοήματι
1638 3367 1930 3438 συνθεωρεῖ

350 3453 572 3516 πάντως
596 3453 659 3507 τό
700 3452 1359 3523 συγκαταλαμδανόμενον
1401 3458 1466 3525 τῇ
1512 3455 1804 3508 ὑποστάσει
1836 3456 1926 3509 τοῦ

348 3546 639 3617 νοουμένου
677 3546 953 3617 διάστημα
977 3554 991 3579 δ
1029 3546 1090 3599 τὸ
1125 3546 1182 3599 δέ
1212 3547 1484 3617 διάστημα
1528 3547 1679 3601 οὐδὲν
1720 3547 1926 3619 ἀλλο,ἢ

349 3636 528 3699 κτίσις
568 3637 735 3690 ἐστίν.
778 3638 987 3690 Ἐκεῖνο
1030 3638 1087 3690 δὲ
1126 3638 1186 3690 τὸ
1216 3638 1417 3705 ἀγαθὸν
1438 3680 1451 3699 ,
1476 3638 1504 3690 ὃ
1527 3639 1709 3710 ζητεῖν
1746 3657 1805 3692 τε
1832 3639 1929 3692 καὶ⁵

349 3728 641 3796 φυλάσσειν
682 3728 975 3799 ἐμάθομεν,
1008 3730 1118 3782 άνω
1154 3728 1212 3780 ὃν
1241 3730 1338 3799 τῆς
1371 3730 1599 3792 κτίσεως
1621 3771 1637 3795 ,
1668 3730 1780 3783 ἀνω
1811 3730 1927 3782 ἐστὶ

348 3818 725 3889 καταλήψεως.
742 3819 806 3871 Ἦ
822 3820 929 3889 γὰρ
946 3820 1190 3890 ἡμετέρα
1210 3820 1416 3873 διάνοια
1432 3823 1497 3889 τῇ
1527 3820 1925 3892 διαστηματικῇ

349 3910 653 3981 παρατάσει
691 3910 1056 3963 ἐνδιοδεύουσα
1075 3951 1089 3975 ,
1120 3910 1235 3973 πῶς
1262 3911 1328 3964 ἂν
1356 3910 1634 3982 καταλάϐῃ
1654 3912 1756 3981 τὴν
1778 3911 1929 3965 ἀδιά-

351 4015 545 4057 στατον
560 4001 723 4071 φύσιν
735 4001 821 4055 διά
836 4000 929 4054 τοῦ
945 4001 1139 4072 χρόνου
1155 4001 1413 4055 ἀνάλυσιν
1428 4002 1513 4054 ἀεὶ⁵
1527 4001 1605 4054 διε
1614 4002 1925 4074 ρευνωμένη

348 4094 421 4147 τά
442 4094 552 4147 τῶν
587 4094 990 4166 εὑρισκομένων
1014 4092 1355 4164 πρεσδύτερα
1378 4111 1392 4159 ;
1424 4094 1535 4147 Καὶ
1553 4093 1622 4146 τά
1649 4094 1747 4164 μὲν
1767 4110 1930 4162 γινω-

352 4187 591 4258 σκόμενα
603 4186 800 4249 πάντα,
813 4186 902 4239 διὰ
915 4184 1014 4255 τῆς
1034 4186 1564 4258 πολυπραγμοσύνης
1583 4187 1829 4257 παρέδρα
1836 4203 1925 4256 με,

348 4279 450 4350 τὴν
473 4279 531 4332 δὲ
560 4277 654 4331 τοῦ
676 4278 871 4342 αἰῶνος
895 4278 1097 4331 ἔννοιαν
1126 4278 1523 4349 παραδραμεῖν,
1549 4277 1805 4347 οὐδεμίαν
1832 4293 1930 4347 μη-

349 4370 523 4442 χανὴν
558 4369 888 4442 ἐξευρίσκει,
913 4372 1059 4433 ὅπως
1094 4371 1159 4424 ἂν
1184 4370 1287 4435 ἔξω
1316 4370 1514 4441 ἑαυτὴν
1546 4371 1759 4439 στήσειε
1779 4409 1792 4432 ,
1832 4368 1927 4421 καὶ

351 4462 613 4534 ὑπερθείη
630 4462 723 4515 τοῦ
741 4462 1052 4533 προθεωρου
1060 4462 1221 4532 μένου
1234 4463 1340 4515 τῶν
1353 4462 1519 4514 ὄντων
1532 4463 1625 4513 καὶ
1648 4459 1813 4513 αὑτοῦ
1830 4460 1926 4514 τοῦ

351 4557 576 4618 αἰῶνος·
611 4554 725 4608 ἀλλ’
754 4553 944 4626 ὥσπερ
989 4554 1080 4607 ἐπί
1126 4570 1272 4643 τινος
1302 4552 1545 4623 εὑρεθεὶς
1597 4553 1924 4625 ἀκρωρείας.
1960 4588 2003 4643 D

361 4648 705 4703 ’Υποκείσθω
734 4649 793 4701 δὲ
820 4648 996 4718 πέτρα
1040 4664 1122 4710 τις
1161 4642 1299 4700 εἶναι
1338 4646 1454 4698 λεία
1503 4648 1596 4699 καὶ
1633 4648 1925 4718 ἀπότομος,

351 4736 597 4792 κάτωθεν
627 4737 687 4789 ἐν
714 4736 928 4806 ἐρυθρῷ
971 4736 1050 4805 τῷ
1096 4736 1354 4805 σχήματι,
1392 4737 1471 4797 εἰς
1505 4737 1728 4808 ἄπειρον
1759 4739 1930 4809 μῆκος

352 4829 803 4900 κατατεινομένη,
837 4829 933 4881 καὶ
961 4827 1166 4881 ἀνωθεν
1207 4828 1300 4879 ἐπὶ
1332 4827 1393 4880 τὸ
1436 4826 1567 4897 ὕψος
1614 4828 1713 4899 τὴν
1756 4830 1931 4901 ἄκραν

351 4923 569 4993 ἐκείνην
604 4923 873 4996 ἀνέχουσα
892 4964 909 4985 ,
937 4921 1033 4991 τὴν
1061 4922 1118 4973 ἐν
1148 4923 1213 4991 τῇ
1241 4921 1477 4992 προϐολῇ
1502 4922 1603 4991 τῆς
1624 4923 1822 4993 ὀφρύος
1851 4924 1931 4986 εἵς

350 5031 404 5066 τι
428 5011 589 5082 βάθος
608 5014 804 5083 ἀχανὲς
821 5011 1285 5065 καταπίπτουσαν·
1306 5013 1442 5083 ὅπερ
1461 5008 1553 5066 οὖν
1574 5015 1720 5078 εἰκὸς
1740 5015 1931 5068 παθεῖν

350 5104 443 5157 τὸν
474 5105 631 5175 ἄκρῳ
660 5103 737 5174 τῷ
765 5104 886 5157 ποδὶ
912 5103 1011 5173 τῆς
1042 5103 1395 5175 ἐπινευούσης
1428 5104 1505 5174 τῷ
1544 5105 1696 5174 βάθει
1738 5108 1930 5177 ῥαχίας

352 5195 707 5263 ἐπιψαύοντα,
729 5196 822 5249 καὶ
840 5195 1092 5265 οὐδεμίαν
1118 5194 1197 5247 ἐτι
1218 5194 1339 5247 οὔτε
1360 5195 1437 5264 τῷ
1461 5196 1582 5248 ποδὶ
1608 5197 1782 5266 βάσιν,
1807 5197 1930 5251 οὔτε

350 5288 417 5357 τῇ
447 5288 610 5358 Ιχειρὶ
655 5286 877 5357 ἀντίκλη
927 5286 1327 5357 ἐξευρίσκοντα.
1389 5284 1559 5340 Τοῦτό
1613 5304 1701 5357 μοι
1753 5290 1844 5341 καὶ
1897 5290 1929 5359 ή

349 5374 499 5446 ψυχὴ
529 5374 875 5445 παρελθοῦσα
898 5374 961 5427 τὸ
989 5377 1047 5427 ἐν
1070 5378 1179 5438 τοῖς
1205 5375 1652 5445 διαστηματικοῖς
1679 5376 1928 5447 βάσιμον,

352 5466 411 5517 ἐν
454 5469 519 5536 τῇ
555 5465 780 5537 ζητήσει
823 5466 926 5533 τῆς
978 5465 1304 5537 προαιωνίου
1354 5483 1413 5518 τε
1466 5467 1559 5519 καὶ
1608 5468 1930 5522 ἀδιαστάτου

353 5558 567 5627 φύσεως
606 5559 825 5628 πάσχει,
870 5559 969 5611 οὐκ
1008 5558 1204 5628 ἔχουσα
1237 5559 1265 5611 δ
1297 5557 1707 5630 περιδράξηται,
1747 5561 1808 5613 οὐ
1844 5560 1932 5613 τό-

352 5664 477 5710 πον,
503 5648 566 5701 οὐ
602 5650 814 5719 χρόνον,
839 5650 902 5702 οὐ
934 5648 1152 5721 μέτρον,
1181 5650 1279 5703 οὑκ
1311 5650 1439 5705 ἀλλο
1481 5668 1532 5703 τι
1569 5652 1808 5704 τοιοῦτον
1837 5651 1929 5704 οὐ-

350 5740 475 5802 δὲν,
509 5741 570 5793 οὐ
621 5739 832 5811 δέχεται
877 5740 976 5810 τῆς
1030 5742 1268 5805 διανοίας
1296 5742 1452 5814 ἡμῶν
1504 5741 1601 5813 τὴν
1653 5743 1926 5795 ἐπίϐασιψ

352 5829 490 5885 ἀλλὰ
518 5831 850 5901 πανταχόθεν
878 5832 985 5886 τῶν
1014 5834 1267 5905 ἀλήπτων
1294 5833 1767 5903 ἀπολισθαίνουσα,
1802 5834 1925 5905 ἰλιγ-

2026 1996 2175 2066 quod
2207 2003 2293 2051 est
2328 2003 2622 2063 cognatum
2653 2009 2682 2047 a
2717 2003 2939 2049 natura.
2970 1993 3159 2062 Neque
3192 1992 3494 2062 quidquam
3527 2003 3594 2043 ex

2027 2090 2095 2144 iis
2131 2104 2254 2159 quae
2284 2099 2430 2148 sunt,
2466 2102 2531 2141 ex
2565 2103 2624 2142 se
2658 2093 3059 2151 ortum,manet
3091 2086 3147 2139 in
3180 2084 3442 2140 essentia.
3474 2081 3596 2136 Non

2028 2181 2170 2251 ignis
2200 2181 2255 2234 in
2294 2196 2457 2249 aqua,
2488 2193 2594 2233 non
2622 2193 2762 2248 aqua
2794 2179 2849 2232 in
2877 2179 3025 2247 igne,
3084 2194 3193 2232 non
3233 2179 3286 2231 in
3322 2176 3599 2247 profundo

2030 2279 2332 2335 terrenum,
2360 2285 2467 2324 non
2512 2272 2566 2323 in
2611 2278 2759 2323 terra
2788 2284 3050 2338 aquenm,
3086 2284 3196 2322 non
3231 2269 3285 2322 in
3317 2282 3445 2323 aere
3483 2275 3623 2324 ter-.

2033 2378 2249 2424 renutu,
2288 2377 2398 2416 non
2432 2364 2484 2415 in
2521 2370 2667 2415 terra
2718 2376 2917 2415 rursus
2962 2361 3211 2416 aerium:
3252 2361 3348 2415 sed
3398 2374 3598 2414 unum-

2028 2458 2286 2525 quodque
2342 2468 2571 2508 manens
2631 2454 2685 2507 in
2755 2454 2996 2525 propriis
3054 2461 3266 2508 natura:
3317 2452 3594 2515 terminis,

2030 2545 2222 2599 tandiu
2245 2554 2352 2605 est.
2392 2544 2639 2614 quandiu
2668 2552 2753 2598 est
2783 2545 2927 2598 intra
2954 2560 3085 2600 suos
3116 2544 3405 2599 terminos.
3437 2541 3598 2609 Quod

2031 2638 2077 2693 si
2106 2646 2261 2692 extra
2302 2652 2364 2693 se
2399 2636 2591 2700 fuerit,
2617 2638 2721 2691 erit
2767 2638 2933 2691 etiam
2980 2644 3135 2691 extra
3175 2635 3501 2696 essentiam,
3545 2642 3602 2688 et

2029 2729 2308 2799 quomodo
2367 2728 2645 2783 sentiendi
2708 2729 3207 2783 instrumentorum
3262 2728 3369 2789 vis,
3426 2727 3483 2781 in
3528 2727 3599 2780 iis

2031 2837 2262 2878 manens
2292 2821 2714 2892 operationibus
2745 2836 2867 2889 quae
2902 2830 3032 2875 sunt
3082 2819 3387 2875 secundum
3433 2827 3593 2875 natu-

2030 2932 2171 2983 ram,
2205 2930 2314 2969 non
2361 2920 2541 2983 potest
2574 2915 2814 2968 transire
2867 2913 2933 2966 ad
2981 2927 3102 2966 eam
3149 2928 3270 2982 qua:
3309 2920 3394 2966 est
3433 2926 3607 2981 prope

2032 3006 2159 3062 sita.
2224 3004 2413 3075 Neque
2466 3006 2615 3060 enim
2651 3005 2847 3059 oculus
2896 3012 3162 3073 operatur
3193 3018 3255 3058 ea
3301 3017 3425 3073 quae
3472 3012 3603 3056 sunt

2033 3095 2276 3159 auditus,
2304 3112 2483 3165 neque
2509 3096 2663 3150 auris
2688 3102 2896 3165 gustat,
2926 3110 3106 3164 neque
3129 3102 3311 3148 tactus
3335 3094 3603 3163 loquitur,

2032 3203 2209 3259 neque
2244 3188 2431 3259 lingua
2461 3203 2525 3243 ea
2552 3188 2663 3258 agit
2691 3202 2814 3255 qua:
2848 3194 2981 3242 sunt
3016 3187 3170 3242 visus
3205 3194 3300 3241 aut
3349 3186 3599 3247 auditus.

2029 3278 2125 3333 sed
2162 3277 2595 3347 unumquodque
2620 3276 2783 3331 habet
2815 3277 3113 3331 terminum
3142 3292 3258 3331 sua:
3291 3275 3598 3337 facultatis.

2026 3383 2223 3438 nempe
2256 3382 2376 3422 eam
2406 3368 2785 3437 operationem
2820 3384 2943 3437 qua:
2975 3378 3061 3424 est
3096 3368 3400 3423 secundum
3438 3377 3603 3421 natu-

2027 3474 2168 3514 ram.
2223 3458 2304 3513 Ita
2334 3459 2501 3512 etiam
2538 3459 2720 3515 omnis
2753 3468 3009 3514 creatura
3052 3467 3211 3514 extra
3239 3475 3298 3515 se
3335 3474 3460 3515 esse
3492 3474 3606 3513 non

2029 3558 2208 3621 potest
2248 3565 2345 3619 per
2390 3550 2885 3620 comprehendendi
2920 3551 3463 3621 contemplationem,
3510 3552 3604 3606 sed

2027 3639 2083 3693 in
2106 3653 2164 3693 se
2179 3639 2294 3710 ipsa
2308 3652 2523 3708 semper
2538 3647 2807 3703 mnet,et
2826 3640 3095 3710 quidquid
3117 3640 3333 3703 viderit,
3354 3632 3606 3710 ~seipsam

2028 3731 2297 3793 intuetur,
2332 3739 2387 3785 et
2418 3732 2463 3786 si
2491 3731 2897 3788 existimaverit
2921 3749 2981 3788 se
3010 3733 3220 3803 aliquid
3251 3733 3438 3788 videre
3459 3733 3609 3803 quod

2029 3824 2102 3878 sit
2124 3837 2294 3892 supra
2332 3837 2414 3889 se,
2447 3836 2556 3877 non
2592 3831 2676 3877 est
2702 3838 2766 3877 ea
2801 3833 2999 3879 natura
3027 3834 3086 3879 ut
3109 3824 3291 3879 videat
3329 3834 3487 3880 extra
3520 3840 3604 3888 se,

2028 3922 2089 3969 ut
2117 3915 2267 3969 verbi
2305 3929 2491 3976 causa,
2523 3915 2797 3970 intervalli
2835 3925 2891 3969 et
2940 3917 3105 3986 spatii
3161 3918 3214 3971 in
3254 3928 3436 3972 mente
3475 3932 3611 3972 con-

2028 4006 2336 4075 ceptionem
2371 4004 2428 4057 in
2478 4020 2673 4058 eorum
2705 4021 2829 4075 quae
2879 4015 3010 4061 sunt
3051 4008 3522 4076 contemplatione
3553 4009 3610 4063 vi

2029 4104 2263 4152 conatur
2287 4094 2620 4165 transgredi,
2682 4096 2778 4151 sed
2824 4113 2933 4151 non
2989 4098 3415 4169 transgreditur.
3471 4098 3605 4153 Nam

2030 4203 2155 4243 cum
2183 4189 2333 4241 omni
2354 4202 2475 4257 qua
2499 4186 2776 4241 invenitur
2803 4190 3007 4244 mentis
3042 4190 3423 4259 conceptione,
3445 4191 3612 4244 simul

2029 4282 2254 4335 omnino
2281 4281 2599 4335 considerat
2624 4280 3005 4347 intervallum,
3047 4282 3193 4353 quod
3242 4283 3405 4337 simul
3457 4296 3611 4337 com-

2033 4373 2391 4443 prehenditur
2414 4388 2539 4426 cum
2582 4373 2892 4427 substantia
2923 4372 3047 4444 ejus
3082 4374 3228 4445 quod
3265 4385 3449 4429 mente
3468 4388 3609 4428 con-

2032 4464 2254 4533 cipitur.
2304 4461 2653 4517 Intervallum
2681 4471 2862 4517 autem
2920 4464 3056 4517 nihil
3108 4464 3258 4517 aliud
3304 4473 3388 4519 est
3440 4476 3607 4533 quam

2032 4561 2304 4608 creatura.
2333 4551 2467 4607 illud
2492 4563 2677 4607 autem
2712 4554 2917 4607 bonum
2943 4554 3090 4623 quod
3120 4555 3417 4609 didicimus
3455 4569 3606 4625 quaa-

2030 4659 2150 4700 rere
2186 4652 2241 4699 et
2278 4644 2589 4714 custodire,
2632 4660 2756 4699 cum
2816 4646 2889 4700 sit
2936 4661 3103 4714 supra
3152 4654 3480 4711 creaturam,
3525 4654 3610 4700 est

2030 4750 2195 4805 supra
2272 4734 2839 4803 comprehensionem.
2917 4733 3116 4790 Nostra
3175 4735 3321 4789 enim
3394 4734 3605 4805 cogita-

2031 4829 2127 4893 tio,
2174 4842 2296 4897 quaa
2342 4826 2648 4881 intervallis
2686 4825 3021 4895 disjunctam
3074 4825 3380 4895 ingreditur
3418 4832 3613 4879 exten-

2031 4917 2266 4979 sionem,
2307 4914 2583 4984 quomodo
2621 4929 2718 4983 per
2752 4922 2969 4984 tempus
2993 4914 3421 4984 comprehendet
3449 4923 3613 4968 natu-

2032 5020 2349 5076 ram,quam
2388 5005 2538 5060 nulla
2563 5004 2927 5060 dimetiuntur
2968 5006 3278 5069 intervalla,
3318 5022 3440 5075 quze
3482 5007 3610 5076 qui-

2029 5102 2153 5155 dem
2197 5098 2457 5168 cogitatio
2501 5110 2717 5167 semper
2771 5104 3054 5152 scrutatur
3090 5111 3185 5166 per
3217 5096 3608 5150 resolutionem

2031 5189 2342 5260 antiquiora
2402 5188 2471 5244 iis
2521 5204 2643 5258 quae
2686 5189 3083 5244 inveniuntur?
3147 5191 3212 5243 Et
3258 5190 3441 5244 omnia
3486 5189 3611 5257 qui-

2030 5281 2154 5336 dem
2214 5295 2335 5349 quae
2374 5287 2786 5351 cognoscuntur
2840 5282 3221 5349 prmtercurrit
3274 5296 3372 5350 per
3419 5281 3614 5333 curio-

2031 5372 2270 5432 sitatem,
2306 5371 2512 5424 nullam
2542 5377 2725 5425 autem
2762 5371 3033 5425 rationem
3068 5371 3300 5433 invenit,
3349 5386 3456 5440 qua
3482 5384 3610 5441 pos-

2031 5464 2103 5518 sit
2130 5471 2555 5532 praatercurrere
2602 5462 2927 5517 aeternitatis
2959 5464 3406 5532 conceptionem,
3454 5470 3514 5517 ut
3546 5477 3615 5519 se

2030 5566 2185 5612 extra
2223 5572 2342 5611 eam
2407 5558 2590 5621 sistat,
2618 5564 2674 5611 et
2724 5564 2951 5626 superet
2990 5554 3045 5610 id
3085 5555 3233 5624 quod
3264 5570 3331 5610 ex
3376 5554 3446 5610 iis
3485 5569 3614 5625 qua:

2031 5665 2161 5708 sunt
2211 5653 2364 5722 prius
2414 5650 2822 5713 consideratur,
2868 5656 2924 5703 et
2971 5648 3147 5718 ipsam
3192 5645 3553 5703 mternitatem
3589 5664 3609 5700 :

2032 5745 2126 5798 sed
2154 5748 2297 5800 sicut
2324 5745 2579 5798 inventus
2602 5744 2657 5797 in
2697 5742 2885 5811 aliquo
2920 5740 3330 5811 promontorio.
3358 5736 3604 5794 Ponatur

2032 5846 2211 5894 autem
2254 5852 2418 5907 rupes
2454 5835 2638 5906 aliqua
2670 5834 2821 5890 laevis
2855 5839 2910 5889 et
2954 5841 3251 5904 praerupta,
3286 5828 3498 5887 inferne
3549 5832 3609 5885 ii.
