4110 6494
487 395 585 452 73(

1764 406 1826 462 8.
1864 406 2196 464 GREGORII
2218 403 2514 464 NYSSENI

3646 413 3751 470 732

484 515 650 573 rubra
684 516 853 589 llgura
878 517 933 572 in
966 516 1235 575 infinitam
1265 527 1494 576 extensa
1544 521 1967 595 longitudinem,
2005 535 2059 582 et

2164 528 2255 597 γιᾷ
2285 543 2341 579 τε
2383 527 2475 580 καὶ
2516 527 2808 598 ἁμηχανεῖ,
2853 524 2948 608 καὶ
2987 525 3148 580 πάλιν
3198 526 3335 598 πρὸς
3379 527 3440 582 τὸ
3490 533 3749 598 συγγενὲς

485 624 726 680 superne
770 609 977 664 habens
1020 610 1075 664 in
1105 611 1395 668 altitudine
1431 614 1567 668 illud
1602 618 2060 685 promontorium,

483 699 633 768 quod
676 700 731 753 in
773 699 1016 769 projecto
1069 703 1366 772 supercilio
1402 705 1458 758 in
1485 713 1699 761 vastam
1733 707 1881 761 cadit
1933 724 2063 777 pro-

487 791 834 845 funditatem.
883 791 1039 859 Quod
1078 809 1209 864 ergo
1240 808 1674 856 consentaneum
1722 807 1806 854 est
1845 801 2064 855 evenire

485 885 533 938 ei
556 883 646 950 qui
668 899 884 938 summo
911 873 1048 954 pede
1080 887 1255 956 tangit
1281 891 1428 943 illam
1452 891 1622 944 veluti
1647 891 1796 946 dorsi
1821 892 2059 962 spinam,

487 990 612 1041 qua:
635 974 873 1028 declinat
903 975 960 1028 in
982 977 1334 1044 profundum,
1362 988 1415 1036 et
1438 995 1614 1050 neque
1644 981 1850 1036 invenit
1873 983 1928 1035 in
1953 997 2062 1051 quo

487 1066 612 1133 ligat
645 1066 796 1134 pedis
829 1083 1128 1137 gressum,
1155 1086 1332 1141 neque
1367 1073 1512 1142 quod
1549 1088 1712 1127 manu
1756 1075 2062 1142 apprehen-

485 1155 612 1209 dat:
648 1157 753 1210 hoc
783 1159 1039 1212 usuvenit
1062 1158 1278 1222 animae,
1311 1175 1432 1229 qua:
1460 1161 1679 1215 transiit
1710 1160 1760 1214 id
1795 1176 1888 1228 per
1914 1160 2059 1230 quod

485 1246 664 1302 incedi
695 1257 873 1318 potest
903 1250 959 1305 in
986 1251 1055 1306 iis
1075 1267 1196 1321 qua:
1219 1253 1612 1323 disjunguntur
1648 1253 2060 1307 intervallorum

485 1340 706 1410 spatiis,
739 1340 794 1395 in
817 1341 1108 1410 quaerendo
1142 1350 1389 1397 naturam
1415 1358 1536 1412 quae
1563 1353 1648 1398 est
1681 1351 1806 1397 ante
1835 1344 2057 1406 saecula,

485 1445 538 1487 et
576 1449 738 1502 quam
786 1436 938 1489 nulla
989 1437 1291 1491 metiuntur
1344 1435 1652 1498 intervalla,
1699 1446 1754 1489 ut
1791 1451 1911 1505 qua:
1936 1449 2062 1488 cum

487 1526 626 1580 nihil
660 1527 858 1582 habeat
907 1527 1054 1598 quod
1083 1527 1476 1598 apprehendat,
1527 1543 1638 1582 non
1690 1528 1894 1589 locum,
1950 1541 2060 1581 non

491 1629 726 1688 tempus,
746 1636 855 1674 non
878 1635 1214 1684 mensuram,
1234 1635 1343 1676 non
1365 1619 1572 1690 aliquid
1596 1618 1745 1673 aliud
1766 1617 2058 1687 ejusmodi,

488 1720 694 1764 nostrae
743 1711 1094 1778 cogitationis
1131 1727 1240 1766 non
1295 1713 1527 1782 suscipit
1570 1711 1906 1782 ingressum:
1963 1709 2059 1764 sed

488 1803 731 1871 undique
763 1804 1012 1859 dilabens
1040 1806 1109 1859 ah
1155 1806 1220 1860 iis
1247 1820 1368 1874 qua:
1394 1820 1502 1859 non
1552 1813 1780 1874 possunt
1811 1818 2060 1872 compre-

2163 618 2568 688 ἐπιστρέφεται,
2604 616 2876 686 ἁγαπῶσα
2910 617 3162 672 τοσοῦτον
3196 621 3357 687 μόνον
3381 619 3584 687 γνῶναι
3619 623 3748 692 περὶ¹

2161 712 2256 764 τοῦ
2281 712 2699 784 ὑπερκειμένου,
2724 715 2849 767 ὅσον
2878 713 3189 783 πεισθῆναι,
3222 716 3304 768 ὅτι
3352 716 3480 769 ἄλλο
3521 735 3569 770 τι
3597 720 3747 790 παρὰ

2161 803 2259 874 τὴν
2291 804 2397 858 τῶν
2428 804 2847 875 γινωσκομένων
2889 805 3052 875 φύσιν
3098 808 3236 860 ἐστί.
3282 807 3382 860 Διὰ
3431 808 3588 861 τοῦτο
3619 811 3746 864 ὅταν

2162 895 2291 968 ἔλθῃ
2318 899 2396 959 είς
2423 897 2491 949 τὰ
2525 897 2665 967 ὑπὲρ
2697 897 2854 966 λόγον
2879 898 2909 949 6
2947 898 3123 966 λόγος,
3158 900 3367 966 γίνεται
3410 901 3531 954 τότε
3560 903 3746 972 καιρὸς

2160 987 2254 1040 τοῦ
2291 989 2467 1057 σιγᾷν,
2497 988 2589 1041 καὶ
2637 987 2735 1058 τῆς
2779 989 3059 1059 ἁφρὰστου
3101 990 3314 1060 ἐκείνης
3346 991 3626 1061 δυνάμεως
3656 994 3748 1044 ἁν-

2162 1081 2493 1148 ερμήνευτον
2519 1082 2575 1133 ἐν
2601 1079 2678 1150 τῷ
2708 1081 3004 1152 ἀπορρήτῳ
3034 1082 3134 1152 τῆς
3165 1084 3517 1154 συνειδήσεως
3550 1085 3661 1154 ἔχει
3685 1085 3748 1136 τὸ

2163 1169 2362 1239 θαῦμα,
2391 1171 2569 1224 εἰδότα
2599 1172 2680 1224 ὅτι
2713 1173 2808 1224 καὶ
2839 1173 2887 1225 οί
2924 1173 3145 1242 μεγάλοι
3177 1175 3247 1229 τά
3298 1175 3437 1245 ἐργα
3483 1176 3577 1229 τοῦ
3610 1176 3746 1229 Θεοῦ

2161 1263 2254 1314 καὶ
2277 1262 2336 1315 οὐ
2366 1261 2454 1316 τὸν
2484 1263 2617 1315 Θεὸν
2645 1264 2886 1329 ἐλάλουν,
2916 1264 3190 1332 λέγοντες·
3233 1287 3252 1318 ι
3275 1267 3372 1330 Τίς
3398 1267 3618 1337 λαλήσει
3644 1269 3745 1331 τὰς

2159 1352 2475 1417 δυναστείας
2491 1353 2586 1406 τοῦ
2605 1355 2806 1426 Κυρίου
2829 1372 2844 1420 ;
2879 1375 2898 1406 ι
2933 1357 3045 1420 καὶ,
3077 1376 3096 1408 ι
3115 1359 3454 1429 Διηγήσομαι
3477 1360 3651 1412 πάντα
3678 1362 3748 1412 τὰ

2161 1441 2297 1512 ἔργα
2328 1461 2420 1497 σου
2437 1461 2452 1476 ·
2474 1463 2492 1496 ι
2513 1447 2629 1508 καὶ,
2652 1465 2671 1497 ι
2691 1447 2856 1500 Γενεὰ
2884 1449 3159 1502 ἐπαινέσει
3184 1449 3254 1502 τὰ
3274 1451 3410 1521 ἔργα
3435 1467 3546 1504 σου.
3562 1470 3579 1501 ι
3605 1452 3747 1504 Αὑτὰ

2161 1534 2376 1588 λαλοῦσι
2411 1537 2504 1590 καὶ
2545 1538 2678 1605 περὶ
2711 1537 2914 1591 τούτων
2953 1539 3336 1610 διεξέρχονται,
3369 1543 3464 1594 καὶ
3499 1542 3597 1613 τὴν
3634 1545 3744 1599 τῶν

2161 1626 2458 1694 γεγονότων
2537 1627 2883 1698 ἐξαγόρευσιν
2953 1631 3018 1700 τῇ
3088 1633 3238 1701 φωνῇ
3311 1633 3695 1702 ἐπιτρέπουσιν
3724 1653 3741 1666 ·

2160 1717 2286 1769 ὃταν
2315 1716 2370 1769 δὲ
2405 1718 2532 1788 περὶ
2576 1719 2740 1772 αὑτοῦ
2781 1719 2874 1772 τοῦ
2915 1720 3287 1791 ύπερεστῶτος
3316 1723 3496 1792 πάσης
3535 1725 3745 1789 ἐννοίας

2161 1810 2189 1860 6
2222 1807 2396 1876 λόγος,
2446 1809 2657 1878 σιωπὴν
2705 1810 2980 1882 ἄντικρυς,
3023 1811 3088 1865 δι’
3122 1806 3197 1866 ὧν
3239 1812 3476 1881 λέγουσι,
3525 1816 3748 1885 νομοθε-

487 1895 675 1955 liendi.
709 1897 910 1966 caligat
938 1906 993 1951 et
1025 1904 1110 1952 est
1142 1898 1403 1967 perplexa
1437 1905 1490 1952 et
1513 1897 1852 1965 perturbata,
1908 1905 1962 1949 et
2005 1910 2063 1948 se

2164 1874 2335 1952 τοῦσι.
2369 1900 2599 1966 Λέγουσι
2613 1874 2732 1972 ⁷γὰρ
2760 1903 2841 1956 ὅτι
2867 1874 2973 1973 ’τῆς
3020 1874 3509 1976 μεγαλοπρεπείας,
3535 1874 3632 1976 vii;
3661 1908 3747 1960 66-

487 2002 683 2044 rnrsus
707 1990 980 2044 convertit
1015 1989 1081 2044 ad
1130 1989 1183 2044 id
1214 1991 1358 2060 quod
1392 1999 1477 2044 est
1508 1991 1560 2044 ei
1601 2004 1800 2060 genere
1833 1988 2064 2055 conjun-

485 2085 657 2142 ctnm,
693 2079 832 2132 satis
863 2079 1070 2133 habens
1100 2078 1146 2133 si
1185 2078 1253 2134 de
1290 2094 1356 2133 eo
1387 2077 1534 2148 quod
1565 2085 1647 2133 est
1680 2093 1846 2147 super
1879 2078 2063 2132 omnia

484 2168 592 2223 hoc
627 2170 804 2224 solum
842 2180 1161 2239 cognoscat,
1197 2172 1340 2240 quod
1379 2187 1704 2240 persuasum
1749 2173 1966 2235 habeat,
2009 2171 2061 2226 id

483 2261 821 2330 essealiquid
837 2261 1037 2317 aliuda
1061 2273 1254 2316 natura
1279 2279 1470 2318 eorum
1493 2279 1615 2334 qua:
1633 2276 2062 2334 cognoscuntur.

483 2349 780 2421 Propterea
806 2352 1026 2422 quando
1057 2355 1268 2408 venerit
1294 2355 1435 2410 ratio
1458 2363 1514 2410 et
1545 2356 1722 2409 oratio
1749 2355 1817 2409 ad
1849 2371 1911 2410 ea
1942 2370 2065 2424 qua:

483 2443 757 2497 rationein
799 2453 1084 2513 superant,
1137 2461 1237 2500 nec
1269 2447 1451 2501 verbis
1502 2454 1733 2516 possunt
1779 2448 2063 2518 explicari,

485 2540 622 2588 tunc
644 2545 730 2588 est
760 2543 976 2605 tempus
1003 2539 1235 2603 tacendi,
1263 2547 1318 2590 et
1348 2537 1638 2594 ineﬂ‘abilis
1679 2539 1826 2594 illius
1857 2548 2068 2594 natura:

486 2625 950 2694 inexplicabilitas
1001 2627 1167 2682 habet
1197 2629 1548 2683 miraculum
1596 2629 1650 2684 in
1683 2644 1886 2683 arcano
1933 2645 2066 2684 con-

487 2716 752 2776 scientiae,
789 2717 932 2786 apud
963 2733 1087 2773 eum
1123 2718 1214 2788 qui
1249 2718 1374 2782 scit,
1408 2719 1552 2788 quod
1574 2719 1738 2773 etiam
1763 2719 1866 2774 viri
1887 2719 2067 2791 magni

486 2806 556 2862 de
573 2804 668 2861 Dei
686 2810 964 2878 operibus,
979 2818 1033 2864 et
1053 2824 1162 2864 non
1176 2809 1243 2864 de
1259 2809 1366 2864 Deo
1385 2810 1770 2880 loquebantur,
1787 2811 2064 2867 dicentes:

493 2895 660 2962 «Quis
693 2899 946 2967 loquetur
979 2899 1253 2968 potentias
1290 2897 1601 2954 Domini"?
1623 2916 1642 2948 ι
1671 2907 1745 2964 et,
1773 2919 1791 2950 ι
1821 2899 2068 2956 Narrabo

486 2989 672 3042 omnia
695 3003 858 3058 opera
895 2998 988 3043 tua
1003 2990 1045 3020 ³⁷
1076 3008 1089 3044 :
1123 3007 1142 3042 ι
1162 2996 1237 3051 et,
1275 3009 1293 3042 ι
1319 2989 1869 3045 Generatiolaudabit
1903 3005 2066 3060 Opera

487 3080 827 3137 tua“.:Hmc
845 3083 1034 3135 dicunt
1061 3090 1116 3137 et
1137 3081 1286 3137 deiis
1301 3081 1604 3145 disserunt,
1622 3089 1677 3136 ct
1703 3083 1820 3136 voci
1855 3084 2070 3153 permit-

2166 1984 2282 2054 ξης,
2311 1985 2412 2054 τῆς
2447 1985 2757 2056 ἁγιωσύνης
2791 1986 2978 2053 αὑτοῦ,
3023 1988 3121 2040 οὐκ
3163 1988 3277 2042 ἔστι
3317 1989 3509 2060 πέρας.
3544 1991 3606 2042 Ὢ
3651 1991 3742 2046 τοῦ

2165 2075 2466 2146 θαύματοςῐ
2501 2077 2617 2140 πῶς
2643 2077 2882 2149 ἐφοϐήθη
2915 2081 2980 2150 τῇ
3004 2078 3097 2132 τοῦ
3126 2079 3269 2133 θείου
3311 2080 3586 2150 θαύματος
3615 2082 3739 2153 δόξῃ

2165 2167 2524 2237 προσεγγίσαι
2572 2170 2601 2220 ό
2639 2166 2813 2234 λόγος,
2862 2167 3003 2220 ὥστε
3050 2169 3171 2222 ούδέ
3211 2170 3318 2222 τῶν
3369 2169 3564 2234 ἔξωθέν
3593 2189 3744 2236 ⁴τινος

2167 2257 2552 2328 θεωρουμένων
2575 2257 2633 2310 τὸ
2660 2257 2841 2329 θαῦμα
2883 2259 3206 2326 κατέλαϐεν;
3231 2261 3306 2313 Οὐ
3345 2262 3454 2332 γὰρ
3488 2258 3639 2315 εἶπεν
3665 2265 3746 2317 ὃτι

2164 2351 2263 2419 τῆς
2289 2349 2474 2412 οὐσίας
2501 2348 2594 2402 τοῦ
2625 2349 2758 2402 Θεοῦ
2801 2351 2974 2421 πέρας
3018 2352 3116 2404 ούκ
3155 2352 3289 2413 ἐστι,
3321 2353 3592 2424 τολμηρὸν
3625 2356 3747 2426 κρί-

2165 2458 2271 2494 νων
2303 2440 2438 2503 ὅλως
2464 2440 2526 2493 τὸ
2555 2442 2637 2504 είς
2667 2439 2872 2495 ἔννοιαν
2900 2441 3056 2494 τοῦτο
3089 2442 3292 2506 λαϐεῖν,
3328 2443 3464 2496 ἀλλὰ
3504 2445 3601 2514 τὴν
3632 2447 3749 2498 ἐπι⁹

2167 2531 2546 2604 θεωρουμένην
2585 2535 2652 2604 τῇ
2689 2532 2812 2604 δόξῃ
2865 2533 3335 2605 μεγαλοπρέπειαν
3379 2536 3644 2605 θαυμάζει
3672 2537 3749 2608 τῷ

2166 2625 2324 2696 λόγῳ.
2355 2625 2524 2678 Πάλιν
2549 2625 2604 2678 δέ
2631 2625 2753 2678 οὑδέ
2780 2627 2952 2692 αὐτῆς
2983 2627 3081 2696 τῆς
3105 2628 3262 2698 δόξης
3287 2630 3383 2699 τὴν
3404 2630 3590 2682 οὐσίαν
3623 2631 3749 2683 ἰδεῖν

2167 2718 2440 2788 ἠδυνήθη·
2478 2717 2614 2770 ἁλλὰ
2650 2717 2750 2787 τῆς
2785 2719 3096 2788 ἁγιωσύνης
3137 2719 3300 2772 αὐτοῦ
3332 2723 3430 2790 τὴν
3463 2720 3618 2785 δόξαν
3665 2723 3750 2787 ἐξ·

2167 2807 2381 2876 επλάγη
2433 2809 2794 2878 κατανοήσας.
2827 2811 2996 2863 Πόσον
3039 2811 3215 2863 τοίνυν
3263 2813 3467 2883 ἀπέσχε
3512 2814 3606 2867 τοῦ
3651 2815 3748 2885 τὴν

2169 2897 2349 2968 φύσιν,
2380 2900 2501 2968 ἥτις
2535 2901 2674 2960 ἐστὶ,
2704 2901 3188 2971 περιεργάσασθαι,
3229 2903 3288 2966 ὃς
3315 2920 3378 2971 γε
3427 2905 3489 2958 τὸ
3525 2905 3750 2974 ἔσχατον

2168 2990 2276 3044 τῶν
2337 2992 2781 3062 προφαινομένων
2831 2993 3109 3063 θαυμάσαι
3162 2996 3260 3048 οὐκ
3315 2997 3560 3067 ίσχυσενς
3615 2997 3750 3052 Οὔτε

2169 3082 2277 3154 γὰρ
2319 3083 2416 3154 τὴν
2458 3084 2764 3154 ἁγιωσύνην
2797 3085 2960 3139 αὐτοῦ
3009 3085 3333 3158 ἐθαύμασεν,
3377 3087 3499 3141 οὔτε
3532 3090 3630 3158 τὴν
3666 3089 3752 3144 δό-

487 3178 634 3238 tunt,
657 3179 715 3225 ut
732 3171 801 3226 ab
815 3187 878 3226 ea
898 3170 1208 3226 referantur
1222 3186 1345 3240 qua:
1375 3173 1515 3225 facta
1547 3177 1697 3226 sunt.
1719 3169 1824 3224 Sed
1851 3175 2064 3241 quando

2173 3172 2268 3236 ξαν
2293 3173 2393 3242 τῆς
2423 3172 2754 3243 ἁγιωσύνης,
2785 3174 2922 3228 ἀλλὰ
2957 3176 3056 3246 τὴν
3088 3177 3558 3247 μεγαλοπρέπειαν
3586 3181 3750 3248 μόνην

487 3261 558 3316 de
588 3276 654 3316 eo
674 3262 858 3330 agitur
884 3261 1029 3331 quod
1054 3270 1276 3330 superat
1300 3275 1514 3314 omnem
1541 3261 1741 3314 mentis
1763 3261 2071 3329 conceptio-

488 3368 636 3415 nem,
666 3367 761 3421 per
779 3367 842 3408 ea
868 3368 987 3422 quae
1009 3352 1222 3416 dicunt,
1254 3351 1320 3406 de
1341 3351 1559 3406 silentio
1582 3359 1768 3420 aperte
1789 3351 1956 3421 legem
1996 3351 2072 3405 le-

488 3452 638 3500 runt.
663 3443 861 3498 Dicunt
889 3445 1032 3498 enim
1053 3443 1510 3513 :Magniliccntize,
1535 3443 1741 3512 gloriae,
1762 3445 2068 3499 sanctitatis

488 3539 610 3609 ejus
644 3554 753 3593 non
785 3549 870 3594 est
911 3539 1056 3593 linis.
1089 3538 1133 3593 Ο
1173 3539 1530 3592 miraculum!
1566 3537 1850 3604 Quomodo
1893 3543 2070 3594 timuit

488 3632 664 3686 oratio
697 3635 954 3688 accedere
979 3631 1046 3686 ad
1075 3632 1302 3704 gloriam
1338 3631 1506 3685 divini
1539 3632 1809 3693 miraculi,
1847 3633 1981 3688 adeo
2012 3644 2069 3687 ut

490 3739 667 3792 neque
689 3723 922 3792 alicujus
937 3739 1126 3780 eorum
1145 3739 1265 3794 quae
1285 3724 1705 3780 considerantur
1725 3726 2069 3782 extrinsecus

490 3815 967 3886 comprehenderit
1009 3816 1378 3871 miraculum?
1416 3815 1533 3870 Non
1566 3817 1712 3871 enim
1748 3815 1884 3871 dixit
1924 3833 1936 3868 :
1973 3817 2066 3872 Dei

489 3908 745 3962 essentia:
759 3923 876 3961 non
906 3916 992 3963 est
1014 3909 1156 3973 linis;
1179 3908 1360 3962 nimiae
1373 3921 1498 3962 esse
1523 3907 1764 3961 audacia:
1792 3908 2065 3978 judicans,

489 4003 576 4058 vel
609 4002 678 4058 de
705 4017 774 4058 eo
800 4003 1064 4073 cogitare;
1099 4001 1195 4058 sed
1226 4017 1348 4072 qua:
1375 4001 1431 4054 in
1462 4001 1636 4071 gloria
1659 4003 2064 4066 consideratur,

491 4093 680 4149 verbis
701 4093 936 4147 miratur
966 4091 1454 4163 magniﬁcentiam.
1481 4087 1701 4146 Rursus
1728 4105 1858 4146 vero
1891 4107 2068 4160 neque

491 4183 673 4254 ipsius
703 4183 892 4254 gloria:
917 4181 1107 4238 videre
1145 4182 1323 4252 potuit
1349 4182 1695 4237 essentiam:
1737 4181 1834 4236 sed
1876 4182 2067 4235 obstu-

492 4275 616 4346 puit
643 4290 769 4330 cum
822 4275 1240 4330 considerasset
1284 4274 1514 4343 gloriam
1556 4274 1679 4342 ejus
1729 4274 2063 4329 sanctitatis.

491 4368 770 4434 Quantum
792 4381 923 4439 ergo
955 4365 1131 4421 abluit
1163 4373 1221 4419 nt
1247 4365 1468 4420 curiose
1500 4371 1789 4434 quaereret,
1818 4379 2064 4434 quaenam

493 4460 568 4513 sit
593 4467 810 4521 natura,
853 4458 948 4528 qui
986 4457 1240 4510 ultimum
1267 4470 1460 4510 eorum
1487 4470 1611 4525 qua:
1659 4463 1922 4524 apparent
1954 4470 2062 4509 non

2169 3260 2270 3329 τῆς
2301 3260 2459 3330 δόξης
2483 3262 2583 3332 τῆς
2615 3262 2922 3334 ἁγιωσύνης
2965 3263 3242 3334 θαυμάσαι
3275 3265 3625 3338 προθέμενος,
3659 3272 3751 3322 καὶ

2169 3352 2296 3423 περὶ
2319 3352 2380 3405 τὸ
2408 3355 2608 3424 ταύτης
2647 3353 2831 3424 θαῦμα
2877 3357 3158 3427 ἡτόνησεν.
3201 3360 3277 3412 Οὐ
3315 3359 3423 3431 γὰρ
3443 3360 3655 3414 διέλαϐε
3683 3364 3747 3434 τῇ

2167 3440 2374 3513 διανοίᾳ
2401 3443 2494 3496 τοῦ
2524 3443 2940 3515 θαυμαζομένου
2977 3447 3040 3500 τὸ
3085 3449 3277 3521 πέρας.
3318 3452 3410 3504 Διό
3447 3468 3601 3524 φησι·
3639 3453 3750 3523 Τῆς

2167 3532 2340 3603 δόξης,
2391 3534 2490 3601 τῆς
2542 3535 3033 3605 μεγαλοπρεπείας,
3075 3538 3176 3608 τῆς
3230 3541 3538 3612 ἁγιωσύνης
3583 3542 3748 3595 αὐτοῦ

2167 3628 2266 3680 οὐκ
2303 3626 2450 3680 ἐστιν
2501 3627 2692 3698 πέρας.
2722 3628 2928 3682 Οὐκοῦν
2967 3632 3025 3684 ἐν
3058 3634 3171 3695 τοῖς
3211 3634 3342 3704 περὶ
3377 3634 3510 3688 Θεοῦ
3550 3635 3746 3703 λόγοις,

2165 3719 2293 3772 ὅταν
2325 3719 2423 3789 μὲν
2466 3719 2594 3790 περὶ
2645 3720 2746 3790 τῆς
2786 3721 3028 3793 οὐσίαςή
3061 3724 3285 3795 ζήτησις
3321 3721 3410 3796 ἦν,
3439 3725 3629 3796 καιρὸς
3654 3727 3748 3781 τοῦ

2169 3811 2353 3880 σιγᾷν·
2387 3810 2514 3862 ὅταν
2545 3811 2603 3864 δὲ
2635 3812 2762 3882 περί
2812 3829 2955 3876 τινος
3003 3815 3212 3886 ἀγαθῆς
3260 3817 3556 3888 ἐνεργείας,
3597 3813 3667 3890 ἧς
3711 3821 3743 3888 ἠ

2167 3901 2367 3969 γνῶσις
2392 3903 2487 3954 καὶ
2521 3903 2713 3975 μέχρις
2739 3905 2896 3975 ἡμῶν
2923 3907 3259 3971 καταϐαίνει,
3294 3909 3412 3962 τότε
3440 3909 3621 3964 λαλεῖν
3649 3911 3748 3976 τὰς

2165 3991 2499 4059 δυναστείας,
2525 3994 2871 4065 ἐξαγγέλλειν
2905 4001 2974 4052 τὰ
3015 3999 3298 4071 θαύματα,
3337 4002 3642 4072 διηγεῖσθαι
3678 4006 3747 4060 τά

2166 4084 2324 4157 ἔργα,
2355 4085 2544 4156 μέχρις
2569 4087 2760 4141 τούτου
2795 4089 3096 4160 κεχρῆσθαι
3123 4091 3200 4162 τῷ
3228 4093 3390 4164 λόγῳ.
3436 4095 3523 4148 Ἐν
3550 4096 3605 4149 δὲ
3635 4100 3749 4160 τοῖς

2167 4178 2307 4249 ὺπέρ
2327 4177 2584 4232 ἐπέκεινα
2608 4179 2681 4249 μὴ
2711 4179 2917 4247 ἐφιέναι
2938 4184 3003 4251 τῇ
3033 4181 3207 4236 κτίσει
3239 4184 3367 4247 τοὺς
3406 4185 3569 4250 ἰδίους
3590 4187 3748 4258 ὄρους

2166 4268 2456 4333 ἐκϐαίνειν,
2485 4269 2597 4322 ἀλλ’
2630 4271 2848 4341 ἀγαπᾷν
2880 4272 2929 4324 εί
2957 4273 3154 4343 ἐαυτὴν
3183 4273 3318 4344 είδῇ.
3354 4276 3418 4329 El
3454 4276 3606 4330 οὔπω
3637 4278 3746 4350 γὰρ

2167 4361 2326 4429 ἐγνω,
2359 4362 2499 4416 κατά
2525 4379 2588 4431 γε
2627 4362 2715 4415 τὸν
2749 4363 3014 4435 ἡμέτερον
3052 4364 3228 4433 λόγον,
3267 4367 3464 4438 ἑαυτὴν
3490 4371 3524 4438 η
3550 4369 3743 4434 κτίσις,

2165 4453 2284 4506 οὐδὲ
2316 4454 2610 4509 κατέλαϐεν
2633 4453 2720 4508 οἵα
2749 4456 2848 4525 τῆς
2880 4455 3057 4528 ψυχῆς
3091 4458 3124 4528 ή
3163 4458 3338 4522 οὐσία,
3375 4460 3471 4513 τοῦ
3500 4462 3747 4530 σώματος

495 4551 672 4620 potuit
697 4549 960 4604 admirari
985 4548 998 4602 l
1022 4545 1210 4620 Neque
1233 4546 1382 4602 enim
1425 4545 1546 4615 ejus
1579 4547 1930 4601 sanctitatem
1977 4555 2063 4600 est

2167 4547 2200 4616 ἡ
2232 4544 2412 4614 φύσις,
2443 4546 2606 4600 πόθεν
2631 4547 2699 4599 τὰ
2732 4547 2880 4611 ὄντα,
2913 4549 3077 4602 πόθεν
3121 4550 3178 4616 ἐξ
3211 4551 3454 4622 ἀλλήλων
3481 4553 3744 4621 γενέσεις,

492 4639 818 4704 admiratus,
875 4654 1051 4710 neque
1104 4637 1336 4709 gloriam
1394 4637 1728 4700 sanctitatis,
1786 4635 1880 4691 sed
1936 4651 2063 4690 cum

2167 4636 2283 4699 πῶς
2318 4636 2378 4688 τὸ
2418 4636 2492 4708 μὴ
2528 4636 2586 4690 ὃν
2626 4637 2920 4699 οὐσιοῦται,
2963 4640 3082 4702 πῶς
3121 4640 3181 4693 τὸ
3229 4641 3288 4693 ὃν
3331 4644 3408 4704 εἰς
3448 4641 3510 4694 τὸ
3564 4644 3637 4711 μὴ
3682 4643 3748 4694 ὃν

495 4733 808 4790 sanctitatis
829 4730 1000 4784 solam
1024 4726 1129 4782 sibi
1143 4730 1514 4796 proposuisset
1533 4727 1788 4782 admirari
1812 4729 2064 4800 magnifi-

2167 4727 2476 4789 ἀναλύεται,
2513 4729 2598 4791 τίς
2643 4730 2676 4798 ἡ
2726 4730 2790 4782 ἐκ
2830 4729 2937 4782 τῶν
2969 4731 3222 4784 ἐναντίων
3252 4732 3393 4785 κατὰ
3425 4733 3516 4785 τὸν
3549 4734 3748 4801 κόσμον

492 4825 755 4886 centiam,
791 4821 956 4876 etiam
998 4820 1067 4874 ad
1101 4836 1225 4877 eam
1260 4819 1644 4876 admirandam
1669 4821 1815 4876 vires
1847 4821 2064 4878 luerunt

2165 4819 2352 4872 τοῦτον
2387 4819 2738 4890 εὐαρμοστία·
2785 4822 2833 4872 εἰ
2876 4822 3075 4892 ἑαυτὴν
3110 4827 3143 4894 ἠ
3179 4826 3353 4885 κτίσις
3382 4823 3482 4876 οὐκ
3521 4820 3648 4886 οἶδε,
3681 4826 3750 4877 τὰ

493 4913 802 4972 imbecilla.
820 4913 940 4968 Non
961 4913 1105 4970 enim
1123 4911 1542 4982 comprehendit
1556 4911 1888 4982 cogitatione
1905 4913 2064 4968 linem

2167 4910 2304 4981 ὑπὲρ
2349 4910 2544 4979 ἐαυτὴν
2581 4909 2698 4974 πῶς
2751 4911 3108 4981 διηγήσεται;
3160 4909 3367 4965 υύκοῦν
3422 4914 3609 4982 καιρὸς
3653 4914 3746 4966 τοῦ

489 5004 614 5074 ejus
637 5004 782 5074 quod
806 5005 1126 5060 admiratur.
1170 5003 1311 5059 Dicit
1345 5005 1557 5074 itaque:
1575 5004 1794 5066 Gloriae.
1819 5006 2064 5077 magniﬁ-

2170 5001 2342 5055 ταῦτα
2365 5002 2548 5070 σιγᾷν·
2591 5000 2850 5072 κρείττων
2877 5001 2984 5072 γὰρ
3014 5003 3071 5054 ἐν
3096 5001 3302 5065 τούτοις
3328 5004 3360 5074 ἡ
3393 5005 3588 5072 σιωπή.
3615 5005 3748 5054 Και-

489 5097 707 5162 centiae,
729 5097 1044 5153 sanctitatis
1065 5096 1187 5166 ejus
1212 5112 1320 5151 non
1340 5103 1424 5150 est
1452 5096 1595 5151 linis.
1616 5097 1674 5151 ln
1701 5096 1771 5150 iis
1791 5112 1920 5168 ergo
1944 5113 2064 5166 quae.

2176 5095 2265 5165 ρὸς
2292 5093 2348 5146 δὲ
2377 5091 2470 5144 τοῦ
2500 5091 2701 5158 λαλεῖν,
2739 5093 2805 5144 δι’
2846 5086 2920 5146 ὧν
2966 5095 2994 5146 6
3042 5093 3152 5163 βίος
3187 5094 3342 5164 ἡμῶν
3385 5096 3518 5165 πρὸς
3545 5096 3746 5165 ἀρετὴν

491 5188 560 5243 de
592 5187 702 5244 Deo
731 5186 1014 5252 dicuntur.
1060 5186 1284 5257 quando
1323 5186 1594 5256 quaeritur
1623 5187 1844 5255 quidem
1879 5187 1948 5242 de
1977 5203 2064 5244 es-

2169 5186 2494 5251 ἐπιδίδωσιν,
2533 5187 2590 5239 ἐν
2623 5185 2844 5257 Χριστῷ
2879 5186 3052 5256 Ἰησοῦ
3087 5187 3163 5256 τῷ
3211 5188 3398 5257 Κυρίῳ
3440 5187 3614 5258 ἡμῶν,
3714 5188 3748 5256 ἡ

491 5280 691 5345 sentia,
721 5290 808 5336 est
839 5290 1054 5350 tempus
1085 5280 1324 5336 tacendi.
1351 5279 1581 5346 Quando
1613 5288 1796 5333 autem
1822 5279 1890 5334 de
1921 5280 2062 5336 bona

2168 5280 2294 5346 δόξα
2312 5280 2406 5333 καὶ
2419 5279 2480 5332 τὸ
2499 5279 2698 5350 κράτος
2717 5280 2795 5342 εἰς
2813 5278 2940 5342 τοὺς
2957 5279 3158 5342 αἰῶνας
3173 5279 3279 5330 τῶν
3303 5279 3531 5332 αἰώνων.
3552 5278 3746 5349 Ἀμήν.

490 5374 673 5444 aliqua
725 5373 1070 5443 operatione,
1109 5373 1272 5442 cujus
1309 5373 1554 5443 cognitio
1597 5371 1666 5426 ad
1709 5387 1811 5428 nos
1865 5389 2039 5444 usque
2073 5373 2377 5436 descendit,
2423 5379 2556 5425 tunc
2613 5379 2830 5440 tempus
2881 5379 2968 5426 est
3015 5371 3268 5441 loquendi
3322 5369 3613 5440 potentias.
3653 5383 3751 5422 an-

492 5463 780 5519 nuntiandi
835 5464 1131 5530 miracula,
1195 5461 1456 5518 narrandi
1517 5476 1715 5531 opera,
1781 5463 2048 5520 hactenus
2089 5463 2278 5519 utendi
2321 5476 2597 5519 sermone.
2649 5458 2707 5514 In
2776 5459 2846 5515 iis
2903 5472 3085 5516 autem
3154 5477 3276 5531 qua:
3319 5461 3409 5515 illa
3462 5467 3746 5528 superant,

491 5573 604 5615 non
651 5567 738 5614 est
769 5559 1192 5629 permittendum
1226 5566 1497 5614 creaturae
1535 5565 1596 5610 ut
1671 5572 1802 5613 suos
1875 5559 2138 5615 terminos
2177 5567 2420 5628 superet,
2477 5554 2573 5611 sed
2625 5554 2676 5609 ei
2721 5553 2882 5609 debet
2931 5553 3178 5609 sullicere
3222 5555 3267 5608 si
3309 5554 3546 5623 seipsam
3577 5551 3746 5624 norit.

491 5647 629 5704 Nam
670 5649 719 5705 si
766 5649 1008 5709 nondum
1043 5652 1305 5720 seipsam,
1365 5657 1426 5703 ut
1473 5660 1660 5704 nostra
1709 5647 1929 5719 quidem
1965 5650 2070 5704 fert
2109 5649 2315 5721 Opinio,
2359 5648 2513 5704 novit
2572 5652 2850 5718 creatura,
2922 5660 3098 5716 neque
3127 5643 3543 5716 comprehendit
3570 5641 3750 5713 qualis

564 5833 611 5866 ³⁸
637 5832 785 5891 Psal.
817 5851 905 5904 εν,
933 5836 992 5907 2.
1061 5837 1106 5870 ³⁷
1147 5834 1292 5893 Psal.
1325 5852 1400 5905 ix,
1434 5836 1489 5892 2.
1567 5837 1611 5869 ³⁸
1634 5835 1779 5908 Psal.
1807 5851 1984 5902 υλιιγ,
2019 5834 2060 5888 ί.
