4110 6512
399 450 505 509 735
1420 461 1487 517 IN
1528 459 2061 518 ECCLESIASTEN.
2092 458 2379 516 HOMILIA
2423 459 2557 515 Vill.
3537 456 3643 512 7M

400 564 473 619 sit
519 567 1006 641 animaessentia,
1056 573 1234 641 qualis
1282 583 1477 630 natura
1524 577 1795 642 corporis,
1834 575 1978 629 unde
2016 583 2145 630 sunt
2183 590 2245 630 ea
2284 589 2405 645 quae
2470 580 2620 635 sunt,
2673 568 2943 625 undenam
2988 574 3193 623 mutuae
3217 581 3283 623 ex
3314 581 3375 621 se
3407 564 3641 620 invicem

402 654 532 707 [lant
576 660 978 723 generationes,
1017 677 1125 731 quo
1171 675 1333 732 pacto
1379 665 1525 734 quod
1592 681 1703 719 non
1772 672 1858 720 est
1924 664 2295 718 substantiam
2368 662 2623 731 accipiat,
2658 658 3116 729 quemadmodum
3150 658 3201 713 id
3249 657 3393 727 quod
3421 663 3526 721 est,
3585 652 3643 708 in

399 747 452 801 id
485 752 630 819 quod
669 768 774 806 nou
810 765 893 810 est
930 758 1275 813 resolvatur:
1320 777 1569 830 quamam
1604 762 1679 817 sit
1750 778 1813 817 ex
1867 762 2162 815 contrariis
2231 764 2283 814 in
2357 760 2462 813 hoc
2497 760 2703 812 mundo
2738 760 3002 810 continua
3050 756 3377 825 compositio
3417 772 3431 808 :
3473 754 3519 808 si
3560 767 3647 808 se-

401 843 573 913 ipsam
604 863 709 902 non
742 852 893 905 novit
921 862 1191 921 creatura,
1225 872 1345 925 quae
1380 873 1544 928 supra
1582 860 1815 925 seipsam
1856 869 1983 911 sunt
2023 857 2298 927 quomodo
2329 854 2646 911 enarrabit?
2669 854 2907 923 Tempus
2943 858 3026 906 est
3054 867 3183 920 ergo
3244 850 3358 903 hch
3381 847 3636 929 ‘tacendi.

402 932 459 987 In
494 937 577 990 his
624 940 767 993 enim
812 943 1007 997 melius
1048 953 1130 999 est
1177 946 1490 1002 silentium:
1534 956 1747 1017 tempus
1805 957 1985 1003 autem
2022 957 2106 1002 est
2162 949 2227 1001 ea
2276 946 2555 1017 IOquendi,
2615 960 2711 1014 per
2780 960 2901 1013 quae
2948 944 3052 995 vita
3118 951 3301 995 nostra
3343 941 3398 993 in
3445 941 3647 994 virtute

401 1032 627 1101 accipit
668 1035 1101 1103 incrementum,
1154 1039 1210 1095 in
1271 1042 1491 1098 Christo
1551 1042 1680 1099 Jesu
1739 1042 1968 1098 Domino

2068 1050 2222 1104 ωηο,
2251 1041 2341 1096 cui
2368 1040 2540 1112 gloria
2567 1050 2619 1094 et
2651 1039 2889 1109 potentia
2953 1038 3009 1091 in
3071 1036 3267 1090 sarcula
3295 1035 3642 1091 saeculorum.

400 1120 596 1178 Anien.

1008 1221 1249 1273 OMlAIA
1297 1222 1380 1273 H’.

472 1306 611 1375 Κεφ.
654 1313 722 1375 γ’,
771 1310 909 1379 στίχ.
945 1310 1013 1381 η’,
1062 1340 1132 1352 —-
1187 1330 1204 1363 ι
1234 1313 1436 1382 Καιρδς
1463 1314 1554 1367 τοῦ
1592 1314 1836 1385 φιλῆσαι,
1873 1314 1968 1368 καὶ

402 1399 591 1471 καιρὸς
617 1399 707 1452 τοῦ
739 1401 984 1471 μισῆσαι.
1002 1421 1018 1452 ι
1042 1402 1137 1465 Τίς
1165 1402 1273 1473 ἀρα
1302 1401 1471 1467 οὕτως
1500 1404 1651 1457 ἕσται
1675 1407 1773 1475 τὴν
1801 1406 1969 1475 ἀκοὴν

401 1488 828 1560 κεκαθαρμένος,
863 1492 1002 1545 ὥστε
1027 1493 1282 1562 καθαρῶς
1307 1494 1558 1560 δέξασθαι
1591 1496 1681 1549 τὸν
1711 1496 1840 1565 περὶ
1874 1495 1968 1548 τοῦ

402 1581 620 1651 φιλῆσαι
666 1582 856 1651 λόγον,
904 1585 1068 1654 μηδὲν
1116 1585 1216 1654 τῆς
1266 1586 1515 1655 ρυπαρᾶς
1570 1585 1748 1654 φιλίας
1791 1586 1970 1656 ἑαυτῷ

403 1675 818 1747 συνεισφέροντα
837 1695 852 1741 ;
877 1678 1028 1748 Τάχα
1054 1678 1146 1730 καὶ
1164 1678 1231 1731 τὰ
1250 1680 1493 1748 ἡμέτερα
1518 1672 1629 1731 ὦτα
1651 1679 1840 1749 χρῄζει
1862 1680 1970 1732 τῶν

400 1757 680 1814 δακτύλων
735 1762 949 1833 Ἰησοῦ,
1000 1765 1085 1817 ίνα
1136 1766 1222 1818 διὰ
1266 1767 1365 1834 τῆς
1417 1766 1566 1829 θείας
1610 1768 1824 1836 ἐπαφῆς
1874 1767 1969 1820 τοῦ

400 1849 656 1921 ἀληθινοῦ
685 1851 881 1921 Λόγου,
925 1854 1258 1927 ὲλευθερωθῇ
1292 1857 1491 1920 παντὸς
1522 1856 1717 1929 ῥύπου,
1749 1858 1841 1910 τοῦ
1871 1858 1969 1930 τὴν

401 1940 568 2012 ἀκοὴν
600 1943 1024 2013 ἐμφράσσοντος,
1069 1947 1101 2015 ή
1147 1946 1442 2018 ἀκουστικὴ
1468 1948 1567 2017 τῆς
1596 1948 1771 2019 ψυχῆς
1811 1948 1968 2017 ἡμῶν

398 2031 661 2103 δύναμιςο
706 2034 844 2087 ὥστε
890 2038 983 2088 καὶ
1028 2038 1266 2090 συνιέναι
1315 2039 1413 2109 τὴν
1459 2040 1741 2110 ἐπαινετὴν
1769 2040 1967 2107 φιλίαν,

401 2124 494 2177 καὶ
514 2127 578 2195 τῇ
604 2124 744 2197 ψυχῇ
779 2128 1198 2197 παραδέξασθαι,
1231 2130 1314 2193 τίς
1343 2131 1371 2182 ὁ
1398 2131 1586 2200 καιρὸς
1604 2131 1696 2183 τοῦ
1720 2130 1965 2199 φιλῆσαι,

398 2216 493 2268 καὶ
524 2216 608 2278 τίς
632 2219 659 2269 ὁ
685 2217 872 2288 καιρὸς
910 2219 1003 2271 τοῦ
1040 2221 1283 2292 μισῆσαι.
1334 2223 1448 2273 Οὐκ
1477 2218 1628 2291 οἶμαι
1661 2220 1844 2274 τοῦτον
1877 2221 1971 2275 ἀλ-

398 2304 486 2359 λον
509 2301 646 2358 εἶναι
676 2308 863 2378 καιρὸν
894 2308 1031 2379 πλὴν
1060 2309 1154 2362 τοῦ
1198 2312 1581 2382 συμφέροντος.
1645 2313 1706 2365 Ἠ
1735 2313 1843 2382 γὰρ
1874 2311 1967 2380 ἀφ’

398 2396 659 2467 ἑκατέρου
692 2399 895 2451 τούτων
924 2398 1179 2467 ὠφέλεια,
1214 2401 1354 2453 κατά
1382 2417 1444 2469 γε
1478 2402 1577 2470 τὴν
1597 2401 1733 2472 ἐμὴν
1763 2404 1963 2473 κρίσιν,

396 2490 429 2559 ὴ
465 2489 715 2561 εὐκαιρία
759 2491 857 2561 τῆς
895 2493 1140 2562 χρήσεως
1166 2492 1488 2563 ἀμφοτέρων
1520 2494 1698 2545 ἐστίν·
1743 2494 1819 2556 ὼς
1850 2495 1965 2562 εἴγε

397 2580 501 2644 ἔξω
543 2581 636 2633 τοῦ
667 2581 1062 2646 λυσιτελοῦντος
1088 2583 1322 2652 γίνοιτο,
1372 2585 1475 2647 ἔξω
1522 2585 1589 2638 ἂν
1622 2586 1704 2655 είη
1751 2586 1964 2640 καὶτοῦ
2001 2576 2039 2628 Β

396 2672 587 2743 καιροῦ
635 2674 697 2727 τὸ
741 2675 1022 2745 γινόμενον
1049 2693 1064 2708 ο
1100 2677 1361 2747 πρότερον
1402 2677 1458 2730 δὲ
1503 2677 1620 2747 μὲν,
1650 2674 1825 2748 οἶμαι,
1858 2680 1964 2750 χρὴ

395 2763 583 2834 νοῆσαι
630 2765 738 2817 τῶν
771 2764 863 2818 δύο
904 2767 1106 2820 τούτων
1144 2770 1403 2838 ῥημάτων
1439 2769 1500 2820 τὸ
1546 2771 1962 2840 σημαινόμενον,

394 2854 487 2908 τοῦ
519 2856 740 2925 φιλῆσαι
764 2856 903 2925 λέγω
933 2858 1027 2910 καὶ
1058 2858 1153 2911 τοῦ
1181 2859 1427 2928 μισῆσαι,
1457 2860 1521 2913 ἵν’
1550 2860 1722 2923 οὕτως
1750 2862 1843 2914 καὶ
1864 2863 1964 2933 τὴν

394 2944 648 3016 εὔκαιρον
704 2948 883 3000 αὐτῶν
939 2952 1133 3020 χρῆσιν
1195 2948 1272 3020 τῷ
1322 2950 1462 3021 λόγῳ
1519 2954 1959 3022 κατανοήσωμεν.

394 3035 618 3106 Φίλτρυν
651 3037 797 3089 ἐστὶν
827 3039 861 3109 ἡ
890 3038 1190 3101 ἐνδιάθετος
1222 3040 1348 3109 περὶ
1385 3040 1444 3092 τὸ
1473 3041 1806 3110 καταθύμιον
1845 3042 1966 3111 σχέ-

398 3124 482 3189 σις
510 3126 577 3180 δι’
608 3127 803 3198 ἡδονῆς
830 3129 923 3182 καὶ
949 3130 1316 3200 προσπαθείας
1345 3133 1710 3202 ἐνεργουμένη
1745 3149 1759 3162 ·
1809 3137 1963 3203 μῖσος

394 3217 452 3269 δὲ
479 3219 512 3288 ἡ
542 3218 677 3289 πρὸς
709 3219 769 3272 τὸ
793 3220 953 3291 ἀηδὲς
977 3221 1325 3292 ἀλλοτρίωσις
1357 3224 1449 3275 καὶ
1474 3225 1506 3294 ἡ
1541 3223 1634 3276 τοῦ
1669 3224 1964 3289 λυποῦντος

394 3306 729 3380 ἀποστροφή.
782 3312 934 3364 Ἔστι
960 3313 1015 3365 δὲ
1047 3312 1249 3365 τούτων
1276 3314 1511 3385 ἑκατέρᾳ
1538 3315 1646 3367 τῶν
1671 3315 1963 3368 διαθέσεων

393 3398 487 3450 καὶ
512 3397 801 3464 λυσιτελῶς
833 3402 925 3453 καὶ
956 3404 1048 3455 ἐπὶ
1095 3402 1203 3457 τῶν
1230 3405 1482 3457 ἐναντίων
1512 3406 1839 3475 χρήσασθαι,
1870 3409 1964 3459 καὶ

395 3489 582 3561 ὥσπερ
630 3492 738 3554 πᾶς
776 3494 804 3544 ὁ
851 3494 971 3545 κατ’
1008 3493 1207 3565 ἀρετὴν
1240 3495 1351 3565 βίος
1382 3496 1629 3550 ἐντεῦθεν
1664 3496 1764 3569 τὴν
1791 3498 1962 3568 ἀρχὴν

392 3578 525 3650 ἔχει.
566 3582 735 3634 Ὅπου
774 3581 882 3653 γὰρ
916 3583 982 3635 ἂν
1018 3585 1309 3656 τῇηάγάπῃ
1342 3586 1615 3656 ρέψωμεν,
1644 3589 1818 3641 έκεῖνο
1844 3592 1964 3652 ταῖς

392 3671 591 3741 ψυχαῖς
631 3674 1016 3743 οἰκειούμεθα,
1068 3678 1161 3729 καὶ
1208 3679 1344 3748 πρὸς
1379 3680 1513 3750 ὅπερ
1549 3679 1615 3733 ἂν
1661 3681 1965 3752 μισητικῶς

392 3763 742 3834 διατεθῶμεν,
775 3766 961 3818 τούτου
1009 3766 1452 3840 ἀλλοτριούμεθα.
1511 3772 1635 3825 Ehe
1680 3773 1790 3844 γάρ
1828 3774 1963 3845 πρὸς

392 3855 454 3909 τδ
479 3857 661 3921 καλὸν,
709 3858 820 3909 εἴτε
870 3858 1004 3929 πρὸς
1035 3860 1094 3911 τὸ
1138 3862 1304 3914 κακὸν
1335 3864 1368 3933 ἡ
1396 3863 1497 3932 τῆς
1526 3863 1705 3934 ψυχῆς
1742 3865 1963 3935 γένηται

396 3950 597 4019 σχέσις,
626 3927 1017 4020 κατακιρνᾶταί
1060 3967 1177 4015 πως
1212 3955 1278 4024 τῇ
1309 3927 1465 4025 ψυχῇ-
1489 3927 1552 4008 τό
1578 3927 1962 4027 ἀγαπῶμενον.
1994 3927 2034 3983 C

394 4040 463 4093 ὐ
487 4058 541 4093 τι
570 4040 614 4093 δ’
648 4040 713 4094 ἂν
737 4042 822 4110 εῐη
850 4042 944 4094 καὶ
973 4044 1107 4113 ὅπερ
1138 4043 1205 4097 ἂν
1233 4046 1563 4119 παρεμπέσῃ
1595 4047 1683 4099 διὰ
1715 4049 1877 4118 μέσου
1907 4049 1967 4101 τὸ

397 4132 573 4201 μῖσος,
603 4132 793 4186 τούτου
828 4132 918 4187 τὸν
964 4136 1242 4207 χωρισμὸν
1276 4138 1697 4207 κατειργάσατο,
1725 4141 1835 4193 εἶτε
1868 4140 1964 4194 τοῦ

394 4221 581 4289 καλοῦ,
631 4222 741 4276 εῐτε
794 4223 887 4277 τοῦ
935 4227 1195 4298 χείρονος.
1248 4227 1457 4281 Οὐκοῦν
1494 4230 1854 4285 ἐπισκεπτέον
1901 4232 1969 4286 ἂν

393 4313 502 4384 εἴη,
535 4313 588 4367 τί
618 4314 717 4384 μὲν
761 4316 1062 4386 ἀγαπητὸν,
1087 4318 1139 4370 τί
1174 4318 1229 4371 δὲ
1259 4319 1480 4388 μισητόν
1523 4321 1637 4372 ἐστι
1677 4323 1742 4392 τῇ
1786 4321 1965 4389 φύσει,

393 4404 469 4467 ὡς
499 4405 565 4459 ἂν
596 4407 654 4460 ἓν
684 4406 857 4479 καιρῷ
889 4412 954 4479 τῇ
988 4409 1209 4481 τοιαύτῃ
1239 4411 1338 4480 τῆς
1364 4410 1543 4481 ψυχῆς
1566 4412 1804 4465 διαθέσει
1831 4429 1967 4483 χρη-

395 4493 650 4565 σάμενοι,
699 4496 808 4549 τῶν
855 4514 914 4550 τε
961 4497 1147 4551 κακῶν
1193 4499 1461 4570 ἀλλότριοι
1510 4500 1599 4552 διὰ
1644 4499 1738 4552 τοῦ
1777 4501 1967 4569 μίσους

392 4587 683 4658 γενοίμεθα
716 4589 808 4641 καὶ
838 4592 901 4660 τῇ
933 4591 1091 4658 φύσει
1117 4590 1226 4645 τῶν
1254 4591 1472 4659 ἀγαθῶν
1500 4591 1831 4662 συγκραθείη
1842 4609 1962 4662 μεν.

392 4676 505 4730 Καὶ
539 4677 651 4730 εἴθε
696 4679 852 4731 τοῦτο
886 4680 990 4750 πρὸ
1018 4680 1232 4733 πάντων
1275 4681 1308 4750 ἡ
1341 4680 1448 4733 τῶν
1473 4679 1774 4752 ἀνθρώπων
1806 4683 1964 4733 ἐπαι-

391 4769 574 4822 δεύετο
602 4770 782 4840 φύσις,
819 4773 897 4834 είς
922 4771 1020 4842 τὴν
1049 4771 1140 4824 τοῦ
1176 4772 1341 4825 καλοῦ
1370 4772 1531 4841 λέγω,
1561 4773 1654 4825 καὶ
1688 4772 1761 4842 μὴ
1790 4771 1963 4826 τοιού-

391 4877 485 4914 του
522 4861 826 4933 διάκρισινῑ
857 4862 931 4914 Οὐ
966 4862 1073 4932 γὰρ
1106 4862 1171 4914 ἂν
1203 4862 1358 4931 ἔσχεν
1401 4862 1631 4933 πάροδον
1679 4862 1823 4914 κατά
1864 4862 1966 4932 τῆς

392 4952 537 5024 ζωῆς
564 4952 719 5024 ήμῶν
746 4953 815 5006 τὰ
840 4953 1006 5024 πάθη,
1037 4956 1085 5006 εί
1107 4953 1165 5018 ἐξ
1194 4954 1363 5024 ἀρχῆς
1392 4952 1454 5006 τὸ
1474 4953 1636 5005 καλὸν
1665 4952 1965 5023 ἐγνωρίσα-

396 5062 511 5115 μεν.
557 5045 692 5098 Novi.
722 5045 780 5099 δὲ
809 5046 904 5116 τὴν
936 5045 1127 5113 ἄλογον
1156 5045 1407 5113 αἴσθησιν
1439 5044 1533 5096 τοῦ
1563 5043 1727 5097 καλοῦ
1771 5047 1958 5116 κριτής

396 5155 507 5208 ριον
531 5137 682 5206 παρὰ
719 5138 816 5208 τὴν
841 5138 1064 5209 πρώτην
1095 5137 1425 5208 ποιούμενοι,
1463 5155 1586 5190 συντ
1598 5136 1869 5207 ρεφόμεθα
1895 5139 1961 5207 τῇ

1996 1229 2047 1286 Δ

2621 1211 2906 1267 HOMILIA
2948 1212 3081 1268 Vlll.

2142 1308 2273 1363 Car.
2308 1305 2394 1371 lll,
2427 1322 2479 1359 v.
2505 1306 2557 1358 8.
2606 1324 2623 1356 ι
2662 1304 2900 1374 Tempus
2934 1305 3173 1364 amandi,
3207 1312 3260 1359 et
3282 1312 3496 1373 tempus
3517 1304 3645 1359 odio

2072 1402 2331 1456 habendi.
2370 1420 2388 1452 ι
2454 1399 2590 1465 Quis
2646 1398 2750 1453 erit
2792 1398 2928 1452 adeo
2976 1398 3223 1467 purgatis
3280 1396 3526 1460 auribus,
3582 1406 3644 1450 ut

2072 1510 2207 1565 pure
2238 1494 2471 1562 accipiat
2501 1493 2549 1546 id
2599 1492 2743 1561 quod
2783 1491 2988 1544 dicitur
3027 1490 3091 1544 de
3127 1489 3382 1552 amando,
3415 1490 3641 1543 obsceni

2072 1586 2277 1640 amoris
2310 1584 2447 1637 nihil
2496 1597 2680 1636 secum
2718 1580 2987 1635 alTerens?
3021 1580 3278 1634 Fortasse
3321 1587 3499 1632 autem
3542 1594 3643 1634 no-

2071 1685 2198 1732 stra:
2220 1692 2383 1730 aures
2413 1675 2770 1754 opus‘habent
2796 1672 2981 1743 digitis
3010 1671 3161 1735 Jesu,
3198 1682 3253 1725 ut
3280 1687 3376 1742 per
3397 1670 3640 1725 divinum

2073 1766 2233 1823 Verbi
2269 1772 2583 1821 contactum
2613 1764 2681 1817 ab
2714 1765 2858 1816 omni
2893 1763 3072 1828 sorde,
3116 1779 3235 1833 quae
3272 1765 3510 1817 obstruit
3538 1776 3640 1816 au-

2074 1859 2269 1919 ditum,
2305 1859 2573 1913 liberetur
2598 1857 2681 1917 vis
2712 1856 2968 1910 audiendi
2998 1866 3197 1911 nostra:
3226 1856 3422 1908 animae
3456 1874 3468 1909 :
3504 1865 3562 1908 ut
3590 1863 3643 1909 et

2073 1949 2399 2004 laudabilem
2458 1948 2724 2017 intelligat
2778 1962 3043 2009 amorem,
3092 1954 3146 2001 et
3181 1947 3362 2000 anima
3410 1945 3643 2015 accipiat

2072 2041 2345 2110 quodnam
2380 2040 2451 2095 sit
2494 2048 2709 2108 tempus
2738 2037 2980 2100 amandi,
3028 2045 3081 2091 et
3125 2036 3272 2107 quod
3314 2038 3385 2090 sit
3425 2043 3642 2104 tempus

2071 2134 2195 2187 odio
2220 2131 2471 2186 habendi.
2493 2128 2610 2183 Non
2632 2139 2760 2200 puto
2781 2136 2959 2183 autem
2986 2128 3089 2182 hoc
3113 2127 3256 2181 aliud
3284 2143 3406 2182 esse
3428 2137 3642 2195 tempus

2070 2233 2431 2296 praeterquam
2486 2224 2605 2291 ejus
2647 2223 2794 2291 quod
2850 2219 3129 2276 est'utile.
3191 2221 3323 2285 Qua:
3371 2220 3517 2273 enim
3575 2234 3642 2272 ex

2069 2326 2303 2386 utroque
2333 2329 2521 2370 eorum
2567 2313 2785 2382 capitur
2814 2312 3045 2377 utilitas,
3094 2327 3214 2365 meo
3243 2311 3460 2381 quidem
3495 2308 3643 2380 judi-

2068 2411 2174 2473 cio,
2199 2416 2282 2462 est
2335 2408 2617 2460 amborum
2662 2422 2798 2460 usus
2847 2406 3250 2475 Opportunitas.
3302 2402 3438 2457 Nam
3484 2404 3530 2457 si
3568 2403 3643 2456 ita

2070 2499 2186 2563 ﬁat,
2229 2507 2289 2552 ut
2334 2498 2406 2552 sit
2461 2504 2729 2551 remotum
2790 2497 2859 2551 ab
2905 2496 3164 2559 utilitate,
3228 2506 3381 2548 extra
3427 2501 3643 2563 tempus

2070 2590 2233 2643 etiam
2284 2588 2448 2641 luerit
2483 2588 2535 2641 id
2576 2586 2722 2655 quod
2773 2587 2855 2642 ﬁt.
2893 2586 3067 2655 Atque
3119 2586 3273 2654 prius
3300 2584 3543 2654 quidem,
3585 2592 3646 2637 ut

2070 2680 2285 2749 opinor,
2319 2679 2727 2749 intelligendum
2759 2687 2844 2734 est
2875 2678 3241 2749 significatum
3271 2677 3467 2729 horum
3506 2675 3646 2728 duo-

2069 2790 2192 2829 rum
2222 2774 2535 2835 verborum,
2572 2771 2816 2835 amandi,
2850 2772 3162 2842 inquam,et
3194 2769 3439 2826 odiendi.
3471 2776 3530 2822 ut
3563 2770 3646 2824 sic

2070 2865 2236 2921 etiam
2268 2872 2638 2933 opportunum
2671 2878 2862 2917 eorum
2897 2878 3056 2917 usum
3099 2863 3286 2916 verbis
3325 2860 3641 2915 considere-

2070 2971 2214 3010 mus.
2247 2954 2414 3008 Amor
2437 2961 2523 3009 est
2551 2954 2888 3009 intrinsecus
2914 2953 3081 3007 insita
3114 2952 3167 3005 in
3201 2952 3252 3005 id
3285 2951 3433 3020 quod
3462 2951 3646 3005 animo

2068 3046 2495 3114 estjucundum,
2531 3044 2816 3106 habitudo,
2841 3059 3076 3114 operans
3106 3059 3204 3112 per
3226 3043 3561 3111 voluptatem
3592 3050 3647 3096 et

2070 3136 2513 3190 delectationem.
2546 3133 2740 3188 Odium
2792 3143 2973 3188 autem
3030 3142 3115 3189 est
3161 3134 3420 3188 alienatio
3464 3133 3533 3187 ab
3578 3147 3647 3187 eo

2069 3226 2215 3294 quod
2259 3232 2345 3279 est
2384 3225 2767 3292 injucundum,
2797 3233 2850 3277 et
2896 3224 3109 3277 aversio
3146 3222 3215 3276 ab
3243 3237 3307 3276 eo
3339 3221 3485 3291 quod
3530 3236 3648 3275 mo-

2069 3318 2225 3373 lestia
2260 3317 2442 3370 allicit.
2479 3315 2782 3370 Possumus
2815 3325 2995 3369 autem
3035 3324 3267 3380 utraque
3292 3316 3484 3367 harum
3511 3311 3644 3367 aﬂ'e-

2069 3410 2314 3462 ctionum
2358 3416 2412 3461 et
2468 3406 2677 3460 utiliter
2723 3406 2825 3468 uti,
2874 3416 2928 3460 et
2958 3417 3168 3468 contra,
3230 3417 3283 3460 et
3319 3413 3378 3458 ut
3416 3419 3537 3474 quae
3578 3419 3645 3459 ex

2067 3501 2272 3555 virtute
2303 3498 2415 3553 vita
2447 3498 2628 3568 agitur
2648 3498 2778 3551 hinc
2813 3498 2975 3552 habet
2997 3497 3352 3567 principium.
3391 3496 3471 3550 Ad
3498 3497 3644 3566 quod

2069 3592 2215 3647 enim
2240 3604 2427 3645 amore
2459 3588 2727 3643 fuerimus
2752 3590 3032 3658 propensi,
3078 3588 3151 3640 illi
3186 3587 3559 3642 familiaritate
3583 3601 3646 3640 ac

2068 3684 2479 3741 necessitudine
2539 3683 2722 3737 animo
2772 3683 3199 3752 conjungimur,
3255 3690 3309 3735 et
3366 3680 3431 3734 ad
3498 3684 3645 3751 quod

2070 3778 2197 3833 odio
2223 3777 2402 3832 allecti
2445 3791 2657 3840 sumus,
2695 3776 2762 3829 ab
2795 3789 2861 3830 eo
2895 3775 3218 3829 alienantur.
3251 3771 3384 3825 Nam
3426 3773 3539 3826 sive
3569 3773 3638 3826 ad

2070 3870 2307 3931 bonum,
2343 3868 2457 3922 sive
2485 3866 2552 3920 ad
2588 3865 2789 3918 malum
2831 3864 2992 3919 fuerit
3026 3864 3220 3916 anima:
3256 3862 3539 3923 habitudo,
3572 3864 3628 3915 in

2069 3962 2248 4014 anima
2279 3955 2685 4026 quodammodo
2710 3955 2974 4010 miscetur
3005 3953 3149 4022 quod
3176 3953 3440 4021 diligitur.
3473 3951 3643 4015 Quid-

2067 4048 2199 4118 quid
2250 4057 2433 4101 autem
2487 4045 2674 4107 fuerit,
2710 4052 2765 4098 et
2807 4043 2895 4098 cui
2938 4042 3328 4096 intermedium
3372 4041 3642 4095 interces-

2069 4140 2207 4193 serit
2238 4136 2448 4195 odium,
2483 4135 2604 4202 ejus
2638 4133 2766 4187 facit
2801 4132 3229 4202 separationem,
3256 4144 3356 4184 seu
3386 4130 3510 4183 boni
3546 4144 3643 4184 seu

2068 4230 2219 4284 mali.
2267 4230 2362 4283 Est
2414 4242 2544 4297 ergo
2584 4223 3047 4281 considerandum
3100 4222 3231 4292 quid
3286 4223 3359 4277 sit
3417 4221 3643 4289 quidem

2069 4321 2388 4384 amandum,
2419 4320 2550 4389 quid
2579 4334 2710 4373 vero
2741 4319 2813 4373 sit
2846 4332 2875 4370 a
2917 4324 3113 4370 natura
3149 4316 3274 4370 odio
3310 4314 3641 4377 habendum,

2069 4419 2128 4466 ut
2164 4413 2219 4466 in
2248 4419 2495 4481 tempore
2525 4417 2745 4465 utentes
2798 4408 2902 4462 hac
2943 4407 3114 4461 animi
3164 4405 3474 4467 atl‘ectione,
3526 4412 3581 4460 et
3612 4420 3643 4459 a

2067 4505 2226 4559 malis
2273 4503 2437 4557 alieni
2488 4502 2792 4558 evadamus
2836 4515 2933 4569 per
2963 4500 3172 4563 odium,
3206 4508 3418 4552 etcum
3467 4496 3644 4551 bonoa

2066 4610 2186 4648 rum
2234 4603 2431 4648 natura
2484 4600 2982 4659 contemperemur.
3027 4588 3092 4642 Et
3125 4588 3332 4641 utinam
3383 4586 3485 4641 hoc
3518 4595 3646 4641 ante

2064 4686 2248 4739 omnia
2297 4685 2581 4738 hominum
2631 4683 2927 4737 doceretur
2960 4688 3181 4743 natura,
3224 4680 3291 4733 ad
3323 4680 3647 4733 discernen-
3677 4670 3695 4688 ⁸

2062 4775 2213 4839 dum,
2248 4776 2492 4845 inquam,
2524 4775 2727 4827 bonum
2763 4780 2818 4826 et
2854 4773 3166 4835 honestum,
3190 4779 3242 4824 et
3274 4770 3327 4823 id
3352 4771 3497 4839 quod
3533 4785 3644 4823 non

2061 4874 2145 4921 est
2169 4866 2477 4934 ejusmodi!
2513 4862 2634 4916 Non
2675 4863 2821 4916 enim
2851 4862 2918 4915 ad
2954 4863 3119 4914 vitam
3155 4870 3399 4914 nostram
3435 4860 3643 4914 aditum

2061 4955 2327 5009 baberent
2356 4954 2523 5007 animi
2557 4952 3022 5022 perturbationes,
3059 4952 3105 5005 si
3143 4950 3196 5003 id
3218 4950 3365 5019 quod
3405 4961 3489 5004 est
3524 4951 3627 5005 bo-

2062 5063 2193 5102 num
2246 5062 2537 5101 nossemus
2593 5046 2662 5097 ab
2710 5044 2890 5098 initio.
2962 5041 3121 5095 Nunc
3172 5050 3355 5096 autem
3419 5056 3640 5096 sensum

2062 5147 2341 5208 expertem
2376 5137 2629 5199 rationis,
2657 5135 2898 5201 iudicem
2928 5134 3054 5188 boni
3078 5143 3132 5188 et
3159 5134 3372 5188 honesti
3402 5134 3641 5202 primum

391 5229 512 5283 κατ’
544 5229 716 5301 ἀρχὰς
765 5231 1085 5303 ὲγγινομένῃ
1124 5230 1389 5301 περὶτῶν
1436 5229 1602 5283 ὄντων
1642 5230 1838 5294 κρίσει,
1869 5230 1963 5282 καὶ

2069 5230 2354 5297 facientes,
2388 5228 2553 5283 simul
2586 5229 2786 5281 alimur
2816 5239 2941 5279 cum
2975 5240 3041 5278 eo
3069 5225 3280 5294 judicio
3316 5225 3384 5279 de
3423 5224 3491 5278 iis
3522 5239 3643 5292 quae

392 5319 584 5373 τούτου
619 5319 777 5390 χάριν
810 5321 1274 5384 δυσαποσπάστως
1310 5320 1507 5391 ἔχομεν
1534 5319 1639 5372 τῶν
1668 5322 1734 5390 τῇ
1770 5319 1963 5391 αἰσθή-

394 5427 475 5463 σει
501 5409 861 5479 νομισθέντων
891 5405 1029 5462 εῐναι
1052 5409 1252 5472 καλῶν,
1286 5410 1493 5471 ἑαυτοῖς
1519 5406 1616 5477 τὴν
1644 5406 1771 5476 περὶ
1790 5404 1962 5459 ταῦτα

394 5503 577 5575 σχέσιν
604 5505 669 5574 τῇ
706 5501 1002 5573 συντροφία
1035 5502 1378 5573 ποιήσαντες.

461 5773 641 5829 Καλδν
677 5772 920 5843 φαίνεται
961 5774 1074 5837 τοῖς
1113 5772 1421 5843 ἀνθρώποις
1450 5772 1480 5826 ὅ
1517 5772 1813 5843 ὀφθαλμοῖς
1840 5790 1961 5826 τινα

394 5866 585 5937 ἡδονὴν
614 5865 702 5919 διὰ
726 5868 825 5936 τῆς
852 5863 1102 5937 εύχροίας
1128 5864 1421 5936 ἑντίθησιν,
1453 5863 1562 5919 εἴτε
1589 5867 1647 5920 ὲν
1679 5868 1744 5937 τῇ
1767 5864 1960 5936 ἀψύχῳ

2069 5330 2219 5381 sunt,
2270 5319 2417 5389 quod
2466 5319 2611 5373 inest
2654 5333 2684 5370 a
2734 5314 3029 5386 principio,
3077 5324 3132 5368 et
3184 5314 3305 5367 ideo
3355 5311 3645 5365 dilIiculter

2069 5413 2359 5467 avellimur
2402 5412 2471 5466 ab
2510 5412 2578 5465 iis
2613 5426 2737 5479 quae
2784 5410 2925 5463 bona
2965 5423 3087 5462 esse
3130 5420 3329 5460 sensus
3357 5403 3644 5457 existima-

2062 5505 2162 5565 vit,
2212 5511 2272 5557 ut
2317 5502 2410 5571 qui
2470 5503 2680 5556 firmam
2727 5515 2792 5554 ac
2835 5498 3087 5554 stabilem
3135 5495 3297 5550 nobis
3342 5494 3643 5549 fecerimus

2066 5598 2469 5659 habitudinem,
2530 5612 2595 5651 eo
2649 5593 2795 5665 quod
2840 5608 2963 5647 cum
3019 5591 3089 5646 iis
3140 5588 3303 5644 simul
3352 5587 3538 5642 educti
3588 5595 3643 5643 et

2064 5690 2288 5744 enutriti
2319 5704 2531 5745 sumus.

2137 5780 2430 5834 Pulchrum
2473 5778 2691 5832 videtur
2739 5772 3078 5838 hominibus,
3122 5769 3271 5842 quod
3325 5769 3506 5847 oculis
3542 5783 3642 5841 per

2066 5872 2270 5929 bonum
2304 5871 2543 5926 colorem
2587 5866 2744 5923 affert
2774 5865 3110 5935 voluptatem
3148 5862 3266 5920 sive
3305 5862 3360 5920 in
3395 5861 3635 5919 inanima
