4116 6544
520 421 625 482 735

1757 435 1816 490 S.
1839 433 2166 492 GREGORII
2192 433 2485 494 NYSSENI

3679 429 3784 483 756

517 533 774 601 materia,
805 533 923 591 sive
947 534 1003 590 in
1033 534 1295 595 animatis
1327 541 1681 610 spectaculis.
1715 543 1940 600 Auditui
1976 549 2100 617 pul-

2204 547 2327 621 ὕλῃ,
2358 550 2467 603 εἴτε
2497 547 2556 600 ἐν
2582 548 2694 610 τοῖς
2729 544 2993 616 ἐμψύχοις
3025 541 3282 614 θεάμασι.
3316 541 3496 596 Καλὸν
3529 543 3596 613 τῇ
3642 544 3780 615 ἀκοῇ

518 629 653 682 chra
701 644 791 684 res
827 637 912 683 est
960 628 1218 684 melodia.
1261 631 1317 687 In
1367 634 1662 704 saporibus
1698 652 1920 708 quoque
1960 642 2102 696 etin

517 719 784 775 odoribus
832 719 1106 790 ejusmodi
1149 722 1358 778 bonum
1415 740 1481 779 ac
1526 727 1822 796 pulchrum
1871 730 2100 795 deﬁnit,

519 808 654 864 illud
687 809 909 880 quidem
950 820 1168 881 gustus,
1205 813 1311 869 hoc
1344 831 1476 870 vero
1519 817 1804 874 odoratus.
1846 818 2100 877 Omnium

517 911 700 956 autem
737 903 1152 972 gravissimum,
1187 917 1244 961 et
1273 922 1303 960 a
1331 909 1545 966 ratione
1580 912 1983 969 alienissimum
2017 927 2103 971 est

517 999 724 1055 tactus,
757 1008 853 1062 per
878 1009 1042 1064 quem
1073 995 1452 1066 intemperans
1481 1000 1756 1071 voluptas,
1785 1003 1840 1057 in
1865 1020 1931 1060 eo
1953 1008 2100 1076 quod

517 1083 810 1152 pulchrum
849 1093 935 1140 est
969 1085 1350 1155 dijudicando,
1404 1092 1612 1160 primas
1651 1095 1797 1165 apud
1841 1105 2097 1152 naturam

517 1181 709 1242 partes
731 1185 897 1230 tenet.
923 1175 1195 1242 Quoniam
1219 1195 1349 1250 ergo
1373 1196 1572 1240 sensus
1592 1200 1717 1240 cum
1744 1189 2101 1244 nascentibus

517 1263 683 1320 nobis
718 1267 906 1325 statim
951 1267 1230 1335 oriuntur,
1272 1282 1482 1328 etcum
1530 1275 1612 1331 eis
1661 1277 1718 1332 in
1762 1279 1942 1349 primo
1976 1281 2101 1334 vita:

517 1353 680 1440 initio
731 1357 916 1412 statim
970 1375 1290 1429 versamur;
1322 1364 1378 1419 vi
1421 1373 1604 1422 autem
1654 1371 1926 1426 sentiendi
1972 1389 2097 1426 cum

517 1445 632 1499 vita
667 1462 699 1501 a
740 1449 958 1507 ratione
989 1453 1169 1508 aliena
1201 1470 1399 1526 magna
1439 1465 1525 1512 est
1559 1457 1946 1518 familiaritas:
1970 1479 2098 1519 om-

520 1538 612 1592 nia
657 1540 805 1596 enim
853 1543 1123 1614 ejusmodi
1177 1555 1485 1603 cernuntur
1523 1550 1690 1606 etiam
1746 1553 1804 1608 in
1853 1553 2094 1610 bestiis:

520 1647 678 1686 mens
716 1643 896 1690 autem
931 1638 1338 1707 quodammodo
1360 1640 1655 1710 impeditur
1689 1658 1721 1698 a
1773 1659 1873 1699 sua
1902 1661 2099 1716 opera-

520 1721 694 1782 tione.
732 1733 793 1778 ut
839 1744 1005 1796 quam
1033 1745 1143 1784 non
1182 1731 1365 1800 capiat
1396 1731 1654 1799 infantia,
1700 1742 1755 1789 et
1785 1737 1966 1808 aliqua
2012 1754 2096 1794 ra-

525 1814 1031 1895 tioneexprimitur
1059 1837 1090 1875 a
1119 1822 1404 1878 dominatu
1430 1841 1640 1882 sensus
1670 1829 1764 1897 qui
1789 1838 1876 1884 est
1900 1847 2096 1902 expers

521 1909 759 1965 rationis
784 1928 797 1965 :
823 1920 1111 1982 propterea
1143 1914 1318 1970 falsus
1353 1925 1409 1971 et
1432 1896 1700 1974 aberrans
1722 1935 1856 1977 usus
1877 1896 2095 1977 amandi
2130 1896 2172 1952 Β

520 1995 846 2062 allectionis,
901 2003 1233 2073 principium
1279 2013 1366 2061 est
1416 2014 1473 2062 et
1517 2006 1937 2064 fundamentum
1978 2012 2102 2068 vitae

521 2104 643 2157 tritae
673 2091 726 2144 in
766 2092 902 2148 vitio
926 2095 1130 2164 agitur.
1165 2095 1302 2152 Nam
1335 2099 1593 2170 quoniam
1645 2101 1844 2173 duplex
1877 2112 1964 2160 est
2004 2121 2102 2160 no-

521 2181 611 2236 bis
654 2192 872 2250 natura,
909 2202 1104 2258 nempe
1144 2197 1200 2244 et
1235 2205 1302 2246 eo
1327 2192 1476 2261 quod
1509 2194 1614 2248 sub
1655 2194 2102 2268 intelligentiam,

521 2278 577 2324 et
605 2287 672 2326 eo
697 2273 842 2343 quod
877 2277 981 2332 sub
1012 2293 1236 2334 sensum
1266 2282 1412 2337 cadit
1431 2293 1866 2355 contemperata,
1900 2288 2100 2360 duplex

521 2374 926 2435 consequenter
955 2377 1039 2424 est
1066 2371 1228 2428 nobis
1258 2372 1392 2438 vita,
1433 2391 1557 2446 qua:
1591 2376 1647 2431 in
1685 2386 1922 2448 utraque
1957 2381 2103 2436 inest

522 2458 970 2514 convenienter:
1011 2465 1376 2533 corporaliter
1418 2468 1642 2537 quidem
1689 2473 1828 2540 parti
1885 2475 2100 2538 sensili,

521 2548 687 2602 alteri
751 2559 933 2605 autem
993 2553 1438 2626 incorporaliter.
1486 2558 1753 2617 Similiter
1807 2571 1988 2618 autem
2047 2573 2102 2620 et

521 2638 666 2707 quod
691 2649 777 2694 est
810 2639 1040 2708 bonum,
1075 2652 1131 2700 et
1163 2646 1309 2716 quod
1352 2663 1460 2705 non
1493 2659 1580 2706 est
1614 2651 1954 2721 hujusmodi,
1991 2672 2101 2710 non

521 2727 665 2785 idem
687 2743 773 2786 est
801 2735 1023 2805 utrique
1049 2738 1172 2793 vitae
1195 2749 1401 2796 nostrae
1422 2745 1633 2812 generi,
1668 2746 1762 2801 sed
1792 2747 1844 2802 id
1876 2750 2098 2820 quidem

521 2824 668 2891 quod
705 2827 1008 2897 percipitur
1049 2829 1432 2902 intelligentia,
1468 2835 1518 2889 ei
1546 2851 1668 2906 quas
1701 2839 1850 2894 cadit
1874 2843 1980 2896 sub
2012 2844 2096 2896 in-

522 2915 884 2985 telligentiam
913 2937 926 2972 :
961 2922 1152 2977 sensili
1186 2934 1370 2979 autem
1406 2933 1460 2980 et
1507 2942 1790 2998 corporea:
1819 2933 1961 3002 parti
1995 2936 2102 2990 tale

520 3006 687 3075 quale
731 3009 847 3062 vult
890 3025 1113 3067 sensus.
1161 3011 1431 3079 Quoniam
1470 3031 1602 3088 ergo
1641 3034 1842 3076 sensus
1880 3024 2099 3093 quidem

520 3098 689 3153 simul
716 3101 965 3156 nascitur
989 3118 1114 3158 cum
1147 3106 1327 3175 primo
1349 3116 1497 3174 ortu,
1522 3125 1677 3167 mens
1697 3121 1880 3168 autem
1907 3131 2102 3184 exspe-

2203 640 2263 694 τὸ
2311 639 2608 711 μελῷδημα
2646 656 2661 672 ο
2712 639 2806 692 καὶ
2850 639 2909 691 ἐν
2949 639 3062 701 τοῖς
3107 640 3300 707 χυμοῖς
3343 636 3399 688 δὲ
3450 636 3546 688 καὶ
3586 638 3643 688 ἐν
3669 638 3786 699 τοῖς

2200 734 2389 806 ὀσμοῖς
2441 733 2604 787 καλὸν
2655 732 2916 804 ὁρίζεται,
2951 731 3012 784 τὸ
3057 728 3158 800 μὲν
3206 730 3239 798 ἡ
3291 727 3501 796 γεῦσις,
3543 726 3606 780 τὸ
3645 726 3705 780 δέ
3748 727 3784 796 ἡ

2199 825 2485 897 ὄσφρησις.
2533 825 2606 878 Τὸ
2639 825 2696 878 δὲ
2729 825 2946 878 πάντων
2999 821 3302 893 βαρύτατόν
3343 837 3404 872 τε
3447 818 3542 872 καὶ
3575 817 3784 887 ἀλογὼο

2201 918 2359 971 τατόν
2389 920 2537 970 ἐστιν
2570 918 2604 988 ἡ
2636 917 2770 987 ἀφὴ,
2815 915 2882 968 δι’
2911 909 2980 987 ἦς
3007 915 3041 985 ἡ
3080 912 3374 973 ἀκόλαστος
3403 909 3564 981 ἡδονὴ
3593 910 3686 962 ἐπὶ
3713 912 3780 981 τῇ

2199 1007 2294 1062 τοῦ
2323 1009 2490 1062 καλοῦ
2519 1009 2686 1079 ψήφῳ
2722 1004 3044 1079 προτερεύει
3086 1007 3154 1075 τῇ
3189 1002 3368 1073 φύσει.
3414 1003 3568 1056 Ἐπεὶ
3595 997 3690 1055 οὖν
3723 1003 3782 1055 αι

2200 1101 2481 1172 αἰσθήσεις
2500 1103 2630 1173 ἡμῖν
2652 1099 2813 1164 εὐθὺς
2842 1097 3148 1168 γινομένοις
3173 1094 3670 1156 συναποτίκτονται,
3691 1095 3784 1148 καὶ

2199 1189 2475 1263 ταύτα[ις]
2525 1191 2677 1262 παρὰ
2721 1190 2822 1262 τὴν
2865 1189 3093 1262 πρώτην
3143 1187 3287 1259 ζωὴν
3328 1183 3779 1257 συστρεφόμεθει’

2201 1281 2368 1353 πολλὴ
2394 1281 2452 1334 δέ
2475 1283 2590 1336 ἐστι
2624 1284 2688 1353 τῇ
2719 1281 3009 1352 αἰσθητικῇ
3039 1279 3265 1350 δυνάμει
3296 1277 3432 1349 πρὸς
3459 1278 3558 1348 τὴν
3587 1277 3782 1345 ἄλογον

2200 1371 2346 1443 ζωὴν
2371 1373 2405 1442 ἡ
2435 1371 2732 1436 οἰκείωσιςο
2764 1371 2944 1426 πάντα
2974 1370 3082 1442 γάρ
3114 1369 3183 1423 τὰ
3207 1369 3432 1422 τοιαῦτα
3459 1368 3554 1422 καὶ
3582 1371 3640 1420 ἐν
3665 1369 3781 1432 τοῖς

2197 1459 2416 1529 ἀλόγοις
2447 1462 2670 1532 ὁρᾶται·
2698 1461 2726 1511 6
2757 1457 2813 1509 δὲ
2842 1458 2967 1523 νοῦς
2995 1458 3342 1529 ἐμποδίζεταί
3374 1475 3491 1521 πως
3519 1456 3654 1529 πρὸς
3680 1457 3782 1527 τὴν

2197 1549 2402 1603 οἰκείαν
2449 1549 2726 1620 ἐνέργειαν
2774 1547 2880 1600 ὑπὸ
2929 1547 3029 1618 τῆς
3078 1547 3402 1618 νηπιότητος
3448 1545 3524 1619 μὴ
3568 1543 3779 1618 χωρούο

2202 1657 2360 1710 μενος
2387 1680 2402 1703 ,
2454 1640 2570 1694 ἀλλ’
2600 1640 2906 1694 ἐκθλίϐεται
2934 1640 3136 1714 τρόπον
3164 1640 3288 1694 τινὰ
3321 1641 3386 1710 τῇ
3421 1642 3781 1712 ἐπικρατήσει

2197 1733 2296 1804 τῆς
2328 1734 2675 1807 ἀλογωτέρας
2713 1733 3043 1805 αἰσθήσεως,
3075 1733 3162 1787 διὰ
3199 1732 3358 1786 τοῦτο
3387 1732 3782 1804 πεπλανημένη

2199 1841 2260 1877 τε
2312 1827 2406 1880 καὶ
2468 1827 2883 1898 διημαρτημένη
2939 1825 3039 1894 τῆς
3089 1826 3440 1898 ἀγαπητικῆς
3489 1826 3782 1889 διαθέσεως

2202 1918 2420 1988 χρῆσις,
2454 1917 2597 1988 ἀρχὴ
2631 1916 2726 1970 καὶ
2755 1915 3011 1980 ὑπόθεσις
3051 1914 3146 1970 τοῦ
3177 1915 3320 1970 κατά
3350 1917 3546 1971 κακίαν
3572 1917 3780 1985 γίνεται

2205 2009 2339 2081 βίου.
2386 1996 2604 2079 Ἐπειδὴ
2631 2007 2740 2078 γάρ
2767 2007 2930 2078 διπλῆ
2957 2009 3039 2073 τίς
3073 2009 3221 2062 ἐστιν
3244 2010 3374 2080 ἡμῖν
3415 2008 3449 2079 ἡ
3481 2006 3666 2076 φύσις,
3696 2006 3780 2078 τῷ

2201 2099 2378 2173 νοητῷ
2398 2118 2458 2153 τε
2493 2100 2587 2154 καὶ
2619 2099 2860 2170 αἰσθητῷ
2891 2101 3331 2172 συγκεκραμένη,
3359 2100 3518 2171 διπλῆ
3549 2099 3692 2154 κατά
3718 2099 3782 2154 τὸ

2202 2189 2496 2246 ἀκόλουθόν
2525 2191 2672 2244 ἐστιν
2701 2192 2834 2261 ἡμῖν
2862 2189 2957 2244 καὶ
2983 2191 3017 2261 ἡ
3044 2190 3188 2262 ζωὴ,
3235 2190 3510 2262 ἑκατέρων
3558 2192 3616 2244 ἐν
3647 2192 3782 2262 ἡμῖν

2202 2283 2551 2354 καταλλήλως
2576 2283 2921 2354 ἐγγινομένη,
2953 2283 3276 2353 σωματικῶς
3309 2283 3407 2353 μὲν
3433 2283 3512 2354 τῷ
3537 2281 3780 2355 αἰσθητῷ

2206 2375 2383 2447 μέρει,
2417 2374 2496 2446 τῷ
2536 2374 2593 2428 δὲ
2641 2375 2813 2445 ἑτέρῳ
2843 2375 3170 2444 ἀσωμάτως.
3217 2371 3490 2438 Ὡσαύτως
3516 2375 3572 2428 δὲ
3597 2375 3692 2429 καὶ
3717 2373 3782 2428 τὸ

2201 2467 2367 2520 καλόν
2394 2483 2453 2519 τε
2483 2466 2577 2520 καὶ
2620 2465 2696 2536 μὴ
2730 2463 2991 2530 τοιοῦτον,
3026 2465 3086 2518 ού
3113 2464 3174 2518 τὸ
3206 2465 3337 2519 αύτό
3361 2468 3508 2520 ἐστιν
3535 2465 3782 2538 ἐκατέρῳ

2199 2559 2278 2631 τῷ
2305 2559 2403 2629 τῆς
2427 2559 2570 2628 ζωῆς
2592 2558 2750 2630 ἡμῶν
2776 2557 2926 2620 εῖδει,
2955 2558 3091 2612 ἀλλά
3120 2556 3311 2630 νοητὸν
3334 2557 3453 2628 μὲν,
3476 2557 3558 2628 τῷ
3580 2556 3776 2628 νοητῷ⁶

2201 2650 2278 2720 τῷ
2307 2650 2363 2703 δέ
2388 2649 2630 2720 αἰσθητῷ
2669 2666 2729 2702 τε
2756 2649 2851 2702 καὶ
2883 2650 3183 2722 σωματικῷ
3213 2651 3368 2722 μέρει
3394 2649 3636 2703 τοιοῦτον
3665 2644 3779 2703 οἷον

2203 2744 2236 2813 ὴ
2271 2741 2524 2813 αἴσθησις
2555 2740 2825 2813 βούλεται.
2873 2740 3026 2795 Ἐπεὶ
3053 2737 3147 2796 οὖν
3176 2744 3209 2813 ἡ
3247 2743 3346 2814 μὲν
3389 2742 3640 2813 αἴσθησις
3663 2741 3781 2813 ἅμα

2201 2840 2270 2908 τῇ
2305 2835 2498 2909 πρώτῃ
2529 2835 2742 2904 γενέσει
2774 2835 3100 2907 συμφύεται,
3124 2838 3152 2890 6
3172 2837 3229 2890 δὲ
3256 2836 3378 2901 νοῦς
3406 2837 3662 2908 ἀναμένει
3679 2837 3780 2908 τὴν

2203 2931 2284 2993 εἰς
2321 2932 2381 2982 τὸ
2410 2928 2721 3000 σύμμετρον
2758 2929 2858 3000 τῆς
2889 2929 3105 3000 ἡλικίας
3145 2929 3474 3002 ἀναδρομὴν,
3505 2929 3646 2983 ὥστε
3687 2929 3781 2982 δυ-

2202 3021 2431 3092 νηθῆναι
2469 3022 2589 3073 κατ’
2619 3020 2799 3088 ὀλίγον
2827 3021 3133 3092 ἐμφανῆναι
3159 3021 3236 3092 τῷ
3260 3021 3625 3098 ὑποκειμένῳ,
3653 3020 3778 3074 τού-

2204 3129 2297 3165 του
2331 3111 2490 3182 χάριν
2516 3111 2899 3166 δυναστεύεται
2932 3112 3040 3166 ὑπὸ
3075 3112 3174 3182 τῆς
3217 3111 3522 3183 αἰσθήσεως
3546 3113 3577 3165 6
3605 3111 3727 3176 νοῦς
3752 3113 3783 3166 6

520 3198 638 3244 ctat
660 3198 719 3245 ut
742 3201 1005 3248 excurrat
1030 3204 1165 3252 astas
1197 3197 1266 3253 ad
1295 3203 1699 3274 symmetriam,
1738 3215 1798 3260 ut
1828 3207 1945 3278 ipsa
1971 3224 2100 3278 pos-

2206 3204 2348 3258 κατὰ
2395 3203 2588 3275 μικρὸν
2619 3203 2998 3273 ἐγγινόμενος,
3033 3204 3127 3257 καὶ
3159 3203 3302 3258 κατά
3347 3204 3548 3275 κράτος
3589 3203 3677 3256 ἀεὶ
3703 3199 3784 3273 τῷ

523 3280 600 3336 sit
644 3285 912 3352 paulatim
965 3302 1232 3358 apparere
1277 3291 1333 3346 in
1386 3292 1660 3363 subjecto,
1701 3311 1767 3352 ea
1811 3298 1881 3354 de
1931 3315 2100 3357 causa

2205 3293 2554 3358 πλεονάζοντι
2598 3295 2735 3366 πρὸς
2777 3295 2839 3348 τὸ
2886 3295 3182 3348 ὑπακούειν
3227 3293 3376 3365 αὐτῷ
3419 3294 3780 3360 συνεθίζεται,

521 3387 725 3429 sensus
757 3375 1102 3432 dominatum
1135 3379 1352 3436 obtinet
1385 3382 1442 3437 in
1473 3392 1712 3440 mentem
1739 3401 1862 3457 qua:
1895 3391 2100 3446 sensim

521 3465 759 3530 accedit,
797 3475 854 3523 et
897 3485 1118 3540 semper
1164 3474 1435 3528 assuescit
1466 3476 1516 3531 ei
1543 3476 1692 3546 quod
1722 3480 1898 3550 magis
1935 3482 2103 3537 abun-

523 3555 706 3611 datad
739 3559 787 3613 ei
833 3560 1223 3630 obediendum,
1259 3564 1397 3619 illud
1424 3566 1628 3622 bonum
1664 3571 1749 3626 vel
1785 3573 1986 3627 malum
2010 3575 2102 3644 ju-

523 3647 739 3714 dicans,
767 3653 913 3719 quod
962 3655 1329 3722 expetendum
1375 3657 1464 3712 vel
1494 3659 1855 3728 rejiciendum
1900 3681 2101 3722 sensus

524 3741 809 3797 statuerit.
848 3744 968 3806 Quo
1004 3746 1083 3807 fit,
1121 3755 1181 3799 ut
1215 3747 1289 3802 sit
1319 3748 1481 3804 nobis
1512 3750 1746 3806 arduum
1787 3765 1842 3808 et
1883 3756 2102 3813 diﬂicile

525 3845 713 3885 verum
777 3833 980 3888 bonum
1044 3845 1226 3892 meme
1279 3843 1783 3914 comprehendere;
1844 3851 2100 3917 quoniam

523 3929 894 3997 praeoccupati
914 3945 1110 3985 sumus
1134 3932 1416 3989 sentiendi
1438 3937 1819 3996 instrumentis
1839 3985 1854 4006 ,
1873 3959 1938 3998 eo
1957 3943 2102 4013 quod

522 4018 762 4074 delectat
787 4029 842 4076 et
870 4022 1056 4078 laetitia
1084 4024 1282 4090 allicit,
1307 4026 1512 4082 bonum
1550 4037 1607 4084 et
1647 4031 1939 4089 honestum
1989 4036 2102 4090 cir-

520 4114 988 4172 cumscribentes.
1039 4115 1331 4182 Quomodo
1379 4120 1527 4175 enim
1571 4121 1687 4178 [leri
1737 4139 1846 4180 non
1901 4136 2099 4196 potest,

525 4205 806 4260 utadeam
837 4224 961 4278 quae
988 4211 1148 4266 estin
1176 4213 1334 4268 ccelis
1367 4214 1835 4284 pulchritudinem
1867 4221 2104 4290 aspicia-

522 4313 668 4358 mus.
697 4300 744 4353 si
780 4315 961 4356 aerem
983 4304 1078 4373 qui
1111 4314 1199 4360 est
1239 4321 1408 4376 supra
1443 4317 1612 4378 caput
1654 4311 1832 4381 caligo
1869 4312 2104 4369 interce-

523 4391 712 4458 perit:
749 4392 826 4446 ita
853 4396 1178 4450 necvoculus
1223 4397 1422 4452 animae
1465 4399 1534 4453 ad
1573 4399 1830 4456 virtutem
1884 4404 2100 4473 aspicit,

521 4482 570 4537 si
609 4497 704 4551 per
732 4485 1094 4553 voluptatem,
1127 4489 1298 4542 veluti
1339 4490 1634 4558 quamdam
1671 4492 1961 4563 caliginem
1983 4494 2103 4563 ejus

2205 3389 2380 3440 ἐκεῖνο
2405 3385 2567 3440 καλὸν
2597 3386 2631 3458 ἢ
2668 3385 2869 3456 φαῦλον
2897 3387 3118 3459 κρίνων,
3152 3386 3288 3458 ὅπερ
3322 3386 3389 3442 ἂν
3415 3387 3449 3458 ἢ
3485 3387 3783 3458 προέληται

2202 3478 2237 3549 ἢ
2287 3477 2536 3548 ἀποϐάλῃ
2580 3479 2616 3549 ἠ
2659 3478 2930 3550 αἴσθησις.
2965 3477 3066 3532 Διά
3111 3477 3270 3531 τοῦτο
3327 3478 3533 3550 χαλεπή
3577 3496 3637 3531 τε
3689 3479 3784 3531 καὶ

2203 3571 2646 3642 δυσκατόρθωτος
2671 3571 2802 3641 ἡμῖν
2836 3573 2869 3641 ἡ
2903 3570 2997 3624 τοῦ
3032 3571 3247 3642 ἀληθῶς
3277 3571 3481 3638 ἀγαθοῦ
3511 3572 3783 3642 κατανόη-

2206 3681 2288 3727 σις
2317 3665 2559 3733 γίνεται·
2588 3663 2671 3716 ὅτι
2713 3663 3126 3735 προειλήμμεθα
3157 3667 3270 3728 τοῖς
3303 3663 3639 3736 αἰσθητικοίς
3665 3682 3785 3736 κρι-

2202 3757 2432 3828 τηρίοις,
2477 3757 2535 3811 ἐν
2582 3755 2661 3826 τῷ
2703 3755 3046 3826 εὐφραίνοντί
3087 3773 3147 3809 τε
3188 3757 3281 3810 καὶ
3319 3757 3500 3826 ἧδοντι
3528 3756 3588 3811 τὸ
3621 3757 3785 3811 καλὸν

2203 3849 2528 3920 ὁριζόμενοι.
2562 3849 2773 3920 Ὥσπερ
2803 3847 2911 3918 γάρ
2941 3848 3041 3900 οὐκ
3071 3847 3185 3901 ἐστι
3223 3848 3358 3919 πρὸς
3385 3849 3454 3901 τὰ
3481 3851 3540 3901 ἐν
3567 3850 3784 3920 οὐρανῷ

2204 3939 2374 4010 κάλλη
2407 3939 2646 4009 βλέπειν,
2681 3939 2912 4010 ὁμίχλης
2941 3939 3031 3992 τὸν
3062 3939 3202 4009 ὑπὲρ
3231 3939 3471 4011 κεφαλῆς
3497 3939 3637 4011 ἀέρα
3665 3941 3783 3994 δια-

2203 4030 2503 4101 λαϐούσης’
2537 4029 2709 4093 οὕτως
2745 4029 2864 4082 οὐδὲ
2910 4029 2939 4081 6
2979 4030 3077 4100 τῆς
3129 4029 3306 4099 ψυχῆς
3337 4028 3616 4099 ὀφθαλμὸς
3647 4029 3782 4100 πρὸς

2203 4122 2304 4194 τὴν
2345 4122 2544 4194 ἀρετὴν
2590 4122 2819 4193 καθορᾷ,
2861 4117 2971 4174 οἷον
3016 4120 3176 4192 ἀχλύῖ
3208 4121 3315 4174 τινὶ
3365 4121 3496 4192 πρὸς
3530 4122 3628 4193 τὴν
3662 4121 3785 4190 ὄψιν

2203 4213 2290 4267 διὰ
2317 4213 2416 4284 τῆς
2440 4214 2635 4284 ἡδονῆς
2675 4211 3093 4283 ἀναλαϐόμενος.
3144 4212 3297 4265 Ἐπεὶ
3339 4208 3432 4265 οῦν
3470 4214 3506 4283 ἡ
3560 4212 3659 4283 μὲν
3694 4213 3784 4266 αι’-

2206 4306 2397 4378 σθησις
2437 4306 2575 4378 πρὸς
2619 4307 2720 4376 τὴν
2769 4305 2965 4376 ἡδονὴν
3009 4303 3220 4375 βλέπει,
3254 4306 3282 4358 6
3312 4305 3368 4358 δὲ
3409 4305 3532 4368 νοῦς
3563 4305 3652 4359 διὰ
3687 4306 3782 4377 τῆς

2204 4398 2397 4469 ἡδονῆς
2448 4397 2584 4469 πρὸς
2628 4398 2730 4470 τὴν
2776 4397 2976 4468 ἀρετὴν
3026 4399 3157 4467 όρᾷν
3209 4396 3590 4467 ἐμποδίζεται,
3644 4396 3789 4467 αὕτη

2203 4490 2412 4560 γίνεται
2438 4492 2472 4560 ἡ
2500 4490 2601 4560 τῆς
2632 4490 2830 4553 κακίας
2853 4489 3014 4561 ἀρχὴ,
3040 4489 3174 4542 διότι
3199 4487 3297 4560 τὴν
3321 4487 3513 4556 ἄλογον
3543 4489 3668 4560 περὶ
3689 4488 3788 4542 τοῦ

519 4574 860 4630 obtundatur
900 4577 1076 4632 visus.
1128 4578 1399 4644 Quoniam
1451 4595 1583 4653 ergo
1641 4597 1840 4638 sensus
1879 4584 2100 4653 quidem

2205 4577 2371 4633 καλοῦ
2401 4579 2581 4649 κρίσιν
2603 4579 2698 4632 καὶ
2721 4579 2750 4632 6
2771 4577 2896 4642 νοῦς
2917 4580 3019 4632 ὑπὸ
3048 4579 3146 4650 τῆς
3176 4577 3480 4648 αἰσθήσεως
3498 4577 3788 4632 δυναστευ-

521 4667 809 4738 aspicitad
831 4671 1180 4741 voluptatem.
1229 4687 1386 4728 meus
1425 4683 1606 4729 autem
1660 4675 1956 4744 impeditur
2005 4693 2100 4747 per

521 4760 856 4831 voluptatem
901 4778 970 4818 ne
989 4764 1172 4819 videat
1195 4765 1482 4829 virtutem,
1521 4766 1625 4820 hoc
1645 4774 1731 4820 est
1767 4767 2098 4836 principium

519 4853 663 4915 vitii,
709 4855 967 4922 quoniam
1019 4871 1051 4909 a
1099 4856 1312 4910 ratione
1366 4857 1606 4912 alienum
1650 4858 1718 4912 de
1749 4858 1894 4913 bono
1923 4869 1978 4914 et
2001 4860 2102 4913 bo-

519 4944 980 5014 nestojudicium,
1010 4964 1165 5004 mens
1193 4965 1434 5020 quoque,
1472 4951 1529 5003 in
1557 4964 1722 5020 quam
1753 4965 1951 5006 sensus
1999 4953 2097 5006 ob.

519 5035 658 5091 tinet
687 5037 1053 5104 dominatum,
1093 5056 1195 5095 suo
1250 5043 1578 5112 comprobat
1621 5042 1906 5112 suil'ragio,
1950 5052 2005 5097 et
2051 5044 2094 5098 si

517 5128 724 5184 dixerit
760 5132 953 5187 oculus
975 5134 1267 5203 pulchrum
1298 5144 1352 5189 et
1386 5135 1675 5190 honestum
1711 5150 1835 5190 esse
1866 5135 1922 5189 in
1955 5135 2098 5190 bono

518 5223 707 5278 colore
727 5224 849 5292 ejus
877 5225 1026 5294 quod
1049 5227 1323 5290 cernitur,
1351 5243 1418 5282 eo
1453 5241 1673 5297 quoque
1709 5226 1888 5297 vergit
1935 5227 2099 5280 intel-

519 5315 765 5385 ligentia.
796 5315 862 5370 Et
893 5317 1146 5373 similiter
1174 5319 1230 5374 in
1258 5320 1404 5381 aliis.
1438 5318 1488 5374 id
1521 5319 1666 5390 quod
1697 5334 1920 5373 sensum
1949 5318 2102 5373 oble—

517 5414 650 5470 ctat,
711 5407 916 5462 bonum
969 5424 1095 5465 esse
1141 5418 1419 5466 censetur.
1455 5409 1613 5476 Quod
1646 5410 1690 5465 si
1719 5411 1903 5479 aliquo
1937 5409 2100 5464 modo

518 5499 636 5554 lleri
659 5508 866 5568 posset,
905 5509 964 5555 ut
993 5502 1155 5559 nobis
1177 5503 1246 5558 ab
1281 5504 1442 5558 initio
1495 5506 1705 5559 inesset
1749 5503 1816 5558 de
1861 5503 2005 5556 bono
2046 5512 2101 5557 et

518 5589 1066 5661 boncstojudicium,
1099 5603 1281 5650 mente
1315 5594 1368 5648 in
1416 5595 1595 5663 seipsa
1650 5593 1915 5666 probante
1955 5596 2098 5664 quod

518 5681 724 5736 bonum
750 5691 857 5748 est,
895 5701 1008 5740 non
1040 5686 1272 5743 rationis
1309 5686 1520 5757 experti
1545 5687 1730 5742 sensui
1756 5688 2094 5742 serviremus

519 5780 784 5844 tanquam
827 5777 1022 5834 bestia
1061 5779 1118 5835 in
1174 5780 1494 5835 servitutem
1545 5780 1802 5836 redactae.
1849 5777 1920 5834 Ut
1969 5795 2099 5851 ergo

523 5867 650 5925 talis
676 5869 932 5928 confusio
962 5871 1313 5932 discernatur
1345 5874 1402 5931 in
1429 5874 1614 5941 nobis,
1661 5883 1715 5931 ct
1750 5875 1803 5931 id
1840 5873 1985 5946 quod
2015 5885 2100 5930 cst

2205 4670 2318 4733 θεὶς
2343 4669 2674 4740 ἐπεψήφισε,
2705 4670 2810 4723 κᾶν
2837 4669 2966 4740 εἴπῃ
3010 4671 3038 4722 6
3075 4669 3354 4740 ὀφθαλμὸς
3377 4671 3436 4722 ἐν
3463 4671 3528 4740 τῇ
3565 4670 3787 4741 εύχροίᾳ

2202 4763 2297 4816 τοῦ
2331 4762 2656 4832 φαινομένου
2689 4763 2752 4815 τὸ
2779 4761 2943 4815 καλὸν
2989 4757 3147 4828 εἶναι,
3198 4762 3589 4834 συνεπιρῤέπει
3612 4763 3790 4833 τούτῳ

2204 4857 2299 4909 καὶ
2331 4857 2364 4926 ἡ
2397 4855 2624 4910 διάνοια.
2660 4855 2770 4908 Καὶ
2817 4855 2909 4908 ἐπὶ
2943 4854 3052 4907 τῶν
3080 4854 3283 4907 λοιπῶν
3315 4854 3373 4908 δὲ
3410 4854 3692 4918 ὡσαύτως,
3723 4855 3786 4908 τὸ

2203 4949 2492 5018 εὐφραῖνον
2529 4947 2630 5018 τὴν
2662 4945 2913 5017 αἴσθησιν
2939 4948 3037 5017 τὴν
3077 4946 3170 5000 τοῦ
3209 4945 3377 5000 καλοῦ
3410 4947 3589 5019 ψῆφον
3618 4947 3783 5016 ὴνέγο

2205 5055 2360 5092 κατο.
2391 5039 2454 5092 Εἰ
2477 5036 2534 5092 δέ
2564 5054 2680 5102 πως
2712 5032 2822 5091 οἷόν
2849 5053 2909 5089 τε
2934 5032 3003 5108 ἦν
3034 5037 3092 5104 ἐξ
3125 5039 3298 5109 ἀρχῆς
3329 5040 3462 5109 ἡμῖν
3483 5039 3583 5110 τὴν
3605 5038 3782 5108 ἀληθῆ

2205 5131 2451 5202 περὶτοῦ
2477 5131 2642 5184 καλοῦ
2672 5132 2854 5202 κρίσιν
2880 5129 3211 5200 ἐγγίνεσθαι,
3241 5130 3334 5184 τοῦ
3363 5131 3454 5184 νοῦ
3489 5131 3550 5184 τὸ
3579 5131 3785 5199 ἀγαθὸν

2203 5226 2288 5296 ἐφ’
2315 5225 2510 5279 ἐαυτοῦ
2541 5225 2946 5295 δοκιμάζοντος,
2977 5224 3079 5278 οὐκ
3122 5222 3187 5276 ἂν
3214 5225 3280 5293 τῇ
3325 5221 3504 5294 ἀλόγῳ
3530 5222 3787 5293 αἰσθήσει

2201 5317 2590 5390 δεδουλωμένοι
2633 5318 2926 5389 κτηνὼδεις
2968 5317 3241 5387 γινόμενοι
3289 5315 3780 5387 κατεδουλούμεθα.

2216 5412 2305 5476 Ὧς
2348 5413 2415 5466 ἂν
2442 5407 2536 5466 οῦν
2565 5413 2598 5482 ἡ
2644 5411 2868 5481 τοιαύτη
2904 5409 3162 5480 σύγχυσις
3204 5410 3262 5461 ἐν
3291 5410 3422 5478 ἡμῖν
3455 5408 3787 5480 διακριθείη,

2202 5505 2295 5558 καὶ
2339 5503 2401 5557 τὸ
2443 5505 2510 5574 τῇ
2559 5502 2718 5573 φύσει
2761 5501 3064 5571 ἀγαπητόν,
3117 5500 3214 5577 καὶ,
3253 5499 3324 5552 τά
3365 5499 3568 5572 ἑτέρως
3595 5499 3785 5570 ἔχοντα

2204 5591 2388 5657 πάλιν,
2424 5591 2680 5655 ἀπλανῶς
2712 5590 3096 5661 ὲπιγνωσθείη,
3120 5589 3295 5643 ταῦτά
3319 5607 3452 5660 φησι
3478 5590 3574 5643 νῦν
3599 5593 3628 5644 6
3664 5591 3787 5644 Ἑκ-

2203 5684 2536 5757 κλησιαστὴς
2559 5686 2618 5739 ἐν
2646 5683 2722 5755 τῷ
2749 5683 2915 5753 λόγῳ,
2940 5683 3020 5736 ὅτι
3038 5701 3056 5733 ι
3078 5680 3282 5753 Καιρδς
3301 5681 3394 5735 τοῦ
3423 5681 3666 5752 φιλῆσαι,
3689 5680 3787 5734 καὶ

2202 5777 2393 5848 καιρὸς
2420 5776 2515 5830 τοῦ
2555 5777 2800 5847 μισῆσαι.
2834 5794 2852 5827 ι
2876 5776 2954 5828 Δι’
2981 5767 3056 5829 ὧν
3087 5773 3351 5844 διακρίνει
3376 5777 3476 5846 τὴν
3499 5773 3606 5828 τῶν
3639 5789 3785 5845 πρα-

2205 5871 2431 5944 γμάτων
2481 5869 2662 5940 φύσιν,
2703 5869 2914 5932 δεικνὺς
2959 5867 3012 5922 τί
3057 5866 3118 5922 τὸ
3160 5866 3548 5940 συμφερόντως
3600 5863 3786 5936 φιλού-
