4110 6502
376 417 479 471 ΤΠ

1387 413 1454 468 IN
1496 412 2031 470 ECCLESIASTEN.
2062 411 2346 468 IIOMILIA
2386 408 2517 466 VIII.

3512 409 3618 464 738

378 546 561 601 μενον,
594 530 690 584 καὶ
715 530 767 585 τί
791 529 853 584 τὸ
878 528 1219 601 μισούμενον.
1251 528 1413 598 Λέγει
1433 529 1543 601 γὰρ
1568 533 1600 601 ἡ
1626 530 1816 601 νεότης
1835 534 1941 596 τοῖς

2051 539 2248 583 natura
2273 524 2635 597 diligendum,
2663 529 2721 579 et
2746 536 2869 593 qua:
2894 521 3055 578 aliter
3084 535 3147 578 se
3170 519 3392 587 habent,
3422 536 3616 578 rursus

373 627 472 696 τῆς
511 627 725 697 ἡλικίας
768 629 967 682 πάθεσι
1005 627 1220 692 ζέουσα,
1262 627 1454 697 καιρὸν
1490 623 1631 680 εἷναι
1669 628 1806 698 αὐτῇ
1853 628 1946 681 τοῦ

376 716 549 785 φιλεῖν
586 719 757 772 ταῦτα
781 719 817 773 ἃ
848 724 912 790 τῇ
948 720 1158 788 νεότητι
1189 719 1316 788 φίλα
1350 719 1517 772 ἐστίν.
1564 719 1701 772 Ἀλλ’
1727 718 1949 789 ἀντιὸοᾷ

373 811 402 861 ὁ
445 810 870 881 Ἐκκλησιαστὴς
923 815 986 882 τῇ
1045 813 1299 881 νεότητι,
1355 812 1512 865 ἄλλον
1560 812 1658 881 τῆς
1704 812 1949 882 καθαρᾶς

376 902 559 969 φιλίας
590 903 778 974 καιρὸν
806 901 1141 973 ὁριζόμενος.
1180 904 1331 975 Μηδὲ
1370 905 1478 975 γὰρ
1508 900 1645 958 εἶναι
1676 903 1832 957 τοῦτο
1862 921 1950 973 φι-

374 993 513 1054 λίαν,
539 994 640 1061 τὴν
664 993 1108 1065 διημαρτημένην
1146 996 1245 1065 τῆς
1288 996 1466 1066 ψυχῆς
1504 997 1631 1067 περὶ
1661 996 1729 1050 τὰ
1773 998 1950 1050 ἄτοπα

379 1086 583 1155 σχέσιν.
627 1086 839 1155 Ὠσπερ
879 1089 988 1157 γὰρ
1019 1088 1376 1159 εύεδουμένης
1421 1090 1480 1142 ὲν
1513 1090 1691 1161 ὑγιείᾳ
1721 1089 1820 1159 τῆς
1852 1089 1950 1159 φύ-

379 1194 533 1240 σεως,
569 1179 625 1229 ὲν
650 1177 826 1248 καιρῷ
854 1181 1199 1247 προσγίνεται
1223 1180 1284 1233 τὸ
1313 1180 1461 1249 δίψος
1486 1180 1562 1251 τῷ
1586 1180 1795 1251 σώματι
1818 1198 1831 1212 ⁸
1868 1177 1948 1244 οἷς

374 1268 433 1321 δὲ
471 1268 531 1320 τὸ
575 1268 760 1337 δῆγμα
795 1270 893 1339 τῆς
923 1269 1139 1339 διψάδος
1177 1271 1387 1340 ἐχίδνης
1430 1271 1528 1341 τὴν
1557 1271 1810 1340 τοιαύτην
1831 1272 1949 1325 διά-

376 1360 522 1412 θεσιν
551 1359 886 1429 ἐνεποίησεν,
922 1362 1021 1414 οὐκ
1060 1361 1125 1414 ἀν
1152 1378 1232 1424 τις
1269 1363 1411 1415 εἴποι
1451 1362 1593 1415 κατά
1638 1362 1826 1431 καιρὸν
1863 1364 1951 1414 ὲν-

375 1448 653 1517 εργεῖσθαι
680 1450 777 1521 τὴν
814 1450 1000 1520 δίψανο
1040 1453 1099 1504 οὑ
1128 1452 1236 1521 γὰρ
1270 1455 1473 1523 φυσικὴ
1504 1455 1683 1521 ὄρεξις
1708 1456 1801 1508 ἐπὶ
1828 1455 1950 1508 τού-

372 1556 502 1603 των,
527 1540 662 1594 ἀλλὰ
685 1543 855 1605 πάθος
875 1545 907 1612 ἠ
928 1542 1054 1612 δίψα
1077 1544 1280 1611 γίνεται
1300 1559 1314 1573 ³
1342 1543 1483 1597 οὕτω
1506 1546 1679 1598 καὶτὸ
1707 1548 1950 1616 ῥυπαρὸν

372 1632 471 1700 τῆς
504 1631 752 1703 νεότητος
785 1633 1028 1704 φίλτρον,
1066 1633 1127 1685 οὐ
1165 1635 1406 1704 φίλτρον,
1437 1634 1571 1687 ἀλλά
1619 1636 1772 1698 νόσος
1828 1635 1948 1690 ἐστὶ

374 1720 451 1791 τῷ
487 1721 703 1775 διακαεί
748 1740 803 1775 τε
850 1724 942 1775 καὶ
984 1722 1173 1794 γνώμη
1220 1723 1297 1793 τῷ
1330 1724 1428 1793 τῆς
1463 1724 1678 1795 ἡλικίας
1709 1725 1947 1796 δήγματι

375 1813 721 1882 ἐγγινομένη.
756 1814 829 1865 Οὐ
860 1815 1010 1866 πᾶσα
1042 1814 1223 1868 τοίνυν
1253 1814 1403 1882 φιλία
1428 1814 1489 1867 τὸ
1518 1813 1772 1887 εῠκαιρον
1798 1815 1942 1885 ἔχει,

375 1901 489 1954 ἀλλ’
523 1903 555 1971 ὴ
590 1903 718 1970 περὶ
744 1902 806 1953 τὸ
841 1902 1001 1971 μόνον
1028 1904 1311 1973 ἀγαπητὸν
1341 1904 1620 1973 γινομένη.
1669 1905 1807 1957 Ἀλλ’
1844 1906 1944 1959 οὐκ

375 1991 488 2044 ἐστι
537 1994 682 2062 σαφῆ
718 1993 1077 2063 περὶτούτων
1106 1994 1307 2062 γνῶσιν
1350 1993 1565 2057 λαϐεῖν,
1625 1994 1698 2065 μὴ
1747 1997 1945 2049 οὑτωσὶ

373 2082 673 2153 διελόμενον
698 2086 756 2136 ὲν
784 2088 850 2156 τῇ
886 2084 1087 2155 θεωρίᾳ
1116 2085 1206 2138 τὸν
1233 2085 1386 2154 λόγον
1404 2103 1417 2116 ⁶
1451 2086 1559 2140 τῶν
1587 2087 1805 2155 ἀγαθῶν
1828 2088 1945 2141 τοί-

372 2193 488 2237 νυν,
536 2176 637 2229 ὅσα
677 2178 828 2246 παρὰ
859 2180 969 2231 τῶν
1001 2176 1305 2247 ἀνθρώπων
1341 2178 1720 2243 σπουδάζεται,
1745 2178 1816 2232 τὰ
1846 2180 1945 2249 μὲν

373 2268 540 2332 ὅπως
590 2269 813 2322 τοιαῦτά
859 2270 1040 2330 ἐστιν,
1084 2263 1170 2321 οἷα
1211 2269 1303 2322 καὶ
1345 2269 1666 2339 ὀνομάζεται
1698 2286 1713 2300 ο
1770 2269 1837 2323 τὰ
1888 2270 1945 2322 δὲ

372 2356 717 2428 ψευδώνυμον
759 2358 855 2428 τὴν
905 2357 1227 2428 ἐπωνυμίαν.
1272 2358 1404 2428 ἔχει.
1475 2360 1614 2411 Ὅσα
1668 2358 1777 2430 γάρ
1824 2358 1946 2428 οὐχὶ

373 2449 703 2520 πρόσκαιρον
764 2449 947 2502 δίδωσι
1008 2448 1107 2519 τὴν
1161 2448 1495 2513 ἀπόλαυσιν,
1550 2448 1669 2502 οὐδὲ
1718 2448 1789 2501 τά
1838 2465 1944 2500 τινι

370 2539 625 2593 δοκοῦντα
650 2540 787 2593 καλᾶ
826 2539 1035 2611 ἑτέροις
1076 2540 1324 2610 ἄχρηστα
1353 2539 1559 2606 γίνεται
1591 2578 1607 2603 ,
1650 2539 1786 2592 ἀλλά
1810 2539 1946 2593 πάν-

370 2646 489 2683 τοτε
532 2632 626 2684 καὶ
656 2631 742 2684 διά
771 2632 991 2684 πάντων
1023 2631 1117 2684 καὶ
1149 2632 1208 2683 ὲν
1239 2631 1403 2684 πᾶσίν
1447 2632 1593 2684 ἐστιν
1630 2631 1827 2699 ἀγαθὰ,
1862 2625 1943 2695 οἷς

371 2722 437 2774 ἂν
462 2723 771 2792 ἐγγένηται,
817 2722 991 2776 ταῦτα
1031 2723 1107 2784 ὡς
1150 2720 1366 2790 ἀληθῶς
1411 2723 1558 2776 ἐστιν
1607 2721 1810 2791 ἀγαθὰ,
1855 2723 1943 2776 ἀεὶ

369 2812 629 2875 ὡσαύτως
664 2813 874 2883 ἔχοντα,
925 2813 1020 2865 καὶ
1049 2814 1148 2883 τὴν
1181 2812 1273 2866 τοῦ
1309 2815 1547 2884 χείρονος
1588 2814 1830 2883 ἐπίμιξιν
1881 2815 1941 2867 οὐ

372 2904 795 2975 προσδεχόμενα.
830 2905 1008 2975 "Am-:9
1053 2908 1164 2967 τοῖς
1210 2905 1451 2975 ἀκριϐῶς
1478 2904 1786 2970 ἐξετάζουσι
1815 2907 1944 2977 περὶ

376 2997 542 3064 μόνην
591 2995 689 3066 τὴν
719 2995 867 3049 Θείαν
900 3014 958 3049 τε
987 2997 1080 3049 καὶ
1105 2997 1273 3050 ἀΐδιον
1308 2997 1589 3066 θεωρεῖται
1629 2997 1811 3067 φύσιν.
1862 2998 1944 3052 Τὰ

332 3136 337 3139 .
372 3088 429 3140 δὲ
468 3087 600 3141 ἄλλα
636 3088 813 3142 πάντα
845 3089 944 3142 ὅσα
985 3091 1052 3159 τῇ
1098 3087 1345 3158 αἰσθήσει
1376 3088 1515 3142 καλά
1544 3090 1681 3149 ἐστι,
1722 3088 1809 3141 διὰ
1844 3089 1942 3159 τῆς

375 3180 513 3232 κατὰ
541 3179 639 3249 τὴν
671 3179 845 3246 οἴησιν
880 3179 1093 3249 ἀπάτης
1122 3178 1262 3232 καλά
1307 3180 1623 3250 φαινόμενα,
1661 3179 1784 3232 οὔτε
1828 3180 1942 3233 ἔστι

372 3271 439 3338 τῇ
469 3269 644 3337 φύσει,
663 3268 783 3323 οὔτε
813 3269 1285 3341 ὑφέστηκεν,άλλὰ
1305 3268 1402 3339 τῆς
1429 3269 1657 3339 ροὠδους
1686 3272 1779 3324 καὶ
1805 3288 1944 3343 παρ-

369 3362 554 3431 οδικῆς
580 3361 708 3414 ὄντα
740 3362 984 3431 φύσεως,
1037 3361 1102 3414 δι’
1133 3362 1348 3429 ἀπάτης
1391 3362 1533 3425 τινὸς
1575 3362 1669 3415 καὶ
1707 3363 1942 3432 ματαίας

370 3448 711 3521 προλήψεως,
748 3450 822 3514 ὡς
854 3451 996 3504 κατὰ
1023 3450 1280 3519 ἀλήθειαν
1305 3449 1434 3504 ὄντα
1457 3453 1570 3514 τοῖς
1597 3450 1941 3515 ἀπαιδεύτοις

370 3539 666 3609 νομίζεται.
699 3542 762 3594 Ei
792 3538 884 3594 οὖν
905 3540 1013 3593 τῶν
1039 3541 1286 3595 ἀστάτων
1313 3541 1691 3613 περιεχόμενοι
1720 3540 1829 3594 τῶν
1853 3542 1940 3595 ἀεὶ

370 3630 617 3684 ἑστώτων
644 3632 746 3685 οὐκ
782 3632 1156 3701 ὲπορέγονται,
1191 3631 1335 3684 ἔοικε
1367 3632 1475 3703 γάρ
1503 3632 1680 3686 τοίνυν
1705 3627 1817 3686 οἷον
1847 3632 1940 3685 ἐπί

368 3738 511 3785 τινος
554 3724 784 3787 σκοπιᾶς
830 3720 1039 3794 ὑψηλῆς
1089 3723 1258 3786 ἑστὼς
1303 3727 1331 3778 ὁ
1374 3725 1800 3796 Ἑκκλησιαστὴς
1843 3727 1941 3796 ἐμ-

368 3813 497 3883 ϐοᾷν
528 3817 594 3887 τῇ
612 3815 923 3887 ἀνθρωπίνη
954 3816 1113 3884 φύσει
1142 3815 1207 3868 δι’
1235 3809 1310 3869 ὦν
1338 3816 1487 3884 λέγει
1510 3834 1527 3851 ο
1571 3839 1588 3868 ι
1613 3818 1817 3885 Καιρὸς
1843 3815 1939 3869 τοῦ

370 3904 610 3976 φιλῆσαι,
642 3907 736 3961 καὶ
770 3907 959 3978 καιρὸς
998 3906 1091 3960 τοῦ
1128 3907 1375 3977 μισῆσαι,
1400 3928 1417 3958 ι
1442 3910 1522 3962 ὃτι
1568 3908 1703 3962 ἄλλα
1730 3909 1845 3961 ἐστὶ
1872 3908 1939 3962 τά

369 3994 534 4060 ὅντως
570 3997 772 4065 ἀγαθὰ,
817 3998 853 4051 ἃ
886 3998 977 4052 καὶ
1004 3998 1145 4052 αὑτά
1172 4001 1287 4052 ἐστι
1318 3999 1475 4065 καλὰ,
1514 3999 1608 4054 καὶ
1652 4001 1775 4063 τοὺς
1813 4017 1939 4069 μετ-

369 4085 588 4156 ἆχοντας
615 4089 889 4152 τοιούτους
918 4091 1078 4143 ποιεῖ.

2050 619 2191 672 citra
2234 631 2477 673 errorem
2508 623 2899 686 agnoscantur,
2929 613 3046 670 haec
3074 628 3225 668 nunc
3264 613 3401 668 dicit
3431 613 3486 667 in
3515 614 3619 668 hoc

2049 713 2188 766 libro
2205 709 2592 773 Ecclesiastes,
2624 727 2642 759 ι
2669 705 2907 775 Tempus
2935 714 3020 761 est
3054 706 3296 769 amandi,
3330 712 3383 760 et
3406 714 3620 774 tempus

2048 810 2134 857 est
2159 803 2286 856 odio
2316 799 2605 855 habendi.»
2636 798 2737 852 Per
2770 814 2892 867 qua?
2914 796 3132 866 quidem
3153 797 3415 852 discernit
3437 813 3617 851 rerum

2050 900 2327 956 naturam,
2365 890 2663 946 ostendens
2690 886 2821 958 quid
2861 888 3069 942 utiliter
3104 895 3340 949 ametur,
3392 894 3447 941 et
3486 887 3618 955 quid

2048 985 2175 1037 odio
2213 985 2500 1037 habeatur.
2533 981 2676 1036 Dicit
2713 982 2858 1037 enim
2888 980 3151 1050 juventus
3177 982 3356 1037 aetatis
3401 980 3619 1035 fervens

2050 1075 2358 1137 aﬂ‘ectibus,
2393 1074 2496 1130 sibi
2540 1082 2755 1141 tempus
2788 1087 2910 1127 esse
2953 1071 3171 1125 amandi
3201 1086 3264 1125 ea
3298 1085 3419 1140 qua:
3453 1071 3619 1123 chara

2048 1166 2477 1233 sintjuventuti.
2522 1164 2628 1220 Sed
2656 1163 2927 1235 juventuti
2954 1173 3146 1218 contra
3185 1164 3388 1217 clamat
3429 1162 3618 1217 Eccle-

2050 1261 2273 1321 siastes,
2313 1258 2582 1313 deﬁniens
2612 1258 2764 1313 aliud
2811 1273 2936 1313 esse
2976 1266 3196 1326 tempus
3230 1272 3379 1326 pura:
3420 1257 3616 1310 amici-

2051 1353 2157 1405 tia».
2186 1349 2305 1404 Non
2340 1351 2486 1405 enim
2535 1350 2641 1404 hoc
2681 1364 2804 1404 esse
2836 1348 3360 1415 amicitiam,animae
3395 1348 3619 1401 habitu-

2049 1443 2235 1498 dinem
2275 1444 2623 1498 aberrantem
2654 1441 2709 1496 in
2741 1441 2907 1495 rebus
2939 1439 3191 1509 turpibus
3219 1447 3273 1494 et
3307 1438 3616 1509 ﬂagitiosis.

2050 1532 2337 1599 Quomodo
2362 1534 2505 1587 enim
2548 1532 2595 1586 si
2628 1531 2683 1585 in
2713 1532 2952 1587 sanitate
3000 1539 3150 1586 recto
3180 1545 3347 1586 cursu
3385 1539 3473 1585 eat
3516 1548 3617 1586 na-

2052 1636 2194 1690 tura,
2228 1627 2282 1679 iu
2314 1636 2561 1695 tempore
2600 1624 2723 1679 sitis
2760 1625 2973 1679 accedit
3005 1623 3226 1693 corpori
3256 1643 3270 1679 :
3295 1626 3495 1694 quibus
3526 1641 3621 1681 au-

2048 1730 2154 1773 tem
2184 1733 2402 1773 morsus
2425 1716 2670 1788 dipsadis
2695 1717 2857 1771 talem
2887 1717 3028 1772 indit
3053 1715 3423 1780 atl‘ectionem,
3454 1732 3615 1771 nemo

2048 1811 2246 1866 dixerit
2266 1811 2319 1865 in
2343 1819 2585 1879 tempore
2605 1825 2726 1865 eam
2748 1808 2888 1864 είῙὶςί
2922 1810 3069 1865 sitim
3092 1830 3105 1862 :
3126 1826 3235 1866 non
3273 1811 3420 1865 enim
3451 1812 3505 1865 in
3530 1811 3618 1867 his

1979 1877 2020 1932 Β
2052 1904 2326 1957 naturalis
2358 1877 2654 1972 appetitus,
2695 1902 2792 1956 sed
2832 1901 3030 1957 vitiosa
3059 1902 3276 1958 aﬂectio
3313 1911 3399 1958 est
3445 1904 3568 1959 sitis
3598 1921 3614 1959 :

2047 1996 2121 2049 ita
2187 1996 2353 2049 etiam
2414 1996 2691 2050 obscenus
2755 2009 2911 2048 amor
2958 1995 3303 2063 juventutis,
3356 2011 3466 2049 non
3532 2005 3619 2051 est

2046 2102 2220 2151 amor,
2252 2087 2345 2142 sed
2373 2088 2598 2143 morbus
2636 2087 2729 2157 qui
2755 2097 3078 2157 procreatur
3106 2087 3319 2141 ardenti
3354 2096 3407 2142 et
3429 2088 3620 2157 dipsa-

2046 2180 2132 2235 dis
2163 2180 2387 2234 minime
2423 2178 2664 2235 absimili
2697 2193 2888 2233 morsu
2913 2177 3241 2247 juventutis.
3280 2177 3401 2233 Non
3434 2180 3619 2233 omnis

2045 2284 2174 2339 ergo
2202 2283 2357 2323 amor
2387 2283 2483 2323 seu
2514 2267 2754 2321 amicitia
2790 2274 2876 2322 est
2914 2277 3243 2336 opportuna,
3285 2266 3380 2321 sed
3415 2282 3481 2321 ea
3519 2267 3618 2322 de-

2047 2374 2215 2421 mum,
2243 2373 2363 2427 quae
2393 2363 2647 2413 versatur
2696 2356 2753 2410 in
2787 2370 2853 2410 eo
2897 2355 3043 2425 quod
3074 2363 3160 2410 est
3210 2357 3388 2411 solum
3427 2371 3618 2410 aman-

2045 2450 2197 2503 dum.
2230 2448 2337 2503 Sed
2369 2448 2487 2504 fieri
2524 2464 2633 2503 non
2668 2454 2869 2517 potest,
2914 2455 2973 2501 ut
3003 2448 3072 2502 de
3099 2447 3186 2504 his
3218 2448 3366 2501 clara
3405 2449 3611 2504 habea-

2046 2547 2134 2593 tur
2166 2539 2430 2609 cognitio,
2471 2538 2578 2593 nisi
2614 2538 2670 2592 id
2691 2538 2759 2594 de
2783 2554 2894 2608 quo
2924 2539 3107 2608 agitur
3140 2539 3215 2593 ita
3248 2539 3530 2594 dividatur
3558 2541 3612 2595 in

2044 2628 2505 2698 contemplatione
2538 2648 2552 2683 :
2585 2628 2864 2683 Bonorum
2920 2643 3088 2699 ergo,
3136 2644 3369 2699 quorum
3428 2630 3616 2686 studio

2045 2729 2299 2774 tenentur
2351 2720 2642 2784 homines,
2690 2722 2798 2777 alia
2854 2723 3070 2791 quidem
3119 2739 3246 2777 vere
3307 2731 3437 2779 sunt
3486 2725 3613 2778 talia

2042 2812 2220 2881 qualia
2281 2813 2636 2868 nominantur
2679 2831 2693 2868 :
2738 2813 2844 2868 alia
2908 2822 3089 2868 autem
3156 2814 3353 2870 falsam
3413 2817 3616 2871 habent

2044 2904 2480 2972 appellationem.
2532 2904 2663 2970 Quae
2716 2906 2861 2960 enim
2901 2914 3033 2961 sunt
3075 2907 3347 2976 ejusmodi
3395 2917 3455 2962 ut
3505 2925 3613 2962 non

2044 3009 2103 3048 se
2135 2995 2199 3048 ad
2238 3005 2454 3065 tempus
2487 2995 2716 3051 fruenda
2756 2998 3069 3067 praebeant;
3118 3014 3297 3069 neque
3345 3016 3469 3055 cum
3508 3001 3614 3055 ali-

2044 3085 2132 3138 cui
2179 3087 2411 3156 pulchra
2462 3087 2793 3152 videantur,
2847 3090 2970 3145 aliis
3023 3097 3154 3145 sunt
3211 3091 3455 3156 inutilia,
3516 3092 3613 3148 sed

2044 3193 2258 3246 semper
2307 3186 2363 3232 et
2408 3194 2505 3249 per
2535 3180 2742 3245 omnia,
2786 3188 2842 3234 et
2896 3181 2952 3236 in
2982 3182 3239 3238 omnibus
3286 3191 3415 3237 sunt
3471 3183 3612 3237 bona

2042 3270 2243 3338 quibus
2272 3270 2496 3335 fuerim,
2540 3285 2603 3326 ea
2634 3287 2763 3327 vere
2804 3280 2937 3327 sunt
2966 3272 3135 3341 bona,
3170 3289 3387 3344 semper
3414 3275 3615 3330 simili-

2042 3369 2125 3415 ter
2152 3371 2205 3416 et
2234 3363 2424 3418 eodem
2466 3364 2630 3419 modo
2662 3379 2725 3419 se
2767 3364 3047 3429 habentia,
3078 3376 3132 3421 et
3173 3381 3285 3422 non
3314 3366 3613 3422 admitten-

2042 3454 2116 3507 tia
2160 3454 2288 3508 mali
2332 3456 2796 3511 commistionem.
2832 3455 2965 3523 Qum
2996 3457 3216 3527 quidem
3254 3459 3324 3513 iis
3367 3459 3460 3529 qui
3496 3474 3613 3514 rem

2037 3553 2294 3600 accurate
2324 3547 2663 3612 examinant,
2700 3549 2757 3604 in
2786 3550 2902 3606 sola
2925 3550 3113 3605 divina
3155 3559 3211 3605 et
3238 3557 3445 3606 aeterna
3472 3566 3612 3606 cono

2041 3636 2356 3692 siderantur
2404 3646 2626 3695 natura.
2654 3640 2778 3696 Alia
2804 3650 2987 3696 autem
3036 3643 3221 3697 omnia
3255 3658 3379 3713 quae
3423 3643 3609 3699 sensui

2039 3736 2167 3780 sunt
2196 3727 2426 3797 pulchra
2469 3743 2535 3783 ac
2564 3730 2729 3796 bona,
2762 3730 2993 3802 pulchra
3021 3741 3202 3787 autem
3225 3733 3484 3787 videntur
3512 3749 3615 3802 per

2039 3832 2278 3872 errorem
2323 3819 2620 3887 opinionis,
2669 3837 2847 3891 neque
2887 3832 3036 3888 sunt,
3084 3838 3266 3892 neque
3299 3824 3614 3878 consistunt

2046 3916 2262 3975 natura,
2305 3911 2401 3966 sed
2443 3927 2566 3966 cum
2604 3913 2714 3967 sint
2745 3912 2905 3967 ﬂuxae
2933 3922 2989 3968 et
3013 3915 3351 3970 transeuntis
3379 3922 3607 3977 natura,

2045 4016 2139 4070 per
2166 4017 2408 4057 errorem
2442 4005 2734 4072 quemdam
2783 4012 2838 4061 et
2866 4006 3083 4061 inanem
3125 4006 3609 4072 existimationem,

2042 4106 2169 4144 vera
2200 4108 2323 4147 esse
2351 4102 2644 4150 censentur
2675 4096 2988 4152 ineruditis.
3025 4096 3083 4151 Si
3116 4112 3246 4168 ergo
3280 4098 3613 4168 amplecten-

372 4189 452 4236 tes
479 4198 544 4237 ea
574 4198 694 4252 qua:
728 4190 856 4236 sunt
931 4183 1226 4245 instabilis,
1290 4198 1354 4237 ea
1408 4198 1517 4236 non
1571 4189 1836 4251 appetunt
1878 4198 1997 4251 quae
2036 4197 2249 4253 semper
2286 4193 2435 4252 sunt,
2486 4186 2701 4241 videtur
2743 4187 3105 4245 Ecclesiastes
3150 4189 3317 4245 veluti
3361 4190 3416 4245 in
3468 4206 3609 4260 qua-

368 4274 491 4328 dam
538 4275 647 4328 alta
696 4282 852 4330 stans
890 4276 1130 4344 specula,
1177 4275 1243 4328 ad
1284 4274 1577 4328 humanam
1628 4274 1938 4329 exclamare
1976 4283 2225 4331 naturam
2290 4291 2415 4331 cum
2483 4277 2633 4341 dicit,
2671 4297 2689 4331 ι
2726 4278 2966 4349 Tempus
2993 4287 3079 4336 est
3113 4280 3354 4347 amandi,
3386 4292 3440 4338 et
3469 4292 3609 4340 tem-

369 4380 470 4435 pus
495 4373 581 4420 est
611 4366 737 4420 odio
774 4365 1029 4427 habendi,
1066 4384 1084 4413 ι
1118 4363 1263 4433 quod
1296 4364 1403 4418 alia
1446 4371 1577 4418 sunt
1644 4379 1772 4419 vere
1800 4365 1962 4432 bona,
2036 4381 2157 4436 quae
2188 4368 2354 4423 etiam
2381 4370 2501 4440 ipsa
2543 4379 2671 4425 sunt
2712 4369 2944 4441 pulchra
2990 4380 3047 4427 et
3089 4371 3344 4439 honesta,
3378 4382 3433 4429 et
3472 4378 3611 4434 tales

370 4454 578 4509 faciunt
613 4470 709 4511 eos
742 4455 834 4523 qui
871 4462 1002 4510 sunt
1027 4455 1338 4524 participes.

436 4543 562 4602 υἷον
586 4549 695 4618 γὰρ
740 4544 875 4619 ἃνῇ
927 4550 992 4617 τῇ
1050 4548 1208 4615 φύσει
1258 4547 1319 4602 τὸ
1374 4547 1751 4617 μετεχόμενον,
1800 4547 1936 4619 πρὸς

2108 4546 2277 4613 Quale
2300 4546 2446 4603 enim
2473 4553 2556 4601 est
2581 4554 2775 4600 natura
2802 4544 2855 4599 id
2882 4545 3029 4617 quod
3058 4547 3436 4617 participatur,
3463 4550 3517 4604 in
3550 4550 3605 4605 id

364 4641 523 4695 τοῦτο
579 4640 790 4711 ἀνάγκη
854 4640 949 4693 καὶ
1002 4639 1062 4692 τὸ
1125 4641 1350 4710 μετέχον
1407 4639 1934 4711 συμμετατίθεσθαιο

364 4729 476 4785 οἷον
535 4731 768 4785 εὔπνουν
824 4732 1030 4800 γίνεται
1086 4732 1148 4785 τὸ
1208 4732 1381 4803 στόμα
1432 4731 1526 4785 τοῦ
1586 4732 1837 4795 λαϐόντος
1884 4750 1938 4785 τι

364 4823 472 4876 τῶν
502 4822 874 4877 εὐπνοούντων
924 4822 1233 4894 ἀρωμάτων
1274 4821 1364 4876 διὰ
1387 4821 1482 4875 τοῦ
1531 4821 1812 4889 στόματος,
1845 4823 1936 4875 καὶ

362 4916 597 4981 δυσῶδες
647 4915 808 4969 πάλιν
850 4915 944 4968 τοῦ
994 4914 1246 4986 σκόροδον
1283 4912 1662 4986 ὲντρώγοντος,
1710 4915 1746 4985 ἡ
1790 4931 1935 4977 τινος

363 5008 525 5061 ἄλλου
598 5007 709 5060 τῶν
769 5006 1205 5076 δυσωδεστέρων.
1273 5005 1480 5059 Οὐκοῦν
1551 5006 1735 5076 ἐπειδὴ
1807 5006 1932 5058 δυσ-

362 5100 505 5169 ώδης
549 5100 647 5169 μὲν
681 5100 788 5161 πᾶς
830 5099 1000 5170 ρύπος
1031 5098 1129 5167 τῆς
1170 5098 1463 5168 ἁμαρτίας,
1503 5099 1565 5150 ὲκ
1596 5098 1653 5151 δὲ
1696 5098 1789 5151 τοῦ
1841 5100 1928 5151 ὲν-

365 5190 546 5242 αντίου
582 5191 613 5258 ἡ
656 5188 825 5259 ἀρετὴ
869 5188 1103 5260 Χριστοῦ
1149 5190 1299 5241 ἐστιν
1343 5187 1571 5250 εὐωδία,
1619 5190 1652 5257 ἡ
1696 5188 1755 5241 δὲ
1798 5190 1933 5257 ἀγα-

364 5278 569 5348 πητικὴ
611 5280 789 5347 σχέσις
817 5278 916 5349 τὴν
955 5279 1091 5349 πρὸς
1126 5279 1187 5331 τὸ
1226 5278 1584 5348 ἀγαπώμενον
1630 5281 1933 5349 ἀνάκρασιν

363 5371 606 5438 φυσικῶς
645 5371 1038 5440 κατεργάζεται
1064 5387 1077 5401 ·
1130 5373 1267 5442 ὅπερ
1309 5372 1376 5426 ἂν
1420 5368 1514 5425 οὖν
1561 5372 1650 5425 διά
1698 5372 1797 5441 τῆς
1841 5390 1929 5440 φι-

362 5460 483 5523 λίας
538 5459 787 5531 ἐρώμεθα
813 5501 827 5524 ,
869 5465 1039 5515 ἐκεῖνο
1103 5463 1405 5535 γινόμεθα,
1450 5464 1483 5533 ἢ
1552 5462 1749 5517 εὐωδία
1793 5464 1927 5534 Χρι-

362 5552 488 5606 στοῦ
552 5552 585 5623 ἢ
653 5548 902 5606 δυσωδία.
973 5554 1031 5606 Ὀ
1085 5555 1193 5625 γὰρ
1241 5554 1303 5609 τὸ
1364 5554 1526 5609 καλὸν
1595 5554 1924 5624 ἀγαπήσας,

362 5643 523 5709 καλὸς
552 5643 645 5697 καὶ
688 5643 847 5707 αὐτὸς
879 5644 1051 5711 ἔσται,
1080 5647 1179 5715 τῆς
1216 5646 1548 5717 ἀγαθότητος
1573 5644 1668 5699 τοῦ
1696 5646 1753 5713 ὲν
1780 5643 1928 5715 αύτῷ

428 5826 473 5858 δ’
513 5825 555 5879 II
605 5824 733 5879 Cor.
768 5838 828 5885 ιι,
879 5820 961 5874 15.

2034 4639 2199 4695 etiam
2229 4652 2455 4701 necesse
2481 4644 2565 4692 est
2589 4636 2755 4692 simul
2803 4644 3201 4693 transmutetur
3224 4638 3280 4692 id
3310 4640 3455 4710 quod
3483 4654 3606 4710 par-

2032 4731 2255 4801 ticipat,
2301 4735 2361 4782 ut
2398 4729 2538 4783 bene
2582 4727 2737 4784 olens
2770 4729 2832 4783 ﬁt
2856 4736 2921 4783 es
2950 4728 3071 4798 ejus
3096 4729 3192 4799 qui
3249 4744 3345 4785 ore
3393 4733 3607 4801 accepit

2030 4830 2311 4883 aromata.
2358 4828 2415 4876 et
2457 4826 2655 4877 rursus
2697 4820 2841 4876 male
2882 4821 3037 4875 olens
3078 4821 3198 4891 ejus
3240 4821 3333 4893 qui
3364 4823 3604 4879 comedit

2031 4914 2249 4976 allium,
2303 4918 2398 4965 aut
2427 4910 2631 4979 aliquid
2668 4910 2817 4964 aliud
2855 4910 2999 4980 quod
3035 4920 3120 4966 est
3156 4911 3423 4968 fmtidius.
3454 4913 3605 4982 Quo-

2032 5005 2174 5057 uiam
2200 5018 2330 5072 ergo
2356 5001 2548 5056 faetida
2574 5001 2794 5070 quidem
2842 5010 2929 5057 est
2963 5003 3145 5059 omnis
3185 5003 3377 5061 sordes
3412 5020 3604 5074 pecca-

2030 5097 2101 5158 ti;
2144 5104 2333 5149 coutra
2379 5100 2559 5148 autem
2599 5092 2771 5149 virtus
2801 5101 2887 5149 est
2920 5094 3098 5150 bonus
3128 5096 3264 5151 odor
3294 5096 3501 5152 Christi
3534 5097 3601 5161 ”,

2028 5184 2246 5237 amandi
2287 5190 2466 5236 autem
2498 5182 2763 5237 habitudo
2793 5184 3118 5239 naturaliter
3156 5184 3318 5241 etlicit
3356 5194 3600 5241 contem-

2029 5276 2361 5344 perationem
2391 5289 2517 5329 cum
2562 5290 2628 5330 eo
2670 5277 2816 5345 quod
2849 5284 3108 5331 amatur:
3142 5277 3289 5346 quod
3322 5291 3452 5345 ergo
3477 5276 3602 5331 dili-

2027 5368 2203 5437 gimus
2227 5381 2323 5436 per
2345 5380 2588 5422 amorem
2610 5406 2626 5432 ,
2655 5383 2755 5438 per
2782 5368 2916 5423 illud
2943 5367 3245 5423 etIieiamur
3273 5367 3475 5424 Christi
3505 5370 3601 5423 bo-

2029 5475 2133 5514 nus
2162 5460 2247 5513 vel
2281 5460 2455 5515 malus
2487 5460 2643 5515 odor.
2686 5459 2792 5526 Qui
2822 5460 2969 5515 enim
3015 5458 3159 5530 quod
3186 5460 3388 5515 bonum
3431 5465 3518 5514 est
3544 5467 3598 5513 et

2030 5550 2318 5607 honestum
2359 5553 2595 5615 amavit,
2644 5552 2762 5622 ipse
2800 5566 3022 5622 quoque
3058 5551 3165 5606 erit
3204 5550 3380 5605 bonus
3414 5560 3468 5605 et
3497 5550 3597 5604 ho.

2032 5650 2221 5700 aestus
2235 5682 2249 5709 ,
2266 5640 2505 5698 bonitate
2522 5640 2644 5711 ejus
2662 5638 2880 5711 quodin
2900 5639 3019 5710 ipso
3038 5650 3140 5707 est,
3164 5656 3287 5697 eum
3318 5641 3412 5713 qui
3446 5657 3598 5700 acce-
