4116 6502
491 423 594 479 739

1665 419 1728 481 S.
1756 415 2088 478 GREGORII
2124 419 2423 481 NYSSENI

3625 425 3728 482 ’ἴω

487 541 566 610 pit
595 538 650 592 in
680 537 914 607 seipsam
946 542 1369 590 transmutante.
1396 533 1692 606 Pr0pterea
1727 538 1887 592 nobis
1919 538 2060 607 seip-

2164 541 2447 611 γινομένου
2479 542 2612 614 πρὸς
2635 541 2837 614 ἑαυτὴν
2865 541 2956 596 τὸν
2987 538 3279 610 δεξάμενον
3308 539 3726 610 μεταποιούσης.

486 646 606 682 sum
634 626 1026 682 comedendum
1069 625 1324 696 proponit
1360 627 1404 681 is
1447 627 1542 696 qui
1583 642 1798 696 semper
1839 636 1954 688 est,
1999 637 2058 682 ut

485 735 609 774 cum
643 719 818 786 ipsum
844 718 896 770 in
919 714 1081 769 nobis
1107 715 1243 784 ipsis
1265 717 1674 785 acceperimus,
1702 717 1832 770 illud
1867 718 2058 771 ﬁamus

485 812 632 883 quod
665 812 755 865 ille
788 818 891 864 est.
927 809 1071 864 Dicit
1122 809 1266 863 enim
1290 848 1305 872 ,
1339 828 1356 860 ι
1385 807 1528 862 Caro
1558 824 1676 863 mea
1710 824 1833 863 vere
1862 818 1946 863 est
1977 810 2058 864 ci-

486 905 592 959 bus
612 943 628 968 ,
665 910 720 956 et
751 901 978 971 sanguis
1004 917 1158 956 meus
1187 915 1314 955 vere
1341 909 1425 954 est
1462 908 1624 970 potus
1652 899 1719 952 “.
1747 918 1764 950 ι
1794 899 1897 965 Qui
1927 916 2058 971 ergo

483 995 628 1049 hanc
662 1003 810 1047 amat
840 1007 1064 1046 carnem
1087 1033 1100 1056 ,
1131 1007 1240 1046 non
1269 999 1354 1046 est
1383 991 1593 1046 amicus
1625 1006 1736 1046 suae
1761 991 1943 1046 carnis
1963 1032 1977 1056 ,
2005 1000 2059 1045 et

483 1089 579 1157 qui
610 1087 663 1140 in
697 1086 841 1139 hunc
875 1085 1198 1154 sanguinem
1226 1091 1311 1138 est
1343 1082 1569 1137 aﬂ'ectus
1590 1124 1605 1148 ,
1635 1083 1870 1137 mundus
1896 1085 1998 1137 erit
2027 1100 2058 1136 a

485 1179 675 1235 sensili
715 1182 999 1248 sanguine.
1037 1175 1180 1230 Caro
1213 1176 1358 1229 enim
1389 1173 1591 1242 Verbi,
1619 1183 1674 1228 et
1710 1176 1933 1246 sanguis
1965 1177 2057 1244 qui

486 1271 648 1339 estin
679 1270 781 1324 hac
806 1285 991 1332 carne,
1006 1283 1113 1322 non
1139 1283 1304 1322 unum
1329 1267 1492 1322 habet
1519 1268 1881 1339 gratiam,sed
1906 1276 1989 1323 est
2009 1278 2062 1322 et

490 1363 676 1418 suavis
708 1362 775 1416 iis
807 1363 897 1431 qui
930 1370 1170 1431 gustant,
1202 1369 1256 1415 et
1279 1360 1615 1431 appetendus
1638 1359 1708 1416 iis
1728 1362 1820 1431 qui
1843 1361 2061 1416 deside-

489 1461 636 1516 rant,
657 1454 794 1508 etiis
814 1453 904 1522 qui
923 1449 1519 1522 diliguntamabilis.Si
1550 1453 1674 1521 quis
1705 1461 1884 1506 autem
1913 1467 2062 1506 amo-

487 1561 604 1601 rem
623 1544 952 1600 converterit
969 1543 1035 1596 ad
1054 1559 1116 1598 ea
1137 1559 1259 1614 qua!
1279 1559 1386 1597 non
1405 1545 1736 1611 consistunt,
1750 1543 2060 1614 cujusmodi

489 1646 620 1693 sunt
649 1653 712 1691 ea
747 1647 963 1697 natura,
999 1636 1109 1690 tale
1141 1636 1306 1689 etiam
1353 1635 1425 1689 sit
1461 1651 1688 1690 necesse
1721 1645 1806 1690 est
1835 1645 1889 1690 et
1916 1635 2060 1704 quod

490 1729 554 1783 in
581 1728 690 1783 illis
723 1728 904 1781 fuerit.
929 1725 1199 1792 Quoniam
1227 1741 1358 1796 ergo
1394 1727 1446 1779 in
1480 1727 1546 1782 iis
1587 1742 1708 1796 qua:
1736 1738 1884 1791 sunt,
1913 1726 2060 1780 aliud

487 1817 708 1888 quidem
728 1826 811 1871 est
829 1831 1041 1880 verum,
1067 1815 1214 1869 aliud
1237 1830 1366 1870 vero
1394 1815 1576 1881 inane,
1599 1817 1850 1871 convenit
1869 1831 2064 1888 cogno-

489 1921 647 1962 scere
677 1905 861 1968 iuane,
884 1915 943 1958 ut
974 1918 1037 1958 ea
1066 1905 1392 1973 opponendo
1422 1913 1475 1958 ct
1505 1907 1873 1975 comparando
1903 1908 2063 1960 intel-

489 1999 722 2068 ligamus
754 2006 1008 2051 naturam
1048 2010 1238 2050 eorum
1272 2011 1394 2065 quae
1429 2012 1556 2052 vere
1590 2009 1739 2053 sunt.
1786 1996 1877 2052 Sic
1917 1999 2064 2052 enim

487 2091 702 2144 faciunt
735 2103 928 2145 omnes
963 2088 1176 2153 sancti,
1209 2103 1306 2142 eos
1337 2089 1430 2158 qui
1464 2103 1494 2141 a
1526 2097 1675 2143 recta
1711 2090 1796 2143 via
1845 2089 2067 2146 aberra-

491 2189 655 2246 runt,
699 2189 754 2236 et
788 2195 884 2251 per
916 2195 1024 2234 non
1058 2187 1263 2233 rectam
1302 2179 1708 2250 ingrediuntur.
1743 2181 2064 2237 reducentes

487 2275 557 2329 ad
590 2275 730 2328 viam
756 2287 784 2325 a
813 2287 920 2342 qua
951 2271 1294 2326 diverterunt
1314 2309 1328 2333 ,
1354 2273 1542 2341 procul
1574 2273 2064 2342 clamantes,Fugc

485 2365 630 2419 viam
681 2363 735 2417 in
767 2377 875 2432 qua
911 2361 1236 2433 ingrederis.
1285 2361 1342 2414 ln
1378 2376 1439 2416 ea
1467 2361 1612 2416 enim
1653 2369 1782 2416 sunt
1821 2362 2063 2416 latrones

485 2463 541 2511 et
596 2455 882 2526 praedones
933 2461 988 2508 et
1041 2453 1444 2507 homicidarum
1490 2454 1743 2516 insidia,
1797 2462 1856 2508 ut
1898 2455 2062 2508 simul

484 2548 706 2619 quidem
739 2547 916 2601 viator
950 2544 1255 2616 periculum
1291 2544 1526 2599 declinet
1559 2545 1660 2598 via:
1698 2545 2018 2613 perniciosa:
2045 2563 2060 2612 ;

487 2641 558 2693 ab
590 2641 682 2692 illa
722 2645 906 2692 autem
941 2636 1029 2690 via
1064 2651 1349 2699 recessus,
1409 2636 1469 2690 tit
1498 2637 1584 2690 via
1636 2652 1757 2706 quae
1801 2638 1951 2690 ducit
1995 2639 2063 2692 ad

488 2746 608 2785 eam
643 2745 762 2800 qua:
797 2737 999 2784 servat.
1036 2728 1112 2782 Ita
1147 2731 1315 2783 etiam
1367 2744 1598 2798 magnus
1648 2731 1741 2784 ille
1795 2729 2065 2784 Ecclesia-

484 2831 598 2876 stes
633 2822 867 2889 desuper
891 2820 1164 2874 clamabat
1199 2820 1453 2875 humana:
1488 2800 1731 2888 naturae,
1762 2838 1883 2892 qum
1909 2838 2064 2876 erra-

483 2915 579 2969 bat
629 2915 683 2967 in
734 2913 882 2966 invio
915 2920 969 2966 et
1004 2927 1115 2966 non
1149 2913 1204 2966 in
1237 2913 1358 2975 via,
1395 2921 1452 2966 ut
1507 2914 1640 2967 dicit
1689 2911 1958 2984 Propheta
1993 2913 2060 2979 “,

486 3007 602 3061 haec
653 3015 842 3076 aperte
873 3004 1065 3059 dicens
1115 3020 1213 3074 per
1259 3019 1320 3058 ea
1353 3020 1474 3074 quae
1519 3005 1763 3074 loquitur
1793 3005 1939 3059 :Cur
1967 3021 2065 3074 per

487 3106 655 3151 totam
687 3099 851 3150 vitam
883 3096 1083 3149 erratis
1109 3138 1123 3159 ,
1157 3112 1190 3149 ο
1216 3095 1466 3150 homines
1489 3095 1511 3148 ?
1535 3110 1634 3149 cur
1659 3096 1858 3150 amatis
1891 3111 2024 3148 vana
2045 3136 2060 3160 ,

2159 633 2259 686 Διά
2285 631 2442 686 τοῦτο
2467 633 2724 702 ἐδώδιμον
2749 635 2882 702 ἡμῖν
2899 632 3086 684 ἑαυτὸν
3119 631 3437 701 προτίθησιν
3461 634 3489 684 6
3515 631 3602 685 ἀεὶ
3630 631 3724 696 ῶν,

2161 726 2246 779 ἵνα
2299 726 2654 788 ἀναλαϐόντες
2686 726 2847 779 αὑτὸν
2885 726 2944 775 ἐν
2983 725 3185 786 αὐτοῖς.
3235 726 3410 777 ἐκεῖνο
3445 723 3730 794 γενώμεθα

2159 820 2295 890 ὅπερ
2325 819 2526 882 ἐκεῖνός
2553 822 2687 871 ἐστι.
2709 818 2846 888 Φησὶ
2875 817 3003 888 γὰρ,
3039 818 3118 869 δτι
3157 837 3175 866 ι
3199 817 3260 868 'll
3301 817 3436 887 σάρξ
3465 833 3566 886 μου
3596 818 3729 888 ἀλη-

2160 910 2265 972 θῶς
2282 913 2395 963 ἐστι
2417 910 2635 981 βρῶσις,
2661 909 2831 962 καὶτὸ
2855 903 2991 978 αἷμά
3017 925 3116 978 μου
3136 907 3347 976 ἀληθῶς
3374 909 3488 961 ἐστι
3515 908 3724 971 πόσις.»

2170 1003 2230 1054 ὐ
2279 997 2371 1054 οὖν
2420 1001 2622 1070 ταύτην
2655 1000 2882 1067 ἀγαπῶν
2913 999 3011 1069 τὴν
3043 1000 3253 1069 σάρκα,
3294 1001 3393 1052 οὑκ
3430 999 3544 1051 ἐστι
3578 1000 3729 1068 φίλος

2159 1093 2258 1161 τῆς
2289 1093 2423 1155 ἰδίας
2453 1092 2669 1160 σαρκὸς,
2690 1094 2781 1144 καὶ
2809 1093 2836 1142 6
2867 1091 2999 1161 πρὸς
3021 1090 3178 1143 τοῦτο
3194 1091 3252 1143 τὸ
3278 1086 3415 1160 αἷμα
3444 1091 3725 1156 διατεθεὶς,

2161 1183 2252 1236 τοῦ
2292 1183 2550 1253 αἰσθητοῦ
2577 1185 2807 1251 αἵματος
2841 1182 3190 1252 καθαρεύσει.
3222 1184 3285 1236 Ἦ
3317 1183 3424 1254 γάρ
3439 1185 3534 1236 τοῦ
3555 1185 3728 1254 Λόγου

2164 1275 2316 1348 σὰρξ,
2379 1278 2472 1329 καὶ
2523 1277 2584 1330 τὸ
2614 1279 2677 1346 τῇ
2732 1277 2892 1347 σαρκὶ
2917 1276 3087 1345 ταύτῃ
3137 1277 3456 1345 ἐγκείμενον
3481 1273 3640 1348 αἷμα,
3663 1279 3728 1333 οὺ

2163 1367 2291 1436 μίαν
2322 1367 2442 1420 τινὰ
2471 1366 2630 1436 χάριν
2657 1366 2771 1434 ἔχει
2794 1382 2807 1394 ·
2843 1365 2958 1418 ἀλλ’
2989 1364 3085 1434 ἡδύ
3119 1381 3176 1416 τε
3203 1364 3410 1431 γίνεται
3439 1368 3550 1426 τοῖς
3568 1383 3730 1438 γευο-

2165 1459 2364 1529 μένοις,
2418 1460 2512 1510 καὶ
2553 1457 2779 1529 ὀρεκτὸν
2810 1459 2926 1520 τοῖς
2955 1455 3300 1524 ἐπιθυμοῦσι,
3343 1457 3434 1508 καὶ
3459 1459 3568 1517 τοῖς
3595 1458 3732 1521 ἀγα-

2161 1548 2335 1602 πῶσιν
2388 1547 2668 1618 ἐράσμιον.
2700 1547 2760 1599 Ei
2790 1545 2847 1598 δέ
2877 1562 2960 1608 τις
2991 1543 3209 1614 τρέψειε
3252 1542 3386 1612 πρὸς
3416 1543 3482 1594 τά
3526 1542 3598 1611 μὴ
3632 1542 3734 1608 ὐφ-

2161 1639 2368 1693 εστῶτα
2390 1639 2450 1691 τὸ
2473 1639 2712 1708 φίλτρον,
2737 1633 2824 1690 οἷα
2852 1638 2917 1706 τῇ
2939 1634 3097 1704 φύσει
3120 1633 3290 1686 ταῦτά
3313 1635 3481 1689 ἐστιν.
3514 1633 3729 1702 ἀνάγκη

2161 1734 2311 1786 πᾶσα
2348 1730 2583 1784 τοιοῦτον
2616 1729 2866 1798 γενέσθαι
2911 1730 3006 1782 καὶ
3035 1728 3126 1780 τὸν
3162 1728 3222 1779 ἐν
3250 1726 3477 1788 ἐκείνοις
3499 1725 3731 1793 γενόμε-

2163 1841 2270 1877 νον.
2318 1823 2470 1876 Ἐπεὶ
2497 1817 2590 1874 οὖν
2636 1823 2693 1874 ἐν
2723 1823 2832 1883 τοῖς
2859 1815 2976 1873 οὖσι
3009 1819 3070 1873 τὸ
3107 1819 3204 1888 μέν
3249 1834 3330 1869 τοι
3365 1815 3562 1886 ἀληθές
3588 1818 3726 1878 ἐστι,

2162 1916 2223 1968 τὸ
2247 1913 2304 1966 δὲ
2344 1914 2590 1983 μάταιον,
2632 1912 2718 1964 ἴνα
2749 1910 2836 1964 διὰ
2864 1911 2961 1979 τῆς
2987 1908 3461 1980 ἀντιπαραθέσεως
3487 1908 3587 1978 τὴν
3621 1907 3732 1960 τῶν

2163 2005 2379 2076 ἀληθῶς
2431 2005 2598 2058 δντων
2653 2002 2814 2073 φύσιν
2843 2003 3146 2072 νοήσωμεν.
3169 2000 3328 2054 υῦτω
3367 1999 3475 2068 γὰρ
3521 1997 3734 2052 ποιοῦσι

2163 2097 2362 2159 πάντες
2376 2097 2425 2149 οἱ
2457 2099 2617 2165 ᾰγιοι.
2650 2096 2773 2156 τοὺς
2789 2093 3198 2162 ἀποσφαλέντας
3220 2091 3318 2162 τῆς
3346 2091 3560 2154 εὐθείας
3586 2089 3728 2154 ὁδοῦ,

2161 2191 2256 2242 καὶ
2283 2187 2371 2241 διὰ
2413 2187 2514 2256 τῆς
2543 2184 2962 2256 πεπλανημένης
2992 2182 3426 2254 ὁδοιποροῦντας,
3462 2183 3600 2254 πρὸς
3631 2181 3732 2253 τὴν

2160 2283 2278 2337 ὁδὸν
2317 2281 2408 2350 ἀφ’
2445 2275 2512 2351 ἦς
2561 2278 2935 2349 ἐξετράπησαν
2986 2277 3369 2344 ἐπανάγοντες,
3425 2275 3732 2345 ἐμϐοῶντες

2161 2373 2462 2446 πόρρωθεν,
2510 2373 2592 2425 ὃτι
2645 2371 2786 2438 Φύγε
2817 2369 2915 2440 τὴν
2942 2369 3061 2422 ὁδὸν
3097 2371 3155 2422 ἐν
3256 2368 3484 2438 πορεύῃ.
3517 2369 3733 2438 Λῃσταὶ

2160 2468 2270 2537 γὰρ
2310 2466 2430 2518 κατ’
2458 2463 2626 2533 αὐτὴν
2652 2461 2745 2515 καὶ
2776 2460 3100 2523 λωποδύται,
3137 2461 3230 2513 καὶ
3261 2461 3462 2528 φονέων
3494 2461 3729 2527 ἐνέδραι,

2160 2561 2194 2630 ἢ
2245 2560 2331 2611 ἴνα
2383 2557 2496 2625 ἅμα
2531 2558 2628 2624 μὲν
2657 2556 2686 2606 6
2734 2553 2913 2620 ὁδίτης
2951 2552 3041 2604 τὸν
3081 2553 3322 2605 κίνδυνον
3353 2555 3599 2623 ἐκτραπῇ
3632 2553 3735 2624 τῆς

2159 2650 2407 2722 ὀλεθρίας
2430 2647 2549 2699 ὁδοῦ
2573 2663 2586 2675 ο
2615 2648 2646 2715 ἡ
2683 2645 2739 2698 δὲ
2769 2643 3113 2714 ἀναχώρησις
3147 2643 3381 2713 ἐκείνης,
3409 2643 3599 2714 ὁδηγία
3633 2644 3734 2712 τῆς

2163 2741 2438 2810 σωζούσης
2459 2740 2683 2806 γίνεται.
2709 2734 2891 2796 Οὕτως
2917 2735 3010 2788 καὶ
3037 2737 3066 2787 6
3096 2735 3264 2804 μέγας
3282 2736 3731 2806 Ἐκκλησιαστὴς,

2161 2834 2362 2888 ἀνωθεν
2387 2833 2512 2883 ἐϐόα
2545 2832 2608 2900 τῇ
2647 2827 2963 2898 ἀνθρωπίνῃ
3007 2827 3164 2895 φύσει
3197 2830 3262 2897 τῇ
3292 2829 3349 2879 ἐν
3382 2827 3568 2896 ἀϐάτῳ
3598 2828 3735 2880 πλα-

2160 2926 2373 2996 νωμένῃ
2397 2923 2488 2976 καὶ
2505 2923 2602 2990 οὐχ
2637 2920 2759 2990 ὁδῶ,
2781 2919 2963 2982 καθώς
2986 2935 3150 2990 φησιν
3173 2921 3201 2971 6
3221 2918 3530 2989 Προφήτης,
3558 2918 3734 2973 ταῦτα.

2161 3019 2418 3087 ἄντικρυς
2465 3014 2530 3066 δι’
2559 3007 2631 3064 ῶν
2671 3011 2968 3081 φθέγγεται
2997 3010 3190 3077 λέγων⁹
3237 3009 3303 3061 Τί
3337 3009 3613 3064 πλανᾶσθε
3643 3011 3735 3064 διά

2160 3109 2255 3162 τοῦ
2280 3108 2416 3177 βίον,
2456 3100 2500 3158 ὦ
2543 3103 2852 3173 ἀνθρωποι;
2901 3100 2967 3154 Τί
3009 3102 3261 3168 ἀγαπᾶτε
3288 3100 3358 3153 τά
3389 3101 3613 3170 μάταια,
3637 3105 3737 3155 καί

483 3198 538 3244 ει
569 3189 794 3258 diligitis
822 3205 885 3242 ea
916 3203 1038 3256 quze
1066 3203 1173 3241 non
1208 3195 1437 3256 possunt
1467 3188 1770 3242 consistere
1794 3229 1807 3252 ,
1840 3197 1891 3240 et
1926 3185 2060 3240 alie-

2165 3201 2365 3271 φιλεῖτε
2386 3199 2456 3251 τὰ
2490 3198 2852 3258 ἀνυπόστατα,
2903 3193 2996 3246 καὶ
3034 3195 3439 3264 προστετήκατε
3465 3197 3530 3264 τῇ
3553 3193 3736 3248 διαθέρ

487 3283 672 3337 ctione
708 3282 762 3334 in
796 3281 865 3335 iis
901 3281 1293 3334 contabescitis
1335 3296 1566 3350 quorum
1613 3266 1760 3332 nhlla
1806 3286 1890 3333 est
1933 3280 2065 3332 sub—

487 3375 726 3429 stantia?
751 3375 870 3426 Alia
898 3381 982 3426 est
1010 3373 1094 3424 via
1127 3373 1350 3426 minime
1381 3387 1571 3426 errans
1598 3379 1651 3424 et
1683 3372 1971 3430 salutaris.
2001 3373 2066 3424 il-

492 3465 600 3517 lam
629 3463 872 3531 diligite,
903 3462 956 3514 in
989 3463 1077 3514 illa
1103 3463 1380 3514 ambulate
1407 3477 1502 3531 per
1527 3463 1846 3516 charilatem
1867 3503 1880 3524 ,
1908 3464 2065 3529 cujus

485 3570 682 3610 nomen
715 3564 798 3608 est
828 3555 1030 3608 veritas
1053 3593 1066 3616 ,
1097 3564 1149 3607 et
1177 3554 1288 3606 vita
1309 3593 1322 3613 ,
1352 3562 1406 3606 et
1437 3555 1780 3622 incorruptio
1803 3595 1815 3617 ,
1847 3564 1900 3607 et
1937 3556 2024 3608 lux
2049 3597 2062 3619 ,

485 3657 541 3702 et
575 3632 712 3716 qua!
732 3653 860 3700 sunt
894 3646 1233 3716 hujusmodi.
1279 3645 1402 3699 Haec
1435 3655 1616 3701 autem
1652 3649 1736 3700 via
1775 3664 1869 3716 per
1902 3665 2063 3714 quam

486 3756 636 3795 nunc
688 3739 948 3800 curritis,
992 3738 1154 3807 digna
1199 3747 1283 3792 est
1325 3753 1488 3807 quam
1539 3737 1664 3790 odio
1713 3738 1960 3792 habeatis
2013 3747 2067 3792 et

487 3831 852 3892 aversemini;
890 3839 1039 3884 caret
1076 3831 1221 3883 enim
1258 3832 1375 3884 luce
1398 3871 1411 3890 .
1449 3842 1499 3883 et
1534 3844 1617 3884 est
1653 3833 1950 3899 intercepta
1989 3843 2067 3884 te-

487 3925 710 3987 nehris,
741 3924 1005 3991 ducitque
1054 3922 1122 3978 ad
1176 3925 1510 3992 pra'eipitia.
1560 3935 1614 3975 et
1667 3926 1961 3982 barathia.
2013 3933 2066 3977 et

487 4016 726 4070 ferarum
756 4016 979 4070 latibula
1001 4056 1014 4077 ,
1040 4023 1094 4067 et
1124 4020 1189 4068 ad
1222 4018 1493 4068 latronum
1526 4017 1774 4069 insidias.
1805 4018 1905 4080 Qui
1937 4033 2065 4085 ergo

487 4109 626 4163 dixit
653 4127 665 4162 :
692 4127 710 4158 ι
735 4107 973 4177 Tempus
998 4116 1082 4162 est
1113 4108 1351 4167 amandi,
1379 4127 1396 4159 ι
1424 4107 1664 4161 ostendit
1688 4108 1738 4160 id
1769 4108 1912 4176 quod
1938 4125 2064 4162 vere.

486 4210 570 4255 est
619 4199 852 4252 amabile
901 4206 955 4252 et
1003 4199 1378 4266 diligendtlttt:
1441 4209 1494 4252 et
1540 4199 1630 4266 qui
1683 4197 1810 4252 odio
1853 4208 2064 4268 tempus

487 4290 775 4358 ascripsit,
809 4288 970 4341 docet
995 4305 1242 4356 quamam
1272 4291 1381 4342 sint
1415 4291 1737 4342 aversanda.
1769 4289 1905 4344 Cum
1933 4308 2065 4359 ergo

486 4383 540 4435 id
565 4383 709 4450 quod
740 4390 824 4434 est
859 4390 1050 4433 natura
1084 4380 1374 4432 amandum
1408 4378 1799 4442 didicerimus,
1839 4381 1889 4434 id
1922 4397 2066 4435 com-

489 4477 790 4544 plectamur
833 4489 925 4538 per
963 4472 1322 4535 charitatem,
1367 4471 1436 4525 ab
1479 4487 1545 4525 eo
1585 4472 1809 4526 minime
1852 4474 2058 4536 aversi,

2165 3305 2246 3340 σει
2277 3285 2502 3347 τούτοις,
2524 3277 2597 3335 ῶν
2618 3283 2762 3334 ἐστιν
2785 3281 3006 3350 οὐδεμία
3027 3281 3322 3344 ὑπόστασις
3347 3297 3362 3346 ;
3395 3282 3562 3354 ’Λλλη
3583 3285 3734 3336 ἐστὶν

2162 3379 2277 3440 ὁδὸς
2313 3377 2556 3446 ἀπλανὴς
2607 3391 2665 3428 τε
2699 3375 2790 3427 καὶ
2835 3375 3134 3444 σωτήριος·
3181 3374 3396 3443 ἐκείνην
3445 3375 3732 3446 φιλήσατε,

2165 3473 2220 3522 ἐν
2248 3469 2428 3537 ἐκείνῃ
2451 3468 2536 3520 διὰ
2557 3467 2652 3534 τῆς
2680 3465 2899 3535 ἀγάπης
2918 3464 3329 3536 ὁδοιπορήσατε,
3363 3461 3429 3536 ἧς
3448 3467 3507 3519 τὸ
3539 3468 3731 3538 ὄνομα,

2165 3559 2388 3629 ἀλήθειά
2417 3560 2532 3609 ἐστι
2581 3556 2674 3608 καὶ
2715 3555 2846 3626 ζωὴ,
2882 3557 2975 3608 καὶ
3007 3555 3298 3626 ἀφθαρσία.
3343 3558 3435 3610 καὶ
3469 3559 3603 3625 φῶς,
3638 3560 3735 3614 καὶ

2164 3651 2229 3703 τὰ
2258 3650 2479 3703 τοιαῦτα
2505 3666 2515 3676 ·
2542 3647 2679 3716 αῦτη
2702 3647 2755 3698 δὲ
2781 3649 2812 3716 ὴ
2841 3646 2956 3707 ὁδὸς
2977 3645 3043 3698 δι’
3060 3642 3125 3716 ἦς
3159 3647 3254 3698 νῦν
3280 3648 3519 3718 τρέχετε,
3545 3650 3734 3718 μίσους

2165 3745 2257 3797 καὶ
2303 3742 2650 3813 ἀποστροφῆς
2691 3739 2814 3804 ἀξία
2836 3757 2848 3770 ο
2887 3741 3131 3808 ἀφεγγὴς
3155 3740 3262 3810 γάρ
3287 3743 3402 3792 ἐστι
3429 3743 3521 3794 καὶ
3549 3744 3732 3798 σκότει

2163 3833 2540 3902 διειλημμένη,
2571 3834 2649 3892 εἰς
2677 3831 2950 3901 κρημνοὺς
2977 3829 3030 3881 δὲ
3054 3830 3194 3895 ἀγει,
3227 3830 3317 3882 καὶ
3346 3829 3614 3900 βάραθρα,
3639 3833 3733 3886 καὶ

2165 3927 2444 3998 θηριώδεις
2500 3925 2712 3986 τόπους,
2769 3922 2863 3974 καὶ
2921 3920 3131 3990 λῃστῶν
3183 3920 3417 3984 ἐνέδρας.
3464 3922 3520 3974 ὐ
3552 3923 3732 3976 τοίνυν

2165 4018 2353 4076 εἰπὼν.
2386 4037 2402 4067 ι
2422 4015 2625 4085 Καιρὸς
2648 4013 2740 4066 τοῦ
2775 4013 3016 4081 φιλῆσαι,
3045 4031 3062 4062 ι
3082 4012 3142 4063 τὸ
3169 4013 3389 4080 φιλητὸν
3419 4012 3494 4073 ὡς
3519 4011 3732 4083 ἀληθῶς

2165 4113 2257 4164 καὶ
2280 4109 2557 4177 ἀγαπητὸν
2605 4105 2900 4167 ἐνεδείξατο
2924 4121 2935 4132 ·
2973 4104 3066 4156 καὶ
3098 4104 3126 4154 6
3161 4102 3238 4172 τῷ
3264 4104 3409 4172 μίσει
3430 4104 3518 4156 τὸν
3539 4104 3732 4174 καιρὸν

2164 4199 2502 4270 προγράψας.
2551 4189 2626 4248 ὧν
2660 4193 2764 4263 χρὴ
2793 4193 2890 4262 τὴν
2935 4193 3282 4262 ἀποστροφὴν
3303 4192 3446 4260 ἔχειν
3467 4193 3730 4257 ἐδίδαξεν.

2164 4290 2370 4345 Οὐκοῦν
2421 4287 2676 4358 μαθόντες
2703 4285 2763 4337 τὸ
2789 4284 3068 4353 ἀγαπητὸν
3108 4286 3173 4353 τῇ
3222 4282 3402 4351 φύσει,
3433 4285 3622 4337 τούτου
3639 4284 3731 4338 διὰ

2162 4379 2261 4447 τῆς
2294 4378 2512 4444 ἀγάπης
2565 4371 2964 4444 περιεχώμεθα,
2996 4371 3242 4440 μηδαμοῦ
3279 4374 3730 4444 παρατραπέντες

2165 4471 2270 4525 ὑπὸ
2307 4469 2405 4537 τῆς
2436 4467 2562 4536 περὶ
2593 4465 2652 4518 τὸ
2686 4465 2845 4516 καλὸν
2881 4463 3154 4533 ἀκρισίας.
3195 4464 3253 4516 ἐν
3293 4463 3499 4526 τούτοις
3521 4464 3579 4516 τὸ
3609 4464 3730 4533 φιλ.

485 4580 550 4617 ει
611 4577 677 4615 eo
732 4561 878 4627 quod
934 4563 1135 4617 bonum
1187 4568 1240 4613 et
1309 4561 1596 4615 honestum
1658 4560 1905 4629 judicare
1949 4580 2056 4617 non

2163 4580 2286 4634 τρον
2316 4562 2738 4628 δαπανήσαντες,
2788 4558 2845 4607 ἐν
2887 4551 2966 4618 οἷς
3010 4555 3340 4625 ἀπαγορεύει
3381 4556 3472 4607 καὶ
3507 4557 3534 4608 6
3557 4555 3729 4624 μέγας

486 4652 792 4721 possimus,
838 4662 1078 4702 amorem
1115 4649 1168 4702 in
1219 4648 1286 4701 iis
1328 4655 1742 4708 eousumentes.
1776 4649 1829 4702 in
1859 4652 2059 4720 quibus

487 4741 740 4812 prohibet
777 4755 1007 4810 magnus
1041 4740 1207 4794 David
1235 4781 1248 4800 ,
1282 4740 1465 4794 dicens
1494 4758 1506 4793 :
1537 4759 1554 4790 ι
1586 4739 1704 4794 Filii
1739 4741 2019 4796 hominum
2041 4785 2055 4804 ,

485 4848 774 4901 quousque
803 4835 952 4902 gravi
980 4832 1145 4884 corde
1170 4833 1194 4884 ?
1231 4847 1332 4884 cur
1358 4830 1585 4900 diligitis
1631 4833 1958 4895 vanitatem,
2004 4843 2058 4887 ει

483 4924 733 4993 quaeritis
758 4923 1099 4976 mendacium
1127 4923 1169 4954 "
1193 4923 1216 4974 ?
1236 4942 1251 4971 ι
1275 4922 1368 4975 Εει
1390 4924 1534 4976 enim
1567 4940 1732 4976 unum
1761 4925 1935 4978 solum
1969 4941 2059 4977 na-

485 5025 608 5068 tura
638 5015 970 5083 diligendum
995 5054 1008 5078 ,
1057 5013 1106 5066 id
1137 5013 1280 5081 quod
1312 5029 1435 5067 vere
1477 5023 1559 5067 est
1581 5057 1595 5079 ,
1635 5016 1700 5068 de
1733 5032 1842 5083 quo
1890 5016 2051 5070 etiam

483 5105 618 5158 dicit
652 5105 735 5156 lex
773 5104 1022 5172 Decalogi
1055 5122 1067 5155 :
1098 5123 1116 5152 ι
1149 5103 1346 5171 Diliges
1382 5101 1665 5157 Dominum
1701 5105 1862 5159 Deum
1900 5115 2051 5159 tuum

483 5214 545 5251 ει
583 5205 696 5248 toto
727 5198 892 5249 corde
921 5205 1045 5258 tuo,
1083 5203 1134 5249 et
1166 5211 1231 5248 ex
1263 5206 1372 5248 tota
1408 5207 1588 5250 mente
1615 5210 1702 5250 tua
1729 5237 1740 5258 ,
1770 5207 1823 5250 et
1849 5199 1913 5252 ex
1944 5208 2054 5252 tota

484 5287 664 5340 anima
698 5296 786 5339 tua
811 5286 879 5341 “.
908 5307 925 5337 ι
958 5285 1022 5338 Et
1070 5301 1236 5339 unum
1279 5296 1364 5341 est
1405 5303 1600 5342 rursus
1643 5305 1766 5342 vere
1791 5289 1917 5342 odio
1963 5291 2059 5343 ha-

485 5379 519 5432 b
543 5379 719 5431 'ndum
741 5419 755 5438 ,
785 5393 978 5446 nempe
1004 5377 1120 5432 vitii
1154 5379 1428 5443 inventor,
1457 5380 1581 5432 vitae
1613 5390 1812 5433 nostra:
1841 5382 2055 5446 hostis;

483 5467 670 5535 dequo
689 5466 967 5530 dicitlex,¢
983 5465 1123 5521 0dio
1142 5467 1368 5522 habebis
1391 5468 1831 5523 inimicumtnum
1846 5467 1909 5521 “.
1931 5469 2052 5523 iDei

481 5559 624 5611 enim
644 5559 889 5623 dilectio,
909 5565 995 5614 est
1017 5559 1283 5613 fortitudo
1301 5557 1422 5626 ejus
1434 5559 1525 5627 qui
1546 5559 1743 5629 diligit.
1765 5561 1843 5614 Ad
1860 5562 2051 5615 vitium

483 5660 662 5705 autem
688 5650 904 5706 aﬂectio
925 5652 1151 5706 exitium
1175 5651 1326 5706 all‘ert
1347 5653 1394 5706 ei
1412 5653 1506 5722 qui
1529 5653 1731 5706 malum
1749 5653 1942 5725 diligit.
1961 5655 2054 5709 Sic

551 5843 598 5876 ⁵⁸
635 5841 794 5898 Ιδυιι.
833 5859 904 5909 vt,
931 5844 1020 5900 56.
1101 5845 1140 5877 “
1183 5846 1570 5913 Psal.cvt,40.
1650 5852 1694 5880 δ’
1736 5846 1984 5920 Psal.tv,
2005 5851 2058 5906 5.

2165 4653 2346 4710 Aa6‘t6,
2381 4652 2582 4718 λέγων·
2613 4669 2628 4699 ι
2673 4649 2787 4701 Υἱοὶ
2819 4647 3140 4717 ἀνθρώπων,
3174 4648 3275 4709 ἕως
3299 4648 3423 4700 πότε
3451 4647 3730 4720 βαρυκάρ-

2161 4747 2302 4810 διοι;
2338 4746 2423 4797 ἴνα
2464 4743 2514 4796 τί
2558 4742 2804 4808 ἀγαπᾶτε
2852 4739 3202 4810 ματαιότητα,
3231 4741 3323 4792 καὶ
3355 4740 3567 4808 ζητεῖτε
3597 4741 3731 4810 ψεῦ-

2159 4841 2281 4902 δος;
2315 4836 2442 4889 »Ἐν
2467 4835 2575 4905 γὰρ
2613 4833 2768 4901 μόνον
2793 4833 3070 4902 ἀγαπητὸν
3115 4835 3177 4900 τῇ
3211 4831 3387 4896 φύσει,
3429 4831 3488 4884 τὸ
3509 4832 3728 4902 ’ἀληθῶς

2159 4924 2239 4986 ὃν,
2275 4921 2401 4992 περὶ
2459 4914 2519 4973 οὗ
2559 4937 2690 4989 φησι
2738 4920 2829 4972 καὶ
2874 4921 2906 4988 ἡ
2946 4919 3247 4986 Δεκαλόγου
3289 4920 3607 4989 νομοθεσία,
3648 4923 3730 4974 ὅτι

2167 5035 2184 5066 ι
2209 5014 2536 5083 Ἀγαπήσεις
2563 5010 2757 5082 Κύριον
2777 5010 2866 5063 τὸν
2887 5010 3019 5062 Θεόν
3043 5027 3133 5062 σου
3154 5009 3211 5074 ἐξ
3232 5010 3357 5080 ὅλης
3380 5011 3477 5078 τῆς
3496 5012 3730 5076 διανοίας

2161 5121 2308 5157 σου.»
2337 5105 2441 5154 Καὶ
2462 5101 2518 5154 ἓν
2548 5100 2709 5153 πάλιν
2741 5099 2964 5170 μισητὸν
2983 5102 3048 5170 τῇ
3077 5100 3321 5172 ἀληθεία,
3354 5103 3382 5154 6
3412 5101 3510 5170 τῆς
3533 5104 3729 5166 κακίας

2160 5193 2406 5262 εὑρετὴς,
2447 5193 2476 5243 6
2526 5190 2626 5258 τῆς
2653 5187 2798 5258 ζωῆς
2827 5187 2984 5260 ἡμῶν
3012 5189 3268 5257 πολέμιος
3289 5207 3300 5218 ·
3326 5191 3451 5260 περὶ
3470 5187 3529 5244 οὗ
3565 5209 3728 5261 φησιν

2159 5285 2187 5335 6
2219 5284 2398 5352 νόμος,
2448 5281 2530 5334 ὅτι
2573 5299 2590 5332 ι
2619 5281 2883 5350 Μισήσεις
2920 5275 3215 5348 τὺνέχθρόν
3230 5297 3343 5334 σου.
3365 5299 3382 5330 ι
3403 5283 3466 5334 Ἢ
3500 5284 3609 5354 γάρ
3633 5282 3727 5335 τοῦ

2160 5373 2296 5427 Θεοῦ
2326 5372 2536 5441 ἀγάπη,
2563 5372 2714 5441 ίσχὺς
2735 5371 2827 5424 τοῦ
2867 5370 3184 5438 ἀγαπῶντος
3207 5371 3432 5439 γίνεται’
3455 5375 3488 5442 ἡ
3520 5373 3574 5426 δὲ
3599 5375 3729 5443 πρὸς

2158 5465 2254 5535 τὴν
2288 5463 2484 5517 κακίαν
2523 5462 2778 5525 διάθεσις,
2826 5461 3044 5533 ὀλεθρον
3078 5463 3232 5533 φέρει
3275 5464 3352 5534 τῷ
3392 5465 3557 5518 κακὸν
3595 5464 3731 5532 ἀγα-

2159 5557 2350 5610 πῶντι.
2391 5553 2548 5608 υῦτω
2597 5554 2706 5624 γάρ
2745 5571 2906 5624 φησιν
2942 5557 2970 5624 ἡ
3022 5554 3362 5625 προφητεία·
3393 5575 3411 5606 ι
3437 5557 3728 5626 ’Δγαπήσω

2161 5666 2242 5711 σε,
2278 5647 2470 5720 Κύριε,
2513 5650 2548 5717 ἡ
2574 5647 2724 5717 ἰσχύς
2761 5665 2860 5718 μου
2887 5662 2901 5677 ·
2933 5647 3131 5718 Κύριος
3163 5648 3445 5720 στερέωμά
3479 5667 3602 5724 μου,
3633 5648 3731 5705 καὶ

2142 5850 2191 5884 ⁸³
2240 5850 2398 5906 Deut.
2434 5850 2578 5915 \i,5.
2657 5849 2699 5881 “
2739 5847 2932 5904 Matth.
2957 5865 3012 5916 γ,
3037 5848 3129 5906 45.
