4110 6460
317 438 414 490 ’111

1334 411 1399 466 IN
1442 392 1977 464 ECCLESIASTBIV.
2021 391 2305 448 HOMILIA
2339 389 2469 442 vui.

3449 376 3555 430 ’ξιιι

318 546 605 616 καταφυγή
632 558 753 613 μου,
777 541 871 594 καὶ
890 536 1091 610 ῥύστης
1114 549 1233 605 μου.
1249 549 1267 581 ι
1290 528 1421 599 Περὶ
1442 526 1499 579 δὲ
1527 523 1620 578 τοῦ
1645 518 1886 574 ἐναντίου
1916 565 1919 575 ,

2018 509 2133 564 ιηἰιη
2166 507 2298 561 dicit
2343 499 2622 573 prophetia
2652 518 2663 552 :
2694 515 2713 549 ι
2743 493 2975 565 Diligam
3019 497 3074 546 te
3102 531 3117 557 ,
3158 487 3383 543 Domine
3402 528 3421 555 ,
3452 486 3565 542 lor-

2018 603 2043 616 ι·
2110 599 2151 616 ιι
2193 612 2299 616 ν-Αη
2334 612 2344 616 -
2376 590 2635 616 n.....:......
2670 586 3070 616 cunnmmunm
3099 595 3276 616 mnum
3342 587 3392 616 ο,
3420 576 3565 616 ,οτη-

320 641 507 711 φησὶν,
535 654 555 687 ι
577 637 634 687 '0
668 634 722 685 δὲ
752 630 979 697 ἀγαπῶν
1022 627 1120 698 τὴν
1145 621 1377 685 ἀδικίαν,
1409 620 1553 689 μισεῖ
1574 615 1672 685 τὴν
1692 609 1886 666 ἑαυτοῦ

320 701 518 802 φυχήν.
552 723 856 795 Ἐπιϐρέξει
887 720 977 773 ἐπὶ
999 713 1353 787 ἁμαρτωλοὺς
1382 709 1601 777 παγίδα.
1634 726 1652 758 ι
1684 701 1890 770 Καιρὸς

322 793 538 877 οὖν.τοῦ
572 818 707 888 πρὸς
720 793 860 868 -Θεὸν
898 813 1116 882 φίλτρου
1142 812 1174 878 ἡ
1208 808 1321 878 ζωὴ
1357 806 1525 865 πᾶσα,
1555 801 1650 855 καὶ
1673 798 1769 867 τῆς
1796 793 1890 848 τοῦ

323 910 697 981 ἀντικειμένου
728 903 1128 977 ἀλλοτριώσεως
1154 902 1183 954 6
1214 900 1327 970 βίος
1355 897 1493 960 ὅλος.
1526 896 1584 947 '0
1608 895 1664 947 δὲ
1696 888 1892 981 μικρὸν

326 1022 378 1057 τι
394 1002 493 1069 τῆς
519 975 664 1066 ζωῆς
697 995 800 1059 ἔξω
824 975 915 1046 τοῦ
945 991 1117 1059 φιλεῖν
1148 987 1241 1041 τὸν
1275 985 1407 1038 Θεὸν
1446 981 1756 1051 γενόμενος,
1787 975 1892 1040 ἔξω

327 1067 537 1164 γίνεται
578 1089 792 1149 πάντως
828 1080 887 1138 οὗ
916 1086 1013 1153 τῆς
1044 1081 1263 1150 ἀγάπης
1309 1076 1659 1147 κεχώρισται.
1698 1069 1802 1123 Τὸν
1836 1067 1894 1120 δὲ

329 1159 434 1248 ἐξω
458 1180 551 1233 τοῦ
576 1177 709 1230 Θεοῦ
722 1176 1032 1244 γενόμενον,
1052 1170 1156 1234 ἔξω
1182 1163 1322 1221 εἶναι
1338 1164 1431 1219 τοῦ
1447 1161 1621 1232 φωτὸς
1647 1159 1891 1228 ἀνάγκη’

336 1247 464 1325 διότι
512 1269 630 1339 φῶς
679 1270 708 1321 6
751 1265 915 1328 Θεός·
964 1262 1068 1329 ἕξω
1099 1261 1156 1314 δὲ
1187 1259 1279 1312 καὶ
1326 1256 1425 1327 τῆς
1473 1252 1618 1322 ζωῆς
1659 1250 1752 1303 καὶ
1795 1247 1897 1318 τῆς

332 1362 663 1433 ἀφθαρσίας,
687 1360 783 1413 καὶ
804 1355 1001 1418 παντὸς
1028 1353 1124 1406 τοῦ
1153 1351 1287 1423 πρὸς
1316 1348 1375 1403 τὸ
1395 1348 1637 1418 κρεῖττον
1666 1342 1900 1412 θεωρου-

338 1430 497 1527 μένου
536 1451 805 1523 νοήματός
855 1466 915 1501 τε
947 1447 1041 1500 καὶ
1074 1444 1425 1517 πράγματοςο
1470 1437 1615 1506 ἅπερ
1665 1435 1842 1487 πάντα
1870 1430 1899 1482 6

332 1525 466 1611 Θεός
494 1547 667 1599 ἐστιν.
714 1543 772 1595 '0
801 1542 909 1611 γὰρ
939 1543 997 1594 ὲν
1038 1536 1245 1598 τούτοις
1289 1533 1363 1604 μὴ
1400 1529 1499 1592 ὣν,
1529 1531 1587 1582 ὲν
1611 1529 1723 1589 τοῖς
1757 1525 1900 1576 έναν-

333 1639 466 1701 τίοις
509 1636 723 1697 πάντως
763 1632 929 1686 ἐστίν.
972 1626 1181 1682 υύκοῦν
1212 1623 1489 1693 ἐκδέχεται
1530 1620 1619 1671 τὸν
1659 1613 1898 1669 τοιοῦτον

338 1729 525 1794 σκότος
575 1728 670 1782 καὶ
698 1722 981 1794 διαφθορὰ,
1027 1718 1122 1773 καὶ
1148 1711 1497 1792 πανωλεθρία
1524 1709 1619 1769 καὶ
1650 1707 1898 1768 θάνατος.

403 2077 589 2132 Ταῦτα
639 2078 696 2129 ἐν
750 2072 973 2144 βραχείᾳ
1026 2071 1175 2139 φωνῇ
1239 2069 1268 2120 6
1327 2064 1419 2118 τοῦ
1480 2054 1901 2126 Ἐκκλησιαστοῦ

334 2170 489 2238 λόγος
520 2164 731 2231 διελὼν,
769 2162 1098 2215 ἐπιδείκνυσι
1132 2160 1197 2228 τῇ
1240 2155 1479 2224 εὐκαίρῳ
1503 2150 1673 2219 φιλία,
1707 2147 1800 2200 καὶ
1827 2144 1905 2215 τῷ

336 2262 477 2317 κατὰ
507 2258 696 2329 καιρὸν
744 2253 1115 2325 ὲνεργουμένῳ
1155 2251 1321 2320 μίσει,
1365 2245 1465 2316 τὴν
1504 2241 1764 2313 ἐκατέρου
1798 2240 1907 2291 τῶν

338 2354 479 2407 κατά
529 2350 590 2403 τὸ
652 2347 895 2402 ἐναντίον
964 2341 1268 2411 νοουμένων
1323 2337 1481 2407 φύσιν
1533 2330 1905 2400 ἀποκαλύψας.

338 2441 560 2513 Καιρὸς,
587 2437 771 2507 φησὶν,
798 2434 891 2487 τοῦ
934 2431 1157 2502 φιλῆσαι
1212 2427 1273 2479 τὸ
1320 2423 1520 2493 ἀγαθὸν
1545 2461 1560 2483 ,
1596 2423 1688 2473 καὶ
1722 2420 1911 2489 καιρὸς

339 2508 498 2589 πάλίν
542 2530 636 2584 τού
684 2529 909 2600 μισῆσαι
942 2525 1003 2577 τὸ
1046 2521 1304 2575 ἐναντίον.
1334 2519 1493 2586 Λέγει
1519 2517 1596 2582 δὲ,
1624 2518 1705 2569 ὅτι
1739 2516 1833 2581 Σὺ,
1866 2508 1910 2568 ὧ

340 2625 616 2697 ἄνθρωπε,
646 2621 780 2693 πρὸς
813 2618 873 2670 τὸ
908 2615 1071 2669 καλὸν
1117 2613 1230 2666 οίου
1267 2610 1478 2680 βλέπειν
1510 2609 1602 2661 τὸν
1635 2607 1813 2675 λόγον.
1848 2607 1911 2659 Ἡ

340 2719 449 2788 γὰρ
470 2712 840 2786 ἐνηλλαγμένη
868 2726 926 2762 τε
952 2707 1048 2761 καὶ
1073 2702 1465 2772 πεπλανημένη
1490 2699 1624 2769 πρὸς
1650 2699 1912 2768 ἑκάτερον

343 2807 547 2861 τούτων
570 2805 671 2875 τῆς
690 2803 867 2872 ψυχῆς
890 2798 1045 2870 ἡμῶν
1070 2796 1332 2858 διάθεσις,
1373 2793 1493 2863 ῥίζα
1526 2790 1618 2844 καὶ
1652 2790 1792 2861 ἀρχὴ
1818 2789 1915 2859 τῆς

346 2896 619 2968 ἁμαρτίας
635 2891 1056 2951 ἐστίν.‹ούδεὶς›
1072 2886 1181 2958 γὰρ
1203 2905 1220 2936 ι
1241 2885 1483 2939 δύναται.
1505 2902 1521 2932 ι
1545 2882 1728 2951 φησὶν,
1755 2900 1771 2930 ι
1796 2880 1917 2933 δυσὶ

1988 599 2162 656 titudo
2189 612 2305 651 mea
2333 612 2345 647 :
2376 590 2638 646 Dominus
2670 586 3071 640 firmamentum
3099 595 3277 633 meum
3302 619 3318 641 ,
3342 587 3396 634 et
3420 576 3565 632 refu-

1990 693 2136 764 gium
2181 702 2394 747 meum,
2438 692 2492 736 et
2542 680 2799 734 liberator
2842 689 2995 729 meus
3037 672 3102 725 ‘5.
3129 691 3148 722 ι
3176 670 3248 724 De
3282 669 3564 724 contrario

1992 759 2170 838 autem
2203 776 2336 831 dicit
2362 798 2373 831 :
2398 792 2416 825 ι
2440 771 2544 839 Qui
2585 780 2763 824 autem
2809 767 2985 832 diligit
3024 763 3367 832 iniquitatem
3390 799 3407 825 ,
3450 759 3569 814 odit

1993 873 2229 926 animam
2254 865 2604 921 suam.Pluet
2631 874 2795 929 super
2826 863 3144 927 peccatores
3170 854 3420 922 laqueum
3446 850 3515 904 “.
3539 869 3561 902 ι

1993 963 2230 1031 Tempus
2260 973 2389 1027 ergo
2420 952 2676 1024 diligendi
2708 950 2875 1005 Deum
2902 957 2985 1002 est
3028 953 3137 1000 tota
3164 945 3306 1006 vita,
3336 950 3387 997 et
3427 950 3568 997 tem-

1994 1070 2096 1124 pus
2123 1047 2538 1107 abalienationis
2571 1045 2640 1099 ab
2668 1040 2984 1096 adversario
3021 1045 3105 1092 est
3131 1043 3302 1089 totum
3347 1042 3565 1103 tempus

1995 1146 2137 1199 vita}.
2171 1143 2272 1207 Qui
2317 1148 2499 1194 autem
2537 1150 2708 1206 parvo
2748 1132 2933 1202 aliquo
2973 1131 3099 1184 vita:
3141 1142 3253 1182 suae
3282 1126 3460 1196 spatio
3485 1133 3572 1178 est

1995 1245 2241 1293 remotus
2286 1250 2315 1286 a
2362 1231 2456 1286 Dei
2485 1229 2779 1284 dilectione
2809 1266 2824 1290 ,
2855 1226 3017 1294 plane
3055 1221 3168 1277 exit
3193 1222 3259 1275 ab
3281 1236 3381 1283 eo,
3411 1219 3571 1288 cujus

1998 1344 2027 1381 a
2074 1328 2342 1380 charitatc
2370 1323 2654 1391 sejunctus
2680 1327 2783 1373 est.
2815 1316 2950 1369 Eum
2983 1325 3161 1368 autem
3185 1312 3277 1380 qui
3303 1319 3388 1364 est
3416 1319 3570 1364 extra

2003 1420 2205 1479 Deum,
2257 1423 2411 1470 extra
2464 1413 2640 1466 lucem
2690 1423 2815 1463 esse
2868 1418 3095 1459 necesse
3138 1410 3258 1464 est,
3309 1400 3570 1471 quoniam

2000 1509 2142 1564 Deus
2171 1514 2256 1563 est
2288 1508 2425 1560 lux:
2469 1500 2770 1574 quinetiam
2821 1505 2974 1553 extra
3019 1494 3187 1548 vitam
3233 1500 3287 1548 et
3326 1494 3575 1549 incorru-

1998 1604 2239 1670 ptionem
2262 1639 2276 1663 ,
2309 1606 2361 1651 et
2386 1604 2770 1665 quamcunque
2796 1587 2997 1642 mentis
3023 1582 3440 1653 conceptionem
3463 1621 3478 1647 ,
3519 1589 3575 1636 et

2003 1710 2117 1747 rem
2147 1732 2162 1755 ,
2198 1706 2319 1761 quae
2349 1689 2567 1757 quidem
2599 1683 2781 1738 omnia
2812 1688 2896 1736 est
2924 1679 3091 1735 Deus.
3126 1677 3229 1743 Qui
3274 1676 3418 1731 enim
3463 1688 3573 1728 non

2001 1795 2083 1840 est
2108 1785 2161 1837 in
2188 1783 2296 1845 his,
2332 1788 2416 1834 est
2446 1777 2672 1833 omnino
2702 1775 2755 1828 in
2782 1771 3097 1828 contrariis.
3118 1768 3253 1822 Eum
3279 1769 3459 1837 itaque
3481 1765 3576 1837 qui

1930 1850 1968 1901 Β
1999 1884 2083 1930 est
2127 1871 2436 1944 ejusmodi,
2482 1867 2763 1937 excipiunt
2807 1863 3063 1919 tenebrae.
3089 1869 3144 1917 et
3184 1860 3477 1923 interitus,
3520 1863 3578 1914 et

1999 1967 2226 2021 exitium
2259 1971 2314 2017 et
2346 1976 2516 2016 mors.

2074 2078 2200 2132 Haec
2228 2090 2351 2131 cum
2378 2072 2621 2129 breviter
2645 2067 3190 2124 distiuxissetsermo’
3212 2060 3577 2122 Ecclesiastes,

2005 2169 2325 2239 tempestiva
2373 2163 2647 2224 amicitia,
2706 2170 2758 2215 et
2823 2158 2948 2212 odio
2992 2155 3137 2226 quod
3189 2162 3475 2210 exercetur
3523 2151 3579 2205 in

2009 2270 2293 2330 tempore,
2336 2254 2578 2311 ostendit
2622 2252 2905 2320 aperitque
2953 2256 3204 2302 naturam
3242 2260 3428 2300 eorum
3460 2257 3582 2312 qua:

2011 2352 2116 2408 sibi
2163 2348 2444 2405 adversari
2501 2344 2894 2414 intelliguntur.
2958 2339 3199 2407 Tempus
3245 2343 3351 2397 est,
3378 2332 3579 2403 inquit,

2012 2444 2232 2499 amandi
2259 2444 2461 2496 bonum
2487 2457 2501 2492 :
2526 2446 2580 2492 et
2615 2444 2832 2504 tempus
2864 2440 2950 2487 est
2975 2445 3167 2485 rursus
3190 2428 3318 2482 odio
3347 2424 3582 2479 habendi

2010 2535 2372 2590 contrarium.
2417 2531 2555 2584 Dicit
2596 2536 2798 2586 autem,
2829 2522 2932 2584 Tu,
2966 2536 2999 2575 ο
3029 2522 3211 2580 homo,
3244 2518 3492 2572 existima
3528 2514 3582 2568 id

2010 2627 2156 2698 quod
2187 2626 2389 2680 dicitur
2419 2622 2664 2691 aspicere
2694 2617 2760 2671 ad
2798 2617 2850 2670 id
2878 2613 3023 2685 quod
3051 2621 3136 2667 est
3164 2611 3366 2665 bonum
3401 2618 3454 2661 et
3484 2606 3587 2660 ho-

2012 2726 2248 2774 nestum.
2273 2715 2553 2782 Namquac
2575 2712 2626 2763 in
2653 2720 2882 2778 utroque
2909 2709 3101 2760 horum
3132 2711 3219 2759 est
3248 2714 3504 2773 perversa
3532 2707 3588 2753 et

2014 2812 2273 2865 aberrans
2308 2808 2502 2861 animae
2531 2803 2766 2867 aﬂ‘ectio,
2800 2818 2861 2855 ea
2885 2808 2969 2854 est
2992 2796 3147 2851 radix
3176 2803 3232 2850 et
3260 2791 3587 2863 principium

2016 2901 2244 2971 peccati.
2265 2919 2282 2948 ο
2309 2898 2478 2953 Nemo
2492 2898 2635 2951 enim
2660 2903 2858 2963 potest,
2884 2911 2902 2943 ι
2925 2890 3103 2960 inquit
3121 2887 3433 2951 Dominus,«
3455 2885 3593 2939 duo.

346 2987 559 3058 κυρίοις
584 2980 927 3050 δουλεύειν’ἢ
954 2979 1060 3047 γὰρ
1080 2978 1167 3029 τὸν
1193 2976 1288 3028 ἕνα
1314 2974 1531 3044 μισήσει
1562 2972 1656 3025 καὶ
1683 2971 1774 3023 τὸν
1801 2971 1919 3022 ’ἐτε-

2020 2993 2119 3044 bus
2150 2989 2386 3043 dominis
2420 2988 2623 3042 servire
2650 3004 2664 3051 ;
2702 2993 2796 3037 aut
2821 2983 2965 3037 enim
2998 2994 3166 3034 unum
3195 2978 3320 3031 odio
3347 2975 3587 3039 habebit,

354 3098 444 3151 ρον
472 3077 767 3146 ἀγαπήσει.
796 3092 815 3125 ι
834 3072 1098 3137 Ἐδίδαξεν
1126 3071 1158 3138 ὴ
1180 3065 1569 3135 ἀντιδιαστολὴ,
1590 3064 1672 3126 τίς
1690 3067 1718 3116 6
1737 3062 1919 3126 κακῶς

2018 3089 2071 3135 et
2117 3082 2345 3134 alterum
2392 3077 2581 3145 diliget
2610 3076 2676 3128 δ’.
2715 3094 2733 3125 ι
2772 3073 2939 3127 Docet
2974 3071 3086 3123 haec
3121 3066 3427 3127 distinctio.
3467 3066 3594 3134 quis

352 3150 642 3239 κυριεύων,
672 3159 730 3219 οὗ
761 3163 864 3235 χρὴ
897 3161 984 3214 διὰ
1018 3159 1111 3213 τοῦ
1147 3159 1335 3229 μίσους
1376 3152 1803 3225 ἀλλοτριοῦσθαι,
1827 3150 1919 3203 καὶ

2025 3173 2095 3226 sit
2125 3172 2215 3240 qui
2245 3170 2385 3223 male
2417 3168 2751 3228 dominetur,
2789 3180 2818 3218 a
2848 3178 2958 3234 quo
3002 3167 3217 3230 oportet
3238 3157 3472 3212 alienari.
3497 3169 3595 3225 per

352 3265 437 3327 τίς
464 3266 492 3316 6
522 3264 606 3314 ἐπ’
631 3259 818 3329 ἀγαθῷ
855 3256 950 3310 τοῦ
981 3253 1280 3325 ἀρχομένου
1326 3249 1563 3322 κρατῶν,
1591 3242 1634 3315 ᾧ
1660 3248 1919 3317 προσήκει

2023 3265 2229 3323 odium,
2264 3270 2319 3315 et
2355 3261 2479 3331 quis
2516 3261 2835 3315 dominetur
2865 3255 2986 3324 ejus
3025 3255 3172 3308 bono
3203 3251 3290 3305 cui
3336 3251 3593 3318 imperat,

353 3356 421 3409 δι’
460 3355 678 3424 ἀγάπης
725 3349 1109 3404 συνάπτεσθαι.
1151 3347 1213 3399 Εἰ
1251 3345 1306 3397 δέ
1334 3360 1417 3406 τις
1446 3343 1538 3396 τοῦ
1568 3339 1793 3412 μισητοῦ
1829 3339 1925 3408 μὲν

356 3449 653 3516 ἀπέχοιτο,
678 3446 771 3498 τοῦ
792 3446 848 3498 δὲ
873 3440 1155 3511 ἀγαπητοῦ
1176 3435 1563 3506 καταφρονοίη,
1589 3427 1741 3494 οὗτός
1780 3432 1926 3483 ἐστιν

355 3543 384 3594 6
407 3540 765 3594 ὑπαλλάσσων
789 3536 889 3605 τῆς
937 3534 1117 3605 φιλίας
1164 3532 1253 3586 καὶ
1282 3529 1375 3582 τοῦ
1401 3529 1590 3599 μίσους
1621 3526 1716 3596 τὴν
1749 3524 1928 3576 εὐκαι-

362 3632 480 3702 ρίαν
530 3630 641 3699 ἰδίῳ
687 3626 862 3697 κακῷ.
918 3626 974 3678 '0
1010 3623 1119 3693 γὰρ
1170 3617 1521 3689 καταφρονῶν
1568 3617 1923 3685 πράγματος,

358 3720 838 3790 καταφθαρήσεται
876 3715 964 3767 ὑπ’
1013 3712 1212 3767 αὐτοῦ’
1262 3714 1289 3764 6
1336 3711 1391 3763 δὲ
1441 3707 1796 3777 ἀντεχόμενος
1831 3704 1929 3774 τῆς

360 3811 655 3873 ἀπωλείας,
688 3808 1101 3879 περιποιήσεται
1140 3803 1295 3857 τοῦτο
1338 3801 1514 3870 ἑαυτῴ
1542 3796 1601 3853 οὗ
1633 3798 1926 3867 ἀντείχετο.

362 3905 679 3966 Διαστείλας
726 3903 904 3954 τοίνυν
950 3899 1028 3969 τῷ
1074 3898 1215 3967 λόγῳ
1247 3897 1315 3948 τὰ
1358 3895 1477 3947 κατ’
1510 3894 1710 3962 ἀρετήν
1735 3909 1793 3943 τε
1837 3891 1931 3943 καὶ

364 3997 563 4050 κακίαν
596 3994 879 4064 νοούμενα,
909 3989 1199 4059 ἐπιγνώσει
1226 3989 1323 4055 τὴν
1352 3986 1656 4054 εὐκαιρίαν,
1694 3983 1785 4035 τοῦ
1817 3982 1931 4044 πῶς

366 4087 470 4159 χρὴ
519 4086 653 4157 πρὸς
704 4085 962 4152 ἑκάτερον
1015 4080 1215 4133 τούτων
1262 4077 1425 4146 ἔχειν.
1479 4075 1802 4142 Ἑγκράτεια
1840 4074 1934 4123 κα)⁸

365 4176 546 4247 ἡδονὴ,
596 4171 915 4244 σωφροσύνη
963 4170 1056 4223 καὶ
1088 4167 1369 4227 ἀκολασία,
1407 4161 1692 4233 μετριότης
1717 4161 1811 4212 καὶ
1841 4158 1935 4211 τῦ-

368 4285 487 4337 φος,
522 4265 702 4319 εὕνοια
735 4265 828 4317 καὶ
876 4262 1151 4325 κακόνοια,
1173 4260 1267 4311 xat
1293 4257 1467 4310 πάντα
1497 4256 1564 4308 τὰ
1600 4253 1658 4317 ἐξ
1691 4253 1932 4306 ἐναντίου

367 4358 652 4429 νοούμενα,
700 4350 948 4426 φανερῶς
984 4353 1089 4406 ὑπὸ
1132 4350 1227 4403 τοῦ
1268 4345 1689 4418 Ἐκκλησιαστοῦ
1718 4344 1933 4397 ὑποδεί-

370 4450 557 4505 κνυταί
589 4467 670 4501 σοι
700 4450 846 4509 ὅπως
867 4450 930 4517 τῇ
955 4446 1099 4516 ψυχῇ
1119 4444 1246 4514 περὶ
1266 4442 1434 4494 ταῦτα
1452 4436 1511 4492 εὖ
1544 4437 1932 4507 διατιθέμενος,

2025 3355 2110 3408 cui
2142 3362 2359 3422 oportet
2379 3352 2638 3420 conjungi
2661 3364 2758 3419 per
2778 3349 3123 3402 eharitatem.
3164 3344 3221 3398 Si
3260 3343 3384 3411 quis
3413 3348 3594 3395 autem

2027 3444 2078 3498 id
2133 3444 2351 3512 quidem
2395 3443 2540 3511 quod
2571 3448 2656 3495 est
2686 3439 2812 3493 odio
2842 3436 3147 3491 habendum
3179 3433 3595 3502 complectatur,

2027 3543 2343 3590 contemnat
2377 3544 2556 3587 autem
2596 3532 2649 3585 id
2704 3530 2848 3599 quod
2900 3537 2984 3583 est
3031 3526 3388 3594 diligendum,
3426 3525 3473 3577 is
3514 3532 3599 3577 est

2027 3627 2119 3694 qui
2150 3641 2251 3678 suo
2280 3624 2625 3695 malo‘mutat
2649 3620 3113 3690 opportunitatem
3145 3616 3343 3669 amoris
3373 3625 3427 3668 et
3463 3614 3594 3667 odii.

2029 3716 2131 3782 Qui
2181 3718 2323 3771 enim
2369 3731 2481 3768 rem
2530 3712 2852 3772 contemnit,
2904 3710 2950 3763 is
2984 3710 3052 3761 ab
3091 3722 3151 3761 ea
3194 3705 3454 3759 interibit.
3496 3704 3597 3768 Qui

2030 3818 2206 3860 autem
2254 3804 2639 3873 complectitur
2692 3800 3072 3869 perditionem,
3121 3796 3366 3863 acquiret
3401 3795 3503 3847 sibi
3546 3794 3598 3846 id

2030 3899 2175 3967 quod
2211 3895 2655 3966 amplectebatur.
2689 3891 2790 3956 Qui
2821 3905 2951 3957 ergo
2984 3888 3166 3941 verbis
3194 3885 3507 3941 distinxerit
3537 3899 3598 3937 ea

2031 4005 2152 4059 qum
2209 4003 2273 4043 ex
2332 3987 2537 4039 virtute
2584 3992 2638 4037 et
2683 3982 2817 4035 vitio
2869 3980 3261 4046 intelliguntur,
3309 3981 3604 4043 cognoscet

2035 4077 2525 4148 opportunitatem,
2559 4068 3015 4141 quemadmodum
3063 4082 3122 4122 se
3148 4081 3335 4135 gerere
3355 4070 3604 4132 oporteat
3650 4110 3653 4113 ,

2035 4171 2089 4224 in
2138 4170 2402 4236 utrisque.
2456 4164 2804 4217 (Inntinentia
2836 4169 2888 4214 et
2913 4160 3160 4227 voluptas
3192 4197 3206 4221 ,
3244 4154 3603 4224 temperantia

2034 4270 2087 4314 et
2120 4255 2559 4326 intemperantia,
2590 4252 2854 4306 modestia
2898 4259 2950 4304 et
3000 4248 3331 4318 arrogantia,
3364 4248 3605 4300 benevo-

2037 4352 2199 4406 lentia
2245 4358 2298 4402 et
2354 4346 2750 4405 malevolentia,
2793 4351 2847 4398 et
2895 4356 3236 4411 quaecunque
3277 4355 3340 4393 ex
3374 4338 3605 4392 adverso

2036 4444 2433 4512 intelliguntur.
2480 4439 2574 4492 tibi
2608 4438 2674 4490 ab
2716 4435 3046 4489 Ecclesiaste
3088 4438 3275 4500 aperte
3308 4429 3605 4484 ostendun-

370 4541 659 4601 λυσιτελῶς
691 4537 973 4608 βουλεύσῃ.
1005 4536 1209 4606 Καιρὸς
1241 4531 1334 4587 οὖν
1361 4532 1451 4586 τοῦ
1480 4531 1699 4601 φιλῆσαι
1728 4527 1827 4599 τὴν
1847 4529 1919 4596 έγ‹

2041 4546 2151 4598 tur,
2191 4543 2249 4588 ut
2297 4536 2350 4587 in
2401 4532 2485 4585 his
2542 4538 2686 4583 recte
2734 4526 3012 4580 consulas.
3072 4522 3309 4592 Tempus
3338 4532 3423 4576 est
3475 4536 3608 4591 ergo

373 4634 652 4705 κράτειαν,
695 4630 786 4683 καὶ
824 4629 917 4681 τοῦ
953 4628 1178 4699 μισῆσαι
1210 4627 1308 4696 τὴν
1339 4625 1549 4696 ἡδονὴν,
1582 4624 1668 4675 ἵνα
1696 4620 1768 4692 μὴ
1801 4621 1935 4692 γένῃ

375 4724 673 4793 φιλήδονος,
724 4720 921 4791 μᾶλλον
966 4719 1022 4771 δὲ
1060 4718 1322 4787 φιλόθεος,
1357 4716 1449 4769 καὶ
1479 4714 1547 4768 τὰ
1587 4713 1722 4768 ἀλλα
1757 4713 1935 4765 πάντα

373 4816 648 4877 ὡσαύτως,
672 4813 730 4866 τὸ
756 4812 1073 4882 φιλόνεικον,
1099 4811 1161 4864 τὸ
1193 4808 1501 4879 φιλοκερδές
1524 4823 1583 4859 τε
1613 4806 1707 4858 καὶ
1730 4804 1937 4874 φιλόδο·

375 4907 484 4972 ξον,
519 4907 610 4957 καὶ
631 4905 806 4958 πάντα
835 4905 901 4973 τῇ
933 4903 1022 4955 ἐπὶ
1052 4900 1120 4954 τὰ
1155 4901 1229 4970 μὴ
1263 4900 1449 4953 δέοντα
1468 4897 1565 4966 τῆς
1592 4895 1769 4965 φιλίας
1804 4894 1939 4964 χρή-

378 5014 479 5059 σει,
511 4998 608 5065 τῆς
636 4994 772 5065 πρὸς
827 4992 888 5045 τὸ
942 4991 1142 5060 ἀγαθὸν
1171 4990 1404 5059 σχέσεως
1442 4987 1767 5057 ἀφορίζοντα
1787 5002 1801 5016 ο
1828 4983 1938 5037 οἷον

378 5090 443 5141 ὲκ
464 5088 692 5158 παρόδου
722 5085 898 5155 δόγμα
926 5083 1219 5154 ἐμάθομεν,
1245 5082 1328 5134 ὅτι
1363 5081 1510 5132 πᾶσα
1533 5079 1630 5148 τῆς
1658 5076 1836 5146 ψυχῆς
1860 5074 1943 5127 κί-

378 5197 531 5249 νησις
550 5179 635 5229 ἐπ’
661 5176 849 5246 ἀγαθῷ
873 5176 1021 5245 παρά
1043 5173 1136 5227 τοῦ
1156 5172 1651 5244 δημιουργήσαντος
1666 5167 1763 5239 τὴν
1783 5168 1946 5237 φύσιν

377 5272 534 5341 ἡμῶν
574 5270 977 5338 κατεσκευάσθη
998 5285 1012 5299 ·
1084 5267 1199 5321 ἀλλ’
1233 5264 1283 5318 εί
1316 5266 1382 5330 δὴ
1417 5262 1779 5335 ἡμαρτημένη
1838 5260 1946 5314 τῶν

379 5362 633 5414 τοιούτων
659 5360 970 5429 κινημάτων
990 5359 1180 5428 χρῆσις
1204 5358 1301 5417 τὰς
1322 5357 1399 5418 είς
1422 5354 1620 5407 κακίαν
1657 5353 1947 5421 ἐγέννησεν

382 5452 634 5523 ἀφορμάς
657 5468 669 5480 ·
694 5452 852 5503 καλόν
872 5468 922 5502 τι
954 5447 1086 5503 οὖσα
1111 5452 1144 5518 ἡ
1169 5445 1508 5512 αὑτεξούσιος
1526 5445 1751 5514 δύναμις
1767 5445 1799 5513 ἡ
1809 5442 1945 5512 μῶν,

383 5548 511 5599 ὅταν
551 5545 684 5612 πρὸς
714 5543 774 5594 τὸ
794 5542 957 5595 κακόν
983 5542 1288 5612 ένεργῆται,
1326 5538 1511 5593 κακῶν
1543 5537 1766 5606 ἔσχατον
1799 5535 1944 5603 γίνε-

382 5653 491 5689 ται.
536 5636 644 5688 Καὶ
677 5634 738 5686 τὸ
783 5633 1037 5702 ἔμπαλιν,
1075 5632 1304 5701 ὄργανον
1345 5633 1545 5702 ἀρετῆς
1585 5630 1732 5681 ἐστιν
1771 5629 1804 5697 ἡ
1842 5627 1947 5679 ἀπ-

455 5810 500 5843 ⁸⁸
531 5809 675 5865 Psal.
714 5823 849 5871 xvu,
883 5804 939 5859 2.
1015 5805 1059 5839 “
1099 5803 1247 5859 Psal.
1284 5821 1335 5869 χ,
1368 5802 1424 5870 6,
1458 5803 1511 5856 7.

2040 4626 2257 4681 amandi
2287 4621 2705 4683 continentiam,
2738 4625 2791 4673 et
2820 4616 2947 4671 odio
2989 4614 3218 4668 habendi
3250 4613 3607 4681 voluptatem,

2041 4735 2106 4775 ne
2156 4718 2356 4773 evadas
2394 4714 2743 4771 libidinosus,
2790 4708 2884 4763 sed
2932 4706 3181 4777 protinus
3224 4704 3512 4772 religiosus
3554 4713 3610 4757 et

2044 4806 2134 4859 Dei
2171 4805 2401 4865 amicus,
2436 4809 2489 4856 et
2532 4800 2639 4853 alia
2682 4797 2863 4851 omnia
2894 4795 3165 4854 similiter,
3212 4793 3606 4854 contentionis,

2045 4897 2181 4952 lucri
2216 4903 2270 4949 et
2298 4894 2485 4964 gloriae
2520 4904 2788 4953 amorem,
2827 4896 2882 4941 et
2908 4886 3089 4940 omnia
3120 4899 3241 4953 quae
3266 4900 3365 4938 usu
3406 4884 3610 4937 amoris

2037 4992 2104 5046 ad
2152 5005 2213 5045 ea
2270 5002 2390 5056 quae
2446 5001 2550 5040 non
2608 4993 2839 5052 oportet,
2879 4987 3135 5049 separant
3184 4980 3252 5032 ab
3298 4993 3360 5033 ea
3394 4993 3515 5047 quae
3544 4976 3611 5030 ad

2038 5083 2241 5136 bonum
2287 5089 2371 5132 est
2420 5076 2762 5137 habitudine,
2797 5083 2854 5128 ut
2896 5072 3045 5127 verbi
3077 5085 3242 5126 causa
3286 5070 3338 5122 in
3373 5068 3611 5123 transitu

2044 5173 2148 5225 hoc
2194 5169 2389 5238 dogma
2424 5167 2742 5227 didicimus,
2784 5164 2928 5233 quod
2973 5162 3155 5216 omnis
3202 5161 3397 5214 anima:
3436 5168 3614 5213 motus

2045 5260 2113 5313 ad
2162 5260 2364 5312 bonum
2403 5262 2487 5311 est
2535 5254 2790 5310 conditus
2825 5254 2894 5308 ab
2921 5265 2987 5307 eo
3030 5251 3126 5321 qui
3159 5260 3405 5303 nostram
3439 5246 3612 5300 fabri~

2044 5356 2201 5403 catus
2242 5355 2327 5402 est
2364 5355 2651 5412 naturam;
2705 5344 2801 5399 sed
2829 5345 2875 5399 si
2913 5341 3220 5413 peccaverit
3267 5339 3461 5393 horum
3495 5351 3611 5390 mo-

2043 5449 2196 5495 tuum
2231 5456 2385 5501 usus,
2441 5441 2488 5495 is
2536 5439 2602 5492 ad
2650 5438 2842 5492 vitium
2894 5441 3146 5505 procreat
3199 5431 3518 5485 occasiones
3562 5437 3615 5484 et

2044 5533 2378 5587 adminicula
2417 5551 2429 5585 :
2465 5532 2625 5586 liberi
2678 5529 2895 5586 arbitrii
2950 5527 3183 5581 facultas
3233 5539 3355 5577 cum
3404 5524 3476 5576 sit
3527 5536 3616 5579 res

2043 5623 2205 5686 bona,
2257 5620 2478 5692 quando
2537 5635 2599 5677 ea
2643 5620 2709 5676 ad
2747 5620 2951 5673 malum
2985 5620 3291 5675 exercetur,
3324 5619 3411 5667 est
3442 5610 3615 5666 malo-

1593 5800 1635 5832 "
1684 5798 1872 5853 Matth.
1909 5813 1980 5864 vr,
2007 5797 2098 5852 24.
