4116 6534
526 399 630 459 ἠδ

1651 397 1712 454 8.
1747 395 2079 456 GREGOltll
2108 396 2406 455 NYSSENI

3665 411 3766 467 7“

523 516 703 571 lorum
749 520 1076 568 extremum.
1136 508 1201 564 Et
1248 517 1466 575 contra,
1499 511 1721 568 virtutis
1771 524 1857 570 est
1888 516 2096 570 instru.

2203 514 2402 586 ωστικὴ
2429 514 2537 569 τῶν
2565 516 2746 586 ἀηδῶν
2773 515 3023 588 δύναμις,
3051 510 3274 590 ᾗδνομα
3306 520 3373 573 τὸ
3414 521 3570 592 μῖσός
3595 525 3772 591 ἐστιν,

527 615 790 669 mentum,
825 604 908 659 vis
939 603 1219 674 expultrix
1237 618 1427 659 eorum
1459 621 1580 674 quae
1602 617 1731 661 sunt
1773 607 2094 676 injucunda,

526 703 616 756 cui
658 713 855 753 nomen
900 703 986 751 est
1038 695 1248 760 odium,
1298 696 1519 766 quando
1560 706 1807 752 armatur
1835 700 2098 755 adversus

525 789 888 846 contrarium.
932 785 1038 840 Sed
1102 795 1234 838 tunc
1291 785 1347 840 (it
1393 801 1544 840 arma
1598 789 1827 856 peccati,
1879 788 2098 858 quando

526 881 672 935 bono
719 877 948 931 resistit.
1012 873 1205 929 Omnis
1259 889 1394 946 ergo
1448 875 1544 930 Dei
1591 885 1865 943 creatura,
1917 893 1984 931 ex
2030 879 2097 933 iis

526 985 646 1041 quae
698 979 828 1024 sum
879 969 933 1020 in
976 967 1137 1021 nobis
1179 976 1516 1031 constructa.
1567 969 1710 1022 bona
1751 977 1854 1032 est,
1887 976 1942 1023 et
1985 984 2096 1023 non

525 1059 845 1130 rejicienda,
907 1059 956 1112 si
999 1067 1247 1112 sumatur
1299 1073 1422 1111 cum
1483 1060 1780 1129 gratiarum
1830 1061 2093 1115 actione:

527 1154 775 1220 ingratus
824 1161 1004 1204 autem
1059 1143 1250 1203 eorum
1301 1166 1434 1204 usus
1469 1152 1657 1211 vitium
1689 1152 1851 1204 ellicit
1881 1160 2096 1207 creatu-

523 1262 664 1304 ram.
730 1258 825 1312 per
872 1241 1017 1311 quod
1076 1242 1281 1295 recedit
1330 1257 1452 1311 quae
1490 1252 1574 1296 est
1628 1244 1786 1298 nobis
1819 1259 1941 1298 cum
1984 1243 2094 1299 Deo

523 1334 862 1402 conjunctio,
899 1332 1261 1401 ingredientia
1303 1341 1483 1386 autem
1518 1335 1813 1399 contraria,
1846 1335 1965 1388 loco
1998 1335 2092 1389 Dei

525 1437 843 1497 ponuntur:
886 1425 1021 1479 adeo
1069 1435 1128 1477 ut
1175 1440 1271 1494 per
1316 1442 1379 1479 ea
1421 1426 1630 1480 vitiosae
1674 1427 1994 1481 aﬂectiones
2037 1427 2092 1482 in

522 1522 655 1576 deos
694 1517 1018 1573 referantur.
1061 1515 1150 1570 Sic
1188 1517 1254 1571 iis
1285 1518 1376 1586 qui
1409 1518 1545 1588 gula:
1569 1527 1696 1572 sunt
1729 1519 1914 1584 dediti,
1957 1518 2092 1575 deus

521 1620 606 1664 est
654 1620 861 1664 venter.
918 1609 1009 1661 Sic
1062 1608 1212 1662 avari
1251 1609 1354 1662 sibi
1387 1624 1451 1662 ex
1489 1609 1619 1662 vitio
1656 1609 1859 1663 idolum
1885 1609 2094 1663 consti-

523 1713 704 1757 tuunt.
752 1702 842 1756 Sic
880 1703 916 1755 ii
957 1702 1048 1770 qui
1101 1718 1193 1771 per
1241 1718 1483 1755 errorem
1523 1703 1721 1755 habent
1765 1703 1818 1756 in
1857 1702 1957 1757 hoc
1991 1718 2093 1757 saa-

521 1799 647 1851 culo
689 1797 1015 1850 obscuralos
1061 1795 1256 1848 anima:
1294 1795 1505 1857 oculos,
1541 1795 1702 1848 deum
1749 1795 1850 1848 sibi
1882 1795 2092 1848 faciunt

2199 607 2328 660 ὅταν
2373 607 2516 661 κατά
2543 609 2635 662 τοῦ
2674 610 2915 662 ἐναντίου
2951 607 3260 682 όπλίξηται.
3302 612 3461 666 Ἀλλά
3496 615 3772 687 ἁμαρτίας

2198 699 2316 751 τότε
2347 698 2556 766 γίνεται
2587 699 2770 764 ὅπλον,
2810 701 2938 753 ὅταν
2965 701 3104 772 πρὸς
3131 701 3191 755 τδ
3227 704 3428 771 ἀγαθὸν
3459 707 3770 762 ἀντιτακτι-

2199 791 2309 854 κῶς
2358 793 2490 862 ἔχει.
2543 793 2750 848 Οὐκοῦν
2798 795 2909 847 πᾶν
2950 795 3156 865 κτίσμα
3197 797 3332 850 Θεοῦ
3391 798 3501 851 τῶν
3545 803 3602 852 ὲν
3639 803 3773 872 ἡμῖν

2198 886 2718 956 κατεσκευασμένων
2763 887 2945 950 καλὸν,
2981 888 3077 941 καὶ
3112 888 3262 942 οὐδὲν
3299 890 3600 962 ἀπόϐλητον
3634 894 3772 962 μετά

2197 977 2546 1049 εὐχαριστίας
2599 979 3008 1051 λαμϐανόμενον
3027 999 3042 1013 ο
3077 983 3111 1052 ἠ
3161 983 3218 1036 δὲ
3247 984 3542 1055 ἀχάριστος
3565 988 3771 1041 τούτων

2197 1069 2392 1140 χρῆσις
2439 1069 2610 1133 πάθος
2659 1071 2721 1123 τὸ
2777 1073 2981 1142 κτίσμα
3009 1073 3254 1142 ἐποίησε,
3291 1074 3357 1127 δι’
3381 1072 3442 1131 οὖ
3471 1078 3708 1132 ἐκϐαίνει
3735 1081 3768 1150 ἡ

2195 1161 2333 1232 πρὸς
2389 1162 2520 1214 Θεὸν
2569 1163 2861 1231 οἰκειότης,
2914 1165 3323 1219 ἀντεισελθόντα
3348 1167 3405 1221 δὲ
3434 1168 3504 1222 τά
3528 1171 3766 1231 ἐναντία,

2163 1254 2272 1312 είς
2307 1253 2396 1304 τὸν
2437 1252 2532 1306 τοῦ
2575 1251 2708 1306 Θεοῦ
2733 1253 2897 1307 τόπον
2923 1255 3436 1312 ἀντικαθίστανται·
3477 1260 3612 1315 ὥστε
3649 1265 3767 1327 τοῖς

2193 1342 2453 1405 τοιούτοις
2481 1343 2842 1399 θεοποιεῖσθαι
2871 1345 2940 1399 τὰ
2970 1345 3140 1416 πάθη.
3165 1347 3352 1412 Οὕτως
3377 1346 3470 1404 οὖν
3502 1356 3616 1415 τοῖς
3646 1353 3764 1406 λαι-

2197 1433 2468 1504 μαργοῦσι
2486 1435 2692 1502 γίνεται
2724 1434 2845 1499 θεὸς
2859 1438 2892 1506 ή
2916 1436 3110 1491 κοιλία.
3130 1436 3315 1502 Οὕτως
3333 1439 3766 1496 είδωλοποιοῦσιν

2192 1524 2404 1589 ἑαυτοῖς
2423 1525 2474 1576 oi
2501 1525 2822 1580 πλεονέκται
2853 1529 2952 1598 τὴν
2983 1527 3156 1583 νόσον.
3177 1527 3364 1592 Οὕτως
3391 1534 3440 1583 oi
3463 1532 3529 1584 δι’
3550 1534 3765 1603 ἀπάτης

2193 1613 2566 1678 σκοτισθέντες
2615 1615 2674 1668 ὲν
2707 1614 2785 1685 τῷ
2812 1615 2970 1670 αίῶνι
2995 1617 3168 1689 τούτῳ
3190 1621 3302 1683 τοῖς
3333 1620 3629 1691 ὀφθαλμοῖς
3662 1623 3766 1691 τῆς

2190 1704 2389 1774 ψυχῆς,
2448 1699 2572 1758 θεὸν
2617 1707 2829 1770 ἑαυτοῖς
2872 1709 2972 1780 τὴν
3009 1707 3313 1774 κενοδοξίαν
3343 1711 3620 1782 ἐποίησαν.
3651 1714 3765 1768 Καὶ

2193 1795 2464 1848 συνελόντι
2511 1795 2739 1866 φράσαι,
2785 1791 2938 1871 ᾧπερ
2970 1800 3036 1854 ἀν
3064 1818 3148 1864 τις
3177 1802 3268 1854 τὸν
3289 1803 3484 1856 ἑαυτοῦ
3508 1805 3762 1876 λογισμὸν

521 1905 714 1942 vanam
752 1888 1003 1958 gloriam.
1038 1887 1102 1940 Et
1138 1897 1198 1940 ut.
1233 1887 1401 1941 semel
1435 1886 1612 1939 dicam
1649 1901 1660 1936 :
1702 1887 1790 1939 cui
1827 1886 1902 1940 rei
1939 1887 2095 1955 quis-

2203 1884 2515 1950 ὑποζεύξας,
2553 1886 2738 1940 δοῦλον
2785 1888 2984 1962 ποιήσῃ
3018 1892 3114 1944 καὶ
3149 1892 3479 1966 ὑποχείριον,
3509 1895 3668 1950 τοῦτο
3705 1900 3764 1951 ὲν

522 1983 666 2049 piam
705 1995 856 2034 suam
906 1979 1168 2032 rationem
1205 1977 1571 2045 subjunxerit,
1603 1985 1655 2031 et
1683 1979 1736 2031 in
1776 1978 2091 2032 servitutem

524 2072 798 2126 redactam
833 2070 1247 2140 mancipaverit.
1283 2085 1401 2123 eam
1432 2084 1534 2123 suo
1563 2069 1694 2123 vitio
1736 2069 1897 2124 deum
1929 2070 2092 2125 fecit:

522 2181 630 2218 nou
672 2165 775 2218 hoc
801 2162 1067 2226 (acturus,
1105 2163 1208 2217 nisi
1243 2177 1338 2231 per
1364 2161 1722 2216 dilectionem
1758 2163 1958 2216 malum
1986 2162 2094 2217 sibi

521 2257 791 2312 familiare
817 2263 874 2309 et
901 2253 1309 2309 necessitudine
1332 2253 1687 2323 coniunctum
1709 2253 2000 2308 eil'ccisset.
2038 2253 2093 2307 Si

2196 1977 2273 2048 τῷ
2322 1978 2434 2049 ἰδίῳ
2489 1978 2650 2031 πάθει
2683 1978 3061 2050 ὲθεοποίησεν·
3110 1984 3210 2037 οὐκ
3241 1985 3307 2038 ἂν
3356 1985 3513 2039 τοῦτο
3553 1986 3760 2052 παθὼν,

2188 2071 2236 2122 εί
2271 2068 2345 2139 μὴ
2383 2069 2469 2123 διά
2515 2071 2614 2141 τῆς
2653 2071 2875 2143 ἀγάπης
2903 2073 2965 2125 τὸ
3008 2075 3180 2128 κακὸν
3205 2075 3540 2146 ᾠκειώσατο.
3582 2081 3647 2133 Et
3670 2077 3762 2134 οὖν

2191 2163 2502 2231 ὲνοήσαμεν
2525 2165 2623 2233 τῆς
2648 2181 2705 2216 τε
2738 2164 2921 2232 φιλίας
2966 2167 3060 2219 καὶ
3089 2167 3183 2220 τοῦ
3225 2168 3414 2238 μίσους
3441 2171 3541 2242 τὴν
3576 2173 3762 2225 εὐκαι-

2197 2254 2336 2320 ρίαν,
2367 2253 2428 2306 τδ
2457 2253 2554 2324 μὲν
2577 2255 2970 2327 ἀγαπήσωμεν.
3000 2257 3062 2310 τὸ
3094 2258 3150 2311 δὲ
3185 2261 3603 2331 πολεμήσωμεν.

519 2361 650 2414 ergo
687 2344 892 2399 amoris
920 2352 973 2398 et
1009 2343 1120 2398 odii
1165 2343 1533 2398 intelleximus
1589 2344 2078 2412 opportunitatem.
2118 2345 2346 2398 alterunt
2377 2346 2596 2415 quidem
2634 2346 2927 2402 dilieamus
2953 2363 3100 2402 :cum
3135 2352 3307 2406 altero
3373 2367 3500 2407 vero
3563 2350 3762 2405 bellum

521 2451 803 2506 geramus:

599 2545 617 2578 ι
661 2524 898 2593 Tempus
938 2531 1023 2578 est
1059 2522 1226 2587 enim,
1271 2540 1290 2574 ι
1329 2522 1526 2591 inquit,
1571 2538 1590 2572 ι
1617 2520 1769 2582 belli,
1796 2528 1852 2574 et
1883 2528 2096 2587 tempus

525 2616 698 2686 pacis.
755 2633 774 2665 ι
825 2613 988 2668 Vides
1035 2611 1438 2667 contrariarum
1489 2609 1839 2664 aﬂectionum
1890 2610 2096 2663 instru-

523 2716 667 2762 ctam
727 2705 924 2764 aciem.
979 2705 1151 2774 legem
1200 2703 1384 2758 carnis
1439 2710 1773 2772 pugnantem
1827 2698 2098 2754 adversus

525 2801 695 2869 legem
725 2797 946 2857 mentis.
980 2807 1034 2851 et
1067 2796 1431 2866 captivantem
1478 2794 1535 2847 in
1581 2792 1750 2861 legem
1789 2790 1994 2862 peccati
2028 2790 2095 2842 ⁸⁸.

526 2888 763 2944 Attende
805 2889 1162 2956 muttiplicem
1209 2895 1263 2940 et
1293 2887 1504 2939 varium
1533 2899 1725 2954 pugna.
1751 2891 2098 2952 apparatum,

524 2990 581 3036 et
627 2992 789 3050 quam
837 2978 1024 3032 multis
1064 2986 1230 3046 atque
1278 2976 1414 3031 adeo
1455 2976 1688 3031 inﬁnitis
1731 2974 1907 3028 modis
1947 2989 2103 3027 exer-

2273 2545 2290 2575 ι
2315 2527 2520 2600 Καιρδς
2542 2525 2672 2596 γὰρ,
2689 2531 2844 2598 φησὶ,
2860 2529 3126 2599 πολέμου,
3151 2527 3247 2581 καὶ
3268 2535 3460 2605 καιρὸς
3477 2533 3720 2602 εἰρήνης.
3747 2552 3766 2585 ι

2210 2609 2372 2680 Ὁρᾷς
2393 2609 2503 2663 τῶν
2541 2611 2936 2682 ἀντικειμένων
2963 2611 3152 2665 παθῶν
3181 2613 3281 2685 τὴν
3313 2605 3637 2684 παράταξιν,
3672 2613 3772 2670 τδν

2197 2702 2361 2771 νόμον
2407 2701 2508 2772 τῆς
2546 2702 2767 2774 σαρκὸς,
2798 2700 2892 2757 τδν
2937 2704 3487 2775 ἀντιστρατευόμενον
3511 2703 3589 2775 τῷ
3614 2703 3768 2775 νόμῳ

2197 2794 2295 2864 τῆς
2345 2793 2638 2864 ἁμαρτίας.
2669 2792 2910 2863 Πρόσχες
2949 2796 3016 2863 τῇ
3044 2793 3264 2866 ποικίλῃ
3307 2793 3408 2865 τῆς
3443 2792 3621 2864 μάχης
3655 2795 3769 2848 δια-

2195 2887 2384 2955 σκευῇ,
2428 2883 2545 2947 πῶς
2577 2883 2908 2955 μυριότοπός
2937 2886 3053 2936 ἐστι
3083 2884 3224 2938 κατά
3251 2884 3349 2955 τῆς
3378 2885 3477 2956 σῆς
3497 2885 3702 2949 πόλεως
3732 2887 3766 2958 ἠ

2194 2975 2288 3029 τοῦ
2309 2975 2684 3045 ἀντικειμένου
2745 2974 3047 3046 στρατηγία
3069 2991 3083 3006 ·
3129 2976 3511 3039 κατασκόπους
3535 2976 3768 3048 πέμπει,

524 3073 672 3128 citus
720 3067 1020 3125 adversarii
1095 3071 1282 3124 urbem
1369 3077 1516 3122 tuam
1575 3077 1888 3138 oppugnet;
1939 3066 2103 3117 mittit

2203 3065 2464 3137 προδότας
2509 3065 2869 3126 ὐποποιεῖται,
2903 3065 3023 3126 ταῖς
3065 3062 3206 3127 ὁδοῖς
3251 3063 3554 3137 ἐφεδρεύει,
3584 3065 3774 3135 λόχους

525 3163 924 3230 exploratores,
968 3158 1231 3213 subornat
1269 3158 1599 3228 proditores,
1636 3159 1689 3211 in
1736 3159 1837 3211 viis
1871 3157 2103 3210 collocat

2203 3156 2295 3208 καὶ
2327 3155 2518 3226 ἐνέδρα
2561 3154 2861 3224 συνίστησι,
2909 3155 3230 3224 συμμάχους
3273 3153 3770 3226 προσεταιρίζεται,

528 3225 785 3317 insidias.
833 3253 1094 3307 adsciscit
1141 3225 1284 3306 belli
1314 3251 1517 3310 socios.
1563 3260 1617 3305 ct
1665 3257 1948 3318 comparat
1983 3263 2096 3302 ma-

2209 3245 2422 3315 μηχανή
2432 3225 2577 3315 ματα
2606 3240 3026 3307 κατασκευάζει,
3063 3225 3406 3310 σφενδονίτας
3427 3245 3522 3298 καὶ
3542 3225 3774 3309 τοξότας

528 3345 744 3405 chinas.
789 3358 884 3413 per
928 3357 1068 3411 quas
1111 3341 1356 3410 quatitur
1405 3355 1594 3394 murus
1641 3339 1867 3402 animai;
1920 3336 2103 3390 fundi-

530 3444 702 3494 tores.
758 3433 1098 3503 sagittarios,
1139 3441 1194 3486 et
1244 3447 1341 3485 vos
1395 3432 1488 3500 qui
1537 3445 1734 3484 manus
1781 3436 2100 3487 conserunt.

529 3532 586 3578 et
613 3523 804 3593 copias
823 3531 1133 3591 equestres.
1163 3531 1218 3574 et
1252 3533 1593 3588 quaecunque
1609 3527 1737 3572 sunt
1766 3517 2102 3585 bujusmodi,

531 3629 594 3669 ea
656 3612 843 3666 omnia
902 3610 1168 3665 adversus
1208 3617 1260 3663 te
1309 3609 1361 3660 in
1416 3607 1532 3660 acie
1579 3605 1866 3659 dimicant.
1920 3601 2106 3672 Neque

533 3720 661 3759 vero
722 3704 963 3772 ignoras,
1022 3701 1149 3770 quis
1213 3701 1285 3754 sit
1329 3714 1524 3754 sensus
1571 3712 1756 3751 eorum
1814 3712 1933 3764 qua:
1960 3695 2105 3748 dicta

533 3804 686 3859 sunt.
743 3796 868 3866 quis
921 3795 994 3850 sit
1054 3793 1322 3864 proditor,
1359 3793 1484 3861 quis
1519 3791 1852 3860 speculator,
1884 3789 1975 3857 qui
2025 3788 2108 3841 in-

534 3890 848 3952 sidiatores,
873 3887 967 3957 qui
1002 3885 1328 3942 funditores.
1362 3885 1453 3953 qui
1485 3882 1776 3952 sagittarii,
1802 3890 1854 3934 et
1887 3879 1980 3948 qui
2017 3893 2103 3946 pu-

533 3988 704 4048 gnant
756 3980 1008 4034 cominus
1059 3991 1359 4043 manusque
1399 3982 1720 4031 conserunt.
1769 3982 1822 4025 et
1867 3984 1988 4040 qua:
2037 3968 2108 4022 sit

537 4082 716 4126 turma
737 4071 1001 4138 equitum.
1022 4068 1102 4122 Ad
1127 4069 1310 4122 omnia
1333 4081 1462 4136 ergo
1491 4066 1820 4135 aspicientes
1851 4078 1950 4116 nos
1979 4076 2108 4131 quo-

536 4176 642 4228 que
675 4167 894 4229 oportet
938 4159 1167 4223 armari,
1215 4165 1270 4210 et
1317 4158 1498 4210 socios
1528 4154 1826 4215 adhortari,
1857 4158 1911 4205 et
1967 4151 2108 4204 inter

535 4265 632 4305 eos
661 4249 756 4317 qui
812 4254 942 4302 sunt
998 4247 1158 4302 nobis
1204 4245 1435 4312 subjecti
1481 4242 1805 4312 dijudicarc.
1857 4256 1983 4295 num
2033 4239 2111 4294 fa-

537 4348 703 4396 veant
752 4339 992 4394 hostium
1057 4337 1322 4408 partibus,
1364 4345 1420 4390 et
1474 4336 1786 4405 prospicere
1821 4350 1888 4388 ne
1921 4334 1974 4387 in
2023 4333 2109 4385 via

539 4433 671 4486 Iiant
709 4430 946 4486 insidiae.
977 4436 1032 4483 et
1075 4429 1342 4481 adversus
1384 4426 1615 4480 telorum
1649 4427 1854 4495 jactus,
1907 4439 2112 4493 eosque

2203 3337 2296 3389 καὶ
2352 3335 2478 3398 τοὺς
2523 3335 2793 3406 συστάδην
2830 3333 3333 3405 συμπλεκομένους,
3362 3336 3456 3388 καὶ
3489 3335 3588 3406 τὴν
3617 3337 3775 3390 ίππι-

2203 3428 2304 3498 κήν
2325 3426 2570 3496 δύναμιν,
2600 3427 2694 3478 καὶ
2722 3426 2898 3479 πάντα
2920 3427 2988 3479 τὰ
3014 3426 3241 3480 τοιαῦτα
3267 3427 3406 3482 κατά
3428 3427 3520 3480 σοῦ
3539 3429 3775 3500 ἐκστρα-

2202 3519 2437 3571 τεύεται.
2471 3518 2694 3580 Πάντως
2720 3517 2776 3570 δὲ
2809 3517 2908 3572 οὐκ
2953 3518 3167 3585 ἀγνοεῖς
3194 3519 3295 3588 τὴν
3330 3518 3438 3572 τῶν
3467 3519 3776 3590 εἰρημένων

2203 3610 2461 3672 διάνοιαν,
2487 3610 2569 3671 τίς
2593 3611 2620 3662 6
2651 3607 2937 3679 προδότης,
2972 3608 3056 3672 τίς
3087 3611 3115 3662 6
3153 3609 3518 3673 κατάσκοπος,
3559 3609 3705 3674 τίνες
3723 3610 3776 3664 oi

2206 3703 2535 3773 ὲνεδρευταὶ,
2557 3701 2700 3766 τίνες
2713 3705 2761 3756 οί
2794 3702 3151 3771 σφενδονῖται.
3171 3702 3314 3764 τίνες
3345 3703 3396 3754 οἱ
3417 3702 3650 3767 τοξόται,
3679 3703 3776 3756 καὶ

2205 3794 2346 3857 τίνες
2369 3795 2417 3846 oi
2459 3795 2785 3864 ἀγχέμαχοι,
2826 3793 2919 3848 καὶ
2954 3793 3065 3847 τῶν
3093 3793 3304 3846 ἱππέων
3337 3793 3446 3864 ίλη.
3471 3794 3657 3848 Πάντα
3682 3789 3778 3848 οὖν

2210 3887 2503 3957 βλέποντας
2553 3887 2657 3956 χρὴ
2705 3886 2800 3939 καὶ
2847 3881 2994 3956 ἡμᾶς
3025 3883 3466 3948 καθοπλίζεσθαι,
3511 3886 3606 3937 καὶ
3649 3887 3777 3950 τοὺς

2211 3977 2530 4048 συμμάχους
2557 3977 2910 4049 παρακαλεῖν,
2942 3977 3035 4030 καὶ
3057 3977 3386 4046 φιλοκρινεῖν
3413 3977 3472 4028 ὲν
3501 3978 3612 4038 τοῖς
3641 3975 3777 4029 ὑπο-

2209 4069 2466 4141 χειρίοις,
2505 4069 2578 4139 μή
2615 4086 2699 4132 τις
2739 4069 2807 4121 τά
2839 4068 2947 4121 τῶν
2989 4066 3265 4137 πολεμίων
3299 4067 3504 4137 φρονεῖ,
3547 4064 3779 4137 προϐλέ-

2209 4178 2332 4214 πειν
2365 4177 2422 4213 τε
2444 4160 2542 4223 τὰς
2568 4159 2858 4230 παροδίους
2876 4157 3115 4229 ἐνέδρας,
3140 4159 3232 4210 καὶ
3257 4159 3465 4228 ωρεοῖς
3486 4157 3584 4220 τάς
3617 4156 3779 4227 βολάς

2209 4251 2625 4320 ἀσφαλίζεσθαι,
2668 4250 2803 4320 πρός
2830 4265 2887 4302 τε
2921 4249 3047 4311 τοὺς
3079 4246 3345 4317 συστάδην
3375 4247 3507 4319 ἡμῖν
3536 4245 3778 4317 συμπλεο

2213 4342 2480 4412 κομένους
2510 4341 2737 4401 ἀνωθεν,
2766 4339 2860 4394 καὶ
2885 4337 3285 4408 ἀποταφρεύειν
3319 4341 3431 4400 τοῖς
3474 4337 3595 4390 καθ’
3620 4337 3778 4408 ἡμῶν

2215 4433 2473 4496 ἱππόταις
2505 4432 2601 4504 τὴν
2637 4432 2886 4502 πάροδον.
2919 4429 3164 4500 Ἤρμοζε
3202 4429 3259 4481 δέ
3284 4445 3394 4481 τισι
3423 4428 3518 4481 καὶ
3541 4427 3776 4498 προσϐοο

537 4523 633 4592 qui
678 4522 933 4576 cominus
976 4520 1261 4574 nobiscum
1304 4533 1502 4572 manus
1538 4526 1866 4583 conserunt,
1907 4516 2103 4587 clypeis

2213 4529 2331 4592 λαῖς
2359 4527 2429 4580 τά
2461 4526 2613 4596 τείχη
2644 4521 3162 4591 κατασφαλίζεσθαι,
3201 4520 3277 4583 ὡς
3315 4520 3381 4574 ἂν
3417 4521 3491 4590 μὴ
3524 4535 3779 4572 κατασει-

539 4630 643 4672 tn-s
696 4622 1002 4682 protegere.
1045 4619 1099 4664 et
1141 4608 1288 4664 fossa
1333 4609 1403 4664 ab
1449 4609 1602 4663 aditu
1654 4624 1841 4664 arcere
1875 4622 1971 4663 eos
2018 4608 2103 4676 qui

2215 4620 2365 4689 σθείη
2407 4621 2520 4680 τοῖς
2566 4617 2936 4688 μηχανήμασι.
2969 4612 3192 4675 Πάντως
3236 4611 3292 4664 δὲ
3338 4611 3512 4683 οὐδενὶ
3539 4610 3680 4680 λόγῳ
3708 4609 3781 4663 τά

539 4706 596 4764 in
649 4720 752 4760 nos
804 4704 1176 4757 immittuntur
1208 4702 1442 4771 equites.
1473 4702 1744 4756 Convenit
1784 4709 1964 4754 autem
1994 4699 2116 4769 qui-

541 4794 769 4853 busdam
801 4796 963 4850 etiam
1010 4795 1438 4864 propugnaculis
1489 4794 1689 4849 moenia
1739 4792 1997 4852 munire.
2050 4807 2118 4846 ne

540 4887 927 4941 concutiantur
977 4886 1268 4940 machinis.
1328 4883 1517 4956 Neque
1555 4901 1689 4940 vero
1739 4900 1878 4954 opus
1920 4891 2004 4937 est
2059 4891 2118 4936 ut

539 4978 725 5033 verbis
769 4977 988 5049 singula
1043 4978 1402 5046 explicemus,
1437 4992 1629 5047 nempe
1657 4974 2113 5046 quemadmodum

540 5071 797 5127 inimicus
843 5070 1281 5140 uniuscujusque
1324 5052 1528 5125 nostra:
1579 5070 1839 5127 civitatis.
1885 5083 2006 5138 quae
2035 5075 2120 5123 est

538 5179 572 5218 a
627 5161 735 5217 Deo
780 5159 1006 5216 condita
1061 5161 1118 5215 in
1164 5163 1380 5224 anima,
1445 5169 1540 5215 aut
1590 5176 1687 5230 per
1744 5161 2121 5229 exploratores

540 5264 855 5310 nostrarum
895 5253 1176 5324 copiarum
1219 5253 1346 5308 facit
1381 5255 1704 5324 periculum.
1754 5260 1808 5307 et
1850 5267 2118 5321 quosnam

543 5346 706 5400 habet
733 5361 796 5400 ex
840 5347 1049 5400 nostris
1090 5345 1181 5414 qui
1222 5354 1470 5398 nostrum
1523 5343 1755 5414 prodant
1795 5342 2120 5396 exercitum.

550 5437 617 5492 Ut
666 5445 843 5492 autent
900 5453 1099 5493 sensus
1141 5437 1422 5506 aperiatur
1470 5435 1816 5498 manifestus.
1867 5436 1993 5488 talis
2025 5444 2115 5490 est

546 5530 759 5600 primus
789 5529 1110 5584 tentatiunis
1147 5529 1406 5592 insultus.
1443 5527 1586 5582 unde
1639 5529 1864 5597 capiunt
1896 5527 2114 5581 initium

543 5619 755 5677 vitiosae
785 5619 1125 5676 aﬂectiones.
1178 5617 1280 5673 Hic
1309 5627 1398 5673 est
1450 5615 1768 5687 explorator
1797 5624 2115 5672 nostrarum

616 5795 661 5827 “
697 5793 855 5848 Rom.
886 5810 988 5859 vn,
1032 5792 1124 5850 ‘23.

2213 4709 2336 4762 καθ’
2351 4709 2578 4760 ἕκαστον
2597 4701 3030 4777 ἑρμηνευόμεθα,
3050 4701 3166 4763 πῶς
3179 4703 3206 4753 6
3219 4700 3410 4771 ἐχθρὸς
3425 4701 3524 4770 τῆς
3549 4700 3778 4754 ἑκάστου

2214 4797 2370 4868 ἡμῶν
2425 4796 2652 4858 πόλεως,
2681 4795 2777 4865 τῆς
2805 4795 2862 4846 ὲν
2887 4795 2952 4864 τῇ
2977 4792 3120 4862 ψυχῇ
3166 4791 3318 4860 παρά
3353 4789 3450 4843 τοῦ
3490 4790 3624 4844 Θεοῦ
3657 4808 3783 4844 συν⁹

2212 4889 2544 4960 ῳκισμένης,
2590 4887 2623 4957 ἦ
2667 4886 2756 4939 διά
2807 4885 3171 4938 κατασκόπων
3203 4873 3574 4954 ἀποπειρᾶται
3625 4882 3782 4952 ἡμῶν

2212 4981 2312 5050 τῆς
2363 4977 2663 5046 δυνάμεως,
2712 4976 2802 5029 καί
2884 4992 3032 5038 τινας
3084 4975 3195 5044 ἔχει
3251 4975 3374 5032 τοὺς
3401 4973 3460 5038 ἐξ
3491 4973 3645 5043 ἡμῶν
3689 4973 3784 5026 αὑ-

2213 5065 2322 5118 τῶν
2350 5063 2614 5134 προδότας
2647 5062 2966 5131 γινομένους
3011 5059 3109 5130 τῆς
3161 5062 3432 5133 ἡμετέρας
3481 5061 3781 5130 δυνάμεως.

2226 5157 2312 5219 Ὠς
2344 5155 2388 5208 δ’
2419 5156 2484 5208 ἂν
2507 5152 2883 5224 φανερώτερον
2907 5153 2967 5206 τὸ
2998 5153 3174 5224 νόημα
3194 5151 3578 5221 ὲκκαλυφθείη,
3610 5151 3786 5206 τοιοῦ-

2215 5247 2307 5300 τόν
2333 5250 2477 5299 ἐστιν
2506 5243 2750 5316 ἡπρώτη
2779 5243 2873 5308 τοῦ
2908 5242 3217 5314 πειρασμοῦ
3252 5233 3693 5313 προσϐολὴξὸθεν
3719 5247 3788 5296 τά

2219 5337 2366 5407 πάθη
2393 5337 2490 5408 τὴν
2512 5335 2684 5408 ἀρχὴν
2710 5334 2996 5405 λαμϐάνει.
3021 5329 3188 5397 Οὗτος
3211 5335 3312 5404 τῆς
3341 5334 3611 5405 ἡμετέρας
3631 5333 3790 5386 δυνά-

2227 5448 2368 5500 μεως
2387 5429 2728 5491 κατάσκοπος
2747 5427 2984 5496 γίνεται·
3015 5421 3143 5488 οἷον,
3169 5427 3393 5480 ἐνέπεσε
3421 5427 3500 5497 τῷ
3525 5425 3790 5497 ὀφθαλμῷ

2224 5521 2402 5592 θέαμα
2448 5520 2546 5591 τὴν
2597 5518 2893 5589 ἐπιθυμίαν
2943 5519 3288 5573 ἀνακαινίσαι
3326 5518 3639 5588 δυνάμενον.
3693 5519 3792 5571 Διὰ

2225 5610 2316 5669 οὗν
2347 5612 2537 5667 τούτου
2586 5611 2922 5664 κατασκοπεῖ
2952 5610 3053 5680 τὴν
3091 5611 3149 5664 ἐν
3181 5611 3265 5664 σοὶ
3305 5608 3532 5680 δύναμιν
3563 5610 3593 5662 6
3637 5605 3793 5663 πολι⁴
