4110 6498
388 432 500 491 ’7ιὸ

1439 431 1503 486 ΙΝ
1533 427 2062 488 ECCLESIAS'I‘EN.
2102 426 2380 483 IIOMILIA
2424 427 2551 482 VIII.

3498 423 3600 485 746

386 557 527 610 μιος,
556 542 667 596 εἴτε
718 545 892 617 σχυρά
936 561 1020 607 τις
1047 544 1140 597 καὶ
1176 544 1580 614 εύπαράσκευός
1620 544 1786 606 ἐστιν,
1837 543 1942 595 εῖτε

2050 539 2367 608 copiarum;
2419 549 2477 595 ut
2519 539 2749 611 exempli
2808 555 2998 605 causa,
3062 541 3254 598 incidit
3314 544 3600 600 oculorum

384 632 570 695 ἄτονος
604 635 697 687 καὶ
725 637 1010 700 εὐάλωτος.
1043 639 1104 690 El
1145 638 1253 709 γάρ
1282 638 1381 690 οὐκ
1416 635 1668 699 ῶκλασας
1697 635 1773 706 τῷ
1810 636 1942 707 σχή-

383 740 538 793 ματι,
566 724 686 777 ούδὲ
721 743 801 778 σοι
837 727 971 798 πρὸς
996 727 1057 779 τὸ
1087 728 1252 795 φανὲν
1281 725 1495 797 διελύθη
1522 728 1619 797 τῆς
1644 725 1879 788 διανοίας
1915 726 1944 777 ὁ

379 815 555 880 τόνος,
587 816 699 869 ἀλλ’
731 817 953 881 ἀπαθῶς
984 817 1347 888 παρέπεμψας
1377 821 1475 887 τὴν
1522 818 1826 887 συντυχίαν,
1856 816 1943 868 εύ-

376 905 479 969 θὺς
525 908 799 977 ὲπτόησας
837 908 930 960 τὸν
984 910 1347 972 κατάσκοπον,
1402 905 1512 961 οἷον
1553 908 1786 963 ὁπλιτῶν
1823 925 1943 961 τινα

382 997 638 1066 φάλαγγα
664 1002 775 1063 τοῖς
801 1001 986 1068 δόρασι
1025 1000 1378 1068 φρίσσουσαν,
1404 1000 1501 1071 τὴν
1529 1001 1638 1053 τῶν
1669 1000 1942 1071 λογισμῶν

380 1089 523 1153 λέγω
549 1092 896 1163 παρασκευὴν
916 1092 995 1161 τῷ
1024 1092 1352 1163 κατασκόπῳ
1373 1092 1569 1156 δείξας.
1602 1092 1660 1144 EE
1688 1091 1742 1143 δὲ
1772 1091 1942 1162 μαλα-

378 1180 533 1251 χθείη
582 1182 649 1234 δι’
676 1183 869 1252 ἡδονῆς
920 1183 1056 1253 πρὸς
1103 1184 1201 1253 τὴν
1237 1183 1364 1236 θέαν
1398 1185 1430 1253 ἠ
1460 1181 1730 1252 αἴσθησις,
1764 1182 1943 1235 καὶτὸ

379 1271 473 1323 τοῦ
505 1274 855 1343 χαρακτῆρος
894 1274 1110 1326 εἴδωλον
1143 1275 1289 1339 ἐντὸς
1323 1275 1421 1344 τῆς
1453 1275 1689 1338 διανοίας
1712 1274 1798 1327 διά
1834 1274 1941 1325 τῶν

374 1362 668 1434 ὀφθαλμῶν
696 1364 910 1437 είσδύῃ,
938 1367 1059 1418 τότε
1085 1367 1540 1436 καταπολεμεῖται
1571 1368 1669 1436 μὲν
1704 1368 1732 1419 ὁ
1776 1383 1940 1438 στρα-

376 1454 543 1521 τηγὸς
583 1452 689 1505 τῶν
724 1453 869 1505 ένδον
903 1456 930 1505 ὁ
958 1454 1102 1517 νοῦς.
1136 1455 1210 1518 ὡς
1238 1456 1389 1509 οὐδὲν
1422 1456 1686 1526 ἀνδρῶδες
1718 1456 1749 1527 ἢ
1777 1474 1944 1509 νεανι-

378 1542 472 1593 κὸν
505 1542 661 1611 ἔχων,
704 1543 837 1595 ἀλλὰ
874 1543 1155 1614 βλακώδης
1197 1562 1283 1608 τις
1325 1546 1417 1597 καὶ¹
1449 1545 1668 1608 ἔκλυτος
1702 1544 1796 1606 ῶν,
1844 1546 1941 1597 καὶ

377 1634 579 1703 πλῆθος
610 1636 879 1704 προδοτῶν
922 1638 985 1688 ἐκ
1015 1635 1108 1689 τοῦ
1139 1637 1311 1707 δήμου
1358 1639 1468 1691 τῶν
1499 1638 1772 1708 λογισμῶν
1814 1640 1942 1710 περὶ

375 1722 465 1775 τὸν
495 1726 837 1778 κατάσκοπον
872 1731 1273 1794 συγκροτεῖται.
1311 1724 1466 1781 Οὗτοι
1490 1729 1543 1781 δέ
1573 1730 1707 1781 εἰσιν
1734 1732 1780 1781 οί
1812 1746 1942 1798 προ-

374 1816 543 1878 δόται,
576 1818 703 1887 περὶ
733 1812 807 1871 ὧν
838 1837 1001 1890 φησιν
1028 1821 1055 1871 ὁ
1087 1820 1307 1891 Κύριος,
1339 1822 1419 1875 ὅτι
1468 1841 1486 1871 ‹
1511 1823 1571 1874 Οί
1620 1820 1803 1890 ἐχθροὶ
1846 1818 1938 1872 τοῦ

2044 634 2415 701 spectaculum
2471 633 2616 704 quod
2673 646 2937 689 renovare
2990 644 3169 705 potest
3225 636 3595 706 cupiditatem.

2041 725 2146 781 Per
2175 727 2277 782 hoc
2298 742 2426 798 ergo
2470 728 2714 799 explorat
2776 729 2945 785 hostis
2978 745 3070 785 eas
3103 746 3225 800 qua
3276 731 3331 785 in
3382 738 3435 787 te
3474 740 3601 787 sunt

2043 816 2254 883 copias,
2281 817 2463 872 sintne
2499 817 2693 871 valida
2735 825 2788 870 ct
2825 818 2960 873 bene
2995 820 3299 883 instructa,
3330 835 3398 873 an
3432 820 3600 874 imbe-

2042 908 2181 961 cilla
2219 917 2274 962 et
2326 917 2640 978 expugnato
2688 907 2897 963 faciles.
2932 907 2989 962 Si
3024 909 3167 964 enim
3220 925 3328 963 non
3355 919 3406 965 te
3439 909 3602 978 fregit

2043 1002 2228 1072 figura
2259 1011 2534 1071 aspectus.
2558 1015 2659 1054 nec
2685 1007 2869 1069 aperte
2896 1000 3130 1054 solutum
3181 1001 3283 1055 fuit
3308 1002 3471 1055 robur
3491 1008 3599 1056 tua

2042 1093 2408 1165 cogitationis,
2440 1092 2535 1147 sed
2566 1094 2705 1146 citra
2743 1093 2907 1145 ullam
2939 1091 3106 1145 animi
3138 1091 3598 1161 perturbationem

2043 1182 2394 1239 transmisisti
2431 1183 2485 1236 id
2523 1182 2668 1252 quod
2717 1181 2814 1235 tibi
2858 1180 3125 1244 occurrit,
3178 1180 3601 1249 perterrefccisti

2042 1275 2293 1345 protinus
2324 1274 2742 1342 exploratorem,
2784 1271 2949 1326 veluti
2982 1271 3215 1341 quadam
3266 1278 3597 1325 armatorum

2042 1367 2308 1436 phalange
2367 1366 2543 1421 hastis
2595 1365 2885 1427 horrente,
2940 1365 3166 1434 paratis,
3225 1363 3488 1432 inquam,
3544 1371 3600 1417 et

2041 1456 2323 1511 instructis
2378 1455 2962 1511 rationibuscostensis
3013 1455 3364 1525 exploratori.
3416 1454 3521 1508 Sed
3551 1456 3599 1507 si

2042 1544 2109 1596 ad
2143 1544 2513 1613 spectaculum
2545 1558 2641 1613 per
2673 1544 3003 1611 voluptatem
3035 1544 3310 1598 emollitus
3346 1542 3446 1595 fuit
3476 1558 3602 1597 scn-

2044 1651 2159 1698 sus,
2187 1645 2242 1689 et
2274 1634 2456 1704 ﬁgura
2496 1635 2852 1689 simulacrum
2888 1635 3271 1703 cogitationem
3304 1635 3473 1689 subiit
3506 1650 3602 1704 per

2043 1729 2254 1791 oculos,
2287 1735 2422 1782 tunc
2448 1737 2795 1797 expugnatur
2810 1728 3026 1797 quidem
3056 1743 3232 1791 mens,
3265 1742 3454 1782 eorum
3479 1742 3603 1797 qua:

2044 1829 2171 1875 sunt
2201 1821 2349 1888 intus
2384 1822 2721 1891 imperatrix,
2754 1829 2815 1874 ttt
2866 1836 2984 1890 qua
3013 1821 3149 1874 nihil
3200 1821 3397 1875 habeat
3445 1821 3603 1875 virile

375 1907 660 1977 ἀνθρώπου
686 1911 734 1963 oi
761 1913 1023 1964 οἰκειακοὶ
1050 1911 1214 1965 αὐτοῦ
1234 1928 1248 1943 ·
1282 1932 1300 1964 ι
1330 1914 1379 1965 οί
1408 1913 1508 1983 τῆς
1528 1912 1749 1984 καρδίας
1778 1915 1941 1965 ἐκπο-

2044 1920 2138 1966 aut
2166 1913 2428 1982 juvenile.
2488 1913 2581 1967 sed
2616 1912 2687 1967 sit
2720 1911 3027 1966 effeminata
3082 1919 3136 1965 et
3195 1913 3485 1976 dissoluta,
3548 1920 3604 1968 et

374 2000 675 2069 ρευόμενοι,
709 2002 804 2053 καὶ
836 2001 1142 2066 κοινοῦντες
1169 2003 1261 2057 τὸν
1290 2003 1596 2073 ἄνθρωπον,
1626 1997 1700 2056 ὧν
1728 2002 1798 2055 τὰ
1825 2001 1942 2056 ὀνό-

376 2109 516 2160 ματα
547 2095 732 2162 σαφῶς
764 2095 908 2149 ἔστιν
946 2096 1011 2149 ὲκ
1037 2095 1130 2148 τοῦ
1174 2096 1505 2164 Εὐαγγελίου
1544 2095 1753 2165 μαθεῖν.
1786 2095 1858 2147 Τὸ
1883 2094 1941 2148 δὲ

374 2183 483 2236 ἀπὸ
510 2183 721 2245 τούτου,
754 2185 933 2238 οὐκέτι
964 2185 1030 2238 ἄν
1060 2202 1141 2239 σοι
1170 2186 1392 2256 γένηται
1418 2186 1694 2256 δυσχερὲς,
1720 2184 1787 2237 δι’
1815 2185 1941 2237 ἀκο-

374 2270 562 2326 λούθου
592 2275 660 2327 τὰ
694 2274 816 2328 καθ’
846 2276 1074 2329 ἕκαστον
1102 2277 1202 2346 τῆς
1240 2276 1542 2346 πολεμικῆς
1582 2275 1796 2345 ἐκείνης
1821 2275 1939 2326 δια-

374 2367 574 2436 σκευῆς
610 2368 939 2437 κατανοῆσαι
974 2369 1070 2438 τῆς
1096 2370 1160 2421 ὲκ
1184 2367 1278 2420 τοῦ
1316 2368 1553 2436 ἀφανοῦς
1592 2366 1942 2437 προλοχεύον-

373 2476 495 2522 τος,
526 2455 608 2521 οἷς
641 2461 1061 2529 περιπίπτουσιν
1103 2462 1152 2514 οἱ
1183 2461 1507 2532 ἀπροόπτως
1550 2460 1688 2514 κατά
1719 2460 1815 2530 τὴν
1847 2459 1939 2512 τοῦ

375 2550 491 2619 βίου
533 2550 651 2603 ὁδὸν
700 2554 1072 2623 πορευόμενοι.
1122 2553 1185 2606 Οἱ
1224 2552 1329 2625 γὰρ
1375 2554 1433 2606 ὲν
1478 2553 1717 2623 σχήματι
1761 2550 1941 2621 φιλίας

372 2640 468 2693 καὶ
501 2642 713 2704 εὐνοίας
748 2644 883 2713 πρὸς
913 2644 1005 2696 τὸν
1047 2644 1145 2714 τῆς
1174 2644 1449 2714 ἁμαρτίας
1490 2642 1708 2714 ὄλεθρον
1748 2642 1942 2695 καθέλ-

372 2746 561 2793 κοντες
588 2731 681 2783 τὸν
709 2732 1049 2801 πειθόμενον,
1078 2726 1224 2786 οὗτοί
1255 2735 1391 2786 εἰσιν
1413 2734 1459 2786 οἱ
1494 2733 1636 2787 κατὰ
1664 2732 1762 2797 τὰς
1791 2732 1944 2796 ὁδοὺς

374 2820 747 2891 ἐνεδρεύοντες
769 2862 783 2885 ,
816 2823 865 2874 oi.
908 2822 1005 2892 τῆς
1050 2823 1240 2892 ἡδονῆς
1268 2823 1549 2876 ἐπαινέται
1570 2864 1584 2888 ,
1620 2825 1667 2876 οἱ
1700 2823 1834 2894 πρὸς
1873 2821 1942 2875 τὰ

369 2911 579 2981 θέατρα
609 2912 1093 2982 χειραγωγοῦντες,
1132 2915 1180 2964 οἱ
1213 2913 1305 2965 τοῦ
1346 2912 1515 2965 κακοῦ
1565 2913 1660 2983 τὴν
1692 2913 1943 2966 εὐκολίαν

374 3000 851 3063 ἀποδεικνύοντες,
890 3002 983 3053 καὶ
1020 3000 1085 3052 δι’
1132 2994 1207 3053 ὧν
1259 3001 1469 3055 ποιοῦσι
1522 3002 1656 3072 πρὸς
1702 3002 1801 3071 τὴν
1837 3001 1946 3055 τῶν

371 3091 576 3159 ὁμοίων
633 3091 860 3161 μίμησιν
923 3092 1319 3162 ἐκκαλούμενοι
1347 3133 1363 3156 ,
1418 3092 1676 3161 ἀδελφοὺς
1724 3094 1946 3156 ἑαυτοὺς

378 3182 475 3233 καὶ
504 3182 689 3249 φίλους
726 3184 811 3234 ἐπ’
840 3182 1042 3255 ὀλέθρῳ
1078 3182 1188 3237 τῶν
1225 3184 1609 3254 ἀπολλυμένων
1652 3185 1947 3251 κατονομά-

2040 2018 2235 2075 magna
2268 2019 2463 2058 manus
2492 2003 2830 2074 proditorum
2862 2018 2927 2057 ex
2960 2005 3163 2072 populo
3201 2003 3597 2072 cogitationum

2038 2095 2255 2165 cogitur
2283 2095 2434 2149 circa
2466 2096 2890 2165 exploratorem.
2922 2093 3015 2149 Isti
3054 2104 3236 2149 autem
3267 2102 3397 2149 sunt
3419 2095 3601 2164 prodi-

2041 2196 2187 2243 tores
2218 2188 2286 2242 de
2318 2188 2519 2258 quibus
2549 2188 2686 2241 dicit
2716 2186 2982 2243 Dominus
3013 2205 3027 2241 :
3064 2205 3084 2237 ι
3117 2186 3326 2241 Inimici
3362 2186 3603 2243 hominis

2039 2276 2322 2333 domestici
2347 2280 2465 2345 ejus
2483 2278 2551 2340 ⁸³,
2581 2296 2599 2328 ι
2620 2277 2713 2348 qui
2739 2293 2807 2332 ex
2829 2277 2993 2332 corde
3013 2287 3233 2341 exeunt,
3254 2285 3308 2332 et
3324 2278 3600 2333 hominem

2042 2366 2335 2436 inquinant
2357 2368 2424 2432 ⁸ο,
2456 2380 2690 2436 quorum
2727 2366 2946 2419 nomina
2980 2371 3163 2433 aperte
3198 2364 3336 2419 disci
3371 2371 3603 2433 possunt

2040 2474 2106 2512 ex
2140 2458 2451 2528 Evangelia.
2488 2455 2625 2510 Hinc
2667 2456 2768 2510 tibi
2798 2455 3024 2509 minime
3063 2454 3230 2509 fuerit
3269 2453 3505 2519 dilIicile,
3534 2470 3599 2508 ex

2040 2550 2401 2619 consequenti
2428 2548 2736 2618 intelligere
2791 2548 3008 2617 singula
3054 2561 3175 2617 qua
3231 2546 3503 2616 pertinent
3532 2544 3598 2600 ad

2042 2642 2297 2697 bellicum
2330 2642 2482 2694 illum
2510 2648 2855 2709 apparatum,
2893 2646 2949 2693 et
2970 2638 3063 2708 qui
3119 2645 3249 2693 sunt
3278 2637 3313 2690 ii
3344 2638 3435 2707 qui
3463 2637 3601 2691 clatn

2042 2732 2315 2787 collocant
2345 2729 2597 2794 insidias,
2625 2728 2719 2797 qui
2747 2727 3121 2782 incursionem
3153 2724 3363 2779 faciunt
3392 2726 3447 2779 in
3485 2739 3602 2791 eos,

2042 2823 2136 2893 qtti
2165 2838 2232 2877 ex
2260 2820 2560 2890 improviso
2593 2819 2649 2872 in
2676 2819 2819 2873 viam
2873 2817 2997 2871 vita
3048 2816 3448 2888 ingrediuntur.
3497 2816 3602 2883 Qui

2044 2916 2189 2970 enim
2225 2921 2487 2983 pratcxtu
2517 2910 2770 2965 amicitiae
2800 2916 2854 2963 et
2893 2908 3305 2971 benevolentia,
3357 2923 3483 2963 eum
3513 2908 3603 2963 cui

2047 3003 2406 3072 persuadetur
2437 3000 2721 3053 attrahunt
2754 2997 2823 3051 ad
2863 2996 3071 3065 peccati
3102 2996 3350 3059 exitium,
3386 2995 3424 3049 ii
3473 3000 3604 3049 sunt

2046 3094 2137 3163 qui
2174 3094 2227 3146 in
2261 3092 2345 3146 via
2377 3090 2728 3153 insidiantur,
2791 3087 3098 3143 laudatores
3144 3086 3461 3157 voluptatis,
3507 3086 3603 3154 qui

2047 3184 2327 3238 deducunt
2358 3182 2425 3236 ad
2453 3184 2685 3244 theatra,
2708 3180 2802 3250 qui
2829 3180 2954 3233 mali
2985 3179 3230 3233 indicant
3262 3178 3598 3242 facilitatem,

378 3270 581 3335 ζοντες.
604 3276 675 3326 Πε
686 3274 738 3345 pl.
758 3267 832 3326 ὧν
859 3274 1185 3345 γέγραπται,
1205 3274 1286 3328 ὅτι
1320 3294 1338 3326 t
1364 3277 1476 3339 Πᾶς
1495 3277 1719 3346 ἀδελφὸς
1751 3278 1942 3351 πτέρνῃ

2052 3283 2105 3328 et
2132 3291 2224 3345 per
2248 3290 2308 3329 ea
2337 3290 2457 3344 qua
2486 3272 2714 3337 faciunt,
2767 3280 3063 3342 provocant
3100 3272 3168 3325 ad
3221 3272 3599 3335 imitationem,

378 3367 662 3435 πτερνιεῖ·
710 3367 802 3418 καὶ
853 3368 958 3428 πᾶς
1004 3367 1155 3436 φίλος
1197 3367 1332 3439 δόλῳ
1366 3368 1707 3440 πορεύσεται.
1743 3382 1762 3415 ι
1800 3371 1861 3423 Εί
1886 3370 1941 3423 δὲ

372 3458 709 3526 νενοήκαμεν
746 3457 843 3520 τὰς
877 3458 1119 3529 ἐνέδρας,
1155 3460 1324 3528 σαφὲς
1363 3459 1429 3513 ἂν
1474 3461 1556 3531 εἴη
1602 3461 1695 3514 καὶ
1732 3461 1792 3513 τὸ
1838 3462 1946 3515 τῶν

376 3546 732 3615 σφενδονιτῶν
760 3566 817 3600 τε
855 3548 948 3602 καὶ
986 3550 1218 3614 τοξοτῶν
1261 3551 1355 3603 καὶ
1389 3551 1718 3605 ἀκοντιστῶν
1760 3553 1945 3622 στίφος

369 3637 843 3708 διερευνήσασθαι.
862 3641 923 3691 Οί
956 3638 1065 3709 γὰρ
1087 3638 1339 3710 ὑϐρισταί
1362 3657 1421 3693 τε
1443 3641 1536 3693 καὶ
1563 3640 1824 3711 θυμώδεις
1851 3643 1944 3695 καὶ

375 3727 600 3799 λοίδοροι
642 3728 719 3799 τῷ
754 3732 1152 3803 προκατάρχειν
1208 3731 1315 3784 τῶν
1350 3730 1577 3804 ὕϐρεων,
1620 3733 1740 3786 ἀντὶ
1776 3732 1942 3803 βελῶν

375 3819 410 3889 ἢ
440 3819 621 3881 λίθων,
651 3822 776 3883 τοὺς
824 3822 1245 3893 παροξυντικοὺς
1273 3823 1465 3890 λόγους
1502 3823 1939 3890 ἀποτοξεύοντες,

378 3910 477 3964 καὶ
510 3912 937 3978 σφενδονοῠντες,
985 3915 1076 3967 καὶ
1118 3914 1522 3984 ἀκοντίζοντες,
1551 3916 1722 3986 μέσην
1750 3916 1943 3987 τιτρώ-

383 4018 571 4055 σκουσι
620 4004 719 4074 τὴν
768 4006 992 4076 καρδίαν
1037 4006 1142 4059 τῶν
1185 4007 1571 4077 ἀθωρακίστως
1612 4008 1705 4060 καὶ
1738 4009 1941 4077 ἀφυλά-

379 4107 527 4155 κτως
562 4093 920 4149 διοδευόντων.
953 4097 1024 4149 Τὸ
1062 4097 1117 4149 δὲ
1145 4096 1237 4149 τοῦ
1267 4097 1434 4165 τύφου
1471 4097 1565 4150 καὶ
1607 4098 1702 4167 τῆς
1737 4100 1941 4169 ὑπερη-

381 4183 573 4251 φανίας
599 4186 785 4250 πάθος,
821 4190 901 4251 είς
931 4188 990 4241 τὸ
1014 4190 1297 4260 γαυρίαμα
1328 4188 1436 4242 τῶν
1463 4190 1646 4241 ἵππων
1673 4207 1935 4259 μετενεγ-

378 4275 565 4340 κόντες
633 4278 732 4331 οὐκ
790 4279 856 4332 ἂν
900 4280 1216 4352 ἁμάρτοιεν.
1245 4282 1429 4334 ’ῐπποι
1487 4281 1595 4353 γάρ
1651 4282 1754 4334 εἰσί
1801 4300 1943 4346 τινες

375 4366 613 4437 ἀτεχνῶς
649 4369 1032 4441 ὑψαυχενισταὶ
1064 4373 1156 4425 καὶ
1184 4372 1580 4443 ύψηλοκάρηνοι
1598 4411 1616 4434 ,
1639 4375 1746 4437 τοῖς
1776 4375 1943 4445 ὑπερ-

376 4456 557 4525 όγκοις
588 4461 679 4513 τοῦ
704 4464 870 4531 τύφου
903 4465 1141 4535 ῥήμασιν
1187 4460 1297 4517 οἷόν
1335 4483 1477 4518 τισιν
1511 4465 1703 4530 ὁπλαῖς
1734 4466 1941 4530 κοίλαις

376 4550 503 4613 τοὺς
553 4553 805 4623 μετρίους
850 4556 1386 4626 κατακραδαίνοντες.
1430 4556 1565 4627 Περὶ
1597 4550 1673 4609 ὧν
1716 4574 1879 4628 φησιν
1907 4559 1941 4627 η

379 4641 590 4713 Γραφὴ,
621 4643 702 4696 ὅτι
738 4663 755 4694 ι
784 4644 873 4716 Μὴ
899 4646 1096 4700 ἐλθέτω
1122 4664 1210 4716 μοι
1239 4646 1372 4707 ποῦς
1404 4647 1794 4718 ὑπερηφανίας.
1817 4670 1834 4702 ι
1863 4650 1942 4703 Τά

374 4734 434 4786 δὲ
468 4738 835 4807 μηχανήματα
879 4738 944 4791 δι’
971 4733 1044 4791 ὧν
1088 4738 1271 4793 λύεται
1306 4741 1536 4812 ἁρμονία
1568 4740 1661 4793 τοῦ
1711 4741 1942 4812 τείχους,

377 4824 559 4886 καλῶς
582 4827 647 4879 ἄν
671 4845 751 4890 τις
780 4827 877 4898 τὴν
900 4828 1331 4899 φιλοχρηματίαν
1360 4831 1763 4899 κατανοήσειεν.
1784 4832 1945 4885 Οὐδὲν

376 4915 484 4984 γάρ
512 4914 682 4979 οὕτως
723 4918 838 4969 ἐστὶ
868 4916 1005 4987 βαρὺ
1036 4918 1129 4969 καὶ
1161 4918 1487 4989 δυσάντητον
1514 4920 1572 4971 ὲν
1607 4922 1673 4989 τῇ
1705 4920 1813 4972 τῶν
1845 4939 1945 4974 πο·-

377 5005 581 5075 λεμίων
632 5011 989 5078 παρασκευῇ,
1043 5009 1116 5072 ὡς
1146 5009 1205 5061 τὸ
1243 5010 1341 5079 τῆς
1377 5012 1738 5081 φιλαργυρίας
1769 5015 1943 5083 μηχάο

376 5112 543 5165 νημα.
579 5097 695 5149 Κᾶν
732 5099 812 5150 ὅτι
868 5099 1099 5166 μάλιστα
1130 5098 1228 5161 τὰς
1273 5099 1435 5163 ἄλλας
1479 5103 1680 5173 ἀρετὰς
1717 5105 1805 5157 διὰ
1848 5106 1947 5175 τῆς

378 5188 693 5257 ἐναρμονίου
728 5189 1025 5254 συνθέσεως
1065 5194 1185 5254 ταῖς
1214 5191 1413 5261 ψυχαῖς
1457 5198 1941 5268 περιοικοδομηθῶ-

378 5294 486 5340 σιν,
510 5279 659 5332 οὐδὲν
689 5276 848 5352 ἧττον
875 5283 968 5336 καὶ
993 5282 1080 5335 διὰ
1109 5282 1217 5335 τῶν
1244 5283 1499 5336 τοιούτων
1544 5287 1802 5348 πολλάκις
1835 5291 1946 5342 είσ-

375 5367 557 5420 δύεται
599 5370 658 5423 τὸ
703 5372 1017 5443 μηχάνημα.
1064 5373 1219 5427 Ἔστι
1247 5376 1356 5446 γάρ
1409 5375 1534 5429 ἰδεῖν
1564 5378 1658 5431 καὶ
1702 5378 1789 5431 διὰ
1842 5398 1945 5432 σω-

380 5458 652 5529 φροσύνης
690 5461 787 5531 τὴν
820 5462 1251 5534 φιλοχρηματίαν
1292 5467 1701 5531 είσπίπτουσαν,
1731 5471 1822 5523 καὶ
1854 5471 1946 5523 πί-

378 5565 574 5613 στεως,
606 5552 699 5603 καὶ
732 5555 1043 5625 μυστηρίων
1066 5556 1369 5627 ἀκριϐείας,
1406 5560 1729 5628 ἐγκρατείας
1760 5578 1821 5613 τε
1854 5563 1946 5614 καλ⁴

376 5640 1003 5713 ταπεινοφροσύνης,καῖ,
1021 5644 1128 5696 τῶν
1160 5645 1414 5699 τοιούτων
1444 5647 1659 5701 πάντων
1689 5649 1838 5712 ἐντὸς
1868 5668 1946 5718 γι-

2047 3383 2105 3422 se
2130 3366 2329 3421 fratres
2380 3373 2433 3420 et
2483 3366 2688 3420 amicos
2769 3365 3134 3427 nominantes,
3185 3364 3250 3417 ad
3306 3364 3601 3433 perniciem

2034 3472 2233 3511 eorum
2266 3458 2358 3527 qui
2400 3456 2693 3509 intereunt.
2730 3454 2805 3510 De
2849 3456 3048 3525 quibus
3085 3455 3346 3524 scriptum
3398 3463 3483 3509 est
3508 3456 3552 3487 ⁵¹
3585 3473 3599 3508 :
3635 3473 3642 3481 ·

2050 3547 2269 3607 «Omnis
2295 3546 2460 3600 frater
2512 3548 2776 3601 calcaneo
2839 3548 3249 3616 supplantabit:
3312 3557 3367 3601 et
3423 3548 3602 3602 omnis

2042 3640 2252 3694 amicus
2301 3640 2357 3693 in
2403 3640 2528 3694 dolo
2584 3639 2907 3694 ambulabit.
2948 3659 2966 3689 ι
3022 3637 3079 3692 Si
3139 3646 3322 3693 autem
3375 3639 3605 3693 insidias

2043 3731 2499 3794 intellexerimus,
2532 3732 2834 3799 poterimus
2867 3729 3030 3785 etiam
3079 3729 3319 3784 dilucide
3348 3745 3604 3798 perscru-

2041 3823 2146 3876 tari
2179 3832 2411 3876 turmam
2443 3820 2797 3885 funditorum,
2832 3819 3239 3889 sagittariorum
3301 3829 3355 3874 et
3394 3820 3606 3889 jacula-

2042 3920 2244 3965 torum.
2286 3910 2389 3976 Qui
2416 3903 2558 3964 enim
2588 3916 2716 3964 sunt
2742 3909 3125 3963 contumeliosi
3162 3918 3216 3963 et
3261 3909 3507 3963 iracundi
3550 3919 3605 3964 et

2042 4002 2313 4064 maledici,
2341 4016 2405 4054 eo
2432 4000 2575 4069 quod
2599 4000 2807 4068 priores
2842 3999 3119 4054 lacessunt
3150 3999 3367 4069 probris
3398 4015 3461 4055 ac
3490 4017 3604 4053 ma-

2042 4092 2281 4156 ledictis,
2313 4108 2410 4161 pro
2440 4092 2563 4146 telis
2596 4100 2693 4145 aut
2742 4090 3034 4160 lapidibus,
3057 4091 3220 4146 verba
3236 4106 3356 4160 qua
3388 4092 3605 4145 irritant

2043 4192 2304 4254 tanquam
2324 4199 2389 4237 ex
2414 4199 2543 4237 arcu
2573 4191 2627 4236 et
2650 4182 2837 4244 funda,
2865 4192 2917 4236 et
2940 4182 3297 4251 instarjaculi
3314 4182 3603 4251 jacientes,

2044 4276 2281 4332 medium
2315 4290 2413 4329 cor
2441 4275 2691 4330 sauciant
2725 4289 2913 4329 eorum
2950 4275 3043 4343 qui
3073 4276 3281 4344 absque
3327 4277 3519 4338 lorica,
3551 4285 3605 4330 et

2045 4369 2148 4424 sibi
2183 4383 2292 4423 non
2329 4377 2584 4423 caventes
2638 4374 2942 4423 transeunt.
2996 4366 3273 4438 Superbia
3324 4376 3503 4424 autem
3551 4381 3605 4424 et

2045 4459 2351 4515 insolentia
2372 4460 2563 4513 vitium
2585 4460 2676 4529 qui
2704 4458 2771 4512 ad
2798 4473 3060 4528 equorum
3084 4459 3466 4515 transtulerint
3494 4461 3605 4515 ela-

2050 4552 2275 4616 tionem,
2298 4552 2522 4606 minime
2547 4551 2941 4605 aberraverint.
2970 4548 3107 4604 Sunt
3127 4550 3271 4603 enim
3301 4550 3459 4619 plane
3478 4552 3603 4619 equi

1976 4630 2247 4699 Dcollum
2298 4654 2351 4698 et
2414 4654 2577 4712 caput
2636 4644 2691 4696 in
2770 4643 2941 4697 altum
2998 4643 3346 4707 attollentes,
3404 4642 3604 4696 inﬂatis

2044 4737 2348 4791 insolentia
2384 4737 2589 4798 verbis,
2619 4735 2785 4791 veluti
2844 4735 3171 4805 quibusdam
3221 4736 3462 4802 ungulis,
3510 4749 3605 4789 eos

2043 4827 2137 4896 qui
2192 4837 2319 4881 sunt
2371 4828 2637 4881 moderati
2709 4827 3007 4896 pulsantes.
3077 4826 3151 4881 De
3207 4826 3411 4896 quibus
3469 4826 3605 4881 dicit

2045 4920 2361 4987 Scriptura:
2409 4937 2427 4967 ι
2481 4918 2601 4972 Νοη
2650 4921 2835 4973 veniat
2883 4919 3014 4972 mihi
3039 4935 3135 4988 pes
3170 4919 3441 4988 superbia
3474 4920 3539 4971 δ’.
3580 4937 3599 4969 ι

2045 5010 2325 5063 Machinas
2360 5018 2538 5063 autem
2570 5010 2771 5079 quibus
2815 5011 3045 5063 solvitur
3072 5011 3216 5063 muri
3258 5017 3610 5077 coagmenta-

2046 5104 2144 5161 tio,
2197 5102 2484 5155 avaritiam
2533 5109 2628 5154 aut
2680 5102 2926 5170 pecunia
2951 5101 3305 5170 cupiditatem
3338 5108 3484 5154 recte
3508 5114 3608 5153 no-

2046 5193 2362 5247 minaveris.
2397 5190 2545 5245 Nihil
2574 5191 2719 5247 enim
2735 5202 2817 5246 est
2848 5202 2956 5244 tam
2989 5206 3151 5260 grave
3191 5199 3238 5244 et
3276 5191 3363 5243 cui
3408 5188 3609 5242 diffici-

2046 5286 2153 5340 lius
2181 5286 2397 5339 occurri
2422 5276 2597 5355 possit
2625 5285 2679 5338 in
2703 5293 2966 5354 apparatu
2999 5285 3264 5345 hostium,
3301 5297 3465 5351 quam
3494 5298 3609 5334 ma-

2044 5376 2206 5431 china
2240 5378 2504 5432 avaritia.
2538 5378 2671 5433 Nam
2696 5379 2911 5432 etiamsi
2948 5378 3067 5431 alia
3094 5379 3325 5430 virtutes
3357 5391 3452 5443 per
3479 5389 3611 5428 con-

2043 5467 2263 5520 cinnam
2296 5466 2821 5534 coagmentationem
2858 5467 2968 5519 sint
3004 5465 3279 5519 aedificata
3319 5463 3375 5514 in
3418 5477 3605 5516 eorum

2044 5557 2263 5621 animis,
2302 5557 2662 5610 nihilominus
2690 5557 2854 5610 etiam
2890 5570 2986 5623 per
3009 5570 3103 5610 eas
3136 5569 3278 5623 sape
3307 5555 3476 5607 intrat
3500 5568 3611 5608 ma-

2042 5650 2225 5704 china.
2269 5649 2461 5704 Videre
2499 5652 2643 5703 enim
2692 5650 2820 5703 licet
2850 5649 3013 5703 etiam
3062 5662 3159 5716 per
3199 5648 3607 5717 temperantiam

449 5816 495 5849 δ’
536 5815 728 5871 Matth.
766 5834 821 5883 ιι,
853 5816 943 5873 56.
1020 5819 1067 5849 ⁸ο
1107 5817 1296 5872 Matth.
1335 5837 1424 5884 xv,
1458 5820 1543 5875 l8.
1621 5820 1661 5853 "
1703 5820 1818 5878 Jer.
1871 5838 1942 5889 ιχ,

2118 5826 2159 5857 ⁵³
2202 5824 2342 5879 Psal.
2378 5841 2538 5888 xxxv,
2564 5824 2644 5879 12.

661 5910 930 5972 ίἈτιιοι..
975 5911 1093 5971 Gtt.
1133 5913 1185 5969 Χ
1204 5913 1351 5971 LIV.

3170 5916 3245 5970 ΞΒ
