4110 6398
541 357 649 414 747

1813 357 1870 411 S.
1908 352 2235 412 GREGORII
2273 355 2563 414 NYSSENI

3664 363 3758 416 75%

543 478 756 533 irruere
794 475 1100 535 avaritiam,
1147 480 1203 529 et
1247 489 1341 544 per
1397 472 1582 535 ﬁdem,
1617 483 1668 527 et
1716 473 2102 545 mysteriorum

2206 473 2437 546 νομένην
2466 478 2564 548 τὴν
2609 475 2829 546 βαρεῖαν
2868 477 3070 546 ταύτην
3113 473 3207 528 καὶ
3233 474 3443 544 ἄμαχον
3470 472 3563 527 τοῦ
3599 484 3757 530 κακον

541 581 854 624 accuratam
893 577 946 622 et
979 567 1295 637 diligentem
1350 567 1782 638 perceptionem,
1816 566 2107 621 continen-

543 665 785 733 tiamque
832 671 885 717 et
923 661 1310 723 humilitatem,
1347 671 1400 716 et
1434 676 1775 731 quaecunque
1805 670 1934 715 sunt
1955 661 2107 731 ejus-

541 751 712 813 modi,
734 751 877 803 intro
899 749 1201 819 irrumpere
1231 748 1335 802 hoc
1365 750 1566 803 malum
1599 765 1765 820 grave
1787 757 1841 804 et
1872 751 2108 820 inexpu-

539 843 776 914 gnabile.
828 841 947 908 Quo
989 841 1080 902 ﬁt,
1129 849 1190 895 ut
1243 842 1492 896 nonnulli
1531 843 1876 898 continentes
1907 849 1963 898 et
1990 857 2107 896 mo-

535 935 681 989 desti
733 941 786 988 et
831 932 935 988 ﬁde
992 932 1270 996 ardentes,
1331 933 1686 1003 moribusque
1723 934 2018 1005 compositi
2052 942 2107 989 et

538 1022 830 1089 moderati,
867 1023 998 1077 huic
1034 1022 1134 1076 soli
1172 1022 1364 1076 morbo
1399 1038 1510 1076 non
1565 1024 1778 1093 possint
1822 1025 2102 1078 resistere.

543 1115 601 1168 Si
644 1129 774 1184 ergo
837 1115 1112 1170 intellecta
1162 1121 1248 1170 est
1285 1129 1316 1167 a
1355 1114 1516 1169 nobis
1565 1122 1787 1168 caterva
1840 1115 2102 1178 hostium,

540 1213 758 1274 tempus
782 1206 888 1259 erit
929 1205 1308 1276 belligerandi.
1363 1204 1534 1261 Nemo
1563 1214 1743 1261 autem
1773 1207 2013 1261 conﬁdat
2048 1222 2105 1261 se

541 1297 781 1352 hostium
846 1299 1017 1353 aciem
1077 1313 1238 1368 posse
1287 1297 1479 1368 fugare
1521 1308 1574 1354 et
1622 1300 1952 1370 proﬂigare,
1995 1301 2105 1354 nisi

538 1388 784 1457 Apostoli
831 1389 1230 1442 armaturam"
1257 1390 1572 1458 arripuerit.
1630 1387 1866 1444 Omnino
1921 1397 2103 1444 autem

540 1493 702 1530 neruo
730 1478 944 1547 ignorat
964 1478 1273 1546 cnjnsmodi
1301 1479 1411 1532 sint
1439 1480 1737 1543 arma-illa,
1763 1496 1857 1550 per
1877 1496 1995 1550 qua!
2024 1479 2105 1533 ef-

541 1567 655 1620 ﬁcit
700 1575 758 1620 ut
797 1565 1045 1621 adversis
1102 1568 1227 1621 telis
1258 1569 1484 1624 minime
1507 1570 1578 1624 sit
1600 1569 1976 1636 vulnerabilis,
2011 1570 2103 1639 qui

539 1658 779 1714 hostium
803 1659 1008 1714 resistit
1036 1659 1315 1730 phalangi.
1348 1659 1483 1714 Nam
1511 1677 1636 1716 cum
1673 1662 1968 1731 Apostolus
1995 1662 2106 1715 vir-

538 1755 684 1802 tutes
733 1747 1008 1802 divisisset
1056 1749 1111 1802 in
1160 1764 1396 1820 genera,
1449 1753 1878 1822 unumquodque
1932 1767 2104 1824 genus

539 1840 760 1895 virtutis
790 1841 1008 1910 propria
1025 1856 1177 1895 arma
1198 1841 1398 1907 effecit,
1434 1845 1737 1914 unicuique
1765 1860 1955 1901 eorum
1984 1860 2106 1916 quae

538 1933 596 1988 in
652 1934 808 1990 nobis
851 1942 980 1989 sunt
1029 1943 1338 2004 opportuna
1371 1943 1426 1989 et
1471 1936 1768 2006 pracipua.
1800 1935 1934 1992 Cum
1959 1938 2104 1992 enim

503 2021 663 2082 'cum
701 2027 806 2084 ﬁde
853 2028 1246 2083 connexuisset
1291 2036 1346 2083 et
1389 2030 1765 2084 contexuisset
1807 2028 2101 2098 justitiam,

539 2138 636 2193 per
675 2137 738 2176 ea
784 2131 998 2176 armato
1036 2123 1213 2176 munit
1257 2121 1560 2186 thoracem,
1611 2132 1762 2178 recte
1789 2131 1844 2178 et
1867 2129 1982 2177 tute
2007 2137 2106 2192 per

539 2225 832 2285 utrumque
863 2215 1054 2268 militis
1079 2222 1267 2284 pectus
1299 2215 1574 2270 muniens.
1610 2213 1730 2270 Non
1757 2222 1938 2286 potest
1958 2215 2102 2269 enim

540 2304 678 2370 ﬁeri,
711 2315 770 2359 ut
792 2305 1026 2360 alterum
1057 2306 1127 2360 ab
1156 2305 1332 2360 altero
1366 2306 1734 2375 disjunctum,
1780 2323 1846 2362 ex
1882 2323 1942 2362 se
1987 2315 2104 2361 tuta

2212 564 2707 636 προσϐολήν.”Οθεν
2755 564 2899 628 τινὲς
2927 565 3214 635 ἐγκρατεῖς
3249 578 3310 614 τε
3350 562 3444 615 καὶ
3478 561 3757 632 σώφρονες,

2209 657 2301 709 καὶ¹
2333 658 2460 728 περὶ
2487 656 2584 728 τὴν
2608 657 2788 710 πίστιν
2807 656 3089 727 διάπυροι,
3117 654 3210 708 καὶ
3233 652 3652 722 κατεσταλμένοι
3675 654 3760 706 τὸν

2206 749 2426 820 τρόπον,
2455 751 2550 803 καὶ
2568 748 2657 803 διὰ
2685 749 2792 802 τῶν
2807 747 2954 818 ἠθῶν
2981 746 3386 818 μετριάζοντες,
3411 744 3545 814 πρὸς
3568 743 3759 814 ταύτην

2210 843 2368 914 μόνον
2413 843 2681 914 ἀντισχεῖν
2725 843 2826 912 τὴν
2858 842 3012 896 νόσον
3050 838 3423 894 ἀδυνατοῦσιν.
3464 839 3526 891 Εἰ
3555 833 3646 892 οὖν
3679 854 3760 890 νε-

2208 936 2393 1006 νόηται
2423 938 2554 1006 ἡμῖν
2583 933 2691 988 τῶν
2713 933 2984 1006 πολεμίων
3010 932 3072 986 τὸ
3105 934 3291 1000 στῖφος
3309 971 3324 995 ,
3354 930 3544 1002 καιρὸς
3583 929 3646 984 ἂν
3675 931 3754 1002 εἴη

2204 1028 2298 1081 τοῦ
2324 1027 2598 1096 πολεμεῖν.
2636 1026 2750 1078 Οὐκ
2779 1025 2844 1079 ἂν
2867 1025 2924 1078 δέ
2960 1042 3042 1086 τις
3073 1023 3366 1096 θαρῤήσειε
3392 1022 3491 1091 τὴν
3521 1021 3759 1075 ἐναντίαν

2206 1117 2506 1190 παράταξιν
2560 1117 2988 1189 τροπῶσασθαι,
3039 1117 3112 1187 μὴ
3171 1115 3270 1184 τῆς
3324 1113 3622 1176 πανοπλίας
3671 1113 3758 1167 τοῦ

2217 1210 2538 1264 Ἀποστόλου
2581 1209 2936 1280 δραξάμενος.
2983 1211 3207 1270 Πάντως
3266 1206 3324 1259 δὲ
3371 1205 3546 1266 οὐδεὶς
3589 1204 3760 1271 ἀγνοεῖ

2205 1302 2294 1354 τὸν
2319 1303 2514 1371 τρόπον
2543 1305 2641 1372 τῆς
2673 1302 2822 1362 θείας
2845 1300 3056 1369 ἐκείνης
3085 1299 3370 1360 ὁπλίσεως,
3403 1296 3469 1349 δι’
3497 1292 3566 1366 ἦς
3595 1297 3760 1366 άτρω-

2204 1413 2292 1448 τον
2320 1397 2462 1446 ποιεί
2487 1396 2598 1456 τοῖς
2626 1393 2886 1455 ἐναντίοις
2916 1391 3092 1461 βέλεσι
3121 1391 3211 1442 τὸν
3233 1389 3368 1460 πρὸς
3393 1387 3493 1458 τὴν
3519 1387 3760 1456 φάλαγγα

2203 1483 2311 1536 τῶν
2345 1483 2616 1552 πολεμίων
2659 1482 2966 1551 ἱστάμενον.
3010 1477 3207 1533 Διελὼν
3237 1481 3347 1549 γὰρ
3389 1480 3468 1541 είς
3514 1477 3627 1546 είδη
3668 1477 3759 1539 τὰς

2203 1574 2402 1644 ἀρετὰς
2449 1575 2477 1626 6
2521 1572 2855 1636 Ἀπόστολος,
2909 1571 3039 1631 ἴδιον
3085 1569 3247 1623 ὅπλον
3287 1570 3508 1638 ἑκάστῳ
3562 1567 3667 1619 τῶν
3706 1568 3760 1618 ὲν

2205 1667 2337 1736 ἡμῖν
2377 1665 2606 1735 καιρίων
2651 1664 2881 1717 ἕκαστον
2918 1662 3119 1734 ἀρετῆς
3160 1657 3295 1724 εἶδος
3329 1659 3640 1729 πεποίηται.
3686 1658 3759 1727 Τῇ

2207 1759 2385 1834 πίστει
2417 1757 2526 1827 γὰρ
2549 1757 2647 1826 τὴν
2674 1755 3018 1834 δικαιοσύνην
3056 1753 3372 1834 συμπλέξας
3403 1753 3500 1806 καὶ
3536 1751 3763 1818 συνυφά-

2207 1832 2328 1914 νας,
2356 1850 2441 1903 διὰ
2485 1848 2689 1903 τούτων
2733 1832 3138 1910 κατασκευάζει
3163 1845 3240 1916 τῷ
3287 1843 3482 1914 ὁπλίτῃ
3526 1841 3617 1894 τὸν
3660 1839 3763 1892 θὼ-

2207 1959 2368 2012 ρακα,
2400 1941 2578 2004 καλῶς
2597 1941 2692 1994 καὶ
2712 1939 2964 2008 ἀσφαλῶς
2987 1938 3054 1991 δι’
3083 1935 3410 2009 ἀμφοτέρων
3443 1931 3766 2004 θωρακίζων

2203 2034 2292 2085 τὸν
2341 2032 2696 2102 στρατιώτην.
2739 2034 2814 2104 Ού
2853 2032 2959 2104 γάρ
3000 2030 3166 2088 ἔστιν.
3197 2029 3384 2100 ἕτερον
3433 2025 3533 2080 τοῦ
3579 2025 3766 2096 ἑτέρου

2202 2124 2597 2201 διεζευγμένον,
2629 2105 2865 2201 ἀσφαλες
2891 2122 3051 2199 ὅπλον
3079 2120 3164 2190 ἐφ’
3185 2119 3380 2173 ἑαυτοῦ
3407 2117 3485 2189 τῷ
3525 2133 3768 2188 μεταχει-

2209 2198 2474 2286 ριζομένῳ
2522 2198 2984 2283 γενέσθαιξοῠτε
3025 2212 3133 2283 γὰρ
3165 2212 3200 2282 ἡ
3231 2211 3412 2273 πίστις
3460 2205 3769 2287 χωρίς-τῶν

2204 2296 2379 2378 ἔργων
2404 2309 2503 2376 τῆς
2531 2308 2877 2376 δικαιοσύνης
2901 2305 3060 2376 ἱκανὴ
3088 2302 3496 2374 περισῶσασθαι
3520 2317 3535 2331 ο
3569 2299 3675 2352 οὐδ’
3701 2293 3766 2350 αὗ

538 2401 778 2470 praebeat
806 2413 959 2452 arma
990 2398 1041 2452 ei
1065 2397 1161 2468 qui
1197 2398 1315 2468 ipsa
1343 2405 1562 2452 tractat.
1604 2397 1790 2468 Neque
1844 2400 1993 2455 enim
2044 2400 2104 2452 ﬁ-

2205 2401 2366 2455 πάλιν
2393 2404 2424 2472 ἡ
2453 2400 2546 2454 τοῦ
2575 2401 2692 2471 βίου
2738 2400 3051 2468 δικαιοσύνη
3091 2395 3340 2465 ἀσφαλής
3367 2397 3514 2446 ἐστιν
3547 2391 3626 2453 εἰς

537 2493 636 2545 des
671 2490 878 2561 absque
908 2489 1168 2559 operibus
1189 2489 1418 2559 iustitia:
1435 2489 1636 2544 sufﬁcit
1668 2489 1736 2545 ad
1753 2491 2120 2548 servandum;
2147 2489 2194 2532 L

539 2579 724 2652 Neque
760 2593 957 2634 rursus
983 2579 1109 2634 vita:
1144 2577 1356 2649 justitia
1393 2593 1492 2649 per
1520 2594 1580 2634 se
1615 2587 1732 2634 tuta
1757 2585 1843 2635 est
1869 2580 1934 2635 ad
1959 2581 2105 2634 salu-

539 2681 674 2738 tem,
733 2671 781 2726 si
837 2670 1087 2740 sejuncta
1156 2671 1230 2724 sit
1282 2670 1437 2724 ﬁdes.
1482 2669 1549 2724 Et
1595 2670 1722 2725 ideo
1778 2686 1902 2726 cum
1937 2672 2104 2726 veluti

539 2763 832 2833 quamdam
857 2763 1143 2818 materiam
1191 2760 1350 2816 ﬁdem
1395 2771 1448 2818 et
1488 2761 1759 2832 justitiam
1804 2762 1892 2817 his
1935 2763 2105 2817 armis

539 2853 929 2918 contexuisset,
963 2853 1160 2907 armati
1204 2851 1398 2907 militis
1448 2854 1626 2907 munit
1677 2853 1996 2924 pmcordia.
2045 2851 2105 2906 In

541 2954 760 3017 pectore
811 2945 958 3000 enim
1007 2959 1102 2999 cor
1151 2944 1497 3014 intelligitur.
1547 2943 1732 3000 Fortis
1777 2953 1958 2999 autem
2000 2945 2105 2999 viri

537 3048 704 3110 caput
734 3053 836 3109 spe
872 3037 1070 3100 munit,
1106 3036 1426 3107 signiﬁcans
1467 3037 1612 3107 quod
1659 3037 1920 3093 convenit
1960 3038 2105 3092 bono

2204 2491 2398 2582 ῖτηρίαν
2425 2492 2546 2545 καθ’
2576 2491 2794 2560 ἑαυτὴν,
2839 2486 3229 2628 διεζευγμένηξ
3258 2484 3357 2553 τῆς
3382 2482 3636 2544 πίστεως.
3675 2479 3771 2531 Διά

2204 2582 2358 2628 τοῦτο
2386 2583 2633 2628 καθάπερ
2662 2581 2792 2628 ὕλας
2813 2580 2962 2628 τινὰ(
2979 2578 3058 2628 τῶ
3081 2577 3201 2628 ὅπλι
3257 2576 3430 2628 τούτω
3457 2573 3560 2628 τὴν
3593 2571 3771 2623 πίστιν

2214 2533 2396 2564 ’⁶ΙΙ”¹’”
2427 2533 2528 2545 """
2576 2533 2794 2560 """'l"
2842 2533 3195 2558 """tr‘"'t
3272 2533 3355 2553 --ιν
3388 2533 3417 2536 η
3456 2533 3499 2534 έν
3597 2533 3613 2544 -

2187 2533 2358 2637 )cofrco
2386 2583 2633 2653 καθάπερ
2662 2581 2792 2644 ὔλας
2813 2580 2962 2642 τινὰς
2979 2578 3058 2649 τῷ
3081 2533 3229 2646 ὅπλιξ
3257 2576 3430 2644 τούτῳ
3457 2573 3560 2643 τὴν
3593 2571 3771 2623 πίστιν

2203 2675 2298 2728 καὶ
2325 2675 2422 2745 τὴν
2448 2673 2792 2743 δικαιοσύνην
2829 2671 3162 2744 συμπλέξας,
3193 2669 3254 2722 τὸ
3291 2664 3644 2737 περικάρδιον
3678 2661 3772 2715 τοῦ

2203 2766 2420 2818 ὁπλίτου
2446 2765 2926 2832 κατασφαλίζεται.
2971 2764 3058 2816 Ἐν
3086 2762 3195 2832 γὰρ
3218 2760 3294 2832 τῷ
3321 2758 3558 2828 Θώρακι,
3582 2758 3615 2826 ἡ
3641 2771 3774 2822 καρ-

2205 2857 2292 2910 δία
2326 2860 2546 2910 νοεῖται.
2577 2857 2688 2928 Τὴν
2717 2857 2775 2910 δὲ
2809 2855 3049 2933 κεφαλὴν
3077 2854 3172 2908 τοῦ
3197 2851 3462 2923 ἀριστέως
3491 2852 3563 2918 τῇ
3603 2844 3777 2899 ἐλπίδι

2207 2949 2694 3017 κατασφαλίζεται,
2730 2948 3010 3018 σημαίνων
3049 2947 3130 2999 ὅτι
3183 2944 3451 3014 προσήκει
3495 2939 3580 3009 τῷ
3624 2936 3775 3005 καλῴ

2209 3043 2533 3116 στρατιώτῃ,
2567 3043 2666 3114 τὴν
2687 3041 2874 3094 ἐλπίδα
2899 3040 3007 3094 τῶν
3038 3037 3277 3108 ὑψηλῶν,
3304 3030 3416 3088 οἶόν
3434 3050 3561 3086 τινα
3588 3029 3778 3096 λοφίαν

539 3129 697 3182 militi
741 3128 1056 3183 sublimium
1105 3141 1286 3181 rerum
1347 3142 1534 3195 spem,
1583 3129 1753 3182 veluti
1807 3128 2096 3198 quamdam

2208 3139 2288 3199 εἰς
2331 3135 2392 3188 τὸ
2440 3135 2550 3189 ἄνω
2593 3134 2755 3204 ἔχειν.
2817 3132 2874 3186 'U
2924 3132 2981 3186 δὲ
3024 3129 3214 3200 θυρεὸς
3265 3127 3326 3180 τὸ
3373 3123 3777 3192 σκεπαστήριον

538 3222 784 3282 cristam,
827 3219 1027 3273 habere
1076 3233 1333 3288 superne.
1377 3219 1613 3289 Clypeus
1658 3230 1841 3274 autem
1879 3221 1970 3289 qui
2019 3227 2105 3274 est

540 3327 691 3366 arma
724 3313 925 3382 quibus
959 3313 1214 3380 tegimur,
1244 3321 1332 3366 est
1365 3311 1500 3366 ﬁdes
1528 3328 1651 3382 qua:
1683 3312 1855 3384 frangi
1878 3329 1985 3368 non
2010 3329 2104 3383 po-

537 3413 671 3465 test,
701 3417 864 3473 quam
889 3403 1204 3457 aculeorum
1227 3405 1415 3473 cuspis
1441 3419 1548 3457 non
1577 3413 1756 3474 potest
1785 3407 2102 3474 pervadere.

539 3495 777 3551 Aculeos
797 3505 978 3549 autem
999 3496 1091 3564 qui
1111 3495 1483 3550 immittuntur
1499 3497 1567 3550 ah
1583 3497 1853 3560 hostibus,
1879 3499 2102 3553 omnino

542 3585 902 3654 intelligimus
934 3586 1116 3639 varios
1143 3586 1403 3640 vitiorum
1438 3595 1493 3642 et
1520 3588 1687 3640 animi
1733 3589 2106 3658 perturbatio-

539 3690 670 3728 num
702 3675 959 3745 impetus.
985 3675 1260 3730 Salutaria
1289 3685 1470 3731 autem
1495 3692 1648 3732 arma
1684 3695 1807 3749 qua:
1850 3681 2105 3735 muniunt

533 3771 805 3829 adversus
831 3773 1017 3829 hostes
1037 3773 1314 3828 dexteram
1340 3789 1551 3836 eorum,
1572 3773 1664 3844 qui
1695 3789 1754 3828 se
1783 3773 1994 3828 fortiter
2016 3787 2105 3844 ge-

534 3873 686 3927 runt,
713 3874 795 3919 est
818 3874 1044 3920 sanctus
1077 3863 1336 3934 Spiritus,
1365 3865 1456 3934 qui
1485 3875 1569 3918 est
1599 3864 1862 3918 terribilis
1886 3862 2106 3933 quidem

535 3956 670 4010 sisit
698 3956 1317 4020 contrarius,salutaris
1338 3964 1520 4010 autem
1547 3955 1591 4010 si
1626 3965 1958 4010 assumatur.
1977 3952 2108 4008 Om-

537 4041 624 4093 nis
659 4051 840 4096 autetn
862 4045 1114 4098 doctrina
1142 4044 1468 4115 Evangelica
1497 4047 1734 4116 pedibus
1752 4046 1908 4103 affert
1939 4064 2104 4104 secu-

534 4135 771 4198 ritatem,
832 4133 967 4189 adeo
1017 4145 1077 4189 ut
1125 4136 1273 4190 nulla
1328 4153 1454 4207 pars
1489 4139 1736 4208 corporis
1793 4141 2104 4195 inveniatur

535 4224 682 4278 nuda
719 4235 772 4280 et
811 4236 936 4297 apta
970 4229 1036 4282 ad
1072 4229 1212 4286 ictus
1242 4231 1620 4300 accipiendos.

611 4316 667 4370 Si
696 4318 861 4388 igitur
893 4319 1187 4376 didicimus
1215 4337 1340 4376 cum
1387 4325 1588 4393 quibus
1642 4327 1714 4379 sit
1771 4325 2100 4389 bellandum,

535 4419 697 4480 atque
731 4411 805 4464 ita
835 4427 1014 4481 pugna
1043 4415 1400 4482 capessenda,
1430 4417 1598 4470 altera
1630 4432 1846 4487 quoque
1871 4433 1996 4487 pars
2019 4429 2102 4474 est

533 4501 795 4557 discenda
815 4544 830 4566 ,
857 4519 1050 4572 nempe
1089 4519 1210 4557 cum
1237 4505 1436 4573 quibus
1467 4505 1644 4560 foedus
1675 4508 1814 4560 inire
1841 4517 1893 4561 et
1914 4524 2097 4577 pacem

535 4611 695 4664 agere
716 4603 949 4664 oportet,
973 4595 1292 4649 testiﬁcetur
1319 4596 1405 4649 hic
1425 4598 1575 4650 liber.
1593 4598 1726 4663 Quis
1744 4605 1828 4652 est
1849 4613 1980 4668 ergo
2002 4599 2101 4653 bo-

531 4700 638 4739 nus
666 4685 980 4753 imperator,
1013 4685 1101 4737 cui
1135 4699 1230 4753 per
1263 4700 1450 4753 pacem
1488 4702 1572 4738 me
1603 4687 1826 4742 reddam
1847 4687 2098 4756 junctum

533 4777 936 4831 familiaritate?
963 4778 1096 4842 Quis
1127 4786 1209 4832 est
1237 4786 1418 4831 autem
1443 4778 1552 4832 dux
1585 4779 1747 4848 hujus
1779 4781 2101 4835 exercitus?

530 4869 669 4923 Num
711 4881 793 4924 est
824 4870 1169 4939 perspicuum
1206 4872 1350 4940 quod
1387 4879 1678 4940 utrumque
1708 4873 2020 4927 audivimus
2067 4888 2096 4926 a

533 4962 823 5032 Scriptura
851 4963 1111 5016 divinitus
1140 4964 1431 5034 inspirata,
1467 4966 1613 5033 quod
1665 4967 1904 5022 ctnlestis
1938 4982 2097 5020 exer«

531 5056 672 5110 citus
706 5056 778 5110 sit
807 5056 952 5109 acies
983 5057 1347 5125 angelorum?
1383 5076 1398 5107 ι
1437 5056 1599 5110 Facta
1624 5067 1706 5111 est
1739 5059 1906 5121 etaim,
1953 5081 1971 5112 ι
2013 5061 2098 5113 in-

531 5149 682 5217 quit,
747 5166 764 5198 ι
832 5148 1128 5200 multitudo
1191 5149 1394 5203 militia:
1451 5151 1692 5204 cmlestis
1755 5153 2094 5206 laudantium

529 5238 698 5293 Deum
721 5241 787 5294 ".
823 5259 841 5290 ι
871 5238 934 5294 Et
959 5238 1142 5293 Daniel
1163 5241 1307 5294 videt
1335 5242 1513 5295 decies
1541 5243 1687 5296 mille
1712 5245 1878 5297 millia
1909 5261 2096 5299 eorum

527 5333 620 5401 qui
658 5334 946 5396 assistunt,
969 5332 1230 5386 etmillies
1254 5333 1402 5386 mille
1434 5334 1601 5387 millia
1633 5335 1984 5403 aspicitinter
2000 5353 2095 5392 eos

530 5425 621 5491 qui
663 5427 974 5479 ministrant
997 5425 1068 5478 ⁸³⁸.
1104 5423 1370 5492 Propheta
1423 5441 1642 5494 quoque
1675 5427 1726 5479 id
1762 5428 2094 5494 testiﬁcans,

529 5513 818 5568 Dominum
853 5517 1192 5569 exercituum
1221 5525 1273 5569 et
1301 5514 1588 5570 Dominum
1627 5520 1904 5587 cepiarum
1939 5529 2095 5572 vocat

536 5603 824 5660 Dominum
857 5607 1231 5660 universitatis
1252 5606 1319 5658 '6.
1351 5605 1412 5657 Et
1433 5608 1498 5660 ad
1532 5606 1714 5662 Jcsum
1746 5609 1889 5665 Nave
1911 5612 1955 5642 "
2003 5628 2098 5681 po-

598 5778 642 5809 ”
682 5779 877 5845 Ephes.
905 5782 1084 5845 vr,-H.
1161 5783 1207 5813 ³⁸
1251 5779 1379 5836 Luc.
1409 5797 1468 5849 ιι,
1541 5785 1622 5837 15.

2205 3228 2386 3293 ὅπλον,
2429 3229 2463 3297 ἡ
2499 3227 2744 3297 ἀρραγὴς
2790 3225 2971 3287 πίστις
3010 3223 3190 3285 ἐστὶν,
3236 3216 3303 3291 ἧς
3341 3220 3375 3287 ὴ
3425 3216 3540 3268 τῶν
3576 3212 3776 3269 ἁκίδων

2205 3320 2358 3392 ἀκμὴ
2411 3318 2687 3388 διαδυῆναι
2756 3319 2817 3370 οὐ
2875 3317 3118 3370 δύναται.
3160 3311 3376 3373 Ἀκίδας
3433 3308 3494 3361 δὲ
3556 3307 3775 3365 πάντως

2207 3413 2355 3484 παρὰ
2401 3411 2509 3464 τῶν
2553 3409 2824 3480 πολεμίων
2863 3404 3324 3475 ὲκτοξευομένας,
3373 3400 3473 3462 τὰς
3524 3395 3777 3457 ποικίλας

2205 3502 2508 3576 προσϐολάς
2547 3501 2655 3554 τῶν
2687 3499 3025 3570 παθημάτων
3065 3497 3365 3566 νοήσωμεν.
3408 3490 3688 3576 Σωτήριον
3720 3485 3778 3536 δὲ

2202 3575 2364 3649 ὅπλον
2407 3595 2435 3647 ὃ
2471 3595 2570 3666 τὴν
2612 3592 2789 3659 δεξιάν
2837 3589 3044 3653 ὁπλίζει
3082 3589 3187 3640 τῶν
3217 3583 3360 3639 κατά
3396 3581 3511 3635 τῶν
3562 3575 3776 3648 ἐχθρῶν

2203 3688 2613 3760 ἁριστευόντων,
2633 3687 2695 3738 τὸ
2731 3687 2885 3754 ἆγιον
2908 3683 3130 3752 Πνεῦμά
3159 3681 3293 3740 ἐστι,
3317 3674 3549 3746 φοϐερὸν
3588 3672 3687 3741 μὲν
3717 3667 3780 3721 τὸ

2205 3781 2542 3843 ὑπεναντίον,
2569 3780 2630 3832 τὸ
2653 3779 2710 3833 δὲ
2755 3773 3265 3849 μεταχειριζόμενον
3292 3769 3586 3837 σωτήριον.
3621 3764 3778 3816 Πᾶσα

2207 3871 2322 3941 δὲὴ
2377 3869 2702 3941 εὐαγγελικὴ
2740 3867 3098 3929 διδασκαλία,
3141 3866 3254 3926 τοῖς
3300 3860 3429 3913 ποσὶ
3483 3859 3632 3910 ποιεῖ
3681 3854 3782 3924 τὴν

2205 3965 2520 4033 ἀσφάλειαν,
2554 3963 2629 4027 ὼς
2670 3962 2834 4032 μηδὲν
2853 3960 2944 4013 τοῦ
2974 3960 3221 4029 σώματος
3254 3952 3544 4024 εὑρεθῆναι
3571 3944 3778 4032 γυμνὸν

2206 4055 2297 4108 καὶ
2330 4055 2462 4123 πρὸς
2487 4054 2698 4124 πληγὴν
2721 4051 3041 4121 ἐπιτήδειον.

2275 4329 2337 4380 Ei
2366 4323 2458 4380 οὖν
2491 4325 2887 4397 μεμαθήκαμεν
2910 4319 2991 4387 οἷς
3017 4323 3273 4391 πολεμεῖν
3300 4321 3426 4391 χρὴ,
3468 4320 3568 4372 καὶ
3606 4317 3781 4380 οὕτως

2203 4423 2301 4489 τῆς
2333 4421 2508 4490 μάχης
2537 4418 3052 4490 ἀντιλαμϐάνεσθαι,
3078 4416 3267 4486 μαθεῖν
3298 4414 3567 4484 προσήκει
3602 4409 3781 4465 καὶτὸ

2204 4511 2386 4582 ἕτερον
2433 4512 2627 4582 μέρος,
2673 4507 2754 4573 οἷς
2794 4508 3076 4562 ἔνσπονδον
3115 4502 3255 4560 εἶναι
3293 4507 3387 4558 καὶ
3427 4501 3705 4575 εἰρηνικὸν
3751 4504 3780 4554 6

2205 4603 2358 4671 λόγος
2386 4603 2830 4674 διαμαρτύρεται.
2864 4602 2961 4664 Τίς
2987 4596 3078 4654 οὖν
3109 4600 3136 4650 6
3181 4597 3382 4666 ἀγαθὸς
3431 4594 3776 4667 στρατηγὸς,

2201 4689 2246 4763 ᾧ
2282 4695 2367 4748 διὰ
2407 4696 2500 4764 τῆς
2540 4696 2759 4766 εἰρήνης
2790 4693 3022 4764 ἐμαυτὸν
3064 4690 3367 4752 οἰκειώσως
3411 4689 3509 4752 Τίς
3540 4687 3598 4741 δὲ
3627 4689 3656 4741 6
3683 4684 3778 4738 τοῦ

2205 4788 2445 4841 τοιούτου
2493 4787 2723 4856 στρατοῦ
2772 4786 3054 4856 βασιλεύς;
3105 4785 3175 4837 Ἢ
3213 4781 3372 4852 δῆλόν
3413 4783 3584 4838 ἐστιν,
3613 4781 3781 4849 ἄμφω

2208 4879 2356 4950 παρὰ
2384 4881 2482 4948 τῆς
2507 4877 2861 4931 θεοπνεύστου
2884 4878 3105 4948 Γραφῆς
3134 4875 3468 4945 ἀκηκόαμεν,
3500 4873 3585 4925 ὅτι
3616 4888 3778 4940 στραο

2205 4972 2296 5034 τὸς
2323 4970 2590 5042 οὐράνιος,
2608 4973 2640 5041 ἡ
2658 4970 2957 5040 παράταξις
2983 4969 3090 5022 τῶν
3112 4967 3358 5037 ἀγγέλων
3380 4965 3557 5029 ὲστίν;
3587 4983 3604 5015 ι
3629 4963 3779 5030 Ἐγέ-

2207 5079 2326 5114 νετο
2359 5063 2484 5132 γὰρ,
2512 5081 2530 5113 ›
2557 5063 2710 5132 φησὶ,
2737 5081 2757 5112 ‹
2785 5061 2986 5132 πλῆθος
3004 5061 3252 5134 οὐρανίου
3283 5059 3540 5131 στρατιᾶς
3566 5053 3777 5109 αίνούν-

2204 5172 2312 5208 των
2341 5155 2429 5208 τὸν
2462 5154 2612 5207 Θεόν.
2642 5174 2659 5204 ›
2698 5155 2808 5208 Καὶ
2834 5157 2862 5208 6
2883 5155 3078 5224 Δανιὴλ
3113 5155 3309 5225 μυρίας
3349 5152 3612 5225 μυριάδας
3636 5165 3776 5219 παρ⁹

2207 5249 2453 5300 εστὼτων
2497 5248 2618 5318 ὁρᾷ,
2659 5249 2752 5300 καὶ
2777 5247 3028 5316 χιλιάδων
3052 5246 3294 5316 χιλιάδας
3319 5247 3376 5297 ὲν
3398 5245 3508 5306 τοῖς
3531 5242 3589 5293 λε
3600 5255 3776 5308 ιτουρ-

2201 5337 2356 5406 γοῦσι
2387 5337 2591 5407 βλέπει.
2619 5337 2722 5390 Καὶ
2745 5339 3074 5409 ὁΠροφήτης
3098 5337 3157 5389 τὸ
3189 5335 3424 5390 τοιοῦτον
3459 5331 3774 5403 μαρτυρῶν.

2201 5428 2402 5498 Κύριον
2426 5428 2710 5499 στρατιῶν,
2741 5431 2832 5481 καὶ
2863 5429 3065 5498 Κύριον
3090 5429 3372 5498 δυνάμεων
3388 5427 3478 5480 τὸν
3503 5424 3602 5478 τοῦ
3633 5440 3776 5476 παν-

2201 5524 2290 5584 τὸς
2315 5522 2634 5590 ὀνομάζεται
2651 5521 2872 5591 Κύριον.
2895 5522 3003 5574 Καὶ
3030 5522 3162 5592 πρὸς
3183 5521 3271 5573 τὸν
3296 5521 3450 5584 Ναυῆ
3500 5520 3528 5570 ὁ
3549 5515 3774 5576 δυνατός

2203 5631 2363 5685 φησιν
2417 5615 2473 5666 ὲν
2501 5613 2752 5684 πολέμῳς
2794 5633 2812 5665 ι
2837 5614 2998 5682 Ἐγὼ,
3027 5635 3044 5665 ι
3081 5614 3265 5684 φησιν,
3303 5632 3320 5664 ι
3345 5615 3371 5666 ὁ
3405 5611 3773 5682 ἀρχιστράτη-

1703 5788 1743 5818 ⁵⁵
1788 5786 1919 5841 Dan.
1955 5806 2052 5855 vn,
2076 5791 2134 5847 2.
2212 5792 2255 5823 ⁸⁸
2295 5790 2437 5846 Psal.
2467 5806 2618 5857 xxm,
2645 5791 2734 5846 10.
2796 5792 2840 5825 ⁸⁷
2873 5790 2987 5846 Jos.
3015 5806 3069 5852 r,
3115 5791 3197 5847 M.
