4110 6480
462 477 569 533 7:9

1480 472 1547 526 IN
1584 466 2116 526 ECCLESIASTEN.
2152 464 2428 520 IIOMILIA
2470 464 2603 519 VIII.

3586 458 3687 513 750

466 611 559 665 τος
585 596 699 665 εἰμι
727 594 823 663 τῆς
850 594 1148 665 δυνάμεως.
1182 593 1281 645 »Εἰ
1302 593 1359 645 δὲ
1389 592 1691 663 ἐνοήσαμεν
1713 590 1794 654 τίς
1822 590 1968 642 ἐστιν
1995 588 2027 658 ή

2134 595 2253 641 tcns
2330 584 2507 654 inquit
2593 582 2647 635 in
2704 580 2866 643 bello,
2907 598 2925 630 ι
2990 578 3122 648 Ego,
3168 597 3185 628 ι
3242 578 3447 647 inquit,
3490 596 3507 627 ι
3572 593 3692 633 sum

464 685 646 757 ἀγαθὴ
676 686 962 757 συμμαχία
983 725 997 748 ,
1032 685 1127 738 καὶ
1153 684 1236 748 τίς
1275 685 1305 736 ὁ
1332 685 1441 737 τῶν
1491 684 1791 755 συμμάχων
1825 681 2028 736 τούτων

465 777 767 848 ἡγούμενος
786 816 800 840 ,
832 776 1060 839 σπονδὰς
1093 777 1229 845 πρὸς
1264 777 1424 830 αὐτὸν
1451 775 1820 847 ποιησώμεθα,
1861 791 2029 846 προσ-

463 867 760 938 δράμωμεν
806 865 968 921 αὐτοῦ
1007 868 1072 937 τῇ
1105 866 1391 937 δυναστείᾳ
1412 908 1427 930 ,
1461 866 1603 934 φίλοι
1641 864 1922 935 γενώμεθα
1953 864 2030 933 τῷ

467 958 735 1029 τοσαύτην
780 958 1004 1029 δύναμιν
1030 959 1369 1029 κεκτημένῳ.
1412 960 1508 1023 Τίς
1549 960 1605 1012 δὲ
1634 960 1662 1010 ὁ
1693 959 1890 1028 τρόπος
1932 960 2030 1028 τῆς

469 1050 607 1119 πρὸς
648 1050 807 1102 αὐτὸν
838 1048 1182 1118 οἰκειώσεως,
1211 1049 1448 1104 διδάσκει
1488 1051 1634 1120 ἡμᾶς
1660 1049 1688 1101 ὁ
1719 1050 1816 1119 τῆς
1853 1046 2029 1116 φιλίας

468 1139 669 1211 ταύτης
697 1141 1062 1209 συναγωγεὺς,
1088 1142 1117 1193 ό
1141 1140 1311 1209 μέγας
1344 1139 1679 1203 Ἀπόστολος,
1698 1142 1753 1192 ὲν
1774 1133 1853 1202 οἷς
1875 1156 2026 1208 φησι·

472 1250 496 1283 4
524 1232 909 1295 Δικαιωθέντες
932 1228 1024 1286 οῦν
1052 1234 1117 1287 ὲκ
1145 1234 1399 1296 πίστεως,
1433 1234 1650 1304 εἰρήνην
1679 1233 1871 1304 ἔχομεν
1896 1231 2031 1303 πρὸς

468 1322 561 1395 τὸν
587 1323 735 1376 Θεόν.
753 1340 770 1374 ι
791 1324 902 1377 Καὶ
923 1324 1081 1378 πάλιν
1099 1340 1112 1354 ο
1134 1343 1152 1374 ι
1175 1323 1345 1394 ’Υπὲρ
1373 1320 1607 1394 Χριστοῦ
1636 1321 2028 1392 πρεσϐεύομεν,

467 1413 545 1477 ὠς
566 1415 658 1467 τοῦ
694 1414 826 1467 Θεοῦ
851 1414 1291 1485 παρακαλοῦντος
1318 1415 1384 1467 δι’
1414 1417 1588 1485 ήμῶν,
1633 1414 1861 1485 δεόμεθα
1891 1415 2032 1481 ὑπὲρ

470 1506 515 1558 Χ
526 1504 704 1574 ριστοῦ
725 1523 738 1536 ο
763 1506 1152 1577 Καταλλάγητε
1166 1498 1240 1570 τῷ
1253 1498 1388 1571 Θεῷο
1402 1519 1420 1552 ι
1434 1499 1577 1562 Ἕως
1590 1498 1697 1571 γὰρ
1713 1505 1851 1577 ἦμεν
1868 1507 2032 1561 τέκνα

467 1593 632 1663 φύσει
671 1596 842 1666 ὀργῆς
891 1597 948 1648 ὲν
984 1595 1062 1667 τῷ
1094 1598 1264 1648 ποιεῖν
1311 1596 1379 1648 τὰ
1417 1595 1490 1666 μὴ
1542 1597 1883 1663 καθήκοντα,
1922 1601 2033 1661 τοῖς

466 1684 827 1755 ἀνθεστηκόσι
863 1689 929 1758 τῇ
969 1688 1116 1758 δεξιᾷ
1147 1688 1240 1741 τοῦ
1272 1687 1524 1757 Ὑψίστου
1560 1690 2035 1764 συνετετάγμεθα,’

473 1777 801 1848 ἀποθέμενοι
832 1779 931 1848 τὴν
960 1780 1217 1833 ἀσέϐειαν
1262 1781 1478 1843 καὶτὰς
1528 1782 1796 1851 κοσμικὰς
1846 1780 2035 1833 ἐπιθυ-

480 1867 643 1937 μίας,
683 1871 740 1922 ἐν
784 1869 860 1941 τῷ
898 1871 1059 1935 ὁσίως
1108 1874 1202 1925 καὶ
1232 1873 1454 1937 δικαίως
1507 1872 1601 1926 καὶ
1639 1873 1878 1935 εύσε6ῶς
1912 1874 2030 1943 ζῇν.

2128 680 2383 750 princeps
2418 676 2723 747 cupiarum.
2764 693 2782 725 ι
2823 672 2879 727 Si
2909 682 3088 726 autem
3129 671 3497 725 intelleximus
3544 685 3694 740 quae-

2128 786 2251 825 nam
2287 770 2396 824 sint
2426 769 2567 822 bona
2604 766 2658 820 in
2686 766 2827 819 bello
2866 764 3093 826 auxilia,
3128 770 3182 816 et
3214 762 3466 831 quisnam
3497 760 3567 815 sit
3599 761 3695 830 qui

2127 872 2323 934 praeest
2362 861 2488 916 belli
2517 861 2702 926 sociis,
2732 859 2910 913 ftedus
2937 873 3061 911 cum
3090 872 3156 911 eo
3180 856 3447 918 ineamus,
3487 855 3553 909 ad
3576 855 3696 923 ejus

2126 952 2423 1023 potentiam
2456 949 2857 1020 confugiamus,
2886 948 2933 1001 ei
2976 948 3149 1002 simus
3189 947 3351 1000 amici
3389 949 3481 1016 qui
3511 954 3695 999 tantas

2129 1045 2292 1099 habet
2317 1044 2526 1113 copias.
2564 1042 2827 1108 Quisnam
2864 1041 2936 1095 sit
2969 1049 3151 1095 autem
3200 1040 3398 1093 modus
3444 1038 3696 1093 ineunda:

2129 1152 2251 1191 cum
2279 1151 2345 1190 eo
2402 1134 2792 1209 familiaritatis
2827 1143 2880 1187 et
2909 1131 3359 1193 necessitudinis,
3391 1131 3551 1185 docet
3595 1146 3695 1185 nos

2130 1225 2223 1295 qui
2260 1226 2399 1279 hanc
2447 1224 2741 1277 amicitiam
2800 1222 3055 1276 conciliat
3096 1237 3329 1289 magnus
3367 1220 3692 1289 Apostolus,

2130 1331 2255 1370 cum
2290 1316 2459 1370 dicit:
2496 1334 2513 1366 ι
2549 1313 2842 1369 Justiiicati
2872 1328 3000 1381 ergo
3032 1329 3096 1365 ex
3133 1311 3258 1375 title,
3296 1326 3482 1380 pacem
3525 1311 3696 1389 habe-

2130 1424 2254 1463 mus
2282 1408 2425 1478 apud
2458 1407 2625 1462 Deum
2655 1408 2699 1438 ⁸⁸
2730 1424 2745 1473 ;
2776 1426 2793 1456 ι
2826 1414 2879 1460 et
2908 1421 3101 1459 rursus
3127 1419 3142 1457 :
3181 1423 3199 1454 ι
3232 1403 3336 1457 Pro
3368 1403 3589 1458 Christo
3618 1405 3697 1457 le—

2132 1501 2351 1570 gatione
2382 1499 2681 1569 fungimur,
2707 1508 2965 1567 tanquam
2986 1497 3092 1551 Dco
3117 1512 3214 1567 per
3244 1512 3346 1551 nos
3373 1496 3700 1550 exhortante

2132 1607 2391 1662 rogamus
2404 1607 2502 1662 pro
2518 1590 2740 1646 Christo
2767 1611 2778 1645 :
2808 1590 3263 1644 Reeonciliamini
3278 1588 3384 1643 Deo
3401 1586 3467 1643 ⁵⁸.
3482 1609 3498 1637 ι
3523 1589 3699 1654 Quan-

2134 1682 2225 1735 diu
2261 1683 2404 1736 enim
2437 1682 2641 1736 fuimus
2682 1691 2877 1734 natura
2900 1681 2995 1733 ﬁlii
3023 1680 3136 1741 irae,
3171 1678 3422 1733 faciendo
3451 1695 3568 1747 quae
3589 1694 3698 1732 non

2134 1774 2489 1834 conveniunt,
2550 1772 2753 1826 fuimus
2803 1772 2857 1824 in
2915 1771 2983 1823 iis
3020 1772 3110 1840 qui
3181 1772 3583 1837 adversantur;
3632 1772 3700 1825 ad

2137 1864 2415 1918 dexteram
2455 1872 2633 1917 autem
2667 1862 2935 1916 Altissimi
2969 1861 3174 1915 fuimus
3223 1862 3497 1927 collocati,
3532 1863 3703 1931 depo-

472 1960 571 2013 Διὰ
595 1961 695 2031 τῆς
717 1964 938 2034 εἰρήνης
961 1963 1164 2035 ταύτης
1189 1967 1254 2035 τῇ
1286 1965 1509 2036 ἀληθινῇ
1541 1967 1729 2039 εἰρήνῃ
1761 1942 2032 2036 συναφθη-

2137 1958 2241 2013 sita
2268 1957 2549 2026 impietate
2600 1964 2653 2010 et
2696 1955 3056 2009 saecularibus
3097 1954 3408 2016 desideriis,
3467 1955 3700 2009 vivendo

474 2052 700 2121 σόμεθα.
734 2052 920 2117 Οῦτως
954 2055 1058 2125 γάρ
1094 2073 1225 2126 φησι
1261 2057 1390 2128 περὶ
1427 2057 1590 2109 αὑτοῦ
1632 2058 1660 2109 ό
1694 2058 2029 2124 Ἀπόστολος,

468 2145 553 2197 ὅτι
592 2164 609 2195 ‹
640 2145 809 2207 Αὐτός
850 2148 996 2199 ἐστιν
1029 2149 1061 2216 ἡ
1100 2150 1289 2218 εἰρήνη
1327 2147 1502 2218 ἡμῶν.
1536 2168 1554 2199 ι
1600 2142 1764 2213 Οῦτος
1808 2151 1835 2201 ὁ
1877 2149 2031 2217 λόγος

470 2238 690 2292 πάντων
718 2238 829 2292 τῶν
874 2239 1013 2292 κατὰ
1049 2240 1237 2309 καιρὸν
1276 2240 1575 2310 γινομένων
1614 2240 1675 2294 τὸ
1714 2241 1883 2309 πέρας
1916 2243 2032 2294 ἐστὶ

468 2330 563 2383 καὶ
595 2330 656 2382 τὸ
684 2331 995 2399 κεφάλαιον.
1033 2332 1218 2385 Πάντα
1241 2331 1348 2402 γὰρ
1374 2334 1431 2383 ὲν
1465 2331 1639 2403 καιρῷ
1665 2336 1835 2385 ποιεῖν
1865 2333 2034 2386 ἐδιδά-

470 2420 698 2490 χθημεν,
717 2421 805 2474 ἴνα
832 2419 988 2473 τοῦτο
1010 2420 1222 2483 ἑαυτοῖς
1247 2419 1701 2492 κατορθώσωμεν,
1719 2420 1779 2473 τὸ
1808 2423 2031 2492 εἰρήνην

465 2510 614 2581 ἔχειν
634 2511 771 2583 πρὸς
808 2511 895 2564 τὸν
920 2511 1074 2575 Θεὸν,
1116 2511 1205 2563 διὰ
1235 2512 1332 2564 τοῦ
1370 2511 1640 2582 πολεμίως
1673 2513 2032 2583 προστεθῆναι

470 2603 607 2672 πρὸς
637 2603 727 2655 τὸν
756 2604 1064 2657 ἀντίπαλον.
1097 2605 1320 2668 Πάντως
1342 2604 1397 2657 δὲ
1418 2605 1521 2658 κᾶν
1550 2604 1649 2668 τὰς
1676 2604 1874 2675 ἀρετὰς
1903 2605 2031 2677 εἴπῃ

470 2693 560 2747 τὸν
579 2695 797 2765 εἰρήνης
825 2696 1054 2766 στρατὸν
1073 2697 1208 2766 πρὸς
1234 2696 1301 2760 ἃς
1321 2698 1424 2770 χρὴ
1449 2697 1673 2766 φιλικῶς
1692 2699 1779 2769 ἔχε
1790 2718 1834 2752 ιν
1860 2702 2009 2769 ἡμᾶς
2015 2741 2029 2764 ν

464 2787 569 2839 οὐκ
611 2787 714 2852 ἔξω
754 2789 852 2858 τῆς
896 2790 1245 2861 ἀποδοθείσης
1276 2791 1512 2855 διανοίας
1550 2792 1659 2857 ἕξει
1701 2794 1791 2847 τὸν
1834 2795 2027 2863 λόγον·

462 2876 600 2931 διότι
632 2880 739 2931 πᾶν
772 2880 971 2950 ἀρετῆς
1004 2880 1173 2950 ὄνομά
1192 2898 1251 2933 τε
1274 2882 1366 2934 καὶ
1389 2882 1585 2952 νόημα,
1618 2884 1696 2947 εἰς
1715 2882 1804 2935 τὸν
1829 2883 2031 2952 Κύριον

467 2970 576 3023 τῶν
606 2968 815 3040 ἀρετῶν
843 2970 1194 3040 ἀναφέρεται.

2134 2060 2339 2111 sancte,
2374 2050 2543 2118 juste,
2574 2058 2627 2102 et
2652 2048 2759 2117 pie.
2805 2046 2907 2102 Per
2949 2048 3089 2100 hanc
3140 2063 3326 2116 pacem
3384 2064 3525 2102 verze
3579 2050 3699 2117 paci

2133 2140 2526 2209 copulabimur.
2584 2137 2658 2192 De
2700 2152 2767 2191 eo
2824 2138 2971 2191 enim
3032 2138 3111 2192 sic
3170 2138 3304 2192 dicit
3360 2139 3697 2207 Apostolus:

2138 2252 2156 2282 ι
2192 2231 2310 2302 Ipse
2342 2242 2425 2285 est
2454 2246 2559 2299 pax
2601 2238 2789 2283 nostra
2814 2229 2881 2281 °°.
2922 2247 2940 2279 ι
2979 2227 3095 2283 Hoc
3134 2229 3343 2283 dictum
3381 2238 3465 2284 est
3489 2230 3612 2283 ﬁnis
3646 2243 3702 2284 et

2130 2337 2342 2379 summa
2370 2337 2559 2377 eorum
2588 2336 2710 2391 quae
2764 2320 2900 2374 ﬁunt
2935 2322 2991 2374 in
3052 2332 3321 2391 tempore.
3353 2320 3412 2375 ln
3452 2331 3703 2392 tempore

2130 2417 2276 2472 enim
2318 2416 2503 2471 omnia
2548 2414 2730 2469 facere
2778 2413 2957 2468 edocti
3019 2429 3232 2477 sumus,
3271 2422 3330 2467 ut
3388 2414 3492 2468 hoc
3541 2415 3700 2467 nobis

2131 2494 2386 2563 etfectum
2444 2506 2761 2569 reddamus,
2802 2520 3000 2574 nempe
3032 2513 3093 2559 ut
3145 2521 3337 2575 pacem
3398 2507 3700 2563 habeamus

2132 2602 2275 2672 apud
2311 2602 2500 2667 Deum,
2532 2608 2820 2669 propterea
2846 2598 2992 2669 quod
3037 2599 3225 2653 hostili
3258 2608 3312 2654 et
3344 2598 3546 2654 infesto
3575 2601 3699 2653 ani-

2133 2710 2219 2750 mo
2242 2693 2506 2750 fuerimus
2532 2693 2795 2747 adversus
2821 2691 3221 2746 adversarium.
3248 2690 3482 2746 Omnino
3514 2701 3697 2747 autem

2131 2790 2179 2844 si
2216 2789 2342 2858 quis
2371 2786 2571 2840 dixerit
2601 2786 2834 2841 virtutes
2864 2800 2986 2841 esse
3014 2785 3314 2839 exercitum
3358 2786 3529 2854 pacis,
3573 2801 3697 2839 cum

2130 2879 2329 2949 quibus
2355 2884 2569 2946 oportet
2602 2892 2703 2930 nos
2734 2864 2891 2946 jungi
2932 2876 3197 2940 amicitia,
3232 2892 3342 2930 non
3377 2885 3533 2931 extra
3573 2893 3697 2931 eum

2130 2974 2224 3043 qui
2250 2974 2410 3027 datus
2439 2982 2524 3027 est
2551 2986 2771 3027 sensum
2795 2968 3028 3024 deducet
3055 2969 3362 3025 orationem
3392 2990 3405 3024 :
3438 2972 3692 3041 quando-

2132 3067 2352 3136 quidem
2381 3080 2545 3119 omne
2583 3064 2805 3117 virtutis
2826 3078 3025 3118 nomen
3054 3072 3109 3117 et
3136 3064 3432 3134 cogitatum
3465 3063 3702 3120 refertur

2134 3158 2201 3212 ad
2235 3140 2525 3211 Dominum
2555 3154 2841 3209 virtutum.

541 3243 652 3297 Kal.
677 3242 730 3295 τί
758 3244 822 3297 ἄν
850 3260 935 3307 τις
969 3244 1026 3297 ὲν
1055 3245 1169 3306 τοῖς
1205 3243 1466 3307 τοιούτοις
1489 3243 1580 3296 τὸν
1607 3242 1763 3312 λόγον
1794 3246 2028 3317 μηκύνῃ,

2203 3248 2525 3317 Quanquam
2560 3245 2691 3315 quid
2726 3245 2782 3299 in
2822 3244 2909 3298 his
2957 3244 3242 3313 prolixiori
3287 3259 3426 3316 Opus
3458 3253 3542 3301 est
3575 3261 3702 3301 ora-

469 3334 673 3389 ἱκανῶν
721 3334 890 3387 ὄντων
932 3335 1026 3387 καί.
1076 3334 1184 3386 τῶν
1232 3335 1536 3405 εἰρημένων
1584 3336 1885 3405 ἐκκαλύψαι
1934 3340 2031 3406 τὴν

473 3423 798 3494 ἐγκειμένην
837 3426 947 3485 τοῖς
992 3424 1175 3495 ῥητοῖς
1220 3424 1494 3488 διάνοιαν;
1549 3425 1684 3478 Ἀλλ’
1729 3427 1914 3498 ἐπειδὴ
1949 3429 2035 3481 διὰ

471 3513 692 3573 τούτων,
706 3553 743 3567 ..
763 3513 863 3584 τὴν
881 3513 1057 3581 ψυχὴν
1079 3511 1171 3564 τοῦ
1195 3513 1677 3583 προπαιδευθέντος
1695 3514 1753 3566 ὲν
1778 3517 1887 3578 τοῖς
1908 3515 2037 3587 ὑψη-

470 3605 582 3669 λοῖς
620 3606 830 3669 τούτοις
878 3606 1181 3676 μαθήμασι,
1222 3606 1381 3659 πάλιν
1427 3607 1616 3675 ἀνάγει
1654 3608 1790 3678 πρὸς
1828 3608 2036 3679 ὑψηλήν

471 3718 593 3754 τινα
620 3703 948 3754 κατάστασιν
992 3699 1087 3771 τὴν
1114 3699 1292 3770 ψυχὴν
1321 3699 1414 3754 τοῦ
1452 3702 1718 3772 ἑπομένου
1749 3702 1827 3773 τῷ
1857 3704 1997 3775 λόγῳ
2018 3745 2033 3768 ,

474 3791 569 3844 καί
598 3807 728 3859 φησι
747 3807 760 3820 ο
800 3790 895 3852 Τίς
934 3791 1220 3860 περισσεία
1250 3790 1341 3844 τοῦ
1379 3792 1654 3857 ποιοῦντος
1686 3796 1743 3847 ὲν
1769 3789 1848 3859 οἷς
1876 3796 2036 3859 αὐτὸς

477 3882 701 3953 μοχθεῖ;
730 3884 904 3953 Ὅπερ
923 3878 1038 3935 ἶσόν
1058 3883 1263 3953 ἐστιτῷ
1285 3886 1476 3936 εἰπεῖν·
1507 3886 1571 3938 Τί
1600 3887 1664 3940 ὲκ
1686 3887 1792 3939 τῶν
1825 3888 2035 3958 μόχθων

474 3974 583 4028 τῶν
625 3975 978 4045 ἀνθρωπίνων
1020 3977 1261 4042 πάντων,
1291 3977 1350 4041 ἐξ
1382 3971 1456 4030 ὧν
1494 3979 1644 4033 οὐδέν
1677 3983 1791 4033 ἐστι
1838 3982 2033 4046 πλέον;

476 4068 753 4138 Γεωργεῖ,
800 4067 1166 4131 ναυτίλλεται,
1215 4072 1621 4141 στρατιωτικοῖς
1671 4072 2038 4139 ἐγκακοπαθεῖ

475 4158 677 4223 πόνοις,
714 4158 1112 4228 ἐμπορεύεται,
1155 4157 1475 4229 ζημιοῦται,
1506 4161 1795 4231 κερδαίνει,
1824 4163 2037 4229 δικάζε-

472 4267 561 4304 ται
590 4290 604 4313 ,
642 4250 901 4319 μάχεται,
934 4249 1185 4319 ἡττηθεὶς
1221 4251 1452 4322 ἀπῆλθε,
1480 4252 1579 4321 τὴν
1613 4254 1847 4307 νικῶσαν
1877 4256 2036 4326 φέρε-

472 4360 560 4395 ται
617 4342 829 4412 ψῆφον,
892 4342 1261 4406 ταλανίζεται,
1316 4345 1700 4415 μακαρίζεται,
1750 4348 1897 4416 μένει
1951 4350 2037 4418 ἐφ-

474 4432 670 4496 έστιος,
702 4432 757 4483 ὲν
787 4432 1084 4502 ἀλλοτρίοις
1116 4432 1407 4486 πλανᾶταιο
1440 4436 1615 4488 πάντα
1658 4437 1759 4490 ὅσα
1788 4439 2035 4507 ὁρώμενα

474 4524 614 4577 κατὰ
645 4524 736 4577 τὸν
769 4524 884 4593 βίον
925 4525 983 4576 ὲν
1016 4525 1276 4588 ποικίλοις
1312 4527 1753 4597 ἐπιτηδεύμασιν,
1799 4530 1932 4583 ἄλλα
1978 4534 2035 4585 ἐν

2139 3341 2306 3406 tione,
2341 3354 2464 3393 cum
2501 3337 2773 3393 sufﬁciant
2803 3351 2925 3405 qua:
2974 3336 3120 3390 dicta
3164 3344 3293 3391 sunt
3342 3337 3409 3391 ad
3443 3339 3698 3408 aperien-

2136 3432 2265 3485 dum
2298 3445 2515 3486 sensum
2542 3428 2635 3498 qui
2668 3436 2754 3483 est
2785 3428 2841 3481 in
2867 3427 3095 3482 verbis?
3127 3426 3485 3498 Posteaquam
3518 3440 3698 3485 autem

2137 3541 2232 3596 per
2262 3524 2375 3578 haec
2412 3523 2674 3579 excitavit
2707 3521 2951 3575 animum
2978 3521 3100 3589 ejus
3133 3522 3225 3590 qui
3255 3522 3357 3575 fuit
3385 3523 3539 3593 prius
3572 3539 3702 3577 eru-

2137 3616 2282 3671 ditus
2310 3615 2367 3669 in
2395 3614 2481 3667 his
2512 3614 2637 3668 altis
2676 3612 3043 3676 documentis,
3080 3612 3153 3666 ad
3191 3614 3360 3667 a‘ltum
3408 3616 3696 3684 quemdam

2137 3716 2338 3764 statum
2365 3709 2588 3763 sustulit
2610 3709 2846 3762 animam
2878 3706 3000 3776 ejus
3023 3709 3117 3777 qui
3139 3708 3390 3777 sequitur
3413 3710 3699 3774 rationem,

2135 3809 2190 3858 et
2219 3802 2331 3855 ait:
2363 3801 2494 3867 Qua:
2528 3800 2708 3869 major
2740 3800 3076 3854 abundantia
3109 3800 3228 3869 ejus
3263 3801 3357 3871 qui
3386 3800 3517 3855 facit
3544 3802 3599 3855 in
3634 3803 3699 3856 iis

2137 3892 2192 3946 in
2223 3892 2422 3961 quibus
2450 3891 2567 3961 ipse
2592 3891 2846 3945 laborat?
2869 3890 3023 3957 Quod
3057 3890 3281 3960 perinde
3328 3900 3412 3946 est
3442 3907 3506 3946 ac
3537 3893 3581 3946 si
3617 3893 3702 3946 di-

2138 3992 2303 4046 ceret,
2333 3982 2474 4047 Quid
2509 3997 2572 4035 cx
2600 3981 2854 4036 humanis
2880 3982 3133 4037 omnibus
3156 3983 3459 4047 laboribus,
3492 3999 3557 4038 cx
3580 3986 3702 4053 qui-

2138 4077 2239 4132 bus
2256 4075 2479 4130 nihilad
2494 4091 2616 4130 eum
2634 4075 2776 4130 redit
2794 4076 3027 4144 amplius
3048 4077 3071 4129 ?
3094 4076 3269 4146 Agros
3287 4076 3436 4139 colit,
3455 4078 3699 4148 navigat,

2136 4166 2464 4221 militaribus
2479 4166 2762 4220 laboribus
2781 4165 3063 4235 afﬂigitur,
3079 4173 3442 4220 mercaturam
3461 4178 3698 4235 exercet,

2136 4257 2393 4311 damnum
2434 4256 2657 4325 patitur,
2695 4255 2960 4321 lucratur,
3001 4254 3214 4325 litigat,
3255 4266 3489 4326 pugnat,
3534 4273 3701 4314 causa

2137 4350 2302 4413 cadit,
2331 4350 2601 4405 sententia
2637 4348 2763 4403 data
2804 4348 2952 4403 litem
2979 4348 3173 4413 vincit,
3204 4347 3389 4403 infelix
3422 4362 3696 4418 censetur,

2140 4444 2332 4498 beatus
2356 4442 2722 4501 existimatur,
2754 4441 2901 4495 domi
2943 4449 3150 4505 manet,
3191 4451 3336 4495 errat
3368 4443 3511 4512 apud
3548 4452 3701 4498 exte-

2136 4552 2268 4591 ros:
2304 4535 2486 4590 omnia
2538 4549 2661 4604 qum
2695 4534 2747 4587 in
2784 4533 2886 4587 hac
2925 4533 3037 4587 vita
3085 4543 3387 4588 cernuntur
3435 4536 3490 4588 in
3524 4537 3695 4591 variis

472 4616 670 4679 ἄλλοις.
701 4616 765 4667 Τί
798 4616 951 4684 φέρει
982 4617 1141 4670 πλέον
1168 4616 1246 4686 τῷ
1270 4618 1356 4671 διὰ
1379 4619 1487 4672 τῶν
1517 4620 1768 4673 τοιούτων
1791 4623 1881 4675 τὸν
1904 4624 2034 4676 ἴδιον

2140 4629 2358 4692 studiis,
2396 4628 2499 4681 alia
2538 4628 2594 4681 in
2631 4628 2771 4682 aliis.
2810 4626 2952 4693 Quid
2993 4628 3041 4681 ei
3071 4629 3163 4696 qui
3220 4644 3315 4697 per
3366 4628 3478 4683 haec
3544 4645 3696 4684 suam

470 4706 780 4761 δαπανῶντι
829 4708 942 4777 βίον
987 4708 1019 4777 ἡ
1060 4709 1187 4778 περὶ
1244 4710 1415 4762 ταῦτα
1463 4711 1697 4781 σπουδή;
1748 4714 1857 4783 Οὐχ
1897 4714 2030 4784 ὁμοῦ

473 4817 533 4852 τε
576 4799 637 4852 τὸ
690 4800 788 4871 ζῇν
846 4797 1154 4859 ἐπαύσατο.
1215 4800 1308 4852 καὶ
1360 4799 1497 4871 λήθῃ
1550 4802 1901 4874 ὲπεκαλύφθη
1966 4805 2034 4857 τὰ

473 4892 685 4946 πάντα⁶
734 4893 829 4946 καὶ
878 4890 1140 4962 μονωθεὶς
1180 4891 1287 4944 τῶν
1332 4893 1782 4962 σπουδαζομένων
1829 4898 2036 4965 γυμνὸς

470 4985 694 5053 οἴχεται,
719 4984 1057 5054 ἐπαγόμενος
1070 4982 1188 5053 μεθ’
1205 4983 1396 5035 ἑαυτοῦ
1422 4985 1528 5036 τῶν
1549 4986 1675 5057 τῇδε
1698 4989 2037 5058 πραγμάτων

472 5074 646 5137 οὐδὲν,
688 5076 825 5145 πλὴν
858 5076 955 5146 τῆς
988 5076 1082 5128 ἐπὶ
1113 5078 1224 5138 τοῖς
1264 5076 1546 5147 πράγμασι
1600 5079 1763 5149 μόνης
1796 5081 2034 5150 συνειδή-

476 5178 644 5227 came;
671 5164 799 5233 παρ’
831 5160 896 5235 ἦς
930 5167 1126 5238 τρόπον
1152 5165 1273 5219 τινὰ
1301 5165 1438 5235 αὕτη
1474 5166 1608 5236 μετὰ
1641 5168 1797 5222 τοῦτο
1828 5170 2035 5239 γίνεται

475 5255 553 5315 εἰς
578 5253 666 5306 τὸν
697 5256 920 5326 οὐρανὸν
946 5259 979 5327 ἡ
1022 5258 1319 5329 φωνὴ,⁶τὸν
1350 5259 1437 5312 διὰ
1464 5260 1572 5312 τῶν
1596 5261 1846 5315 τοιούτων
1874 5265 2034 5333 ἀσχο-

474 5344 604 5397 λιῶν
638 5348 1086 5419 συμπλανηθέντα
1124 5352 1201 5420 τῷ
1238 5352 1357 5422 βίῳ,
1399 5353 1478 5405 ὅτι
1507 5354 1601 5417 Τίς
1630 5357 1911 5425 περισσεία
1943 5357 2034 5424 γέ-

475 5436 599 5503 γονέ
641 5454 720 5490 σοι
750 5441 857 5491 τῶν
890 5443 1095 5495 πολλῶν
1126 5444 1344 5497 ἐκείνων
1373 5446 1548 5498 πόνων
1586 5448 1643 5498 ἐν
1682 5444 1763 5510 οἷς
1800 5448 2033 5519 ἐμόχθη-

478 5546 603 5593 σας;
636 5531 744 5583 Ποῦ
790 5534 846 5584 αί
880 5533 1120 5606 λαμπραὶ
1153 5538 1355 5602 οἰκίαις
1389 5538 1496 5592 Ποῦ
1530 5540 1596 5592 τά
1635 5543 2030 5612 κατωρυγμένα

478 5620 770 5688 βαλάντια;
802 5623 910 5675 Ποῦ
942 5625 996 5676 αἰ
1028 5627 1222 5694 χαλκαῖ
1248 5630 1452 5692 εἰκόνες
1472 5670 1486 5691 ,
1521 5632 1612 5683 καὶ
1640 5634 1693 5683 αἱ
1732 5631 1837 5684 τῶν
1866 5633 2030 5703 εὐφη-

478 5712 721 5782 μούντων
761 5716 961 5784 φωναί,
1009 5717 1135 5770 Ἰδοὺ
1161 5720 1253 5772 νῦν
1283 5719 1391 5790 πῦρ
1420 5722 1513 5774 καί
1547 5724 1803 5793 μάστιγες
1828 5766 1842 5789 ,
1874 5726 1965 5777 καὶ
1995 5728 2026 5795 ἠ

2134 4721 2406 4775 consumit
2429 4720 2597 4773 vitam
2628 4719 2862 4787 amplius
2905 4719 3080 4783 aﬂ‘ert,
3124 4719 3267 4787 quod
3303 4720 3357 4773 in
3421 4720 3487 4775 iis
3550 4722 3703 4790 ponit

2136 4812 2374 4867 studium
2412 4820 2467 4864 et
2500 4810 2876 4864 industriam?
2918 4809 3114 4864 Annon
3146 4811 3310 4866 simul
3338 4821 3504 4881 atque
3536 4813 3701 4868 desiit

2134 4902 2338 4964 vivere,
2372 4901 2551 4954 omnia
2586 4908 2727 4954 tecta
2759 4907 2886 4954 sunt
2919 4898 3230 4956 oblivione:
3259 4910 3312 4957 et
3343 4904 3412 4958 ab
3459 4904 3528 4959 iis
3567 4921 3702 4974 quo-

2138 5010 2256 5047 rum
2288 4994 2471 5047 studio
2508 4994 2796 5047 tenebatur
2827 4994 3098 5058 desertus,
3139 4997 3248 5050 abit
3282 4997 3482 5058 nudus,
3517 5014 3699 5053 rerum

2140 5101 2260 5155 quae
2288 5086 2375 5139 hic
2418 5093 2546 5140 sunt
2578 5085 2714 5138 nihil
2750 5100 2933 5140 secum
2969 5087 3223 5149 afferens,
3278 5098 3473 5157 prater
3526 5092 3697 5144 solam

2140 5178 2419 5232 actionum
2458 5192 2681 5230 suarum
2715 5179 3156 5234 conscientiam?
3195 5196 3224 5234 a
3271 5197 3375 5250 qua
3427 5184 3540 5237 haec
3594 5199 3700 5238 vox

2137 5268 2540 5338 quodammodo
2574 5276 2697 5338 post
2732 5269 2836 5323 hoc
2874 5270 2928 5323 in
2966 5272 3163 5326 cmlum
3200 5274 3454 5337 mittitur,
3481 5274 3548 5327 ad
3575 5289 3697 5329 eum

2136 5362 2228 5432 qui
2268 5377 2361 5431 per
2394 5360 2704 5429 hujusmodi
2738 5364 3130 5431 occupationes
3171 5365 3442 5419 aberravit
3490 5367 3544 5419 in
3600 5367 3702 5421 hac

2137 5455 2247 5508 vita
2273 5453 2439 5519 :Quid
2476 5454 2571 5506 tibi
2606 5455 2844 5524 amplius
2878 5454 2980 5510 fuit
3012 5472 3078 5511 ex
3118 5457 3305 5513 multis
3341 5459 3447 5513 illis
3497 5458 3703 5511 labori-

2137 5546 2240 5600 bus
2271 5560 2411 5614 quos
2439 5546 2728 5613 suscepisti
2752 5547 2776 5600 ?
2802 5545 2903 5600 Ubi
2934 5556 3063 5602 sunt
3084 5552 3359 5618 praeclarae
3389 5550 3574 5605 :edes?
3597 5550 3659 5605 Ul
3683 5552 3702 5606 ἰ

2139 5644 2267 5691 sunt
2298 5635 2527 5691 defossre
2550 5640 2866 5693 crumenze?
2896 5639 2995 5693 Uhi
3022 5652 3149 5693 sunt
3184 5657 3345 5695 aenea:
3381 5643 3648 5713 imagines
3679 5682 3696 5707 ,

2139 5739 2190 5782 et
2222 5728 2472 5783 laudibus
2506 5730 2898 5786 celebrantium
2933 5733 3133 5787 voces?
3174 5733 3316 5789 Ecce
3355 5752 3501 5791 nunc
3559 5739 3699 5805 ignis

546 5887 597 5919 "
634 5887 793 5946 Rom.
834 5909 886 5955 γ,
923 5892 971 5946 1.
1047 5894 1091 5929 ⁸⁹
1133 5892 1172 5947 ll
1205 5894 1328 5949 Cor.
1365 5913 1413 5958 v,
1453 5896 1540 5952 20.
1620 5900 1663 5930 ⁸ο
1706 5899 1899 5968 Ephcs.
1941 5917 1999 5967 tt,
2046 5901 2133 5957 14.
