4116 6492
482 430 580 485 ’151
667 445 674 452 ’

1727 435 1783 491 S.
1814 435 2146 494 GREGORII
2175 437 2466 497 NYSSENI

3605 451 3708 507 752

477 556 533 600 et
561 544 789 616 ﬂagella.
815 553 866 600 et
891 545 1158 618 judicium
1195 544 1339 616 quod
1363 560 1539 616 neque
1563 549 1905 610 muneribus,
1942 565 2037 605 nec

2141 555 2432 621 ἀδέκαστος
2451 557 2647 630 κρίσις,
2683 557 2776 610 καὶ
2802 560 2834 630 ἡ
2869 558 3303 630 ἀπαραλόγιστος
3316 562 3424 616 τῶν
3442 560 3707 635 βεϐιωμέ-

479 639 652 708 gratia
685 641 1082 709 corrumpitur,
1123 646 1179 693 et
1205 654 1326 709 qua:
1375 638 1486 693 falli
1525 655 1633 696 non
1669 651 1848 711 potest
1893 651 2044 697 ante-

479 738 613 782 acta:
643 731 765 783 vita:
794 729 1150 784 examinatio.
1187 729 1318 795 Qua:
1362 739 1610 802 estergo
1653 733 1830 801 major
1872 735 2044 788 abun-

477 819 662 873 dantia
699 821 820 888 ejus
857 821 950 891 qui
984 821 1116 876 facit
1143 822 1199 877 in
1231 823 1299 878 iis
1336 839 1458 893 qua:
1511 825 1629 894 ipse
1685 826 1938 880 laborat?
1981 826 2046 880 Et

477 920 719 980 postea,¢
742 911 890 978 Vidi,
945 913 1146 983 inquit,
1204 914 1620 970 distractionem
1675 931 1837 988 quam
1895 917 2047 973 dedit

478 1003 620 1056 Deus
645 1001 770 1058 tiliis
801 1003 1111 1068 hominum,
1149 1013 1210 1060 ut
1258 1005 1316 1060 in
1372 1007 1554 1077 seipso
1599 1007 2045 1064 distraherentur

476 1096 660 1150 omnia
694 1113 815 1167 qua:
841 1096 970 1154 fecit
1009 1100 1150 1154 bona
1184 1101 1239 1154 in
1296 1106 1543 1170 tempore
1573 1115 1695 1157 suo.
1727 1100 2042 1168 Quinetiam

475 1204 648 1243 aevum
684 1191 835 1246 dedit
873 1191 928 1246 in
977 1193 1143 1247 corde
1175 1193 1443 1262 ipsorum,
1480 1209 1548 1248 ne
1583 1193 1828 1250 inveniat
1879 1195 2044 1251 homo

479 1297 614 1351 crpus
637 1283 780 1352 quod
815 1282 941 1338 fecit
979 1278 1120 1336 Deus
1143 1281 1210 1336 ab
1229 1283 1383 1339 initio
1405 1298 1575 1353 usque
1593 1280 1660 1337 ad
1688 1281 1902 1336 liuent.»
1931 1285 2044 1341 cur

475 1383 591 1428 haec
622 1373 804 1427 dicit?
834 1374 1069 1446 Agnovi,
1101 1374 1299 1446 inquit,
1334 1375 1606 1430 undenam
1640 1391 1671 1429 a
1701 1377 1811 1430 vita
1845 1377 2044 1432 distra-

473 1473 562 1518 cta
604 1467 675 1518 sit
715 1465 951 1519 humana
984 1473 1202 1529 natura,
1230 1467 1522 1521 occasione
1551 1474 1774 1537 accepta
1803 1483 1871 1523 ex
1904 1467 2043 1522 divi-

473 1557 560 1608 nis
602 1555 901 1611 benellciis.
930 1555 1066 1610 Nam
1102 1555 1244 1612 Deus
1285 1557 1504 1626 quidem
1543 1557 1611 1611 ad
1663 1559 1865 1614 bonum
1915 1559 2041 1614 fecit

473 1650 682 1713 omnia,
711 1657 764 1703 et
791 1650 858 1704 iis
887 1650 981 1720 qui
1011 1665 1202 1704 eorum
1235 1665 1356 1721 quae
1382 1659 1510 1705 sunt
1545 1653 1842 1721 participes
1887 1660 2037 1717 sunt,

474 1741 619 1794 dedit
653 1743 921 1796 rationem
963 1757 1071 1812 qua
1107 1743 1428 1798 discernant
1455 1743 1507 1797 id
1537 1744 1681 1814 quod
1706 1753 1791 1800 est
1819 1745 2036 1808 melius,

475 1848 568 1888 uer
605 1849 766 1902 quam
797 1833 981 1900 agnita
1015 1835 1402 1904 opportunitas
1443 1835 1635 1904 judicii
1681 1835 2039 1907 uniuscujus-

473 1941 595 1993 que,
629 1926 758 1979 boni
805 1935 859 1980 et
897 1926 1112 1980 honeSti
1156 1942 1379 1981 sensum
1416 1928 1622 1996 praebet
1655 1927 1722 1982 iis
1753 1930 1844 1998 qui
1881 1937 2037 1982 utun-
2074 1913 2114 1969 Β

470 2027 577 2072 tur.
614 2017 881 2084 Quoniam
921 2029 1103 2074 autem
1149 2019 1336 2089 lapsus
1365 2029 1448 2074 est
1473 2035 1503 2072 a
1534 2027 1682 2075 recto
1707 2020 1775 2074 de
1803 2019 1870 2076 iis
1914 2037 2035 2091 quae

468 2119 616 2177 sunt,
646 2111 873 2181 judicio,
901 2127 998 2181 per
1033 2112 1236 2166 malum
1268 2112 1557 2166 consilium
1593 2127 1820 2167 aversus
1849 2128 1879 2166 a
1907 2128 2037 2168 con-

465 2206 634 2262 stanti
663 2206 896 2268 ratione,
930 2219 1185 2260 recessus
1215 2220 1245 2259 a
1276 2212 1541 2274 tempore,
1569 2204 1624 2258 id
1651 2204 1796 2274 quod
1839 2215 1922 2261 est
1980 2206 2036 2260 in

467 2313 794 2368 unoquoque
839 2298 994 2361 utile,
1033 2298 1198 2353 vertit
1225 2297 1280 2350 in
1324 2296 1688 2351 contrarium.
1739 2296 1806 2352 Ut
1834 2298 1880 2352 si
1911 2299 2038 2368 quis

467 2391 522 2443 in
550 2405 734 2445 mensa
764 2389 1050 2459 proposito
1073 2388 1221 2442 omni
1244 2395 1508 2457 apparatu
1531 2388 1790 2452 convivii,
1811 2395 1865 2443 ct
1889 2389 2036 2443 vasis

463 2481 789 2552 quihusdam
847 2481 990 2550 aptis
1047 2481 1112 2533 ad
1155 2479 1470 2551 apparanda
1526 2479 1822 2544 alimenta,
1873 2481 2036 2536 simul

464 2574 629 2626 etiam
663 2587 726 2626 ea
756 2571 1074 2642 apposuerit
1097 2586 1220 2640 quae
1253 2570 1324 2625 ab
1354 2570 1423 2625 iis
1452 2580 1718 2641 parantur
1757 2570 1852 2641 qui
1883 2570 2033 2626 dele-

463 2671 686 2718 ctantur
719 2661 1033 2730 hujusmodi
1094 2661 1352 2725 artiﬁcio,
1408 2669 1504 2715 aut
1539 2661 1772 2718 subtiles
1803 2661 2033 2733 gladios,

464 2772 560 2826 per
591 2770 730 2826 quos
763 2755 1006 2809 conviva:
1039 2754 1144 2809 sibi
1177 2753 1430 2809 dividunt
1453 2754 1662 2825 aliquid
1701 2770 1766 2811 ex
1817 2754 1887 2810 iis
1915 2771 2037 2826 quae

464 2855 593 2902 sunt
621 2847 891 2916 apposita,
931 2854 1024 2899 aut
1052 2857 1312 2916 argentea
1335 2847 1668 2912 cochlearia,
1694 2847 1895 2917 quibus
1915 2862 2038 2917 qua:

463 2944 518 2997 in
547 2944 717 2997 altera
747 2941 867 3010 ejus
902 2940 1057 3010 pa’rte
1092 2951 1172 2996 est
1223 2939 1459 3006 eavilas,
1498 2941 1642 2996 facta
1682 2949 1768 2998 est
1823 2950 1884 2998 ut
1913 2951 2038 3013 apte

462 3043 517 3090 et
551 3033 798 3104 apposite
836 3048 895 3087 se
925 3033 1150 3086 haberet
1173 3031 1239 3086 ad
1274 3033 1593 3102 pollentam.
1645 3031 1848 3088 Deinde
1888 3035 2031 3104 quis-

463 3129 608 3199 piam
643 3142 706 3181 ex
747 3126 814 3180 iis
846 3125 936 3194 qui
971 3132 1100 3178 sunt
1127 3125 1414 3179 convocati
1443 3125 1510 3179 ad
1532 3125 1866 3188 convivium,
1915 3142 2037 3180 mu-

465 3229 579 3274 tato
615 3235 718 3275 usu
755 3219 876 3288 ejus
907 3216 1052 3288 quod
1078 3225 1164 3272 cst
1193 3217 1558 3287 propositum,
1609 3227 1854 3273 uteretur
1901 3233 2035 3273 uno-
2060 3255 2102 3312 ϐ

462 3327 680 3382 quoque
709 3311 774 3365 ad
801 3326 866 3364 ea
895 3326 1016 3380 qua:
1061 3324 1170 3364 non
1203 3309 1417 3374 decent,
1449 3317 1503 3365 et
1559 3310 1739 3380 gladio
1788 3310 2028 3381 quidem,

463 3406 544 3460 vel
570 3405 835 3473 seipsum,
869 3403 953 3456 vel
989 3401 1226 3470 aliquem
1260 3417 1326 3456 ex
1363 3402 1430 3456 iis
1483 3402 1574 3472 qui
1607 3416 1777 3472 prope
1811 3417 2034 3457 accum-

466 3498 620 3556 bunt,
657 3502 908 3548 secaret:
957 3492 1234 3547 cochleari
1273 3500 1456 3546 autem
1495 3493 1579 3548 vel
1633 3495 1898 3563 proximi,
1947 3494 2032 3549 vel

461 3602 620 3642 suum
651 3585 877 3639 oculum
901 3583 1555 3654 expungeretzdiceretur
1583 3585 1731 3655 quod
1768 3593 2031 3656 apparatu

464 3677 833 3734 convivatoris
867 3676 984 3745 ipse
1007 3673 1074 3728 ad
1112 3673 1315 3728 malum
1347 3674 1552 3731 abusus
1583 3683 1686 3742 est,
1739 3691 1863 3731 cum
1915 3676 2032 3746 ipse

462 3769 678 3840 quidem
707 3769 798 3838 qui
830 3773 1188 3837 apparaverat
1215 3780 1439 3822 causam
1468 3781 1660 3822 eorum
1707 3783 1828 3838 qua:
1860 3783 2030 3824 even—

465 3873 587 3916 tura
617 3867 776 3914 erant
811 3875 920 3913 non
971 3858 1357 3928 disposuisset,
1421 3873 1604 3914 verum
1667 3861 1846 3916 malus
1896 3875 2029 3916 usus

462 3969 652 4010 eorum
685 3967 807 4022 quae
835 3959 992 4004 erant
1017 3949 1289 4020 apposita,
1331 3950 1397 4004 ad
1427 3950 1533 4006 huc
1560 3951 1761 4006 malum
1785 3952 2030 4009 deduxe-

465 4047 534 4101 rit
554 4062 678 4100 cum
702 4045 794 4115 qui
819 4044 1126 4099 inconsulte
1159 4057 1290 4098 usus
1307 4043 1472 4098 estiis
1502 4058 1622 4113 quae
1647 4051 1803 4099 erant
1833 4059 2031 4116 propo-

464 4138 591 4192 sita.
625 4136 720 4200 Ita,
758 4137 957 4207 inquit,
989 4151 1090 4206 ego
1119 4149 1338 4204 quoque
1367 4135 1512 4198 novi,
1541 4137 1687 4205 quod
1717 4152 1748 4191 a
1771 4137 1879 4193 Deo
1908 4137 2029 4209 qui-

461 4227 584 4281 dem
618 4223 819 4278 l‘aclum
851 4234 931 4279 est
959 4224 1385 4294 unumquodque
1426 4225 1490 4278 ad
1531 4241 1692 4282 omne
1722 4229 1945 4291 bonum,
1980 4227 2029 4285 si

465 4317 520 4370 in
553 4324 816 4384 tempore,
848 4323 907 4368 ut
928 4314 1205 4378 convenit,
1233 4328 1300 4368 eo
1326 4324 1544 4368 utamur
1567 4334 1581 4370 :
1604 4317 1818 4372 aversio
1846 4326 2025 4374 autem

465 4421 495 4459 a
523 4414 671 4459 recto
700 4405 766 4460 de
792 4405 859 4460 iis
880 4419 1002 4474 qua!
1034 4411 1181 4468 sunt,
1221 4403 1452 4474 judicio,
1502 4405 1728 4461 deduxit
1759 4408 1898 4463 bona
1959 4409 2026 4463 ad

465 4497 809 4552 occasionem
840 4496 1130 4560 malorum,
1161 4503 1221 4550 ut
1247 4498 1480 4566 exempli
1503 4514 1669 4553 causa
1693 4499 1837 4565 dico,
1868 4502 2028 4572 quid-

2145 664 2248 700 νων
2273 647 2532 713 ἐξέτασις.
2561 650 2654 712 Τίς
2686 646 2779 704 οῦν
2811 652 3099 723 περισσεία
3125 652 3218 706 τοῦ
3241 652 3515 718 ποιοῦντος
3547 656 3606 709 ἑν
3625 650 3707 720 οἷς

2144 739 2303 804 αὐτὸς
2331 741 2548 811 μοχθεῖς
2575 741 2686 795 Καὶ
2722 743 2858 813 μετὰ
2880 744 3072 802 ταῦτα.
3095 763 3114 796 ι
3132 741 3304 807 Εἶδον,
3332 765 3351 798 ι
3385 747 3538 818 φησὶ,
3579 766 3596 800 ι
3614 749 3708 802 τὸν

2145 836 2520 906 περισπασμὸν
2546 836 2605 890 ὂν
2644 836 2810 890 ἔδωκε
2842 839 2954 901 τοῖς
2983 839 3116 901 υἱοῖς
3145 837 3251 891 τῶν
3285 838 3583 911 ἀνθρώπων
3609 839 3705 894 τοῦ

2145 926 2512 996 περισπᾶσθαι
2539 930 2596 982 ἑν
2617 927 2794 1000 ἑαυτῷ
2825 928 2895 982 τὰ
2921 929 3229 1000 σύμπαντα,
3259 930 3294 985 ἃ
3313 931 3536 1002 ἑποίησε
3566 932 3705 986 καλά

2143 1019 2201 1072 ἑν
2227 1020 2402 1093 καιρῷ
2429 1021 2614 1076 αὐτοῦ.
2649 1021 2758 1075 Καί
2787 1038 2850 1088 γε
2883 1021 2975 1075 τὸν
3009 1022 3179 1076 αἰῶνα
3206 1022 3401 1076 ἔδωκεν
3425 1025 3484 1076 ἑν
3512 1023 3706 1096 καρδίᾳ

2143 1111 2340 1176 αὐτῶν,
2367 1113 2513 1178 ὅπως
2550 1114 2624 1186 μὴ
2655 1114 2788 1186 εὕρῃ
2818 1113 3099 1186 ἄνθρωπος
3133 1115 3194 1169 τὸ
3221 1115 3429 1186 ποίημα
3457 1114 3486 1168 ὃ
3521 1116 3707 1184 ἑποίη-

2144 1221 2236 1258 σεν
2256 1207 2284 1258 6
2309 1205 2438 1270 Θεὸς
2464 1207 2557 1261 ἀπ’
2579 1207 2750 1278 ἀρχῆς
2783 1205 2941 1278 μέχρι
2966 1206 3170 1272 τέλους.
3195 1227 3214 1260 ι
3233 1206 3299 1262 Τί
3328 1206 3498 1262 ταῦτα
3519 1207 3702 1277 λέγεις

2155 1295 2446 1366 Ἐπέγνων,
2481 1299 2663 1369 φησὶν,
2693 1298 2815 1352 ὅθεν
2839 1298 3213 1370 περιεσπάσθη
3245 1299 3346 1370 τῆς
3367 1298 3512 1370 ζωῆς
3539 1299 3573 1370 ή
3604 1300 3700 1378 ἀν-

2141 1386 2382 1458 θρωπίνη
2422 1388 2601 1456 φύσις,
2633 1391 2698 1442 ἑκ
2735 1388 2840 1444 τῶν
2868 1389 3025 1443 θείων
3051 1390 3378 1461 εὐεργεσιῶν
3406 1389 3506 1454 τὰς
3531 1391 3702 1462 ἀφορ-

2144 1479 2250 1546 μὰς
2267 1479 2524 1534 λαϐοῦσα.
2545 1482 2601 1534 '0
2621 1482 2716 1552 μὲν
2734 1480 2843 1553 γάρ
2869 1482 2955 1534 ἐπ’
2976 1482 3164 1552 ἀγαθῷ
3181 1480 3248 1536 τὰ
3268 1483 3442 1536 πάντα
3458 1483 3698 1554 ἐποίησε,

2141 1572 2234 1623 καὶ
2265 1570 2517 1641 λογισμὸν
2551 1571 2715 1624 ἔδωκε
2750 1575 2859 1635 τοῖς
2895 1571 3002 1624 τῶν
3035 1572 3204 1626 ὅντων
3253 1573 3540 1644 μετέχουσι
3593 1575 3707 1629 δια-

2139 1662 2378 1735 κριτικὸν
2399 1661 2491 1715 τοῦ
2515 1661 2802 1733 βελτίονος,
2827 1662 2895 1715 δι’
2922 1654 3037 1734 οῦὴ
3063 1663 3314 1734 εὐκαίρια
3340 1663 3437 1733 τῆς
3471 1664 3703 1717 ἑκάστου

2139 1755 2386 1825 χρήσεως
2417 1755 2812 1824 ἑπιγνωσθεῖσα
2849 1755 2949 1826 τὴν
2979 1755 3073 1808 τοῦ
3114 1753 3280 1808 καλοῦ
3315 1754 3564 1826 αἴσθησιν
3594 1757 3707 1820 τοῖς

2139 1847 2497 1919 κεχρημένοις
2543 1847 2844 1919 χαρίζεται.
2908 1845 3122 1917 Ἐπειδὴ
3169 1845 3226 1899 δὲ
3275 1847 3562 1917 ἀπεσφάλη
3606 1847 3705 1917 τῆς

2137 1941 2300 2011 ὀρθῆς
2347 1942 2476 2012 περὶ
2524 1941 2632 1993 τῶν
2674 1940 2841 1993 ὄντων
2880 1940 3146 2012 κρίσεως,
3179 1938 3265 1993 διὰ
3295 1941 3535 2012 πονηρᾶς
3568 1957 3705 2010 συμ-

2139 2035 2334 2104 ϐουλῆς
2387 2033 2765 2106 παρα-τραπεὶς
2812 2032 2907 2085 τοῦ
2953 2031 3292 2098 καθεστῶτος
3337 2033 3598 2104 λογισμοῦ
3624 2073 3639 2098 ,
3667 2035 3700 2101 ὴ

2138 2126 2420 2198 ὑπαλλαγὴ
2463 2125 2557 2179 τοῦ
2601 2125 2794 2195 καιροῦ
2831 2125 2891 2180 τὸ
2931 2125 3014 2194 ἐφ’
3046 2129 3276 2180 ἑκάστου
3325 2127 3595 2198 χρήσιμον
3626 2128 3704 2191 εἰς

2138 2221 2388 2274 ἐναντίαν
2414 2218 2606 2291 ἔτρεψε
2633 2220 2845 2289 πεῖραν.
2879 2218 3090 2288 Ὥσπερ
3119 2219 3172 2271 εί
3200 2235 3284 2282 τις
3308 2219 3399 2270 ἐπὶ
3431 2216 3705 2288 τραπέζης

2139 2311 2316 2362 πᾶσαν
2347 2308 2568 2378 προθεὶς
2597 2306 2950 2378 παρασκευὴν
2978 2307 3228 2377 εὐωχίας,
3265 2307 3358 2360 καὶ
3391 2306 3557 2377 σκεύη
3585 2306 3704 2359 τινὰ

2137 2403 2273 2474 πρὸς
2316 2402 2414 2473 τὴν
2456 2400 2557 2470 τῆς
2588 2401 2794 2472 τροφῆς
2839 2399 3127 2471 συνεργίαν
3169 2398 3488 2469 ἐπιτηδείως
3515 2399 3705 2469 ἔχοντα

2137 2492 2524 2565 συμπαραοείη
2545 2531 2560 2556 ,
2592 2487 2681 2546 οἷα
2706 2491 2770 2562 δὴ
2811 2489 2964 2563 παρά
2993 2491 3102 2544 τῶν
3136 2491 3204 2543 τὰ
3234 2489 3456 2543 τοιαῦτα
3488 2489 3702 2559 φιλοτε-

2137 2585 2404 2656 χνούντων
2447 2582 2981 2647 κατασκευάζονται,
3011 2582 3043 2651 ἢ
3075 2579 3277 2644 λεπτὰς
3327 2580 3599 2651 μαχαίρας
3635 2577 3704 2632 δι’

2137 2670 2212 2730 ὧν
2254 2679 2300 2730 οἱ
2328 2676 2643 2747 δαιτυμόνες
2682 2677 2894 2737 ἑαυτοῖς
2922 2691 2973 2726 τι
3005 2673 3341 2747 διαιροῦνται
3374 2671 3482 2725 τῶν
3511 2687 3706 2743 προτε-

2138 2769 2358 2832 θέντων,
2392 2769 2426 2839 ἢ
2455 2768 2554 2830 τὰς
2581 2768 2829 2840 ἀργυρᾶς
2851 2766 3100 2836 περόνας,
3141 2761 3228 2828 αἷς
3258 2767 3292 2836 ἡ
3323 2766 3705 2836 συμπεφυκυῖα

2139 2856 2278 2910 κατά
2316 2857 2378 2908 τὸ
2413 2856 2595 2927 ἕτερον
2633 2857 2796 2929 μέρος
2828 2855 3096 2926 κοιλότης,
3135 2854 3269 2924 πρὸς
3297 2855 3357 2908 τὸ
3401 2854 3550 2918 ἔθνος
3585 2857 3706 2908 ἑπι-

2136 2945 2359 3016 τηδείως
2385 2944 2526 3017 ἔχειν
2554 2946 2846 3016 πεποίηται
2870 2961 2882 2974 ·
2929 2945 3119 2998 ἔπειτά
3155 2961 3235 3008 τις
3260 2943 3369 2997 τῶν
3393 2943 3479 2996 ἐπ’
3504 2944 3704 3015 εὐωχίᾳ

2139 3037 2593 3108 συγκεκλημένων
2657 3037 2966 3104 ὑπαλλάξας
3021 3037 3130 3089 τῶν
3174 3036 3548 3107 προκειμένων
3595 3035 3692 3106 τὴν

2138 3131 2354 3201 χρῆσιν,
2396 3129 2607 3200 ἑκάστῳ
2656 3128 2792 3200 πρὸς
2820 3129 2889 3182 τὰ
2925 3130 2998 3202 μὴ
3043 3130 3231 3184 δέοντα
3257 3128 3451 3200 χρῷτο,
3501 3129 3595 3183 καὶ
3627 3131 3693 3200 τῇ

2142 3220 2385 3292 μαχαίρᾳ
2415 3221 2535 3292 μὲν,
2574 3219 2607 3291 ἦ
2659 3220 2848 3274 ἑαυτὸν
2897 3222 2932 3292 ἦ
2971 3239 3091 3274 τινα
3125 3221 3232 3276 τῶν
3283 3221 3701 3293 παρακειμένων

2137 3313 2324 3382 τέμοι,
2367 3315 2432 3384 τῇ
2477 3313 2534 3365 δὲ
2583 3313 2783 3384 περόνῃ
2814 3314 2903 3366 τὸν
2943 3312 3277 3385 ὀφθαλμὸνῆ
3332 3313 3423 3366 τοῦ
3456 3312 3622 3375 πέλας
3665 3311 3699 3382 ἢ

2137 3403 2227 3458 τὸν
2262 3403 2455 3457 ἑαυτοῦ
2477 3406 2882 3476 ἑκκεντήσειεν⁹
2915 3406 3057 3458 είποι
3095 3423 3177 3468 τις
3207 3405 3294 3472 ἂν,
3319 3407 3398 3458 ὅτι
3426 3407 3490 3476 τῇ
3523 3422 3703 3476 παρα-

2140 3498 2304 3566 σκευῇ
2336 3494 2428 3549 τοῦ
2459 3496 2766 3567 ἑστιάτορος
2794 3495 2823 3548 6
2849 3495 2997 3548 δεῖνα
3031 3496 3111 3558 είς
3140 3495 3304 3548 κακὸν
3330 3495 3698 3565 ἀπεχρήσατο,

2137 3587 2297 3641 αὑτοῦ
2320 3587 2834 3659 παρασκευάσαντος
2859 3589 2958 3660 τὴν
2989 3589 3164 3642 αἰτίαν
3187 3588 3293 3641 τῶν
3319 3587 3702 3658 ἐκϐησομένων

2139 3676 2651 3747 προετοιμάσαντος,
2679 3677 2813 3731 ἀλλά
2842 3678 2942 3748 τῆς
2975 3677 3153 3748 κακῆς
3182 3678 3293 3731 τῶν
3331 3678 3702 3750 προτεθέντων

2135 3767 2384 3837 χρήσεως
2415 3769 2492 3831 είς
2519 3767 2677 3821 τοῦτο
2702 3768 2762 3821 τὸ
2786 3768 2956 3832 πάθος
2984 3769 3402 3840 προαγαγούσης
3425 3769 3514 3822 τὸν
3539 3767 3700 3822 ἀδού..

2135 3858 2241 3923 λως
2269 3862 2381 3924 τοῖς
2425 3861 2801 3931 προκειμένοις
2842 3863 3216 3933 χρησάμενον·
3266 3861 3466 3925 οὕτως,
3513 3863 3694 3932 φησὶν.

2136 3946 2188 4016 ἔγ
2201 3965 2306 4000 νων
2329 3948 2422 4001 καὶ
2459 3946 2591 4016 ἑγὼ,
2625 3948 2706 4000 ὅτι
2741 3951 2893 4018 παρὰ
2919 3949 3012 4001 τοῦ
3049 3948 3185 4001 Θεοῦ
3218 3947 3410 4017 γέγονε
3440 3948 3536 4019 μὲν
3570 3949 3700 4002 ἑκα-

2137 4055 2261 4092 στον
2293 4038 2386 4092 ἑπὶ
2413 4039 2574 4093 παντὶ
2598 4038 2676 4110 τῷ
2707 4039 2931 4110 βελτίονι
2949 4079 2964 4103 ,
2997 4040 3155 4111 είπερ
3178 4042 3236 4094 ἑν
3264 4039 3440 4113 καιρῷ
3473 4041 3612 4093 κατά
3639 4041 3698 4093 τὸ

2135 4133 2407 4204 προσῆκον
2453 4131 2684 4186 ἑκάστου
2714 4131 2921 4201 γένοιτο
2949 4133 3159 4204 χρῆσις·
3204 4135 3237 4204 ὴ
3283 4133 3339 4186 δὲ
3376 4134 3697 4206 παρατροπὴ

2134 4225 2232 4296 τῆς
2251 4223 2416 4295 ὀρθῆς
2444 4225 2573 4296 περὶ
2599 4223 2707 4276 τῶν
2738 4224 2906 4277 ὄντων
2950 4225 3182 4294 κρίσεως
3213 4227 3292 4288 είς
3319 4225 3574 4296 ἀφορμὴν
3603 4244 3699 4279 κα-

2136 4317 2248 4371 κῶν
2274 4315 2342 4370 τὰ
2372 4315 2550 4384 ἀγαθά
2588 4315 2921 4386 περιήγαγεν
2941 4332 2955 4346 ·
2988 4308 3097 4369 οἷόν
3125 4332 3178 4368 τι
3207 4314 3379 4383 λέγω’
3408 4316 3472 4369 Τί
3500 4315 3699 4385 γλυκύ-

2133 4422 2290 4478 τερον
2315 4407 2413 4476 τῆς
2438 4403 2547 4458 τῶν
2573 4403 2864 4474 ὀφθαλμῶν
2894 4403 3204 4475 ἑνεργείας;
3248 4404 3386 4457 Ἀλλ’
3423 4405 3551 4458 ὅταν
3577 4405 3699 4476 ὄψις

2133 4498 2377 4552 παθοῦσα
2392 4499 2670 4570 ὑπηρέτης
2691 4498 2898 4567 γίνεται
2921 4500 3030 4560 τοῖς
3050 4497 3328 4562 τοιούτοις,
3350 4498 3410 4550 τὸ
3440 4499 3524 4552 ἐπ’
3550 4499 3699 4572 εὐερ-

465 4604 592 4644 nain
659 4595 743 4642 est
795 4587 1097 4658 jucundius
1161 4588 1445 4643 oculorum
1509 4591 1865 4661 operatione?
1920 4593 2026 4650 Sed

2137 4591 2290 4663 γεσίᾳ
2315 4590 2602 4663 γενόμενον
2618 4591 2786 4644 αἴτιον
2813 4589 2996 4645 κακῶν
3020 4590 3345 4662 γεγενῆσθαι
3366 4590 3535 4660 λέγει·
3559 4592 3696 4664 ὅπερ

463 4683 685 4754 quando
717 4683 854 4738 male
887 4681 1112 4740 allectus
1147 4683 1298 4739 visus
1330 4690 1416 4738 est
1479 4683 1805 4742 administer
1836 4701 2026 4743 eorum

464 4787 586 4841 qua:
615 4780 744 4826 sunt
787 4773 1079 4842 ejusmodi,
1123 4773 1251 4830 dicit
1280 4774 1333 4829 id
1375 4774 1524 4845 quod
1572 4775 1776 4833 factum
1811 4778 1915 4834 fuit
1961 4781 2030 4837 ad

465 4863 810 4928 beneficium,
845 4863 1013 4920 fuisse
1045 4881 1268 4921 causam
1305 4867 1605 4922 malorum:
1634 4871 1776 4940 quod
1809 4870 2028 4941 quidem

465 4956 597 5012 nihil
621 4965 706 5012 est
730 4957 896 5021 aliud,
930 4973 1094 5028 quam
1124 4959 1269 5029 quod
1325 4961 1468 5017 bono
1501 4962 1641 5016 male
1687 4972 1846 5018 utens
1877 4963 2031 5032 quis-

465 5050 630 5120 piam,
665 5049 844 5106 eﬂ‘ecit
876 5059 935 5104 ut
976 5066 1106 5106 usus
1158 5058 1306 5107 esset
1337 5054 1550 5107 vitium.
1610 5052 1685 5106 Ita
1723 5055 1886 5110 etiam
1923 5055 2030 5109 alia

466 5139 650 5214 omnia
676 5156 796 5209 quae
824 5154 854 5192 a
887 5139 996 5195 Deo
1022 5140 1184 5195 habet
1217 5149 1433 5205 natura,
1469 5142 1572 5197 sita
1607 5153 1735 5198 sunt
1763 5145 1818 5198 in
1861 5144 2029 5200 libera

464 5230 735 5285 electione
781 5245 970 5284 eorum
1014 5231 1105 5300 qui
1153 5240 1402 5298 utuntur,
1438 5241 1496 5287 ut
1537 5235 1631 5288 liat
1689 5236 1916 5291 materia
1945 5237 2030 5293 vel

467 5321 731 5376 bonorum
761 5323 843 5378 vel
888 5323 1177 5378 malorum.
1237 5324 1599 5390 Quamobrem
1643 5329 2029 5391 dicit¢0mnia

467 5429 589 5483 qua:
613 5413 740 5469 fecit
765 5415 907 5470 bona
943 5415 997 5470 in
1029 5423 1275 5485 tempore
1335 5432 1457 5471 suo.
1484 5417 1820 5485 iQuinetiam
1855 5437 2028 5477 aevum

466 5507 616 5562 dedit
645 5507 700 5562 in
755 5508 918 5565 corde
971 5508 1236 5579 ipsorum.
1276 5507 1476 5564 IEvum
1534 5519 1715 5567 autem
1771 5527 1893 5567 cum
1957 5515 2032 5569 sit

467 5597 739 5668 quoddam
768 5599 970 5655 mentis
994 5599 1300 5668 cogitatum
1327 5600 1518 5669 spatiis
1543 5607 1596 5657 et
1626 5600 1924 5659 intervallis
1953 5603 2032 5658 di-

469 5705 736 5754 mensum,
770 5690 1038 5762 signiﬁcat
1067 5707 1283 5746 omnem
1313 5691 1435 5760 ejus
1467 5701 1775 5747 creaturam
1806 5709 1927 5764 qua-
1975 5696 2029 5751 in

469 5783 588 5853 ipso
619 5781 798 5837 fuerit.
834 5781 911 5837 Ex
950 5799 1015 5839 eo
1045 5800 1174 5856 ergo
1219 5785 1359 5855 quod
1413 5785 1675 5848 continet,
1713 5786 2029 5842 universum

2129 4683 2255 4740 ἄλλο
2281 4683 2432 4738 οὐδέν
2459 4685 2628 4746 ἑστιν.
2670 4683 2705 4755 ἥ
2750 4685 2830 4737 ὅτι
2864 4683 3050 4748 κακῶς
3085 4683 3164 4754 τῷ
3198 4683 3345 4754 καλῷ
3378 4702 3461 4748 τις
3489 4686 3697 4756 χρησά-

2133 4795 2324 4850 μενος,
2374 4778 2544 4841 πάθος
2573 4779 2672 4850 τὴν
2725 4779 2918 4850 χρῆσιν
2969 4778 3237 4850 ἐποίησεν.
3287 4777 3441 4832 Οὕτω
3488 4779 3579 4832 καὶ
3628 4779 3697 4833 τά

2129 4869 2262 4924 ἄλλα
2288 4869 2463 4923 πάντα
2489 4870 2590 4924 ὅσα
2626 4868 2778 4940 παρά
2807 4867 2898 4922 τοῦ
2929 4869 3062 4922 Θεοῦ
3100 4869 3270 4941 ἔχειή
3319 4868 3497 4938 φύσις,
3530 4871 3586 4923 ἑν
3628 4872 3694 4942 τῇ

2133 4962 2444 5035 προαιρέσει
2464 4961 2571 5015 τῶν
2599 4962 2955 5034 κεχρημένων
2985 4962 3226 5032 κεῖται,ἢ
3250 4961 3481 5033 καλῶνῆ
3513 4962 3697 5016 κακῶν

2131 5053 2232 5125 ὕλη
2269 5053 2540 5123 γενέσθαι.
2579 5053 2668 5108 Διὸ
2702 5071 2865 5126 φησιο
2903 5073 2922 5106 ι
2950 5054 3030 5108 Τά
3079 5054 3370 5125 σύμπαντα
3403 5054 3439 5108 ἀ
3473 5054 3694 5123 ἐποίησε

2130 5143 2269 5197 καλὰ
2295 5145 2353 5197 ἑν
2376 5143 2552 5216 καιρῷ
2594 5144 2780 5198 αὐτοῦ.
2809 5163 2827 5196 ο
2862 5144 2971 5200 Καί
2995 5161 3060 5213 γε
3084 5144 3175 5198 τὸν
3207 5145 3379 5200 αἰῶνα
3407 5145 3605 5198 ἔδωκεν
3637 5146 3697 5197 ἑν

2131 5235 2326 5307 καρδίᾳ
2352 5235 2548 5289 αὐτῶν.
2592 5236 2650 5289 '0
2675 5235 2732 5289 δὲ
2775 5234 2909 5290 αἰὼν
2956 5236 3380 5308 διαστηματικόν
3424 5253 3476 5290 τι
3519 5237 3698 5308 νόημα

2129 5327 2209 5388 ὃν,
2262 5328 2440 5381 πᾶσαν
2472 5326 2634 5381 αὐτοῦ
2673 5329 2926 5399 σημαίνει
2957 5328 3058 5400 τὴν
3086 5328 3260 5382 κτίσιν
3307 5329 3405 5400 τὴν
3459 5330 3516 5381 ἑν
3547 5329 3696 5400 αὐτῷ

2131 5419 2446 5490 γενομένην.
2481 5419 2687 5473 Οὐκοῦν
2722 5420 2788 5472 ἑκ
2821 5420 2916 5473 τοῦ
2947 5421 3288 5492 περιέχοντος
3339 5421 3482 5476 am
3512 5420 3573 5474 τὸ
3597 5423 3698 5492 ἑμ-

2129 5512 2512 5583 περιεχόμενον
2539 5511 2806 5565 δείκνυσιν
2828 5514 2856 5565 6
2887 5513 3064 5581 λόγος.
3090 5513 3271 5568 Πάντα
3300 5511 3392 5568 οὖν
3416 5515 3517 5568 ὅσα
3541 5515 3599 5566 ἑν
3619 5513 3696 5586 τῷ

2130 5603 2286 5658 αἰῶνι
2307 5603 2545 5672 γέγονεν,
2567 5601 2732 5655 ἑδωκε
2754 5605 2820 5675 τῇ
2845 5604 3154 5677 ἀνθρωπίνῃ
3183 5605 3378 5677 καρδίᾳ
3400 5606 3484 5659 ἐπ’
3509 5605 3697 5677 ἀγαθῷ

2131 5697 2160 5748 6
2183 5695 2312 5759 Θεὸς
2331 5736 2345 5760 ,
2377 5693 2517 5748 ὥστε
2549 5695 2636 5749 διὰ
2665 5695 2924 5766 μεγέθους
2955 5697 3050 5750 καὶ
3089 5697 3349 5768 καλλονῆς
3377 5698 3698 5768 κτισμάτων

2130 5786 2454 5858 ἀναθεωρεῖν
2491 5787 2559 5840 δι’
2599 5788 2776 5841 αὐτῶν
2825 5788 2918 5842 τὸν
2949 5790 3266 5861 ποιήσαντα.
3299 5791 3362 5844 Οί
3405 5790 3463 5844 δὲ
3506 5789 3571 5843 δι’
3618 5782 3693 5844 ὧν

467 5872 612 5946 quod
644 5873 700 5929 in
723 5889 787 5930 eo
815 5874 1142 5945 continetur,
1167 5875 1404 5933 ostendit
1430 5876 1625 5933 oratio.
1649 5875 1845 5933 Omnia
1878 5892 2026 5950 ergo,

2137 5880 2594 5951 εὐηργετήθησαν,
2621 5880 2706 5935 διὰ
2731 5882 2932 5938 τούτων
2954 5882 3318 5955 ἐϐλάφθησαν,
3349 5883 3427 5956 τῷ
3454 5885 3528 5957 μὴ
3554 5883 3692 5937 κατὰ

2065 5937 2105 5960 κ
