4116 6502
436 424 540 481 753

1452 433 1519 489 IN
1556 435 2085 497 ECCLESIASTEN.
2128 441 2413 500 HOMILIA
2453 444 2584 500 Vill.

3564 449 3667 506 756

429 546 492 595 τὸ
509 543 626 595 δέον
648 541 858 615 ἑκάστῳ
879 545 972 599 xu).
994 546 1204 618 πρδςξτδ
1224 549 1532 605 λυσιτελοῦν
1553 554 1984 627 ἀποχρήσασθαι.

2092 577 2213 632 qua:
2236 564 2292 619 in
2334 579 2450 619 aavo
2480 563 2622 618 facta
2668 571 2819 629 sunt.
2851 565 3006 621 dedit
3035 564 3178 622 Deus
3242 567 3393 622 cordi
3426 567 3665 623 humano

429 631 530 685 Διὰ
542 629 697 685 τοῦτό
718 649 900 704 φησιν·
921 656 939 687 (
955 638 1139 703 Ὅπως
1165 641 1238 709 μὴ
1260 639 1393 713 εὕρῃ
1410 642 1692 715 ἄνθρωπος
1713 648 1771 700 τὸ
1793 650 2000 721 ποίημα

430 723 459 774 6
488 722 740 793 ἐποίησεν
769 726 799 778 6
840 725 972 790 Θεὸς
1016 729 1109 781 ἐπὶ
1148 729 1224 801 τῷ
1261 732 1359 803 τῆς
1404 732 1669 804 ὠφελείας
1709 740 1915 811 σκοπῷ,
1942 744 2000 796 ὲν

433 813 563 864 πᾶσι
595 815 705 878 τοῖς
734 816 1011 884 γεγονόσιν
1049 819 1142 872 ἀπ’
1175 821 1349 893 ἀρχῆς
1381 823 1482 893 τῆς
1512 827 1741 892 κτίσεως
1780 831 1871 882 καὶ
1901 830 1998 900 μέ-

434 919 521 974 χρι
550 904 651 975 τῆς
694 906 787 960 τοῦ
816 909 1015 973 παντὸς
1053 912 1521 983 συμπληρώσεως,
1552 918 1761 983 οὐδενὸς
1795 921 1853 973 ὲν
1887 924 1998 985 τοῖς

430 993 578 1050 οὖσιν
608 999 759 1061 ὄντος
785 1000 976 1054 κακοῦ.
1012 1022 1029 1053 ι
1074 1004 1208 1058 Οὐδὲ
1237 1005 1345 1077 γὰρ
1377 1006 1488 1077 ἔχει
1516 1009 1676 1078 φύσιν
1700 1011 1760 1076 ἐξ
1785 1012 1990 1080 ἀγαθοῦ

430 1085 594 1138 κακόν
631 1105 683 1140 τι
710 1086 894 1158 φῦναι.
923 1092 986 1144 Εἰ
1017 1091 1074 1145 δὲ
1103 1093 1303 1162 ἀγαθὸς
1326 1096 1355 1148 6
1381 1096 1489 1150 τῶν
1513 1099 1768 1154 ἁπάντων
1796 1102 1987 1171 αἴτιος,

426 1179 608 1248 ἀγαθὰ
660 1183 873 1249 πάντως
916 1186 1017 1239 ὅσα
1050 1188 1115 1240 ὲκ
1157 1187 1250 1240 τοῦ
1294 1190 1499 1258 ἀγαθοῦ
1546 1193 1645 1265 τὴν
1692 1195 1987 1253 ὑπόστασιν

426 1270 557 1340 ἔχει.

2100 652 2167 706 ad
2203 655 2430 718 bonum,
2455 664 2515 709 ut
2545 668 2641 723 per
2669 654 3097 725 magnitudinem
3119 663 3175 711 et
3208 654 3664 725 pulchritudinem

2096 755 2492 813 creaturarum,
2526 761 2623 816 per
2651 746 2799 815 ipsas
2823 747 3256 817 contemplemur
3285 762 3410 802 eum
3457 750 3552 818 qui
3587 748 3666 805 fe-

2093 836 2189 892 cit.
2230 838 2310 891 llli
2343 847 2522 893 autem
2559 854 2656 908 per
2683 852 2747 892 ea
2807 853 2929 907 qua:
2983 846 3308 908 acceperant
3359 840 3621 896 beneﬁcia
3647 880 3662 905 ,

2095 928 2209 984 laesi
2236 936 2386 993 sunt,
2417 945 2483 985 eo
2516 930 2661 1000 quod
2691 944 2799 983 non
2832 944 3164 999 unoquoque
3190 938 3250 984 ut
3278 938 3491 1000 oportet
3520 939 3574 987 et
3598 932 3665 986 ad

2097 1018 2385 1075 utilitatem
2426 1021 2512 1076 usi
2548 1028 2698 1076 sunt.
2742 1018 2809 1073 Et
2856 1019 2978 1075 ideo
3005 1020 3139 1075 dicit
3172 1040 3184 1075 :
3221 1039 3241 1072 ‹
3296 1020 3374 1077 Ne
3424 1022 3668 1077 inveniat

2096 1109 2259 1164 homo
2286 1125 2424 1181 opus
2456 1110 2602 1181 quod
2650 1110 2779 1166 fecit
2806 1110 2948 1166 Deus
3000 1110 3068 1165 ad
3118 1125 3343 1181 scopum
3391 1112 3663 1176 utilitatis,

2095 1198 2152 1254 in
2177 1200 2433 1256 omnibus
2455 1216 2577 1270 qua:
2610 1199 2752 1253 facta
2790 1207 2918 1255 sunt
2951 1199 3019 1254 ab
3057 1199 3214 1259 initio
3250 1201 3566 1266 creationis,
3611 1210 3667 1256 et

2094 1304 2271 1360 usque
2313 1290 2380 1344 ad
2423 1291 2665 1346 universi
2709 1291 3278 1347 consummationem:
3314 1308 3436 1347 cum
3489 1294 3543 1348 in
3597 1293 3665 1349 iis

426 1378 546 1431 quae
567 1370 715 1425 sunt,
778 1365 913 1421 nihil
950 1368 1020 1425 sit
1050 1370 1196 1423 mali.
1234 1390 1252 1423 ι
1320 1370 1505 1442 Neque
1532 1374 1677 1429 enim
1706 1386 1790 1432 est
1820 1377 1921 1434 hoc
1956 1383 2223 1447 naturale,
2252 1391 2311 1437 ut
2338 1397 2407 1437 ex
2442 1382 2589 1438 bono
2621 1383 2824 1454 aliquid
2847 1382 2976 1436 mali
3039 1393 3319 1441 nascatur.
3381 1385 3440 1439 Si
3482 1394 3662 1440 autem

425 1457 601 1513 bonus
629 1466 715 1514 est
773 1462 865 1532 qui
899 1478 1080 1519 rerum
1150 1468 1391 1522 omnium
1418 1481 1502 1524 est
1532 1480 1723 1527 auctor
1770 1481 1826 1529 et
1853 1490 2044 1544 causa,
2082 1478 2225 1534 bona
2290 1479 2516 1534 omnino
2582 1488 2710 1535 sunt
2745 1495 3105 1550 quaecumque
3144 1496 3209 1535 ex
3257 1482 3408 1538 bono
3462 1482 3663 1537 habent

425 1546 803 1608 substantiam.

493 1638 645 1711 Εἶτα,
677 1647 936 1716 (Ἔγνων,
964 1667 983 1702 ι
1012 1651 1193 1722 φησὶν,
1224 1671 1244 1706 t
1267 1654 1349 1707 ὅτι
1382 1655 1484 1709 οὐκ
1509 1657 1655 1711 ἐστιν
1686 1660 1890 1729 ἀγαθὸν
1927 1665 1984 1718 ὲν

2158 1660 2387 1726 Deinde,
2421 1659 2505 1714 12.
2548 1677 2568 1712 ι
2614 1657 2775 1725 Novi,
2813 1677 2832 1711 ι
2895 1659 3114 1729 inquit,
3169 1677 3189 1711 ι
3242 1659 3388 1729 quod
3436 1676 3545 1715 non
3580 1671 3665 1716 est

423 1735 624 1801 αὐτοῖς,
642 1738 692 1789 ει
722 1738 795 1811 μὴ
819 1741 879 1794 τὸ
895 1742 1284 1815 εὐφρανθῆναι,
1300 1747 1392 1800 καὶ
1412 1748 1474 1801 τὸ
1500 1753 1674 1804 ποιεῖν
1700 1754 1903 1820 ἀγαθὸν
1931 1757 1988 1809 ὲν

424 1823 535 1896 ζωῇ
554 1823 770 1878 αὐτοῦ.»
792 1827 1417 1909 Ἀνακεφαλαιοῦνταιτῷ
1444 1840 1587 1911 λόγῳ
1608 1842 1676 1895 τὰ
1705 1844 1987 1917 εἰρημένα.

423 1916 486 1968 Εἰ
512 1917 618 1989 γὰρ
641 1920 697 1973 ἐν
725 1922 898 1993 καιρῷ
926 1924 1033 1978 τῶν
1079 1926 1236 1983 θείων
1274 1932 1594 2001 ποιημάτων
1628 1935 1661 2004 ὴ
1707 1916 1900 2007 χρῆσις
1926 1937 1988 1991 τὸ

423 2008 584 2103 Ξιαλδν
618 2012 789 2103 ὁρίζει
830 2018 894 2085 τῇ
925 2016 1236 2093 ἀνθρωπίνῃ
1279 2022 1411 2093 ζωῇ,
1441 2022 1498 2076 ἒν
1520 2024 1586 2078 ἂν
1614 2027 1699 2098 εἴη
1738 2028 1922 2093 καλὸν,
1952 2032 1986 2103 ἡ

422 2096 671 2170 διηνεκὴς
708 2102 803 2156 ἐπὶ
834 2107 945 2167 τοῖς
984 2106 1167 2172 καλοῖς
1222 2110 1551 2184 εὐφροσύνη,
1604 2096 1728 2185 ἥτις
1770 2117 1837 2171 ὲκ
1877 2096 1987 2173 τῶν

421 2190 639 2258 ἀγαθῶν
673 2192 848 2265 ἔργων
874 2200 1147 2265 γεννᾶται.
1190 2201 1253 2253 Ἦ
1273 2202 1395 2282 γὰρ
1415 2204 1530 2282 τῶν
1563 2206 1792 2261 ἐντολῶν
1817 2210 1985 2282 ἐργα-

423 2281 531 2344 σία,
569 2282 663 2335 νῦν
700 2285 798 2354 μὲν
832 2286 921 2341 διὰ
944 2289 1041 2358 τῆς
1077 2278 1599 2366 ὲλπίδοξεὺξραίνει
1629 2299 1718 2352 τὸν
1754 2278 1863 2355 τῶν
1880 2278 1987 2356 ἰὰ-

420 2373 525 2429 λῶν
555 2379 947 2449 προϊστάμενον
990 2381 1183 2452 ἔργων’
1213 2386 1350 2455 μετὰ
1389 2389 1557 2442 ταῦτα
1589 2390 1645 2444 δὲ
1689 2393 1987 2451 ἀπόλαυσιν

394 2466 770 2557 ’τῶνβάγαθῶν
1058 2466 1984 2559 δεξαμένηῗῒδῖσνῖοῖς⁷”ἆξῖοἱς’”τῆν

422 2544 760 2631 εὐφροσύνην
789 2544 1273 2639 πρρἆῖθησινξόιῖἔ
1291 2544 1453 2640 ιρησὶν
1480 2572 1509 2623 6
1550 2544 1751 2644 Κύριος
1782 2544 1894 2643 τοῖς
1924 2544 1985 2633 τὸ

417 2650 617 2719 ἀγαθὸν
650 2655 1021 2725 πεποιηκόσιν,
1041 2658 1120 2711 ὅτι
1151 2660 1427 2725 «Δεῦτε,οἰ
1458 2664 1986 2744 εὐ).ογημένοι,κλη-

419 2746 748 2815 ρονομήσατε
785 2747 881 2820 τὴν
909 2749 1313 2824 ἡτοιμασμένην
1341 2755 1469 2826 ὑμῖν
1503 2758 1798 2830 βασιλείαν.
1822 2784 1840 2816 ι
1874 2767 1983 2820 Καὶ

415 2838 552 2909 ὅπερ
597 2840 806 2912 ὲστὶνή
841 2841 1041 2913 βρῶσις
1069 2846 1161 2898 καὶ
1200 2848 1357 2911 πόσις
1402 2850 1481 2921 τῷ
1528 2854 1761 2926 σώματι,
1798 2858 1864 2912 δι’
1906 2854 1983 2914 ὦν

417 2936 760 3005 συντηρεῖται
790 2937 823 3005 ή
851 2935 1030 3005 φύσις,
1068 2939 1226 2993 τοῦτό
1257 2943 1373 2998 ἐστι
1402 2949 1467 3017 τῇ
1496 2948 1638 3021 ψυχῇ
1663 2951 1725 3004 τὸ
1754 2952 1889 3025 πρὸς
1919 2954 1981 3008 τὸ

2089 1754 2147 1809 in
2170 1754 2305 1824 ipsis
2328 1753 2554 1818 bonum,
2582 1752 2689 1808 nisi
2714 1752 2906 1819 laetari,
2930 1762 2983 1807 et
3020 1750 3199 1808 facere
3228 1753 3431 1807 bonum
3467 1754 3521 1813 in
3552 1756 3661 1809 vita

2088 1862 2209 1904 sua.
2243 1865 2261 1898 ι
2282 1844 2378 1901 His
2398 1843 2577 1899 verbis
2600 1844 2657 1897 in
2685 1858 2954 1898 summam
2979 1842 3183 1913 colligit
3206 1859 3327 1912 qua:
3347 1844 3491 1899 dicta
3509 1857 3657 1901 sunt.

2089 1938 2149 1994 Si
2188 1937 2333 1993 enim
2370 1934 2683 1990 divinorum
2721 1948 2948 2003 operum
2982 1947 3119 1987 usus
3152 1933 3207 1986 in
3244 1941 3489 2003 tempore
3522 1934 3659 1988 deli-

2088 2033 2171 2087 nit
2216 2031 2420 2085 bonum
2476 2028 2730 2082 humanae
2777 2028 2920 2093 vitm,
2978 2042 3147 2080 unum
3208 2026 3375 2081 fuerit
3428 2028 3679 2093 bonum,-

2086 2137 2282 2192 nempe
2314 2128 2581 2192 perpetua
2617 2118 2673 2173 in
2703 2119 2871 2175 rebus
2901 2118 3060 2173 bonis
3086 2129 3140 2173 et
3172 2119 3419 2175 honestis
3447 2120 3656 2189 laetitia,

2085 2231 2210 2286 qua:
2234 2213 2486 2269 nascitur
2516 2228 2584 2268 ex
2608 2212 2770 2268 bonis
2798 2212 3077 2284 operibus.
3108 2211 3487 2269 Mandatorum
3509 2215 3657 2269 enim

2085 2306 2423 2368 observatio,
2472 2321 2620 2359 nunc
2656 2305 2880 2376 quidem
2917 2321 3016 2377 per
3066 2321 3216 2376 spem
3260 2307 3447 2361 laetitia
3493 2304 3661 2363 allicit

2086 2416 2210 2457 eum
2256 2399 2351 2470 qui
2405 2397 2549 2453 bona
2586 2398 2719 2452 facit
2769 2413 2979 2468 opera:
3032 2408 3217 2468 postea
3266 2406 3444 2453 autem
3500 2400 3660 2455 bona

2085 2494 2204 2564 spei
2265 2492 2448 2548 fructu
2499 2500 2745 2561 accepto,
2802 2490 3062 2561 praponit
3112 2493 3390 2562 propriam
3438 2493 3504 2549 iis
3558 2495 3653 2562 qui

2084 2588 2236 2659 digni
2268 2595 2401 2643 sunt
2425 2585 2698 2649 latitiam,
2731 2583 2952 2653 quando
2986 2583 3121 2638 dicit
3148 2583 3415 2639 Dominus
3456 2586 3524 2641 iis
3556 2586 3653 2655 qui

2082 2679 2288 2735 bonum
2332 2677 2630 2733 fecerunt:
2671 2694 2690 2727 ι
2728 2674 2946 2743 Venite,
2992 2675 3262 2731 benedicti
3308 2675 3491 2733 Patris
3525 2677 3653 2741 mei,

2079 2773 2361 2844 possidete
2393 2777 2647 2841 paratum
2676 2768 2830 2824 vobis
2856 2783 3085 2838 regnum
3115 2768 3181 2823 σί.
3222 2787 3241 2821 ι
3287 2767 3351 2822 Ει
3388 2770 3533 2838 quod
3572 2778 3659 2825 est

2080 2863 2240 2917 cibus
2276 2871 2330 2916 et
2363 2870 2526 2930 p0tus
2561 2858 2802 2928 corpori,
2852 2872 2950 2928 per
2993 2873 3115 2927 qua?
3159 2868 3518 2914 conservatur
3557 2876 3655 2914 na-

2080 2962 2227 3021 tura,
2260 2953 2364 3007 hoc
2396 2958 2481 3007 est
2510 2953 2706 3004 anima:
2729 2950 2793 3004 ad
2835 2950 3037 3004 bonum
3070 2950 3338 3020 aspicere,
3364 2959 3418 3004 et
3446 2951 3548 3007 hoc
3571 2962 3657 3007 est

414 3026 619 3093 ἀγαθὸν
647 3027 883 3097 βλέπειν,
907 3031 1175 3086 καὶτοῦτο
1197 3035 1270 3100 ὡς
1294 3037 1508 3109 ἀληθῶς
1537 3042 1676 3113 δόμα
1697 3046 1813 3099 ἐστὶ
1833 3046 1968 3100 Θεοῦ

2084 3067 2201 3108 vere
2231 3051 2435 3105 donum
2464 3047 2582 3111 Dei,
2630 3047 2686 3102 in
2730 3045 2900 3101 Deum
2948 3044 3160 3101 deﬁxos
3203 3045 3409 3100 habere
3438 3046 3654 3100 oculos.

412 3117 475 3172 τὸ
515 3119 837 3184 ὲνατενίξειν
864 3121 1001 3194 Θεῷ.
1044 3124 1212 3179 Τοῦτο
1257 3128 1366 3201 γάρ
1398 3133 1513 3185 ἐστι
1554 3136 1616 3187 τὸ
1640 3135 1830 3207 ὄνομα,
1864 3139 1893 3192 δ
1922 3141 1980 3193 ὲν

411 3212 522 3303 τοῖς
549 3210 745 3282 ἐφεξῆς
772 3215 1056 3286 εἰρημένον
1081 3218 1672 3298 διερμηνεύεται.Ἔχει
1698 3229 1753 3282 δὲ
1775 3233 1807 3303 ἡ
1839 3232 1980 3299 λέξις

410 3300 583 3365 οὕτως
606 3320 620 3334 ’
666 3323 685 3354 ‹
717 3306 825 3359 Καί
845 3323 907 3375 γε
937 3310 1043 3372 πᾶς
1067 3310 1348 3383 ἄνθρωπος
1371 3315 1429 3381 ὃς
1451 3317 1703 3389 φάγεται,
1729 3300 1823 3377 καὶ
1862 3326 1980 3378 πίε-

409 3411 529 3455 ται,
565 3397 657 3449 καὶ
689 3397 774 3471 ἴδῃ
802 3400 1003 3467 ἀγαθὸν
1025 3404 1084 3457 ὲν
1114 3406 1278 3460 παντὶ
1318 3408 1501 3481 μόχθῳ
1529 3413 1715 3481 αὐτοῦ,
1745 3416 1901 3471 τοῦτο
1922 3418 1980 3471 δὲ

409 3484 545 3555 δόμα
574 3487 708 3541 Θεοῦ
738 3486 901 3545 ἐστιν.
925 3513 943 3544 ι
963 3494 1050 3558 Ὠς
1082 3497 1187 3570 γὰρ
1212 3500 1240 3552 6
1260 3498 1563 3573 ἄνθρωπος,
1588 3508 1773 3576 φησὶν,
1797 3508 1826 3561 ὁ
1850 3526 1975 3581 σαρ-

409 3576 584 3647 κωης
612 3581 669 3631 ὲν
694 3580 771 3652 τῷ
800 3589 992 3653 φαγεῖν
1034 3591 1126 3642 καὶ
1159 3594 1302 3645 πιεῖν
1324 3592 1422 3664 τὴν
1456 3596 1609 3667 ἰσχὺν
1639 3598 1771 3669 ἔχει,
1800 3601 1972 3667 οὕτως

407 3671 437 3722 6
460 3669 596 3741 πρὸς
614 3672 675 3764 τό
696 3674 896 3741 ἀγαθὸν
924 3677 1133 3745 βλέπων
1175 3682 1398 3751 (ἀγαθὸν
1416 3685 1472 3740 δὲ
1490 3688 1739 3760 ἀληθινὸν
1763 3694 1791 3745 6
1816 3695 1973 3764 μόνος

407 3760 608 3827 ἀγαθὸς
638 3762 703 3816 ἂν
732 3764 850 3834 εἴη)
895 3767 1034 3837 δόμα
1063 3768 1197 3825 Θεοῦ
1230 3773 1343 3843 ἔχει
1383 3778 1440 3829 ἐν
1469 3781 1633 3833 παντὶ
1662 3760 1845 3855 μόχθῲ
1871 3787 1969 3839 αὑ-

405 3850 523 3915 τοῦ,
555 3852 684 3906 αὐτὸ
722 3855 879 3909 τοῦτο
904 3856 966 3910 τὸ
993 3860 1127 3929 πρὸς
1170 3864 1228 3915 τὸ
1259 3864 1459 3932 ἀγαθὸν
1482 3870 1567 3921 ἀεὶ
1592 3850 1829 3940 βλέπενινξ
1873 3876 1972 3931 Διὰ

407 3942 502 3996 τοῦ
534 3945 733 4015 Κυρίου
766 3950 920 4019 ἡμῶν
965 3952 1137 4023 Ἰησοῦ
1176 3955 1408 4026 Χριστοῦ
1433 3974 1448 3988 °
1469 3956 1513 4028 ᾧ
1551 3964 1583 4033 ἡ
1611 3963 1738 4029 δόξα
1779 3966 1873 4022 καὶ
1910 3969 1973 4023 τὸ

408 4034 605 4102 κράτος
635 4039 714 4101 εἰς
749 4041 875 4103 τοὺς
899 4041 1097 4108 αἰῶνας
1123 4043 1233 4100 τῶν
1259 4046 1489 4105 αἰώνων.
1533 4053 1726 4125 Ἀμήν.

479 4195 523 4228 ⁸³
565 4195 758 4253 Matth.
798 4216 931 4267 xxv,
952 4203 1046 4262 34.

2074 3142 2190 3197 Hoc
2227 3150 2311 3197 est
2353 3140 2499 3195 enim
2541 3151 2763 3199 nomen,
2804 3135 2952 3205 quod
3004 3135 3061 3189 in
3116 3135 3185 3191 iis
3221 3151 3343 3206 qua:
3390 3135 3653 3207 deinceps

2075 3237 2221 3291 dicta
2242 3242 2371 3288 sunt
2390 3233 2804 3301 interpretatur.
2828 3228 2909 3282 ιω
2935 3236 3118 3283 autem
3143 3227 3307 3283 habet
3331 3236 3653 3286 contextus:

2078 3329 2167 3383 l5.
2226 3346 2244 3379 ι
2276 3323 2588 3391 Quinetiam
2634 3321 2817 3376 omnis
2863 3319 3028 3374 homo
3072 3318 3166 3389 qui
3218 3319 3542 3387 comederit,
3598 3327 3654 3375 et

2076 3417 2303 3480 biberit,
2342 3423 2397 3471 et
2432 3414 2633 3470 viderit
2669 3412 2876 3467 bonum
2907 3412 2962 3465 in
2992 3411 3144 3467 omni
3173 3411 3360 3466 labore
3390 3426 3512 3475 suo,
3548 3411 3653 3465 hoc

2078 3519 2164 3566 est
2188 3520 2371 3564 autem
2406 3507 2611 3562 donum
2644 3504 2760 3561 Dei.
2799 3524 2817 3556 ι
2867 3502 3005 3558 Nam
3051 3504 3194 3559 sicut
3237 3503 3421 3568 homo,
3452 3504 3651 3574 inquit,

2077 3601 2318 3657 carnalis
2364 3601 2419 3654 in
2468 3595 2807 3654 comedendo
2844 3607 2897 3652 et
2948 3596 3187 3651 bibendo
3244 3595 3410 3650 habet
3446 3595 3594 3651 vires
3634 3613 3649 3650 :

2077 3694 2154 3747 ita
2180 3692 2273 3762 qui
2315 3690 2385 3745 ad
2430 3689 2638 3745 bonum
2682 3686 2883 3758 aspicit
2957 3686 3185 3754 (bonum
3235 3694 3416 3741 autem
3459 3702 3649 3741 verum

2076 3793 2183 3846 est,
2210 3783 2303 3854 qui
2334 3781 2486 3838 solus
2510 3788 2595 3835 est
2621 3780 2798 3835 bonus
2824 3777 2841 3850 )
2869 3778 3073 3833 donum
3100 3777 3194 3833 Dei
3229 3778 3391 3832 habet
3422 3779 3477 3831 in
3502 3777 3651 3831 omni

2075 3874 2263 3928 labore
2306 3886 2431 3933 suo,
2489 3871 2593 3925 hoc
2646 3869 2827 3937 ipsum
2884 3868 2954 3922 ad
3012 3868 3064 3923 id
3121 3868 3269 3939 quod
3313 3869 3515 3923 bonum
3564 3875 3650 3923 est

2076 3980 2291 4035 semper
2335 3964 2601 4034 aspicere.
2650 3960 2757 4017 Per
2814 3961 3104 4015 hominum
3157 3972 3405 4015 nostrum
3458 3958 3646 4014 Jcsum

2074 4057 2388 4113 Christum:
2423 4056 2512 4111 cui
2543 4054 2715 4126 gloria
2732 4064 2785 4108 et
2822 4053 3062 4123 potentia
3097 4054 3152 4106 in
3184 4052 3383 4108 szecula
3414 4051 3648 4107 saeculo-

2075 4164 2217 4203 rum.
2253 4149 2449 4203 Amen.
