4116 6498
452 379 549 434 ’155

1677 389 1732 444 S-
1771 389 2097 448 GREGORII
2134 392 2427 450 NYSSENI

3567 400 3676 457 756

450 529 3652 582 Wa

1193 694 1418 781 ΤΟΥ
1479 697 1623 781 ΕΝ
1679 697 2042 783 ΑΓΙΟΙΣ
2113 699 2544 786 ΠΑΤΡΟΣ
2614 701 2939 790 ΗΜΩΝ

1536 916 2579 1053 ΓΡΗΓΟΡΙΟΥ

1746 1175 2143 1230 ΕΠΙΣΚΟΠΟΥ
2168 1178 2437 1231 ΝΥΣΣΗΣ

1529 1350 2078 1447 ΕΞΗΓΗΣΙΣ
2114 1362 2576 1448 ΑΚΡΙΒΗΣ

880 1552 1118 1665 ΕΙΣ
1171 1553 1367 1665 ΤΑ
1423 1555 2046 1671 ΑΣΜΑΤΑ
2115 1556 2414 1672 ΤΩΝ
2482 1558 3206 1680 ΑΣΜΑΤΩΝ

1207 1980 1364 2134 S.
1469 1988 1654 2138 N.
1722 1992 1894 2139 P.
1967 1987 2881 2145 GREGORII

1717 2284 2030 2343 EPISCOPI
2067 2284 2366 2342 NYSSENI

1569 2482 2509 2580 COMMENTARIUS

990 2694 1139 2808 IN

1293 2694 1575 2810 CAN
1588 2698 2034 2817 TICUM
2174 2699 3109 2818 CANTICORUM

1656 2915 1904 2978 (Gentiano
1922 2919 2127 2971 Herveto
2149 2917 2443 2984 interprete.)

703 3227 1098 3287 PRO€EMIUM
1135 3231 1226 3285 AD
1264 3232 1734 3296 OLYMPIADEM.

505 3343 730 3400 Gratum
762 3354 818 3400 et
848 3354 1130 3416 acceptum
1161 3345 1264 3401 fuit
1304 3348 1438 3402 mihi
1475 3350 1720 3405 studium
1756 3352 1824 3408 de
1849 3353 1996 3409 Can-

436 3439 549 3492 tico
580 3440 939 3503 canticorum,
994 3441 1141 3508 quod
1183 3448 1237 3494 et
1268 3456 1480 3507 coram,
1527 3454 1581 3499 et
1629 3445 1740 3500 tuis
1786 3448 1855 3501 ad
1894 3464 1994 3505 nos

438 3528 741 3597 exposuisti
788 3529 1011 3592 litteris,
1061 3536 1122 3582 ut
1154 3528 1302 3599 quod
1340 3531 1585 3587 honesta:
1631 3540 1739 3586 tua:
1791 3534 1913 3588 vita:
1940 3546 1997 3590 et

436 3634 587 3688 pura:
618 3620 813 3674 animae
844 3621 1154 3683 conveniat,
1195 3629 1254 3676 ut
1284 3637 1380 3691 per
1405 3624 1822 3680 Convenientem
1862 3642 1995 3682 con-

436 3710 840 3778 templationem
872 3711 1151 3779 aperiatur
1193 3727 1315 3782 quae
1346 3721 1429 3768 est
1479 3714 1533 3767 in
1566 3715 1749 3771 verbis
1780 3718 1994 3772 Occulta

433 3801 805 3871 philosophia,
848 3802 916 3856 ab
959 3819 1023 3857 ea
1057 3819 1179 3873 quae
1203 3813 1287 3858 est
1329 3803 1386 3858 in
1430 3815 1684 3876 promptu
1735 3807 1990 3875 dictione,

434 3894 492 3949 in
541 3896 695 3963 puris
744 3910 808 3949 ac
849 3895 1082 3951 sinceris
1124 3896 1378 3951 sensibus
1423 3909 1746 3969 expurgala.
1791 3900 1993 3966 Quam-

433 3984 620 4038 obrem
677 3993 926 4055 prompto
960 3996 1013 4039 et
1043 3987 1211 4041 alacri
1251 3988 1432 4042 animo
1463 3988 1532 4044 de
1582 3989 1685 4043 hac
1733 4005 1793 4045 re
1846 3999 1992 4045 tuam

432 4076 619 4144 accepi
670 4076 1137 4133 sollicitudinem:
1187 4094 1299 4133 non
1329 4082 1474 4149 quod
1524 4080 1591 4134 ad
1640 4088 1764 4136 tuos
1812 4097 1992 4138 mores

429 4168 535 4221 hoc
565 4166 669 4220 tibi
702 4167 944 4222 futurum
981 4169 1052 4224 sit
1082 4169 1237 4223 usui:
1269 4178 1358 4224 est
1382 4171 1527 4226 enim
1583 4171 1715 4225 mihi
1764 4187 1993 4241 persua-

429 4270 548 4312 sum
594 4275 788 4329 purum
835 4275 959 4315 esse
1007 4269 1161 4315 tuum
1206 4263 1400 4318 animae
1436 4263 1678 4330 oculum,
1722 4265 1791 4318 ab
1840 4264 1989 4318 omni

426 4349 647 4404 sordida
673 4360 728 4405 et
755 4350 991 4405 obscena
1031 4353 1382 4422 cogitatione,
1414 4365 1469 4410 et
1501 4372 1622 4426 quae
1648 4358 1887 4427 agitatur
1920 4358 1989 4411 ab

426 4441 593 4495 animi
644 4441 1183 4510 perturbationibus,
1223 4459 1460 4516 eumque
1496 4464 1592 4516 per
1635 4449 1821 4502 divina
1874 4451 1988 4505 haec

2025 3232 2073 3285 Α

2358 3242 2732 3298 ΠΡΟΟΙΜΙΟΝ
2770 3243 2947 3298 ΠΡΟΣ
2977 3238 3400 3298 ΟΛΥΜΠΙΑΔΑ.

2178 3353 2544 3427 Ἀπεδεξάμην
2591 3355 2667 3419 ὡς
2713 3355 3025 3426 πρέπουσαν
3070 3354 3147 3425 τῷ
3190 3353 3370 3426 σεμνῷ
3406 3371 3498 3407 σου
3532 3354 3655 3426 βίῳ,

2094 3445 2189 3498 καὶ
2214 3447 2281 3516 τῇ
2312 3446 2523 3515 καθαρᾷ
2556 3445 2649 3498 σοῦ
2674 3445 2839 3516 ψυχῇ,
2855 3445 2954 3516 τὴν
2979 3444 3105 3515 περὶ
3128 3443 3221 3497 τοῦ
3249 3444 3519 3515 ᾊσματος
3545 3444 3657 3498 τῶν

2093 3537 2349 3607 ᾀσμάτων
2400 3536 2649 3608 σπουδὴν,
2681 3538 2745 3607 ἢν
2771 3538 2860 3590 καλ⁸
2912 3536 3049 3590 κατὰ
3099 3536 3386 3606 πρόσωπον
3426 3538 3521 3590 καὶ
3564 3537 3656 3591 διὰ

2092 3623 2431 3693 γραμμάτων
2456 3624 2584 3693 ἡμῖν
2614 3621 2816 3689 ἑξέθου,
2865 3622 3004 3677 ὥστε
3048 3623 3135 3678 διὰ
3174 3625 3273 3696 τῆς
3322 3625 3651 3697 καταλλήλου

2093 3711 2320 3783 θεωρίας
2353 3713 2721 3785 φανερωθῆναι
2752 3713 2849 3785 τὴν
2883 3715 3335 3787 ὲγκεκρυμμένην
3381 3719 3496 3781 τοῖς
3544 3719 3649 3788 ῥηί-

2090 3806 2200 3866 τοῖς
2229 3803 2561 3873 φιλοσοφίαν,
2593 3805 2690 3876 τῆς
2733 3805 3022 3879 προχείρου
3060 3806 3200 3858 κατὰ
3239 3805 3337 3878 τὴν
3380 3806 3523 3871 λέξιν
3550 3808 3653 3878 ἐμ-

2091 3898 2304 3965 φάσεως
2345 3899 2401 3949 ὲν
2442 3900 2563 3962 ταῖς
2603 3899 2896 3971 ἀκηράτοις
2938 3899 3167 3961 ἐννοίαις
3212 3899 3648 3971 κεκαθαρμένην.

2090 3988 2180 4041 Διὸ
2223 3987 2515 4059 προθύμως
2556 3988 2902 4061 ἀπεδεξάμην
2946 3989 3045 4059 τὴν
3095 3990 3222 4060 περὶ
3268 3989 3456 4043 τούτου
3487 4007 3649 4060 φρον-

2088 4079 2225 4144 τίδα,
2275 4080 2372 4150 οὐχ
2425 4080 2500 4143 ὥς
2545 4079 2626 4132 σοί
2671 4097 2722 4132 τι
2769 4082 3091 4150 χρησιμαῖον
3142 4082 3221 4143 είς
3270 4080 3329 4133 τὸ
3381 4081 3472 4133 σὸν
3519 4077 3651 4151 ἦθος

2088 4171 2405 4244 (πέπεισμαι
2420 4174 2528 4246 γάρ
2545 4186 2637 4222 σου
2674 4169 2993 4241 καθαρεύειν
3016 4170 3105 4223 τὸν
3135 4170 3232 4239 τῆς
3258 4170 3433 4240 ψυχῆς
3461 4169 3651 4238 ὀφθαλ-

2092 4261 2188 4331 μὸν
2234 4263 2339 4314 ἀπὸ
2372 4262 2551 4331 πάσης
2583 4261 2859 4332 ὲμπαθοῦς
2890 4256 2963 4314 ’τε
2995 4263 3089 4316 καὶ
3119 4261 3375 4332 ρυπώσης
3417 4262 3644 4328 ἐννοίας,

2088 4356 2182 4406 καὶ
2212 4354 2345 4424 πρὸς
2371 4354 2468 4424 τὴν
2503 4354 2775 4424 ἀκήρατον
2802 4353 2959 4425 χάριν
2986 4354 3071 4407 διὰ
3099 4354 3204 4407 τῶν
3232 4353 3390 4407 θείων
3442 4353 3647 4407 τούτων

2091 4444 2267 4515 ῥητῶν
2322 4443 2806 4514 ἁπαρεμποδίστως
2847 4444 3121 4514 βλέπειν),
3176 4444 3290 4498 ἀλλ’
3334 4445 3418 4515 ἐφ’
3446 4438 3489 4513 ᾧ
3535 4446 3647 4508 τοῖς

423 4533 588 4588 verba
622 4535 689 4588 ad
725 4535 998 4590 sinceram
1031 4546 1084 4591 et
1105 4536 1174 4591 ab
1203 4537 1428 4592 interitu
1461 4541 1690 4595 alienam
1731 4556 1986 4611 sponsam
2017 4614 2022 4623 Α

2090 4534 2543 4604 σαρκωδεστέροις
2567 4535 2931 4607 χειραγωγίαν
2958 4535 3078 4589 τινὰ
3099 4535 3367 4604 γενέσθαι,
3388 4537 3522 4607 πρὸς
3546 4537 3648 4608 τὴν

422 4626 626 4680 intueri
654 4627 790 4681 citra
825 4627 995 4681 ullum
1026 4629 1474 4699 impedimentum
1498 4632 1625 4687 :sed
1653 4642 1712 4686 ut
1741 4634 1831 4701 qui
1860 4640 1988 4688 sunt

2093 4625 2461 4694 πνευματικήν
2494 4641 2553 4677 τε
2590 4625 2683 4677 καὶ
2720 4623 2880 4678 ἄῡλον
2920 4624 3021 4691 τῆς
3051 4624 3227 4696 ψυχῆς
3281 4626 3643 4689 κατάστασιν,

423 4714 587 4783 paulo
637 4716 810 4785 magis
867 4718 1139 4784 carnales,
1196 4735 1295 4789 per
1349 4735 1468 4775 eam
1523 4720 1863 4776 deducantur
1915 4722 1983 4778 ad

2090 4713 2224 4783 πρὸς
2240 4715 2306 4785 ἢν
2335 4713 2456 4782 ἄγει
2478 4714 2539 4767 τὸ
2560 4715 2759 4784 βιϐλίον
2785 4715 2940 4769 τοῦτο
2968 4715 3053 4769 διὰ
3071 4716 3170 4785 τῆς
3198 4716 3645 4789 ὲγκεκρυμμὲνης

421 4804 762 4874 spiritualcm
818 4815 871 4862 et
901 4810 1145 4865 materiae
1199 4821 1477 4880 expertem
1512 4821 1713 4868 statum
1767 4816 1982 4883 animae,

420 4897 488 4952 ad
523 4914 684 4966 quem
712 4899 862 4954 ducit
891 4900 981 4956 hic
1029 4902 1166 4957 liber
1195 4918 1291 4972 per
1316 4905 1638 4974 sapientiam
1670 4922 1789 4976 qua:
1821 4908 1875 4962 in
1917 4923 1983 4962 eo

418 4991 711 5047 delitescit.
748 4991 1019 5059 Quoniam
1049 5004 1231 5050 autem
1256 4999 1536 5054 nonnullis
1563 5000 1780 5054 videtur
1803 5000 1982 5056 eccle-

418 5082 685 5149 siasticis,
733 5099 905 5141 sacra:
948 5082 1248 5156 Scriptura:
1298 5083 1535 5143 litteram
1585 5099 1640 5145 et
1688 5090 1979 5146 dictionem

416 5180 680 5240 perpetuo
725 5188 847 5230 esse
903 5176 1259 5244 sequendam,
1315 5192 1418 5233 nec
1468 5179 1845 5233 assentiuntur
1884 5195 1980 5249 per

414 5261 701 5332 aenigmata
745 5263 1147 5334 allegoriasque
1186 5272 1240 5320 et
1268 5280 1463 5320 sensus
1503 5281 1733 5321 arcanos
1772 5265 1977 5336 aliquid

412 5353 484 5407 ab
513 5369 575 5407 ea
604 5352 810 5408 dictum
834 5370 958 5411 esse
985 5356 1052 5410 ad
1082 5364 1328 5410 nostram
1366 5357 1687 5414 utilitatem:
1723 5358 1976 5413 existimo

416 5443 649 5512 primum
686 5459 812 5499 esse
850 5445 1246 5510 necessarium,
1284 5446 1353 5502 iis
1394 5446 1726 5517 respondere
1769 5447 1862 5517 qui
1908 5447 1976 5502 de

415 5536 483 5589 iis
510 5551 611 5591 nos
646 5545 932 5601 accusant,
978 5546 1033 5595 et
1078 5538 1391 5606 ostendere,
1423 5539 1568 5609 quod
1600 5540 1736 5593 nihil
1779 5541 1975 5596 absur-

413 5626 543 5679 dum
593 5636 647 5682 et
681 5629 919 5683 alienum
963 5629 1222 5694 facimus,
1268 5632 1314 5686 si
1362 5646 1431 5686 ex
1468 5631 1650 5685 divina
1697 5639 1751 5686 et
1792 5647 1822 5684 a
1866 5632 1975 5687 Deo

414 5716 685 5785 inspirata
714 5719 1000 5791 Scriptura
1037 5724 1186 5777 omni
1230 5723 1444 5776 ratione
1472 5737 1736 5776 venemur
1764 5724 1971 5797 utilita—

2086 4806 2231 4877 αύτῷ
2277 4806 2484 4875 σοφίας.
2533 4807 2748 4877 Ἐπειδὴ
2794 4807 2850 4860 δέ
2887 4824 2996 4860 τισι
3040 4808 3146 4860 τῶν
3180 4809 3644 4884 ὲκκλησιαστικῶν

2084 4897 2448 4968 παρίστασθαι
2479 4899 2543 4967 τῇ
2570 4896 2710 4960 λέξει
2736 4896 2835 4966 τῆς
2870 4897 3030 4966 ἁγίας
3056 4897 3276 4968 Γραφῆς
3303 4898 3392 4952 διὰ
3424 4897 3645 4953 πάντων

2085 4991 2218 5044 ίὲναι
2262 4989 2426 5051 δοκεῖ,
2466 4989 2559 5041 καὶ
2587 4988 2648 5040 τὸ
2680 4988 2746 5041 δι’
2782 4987 3112 5057 αἰνιγμάτων
3145 4989 3238 5042 καὶ
3269 4988 3532 5043 ὑπονοιῶν
3562 4990 3642 5042 εί-

2083 5081 2279 5155 ρῆσθαί
2321 5100 2373 5135 τι
2403 5082 2534 5154 παρ’
2563 5080 2732 5151 αὐτῆς
2768 5082 2846 5144 εἰς
2889 5080 3155 5149 ὠφέλειαν
3181 5080 3338 5150 ἡμῶν
3374 5080 3434 5133 οὐ
3467 5079 3644 5132 συντί-

2082 5173 2260 5226 θενται
2277 5190 2291 5203 ·
2318 5172 2612 5240 ἀναγκαῖον
2642 5169 2878 5242 ἡγοῦμαι
2907 5169 3121 5241 πρῶτον
3148 5170 3275 5242 περὶ
3289 5169 3499 5223 τούτων
3527 5171 3643 5233 τοῖς

2082 5264 2151 5318 τὰ
2200 5263 2421 5318 τοιαῦτα
2483 5265 2613 5334 ἡμῖν
2669 5260 2986 5330 ἐγκαλοῦσιν
3039 5260 3511 5331 ἀπολογήσασθαι,
3559 5261 3642 5313 ὅτι

2080 5356 2231 5409 οὐδὲν
2254 5355 2362 5409 ἀπὸ
2387 5355 2586 5426 τρόπου
2616 5353 2823 5423 γίνεται
2851 5353 2979 5422 παρ’
3007 5352 3184 5423 ἡμῶν,
3211 5353 3269 5407 ὲν
3292 5351 3371 5423 τῷ
3410 5351 3643 5405 σπουδά-

2081 5448 2194 5511 ζειν
2226 5448 2374 5518 ἡμᾶς
2422 5445 2481 5499 τὸ
2523 5444 2788 5507 παντοίως
2830 5441 3083 5513 θηρεύειν
3123 5444 3189 5495 ὲκ
3216 5442 3318 5513 τῆς
3350 5442 3498 5506 θείας
3549 5443 3641 5496 καὶ

2080 5537 2431 5591 θεοπνεύστου
2458 5536 2678 5606 Γραφῆς
2700 5535 2759 5588 τὸ
2779 5534 3055 5605 ὠφέλιμον
3074 5551 3086 5565 ·
3118 5533 3245 5588 ὥστ’
3265 5535 3330 5589 ἂν
3355 5534 3455 5605 μὲν
3495 5534 3639 5602 ὠφε-

2071 5629 2186 5700 λοίη
2233 5648 2285 5682 τι
2323 5630 2416 5682 καὶ
2460 5630 2493 5700 ἡ
2528 5627 2670 5693 λέξις
2709 5626 2784 5689 ὡς
2816 5624 3031 5699 εἴρηται
3062 5627 3350 5698 νοουμένη,
3394 5626 3537 5697 ἔχειν
3579 5627 3639 5691 ἐξ

2072 5722 2286 5790 ἑτοίμου
2310 5721 2370 5773 τὸ
2398 5716 2843 5788 σπουδαζόμενον.
2872 5719 2934 5771 Εἰ
2959 5717 3015 5771 δέ
3040 5734 3094 5771 τι
3119 5716 3255 5789 μετὰ
3280 5717 3635 5789 ὐποκρύψεως

412 5814 519 5863 tem
549 5826 562 5864 :
592 5817 647 5864 ut
675 5812 719 5866 si
749 5812 923 5878 prosit
964 5813 1177 5881 quidem
1211 5814 1379 5868 dictio
1410 5813 1684 5870 intellecta
1719 5822 1772 5868 ut
1818 5814 1965 5869 dicta

2085 5815 2130 5865 ἐν
2177 5812 2449 5875 ὑπονοίαις
2478 5813 2585 5865 τισὶ
2629 5810 2720 5864 καὶ
2757 5809 3072 5879 αἰνίγμασιν
3114 5811 3423 5878 είρτιμενον,
3465 5808 3636 5873 drabe
