4110 6436
353 402 453 456 757

1508 392 1576 448 IN
1608 394 1903 452 CANTICA
1945 391 2418 450 CANTICORUM.

3491 387 3598 446 758

349 517 432 578 et;
479 511 744 581 ὠφέλειαν
791 510 875 580 εἴη
929 508 1069 563 κατά
1117 508 1176 562 τὸ
1219 508 1508 581 πρόχειρον
1558 513 1753 583 νόημα,
1801 513 1925 576 τοὺς

2039 511 2152 575 fuit,
2197 518 2504 580 promptum
2543 515 2595 563 et
2633 515 2883 576 paratum
2928 503 3164 559 habeant
3202 499 3276 566 id,
3328 499 3486 571 cujus
3517 508 3599 556 te-

349 602 619 663 τοιούτους
649 600 838 667 λόγους
863 599 1236 670 ἀναστρέφειν,
1265 598 1446 663 καθὼς
1470 600 1762 669 ὑφηγεῖται
1785 605 1814 655 ὀ
1841 602 1930 658 διὰ

350 695 458 748 τῶν
503 691 815 762 Παροιμιῶν
839 691 986 761 ἡμᾶς
1020 689 1286 743 παιδεύων
1317 691 1474 759 λόγος
1508 695 1588 756 είς
1628 693 1689 746 τὸ
1717 695 1926 764 νοῆσαι,

350 788 384 858 ἢ
415 785 491 848 ὡς
519 783 830 858 παραϐολὴν
857 785 916 837 τὸ
941 783 1250 854 λεγόμενον,
1278 784 1312 855 ἢ
1335 783 1412 847 ὡς
1442 787 1717 840 σκοτεινὸν
1749 787 1926 856 λόγον,

350 881 383 948 ἢ
430 878 506 940 ὡς
538 877 696 946 ρἦιν
743 876 1007 947 σοφῶν,ῆ
1056 875 1130 940 ῶς
1171 894 1223 930 τι
1265 875 1375 930 τῶν
1424 879 1783 948 αἰνιγμάτων.
1831 877 1932 934 Ὧν

349 969 449 1035 τὴν
491 966 578 1018 διὰ
622 965 718 1036 τῆς
767 965 1060 1034 ἀναγωγῆς
1095 962 1348 1034 θεωρίαν,
1402 965 1511 1017 εἴτε
1548 965 1926 1035 τροπολογίαν,

351 1060 458 1111 εἴτε
485 1056 830 1126 ἀλληγορίαν,
874 1053 985 1108 εἴτε
1012 1073 1064 1108 τι
1107 1055 1233 1110 ἄλλο
1271 1072 1358 1120 τις
1399 1055 1684 1127 ὀνομάζειν
1735 1057 1926 1121 ἐθέλοι,

349 1149 502 1200 οὐδὲν
553 1147 681 1216 περὶ
729 1146 821 1200 τοῦ
846 1146 1108 1216 ὀνόματος
1154 1145 1488 1217 διοισόμεθα,
1544 1148 1704 1217 μόνον
1747 1148 1793 1198 εί
1823 1147 1930 1200 τῶν

351 1238 645 1308 ἐπωφελῶν
676 1237 898 1309 ἔχοι[το]
927 1237 1234 1308 νοημάτων.
1255 1238 1362 1291 Καὶ
1392 1237 1500 1309 γάρ
1519 1238 1548 1288 ὀ
1573 1237 1744 1309 μέγας
1769 1236 1931 1290 Ἀπό-

353 1333 557 1395 στολος,
589 1330 958 1400 πνευματικὸν
998 1325 1138 1383 εἶναι
1180 1329 1354 1397 λέγων
1395 1331 1489 1383 τὸν
1529 1332 1710 1400 νόμον,
1757 1331 1930 1400 ἐμπεο

356 1423 676 1496 ριλαμϐάνει
719 1421 797 1492 τῷ
823 1421 1045 1490 ὀνόματι
1095 1421 1190 1474 τοῦ
1228 1420 1389 1492 νόμου
1427 1422 1521 1476 καὶ
1573 1421 1641 1475 τά
1687 1423 1932 1493 ἱστορικά

354 1516 686 1586 διηγήματα,
735 1514 812 1576 ὡς
859 1515 1040 1565 πᾶσαν
1075 1513 1431 1566 θεόπνευστον
1475 1514 1718 1584 Γραφὴν,
1768 1516 1930 1586 νόμον

347 1601 493 1659 εἶναι
515 1608 624 1668 τοῖς
667 1604 1083 1675 ἐντυγχάνουσιν
1104 1646 1118 1669 ,
1163 1603 1222 1656 ού
1250 1603 1409 1674 μόνον
1433 1603 1520 1656 διὰ
1546 1604 1656 1657 τῶν
1683 1606 1931 1678 φανερῶν

354 1698 714 1769 πραγμάτων,
737 1695 872 1750 ἀλλὰ
892 1699 984 1749 καὶ
1008 1696 1096 1749 διὰ
1122 1695 1229 1748 τῶν
1247 1696 1534 1766 ἱστορικῶν
1579 1698 1932 1768 διηγημάτων

351 1789 733 1849 παιδεύουσαν,
788 1788 925 1858 πρός
966 1805 1027 1839 τε
1067 1787 1268 1856 γνῶσιν
1309 1787 1416 1841 τῶν
1462 1790 1793 1860 μυστηρίων,
1838 1793 1932 1845 καὶ

351 1881 487 1953 πρὸς
523 1880 769 1952 καθαρὰν
817 1880 1100 1935 πολιτείαν
1143 1880 1271 1944 τοὺς
1316 1883 1679 1946 ἐπιστατικῶς
1716 1884 1933 1938 ἐπαϊον-
1961 1867 2003 1922 Β

349 1989 488 2036 ταςο
529 1974 794 2044 κέχρηται
844 1974 940 2044 μὲν
983 1974 1049 2043 τῇ
1103 1971 1361 2042 ἐξηγήσει
1407 1974 1548 2028 κατά
1596 1975 1656 2027 τὸ
1700 1975 1934 2045 ἀρέσκον

352 2066 524 2136 αὐτῷ,
581 2067 714 2138 πρὸς
763 2067 823 2118 τὸ
865 2066 1140 2136 ὠφέλιμον
1184 2067 1429 2136 βλέπων
1464 2070 1524 2121 ού
1561 2070 1830 2140 φροντίζει
1874 2072 1932 2125 δέ

350 2159 444 2212 τοῦ
493 2158 752 2229 ὀνόματος
789 2155 833 2225 ᾡ
883 2159 988 2230 χρὴ
1037 2159 1500 2229 κατονομάζεσθαι
1548 2161 1608 2213 τὸ
1653 2159 1792 2226 εἶδος
1833 2164 1931 2234 τῆς

353 2249 686 2320 ἐξηγήσεως.
744 2249 901 2304 Ἀλλὰ
946 2250 1038 2303 νῦν
1091 2251 1376 2304 ἀλλάσσειν
1412 2253 1545 2322 φησὶ
1575 2253 1674 2323 τὴν
1723 2255 1929 2324 φωνὴν,

357 2339 564 2410 μέλλων
597 2341 855 2408 μετάγειν
898 2340 999 2411 τὴν
1032 2341 1272 2411 ἱστορίαν
1305 2343 1384 2404 εἰς
1430 2341 1530 2413 τὴν
1564 2342 1786 2410 ἔνδειξιν
1833 2348 1931 2416 τῆς

352 2431 483 2502 περὶ
513 2431 620 2483 τῶν
667 2431 948 2502 Διαθηκῶν
975 2433 1285 2503 οἰκονομίας
1309 2449 1321 2460 '
1367 2428 1484 2485 εἶτα
1523 2435 1786 2504 μνησθεὶς
1821 2435 1930 2488 τῶν

351 2521 444 2574 δύο
473 2521 566 2574 τοῦ
602 2522 852 2593 Ἀϐραὰμ
887 2524 1122 2589 τέκνωνγ
1143 2523 1251 2576 τῶν
1283 2525 1348 2577 ἐκ
1379 2527 1477 2596 τῆς
1511 2525 1798 2596 παιδίσκης
1839 2527 1933 2580 καὶ

353 2616 453 2684 τῆς
482 2613 771 2684 ἐλευθέρας
796 2615 944 2684 αὐτῴ
970 2617 1290 2683 γεγονότων,
1323 2616 1650 2686 ἀλληγορίαν
1677 2618 1932 2688 ὀνομάζει

355 2705 456 2777 τὴν
487 2707 615 2776 περὶ¹
659 2708 838 2760 αὐτῶν
872 2707 1125 2772 Θεωρίαν.
1173 2707 1341 2761 Πάλιν
1381 2708 1438 2760 δὲ
1471 2708 1772 2780 πράγματά
1814 2728 1934 2764 τινα

354 2797 754 2867 διηγησάμενος
804 2797 906 2866 τῆς
968 2797 1208 2869 ἱστορίας
1270 2799 1486 2869 φησὶν,
1525 2800 1607 2852 ὅτι
1662 2798 1935 2867 Τυπικῶς

353 2889 472 2959 μὲν
515 2889 878 2944 συνέϐαινεν
922 2890 1198 2956 ἐκείνοις,
1235 2889 1460 2960 ἐγράφη
1499 2889 1569 2944 δὲ
1617 2892 1765 2959 πρὸς
1794 2908 1936 2945 νου-

356 2983 566 3034 θεσίαν
611 2979 798 3049 ἡμῶν.
837 2980 945 3034 Καὶ
994 2979 1157 3034 πάλιν
1208 2979 1289 3046 τὸ,
1327 2979 1401 3050 μὴ
1461 2981 1570 3034 δεῖν
1629 2980 1937 3051 κημοῦσθαι

355 3073 444 3126 τὸν
474 3071 716 3125 ἀλοῶντα
767 3070 892 3142 βοῦν
934 3070 1122 3135 εἰπὼν,
1146 3069 1508 3140 προσέθηκεν,
1529 3072 1610 3124 ὅτι
1665 3072 1724 3123 ού
1789 3071 1938 3141 μέλει

2029 614 2227 660 nentur
2276 604 2477 656 studio.
2515 600 2571 654 Si
2619 600 2752 670 quid
2797 609 2976 653 autem
3024 597 3241 652 occulte
3287 594 3494 649 dictum
3544 595 3602 649 in

2031 695 2250 749 arcanis
2285 693 2541 748 sensibus
2581 700 2635 746 et
2660 689 3065 761 :enigmatibus,
3098 688 3166 742 ad
3199 687 3495 741 utilitatem
3530 686 3604 740 sit

2031 789 2190 858 plane
2240 787 2501 847 otiosum,
2557 786 2603 840 si
2658 793 2938 855 spectetur
2987 797 3184 836 sensus
3247 782 3341 851 qui
3405 787 3488 834 est
3547 779 3605 833 in

2029 887 2282 948 promptu
2315 887 2370 932 et
2400 879 2467 932 de
2499 893 2565 932 eo
2610 892 2792 932 sermo
2823 875 2932 936 ﬁat,
2980 873 3125 928 sicut
3170 872 3331 926 nobis
3361 869 3607 926 ostendit

2030 972 2123 1041 qui
2167 987 2272 1027 nos
2315 972 2496 1026 erudit
2545 985 2640 1040 per
2678 969 2997 1032 Proverbia.
3047 967 3116 1022 ad
3165 963 3607 1035 intelligendum,

2031 1065 2115 1118 vel
2163 1073 2425 1134 tanquam
2481 1061 2797 1134 parabolam
2848 1060 2901 1114 id
2953 1057 3100 1128 quod
3133 1057 3337 1111 dictum
3375 1063 3478 1118 est,
3518 1053 3608 1107 vel

2031 1164 2294 1225 tauquam
2325 1157 2618 1211 obscuram
2643 1153 2972 1208 orationem.
3000 1150 3083 1204 vel
3109 1156 3364 1218 tanquam
3397 1145 3604 1200 dictum

2032 1247 2359 1316 sapientum,
2389 1245 2473 1298 vel
2507 1255 2764 1312 tanquam
2799 1240 3020 1310 aliquod
3052 1238 3306 1308 aenigma.
3343 1235 3476 1301 Quae
3511 1249 3608 1304 per

2033 1351 2310 1407 anagogen
2341 1343 2520 1390 autem
2545 1334 2764 1389 exsistit
2791 1328 3206 1399 contemplatio,
3240 1342 3334 1382 seu
3362 1325 3607 1394 tropolo-

2031 1428 2198 1498 giam,
2241 1443 2336 1482 seu
2377 1424 2697 1495 allegoriam
2734 1439 2829 1478 seu
2855 1422 3014 1476 aliter
3041 1419 3176 1475 velis
3205 1418 3512 1476 nominare,
3541 1414 3610 1468 de

2032 1519 2255 1573 nomine
2299 1518 2434 1571 nihil
2471 1515 2890 1573 contendemus.
2943 1513 2988 1566 si
3041 1527 3073 1565 a
3111 1525 3276 1566 sensu
3332 1506 3453 1562 utili
3499 1522 3609 1560 non

2032 1609 2272 1665 recedat.
2309 1608 2535 1680 Magnus
2566 1609 2712 1662 enim
2746 1606 3044 1676 Apostolus
3068 1603 3238 1674 iegeir
3265 1603 3454 1656 dicens
3486 1614 3611 1655 esse

2035 1704 2375 1772 spiritualem
2401 1706 2446 1734 “
2480 1737 2498 1762 ,
2547 1701 2686 1771 legis
2721 1699 2943 1754 nomine
2977 1695 3394 1767 comprehendit
3444 1695 3609 1748 etiam

2034 1795 2325 1848 historicas
2383 1793 2761 1856 narrationes,
2806 1790 2940 1843 adeo
2997 1796 3054 1842 ut
3108 1788 3364 1841 universa
3414 1801 3443 1838 a
3504 1783 3614 1838 Deo

2032 1887 2297 1957 inspirata
2327 1883 2611 1956 Scriptura
2643 1885 2712 1939 sit
2738 1885 2820 1938 lex
2849 1883 2917 1937 iis
2945 1883 3037 1952 qui
3063 1882 3240 1950 ipsam
3267 1880 3474 1949 ieguut,
3500 1892 3616 1930 non

2033 1980 2208 2033 soium
2242 1991 2336 2046 per
2370 1984 2662 2046 praecepta,
2691 1974 2785 2030 sed
2821 1974 2984 2027 etiam
3022 1987 3118 2040 per
3150 1969 3444 2023 historicas
3479 1977 3614 2018 nar--

2033 2069 2277 2123 rationes
2305 2067 2585 2134 erudiens,
2617 2073 2672 2121 et
2703 2066 2768 2118 ad
2800 2064 3171 2134 cognitionem
3201 2064 3615 2131 mysteriorum,

2033 2169 2088 2215 et
2141 2161 2207 2214 ad
2261 2161 2536 2214 sinceram
2590 2159 2718 2216 vita:
2766 2156 3198 2218 institutionem,
3254 2168 3348 2206 eos
3401 2149 3494 2220 qui
3549 2149 3615 2201 ad

2034 2250 2316 2305 scientiam
2383 2247 2814 2312 accommodate:
2846 2249 3116 2312 audiunt;
3169 2245 3342 2298 utitur
3393 2240 3613 2313 quidem

2033 2341 2395 2412 expositione,
2427 2351 2486 2394 ut
2517 2340 2620 2396 sibi
2649 2340 2848 2410 placet,
2875 2339 3153 2409 aspiciens
3180 2336 3246 2390 ad
3278 2335 3331 2390 id
3363 2333 3507 2404 quod
3533 2339 3620 2386 est

2034 2432 2190 2495 utile,
2223 2446 2331 2486 non
2368 2439 2527 2484 curat
2569 2438 2751 2484 autem
2787 2445 2901 2499 quo
2944 2426 3167 2480 nomine
3206 2427 3277 2480 sit
3309 2433 3619 2499 vocandum

2035 2541 2207 2596 genus
2279 2523 2670 2593 expositionis;
2729 2521 2825 2578 sed
2883 2535 3030 2574 nunc
3077 2519 3297 2588 quidem
3355 2516 3490 2570 dicit
3559 2529 3620 2568 se

2036 2624 2250 2671 mutare
2284 2630 2496 2676 vocem,
2547 2615 2905 2670 traducturus
2942 2614 3230 2667 historiam
3267 2609 3333 2664 ad
3372 2607 3622 2663 indicati-

2035 2709 2167 2764 dum
2202 2709 2686 2764 Testamentorum
2735 2707 3185 2778 dispositionem.
3219 2703 3428 2758 Deinde
3462 2715 3620 2755 men-

2037 2803 2242 2857 tionem
2287 2799 2494 2857 faciens
2537 2801 2769 2855 duorum
2821 2801 3054 2854 ﬁliorum
3103 2796 3374 2857 Abrahae,
3425 2793 3521 2864 qui
3572 2791 3620 2846 ei

2038 2896 2152 2949 nati
2196 2905 2326 2950 sunt
2355 2910 2419 2949 ex
2469 2894 2672 2948 ancilla
2714 2901 2770 2948 et
2805 2893 3000 2953 libera,
3039 2890 3278 2962 appellat
3305 2886 3623 2958 allegoriam

2039 2987 2107 3042 de
2135 2987 2202 3041 iis
2229 2987 2746 3055 contemplationem
2777 2984 2843 3038 °'.
2870 2983 3086 3038 Rursus
3117 2990 3299 3036 autem
3326 2994 3451 3035 cum
3475 2992 3627 3046 qua:-

2041 3079 2166 3133 dam
2219 3087 2502 3135 narrasset
2552 3095 2618 3134 ex
2665 3078 2923 3143 historia,
2977 3076 3113 3132 dicit
3145 3095 3158 3129 :
3191 3075 3323 3130 Hart:
3355 3074 3408 3126 in
3449 3072 3625 3139 ﬁgura

355 3168 434 3237 τῷ
478 3165 597 3238 Θεῷ
643 3167 768 3238 περὶ
820 3166 926 3219 τῶν
981 3165 1138 3236 βοῶν,
1172 3165 1286 3219 ἀλλ’
1317 3167 1400 3219 δτι
1442 3165 1510 3219 δι’
1539 3168 1684 3237 ἡμᾶς
1720 3168 1938 3232 πάντως

2044 3173 2156 3226 illis
2203 3173 2554 3227 eveniebant:
2609 3173 2808 3240 scripta
2866 3179 2988 3223 sunt
3040 3178 3215 3222 autem
3264 3169 3330 3219 ad
3385 3172 3627 3219 nostram

356 3261 590 3330 ἐγράφη.
621 3261 778 3312 Ἔστι
829 3258 888 3312 δὲ
938 3259 1070 3311 ὅπου
1107 3257 1208 3329 τὴν
1249 3258 1624 3331 ἀμυδροτέραν
1669 3259 1936 3330 κατανόη-

359 3368 442 3404 σιν
483 3352 576 3404 καὶ
615 3350 714 3422 τὴν
768 3352 833 3403 ἐκ
869 3349 1068 3422 μέρους
1099 3349 1334 3417 γνῶσιν,
1369 3350 1634 3422 ἔσοπτρον
1678 3351 1932 3421 ὀνομάζει

357 3444 453 3496 καὶ
482 3444 627 3512 αῖνιγ
635 3460 730 3513 μα.

2041 3266 2455 3320 admonitionem
2503 3266 2567 3319 ⁸⁸.
2605 3264 2672 3318 Et
2728 3279 2948 3318 rursum
3019 3278 3142 3315 cum
3196 3259 3449 3322 dixisset,
3508 3253 3627 3306 Non

2039 3371 2154 3408 esse
2186 3355 2526 3425 alligandum
2580 3371 2637 3409 os
2671 3353 2784 3408 bovi
2817 3351 3182 3414 trituranti“,
3220 3347 3424 3418 adjecit
3471 3343 3627 3405 illud,

2038 3445 2150 3502 Deo
2185 3465 2289 3502 non
2328 3465 2442 3502 esse
2469 3464 2656 3502 curam
2684 3447 2748 3502 de
2778 3446 2964 3508 bobus,
3015 3444 3109 3500 sed
3142 3442 3368 3498 oumiuo
3396 3453 3459 3493 ea
3503 3449 3632 3492 esse

360 3535 563 3603 scripta
612 3542 835 3605 propter
873 3549 996 3589 nos.
1046 3535 1262 3590 Alicubi
1310 3543 1494 3590 autem
1551 3535 1933 3591 obscuriorem
1974 3537 2414 3613 intelligentiam,
2499 3552 2554 3598 et
2603 3557 2724 3613 quae
2771 3549 2857 3596 est
2886 3555 2953 3594 ex
3001 3545 3158 3609 parte
3233 3532 3626 3606 cOgnitionem,

359 3631 646 3697 speculum
680 3631 925 3684 nominat
954 3639 1009 3685 et
1038 3631 1271 3702 aenigma
1297 3633 1362 3685 ⁸⁸.

430 3727 540 3778 Kal.
589 3725 749 3780 πάλιν
785 3727 884 3796 τὴν
916 3725 1025 3778 ἀπὸ
1055 3727 1163 3779 τῶν
1198 3727 1466 3795 σωμάτων
1509 3728 1645 3797 πρὸς
1675 3727 1746 3781 τὰ
1773 3729 1941 3799 νοητά

366 3818 716 3886 μετάστασιν,
753 3817 890 3889 πρὸς
922 3819 1124 3890 Κύριον
1152 3819 1487 3890 ἐπιστροφὴν
1519 3820 1687 3888 λέγει,
1719 3821 1812 3873 καὶ
1841 3839 1940 3875 κα-

361 3908 644 3981 λύμματος
697 3909 1057 3981 περιαίρεσιν.
1119 3911 1207 3962 Ἐν
1263 3912 1398 3963 πᾶσι
1454 3911 1511 3963 δὲ
1565 3911 1776 3976 τούτοις
1827 3915 1940 3976 τοῖς

362 4000 638 4072 διαφόροις
669 4003 888 4073 τρόποις
921 4019 982 4055 τε
1006 4003 1100 4055 καὶ
1127 4002 1350 4072 ὀνόμασι
1381 4003 1481 4074 τῆς
1512 4005 1653 4058 κατά
1683 4005 1774 4058 τὸν
1814 4004 1939 4060 νοῦν

365 4094 616 4163 θεωρίας,
665 4093 722 4146 ἓν
772 4095 1060 4164 ὑφηγεῖται
1097 4092 1443 4159 διδασκαλίας
1491 4091 1630 4159 εἶδος
1675 4097 1826 4166 ἡμῖν,
1879 4095 1939 4149 τὸ

371 4187 444 4256 μὴ
473 4185 582 4241 δεῖν
617 4188 831 4250 πάντως
866 4187 1198 4258 παραμένειν
1226 4187 1304 4256 τῷ
1351 4188 1656 4267 πράγματι,
1703 4189 1778 4252 ὡς
1818 4188 1942 4259 βλα-

368 4277 607 4349 πτούσης
657 4280 803 4348 ἡμᾶς
833 4280 891 4331 ἐν
927 4279 1139 4344 πολλοῖς
1175 4281 1268 4332 ἐπὶ
1309 4280 1398 4332 τὸν
1429 4281 1548 4332 κατ’
1580 4281 1780 4351 ἀρετὴν
1830 4280 1944 4350 βίον

364 4371 464 4440 τῆς
506 4370 793 4440 προχείρου
840 4369 948 4422 τῶν
978 4366 1287 4440 λεγομένων
1321 4371 1645 4441 ἐμφάσεως⁶
1679 4369 1816 4426 ἀλλὰ
1852 4388 1946 4441 με·

364 4462 638 4516 ταϐαίνειν
684 4461 819 4532 πρὸς
861 4462 960 4531 τὴν
996 4461 1156 4515 άῡλόν
1207 4481 1266 4514 τε
1318 4463 1412 4515 καὶ
1458 4463 1653 4534 νοητὴν
1688 4463 1942 4534 θεωρίαν,

2114 3729 2182 3783 Ει
2207 3742 2403 3782 rursus
2429 3723 2730 3779 transitum
2762 3736 2790 3774 a
2823 3719 2992 3775 rebus
3021 3714 3408 3787 corporalibus
3438 3710 3508 3766 ad
3536 3727 3633 3767 eas

2043 3838 2165 3894 qua:
2193 3821 2398 3877 cadunt
2443 3819 2547 3874 sub
2591 3814 3030 3885 intelligentiam.
3061 3809 3298 3880 appellat
3329 3805 3634 3860 transitum

2043 3916 2112 3970 ad
2141 3916 2452 3980 Dominum,
2477 3919 2530 3967 et
2556 3909 2659 3964 veli
2691 3908 3040 3962 ablationem.
3072 3901 3129 3957 ln
3155 3902 3412 3956 omnibus
3448 3904 3632 3952 autem

2043 4012 2131 4066 his
2185 4007 2419 4062 diversis
2479 4003 2618 4060 locis
2668 4011 2724 4056 et
2773 3999 3091 4055 nominibus
3123 3995 3245 4064 ejus
3276 4009 3396 4065 qua:
3441 3998 3526 4046 est
3574 3991 3635 4044 in

2044 4110 2228 4158 mente
2259 4095 2765 4168 contemplationis,
2809 4108 2911 4148 nos
2960 4106 3132 4145 unum
3169 4089 3332 4143 docet
3370 4085 3635 4138 doctrina:

2046 4208 2241 4265 genus,
2293 4206 2402 4244 non
2450 4196 2709 4258 oportere
2767 4181 2997 4237 omnino
3048 4193 3274 4232 manere
3324 4177 3380 4230 in
3423 4174 3632 4236 littera,

2050 4264 2242 4356 utpote
2292 4281 2437 4352 quod
2469 4293 2590 4349 qua;
2631 4288 2715 4332 est
2765 4277 2819 4330 in
2851 4282 3110 4344 promptu
3162 4284 3352 4324 eorum
3398 4281 3518 4336 qua:
3550 4264 3634 4320 di-

2049 4386 2250 4436 cuntur
2281 4371 2633 4446 signiﬁcatio;
2668 4370 2722 4424 in
2767 4366 2958 4422 multis
2993 4380 3094 4420 nos
3124 4362 3284 4418 laedat
3320 4361 3374 4414 in
3410 4359 3478 4414 iis
3513 4372 3636 4428 quae

2051 4472 2326 4544 pertinent
2354 4467 2420 4521 ad
2444 4467 2608 4519 vitam
2630 4474 2776 4518 recte
2806 4469 2860 4515 et
2883 4475 2949 4514 ex
2977 4459 3184 4512 virtute
3206 4451 3636 4523 degendam-,sed

366 4554 506 4607 ὥστε
571 4552 671 4616 τὰς
735 4553 1196 4625 σωματικωτέρας
1275 4555 1482 4618 ἐννοίας
1542 4555 1938 4626 μεταϐληθῆναι

2046 4541 2282 4616 transire
2320 4559 2385 4612 ad
2418 4557 2660 4612 materiae
2700 4560 3006 4624 expertem,
3041 4557 3096 4603 et
3125 4561 3248 4616 qua:
3291 4545 3395 4599 sub
3431 4541 3638 4626 inti-lli-
3721 4577 3725 4623 si

315 4679 328 4696 .
367 4646 503 4718 πρὸς
539 4646 663 4698 νοῦν
698 4645 792 4698 καὶ
834 4645 1091 4709 διάνοιαν,
1126 4645 1326 4709 κόνεως
1358 4646 1514 4716 δίκην
1545 4647 1644 4718 τῆς
1673 4649 1947 4718 σαρκωδε-

368 4737 565 4808 στέρας
639 4739 931 4808 ἐμφάσεως
998 4739 1106 4792 τῶν
1166 4739 1471 4810 λεγομένων
1519 4739 1950 4812 ἐκτιναχθείσης,

367 4831 479 4882 Καὶ
519 4829 606 4884 διά
648 4831 809 4884 τοῦτό
850 4848 1049 4901 φησιν,
1087 4833 1169 4885 ὅτι
1204 4832 1274 4887 Τὸ
1311 4831 1544 4902 γράμμα
1583 4834 1944 4898 ἀποκτείνει,

369 4921 433 4973 τὸ
455 4920 522 4974 δὲ
546 4923 780 4990 πνεῦμα
795 4920 1092 4984 ζωοποιεῖ·
1131 4923 1207 4986 ὡς
1256 4924 1500 4995 πολλαχῆ
1538 4924 1657 4995 [τῆς
1702 4925 1943 4995 Γραφῆς,

369 5012 636 5084 τουτέστι]
668 5014 780 5082 τῆς
828 5013 1086 5084 ἱστορίας,
1124 5013 1282 5084 εἴπερ
1324 5015 1416 5068 ἐπὶ
1462 5014 1633 5083 ψιλῶν
1683 5017 1948 5086 σταίημεν

369 5103 481 5154 τῶν
519 5107 874 5173 πραγμάτων,
905 5106 1005 5158 οὐκ
1033 5106 1240 5174 ἀγαθοῦ
1270 5105 1382 5176 βίου
1413 5108 1792 5177 παρεχομένης
1818 5111 1948 5178 ἡμῖν

373 5193 445 5244 τὰ
493 5194 881 5266 ὑποδείγματα.
934 5199 998 5250 Τί
1044 5199 1153 5270 γὰρ
1187 5198 1387 5268 ὠφελεῖ
1434 5199 1569 5272 πρὸς
1613 5200 1811 5270 ἀρετὴν
1859 5199 1950 5253 τὸν

373 5285 636 5339 ἀκούοντα
679 5289 836 5357 Ὠσηὲ
862 5292 889 5343 ὀ
921 5295 1203 5362 προφήτης
1229 5293 1292 5344 ἐκ
1321 5292 1577 5362 πορνείας
1610 5292 1952 5346 παιδοποιού-

378 5393 560 5446 μενος,
598 5379 691 5431 καὶ
751 5378 973 5445 Ἡσαΐας
1024 5382 1206 5435 εἰσιὼν
1253 5383 1388 5453 πρὸς
1421 5382 1519 5453 τὴν
1573 5383 1862 5454 προφῆτιν,
1900 5385 1949 5436 εἰ

380 5469 541 5542 μέχρι
573 5471 673 5540 τῆς
705 5471 900 5536 λέξεως
950 5474 1164 5544 στήσειέ
1209 5492 1292 5537 τις
1329 5475 1389 5527 τὸ
1435 5474 1764 5544 λεγόμενον;
1799 5476 1869 5528 Ἢ
1898 5477 1951 5528 τί

384 5561 516 5633 πρὸς
558 5560 648 5616 τὸν
691 5563 943 5634 ἐνάρετον
987 5566 1228 5620 συντελεῖ
1256 5566 1368 5620 ϐίον
1407 5566 1474 5620 τὰ
1516 5568 1641 5636 περὶ
1669 5566 1762 5620 τοῦ
1791 5566 1953 5620 Δαὸὶδ

2047 4655 2288 4723 gentiam
2315 4650 2464 4706 cadit
2493 4623 3034 4714 contemplationem,
3064 4646 3126 4692 ut
3154 4652 3351 4692 sensus
3379 4635 3471 4705 qui
3505 4623 3637 4687 sun't

2051 4744 2215 4814 paulo
2242 4743 2414 4810 magis
2442 4738 2785 4810 corporales,
2818 4735 3179 4787 traducantur
3214 4727 3281 4782 ad
3311 4733 3550 4782 mentem
3583 4733 3638 4778 et

2048 4832 2488 4903 intelligentiam,
2521 4841 2754 4883 excussa
2795 4822 3036 4893 pulveris
3076 4821 3134 4873 in
3177 4817 3399 4872 modum
3445 4830 3636 4869 eorum

2051 4940 2172 4997 qua:
2207 4924 2467 4978 dicuntur
2496 4925 2685 4990 aperta
2718 4913 3142 4986 signiﬁcatione.
3194 4909 3261 4963 Et
3292 4908 3417 4963 ideo
3457 4905 3591 4959 dicit
3624 4922 3636 4957 :

2050 5017 2256 5071 Littera
2301 5012 2514 5076 occidit,
2565 5010 2788 5080 spiritus
2826 5015 3003 5060 autem
3041 5003 3272 5072 vivificat
3310 5001 3353 5032 "
3386 5018 3400 5054 :
3454 5003 3643 5064 utpote

2050 5108 2200 5182 quod
2246 5122 2389 5176 saepe
2429 5102 2662 5159 historia
2702 5101 2748 5156 si
2801 5098 3122 5155 steterimus
3153 5096 3209 5149 in
3257 5089 3419 5146 nudis
3448 5087 3633 5146 rebus.

2051 5177 2213 5256 nobis
2240 5196 2464 5250 minime
2494 5194 2736 5264 prmbeat
2766 5190 3074 5259 exemplum
3115 5189 3273 5242 bonae
3299 5184 3443 5238 vitm.
3483 5177 3636 5245 Quid

2051 5293 2198 5348 enim
2231 5289 2299 5343 ad
2322 5289 2578 5342 virtutem
2602 5283 2844 5339 auditori
2872 5281 3163 5353 profuerit,
3191 5276 3337 5348 quod
3366 5272 3638 5344 propheta

2057 5386 2198 5440 ﬁlios
2230 5389 2480 5454 procreet
2518 5395 2585 5434 ex
2622 5377 2990 5433 fornicatione
3013 5375 3095 5438 ⁶⁸;
3127 5380 3180 5428 et
3206 5369 3400 5425 Esaias
3447 5367 3636 5434 ingre-

2062 5477 2246 5530 diatur
2289 5473 2356 5527 ad
2404 5471 2808 5543 prophetissam
2858 5469 2926 5531 ⁸³,
2983 5466 3030 5521 si
3080 5480 3192 5519 non
3243 5461 3385 5515 ultra
3436 5457 3638 5512 litterae

2060 5567 2356 5622 dictionem
2389 5561 2652 5634 procedat
2687 5559 2743 5614 id
2781 5561 2926 5630 quod
2963 5553 3205 5612 dicitur?
3249 5551 3356 5606 Aut
3391 5547 3520 5620 quid
3568 5545 3636 5601 ad

450 5776 502 5849 ’ἶ
538 5777 815 5849 Ριυωψη.
858 5776 944 5849 μ.
1020 5778 1064 5809 ⁶³
1102 5776 1220 5832 Gal.
1251 5796 1322 5848 tv,
1351 5778 1440 5834 2i.
1519 5780 1564 5812 ⁸⁸
1603 5779 1776 5840 lCor.
1808 5798 1860 5849 Χ,
1901 5781 1921 5834 1

2065 5783 2107 5816 θ’
2147 5781 2165 5835 l
2202 5781 2424 5844 Tizu..v.
2461 5780 2546 5836 18.
2625 5777 2671 5810 ⁸⁸
2714 5773 2885 5830 lCor.
2925 5769 3076 5842 tx,;9.
3153 5767 3195 5800 ⁸⁷
3236 5761 3283 5821 ιι
3303 5759 3432 5818 Cor.
3461 5775 3546 5830 ut,
3573 5760 3628 5820 ε.

382 5845 428 5880 ⁸⁸
468 5844 608 5904 Osee
635 5864 674 5912 ι,
701 5847 756 5903 2.
803 5849 846 5880 ⁸³
871 5845 967 5903 ιειιι
998 5865 1112 5908 vm.
1144 5850 1195 5903 5.
