  <div class='ocr_page' id='page_1' title='image "/cluster/home/n/w/nwhite01/storage/ocr_20150623/44/hvd.32044012542270/389.png"; bbox 0 0 4116 6492; ppageno 0'>
   <div class='ocr_carea' id='block_1_1' title="bbox 462 344 3696 405">
    <p class='ocr_par' dir='ltr' id='par_1_1' title="bbox 462 344 3696 405">
     <span class='ocr_line' id='line_1_1' title="bbox 462 344 3696 405; baseline 0.002 -7"><span class='ocrx_word' id='word_1_1' title='bbox 462 344 568 401; x_wconf 77' lang='lat'><strong>759</strong></span> <span class='ocrx_word' id='word_1_2' title='bbox 1690 345 1745 399; x_wconf 81' lang='lat' dir='ltr'><strong>S.</strong></span> <span class='ocrx_word' id='word_1_3' title='bbox 1787 344 2112 404; x_wconf 77' lang='lat' dir='ltr'><strong>GREGORII</strong></span> <span class='ocrx_word' id='word_1_4' title='bbox 2150 347 2445 405; x_wconf 78' lang='lat' dir='ltr'><strong>NYSSENI</strong></span> <span class='ocrx_word' id='word_1_5' title='bbox 3591 351 3696 404; x_wconf 83' lang='lat'><strong>760</strong></span> 
     </span>
    </p>
   </div>
   <div class='ocr_carea' id='block_1_2' title="bbox 462 463 2041 543">
    <p class='ocr_par' dir='ltr' id='par_1_2' title="bbox 462 463 2030 537">
     <span class='ocr_line' id='line_1_2' title="bbox 462 463 2030 537; baseline 0.004 -18"><span class='ocrx_word' id='word_1_6' title='bbox 462 464 628 520; x_wconf 87' lang='lat' dir='ltr'><strong>vitam</strong></span> <span class='ocrx_word' id='word_1_7' title='bbox 649 479 714 519; x_wconf 82' lang='lat' dir='ltr'><strong>ex</strong></span> <span class='ocrx_word' id='word_1_8' title='bbox 733 463 932 519; x_wconf 87' lang='lat' dir='ltr'><strong>virtute</strong></span> <span class='ocrx_word' id='word_1_9' title='bbox 967 463 1265 534; x_wconf 81' lang='lat' dir='ltr'><strong>degendam</strong></span> <span class='ocrx_word' id='word_1_10' title='bbox 1287 465 1574 521; x_wconf 85' lang='lat' dir='ltr'><strong>conferunt</strong></span> <span class='ocrx_word' id='word_1_11' title='bbox 1602 482 1724 537; x_wconf 68' lang='lat' dir='ltr'><strong>quin</strong></span> <span class='ocrx_word' id='word_1_12' title='bbox 1745 468 1811 524; x_wconf 87' lang='lat' dir='ltr'><strong>de</strong></span> <span class='ocrx_word' id='word_1_13' title='bbox 1829 469 2030 526; x_wconf 88' lang='lat' dir='ltr'><strong>Davide</strong></span> 
     </span>
    </p>
   </div>
   <div class='ocr_carea' id='block_1_3' title="bbox 2139 463 3699 543">
    <p class='ocr_par' dir='ltr' id='par_1_3' title="bbox 2139 470 3699 543">
     <span class='ocr_line' id='line_1_3' title="bbox 2139 470 3699 543; baseline -0.001 -18"><span class='ocrx_word' id='word_1_14' title='bbox 2139 471 2469 543; x_wconf 70' lang='grc' dir='ltr'>διηγήματα,</span> <span class='ocrx_word' id='word_1_15' title='bbox 2525 473 2766 542; x_wconf 79' lang='grc' dir='ltr'><strong>μοιχείας</strong></span> <span class='ocrx_word' id='word_1_16' title='bbox 2810 472 2902 526; x_wconf 75' lang='grc' dir='ltr'>καὶ</span> <span class='ocrx_word' id='word_1_17' title='bbox 2951 473 3110 542; x_wconf 87' lang='grc' dir='ltr'>φόνου</span> <span class='ocrx_word' id='word_1_18' title='bbox 3172 471 3312 526; x_wconf 85' lang='grc' dir='ltr'>κατὰ</span> <span class='ocrx_word' id='word_1_19' title='bbox 3357 470 3520 524; x_wconf 84' lang='grc' dir='ltr'>ταύτδ</span> <span class='ocrx_word' id='word_1_20' title='bbox 3565 472 3699 542; x_wconf 70' lang='grc' dir='ltr'>περὶ</span> 
     </span>
    </p>
   </div>
   <div class='ocr_carea' id='block_1_4' title="bbox 466 553 2041 634">
    <p class='ocr_par' dir='ltr' id='par_1_4' title="bbox 466 553 2026 628">
     <span class='ocr_line' id='line_1_4' title="bbox 466 553 2026 628; baseline 0.004 -20"><span class='ocrx_word' id='word_1_21' title='bbox 466 554 602 608; x_wconf 86' lang='lat' dir='ltr'><strong>fiunt</strong></span> <span class='ocrx_word' id='word_1_22' title='bbox 626 553 989 616; x_wconf 75' lang='lat' dir='ltr'><strong>narrationes,</strong></span> <span class='ocrx_word' id='word_1_23' title='bbox 1023 569 1146 608; x_wconf 91' lang='lat' dir='ltr'><strong>cum</strong></span> <span class='ocrx_word' id='word_1_24' title='bbox 1172 555 1499 610; x_wconf 75' lang='lat' dir='ltr'><strong>adulterium</strong></span> <span class='ocrx_word' id='word_1_25' title='bbox 1538 566 1592 611; x_wconf 91' lang='lat' dir='ltr'><strong>et</strong></span> <span class='ocrx_word' id='word_1_26' title='bbox 1617 559 1792 614; x_wconf 64' lang='lat' dir='ltr'><strong>cades</strong></span> <span class='ocrx_word' id='word_1_27' title='bbox 1824 559 1944 628; x_wconf 88' lang='lat' dir='ltr'><strong>ejus</strong></span> <span class='ocrx_word' id='word_1_28' title='bbox 1971 563 2026 614; x_wconf 90' lang='lat' dir='ltr'><strong>in</strong></span> 
     </span>
    </p>
   </div>
   <div class='ocr_carea' id='block_1_5' title="bbox 2139 553 3696 634">
    <p class='ocr_par' dir='ltr' id='par_1_5' title="bbox 2139 560 3696 634">
     <span class='ocr_line' id='line_1_5' title="bbox 2139 560 3696 634; baseline -0.002 -18"><span class='ocrx_word' id='word_1_29' title='bbox 2139 565 2186 616; x_wconf 70' lang='grc' dir='ltr'>τὸ</span> <span class='ocrx_word' id='word_1_30' title='bbox 2220 564 2276 617; x_wconf 81' lang='grc' dir='ltr'><strong>ἓν</strong></span> <span class='ocrx_word' id='word_1_31' title='bbox 2306 563 2816 634; x_wconf 82' lang='grc' dir='ltr'><strong>συνδεδραμηκότων</strong></span> <span class='ocrx_word' id='word_1_32' title='bbox 2840 563 3004 632; x_wconf 56' lang='lat' dir='ltr'><strong>hoc;</strong></span> <span class='ocrx_word' id='word_1_33' title='bbox 3047 563 3107 616; x_wconf 86' lang='grc' dir='ltr'>Εί</span> <span class='ocrx_word' id='word_1_34' title='bbox 3131 563 3187 616; x_wconf 89' lang='grc' dir='ltr'><strong>δέ</strong></span> <span class='ocrx_word' id='word_1_35' title='bbox 3222 579 3306 626; x_wconf 89' lang='grc' dir='ltr'><strong>τις</strong></span> <span class='ocrx_word' id='word_1_36' title='bbox 3335 560 3582 633; x_wconf 77' lang='grc' dir='ltr'>εὑρεθείη</span> <span class='ocrx_word' id='word_1_37' title='bbox 3607 561 3696 614; x_wconf 84' lang='grc' dir='ltr'><strong>λό-</strong></span> 
     </span>
    </p>
   </div>
   <div class='ocr_carea' id='block_1_6' title="bbox 467 646 2026 706">
    <p class='ocr_par' dir='ltr' id='par_1_6' title="bbox 467 646 2026 706">
     <span class='ocr_line' id='line_1_6' title="bbox 467 646 2026 706; baseline 0.004 -9"><span class='ocrx_word' id='word_1_38' title='bbox 467 659 636 698; x_wconf 91' lang='lat' dir='ltr'><strong>uuum</strong></span> <span class='ocrx_word' id='word_1_39' title='bbox 685 646 1065 700; x_wconf 78' lang='lat' dir='ltr'><strong>concurrerint</strong></span> <span class='ocrx_word' id='word_1_40' title='bbox 1114 646 1380 701; x_wconf 86' lang='lat' dir='ltr'><strong>nefarium</strong></span> <span class='ocrx_word' id='word_1_41' title='bbox 1431 649 1682 704; x_wconf 83' lang='lat' dir='ltr'><strong>facinus?</strong></span> <span class='ocrx_word' id='word_1_42' title='bbox 1728 650 1786 704; x_wconf 83' lang='lat' dir='ltr'><strong>Si</strong></span> <span class='ocrx_word' id='word_1_43' title='bbox 1847 662 2026 706; x_wconf 89' lang='lat' dir='ltr'><strong>autem</strong></span> 
     </span>
    </p>
   </div>
   <div class='ocr_carea' id='block_1_7' title="bbox 469 732 2030 810">
    <p class='ocr_par' dir='ltr' id='par_1_7' title="bbox 469 732 2030 810">
     <span class='ocr_line' id='line_1_7' title="bbox 469 732 2030 810; baseline 0.003 -20"><span class='ocrx_word' id='word_1_44' title='bbox 469 735 650 804; x_wconf 86' lang='lat' dir='ltr'><strong>aliqua</strong></span> <span class='ocrx_word' id='word_1_45' title='bbox 675 732 987 790; x_wconf 82' lang='lat' dir='ltr'><strong>inveniatur</strong></span> <span class='ocrx_word' id='word_1_46' title='bbox 1018 737 1176 801; x_wconf 82' lang='lat' dir='ltr'><strong>ratio,</strong></span> <span class='ocrx_word' id='word_1_47' title='bbox 1213 753 1334 808; x_wconf 74' lang='lat' dir='ltr'><strong>qua:</strong></span> <span class='ocrx_word' id='word_1_48' title='bbox 1374 739 1629 794; x_wconf 82' lang='lat' dir='ltr'><strong>ostendat</strong></span> <span class='ocrx_word' id='word_1_49' title='bbox 1661 740 1714 794; x_wconf 89' lang='lat' dir='ltr'><strong>id</strong></span> <span class='ocrx_word' id='word_1_50' title='bbox 1744 740 1889 810; x_wconf 92' lang='lat' dir='ltr'><strong>quod</strong></span> <span class='ocrx_word' id='word_1_51' title='bbox 1932 757 2030 810; x_wconf 87' lang='lat' dir='ltr'><strong>per</strong></span> 
     </span>
    </p>
   </div>
   <div class='ocr_carea' id='block_1_8' title="bbox 468 827 2028 900">
    <p class='ocr_par' dir='ltr' id='par_1_8' title="bbox 468 827 2028 900">
     <span class='ocr_line' id='line_1_8' title="bbox 468 827 2028 900; baseline 0.003 -20"><span class='ocrx_word' id='word_1_52' title='bbox 468 841 532 880; x_wconf 87' lang='lat' dir='ltr'><strong>ea</strong></span> <span class='ocrx_word' id='word_1_53' title='bbox 558 827 905 896; x_wconf 82' lang='lat' dir='ltr'><strong>dispensatur.</strong></span> <span class='ocrx_word' id='word_1_54' title='bbox 951 827 1005 882; x_wconf 92' lang='lat' dir='ltr'><strong>in</strong></span> <span class='ocrx_word' id='word_1_55' title='bbox 1050 830 1255 883; x_wconf 91' lang='lat' dir='ltr'><strong>nullam</strong></span> <span class='ocrx_word' id='word_1_56' title='bbox 1289 831 1484 885; x_wconf 84' lang='lat' dir='ltr'><strong>cadere</strong></span> <span class='ocrx_word' id='word_1_57' title='bbox 1527 831 2028 900; x_wconf 86' lang='lat' dir='ltr'><strong>reprehensionem,</strong></span> 
     </span>
    </p>
   </div>
   <div class='ocr_carea' id='block_1_9' title="bbox 469 921 2031 994">
    <p class='ocr_par' dir='ltr' id='par_1_9' title="bbox 469 921 2031 994">
     <span class='ocr_line' id='line_1_9' title="bbox 469 921 2031 994; baseline 0.004 -23"><span class='ocrx_word' id='word_1_58' title='bbox 469 929 597 972; x_wconf 92' lang='lat' dir='ltr'><strong>tunc</strong></span> <span class='ocrx_word' id='word_1_59' title='bbox 621 933 808 972; x_wconf 89' lang='lat' dir='ltr'><strong>verum</strong></span> <span class='ocrx_word' id='word_1_60' title='bbox 839 935 960 974; x_wconf 88' lang='lat' dir='ltr'><strong>esse</strong></span> <span class='ocrx_word' id='word_1_61' title='bbox 1002 921 1324 976; x_wconf 86' lang='lat' dir='ltr'><strong>ostendetur</strong></span> <span class='ocrx_word' id='word_1_62' title='bbox 1357 921 1411 976; x_wconf 91' lang='lat' dir='ltr'><strong>id</strong></span> <span class='ocrx_word' id='word_1_63' title='bbox 1447 922 1592 992; x_wconf 90' lang='lat' dir='ltr'><strong>quod</strong></span> <span class='ocrx_word' id='word_1_64' title='bbox 1625 923 1757 978; x_wconf 86' lang='lat' dir='ltr'><strong>dicit</strong></span> <span class='ocrx_word' id='word_1_65' title='bbox 1797 924 2031 994; x_wconf 80' lang='lat' dir='ltr'><strong>Aposto-</strong></span> 
     </span>
    </p>
   </div>
   <div class='ocr_carea' id='block_1_10' title="bbox 467 1011 2030 1085">
    <p class='ocr_par' dir='ltr' id='par_1_10' title="bbox 467 1011 2030 1085">
     <span class='ocr_line' id='line_1_10' title="bbox 467 1011 2030 1085; baseline 0.003 -21"><span class='ocrx_word' id='word_1_66' title='bbox 467 1011 576 1073; x_wconf 88' lang='lat' dir='ltr'><strong>lus,</strong></span> <span class='ocrx_word' id='word_1_67' title='bbox 628 1026 824 1080; x_wconf 89' lang='lat' dir='ltr'><strong>nempe</strong></span> <span class='ocrx_word' id='word_1_68' title='bbox 869 1011 1016 1082; x_wconf 86' lang='lat' dir='ltr'><strong>quod</strong></span> <span class='ocrx_word' id='word_1_69' title='bbox 1068 1011 1274 1067; x_wconf 79' lang='lat' dir='ltr'><strong>Littera</strong></span> <span class='ocrx_word' id='word_1_70' title='bbox 1315 1014 1502 1067; x_wconf 84' lang='lat' dir='ltr'><strong>occidit</strong></span> <span class='ocrx_word' id='word_1_71' title='bbox 1537 1015 1836 1085; x_wconf 90' lang='lat' dir='ltr'><strong>(malarum</strong></span> <span class='ocrx_word' id='word_1_72' title='bbox 1883 1014 2030 1069; x_wconf 89' lang='lat' dir='ltr'><strong>enim</strong></span> 
     </span>
    </p>
   </div>
   <div class='ocr_carea' id='block_1_11' title="bbox 469 1105 2029 1178">
    <p class='ocr_par' dir='ltr' id='par_1_11' title="bbox 469 1105 2029 1178">
     <span class='ocr_line' id='line_1_11' title="bbox 469 1105 2029 1178; baseline 0.003 -21"><span class='ocrx_word' id='word_1_73' title='bbox 469 1119 652 1160; x_wconf 88' lang='lat' dir='ltr'><strong>rerum</strong></span> <span class='ocrx_word' id='word_1_74' title='bbox 691 1105 745 1159; x_wconf 89' lang='lat' dir='ltr'><strong>in</strong></span> <span class='ocrx_word' id='word_1_75' title='bbox 774 1121 833 1161; x_wconf 88' lang='lat' dir='ltr'><strong>se</strong></span> <span class='ocrx_word' id='word_1_76' title='bbox 870 1106 1032 1162; x_wconf 85' lang='lat' dir='ltr'><strong>habet</strong></span> <span class='ocrx_word' id='word_1_77' title='bbox 1063 1107 1371 1178; x_wconf 81' lang='lat' dir='ltr'><strong>exempla),</strong></span> <span class='ocrx_word' id='word_1_78' title='bbox 1399 1108 1616 1176; x_wconf 74' lang='lat' dir='ltr'><strong>spiritus</strong></span> <span class='ocrx_word' id='word_1_79' title='bbox 1646 1118 1824 1161; x_wconf 86' lang='lat' dir='ltr'><strong>autem</strong></span> <span class='ocrx_word' id='word_1_80' title='bbox 1855 1106 2029 1175; x_wconf 78' lang='lat' dir='ltr'><strong>viviﬁ-</strong></span> 
     </span>
    </p>
   </div>
   <div class='ocr_carea' id='block_1_12' title="bbox 469 1200 2032 1272">
    <p class='ocr_par' dir='ltr' id='par_1_12' title="bbox 469 1200 2032 1272">
     <span class='ocr_line' id='line_1_12' title="bbox 469 1200 2032 1272; baseline 0.003 -22"><span class='ocrx_word' id='word_1_81' title='bbox 469 1209 592 1262; x_wconf 85' lang='lat' dir='ltr'><strong>cat;</strong></span> <span class='ocrx_word' id='word_1_82' title='bbox 620 1213 842 1253; x_wconf 86' lang='lat' dir='ltr'><strong>sensum</strong></span> <span class='ocrx_word' id='word_1_83' title='bbox 875 1200 1020 1254; x_wconf 90' lang='lat' dir='ltr'><strong>enim</strong></span> <span class='ocrx_word' id='word_1_84' title='bbox 1046 1201 1140 1270; x_wconf 87' lang='lat' dir='ltr'><strong>qui</strong></span> <span class='ocrx_word' id='word_1_85' title='bbox 1170 1209 1394 1271; x_wconf 87' lang='lat' dir='ltr'><strong>apparet</strong></span> <span class='ocrx_word' id='word_1_86' title='bbox 1416 1208 1470 1255; x_wconf 89' lang='lat' dir='ltr'><strong>et</strong></span> <span class='ocrx_word' id='word_1_87' title='bbox 1497 1201 1643 1255; x_wconf 87' lang='lat' dir='ltr'><strong>cadit</strong></span> <span class='ocrx_word' id='word_1_88' title='bbox 1673 1201 1729 1255; x_wconf 93' lang='lat' dir='ltr'><strong>in</strong></span> <span class='ocrx_word' id='word_1_89' title='bbox 1755 1202 2032 1272; x_wconf 78' lang='lat' dir='ltr'><strong>vitupera-</strong></span> 
     </span>
    </p>
   </div>
   <div class='ocr_carea' id='block_1_13' title="bbox 469 1289 2029 1363">
    <p class='ocr_par' dir='ltr' id='par_1_13' title="bbox 469 1289 2029 1363">
     <span class='ocr_line' id='line_1_13' title="bbox 469 1289 2029 1363; baseline 0.004 -23"><span class='ocrx_word' id='word_1_90' title='bbox 469 1289 705 1352; x_wconf 89' lang='lat' dir='ltr'><strong>tionem,</strong></span> <span class='ocrx_word' id='word_1_91' title='bbox 757 1291 822 1344; x_wconf 90' lang='lat' dir='ltr'><strong>ad</strong></span> <span class='ocrx_word' id='word_1_92' title='bbox 875 1291 1202 1347; x_wconf 84' lang='lat' dir='ltr'><strong>divinioretn</strong></span> <span class='ocrx_word' id='word_1_93' title='bbox 1261 1291 1497 1346; x_wconf 89' lang='lat' dir='ltr'><strong>traducit</strong></span> <span class='ocrx_word' id='word_1_94' title='bbox 1555 1292 2029 1363; x_wconf 83' lang='lat' dir='ltr'><strong>significationem.</strong></span> 
     </span>
    </p>
   </div>
   <div class='ocr_carea' id='block_1_14' title="bbox 474 1379 2034 1454">
    <p class='ocr_par' dir='ltr' id='par_1_14' title="bbox 474 1379 2034 1454">
     <span class='ocr_line' id='line_1_14' title="bbox 474 1379 2034 1454; baseline 0.003 -20"><span class='ocrx_word' id='word_1_95' title='bbox 474 1379 690 1438; x_wconf 85' lang='lat' dir='ltr'><strong>Scimus</strong></span> <span class='ocrx_word' id='word_1_96' title='bbox 721 1392 901 1438; x_wconf 89' lang='lat' dir='ltr'><strong>autem</strong></span> <span class='ocrx_word' id='word_1_97' title='bbox 931 1392 984 1438; x_wconf 87' lang='lat' dir='ltr'><strong>et</strong></span> <span class='ocrx_word' id='word_1_98' title='bbox 1015 1385 1191 1453; x_wconf 86' lang='lat' dir='ltr'><strong>ipsum</strong></span> <span class='ocrx_word' id='word_1_99' title='bbox 1220 1382 1478 1446; x_wconf 83' lang='lat' dir='ltr'><strong>Verbum,</strong></span> <span class='ocrx_word' id='word_1_100' title='bbox 1508 1383 1653 1454; x_wconf 92' lang='lat' dir='ltr'><strong>quod</strong></span> <span class='ocrx_word' id='word_1_101' title='bbox 1687 1385 1756 1439; x_wconf 89' lang='lat' dir='ltr'><strong>ab</strong></span> <span class='ocrx_word' id='word_1_102' title='bbox 1781 1385 2034 1440; x_wconf 89' lang='lat' dir='ltr'><strong>universa</strong></span> 
     </span>
    </p>
   </div>
   <div class='ocr_carea' id='block_1_15' title="bbox 473 1473 2034 1545">
    <p class='ocr_par' dir='ltr' id='par_1_15' title="bbox 473 1473 2034 1545">
     <span class='ocr_line' id='line_1_15' title="bbox 473 1473 2034 1545; baseline 0.006 -21"><span class='ocrx_word' id='word_1_103' title='bbox 473 1473 734 1527; x_wconf 84' lang='lat' dir='ltr'><strong>aduratur</strong></span> <span class='ocrx_word' id='word_1_104' title='bbox 761 1485 1032 1539; x_wconf 84' lang='lat' dir='ltr'><strong>creatura,</strong></span> <span class='ocrx_word' id='word_1_105' title='bbox 1065 1476 1284 1545; x_wconf 83' lang='lat' dir='ltr'><strong>quando</strong></span> <span class='ocrx_word' id='word_1_106' title='bbox 1313 1476 1368 1530; x_wconf 92' lang='lat' dir='ltr'><strong>in</strong></span> <span class='ocrx_word' id='word_1_107' title='bbox 1413 1476 1770 1533; x_wconf 87' lang='lat' dir='ltr'><strong>similitudine</strong></span> <span class='ocrx_word' id='word_1_108' title='bbox 1799 1477 2034 1533; x_wconf 88' lang='lat' dir='ltr'><strong>hominis</strong></span> 
     </span>
    </p>
   </div>
   <div class='ocr_carea' id='block_1_16' title="bbox 474 1563 2034 1638">
    <p class='ocr_par' dir='ltr' id='par_1_16' title="bbox 474 1563 2034 1638">
     <span class='ocr_line' id='line_1_16' title="bbox 474 1563 2034 1638; baseline 0.003 -21"><span class='ocrx_word' id='word_1_109' title='bbox 474 1569 528 1617; x_wconf 90' lang='lat' dir='ltr'><strong>et</strong></span> <span class='ocrx_word' id='word_1_110' title='bbox 555 1563 724 1633; x_wconf 81' lang='lat' dir='ltr'><strong>figura</strong></span> <span class='ocrx_word' id='word_1_111' title='bbox 754 1581 846 1634; x_wconf 87' lang='lat' dir='ltr'><strong>per</strong></span> <span class='ocrx_word' id='word_1_112' title='bbox 879 1582 1100 1621; x_wconf 86' lang='lat' dir='ltr'><strong>carnem</strong></span> <span class='ocrx_word' id='word_1_113' title='bbox 1135 1565 1318 1620; x_wconf 86' lang='lat' dir='ltr'><strong>divina</strong></span> <span class='ocrx_word' id='word_1_114' title='bbox 1351 1567 1597 1622; x_wconf 84' lang='lat' dir='ltr'><strong>tradebat</strong></span> <span class='ocrx_word' id='word_1_115' title='bbox 1631 1569 1910 1638; x_wconf 78' lang='lat' dir='ltr'><strong>mysteria,</strong></span> <span class='ocrx_word' id='word_1_116' title='bbox 1953 1568 2034 1622; x_wconf 88' lang='lat' dir='ltr'><strong>sic</strong></span> 
     </span>
    </p>
   </div>
   <div class='ocr_carea' id='block_1_17' title="bbox 476 1653 2033 1727">
    <p class='ocr_par' dir='ltr' id='par_1_17' title="bbox 476 1653 2033 1727">
     <span class='ocr_line' id='line_1_17' title="bbox 476 1653 2033 1727; baseline 0.005 -22"><span class='ocrx_word' id='word_1_117' title='bbox 476 1653 638 1707; x_wconf 89' lang='lat' dir='ltr'><strong>nobis</strong></span> <span class='ocrx_word' id='word_1_118' title='bbox 672 1655 914 1709; x_wconf 80' lang='lat' dir='ltr'><strong>revelare</strong></span> <span class='ocrx_word' id='word_1_119' title='bbox 964 1655 1100 1724; x_wconf 82' lang='lat' dir='ltr'><strong>legis</strong></span> <span class='ocrx_word' id='word_1_120' title='bbox 1151 1671 1349 1711; x_wconf 86' lang='lat' dir='ltr'><strong>sensus</strong></span> <span class='ocrx_word' id='word_1_121' title='bbox 1385 1663 1439 1710; x_wconf 90' lang='lat' dir='ltr'><strong>et</strong></span> <span class='ocrx_word' id='word_1_122' title='bbox 1478 1657 1763 1727; x_wconf 88' lang='lat' dir='ltr'><strong>mysteria,</strong></span> <span class='ocrx_word' id='word_1_123' title='bbox 1805 1665 1865 1710; x_wconf 93' lang='lat' dir='ltr'><strong>ut</strong></span> <span class='ocrx_word' id='word_1_124' title='bbox 1894 1657 2033 1713; x_wconf 90' lang='lat' dir='ltr'><strong>duos</strong></span> 
     </span>
    </p>
   </div>
   <div class='ocr_carea' id='block_1_18' title="bbox 477 1742 2032 1819">
    <p class='ocr_par' dir='ltr' id='par_1_18' title="bbox 477 1742 2032 1819">
     <span class='ocr_line' id='line_1_18' title="bbox 477 1742 2032 1819; baseline 0.005 -23"><span class='ocrx_word' id='word_1_125' title='bbox 477 1742 725 1800; x_wconf 86' lang='lat' dir='ltr'><strong>homines</strong></span> <span class='ocrx_word' id='word_1_126' title='bbox 755 1762 988 1816; x_wconf 90' lang='lat' dir='ltr'><strong>quorum</strong></span> <span class='ocrx_word' id='word_1_127' title='bbox 1019 1757 1102 1802; x_wconf 89' lang='lat' dir='ltr'><strong>est</strong></span> <span class='ocrx_word' id='word_1_128' title='bbox 1133 1763 1317 1802; x_wconf 90' lang='lat' dir='ltr'><strong>verum</strong></span> <span class='ocrx_word' id='word_1_129' title='bbox 1351 1749 1746 1811; x_wconf 88' lang='lat' dir='ltr'><strong>testimonium,</strong></span> <span class='ocrx_word' id='word_1_130' title='bbox 1792 1749 2032 1819; x_wconf 89' lang='lat' dir='ltr'><strong>seipsum</strong></span> 
     </span>
    </p>
   </div>
   <div class='ocr_carea' id='block_1_19' title="bbox 476 1832 2036 1909">
    <p class='ocr_par' dir='ltr' id='par_1_19' title="bbox 476 1832 2036 1909">
     <span class='ocr_line' id='line_1_19' title="bbox 476 1832 2036 1909; baseline 0.003 -21"><span class='ocrx_word' id='word_1_131' title='bbox 476 1833 624 1890; x_wconf 88' lang='lat' dir='ltr'><strong>dicat</strong></span> <span class='ocrx_word' id='word_1_132' title='bbox 666 1852 788 1893; x_wconf 89' lang='lat' dir='ltr'><strong>esse</strong></span> <span class='ocrx_word' id='word_1_133' title='bbox 829 1847 882 1892; x_wconf 91' lang='lat' dir='ltr'><strong>et</strong></span> <span class='ocrx_word' id='word_1_134' title='bbox 923 1832 1132 1893; x_wconf 82' lang='lat' dir='ltr'><strong>Patrem</strong></span> <span class='ocrx_word' id='word_1_135' title='bbox 1158 1839 1243 1894; x_wconf 72' lang='grc' dir='ltr'><strong>τοι</strong></span> <span class='ocrx_word' id='word_1_136' title='bbox 1276 1847 1330 1894; x_wconf 88' lang='lat' dir='ltr'><strong>et</strong></span> <span class='ocrx_word' id='word_1_137' title='bbox 1382 1849 1689 1909; x_wconf 88' lang='lat' dir='ltr'><strong>serpentem</strong></span> <span class='ocrx_word' id='word_1_138' title='bbox 1721 1855 1930 1895; x_wconf 77' lang='lat' dir='ltr'><strong>aeneum</strong></span> <span class='ocrx_word' id='word_1_139' title='bbox 1979 1841 2036 1894; x_wconf 92' lang='lat' dir='ltr'><strong>in</strong></span> 
     </span>
    </p>
   </div>
   <div class='ocr_carea' id='block_1_20' title="bbox 477 1929 2037 2000">
    <p class='ocr_par' dir='ltr' id='par_1_20' title="bbox 477 1929 2037 2000">
     <span class='ocr_line' id='line_1_20' title="bbox 477 1929 2037 2000; baseline 0.003 -18"><span class='ocrx_word' id='word_1_140' title='bbox 477 1929 709 1984; x_wconf 84' lang='lat' dir='ltr'><strong>sublime</strong></span> <span class='ocrx_word' id='word_1_141' title='bbox 753 1930 979 1991; x_wconf 82' lang='lat' dir='ltr'><strong>elatum,</strong></span> <span class='ocrx_word' id='word_1_142' title='bbox 1031 1930 1125 1999; x_wconf 91' lang='lat' dir='ltr'><strong>qui</strong></span> <span class='ocrx_word' id='word_1_143' title='bbox 1175 1932 1376 2000; x_wconf 71' lang='lat' dir='ltr'><strong>populo</strong></span> <span class='ocrx_word' id='word_1_144' title='bbox 1418 1930 1716 1986; x_wconf 82' lang='lat' dir='ltr'><strong>mortiferis</strong></span> <span class='ocrx_word' id='word_1_145' title='bbox 1762 1932 2037 1986; x_wconf 86' lang='lat' dir='ltr'><strong>morsibus</strong></span> 
     </span>
    </p>
   </div>
   <div class='ocr_carea' id='block_1_21' title="bbox 477 2020 2038 2092">
    <p class='ocr_par' dir='ltr' id='par_1_21' title="bbox 477 2020 2038 2092">
     <span class='ocr_line' id='line_1_21' title="bbox 477 2020 2038 2092; baseline 0.001 -18"><span class='ocrx_word' id='word_1_146' title='bbox 477 2021 726 2074; x_wconf 85' lang='lat' dir='ltr'><strong>sauciato</strong></span> <span class='ocrx_word' id='word_1_147' title='bbox 769 2036 925 2090; x_wconf 91' lang='lat' dir='ltr'><strong>opem</strong></span> <span class='ocrx_word' id='word_1_148' title='bbox 967 2020 1198 2084; x_wconf 84' lang='lat' dir='ltr'><strong>ferebat,</strong></span> <span class='ocrx_word' id='word_1_149' title='bbox 1227 2021 1521 2076; x_wconf 81' lang='lat' dir='ltr'><strong>transferat</strong></span> <span class='ocrx_word' id='word_1_150' title='bbox 1565 2021 1633 2077; x_wconf 88' lang='lat' dir='ltr'><strong>ad</strong></span> <span class='ocrx_word' id='word_1_151' title='bbox 1673 2021 2038 2092; x_wconf 82' lang='lat' dir='ltr'><strong>dispensatio-</strong></span> 
     </span>
    </p>
   </div>
   <div class='ocr_carea' id='block_1_22' title="bbox 475 2109 2039 2182">
    <p class='ocr_par' dir='ltr' id='par_1_22' title="bbox 475 2109 2039 2182">
     <span class='ocr_line' id='line_1_22' title="bbox 475 2109 2039 2182; baseline 0.002 -18"><span class='ocrx_word' id='word_1_152' title='bbox 475 2125 600 2164; x_wconf 90' lang='lat' dir='ltr'><strong>nem</strong></span> <span class='ocrx_word' id='word_1_153' title='bbox 649 2109 703 2162; x_wconf 91' lang='lat' dir='ltr'><strong>in</strong></span> <span class='ocrx_word' id='word_1_154' title='bbox 753 2125 915 2164; x_wconf 91' lang='lat' dir='ltr'><strong>cruce</strong></span> <span class='ocrx_word' id='word_1_155' title='bbox 966 2125 1066 2180; x_wconf 93' lang='lat' dir='ltr'><strong>pro</strong></span> <span class='ocrx_word' id='word_1_156' title='bbox 1104 2111 1264 2166; x_wconf 90' lang='lat' dir='ltr'><strong>nobis</strong></span> <span class='ocrx_word' id='word_1_157' title='bbox 1307 2111 1505 2166; x_wconf 88' lang='lat' dir='ltr'><strong>factam</strong></span> <span class='ocrx_word' id='word_1_158' title='bbox 1537 2111 1633 2166; x_wconf 78' lang='lat' dir='ltr'><strong>&quot;z</strong></span> <span class='ocrx_word' id='word_1_159' title='bbox 1685 2113 2039 2182; x_wconf 88' lang='lat' dir='ltr'><strong>ipsorumque</strong></span> 
     </span>
    </p>
   </div>
   <div class='ocr_carea' id='block_1_23' title="bbox 477 2201 2038 2272">
    <p class='ocr_par' dir='ltr' id='par_1_23' title="bbox 477 2201 2038 2272">
     <span class='ocr_line' id='line_1_23' title="bbox 477 2201 2038 2272; baseline 0.002 -18"><span class='ocrx_word' id='word_1_160' title='bbox 477 2212 793 2255; x_wconf 89' lang='lat' dir='ltr'><strong>sanctorum</strong></span> <span class='ocrx_word' id='word_1_161' title='bbox 845 2217 1069 2256; x_wconf 90' lang='lat' dir='ltr'><strong>suorum</strong></span> <span class='ocrx_word' id='word_1_162' title='bbox 1113 2201 1510 2272; x_wconf 87' lang='lat' dir='ltr'><strong>discipulorum</strong></span> <span class='ocrx_word' id='word_1_163' title='bbox 1557 2203 1758 2272; x_wconf 76' lang='lat' dir='ltr'><strong>ingenii</strong></span> <span class='ocrx_word' id='word_1_164' title='bbox 1807 2217 2038 2258; x_wconf 90' lang='lat' dir='ltr'><strong>acumen</strong></span> 
     </span>
    </p>
   </div>
   <div class='ocr_carea' id='block_1_24' title="bbox 476 2293 2042 2363">
    <p class='ocr_par' dir='ltr' id='par_1_24' title="bbox 476 2293 2042 2363">
     <span class='ocr_line' id='line_1_24' title="bbox 476 2293 2042 2363; baseline 0.002 -18"><span class='ocrx_word' id='word_1_165' title='bbox 476 2307 574 2362; x_wconf 81' lang='lat' dir='ltr'><strong>per</strong></span> <span class='ocrx_word' id='word_1_166' title='bbox 601 2299 773 2346; x_wconf 88' lang='lat' dir='ltr'><strong>tectos</strong></span> <span class='ocrx_word' id='word_1_167' title='bbox 800 2301 1052 2347; x_wconf 81' lang='lat' dir='ltr'><strong>exerceat</strong></span> <span class='ocrx_word' id='word_1_168' title='bbox 1076 2307 1379 2358; x_wconf 87' lang='lat' dir='ltr'><strong>sermones,</strong></span> <span class='ocrx_word' id='word_1_169' title='bbox 1404 2294 1459 2347; x_wconf 93' lang='lat' dir='ltr'><strong>in</strong></span> <span class='ocrx_word' id='word_1_170' title='bbox 1485 2293 1783 2363; x_wconf 85' lang='lat' dir='ltr'><strong>parabolis,</strong></span> <span class='ocrx_word' id='word_1_171' title='bbox 1809 2294 1864 2348; x_wconf 91' lang='lat' dir='ltr'><strong>in</strong></span> <span class='ocrx_word' id='word_1_172' title='bbox 1893 2294 2042 2348; x_wconf 87' lang='lat' dir='ltr'><strong>simi-</strong></span> 
     </span>
    </p>
   </div>
   <div class='ocr_carea' id='block_1_25' title="bbox 476 2383 2040 2456">
    <p class='ocr_par' dir='ltr' id='par_1_25' title="bbox 476 2383 2040 2456">
     <span class='ocr_line' id='line_1_25' title="bbox 476 2383 2040 2456; baseline 0.002 -18"><span class='ocrx_word' id='word_1_173' title='bbox 476 2383 821 2449; x_wconf 90' lang='lat' dir='ltr'><strong>litudinibus,</strong></span> <span class='ocrx_word' id='word_1_174' title='bbox 858 2384 914 2438; x_wconf 88' lang='lat' dir='ltr'><strong>in</strong></span> <span class='ocrx_word' id='word_1_175' title='bbox 945 2384 1126 2439; x_wconf 86' lang='lat' dir='ltr'><strong>verbis</strong></span> <span class='ocrx_word' id='word_1_176' title='bbox 1159 2385 1434 2450; x_wconf 88' lang='lat' dir='ltr'><strong>obscuris,</strong></span> <span class='ocrx_word' id='word_1_177' title='bbox 1471 2385 1526 2439; x_wconf 92' lang='lat' dir='ltr'><strong>in</strong></span> <span class='ocrx_word' id='word_1_178' title='bbox 1556 2385 1719 2440; x_wconf 89' lang='lat' dir='ltr'><strong>dictis</strong></span> <span class='ocrx_word' id='word_1_179' title='bbox 1751 2401 1873 2456; x_wconf 67' lang='lat' dir='ltr'><strong>qua:</strong></span> <span class='ocrx_word' id='word_1_180' title='bbox 1909 2401 2040 2456; x_wconf 92' lang='lat' dir='ltr'><strong>pro-</strong></span> 
     </span>
    </p>
   </div>
   <div class='ocr_carea' id='block_1_26' title="bbox 2125 653 3696 726">
    <p class='ocr_par' dir='ltr' id='par_1_26' title="bbox 2125 653 3696 726">
     <span class='ocr_line' id='line_1_26' title="bbox 2125 653 3696 726; baseline 0.001 -20"><span class='ocrx_word' id='word_1_181' title='bbox 2125 671 2220 724; x_wconf 87' lang='grc' dir='ltr'><strong>γος</strong></span> <span class='ocrx_word' id='word_1_182' title='bbox 2263 657 2291 708; x_wconf 81' lang='grc' dir='ltr'>ὁ</span> <span class='ocrx_word' id='word_1_183' title='bbox 2343 655 2404 708; x_wconf 79' lang='grc' dir='ltr'>τὸ</span> <span class='ocrx_word' id='word_1_184' title='bbox 2453 654 2541 707; x_wconf 76' lang='grc' dir='ltr'>διὰ</span> <span class='ocrx_word' id='word_1_185' title='bbox 2591 653 2792 707; x_wconf 84' lang='grc' dir='ltr'>τούτων</span> <span class='ocrx_word' id='word_1_186' title='bbox 2833 655 3284 726; x_wconf 84' lang='grc' dir='ltr'>οἱκονομούμενον</span> <span class='ocrx_word' id='word_1_187' title='bbox 3338 653 3696 708; x_wconf 76' lang='grc' dir='ltr'><strong>ἐπιδεικνύων</strong></span> 
     </span>
    </p>
   </div>
   <div class='ocr_carea' id='block_1_27' title="bbox 2126 743 3692 816">
    <p class='ocr_par' dir='ltr' id='par_1_27' title="bbox 2126 743 3692 816">
     <span class='ocr_line' id='line_1_27' title="bbox 2126 743 3692 816; baseline 0.001 -18"><span class='ocrx_word' id='word_1_188' title='bbox 2126 743 2432 808; x_wconf 80' lang='grc' dir='ltr'>ἀνεύθυνον,</span> <span class='ocrx_word' id='word_1_189' title='bbox 2478 745 2598 798; x_wconf 87' lang='grc' dir='ltr'>τότε</span> <span class='ocrx_word' id='word_1_190' title='bbox 2639 744 2915 815; x_wconf 80' lang='grc' dir='ltr'><strong>ἀληθεύων</strong></span> <span class='ocrx_word' id='word_1_191' title='bbox 2943 747 2973 799; x_wconf 88' lang='grc' dir='ltr'><strong>δ</strong></span> <span class='ocrx_word' id='word_1_192' title='bbox 3011 746 3102 799; x_wconf 77' lang='grc' dir='ltr'>τοῦ</span> <span class='ocrx_word' id='word_1_193' title='bbox 3155 745 3320 800; x_wconf 76' lang='grc' dir='ltr'>αὑτοῦ</span> <span class='ocrx_word' id='word_1_194' title='bbox 3363 746 3522 816; x_wconf 80' lang='grc' dir='ltr'>λόγος</span> <span class='ocrx_word' id='word_1_195' title='bbox 3571 748 3692 800; x_wconf 82' lang='grc' dir='ltr'>ἐπι-</span> 
     </span>
    </p>
   </div>
   <div class='ocr_carea' id='block_1_28' title="bbox 2127 833 3698 906">
    <p class='ocr_par' dir='ltr' id='par_1_28' title="bbox 2127 833 3698 906">
     <span class='ocr_line' id='line_1_28' title="bbox 2127 833 3698 906; baseline 0.001 -20"><span class='ocrx_word' id='word_1_196' title='bbox 2127 833 2486 903; x_wconf 85' lang='grc' dir='ltr'>δειχθήσεται,</span> <span class='ocrx_word' id='word_1_197' title='bbox 2533 834 2615 886; x_wconf 84' lang='grc' dir='ltr'>ὅτι</span> <span class='ocrx_word' id='word_1_198' title='bbox 2666 835 2734 887; x_wconf 86' lang='grc' dir='ltr'><strong>Τὸ</strong></span> <span class='ocrx_word' id='word_1_199' title='bbox 2785 833 3021 904; x_wconf 74' lang='grc' dir='ltr'>γράμμα</span> <span class='ocrx_word' id='word_1_200' title='bbox 3051 835 3390 890; x_wconf 78' lang='grc' dir='ltr'><strong>ἀποκτείνει</strong></span> <span class='ocrx_word' id='word_1_201' title='bbox 3422 835 3698 906; x_wconf 82' lang='grc' dir='ltr'><strong>(πονηρῶν</strong></span> 
     </span>
    </p>
   </div>
   <div class='ocr_carea' id='block_1_29' title="bbox 2127 923 3785 997">
    <p class='ocr_par' dir='ltr' id='par_1_29' title="bbox 2127 923 3785 997">
     <span class='ocr_line' id='line_1_29' title="bbox 2127 923 3785 997; baseline 0.002 -22"><span class='ocrx_word' id='word_1_202' title='bbox 2127 925 2236 996; x_wconf 85' lang='grc' dir='ltr'><strong>γὰρ</strong></span> <span class='ocrx_word' id='word_1_203' title='bbox 2271 923 2382 994; x_wconf 78' lang='grc' dir='ltr'>ἔχει</span> <span class='ocrx_word' id='word_1_204' title='bbox 2407 925 2751 996; x_wconf 82' lang='grc' dir='ltr'><strong>πραγμάτων</strong></span> <span class='ocrx_word' id='word_1_205' title='bbox 2784 927 2842 978; x_wconf 88' lang='grc' dir='ltr'><strong>ἐν</strong></span> <span class='ocrx_word' id='word_1_206' title='bbox 2885 925 3060 997; x_wconf 84' lang='grc' dir='ltr'>ἐαυτῷ</span> <span class='ocrx_word' id='word_1_207' title='bbox 3088 927 3156 980; x_wconf 78' lang='grc' dir='ltr'><strong>τά</strong></span> <span class='ocrx_word' id='word_1_208' title='bbox 3188 923 3602 996; x_wconf 78' lang='grc' dir='ltr'><strong>ὑποδείγματα),</strong></span> <span class='ocrx_word' id='word_1_209' title='bbox 3628 925 3698 979; x_wconf 80' lang='grc' dir='ltr'>τὸ</span> <span class='ocrx_word' id='word_1_210' title='bbox 3776 930 3785 940; x_wconf 89' lang='grc'><strong>”</strong></span> 
     </span>
    </p>
   </div>
   <div class='ocr_carea' id='block_1_30' title="bbox 2129 1015 3696 1090">
    <p class='ocr_par' dir='ltr' id='par_1_30' title="bbox 2129 1015 3696 1090">
     <span class='ocr_line' id='line_1_30' title="bbox 2129 1015 3696 1090; baseline 0.001 -22"><span class='ocrx_word' id='word_1_211' title='bbox 2129 1015 2197 1068; x_wconf 85' lang='grc' dir='ltr'>δὲ</span> <span class='ocrx_word' id='word_1_212' title='bbox 2221 1015 2454 1086; x_wconf 79' lang='grc' dir='ltr'>πνεῦμα</span> <span class='ocrx_word' id='word_1_213' title='bbox 2481 1016 2776 1078; x_wconf 78' lang='grc' dir='ltr'>ζωοποιεῖο</span> <span class='ocrx_word' id='word_1_214' title='bbox 2816 1019 3131 1090; x_wconf 81' lang='grc' dir='ltr'><strong>μετατίθησι</strong></span> <span class='ocrx_word' id='word_1_215' title='bbox 3162 1021 3270 1090; x_wconf 82' lang='grc' dir='ltr'>γὰρ</span> <span class='ocrx_word' id='word_1_216' title='bbox 3288 1019 3386 1089; x_wconf 75' lang='grc' dir='ltr'>τὴν</span> <span class='ocrx_word' id='word_1_217' title='bbox 3417 1019 3696 1088; x_wconf 79' lang='grc' dir='ltr'>ἀπεμφαί-</span> 
     </span>
    </p>
   </div>
   <div class='ocr_carea' id='block_1_31' title="bbox 2128 1108 3697 1181">
    <p class='ocr_par' dir='ltr' id='par_1_31' title="bbox 2128 1108 3697 1181">
     <span class='ocr_line' id='line_1_31' title="bbox 2128 1108 3697 1181; baseline -0.001 -19"><span class='ocrx_word' id='word_1_218' title='bbox 2128 1125 2324 1162; x_wconf 88' lang='grc' dir='ltr'>νουσαν</span> <span class='ocrx_word' id='word_1_219' title='bbox 2360 1109 2454 1162; x_wconf 76' lang='grc' dir='ltr'>καὶ</span> <span class='ocrx_word' id='word_1_220' title='bbox 2481 1108 2908 1181; x_wconf 77' lang='grc' dir='ltr'>διαϐεϐλημένην</span> <span class='ocrx_word' id='word_1_221' title='bbox 2934 1110 3139 1165; x_wconf 76' lang='grc' dir='ltr'>ἔννοιαν</span> <span class='ocrx_word' id='word_1_222' title='bbox 3170 1113 3249 1174; x_wconf 85' lang='grc' dir='ltr'><strong>είς</strong></span> <span class='ocrx_word' id='word_1_223' title='bbox 3281 1110 3552 1180; x_wconf 88' lang='grc' dir='ltr'>θειοτέρας</span> <span class='ocrx_word' id='word_1_224' title='bbox 3596 1111 3697 1179; x_wconf 86' lang='grc' dir='ltr'>ἐμ-</span> 
     </span>
    </p>
   </div>
   <div class='ocr_carea' id='block_1_32' title="bbox 2131 1199 3705 1272">
    <p class='ocr_par' dir='ltr' id='par_1_32' title="bbox 2131 1199 3705 1272">
     <span class='ocr_line' id='line_1_32' title="bbox 2131 1199 3705 1272; baseline 0.001 -18"><span class='ocrx_word' id='word_1_225' title='bbox 2131 1201 2341 1268; x_wconf 75' lang='grc' dir='ltr'>φάσεις.</span> <span class='ocrx_word' id='word_1_226' title='bbox 2371 1199 2604 1272; x_wconf 73' lang='grc' dir='ltr'>Οἴδαμεν</span> <span class='ocrx_word' id='word_1_227' title='bbox 2647 1201 2705 1257; x_wconf 80' lang='grc' dir='ltr'>δὲ</span> <span class='ocrx_word' id='word_1_228' title='bbox 2752 1204 2848 1256; x_wconf 77' lang='grc' dir='ltr'>καὶ</span> <span class='ocrx_word' id='word_1_229' title='bbox 2877 1202 3040 1256; x_wconf 81' lang='grc' dir='ltr'>αὐτὸν</span> <span class='ocrx_word' id='word_1_230' title='bbox 3070 1203 3164 1256; x_wconf 81' lang='grc' dir='ltr'>τὸν</span> <span class='ocrx_word' id='word_1_231' title='bbox 3205 1203 3376 1271; x_wconf 87' lang='grc' dir='ltr'><strong>Λόγον</strong></span> <span class='ocrx_word' id='word_1_232' title='bbox 3415 1202 3506 1255; x_wconf 82' lang='grc' dir='ltr'>τὸν</span> <span class='ocrx_word' id='word_1_233' title='bbox 3548 1201 3705 1272; x_wconf 72' lang='grc' dir='ltr'>παρὰ</span> 
     </span>
    </p>
   </div>
   <div class='ocr_carea' id='block_1_33' title="bbox 2129 1291 3701 1366">
    <p class='ocr_par' dir='ltr' id='par_1_33' title="bbox 2129 1291 3701 1366">
     <span class='ocr_line' id='line_1_33' title="bbox 2129 1291 3701 1366; baseline -0.001 -21"><span class='ocrx_word' id='word_1_234' title='bbox 2129 1291 2310 1362; x_wconf 89' lang='grc' dir='ltr'>πάσης</span> <span class='ocrx_word' id='word_1_235' title='bbox 2342 1293 2573 1357; x_wconf 81' lang='grc' dir='ltr'><strong>κτίσεως</strong></span> <span class='ocrx_word' id='word_1_236' title='bbox 2622 1293 3112 1366; x_wconf 85' lang='grc' dir='ltr'>προσκυνούμενον,</span> <span class='ocrx_word' id='word_1_237' title='bbox 3161 1293 3249 1347; x_wconf 76' lang='grc' dir='ltr'><strong>ὅτε</strong></span> <span class='ocrx_word' id='word_1_238' title='bbox 3292 1295 3352 1347; x_wconf 90' lang='grc' dir='ltr'><strong>ἐν</strong></span> <span class='ocrx_word' id='word_1_239' title='bbox 3398 1291 3701 1364; x_wconf 83' lang='grc' dir='ltr'>ὁμοιώματι</span> 
     </span>
    </p>
   </div>
   <div class='ocr_carea' id='block_1_34' title="bbox 2130 1382 3706 1457">
    <p class='ocr_par' dir='ltr' id='par_1_34' title="bbox 2130 1382 3706 1457">
     <span class='ocr_line' id='line_1_34' title="bbox 2130 1382 3706 1457; baseline -0.002 -18"><span class='ocrx_word' id='word_1_240' title='bbox 2130 1385 2414 1455; x_wconf 86' lang='grc' dir='ltr'>ἀνθρώπου</span> <span class='ocrx_word' id='word_1_241' title='bbox 2449 1386 2539 1440; x_wconf 78' lang='grc' dir='ltr'>καὶ</span> <span class='ocrx_word' id='word_1_242' title='bbox 2561 1387 2799 1456; x_wconf 89' lang='grc' dir='ltr'>σχήματι</span> <span class='ocrx_word' id='word_1_243' title='bbox 2821 1385 2908 1438; x_wconf 88' lang='grc' dir='ltr'><strong>διά</strong></span> <span class='ocrx_word' id='word_1_244' title='bbox 2936 1386 3136 1457; x_wconf 81' lang='grc' dir='ltr'>σαρκὸς</span> <span class='ocrx_word' id='word_1_245' title='bbox 3169 1384 3454 1456; x_wconf 79' lang='grc' dir='ltr'><strong>παρεδίδου</strong></span> <span class='ocrx_word' id='word_1_246' title='bbox 3483 1382 3551 1436; x_wconf 79' lang='grc' dir='ltr'>τὰ</span> <span class='ocrx_word' id='word_1_247' title='bbox 3579 1383 3706 1436; x_wconf 76' lang='grc' dir='ltr'>θεῖα</span> 
     </span>
    </p>
   </div>
   <div class='ocr_carea' id='block_1_35' title="bbox 2134 1476 3701 1550">
    <p class='ocr_par' dir='ltr' id='par_1_35' title="bbox 2134 1476 3701 1550">
     <span class='ocr_line' id='line_1_35' title="bbox 2134 1476 3701 1550; baseline -0.002 -19"><span class='ocrx_word' id='word_1_248' title='bbox 2134 1479 2428 1550; x_wconf 81' lang='grc' dir='ltr'>μυστήρια,</span> <span class='ocrx_word' id='word_1_249' title='bbox 2451 1477 2622 1543; x_wconf 77' lang='grc' dir='ltr'>οὕτως</span> <span class='ocrx_word' id='word_1_250' title='bbox 2649 1478 3092 1533; x_wconf 87' lang='grc' dir='ltr'>άνακαλύπτοντα</span> <span class='ocrx_word' id='word_1_251' title='bbox 3116 1480 3248 1549; x_wconf 87' lang='grc' dir='ltr'>ήμῖν</span> <span class='ocrx_word' id='word_1_252' title='bbox 3287 1477 3360 1530; x_wconf 84' lang='grc' dir='ltr'><strong>τά</strong></span> <span class='ocrx_word' id='word_1_253' title='bbox 3394 1476 3490 1530; x_wconf 79' lang='grc' dir='ltr'><strong>τοῦ</strong></span> <span class='ocrx_word' id='word_1_254' title='bbox 3534 1476 3701 1547; x_wconf 86' lang='grc' dir='ltr'>νόμου</span> 
     </span>
    </p>
   </div>
   <div class='ocr_carea' id='block_1_36' title="bbox 2131 1565 3704 1642">
    <p class='ocr_par' dir='ltr' id='par_1_36' title="bbox 2131 1565 3704 1642">
     <span class='ocr_line' id='line_1_36' title="bbox 2131 1565 3704 1642; baseline -0.002 -18"><span class='ocrx_word' id='word_1_255' title='bbox 2131 1571 2392 1641; x_wconf 85' lang='grc' dir='ltr'>νοήματα,</span> <span class='ocrx_word' id='word_1_256' title='bbox 2424 1569 2564 1624; x_wconf 85' lang='grc' dir='ltr'>ὥστε</span> <span class='ocrx_word' id='word_1_257' title='bbox 2591 1572 2715 1635; x_wconf 79' lang='grc' dir='ltr'>τοὺς</span> <span class='ocrx_word' id='word_1_258' title='bbox 2743 1571 2836 1625; x_wconf 91' lang='grc' dir='ltr'><strong>δύο</strong></span> <span class='ocrx_word' id='word_1_259' title='bbox 2859 1571 3194 1642; x_wconf 83' lang='grc' dir='ltr'>ἀνθρώπους,</span> <span class='ocrx_word' id='word_1_260' title='bbox 3219 1565 3293 1624; x_wconf 84' lang='grc' dir='ltr'><strong>ὧν</strong></span> <span class='ocrx_word' id='word_1_261' title='bbox 3325 1569 3530 1640; x_wconf 78' lang='grc' dir='ltr'>ἀληθής</span> <span class='ocrx_word' id='word_1_262' title='bbox 3551 1571 3704 1622; x_wconf 83' lang='grc' dir='ltr'>ἐστιν</span> 
     </span>
    </p>
   </div>
   <div class='ocr_carea' id='block_1_37' title="bbox 2131 1657 3706 1734">
    <p class='ocr_par' dir='ltr' id='par_1_37' title="bbox 2131 1657 3706 1734">
     <span class='ocr_line' id='line_1_37' title="bbox 2131 1657 3706 1734; baseline -0.001 -20"><span class='ocrx_word' id='word_1_263' title='bbox 2131 1662 2166 1730; x_wconf 78' lang='grc' dir='ltr'>ἡ</span> <span class='ocrx_word' id='word_1_264' title='bbox 2206 1662 2498 1733; x_wconf 88' lang='grc' dir='ltr'>μαρτυρία,</span> <span class='ocrx_word' id='word_1_265' title='bbox 2530 1662 2718 1716; x_wconf 81' lang='grc' dir='ltr'>ἐαυτὸν</span> <span class='ocrx_word' id='word_1_266' title='bbox 2739 1661 2942 1716; x_wconf 72' lang='grc' dir='ltr'>καὶτὸν</span> <span class='ocrx_word' id='word_1_267' title='bbox 2965 1662 3182 1734; x_wconf 80' lang='grc' dir='ltr'>Πατέρα</span> <span class='ocrx_word' id='word_1_268' title='bbox 3208 1661 3384 1730; x_wconf 85' lang='grc' dir='ltr'>λέγειν</span> <span class='ocrx_word' id='word_1_269' title='bbox 3414 1657 3553 1713; x_wconf 86' lang='grc' dir='ltr'>εἶναι</span> <span class='ocrx_word' id='word_1_270' title='bbox 3573 1675 3586 1688; x_wconf 71' lang='grc' dir='ltr'><strong>ο</strong></span> <span class='ocrx_word' id='word_1_271' title='bbox 3609 1661 3706 1713; x_wconf 75' lang='grc' dir='ltr'>καὶ</span> 
     </span>
    </p>
   </div>
   <div class='ocr_carea' id='block_1_38' title="bbox 2133 1750 3705 1822">
    <p class='ocr_par' dir='ltr' id='par_1_38' title="bbox 2133 1750 3705 1822">
     <span class='ocr_line' id='line_1_38' title="bbox 2133 1750 3705 1822; baseline 0 -18"><span class='ocrx_word' id='word_1_272' title='bbox 2133 1751 2222 1804; x_wconf 72' lang='grc' dir='ltr'><strong>τὸν</strong></span> <span class='ocrx_word' id='word_1_273' title='bbox 2248 1751 2481 1821; x_wconf 78' lang='grc' dir='ltr'><strong>χαλκοῦν</strong></span> <span class='ocrx_word' id='word_1_274' title='bbox 2511 1753 2632 1822; x_wconf 77' lang='grc' dir='ltr'>ὅφιν</span> <span class='ocrx_word' id='word_1_275' title='bbox 2674 1753 2767 1808; x_wconf 82' lang='grc' dir='ltr'><strong>τὸν</strong></span> <span class='ocrx_word' id='word_1_276' title='bbox 2806 1754 2899 1806; x_wconf 74' lang='grc' dir='ltr'>ἐπὶ</span> <span class='ocrx_word' id='word_1_277' title='bbox 2937 1753 3030 1808; x_wconf 79' lang='grc' dir='ltr'>τοῦ</span> <span class='ocrx_word' id='word_1_278' title='bbox 3065 1752 3230 1822; x_wconf 74' lang='grc' dir='ltr'>ὕψους</span> <span class='ocrx_word' id='word_1_279' title='bbox 3261 1752 3606 1814; x_wconf 82' lang='grc' dir='ltr'>ἀνατεθέντα,</span> <span class='ocrx_word' id='word_1_280' title='bbox 3644 1750 3705 1815; x_wconf 83' lang='grc' dir='ltr'>ὃς</span> 
     </span>
    </p>
   </div>
   <div class='ocr_carea' id='block_1_39' title="bbox 2068 1827 3707 1915">
    <p class='ocr_par' dir='ltr' id='par_1_39' title="bbox 2068 1827 3707 1915">
     <span class='ocr_line' id='line_1_39' title="bbox 2068 1827 3707 1915; baseline -0.004 -17"><span class='ocrx_word' id='word_1_281' title='bbox 2068 1827 2112 1883; x_wconf 77' lang='grc' dir='ltr'>Β</span> <span class='ocrx_word' id='word_1_282' title='bbox 2135 1838 2202 1912; x_wconf 77' lang='grc' dir='ltr'>ἢν</span> <span class='ocrx_word' id='word_1_283' title='bbox 2227 1841 2306 1911; x_wconf 83' lang='grc' dir='ltr'>τῷ</span> <span class='ocrx_word' id='word_1_284' title='bbox 2333 1841 2447 1912; x_wconf 85' lang='grc' dir='ltr'><strong>λαῷ</strong></span> <span class='ocrx_word' id='word_1_285' title='bbox 2473 1843 2581 1896; x_wconf 86' lang='grc' dir='ltr'><strong>τῶν</strong></span> <span class='ocrx_word' id='word_1_286' title='bbox 2607 1843 2996 1915; x_wconf 86' lang='grc' dir='ltr'>θανατηφόρων</span> <span class='ocrx_word' id='word_1_287' title='bbox 3025 1842 3318 1914; x_wconf 83' lang='grc' dir='ltr'>δηγμάτων</span> <span class='ocrx_word' id='word_1_288' title='bbox 3343 1841 3707 1913; x_wconf 76' lang='grc' dir='ltr'>ἀλεξιτήριος,</span> 
     </span>
    </p>
   </div>
   <div class='ocr_carea' id='block_1_40' title="bbox 2137 1932 3702 2005">
    <p class='ocr_par' dir='ltr' id='par_1_40' title="bbox 2137 1932 3702 2005">
     <span class='ocr_line' id='line_1_40' title="bbox 2137 1932 3702 2005; baseline 0.001 -22"><span class='ocrx_word' id='word_1_289' title='bbox 2137 1933 2216 1994; x_wconf 87' lang='grc' dir='ltr'><strong>είς</strong></span> <span class='ocrx_word' id='word_1_290' title='bbox 2242 1932 2337 2002; x_wconf 80' lang='grc' dir='ltr'><strong>τὴν</strong></span> <span class='ocrx_word' id='word_1_291' title='bbox 2367 1932 2456 1986; x_wconf 72' lang='grc' dir='ltr'><strong>διὰ</strong></span> <span class='ocrx_word' id='word_1_292' title='bbox 2484 1932 2577 1986; x_wconf 82' lang='grc' dir='ltr'><strong>τοῦ</strong></span> <span class='ocrx_word' id='word_1_293' title='bbox 2610 1933 2842 2005; x_wconf 81' lang='grc' dir='ltr'>σταυροῦ</span> <span class='ocrx_word' id='word_1_294' title='bbox 2869 1932 3165 2003; x_wconf 84' lang='grc' dir='ltr'>γενομένην</span> <span class='ocrx_word' id='word_1_295' title='bbox 3208 1933 3346 2003; x_wconf 77' lang='grc' dir='ltr'>ὑπὲρ</span> <span class='ocrx_word' id='word_1_296' title='bbox 3371 1932 3528 2002; x_wconf 85' lang='grc' dir='ltr'>ἡμῶν</span> <span class='ocrx_word' id='word_1_297' title='bbox 3557 1934 3702 1985; x_wconf 78' lang='grc' dir='ltr'>οἱκο·</span> 
     </span>
    </p>
   </div>
   <div class='ocr_carea' id='block_1_41' title="bbox 2137 2019 3711 2091">
    <p class='ocr_par' dir='ltr' id='par_1_41' title="bbox 2137 2019 3711 2091">
     <span class='ocr_line' id='line_1_41' title="bbox 2137 2019 3711 2091; baseline -0.001 -17"><span class='ocrx_word' id='word_1_298' title='bbox 2137 2019 2330 2090; x_wconf 88' lang='grc' dir='ltr'>νομίαν</span> <span class='ocrx_word' id='word_1_299' title='bbox 2363 2019 2879 2091; x_wconf 63' lang='grc' dir='ltr'>μεταλαμᾶὶνονταο</span> <span class='ocrx_word' id='word_1_300' title='bbox 2915 2021 3009 2074; x_wconf 77' lang='grc' dir='ltr'>καὶ</span> <span class='ocrx_word' id='word_1_301' title='bbox 3052 2020 3227 2074; x_wconf 74' lang='grc' dir='ltr'>αὐτῶν</span> <span class='ocrx_word' id='word_1_302' title='bbox 3276 2021 3332 2074; x_wconf 85' lang='grc' dir='ltr'>δὲ</span> <span class='ocrx_word' id='word_1_303' title='bbox 3371 2021 3480 2073; x_wconf 88' lang='grc' dir='ltr'><strong>τῶν</strong></span> <span class='ocrx_word' id='word_1_304' title='bbox 3523 2019 3711 2083; x_wconf 84' lang='grc' dir='ltr'>ἁπλῶς</span> 
     </span>
    </p>
   </div>
   <div class='ocr_carea' id='block_1_42' title="bbox 2139 2109 3710 2183">
    <p class='ocr_par' dir='ltr' id='par_1_42' title="bbox 2139 2109 3710 2183">
     <span class='ocr_line' id='line_1_42' title="bbox 2139 2109 3710 2183; baseline 0 -21"><span class='ocrx_word' id='word_1_305' title='bbox 2139 2110 2302 2163; x_wconf 78' lang='grc' dir='ltr'>αὑτοῦ</span> <span class='ocrx_word' id='word_1_306' title='bbox 2334 2109 2589 2183; x_wconf 84' lang='grc' dir='ltr'>μαθητῶν</span> <span class='ocrx_word' id='word_1_307' title='bbox 2609 2112 2706 2183; x_wconf 85' lang='grc' dir='ltr'><strong>τὴν</strong></span> <span class='ocrx_word' id='word_1_308' title='bbox 2729 2111 3005 2182; x_wconf 77' lang='grc' dir='ltr'>ἀγχίνοιαν</span> <span class='ocrx_word' id='word_1_309' title='bbox 3025 2110 3114 2165; x_wconf 79' lang='grc' dir='ltr'><strong>διὰ</strong></span> <span class='ocrx_word' id='word_1_310' title='bbox 3143 2110 3250 2165; x_wconf 92' lang='grc' dir='ltr'><strong>τῶν</strong></span> <span class='ocrx_word' id='word_1_311' title='bbox 3276 2112 3478 2165; x_wconf 85' lang='grc' dir='ltr'>κεκαλυ</span> <span class='ocrx_word' id='word_1_312' title='bbox 3488 2111 3710 2182; x_wconf 87' lang='grc' dir='ltr'>μμένων</span> 
     </span>
    </p>
   </div>
   <div class='ocr_carea' id='block_1_43' title="bbox 2137 2201 3708 2274">
    <p class='ocr_par' dir='ltr' id='par_1_43' title="bbox 2137 2201 3708 2274">
     <span class='ocr_line' id='line_1_43' title="bbox 2137 2201 3708 2274; baseline -0.001 -18"><span class='ocrx_word' id='word_1_313' title='bbox 2137 2219 2196 2256; x_wconf 87' lang='grc' dir='ltr'><strong>τε</strong></span> <span class='ocrx_word' id='word_1_314' title='bbox 2222 2203 2314 2256; x_wconf 82' lang='grc' dir='ltr'>καὶ</span> <span class='ocrx_word' id='word_1_315' title='bbox 2333 2203 2820 2274; x_wconf 83' lang='grc' dir='ltr'>ἐπικεκρυμμένων</span> <span class='ocrx_word' id='word_1_316' title='bbox 2852 2203 3024 2271; x_wconf 90' lang='grc' dir='ltr'>λόγων</span> <span class='ocrx_word' id='word_1_317' title='bbox 3061 2201 3494 2272; x_wconf 76' lang='grc' dir='ltr'>διαγυμνάζοντα</span> <span class='ocrx_word' id='word_1_318' title='bbox 3523 2203 3580 2254; x_wconf 82' lang='grc' dir='ltr'><strong>ἐν</strong></span> <span class='ocrx_word' id='word_1_319' title='bbox 3603 2218 3708 2255; x_wconf 89' lang='grc' dir='ltr'>πα-</span> 
     </span>
    </p>
   </div>
   <div class='ocr_carea' id='block_1_44' title="bbox 2141 2293 3715 2364">
    <p class='ocr_par' dir='ltr' id='par_1_44' title="bbox 2141 2293 3715 2364">
     <span class='ocr_line' id='line_1_44' title="bbox 2141 2293 3715 2364; baseline -0.001 -18"><span class='ocrx_word' id='word_1_320' title='bbox 2141 2293 2410 2364; x_wconf 76' lang='grc' dir='ltr'>ραϐολαῖς,</span> <span class='ocrx_word' id='word_1_321' title='bbox 2455 2295 2513 2347; x_wconf 91' lang='grc' dir='ltr'>ἐν</span> <span class='ocrx_word' id='word_1_322' title='bbox 2559 2293 2917 2364; x_wconf 78' lang='grc' dir='ltr'>δμοιώμασιν,</span> <span class='ocrx_word' id='word_1_323' title='bbox 2959 2295 3018 2346; x_wconf 82' lang='grc' dir='ltr'>ἐν</span> <span class='ocrx_word' id='word_1_324' title='bbox 3073 2296 3366 2357; x_wconf 79' lang='grc' dir='ltr'>σκοτεινοῖς</span> <span class='ocrx_word' id='word_1_325' title='bbox 3409 2294 3606 2361; x_wconf 80' lang='grc' dir='ltr'>λόγοις,</span> <span class='ocrx_word' id='word_1_326' title='bbox 3650 2293 3715 2344; x_wconf 80' lang='grc' dir='ltr'>ἐν</span> 
     </span>
    </p>
   </div>
   <div class='ocr_carea' id='block_1_45' title="bbox 2138 2383 3708 2454">
    <p class='ocr_par' dir='ltr' id='par_1_45' title="bbox 2138 2383 3708 2454">
     <span class='ocr_line' id='line_1_45' title="bbox 2138 2383 3708 2454; baseline -0.003 -15"><span class='ocrx_word' id='word_1_327' title='bbox 2138 2384 2541 2454; x_wconf 79' lang='grc' dir='ltr'>ἀποφθέγμασι,</span> <span class='ocrx_word' id='word_1_328' title='bbox 2591 2387 2700 2447; x_wconf 85' lang='grc' dir='ltr'>τοῖς</span> <span class='ocrx_word' id='word_1_329' title='bbox 2747 2384 2814 2438; x_wconf 81' lang='grc' dir='ltr'>δι’</span> <span class='ocrx_word' id='word_1_330' title='bbox 2859 2384 3198 2454; x_wconf 83' lang='grc' dir='ltr'>αἰνιγμάτων</span> <span class='ocrx_word' id='word_1_331' title='bbox 3254 2383 3708 2454; x_wconf 83' lang='grc' dir='ltr'>προφερομένοις,</span> 
     </span>
    </p>
   </div>
   <div class='ocr_carea' id='block_1_46' title="bbox 478 2465 2041 2546">
    <p class='ocr_par' dir='ltr' id='par_1_46' title="bbox 478 2475 2041 2546">
     <span class='ocr_line' id='line_1_46' title="bbox 478 2475 2041 2546; baseline 0.003 -18"><span class='ocrx_word' id='word_1_332' title='bbox 478 2475 730 2529; x_wconf 87' lang='lat' dir='ltr'><strong>feruntur</strong></span> <span class='ocrx_word' id='word_1_333' title='bbox 782 2490 877 2544; x_wconf 90' lang='lat' dir='ltr'><strong>per</strong></span> <span class='ocrx_word' id='word_1_334' title='bbox 928 2477 1241 2545; x_wconf 64' lang='lat' dir='ltr'><strong>aenigmata,</strong></span> <span class='ocrx_word' id='word_1_335' title='bbox 1297 2491 1529 2546; x_wconf 87' lang='lat' dir='ltr'><strong>quorum</strong></span> <span class='ocrx_word' id='word_1_336' title='bbox 1578 2492 1826 2532; x_wconf 89' lang='lat' dir='ltr'><strong>seorsum</strong></span> <span class='ocrx_word' id='word_1_337' title='bbox 1878 2477 2041 2532; x_wconf 86' lang='lat' dir='ltr'><strong>dabat</strong></span> 
     </span>
    </p>
   </div>
   <div class='ocr_carea' id='block_1_47' title="bbox 2139 2465 3715 2546">
    <p class='ocr_par' dir='ltr' id='par_1_47' title="bbox 2140 2465 3715 2544">
     <span class='ocr_line' id='line_1_47' title="bbox 2140 2465 3715 2544; baseline -0.001 -18"><span class='ocrx_word' id='word_1_338' title='bbox 2140 2473 2279 2544; x_wconf 82' lang='grc' dir='ltr'>ὑπὲρ</span> <span class='ocrx_word' id='word_1_339' title='bbox 2303 2465 2378 2526; x_wconf 85' lang='grc' dir='ltr'><strong>ὧν</strong></span> <span class='ocrx_word' id='word_1_340' title='bbox 2413 2473 2721 2542; x_wconf 75' lang='grc' dir='ltr'>καταμόνας</span> <span class='ocrx_word' id='word_1_341' title='bbox 2757 2473 2854 2544; x_wconf 77' lang='grc' dir='ltr'>μὲν</span> <span class='ocrx_word' id='word_1_342' title='bbox 2880 2475 3114 2526; x_wconf 79' lang='grc' dir='ltr'>ἐποιεῖτο</span> <span class='ocrx_word' id='word_1_343' title='bbox 3140 2473 3448 2543; x_wconf 78' lang='grc' dir='ltr'>ἐξηγήσεις,</span> <span class='ocrx_word' id='word_1_344' title='bbox 3476 2472 3715 2525; x_wconf 81' lang='grc' dir='ltr'>ἐπιλύων</span> 
     </span>
    </p>
   </div>
   <div class='ocr_carea' id='block_1_48' title="bbox 478 2562 2041 2636">
    <p class='ocr_par' dir='ltr' id='par_1_48' title="bbox 478 2565 2041 2636">
     <span class='ocr_line' id='line_1_48' title="bbox 478 2565 2041 2636; baseline 0 -16"><span class='ocrx_word' id='word_1_345' title='bbox 478 2565 872 2636; x_wconf 76' lang='lat' dir='ltr'><strong>expositiones,</strong></span> <span class='ocrx_word' id='word_1_346' title='bbox 901 2580 1090 2619; x_wconf 87' lang='lat' dir='ltr'><strong>eorum</strong></span> <span class='ocrx_word' id='word_1_347' title='bbox 1123 2565 1343 2621; x_wconf 85' lang='lat' dir='ltr'><strong>solvens</strong></span> <span class='ocrx_word' id='word_1_348' title='bbox 1381 2566 1767 2621; x_wconf 88' lang='lat' dir='ltr'><strong>obscuritatem</strong></span> <span class='ocrx_word' id='word_1_349' title='bbox 1793 2567 1860 2620; x_wconf 85' lang='lat'><strong>&quot;.</strong></span> <span class='ocrx_word' id='word_1_350' title='bbox 1894 2565 2041 2621; x_wconf 83' lang='lat' dir='ltr'><strong>Non-</strong></span> 
     </span>
    </p>
   </div>
   <div class='ocr_carea' id='block_1_49' title="bbox 2139 2562 3710 2636">
    <p class='ocr_par' dir='ltr' id='par_1_49' title="bbox 2140 2562 3710 2635">
     <span class='ocr_line' id='line_1_49' title="bbox 2140 2562 3710 2635; baseline -0.002 -17"><span class='ocrx_word' id='word_1_351' title='bbox 2140 2565 2322 2628; x_wconf 85' lang='grc' dir='ltr'>αύτοῖς</span> <span class='ocrx_word' id='word_1_352' title='bbox 2353 2563 2451 2634; x_wconf 85' lang='grc' dir='ltr'>τὴν</span> <span class='ocrx_word' id='word_1_353' title='bbox 2476 2564 2769 2632; x_wconf 58' lang='grc' dir='ltr'>ἀσάφειαν</span> <span class='ocrx_word' id='word_1_354' title='bbox 2805 2564 2918 2618; x_wconf 82' lang='grc' dir='ltr'>ἐστι</span> <span class='ocrx_word' id='word_1_355' title='bbox 2952 2564 3010 2618; x_wconf 88' lang='grc' dir='ltr'>δὲ</span> <span class='ocrx_word' id='word_1_356' title='bbox 3039 2564 3196 2628; x_wconf 81' lang='grc' dir='ltr'>ὅπου,</span> <span class='ocrx_word' id='word_1_357' title='bbox 3220 2565 3268 2616; x_wconf 86' lang='grc' dir='ltr'>εί</span> <span class='ocrx_word' id='word_1_358' title='bbox 3293 2564 3366 2635; x_wconf 81' lang='grc' dir='ltr'>μὴ</span> <span class='ocrx_word' id='word_1_359' title='bbox 3399 2562 3710 2634; x_wconf 76' lang='grc' dir='ltr'>κατελήφθη</span> 
     </span>
    </p>
   </div>
   <div class='ocr_carea' id='block_1_50' title="bbox 476 2653 2041 2730">
    <p class='ocr_par' dir='ltr' id='par_1_50' title="bbox 476 2657 2041 2730">
     <span class='ocr_line' id='line_1_50' title="bbox 476 2657 2041 2730; baseline 0.001 -18"><span class='ocrx_word' id='word_1_360' title='bbox 476 2673 754 2728; x_wconf 88' lang='lat' dir='ltr'><strong>nunquam</strong></span> <span class='ocrx_word' id='word_1_361' title='bbox 782 2668 981 2722; x_wconf 89' lang='lat' dir='ltr'><strong>autem,</strong></span> <span class='ocrx_word' id='word_1_362' title='bbox 1007 2657 1053 2713; x_wconf 88' lang='lat' dir='ltr'><strong>si</strong></span> <span class='ocrx_word' id='word_1_363' title='bbox 1079 2673 1188 2712; x_wconf 84' lang='lat' dir='ltr'><strong>non</strong></span> <span class='ocrx_word' id='word_1_364' title='bbox 1211 2667 1358 2713; x_wconf 88' lang='lat' dir='ltr'><strong>esset</strong></span> <span class='ocrx_word' id='word_1_365' title='bbox 1381 2659 1449 2714; x_wconf 90' lang='lat' dir='ltr'><strong>ab</strong></span> <span class='ocrx_word' id='word_1_366' title='bbox 1474 2659 1581 2714; x_wconf 89' lang='lat' dir='ltr'><strong>illis</strong></span> <span class='ocrx_word' id='word_1_367' title='bbox 1609 2659 2041 2730; x_wconf 85' lang='lat' dir='ltr'><strong>comprehensus</strong></span> 
     </span>
    </p>
   </div>
   <div class='ocr_carea' id='block_1_51' title="bbox 2139 2653 3714 2730">
    <p class='ocr_par' dir='ltr' id='par_1_51' title="bbox 2140 2653 3714 2728">
     <span class='ocr_line' id='line_1_51' title="bbox 2140 2653 3714 2728; baseline -0.003 -18"><span class='ocrx_word' id='word_1_368' title='bbox 2140 2658 2269 2728; x_wconf 87' lang='grc' dir='ltr'>παρ’</span> <span class='ocrx_word' id='word_1_369' title='bbox 2294 2656 2471 2708; x_wconf 82' lang='grc' dir='ltr'>αὐτῶν</span> <span class='ocrx_word' id='word_1_370' title='bbox 2490 2657 2524 2726; x_wconf 78' lang='grc' dir='ltr'><strong>ἡ</strong></span> <span class='ocrx_word' id='word_1_371' title='bbox 2541 2656 2648 2709; x_wconf 88' lang='grc' dir='ltr'><strong>τῶν</strong></span> <span class='ocrx_word' id='word_1_372' title='bbox 2667 2656 2970 2727; x_wconf 87' lang='grc' dir='ltr'>λεγομένων</span> <span class='ocrx_word' id='word_1_373' title='bbox 3006 2655 3233 2721; x_wconf 86' lang='grc' dir='ltr'>διάνοια,</span> <span class='ocrx_word' id='word_1_374' title='bbox 3266 2655 3344 2708; x_wconf 87' lang='grc' dir='ltr'>διε</span> <span class='ocrx_word' id='word_1_375' title='bbox 3351 2655 3594 2725; x_wconf 76' lang='grc' dir='ltr'>μέμφετο</span> <span class='ocrx_word' id='word_1_376' title='bbox 3612 2653 3714 2706; x_wconf 80' lang='grc' dir='ltr'>αύ-</span> 
     </span>
    </p>
   </div>
   <div class='ocr_carea' id='block_1_52' title="bbox 476 2746 2041 2822">
    <p class='ocr_par' dir='ltr' id='par_1_52' title="bbox 476 2750 2041 2822">
     <span class='ocr_line' id='line_1_52' title="bbox 476 2750 2041 2822; baseline 0.001 -17"><span class='ocrx_word' id='word_1_377' title='bbox 476 2765 671 2805; x_wconf 85' lang='lat' dir='ltr'><strong>sensus</strong></span> <span class='ocrx_word' id='word_1_378' title='bbox 703 2763 890 2803; x_wconf 89' lang='lat' dir='ltr'><strong>eorum</strong></span> <span class='ocrx_word' id='word_1_379' title='bbox 920 2766 1044 2820; x_wconf 76' lang='lat' dir='ltr'><strong>qua:</strong></span> <span class='ocrx_word' id='word_1_380' title='bbox 1091 2750 1434 2815; x_wconf 87' lang='lat' dir='ltr'><strong>dicebantur,</strong></span> <span class='ocrx_word' id='word_1_381' title='bbox 1485 2752 1916 2822; x_wconf 89' lang='lat' dir='ltr'><strong>reprehendebat</strong></span> <span class='ocrx_word' id='word_1_382' title='bbox 1946 2768 2041 2807; x_wconf 90' lang='lat' dir='ltr'><strong>eo-</strong></span> 
     </span>
    </p>
   </div>
   <div class='ocr_carea' id='block_1_53' title="bbox 2139 2746 3712 2822">
    <p class='ocr_par' dir='ltr' id='par_1_53' title="bbox 2139 2746 3712 2818">
     <span class='ocr_line' id='line_1_53' title="bbox 2139 2746 3712 2818; baseline -0.002 -17"><span class='ocrx_word' id='word_1_383' title='bbox 2139 2747 2248 2801; x_wconf 86' lang='grc' dir='ltr'><strong>τῶν</strong></span> <span class='ocrx_word' id='word_1_384' title='bbox 2275 2747 2336 2800; x_wconf 82' lang='grc' dir='ltr'>τὸ</span> <span class='ocrx_word' id='word_1_385' title='bbox 2356 2747 2666 2818; x_wconf 84' lang='grc' dir='ltr'>βραδύνουν,</span> <span class='ocrx_word' id='word_1_386' title='bbox 2693 2748 2786 2801; x_wconf 69' lang='grc' dir='ltr'>καὶ</span> <span class='ocrx_word' id='word_1_387' title='bbox 2819 2748 2946 2817; x_wconf 75' lang='grc' dir='ltr'>περὶ</span> <span class='ocrx_word' id='word_1_388' title='bbox 2975 2746 3073 2818; x_wconf 81' lang='grc' dir='ltr'><strong>τὴν</strong></span> <span class='ocrx_word' id='word_1_389' title='bbox 3108 2746 3316 2800; x_wconf 86' lang='grc' dir='ltr'>σύνεσιν</span> <span class='ocrx_word' id='word_1_390' title='bbox 3334 2747 3553 2801; x_wconf 80' lang='grc' dir='ltr'>ἄτοπον.</span> <span class='ocrx_word' id='word_1_391' title='bbox 3584 2746 3712 2798; x_wconf 86' lang='grc' dir='ltr'>Ὅτε</span> 
     </span>
    </p>
   </div>
   <div class='ocr_carea' id='block_1_54' title="bbox 478 2835 2041 2913">
    <p class='ocr_par' dir='ltr' id='par_1_54' title="bbox 478 2839 2041 2913">
     <span class='ocr_line' id='line_1_54' title="bbox 478 2839 2041 2913; baseline 0.003 -20"><span class='ocrx_word' id='word_1_392' title='bbox 478 2855 599 2893; x_wconf 90' lang='lat' dir='ltr'><strong>rum</strong></span> <span class='ocrx_word' id='word_1_393' title='bbox 643 2839 844 2908; x_wconf 89' lang='lat' dir='ltr'><strong>ingenii</strong></span> <span class='ocrx_word' id='word_1_394' title='bbox 880 2840 1216 2906; x_wconf 89' lang='lat' dir='ltr'><strong>tarditatem,</strong></span> <span class='ocrx_word' id='word_1_395' title='bbox 1262 2849 1316 2896; x_wconf 89' lang='lat' dir='ltr'><strong>et</strong></span> <span class='ocrx_word' id='word_1_396' title='bbox 1360 2841 1812 2906; x_wconf 83' lang='lat' dir='ltr'><strong>imbecillitatem,</strong></span> <span class='ocrx_word' id='word_1_397' title='bbox 1856 2851 1916 2898; x_wconf 93' lang='lat' dir='ltr'><strong>ut</strong></span> <span class='ocrx_word' id='word_1_398' title='bbox 1948 2843 2041 2913; x_wconf 90' lang='lat' dir='ltr'><strong>qui</strong></span> 
     </span>
    </p>
   </div>
   <div class='ocr_carea' id='block_1_55' title="bbox 2139 2835 3713 2913">
    <p class='ocr_par' dir='ltr' id='par_1_55' title="bbox 2141 2835 3713 2910">
     <span class='ocr_line' id='line_1_55' title="bbox 2141 2835 3713 2910; baseline -0.003 -18"><span class='ocrx_word' id='word_1_399' title='bbox 2141 2839 2250 2908; x_wconf 82' lang='grc' dir='ltr'><strong>γὰρ</strong></span> <span class='ocrx_word' id='word_1_400' title='bbox 2265 2837 2598 2908; x_wconf 80' lang='grc' dir='ltr'>ἀποσχέσθαι</span> <span class='ocrx_word' id='word_1_401' title='bbox 2613 2837 2706 2890; x_wconf 81' lang='grc' dir='ltr'><strong>τοῦ</strong></span> <span class='ocrx_word' id='word_1_402' title='bbox 2715 2836 3049 2910; x_wconf 79' lang='grc' dir='ltr'>Φαρισαῖκοῦ</span> <span class='ocrx_word' id='word_1_403' title='bbox 3069 2837 3250 2901; x_wconf 81' lang='grc' dir='ltr'>αὐτοῖς</span> <span class='ocrx_word' id='word_1_404' title='bbox 3267 2835 3604 2890; x_wconf 87' lang='grc' dir='ltr'>ἐνεκελεύετο</span> <span class='ocrx_word' id='word_1_405' title='bbox 3619 2836 3713 2900; x_wconf 73' lang='grc' dir='ltr'><strong>ξυ-</strong></span> 
     </span>
    </p>
   </div>
   <div class='ocr_carea' id='block_1_56' title="bbox 477 2927 2041 3001">
    <p class='ocr_par' dir='ltr' id='par_1_56' title="bbox 477 2931 2041 3001">
     <span class='ocr_line' id='line_1_56' title="bbox 477 2931 2041 3001; baseline 0 -15"><span class='ocrx_word' id='word_1_406' title='bbox 477 2941 662 2986; x_wconf 88' lang='lat' dir='ltr'><strong>essent</strong></span> <span class='ocrx_word' id='word_1_407' title='bbox 705 2933 956 2988; x_wconf 85' lang='lat' dir='ltr'><strong>rudiores</strong></span> <span class='ocrx_word' id='word_1_408' title='bbox 1007 2933 1074 2986; x_wconf 93' lang='lat' dir='ltr'><strong>ad</strong></span> <span class='ocrx_word' id='word_1_409' title='bbox 1121 2931 1554 3001; x_wconf 83' lang='lat' dir='ltr'><strong>intelligendum.</strong></span> <span class='ocrx_word' id='word_1_410' title='bbox 1610 2932 1842 2998; x_wconf 80' lang='lat' dir='ltr'><strong>Quando</strong></span> <span class='ocrx_word' id='word_1_411' title='bbox 1897 2933 2041 2987; x_wconf 88' lang='lat' dir='ltr'><strong>enim</strong></span> 
     </span>
    </p>
   </div>
   <div class='ocr_carea' id='block_1_57' title="bbox 2139 2927 3714 3001">
    <p class='ocr_par' dir='ltr' id='par_1_57' title="bbox 2147 2927 3714 3000">
     <span class='ocr_line' id='line_1_57' title="bbox 2147 2927 3714 3000; baseline -0.001 -18"><span class='ocrx_word' id='word_1_412' title='bbox 2147 2928 2271 2999; x_wconf 84' lang='grc' dir='ltr'>μοῦ,</span> <span class='ocrx_word' id='word_1_413' title='bbox 2302 2929 2427 2982; x_wconf 84' lang='grc' dir='ltr'>οἱδὲ</span> <span class='ocrx_word' id='word_1_414' title='bbox 2468 2928 2819 3000; x_wconf 79' lang='grc' dir='ltr'>μικροψύχως</span> <span class='ocrx_word' id='word_1_415' title='bbox 2847 2928 2982 3000; x_wconf 77' lang='grc' dir='ltr'>πρὸς</span> <span class='ocrx_word' id='word_1_416' title='bbox 3021 2928 3121 2992; x_wconf 77' lang='grc' dir='ltr'>τὰς</span> <span class='ocrx_word' id='word_1_417' title='bbox 3163 2929 3347 3000; x_wconf 86' lang='grc' dir='ltr'>πήρας</span> <span class='ocrx_word' id='word_1_418' title='bbox 3384 2927 3714 2990; x_wconf 77' lang='grc' dir='ltr'>ἀπέϐλεπον,</span> 
     </span>
    </p>
   </div>
   <div class='ocr_carea' id='block_1_58' title="bbox 473 3022 2040 3091">
    <p class='ocr_par' dir='ltr' id='par_1_58' title="bbox 473 3022 2040 3091">
     <span class='ocr_line' id='line_1_58' title="bbox 473 3022 2040 3091; baseline 0.001 -15"><span class='ocrx_word' id='word_1_419' title='bbox 473 3022 698 3091; x_wconf 87' lang='lat' dir='ltr'><strong>jubebat</strong></span> <span class='ocrx_word' id='word_1_420' title='bbox 738 3039 832 3079; x_wconf 91' lang='lat' dir='ltr'><strong>eos</strong></span> <span class='ocrx_word' id='word_1_421' title='bbox 875 3024 1152 3079; x_wconf 88' lang='lat' dir='ltr'><strong>abstinere</strong></span> <span class='ocrx_word' id='word_1_422' title='bbox 1198 3039 1229 3078; x_wconf 89' lang='lat' dir='ltr'><strong>a</strong></span> <span class='ocrx_word' id='word_1_423' title='bbox 1281 3024 1548 3080; x_wconf 88' lang='lat' dir='ltr'><strong>fermento</strong></span> <span class='ocrx_word' id='word_1_424' title='bbox 1592 3022 1910 3079; x_wconf 83' lang='lat' dir='ltr'><strong>Pbarisaico</strong></span> <span class='ocrx_word' id='word_1_425' title='bbox 1939 3023 1984 3054; x_wconf 83' lang='lat'><strong>&quot;</strong></span> <span class='ocrx_word' id='word_1_426' title='bbox 2025 3042 2040 3078; x_wconf 91' lang='lat'>:</span> 
     </span>
    </p>
   </div>
   <div class='ocr_carea' id='block_1_59' title="bbox 477 3110 2042 3186">
    <p class='ocr_par' dir='ltr' id='par_1_59' title="bbox 477 3110 2042 3186">
     <span class='ocr_line' id='line_1_59' title="bbox 477 3110 2042 3186; baseline 0.001 -17"><span class='ocrx_word' id='word_1_427' title='bbox 477 3115 560 3169; x_wconf 88' lang='lat' dir='ltr'><strong>illi</strong></span> <span class='ocrx_word' id='word_1_428' title='bbox 602 3129 729 3169; x_wconf 88' lang='lat' dir='ltr'><strong>vero</strong></span> <span class='ocrx_word' id='word_1_429' title='bbox 775 3115 971 3186; x_wconf 90' lang='lat' dir='ltr'><strong>pusillo</strong></span> <span class='ocrx_word' id='word_1_430' title='bbox 1012 3123 1066 3170; x_wconf 92' lang='lat' dir='ltr'><strong>et</strong></span> <span class='ocrx_word' id='word_1_431' title='bbox 1116 3115 1330 3184; x_wconf 86' lang='lat' dir='ltr'><strong>abjecto</strong></span> <span class='ocrx_word' id='word_1_432' title='bbox 1376 3116 1558 3170; x_wconf 86' lang='lat' dir='ltr'><strong>animo</strong></span> <span class='ocrx_word' id='word_1_433' title='bbox 1596 3110 1934 3185; x_wconf 78' lang='lat' dir='ltr'><strong>aspiciebant</strong></span> <span class='ocrx_word' id='word_1_434' title='bbox 1975 3114 2042 3170; x_wconf 91' lang='lat' dir='ltr'><strong>ad</strong></span> 
     </span>
    </p>
   </div>
   <div class='ocr_carea' id='block_1_60' title="bbox 477 3207 2045 3278">
    <p class='ocr_par' dir='ltr' id='par_1_60' title="bbox 477 3207 2045 3278">
     <span class='ocr_line' id='line_1_60' title="bbox 477 3207 2045 3278; baseline 0 -16"><span class='ocrx_word' id='word_1_435' title='bbox 477 3208 670 3263; x_wconf 86' lang='lat' dir='ltr'><strong>corbes</strong></span> <span class='ocrx_word' id='word_1_436' title='bbox 701 3207 755 3262; x_wconf 93' lang='lat' dir='ltr'><strong>in</strong></span> <span class='ocrx_word' id='word_1_437' title='bbox 796 3209 999 3278; x_wconf 90' lang='lat' dir='ltr'><strong>quibus</strong></span> <span class='ocrx_word' id='word_1_438' title='bbox 1039 3222 1240 3278; x_wconf 89' lang='lat' dir='ltr'><strong>panum</strong></span> <span class='ocrx_word' id='word_1_439' title='bbox 1285 3217 1648 3263; x_wconf 88' lang='lat' dir='ltr'><strong>commeatum</strong></span> <span class='ocrx_word' id='word_1_440' title='bbox 1693 3223 1800 3262; x_wconf 92' lang='lat' dir='ltr'><strong>non</strong></span> <span class='ocrx_word' id='word_1_441' title='bbox 1846 3207 2045 3262; x_wconf 88' lang='lat' dir='ltr'><strong>attule-</strong></span> 
     </span>
    </p>
   </div>
   <div class='ocr_carea' id='block_1_61' title="bbox 477 3300 2042 3372">
    <p class='ocr_par' dir='ltr' id='par_1_61' title="bbox 477 3300 2042 3372">
     <span class='ocr_line' id='line_1_61' title="bbox 477 3300 2042 3372; baseline 0.001 -22"><span class='ocrx_word' id='word_1_442' title='bbox 477 3304 639 3350; x_wconf 84' lang='lat' dir='ltr'><strong>runt:</strong></span> <span class='ocrx_word' id='word_1_443' title='bbox 661 3307 792 3352; x_wconf 93' lang='lat' dir='ltr'><strong>tunc</strong></span> <span class='ocrx_word' id='word_1_444' title='bbox 817 3315 912 3354; x_wconf 92' lang='lat' dir='ltr'><strong>eos</strong></span> <span class='ocrx_word' id='word_1_445' title='bbox 942 3301 1263 3364; x_wconf 87' lang='lat' dir='ltr'><strong>insectatur,</strong></span> <span class='ocrx_word' id='word_1_446' title='bbox 1295 3308 1353 3354; x_wconf 94' lang='lat' dir='ltr'><strong>ut</strong></span> <span class='ocrx_word' id='word_1_447' title='bbox 1383 3301 1476 3372; x_wconf 93' lang='lat' dir='ltr'><strong>qui</strong></span> <span class='ocrx_word' id='word_1_448' title='bbox 1517 3315 1627 3354; x_wconf 91' lang='lat' dir='ltr'><strong>non</strong></span> <span class='ocrx_word' id='word_1_449' title='bbox 1657 3300 2042 3370; x_wconf 82' lang='lat' dir='ltr'><strong>intelligerent,</strong></span> 
     </span>
    </p>
   </div>
   <div class='ocr_carea' id='block_1_62' title="bbox 479 3388 2045 3461">
    <p class='ocr_par' dir='ltr' id='par_1_62' title="bbox 479 3388 2045 3461">
     <span class='ocr_line' id='line_1_62' title="bbox 479 3388 2045 3461; baseline 0.001 -20"><span class='ocrx_word' id='word_1_450' title='bbox 479 3388 627 3458; x_wconf 91' lang='lat' dir='ltr'><strong>quod</strong></span> <span class='ocrx_word' id='word_1_451' title='bbox 676 3398 820 3445; x_wconf 88' lang='lat' dir='ltr'><strong>esset</strong></span> <span class='ocrx_word' id='word_1_452' title='bbox 872 3390 1144 3458; x_wconf 87' lang='lat' dir='ltr'><strong>doctrina,</strong></span> <span class='ocrx_word' id='word_1_453' title='bbox 1172 3405 1292 3460; x_wconf 69' lang='lat' dir='ltr'><strong>qua:</strong></span> <span class='ocrx_word' id='word_1_454' title='bbox 1345 3390 1758 3461; x_wconf 79' lang='lat' dir='ltr'><strong>significabatur</strong></span> <span class='ocrx_word' id='word_1_455' title='bbox 1788 3405 1884 3459; x_wconf 89' lang='lat' dir='ltr'><strong>per</strong></span> <span class='ocrx_word' id='word_1_456' title='bbox 1933 3390 2045 3445; x_wconf 84' lang='lat' dir='ltr'><strong>fer--</strong></span> 
     </span>
    </p>
   </div>
   <div class='ocr_carea' id='block_1_63' title="bbox 480 3480 2048 3551">
    <p class='ocr_par' dir='ltr' id='par_1_63' title="bbox 480 3480 2048 3551">
     <span class='ocr_line' id='line_1_63' title="bbox 480 3480 2048 3551; baseline 0.002 -19"><span class='ocrx_word' id='word_1_457' title='bbox 480 3489 744 3534; x_wconf 80' lang='lat' dir='ltr'><strong>utentum.</strong></span> <span class='ocrx_word' id='word_1_458' title='bbox 797 3480 863 3533; x_wconf 85' lang='lat' dir='ltr'><strong>Et</strong></span> <span class='ocrx_word' id='word_1_459' title='bbox 906 3497 1098 3538; x_wconf 81' lang='lat' dir='ltr'><strong>rursus</strong></span> <span class='ocrx_word' id='word_1_460' title='bbox 1147 3497 1270 3536; x_wconf 89' lang='lat' dir='ltr'><strong>cum</strong></span> <span class='ocrx_word' id='word_1_461' title='bbox 1319 3483 1370 3536; x_wconf 91' lang='lat' dir='ltr'><strong>ei</strong></span> <span class='ocrx_word' id='word_1_462' title='bbox 1419 3496 1664 3537; x_wconf 88' lang='lat' dir='ltr'><strong>mensam</strong></span> <span class='ocrx_word' id='word_1_463' title='bbox 1716 3488 2048 3551; x_wconf 90' lang='lat' dir='ltr'><strong>apponerent</strong></span> 
     </span>
    </p>
   </div>
   <div class='ocr_carea' id='block_1_64' title="bbox 482 3568 2046 3642">
    <p class='ocr_par' dir='ltr' id='par_1_64' title="bbox 482 3568 2046 3642">
     <span class='ocr_line' id='line_1_64' title="bbox 482 3568 2046 3642; baseline 0.003 -21"><span class='ocrx_word' id='word_1_464' title='bbox 482 3568 762 3637; x_wconf 90' lang='lat' dir='ltr'><strong>discipuli,</strong></span> <span class='ocrx_word' id='word_1_465' title='bbox 806 3569 1030 3640; x_wconf 88' lang='lat' dir='ltr'><strong>ipseque</strong></span> <span class='ocrx_word' id='word_1_466' title='bbox 1073 3572 1493 3640; x_wconf 88' lang='lat' dir='ltr'><strong>respondisset:</strong></span> <span class='ocrx_word' id='word_1_467' title='bbox 1529 3570 1640 3642; x_wconf 88' lang='lat' dir='ltr'><strong>Ego</strong></span> <span class='ocrx_word' id='word_1_468' title='bbox 1669 3571 1828 3625; x_wconf 81' lang='lat' dir='ltr'><strong>habeo</strong></span> <span class='ocrx_word' id='word_1_469' title='bbox 1870 3587 2046 3626; x_wconf 81' lang='lat' dir='ltr'><strong>come-</strong></span> 
     </span>
    </p>
   </div>
   <div class='ocr_carea' id='block_1_65' title="bbox 484 3659 2048 3734">
    <p class='ocr_par' dir='ltr' id='par_1_65' title="bbox 484 3659 2048 3734">
     <span class='ocr_line' id='line_1_65' title="bbox 484 3659 2048 3734; baseline 0.005 -22"><span class='ocrx_word' id='word_1_470' title='bbox 484 3659 710 3713; x_wconf 79' lang='lat' dir='ltr'><strong>dendum</strong></span> <span class='ocrx_word' id='word_1_471' title='bbox 732 3662 902 3716; x_wconf 81' lang='lat' dir='ltr'><strong>cibum</strong></span> <span class='ocrx_word' id='word_1_472' title='bbox 933 3679 1084 3732; x_wconf 85' lang='lat' dir='ltr'><strong>quem</strong></span> <span class='ocrx_word' id='word_1_473' title='bbox 1110 3680 1196 3717; x_wconf 83' lang='lat' dir='ltr'><strong>vos</strong></span> <span class='ocrx_word' id='word_1_474' title='bbox 1225 3663 1513 3725; x_wconf 69' lang='lat' dir='ltr'><strong>nescitis&quot;.</strong></span> <span class='ocrx_word' id='word_1_475' title='bbox 1533 3664 2048 3734; x_wconf 66' lang='lat' dir='ltr'><strong>existimassentqw</strong></span> 
     </span>
    </p>
   </div>
   <div class='ocr_carea' id='block_1_66' title="bbox 482 3740 2047 3823">
    <p class='ocr_par' dir='ltr' id='par_1_66' title="bbox 482 3740 2047 3823">
     <span class='ocr_line' id='line_1_66' title="bbox 482 3740 2047 3823; baseline 0.005 -21"><span class='ocrx_word' id='word_1_476' title='bbox 482 3765 608 3803; x_wconf 92' lang='lat' dir='ltr'><strong>eum</strong></span> <span class='ocrx_word' id='word_1_477' title='bbox 639 3750 821 3805; x_wconf 88' lang='lat' dir='ltr'><strong>dicere</strong></span> <span class='ocrx_word' id='word_1_478' title='bbox 861 3751 928 3806; x_wconf 91' lang='lat' dir='ltr'><strong>de</strong></span> <span class='ocrx_word' id='word_1_479' title='bbox 962 3753 1232 3822; x_wconf 89' lang='lat' dir='ltr'><strong>corporali</strong></span> <span class='ocrx_word' id='word_1_480' title='bbox 1263 3754 1387 3808; x_wconf 90' lang='lat' dir='ltr'><strong>cibo</strong></span> <span class='ocrx_word' id='word_1_481' title='bbox 1419 3740 1676 3823; x_wconf 85' lang='lat' dir='ltr'><strong>tanquam</strong></span> <span class='ocrx_word' id='word_1_482' title='bbox 1712 3755 1932 3810; x_wconf 88' lang='lat' dir='ltr'><strong>aliunde</strong></span> <span class='ocrx_word' id='word_1_483' title='bbox 1980 3756 2047 3810; x_wconf 88' lang='lat' dir='ltr'><strong>ad</strong></span> 
     </span>
    </p>
   </div>
   <div class='ocr_carea' id='block_1_67' title="bbox 480 3844 2049 3916">
    <p class='ocr_par' dir='ltr' id='par_1_67' title="bbox 480 3844 2049 3916">
     <span class='ocr_line' id='line_1_67' title="bbox 480 3844 2049 3916; baseline 0.003 -19"><span class='ocrx_word' id='word_1_484' title='bbox 480 3857 606 3897; x_wconf 89' lang='lat' dir='ltr'><strong>eum</strong></span> <span class='ocrx_word' id='word_1_485' title='bbox 649 3844 834 3908; x_wconf 82' lang='lat' dir='ltr'><strong>allato,</strong></span> <span class='ocrx_word' id='word_1_486' title='bbox 882 3860 1041 3900; x_wconf 89' lang='lat' dir='ltr'><strong>suum</strong></span> <span class='ocrx_word' id='word_1_487' title='bbox 1093 3860 1399 3901; x_wconf 85' lang='lat' dir='ltr'><strong>sermonem</strong></span> <span class='ocrx_word' id='word_1_488' title='bbox 1449 3847 1853 3916; x_wconf 89' lang='lat' dir='ltr'><strong>interpretatur,</strong></span> <span class='ocrx_word' id='word_1_489' title='bbox 1901 3846 2049 3916; x_wconf 91' lang='lat' dir='ltr'><strong>quod</strong></span> 
     </span>
    </p>
   </div>
   <div class='ocr_carea' id='block_1_68' title="bbox 481 3935 2049 4002">
    <p class='ocr_par' dir='ltr' id='par_1_68' title="bbox 481 3935 2049 4002">
     <span class='ocr_line' id='line_1_68' title="bbox 481 3935 2049 4002; baseline 0.003 -14"><span class='ocrx_word' id='word_1_490' title='bbox 481 3935 586 3988; x_wconf 90' lang='lat' dir='ltr'><strong>sibi</strong></span> <span class='ocrx_word' id='word_1_491' title='bbox 641 3936 973 3993; x_wconf 86' lang='lat' dir='ltr'><strong>conveniens</strong></span> <span class='ocrx_word' id='word_1_492' title='bbox 1026 3945 1171 3992; x_wconf 87' lang='lat' dir='ltr'><strong>esset</strong></span> <span class='ocrx_word' id='word_1_493' title='bbox 1225 3937 1399 4002; x_wconf 87' lang='lat' dir='ltr'><strong>cibus,</strong></span> <span class='ocrx_word' id='word_1_494' title='bbox 1447 3938 1702 3992; x_wconf 85' lang='lat' dir='ltr'><strong>salutaris</strong></span> <span class='ocrx_word' id='word_1_495' title='bbox 1755 3937 2049 3993; x_wconf 82' lang='lat' dir='ltr'><strong>voluntatis</strong></span> 
     </span>
    </p>
   </div>
   <div class='ocr_carea' id='block_1_69' title="bbox 483 4025 819 4096">
    <p class='ocr_par' dir='ltr' id='par_1_69' title="bbox 483 4025 819 4096">
     <span class='ocr_line' id='line_1_69' title="bbox 483 4025 819 4096; baseline 0 -17"><span class='ocrx_word' id='word_1_496' title='bbox 483 4025 625 4080; x_wconf 88' lang='lat' dir='ltr'><strong>adim</strong></span> <span class='ocrx_word' id='word_1_497' title='bbox 635 4029 819 4096; x_wconf 89' lang='lat' dir='ltr'><strong>pletio.</strong></span> 
     </span>
    </p>
   </div>
   <div class='ocr_carea' id='block_1_70' title="bbox 553 4115 2050 4190">
    <p class='ocr_par' dir='ltr' id='par_1_70' title="bbox 553 4115 2050 4190">
     <span class='ocr_line' id='line_1_70' title="bbox 553 4115 2050 4190; baseline 0.006 -22"><span class='ocrx_word' id='word_1_498' title='bbox 553 4115 830 4184; x_wconf 83' lang='lat' dir='ltr'><strong>Ejusmodi</strong></span> <span class='ocrx_word' id='word_1_499' title='bbox 895 4118 1126 4188; x_wconf 90' lang='lat' dir='ltr'><strong>plurima</strong></span> <span class='ocrx_word' id='word_1_500' title='bbox 1185 4119 1312 4174; x_wconf 89' lang='lat' dir='ltr'><strong>licet</strong></span> <span class='ocrx_word' id='word_1_501' title='bbox 1372 4120 1627 4190; x_wconf 82' lang='lat' dir='ltr'><strong>colligere</strong></span> <span class='ocrx_word' id='word_1_502' title='bbox 1683 4136 1752 4175; x_wconf 82' lang='lat' dir='ltr'><strong>ex</strong></span> <span class='ocrx_word' id='word_1_503' title='bbox 1820 4121 2050 4177; x_wconf 89' lang='lat' dir='ltr'><strong>vocibus</strong></span> 
     </span>
    </p>
   </div>
   <div class='ocr_carea' id='block_1_71' title="bbox 480 4209 2051 4283">
    <p class='ocr_par' dir='ltr' id='par_1_71' title="bbox 480 4209 2051 4283">
     <span class='ocr_line' id='line_1_71' title="bbox 480 4209 2051 4283; baseline 0.002 -20"><span class='ocrx_word' id='word_1_504' title='bbox 480 4209 830 4279; x_wconf 84' lang='lat' dir='ltr'><strong>evangelicis,</strong></span> <span class='ocrx_word' id='word_1_505' title='bbox 861 4209 916 4262; x_wconf 92' lang='lat' dir='ltr'><strong>in</strong></span> <span class='ocrx_word' id='word_1_506' title='bbox 943 4209 1140 4279; x_wconf 88' lang='lat' dir='ltr'><strong>quibus</strong></span> <span class='ocrx_word' id='word_1_507' title='bbox 1173 4219 1257 4264; x_wconf 91' lang='lat' dir='ltr'><strong>est</strong></span> <span class='ocrx_word' id='word_1_508' title='bbox 1281 4211 1423 4264; x_wconf 85' lang='lat' dir='ltr'><strong>aliud</strong></span> <span class='ocrx_word' id='word_1_509' title='bbox 1456 4211 1600 4280; x_wconf 92' lang='lat' dir='ltr'><strong>quod</strong></span> <span class='ocrx_word' id='word_1_510' title='bbox 1632 4211 1955 4283; x_wconf 82' lang='lat' dir='ltr'><strong>intelligitur</strong></span> <span class='ocrx_word' id='word_1_511' title='bbox 1981 4229 2051 4268; x_wconf 78' lang='lat' dir='ltr'><strong>ex</strong></span> 
     </span>
    </p>
   </div>
   <div class='ocr_carea' id='block_1_72' title="bbox 481 4301 2052 4376">
    <p class='ocr_par' dir='ltr' id='par_1_72' title="bbox 481 4301 2052 4376">
     <span class='ocr_line' id='line_1_72' title="bbox 481 4301 2052 4376; baseline 0.003 -20"><span class='ocrx_word' id='word_1_512' title='bbox 481 4317 548 4356; x_wconf 86' lang='lat' dir='ltr'><strong>eo</strong></span> <span class='ocrx_word' id='word_1_513' title='bbox 577 4301 719 4370; x_wconf 88' lang='lat' dir='ltr'><strong>quod</strong></span> <span class='ocrx_word' id='word_1_514' title='bbox 754 4308 837 4356; x_wconf 88' lang='lat' dir='ltr'><strong>est</strong></span> <span class='ocrx_word' id='word_1_515' title='bbox 869 4302 923 4356; x_wconf 92' lang='lat' dir='ltr'><strong>iu</strong></span> <span class='ocrx_word' id='word_1_516' title='bbox 955 4310 1233 4372; x_wconf 91' lang='lat' dir='ltr'><strong>promptu,</strong></span> <span class='ocrx_word' id='word_1_517' title='bbox 1269 4303 1414 4356; x_wconf 89' lang='lat' dir='ltr'><strong>aliud</strong></span> <span class='ocrx_word' id='word_1_518' title='bbox 1458 4312 1636 4358; x_wconf 88' lang='lat' dir='ltr'><strong>autem</strong></span> <span class='ocrx_word' id='word_1_519' title='bbox 1667 4305 1734 4359; x_wconf 90' lang='lat' dir='ltr'><strong>ad</strong></span> <span class='ocrx_word' id='word_1_520' title='bbox 1777 4305 1924 4376; x_wconf 91' lang='lat' dir='ltr'><strong>quod</strong></span> <span class='ocrx_word' id='word_1_521' title='bbox 1966 4307 2052 4360; x_wconf 89' lang='lat' dir='ltr'><strong>in-</strong></span> 
     </span>
    </p>
   </div>
   <div class='ocr_carea' id='block_1_73' title="bbox 2143 3014 3711 3092">
    <p class='ocr_par' dir='ltr' id='par_1_73' title="bbox 2143 3014 3711 3092">
     <span class='ocr_line' id='line_1_73' title="bbox 2143 3014 3711 3092; baseline -0.001 -20"><span class='ocrx_word' id='word_1_522' title='bbox 2143 3021 2201 3072; x_wconf 86' lang='grc' dir='ltr'><strong>ὲν</strong></span> <span class='ocrx_word' id='word_1_523' title='bbox 2230 3014 2317 3082; x_wconf 76' lang='grc' dir='ltr'><strong>αἷς</strong></span> <span class='ocrx_word' id='word_1_524' title='bbox 2339 3019 2431 3072; x_wconf 77' lang='grc' dir='ltr'>τὸν</span> <span class='ocrx_word' id='word_1_525' title='bbox 2457 3021 2522 3073; x_wconf 86' lang='grc' dir='ltr'><strong>ἐκ</strong></span> <span class='ocrx_word' id='word_1_526' title='bbox 2558 3020 2668 3072; x_wconf 91' lang='grc' dir='ltr'><strong>τῶν</strong></span> <span class='ocrx_word' id='word_1_527' title='bbox 2699 3021 2878 3092; x_wconf 83' lang='grc' dir='ltr'>ἄρτων</span> <span class='ocrx_word' id='word_1_528' title='bbox 2908 3020 3248 3088; x_wconf 82' lang='grc' dir='ltr'>ἐπισιτισμὸν</span> <span class='ocrx_word' id='word_1_529' title='bbox 3278 3019 3378 3071; x_wconf 71' lang='grc' dir='ltr'>οὐκ</span> <span class='ocrx_word' id='word_1_530' title='bbox 3426 3021 3711 3089; x_wconf 85' lang='grc' dir='ltr'>ἐπήγοντο,</span> 
     </span>
    </p>
   </div>
   <div class='ocr_carea' id='block_1_74' title="bbox 2144 3109 3714 3182">
    <p class='ocr_par' dir='ltr' id='par_1_74' title="bbox 2144 3109 3714 3182">
     <span class='ocr_line' id='line_1_74' title="bbox 2144 3109 3714 3182; baseline -0.001 -20"><span class='ocrx_word' id='word_1_531' title='bbox 2144 3111 2265 3164; x_wconf 88' lang='grc' dir='ltr'>τότε</span> <span class='ocrx_word' id='word_1_532' title='bbox 2299 3111 2636 3164; x_wconf 87' lang='grc' dir='ltr'>καθάπτεται</span> <span class='ocrx_word' id='word_1_533' title='bbox 2671 3110 2780 3164; x_wconf 89' lang='grc' dir='ltr'><strong>τῶν</strong></span> <span class='ocrx_word' id='word_1_534' title='bbox 2819 3111 2892 3182; x_wconf 79' lang='grc' dir='ltr'>μὴ</span> <span class='ocrx_word' id='word_1_535' title='bbox 2938 3111 3245 3173; x_wconf 83' lang='grc' dir='ltr'>συνιέντων,</span> <span class='ocrx_word' id='word_1_536' title='bbox 3284 3110 3366 3163; x_wconf 84' lang='grc' dir='ltr'>ὅτι</span> <span class='ocrx_word' id='word_1_537' title='bbox 3397 3109 3714 3162; x_wconf 86' lang='grc' dir='ltr'>διδασκαλία</span> 
     </span>
    </p>
   </div>
   <div class='ocr_carea' id='block_1_75' title="bbox 2143 3198 3712 3274">
    <p class='ocr_par' dir='ltr' id='par_1_75' title="bbox 2143 3198 3712 3274">
     <span class='ocr_line' id='line_1_75' title="bbox 2143 3198 3712 3274; baseline -0.001 -19"><span class='ocrx_word' id='word_1_538' title='bbox 2143 3198 2212 3274; x_wconf 74' lang='grc' dir='ltr'><strong>ἦν</strong></span> <span class='ocrx_word' id='word_1_539' title='bbox 2244 3202 2305 3256; x_wconf 78' lang='grc' dir='ltr'>τὸ</span> <span class='ocrx_word' id='word_1_540' title='bbox 2335 3202 2425 3255; x_wconf 84' lang='grc' dir='ltr'>διὰ</span> <span class='ocrx_word' id='word_1_541' title='bbox 2455 3201 2546 3256; x_wconf 81' lang='grc' dir='ltr'>τοῦ</span> <span class='ocrx_word' id='word_1_542' title='bbox 2578 3201 2750 3272; x_wconf 80' lang='grc' dir='ltr'>ζυμοῦ</span> <span class='ocrx_word' id='word_1_543' title='bbox 2775 3201 3122 3274; x_wconf 87' lang='grc' dir='ltr'>δηλούμενον.</span> <span class='ocrx_word' id='word_1_544' title='bbox 3168 3203 3277 3255; x_wconf 77' lang='grc' dir='ltr'><strong>Καὶ</strong></span> <span class='ocrx_word' id='word_1_545' title='bbox 3310 3202 3470 3256; x_wconf 85' lang='grc' dir='ltr'>πάλιν</span> <span class='ocrx_word' id='word_1_546' title='bbox 3505 3201 3712 3272; x_wconf 80' lang='grc' dir='ltr'>τράπε-</span> 
     </span>
    </p>
   </div>
   <div class='ocr_carea' id='block_1_76' title="bbox 2147 3294 3710 3366">
    <p class='ocr_par' dir='ltr' id='par_1_76' title="bbox 2147 3294 3710 3366">
     <span class='ocr_line' id='line_1_76' title="bbox 2147 3294 3710 3366; baseline -0.002 -17"><span class='ocrx_word' id='word_1_547' title='bbox 2147 3296 2246 3360; x_wconf 78' lang='grc' dir='ltr'>ζαν</span> <span class='ocrx_word' id='word_1_548' title='bbox 2276 3295 2424 3366; x_wconf 87' lang='grc' dir='ltr'><strong>αύτῷ</strong></span> <span class='ocrx_word' id='word_1_549' title='bbox 2445 3295 2552 3349; x_wconf 89' lang='grc' dir='ltr'><strong>τῶν</strong></span> <span class='ocrx_word' id='word_1_550' title='bbox 2589 3295 2848 3366; x_wconf 84' lang='grc' dir='ltr'>μαθητῶν</span> <span class='ocrx_word' id='word_1_551' title='bbox 2880 3295 3250 3366; x_wconf 87' lang='grc' dir='ltr'>παραθέντων,</span> <span class='ocrx_word' id='word_1_552' title='bbox 3267 3294 3710 3366; x_wconf 82' lang='grc' dir='ltr'>ἀποκρινόμενος,</span> 
     </span>
    </p>
   </div>
   <div class='ocr_carea' id='block_1_77' title="bbox 2145 3386 3719 3458">
    <p class='ocr_par' dir='ltr' id='par_1_77' title="bbox 2145 3386 3719 3458">
     <span class='ocr_line' id='line_1_77' title="bbox 2145 3386 3719 3458; baseline -0.001 -18"><span class='ocrx_word' id='word_1_553' title='bbox 2145 3387 2227 3440; x_wconf 83' lang='grc' dir='ltr'>ὅτι</span> <span class='ocrx_word' id='word_1_554' title='bbox 2267 3387 2414 3456; x_wconf 73' lang='grc' dir='ltr'><strong>Ἐγὼ</strong></span> <span class='ocrx_word' id='word_1_555' title='bbox 2439 3386 2675 3455; x_wconf 80' lang='grc' dir='ltr'>,βρῶσιν</span> <span class='ocrx_word' id='word_1_556' title='bbox 2697 3388 2814 3455; x_wconf 82' lang='grc' dir='ltr'><strong>ἐχω</strong></span> <span class='ocrx_word' id='word_1_557' title='bbox 2832 3387 3030 3458; x_wconf 63' lang='grc' dir='ltr'>φαγεῖν</span> <span class='ocrx_word' id='word_1_558' title='bbox 3049 3428 3064 3452; x_wconf 94' lang='grc'><strong>,</strong></span> <span class='ocrx_word' id='word_1_559' title='bbox 3090 3386 3169 3455; x_wconf 74' lang='grc' dir='ltr'><strong>ἣν</strong></span> <span class='ocrx_word' id='word_1_560' title='bbox 3189 3386 3356 3456; x_wconf 74' lang='grc' dir='ltr'>ὑμεῖς</span> <span class='ocrx_word' id='word_1_561' title='bbox 3371 3390 3481 3440; x_wconf 83' lang='grc' dir='ltr'>οὐκ</span> <span class='ocrx_word' id='word_1_562' title='bbox 3497 3386 3719 3448; x_wconf 78' lang='grc' dir='ltr'>οῖδατε,</span> 
     </span>
    </p>
   </div>
   <div class='ocr_carea' id='block_1_78' title="bbox 2147 3476 3718 3549">
    <p class='ocr_par' dir='ltr' id='par_1_78' title="bbox 2147 3476 3718 3549">
     <span class='ocr_line' id='line_1_78' title="bbox 2147 3476 3718 3549; baseline -0.001 -19"><span class='ocrx_word' id='word_1_563' title='bbox 2147 3477 2560 3549; x_wconf 81' lang='grc' dir='ltr'>ὑπονοησάντων</span> <span class='ocrx_word' id='word_1_564' title='bbox 2603 3477 2780 3531; x_wconf 81' lang='grc' dir='ltr'>αὐτῶν</span> <span class='ocrx_word' id='word_1_565' title='bbox 2817 3478 2944 3549; x_wconf 77' lang='grc' dir='ltr'>περὶ</span> <span class='ocrx_word' id='word_1_566' title='bbox 2980 3477 3300 3548; x_wconf 81' lang='grc' dir='ltr'>σωματικῆς</span> <span class='ocrx_word' id='word_1_567' title='bbox 3345 3477 3505 3530; x_wconf 83' lang='grc' dir='ltr'>αὐτὸν</span> <span class='ocrx_word' id='word_1_568' title='bbox 3541 3476 3718 3544; x_wconf 85' lang='grc' dir='ltr'>λέγειν</span> 
     </span>
    </p>
   </div>
   <div class='ocr_carea' id='block_1_79' title="bbox 2145 3566 3716 3641">
    <p class='ocr_par' dir='ltr' id='par_1_79' title="bbox 2145 3566 3716 3641">
     <span class='ocr_line' id='line_1_79' title="bbox 2145 3566 3716 3641; baseline -0.002 -19"><span class='ocrx_word' id='word_1_569' title='bbox 2145 3569 2370 3640; x_wconf 76' lang='grc' dir='ltr'>τροφῆς,</span> <span class='ocrx_word' id='word_1_570' title='bbox 2385 3568 2461 3632; x_wconf 82' lang='grc' dir='ltr'><strong>ὡς</strong></span> <span class='ocrx_word' id='word_1_571' title='bbox 2484 3568 2746 3640; x_wconf 80' lang='grc' dir='ltr'>ἑτέρωθεν</span> <span class='ocrx_word' id='word_1_572' title='bbox 2761 3569 2908 3638; x_wconf 82' lang='grc' dir='ltr'>αύτῷ</span> <span class='ocrx_word' id='word_1_573' title='bbox 2927 3569 3399 3641; x_wconf 80' lang='grc' dir='ltr'>προσενεχθείσης,</span> <span class='ocrx_word' id='word_1_574' title='bbox 3425 3566 3716 3639; x_wconf 77' lang='grc' dir='ltr'>ἐρμηνεύιι</span> 
     </span>
    </p>
   </div>
   <div class='ocr_carea' id='block_1_80' title="bbox 2144 3652 3718 3731">
    <p class='ocr_par' dir='ltr' id='par_1_80' title="bbox 2144 3652 3718 3731">
     <span class='ocr_line' id='line_1_80' title="bbox 2144 3652 3718 3731; baseline -0.001 -17"><span class='ocrx_word' id='word_1_575' title='bbox 2144 3661 2236 3716; x_wconf 81' lang='grc' dir='ltr'><strong>τὸν</strong></span> <span class='ocrx_word' id='word_1_576' title='bbox 2279 3661 2472 3716; x_wconf 78' lang='grc' dir='ltr'>ἑαυτοῦ</span> <span class='ocrx_word' id='word_1_577' title='bbox 2502 3662 2678 3731; x_wconf 86' lang='grc' dir='ltr'>λόγον,</span> <span class='ocrx_word' id='word_1_578' title='bbox 2715 3663 2797 3716; x_wconf 82' lang='grc' dir='ltr'>ὅτι</span> <span class='ocrx_word' id='word_1_579' title='bbox 2837 3652 3038 3731; x_wconf 79' lang='grc' dir='ltr'>βρῶσίς</span> <span class='ocrx_word' id='word_1_580' title='bbox 3071 3663 3220 3715; x_wconf 84' lang='grc' dir='ltr'>ἐστιν</span> <span class='ocrx_word' id='word_1_581' title='bbox 3255 3660 3404 3731; x_wconf 84' lang='grc' dir='ltr'><strong>αύτῷ</strong></span> <span class='ocrx_word' id='word_1_582' title='bbox 3433 3659 3718 3730; x_wconf 87' lang='grc' dir='ltr'>πρέπουσα</span> 
     </span>
    </p>
   </div>
   <div class='ocr_carea' id='block_1_81' title="bbox 2147 3751 3720 3825">
    <p class='ocr_par' dir='ltr' id='par_1_81' title="bbox 2147 3751 3720 3825">
     <span class='ocr_line' id='line_1_81' title="bbox 2147 3751 3720 3825; baseline -0.002 -19"><span class='ocrx_word' id='word_1_583' title='bbox 2147 3753 2243 3806; x_wconf 77' lang='grc' dir='ltr'>καὶ</span> <span class='ocrx_word' id='word_1_584' title='bbox 2269 3752 2618 3825; x_wconf 87' lang='grc' dir='ltr'>κατάλληλος,</span> <span class='ocrx_word' id='word_1_585' title='bbox 2656 3754 2690 3824; x_wconf 82' lang='grc' dir='ltr'><strong>ἡ</strong></span> <span class='ocrx_word' id='word_1_586' title='bbox 2720 3752 2814 3806; x_wconf 82' lang='grc' dir='ltr'>τοῦ</span> <span class='ocrx_word' id='word_1_587' title='bbox 2839 3753 3106 3824; x_wconf 90' lang='grc' dir='ltr'>σωτηρίου</span> <span class='ocrx_word' id='word_1_588' title='bbox 3139 3752 3440 3823; x_wconf 79' lang='grc' dir='ltr'>θελήματος</span> <span class='ocrx_word' id='word_1_589' title='bbox 3471 3751 3720 3822; x_wconf 82' lang='grc' dir='ltr'>ἀποπλή-</span> 
     </span>
    </p>
   </div>
   <div class='ocr_carea' id='block_1_82' title="bbox 2151 3861 2339 3917">
    <p class='ocr_par' dir='ltr' id='par_1_82' title="bbox 2151 3861 2339 3917">
     <span class='ocr_line' id='line_1_82' title="bbox 2151 3861 2339 3917; baseline -0.037 0"><span class='ocrx_word' id='word_1_590' title='bbox 2151 3861 2339 3917; x_wconf 85' lang='grc' dir='ltr'><strong>ρωσις.</strong></span> 
     </span>
    </p>
   </div>
   <div class='ocr_carea' id='block_1_83' title="bbox 2220 4114 3721 4190">
    <p class='ocr_par' dir='ltr' id='par_1_83' title="bbox 2220 4114 3721 4190">
     <span class='ocr_line' id='line_1_83' title="bbox 2220 4114 3721 4190; baseline -0.003 -18"><span class='ocrx_word' id='word_1_591' title='bbox 2220 4121 2330 4172; x_wconf 75' lang='grc' dir='ltr'><strong>Καὶ</strong></span> <span class='ocrx_word' id='word_1_592' title='bbox 2381 4120 2550 4190; x_wconf 89' lang='grc' dir='ltr'>μυρία</span> <span class='ocrx_word' id='word_1_593' title='bbox 2593 4118 2814 4172; x_wconf 84' lang='grc' dir='ltr'>τοιαῦτα</span> <span class='ocrx_word' id='word_1_594' title='bbox 2858 4121 2923 4172; x_wconf 85' lang='grc' dir='ltr'><strong>ἐκ</strong></span> <span class='ocrx_word' id='word_1_595' title='bbox 2961 4117 3068 4170; x_wconf 87' lang='grc' dir='ltr'><strong>τῶν</strong></span> <span class='ocrx_word' id='word_1_596' title='bbox 3115 4114 3479 4184; x_wconf 83' lang='grc' dir='ltr'>εὐαγγελικῶν</span> <span class='ocrx_word' id='word_1_597' title='bbox 3525 4115 3721 4184; x_wconf 84' lang='grc' dir='ltr'>φωνῶν</span> 
     </span>
    </p>
   </div>
   <div class='ocr_carea' id='block_1_84' title="bbox 2150 4201 3724 4279">
    <p class='ocr_par' dir='ltr' id='par_1_84' title="bbox 2150 4201 3724 4279">
     <span class='ocr_line' id='line_1_84' title="bbox 2150 4201 3724 4279; baseline -0.005 -15"><span class='ocrx_word' id='word_1_598' title='bbox 2150 4212 2294 4264; x_wconf 80' lang='grc' dir='ltr'>ἐστιν</span> <span class='ocrx_word' id='word_1_599' title='bbox 2327 4209 2681 4274; x_wconf 77' lang='grc' dir='ltr'>ἀναλέξασθαι</span> <span class='ocrx_word' id='word_1_600' title='bbox 2704 4248 2720 4272; x_wconf 92' lang='grc'><strong>,</strong></span> <span class='ocrx_word' id='word_1_601' title='bbox 2764 4209 2850 4279; x_wconf 79' lang='grc' dir='ltr'>ἐφ’</span> <span class='ocrx_word' id='word_1_602' title='bbox 2893 4201 2968 4260; x_wconf 81' lang='grc' dir='ltr'><strong>ὧν</strong></span> <span class='ocrx_word' id='word_1_603' title='bbox 2997 4206 3122 4260; x_wconf 83' lang='grc' dir='ltr'>ἄλλο</span> <span class='ocrx_word' id='word_1_604' title='bbox 3154 4206 3254 4276; x_wconf 89' lang='grc' dir='ltr'><strong>μέν</strong></span> <span class='ocrx_word' id='word_1_605' title='bbox 3297 4208 3411 4258; x_wconf 83' lang='grc' dir='ltr'>ἐστι</span> <span class='ocrx_word' id='word_1_606' title='bbox 3440 4204 3502 4257; x_wconf 84' lang='grc' dir='ltr'>τὸ</span> <span class='ocrx_word' id='word_1_607' title='bbox 3533 4205 3596 4256; x_wconf 85' lang='grc' dir='ltr'><strong>ἐκ</strong></span> <span class='ocrx_word' id='word_1_608' title='bbox 3623 4203 3724 4256; x_wconf 75' lang='grc' dir='ltr'>τοῦ</span> 
     </span>
    </p>
   </div>
   <div class='ocr_carea' id='block_1_85' title="bbox 2151 4295 3726 4373">
    <p class='ocr_par' dir='ltr' id='par_1_85' title="bbox 2151 4295 3726 4373">
     <span class='ocr_line' id='line_1_85' title="bbox 2151 4295 3726 4373; baseline -0.004 -19"><span class='ocrx_word' id='word_1_609' title='bbox 2151 4301 2440 4373; x_wconf 84' lang='grc' dir='ltr'>προχείρου</span> <span class='ocrx_word' id='word_1_610' title='bbox 2467 4300 2771 4370; x_wconf 82' lang='grc' dir='ltr'>νοούμενον,</span> <span class='ocrx_word' id='word_1_611' title='bbox 2798 4300 2983 4370; x_wconf 78' lang='grc' dir='ltr'>ἓτερον</span> <span class='ocrx_word' id='word_1_612' title='bbox 3012 4297 3068 4350; x_wconf 82' lang='grc' dir='ltr'>δὲ</span> <span class='ocrx_word' id='word_1_613' title='bbox 3099 4297 3232 4368; x_wconf 85' lang='grc' dir='ltr'>πρὸς</span> <span class='ocrx_word' id='word_1_614' title='bbox 3266 4296 3294 4348; x_wconf 86' lang='grc' dir='ltr'>ὃ</span> <span class='ocrx_word' id='word_1_615' title='bbox 3325 4295 3510 4365; x_wconf 83' lang='grc' dir='ltr'>βλέπει</span> <span class='ocrx_word' id='word_1_616' title='bbox 3547 4297 3581 4366; x_wconf 76' lang='grc' dir='ltr'>ἡ</span> <span class='ocrx_word' id='word_1_617' title='bbox 3612 4295 3726 4347; x_wconf 89' lang='grc' dir='ltr'><strong>τῶν</strong></span> 
     </span>
    </p>
   </div>
   <div class='ocr_carea' id='block_1_86' title="bbox 482 4386 2041 4468">
    <p class='ocr_par' dir='ltr' id='par_1_86' title="bbox 482 4394 2041 4468">
     <span class='ocr_line' id='line_1_86' title="bbox 482 4394 2041 4468; baseline 0.003 -20"><span class='ocrx_word' id='word_1_618' title='bbox 482 4403 665 4448; x_wconf 90' lang='lat' dir='ltr'><strong>tuetur</strong></span> <span class='ocrx_word' id='word_1_619' title='bbox 689 4395 960 4448; x_wconf 87' lang='lat' dir='ltr'><strong>sententia</strong></span> <span class='ocrx_word' id='word_1_620' title='bbox 1000 4409 1189 4448; x_wconf 86' lang='lat' dir='ltr'><strong>eorum</strong></span> <span class='ocrx_word' id='word_1_621' title='bbox 1247 4411 1366 4465; x_wconf 79' lang='lat' dir='ltr'><strong>qua:</strong></span> <span class='ocrx_word' id='word_1_622' title='bbox 1414 4394 1708 4452; x_wconf 91' lang='lat' dir='ltr'><strong>dicuntur:</strong></span> <span class='ocrx_word' id='word_1_623' title='bbox 1763 4405 1819 4450; x_wconf 87' lang='lat' dir='ltr'><strong>ut</strong></span> <span class='ocrx_word' id='word_1_624' title='bbox 1849 4413 2041 4468; x_wconf 86' lang='lat' dir='ltr'><strong>aquam</strong></span> 
     </span>
    </p>
   </div>
   <div class='ocr_carea' id='block_1_87' title="bbox 2139 4386 3720 4468">
    <p class='ocr_par' dir='ltr' id='par_1_87' title="bbox 2152 4386 3720 4464">
     <span class='ocr_line' id='line_1_87' title="bbox 2152 4386 3720 4464; baseline -0.005 -18"><span class='ocrx_word' id='word_1_625' title='bbox 2152 4394 2456 4464; x_wconf 80' lang='grc' dir='ltr'>λεγομένων</span> <span class='ocrx_word' id='word_1_626' title='bbox 2509 4393 2736 4446; x_wconf 88' lang='grc' dir='ltr'>διάνοια·</span> <span class='ocrx_word' id='word_1_627' title='bbox 2768 4386 2877 4444; x_wconf 78' lang='grc' dir='ltr'>οἷον</span> <span class='ocrx_word' id='word_1_628' title='bbox 2914 4390 2976 4443; x_wconf 83' lang='grc' dir='ltr'>τὸ</span> <span class='ocrx_word' id='word_1_629' title='bbox 3001 4387 3145 4459; x_wconf 78' lang='grc' dir='ltr'>ὕδωρ</span> <span class='ocrx_word' id='word_1_630' title='bbox 3171 4388 3199 4440; x_wconf 83' lang='grc' dir='ltr'><strong>ὃ</strong></span> <span class='ocrx_word' id='word_1_631' title='bbox 3228 4391 3339 4451; x_wconf 86' lang='grc' dir='ltr'>τοῖς</span> <span class='ocrx_word' id='word_1_632' title='bbox 3370 4386 3562 4456; x_wconf 73' lang='grc' dir='ltr'>διψῶσι</span> <span class='ocrx_word' id='word_1_633' title='bbox 3587 4403 3720 4439; x_wconf 88' lang='grc' dir='ltr'>κατ-</span> 
     </span>
    </p>
   </div>
   <div class='ocr_carea' id='block_1_88' title="bbox 483 4477 2041 4567">
    <p class='ocr_par' dir='ltr' id='par_1_88' title="bbox 483 4484 2041 4556">
     <span class='ocr_line' id='line_1_88' title="bbox 483 4484 2041 4556; baseline 0.004 -20"><span class='ocrx_word' id='word_1_634' title='bbox 483 4500 645 4553; x_wconf 88' lang='lat' dir='ltr'><strong>quam</strong></span> <span class='ocrx_word' id='word_1_635' title='bbox 677 4485 926 4554; x_wconf 86' lang='lat' dir='ltr'><strong>promisit</strong></span> <span class='ocrx_word' id='word_1_636' title='bbox 957 4484 1291 4550; x_wconf 90' lang='lat' dir='ltr'><strong>sitientibus,</strong></span> <span class='ocrx_word' id='word_1_637' title='bbox 1324 4502 1419 4555; x_wconf 88' lang='lat' dir='ltr'><strong>per</strong></span> <span class='ocrx_word' id='word_1_638' title='bbox 1464 4501 1626 4556; x_wconf 89' lang='lat' dir='ltr'><strong>quam</strong></span> <span class='ocrx_word' id='word_1_639' title='bbox 1678 4485 1813 4540; x_wconf 81' lang='lat' dir='ltr'><strong>fiunt</strong></span> <span class='ocrx_word' id='word_1_640' title='bbox 1866 4487 2041 4542; x_wconf 87' lang='lat' dir='ltr'><strong>fontes</strong></span> 
     </span>
    </p>
   </div>
   <div class='ocr_carea' id='block_1_89' title="bbox 2139 4477 3722 4567">
    <p class='ocr_par' dir='ltr' id='par_1_89' title="bbox 2149 4477 3722 4557">
     <span class='ocr_line' id='line_1_89' title="bbox 2149 4477 3722 4557; baseline -0.006 -17"><span class='ocrx_word' id='word_1_641' title='bbox 2149 4487 2526 4557; x_wconf 81' lang='grc' dir='ltr'>επηγγείλατο,</span> <span class='ocrx_word' id='word_1_642' title='bbox 2572 4485 2638 4538; x_wconf 83' lang='grc' dir='ltr'><strong>δι’</strong></span> <span class='ocrx_word' id='word_1_643' title='bbox 2671 4477 2732 4537; x_wconf 74' lang='grc' dir='ltr'><strong>οὗ</strong></span> <span class='ocrx_word' id='word_1_644' title='bbox 2780 4484 2954 4554; x_wconf 72' lang='grc' dir='ltr'>πηγαὶ</span> <span class='ocrx_word' id='word_1_645' title='bbox 2991 4480 3251 4550; x_wconf 85' lang='grc' dir='ltr'>ποταμῶν</span> <span class='ocrx_word' id='word_1_646' title='bbox 3295 4481 3533 4548; x_wconf 84' lang='grc' dir='ltr'>γίνονται</span> <span class='ocrx_word' id='word_1_647' title='bbox 3559 4481 3608 4532; x_wconf 85' lang='grc' dir='ltr'>οἱ</span> <span class='ocrx_word' id='word_1_648' title='bbox 3636 4497 3722 4531; x_wconf 82' lang='grc' dir='ltr'>πι-</span> 
     </span>
    </p>
   </div>
   <div class='ocr_carea' id='block_1_90' title="bbox 482 4570 2041 4650">
    <p class='ocr_par' dir='ltr' id='par_1_90' title="bbox 482 4573 2041 4646">
     <span class='ocr_line' id='line_1_90' title="bbox 482 4573 2041 4646; baseline 0.003 -19"><span class='ocrx_word' id='word_1_649' title='bbox 482 4573 773 4645; x_wconf 73' lang='lat' dir='ltr'><strong>ﬂpviorum</strong></span> <span class='ocrx_word' id='word_1_650' title='bbox 814 4573 882 4628; x_wconf 90' lang='lat' dir='ltr'><strong>iis</strong></span> <span class='ocrx_word' id='word_1_651' title='bbox 921 4575 1014 4643; x_wconf 91' lang='lat' dir='ltr'><strong>qui</strong></span> <span class='ocrx_word' id='word_1_652' title='bbox 1049 4574 1319 4640; x_wconf 88' lang='lat' dir='ltr'><strong>credunt;</strong></span> <span class='ocrx_word' id='word_1_653' title='bbox 1345 4590 1534 4646; x_wconf 86' lang='lat' dir='ltr'><strong>panem</strong></span> <span class='ocrx_word' id='word_1_654' title='bbox 1566 4575 1660 4645; x_wconf 94' lang='lat' dir='ltr'><strong>qui</strong></span> <span class='ocrx_word' id='word_1_655' title='bbox 1693 4576 1760 4631; x_wconf 91' lang='lat' dir='ltr'><strong>de</strong></span> <span class='ocrx_word' id='word_1_656' title='bbox 1794 4577 1933 4631; x_wconf 76' lang='lat' dir='ltr'><strong>etelo</strong></span> <span class='ocrx_word' id='word_1_657' title='bbox 1962 4577 2041 4632; x_wconf 88' lang='lat' dir='ltr'><strong>de-</strong></span> 
     </span>
    </p>
   </div>
   <div class='ocr_carea' id='block_1_91' title="bbox 2139 4570 3816 4650">
    <p class='ocr_par' dir='ltr' id='par_1_91' title="bbox 2153 4570 3816 4650">
     <span class='ocr_line' id='line_1_91' title="bbox 2153 4570 3816 4650; baseline -0.006 -16"><span class='ocrx_word' id='word_1_658' title='bbox 2153 4579 2447 4642; x_wconf 86' lang='grc' dir='ltr'>στεύοντες,</span> <span class='ocrx_word' id='word_1_659' title='bbox 2477 4578 2567 4630; x_wconf 84' lang='grc' dir='ltr'>τὸν</span> <span class='ocrx_word' id='word_1_660' title='bbox 2601 4578 2762 4650; x_wconf 84' lang='grc' dir='ltr'>άρτον</span> <span class='ocrx_word' id='word_1_661' title='bbox 2797 4576 2885 4628; x_wconf 76' lang='grc' dir='ltr'>τὸν</span> <span class='ocrx_word' id='word_1_662' title='bbox 2916 4576 2981 4628; x_wconf 82' lang='grc' dir='ltr'>ὲκ</span> <span class='ocrx_word' id='word_1_663' title='bbox 3023 4574 3131 4627; x_wconf 87' lang='grc' dir='ltr'><strong>τῶν</strong></span> <span class='ocrx_word' id='word_1_664' title='bbox 3169 4571 3413 4643; x_wconf 78' lang='grc' dir='ltr'>οὐρανῶν</span> <span class='ocrx_word' id='word_1_665' title='bbox 3443 4570 3718 4624; x_wconf 76' lang='grc' dir='ltr'>καταϐαί-</span> <span class='ocrx_word' id='word_1_666' title='bbox 3813 4619 3816 4624; x_wconf 92' lang='grc'>.</span> 
     </span>
    </p>
   </div>
   <div class='ocr_carea' id='block_1_92' title="bbox 482 4664 2052 4740">
    <p class='ocr_par' dir='ltr' id='par_1_92' title="bbox 482 4664 2052 4740">
     <span class='ocr_line' id='line_1_92' title="bbox 482 4664 2052 4740; baseline 0.003 -20"><span class='ocrx_word' id='word_1_667' title='bbox 482 4664 715 4728; x_wconf 79' lang='lat' dir='ltr'><strong>scendit,</strong></span> <span class='ocrx_word' id='word_1_668' title='bbox 748 4665 1010 4736; x_wconf 86' lang='lat' dir='ltr'><strong>templum</strong></span> <span class='ocrx_word' id='word_1_669' title='bbox 1024 4665 1169 4736; x_wconf 89' lang='lat' dir='ltr'><strong>quod</strong></span> <span class='ocrx_word' id='word_1_670' title='bbox 1198 4667 1512 4730; x_wconf 85' lang='lat' dir='ltr'><strong>solvitur,et</strong></span> <span class='ocrx_word' id='word_1_671' title='bbox 1545 4667 1728 4721; x_wconf 88' lang='lat' dir='ltr'><strong>triduo</strong></span> <span class='ocrx_word' id='word_1_672' title='bbox 1747 4669 2052 4740; x_wconf 72' lang='lat' dir='ltr'><strong>excitatur;</strong></span> 
     </span>
    </p>
   </div>
   <div class='ocr_carea' id='block_1_93' title="bbox 2151 4660 3723 4737">
    <p class='ocr_par' dir='ltr' id='par_1_93' title="bbox 2151 4660 3723 4737">
     <span class='ocr_line' id='line_1_93' title="bbox 2151 4660 3723 4737; baseline -0.008 -13"><span class='ocrx_word' id='word_1_673' title='bbox 2151 4687 2326 4736; x_wconf 86' lang='grc' dir='ltr'>νοντα,</span> <span class='ocrx_word' id='word_1_674' title='bbox 2361 4670 2450 4722; x_wconf 84' lang='grc' dir='ltr'><strong>τὸν</strong></span> <span class='ocrx_word' id='word_1_675' title='bbox 2481 4669 2606 4722; x_wconf 83' lang='grc' dir='ltr'>ναὸν</span> <span class='ocrx_word' id='word_1_676' title='bbox 2637 4669 2728 4722; x_wconf 81' lang='grc' dir='ltr'><strong>τὸν</strong></span> <span class='ocrx_word' id='word_1_677' title='bbox 2755 4667 3030 4737; x_wconf 84' lang='grc' dir='ltr'>λυόμενον,</span> <span class='ocrx_word' id='word_1_678' title='bbox 3064 4665 3157 4719; x_wconf 71' lang='grc' dir='ltr'>καὶ</span> <span class='ocrx_word' id='word_1_679' title='bbox 3193 4663 3282 4717; x_wconf 75' lang='grc' dir='ltr'><strong>διά</strong></span> <span class='ocrx_word' id='word_1_680' title='bbox 3309 4662 3473 4732; x_wconf 91' lang='grc' dir='ltr'>τριῶν</span> <span class='ocrx_word' id='word_1_681' title='bbox 3499 4660 3723 4730; x_wconf 82' lang='grc' dir='ltr'>ἡμερῶν</span> 
     </span>
    </p>
   </div>
   <div class='ocr_carea' id='block_1_94' title="bbox 483 4750 2041 4832">
    <p class='ocr_par' dir='ltr' id='par_1_94' title="bbox 483 4757 2041 4827">
     <span class='ocr_line' id='line_1_94' title="bbox 483 4757 2041 4827; baseline 0.004 -18"><span class='ocrx_word' id='word_1_682' title='bbox 483 4757 646 4820; x_wconf 88' lang='lat' dir='ltr'><strong>viam,</strong></span> <span class='ocrx_word' id='word_1_683' title='bbox 678 4759 916 4821; x_wconf 89' lang='lat' dir='ltr'><strong>ostium,</strong></span> <span class='ocrx_word' id='word_1_684' title='bbox 968 4757 1202 4827; x_wconf 88' lang='lat' dir='ltr'><strong>lapidem</strong></span> <span class='ocrx_word' id='word_1_685' title='bbox 1247 4758 1341 4827; x_wconf 90' lang='lat' dir='ltr'><strong>qui</strong></span> <span class='ocrx_word' id='word_1_686' title='bbox 1377 4759 1445 4811; x_wconf 87' lang='lat' dir='ltr'><strong>ab</strong></span> <span class='ocrx_word' id='word_1_687' title='bbox 1493 4757 1918 4816; x_wconf 61' lang='lat' dir='ltr'><strong>aedificatoribus</strong></span> <span class='ocrx_word' id='word_1_688' title='bbox 1969 4771 2041 4818; x_wconf 82' lang='lat' dir='ltr'><strong>est</strong></span> 
     </span>
    </p>
   </div>
   <div class='ocr_carea' id='block_1_95' title="bbox 2139 4750 3720 4832">
    <p class='ocr_par' dir='ltr' id='par_1_95' title="bbox 2151 4750 3720 4832">
     <span class='ocr_line' id='line_1_95' title="bbox 2151 4750 3720 4832; baseline -0.006 -18"><span class='ocrx_word' id='word_1_689' title='bbox 2151 4763 2514 4832; x_wconf 84' lang='grc' dir='ltr'>ἐγειρόμενον,</span> <span class='ocrx_word' id='word_1_690' title='bbox 2539 4759 2636 4829; x_wconf 80' lang='grc' dir='ltr'><strong>τὴν</strong></span> <span class='ocrx_word' id='word_1_691' title='bbox 2663 4757 2806 4822; x_wconf 77' lang='grc' dir='ltr'>ὁδὸν,</span> <span class='ocrx_word' id='word_1_692' title='bbox 2827 4757 2924 4829; x_wconf 79' lang='grc' dir='ltr'>τὴν</span> <span class='ocrx_word' id='word_1_693' title='bbox 2951 4755 3142 4828; x_wconf 81' lang='grc' dir='ltr'>θύραν,</span> <span class='ocrx_word' id='word_1_694' title='bbox 3168 4755 3257 4808; x_wconf 74' lang='grc' dir='ltr'><strong>τὸν</strong></span> <span class='ocrx_word' id='word_1_695' title='bbox 3283 4752 3426 4806; x_wconf 88' lang='grc' dir='ltr'>λίθον</span> <span class='ocrx_word' id='word_1_696' title='bbox 3451 4753 3540 4804; x_wconf 75' lang='grc' dir='ltr'>τὸν</span> <span class='ocrx_word' id='word_1_697' title='bbox 3568 4750 3720 4821; x_wconf 80' lang='grc' dir='ltr'><strong>παρά</strong></span> 
     </span>
    </p>
   </div>
   <div class='ocr_carea' id='block_1_96' title="bbox 487 4849 2055 4921">
    <p class='ocr_par' dir='ltr' id='par_1_96' title="bbox 487 4849 2055 4921">
     <span class='ocr_line' id='line_1_96' title="bbox 487 4849 2055 4921; baseline 0.004 -20"><span class='ocrx_word' id='word_1_698' title='bbox 487 4849 812 4917; x_wconf 87' lang='lat' dir='ltr'><strong>reprobatus</strong></span> <span class='ocrx_word' id='word_1_699' title='bbox 841 4864 905 4902; x_wconf 91' lang='lat' dir='ltr'><strong>ac</strong></span> <span class='ocrx_word' id='word_1_700' title='bbox 938 4857 1304 4918; x_wconf 88' lang='lat' dir='ltr'><strong>contemptus,</strong></span> <span class='ocrx_word' id='word_1_701' title='bbox 1334 4857 1383 4903; x_wconf 92' lang='lat' dir='ltr'><strong>et</strong></span> <span class='ocrx_word' id='word_1_702' title='bbox 1421 4850 1476 4904; x_wconf 86' lang='lat' dir='ltr'><strong>in</strong></span> <span class='ocrx_word' id='word_1_703' title='bbox 1505 4851 1684 4920; x_wconf 86' lang='lat' dir='ltr'><strong>capite</strong></span> <span class='ocrx_word' id='word_1_704' title='bbox 1729 4852 1914 4921; x_wconf 88' lang='lat' dir='ltr'><strong>anguli</strong></span> <span class='ocrx_word' id='word_1_705' title='bbox 1959 4853 2055 4908; x_wconf 86' lang='lat' dir='ltr'><strong>ad-</strong></span> 
     </span>
    </p>
   </div>
   <div class='ocr_carea' id='block_1_97' title="bbox 407 4939 2050 5008">
    <p class='ocr_par' dir='ltr' id='par_1_97' title="bbox 407 4939 2050 5008">
     <span class='ocr_line' id='line_1_97' title="bbox 407 4939 2050 5008; baseline 0.002 -16"><span class='ocrx_word' id='word_1_706' title='bbox 407 4988 410 4991; x_wconf 90' lang='lat'><strong><em>.</em></strong></span> <span class='ocrx_word' id='word_1_707' title='bbox 483 4947 703 5007; x_wconf 90' lang='lat' dir='ltr'><strong>aptatur</strong></span> <span class='ocrx_word' id='word_1_708' title='bbox 729 4958 742 4992; x_wconf 89' lang='lat'><strong>:</strong></span> <span class='ocrx_word' id='word_1_709' title='bbox 773 4939 912 4994; x_wconf 87' lang='lat' dir='ltr'><strong>duos</strong></span> <span class='ocrx_word' id='word_1_710' title='bbox 944 4940 1036 5008; x_wconf 90' lang='lat' dir='ltr'><strong>qui</strong></span> <span class='ocrx_word' id='word_1_711' title='bbox 1065 4947 1194 4994; x_wconf 90' lang='lat' dir='ltr'><strong>sunt</strong></span> <span class='ocrx_word' id='word_1_712' title='bbox 1224 4939 1278 4992; x_wconf 89' lang='lat' dir='ltr'><strong>in</strong></span> <span class='ocrx_word' id='word_1_713' title='bbox 1304 4954 1413 4993; x_wconf 86' lang='lat' dir='ltr'><strong>uno</strong></span> <span class='ocrx_word' id='word_1_714' title='bbox 1443 4940 1605 5000; x_wconf 90' lang='lat' dir='ltr'><strong>lecto.</strong></span> <span class='ocrx_word' id='word_1_715' title='bbox 1640 4939 2006 4996; x_wconf 89' lang='lat' dir='ltr'><strong>molcndinum</strong></span> <span class='ocrx_word' id='word_1_716' title='bbox 2032 4983 2050 5007; x_wconf 96' lang='lat'><strong>,</strong></span> 
     </span>
    </p>
   </div>
   <div class='ocr_carea' id='block_1_98' title="bbox 482 5031 2052 5102">
    <p class='ocr_par' dir='ltr' id='par_1_98' title="bbox 482 5031 2052 5102">
     <span class='ocr_line' id='line_1_98' title="bbox 482 5031 2052 5102; baseline 0.003 -19"><span class='ocrx_word' id='word_1_717' title='bbox 482 5031 749 5086; x_wconf 81' lang='lat' dir='ltr'><strong>inolentes</strong></span> <span class='ocrx_word' id='word_1_718' title='bbox 774 5031 1068 5096; x_wconf 89' lang='lat' dir='ltr'><strong>mulieres;</strong></span> <span class='ocrx_word' id='word_1_719' title='bbox 1095 5046 1213 5086; x_wconf 88' lang='lat' dir='ltr'><strong>eam</strong></span> <span class='ocrx_word' id='word_1_720' title='bbox 1253 5046 1372 5101; x_wconf 72' lang='lat' dir='ltr'><strong>qua:</strong></span> <span class='ocrx_word' id='word_1_721' title='bbox 1402 5031 1721 5095; x_wconf 88' lang='lat' dir='ltr'><strong>assumitur,</strong></span> <span class='ocrx_word' id='word_1_722' title='bbox 1773 5047 1892 5086; x_wconf 85' lang='lat' dir='ltr'><strong>eam</strong></span> <span class='ocrx_word' id='word_1_723' title='bbox 1933 5049 2052 5102; x_wconf 74' lang='lat' dir='ltr'><strong>quae</strong></span> 
     </span>
    </p>
   </div>
   <div class='ocr_carea' id='block_1_99' title="bbox 481 5122 2054 5194">
    <p class='ocr_par' dir='ltr' id='par_1_99' title="bbox 481 5122 2054 5194">
     <span class='ocr_line' id='line_1_99' title="bbox 481 5122 2054 5194; baseline 0.003 -19"><span class='ocrx_word' id='word_1_724' title='bbox 481 5122 831 5191; x_wconf 88' lang='lat' dir='ltr'><strong>relinquitur,</strong></span> <span class='ocrx_word' id='word_1_725' title='bbox 883 5123 1136 5187; x_wconf 83' lang='lat' dir='ltr'><strong>cadaver,</strong></span> <span class='ocrx_word' id='word_1_726' title='bbox 1191 5123 1422 5193; x_wconf 83' lang='lat' dir='ltr'><strong>aquilas,</strong></span> <span class='ocrx_word' id='word_1_727' title='bbox 1473 5123 1655 5185; x_wconf 84' lang='lat' dir='ltr'><strong>ticum,</strong></span> <span class='ocrx_word' id='word_1_728' title='bbox 1695 5139 1817 5194; x_wconf 72' lang='lat' dir='ltr'><strong>quae</strong></span> <span class='ocrx_word' id='word_1_729' title='bbox 1867 5132 2054 5180; x_wconf 89' lang='lat' dir='ltr'><strong>tenera</strong></span> 
     </span>
    </p>
   </div>
   <div class='ocr_carea' id='block_1_100' title="bbox 482 5213 2054 5285">
    <p class='ocr_par' dir='ltr' id='par_1_100' title="bbox 482 5213 2054 5285">
     <span class='ocr_line' id='line_1_100' title="bbox 482 5213 2054 5285; baseline 0.002 -18"><span class='ocrx_word' id='word_1_730' title='bbox 482 5215 664 5268; x_wconf 83' lang='lat' dir='ltr'><strong>evadit</strong></span> <span class='ocrx_word' id='word_1_731' title='bbox 701 5226 756 5269; x_wconf 93' lang='lat' dir='ltr'><strong>et</strong></span> <span class='ocrx_word' id='word_1_732' title='bbox 786 5229 967 5270; x_wconf 86' lang='lat' dir='ltr'><strong>ramos</strong></span> <span class='ocrx_word' id='word_1_733' title='bbox 989 5214 1258 5284; x_wconf 88' lang='lat' dir='ltr'><strong>producit.</strong></span> <span class='ocrx_word' id='word_1_734' title='bbox 1293 5213 1424 5280; x_wconf 68' lang='lat' dir='ltr'><strong>Quae</strong></span> <span class='ocrx_word' id='word_1_735' title='bbox 1451 5216 1661 5278; x_wconf 90' lang='lat' dir='ltr'><strong>omnia,</strong></span> <span class='ocrx_word' id='word_1_736' title='bbox 1696 5223 1747 5269; x_wconf 89' lang='lat' dir='ltr'><strong>et</strong></span> <span class='ocrx_word' id='word_1_737' title='bbox 1801 5231 2054 5285; x_wconf 64' lang='lat' dir='ltr'><strong>quaecun-</strong></span> 
     </span>
    </p>
   </div>
   <div class='ocr_carea' id='block_1_101' title="bbox 483 5305 2054 5375">
    <p class='ocr_par' dir='ltr' id='par_1_101' title="bbox 483 5305 2054 5375">
     <span class='ocr_line' id='line_1_101' title="bbox 483 5305 2054 5375; baseline 0.004 -17"><span class='ocrx_word' id='word_1_738' title='bbox 483 5321 590 5375; x_wconf 89' lang='lat' dir='ltr'><strong>que</strong></span> <span class='ocrx_word' id='word_1_739' title='bbox 646 5315 775 5360; x_wconf 87' lang='lat' dir='ltr'><strong>sunt</strong></span> <span class='ocrx_word' id='word_1_740' title='bbox 829 5306 1121 5374; x_wconf 85' lang='lat' dir='ltr'><strong>ejusmodi,</strong></span> <span class='ocrx_word' id='word_1_741' title='bbox 1166 5321 1264 5360; x_wconf 91' lang='lat' dir='ltr'><strong>nos</strong></span> <span class='ocrx_word' id='word_1_742' title='bbox 1317 5305 1674 5360; x_wconf 89' lang='lat' dir='ltr'><strong>adhortantur</strong></span> <span class='ocrx_word' id='word_1_743' title='bbox 1723 5316 1782 5360; x_wconf 92' lang='lat' dir='ltr'><strong>ut</strong></span> <span class='ocrx_word' id='word_1_744' title='bbox 1840 5307 2054 5364; x_wconf 86' lang='lat' dir='ltr'><strong>divinas</strong></span> 
     </span>
    </p>
   </div>
   <div class='ocr_carea' id='block_1_102' title="bbox 485 5395 2052 5466">
    <p class='ocr_par' dir='ltr' id='par_1_102' title="bbox 485 5395 2052 5466">
     <span class='ocr_line' id='line_1_102' title="bbox 485 5395 2052 5466; baseline 0 -14"><span class='ocrx_word' id='word_1_745' title='bbox 485 5407 798 5452; x_wconf 84' lang='lat' dir='ltr'><strong>scrutemur</strong></span> <span class='ocrx_word' id='word_1_746' title='bbox 840 5396 1176 5466; x_wconf 83' lang='lat' dir='ltr'><strong>Scripturas,</strong></span> <span class='ocrx_word' id='word_1_747' title='bbox 1229 5407 1283 5451; x_wconf 85' lang='lat' dir='ltr'><strong>et</strong></span> <span class='ocrx_word' id='word_1_748' title='bbox 1334 5395 1677 5452; x_wconf 85' lang='lat' dir='ltr'><strong>attendamus</strong></span> <span class='ocrx_word' id='word_1_749' title='bbox 1715 5398 1958 5464; x_wconf 87' lang='lat' dir='ltr'><strong>lectioni,</strong></span> <span class='ocrx_word' id='word_1_750' title='bbox 1998 5411 2052 5452; x_wconf 90' lang='lat' dir='ltr'><strong>et</strong></span> 
     </span>
    </p>
   </div>
   <div class='ocr_carea' id='block_1_103' title="bbox 487 5487 2052 5557">
    <p class='ocr_par' dir='ltr' id='par_1_103' title="bbox 487 5487 2052 5557">
     <span class='ocr_line' id='line_1_103' title="bbox 487 5487 2052 5557; baseline 0.003 -18"><span class='ocrx_word' id='word_1_751' title='bbox 487 5488 634 5541; x_wconf 82' lang='lat' dir='ltr'><strong>omni</strong></span> <span class='ocrx_word' id='word_1_752' title='bbox 669 5489 882 5542; x_wconf 63' lang='lat' dir='ltr'><strong>ratione</strong></span> <span class='ocrx_word' id='word_1_753' title='bbox 911 5488 1318 5556; x_wconf 84' lang='lat' dir='ltr'><strong>investigemus,</strong></span> <span class='ocrx_word' id='word_1_754' title='bbox 1339 5487 1513 5542; x_wconf 87' lang='lat' dir='ltr'><strong>sicubi</strong></span> <span class='ocrx_word' id='word_1_755' title='bbox 1537 5487 1718 5557; x_wconf 87' lang='lat' dir='ltr'><strong>aliqua</strong></span> <span class='ocrx_word' id='word_1_756' title='bbox 1745 5489 2052 5544; x_wconf 86' lang='lat' dir='ltr'><strong>inveniatur</strong></span> 
     </span>
    </p>
   </div>
   <div class='ocr_carea' id='block_1_104' title="bbox 486 5579 2051 5653">
    <p class='ocr_par' dir='ltr' id='par_1_104' title="bbox 486 5579 2051 5653">
     <span class='ocr_line' id='line_1_104' title="bbox 486 5579 2051 5653; baseline 0.002 -22"><span class='ocrx_word' id='word_1_757' title='bbox 486 5579 624 5636; x_wconf 82' lang='lat' dir='ltr'><strong>ratio</strong></span> <span class='ocrx_word' id='word_1_758' title='bbox 646 5580 930 5653; x_wconf 77' lang='lat' dir='ltr'><strong>sublimior</strong></span> <span class='ocrx_word' id='word_1_759' title='bbox 957 5594 1019 5634; x_wconf 87' lang='lat' dir='ltr'><strong>ea</strong></span> <span class='ocrx_word' id='word_1_760' title='bbox 1055 5595 1174 5649; x_wconf 67' lang='lat' dir='ltr'><strong>qua:</strong></span> <span class='ocrx_word' id='word_1_761' title='bbox 1202 5587 1283 5633; x_wconf 87' lang='lat' dir='ltr'><strong>est</strong></span> <span class='ocrx_word' id='word_1_762' title='bbox 1332 5579 1386 5632; x_wconf 92' lang='lat' dir='ltr'><strong>in</strong></span> <span class='ocrx_word' id='word_1_763' title='bbox 1444 5587 1721 5649; x_wconf 89' lang='lat' dir='ltr'><strong>promptu,</strong></span> <span class='ocrx_word' id='word_1_764' title='bbox 1776 5579 2051 5634; x_wconf 89' lang='lat' dir='ltr'><strong>deducens</strong></span> 
     </span>
    </p>
   </div>
   <div class='ocr_carea' id='block_1_105' title="bbox 553 5755 1588 5824">
    <p class='ocr_par' dir='ltr' id='par_1_105' title="bbox 553 5755 1588 5824">
     <span class='ocr_line' id='line_1_105' title="bbox 553 5755 1588 5824; baseline 0.002 -11"><span class='ocrx_word' id='word_1_765' title='bbox 553 5757 602 5790; x_wconf 79' lang='lat'>&quot;</span> <span class='ocrx_word' id='word_1_766' title='bbox 623 5755 781 5813; x_wconf 69' lang='lat' dir='ltr'><strong>Joan.</strong></span> <span class='ocrx_word' id='word_1_767' title='bbox 812 5772 930 5823; x_wconf 85' lang='lat' dir='ltr'><strong>vtit,</strong></span> <span class='ocrx_word' id='word_1_768' title='bbox 963 5757 1048 5812; x_wconf 73' lang='lat' dir='ltr'><strong>M.</strong></span> <span class='ocrx_word' id='word_1_769' title='bbox 1140 5759 1182 5788; x_wconf 84' lang='grc'><strong>⁷¹</strong></span> <span class='ocrx_word' id='word_1_770' title='bbox 1207 5757 1358 5813; x_wconf 75' lang='lat' dir='ltr'><strong>Joan.</strong></span> <span class='ocrx_word' id='word_1_771' title='bbox 1389 5774 1470 5824; x_wconf 85' lang='grc' dir='ltr'>ιιι,</span> <span class='ocrx_word' id='word_1_772' title='bbox 1503 5759 1588 5816; x_wconf 72' lang='grc'><strong>14.</strong></span> 
     </span>
    </p>
   </div>
   <div class='ocr_carea' id='block_1_106' title="bbox 1692 5753 2648 5826">
    <p class='ocr_par' dir='ltr' id='par_1_106' title="bbox 1692 5753 2648 5826">
     <span class='ocr_line' id='line_1_106' title="bbox 1692 5753 2648 5826; baseline -0.006 -12"><span class='ocrx_word' id='word_1_773' title='bbox 1692 5759 1736 5791; x_wconf 79' lang='grc'><strong>⁷³</strong></span> <span class='ocrx_word' id='word_1_774' title='bbox 1760 5757 1946 5816; x_wconf 80' lang='lat' dir='ltr'><strong>Matth.</strong></span> <span class='ocrx_word' id='word_1_775' title='bbox 1983 5758 2177 5826; x_wconf 66' lang='grc' dir='ltr'>χιιιΑὸ</span> <span class='ocrx_word' id='word_1_776' title='bbox 2205 5774 2220 5825; x_wconf 81' lang='lat'><strong>;</strong></span> <span class='ocrx_word' id='word_1_777' title='bbox 2259 5755 2395 5811; x_wconf 89' lang='lat' dir='ltr'><strong>Luc.</strong></span> <span class='ocrx_word' id='word_1_778' title='bbox 2420 5770 2535 5821; x_wconf 83' lang='lat' dir='ltr'><strong>vui,</strong></span> <span class='ocrx_word' id='word_1_779' title='bbox 2564 5753 2648 5808; x_wconf 83' lang='lat' dir='ltr'><strong>l0.</strong></span> 
     </span>
    </p>
   </div>
   <div class='ocr_carea' id='block_1_107' title="bbox 2149 4843 3720 4921">
    <p class='ocr_par' dir='ltr' id='par_1_107' title="bbox 2149 4843 3720 4921">
     <span class='ocr_line' id='line_1_107' title="bbox 2149 4843 3720 4921; baseline -0.01 -14"><span class='ocrx_word' id='word_1_780' title='bbox 2149 4853 2257 4907; x_wconf 90' lang='grc' dir='ltr'><strong>τῶν</strong></span> <span class='ocrx_word' id='word_1_781' title='bbox 2287 4852 2750 4921; x_wconf 80' lang='grc' dir='ltr'>οἰκοδομουμένων</span> <span class='ocrx_word' id='word_1_782' title='bbox 2784 4848 3243 4919; x_wconf 78' lang='grc' dir='ltr'>ἐξουδενούμενον,</span> <span class='ocrx_word' id='word_1_783' title='bbox 3285 4846 3377 4898; x_wconf 79' lang='grc' dir='ltr'>καὶ</span> <span class='ocrx_word' id='word_1_784' title='bbox 3408 4846 3476 4914; x_wconf 76' lang='grc' dir='ltr'><strong>τῇ</strong></span> <span class='ocrx_word' id='word_1_785' title='bbox 3516 4843 3720 4908; x_wconf 86' lang='grc' dir='ltr'>ἐπιγω-</span> 
     </span>
    </p>
   </div>
   <div class='ocr_carea' id='block_1_108' title="bbox 2153 4934 3721 5016">
    <p class='ocr_par' dir='ltr' id='par_1_108' title="bbox 2153 4934 3721 5016">
     <span class='ocr_line' id='line_1_108' title="bbox 2153 4934 3721 5016; baseline -0.008 -18"><span class='ocrx_word' id='word_1_786' title='bbox 2153 4945 2250 5016; x_wconf 82' lang='grc' dir='ltr'><strong>νίῳ</strong></span> <span class='ocrx_word' id='word_1_787' title='bbox 2281 4943 2488 5013; x_wconf 82' lang='grc' dir='ltr'>κεφαλῇ</span> <span class='ocrx_word' id='word_1_788' title='bbox 2533 4939 2927 5012; x_wconf 79' lang='grc' dir='ltr'>ἀρμοζόμενον⁶</span> <span class='ocrx_word' id='word_1_789' title='bbox 2959 4941 3084 5004; x_wconf 83' lang='grc' dir='ltr'>τοὺς</span> <span class='ocrx_word' id='word_1_790' title='bbox 3121 4938 3214 4992; x_wconf 87' lang='grc' dir='ltr'><strong>δύο</strong></span> <span class='ocrx_word' id='word_1_791' title='bbox 3246 4937 3370 5000; x_wconf 76' lang='grc' dir='ltr'>τοὺς</span> <span class='ocrx_word' id='word_1_792' title='bbox 3403 4937 3495 4988; x_wconf 76' lang='grc' dir='ltr'>ἐπὶ</span> <span class='ocrx_word' id='word_1_793' title='bbox 3537 4934 3721 5004; x_wconf 84' lang='grc' dir='ltr'>κλίνης</span> 
     </span>
    </p>
   </div>
   <div class='ocr_carea' id='block_1_109' title="bbox 2157 5025 3719 5105">
    <p class='ocr_par' dir='ltr' id='par_1_109' title="bbox 2157 5025 3719 5105">
     <span class='ocr_line' id='line_1_109' title="bbox 2157 5025 3719 5105; baseline -0.008 -17"><span class='ocrx_word' id='word_1_794' title='bbox 2157 5036 2306 5105; x_wconf 79' lang='grc' dir='ltr'>μιᾶς,</span> <span class='ocrx_word' id='word_1_795' title='bbox 2333 5034 2425 5088; x_wconf 86' lang='grc' dir='ltr'><strong>τὸν</strong></span> <span class='ocrx_word' id='word_1_796' title='bbox 2453 5031 2671 5102; x_wconf 87' lang='grc' dir='ltr'>μυλῶνα</span> <span class='ocrx_word' id='word_1_797' title='bbox 2691 5069 2705 5094; x_wconf 90' lang='grc'><strong>,</strong></span> <span class='ocrx_word' id='word_1_798' title='bbox 2731 5029 2831 5093; x_wconf 86' lang='grc' dir='ltr'>τὰς</span> <span class='ocrx_word' id='word_1_799' title='bbox 2860 5029 3164 5101; x_wconf 87' lang='grc' dir='ltr'>ἀληθούσας</span> <span class='ocrx_word' id='word_1_800' title='bbox 3182 5068 3196 5092; x_wconf 94' lang='grc'><strong>,</strong></span> <span class='ocrx_word' id='word_1_801' title='bbox 3226 5029 3326 5099; x_wconf 80' lang='grc' dir='ltr'><strong>τὴν</strong></span> <span class='ocrx_word' id='word_1_802' title='bbox 3361 5025 3719 5097; x_wconf 66' lang='grc' dir='ltr'>παραλαμᾶι-</span> 
     </span>
    </p>
   </div>
   <div class='ocr_carea' id='block_1_110' title="bbox 2153 5118 3725 5196">
    <p class='ocr_par' dir='ltr' id='par_1_110' title="bbox 2153 5118 3725 5196">
     <span class='ocr_line' id='line_1_110' title="bbox 2153 5118 3725 5196; baseline -0.006 -17"><span class='ocrx_word' id='word_1_803' title='bbox 2153 5126 2383 5196; x_wconf 84' lang='grc' dir='ltr'>νομένην</span> <span class='ocrx_word' id='word_1_804' title='bbox 2403 5162 2420 5189; x_wconf 88' lang='grc'><strong>,</strong></span> <span class='ocrx_word' id='word_1_805' title='bbox 2455 5123 2553 5193; x_wconf 87' lang='grc' dir='ltr'><strong>τὴν</strong></span> <span class='ocrx_word' id='word_1_806' title='bbox 2603 5122 3174 5192; x_wconf 85' lang='grc' dir='ltr'>καταλιμπανομένην,</span> <span class='ocrx_word' id='word_1_807' title='bbox 3227 5120 3286 5173; x_wconf 82' lang='grc' dir='ltr'>τὸ</span> <span class='ocrx_word' id='word_1_808' title='bbox 3320 5118 3549 5190; x_wconf 84' lang='grc' dir='ltr'>πτῶμα,</span> <span class='ocrx_word' id='word_1_809' title='bbox 3594 5118 3725 5180; x_wconf 77' lang='grc' dir='ltr'>τοὺς</span> 
     </span>
    </p>
   </div>
   <div class='ocr_carea' id='block_1_111' title="bbox 2154 5207 3725 5285">
    <p class='ocr_par' dir='ltr' id='par_1_111' title="bbox 2154 5207 3725 5285">
     <span class='ocr_line' id='line_1_111' title="bbox 2154 5207 3725 5285; baseline -0.007 -14"><span class='ocrx_word' id='word_1_810' title='bbox 2154 5217 2367 5280; x_wconf 79' lang='grc' dir='ltr'>ἀετοὺς,</span> <span class='ocrx_word' id='word_1_811' title='bbox 2394 5215 2489 5285; x_wconf 81' lang='grc' dir='ltr'>τὴν</span> <span class='ocrx_word' id='word_1_812' title='bbox 2531 5216 2698 5284; x_wconf 79' lang='grc' dir='ltr'>συκῆν</span> <span class='ocrx_word' id='word_1_813' title='bbox 2746 5213 2842 5283; x_wconf 79' lang='grc' dir='ltr'>τὴν</span> <span class='ocrx_word' id='word_1_814' title='bbox 2874 5211 3287 5281; x_wconf 79' lang='grc' dir='ltr'>άπαλυνομένην</span> <span class='ocrx_word' id='word_1_815' title='bbox 3316 5209 3410 5262; x_wconf 76' lang='grc' dir='ltr'>καὶ</span> <span class='ocrx_word' id='word_1_816' title='bbox 3438 5209 3562 5271; x_wconf 78' lang='grc' dir='ltr'>τοὺς</span> <span class='ocrx_word' id='word_1_817' title='bbox 3596 5207 3725 5260; x_wconf 78' lang='grc' dir='ltr'>κλάο</span> 
     </span>
    </p>
   </div>
   <div class='ocr_carea' id='block_1_112' title="bbox 2157 5297 3726 5376">
    <p class='ocr_par' dir='ltr' id='par_1_112' title="bbox 2157 5297 3726 5376">
     <span class='ocr_line' id='line_1_112' title="bbox 2157 5297 3726 5376; baseline -0.009 -14"><span class='ocrx_word' id='word_1_818' title='bbox 2157 5309 2281 5370; x_wconf 88' lang='grc' dir='ltr'>δους</span> <span class='ocrx_word' id='word_1_819' title='bbox 2309 5306 2633 5376; x_wconf 82' lang='grc' dir='ltr'>ἐκφύουσαν.</span> <span class='ocrx_word' id='word_1_820' title='bbox 2665 5305 2840 5373; x_wconf 66' lang='lat' dir='ltr'><strong>&quot;Amp</strong></span> <span class='ocrx_word' id='word_1_821' title='bbox 2889 5302 3063 5355; x_wconf 84' lang='grc' dir='ltr'>πάντα</span> <span class='ocrx_word' id='word_1_822' title='bbox 3095 5303 3190 5353; x_wconf 73' lang='grc' dir='ltr'>καὶ</span> <span class='ocrx_word' id='word_1_823' title='bbox 3231 5301 3330 5353; x_wconf 83' lang='grc' dir='ltr'>ὅσα</span> <span class='ocrx_word' id='word_1_824' title='bbox 3377 5298 3598 5351; x_wconf 77' lang='grc' dir='ltr'>τοιαῦτα</span> <span class='ocrx_word' id='word_1_825' title='bbox 3634 5297 3726 5362; x_wconf 83' lang='grc' dir='ltr'>γέ-</span> 
     </span>
    </p>
   </div>
   <div class='ocr_carea' id='block_1_113' title="bbox 2157 5388 3723 5466">
    <p class='ocr_par' dir='ltr' id='par_1_113' title="bbox 2157 5388 3723 5466">
     <span class='ocr_line' id='line_1_113' title="bbox 2157 5388 3723 5466; baseline -0.01 -15"><span class='ocrx_word' id='word_1_826' title='bbox 2157 5415 2296 5451; x_wconf 90' lang='grc' dir='ltr'>νοιτο</span> <span class='ocrx_word' id='word_1_827' title='bbox 2324 5397 2388 5451; x_wconf 84' lang='grc' dir='ltr'><strong>ἆν</strong></span> <span class='ocrx_word' id='word_1_828' title='bbox 2415 5399 2544 5466; x_wconf 79' lang='grc' dir='ltr'>ἡμῖν</span> <span class='ocrx_word' id='word_1_829' title='bbox 2576 5397 2631 5457; x_wconf 82' lang='grc' dir='ltr'><strong>ἐς</strong></span> <span class='ocrx_word' id='word_1_830' title='bbox 2665 5392 2972 5464; x_wconf 81' lang='grc' dir='ltr'>προτροπὴν</span> <span class='ocrx_word' id='word_1_831' title='bbox 2992 5392 3084 5445; x_wconf 80' lang='grc' dir='ltr'>τοῦ</span> <span class='ocrx_word' id='word_1_832' title='bbox 3110 5392 3303 5462; x_wconf 74' lang='grc' dir='ltr'>χρῆναι</span> <span class='ocrx_word' id='word_1_833' title='bbox 3327 5390 3417 5442; x_wconf 75' lang='grc' dir='ltr'>καὶ</span> <span class='ocrx_word' id='word_1_834' title='bbox 3441 5388 3723 5458; x_wconf 80' lang='grc' dir='ltr'>διερευνᾷν</span> 
     </span>
    </p>
   </div>
   <div class='ocr_carea' id='block_1_114' title="bbox 2155 5477 3724 5554">
    <p class='ocr_par' dir='ltr' id='par_1_114' title="bbox 2155 5477 3724 5554">
     <span class='ocr_line' id='line_1_114' title="bbox 2155 5477 3724 5554; baseline -0.008 -15"><span class='ocrx_word' id='word_1_835' title='bbox 2155 5486 2254 5550; x_wconf 77' lang='grc' dir='ltr'><strong>τὰς</strong></span> <span class='ocrx_word' id='word_1_836' title='bbox 2288 5486 2434 5548; x_wconf 85' lang='grc' dir='ltr'>θείας</span> <span class='ocrx_word' id='word_1_837' title='bbox 2475 5486 2676 5554; x_wconf 77' lang='grc' dir='ltr'>φωνὰς,</span> <span class='ocrx_word' id='word_1_838' title='bbox 2712 5483 2803 5536; x_wconf 74' lang='grc' dir='ltr'>καὶ</span> <span class='ocrx_word' id='word_1_839' title='bbox 2837 5482 3121 5554; x_wconf 85' lang='grc' dir='ltr'>προσέχειν</span> <span class='ocrx_word' id='word_1_840' title='bbox 3161 5484 3227 5550; x_wconf 77' lang='grc' dir='ltr'>τῇ</span> <span class='ocrx_word' id='word_1_841' title='bbox 3263 5478 3563 5546; x_wconf 83' lang='grc' dir='ltr'>ἀναγνώσει</span> <span class='ocrx_word' id='word_1_842' title='bbox 3585 5516 3600 5540; x_wconf 89' lang='grc'><strong>,</strong></span> <span class='ocrx_word' id='word_1_843' title='bbox 3631 5477 3724 5528; x_wconf 82' lang='grc' dir='ltr'>καὶ</span> 
     </span>
    </p>
   </div>
   <div class='ocr_carea' id='block_1_115' title="bbox 2158 5565 3723 5646">
    <p class='ocr_par' dir='ltr' id='par_1_115' title="bbox 2158 5565 3723 5646">
     <span class='ocr_line' id='line_1_115' title="bbox 2158 5565 3723 5646; baseline -0.008 -15"><span class='ocrx_word' id='word_1_844' title='bbox 2158 5578 2298 5632; x_wconf 84' lang='grc' dir='ltr'>κατὰ</span> <span class='ocrx_word' id='word_1_845' title='bbox 2320 5577 2493 5630; x_wconf 85' lang='grc' dir='ltr'>πάντα</span> <span class='ocrx_word' id='word_1_846' title='bbox 2515 5575 2711 5646; x_wconf 81' lang='grc' dir='ltr'>τρόπον</span> <span class='ocrx_word' id='word_1_847' title='bbox 2734 5574 3032 5644; x_wconf 85' lang='grc' dir='ltr'>ἀνιχνεύειν</span> <span class='ocrx_word' id='word_1_848' title='bbox 3055 5573 3107 5627; x_wconf 79' lang='grc' dir='ltr'>εἴ</span> <span class='ocrx_word' id='word_1_849' title='bbox 3122 5572 3224 5626; x_wconf 82' lang='grc' dir='ltr'><strong>πού</strong></span> <span class='ocrx_word' id='word_1_850' title='bbox 3255 5590 3336 5635; x_wconf 84' lang='grc' dir='ltr'><strong>τις</strong></span> <span class='ocrx_word' id='word_1_851' title='bbox 3359 5568 3605 5642; x_wconf 76' lang='grc' dir='ltr'>εὑρεθείη</span> <span class='ocrx_word' id='word_1_852' title='bbox 3639 5565 3723 5620; x_wconf 84' lang='grc' dir='ltr'><strong>λό.</strong></span> 
     </span>
    </p>
   </div>
   <div class='ocr_carea' id='block_1_116' title="bbox 2726 5745 3714 5821">
    <p class='ocr_par' dir='ltr' id='par_1_116' title="bbox 2726 5745 3714 5821">
     <span class='ocr_line' id='line_1_116' title="bbox 2726 5745 3714 5821; baseline -0.009 -13"><span class='ocrx_word' id='word_1_853' title='bbox 2726 5753 2770 5786; x_wconf 76' lang='grc'>⁷⁸</span> <span class='ocrx_word' id='word_1_854' title='bbox 2796 5752 2986 5808; x_wconf 83' lang='lat' dir='ltr'><strong>Matth.</strong></span> <span class='ocrx_word' id='word_1_855' title='bbox 3013 5768 3125 5821; x_wconf 73' lang='lat' dir='ltr'><strong>xw,</strong></span> <span class='ocrx_word' id='word_1_856' title='bbox 3167 5751 3220 5806; x_wconf 89' lang='lat'><strong>6.</strong></span> <span class='ocrx_word' id='word_1_857' title='bbox 3252 5752 3298 5784; x_wconf 71' lang='grc'>⁷⁸</span> <span class='ocrx_word' id='word_1_858' title='bbox 3320 5748 3476 5807; x_wconf 76' lang='lat' dir='ltr'><strong>Joau.</strong></span> <span class='ocrx_word' id='word_1_859' title='bbox 3507 5763 3581 5815; x_wconf 85' lang='lat' dir='ltr'><strong>tv,</strong></span> <span class='ocrx_word' id='word_1_860' title='bbox 3622 5745 3714 5802; x_wconf 72' lang='lat'><strong>32.</strong></span> 
     </span>
    </p>
   </div>
  </div>
