  <div class='ocr_page' id='page_1' title='image "/cluster/home/n/w/nwhite01/storage/ocr_20150623/44/hvd.32044012542270/390.png"; bbox 0 0 4116 6554; ppageno 0'>
   <div class='ocr_carea' id='block_1_1' title="bbox 413 411 510 466">
    <p class='ocr_par' dir='ltr' id='par_1_1' title="bbox 413 411 510 466">
     <span class='ocr_line' id='line_1_1' title="bbox 413 411 510 466; baseline -0.021 0"><span class='ocrx_word' id='word_1_1' title='bbox 413 411 510 466; x_wconf 72' lang='grc'><strong>761</strong></span> 
     </span>
    </p>
   </div>
   <div class='ocr_carea' id='block_1_2' title="bbox 1570 412 2466 471">
    <p class='ocr_par' dir='ltr' id='par_1_2' title="bbox 1570 412 2466 471">
     <span class='ocr_line' id='line_1_2' title="bbox 1570 412 2466 471; baseline 0 -2"><span class='ocrx_word' id='word_1_2' title='bbox 1570 412 1639 469; x_wconf 80' lang='grc' dir='ltr'><strong>ΙΝ</strong></span> <span class='ocrx_word' id='word_1_3' title='bbox 1666 413 1961 471; x_wconf 78' lang='lat' dir='ltr'><strong>CANTICA</strong></span> <span class='ocrx_word' id='word_1_4' title='bbox 1999 412 2466 469; x_wconf 79' lang='lat' dir='ltr'><strong>CANTICORUM.</strong></span> 
     </span>
    </p>
   </div>
   <div class='ocr_carea' id='block_1_3' title="bbox 3490 408 3659 463">
    <p class='ocr_par' dir='ltr' id='par_1_3' title="bbox 3490 408 3659 463">
     <span class='ocr_line' id='line_1_3' title="bbox 3490 408 3659 463; baseline 0.012 -2"><span class='ocrx_word' id='word_1_5' title='bbox 3490 412 3501 425; x_wconf 83' lang='lat'>&#39;</span> <span class='ocrx_word' id='word_1_6' title='bbox 3557 408 3659 463; x_wconf 65' lang='lat'><strong>762</strong></span> 
     </span>
    </p>
   </div>
   <div class='ocr_carea' id='block_1_4' title="bbox 421 529 2006 608">
    <p class='ocr_par' dir='ltr' id='par_1_4' title="bbox 421 529 1991 606">
     <span class='ocr_line' id='line_1_4' title="bbox 421 529 1991 606; baseline 0.005 -25"><span class='ocrx_word' id='word_1_7' title='bbox 421 547 509 599; x_wconf 79' lang='grc' dir='ltr'><strong>γος</strong></span> <span class='ocrx_word' id='word_1_8' title='bbox 540 532 640 600; x_wconf 80' lang='grc' dir='ltr'>τῆς</span> <span class='ocrx_word' id='word_1_9' title='bbox 673 529 966 602; x_wconf 76' lang='grc' dir='ltr'>προχείρου</span> <span class='ocrx_word' id='word_1_10' title='bbox 1004 532 1385 601; x_wconf 85' lang='grc' dir='ltr'>κατανοήσεως</span> <span class='ocrx_word' id='word_1_11' title='bbox 1412 533 1761 606; x_wconf 74' lang='grc' dir='ltr'>ὑψηλότερος,</span> <span class='ocrx_word' id='word_1_12' title='bbox 1798 537 1890 590; x_wconf 76' lang='grc' dir='ltr'><strong>ἐπὶ</strong></span> <span class='ocrx_word' id='word_1_13' title='bbox 1921 535 1991 589; x_wconf 85' lang='grc' dir='ltr'><strong>τά</strong></span> 
     </span>
    </p>
   </div>
   <div class='ocr_carea' id='block_1_5' title="bbox 2109 529 3657 608">
    <p class='ocr_par' dir='ltr' id='par_1_5' title="bbox 2109 531 3657 608">
     <span class='ocr_line' id='line_1_5' title="bbox 2109 531 3657 608; baseline -0.002 -17"><span class='ocrx_word' id='word_1_14' title='bbox 2109 538 2480 608; x_wconf 84' lang='lat' dir='ltr'><strong>:ogitationem</strong></span> <span class='ocrx_word' id='word_1_15' title='bbox 2516 534 2582 589; x_wconf 87' lang='lat' dir='ltr'><strong>ad</strong></span> <span class='ocrx_word' id='word_1_16' title='bbox 2616 550 2706 590; x_wconf 90' lang='lat' dir='ltr'><strong>res</strong></span> <span class='ocrx_word' id='word_1_17' title='bbox 2745 532 2916 605; x_wconf 85' lang='lat' dir='ltr'><strong>magis</strong></span> <span class='ocrx_word' id='word_1_18' title='bbox 2945 532 3165 589; x_wconf 87' lang='lat' dir='ltr'><strong>divinas</strong></span> <span class='ocrx_word' id='word_1_19' title='bbox 3199 540 3254 588; x_wconf 89' lang='lat' dir='ltr'><strong>et</strong></span> <span class='ocrx_word' id='word_1_20' title='bbox 3282 531 3657 602; x_wconf 76' lang='lat' dir='ltr'><strong>incorporeas.</strong></span> 
     </span>
    </p>
   </div>
   <div class='ocr_carea' id='block_1_6' title="bbox 416 620 1991 697">
    <p class='ocr_par' dir='ltr' id='par_1_6' title="bbox 416 620 1991 697">
     <span class='ocr_line' id='line_1_6' title="bbox 416 620 1991 697; baseline 0.002 -18"><span class='ocrx_word' id='word_1_21' title='bbox 416 622 663 693; x_wconf 85' lang='grc' dir='ltr'>θειότερά</span> <span class='ocrx_word' id='word_1_22' title='bbox 690 637 749 673; x_wconf 91' lang='grc' dir='ltr'><strong>τε</strong></span> <span class='ocrx_word' id='word_1_23' title='bbox 777 621 870 674; x_wconf 73' lang='grc' dir='ltr'>καὶ</span> <span class='ocrx_word' id='word_1_24' title='bbox 915 620 1179 692; x_wconf 79' lang='grc' dir='ltr'><strong>ἀσώματα</strong></span> <span class='ocrx_word' id='word_1_25' title='bbox 1210 626 1561 694; x_wconf 85' lang='grc' dir='ltr'><strong>χειραγωγῶν</strong></span> <span class='ocrx_word' id='word_1_26' title='bbox 1602 628 1701 697; x_wconf 83' lang='grc' dir='ltr'>τὴν</span> <span class='ocrx_word' id='word_1_27' title='bbox 1735 627 1991 682; x_wconf 86' lang='grc' dir='ltr'>διάνοιαν.</span> 
     </span>
    </p>
   </div>
   <div class='ocr_carea' id='block_1_7' title="bbox 426 713 1989 790">
    <p class='ocr_par' dir='ltr' id='par_1_7' title="bbox 426 713 1989 790">
     <span class='ocr_line' id='line_1_7' title="bbox 426 713 1989 790; baseline 0.001 -23"><span class='ocrx_word' id='word_1_28' title='bbox 426 714 521 768; x_wconf 75' lang='lat' dir='ltr'><strong>leti</strong></span> <span class='ocrx_word' id='word_1_29' title='bbox 532 733 617 768; x_wconf 78' lang='grc' dir='ltr'><strong>του</strong></span> <span class='ocrx_word' id='word_1_30' title='bbox 641 714 800 784; x_wconf 83' lang='grc' dir='ltr'>χάριν</span> <span class='ocrx_word' id='word_1_31' title='bbox 820 713 881 766; x_wconf 85' lang='grc' dir='ltr'>τὸ</span> <span class='ocrx_word' id='word_1_32' title='bbox 902 714 1344 785; x_wconf 79' lang='grc' dir='ltr'><strong>ἀπηγορευμένον</strong></span> <span class='ocrx_word' id='word_1_33' title='bbox 1366 719 1431 787; x_wconf 83' lang='grc' dir='ltr'><strong>τῇ</strong></span> <span class='ocrx_word' id='word_1_34' title='bbox 1456 716 1655 790; x_wconf 80' lang='grc' dir='ltr'><strong>βρώσει</strong></span> <span class='ocrx_word' id='word_1_35' title='bbox 1682 718 1775 770; x_wconf 90' lang='grc' dir='ltr'><strong>τοῦ</strong></span> <span class='ocrx_word' id='word_1_36' title='bbox 1807 718 1989 784; x_wconf 85' lang='grc' dir='ltr'>ξύλου,</span> 
     </span>
    </p>
   </div>
   <div class='ocr_carea' id='block_1_8' title="bbox 419 804 1995 877">
    <p class='ocr_par' dir='ltr' id='par_1_8' title="bbox 419 804 1995 877">
     <span class='ocr_line' id='line_1_8' title="bbox 419 804 1995 877; baseline -0.002 -15"><span class='ocrx_word' id='word_1_37' title='bbox 419 809 537 877; x_wconf 74' lang='grc' dir='ltr'>οὐχὶ</span> <span class='ocrx_word' id='word_1_38' title='bbox 565 807 753 874; x_wconf 82' lang='grc' dir='ltr'>συκῆν,</span> <span class='ocrx_word' id='word_1_39' title='bbox 790 804 864 868; x_wconf 87' lang='grc' dir='ltr'><strong>ῶς</strong></span> <span class='ocrx_word' id='word_1_40' title='bbox 896 823 1036 868; x_wconf 88' lang='grc' dir='ltr'>τινες</span> <span class='ocrx_word' id='word_1_41' title='bbox 1070 806 1442 876; x_wconf 78' lang='grc' dir='ltr'>ἀπεφήναντο,</span> <span class='ocrx_word' id='word_1_42' title='bbox 1491 809 1611 861; x_wconf 73' lang='grc' dir='ltr'>οὐδὲ</span> <span class='ocrx_word' id='word_1_43' title='bbox 1644 809 1771 862; x_wconf 77' lang='grc' dir='ltr'>ἄλλο</span> <span class='ocrx_word' id='word_1_44' title='bbox 1797 827 1849 863; x_wconf 90' lang='grc' dir='ltr'><strong>τι</strong></span> <span class='ocrx_word' id='word_1_45' title='bbox 1886 810 1995 861; x_wconf 90' lang='grc' dir='ltr'><strong>τῶν</strong></span> 
     </span>
    </p>
   </div>
   <div class='ocr_carea' id='block_1_9' title="bbox 419 890 1998 969">
    <p class='ocr_par' dir='ltr' id='par_1_9' title="bbox 419 890 1998 969">
     <span class='ocr_line' id='line_1_9' title="bbox 419 890 1998 969; baseline 0.001 -20"><span class='ocrx_word' id='word_1_46' title='bbox 419 895 729 967; x_wconf 82' lang='grc' dir='ltr'>ἀκροδρύων</span> <span class='ocrx_word' id='word_1_47' title='bbox 756 890 892 947; x_wconf 74' lang='grc' dir='ltr'>εἶναι</span> <span class='ocrx_word' id='word_1_48' title='bbox 925 893 1242 965; x_wconf 78' lang='grc' dir='ltr'><strong>πειθόμεθα.</strong></span> <span class='ocrx_word' id='word_1_49' title='bbox 1297 897 1359 948; x_wconf 81' lang='lat' dir='ltr'><strong>Ei</strong></span> <span class='ocrx_word' id='word_1_50' title='bbox 1393 896 1499 968; x_wconf 87' lang='grc' dir='ltr'><strong>γάρ</strong></span> <span class='ocrx_word' id='word_1_51' title='bbox 1539 898 1657 951; x_wconf 88' lang='grc' dir='ltr'>τότε</span> <span class='ocrx_word' id='word_1_52' title='bbox 1696 899 1998 969; x_wconf 75' lang='grc' dir='ltr'>θανατηφό-</span> 
     </span>
    </p>
   </div>
   <div class='ocr_carea' id='block_1_10' title="bbox 419 982 1993 1062">
    <p class='ocr_par' dir='ltr' id='par_1_10' title="bbox 419 982 1993 1062">
     <span class='ocr_line' id='line_1_10' title="bbox 419 982 1993 1062; baseline 0.004 -24"><span class='ocrx_word' id='word_1_53' title='bbox 419 1004 511 1058; x_wconf 86' lang='grc' dir='ltr'><strong>ρος</strong></span> <span class='ocrx_word' id='word_1_54' title='bbox 546 982 613 1057; x_wconf 79' lang='grc' dir='ltr'>ἦν</span> <span class='ocrx_word' id='word_1_55' title='bbox 652 988 686 1057; x_wconf 79' lang='grc' dir='ltr'>ἡ</span> <span class='ocrx_word' id='word_1_56' title='bbox 731 986 895 1056; x_wconf 82' lang='grc' dir='ltr'>συκῆ,</span> <span class='ocrx_word' id='word_1_57' title='bbox 928 987 1037 1039; x_wconf 80' lang='grc' dir='ltr'>οὐδ’</span> <span class='ocrx_word' id='word_1_58' title='bbox 1084 988 1151 1041; x_wconf 89' lang='grc' dir='ltr'>ἂν</span> <span class='ocrx_word' id='word_1_59' title='bbox 1209 987 1303 1041; x_wconf 92' lang='grc' dir='ltr'><strong>νῦν</strong></span> <span class='ocrx_word' id='word_1_60' title='bbox 1353 992 1568 1053; x_wconf 87' lang='grc' dir='ltr'>πάντως</span> <span class='ocrx_word' id='word_1_61' title='bbox 1620 990 1875 1060; x_wconf 82' lang='grc' dir='ltr'><strong>ἐδώδιμος</strong></span> <span class='ocrx_word' id='word_1_62' title='bbox 1905 987 1993 1062; x_wconf 81' lang='grc' dir='ltr'><strong>ἦν.</strong></span> 
     </span>
    </p>
   </div>
   <div class='ocr_carea' id='block_1_11' title="bbox 420 1080 1996 1153">
    <p class='ocr_par' dir='ltr' id='par_1_11' title="bbox 420 1080 1996 1153">
     <span class='ocr_line' id='line_1_11' title="bbox 420 1080 1996 1153; baseline 0.001 -19"><span class='ocrx_word' id='word_1_63' title='bbox 420 1082 574 1151; x_wconf 77' lang='grc' dir='ltr'>Ἀμα</span> <span class='ocrx_word' id='word_1_64' title='bbox 607 1080 665 1132; x_wconf 79' lang='grc' dir='ltr'>δὲ</span> <span class='ocrx_word' id='word_1_65' title='bbox 714 1081 806 1133; x_wconf 77' lang='grc' dir='ltr'>καὶ</span> <span class='ocrx_word' id='word_1_66' title='bbox 855 1080 1251 1151; x_wconf 80' lang='grc' dir='ltr'><strong>μεμαθήκαμεν</strong></span> <span class='ocrx_word' id='word_1_67' title='bbox 1280 1083 1430 1153; x_wconf 84' lang='grc' dir='ltr'>παρὰ</span> <span class='ocrx_word' id='word_1_68' title='bbox 1464 1083 1561 1151; x_wconf 82' lang='grc' dir='ltr'>τῆς</span> <span class='ocrx_word' id='word_1_69' title='bbox 1589 1082 1680 1135; x_wconf 86' lang='grc' dir='ltr'><strong>τοῦ</strong></span> <span class='ocrx_word' id='word_1_70' title='bbox 1729 1084 1996 1135; x_wconf 86' lang='grc' dir='ltr'>Δεσπότου</span> 
     </span>
    </p>
   </div>
   <div class='ocr_carea' id='block_1_12' title="bbox 421 1171 1998 1244">
    <p class='ocr_par' dir='ltr' id='par_1_12' title="bbox 421 1171 1998 1244">
     <span class='ocr_line' id='line_1_12' title="bbox 421 1171 1998 1244; baseline 0.003 -20"><span class='ocrx_word' id='word_1_71' title='bbox 421 1173 636 1242; x_wconf 76' lang='grc' dir='ltr'>φωνῆς,</span> <span class='ocrx_word' id='word_1_72' title='bbox 683 1171 751 1223; x_wconf 82' lang='grc' dir='ltr'><strong>δι’</strong></span> <span class='ocrx_word' id='word_1_73' title='bbox 806 1171 1132 1240; x_wconf 72' lang='grc' dir='ltr'><strong>ἀποφάσεως</strong></span> <span class='ocrx_word' id='word_1_74' title='bbox 1181 1171 1341 1225; x_wconf 90' lang='grc' dir='ltr'>τοῦτο</span> <span class='ocrx_word' id='word_1_75' title='bbox 1387 1173 1851 1244; x_wconf 79' lang='grc' dir='ltr'>δογματιζούσης’</span> <span class='ocrx_word' id='word_1_76' title='bbox 1915 1176 1998 1228; x_wconf 82' lang='grc' dir='ltr'>ὅτι</span> 
     </span>
    </p>
   </div>
   <div class='ocr_carea' id='block_1_13' title="bbox 423 1260 1999 1331">
    <p class='ocr_par' dir='ltr' id='par_1_13' title="bbox 423 1260 1999 1331">
     <span class='ocr_line' id='line_1_13' title="bbox 423 1260 1999 1331; baseline 0.001 -16"><span class='ocrx_word' id='word_1_77' title='bbox 423 1261 615 1315; x_wconf 83' lang='grc' dir='ltr'>Οὐδέν</span> <span class='ocrx_word' id='word_1_78' title='bbox 646 1261 777 1315; x_wconf 81' lang='grc' dir='ltr'>ἐστι</span> <span class='ocrx_word' id='word_1_79' title='bbox 809 1260 927 1314; x_wconf 81' lang='grc' dir='ltr'><strong>τῶν</strong></span> <span class='ocrx_word' id='word_1_80' title='bbox 962 1260 1478 1331; x_wconf 70' lang='grc' dir='ltr'><strong>εἰσπορευομένων</strong></span> <span class='ocrx_word' id='word_1_81' title='bbox 1499 1262 1597 1315; x_wconf 84' lang='grc' dir='ltr'>διὰ</span> <span class='ocrx_word' id='word_1_82' title='bbox 1629 1265 1924 1331; x_wconf 80' lang='grc' dir='ltr'>στόματος</span> <span class='ocrx_word' id='word_1_83' title='bbox 1966 1263 1999 1317; x_wconf 86' lang='lat'><strong>6</strong></span> 
     </span>
    </p>
   </div>
   <div class='ocr_carea' id='block_1_14' title="bbox 422 1349 2002 1423">
    <p class='ocr_par' dir='ltr' id='par_1_14' title="bbox 422 1349 2002 1423">
     <span class='ocr_line' id='line_1_14' title="bbox 422 1349 2002 1423; baseline 0.001 -19"><span class='ocrx_word' id='word_1_84' title='bbox 422 1351 671 1407; x_wconf 83' lang='grc' dir='ltr'>δύναται</span> <span class='ocrx_word' id='word_1_85' title='bbox 693 1349 979 1404; x_wconf 76' lang='grc' dir='ltr'>κοινῶσαι</span> <span class='ocrx_word' id='word_1_86' title='bbox 1004 1350 1111 1404; x_wconf 83' lang='grc' dir='ltr'>τὸν</span> <span class='ocrx_word' id='word_1_87' title='bbox 1132 1349 1460 1418; x_wconf 82' lang='grc' dir='ltr'>ἄνθρωπον.</span> <span class='ocrx_word' id='word_1_88' title='bbox 1497 1351 1637 1403; x_wconf 81' lang='grc' dir='ltr'>Ἀλλ’</span> <span class='ocrx_word' id='word_1_89' title='bbox 1664 1353 1853 1423; x_wconf 78' lang='grc' dir='ltr'>ἑτέραν</span> <span class='ocrx_word' id='word_1_90' title='bbox 1880 1352 2002 1406; x_wconf 88' lang='grc' dir='ltr'><strong>τινά</strong></span> 
     </span>
    </p>
   </div>
   <div class='ocr_carea' id='block_1_15' title="bbox 422 1440 2039 1515">
    <p class='ocr_par' dir='ltr' id='par_1_15' title="bbox 422 1440 2039 1515">
     <span class='ocr_line' id='line_1_15' title="bbox 422 1440 2039 1515; baseline 0 -19"><span class='ocrx_word' id='word_1_91' title='bbox 422 1442 689 1515; x_wconf 76' lang='grc' dir='ltr'>ζητοῦμεν</span> <span class='ocrx_word' id='word_1_92' title='bbox 717 1443 954 1496; x_wconf 88' lang='grc' dir='ltr'>διάνοιαν</span> <span class='ocrx_word' id='word_1_93' title='bbox 991 1443 1085 1494; x_wconf 76' lang='grc' dir='ltr'><strong>ἐπὶ</strong></span> <span class='ocrx_word' id='word_1_94' title='bbox 1118 1440 1213 1495; x_wconf 88' lang='grc' dir='ltr'><strong>τοῦ</strong></span> <span class='ocrx_word' id='word_1_95' title='bbox 1243 1441 1411 1513; x_wconf 88' lang='grc' dir='ltr'>νόμου</span> <span class='ocrx_word' id='word_1_96' title='bbox 1433 1482 1448 1506; x_wconf 92' lang='grc'><strong>,</strong></span> <span class='ocrx_word' id='word_1_97' title='bbox 1479 1443 1636 1508; x_wconf 90' lang='grc' dir='ltr'>ἀξίαν</span> <span class='ocrx_word' id='word_1_98' title='bbox 1668 1444 1763 1513; x_wconf 78' lang='grc' dir='ltr'>τῆς</span> <span class='ocrx_word' id='word_1_99' title='bbox 1793 1443 1887 1496; x_wconf 87' lang='grc' dir='ltr'><strong>τοῦ</strong></span> <span class='ocrx_word' id='word_1_100' title='bbox 1916 1461 2001 1496; x_wconf 84' lang='grc' dir='ltr'>νο-</span> <span class='ocrx_word' id='word_1_101' title='bbox 2038 1458 2039 1461; x_wconf 79' lang='lat'>‘</span> 
     </span>
    </p>
   </div>
   <div class='ocr_carea' id='block_1_16' title="bbox 424 1531 2003 1605">
    <p class='ocr_par' dir='ltr' id='par_1_16' title="bbox 424 1531 2003 1605">
     <span class='ocr_line' id='line_1_16' title="bbox 424 1531 2003 1605; baseline -0.001 -18"><span class='ocrx_word' id='word_1_102' title='bbox 424 1535 648 1605; x_wconf 89' lang='grc' dir='ltr'>μοθέτου</span> <span class='ocrx_word' id='word_1_103' title='bbox 690 1534 1129 1604; x_wconf 69' lang='grc' dir='ltr'>μεγαλειότητοςο</span> <span class='ocrx_word' id='word_1_104' title='bbox 1160 1531 1265 1587; x_wconf 81' lang='grc' dir='ltr'><strong>κάν</strong></span> <span class='ocrx_word' id='word_1_105' title='bbox 1303 1533 1403 1603; x_wconf 80' lang='grc' dir='ltr'>τῆς</span> <span class='ocrx_word' id='word_1_106' title='bbox 1448 1533 1541 1586; x_wconf 90' lang='grc' dir='ltr'><strong>τοῦ</strong></span> <span class='ocrx_word' id='word_1_107' title='bbox 1594 1533 1730 1587; x_wconf 85' lang='grc' dir='ltr'>Θεοῦ</span> <span class='ocrx_word' id='word_1_108' title='bbox 1778 1535 2003 1603; x_wconf 82' lang='grc' dir='ltr'>φυτείας</span> 
     </span>
    </p>
   </div>
   <div class='ocr_carea' id='block_1_17' title="bbox 423 1620 2004 1697">
    <p class='ocr_par' dir='ltr' id='par_1_17' title="bbox 423 1620 2004 1697">
     <span class='ocr_line' id='line_1_17' title="bbox 423 1620 2004 1697; baseline 0 -18"><span class='ocrx_word' id='word_1_109' title='bbox 423 1627 583 1697; x_wconf 71' lang='grc' dir='ltr'>ἔργον</span> <span class='ocrx_word' id='word_1_110' title='bbox 611 1625 703 1678; x_wconf 83' lang='grc' dir='ltr'>τὸν</span> <span class='ocrx_word' id='word_1_111' title='bbox 754 1624 1081 1695; x_wconf 83' lang='grc' dir='ltr'>παράδεισον</span> <span class='ocrx_word' id='word_1_112' title='bbox 1122 1620 1261 1678; x_wconf 73' lang='grc' dir='ltr'>εἶναι</span> <span class='ocrx_word' id='word_1_113' title='bbox 1308 1624 1651 1695; x_wconf 86' lang='grc' dir='ltr'>ἀκούσωμεν,</span> <span class='ocrx_word' id='word_1_114' title='bbox 1704 1626 1807 1680; x_wconf 85' lang='grc' dir='ltr'>κᾶν</span> <span class='ocrx_word' id='word_1_115' title='bbox 1846 1625 2004 1689; x_wconf 83' lang='grc' dir='ltr'>ξύλον</span> 
     </span>
    </p>
   </div>
   <div class='ocr_carea' id='block_1_18' title="bbox 423 1716 2003 1789">
    <p class='ocr_par' dir='ltr' id='par_1_18' title="bbox 423 1716 2003 1789">
     <span class='ocr_line' id='line_1_18' title="bbox 423 1716 2003 1789; baseline 0 -18"><span class='ocrx_word' id='word_1_116' title='bbox 423 1718 563 1789; x_wconf 82' lang='grc' dir='ltr'>ζωῆς</span> <span class='ocrx_word' id='word_1_117' title='bbox 591 1719 650 1771; x_wconf 83' lang='grc' dir='ltr'>ὲν</span> <span class='ocrx_word' id='word_1_118' title='bbox 685 1721 835 1787; x_wconf 83' lang='grc' dir='ltr'>μέσῳ</span> <span class='ocrx_word' id='word_1_119' title='bbox 862 1716 956 1770; x_wconf 89' lang='grc' dir='ltr'><strong>τοῦ</strong></span> <span class='ocrx_word' id='word_1_120' title='bbox 988 1718 1316 1789; x_wconf 83' lang='grc' dir='ltr'>παραδείσου</span> <span class='ocrx_word' id='word_1_121' title='bbox 1358 1719 1786 1789; x_wconf 79' lang='grc' dir='ltr'>πεφυτευμένον,</span> <span class='ocrx_word' id='word_1_122' title='bbox 1829 1718 2003 1788; x_wconf 77' lang='grc' dir='ltr'>ζητῶ-</span> 
     </span>
    </p>
   </div>
   <div class='ocr_carea' id='block_1_19' title="bbox 424 1807 2003 1881">
    <p class='ocr_par' dir='ltr' id='par_1_19' title="bbox 424 1807 2003 1881">
     <span class='ocr_line' id='line_1_19' title="bbox 424 1807 2003 1881; baseline 0 -18"><span class='ocrx_word' id='word_1_123' title='bbox 424 1827 522 1881; x_wconf 82' lang='grc' dir='ltr'><strong>μεν</strong></span> <span class='ocrx_word' id='word_1_124' title='bbox 553 1808 703 1880; x_wconf 85' lang='grc' dir='ltr'><strong>παρά</strong></span> <span class='ocrx_word' id='word_1_125' title='bbox 732 1807 826 1861; x_wconf 89' lang='grc' dir='ltr'><strong>τοῦ</strong></span> <span class='ocrx_word' id='word_1_126' title='bbox 867 1808 1341 1873; x_wconf 68' lang='grc' dir='ltr'>ἀποκαλύπτοντας</span> <span class='ocrx_word' id='word_1_127' title='bbox 1390 1810 1458 1863; x_wconf 90' lang='grc' dir='ltr'><strong>τά</strong></span> <span class='ocrx_word' id='word_1_128' title='bbox 1490 1811 1848 1881; x_wconf 84' lang='grc' dir='ltr'>κεκρυμμένα</span> <span class='ocrx_word' id='word_1_129' title='bbox 1902 1829 2003 1881; x_wconf 88' lang='grc' dir='ltr'>μυ-</span> 
     </span>
    </p>
   </div>
   <div class='ocr_carea' id='block_1_20' title="bbox 2093 624 3657 697">
    <p class='ocr_par' dir='ltr' id='par_1_20' title="bbox 2093 624 3657 697">
     <span class='ocr_line' id='line_1_20' title="bbox 2093 624 3657 697; baseline -0.002 -16"><span class='ocrx_word' id='word_1_130' title='bbox 2093 628 2207 685; x_wconf 87' lang='lat' dir='ltr'><strong>llac</strong></span> <span class='ocrx_word' id='word_1_131' title='bbox 2238 629 2305 684; x_wconf 92' lang='lat' dir='ltr'><strong>de</strong></span> <span class='ocrx_word' id='word_1_132' title='bbox 2336 642 2501 682; x_wconf 89' lang='lat' dir='ltr'><strong>causa</strong></span> <span class='ocrx_word' id='word_1_133' title='bbox 2533 626 2680 696; x_wconf 89' lang='lat' dir='ltr'><strong>quod</strong></span> <span class='ocrx_word' id='word_1_134' title='bbox 2732 627 2787 680; x_wconf 91' lang='lat' dir='ltr'><strong>in</strong></span> <span class='ocrx_word' id='word_1_135' title='bbox 2820 643 2918 682; x_wconf 83' lang='lat' dir='ltr'><strong>esu</strong></span> <span class='ocrx_word' id='word_1_136' title='bbox 2978 626 3108 697; x_wconf 84' lang='lat' dir='ltr'><strong>ligni</strong></span> <span class='ocrx_word' id='word_1_137' title='bbox 3168 634 3251 681; x_wconf 86' lang='lat' dir='ltr'><strong>est</strong></span> <span class='ocrx_word' id='word_1_138' title='bbox 3305 624 3657 695; x_wconf 84' lang='lat' dir='ltr'><strong>prohibitum,</strong></span> 
     </span>
    </p>
   </div>
   <div class='ocr_carea' id='block_1_21' title="bbox 2094 717 3662 790">
    <p class='ocr_par' dir='ltr' id='par_1_21' title="bbox 2094 717 3662 790">
     <span class='ocr_line' id='line_1_21' title="bbox 2094 717 3662 790; baseline -0.004 -16"><span class='ocrx_word' id='word_1_139' title='bbox 2094 737 2269 790; x_wconf 85' lang='lat' dir='ltr'><strong>neque</strong></span> <span class='ocrx_word' id='word_1_140' title='bbox 2304 720 2467 773; x_wconf 77' lang='lat' dir='ltr'><strong>licunt</strong></span> <span class='ocrx_word' id='word_1_141' title='bbox 2495 734 2618 773; x_wconf 89' lang='lat' dir='ltr'><strong>esse</strong></span> <span class='ocrx_word' id='word_1_142' title='bbox 2655 718 2948 781; x_wconf 81' lang='lat' dir='ltr'><strong>credimus,</strong></span> <span class='ocrx_word' id='word_1_143' title='bbox 2975 727 3034 771; x_wconf 87' lang='grc' dir='ltr'><strong>ιιι</strong></span> <span class='ocrx_word' id='word_1_144' title='bbox 3060 717 3307 771; x_wconf 87' lang='lat' dir='ltr'><strong>nonnulli</strong></span> <span class='ocrx_word' id='word_1_145' title='bbox 3340 717 3662 786; x_wconf 89' lang='lat' dir='ltr'><strong>pronuntia-</strong></span> 
     </span>
    </p>
   </div>
   <div class='ocr_carea' id='block_1_22' title="bbox 2096 807 3660 880">
    <p class='ocr_par' dir='ltr' id='par_1_22' title="bbox 2096 807 3660 880">
     <span class='ocr_line' id='line_1_22' title="bbox 2096 807 3660 880; baseline -0.001 -16"><span class='ocrx_word' id='word_1_146' title='bbox 2096 821 2245 877; x_wconf 85' lang='lat' dir='ltr'><strong>runt,</strong></span> <span class='ocrx_word' id='word_1_147' title='bbox 2300 826 2476 880; x_wconf 89' lang='lat' dir='ltr'><strong>neque</strong></span> <span class='ocrx_word' id='word_1_148' title='bbox 2508 810 2745 879; x_wconf 83' lang='lat' dir='ltr'><strong>aliquam</strong></span> <span class='ocrx_word' id='word_1_149' title='bbox 2799 824 2867 863; x_wconf 76' lang='lat' dir='ltr'><strong>ex</strong></span> <span class='ocrx_word' id='word_1_150' title='bbox 2919 809 3196 878; x_wconf 78' lang='lat' dir='ltr'><strong>frugiferis</strong></span> <span class='ocrx_word' id='word_1_151' title='bbox 3251 809 3559 863; x_wconf 87' lang='lat' dir='ltr'><strong>arboribus.</strong></span> <span class='ocrx_word' id='word_1_152' title='bbox 3603 807 3660 862; x_wconf 91' lang='lat' dir='ltr'><strong>Si</strong></span> 
     </span>
    </p>
   </div>
   <div class='ocr_carea' id='block_1_23' title="bbox 2094 900 3662 973">
    <p class='ocr_par' dir='ltr' id='par_1_23' title="bbox 2094 900 3662 973">
     <span class='ocr_line' id='line_1_23' title="bbox 2094 900 3662 973; baseline -0.003 -14"><span class='ocrx_word' id='word_1_153' title='bbox 2094 905 2239 959; x_wconf 83' lang='lat' dir='ltr'><strong>enim</strong></span> <span class='ocrx_word' id='word_1_154' title='bbox 2274 911 2404 957; x_wconf 90' lang='lat' dir='ltr'><strong>tunc</strong></span> <span class='ocrx_word' id='word_1_155' title='bbox 2436 903 2569 957; x_wconf 86' lang='lat' dir='ltr'><strong>ficus</strong></span> <span class='ocrx_word' id='word_1_156' title='bbox 2614 902 2805 956; x_wconf 88' lang='lat' dir='ltr'><strong>fuisset</strong></span> <span class='ocrx_word' id='word_1_157' title='bbox 2842 900 3071 964; x_wconf 84' lang='lat' dir='ltr'><strong>letifera,</strong></span> <span class='ocrx_word' id='word_1_158' title='bbox 3123 917 3222 956; x_wconf 87' lang='lat' dir='ltr'><strong>nec</strong></span> <span class='ocrx_word' id='word_1_159' title='bbox 3252 918 3398 957; x_wconf 86' lang='lat' dir='ltr'><strong>nunc</strong></span> <span class='ocrx_word' id='word_1_160' title='bbox 3442 902 3662 973; x_wconf 83' lang='lat' dir='ltr'><strong>quidem</strong></span> 
     </span>
    </p>
   </div>
   <div class='ocr_carea' id='block_1_24' title="bbox 2095 990 3664 1062">
    <p class='ocr_par' dir='ltr' id='par_1_24' title="bbox 2095 990 3664 1062">
     <span class='ocr_line' id='line_1_24' title="bbox 2095 990 3664 1062; baseline -0.004 -10"><span class='ocrx_word' id='word_1_161' title='bbox 2095 1004 2237 1052; x_wconf 87' lang='lat' dir='ltr'><strong>esset</strong></span> <span class='ocrx_word' id='word_1_162' title='bbox 2268 995 2493 1048; x_wconf 90' lang='lat' dir='ltr'><strong>omnino</strong></span> <span class='ocrx_word' id='word_1_163' title='bbox 2524 994 2826 1048; x_wconf 88' lang='lat' dir='ltr'><strong>esculenta.</strong></span> <span class='ocrx_word' id='word_1_164' title='bbox 2862 990 3035 1045; x_wconf 83' lang='lat' dir='ltr'><strong>Simul</strong></span> <span class='ocrx_word' id='word_1_165' title='bbox 3086 992 3249 1045; x_wconf 89' lang='lat' dir='ltr'><strong>etiam</strong></span> <span class='ocrx_word' id='word_1_166' title='bbox 3288 993 3389 1047; x_wconf 83' lang='lat' dir='ltr'><strong>ltoc</strong></span> <span class='ocrx_word' id='word_1_167' title='bbox 3444 1006 3664 1062; x_wconf 88' lang='lat' dir='ltr'><strong>quoque</strong></span> 
     </span>
    </p>
   </div>
   <div class='ocr_carea' id='block_1_25' title="bbox 2095 1082 3663 1152">
    <p class='ocr_par' dir='ltr' id='par_1_25' title="bbox 2095 1082 3663 1152">
     <span class='ocr_line' id='line_1_25' title="bbox 2095 1082 3663 1152; baseline -0.003 -12"><span class='ocrx_word' id='word_1_168' title='bbox 2095 1086 2387 1140; x_wconf 78' lang='lat' dir='ltr'><strong>didicimus</strong></span> <span class='ocrx_word' id='word_1_169' title='bbox 2416 1100 2446 1137; x_wconf 90' lang='lat' dir='ltr'><strong>a</strong></span> <span class='ocrx_word' id='word_1_170' title='bbox 2477 1100 2609 1137; x_wconf 88' lang='lat' dir='ltr'><strong>voce</strong></span> <span class='ocrx_word' id='word_1_171' title='bbox 2641 1082 2875 1145; x_wconf 86' lang='lat' dir='ltr'><strong>Domini,</strong></span> <span class='ocrx_word' id='word_1_172' title='bbox 2905 1097 3029 1151; x_wconf 64' lang='lat' dir='ltr'><strong>quae</strong></span> <span class='ocrx_word' id='word_1_173' title='bbox 3064 1082 3167 1135; x_wconf 89' lang='lat' dir='ltr'><strong>hoc</strong></span> <span class='ocrx_word' id='word_1_174' title='bbox 3206 1082 3485 1138; x_wconf 81' lang='lat' dir='ltr'><strong>decretum</strong></span> <span class='ocrx_word' id='word_1_175' title='bbox 3536 1098 3663 1152; x_wconf 86' lang='lat' dir='ltr'><strong>pro-</strong></span> 
     </span>
    </p>
   </div>
   <div class='ocr_carea' id='block_1_26' title="bbox 2097 1173 3664 1243">
    <p class='ocr_par' dir='ltr' id='par_1_26' title="bbox 2097 1173 3664 1243">
     <span class='ocr_line' id='line_1_26' title="bbox 2097 1173 3664 1243; baseline -0.004 -11"><span class='ocrx_word' id='word_1_176' title='bbox 2097 1179 2313 1232; x_wconf 88' lang='lat' dir='ltr'><strong>nuntiat</strong></span> <span class='ocrx_word' id='word_1_177' title='bbox 2346 1176 2535 1231; x_wconf 80' lang='lat' dir='ltr'><strong>:Niltil</strong></span> <span class='ocrx_word' id='word_1_178' title='bbox 2573 1184 2650 1229; x_wconf 79' lang='lat' dir='ltr'><strong>est</strong></span> <span class='ocrx_word' id='word_1_179' title='bbox 2689 1190 2868 1227; x_wconf 81' lang='lat' dir='ltr'><strong>eorum</strong></span> <span class='ocrx_word' id='word_1_180' title='bbox 2904 1190 3020 1242; x_wconf 71' lang='lat' dir='ltr'><strong>qua:</strong></span> <span class='ocrx_word' id='word_1_181' title='bbox 3059 1188 3150 1241; x_wconf 82' lang='lat' dir='ltr'><strong>per</strong></span> <span class='ocrx_word' id='word_1_182' title='bbox 3194 1191 3250 1227; x_wconf 80' lang='lat' dir='ltr'><strong>os</strong></span> <span class='ocrx_word' id='word_1_183' title='bbox 3300 1173 3664 1243; x_wconf 78' lang='lat' dir='ltr'><strong>ingrediuntur</strong></span> 
     </span>
    </p>
   </div>
   <div class='ocr_carea' id='block_1_27' title="bbox 2097 1265 3664 1340">
    <p class='ocr_par' dir='ltr' id='par_1_27' title="bbox 2097 1265 3664 1340">
     <span class='ocr_line' id='line_1_27' title="bbox 2097 1265 3664 1340; baseline -0.002 -19"><span class='ocrx_word' id='word_1_184' title='bbox 2097 1269 2234 1340; x_wconf 87' lang='lat' dir='ltr'><strong>quod</strong></span> <span class='ocrx_word' id='word_1_185' title='bbox 2288 1269 2519 1338; x_wconf 77' lang='lat' dir='ltr'><strong>inquinet</strong></span> <span class='ocrx_word' id='word_1_186' title='bbox 2569 1267 2877 1320; x_wconf 81' lang='lat' dir='ltr'><strong>hominem:</strong></span> <span class='ocrx_word' id='word_1_187' title='bbox 2933 1265 3028 1320; x_wconf 90' lang='lat' dir='ltr'><strong>sed</strong></span> <span class='ocrx_word' id='word_1_188' title='bbox 3083 1266 3138 1319; x_wconf 91' lang='lat' dir='ltr'><strong>in</strong></span> <span class='ocrx_word' id='word_1_189' title='bbox 3194 1266 3297 1319; x_wconf 88' lang='lat' dir='ltr'><strong>hac</strong></span> <span class='ocrx_word' id='word_1_190' title='bbox 3349 1266 3463 1336; x_wconf 82' lang='lat' dir='ltr'><strong>lege</strong></span> <span class='ocrx_word' id='word_1_191' title='bbox 3499 1266 3664 1319; x_wconf 89' lang='lat' dir='ltr'><strong>aliam</strong></span> 
     </span>
    </p>
   </div>
   <div class='ocr_carea' id='block_1_28' title="bbox 2099 1357 3669 1431">
    <p class='ocr_par' dir='ltr' id='par_1_28' title="bbox 2099 1357 3669 1431">
     <span class='ocr_line' id='line_1_28' title="bbox 2099 1357 3669 1431; baseline -0.001 -17"><span class='ocrx_word' id='word_1_192' title='bbox 2099 1360 2395 1431; x_wconf 63' lang='lat' dir='ltr'><strong>quaerimus</strong></span> <span class='ocrx_word' id='word_1_193' title='bbox 2431 1359 2865 1429; x_wconf 77' lang='lat' dir='ltr'><strong>intelligentiam,</strong></span> <span class='ocrx_word' id='word_1_194' title='bbox 2899 1372 3021 1427; x_wconf 63' lang='lat' dir='ltr'><strong>quae</strong></span> <span class='ocrx_word' id='word_1_195' title='bbox 3052 1357 3378 1428; x_wconf 85' lang='lat' dir='ltr'><strong>legislatoris</strong></span> <span class='ocrx_word' id='word_1_196' title='bbox 3407 1358 3569 1428; x_wconf 83' lang='lat' dir='ltr'><strong>digna</strong></span> <span class='ocrx_word' id='word_1_197' title='bbox 3594 1358 3669 1414; x_wconf 84' lang='lat' dir='ltr'><strong>sit</strong></span> 
     </span>
    </p>
   </div>
   <div class='ocr_carea' id='block_1_29' title="bbox 2100 1447 3668 1519">
    <p class='ocr_par' dir='ltr' id='par_1_29' title="bbox 2100 1447 3668 1519">
     <span class='ocr_line' id='line_1_29' title="bbox 2100 1447 3668 1519; baseline -0.001 -14"><span class='ocrx_word' id='word_1_198' title='bbox 2100 1451 2405 1519; x_wconf 81' lang='lat' dir='ltr'><strong>majestate.</strong></span> <span class='ocrx_word' id='word_1_199' title='bbox 2438 1450 2503 1503; x_wconf 85' lang='lat' dir='ltr'><strong>Et</strong></span> <span class='ocrx_word' id='word_1_200' title='bbox 2540 1449 2587 1505; x_wconf 90' lang='lat' dir='ltr'><strong>si</strong></span> <span class='ocrx_word' id='word_1_201' title='bbox 2628 1449 2962 1504; x_wconf 85' lang='lat' dir='ltr'><strong>audierimus</strong></span> <span class='ocrx_word' id='word_1_202' title='bbox 2999 1447 3309 1518; x_wconf 88' lang='lat' dir='ltr'><strong>paradisum</strong></span> <span class='ocrx_word' id='word_1_203' title='bbox 3361 1463 3486 1502; x_wconf 84' lang='lat' dir='ltr'><strong>esse</strong></span> <span class='ocrx_word' id='word_1_204' title='bbox 3528 1462 3668 1519; x_wconf 88' lang='lat' dir='ltr'><strong>opus</strong></span> 
     </span>
    </p>
   </div>
   <div class='ocr_carea' id='block_1_30' title="bbox 2100 1532 3667 1612">
    <p class='ocr_par' dir='ltr' id='par_1_30' title="bbox 2100 1532 3667 1612">
     <span class='ocr_line' id='line_1_30' title="bbox 2100 1532 3667 1612; baseline -0.001 -17"><span class='ocrx_word' id='word_1_205' title='bbox 2100 1541 2196 1598; x_wconf 89' lang='lat' dir='ltr'><strong>Dei</strong></span> <span class='ocrx_word' id='word_1_206' title='bbox 2228 1532 2603 1612; x_wconf 61' lang='lat' dir='ltr'><strong>plantatio‘nis,</strong></span> <span class='ocrx_word' id='word_1_207' title='bbox 2638 1549 2694 1595; x_wconf 92' lang='lat' dir='ltr'><strong>et</strong></span> <span class='ocrx_word' id='word_1_208' title='bbox 2748 1541 2795 1595; x_wconf 88' lang='lat' dir='ltr'><strong>si</strong></span> <span class='ocrx_word' id='word_1_209' title='bbox 2851 1540 3060 1611; x_wconf 77' lang='lat' dir='ltr'><strong>lignum</strong></span> <span class='ocrx_word' id='word_1_210' title='bbox 3094 1540 3219 1594; x_wconf 61' lang='lat' dir='ltr'><strong>vitae</strong></span> <span class='ocrx_word' id='word_1_211' title='bbox 3278 1542 3575 1609; x_wconf 86' lang='lat' dir='ltr'><strong>plantatum</strong></span> <span class='ocrx_word' id='word_1_212' title='bbox 3611 1540 3667 1594; x_wconf 90' lang='lat' dir='ltr'><strong>in</strong></span> 
     </span>
    </p>
   </div>
   <div class='ocr_carea' id='block_1_31' title="bbox 2103 1631 3671 1705">
    <p class='ocr_par' dir='ltr' id='par_1_31' title="bbox 2103 1631 3671 1705">
     <span class='ocr_line' id='line_1_31' title="bbox 2103 1631 3671 1705; baseline -0.001 -17"><span class='ocrx_word' id='word_1_213' title='bbox 2103 1635 2286 1689; x_wconf 89' lang='lat' dir='ltr'><strong>medio</strong></span> <span class='ocrx_word' id='word_1_214' title='bbox 2322 1634 2585 1705; x_wconf 86' lang='lat' dir='ltr'><strong>paradisi,</strong></span> <span class='ocrx_word' id='word_1_215' title='bbox 2613 1648 2922 1703; x_wconf 67' lang='lat' dir='ltr'><strong>quaaramus</strong></span> <span class='ocrx_word' id='word_1_216' title='bbox 2954 1648 3019 1688; x_wconf 80' lang='lat' dir='ltr'><strong>ex</strong></span> <span class='ocrx_word' id='word_1_217' title='bbox 3049 1647 3116 1687; x_wconf 90' lang='lat' dir='ltr'><strong>eo</strong></span> <span class='ocrx_word' id='word_1_218' title='bbox 3138 1631 3230 1701; x_wconf 88' lang='lat' dir='ltr'><strong>qui</strong></span> <span class='ocrx_word' id='word_1_219' title='bbox 3264 1632 3477 1686; x_wconf 89' lang='lat' dir='ltr'><strong>occulta</strong></span> <span class='ocrx_word' id='word_1_220' title='bbox 3516 1648 3671 1687; x_wconf 84' lang='lat' dir='ltr'><strong>reve-</strong></span> 
     </span>
    </p>
   </div>
   <div class='ocr_carea' id='block_1_32' title="bbox 2103 1722 3673 1794">
    <p class='ocr_par' dir='ltr' id='par_1_32' title="bbox 2103 1722 3673 1794">
     <span class='ocr_line' id='line_1_32' title="bbox 2103 1722 3673 1794; baseline 0 -17"><span class='ocrx_word' id='word_1_221' title='bbox 2103 1724 2177 1777; x_wconf 87' lang='lat' dir='ltr'><strong>lat</strong></span> <span class='ocrx_word' id='word_1_222' title='bbox 2211 1724 2489 1794; x_wconf 70' lang='lat' dir='ltr'><strong>mysteria,</strong></span> <span class='ocrx_word' id='word_1_223' title='bbox 2527 1732 2586 1777; x_wconf 89' lang='grc' dir='ltr'><strong>ιιι</strong></span> <span class='ocrx_word' id='word_1_224' title='bbox 2617 1724 2895 1778; x_wconf 80' lang='lat' dir='ltr'><strong>discamus</strong></span> <span class='ocrx_word' id='word_1_225' title='bbox 2932 1737 3294 1791; x_wconf 89' lang='lat' dir='ltr'><strong>quorumnam</strong></span> <span class='ocrx_word' id='word_1_226' title='bbox 3330 1722 3568 1793; x_wconf 80' lang='lat' dir='ltr'><strong>agricola</strong></span> <span class='ocrx_word' id='word_1_227' title='bbox 3616 1731 3673 1779; x_wconf 88' lang='grc' dir='ltr'><strong>ει</strong></span> 
     </span>
    </p>
   </div>
   <div class='ocr_carea' id='block_1_33' title="bbox 2103 1814 3675 1885">
    <p class='ocr_par' dir='ltr' id='par_1_33' title="bbox 2103 1814 3675 1885">
     <span class='ocr_line' id='line_1_33' title="bbox 2103 1814 3675 1885; baseline 0.001 -16"><span class='ocrx_word' id='word_1_228' title='bbox 2103 1816 2376 1885; x_wconf 84' lang='lat' dir='ltr'><strong>plantator</strong></span> <span class='ocrx_word' id='word_1_229' title='bbox 2409 1814 2575 1870; x_wconf 86' lang='lat' dir='ltr'><strong>fuerit</strong></span> <span class='ocrx_word' id='word_1_230' title='bbox 2618 1814 2796 1879; x_wconf 88' lang='lat' dir='ltr'><strong>Pater,</strong></span> <span class='ocrx_word' id='word_1_231' title='bbox 2829 1824 2882 1871; x_wconf 91' lang='lat' dir='ltr'><strong>et</strong></span> <span class='ocrx_word' id='word_1_232' title='bbox 2908 1815 3366 1885; x_wconf 85' lang='lat' dir='ltr'><strong>quemadmodum</strong></span> <span class='ocrx_word' id='word_1_233' title='bbox 3406 1815 3518 1870; x_wconf 81' lang='lat' dir='ltr'><strong>fieri</strong></span> <span class='ocrx_word' id='word_1_234' title='bbox 3551 1831 3675 1884; x_wconf 82' lang='lat' dir='ltr'><strong>pos-</strong></span> 
     </span>
    </p>
   </div>
   <div class='ocr_carea' id='block_1_34' title="bbox 424 1896 2006 1977">
    <p class='ocr_par' dir='ltr' id='par_1_34' title="bbox 424 1896 1994 1972">
     <span class='ocr_line' id='line_1_34' title="bbox 424 1896 1994 1972; baseline 0.001 -20"><span class='ocrx_word' id='word_1_235' title='bbox 424 1900 615 1967; x_wconf 80' lang='grc' dir='ltr'>στήρια</span> <span class='ocrx_word' id='word_1_236' title='bbox 644 1896 851 1968; x_wconf 83' lang='grc' dir='ltr'>μαθεῖν,</span> <span class='ocrx_word' id='word_1_237' title='bbox 880 1897 1045 1950; x_wconf 88' lang='grc' dir='ltr'>ποίων</span> <span class='ocrx_word' id='word_1_238' title='bbox 1068 1898 1249 1966; x_wconf 84' lang='grc' dir='ltr'>φυτῶν</span> <span class='ocrx_word' id='word_1_239' title='bbox 1269 1898 1476 1967; x_wconf 89' lang='grc' dir='ltr'>γίνεται</span> <span class='ocrx_word' id='word_1_240' title='bbox 1501 1901 1527 1951; x_wconf 84' lang='grc' dir='ltr'><strong>ό</strong></span> <span class='ocrx_word' id='word_1_241' title='bbox 1546 1900 1732 1972; x_wconf 83' lang='grc' dir='ltr'>Πατὴρ</span> <span class='ocrx_word' id='word_1_242' title='bbox 1756 1902 1994 1970; x_wconf 87' lang='grc' dir='ltr'>γεωργός</span> 
     </span>
    </p>
   </div>
   <div class='ocr_carea' id='block_1_35' title="bbox 2109 1896 3671 1977">
    <p class='ocr_par' dir='ltr' id='par_1_35' title="bbox 2109 1906 3671 1977">
     <span class='ocr_line' id='line_1_35' title="bbox 2109 1906 3671 1977; baseline 0 -16"><span class='ocrx_word' id='word_1_243' title='bbox 2109 1908 2193 1971; x_wconf 83' lang='lat' dir='ltr'><strong>sit,</strong></span> <span class='ocrx_word' id='word_1_244' title='bbox 2225 1915 2285 1961; x_wconf 91' lang='lat' dir='ltr'><strong>ut</strong></span> <span class='ocrx_word' id='word_1_245' title='bbox 2314 1908 2368 1961; x_wconf 92' lang='lat' dir='ltr'><strong>in</strong></span> <span class='ocrx_word' id='word_1_246' title='bbox 2418 1907 2596 1961; x_wconf 90' lang='lat' dir='ltr'><strong>medio</strong></span> <span class='ocrx_word' id='word_1_247' title='bbox 2650 1906 2889 1976; x_wconf 88' lang='lat' dir='ltr'><strong>paradisi</strong></span> <span class='ocrx_word' id='word_1_248' title='bbox 2926 1907 3040 1963; x_wconf 87' lang='lat' dir='ltr'><strong>sint</strong></span> <span class='ocrx_word' id='word_1_249' title='bbox 3072 1907 3183 1960; x_wconf 91' lang='lat' dir='ltr'><strong>duo</strong></span> <span class='ocrx_word' id='word_1_250' title='bbox 3239 1907 3405 1977; x_wconf 86' lang='lat' dir='ltr'><strong>ligna,</strong></span> <span class='ocrx_word' id='word_1_251' title='bbox 3436 1907 3671 1961; x_wconf 88' lang='lat' dir='ltr'><strong>alterum</strong></span> 
     </span>
    </p>
   </div>
   <div class='ocr_carea' id='block_1_36' title="bbox 424 1989 1996 2058">
    <p class='ocr_par' dir='ltr' id='par_1_36' title="bbox 424 1989 1996 2058">
     <span class='ocr_line' id='line_1_36' title="bbox 424 1989 1996 2058; baseline 0.001 -15"><span class='ocrx_word' id='word_1_252' title='bbox 424 2005 481 2043; x_wconf 65' lang='grc' dir='ltr'><strong>τε</strong></span> <span class='ocrx_word' id='word_1_253' title='bbox 510 1989 603 2042; x_wconf 80' lang='grc' dir='ltr'>καὶ</span> <span class='ocrx_word' id='word_1_254' title='bbox 642 1989 979 2058; x_wconf 83' lang='grc' dir='ltr'>φυτοκόμος,</span> <span class='ocrx_word' id='word_1_255' title='bbox 1026 1991 1119 2043; x_wconf 78' lang='grc' dir='ltr'>καὶ</span> <span class='ocrx_word' id='word_1_256' title='bbox 1169 1990 1285 2052; x_wconf 87' lang='grc' dir='ltr'><strong>πῶς</strong></span> <span class='ocrx_word' id='word_1_257' title='bbox 1317 1990 1539 2043; x_wconf 89' lang='grc' dir='ltr'>δυνατόν</span> <span class='ocrx_word' id='word_1_258' title='bbox 1589 1993 1703 2043; x_wconf 79' lang='grc' dir='ltr'>ἐστι</span> <span class='ocrx_word' id='word_1_259' title='bbox 1756 1991 1898 2044; x_wconf 88' lang='grc' dir='ltr'><strong>κατά</strong></span> <span class='ocrx_word' id='word_1_260' title='bbox 1935 1992 1996 2045; x_wconf 85' lang='grc' dir='ltr'>τὸ</span> 
     </span>
    </p>
   </div>
   <div class='ocr_carea' id='block_1_37' title="bbox 424 2079 1995 2153">
    <p class='ocr_par' dir='ltr' id='par_1_37' title="bbox 424 2079 1995 2153">
     <span class='ocr_line' id='line_1_37' title="bbox 424 2079 1995 2153; baseline 0.001 -19"><span class='ocrx_word' id='word_1_261' title='bbox 424 2081 742 2152; x_wconf 60' lang='grc' dir='ltr'>μεσαίτατον</span> <span class='ocrx_word' id='word_1_262' title='bbox 778 2080 871 2134; x_wconf 88' lang='grc' dir='ltr'><strong>τοῦ</strong></span> <span class='ocrx_word' id='word_1_263' title='bbox 906 2082 1234 2153; x_wconf 80' lang='grc' dir='ltr'>παραδείσου</span> <span class='ocrx_word' id='word_1_264' title='bbox 1268 2081 1339 2135; x_wconf 77' lang='grc' dir='ltr'><strong>τὰ</strong></span> <span class='ocrx_word' id='word_1_265' title='bbox 1367 2082 1459 2135; x_wconf 91' lang='grc' dir='ltr'><strong>δύο</strong></span> <span class='ocrx_word' id='word_1_266' title='bbox 1491 2079 1628 2136; x_wconf 75' lang='grc' dir='ltr'>εἶναι</span> <span class='ocrx_word' id='word_1_267' title='bbox 1658 2083 1808 2147; x_wconf 88' lang='grc' dir='ltr'>ξύλα,</span> <span class='ocrx_word' id='word_1_268' title='bbox 1845 2084 1903 2136; x_wconf 89' lang='grc' dir='ltr'><strong>τό</strong></span> <span class='ocrx_word' id='word_1_269' title='bbox 1936 2101 1995 2136; x_wconf 90' lang='grc' dir='ltr'><strong>τε</strong></span> 
     </span>
    </p>
   </div>
   <div class='ocr_carea' id='block_1_38' title="bbox 428 2172 1994 2245">
    <p class='ocr_par' dir='ltr' id='par_1_38' title="bbox 428 2172 1994 2245">
     <span class='ocr_line' id='line_1_38' title="bbox 428 2172 1994 2245; baseline -0.001 -20"><span class='ocrx_word' id='word_1_270' title='bbox 428 2172 515 2243; x_wconf 82' lang='grc' dir='ltr'>τῆς</span> <span class='ocrx_word' id='word_1_271' title='bbox 556 2173 825 2243; x_wconf 81' lang='grc' dir='ltr'>σωτηρίας</span> <span class='ocrx_word' id='word_1_272' title='bbox 867 2174 959 2225; x_wconf 76' lang='grc' dir='ltr'>καὶ</span> <span class='ocrx_word' id='word_1_273' title='bbox 1004 2174 1103 2243; x_wconf 81' lang='grc' dir='ltr'>τῆς</span> <span class='ocrx_word' id='word_1_274' title='bbox 1149 2173 1443 2236; x_wconf 85' lang='grc' dir='ltr'>ἀπωλείας.</span> <span class='ocrx_word' id='word_1_275' title='bbox 1495 2174 1569 2226; x_wconf 91' lang='lat' dir='ltr'><em>T6</em></span> <span class='ocrx_word' id='word_1_276' title='bbox 1606 2175 1713 2243; x_wconf 80' lang='grc' dir='ltr'>γὰρ</span> <span class='ocrx_word' id='word_1_277' title='bbox 1751 2173 1994 2245; x_wconf 77' lang='grc' dir='ltr'>ἀκριϐῶς</span> 
     </span>
    </p>
   </div>
   <div class='ocr_carea' id='block_1_39' title="bbox 426 2263 1996 2335">
    <p class='ocr_par' dir='ltr' id='par_1_39' title="bbox 426 2263 1996 2335">
     <span class='ocr_line' id='line_1_39' title="bbox 426 2263 1996 2335; baseline 0 -19"><span class='ocrx_word' id='word_1_278' title='bbox 426 2264 609 2335; x_wconf 86' lang='grc' dir='ltr'>μέσον,</span> <span class='ocrx_word' id='word_1_279' title='bbox 643 2264 889 2335; x_wconf 87' lang='grc' dir='ltr'>καθάπερ</span> <span class='ocrx_word' id='word_1_280' title='bbox 920 2265 978 2315; x_wconf 83' lang='grc' dir='ltr'>ἐν</span> <span class='ocrx_word' id='word_1_281' title='bbox 1012 2264 1209 2317; x_wconf 86' lang='grc' dir='ltr'>κύκλου</span> <span class='ocrx_word' id='word_1_282' title='bbox 1250 2267 1315 2335; x_wconf 81' lang='grc' dir='ltr'>τῇ</span> <span class='ocrx_word' id='word_1_283' title='bbox 1350 2267 1688 2335; x_wconf 76' lang='grc' dir='ltr'>περιγραφῇ,</span> <span class='ocrx_word' id='word_1_284' title='bbox 1713 2265 1771 2317; x_wconf 85' lang='grc' dir='ltr'>ὲν</span> <span class='ocrx_word' id='word_1_285' title='bbox 1806 2263 1884 2334; x_wconf 83' lang='grc' dir='ltr'>τῷ</span> <span class='ocrx_word' id='word_1_286' title='bbox 1914 2265 1996 2316; x_wconf 77' lang='grc' dir='ltr'><strong>ἑνὶ</strong></span> 
     </span>
    </p>
   </div>
   <div class='ocr_carea' id='block_1_40' title="bbox 427 2353 1995 2426">
    <p class='ocr_par' dir='ltr' id='par_1_40' title="bbox 427 2353 1995 2426">
     <span class='ocr_line' id='line_1_40' title="bbox 427 2353 1995 2426; baseline -0.001 -19"><span class='ocrx_word' id='word_1_287' title='bbox 427 2355 629 2425; x_wconf 69' lang='grc' dir='ltr'>κέντρῳ</span> <span class='ocrx_word' id='word_1_288' title='bbox 674 2356 889 2418; x_wconf 83' lang='grc' dir='ltr'>πάντως</span> <span class='ocrx_word' id='word_1_289' title='bbox 933 2354 1099 2407; x_wconf 76' lang='grc' dir='ltr'>ἐστίν.</span> <span class='ocrx_word' id='word_1_290' title='bbox 1130 2355 1192 2407; x_wconf 83' lang='grc' dir='ltr'><strong>Εἰ</strong></span> <span class='ocrx_word' id='word_1_291' title='bbox 1231 2354 1285 2409; x_wconf 89' lang='grc' dir='ltr'>δὲ</span> <span class='ocrx_word' id='word_1_292' title='bbox 1321 2354 1649 2426; x_wconf 80' lang='grc' dir='ltr'>παρατεθείη</span> <span class='ocrx_word' id='word_1_293' title='bbox 1684 2353 1759 2424; x_wconf 83' lang='grc' dir='ltr'>τῷ</span> <span class='ocrx_word' id='word_1_294' title='bbox 1790 2355 1995 2424; x_wconf 82' lang='grc' dir='ltr'>κέντρῳ</span> 
     </span>
    </p>
   </div>
   <div class='ocr_carea' id='block_1_41' title="bbox 427 2446 1994 2517">
    <p class='ocr_par' dir='ltr' id='par_1_41' title="bbox 427 2446 1994 2517">
     <span class='ocr_line' id='line_1_41' title="bbox 427 2446 1994 2517; baseline -0.002 -17"><span class='ocrx_word' id='word_1_295' title='bbox 427 2446 562 2500; x_wconf 74' lang='grc' dir='ltr'>οιατά</span> <span class='ocrx_word' id='word_1_296' title='bbox 591 2464 642 2499; x_wconf 91' lang='grc' dir='ltr'><strong>τι</strong></span> <span class='ocrx_word' id='word_1_297' title='bbox 674 2446 833 2517; x_wconf 81' lang='grc' dir='ltr'>μέρος</span> <span class='ocrx_word' id='word_1_298' title='bbox 860 2446 1045 2516; x_wconf 73' lang='grc' dir='ltr'>ἕτερον</span> <span class='ocrx_word' id='word_1_299' title='bbox 1078 2446 1321 2516; x_wconf 86' lang='grc' dir='ltr'>κέντρον,</span> <span class='ocrx_word' id='word_1_300' title='bbox 1358 2446 1568 2516; x_wconf 78' lang='grc' dir='ltr'>ἀνάγκη</span> <span class='ocrx_word' id='word_1_301' title='bbox 1597 2447 1747 2498; x_wconf 79' lang='grc' dir='ltr'>πᾶσα</span> <span class='ocrx_word' id='word_1_302' title='bbox 1779 2462 1994 2515; x_wconf 84' lang='grc' dir='ltr'>συμμε-</span> 
     </span>
    </p>
   </div>
   <div class='ocr_carea' id='block_1_42' title="bbox 429 2535 1996 2609">
    <p class='ocr_par' dir='ltr' id='par_1_42' title="bbox 429 2535 1996 2609">
     <span class='ocr_line' id='line_1_42' title="bbox 429 2535 1996 2609; baseline 0 -18"><span class='ocrx_word' id='word_1_303' title='bbox 429 2539 703 2608; x_wconf 83' lang='grc' dir='ltr'>τατεθῆναι</span> <span class='ocrx_word' id='word_1_304' title='bbox 729 2538 805 2608; x_wconf 81' lang='grc' dir='ltr'>τῷ</span> <span class='ocrx_word' id='word_1_305' title='bbox 833 2538 1041 2609; x_wconf 85' lang='grc' dir='ltr'>κέντρῳ</span> <span class='ocrx_word' id='word_1_306' title='bbox 1068 2538 1161 2590; x_wconf 88' lang='grc' dir='ltr'>τὸν</span> <span class='ocrx_word' id='word_1_307' title='bbox 1191 2537 1409 2599; x_wconf 85' lang='grc' dir='ltr'>κύκλον,</span> <span class='ocrx_word' id='word_1_308' title='bbox 1438 2535 1577 2589; x_wconf 83' lang='grc' dir='ltr'>ὥστε</span> <span class='ocrx_word' id='word_1_309' title='bbox 1615 2536 1807 2606; x_wconf 79' lang='grc' dir='ltr'>μηκέτι</span> <span class='ocrx_word' id='word_1_310' title='bbox 1833 2536 1996 2605; x_wconf 82' lang='grc' dir='ltr'>μέσον</span> 
     </span>
    </p>
   </div>
   <div class='ocr_carea' id='block_1_43' title="bbox 427 2627 1996 2703">
    <p class='ocr_par' dir='ltr' id='par_1_43' title="bbox 427 2627 1996 2703">
     <span class='ocr_line' id='line_1_43' title="bbox 427 2627 1996 2703; baseline -0.004 -18"><span class='ocrx_word' id='word_1_311' title='bbox 427 2629 557 2685; x_wconf 71' lang='grc' dir='ltr'>εἶναι</span> <span class='ocrx_word' id='word_1_312' title='bbox 588 2632 650 2685; x_wconf 85' lang='grc' dir='ltr'>τὸ</span> <span class='ocrx_word' id='word_1_313' title='bbox 692 2632 969 2703; x_wconf 82' lang='grc' dir='ltr'>πρότερον.</span> <span class='ocrx_word' id='word_1_314' title='bbox 1036 2630 1179 2683; x_wconf 83' lang='grc' dir='ltr'>Ἐκεῖ</span> <span class='ocrx_word' id='word_1_315' title='bbox 1205 2639 1381 2681; x_wconf 79' lang='grc' dir='ltr'>τοίνυν</span> <span class='ocrx_word' id='word_1_316' title='bbox 1416 2628 1532 2690; x_wconf 80' lang='grc' dir='ltr'>ἐνὸς</span> <span class='ocrx_word' id='word_1_317' title='bbox 1565 2627 1714 2691; x_wconf 86' lang='grc' dir='ltr'>όντος</span> <span class='ocrx_word' id='word_1_318' title='bbox 1744 2627 1837 2679; x_wconf 89' lang='grc' dir='ltr'><strong>τοῦ</strong></span> <span class='ocrx_word' id='word_1_319' title='bbox 1889 2646 1996 2679; x_wconf 91' lang='grc' dir='ltr'>πα-</span> 
     </span>
    </p>
   </div>
   <div class='ocr_carea' id='block_1_44' title="bbox 426 2718 1993 2794">
    <p class='ocr_par' dir='ltr' id='par_1_44' title="bbox 426 2718 1993 2794">
     <span class='ocr_line' id='line_1_44' title="bbox 426 2718 1993 2794; baseline -0.004 -19"><span class='ocrx_word' id='word_1_320' title='bbox 426 2722 688 2794; x_wconf 79' lang='grc' dir='ltr'>ραδείσου,</span> <span class='ocrx_word' id='word_1_321' title='bbox 726 2721 844 2784; x_wconf 88' lang='grc' dir='ltr'><strong>πῶς</strong></span> <span class='ocrx_word' id='word_1_322' title='bbox 874 2738 1037 2790; x_wconf 79' lang='grc' dir='ltr'>φησιν</span> <span class='ocrx_word' id='word_1_323' title='bbox 1066 2723 1094 2774; x_wconf 97' lang='lat'><strong>6</strong></span> <span class='ocrx_word' id='word_1_324' title='bbox 1123 2720 1280 2789; x_wconf 84' lang='grc' dir='ltr'>λόγος</span> <span class='ocrx_word' id='word_1_325' title='bbox 1329 2718 1635 2783; x_wconf 79' lang='grc' dir='ltr'>ἰδιαζόντως</span> <span class='ocrx_word' id='word_1_326' title='bbox 1671 2720 1769 2789; x_wconf 83' lang='grc' dir='ltr'>μὲν</span> <span class='ocrx_word' id='word_1_327' title='bbox 1801 2718 1993 2771; x_wconf 77' lang='grc' dir='ltr'>ἑκάτε-</span> 
     </span>
    </p>
   </div>
   <div class='ocr_carea' id='block_1_45' title="bbox 426 2803 1995 2886">
    <p class='ocr_par' dir='ltr' id='par_1_45' title="bbox 426 2803 1995 2886">
     <span class='ocr_line' id='line_1_45' title="bbox 426 2803 1995 2886; baseline -0.006 -18"><span class='ocrx_word' id='word_1_328' title='bbox 426 2832 515 2886; x_wconf 88' lang='grc' dir='ltr'><strong>ρον</strong></span> <span class='ocrx_word' id='word_1_329' title='bbox 561 2812 879 2885; x_wconf 83' lang='grc' dir='ltr'>θεωρεῖσθαι</span> <span class='ocrx_word' id='word_1_330' title='bbox 908 2812 1015 2865; x_wconf 89' lang='grc' dir='ltr'><strong>τῶν</strong></span> <span class='ocrx_word' id='word_1_331' title='bbox 1056 2811 1245 2877; x_wconf 78' lang='grc' dir='ltr'><strong>ξύλων⁸</strong></span> <span class='ocrx_word' id='word_1_332' title='bbox 1289 2810 1382 2863; x_wconf 74' lang='grc' dir='ltr'><strong>ἐπὶ</strong></span> <span class='ocrx_word' id='word_1_333' title='bbox 1415 2810 1471 2862; x_wconf 78' lang='grc' dir='ltr'>δὲ</span> <span class='ocrx_word' id='word_1_334' title='bbox 1518 2807 1611 2862; x_wconf 84' lang='grc' dir='ltr'><strong>τοῦ</strong></span> <span class='ocrx_word' id='word_1_335' title='bbox 1649 2808 1811 2874; x_wconf 89' lang='grc' dir='ltr'>μέσου</span> <span class='ocrx_word' id='word_1_336' title='bbox 1860 2803 1995 2859; x_wconf 77' lang='grc' dir='ltr'>εἶναι</span> 
     </span>
    </p>
   </div>
   <div class='ocr_carea' id='block_1_46' title="bbox 428 2898 1996 2973">
    <p class='ocr_par' dir='ltr' id='par_1_46' title="bbox 428 2898 1996 2973">
     <span class='ocr_line' id='line_1_46' title="bbox 428 2898 1996 2973; baseline -0.004 -15"><span class='ocrx_word' id='word_1_337' title='bbox 428 2903 579 2960; x_wconf 71' lang='grc' dir='ltr'>τοῦτο</span> <span class='ocrx_word' id='word_1_338' title='bbox 625 2907 719 2959; x_wconf 79' lang='grc' dir='ltr'>καὶ</span> <span class='ocrx_word' id='word_1_339' title='bbox 766 2904 942 2968; x_wconf 84' lang='grc' dir='ltr'>τοῦτο,</span> <span class='ocrx_word' id='word_1_340' title='bbox 994 2898 1069 2958; x_wconf 85' lang='grc' dir='ltr'>ὧν</span> <span class='ocrx_word' id='word_1_341' title='bbox 1101 2903 1163 2957; x_wconf 85' lang='grc' dir='ltr'>τὸ</span> <span class='ocrx_word' id='word_1_342' title='bbox 1193 2902 1565 2973; x_wconf 77' lang='grc' dir='ltr'>θανατηφόρον</span> <span class='ocrx_word' id='word_1_343' title='bbox 1591 2902 1689 2970; x_wconf 82' lang='grc' dir='ltr'>τῆς</span> <span class='ocrx_word' id='word_1_344' title='bbox 1728 2899 1823 2952; x_wconf 86' lang='grc' dir='ltr'><strong>τοῦ</strong></span> <span class='ocrx_word' id='word_1_345' title='bbox 1863 2900 1996 2953; x_wconf 79' lang='grc' dir='ltr'>Θεοῦ</span> 
     </span>
    </p>
   </div>
   <div class='ocr_carea' id='block_1_47' title="bbox 428 2991 1999 3067">
    <p class='ocr_par' dir='ltr' id='par_1_47' title="bbox 428 2991 1999 3067">
     <span class='ocr_line' id='line_1_47' title="bbox 428 2991 1999 3067; baseline -0.003 -18"><span class='ocrx_word' id='word_1_346' title='bbox 428 2998 646 3067; x_wconf 80' lang='grc' dir='ltr'>,ρυτείας</span> <span class='ocrx_word' id='word_1_347' title='bbox 668 2996 945 3063; x_wconf 86' lang='grc' dir='ltr'>ἀλλότριον</span> <span class='ocrx_word' id='word_1_348' title='bbox 981 2992 1119 3049; x_wconf 77' lang='grc' dir='ltr'>εἶναι</span> <span class='ocrx_word' id='word_1_349' title='bbox 1154 2994 1393 3048; x_wconf 77' lang='grc' dir='ltr'>διδάσκει</span> <span class='ocrx_word' id='word_1_350' title='bbox 1427 2994 1455 3046; x_wconf 92' lang='lat'><strong>6</strong></span> <span class='ocrx_word' id='word_1_351' title='bbox 1494 2994 1673 3047; x_wconf 81' lang='grc' dir='ltr'>πάντα</span> <span class='ocrx_word' id='word_1_352' title='bbox 1714 2992 1854 3045; x_wconf 87' lang='grc' dir='ltr'><strong>καλά</strong></span> <span class='ocrx_word' id='word_1_353' title='bbox 1880 2991 1999 3045; x_wconf 84' lang='grc' dir='ltr'>λίαν</span> 
     </span>
    </p>
   </div>
   <div class='ocr_carea' id='block_1_48' title="bbox 430 3076 1998 3155">
    <p class='ocr_par' dir='ltr' id='par_1_48' title="bbox 430 3076 1998 3155">
     <span class='ocr_line' id='line_1_48' title="bbox 430 3076 1998 3155; baseline -0.003 -15"><span class='ocrx_word' id='word_1_354' title='bbox 430 3083 561 3140; x_wconf 81' lang='grc' dir='ltr'>εἶναι</span> <span class='ocrx_word' id='word_1_355' title='bbox 590 3087 657 3139; x_wconf 83' lang='grc' dir='ltr'>τὰ</span> <span class='ocrx_word' id='word_1_356' title='bbox 682 3085 777 3139; x_wconf 90' lang='grc' dir='ltr'><strong>τοῦ</strong></span> <span class='ocrx_word' id='word_1_357' title='bbox 820 3085 955 3139; x_wconf 83' lang='grc' dir='ltr'>Θεοῦ</span> <span class='ocrx_word' id='word_1_358' title='bbox 986 3084 1122 3155; x_wconf 76' lang='grc' dir='ltr'>ἔργα</span> <span class='ocrx_word' id='word_1_359' title='bbox 1153 3084 1573 3154; x_wconf 77' lang='grc' dir='ltr'>ἀποφηνάμενος</span> <span class='ocrx_word' id='word_1_360' title='bbox 1603 3082 1792 3151; x_wconf 87' lang='grc' dir='ltr'>λόγος;</span> <span class='ocrx_word' id='word_1_361' title='bbox 1822 3076 1918 3144; x_wconf 77' lang='grc' dir='ltr'><strong>Οἷς</strong></span> <span class='ocrx_word' id='word_1_362' title='bbox 1950 3085 1998 3135; x_wconf 88' lang='grc' dir='ltr'><strong>εί</strong></span> 
     </span>
    </p>
   </div>
   <div class='ocr_carea' id='block_1_49' title="bbox 430 3171 1995 3248">
    <p class='ocr_par' dir='ltr' id='par_1_49' title="bbox 430 3171 1995 3248">
     <span class='ocr_line' id='line_1_49' title="bbox 430 3171 1995 3248; baseline -0.004 -17"><span class='ocrx_word' id='word_1_363' title='bbox 430 3179 500 3248; x_wconf 84' lang='grc' dir='ltr'>μή</span> <span class='ocrx_word' id='word_1_364' title='bbox 550 3194 632 3239; x_wconf 87' lang='grc' dir='ltr'><strong>τις</strong></span> <span class='ocrx_word' id='word_1_365' title='bbox 674 3175 764 3229; x_wconf 90' lang='grc' dir='ltr'><strong>διά</strong></span> <span class='ocrx_word' id='word_1_366' title='bbox 804 3174 1116 3244; x_wconf 80' lang='grc' dir='ltr'>φιλοσοφίας</span> <span class='ocrx_word' id='word_1_367' title='bbox 1160 3172 1512 3245; x_wconf 80' lang='grc' dir='ltr'>ὲνθεωρήσειε</span> <span class='ocrx_word' id='word_1_368' title='bbox 1559 3174 1656 3242; x_wconf 82' lang='grc' dir='ltr'>τὴν</span> <span class='ocrx_word' id='word_1_369' title='bbox 1718 3171 1995 3240; x_wconf 83' lang='grc' dir='ltr'>ἀλήθειαν,</span> 
     </span>
    </p>
   </div>
   <div class='ocr_carea' id='block_1_50' title="bbox 2104 1996 3674 2067">
    <p class='ocr_par' dir='ltr' id='par_1_50' title="bbox 2104 1996 3674 2067">
     <span class='ocr_line' id='line_1_50' title="bbox 2104 1996 3674 2067; baseline -0.003 -13"><span class='ocrx_word' id='word_1_370' title='bbox 2104 1999 2315 2061; x_wconf 88' lang='lat' dir='ltr'><strong>salutis,</strong></span> <span class='ocrx_word' id='word_1_371' title='bbox 2348 1998 2578 2053; x_wconf 88' lang='lat' dir='ltr'><strong>alterum</strong></span> <span class='ocrx_word' id='word_1_372' title='bbox 2630 1998 2904 2053; x_wconf 90' lang='lat' dir='ltr'><strong>interitus.</strong></span> <span class='ocrx_word' id='word_1_373' title='bbox 2954 1996 3089 2051; x_wconf 82' lang='lat' dir='ltr'><strong>Nam</strong></span> <span class='ocrx_word' id='word_1_374' title='bbox 3122 1999 3265 2066; x_wconf 90' lang='lat' dir='ltr'><strong>quod</strong></span> <span class='ocrx_word' id='word_1_375' title='bbox 3316 1996 3555 2067; x_wconf 87' lang='lat' dir='ltr'><strong>perfecte</strong></span> <span class='ocrx_word' id='word_1_376' title='bbox 3587 2006 3674 2052; x_wconf 90' lang='lat' dir='ltr'><strong>est</strong></span> 
     </span>
    </p>
   </div>
   <div class='ocr_carea' id='block_1_51' title="bbox 2103 2089 3676 2159">
    <p class='ocr_par' dir='ltr' id='par_1_51' title="bbox 2103 2089 3676 2159">
     <span class='ocr_line' id='line_1_51' title="bbox 2103 2089 3676 2159; baseline -0.001 -15"><span class='ocrx_word' id='word_1_377' title='bbox 2103 2091 2363 2154; x_wconf 89' lang='lat' dir='ltr'><strong>medium,</strong></span> <span class='ocrx_word' id='word_1_378' title='bbox 2393 2099 2652 2159; x_wconf 87' lang='lat' dir='ltr'><strong>tanquam</strong></span> <span class='ocrx_word' id='word_1_379' title='bbox 2702 2090 2760 2144; x_wconf 92' lang='lat' dir='ltr'><strong>in</strong></span> <span class='ocrx_word' id='word_1_380' title='bbox 2804 2089 3174 2159; x_wconf 78' lang='lat' dir='ltr'><strong>descriptione</strong></span> <span class='ocrx_word' id='word_1_381' title='bbox 3201 2089 3417 2155; x_wconf 88' lang='lat' dir='ltr'><strong>circuli,</strong></span> <span class='ocrx_word' id='word_1_382' title='bbox 3446 2090 3676 2143; x_wconf 90' lang='lat' dir='ltr'><strong>omnino</strong></span> 
     </span>
    </p>
   </div>
   <div class='ocr_carea' id='block_1_52' title="bbox 2106 2179 3675 2249">
    <p class='ocr_par' dir='ltr' id='par_1_52' title="bbox 2106 2179 3675 2249">
     <span class='ocr_line' id='line_1_52' title="bbox 2106 2179 3675 2249; baseline -0.002 -14"><span class='ocrx_word' id='word_1_383' title='bbox 2106 2195 2270 2235; x_wconf 87' lang='lat' dir='ltr'><strong>unum</strong></span> <span class='ocrx_word' id='word_1_384' title='bbox 2302 2188 2387 2235; x_wconf 90' lang='lat' dir='ltr'><strong>est</strong></span> <span class='ocrx_word' id='word_1_385' title='bbox 2419 2195 2527 2233; x_wconf 91' lang='lat' dir='ltr'><strong>uno</strong></span> <span class='ocrx_word' id='word_1_386' title='bbox 2559 2188 2771 2233; x_wconf 82' lang='lat' dir='ltr'><strong>centro.</strong></span> <span class='ocrx_word' id='word_1_387' title='bbox 2801 2180 2856 2232; x_wconf 89' lang='lat' dir='ltr'><strong>Si</strong></span> <span class='ocrx_word' id='word_1_388' title='bbox 2886 2186 3066 2233; x_wconf 89' lang='lat' dir='ltr'><strong>autem</strong></span> <span class='ocrx_word' id='word_1_389' title='bbox 3091 2179 3146 2232; x_wconf 92' lang='lat' dir='ltr'><strong>in</strong></span> <span class='ocrx_word' id='word_1_390' title='bbox 3170 2187 3360 2249; x_wconf 83' lang='lat' dir='ltr'><strong>centrp</strong></span> <span class='ocrx_word' id='word_1_391' title='bbox 3385 2188 3675 2234; x_wconf 83' lang='lat' dir='ltr'><strong>extensum</strong></span> 
     </span>
    </p>
   </div>
   <div class='ocr_carea' id='block_1_53' title="bbox 2104 2267 3679 2337">
    <p class='ocr_par' dir='ltr' id='par_1_53' title="bbox 2104 2267 3679 2337">
     <span class='ocr_line' id='line_1_53' title="bbox 2104 2267 3679 2337; baseline 0 -16"><span class='ocrx_word' id='word_1_392' title='bbox 2104 2267 2268 2323; x_wconf 86' lang='lat' dir='ltr'><strong>fuerit</strong></span> <span class='ocrx_word' id='word_1_393' title='bbox 2317 2285 2383 2324; x_wconf 83' lang='lat' dir='ltr'><strong>ex</strong></span> <span class='ocrx_word' id='word_1_394' title='bbox 2422 2269 2595 2322; x_wconf 87' lang='lat' dir='ltr'><strong>altera</strong></span> <span class='ocrx_word' id='word_1_395' title='bbox 2631 2278 2785 2337; x_wconf 90' lang='lat' dir='ltr'><strong>parte</strong></span> <span class='ocrx_word' id='word_1_396' title='bbox 2835 2268 3073 2321; x_wconf 88' lang='lat' dir='ltr'><strong>alterum</strong></span> <span class='ocrx_word' id='word_1_397' title='bbox 3125 2276 3398 2329; x_wconf 89' lang='lat' dir='ltr'><strong>centrum,</strong></span> <span class='ocrx_word' id='word_1_398' title='bbox 3452 2281 3679 2321; x_wconf 86' lang='lat' dir='ltr'><strong>necesse</strong></span> 
     </span>
    </p>
   </div>
   <div class='ocr_carea' id='block_1_54' title="bbox 2102 2357 3677 2423">
    <p class='ocr_par' dir='ltr' id='par_1_54' title="bbox 2102 2357 3677 2423">
     <span class='ocr_line' id='line_1_54' title="bbox 2102 2357 3677 2423; baseline -0.003 -8"><span class='ocrx_word' id='word_1_399' title='bbox 2102 2370 2186 2415; x_wconf 89' lang='lat' dir='ltr'><strong>cst</strong></span> <span class='ocrx_word' id='word_1_400' title='bbox 2213 2360 2461 2423; x_wconf 89' lang='lat' dir='ltr'><strong>omnino,</strong></span> <span class='ocrx_word' id='word_1_401' title='bbox 2493 2367 2552 2412; x_wconf 90' lang='lat' dir='ltr'><strong>ut</strong></span> <span class='ocrx_word' id='word_1_402' title='bbox 2580 2375 2703 2412; x_wconf 91' lang='lat' dir='ltr'><strong>eum</strong></span> <span class='ocrx_word' id='word_1_403' title='bbox 2743 2367 2934 2413; x_wconf 89' lang='lat' dir='ltr'><strong>centro</strong></span> <span class='ocrx_word' id='word_1_404' title='bbox 2979 2358 3142 2411; x_wconf 91' lang='lat' dir='ltr'><strong>simul</strong></span> <span class='ocrx_word' id='word_1_405' title='bbox 3173 2357 3539 2412; x_wconf 85' lang='lat' dir='ltr'><strong>transferatur</strong></span> <span class='ocrx_word' id='word_1_406' title='bbox 3567 2358 3677 2412; x_wconf 87' lang='lat' dir='ltr'><strong>cir-</strong></span> 
     </span>
    </p>
   </div>
   <div class='ocr_carea' id='block_1_55' title="bbox 2103 2446 3676 2518">
    <p class='ocr_par' dir='ltr' id='par_1_55' title="bbox 2103 2446 3676 2518">
     <span class='ocr_line' id='line_1_55' title="bbox 2103 2446 3676 2518; baseline -0.002 -14"><span class='ocrx_word' id='word_1_407' title='bbox 2103 2449 2279 2515; x_wconf 84' lang='lat' dir='ltr'><strong>culus,</strong></span> <span class='ocrx_word' id='word_1_408' title='bbox 2310 2449 2446 2503; x_wconf 89' lang='lat' dir='ltr'><strong>adeo</strong></span> <span class='ocrx_word' id='word_1_409' title='bbox 2496 2458 2556 2502; x_wconf 88' lang='lat' dir='ltr'><strong>ut</strong></span> <span class='ocrx_word' id='word_1_410' title='bbox 2585 2464 2695 2502; x_wconf 92' lang='lat' dir='ltr'><strong>non</strong></span> <span class='ocrx_word' id='word_1_411' title='bbox 2755 2449 2828 2502; x_wconf 90' lang='lat' dir='ltr'><strong>sit</strong></span> <span class='ocrx_word' id='word_1_412' title='bbox 2866 2448 3102 2518; x_wconf 87' lang='lat' dir='ltr'><strong>amplius</strong></span> <span class='ocrx_word' id='word_1_413' title='bbox 3151 2446 3393 2502; x_wconf 89' lang='lat' dir='ltr'><strong>medium</strong></span> <span class='ocrx_word' id='word_1_414' title='bbox 3427 2447 3479 2501; x_wconf 90' lang='lat' dir='ltr'><strong>id</strong></span> <span class='ocrx_word' id='word_1_415' title='bbox 3530 2447 3676 2518; x_wconf 91' lang='lat' dir='ltr'><strong>quod</strong></span> 
     </span>
    </p>
   </div>
   <div class='ocr_carea' id='block_1_56' title="bbox 2103 2537 3678 2610">
    <p class='ocr_par' dir='ltr' id='par_1_56' title="bbox 2103 2537 3678 2610">
     <span class='ocr_line' id='line_1_56' title="bbox 2103 2537 3678 2610; baseline -0.002 -16"><span class='ocrx_word' id='word_1_416' title='bbox 2103 2547 2221 2594; x_wconf 91' lang='lat' dir='ltr'><strong>erat</strong></span> <span class='ocrx_word' id='word_1_417' title='bbox 2250 2540 2420 2610; x_wconf 89' lang='lat' dir='ltr'><strong>prius.</strong></span> <span class='ocrx_word' id='word_1_418' title='bbox 2456 2538 2590 2593; x_wconf 89' lang='lat' dir='ltr'><strong>Cum</strong></span> <span class='ocrx_word' id='word_1_419' title='bbox 2622 2552 2753 2608; x_wconf 88' lang='lat' dir='ltr'><strong>ergo</strong></span> <span class='ocrx_word' id='word_1_420' title='bbox 2780 2538 2894 2591; x_wconf 89' lang='lat' dir='ltr'><strong>illic</strong></span> <span class='ocrx_word' id='word_1_421' title='bbox 2929 2538 3001 2592; x_wconf 89' lang='lat' dir='ltr'><strong>sit</strong></span> <span class='ocrx_word' id='word_1_422' title='bbox 3048 2553 3191 2592; x_wconf 90' lang='lat' dir='ltr'><strong>unus</strong></span> <span class='ocrx_word' id='word_1_423' title='bbox 3222 2537 3542 2605; x_wconf 88' lang='lat' dir='ltr'><strong>paradisus,</strong></span> <span class='ocrx_word' id='word_1_424' title='bbox 3565 2550 3678 2607; x_wconf 88' lang='lat' dir='ltr'><strong>quo</strong></span> 
     </span>
    </p>
   </div>
   <div class='ocr_carea' id='block_1_57' title="bbox 2103 2627 3677 2700">
    <p class='ocr_par' dir='ltr' id='par_1_57' title="bbox 2103 2627 3677 2700">
     <span class='ocr_line' id='line_1_57' title="bbox 2103 2627 3677 2700; baseline -0.002 -16"><span class='ocrx_word' id='word_1_425' title='bbox 2103 2640 2263 2700; x_wconf 88' lang='lat' dir='ltr'><strong>pacto</strong></span> <span class='ocrx_word' id='word_1_426' title='bbox 2307 2631 2439 2685; x_wconf 89' lang='lat' dir='ltr'><strong>dicit</strong></span> <span class='ocrx_word' id='word_1_427' title='bbox 2468 2630 2753 2699; x_wconf 80' lang='lat' dir='ltr'><strong>Scriptura</strong></span> <span class='ocrx_word' id='word_1_428' title='bbox 2790 2645 3040 2684; x_wconf 88' lang='lat' dir='ltr'><strong>seorsum</strong></span> <span class='ocrx_word' id='word_1_429' title='bbox 3084 2630 3303 2698; x_wconf 85' lang='lat' dir='ltr'><strong>quidem</strong></span> <span class='ocrx_word' id='word_1_430' title='bbox 3339 2627 3677 2682; x_wconf 86' lang='lat' dir='ltr'><strong>considerari</strong></span> 
     </span>
    </p>
   </div>
   <div class='ocr_carea' id='block_1_58' title="bbox 2105 2721 3678 2792">
    <p class='ocr_par' dir='ltr' id='par_1_58' title="bbox 2105 2721 3678 2792">
     <span class='ocr_line' id='line_1_58' title="bbox 2105 2721 3678 2792; baseline 0.001 -17"><span class='ocrx_word' id='word_1_431' title='bbox 2105 2731 2397 2792; x_wconf 89' lang='lat' dir='ltr'><strong>utrumque</strong></span> <span class='ocrx_word' id='word_1_432' title='bbox 2421 2723 2647 2792; x_wconf 82' lang='lat' dir='ltr'><strong>lignum,</strong></span> <span class='ocrx_word' id='word_1_433' title='bbox 2669 2722 2725 2775; x_wconf 89' lang='lat' dir='ltr'><strong>in</strong></span> <span class='ocrx_word' id='word_1_434' title='bbox 2751 2721 2931 2776; x_wconf 88' lang='lat' dir='ltr'><strong>medio</strong></span> <span class='ocrx_word' id='word_1_435' title='bbox 2953 2729 3133 2774; x_wconf 85' lang='lat' dir='ltr'><strong>autem</strong></span> <span class='ocrx_word' id='word_1_436' title='bbox 3158 2736 3282 2775; x_wconf 91' lang='lat' dir='ltr'><strong>esse</strong></span> <span class='ocrx_word' id='word_1_437' title='bbox 3309 2721 3412 2775; x_wconf 85' lang='lat' dir='ltr'><strong>hoc</strong></span> <span class='ocrx_word' id='word_1_438' title='bbox 3436 2729 3490 2776; x_wconf 89' lang='lat' dir='ltr'><strong>et</strong></span> <span class='ocrx_word' id='word_1_439' title='bbox 3519 2721 3678 2788; x_wconf 89' lang='lat' dir='ltr'><strong>illud,</strong></span> 
     </span>
    </p>
   </div>
   <div class='ocr_carea' id='block_1_59' title="bbox 2105 2811 3681 2884">
    <p class='ocr_par' dir='ltr' id='par_1_59' title="bbox 2105 2811 3681 2884">
     <span class='ocr_line' id='line_1_59' title="bbox 2105 2811 3681 2884; baseline -0.002 -16"><span class='ocrx_word' id='word_1_440' title='bbox 2105 2830 2337 2884; x_wconf 92' lang='lat' dir='ltr'><strong>quorum</strong></span> <span class='ocrx_word' id='word_1_441' title='bbox 2373 2814 2424 2868; x_wconf 90' lang='lat' dir='ltr'><strong>id</strong></span> <span class='ocrx_word' id='word_1_442' title='bbox 2456 2814 2601 2884; x_wconf 89' lang='lat' dir='ltr'><strong>quod</strong></span> <span class='ocrx_word' id='word_1_443' title='bbox 2652 2812 2926 2867; x_wconf 82' lang='lat' dir='ltr'><strong>letiferum</strong></span> <span class='ocrx_word' id='word_1_444' title='bbox 2971 2820 3113 2878; x_wconf 85' lang='lat' dir='ltr'><strong>erat,</strong></span> <span class='ocrx_word' id='word_1_445' title='bbox 3150 2828 3179 2865; x_wconf 88' lang='lat' dir='ltr'><strong>a</strong></span> <span class='ocrx_word' id='word_1_446' title='bbox 3214 2811 3307 2866; x_wconf 90' lang='lat' dir='ltr'><strong>Dei</strong></span> <span class='ocrx_word' id='word_1_447' title='bbox 3343 2811 3681 2882; x_wconf 86' lang='lat' dir='ltr'><strong>plantatione</strong></span> 
     </span>
    </p>
   </div>
   <div class='ocr_carea' id='block_1_60' title="bbox 2104 2901 3681 2971">
    <p class='ocr_par' dir='ltr' id='par_1_60' title="bbox 2104 2901 3681 2971">
     <span class='ocr_line' id='line_1_60' title="bbox 2104 2901 3681 2971; baseline -0.003 -13"><span class='ocrx_word' id='word_1_448' title='bbox 2104 2904 2275 2959; x_wconf 84' lang='lat' dir='ltr'><strong>fuisse</strong></span> <span class='ocrx_word' id='word_1_449' title='bbox 2305 2904 2543 2958; x_wconf 91' lang='lat' dir='ltr'><strong>alienum</strong></span> <span class='ocrx_word' id='word_1_450' title='bbox 2577 2902 2732 2957; x_wconf 82' lang='lat' dir='ltr'><strong>docet</strong></span> <span class='ocrx_word' id='word_1_451' title='bbox 2757 2903 2803 2956; x_wconf 92' lang='lat' dir='ltr'><strong>is</strong></span> <span class='ocrx_word' id='word_1_452' title='bbox 2834 2901 3139 2971; x_wconf 59' lang='lat' dir='ltr'><strong>Scriptura:</strong></span> <span class='ocrx_word' id='word_1_453' title='bbox 3169 2902 3345 2965; x_wconf 90' lang='lat' dir='ltr'><strong>locus,</strong></span> <span class='ocrx_word' id='word_1_454' title='bbox 3372 2903 3463 2971; x_wconf 87' lang='lat' dir='ltr'><strong>qui</strong></span> <span class='ocrx_word' id='word_1_455' title='bbox 3493 2901 3681 2956; x_wconf 81' lang='lat' dir='ltr'><strong>omnia</strong></span> 
     </span>
    </p>
   </div>
   <div class='ocr_carea' id='block_1_61' title="bbox 2108 2991 3676 3065">
    <p class='ocr_par' dir='ltr' id='par_1_61' title="bbox 2108 2991 3676 3065">
     <span class='ocr_line' id='line_1_61' title="bbox 2108 2991 3676 3065; baseline -0.002 -16"><span class='ocrx_word' id='word_1_456' title='bbox 2108 2994 2201 3049; x_wconf 92' lang='lat' dir='ltr'><strong>Dei</strong></span> <span class='ocrx_word' id='word_1_457' title='bbox 2237 3011 2400 3065; x_wconf 89' lang='lat' dir='ltr'><strong>opera</strong></span> <span class='ocrx_word' id='word_1_458' title='bbox 2431 2995 2588 3048; x_wconf 84' lang='lat' dir='ltr'><strong>valde</strong></span> <span class='ocrx_word' id='word_1_459' title='bbox 2620 2994 2759 3049; x_wconf 89' lang='lat' dir='ltr'><strong>bona</strong></span> <span class='ocrx_word' id='word_1_460' title='bbox 2789 3009 2913 3048; x_wconf 89' lang='lat' dir='ltr'><strong>esse</strong></span> <span class='ocrx_word' id='word_1_461' title='bbox 2941 2993 3183 3048; x_wconf 87' lang='lat' dir='ltr'><strong>declarat</strong></span> <span class='ocrx_word' id='word_1_462' title='bbox 3207 2994 3229 3046; x_wconf 88' lang='lat'><strong>?</strong></span> <span class='ocrx_word' id='word_1_463' title='bbox 3253 2991 3307 3045; x_wconf 95' lang='lat' dir='ltr'><strong>ln</strong></span> <span class='ocrx_word' id='word_1_464' title='bbox 3336 2992 3537 3062; x_wconf 55' lang='lat' dir='ltr'><strong>quibus</strong></span> <span class='ocrx_word' id='word_1_465' title='bbox 3566 2993 3676 3046; x_wconf 86' lang='lat' dir='ltr'><strong>nisi</strong></span> 
     </span>
    </p>
   </div>
   <div class='ocr_carea' id='block_1_62' title="bbox 2104 3084 3678 3159">
    <p class='ocr_par' dir='ltr' id='par_1_62' title="bbox 2104 3084 3678 3159">
     <span class='ocr_line' id='line_1_62' title="bbox 2104 3084 3678 3159; baseline -0.001 -18"><span class='ocrx_word' id='word_1_466' title='bbox 2104 3104 2201 3159; x_wconf 87' lang='lat' dir='ltr'><strong>per</strong></span> <span class='ocrx_word' id='word_1_467' title='bbox 2242 3086 2641 3157; x_wconf 80' lang='lat' dir='ltr'><strong>pltilOSOphiam</strong></span> <span class='ocrx_word' id='word_1_468' title='bbox 2686 3086 2970 3139; x_wconf 80' lang='lat' dir='ltr'><strong>veritatem</strong></span> <span class='ocrx_word' id='word_1_469' title='bbox 3025 3085 3195 3140; x_wconf 83' lang='lat' dir='ltr'><strong>lueris</strong></span> <span class='ocrx_word' id='word_1_470' title='bbox 3254 3084 3678 3152; x_wconf 83' lang='lat' dir='ltr'><strong>contemplatus,</strong></span> 
     </span>
    </p>
   </div>
   <div class='ocr_carea' id='block_1_63' title="bbox 2106 3174 3678 3248">
    <p class='ocr_par' dir='ltr' id='par_1_63' title="bbox 2106 3174 3678 3248">
     <span class='ocr_line' id='line_1_63' title="bbox 2106 3174 3678 3248; baseline -0.001 -17"><span class='ocrx_word' id='word_1_471' title='bbox 2106 3180 2382 3235; x_wconf 82' lang='lat' dir='ltr'><strong>videbitur</strong></span> <span class='ocrx_word' id='word_1_472' title='bbox 2414 3179 2466 3233; x_wconf 91' lang='lat' dir='ltr'><strong>id</strong></span> <span class='ocrx_word' id='word_1_473' title='bbox 2504 3177 2648 3248; x_wconf 92' lang='lat' dir='ltr'><strong>quod</strong></span> <span class='ocrx_word' id='word_1_474' title='bbox 2677 3177 2901 3240; x_wconf 88' lang='lat' dir='ltr'><strong>dicitur,</strong></span> <span class='ocrx_word' id='word_1_475' title='bbox 2926 3192 3049 3231; x_wconf 89' lang='lat' dir='ltr'><strong>esse</strong></span> <span class='ocrx_word' id='word_1_476' title='bbox 3080 3174 3413 3239; x_wconf 87' lang='lat' dir='ltr'><strong>fabulosum,</strong></span> <span class='ocrx_word' id='word_1_477' title='bbox 3445 3183 3540 3229; x_wconf 92' lang='lat' dir='ltr'><strong>aut</strong></span> <span class='ocrx_word' id='word_1_478' title='bbox 3568 3190 3678 3229; x_wconf 89' lang='lat' dir='ltr'><strong>non</strong></span> 
     </span>
    </p>
   </div>
   <div class='ocr_carea' id='block_1_64' title="bbox 429 3260 2006 3342">
    <p class='ocr_par' dir='ltr' id='par_1_64' title="bbox 429 3260 2006 3337">
     <span class='ocr_line' id='line_1_64' title="bbox 429 3260 2006 3337; baseline -0.002 -17"><span class='ocrx_word' id='word_1_479' title='bbox 429 3269 727 3321; x_wconf 76' lang='grc' dir='ltr'>ἀσύστατον</span> <span class='ocrx_word' id='word_1_480' title='bbox 771 3268 804 3337; x_wconf 86' lang='grc' dir='ltr'>ἢ</span> <span class='ocrx_word' id='word_1_481' title='bbox 870 3265 1115 3336; x_wconf 82' lang='grc' dir='ltr'>μυθῶδες</span> <span class='ocrx_word' id='word_1_482' title='bbox 1169 3260 1306 3318; x_wconf 73' lang='grc' dir='ltr'>εἶναι</span> <span class='ocrx_word' id='word_1_483' title='bbox 1347 3267 1459 3327; x_wconf 85' lang='grc' dir='ltr'>τοῖς</span> <span class='ocrx_word' id='word_1_484' title='bbox 1490 3265 1904 3328; x_wconf 74' lang='grc' dir='ltr'>ἀνεπισκέπτως</span> <span class='ocrx_word' id='word_1_485' title='bbox 1945 3263 2006 3317; x_wconf 82' lang='grc' dir='ltr'>τὸ</span> 
     </span>
    </p>
   </div>
   <div class='ocr_carea' id='block_1_65' title="bbox 2109 3260 3682 3342">
    <p class='ocr_par' dir='ltr' id='par_1_65' title="bbox 2109 3267 3682 3342">
     <span class='ocr_line' id='line_1_65' title="bbox 2109 3267 3682 3342; baseline -0.005 -15"><span class='ocrx_word' id='word_1_486' title='bbox 2109 3288 2268 3342; x_wconf 80' lang='lat' dir='ltr'><strong>posse</strong></span> <span class='ocrx_word' id='word_1_487' title='bbox 2300 3272 2625 3336; x_wconf 89' lang='lat' dir='ltr'><strong>consistere,</strong></span> <span class='ocrx_word' id='word_1_488' title='bbox 2658 3270 2977 3325; x_wconf 83' lang='lat' dir='ltr'><strong>hominibus</strong></span> <span class='ocrx_word' id='word_1_489' title='bbox 3006 3284 3117 3323; x_wconf 90' lang='lat' dir='ltr'><strong>non</strong></span> <span class='ocrx_word' id='word_1_490' title='bbox 3152 3269 3288 3323; x_wconf 86' lang='lat' dir='ltr'><strong>satis</strong></span> <span class='ocrx_word' id='word_1_491' title='bbox 3320 3267 3682 3323; x_wconf 83' lang='lat' dir='ltr'><strong>consideran-</strong></span> 
     </span>
    </p>
   </div>
   <div class='ocr_carea' id='block_1_66' title="bbox 430 3358 905 3429">
    <p class='ocr_par' dir='ltr' id='par_1_66' title="bbox 430 3358 905 3429">
     <span class='ocr_line' id='line_1_66' title="bbox 430 3358 905 3429; baseline 0 -18"><span class='ocrx_word' id='word_1_492' title='bbox 430 3358 719 3429; x_wconf 72' lang='grc' dir='ltr'>λεγόμενον</span> <span class='ocrx_word' id='word_1_493' title='bbox 745 3358 905 3423; x_wconf 80' lang='grc' dir='ltr'>δόξει.</span> 
     </span>
    </p>
   </div>
   <div class='ocr_carea' id='block_1_67' title="bbox 496 3448 2006 3522">
    <p class='ocr_par' dir='ltr' id='par_1_67' title="bbox 496 3448 2006 3522">
     <span class='ocr_line' id='line_1_67' title="bbox 496 3448 2006 3522; baseline -0.004 -16"><span class='ocrx_word' id='word_1_494' title='bbox 496 3454 608 3507; x_wconf 80' lang='grc' dir='ltr'><strong>Καὶ</strong></span> <span class='ocrx_word' id='word_1_495' title='bbox 658 3452 866 3522; x_wconf 82' lang='grc' dir='ltr'>μακρὸν</span> <span class='ocrx_word' id='word_1_496' title='bbox 896 3451 961 3504; x_wconf 85' lang='grc' dir='ltr'>ἂν</span> <span class='ocrx_word' id='word_1_497' title='bbox 993 3449 1078 3521; x_wconf 73' lang='grc' dir='ltr'>εἴη</span> <span class='ocrx_word' id='word_1_498' title='bbox 1109 3450 1180 3503; x_wconf 82' lang='grc' dir='ltr'><strong>τὰ</strong></span> <span class='ocrx_word' id='word_1_499' title='bbox 1222 3448 1344 3502; x_wconf 82' lang='grc' dir='ltr'>καθ’</span> <span class='ocrx_word' id='word_1_500' title='bbox 1376 3448 1603 3502; x_wconf 75' lang='grc' dir='ltr'>ἕκαστον</span> <span class='ocrx_word' id='word_1_501' title='bbox 1635 3449 1699 3500; x_wconf 76' lang='grc' dir='ltr'>ἐκ</span> <span class='ocrx_word' id='word_1_502' title='bbox 1730 3448 1838 3501; x_wconf 91' lang='grc' dir='ltr'><strong>τῶν</strong></span> <span class='ocrx_word' id='word_1_503' title='bbox 1870 3464 2006 3519; x_wconf 81' lang='grc' dir='ltr'>προ-</span> 
     </span>
    </p>
   </div>
   <div class='ocr_carea' id='block_1_68' title="bbox 430 3540 2009 3616">
    <p class='ocr_par' dir='ltr' id='par_1_68' title="bbox 430 3540 2009 3616">
     <span class='ocr_line' id='line_1_68' title="bbox 430 3540 2009 3616; baseline -0.004 -18"><span class='ocrx_word' id='word_1_504' title='bbox 430 3544 614 3616; x_wconf 72' lang='grc' dir='ltr'>,ρητῶν</span> <span class='ocrx_word' id='word_1_505' title='bbox 646 3542 1004 3611; x_wconf 82' lang='grc' dir='ltr'>ἀναλέγεσθαι</span> <span class='ocrx_word' id='word_1_506' title='bbox 1023 3561 1037 3574; x_wconf 68' lang='grc' dir='ltr'><strong>θ</strong></span> <span class='ocrx_word' id='word_1_507' title='bbox 1069 3542 1145 3606; x_wconf 86' lang='grc' dir='ltr'><strong>ὡς</strong></span> <span class='ocrx_word' id='word_1_508' title='bbox 1168 3542 1196 3594; x_wconf 91' lang='grc' dir='ltr'><strong>ό</strong></span> <span class='ocrx_word' id='word_1_509' title='bbox 1221 3540 1460 3612; x_wconf 86' lang='grc' dir='ltr'>Μιχαίας</span> <span class='ocrx_word' id='word_1_510' title='bbox 1489 3542 1575 3593; x_wconf 80' lang='grc' dir='ltr'><strong>ἐπ’</strong></span> <span class='ocrx_word' id='word_1_511' title='bbox 1599 3540 1844 3611; x_wconf 83' lang='grc' dir='ltr'>ἐσχάτων</span> <span class='ocrx_word' id='word_1_512' title='bbox 1874 3542 2009 3611; x_wconf 81' lang='grc' dir='ltr'>ἡμε-</span> 
     </span>
    </p>
   </div>
   <div class='ocr_carea' id='block_1_69' title="bbox 432 3631 2011 3709">
    <p class='ocr_par' dir='ltr' id='par_1_69' title="bbox 432 3631 2011 3709">
     <span class='ocr_line' id='line_1_69' title="bbox 432 3631 2011 3709; baseline -0.003 -20"><span class='ocrx_word' id='word_1_513' title='bbox 432 3636 559 3709; x_wconf 86' lang='grc' dir='ltr'>ρῶν,</span> <span class='ocrx_word' id='word_1_514' title='bbox 600 3635 837 3706; x_wconf 74' lang='grc' dir='ltr'>ὲμφανὲς</span> <span class='ocrx_word' id='word_1_515' title='bbox 868 3636 993 3706; x_wconf 77' lang='grc' dir='ltr'>ὅρος</span> <span class='ocrx_word' id='word_1_516' title='bbox 1043 3634 1191 3703; x_wconf 86' lang='grc' dir='ltr'>λέγει</span> <span class='ocrx_word' id='word_1_517' title='bbox 1221 3633 1545 3704; x_wconf 83' lang='grc' dir='ltr'>γενήσεσθαι</span> <span class='ocrx_word' id='word_1_518' title='bbox 1595 3633 1687 3686; x_wconf 77' lang='grc' dir='ltr'><strong>ἐπὶ</strong></span> <span class='ocrx_word' id='word_1_519' title='bbox 1722 3631 1821 3696; x_wconf 89' lang='grc' dir='ltr'><strong>τάς</strong></span> <span class='ocrx_word' id='word_1_520' title='bbox 1853 3648 2011 3702; x_wconf 84' lang='grc' dir='ltr'>κορυ-</span> 
     </span>
    </p>
   </div>
   <div class='ocr_carea' id='block_1_70' title="bbox 432 3724 2010 3799">
    <p class='ocr_par' dir='ltr' id='par_1_70' title="bbox 432 3724 2010 3799">
     <span class='ocr_line' id='line_1_70' title="bbox 432 3724 2010 3799; baseline -0.004 -17"><span class='ocrx_word' id='word_1_521' title='bbox 432 3731 538 3799; x_wconf 81' lang='grc' dir='ltr'>φὰς</span> <span class='ocrx_word' id='word_1_522' title='bbox 574 3728 683 3781; x_wconf 90' lang='grc' dir='ltr'><strong>τῶν</strong></span> <span class='ocrx_word' id='word_1_523' title='bbox 710 3727 901 3799; x_wconf 80' lang='grc' dir='ltr'>ὁρέων,</span> <span class='ocrx_word' id='word_1_524' title='bbox 933 3728 992 3781; x_wconf 87' lang='grc' dir='ltr'><strong>τὺ</strong></span> <span class='ocrx_word' id='word_1_525' title='bbox 1019 3726 1113 3780; x_wconf 73' lang='grc' dir='ltr'><strong>ἐπὶ</strong></span> <span class='ocrx_word' id='word_1_526' title='bbox 1150 3725 1466 3797; x_wconf 83' lang='grc' dir='ltr'>καθαιρέσει</span> <span class='ocrx_word' id='word_1_527' title='bbox 1494 3724 1739 3794; x_wconf 81' lang='grc' dir='ltr'>γίνεσθαι</span> <span class='ocrx_word' id='word_1_528' title='bbox 1777 3724 1887 3777; x_wconf 89' lang='grc' dir='ltr'><strong>τῶν</strong></span> <span class='ocrx_word' id='word_1_529' title='bbox 1917 3724 2010 3776; x_wconf 81' lang='grc' dir='ltr'>ἀν·-</span> 
     </span>
    </p>
   </div>
   <div class='ocr_carea' id='block_1_71' title="bbox 432 3814 2011 3889">
    <p class='ocr_par' dir='ltr' id='par_1_71' title="bbox 432 3814 2011 3889">
     <span class='ocr_line' id='line_1_71' title="bbox 432 3814 2011 3889; baseline -0.004 -16"><span class='ocrx_word' id='word_1_530' title='bbox 432 3819 753 3889; x_wconf 81' lang='grc' dir='ltr'>τικειμένων</span> <span class='ocrx_word' id='word_1_531' title='bbox 783 3817 1082 3888; x_wconf 88' lang='grc' dir='ltr'>δυνάμεων,</span> <span class='ocrx_word' id='word_1_532' title='bbox 1119 3815 1569 3887; x_wconf 84' lang='grc' dir='ltr'>ἀναδεικνύμενον</span> <span class='ocrx_word' id='word_1_533' title='bbox 1603 3816 1703 3885; x_wconf 82' lang='grc' dir='ltr'>τῆς</span> <span class='ocrx_word' id='word_1_534' title='bbox 1733 3814 2011 3878; x_wconf 75' lang='grc' dir='ltr'>εὐσεϐείας</span> 
     </span>
    </p>
   </div>
   <div class='ocr_carea' id='block_1_72' title="bbox 438 3908 2013 3982">
    <p class='ocr_par' dir='ltr' id='par_1_72' title="bbox 438 3908 2013 3982">
     <span class='ocr_line' id='line_1_72' title="bbox 438 3908 2013 3982; baseline -0.002 -19"><span class='ocrx_word' id='word_1_535' title='bbox 438 3912 730 3982; x_wconf 81' lang='grc' dir='ltr'>μυστήριον</span> <span class='ocrx_word' id='word_1_536' title='bbox 772 3909 915 3964; x_wconf 78' lang='grc' dir='ltr'>οὕτω</span> <span class='ocrx_word' id='word_1_537' title='bbox 957 3909 1361 3981; x_wconf 75' lang='grc' dir='ltr'>κατονομάζωνο</span> <span class='ocrx_word' id='word_1_538' title='bbox 1409 3909 1523 3973; x_wconf 82' lang='grc' dir='ltr'><strong>πῶς</strong></span> <span class='ocrx_word' id='word_1_539' title='bbox 1555 3909 1610 3962; x_wconf 83' lang='grc' dir='ltr'>δὲ</span> <span class='ocrx_word' id='word_1_540' title='bbox 1649 3908 1841 3978; x_wconf 76' lang='grc' dir='ltr'>ῥάϐδον</span> <span class='ocrx_word' id='word_1_541' title='bbox 1880 3909 2013 3961; x_wconf 82' lang='grc' dir='ltr'>ἀνα·</span> 
     </span>
    </p>
   </div>
   <div class='ocr_carea' id='block_1_73' title="bbox 435 4000 2011 4075">
    <p class='ocr_par' dir='ltr' id='par_1_73' title="bbox 435 4000 2011 4075">
     <span class='ocr_line' id='line_1_73' title="bbox 435 4000 2011 4075; baseline -0.002 -19"><span class='ocrx_word' id='word_1_542' title='bbox 435 4004 639 4057; x_wconf 72' lang='grc' dir='ltr'>στέλλειν</span> <span class='ocrx_word' id='word_1_543' title='bbox 664 4003 798 4075; x_wconf 72' lang='grc' dir='ltr'>φησι</span> <span class='ocrx_word' id='word_1_544' title='bbox 834 4004 929 4057; x_wconf 61' lang='grc' dir='ltr'>καὶ.</span> <span class='ocrx_word' id='word_1_545' title='bbox 954 4003 1111 4066; x_wconf 76' lang='grc' dir='ltr'>ἄνθος</span> <span class='ocrx_word' id='word_1_546' title='bbox 1143 4004 1209 4055; x_wconf 83' lang='grc' dir='ltr'>ὲκ</span> <span class='ocrx_word' id='word_1_547' title='bbox 1235 4002 1336 4072; x_wconf 85' lang='grc' dir='ltr'>τῆς</span> <span class='ocrx_word' id='word_1_548' title='bbox 1363 4001 1539 4072; x_wconf 77' lang='grc' dir='ltr'>ῥίζης,</span> <span class='ocrx_word' id='word_1_549' title='bbox 1564 4001 1660 4071; x_wconf 82' lang='grc' dir='ltr'>τὴν</span> <span class='ocrx_word' id='word_1_550' title='bbox 1687 4000 1777 4053; x_wconf 83' lang='grc' dir='ltr'><strong>διά</strong></span> <span class='ocrx_word' id='word_1_551' title='bbox 1810 4002 2011 4073; x_wconf 77' lang='grc' dir='ltr'>σαρκὸς</span> 
     </span>
    </p>
   </div>
   <div class='ocr_carea' id='block_1_74' title="bbox 435 4092 2009 4166">
    <p class='ocr_par' dir='ltr' id='par_1_74' title="bbox 435 4092 2009 4166">
     <span class='ocr_line' id='line_1_74' title="bbox 435 4092 2009 4166; baseline -0.001 -19"><span class='ocrx_word' id='word_1_552' title='bbox 435 4094 528 4148; x_wconf 89' lang='grc' dir='ltr'><strong>τοῦ</strong></span> <span class='ocrx_word' id='word_1_553' title='bbox 554 4095 757 4166; x_wconf 80' lang='grc' dir='ltr'>Κυρίου</span> <span class='ocrx_word' id='word_1_554' title='bbox 780 4095 1047 4161; x_wconf 80' lang='grc' dir='ltr'>ἀνάδειξιν</span> <span class='ocrx_word' id='word_1_555' title='bbox 1071 4096 1099 4148; x_wconf 92' lang='lat'><strong>6</strong></span> <span class='ocrx_word' id='word_1_556' title='bbox 1120 4094 1321 4165; x_wconf 74' lang='grc' dir='ltr'>ὑψηλὸς</span> <span class='ocrx_word' id='word_1_557' title='bbox 1351 4093 1578 4156; x_wconf 77' lang='grc' dir='ltr'>Ἡσαΐας</span> <span class='ocrx_word' id='word_1_558' title='bbox 1599 4092 1740 4147; x_wconf 85' lang='grc' dir='ltr'>οῦτω</span> <span class='ocrx_word' id='word_1_559' title='bbox 1772 4093 2009 4164; x_wconf 83' lang='grc' dir='ltr'>μηνύων,</span> 
     </span>
    </p>
   </div>
   <div class='ocr_carea' id='block_1_75' title="bbox 434 4182 2012 4257">
    <p class='ocr_par' dir='ltr' id='par_1_75' title="bbox 434 4182 2012 4257">
     <span class='ocr_line' id='line_1_75' title="bbox 434 4182 2012 4257; baseline -0.001 -19"><span class='ocrx_word' id='word_1_560' title='bbox 434 4186 470 4255; x_wconf 83' lang='grc' dir='ltr'>ἦ</span> <span class='ocrx_word' id='word_1_561' title='bbox 522 4186 582 4239; x_wconf 82' lang='grc' dir='ltr'>τὸ</span> <span class='ocrx_word' id='word_1_562' title='bbox 621 4185 992 4257; x_wconf 80' lang='grc' dir='ltr'>τετυρωμένον</span> <span class='ocrx_word' id='word_1_563' title='bbox 1039 4185 1164 4255; x_wconf 82' lang='grc' dir='ltr'>όρος</span> <span class='ocrx_word' id='word_1_564' title='bbox 1211 4184 1361 4256; x_wconf 87' lang='grc' dir='ltr'><strong>παρά</strong></span> <span class='ocrx_word' id='word_1_565' title='bbox 1410 4183 1486 4253; x_wconf 84' lang='grc' dir='ltr'>τῷ</span> <span class='ocrx_word' id='word_1_566' title='bbox 1536 4184 1758 4254; x_wconf 81' lang='grc' dir='ltr'>μεγάλῳ</span> <span class='ocrx_word' id='word_1_567' title='bbox 1810 4182 1973 4236; x_wconf 72' lang='grc' dir='ltr'>Δαϐὶδ</span> <span class='ocrx_word' id='word_1_568' title='bbox 1999 4224 2012 4248; x_wconf 90' lang='grc'><strong>,</strong></span> 
     </span>
    </p>
   </div>
   <div class='ocr_carea' id='block_1_76' title="bbox 435 4271 2014 4343">
    <p class='ocr_par' dir='ltr' id='par_1_76' title="bbox 435 4271 2014 4343">
     <span class='ocr_line' id='line_1_76' title="bbox 435 4271 2014 4343; baseline -0.003 -17"><span class='ocrx_word' id='word_1_569' title='bbox 435 4275 615 4326; x_wconf 87' lang='grc' dir='ltr'>ὁποῖον</span> <span class='ocrx_word' id='word_1_570' title='bbox 636 4273 749 4343; x_wconf 77' lang='grc' dir='ltr'>ἔχει</span> <span class='ocrx_word' id='word_1_571' title='bbox 785 4271 907 4326; x_wconf 83' lang='grc' dir='ltr'>νοῦν</span> <span class='ocrx_word' id='word_1_572' title='bbox 939 4274 996 4326; x_wconf 83' lang='grc' dir='ltr'>ὲν</span> <span class='ocrx_word' id='word_1_573' title='bbox 1025 4275 1094 4343; x_wconf 82' lang='grc' dir='ltr'><strong>τῇ</strong></span> <span class='ocrx_word' id='word_1_574' title='bbox 1125 4271 1268 4339; x_wconf 79' lang='grc' dir='ltr'>λέξει</span> <span class='ocrx_word' id='word_1_575' title='bbox 1305 4272 1648 4343; x_wconf 85' lang='grc' dir='ltr'>φαινόμενον,</span> <span class='ocrx_word' id='word_1_576' title='bbox 1676 4272 1709 4342; x_wconf 86' lang='grc' dir='ltr'>ἣ</span> <span class='ocrx_word' id='word_1_577' title='bbox 1739 4272 1798 4325; x_wconf 84' lang='grc' dir='ltr'>τὸ</span> <span class='ocrx_word' id='word_1_578' title='bbox 1827 4287 2014 4342; x_wconf 85' lang='grc' dir='ltr'>μυριο-</span> 
     </span>
    </p>
   </div>
   <div class='ocr_carea' id='block_1_77' title="bbox 439 4365 2020 4439">
    <p class='ocr_par' dir='ltr' id='par_1_77' title="bbox 439 4365 2020 4439">
     <span class='ocr_line' id='line_1_77' title="bbox 439 4365 2020 4439; baseline -0.004 -18"><span class='ocrx_word' id='word_1_579' title='bbox 439 4369 663 4424; x_wconf 86' lang='grc' dir='ltr'>πλάσιον</span> <span class='ocrx_word' id='word_1_580' title='bbox 698 4370 867 4439; x_wconf 84' lang='grc' dir='ltr'>ἀρμα,</span> <span class='ocrx_word' id='word_1_581' title='bbox 918 4367 950 4438; x_wconf 77' lang='grc' dir='ltr'>ἢ</span> <span class='ocrx_word' id='word_1_582' title='bbox 996 4366 1105 4420; x_wconf 91' lang='grc' dir='ltr'><strong>τῶν</strong></span> <span class='ocrx_word' id='word_1_583' title='bbox 1143 4365 1358 4437; x_wconf 87' lang='grc' dir='ltr'>ταύρων</span> <span class='ocrx_word' id='word_1_584' title='bbox 1395 4368 1428 4436; x_wconf 85' lang='grc' dir='ltr'>ὴ</span> <span class='ocrx_word' id='word_1_585' title='bbox 1468 4366 1790 4436; x_wconf 88' lang='grc' dir='ltr'>συναγωγὴ,</span> <span class='ocrx_word' id='word_1_586' title='bbox 1819 4367 1852 4435; x_wconf 82' lang='grc' dir='ltr'>ἡ</span> <span class='ocrx_word' id='word_1_587' title='bbox 1884 4365 2020 4416; x_wconf 79' lang='grc' dir='ltr'>ἑπα-</span> 
     </span>
    </p>
   </div>
   <div class='ocr_carea' id='block_1_78' title="bbox 440 4455 2017 4531">
    <p class='ocr_par' dir='ltr' id='par_1_78' title="bbox 440 4455 2017 4531">
     <span class='ocr_line' id='line_1_78' title="bbox 440 4455 2017 4531; baseline -0.004 -18"><span class='ocrx_word' id='word_1_588' title='bbox 440 4459 675 4531; x_wconf 85' lang='grc' dir='ltr'>φιεμένη</span> <span class='ocrx_word' id='word_1_589' title='bbox 704 4462 820 4522; x_wconf 87' lang='grc' dir='ltr'>ταῖς</span> <span class='ocrx_word' id='word_1_590' title='bbox 849 4457 1113 4529; x_wconf 86' lang='grc' dir='ltr'>δαμάλεσι</span> <span class='ocrx_word' id='word_1_591' title='bbox 1154 4456 1260 4510; x_wconf 88' lang='grc' dir='ltr'><strong>τῶν</strong></span> <span class='ocrx_word' id='word_1_592' title='bbox 1286 4456 1449 4521; x_wconf 87' lang='grc' dir='ltr'>λαῶν,</span> <span class='ocrx_word' id='word_1_593' title='bbox 1473 4456 1504 4528; x_wconf 85' lang='grc' dir='ltr'>ἢ</span> <span class='ocrx_word' id='word_1_594' title='bbox 1526 4458 1554 4508; x_wconf 92' lang='lat'><strong>6</strong></span> <span class='ocrx_word' id='word_1_595' title='bbox 1581 4456 1917 4526; x_wconf 83' lang='grc' dir='ltr'>βαπτόμενος</span> <span class='ocrx_word' id='word_1_596' title='bbox 1940 4455 2017 4526; x_wconf 82' lang='grc' dir='ltr'>τῷ</span> 
     </span>
    </p>
   </div>
   <div class='ocr_carea' id='block_1_79' title="bbox 2109 3364 2279 3418">
    <p class='ocr_par' dir='ltr' id='par_1_79' title="bbox 2109 3364 2279 3418">
     <span class='ocr_line' id='line_1_79' title="bbox 2109 3364 2279 3418; baseline 0 0"><span class='ocrx_word' id='word_1_597' title='bbox 2109 3364 2279 3418; x_wconf 89' lang='lat' dir='ltr'><strong>tibus.</strong></span> 
     </span>
    </p>
   </div>
   <div class='ocr_carea' id='block_1_80' title="bbox 2180 3449 3680 3524">
    <p class='ocr_par' dir='ltr' id='par_1_80' title="bbox 2180 3449 3680 3524">
     <span class='ocr_line' id='line_1_80' title="bbox 2180 3449 3680 3524; baseline -0.002 -16"><span class='ocrx_word' id='word_1_598' title='bbox 2180 3453 2425 3524; x_wconf 86' lang='lat' dir='ltr'><strong>Longum</strong></span> <span class='ocrx_word' id='word_1_599' title='bbox 2470 3451 2633 3508; x_wconf 87' lang='lat' dir='ltr'><strong>fuerit</strong></span> <span class='ocrx_word' id='word_1_600' title='bbox 2665 3469 2728 3507; x_wconf 81' lang='lat' dir='ltr'><strong>ex</strong></span> <span class='ocrx_word' id='word_1_601' title='bbox 2782 3452 3067 3523; x_wconf 82' lang='lat' dir='ltr'><strong>prophetis</strong></span> <span class='ocrx_word' id='word_1_602' title='bbox 3132 3450 3347 3522; x_wconf 85' lang='lat' dir='ltr'><strong>singula</strong></span> <span class='ocrx_word' id='word_1_603' title='bbox 3402 3449 3680 3520; x_wconf 80' lang='lat' dir='ltr'><strong>colligere,</strong></span> 
     </span>
    </p>
   </div>
   <div class='ocr_carea' id='block_1_81' title="bbox 2110 3542 3680 3617">
    <p class='ocr_par' dir='ltr' id='par_1_81' title="bbox 2110 3542 3680 3617">
     <span class='ocr_line' id='line_1_81' title="bbox 2110 3542 3680 3617; baseline -0.003 -16"><span class='ocrx_word' id='word_1_604' title='bbox 2110 3546 2569 3617; x_wconf 85' lang='lat' dir='ltr'><strong>quemadmodum</strong></span> <span class='ocrx_word' id='word_1_605' title='bbox 2615 3544 2868 3600; x_wconf 69' lang='lat' dir='ltr'><strong>Miclneas</strong></span> <span class='ocrx_word' id='word_1_606' title='bbox 2926 3543 3060 3598; x_wconf 84' lang='lat' dir='ltr'><strong>dicit</strong></span> <span class='ocrx_word' id='word_1_607' title='bbox 3105 3544 3159 3597; x_wconf 91' lang='lat' dir='ltr'><strong>in</strong></span> <span class='ocrx_word' id='word_1_608' title='bbox 3193 3543 3403 3598; x_wconf 90' lang='lat' dir='ltr'><strong>ultimis</strong></span> <span class='ocrx_word' id='word_1_609' title='bbox 3453 3542 3680 3606; x_wconf 88' lang='lat' dir='ltr'><strong>diebus,</strong></span> 
     </span>
    </p>
   </div>
   <div class='ocr_carea' id='block_1_82' title="bbox 2111 3634 3682 3705">
    <p class='ocr_par' dir='ltr' id='par_1_82' title="bbox 2111 3634 3682 3705">
     <span class='ocr_line' id='line_1_82' title="bbox 2111 3634 3682 3705; baseline -0.005 -11"><span class='ocrx_word' id='word_1_610' title='bbox 2111 3639 2465 3694; x_wconf 90' lang='lat' dir='ltr'><strong>manifestum</strong></span> <span class='ocrx_word' id='word_1_611' title='bbox 2528 3638 2644 3692; x_wconf 78' lang='lat' dir='ltr'><strong>fore</strong></span> <span class='ocrx_word' id='word_1_612' title='bbox 2697 3645 2937 3692; x_wconf 90' lang='lat' dir='ltr'><strong>montem</strong></span> <span class='ocrx_word' id='word_1_613' title='bbox 2992 3652 3156 3705; x_wconf 91' lang='lat' dir='ltr'><strong>super</strong></span> <span class='ocrx_word' id='word_1_614' title='bbox 3220 3634 3457 3689; x_wconf 81' lang='lat' dir='ltr'><strong>vertices</strong></span> <span class='ocrx_word' id='word_1_615' title='bbox 3523 3648 3682 3688; x_wconf 81' lang='lat' dir='ltr'><strong>mon-</strong></span> 
     </span>
    </p>
   </div>
   <div class='ocr_carea' id='block_1_83' title="bbox 2113 3722 3685 3800">
    <p class='ocr_par' dir='ltr' id='par_1_83' title="bbox 2113 3722 3685 3800">
     <span class='ocr_line' id='line_1_83' title="bbox 2113 3722 3685 3800; baseline -0.006 -13"><span class='ocrx_word' id='word_1_616' title='bbox 2113 3734 2248 3787; x_wconf 87' lang='lat' dir='ltr'><strong>tium</strong></span> <span class='ocrx_word' id='word_1_617' title='bbox 2269 3733 2337 3797; x_wconf 81' lang='grc'><strong>⁷⁸,</strong></span> <span class='ocrx_word' id='word_1_618' title='bbox 2391 3732 2463 3787; x_wconf 88' lang='lat' dir='ltr'><strong>ita</strong></span> <span class='ocrx_word' id='word_1_619' title='bbox 2528 3730 2822 3785; x_wconf 84' lang='lat' dir='ltr'><strong>nominans</strong></span> <span class='ocrx_word' id='word_1_620' title='bbox 2873 3730 3094 3800; x_wconf 87' lang='lat' dir='ltr'><strong>pietatis</strong></span> <span class='ocrx_word' id='word_1_621' title='bbox 3144 3726 3486 3798; x_wconf 88' lang='lat' dir='ltr'><strong>mysterium,</strong></span> <span class='ocrx_word' id='word_1_622' title='bbox 3538 3722 3685 3795; x_wconf 89' lang='lat' dir='ltr'><strong>quod</strong></span> 
     </span>
    </p>
   </div>
   <div class='ocr_carea' id='block_1_84' title="bbox 2113 3817 3683 3892">
    <p class='ocr_par' dir='ltr' id='par_1_84' title="bbox 2113 3817 3683 3892">
     <span class='ocr_line' id='line_1_84' title="bbox 2113 3817 3683 3892; baseline -0.005 -13"><span class='ocrx_word' id='word_1_623' title='bbox 2113 3825 2426 3881; x_wconf 86' lang='lat' dir='ltr'><strong>ostenditur</strong></span> <span class='ocrx_word' id='word_1_624' title='bbox 2490 3824 2557 3877; x_wconf 89' lang='lat' dir='ltr'><strong>ad</strong></span> <span class='ocrx_word' id='word_1_625' title='bbox 2616 3821 2875 3877; x_wconf 88' lang='lat' dir='ltr'><strong>delendas</strong></span> <span class='ocrx_word' id='word_1_626' title='bbox 2944 3829 3245 3892; x_wconf 87' lang='lat' dir='ltr'><strong>potestates</strong></span> <span class='ocrx_word' id='word_1_627' title='bbox 3298 3817 3683 3879; x_wconf 87' lang='lat' dir='ltr'><strong>adversarias,</strong></span> 
     </span>
    </p>
   </div>
   <div class='ocr_carea' id='block_1_85' title="bbox 2113 3911 3685 3988">
    <p class='ocr_par' dir='ltr' id='par_1_85' title="bbox 2113 3911 3685 3988">
     <span class='ocr_line' id='line_1_85' title="bbox 2113 3911 3685 3988; baseline -0.006 -17"><span class='ocrx_word' id='word_1_628' title='bbox 2113 3915 2576 3988; x_wconf 89' lang='lat' dir='ltr'><strong>quemadmodum</strong></span> <span class='ocrx_word' id='word_1_629' title='bbox 2606 3914 2740 3969; x_wconf 87' lang='lat' dir='ltr'><strong>dicit</strong></span> <span class='ocrx_word' id='word_1_630' title='bbox 2770 3916 2975 3985; x_wconf 86' lang='lat' dir='ltr'><strong>virgam</strong></span> <span class='ocrx_word' id='word_1_631' title='bbox 3007 3924 3060 3969; x_wconf 90' lang='lat' dir='ltr'><strong>et</strong></span> <span class='ocrx_word' id='word_1_632' title='bbox 3094 3913 3279 3967; x_wconf 83' lang='lat' dir='ltr'><strong>liorem</strong></span> <span class='ocrx_word' id='word_1_633' title='bbox 3316 3911 3447 3965; x_wconf 92' lang='lat' dir='ltr'><strong>oriri</strong></span> <span class='ocrx_word' id='word_1_634' title='bbox 3491 3926 3556 3964; x_wconf 81' lang='lat' dir='ltr'><strong>ex</strong></span> <span class='ocrx_word' id='word_1_635' title='bbox 3592 3924 3685 3963; x_wconf 85' lang='lat' dir='ltr'><strong>ra-</strong></span> 
     </span>
    </p>
   </div>
   <div class='ocr_carea' id='block_1_86' title="bbox 2114 3998 3688 4073">
    <p class='ocr_par' dir='ltr' id='par_1_86' title="bbox 2114 3998 3688 4073">
     <span class='ocr_line' id='line_1_86' title="bbox 2114 3998 3688 4073; baseline -0.007 -10"><span class='ocrx_word' id='word_1_636' title='bbox 2114 4010 2236 4063; x_wconf 90' lang='lat' dir='ltr'><strong>dice</strong></span> <span class='ocrx_word' id='word_1_637' title='bbox 2261 4007 2497 4070; x_wconf 78' lang='lat' dir='ltr'><strong>lesse&quot;,</strong></span> <span class='ocrx_word' id='word_1_638' title='bbox 2536 4003 2750 4060; x_wconf 89' lang='lat' dir='ltr'><strong>Domini</strong></span> <span class='ocrx_word' id='word_1_639' title='bbox 2788 4020 2883 4073; x_wconf 88' lang='lat' dir='ltr'><strong>per</strong></span> <span class='ocrx_word' id='word_1_640' title='bbox 2913 4018 3136 4057; x_wconf 89' lang='lat' dir='ltr'><strong>carnem</strong></span> <span class='ocrx_word' id='word_1_641' title='bbox 3188 4000 3560 4056; x_wconf 89' lang='lat' dir='ltr'><strong>ostensionem</strong></span> <span class='ocrx_word' id='word_1_642' title='bbox 3610 3998 3688 4054; x_wconf 87' lang='lat' dir='ltr'><strong>si-</strong></span> 
     </span>
    </p>
   </div>
   <div class='ocr_carea' id='block_1_87' title="bbox 2115 4088 3689 4169">
    <p class='ocr_par' dir='ltr' id='par_1_87' title="bbox 2115 4088 3689 4169">
     <span class='ocr_line' id='line_1_87' title="bbox 2115 4088 3689 4169; baseline -0.007 -17"><span class='ocrx_word' id='word_1_643' title='bbox 2115 4098 2384 4169; x_wconf 82' lang='lat' dir='ltr'><strong>gnificans</strong></span> <span class='ocrx_word' id='word_1_644' title='bbox 2420 4095 2671 4149; x_wconf 90' lang='lat' dir='ltr'><strong>sublimis</strong></span> <span class='ocrx_word' id='word_1_645' title='bbox 2696 4093 2883 4154; x_wconf 85' lang='lat' dir='ltr'><strong>Isaias,</strong></span> <span class='ocrx_word' id='word_1_646' title='bbox 2916 4101 3010 4147; x_wconf 86' lang='lat' dir='ltr'><strong>aut</strong></span> <span class='ocrx_word' id='word_1_647' title='bbox 3050 4107 3211 4146; x_wconf 91' lang='lat' dir='ltr'><strong>mons</strong></span> <span class='ocrx_word' id='word_1_648' title='bbox 3252 4100 3509 4145; x_wconf 87' lang='lat' dir='ltr'><strong>caseatus</strong></span> <span class='ocrx_word' id='word_1_649' title='bbox 3543 4088 3689 4159; x_wconf 90' lang='lat' dir='ltr'><strong>apud</strong></span> 
     </span>
    </p>
   </div>
   <div class='ocr_carea' id='block_1_88' title="bbox 2118 4172 3690 4259">
    <p class='ocr_par' dir='ltr' id='par_1_88' title="bbox 2118 4172 3690 4259">
     <span class='ocr_line' id='line_1_88' title="bbox 2118 4172 3690 4259; baseline -0.005 -17"><span class='ocrx_word' id='word_1_650' title='bbox 2118 4204 2372 4259; x_wconf 87' lang='lat' dir='ltr'><strong>magnum</strong></span> <span class='ocrx_word' id='word_1_651' title='bbox 2391 4185 2647 4240; x_wconf 90' lang='lat' dir='ltr'><strong>Davidem</strong></span> <span class='ocrx_word' id='word_1_652' title='bbox 2663 4187 2731 4251; x_wconf 82' lang='grc'><strong>⁷⁷,</strong></span> <span class='ocrx_word' id='word_1_653' title='bbox 2748 4201 2909 4256; x_wconf 88' lang='lat' dir='ltr'><strong>quem</strong></span> <span class='ocrx_word' id='word_1_654' title='bbox 2927 4184 3091 4238; x_wconf 88' lang='lat' dir='ltr'><strong>habet</strong></span> <span class='ocrx_word' id='word_1_655' title='bbox 3112 4172 3335 4237; x_wconf 87' lang='lat' dir='ltr'><strong>sensum</strong></span> <span class='ocrx_word' id='word_1_656' title='bbox 3350 4181 3444 4251; x_wconf 90' lang='lat' dir='ltr'><strong>qui</strong></span> <span class='ocrx_word' id='word_1_657' title='bbox 3462 4187 3690 4251; x_wconf 80' lang='lat' dir='ltr'><strong>apparet</strong></span> 
     </span>
    </p>
   </div>
   <div class='ocr_carea' id='block_1_89' title="bbox 2119 4272 3695 4342">
    <p class='ocr_par' dir='ltr' id='par_1_89' title="bbox 2119 4272 3695 4342">
     <span class='ocr_line' id='line_1_89' title="bbox 2119 4272 3695 4342; baseline -0.008 -4"><span class='ocrx_word' id='word_1_658' title='bbox 2119 4286 2172 4338; x_wconf 91' lang='lat' dir='ltr'><strong>in</strong></span> <span class='ocrx_word' id='word_1_659' title='bbox 2218 4282 2459 4337; x_wconf 86' lang='lat' dir='ltr'><strong>dictione</strong></span> <span class='ocrx_word' id='word_1_660' title='bbox 2510 4280 2724 4342; x_wconf 63' lang='lat' dir='ltr'><strong>litterae,</strong></span> <span class='ocrx_word' id='word_1_661' title='bbox 2788 4286 2883 4330; x_wconf 87' lang='lat' dir='ltr'><strong>aut</strong></span> <span class='ocrx_word' id='word_1_662' title='bbox 2938 4290 3137 4330; x_wconf 90' lang='lat' dir='ltr'><strong>currus</strong></span> <span class='ocrx_word' id='word_1_663' title='bbox 3200 4273 3386 4329; x_wconf 88' lang='lat' dir='ltr'><strong>decem</strong></span> <span class='ocrx_word' id='word_1_664' title='bbox 3447 4272 3695 4326; x_wconf 83' lang='lat' dir='ltr'><strong>millibus</strong></span> 
     </span>
    </p>
   </div>
   <div class='ocr_carea' id='block_1_90' title="bbox 2118 4362 3693 4445">
    <p class='ocr_par' dir='ltr' id='par_1_90' title="bbox 2118 4362 3693 4445">
     <span class='ocr_line' id='line_1_90' title="bbox 2118 4362 3693 4445; baseline -0.008 -14"><span class='ocrx_word' id='word_1_665' title='bbox 2118 4376 2423 4445; x_wconf 78' lang='lat' dir='ltr'><strong>multiplex,</strong></span> <span class='ocrx_word' id='word_1_666' title='bbox 2454 4379 2549 4426; x_wconf 80' lang='lat' dir='ltr'><strong>aut</strong></span> <span class='ocrx_word' id='word_1_667' title='bbox 2582 4368 2934 4441; x_wconf 87' lang='lat' dir='ltr'><strong>congregatio</strong></span> <span class='ocrx_word' id='word_1_668' title='bbox 2961 4379 3243 4420; x_wconf 87' lang='lat' dir='ltr'><strong>taurorum</strong></span> <span class='ocrx_word' id='word_1_669' title='bbox 3276 4380 3396 4434; x_wconf 69' lang='lat' dir='ltr'><strong>quae</strong></span> <span class='ocrx_word' id='word_1_670' title='bbox 3434 4362 3693 4429; x_wconf 80' lang='lat' dir='ltr'><strong>immitti-</strong></span> 
     </span>
    </p>
   </div>
   <div class='ocr_carea' id='block_1_91' title="bbox 2121 4457 3695 4534">
    <p class='ocr_par' dir='ltr' id='par_1_91' title="bbox 2121 4457 3695 4534">
     <span class='ocr_line' id='line_1_91' title="bbox 2121 4457 3695 4534; baseline -0.01 -12"><span class='ocrx_word' id='word_1_671' title='bbox 2121 4478 2207 4522; x_wconf 92' lang='lat' dir='ltr'><strong>tur</strong></span> <span class='ocrx_word' id='word_1_672' title='bbox 2234 4468 2287 4520; x_wconf 91' lang='lat' dir='ltr'><strong>in</strong></span> <span class='ocrx_word' id='word_1_673' title='bbox 2317 4480 2517 4519; x_wconf 85' lang='lat' dir='ltr'><strong>vaccas</strong></span> <span class='ocrx_word' id='word_1_674' title='bbox 2548 4464 2896 4534; x_wconf 89' lang='lat' dir='ltr'><strong>populorum,</strong></span> <span class='ocrx_word' id='word_1_675' title='bbox 2935 4468 3028 4513; x_wconf 88' lang='lat' dir='ltr'><strong>aut</strong></span> <span class='ocrx_word' id='word_1_676' title='bbox 3062 4474 3155 4528; x_wconf 88' lang='lat' dir='ltr'><strong>pes</strong></span> <span class='ocrx_word' id='word_1_677' title='bbox 3185 4458 3277 4526; x_wconf 91' lang='lat' dir='ltr'><strong>qui</strong></span> <span class='ocrx_word' id='word_1_678' title='bbox 3312 4457 3542 4526; x_wconf 86' lang='lat' dir='ltr'><strong>tingitur</strong></span> <span class='ocrx_word' id='word_1_679' title='bbox 3572 4470 3695 4510; x_wconf 85' lang='lat' dir='ltr'><strong>san-</strong></span> 
     </span>
    </p>
   </div>
   <div class='ocr_carea' id='block_1_92' title="bbox 440 4547 2006 4660">
    <p class='ocr_par' dir='ltr' id='par_1_92' title="bbox 440 4548 2006 4660">
     <span class='ocr_line' id='line_1_92' title="bbox 440 4548 2006 4623; baseline -0.003 -18"><span class='ocrx_word' id='word_1_680' title='bbox 440 4553 632 4623; x_wconf 78' lang='grc' dir='ltr'>αῖματι</span> <span class='ocrx_word' id='word_1_681' title='bbox 662 4552 818 4617; x_wconf 86' lang='grc' dir='ltr'>ποῦς,</span> <span class='ocrx_word' id='word_1_682' title='bbox 844 4552 877 4622; x_wconf 82' lang='grc' dir='ltr'><strong>ἢ</strong></span> <span class='ocrx_word' id='word_1_683' title='bbox 904 4551 1011 4605; x_wconf 86' lang='grc' dir='ltr'><strong>τῶν</strong></span> <span class='ocrx_word' id='word_1_684' title='bbox 1048 4549 1223 4604; x_wconf 90' lang='grc' dir='ltr'>κυνῶν</span> <span class='ocrx_word' id='word_1_685' title='bbox 1258 4551 1309 4605; x_wconf 85' lang='grc' dir='ltr'>αἱ</span> <span class='ocrx_word' id='word_1_686' title='bbox 1335 4550 1593 4617; x_wconf 88' lang='grc' dir='ltr'>γλῶσσαι·</span> <span class='ocrx_word' id='word_1_687' title='bbox 1627 4549 1659 4620; x_wconf 84' lang='grc' dir='ltr'>ἢ</span> <span class='ocrx_word' id='word_1_688' title='bbox 1689 4548 1809 4603; x_wconf 86' lang='grc' dir='ltr'>καθ’</span> <span class='ocrx_word' id='word_1_689' title='bbox 1832 4549 2006 4619; x_wconf 88' lang='grc' dir='ltr'>όμοιό-</span> 
     </span>
     <span class='ocr_line' id='line_1_93' title="bbox 671 4641 1989 4660; baseline 0.003 -4"><span class='ocrx_word' id='word_1_690' title='bbox 671 4645 696 4655; x_wconf 85' lang='grc'><strong>-</strong></span> <span class='ocrx_word' id='word_1_691' title='bbox 781 4646 795 4660; x_wconf 85' lang='lat'>,</span> <span class='ocrx_word' id='word_1_692' title='bbox 976 4645 999 4660; x_wconf 73' lang='lat'><em>.</em></span> <span class='ocrx_word' id='word_1_693' title='bbox 1059 4644 1076 4660; x_wconf 55' lang='grc' dir='ltr'>ς</span> <span class='ocrx_word' id='word_1_694' title='bbox 1275 4643 1287 4660; x_wconf 82' lang='grc'><strong>,</strong></span> <span class='ocrx_word' id='word_1_695' title='bbox 1526 4641 1551 4653; x_wconf 85' lang='grc'><strong><em>-</em></strong></span> <span class='ocrx_word' id='word_1_696' title='bbox 1680 4642 1723 4660; x_wconf 63' lang='grc' dir='ltr'>ι,</span> <span class='ocrx_word' id='word_1_697' title='bbox 1870 4643 1884 4660; x_wconf 71' lang='grc' dir='ltr'><strong>ς</strong></span> <span class='ocrx_word' id='word_1_698' title='bbox 1936 4644 1951 4660; x_wconf 86' lang='grc'>.</span> <span class='ocrx_word' id='word_1_699' title='bbox 1978 4642 1989 4660; x_wconf 77' lang='grc' dir='ltr'><strong>ι</strong></span> 
     </span>
    </p>
   </div>
   <div class='ocr_carea' id='block_1_93' title="bbox 2109 4547 3695 4660">
    <p class='ocr_par' dir='ltr' id='par_1_93' title="bbox 2122 4547 3695 4660">
     <span class='ocr_line' id='line_1_94' title="bbox 2122 4547 3695 4629; baseline -0.009 -17"><span class='ocrx_word' id='word_1_700' title='bbox 2122 4561 2287 4629; x_wconf 86' lang='lat' dir='ltr'><strong>guine</strong></span> <span class='ocrx_word' id='word_1_701' title='bbox 2312 4577 2325 4611; x_wconf 90' lang='lat'><strong>:</strong></span> <span class='ocrx_word' id='word_1_702' title='bbox 2355 4567 2448 4610; x_wconf 90' lang='lat' dir='ltr'><strong>aut</strong></span> <span class='ocrx_word' id='word_1_703' title='bbox 2477 4571 2674 4611; x_wconf 87' lang='lat' dir='ltr'><strong>canum</strong></span> <span class='ocrx_word' id='word_1_704' title='bbox 2709 4554 2929 4621; x_wconf 62' lang='lat' dir='ltr'><strong>linguai,</strong></span> <span class='ocrx_word' id='word_1_705' title='bbox 2969 4560 3062 4605; x_wconf 85' lang='lat' dir='ltr'><strong>aut</strong></span> <span class='ocrx_word' id='word_1_706' title='bbox 3102 4550 3196 4620; x_wconf 89' lang='lat' dir='ltr'><strong>qui</strong></span> <span class='ocrx_word' id='word_1_707' title='bbox 3233 4550 3408 4603; x_wconf 90' lang='lat' dir='ltr'><strong>instar</strong></span> <span class='ocrx_word' id='word_1_708' title='bbox 3443 4547 3597 4600; x_wconf 91' lang='lat' dir='ltr'><strong>vituli</strong></span> <span class='ocrx_word' id='word_1_709' title='bbox 3661 4561 3695 4599; x_wconf 91' lang='lat' dir='ltr'><strong>a</strong></span> 
     </span>
     <span class='ocr_line' id='line_1_95' title="bbox 2205 4639 3654 4660; baseline 0 0"><span class='ocrx_word' id='word_1_710' title='bbox 2205 4654 2214 4660; x_wconf 83' lang='lat'>.</span> <span class='ocrx_word' id='word_1_711' title='bbox 2254 4652 2264 4660; x_wconf 88' lang='lat'><strong>.</strong></span> <span class='ocrx_word' id='word_1_712' title='bbox 2345 4651 2374 4660; x_wconf 81' lang='grc'><strong>.-</strong></span> <span class='ocrx_word' id='word_1_713' title='bbox 2421 4650 2431 4660; x_wconf 75' lang='grc'>.</span> <span class='ocrx_word' id='word_1_714' title='bbox 2459 4650 2512 4660; x_wconf 79' lang='grc' dir='ltr'><strong>ι.-</strong></span> <span class='ocrx_word' id='word_1_715' title='bbox 2642 4646 2658 4660; x_wconf 75' lang='grc' dir='ltr'><strong>ι</strong></span> <span class='ocrx_word' id='word_1_716' title='bbox 2686 4646 2717 4660; x_wconf 81' lang='grc' dir='ltr'>.ι</span> <span class='ocrx_word' id='word_1_717' title='bbox 2975 4652 3009 4660; x_wconf 31' lang='grc' dir='ltr'><strong>γ.</strong></span> <span class='ocrx_word' id='word_1_718' title='bbox 3073 4643 3161 4660; x_wconf 45' lang='grc' dir='ltr'><strong>ᾼιι,</strong></span> <span class='ocrx_word' id='word_1_719' title='bbox 3205 4650 3401 4660; x_wconf 29' lang='grc' dir='ltr'><strong>,Δίῃ-ξ..</strong></span> <span class='ocrx_word' id='word_1_720' title='bbox 3457 4640 3565 4660; x_wconf 42' lang='lat' dir='ltr'><strong>In-.-</strong></span> <span class='ocrx_word' id='word_1_721' title='bbox 3606 4639 3654 4660; x_wconf 70' lang='grc' dir='ltr'><strong>ξ-.</strong></span> 
     </span>
    </p>
   </div>
   <div class='ocr_carea' id='block_1_94' title="bbox 442 4641 2017 4717">
    <p class='ocr_par' dir='ltr' id='par_1_94' title="bbox 442 4641 2017 4717">
     <span class='ocr_line' id='line_1_96' title="bbox 442 4641 2017 4717; baseline -0.003 -18"><span class='ocrx_word' id='word_1_722' title='bbox 442 4663 579 4717; x_wconf 86' lang='grc' dir='ltr'>τητα</span> <span class='ocrx_word' id='word_1_723' title='bbox 605 4645 699 4699; x_wconf 88' lang='grc' dir='ltr'><strong>τοῦ</strong></span> <span class='ocrx_word' id='word_1_724' title='bbox 731 4646 930 4715; x_wconf 79' lang='grc' dir='ltr'>μόσχου</span> <span class='ocrx_word' id='word_1_725' title='bbox 971 4643 1454 4713; x_wconf 87' lang='grc' dir='ltr'>διαλεπτυνόμενος</span> <span class='ocrx_word' id='word_1_726' title='bbox 1486 4641 1593 4695; x_wconf 90' lang='grc' dir='ltr'><strong>τῶν</strong></span> <span class='ocrx_word' id='word_1_727' title='bbox 1631 4642 1836 4714; x_wconf 86' lang='grc' dir='ltr'>κέδρων</span> <span class='ocrx_word' id='word_1_728' title='bbox 1862 4643 1891 4694; x_wconf 88' lang='grc' dir='ltr'>ὁ</span> <span class='ocrx_word' id='word_1_729' title='bbox 1922 4642 2017 4695; x_wconf 88' lang='grc' dir='ltr'><strong>Δί-</strong></span> 
     </span>
    </p>
   </div>
   <div class='ocr_carea' id='block_1_95' title="bbox 441 4732 2018 4807">
    <p class='ocr_par' dir='ltr' id='par_1_95' title="bbox 441 4732 2018 4807">
     <span class='ocr_line' id='line_1_97' title="bbox 441 4732 2018 4807; baseline -0.004 -16"><span class='ocrx_word' id='word_1_730' title='bbox 441 4739 620 4802; x_wconf 86' lang='grc' dir='ltr'>6ανος·</span> <span class='ocrx_word' id='word_1_731' title='bbox 652 4738 747 4792; x_wconf 74' lang='grc' dir='ltr'>καὶ</span> <span class='ocrx_word' id='word_1_732' title='bbox 778 4736 946 4807; x_wconf 87' lang='grc' dir='ltr'>μυρία</span> <span class='ocrx_word' id='word_1_733' title='bbox 989 4734 1127 4805; x_wconf 80' lang='grc' dir='ltr'>πρὸς</span> <span class='ocrx_word' id='word_1_734' title='bbox 1174 4733 1380 4798; x_wconf 84' lang='grc' dir='ltr'>τούτοις</span> <span class='ocrx_word' id='word_1_735' title='bbox 1425 4734 1571 4787; x_wconf 77' lang='grc' dir='ltr'>ἔστιν</span> <span class='ocrx_word' id='word_1_736' title='bbox 1600 4735 1665 4788; x_wconf 84' lang='grc' dir='ltr'>ὲκ</span> <span class='ocrx_word' id='word_1_737' title='bbox 1689 4734 1790 4804; x_wconf 79' lang='grc' dir='ltr'>τῆς</span> <span class='ocrx_word' id='word_1_738' title='bbox 1824 4732 2018 4802; x_wconf 83' lang='grc' dir='ltr'>λοιπῆς</span> 
     </span>
    </p>
   </div>
   <div class='ocr_carea' id='block_1_96' title="bbox 308 4820 2017 4916">
    <p class='ocr_par' dir='ltr' id='par_1_96' title="bbox 308 4820 2017 4916">
     <span class='ocr_line' id='line_1_98' title="bbox 308 4820 2017 4916; baseline -0.002 -34"><span class='ocrx_word' id='word_1_739' title='bbox 308 4890 330 4916; x_wconf 45' lang='grc' dir='ltr'><em>ι</em></span> <span class='ocrx_word' id='word_1_740' title='bbox 356 4820 835 4909; x_wconf 43' lang='grc' dir='ltr'>ίζᾷὶναλεξάμενον</span> <span class='ocrx_word' id='word_1_741' title='bbox 869 4828 1224 4900; x_wconf 83' lang='grc' dir='ltr'>προφητείας,</span> <span class='ocrx_word' id='word_1_742' title='bbox 1258 4826 1464 4892; x_wconf 83' lang='grc' dir='ltr'>διδάξαι</span> <span class='ocrx_word' id='word_1_743' title='bbox 1491 4826 1567 4916; x_wconf 78' lang='grc' dir='ltr'>τὸ</span> <span class='ocrx_word' id='word_1_744' title='bbox 1596 4822 1892 4894; x_wconf 84' lang='grc' dir='ltr'>ἀναγκαῖον</span> <span class='ocrx_word' id='word_1_745' title='bbox 1916 4826 2017 4896; x_wconf 78' lang='grc' dir='ltr'>τῆς</span> 
     </span>
    </p>
   </div>
   <div class='ocr_carea' id='block_1_97' title="bbox 102 4915 2017 5052">
    <p class='ocr_par' dir='ltr' id='par_1_97' title="bbox 102 4915 2017 5052">
     <span class='ocr_line' id='line_1_99' title="bbox 102 4915 2017 5052; baseline -0.004 -75"><span class='ocrx_word' id='word_1_746' title='bbox 102 4923 583 5052; x_wconf 48' lang='grc' dir='ltr'>ὀβεωιςκατά</span> <span class='ocrx_word' id='word_1_747' title='bbox 601 4924 838 4977; x_wconf 85' lang='grc' dir='ltr'>διάνοιαν</span> <span class='ocrx_word' id='word_1_748' title='bbox 858 4922 967 4976; x_wconf 90' lang='grc' dir='ltr'><strong>τῶν</strong></span> <span class='ocrx_word' id='word_1_749' title='bbox 991 4922 1170 4994; x_wconf 78' lang='grc' dir='ltr'>ῥητῶν</span> <span class='ocrx_word' id='word_1_750' title='bbox 1194 4920 1447 4991; x_wconf 85' lang='grc' dir='ltr'>θεωρίας,</span> <span class='ocrx_word' id='word_1_751' title='bbox 1465 4915 1533 4992; x_wconf 80' lang='grc' dir='ltr'>ἧς</span> <span class='ocrx_word' id='word_1_752' title='bbox 1548 4919 2017 4996; x_wconf 45' lang='grc' dir='ltr'>ἀπωμνιξ,</span> 
     </span>
     <span class='ocr_line' id='line_1_100' title="bbox 444 5006 2017 5052; baseline -0.001 0"><span class='ocrx_word' id='word_1_753' title='bbox 444 5014 627 5052; x_wconf 67' lang='grc' dir='ltr'><strong>νηηὼι-</strong></span> <span class='ocrx_word' id='word_1_754' title='bbox 654 5013 871 5052; x_wconf 66' lang='grc' dir='ltr'>ἢηέηνεο</span> <span class='ocrx_word' id='word_1_755' title='bbox 902 5014 1043 5052; x_wconf 64' lang='lat' dir='ltr'><strong>main</strong></span> <span class='ocrx_word' id='word_1_756' title='bbox 1106 5013 1287 5052; x_wconf 58' lang='lat' dir='ltr'><strong>annum</strong></span> <span class='ocrx_word' id='word_1_757' title='bbox 1326 5006 1461 5052; x_wconf 63' lang='grc' dir='ltr'>εἶναί</span> <span class='ocrx_word' id='word_1_758' title='bbox 1492 5028 1578 5052; x_wconf 76' lang='lat' dir='ltr'><strong>um</strong></span> <span class='ocrx_word' id='word_1_759' title='bbox 1615 5010 1762 5052; x_wconf 67' lang='grc' dir='ltr'>διλκεῖ</span> <span class='ocrx_word' id='word_1_760' title='bbox 1788 5008 1849 5052; x_wconf 72' lang='grc' dir='ltr'><strong>τὸ</strong></span> <span class='ocrx_word' id='word_1_761' title='bbox 1872 5009 2017 5052; x_wconf 75' lang='grc' dir='ltr'>γινό-</span> 
     </span>
    </p>
   </div>
   <div class='ocr_carea' id='block_1_98' title="bbox 1632 4980 1821 4991">
    <p class='ocr_par' dir='ltr' id='par_1_98' title="bbox 1632 4980 1821 4991">
     <span class='ocr_line' id='line_1_101' title="bbox 1632 4980 1821 4991; baseline 0 -2"><span class='ocrx_word' id='word_1_762' title='bbox 1632 4980 1821 4991; x_wconf 56' lang='lat' dir='ltr'>m</span> 
     </span>
    </p>
   </div>
   <div class='ocr_carea' id='block_1_99' title="bbox 444 5006 2020 5085">
    <p class='ocr_par' dir='ltr' id='par_1_99' title="bbox 444 5006 2020 5085">
     <span class='ocr_line' id='line_1_102' title="bbox 444 5006 2020 5085; baseline -0.005 -17"><span class='ocrx_word' id='word_1_763' title='bbox 444 5014 627 5077; x_wconf 78' lang='grc' dir='ltr'>καθὼς</span> <span class='ocrx_word' id='word_1_764' title='bbox 654 5013 876 5085; x_wconf 79' lang='grc' dir='ltr'>ἀρέσκει</span> <span class='ocrx_word' id='word_1_765' title='bbox 902 5014 1063 5074; x_wconf 77' lang='grc' dir='ltr'>τισὶν,</span> <span class='ocrx_word' id='word_1_766' title='bbox 1106 5013 1287 5084; x_wconf 83' lang='grc' dir='ltr'>ὅμοιον</span> <span class='ocrx_word' id='word_1_767' title='bbox 1326 5006 1461 5064; x_wconf 81' lang='grc' dir='ltr'>εἷναί</span> <span class='ocrx_word' id='word_1_768' title='bbox 1490 5028 1579 5081; x_wconf 86' lang='grc' dir='ltr'><strong>μοι</strong></span> <span class='ocrx_word' id='word_1_769' title='bbox 1615 5010 1762 5062; x_wconf 87' lang='grc' dir='ltr'>δοκεῖ</span> <span class='ocrx_word' id='word_1_770' title='bbox 1788 5008 1849 5060; x_wconf 85' lang='grc' dir='ltr'>τὸ</span> <span class='ocrx_word' id='word_1_771' title='bbox 1872 5009 2020 5077; x_wconf 83' lang='grc' dir='ltr'>γινό-</span> 
     </span>
    </p>
   </div>
   <div class='ocr_carea' id='block_1_100' title="bbox 449 5099 2021 5176">
    <p class='ocr_par' dir='ltr' id='par_1_100' title="bbox 449 5099 2021 5176">
     <span class='ocr_line' id='line_1_103' title="bbox 449 5099 2021 5176; baseline -0.004 -20"><span class='ocrx_word' id='word_1_772' title='bbox 449 5121 628 5176; x_wconf 88' lang='grc' dir='ltr'>μενον,</span> <span class='ocrx_word' id='word_1_773' title='bbox 661 5104 736 5167; x_wconf 84' lang='grc' dir='ltr'>ὡς</span> <span class='ocrx_word' id='word_1_774' title='bbox 765 5103 819 5156; x_wconf 82' lang='grc' dir='ltr'><strong>εί</strong></span> <span class='ocrx_word' id='word_1_775' title='bbox 841 5121 924 5168; x_wconf 90' lang='grc' dir='ltr'><strong>τις</strong></span> <span class='ocrx_word' id='word_1_776' title='bbox 959 5104 1346 5175; x_wconf 84' lang='grc' dir='ltr'>ἀκατέργαστα</span> <span class='ocrx_word' id='word_1_777' title='bbox 1378 5100 1606 5171; x_wconf 87' lang='grc' dir='ltr'>προθείη</span> <span class='ocrx_word' id='word_1_778' title='bbox 1642 5100 1778 5171; x_wconf 84' lang='grc' dir='ltr'>πρὸς</span> <span class='ocrx_word' id='word_1_779' title='bbox 1808 5099 2021 5169; x_wconf 77' lang='grc' dir='ltr'>ἀνθρωο</span> 
     </span>
    </p>
   </div>
   <div class='ocr_carea' id='block_1_101' title="bbox 448 5190 2024 5268">
    <p class='ocr_par' dir='ltr' id='par_1_101' title="bbox 448 5190 2024 5268">
     <span class='ocr_line' id='line_1_104' title="bbox 448 5190 2024 5268; baseline -0.006 -18"><span class='ocrx_word' id='word_1_780' title='bbox 448 5198 608 5268; x_wconf 89' lang='grc' dir='ltr'>πίνην</span> <span class='ocrx_word' id='word_1_781' title='bbox 657 5196 857 5268; x_wconf 85' lang='grc' dir='ltr'>βρῶσιν</span> <span class='ocrx_word' id='word_1_782' title='bbox 885 5198 985 5267; x_wconf 82' lang='grc' dir='ltr'>τῆς</span> <span class='ocrx_word' id='word_1_783' title='bbox 1013 5196 1290 5268; x_wconf 77' lang='grc' dir='ltr'>τραπέζης</span> <span class='ocrx_word' id='word_1_784' title='bbox 1325 5194 1394 5247; x_wconf 89' lang='grc' dir='ltr'><strong>τά</strong></span> <span class='ocrx_word' id='word_1_785' title='bbox 1420 5194 1565 5264; x_wconf 80' lang='grc' dir='ltr'>λήῖα,</span> <span class='ocrx_word' id='word_1_786' title='bbox 1602 5192 1675 5263; x_wconf 82' lang='grc' dir='ltr'>μὴ</span> <span class='ocrx_word' id='word_1_787' title='bbox 1710 5192 1905 5262; x_wconf 67' lang='grc' dir='ltr'>τρίψας</span> <span class='ocrx_word' id='word_1_788' title='bbox 1934 5190 2024 5242; x_wconf 85' lang='grc' dir='ltr'>τὸν</span> 
     </span>
    </p>
   </div>
   <div class='ocr_carea' id='block_1_102' title="bbox 448 5282 2023 5360">
    <p class='ocr_par' dir='ltr' id='par_1_102' title="bbox 448 5282 2023 5360">
     <span class='ocr_line' id='line_1_105' title="bbox 448 5282 2023 5360; baseline -0.004 -17"><span class='ocrx_word' id='word_1_789' title='bbox 448 5290 707 5359; x_wconf 82' lang='grc' dir='ltr'>ἀσταχυν,</span> <span class='ocrx_word' id='word_1_790' title='bbox 761 5291 834 5360; x_wconf 83' lang='grc' dir='ltr'>μὴ</span> <span class='ocrx_word' id='word_1_791' title='bbox 866 5289 945 5360; x_wconf 82' lang='grc' dir='ltr'>τῷ</span> <span class='ocrx_word' id='word_1_792' title='bbox 973 5289 1225 5360; x_wconf 87' lang='grc' dir='ltr'>λικμητῴ</span> <span class='ocrx_word' id='word_1_793' title='bbox 1258 5286 1536 5358; x_wconf 85' lang='grc' dir='ltr'>διακρίνας</span> <span class='ocrx_word' id='word_1_794' title='bbox 1568 5289 1631 5338; x_wconf 85' lang='grc' dir='ltr'>ὲκ</span> <span class='ocrx_word' id='word_1_795' title='bbox 1663 5284 1770 5338; x_wconf 81' lang='grc' dir='ltr'><strong>τῶν</strong></span> <span class='ocrx_word' id='word_1_796' title='bbox 1804 5282 2023 5353; x_wconf 86' lang='grc' dir='ltr'>ἀχύρων</span> 
     </span>
    </p>
   </div>
   <div class='ocr_carea' id='block_1_103' title="bbox 447 5374 2022 5452">
    <p class='ocr_par' dir='ltr' id='par_1_103' title="bbox 447 5374 2022 5452">
     <span class='ocr_line' id='line_1_106' title="bbox 447 5374 2022 5452; baseline -0.004 -21"><span class='ocrx_word' id='word_1_797' title='bbox 447 5380 516 5432; x_wconf 82' lang='grc' dir='ltr'><strong>τά</strong></span> <span class='ocrx_word' id='word_1_798' title='bbox 539 5382 863 5451; x_wconf 87' lang='grc' dir='ltr'>σπέρματα,</span> <span class='ocrx_word' id='word_1_799' title='bbox 905 5382 978 5452; x_wconf 83' lang='grc' dir='ltr'>μὴ</span> <span class='ocrx_word' id='word_1_800' title='bbox 1022 5380 1288 5442; x_wconf 86' lang='grc' dir='ltr'>λεπτύνας</span> <span class='ocrx_word' id='word_1_801' title='bbox 1330 5378 1422 5430; x_wconf 83' lang='grc' dir='ltr'>τὸν</span> <span class='ocrx_word' id='word_1_802' title='bbox 1467 5380 1609 5430; x_wconf 82' lang='grc' dir='ltr'>σῖτον</span> <span class='ocrx_word' id='word_1_803' title='bbox 1651 5378 1729 5438; x_wconf 84' lang='grc' dir='ltr'>εἰς</span> <span class='ocrx_word' id='word_1_804' title='bbox 1776 5374 2022 5442; x_wconf 86' lang='grc' dir='ltr'>ἀλευρον,</span> 
     </span>
    </p>
   </div>
   <div class='ocr_carea' id='block_1_104' title="bbox 452 5467 2023 5544">
    <p class='ocr_par' dir='ltr' id='par_1_104' title="bbox 452 5467 2023 5544">
     <span class='ocr_line' id='line_1_107' title="bbox 452 5467 2023 5544; baseline -0.006 -19"><span class='ocrx_word' id='word_1_805' title='bbox 452 5471 588 5544; x_wconf 85' lang='grc' dir='ltr'>μηδὲ</span> <span class='ocrx_word' id='word_1_806' title='bbox 639 5475 1050 5535; x_wconf 86' lang='grc' dir='ltr'>κατασκευάσας</span> <span class='ocrx_word' id='word_1_807' title='bbox 1094 5474 1255 5543; x_wconf 84' lang='grc' dir='ltr'>ἄρτον</span> <span class='ocrx_word' id='word_1_808' title='bbox 1278 5469 1356 5542; x_wconf 82' lang='grc' dir='ltr'>τῷ</span> <span class='ocrx_word' id='word_1_809' title='bbox 1386 5468 1677 5537; x_wconf 82' lang='grc' dir='ltr'>καθήκοντι</span> <span class='ocrx_word' id='word_1_810' title='bbox 1709 5467 1893 5537; x_wconf 85' lang='grc' dir='ltr'>τρόπῳ</span> <span class='ocrx_word' id='word_1_811' title='bbox 1925 5467 2023 5533; x_wconf 74' lang='grc' dir='ltr'>τῆς</span> 
     </span>
    </p>
   </div>
   <div class='ocr_carea' id='block_1_105' title="bbox 453 5555 2023 5640">
    <p class='ocr_par' dir='ltr' id='par_1_105' title="bbox 453 5555 2023 5640">
     <span class='ocr_line' id='line_1_108' title="bbox 453 5555 2023 5640; baseline -0.004 -27"><span class='ocrx_word' id='word_1_812' title='bbox 453 5563 770 5625; x_wconf 86' lang='grc' dir='ltr'>σιτοποιίας.</span> <span class='ocrx_word' id='word_1_813' title='bbox 800 5565 1009 5634; x_wconf 80' lang='grc' dir='ltr'>’Ὠσπερ</span> <span class='ocrx_word' id='word_1_814' title='bbox 1031 5559 1121 5640; x_wconf 72' lang='grc' dir='ltr'>οὖν</span> <span class='ocrx_word' id='word_1_815' title='bbox 1140 5564 1199 5615; x_wconf 87' lang='grc' dir='ltr'>τὸ</span> <span class='ocrx_word' id='word_1_816' title='bbox 1223 5561 1626 5632; x_wconf 87' lang='grc' dir='ltr'>ἀκατέργαστον</span> <span class='ocrx_word' id='word_1_817' title='bbox 1649 5558 1892 5627; x_wconf 79' lang='grc' dir='ltr'>γέννημα</span> <span class='ocrx_word' id='word_1_818' title='bbox 1918 5555 2023 5607; x_wconf 87' lang='grc' dir='ltr'><strong>τῶν</strong></span> 
     </span>
    </p>
   </div>
   <div class='ocr_carea' id='block_1_106' title="bbox 453 5646 2018 5725">
    <p class='ocr_par' dir='ltr' id='par_1_106' title="bbox 453 5646 2018 5725">
     <span class='ocr_line' id='line_1_109' title="bbox 453 5646 2018 5725; baseline -0.006 -20"><span class='ocrx_word' id='word_1_819' title='bbox 453 5654 665 5725; x_wconf 76' lang='grc' dir='ltr'>κτηνῶν</span> <span class='ocrx_word' id='word_1_820' title='bbox 691 5656 807 5706; x_wconf 82' lang='grc' dir='ltr'>ἐστι</span> <span class='ocrx_word' id='word_1_821' title='bbox 844 5655 1039 5724; x_wconf 80' lang='grc' dir='ltr'>τροφὴ,</span> <span class='ocrx_word' id='word_1_822' title='bbox 1068 5654 1160 5706; x_wconf 72' lang='grc' dir='ltr'>καὶ</span> <span class='ocrx_word' id='word_1_823' title='bbox 1185 5654 1284 5705; x_wconf 78' lang='grc' dir='ltr'>οὐκ</span> <span class='ocrx_word' id='word_1_824' title='bbox 1322 5649 1642 5722; x_wconf 79' lang='grc' dir='ltr'>ἀνθρώπων·</span> <span class='ocrx_word' id='word_1_825' title='bbox 1673 5647 1844 5710; x_wconf 71' lang='grc' dir='ltr'>οὕτως</span> <span class='ocrx_word' id='word_1_826' title='bbox 1876 5646 2018 5697; x_wconf 79' lang='grc' dir='ltr'>εἴποι</span> 
     </span>
    </p>
   </div>
   <div class='ocr_carea' id='block_1_107' title="bbox 526 5828 1396 5896">
    <p class='ocr_par' dir='ltr' id='par_1_107' title="bbox 526 5828 1396 5896">
     <span class='ocr_line' id='line_1_110' title="bbox 526 5828 1396 5896; baseline 0 -13"><span class='ocrx_word' id='word_1_827' title='bbox 526 5830 573 5861; x_wconf 79' lang='grc'><strong>⁷⁵</strong></span> <span class='ocrx_word' id='word_1_828' title='bbox 592 5828 753 5884; x_wconf 84' lang='lat' dir='ltr'><strong>Mich.</strong></span> <span class='ocrx_word' id='word_1_829' title='bbox 792 5844 863 5896; x_wconf 80' lang='lat' dir='ltr'><strong>tv,</strong></span> <span class='ocrx_word' id='word_1_830' title='bbox 893 5829 941 5883; x_wconf 82' lang='lat' dir='ltr'><strong>l.</strong></span> <span class='ocrx_word' id='word_1_831' title='bbox 1019 5830 1064 5860; x_wconf 69' lang='grc' dir='ltr'>τί</span> <span class='ocrx_word' id='word_1_832' title='bbox 1089 5831 1191 5884; x_wconf 86' lang='lat' dir='ltr'><strong>lsa.</strong></span> <span class='ocrx_word' id='word_1_833' title='bbox 1232 5844 1309 5895; x_wconf 80' lang='grc' dir='ltr'><strong>ιι,</strong></span> <span class='ocrx_word' id='word_1_834' title='bbox 1348 5831 1396 5883; x_wconf 85' lang='lat' dir='ltr'><strong>l.</strong></span> 
     </span>
    </p>
   </div>
   <div class='ocr_carea' id='block_1_108' title="bbox 2120 4639 3693 4711">
    <p class='ocr_par' dir='ltr' id='par_1_108' title="bbox 2120 4639 3693 4711">
     <span class='ocr_line' id='line_1_111' title="bbox 2120 4639 3693 4711; baseline -0.011 -3"><span class='ocrx_word' id='word_1_835' title='bbox 2120 4652 2298 4708; x_wconf 88' lang='lat' dir='ltr'><strong>cedris</strong></span> <span class='ocrx_word' id='word_1_836' title='bbox 2326 4650 2612 4711; x_wconf 91' lang='lat' dir='ltr'><strong>dividitur,</strong></span> <span class='ocrx_word' id='word_1_837' title='bbox 2640 4646 2883 4699; x_wconf 85' lang='lat' dir='ltr'><strong>Libanus</strong></span> <span class='ocrx_word' id='word_1_838' title='bbox 2912 4662 2924 4696; x_wconf 95' lang='lat'><strong>:</strong></span> <span class='ocrx_word' id='word_1_839' title='bbox 2962 4652 3014 4698; x_wconf 91' lang='lat' dir='ltr'><strong>et</strong></span> <span class='ocrx_word' id='word_1_840' title='bbox 3068 4643 3172 4695; x_wconf 85' lang='lat' dir='ltr'><strong>alia</strong></span> <span class='ocrx_word' id='word_1_841' title='bbox 3204 4650 3402 4711; x_wconf 62' lang='lat' dir='ltr'><strong>praeter</strong></span> <span class='ocrx_word' id='word_1_842' title='bbox 3456 4640 3569 4693; x_wconf 70' lang='lat' dir='ltr'><strong>[nec</strong></span> <span class='ocrx_word' id='word_1_843' title='bbox 3605 4639 3693 4692; x_wconf 83' lang='lat' dir='ltr'><strong>in—</strong></span> 
     </span>
    </p>
   </div>
   <div class='ocr_carea' id='block_1_109' title="bbox 2119 4730 3696 4805">
    <p class='ocr_par' dir='ltr' id='par_1_109' title="bbox 2119 4730 3696 4805">
     <span class='ocr_line' id='line_1_112' title="bbox 2119 4730 3696 4805; baseline -0.01 -7"><span class='ocrx_word' id='word_1_844' title='bbox 2119 4742 2480 4799; x_wconf 89' lang='lat' dir='ltr'><strong>numerabilia</strong></span> <span class='ocrx_word' id='word_1_845' title='bbox 2515 4741 2643 4794; x_wconf 90' lang='lat' dir='ltr'><strong>licet</strong></span> <span class='ocrx_word' id='word_1_846' title='bbox 2675 4752 2744 4792; x_wconf 78' lang='lat' dir='ltr'><strong>ex</strong></span> <span class='ocrx_word' id='word_1_847' title='bbox 2794 4737 3003 4805; x_wconf 89' lang='lat' dir='ltr'><strong>reliqua</strong></span> <span class='ocrx_word' id='word_1_848' title='bbox 3035 4734 3296 4804; x_wconf 87' lang='lat' dir='ltr'><strong>colligere</strong></span> <span class='ocrx_word' id='word_1_849' title='bbox 3332 4730 3613 4802; x_wconf 87' lang='lat' dir='ltr'><strong>prepbetia</strong></span> <span class='ocrx_word' id='word_1_850' title='bbox 3640 4737 3696 4783; x_wconf 86' lang='lat' dir='ltr'><strong>et</strong></span> 
     </span>
    </p>
   </div>
   <div class='ocr_carea' id='block_1_110' title="bbox 2118 4824 3694 4895">
    <p class='ocr_par' dir='ltr' id='par_1_110' title="bbox 2118 4824 3694 4895">
     <span class='ocr_line' id='line_1_113' title="bbox 2118 4824 3694 4895; baseline -0.013 0"><span class='ocrx_word' id='word_1_851' title='bbox 2118 4839 2315 4895; x_wconf 90' lang='lat' dir='ltr'><strong>docere</strong></span> <span class='ocrx_word' id='word_1_852' title='bbox 2332 4851 2455 4893; x_wconf 88' lang='lat' dir='ltr'><strong>esse</strong></span> <span class='ocrx_word' id='word_1_853' title='bbox 2472 4834 2838 4889; x_wconf 87' lang='lat' dir='ltr'><strong>necessariam</strong></span> <span class='ocrx_word' id='word_1_854' title='bbox 2855 4827 3151 4883; x_wconf 89' lang='lat' dir='ltr'><strong>verborum</strong></span> <span class='ocrx_word' id='word_1_855' title='bbox 3176 4824 3694 4894; x_wconf 87' lang='lat' dir='ltr'><strong>contemplationem</strong></span> 
     </span>
    </p>
   </div>
   <div class='ocr_carea' id='block_1_111' title="bbox 2119 4911 3693 4989">
    <p class='ocr_par' dir='ltr' id='par_1_111' title="bbox 2119 4911 3693 4989">
     <span class='ocr_line' id='line_1_114' title="bbox 2119 4911 3693 4989; baseline -0.012 -6"><span class='ocrx_word' id='word_1_856' title='bbox 2119 4944 2185 4983; x_wconf 82' lang='lat' dir='ltr'><strong>ex</strong></span> <span class='ocrx_word' id='word_1_857' title='bbox 2212 4925 2501 4982; x_wconf 87' lang='lat' dir='ltr'><strong>sententia.</strong></span> <span class='ocrx_word' id='word_1_858' title='bbox 2535 4922 2667 4988; x_wconf 69' lang='lat' dir='ltr'><strong>Qua:</strong></span> <span class='ocrx_word' id='word_1_859' title='bbox 2699 4920 2748 4976; x_wconf 89' lang='lat' dir='ltr'><strong>si</strong></span> <span class='ocrx_word' id='word_1_860' title='bbox 2780 4918 3163 4989; x_wconf 87' lang='lat' dir='ltr'><strong>rejiciatur,ut</strong></span> <span class='ocrx_word' id='word_1_861' title='bbox 3188 4914 3367 4984; x_wconf 88' lang='lat' dir='ltr'><strong>placet</strong></span> <span class='ocrx_word' id='word_1_862' title='bbox 3390 4911 3693 4975; x_wconf 76' lang='lat' dir='ltr'><strong>nonnullis,</strong></span> 
     </span>
    </p>
   </div>
   <div class='ocr_carea' id='block_1_112' title="bbox 2124 5002 3699 5082">
    <p class='ocr_par' dir='ltr' id='par_1_112' title="bbox 2124 5002 3699 5082">
     <span class='ocr_line' id='line_1_115' title="bbox 2124 5002 3699 5082; baseline -0.014 -7"><span class='ocrx_word' id='word_1_863' title='bbox 2124 5019 2256 5075; x_wconf 86' lang='lat' dir='ltr'><strong>mihi</strong></span> <span class='ocrx_word' id='word_1_864' title='bbox 2280 5018 2499 5072; x_wconf 91' lang='lat' dir='ltr'><strong>videtur</strong></span> <span class='ocrx_word' id='word_1_865' title='bbox 2530 5013 2583 5067; x_wconf 90' lang='lat' dir='ltr'><strong>id</strong></span> <span class='ocrx_word' id='word_1_866' title='bbox 2616 5010 2840 5082; x_wconf 87' lang='lat' dir='ltr'><strong>perinde</strong></span> <span class='ocrx_word' id='word_1_867' title='bbox 2866 5023 3013 5071; x_wconf 88' lang='lat' dir='ltr'><strong>esse,</strong></span> <span class='ocrx_word' id='word_1_868' title='bbox 3056 5016 3113 5060; x_wconf 87' lang='lat' dir='ltr'><strong>ut</strong></span> <span class='ocrx_word' id='word_1_869' title='bbox 3153 5006 3198 5060; x_wconf 89' lang='lat' dir='ltr'><strong>si</strong></span> <span class='ocrx_word' id='word_1_870' title='bbox 3231 5004 3357 5074; x_wconf 89' lang='lat' dir='ltr'><strong>quis</strong></span> <span class='ocrx_word' id='word_1_871' title='bbox 3401 5002 3469 5057; x_wconf 89' lang='lat' dir='ltr'><strong>ad</strong></span> <span class='ocrx_word' id='word_1_872' title='bbox 3504 5005 3699 5056; x_wconf 83' lang='lat' dir='ltr'><strong>Imma-</strong></span> 
     </span>
    </p>
   </div>
   <div class='ocr_carea' id='block_1_113' title="bbox 2126 5097 3693 5165">
    <p class='ocr_par' dir='ltr' id='par_1_113' title="bbox 2126 5097 3693 5165">
     <span class='ocr_line' id='line_1_116' title="bbox 2126 5097 3693 5165; baseline -0.013 0"><span class='ocrx_word' id='word_1_873' title='bbox 2126 5126 2255 5165; x_wconf 89' lang='lat' dir='ltr'><strong>num</strong></span> <span class='ocrx_word' id='word_1_874' title='bbox 2284 5111 2339 5164; x_wconf 93' lang='lat' dir='ltr'><strong>in</strong></span> <span class='ocrx_word' id='word_1_875' title='bbox 2367 5122 2555 5161; x_wconf 83' lang='lat' dir='ltr'><strong>mensa</strong></span> <span class='ocrx_word' id='word_1_876' title='bbox 2580 5118 2735 5159; x_wconf 88' lang='lat' dir='ltr'><strong>esum</strong></span> <span class='ocrx_word' id='word_1_877' title='bbox 2764 5116 2870 5155; x_wconf 89' lang='lat' dir='ltr'><strong>non</strong></span> <span class='ocrx_word' id='word_1_878' title='bbox 2901 5097 3178 5154; x_wconf 80' lang='lat' dir='ltr'><strong>confectas</strong></span> <span class='ocrx_word' id='word_1_879' title='bbox 3200 5103 3438 5165; x_wconf 90' lang='lat' dir='ltr'><strong>apponat</strong></span> <span class='ocrx_word' id='word_1_880' title='bbox 3458 5102 3693 5162; x_wconf 81' lang='lat' dir='ltr'><strong>segetes,</strong></span> 
     </span>
    </p>
   </div>
   <div class='ocr_carea' id='block_1_114' title="bbox 2127 5186 3697 5274">
    <p class='ocr_par' dir='ltr' id='par_1_114' title="bbox 2127 5186 3697 5274">
     <span class='ocr_line' id='line_1_117' title="bbox 2127 5186 3697 5274; baseline -0.015 -16"><span class='ocrx_word' id='word_1_881' title='bbox 2127 5201 2296 5274; x_wconf 88' lang='lat' dir='ltr'><strong>spicis</strong></span> <span class='ocrx_word' id='word_1_882' title='bbox 2327 5214 2438 5254; x_wconf 89' lang='lat' dir='ltr'><strong>non</strong></span> <span class='ocrx_word' id='word_1_883' title='bbox 2463 5196 2633 5260; x_wconf 92' lang='lat' dir='ltr'><strong>tritis,</strong></span> <span class='ocrx_word' id='word_1_884' title='bbox 2661 5192 2847 5264; x_wconf 82' lang='lat' dir='ltr'><strong>granis</strong></span> <span class='ocrx_word' id='word_1_885' title='bbox 2878 5188 3186 5245; x_wconf 85' lang='lat' dir='ltr'><strong>ventilabro</strong></span> <span class='ocrx_word' id='word_1_886' title='bbox 3220 5201 3328 5241; x_wconf 89' lang='lat' dir='ltr'><strong>non</strong></span> <span class='ocrx_word' id='word_1_887' title='bbox 3380 5186 3608 5239; x_wconf 85' lang='lat' dir='ltr'><strong>secretis</strong></span> <span class='ocrx_word' id='word_1_888' title='bbox 3664 5195 3697 5235; x_wconf 84' lang='lat' dir='ltr'><strong>a</strong></span> 
     </span>
    </p>
   </div>
   <div class='ocr_carea' id='block_1_115' title="bbox 2129 5276 3699 5366">
    <p class='ocr_par' dir='ltr' id='par_1_115' title="bbox 2129 5276 3699 5366">
     <span class='ocr_line' id='line_1_118' title="bbox 2129 5276 3699 5366; baseline -0.015 -18"><span class='ocrx_word' id='word_1_889' title='bbox 2129 5295 2304 5366; x_wconf 86' lang='lat' dir='ltr'><strong>palea,</strong></span> <span class='ocrx_word' id='word_1_890' title='bbox 2336 5290 2612 5344; x_wconf 84' lang='lat' dir='ltr'><strong>frumento</strong></span> <span class='ocrx_word' id='word_1_891' title='bbox 2643 5287 2699 5339; x_wconf 90' lang='lat' dir='ltr'><strong>in</strong></span> <span class='ocrx_word' id='word_1_892' title='bbox 2726 5283 2958 5338; x_wconf 87' lang='lat' dir='ltr'><strong>farinam</strong></span> <span class='ocrx_word' id='word_1_893' title='bbox 3000 5295 3108 5333; x_wconf 92' lang='lat' dir='ltr'><strong>non</strong></span> <span class='ocrx_word' id='word_1_894' title='bbox 3166 5276 3504 5332; x_wconf 89' lang='lat' dir='ltr'><strong>comminuto</strong></span> <span class='ocrx_word' id='word_1_895' title='bbox 3531 5311 3546 5334; x_wconf 91' lang='lat'><strong>,</strong></span> <span class='ocrx_word' id='word_1_896' title='bbox 3600 5287 3699 5326; x_wconf 88' lang='lat' dir='ltr'><strong>ne-</strong></span> 
     </span>
    </p>
   </div>
   <div class='ocr_carea' id='block_1_116' title="bbox 2129 5365 3700 5458">
    <p class='ocr_par' dir='ltr' id='par_1_116' title="bbox 2129 5365 3700 5458">
     <span class='ocr_line' id='line_1_119' title="bbox 2129 5365 3700 5458; baseline -0.016 -18"><span class='ocrx_word' id='word_1_897' title='bbox 2129 5365 2234 5458; x_wconf 77' lang='lat' dir='ltr'><strong>que</strong></span> <span class='ocrx_word' id='word_1_898' title='bbox 2269 5400 2405 5454; x_wconf 90' lang='lat' dir='ltr'><strong>pane</strong></span> <span class='ocrx_word' id='word_1_899' title='bbox 2433 5393 2645 5452; x_wconf 87' lang='lat' dir='ltr'><strong>parato,</strong></span> <span class='ocrx_word' id='word_1_900' title='bbox 2680 5394 2743 5431; x_wconf 86' lang='lat' dir='ltr'><strong>eo</strong></span> <span class='ocrx_word' id='word_1_901' title='bbox 2772 5390 2882 5447; x_wconf 92' lang='lat' dir='ltr'><strong>quo</strong></span> <span class='ocrx_word' id='word_1_902' title='bbox 2909 5388 3007 5444; x_wconf 85' lang='lat' dir='ltr'><strong>par</strong></span> <span class='ocrx_word' id='word_1_903' title='bbox 3039 5378 3126 5427; x_wconf 90' lang='lat' dir='ltr'><strong>est</strong></span> <span class='ocrx_word' id='word_1_904' title='bbox 3167 5367 3357 5458; x_wconf 85' lang='lat' dir='ltr'><strong>modo,</strong></span> <span class='ocrx_word' id='word_1_905' title='bbox 3402 5365 3468 5419; x_wconf 88' lang='lat' dir='ltr'><strong>ad</strong></span> <span class='ocrx_word' id='word_1_906' title='bbox 3505 5366 3607 5458; x_wconf 78' lang='lat' dir='ltr'><strong>hoc</strong></span> <span class='ocrx_word' id='word_1_907' title='bbox 3639 5371 3700 5418; x_wconf 92' lang='lat' dir='ltr'><strong>ut</strong></span> 
     </span>
    </p>
   </div>
   <div class='ocr_carea' id='block_1_117' title="bbox 2130 5455 3697 5537">
    <p class='ocr_par' dir='ltr' id='par_1_117' title="bbox 2130 5455 3697 5537">
     <span class='ocr_line' id='line_1_120' title="bbox 2130 5455 3697 5537; baseline -0.016 -3"><span class='ocrx_word' id='word_1_908' title='bbox 2130 5455 2202 5534; x_wconf 78' lang='lat' dir='ltr'><strong>sit</strong></span> <span class='ocrx_word' id='word_1_909' title='bbox 2223 5476 2559 5531; x_wconf 89' lang='lat' dir='ltr'><strong>esculentus.</strong></span> <span class='ocrx_word' id='word_1_910' title='bbox 2594 5465 2877 5537; x_wconf 83' lang='lat' dir='ltr'><strong>Quomodo</strong></span> <span class='ocrx_word' id='word_1_911' title='bbox 2908 5479 3038 5534; x_wconf 83' lang='lat' dir='ltr'><strong>ergo</strong></span> <span class='ocrx_word' id='word_1_912' title='bbox 3065 5477 3175 5516; x_wconf 89' lang='lat' dir='ltr'><strong>non</strong></span> <span class='ocrx_word' id='word_1_913' title='bbox 3230 5457 3540 5513; x_wconf 89' lang='lat' dir='ltr'><strong>confectum</strong></span> <span class='ocrx_word' id='word_1_914' title='bbox 3575 5455 3697 5510; x_wconf 77' lang='lat' dir='ltr'><strong>fru-</strong></span> 
     </span>
    </p>
   </div>
   <div class='ocr_carea' id='block_1_118' title="bbox 2133 5548 3697 5627">
    <p class='ocr_par' dir='ltr' id='par_1_118' title="bbox 2133 5548 3697 5627">
     <span class='ocr_line' id='line_1_121' title="bbox 2133 5548 3697 5627; baseline -0.016 -2"><span class='ocrx_word' id='word_1_915' title='bbox 2133 5582 2371 5625; x_wconf 85' lang='lat' dir='ltr'><strong>mentum</strong></span> <span class='ocrx_word' id='word_1_916' title='bbox 2401 5574 2486 5621; x_wconf 87' lang='lat' dir='ltr'><strong>est</strong></span> <span class='ocrx_word' id='word_1_917' title='bbox 2509 5565 2827 5617; x_wconf 89' lang='lat' dir='ltr'><strong>alimentum</strong></span> <span class='ocrx_word' id='word_1_918' title='bbox 2853 5559 3222 5627; x_wconf 75' lang='lat' dir='ltr'><strong>iumentorum</strong></span> <span class='ocrx_word' id='word_1_919' title='bbox 3247 5560 3301 5607; x_wconf 89' lang='lat' dir='ltr'><strong>et</strong></span> <span class='ocrx_word' id='word_1_920' title='bbox 3344 5565 3451 5605; x_wconf 91' lang='lat' dir='ltr'><strong>non</strong></span> <span class='ocrx_word' id='word_1_921' title='bbox 3519 5548 3697 5603; x_wconf 84' lang='lat' dir='ltr'><strong>homi-</strong></span> 
     </span>
    </p>
   </div>
   <div class='ocr_carea' id='block_1_119' title="bbox 2132 5641 3698 5729">
    <p class='ocr_par' dir='ltr' id='par_1_119' title="bbox 2132 5641 3698 5729">
     <span class='ocr_line' id='line_1_122' title="bbox 2132 5641 3698 5729; baseline -0.016 -12"><span class='ocrx_word' id='word_1_922' title='bbox 2132 5678 2283 5729; x_wconf 86' lang='lat' dir='ltr'><strong>num,</strong></span> <span class='ocrx_word' id='word_1_923' title='bbox 2309 5663 2381 5715; x_wconf 91' lang='lat' dir='ltr'><strong>ita</strong></span> <span class='ocrx_word' id='word_1_924' title='bbox 2413 5658 2519 5714; x_wconf 86' lang='lat' dir='ltr'><strong>dici</strong></span> <span class='ocrx_word' id='word_1_925' title='bbox 2550 5663 2727 5727; x_wconf 86' lang='lat' dir='ltr'><strong>pctest</strong></span> <span class='ocrx_word' id='word_1_926' title='bbox 2757 5654 3035 5708; x_wconf 86' lang='lat' dir='ltr'><strong>brutorum</strong></span> <span class='ocrx_word' id='word_1_927' title='bbox 3067 5646 3248 5718; x_wconf 83' lang='lat' dir='ltr'><strong>potius</strong></span> <span class='ocrx_word' id='word_1_928' title='bbox 3273 5658 3438 5715; x_wconf 89' lang='lat' dir='ltr'><strong>quam</strong></span> <span class='ocrx_word' id='word_1_929' title='bbox 3486 5641 3698 5697; x_wconf 87' lang='lat' dir='ltr'><strong>ratione</strong></span> 
     </span>
    </p>
   </div>
   <div class='ocr_carea' id='block_1_120' title="bbox 1482 5818 2411 5891">
    <p class='ocr_par' dir='ltr' id='par_1_120' title="bbox 1482 5818 2411 5891">
     <span class='ocr_line' id='line_1_123' title="bbox 1482 5818 2411 5891; baseline -0.013 -9"><span class='ocrx_word' id='word_1_930' title='bbox 1482 5831 1523 5862; x_wconf 81' lang='grc'><strong>⁷⁷</strong></span> <span class='ocrx_word' id='word_1_931' title='bbox 1554 5827 1686 5882; x_wconf 82' lang='lat' dir='ltr'><strong>Dan.</strong></span> <span class='ocrx_word' id='word_1_932' title='bbox 1716 5842 1779 5891; x_wconf 89' lang='grc' dir='ltr'><strong>ιι,</strong></span> <span class='ocrx_word' id='word_1_933' title='bbox 1810 5826 1917 5891; x_wconf 75' lang='grc'><strong>55;</strong></span> <span class='ocrx_word' id='word_1_934' title='bbox 1955 5823 2100 5881; x_wconf 84' lang='lat' dir='ltr'><strong>Psal.</strong></span> <span class='ocrx_word' id='word_1_935' title='bbox 2128 5835 2294 5883; x_wconf 78' lang='lat' dir='ltr'><strong>um,</strong></span> <span class='ocrx_word' id='word_1_936' title='bbox 2330 5818 2411 5874; x_wconf 85' lang='lat' dir='ltr'><strong>l6.</strong></span> 
     </span>
    </p>
   </div>
  </div>
