4110 6526
447 421 548 476 765

1661 425 1716 479 S.
1761 423 2085 480 GREGUBII
2117 423 2412 484 NYSSENI

3563 427 3672 484 τοι

443 532 788 604 praeditorum
834 535 1187 590 animantium
1219 551 1342 592 esse
1381 537 1701 592 alimentum
1738 554 1834 608 per
1867 540 2002 594 sub-

2110 559 2186 604 τις
2211 543 2276 596 ἂν
2295 543 2502 610 ἀλόγων
2541 541 2737 612 μᾶλλον
2765 543 2796 611 ἢ
2827 539 3056 610 λογικῶν
3075 532 3212 594 εἶναι
3239 540 3441 613 τροφήν
3467 519 3548 612 μὴ’
3567 560 3670 596 καε-

443 628 673 682 tiliorem
711 644 818 681 non
885 630 1132 682 confecta
1189 631 1704 700 cautemplationem
1756 633 1922 686 verba
1973 647 2004 684 a

444 720 556 776 Deo
589 722 875 788 inspirata,
913 736 1018 773 non
1047 723 1222 776 Solum
1259 722 1472 778 Veteris
1507 723 1874 788 Testamcnti,
1909 725 2002 779 sed

445 813 614 864 multa
643 811 808 864 etiam
844 811 1111 864 doctrinae
1147 815 1501 884 evangelica.
1537 824 1728 884 utpote
1777 817 2005 870 ventila-

445 904 600 956 brum
626 903 770 972 quod
831 913 1023 972 purgat
1079 919 1285 968 aream,
1349 907 1556 973 paleam
1591 923 1712 976 qua:
1763 923 1792 960 a
1845 917 2008 961 vento

447 1003 782 1064 asportatur,
802 1003 857 1048 et
890 997 1129 1049 triticum
1162 997 1306 1064 quod
1337 1007 1582 1051 remanet
1609 999 1676 1050 ad
1709 999 2006 1066 pedesejus

449 1088 542 1153 qui
571 1085 830 1148 ventilat,
869 1086 1046 1154 ignem
1091 1087 1611 1156 incxstinguibilem,
1645 1089 1846 1142 bonum
1882 1091 2008 1142 hor-

449 1191 625 1240 reum,
663 1177 910 1230 arborem
945 1193 1066 1246 qua:
1091 1178 1194 1230 fert
1225 1179 1396 1232 malos
1442 1179 1676 1245 fructus,
1709 1181 1885 1234 minas
1923 1197 2008 1235 se-

449 1267 624 1330 curis,
661 1283 782 1336 qua:
811 1269 1077 1322 intentant
1112 1269 1410 1322 terribilem
1456 1272 1710 1324 arborum
1763 1281 2008 1340 amputa-

451 1357 677 1424 tionem,
713 1359 918 1428 lapides
977 1361 1068 1429 qui
1105 1361 1157 1413 in
1217 1360 1512 1413 humanam
1569 1369 2010 1415 transmittuntur

451 1457 726 1502 naturam.
759 1449 882 1504 Haec
917 1451 983 1504 ad
1026 1461 1170 1502 tuam
1205 1450 1548 1518 prudentiam
1579 1451 1768 1504 sedulo
1797 1453 1881 1505 his
1924 1453 2011 1504 lit-

450 1543 584 1595 teris
612 1557 642 1594 a
674 1557 758 1594 me
798 1542 1000 1610 scripta
1029 1551 1176 1608 sunt,
1205 1553 1262 1595 ut
1294 1543 1404 1596 sint
1433 1544 1678 1611 qumdam
1725 1546 2010 1612 responsio

454 1631 520 1684 ad
552 1647 648 1686 eos
683 1632 778 1702 qui
810 1641 1057 1686 statuunt
1083 1649 1146 1686 ex
1175 1632 1356 1686 verbis
1384 1631 1583 1686 divinis
1609 1631 1742 1686 nihil
1776 1634 2009 1700 amplius

451 1737 574 1778 esse
601 1722 975 1790 qnazrendum,
999 1739 1158 1792 quam
1189 1740 1310 1792 qua:
1336 1732 1420 1777 est
1454 1726 1505 1776 in
1537 1733 1786 1793 promptu
1823 1725 2012 1778 littera:

450 1822 506 1868 et
537 1812 794 1868 dictionis
825 1815 1298 1884 signiﬁcationem.
1325 1815 1477 1880 Quod
1503 1816 1572 1878 si,
1607 1831 1729 1870 cum
1750 1814 2010 1885 Origenes

451 1907 745 1975 plurimum
775 1907 978 1961 laboris
1011 1917 1064 1960 et
1093 1907 1260 1960 studii
1291 1908 1344 1960 in
1377 1909 1520 1962 hunc
1568 1909 1763 1962 librum
1819 1917 2014 1962 contu-

451 1997 596 2062 lerit,
629 2013 730 2051 nos
763 2013 978 2066 quoque
1007 1998 1150 2066 quod
1181 2015 1211 2052 a
1243 2000 1401 2054 nobis
1429 2011 1511 2053 est
1541 2000 1880 2054 elaboratum
1926 2001 2014 2054 lit-

453 2091 585 2144 teris
619 2095 875 2144 mandare
902 2091 1150 2144 lubenter
1182 2093 1556 2158 statuerimus,
1603 2108 1762 2148 nemo
1797 2108 1897 2146 nos
1923 2107 2014 2146 ac-

453 2190 627 2244 cuset,
663 2181 730 2235 ad
761 2182 810 2238 id
838 2185 980 2252 quod
1018 2183 1148 2237 dicit
1191 2185 1481 2252 Apostolus
1521 2185 1739 2239 intuens
1775 2203 1788 2237 :
1836 2184 2012 2238 Unus-

451 2275 668 2340 quisque
701 2275 970 2340 propriam
993 2275 1280 2330 mercedem
1307 2277 1524 2345 accipiet
1554 2277 1836 2332 secumlum
1859 2294 2012 2332 suum

452 2365 768 2418 laborem".
795 2364 913 2419 Non
942 2375 1026 2419 est
1058 2375 1235 2420 autem
1287 2368 1374 2421 hic
1409 2368 1546 2422 liter
1578 2384 1608 2421 ιι
1643 2384 1726 2422 me
1775 2371 2012 2438 scriptus

453 2457 522 2510 ad
557 2458 1001 2522 ostentationem,
1035 2457 1130 2512 sed
1163 2460 1422 2528 quoniam
1469 2461 1637 2512 multa
1672 2476 1734 2514 ex
1771 2462 1837 2516 iis
1893 2477 2012 2530 quae

450 2547 598 2600 dicta
625 2553 754 2600 sunt
779 2548 831 2599 in
867 2546 1144 2606 Ecclesiis.
1180 2549 1398 2616 quidam
1421 2564 1486 2602 ex
1517 2549 1583 2603 iis
1611 2550 1702 2618 qui
1727 2551 2008 2604 nobiscum

451 2646 759 2700 versantur,
788 2637 1002 2691 dicendi
1032 2638 1213 2692 studio
1243 2637 1593 2702 adnotarunt,
1630 2640 1751 2694 aliis
1791 2641 2008 2710 quidem

454 2729 524 2783 ab
557 2731 661 2784 illis
691 2731 928 2799 acceptis
969 2747 1092 2800 qua:
1145 2743 1542 2800 consequenter
1575 2733 1763 2787 habuit
1821 2749 2009 2786 eorum

454 2821 754 2888 adnotatio,
787 2833 839 2876 et
877 2823 998 2876 aliis
1033 2837 1062 2874 a
1102 2837 1187 2876 me
1221 2822 1442 2886 additis,
1474 2837 1704 2892 quorum
1757 2835 1872 2878 erat
1917 2841 2012 2880 ne-

455 2912 698 2965 cessaria
735 2910 989 2979 adiectio,
1015 2925 1078 2964 ea
1101 2911 1156 2962 in
1187 2909 1419 2964 formam
1459 2911 1808 2966 homiliarum
1853 2929 2013 2968 enar-

453 3002 592 3066 ravi,
623 2999 690 3053 ad
727 2999 917 3054 litterae
953 2999 1244 3054 dictionem
1287 3001 1470 3054 statim
1511 3001 1690 3056 addita
1724 3004 2010 3058 verborum

456 3091 936 3160 contemplatione,
973 3099 1236 3160 quantum
1271 3092 1404 3145 mihi
1435 3092 1499 3146 ad
1548 3093 1659 3146 haec
1691 3093 1876 3147 datum
1928 3103 2012 3149 est

2103 633 2468 704 τεργασθέντα
2507 633 2593 686 διὰ
2641 635 2738 702 τῆς
2780 631 3108 696 λεπτοτέρας
3153 631 3384 701 Θεωρίας
3424 631 3494 684 τὰ
3545 631 3672 687 θεό-

2105 740 2344 775 πνευστα
2379 724 2626 793 ῥήματα,
2659 723 2718 774 οὔ
2761 721 2916 790 μόνον
2953 719 3050 788 τῆς
3092 718 3334 780 Παλαιᾶς
3373 719 3666 790 Διαθήκης,

2105 815 2237 868 ἀλλὰ
2267 815 2360 868 καὶ
2389 815 2458 867 τὰ
2486 813 2653 866 πολλὰ
2687 813 2785 882 τῆς
2817 812 3176 880 εὐαγγελικῆς
3213 809 3576 871 διδασκαλίας.
3601 814 3669 866 τὸ

2107 905 2273 958 πτύον
2297 905 2356 959 τὸ
2389 905 2736 974 διακαθαῖρον
2765 905 2861 974 τὴν
2893 903 3071 958 ἅλωνα
3092 942 3106 965 ,
3135 902 3196 954 τὺ
3219 901 3670 970 ἀποφυσιώμενον

2107 999 2322 1068 ἄχυρον,
2352 999 2380 1050 ό
2430 997 2760 1067 παραμένων
2795 999 2938 1057 σῖτος
2971 997 3080 1057 τοῖς
3131 995 3289 1046 ποσὶν
3327 992 3421 1045 τοῦ
3469 992 3668 1061 λικμή-

2106 1109 2281 1160 τορος.
2321 1091 2380 1142 τὸ
2420 1090 2678 1144 ἄσϐεστον
2721 1088 2850 1158 πῦρ,
2881 1089 2913 1157 ἡ
2945 1086 3121 1155 ἀγαθὴ
3159 1084 3408 1154 ἀποθήκη
3433 1125 3448 1149 ,
3473 1083 3534 1136 τὸ
3560 1082 3674 1134 τῶν

2109 1184 2292 1237 κακῶν
2319 1182 2545 1252 εὔφορον
2587 1181 2818 1249 δένδρον,
2858 1180 2891 1249 ἡ
2920 1178 3116 1248 ἀπειλὴ
3149 1177 3247 1247 τῆς
3271 1175 3477 1246 ἀξίνης,
3507 1177 3540 1244 ἡ
3575 1191 3670 1244 φο-

2109 1274 2282 1346 ϐερῶς
2315 1274 2424 1325 τῶν
2463 1273 2692 1342 δένδρων
2729 1271 2826 1341 τὴν
2861 1269 3040 1339 ἀκμὴν
3091 1267 3553 1338 παραδεικνύουσα
3573 1306 3587 1328 ,
3617 1267 3669 1318 οἱ

2109 1367 2246 1434 πρὸς
2285 1367 2381 1435 τὴν
2425 1363 2766 1434 ἀνθρωπίνην
2816 1360 2974 1429 φύσιν
3020 1357 3464 1428 μεταποιούμενοι
3511 1355 3667 1409 λίθοι.

2109 1457 2293 1510 Ταῦτὰ
2322 1475 2410 1526 μοι
2432 1455 2516 1508 διὰ
2547 1455 2654 1507 τῶν
2681 1453 2814 1524 πρὸς
2841 1452 2940 1522 τὴν
2971 1451 3180 1503 σύνεσίν
3219 1467 3312 1502 σου
3341 1449 3484 1502 κατά
3509 1465 3674 1500 σπου-

2108 1549 2200 1620 δὴν
2229 1550 2568 1620 γραμμάτων
2606 1545 2868 1613 ἀπολογία
2903 1561 2986 1606 τις
3035 1541 3326 1612 γεγράφθω
3379 1541 3514 1611 πρὸς
3547 1542 3672 1603 τοὺς

2115 1641 2278 1710 μηδὲν
2312 1639 2471 1692 πλέον
2501 1637 2651 1709 παρὰ
2683 1636 2781 1706 τὴν
2815 1635 3106 1704 πρόχειρον
3139 1633 3240 1700 τῆς
3273 1632 3466 1697 λέξεως
3499 1633 3674 1700 ἔμφα-

2113 1749 2194 1784 σιν
2229 1733 2292 1782 ἐκ
2329 1730 2434 1782 τῶν
2463 1729 2620 1782 θείων
2659 1727 2916 1797 ῥημάτων
2939 1721 3227 1793 ἀναζητεῖν
3267 1720 3670 1783 νουθετοῦντας.

2113 1825 2175 1875 Εἰ
2195 1823 2250 1874 δὲ
2283 1821 2374 1874 τοῦ
2411 1821 2712 1889 Ὠριγένους
2734 1815 3032 1886 φιλοπόνως
3057 1812 3180 1883 περὶ
3199 1811 3258 1864 τὸ
3289 1811 3489 1881 βιϐλίον
3517 1809 3678 1862 τοῦτο

2117 1913 2527 1974 σπουδάσαντος,
2563 1911 2656 1962 καὶ
2689 1911 2847 1978 ἡμεῖς
2879 1908 3064 1977 γραφῇ
3101 1903 3424 1974 παραδοῦναι
3455 1902 3545 1954 τὸν
3574 1901 3672 1952 πό·-

2112 2020 2200 2056 νον
2233 2001 2389 2072 ἡμῶν
2422 1997 2910 2068 προεθυμήθημεν,
2947 1993 3247 2062 ἑγκαλείτω
3299 1990 3507 2061 μηδεὶς,
3539 1987 3674 2059 πρὸς

2112 2094 2172 2152 τὸ
2201 2091 2340 2144 θεῖον
2365 2089 2456 2142 τοῦ
2487 2086 2806 2140 ’Λποστόλου
2827 2085 3005 2154 λόγιον
3028 2083 3258 2152 βλέπων,
3289 2081 3348 2144 ὃς
3371 2095 3557 2150 φησιν,
3591 2080 3674 2131 ὅτι

2116 2186 2404 2247 Ἕκαστος
2425 2182 2533 2234 τὸν
2549 2179 2701 2232 ἴδιον
2717 2177 2938 2248 μισθὸν
2953 2175 3206 2243 λήψεται
3227 2173 3374 2226 κατὰ
3393 2173 3500 2224 τὸν
3521 2171 3676 2224 ἴδιον

2107 2279 2320 2330 κόπων.
2340 2275 2489 2344 Ἐμοὶ
2509 2272 2564 2325 δὲ
2589 2273 2646 2324 ού
2673 2269 2806 2340 πρὸς
2829 2267 3078 2334 ἐπίδειξίν
3105 2270 3218 2319 ἐστι
3249 2263 3676 2332 συντεταγμένος

2113 2371 2140 2422 ὁ
2177 2368 2352 2435 λόγος·
2393 2365 2506 2417 ἀλλ’
2549 2361 2732 2432 ἐπειδὴ
2764 2361 2832 2413 τὰ
2870 2359 3038 2411 πολλὰ
3079 2358 3186 2410 τῶν
3223 2357 3306 2408 ἐπ’
3348 2353 3674 2424 Ἐκκλησίας

2115 2458 2404 2530 ῥηθέντων,
2426 2455 2568 2517 τινες
2585 2453 2692 2504 τῶν
2715 2451 3000 2512 συνόντων,
3031 2450 3162 2519 ἡμῖν
3188 2449 3293 2500 ὑπὸ
3319 2445 3674 2516 φιλομαθείας

2113 2547 2534 2618 ἐσημειώσαντο,
2585 2542 2652 2595 τὰ
2682 2542 2778 2612 μὲν
2821 2541 2950 2610 παρ’
2985 2539 3206 2591 ἐκείνων
3233 2535 3434 2600 λαϐὼν,
3463 2535 3564 2586 ὅσα
3605 2533 3672 2586 δι’

2111 2638 2403 2696 ἀκολούθου
2434 2637 2589 2706 ἔσχεν
2615 2633 2791 2687 αὐτῶν
2824 2635 2858 2702 ή
2909 2631 3238 2702 σημείωσις,
3271 2627 3335 2680 τὰ
3367 2627 3422 2680 δὲ
3464 2627 3556 2679 καὶ
3577 2624 3674 2678 ἀπ’

2113 2731 2348 2805 ἐμαυτοῦ
2384 2729 2667 2800 προσθεὶς,
2697 2719 2770 2778 ὧν
2819 2722 3089 2791 ἀναγκαία
3119 2718 3185 2792 ἦν
3227 2724 3260 2791 ἡ
3296 2719 3582 2790 προσθήκη
3615 2719 3680 2770 ὲν

2111 2823 2334 2894 ὁμιλιῶν
2359 2822 2486 2874 εἴδει
2505 2818 2601 2890 τὴν
2623 2815 2924 2888 ὑπηγορίαν
2953 2813 3274 2882 πεποίημαι,
3288 2810 3518 2880 καθεξῆς
3539 2809 3676 2879 πρὸς

2112 2917 2252 2982 λέξιν
2281 2914 2610 2988 προαγαγὼν
2652 2914 2750 2984 τὴν
2781 2911 2890 2964 τῶν
2929 2908 3105 2979 ῥητῶν
3139 2905 3392 2977 θεωρίαν,
3421 2905 3506 2972 ἐφ’
3550 2903 3676 2956 ὅσον

2112 3015 2140 3065 ό
2172 3009 2362 3080 καιρός
2391 3025 2451 3060 τε
2495 3006 2587 3059 καὶ
2627 3004 2694 3057 τὰ
2724 3003 3040 3072 πράγματα,
3068 2997 3168 3066 τὴν
3197 2997 3324 3066 περὶ
3353 2994 3540 3048 τούτου
3582 3009 3676 3060 μοι

2116 3099 2306 3170 σχολὴν
2352 3095 2582 3150 ἐνεδίδου
2639 3091 2782 3146 κατὰ
2825 3089 2922 3153 τὰς
2970 3089 3185 3160 ἡμέρας
3231 3085 3340 3138 τῶν
3388 3082 3670 3154 νηστειῶν.

456 3182 554 3236 otii
585 3183 638 3236 in
679 3181 874 3237 diebus
901 3181 1257 3252 ieiuniorum.
1290 3181 1345 3236 In
1379 3183 1463 3238 his
1492 3185 1637 3238 enim
1661 3185 1749 3240 hic
1779 3186 1914 3240 libcr
1941 3188 2009 3242 ad

2124 3193 2211 3244 Ἑν
2253 3189 2474 3250 ταύταις
2506 3186 2613 3257 γὰρ
2656 3185 2785 3255 ἡμῖν
2814 3183 2948 3253 πρὸς
2993 3180 3090 3250 τὴν
3135 3177 3398 3248 δημοσίαν
3437 3174 3608 3243 ἀκοὴν
3643 3175 3678 3226 ὁ

459 3289 622 3328 aures
659 3274 840 3343 populi
863 3289 892 3326 a
925 3275 1082 3328 nobis
1113 3272 1213 3327 fuit
1235 3275 1564 3328 elaboratus.
1602 3274 1754 3340 Quod
1801 3278 1846 3333 si
1877 3285 2016 3331 tem-

455 3367 604 3436 poris
637 3366 870 3436 spatium
902 3366 1064 3420 nobis
1091 3365 1304 3419 dederit
1335 3367 1460 3420 vitae
1488 3375 1690 3421 nostra:
1725 3367 2014 3436 dispensa-

459 3469 543 3512 tor
567 3457 729 3522 Deus,
762 3467 1084 3527 tempusque
1111 3469 1366 3526 pacatum
1397 3466 1452 3511 et
1481 3460 1863 3527 tranquillum,
1903 3459 2015 3513 for-

455 3557 604 3600 tasse
633 3555 828 3600 caetera
855 3561 1264 3616 persequemur.
1289 3546 1447 3601 Nunc
1473 3548 1634 3602 etiam
1661 3549 1818 3604 nobis
1843 3565 2014 3618 usque

457 3637 524 3690 ad
555 3637 838 3690 dimidium
879 3639 1147 3706 processit
1169 3639 1306 3694 liber
1321 3645 1374 3692 et
1399 3640 1806 3708 contemplatio.
1826 3639 2011 3694 Gratia

457 3727 670 3782 Domini
707 3731 878 3784 nostri
905 3729 1034 3784 Jesu
1067 3731 1270 3785 Christi
1303 3733 1372 3786 sit
1427 3733 1716 3788 nobiscum
1755 3736 2010 3791 omnibus

461 3822 518 3876 in
549 3823 745 3878 saecula
779 3824 1123 3880 saeculorum.
1157 3827 1348 3879 Amen.

1069 3915 1348 3970 HOMILIA
1383 3915 1422 3969 l.

526 4001 652 4056 CAP.
671 4004 754 4072 μὶ
779 4004 824 4057 Ι.
861 4004 1134 4058 Osculetur
1159 4024 1238 4061 me
1255 4009 1434 4062 osculo
1450 4010 1556 4062 oris
1582 4010 1699 4062 sui:
1729 4011 1851 4080 quia
1882 4009 2016 4064 bona

453 4103 576 4146 sunt
611 4095 770 4146 ubera
817 4103 906 4147 tua
939 4113 1093 4164 super
1121 4098 1325 4163 vinum,
1358 4108 1406 4152 et
1456 4099 1586 4151 odor
1634 4109 2016 4166 unguentorum

453 4193 662 4236 tuorum
696 4201 854 4252 supra
895 4191 1070 4240 omnia
1123 4200 1382 4244 aromata.
1415 4189 1468 4242 “2.
1509 4189 1838 4260 Unguentum
1874 4191 2010 4259 effu-

451 4291 567 4326 sum
605 4293 787 4328 nomen
827 4289 993 4332 tuum.
1031 4279 1241 4334 Idcirco
1287 4265 1686 4336 adolesce’nlutw
1718 4282 2010 4336 dilexerunt

452 4377 518 4428 te,
537 4367 588 4418 5.
620 4376 890 4422 traxerunt
923 4379 990 4422 te.
1029 4371 1150 4424 Post
1183 4383 1230 4424 le
1259 4374 1394 4424 enim
1419 4389 1686 4426 curramus
1716 4375 1771 4426 in
1797 4374 2008 4428 odorem

451 4467 830 4526 unguentorum
861 4471 1090 4514 tuorum.
1133 4461 1436 4516 Introduxit
1475 4481 1552 4516 me
1591 4480 1680 4517 rea:
1709 4467 1758 4516 in
1793 4481 1890 4517 sua
1914 4483 2006 4534 pe-

2114 3302 2180 3337 πε
2191 3284 2242 3352 pl.
2268 3281 2456 3335 τούτου
2481 3278 2635 3346 λόγος
2657 3271 3066 3341 διεσπουδόωθη.
3101 3271 3162 3322 Et
3190 3269 3246 3322 δὲ
3279 3266 3550 3338 παράσχοι
3579 3264 3674 3318 καὶ

2116 3375 2259 3445 ζωῆς
2287 3373 2475 3444 χρόνον
2516 3373 2544 3423 ὁ
2569 3369 2666 3440 τῆς
2695 3367 2838 3436 ζωῆς
2869 3364 3025 3435 ἡμῶν
3063 3361 3264 3432 ταμίας
3290 3359 3442 3423 Θεὸς,
3485 3358 3577 3410 καὶ
3601 3357 3676 3410 εί-

2117 3468 2341 3540 ρηνικὴν
2371 3462 2672 3533 εὐκαιρίαν,
2710 3460 2802 3512 καὶ
2843 3459 2954 3519 τοῖς
2997 3455 3335 3524 λειπομένοις
3374 3451 3502 3514 ἴσως
3549 3452 3672 3502 ὲπι-

2113 3555 2482 3631 δραμούμεθα.
2511 3553 2626 3607 Νῦν
2657 3552 2764 3623 γὰρ
2790 3551 2922 3620 ἡμῖν
2953 3547 3115 3616 μέχρι
3145 3543 3238 3597 τοῦ
3262 3543 3504 3614 ἡμίσεως
3537 3557 3674 3611 προ-

2116 3651 2277 3724 ἦλθεν
2304 3653 2332 3703 ὁ
2357 3649 2512 3716 λόγος
2549 3643 2646 3698 καὶ
2684 3645 2718 3712 ὴ
2762 3639 2983 3711 θεωρία.
3033 3637 3097 3688 Ἢ
3137 3635 3294 3706 χάρις
3332 3633 3426 3686 τοῦ
3466 3631 3670 3724 Κυρίου

2117 3723 2273 3815 ἡμῶν
2315 3737 2489 3809 Ἰησοῦ
2535 3732 2770 3805 Χριστοῦ
2802 3729 2939 3801 μετὰ
2973 3727 3190 3782 πάντων
3235 3723 3392 3798 ἡμῶν
3433 3724 3513 3788 είς
3544 3723 3672 3785 τοὺς

2111 3837 2308 3895 αἰῶνας
2335 3830 2443 3884 τῶν
2475 3825 2702 3880 αἰώνων.
2757 3823 2947 3892 Ἀμήν.

2727 3913 2942 3968 ΛΟΓΟΣ
2977 3912 3057 3965 Α’.

2180 4009 2498 4082 diuinade
2520 4025 2596 4078 με
2619 4007 2736 4061 ἀπὸ
2763 4002 3108 4075 φιλημάτων
3131 4004 3425 4071 στόματος
3447 3999 3634 4054 αὐτοῦ
3649 4015 3668 4031 ο

2111 4111 2200 4164 ὅτι
2249 4105 2452 4178 ἀγαθοὶ
2497 4100 2717 4172 μαστοι
2761 4113 2876 4152 σου
2922 4096 3074 4164 ὑπὲρ
3122 4091 3322 4158 οἶνον,
3365 4093 3460 4147 καὶ
3509 4093 3670 4162 ὀσμὴ

2109 4203 2312 4270 μύρων
2346 4195 2497 4262 ὑπὲρ
2525 4193 2718 4246 πάντα
2749 4189 2818 4244 τὰ
2855 4188 3147 4256 ἀρώματα.
3182 4187 3384 4254 Μῡρον
3416 4186 3668 4238 ἐκκενωσι

2114 4293 2218 4346 θὲν
2247 4287 2430 4358 ὄνομά
2455 4301 2590 4340 σου.
2614 4285 2714 4337 Διά
2735 4283 2906 4336 τοῦτο
2933 4279 3200 4344 νεάνιδες
3221 4275 3542 4346 ἡτάπησάν
3571 4292 3666 4338 σε,

2111 4381 2408 4437 εἵλκυσάν
2433 4395 2525 4432 σε.
2581 4377 2798 4428 Ὀπίσω
2829 4389 2943 4427 σου
2972 4375 3058 4436 εἰς
3085 4369 3283 4439 ὀσμὴν
3305 4370 3511 4438 μύρων
3549 4383 3668 4420 σου

2111 4473 2465 4542 δραμοῦμεν.
2505 4465 2832 4534 Εὶσήνεγκέ
2856 4483 2932 4533 με
2965 4469 2997 4519 ὀ
3025 4465 3322 4528 ¹βασιλεὺς
3353 4467 3439 4528 εὶς
3467 4463 3534 4516 τὸ
3565 4479 3668 4516 τα-

451 4551 699 4602 netralia.
758 4551 1096 4606 Exsuttemus
1143 4566 1192 4608 et
1239 4555 1475 4608 lwtemur
1513 4557 1565 4608 in
1611 4567 1676 4610 te.
1713 4557 2006 4626 Diligamus

2110 4541 2276 4633 μεῖον
2303 4561 2507 4617 αὐτοῦ.
2566 4557 3083 4628 Ἀταλλιασώμεθα
3115 4560 3210 4612 και
3247 4557 3668 4626 εὐφρανθῶμεν

381 4707 384 4710 λ
451 4639 612 4693 ubera
653 4650 742 4692 tua
775 4658 936 4710 supra
955 4644 1149 4698 vinum.
1183 4643 1252 4698 Te
1279 4645 1462 4698 dilexit
1487 4647 1762 4700 rectitudo.

523 4823 848 4898 Quicunque
874 4838 1238 4896 congruenter
1269 4830 1500 4886 consilio
1546 4829 1723 4894 Pauli,
1767 4836 2006 4884 veterem

455 4925 748 4984 hominem,
803 4929 1062 4989 tanquam
1119 4922 1398 4976 sordidum
1442 4923 1662 4991 aliquod
1713 4922 2008 4976 vestimen-

453 5029 592 5078 tum,
633 5015 862 5069 exuistis
895 5029 1018 5068 cum
1038 5016 1158 5082 ejus
1189 5017 1496 5072 actionibus
1527 5026 1580 5070 et
1612 5017 1920 5082 desideriis,
1951 5025 2006 5070 et

449 5107 658 5160 lucidas
687 5103 902 5158 Domini
935 5113 1136 5168 vestes,
1181 5107 1371 5173 quales
1409 5107 1648 5160 ostendit
1679 5107 1734 5159 in
1785 5105 2004 5160 transii—

449 5198 731 5267 gnratione
773 5211 892 5265 qua:
925 5196 1066 5249 facta
1097 5205 1179 5250 est
1231 5197 1284 5248 in
1335 5207 1539 5258 monte,
1599 5197 1856 5250 induistis
1910 5211 2006 5265 per

447 5291 574 5342 vita:
598 5289 911 5357 puritatem,
941 5288 1051 5340 imo
1080 5303 1207 5342 vero
1229 5289 1322 5356 qui
1359 5289 1534 5358 ipsum
1571 5287 1860 5342 Dominum
1907 5303 2005 5340 no-

447 5391 621 5435 strum
678 5379 861 5434 Jcsum
917 5379 1194 5433 Christum
1255 5395 1375 5434 cum
1435 5380 1718 5444 charitate,
1761 5395 1880 5450 quae
1921 5389 2004 5435 est

445 5474 566 5538 ejus
597 5472 1000 5534 indumentum,
1028 5471 1306 5534 induistis,
1340 5481 1393 5526 et
1418 5472 1552 5526 estis
1584 5473 1635 5525 ei
1679 5472 2001 5526 conformati

451 5563 516 5614 ad
545 5562 1000 5632 impatibilitatem
1027 5571 1079 5618 et
1115 5563 1182 5618 ad
1233 5563 1336 5618 hoc
1393 5571 1450 5617 ut
1499 5563 1621 5619 sitis
1675 5565 1998 5632 diviniores,

520 5819 564 5851 η
585 5821 604 5874 Ι
629 5823 756 5878 Cor.
790 5839 872 5888 ιιι.
901 5825 952 5878 8.

2105 4655 2174 4706 ἐν
2209 4653 2330 4706 σοί.
2375 4649 2798 4720 Ἀγππήσωμεν
2834 4649 3105 4717 μαστούς
3147 4665 3263 4702 σου
3299 4649 3450 4716 ὑπὲρ
3477 4646 3662 4703 οἶνον.

2101 4744 2372 4809 Εὐθύτης
2393 4741 2710 4810 ἠγάπησέν
2735 4755 2827 4793 σε.

2179 4836 2330 4888 Ὅσοι
2353 4833 2492 4886 κατὰ
2515 4833 2613 4902 τὴν
2633 4849 2694 4884 συ
2703 4831 2936 4902 μϐουλὴν
2953 4831 3048 4884 τοῦ
3068 4829 3300 4895 Παύλου,
3325 4831 3416 4884 τὸν
3443 4832 3668 4886 παλαιὸν

2107 4925 2412 4996 ἄνθρωπον,
2443 4924 2627 4995 ὥσπερ
2659 4941 2712 4975 τι
2745 4922 3084 4993 περιϐόλαιον
3113 4923 3354 4994 ῥυπαρὸν
3394 4923 3664 4976 ἀπεδύσα-

2108 5016 2200 5069 σθε
2234 5019 2328 5068 σὺν
2355 5019 2476 5078 ταῖς
2507 5015 2734 5086 πράξεσι
2759 5013 2852 5068 καὶ
2877 5016 2993 5077 ταῖς
3025 5013 3334 5084 ἐπιθυμίαις
3359 5015 3544 5078 αὐτοῦ,
3571 5017 3662 5068 καὶ

2104 5109 2172 5161 τὰ
2221 5108 2454 5178 φωτεινὰ
2495 5107 2586 5160 τοῦ
2638 5109 2839 5178 Κυρίου
2891 5107 3110 5176 ἱμάτια,
3155 5101 3242 5160 οἵα
3289 5108 3381 5159 ἐπὶ
3428 5107 3528 5177 τῆς
3567 5109 3664 5160 τοῦ

2105 5199 2261 5268 ὅρους
2295 5197 2763 5270 μεταμορφώσεως
2807 5196 2992 5262 ἔδειξε,
3038 5198 3124 5250 διὰ
3169 5199 3268 5267 τῆς
3301 5199 3665 5268 καθαρότητος

2106 5288 2198 5342 τοῦ
2225 5289 2338 5359 βίου
2367 5289 2766 5360 περιεδάλεσθε,
2795 5289 2994 5359 μᾶλλον
3017 5289 3071 5341 δὲ
3098 5291 3146 5342 οἱ
3175 5289 3334 5343 αὐτὸν
3353 5289 3444 5342 τὸν
3465 5291 3664 5360 Κύριον

2107 5376 2261 5448 ἡμῶν
2295 5378 2499 5449 Ἰησοῦν
2537 5380 2765 5450 Χριστὸν
2801 5379 2936 5448 μετὰ
2959 5379 3054 5450 τῆς
3078 5380 3316 5449 ἀγάπης,
3345 5380 3508 5432 αὐτοῦ
3541 5397 3662 5434 στο-

2107 5468 2224 5537 λῆς,
2253 5469 2617 5540 ἐνδυσάμενοι,
2668 5473 2762 5525 καὶ
2809 5471 3298 5543 συμμορφωθέντες
3345 5471 3492 5542 αὐτῷ
3527 5473 3662 5542 πρὸς

2105 5560 2165 5613 τὺ
2183 5559 2394 5625 ’ἀπαθές
2425 5579 2484 5616 τε
2513 5564 2606 5618 καὶ
2631 5562 2929 5631 θειότερον·
2964 5561 3120 5634 ὑμεῖς
3145 5563 3411 5617 ἀκούσατε
3435 5562 3528 5618 τοῦ
3554 5580 3660 5636 μυ-
