4116 6512
342 438 451 492 7δ5

1403 419 1468 474 ιΝ
1508 417 1803 475 CANTICA
1845 413 2119 472 CANTIC.
2153 412 2441 470 HOEILIA
2475 411 2518 467 1.

3479 400 3583 458 766

343 553 564 626 στηρίου
612 548 707 604 τοῦ
739 549 1016 619 ’ᾼσματος
1053 543 1162 596 τῶν
1202 543 1481 614 ᾀσμάτων.
1525 543 1716 613 Ὑμεῖς
1753 542 1905 604 ἐντὸς

2025 550 2105 590 ros
2148 535 2333 589 audite
2383 528 2702 602 mysterium
2745 523 2962 583 Cantici
3017 522 3385 579 canticorum.
3448 518 3586 584 Vos,

348 644 556 717 γίνεσθε
617 641 709 696 τοῦ
755 639 1029 710 ἀκηράτου
1078 635 1392 705 νυμφῶνος,
1439 633 1908 705 λευχειμονοῦντες

344 742 456 802 τοῖς
503 735 756 801 καθαροῖς
800 748 860 784 τε
908 730 1002 784 καὶ
1047 727 1366 799 ἀμολύντοις
1402 728 1652 797 νοήμασι.
1704 727 1794 796 Μή
1825 743 1909 789 τις

345 826 564 901 ἐμπαθῆ
599 825 692 877 καὶ
726 821 976 893 σαρκώδη
1004 818 1259 890 λογισμὸν
1287 818 1622 888 ἑπαγόμενος
1642 857 1657 883 ,
1706 816 1801 869 καὶ
1835 815 1908 886 μὴ

345 923 482 988 ἔχων
512 915 720 988 πρέπον
761 914 841 984 τῷ
881 913 1010 983 θείῳ
1035 913 1196 981 γάμῳ
1229 911 1288 963 τὸ
1314 911 1411 980 τῆς
1441 908 1793 978 συνειδήσεως
1825 907 1912 959 έν-

342 1013 508 1079 δυμα,
545 1006 767 1078 συνδεθῇ
814 1009 926 1068 τοῖς
971 1005 1121 1067 ἰδίοις
1163 1003 1416 1072 νοήμασι,
1456 1001 1555 1063 τὰς
1601 999 1910 1069 ἀκηράτους

341 1103 438 1158 τοῦ
474 1100 705 1172 νυμφίου
752 1116 812 1152 τε
851 1099 944 1151 καὶ
973 1098 1071 1166 τῆς
1098 1096 1312 1166 νύμφης
1338 1093 1522 1162 φωνὰς
1554 1095 1631 1156 είς
1664 1091 1908 1164 κτηνώδη

342 1196 437 1248 καί⁵
465 1193 633 1260 ἄλογα
656 1190 936 1243 καθέλκων
978 1187 1146 1257 πάθη,
1181 1187 1275 1239 καὶ
1302 1185 1369 1238 δι’
1412 1183 1590 1238 αὐτῶν
1631 1185 1751 1245 ταῖς
1788 1183 1908 1235 αίσ-

345 1290 504 1360 χραῖς
531 1285 766 1346 ὲνδυθεὶς
798 1281 1115 1352 φαντασίαις
1153 1278 1256 1343 ἔξω
1277 1278 1386 1330 τῶν
1414 1279 1471 1329 ἐν
1493 1277 1570 1346 τῷ
1597 1277 1760 1346 γάμῳ
1788 1291 1912 1342 φαι-

345 1379 686 1452 δρυνομένων
726 1374 1024 1445 ἀπορριφῇ,
1055 1372 1144 1424 τὸν
1191 1369 1429 1441 βρυγμὸν
1467 1369 1560 1449 καλ⁵
1588 1368 1648 1420 τὸ
1680 1367 1911 1434 δάκρυον

347 1442 466 1526 ἀντὶ
493 1442 590 1540 τῆς
619 1471 677 1521 ὲν
707 1442 935 1520 παστάδι
978 1442 1159 1534 χαρᾶς
1188 1442 1674 1530 ἀνταλλαξάμενος.
1726 1457 1912 1511 Ταῦτα

346 1560 782 1633 διαμαρτύρομαι
811 1557 1018 1630 μέλλων
1065 1554 1330 1610 ἅπτεσθαι
1353 1553 1451 1623 τῆς
1483 1555 1540 1607 ὲν
1565 1552 1642 1622 τῷ
1676 1552 1914 1622 ’ᾼσματι

347 1653 454 1706 τῶν
498 1652 759 1723 ᾀσμάτων
804 1650 1072 1720 μυστικῆς
1101 1648 1352 1717 θεωρίας.
1399 1647 1496 1700 Διὰ
1537 1647 1646 1718 γάρ
1681 1645 1790 1700 τῶν
1832 1649 1916 1698 ὲν-

348 1743 520 1797 ταῦθα
547 1743 967 1814 γεγραμμένων,
1010 1740 1456 1810 νυμφοστολεῖται
1499 1739 1698 1809 τρόπον
1729 1737 1849 1791 τινὰ
1881 1738 1916 1807 ἡ

347 1833 493 1903 ψυχὴ
542 1833 677 1903 πρὸς
719 1832 818 1902 τὴν
864 1829 1152 1900 ἀσώματόν
1180 1847 1238 1882 τε
1279 1830 1372 1882 καὶ
1415 1826 1789 1898 πνευματικὴν
1825 1827 1916 1879 καὶ

350 1902 512 1977 ἇῦλον
537 1902 631 1974 τοῦ
658 1920 790 1973 Θεοῦ
822 1919 1098 1989 συζυγίαν.
1138 1920 1195 1973 Ὀ
1229 1919 1336 1990 γὰρ
1382 1919 1589 1980 πάντας
1618 1917 1784 1970 θέλων
1812 1933 1917 1969 σω-
1945 1902 1988 1957 Β

352 2013 532 2082 θῆναι,
564 2012 655 2064 καὶ
677 2011 754 2074 εἰς
783 2011 1074 2078 ἐπίγνωσιν
1096 2008 1351 2073 ἀληθείας
1375 2007 1568 2074 ἐλθεῖν,
1598 2009 1688 2060 τὸν
1720 2006 1918 2060 τελειό-

351 2120 509 2156 τατον
556 2101 790 2155 ἐνταῦθα
834 2102 928 2154 καὶ
961 2102 1222 2172 μακάριον
1263 2100 1360 2170 τῆς
1409 2099 1680 2169 σωτηρίας
1710 2097 1918 2151 ὑποδεί-

353 2211 507 2247 κνυσι
539 2194 754 2263 τρόπον,
785 2193 875 2246 τὸν
907 2193 994 2246 διὰ
1035 2193 1135 2262 τῆς
1178 2191 1396 2261 ἀγάπης
1433 2191 1595 2259 λέγω.
1637 2191 1789 2244 Ἐστι
1822 2190 1919 2260 μὲν

349 2286 461 2356 γὰρ
502 2286 597 2338 καὶ
626 2284 713 2338 διὰ
739 2286 903 2354 φόϐου
947 2285 1056 2337 τισὶ
1101 2282 1353 2354 γινομένη
1399 2284 1433 2353 ἡ
1485 2283 1744 2354 σωτηρία,
1792 2283 1919 2334 ὅταν

352 2379 489 2450 πρὸς
514 2378 613 2442 τὰς
653 2379 882 2442 ἀπειλὰς
924 2378 1022 2448 τῆς
1053 2378 1112 2430 ἐν
1153 2378 1220 2446 τῇ
1266 2375 1456 2446 γεέννῃ
1497 2374 1773 2436 κολάσεως
1803 2373 1920 2444 βλέ-

351 2488 543 2534 ποντες
573 2470 666 2523 τοῦ
709 2469 876 2523 κακοῦ
925 2467 1288 2539 χωριζόμεθα.
1332 2467 1454 2519 Εἰσὶ
1483 2466 1538 2518 δέ
1569 2484 1713 2530 τινες
1737 2467 1788 2519 οἱ
1826 2465 1920 2518 καὶ

349 2564 439 2616 διὰ
482 2564 580 2634 τὴν
633 2561 1002 2632 ἀποκειμένην
1048 2564 1161 2623 τοῖς
1209 2559 1446 2622 εὐσεϐῶς
1495 2558 1779 2629 βεϐιωκόσι
1827 2557 1920 2612 τὸν

356 2656 546 2727 μισθὸν
598 2656 784 2709 ἐλπίδα
815 2655 914 2727 τὴν
941 2655 1140 2725 ἀρετὴν
1170 2651 1583 2726 κατορθοῦντες,
1606 2653 1705 2706 οὐκ
1732 2653 1922 2726 ἀγάπῃ

353 2749 416 2801 τὸ
441 2747 663 2816 ἀγαθὸν,
690 2746 826 2800 ἀλλά
857 2747 925 2817 τῇ
953 2745 1245 2816 προσδοκίᾳ
1269 2744 1370 2814 τῆς
1392 2744 1626 2814 ἀμοιϐῆς
1651 2743 1923 2797 κατακτῶ-

360 2855 529 2908 μενοι.
585 2838 644 2890 Ὀ
695 2836 880 2907 μέντοι
946 2835 1082 2906 πρὸς
1124 2834 1185 2888 τὸ
1240 2833 1441 2887 τέλειον
1485 2833 1810 2904 ἀναδραμὼν
1854 2836 1918 2905 τῇ

356 2931 522 3001 ψυχῇ,
554 2930 853 2983 ἀπωθεῖται
887 2927 985 2998 μὲν
1014 2927 1103 2979 τὸν
1137 2925 1298 2995 φόϐον
1323 2941 1336 2954 ο
1377 2922 1788 2998 ἀνδραποδώδης
1812 2925 1922 2995 γὰρ

358 3022 393 3092 ἡ
421 3021 640 3092 τοιαύτη
665 3020 923 3082 διάθεσις,
950 3018 1027 3089 τῷ
1055 3018 1128 3089 μὴ
1156 3018 1222 3072 δι’
1251 3018 1468 3088 ἀγάπης
1491 3017 1824 3087 παραμένειν
1846 3015 1923 3087 τῷ

359 3110 684 3182 κυριεύοντι,
716 3109 850 3163 ἀλλά
881 3108 958 3178 τῷ
988 3107 1093 3162 τῶν
1138 3108 1413 3178 μαστίγων
1446 3107 1594 3177 φόϐῳ
1625 3107 1698 3177 μὴ
1727 3107 1925 3177 δραπε-

357 3200 533 3254 τεύειν
552 3218 566 3230 ·
593 3200 836 3270 ὑπερορᾷ
863 3197 920 3251 δὲ
952 3198 1045 3249 καὶ
1068 3196 1245 3250 αὐτῶν
1269 3196 1376 3250 τῶν
1408 3195 1632 3266 μισθῶν,
1660 3197 1734 3258 ὡς
1754 3195 1820 3248 ἂν
1849 3194 1923 3267 μὴ

358 3293 540 3362 δοκοίη
567 3292 656 3345 τὸν
684 3290 872 3359 μισθὸν
905 3288 1173 3342 ποιεῖσθαι
1202 3289 1588 3360 προτιμότερον
1613 3286 1705 3340 τοῦ
1728 3287 1927 3360 δωρου-

365 3383 526 3453 μένου
569 3382 630 3435 τὺ
673 3381 858 3452 κέρδος
886 3395 899 3409 ·
951 3382 1140 3451 ἀγαπᾷ
1165 3380 1221 3433 δὲ
1250 3380 1307 3446 ἐξ
1335 3379 1462 3450 ὅλης
1487 3380 1711 3450 καρδίας
1740 3397 1800 3432 τε
1830 3379 1925 3432 καὶ

359 3473 536 3543 ψυχῆς
577 3471 671 3526 καὶ
703 3471 1000 3540 δυνάμεως,
1047 3470 1146 3524 οὐκ
1193 3468 1323 3525 ἄλλο
1361 3486 1414 3522 τι
1458 3468 1567 3522 τῶν
1599 3469 1726 3538 παρ’
1759 3465 1924 3520 αὑτοῦ

361 3564 679 3635 γινομένων,
704 3564 817 3617 ἀλλ’
843 3562 1002 3616 αὐτὸν
1032 3563 1234 3615 ἐκεῖνον
1269 3563 1328 3624 ὃς
1365 3563 1480 3614 ἐστι
1507 3560 1612 3614 τῶν
1644 3559 1863 3628 ἀγαθῶν
1892 3561 1924 3630 ἠ

361 3657 535 3728 πηγή,
567 3654 782 3725 Ταύτην
810 3653 984 3706 τοίνυν
1010 3655 1038 3705 6
1064 3652 1242 3709 καλῶν
1268 3653 1421 3722 ἡμᾶς
1450 3651 1584 3723 πρὸς
1616 3651 1712 3721 τὴν
1734 3650 1926 3704 ἑαυτοῦ

367 3748 681 3820 μετουσίαν,
712 3746 993 3816 νομοθετεί
1015 3747 1137 3807 ταῖς
1160 3745 1267 3797 τῶν
1292 3745 1592 3797 ἀκουόντων
1615 3743 1813 3814 ψυχαῖς
1830 3743 1928 3814 τὴν

361 3840 618 3893 διάθεσιν.
661 3839 718 3890 '0
747 3839 802 3891 δὲ
830 3835 1061 3907 βεϐαιῶν
1092 3835 1189 3906 τὴν
1217 3835 1532 3905 νομοθεσίαν
1563 3835 1785 3906 ταύτην,
1811 3836 1928 3888 ἐστὶ

367 3931 645 4001 Σολομῶν·
683 3922 742 3982 οῦ
772 3933 804 4000 ἡ
843 3928 1005 3997 σοφία
1029 3927 1170 3980 κατά
1197 3928 1294 3997 τὴν
1325 3927 1472 3982 θείαν
1503 3929 1801 3998 μαρτυρίαν
1834 3928 1929 3998 μέ-

364 4040 490 4092 τρον
517 4026 615 4075 οὐκ
644 4021 775 4092 ἔχει,
808 4022 972 4073 πᾶσιν
1006 4020 1200 4090 ἐπίσης
1228 4021 1338 4082 τοῖς
1364 4036 1422 4072 τε
1454 4019 1804 4090 προγεγονόσι
1839 4018 1930 4071 καὶ

363 4117 476 4177 τοῖς
506 4113 782 4183 ἐσομένοις
814 4113 1140 4182 ἀσύγκριτος
1184 4107 1316 4164 οὖσα
1355 4111 1447 4164 καὶ
1475 4109 1838 4181 ἀπαράθετος,
1873 4111 1932 4164 ὂν

365 4204 520 4258 ἔλαθε
566 4204 672 4258 τῶν
715 4205 881 4257 όντων
925 4205 1094 4258 οὐδέν.
1140 4199 1287 4273 τΑρά
1317 4220 1383 4272 με
1413 4203 1598 4255 τοῦτον
1629 4202 1728 4254 οἴει
1757 4202 1931 4270 λέγειν

364 4297 454 4350 τὸν
494 4300 558 4350 ὲκ
602 4297 701 4366 τῆς
732 4295 1011 4367 Βηρσαϐεέ
1043 4295 1381 4366 Σολομῶντα,
1412 4294 1503 4346 τὸν
1533 4294 1624 4345 ἐπὶ
1649 4293 1741 4345 τοῦ
1774 4293 1933 4364 ὅρους

365 4390 722 4458 ἀνενεγκόντα
744 4389 840 4458 τὴν
867 4389 1168 4458 χιλιόμϐην,
1192 4387 1278 4440 τὸν
1305 4390 1369 4458 τῇ
1399 4387 1624 4456 Σιδωνίᾳ
1648 4385 1933 4455 συμϐούλῳ

366 4484 503 4554 πρὸς
537 4483 634 4552 τὴν
661 4483 934 4553 ἁμαρτίαν
964 4482 1336 4552 χρησάμενον;
1372 4479 1563 4542 Ἀλλος
1591 4479 1837 4549 Σολομῶν
1866 4478 1929 4531 δι’

2010 629 2255 698 inquam,
2286 620 2636 694 ingredimini
2673 621 2819 672 intra
2846 618 3030 674 cubile
3081 615 3296 687 sponsi,
3329 615 3385 667 in
3433 611 3584 682 quod

2007 736 2116 774 non
2135 719 2283 773 cadit
2309 716 2582 778 interitus,
2615 721 2669 767 et
2716 709 3010 765 induimini
3040 708 3260 762 mundis
3297 717 3351 761 et
3386 705 3586 774 impol-

2008 811 2140 866 lutis
2168 808 2616 880 cogitationibus.
2665 803 2722 858 Si
2759 803 2886 873 quis
2929 813 3109 856 autem
3175 795 3584 870 perturbationi

2010 905 2174 958 animi
2222 901 2514 957 obnoxiam
2565 909 2618 952 et
2667 895 2944 950 carnalem
3003 893 3238 948 induens
3293 890 3584 959 cogitatio-

2011 1012 2154 1060 nem,
2186 1000 2240 1049 et
2275 1009 2387 1048 non
2435 991 2644 1045 habens
2694 987 3070 1043 indumentum
3103 983 3453 1039 conscientiae
3496 981 3583 1034 di-

2009 1087 2152 1140 vinis
2177 1083 2508 1140 convenicns
2533 1079 2762 1149 nuptiis,
2794 1076 3033 1148 propriis
3086 1075 3338 1144 alligetur
3365 1074 3577 1143 cogita-

2010 1176 2275 1239 tionibus,
2298 1175 2367 1228 ab
2395 1173 2616 1226 interitu
2646 1171 2853 1224 alienas
2883 1167 3072 1236 sponsi
3099 1175 3151 1220 et
3173 1179 3389 1234 sponsa:
3421 1177 3586 1216 voces

2016 1269 2302 1325 attrahens
2337 1265 2404 1321 ad
2459 1263 2729 1319 belluinas
2755 1270 2809 1315 et
2864 1259 3097 1313 rationis
3137 1264 3386 1326 expertes
3417 1255 3587 1308 animi

2014 1363 2353 1422 atl‘ectiones,
2392 1366 2445 1413 et
2462 1372 2558 1427 per
2586 1371 2680 1410 eas
2714 1351 2967 1408 obscenis
3000 1351 3226 1404 indutus
3259 1348 3586 1415 phantasiis,

2013 1455 2264 1524 ejiciatur
2279 1463 2431 1506 extra
2455 1465 2550 1504 eos
2571 1448 2665 1519 qui
2687 1446 2744 1500 in
2773 1445 2984 1514 nuptiis
3008 1444 3117 1497 laeti
3137 1449 3264 1497 sunt
3279 1448 3332 1494 et
3349 1441 3584 1500 alacres,

2014 1562 2117 1617 pro
2142 1544 2365 1600 thalami
2387 1541 2571 1596 laetitia
2593 1539 2872 1608 accipiens
2884 1535 3174 1592 stridorem
3189 1535 3433 1589 dentium
3447 1541 3502 1588 et
3517 1533 3593 1586 la-

2016 1651 2248 1708 crymas.
2272 1633 2395 1688 Haec
2427 1631 2692 1687 testificor
2716 1639 3052 1684 tractaturus
3067 1626 3590 1695 contemplationem

2016 1729 2302 1800 mysticam
2330 1723 2540 1779 Cantici
2569 1723 2931 1777 canticorum.
2963 1718 3098 1773 Nam
3141 1731 3236 1786 per
3262 1731 3326 1771 ea
3355 1730 3477 1785 quae
3504 1714 3593 1769 hic

2019 1821 2222 1890 scripta
2251 1825 2401 1878 sunt,
2451 1825 2680 1870 ornatur
2697 1810 3102 1884 quodammodo
3127 1810 3309 1863 anima
3329 1816 3594 1876 tanquam

2017 1928 2238 1984 sponsa,
2269 1911 2335 1965 ad
2371 1911 2745 1977 incorpoream
2777 1913 2832 1958 et
2864 1902 3204 1974 spiritualem
3242 1899 3597 1968 materiaeque

2017 2013 2291 2074 expertem
2323 2002 2419 2055 Dei
2456 1999 2921 2069 conjunctionem.
2951 1993 3087 2047 Nam
3117 1992 3211 2062 qui
3236 1993 3352 2045 vult
3403 2004 3597 2045 omnes

2017 2110 2140 2153 esse
2163 2096 2364 2155 salvos,
2396 2101 2450 2147 et
2479 2094 2666 2146 venire
2695 2089 2762 2144 ad
2791 2088 3124 2158 agnitionem
3158 2083 3476 2146 veritatis",
3505 2095 3597 2136 os-

2020 2189 2190 2245 tendit
2225 2187 2312 2240 hic
2343 2185 2799 2256 perfectissimum
2834 2190 2890 2235 et
2938 2180 3157 2233 beatum
3200 2175 3418 2229 modum
3449 2173 3599 2227 salu-

2019 2282 2111 2344 tis,
2140 2295 2262 2333 eum
2287 2277 2410 2332 dico
2434 2276 2525 2345 qui
2563 2275 2620 2328 fit
2657 2289 2751 2344 per
2779 2271 3127 2326 cbaritatem.
3155 2266 3290 2320 Nam
3317 2262 3599 2320 nonnullis

2021 2371 2080 2425 ﬁt
2108 2371 2270 2425 etiam
2313 2369 2460 2422 salus
2495 2381 2592 2436 per
2631 2365 2906 2427 timorem,
2947 2361 3167 2431 quando
3213 2359 3490 2412 intuentes
3531 2353 3601 2408 ad

2020 2460 2196 2514 minas
2227 2457 2482 2528 supplicii
2525 2456 2808 2526 gehennaz,
2839 2465 3159 2522 separamur
3193 2463 3223 2502 a
3259 2448 3422 2501 malo.
3458 2443 3603 2500 Sunt

2020 2554 2180 2607 etiam
2208 2551 2394 2620 aliqui,
2430 2549 2524 2619 qui
2558 2554 2778 2617 propter
2809 2560 2960 2614 spem
3005 2541 3273 2597 mercedis
3303 2538 3602 2610 repositam

2021 2643 2090 2699 iis
2122 2642 2213 2713 qui
2241 2642 2329 2712 pie
2354 2639 2612 2701 vixerint,
2647 2653 2706 2692 se
2735 2644 2886 2692 recte
2919 2641 2972 2690 et
3002 2649 3069 2689 ex
3111 2632 3317 2699 virtute
3375 2636 3602 2700 gerunt,

2021 2751 2132 2790 non
2153 2732 2420 2788 charitate
2448 2731 2650 2786 bonum
2685 2726 3051 2798 possidentes,
3089 2723 3183 2779 sed
3205 2718 3606 2792 exspectatione

2023 2824 2502 2881 remunerationis.
2547 2820 2653 2875 Sed
2697 2819 2792 2890 qui
2845 2817 3032 2871 animo
3082 2815 3256 2869 currit
3315 2811 3382 2866 ad
3421 2809 3604 2881 perfe-

2023 2922 2280 2983 ctionem,
2302 2916 2521 2990 expellit
2537 2914 2758 2984 quidem
2806 2911 3060 2964 timorem
3079 2906 3186 2978 (est
3206 2906 3352 2961 enim
3371 2904 3608 2974 ejusmo-

2023 3012 2080 3065 di
2133 3009 2353 3066 servilis
2401 3007 2633 3069 aﬂectio,
2688 3011 2978 3074 propterea
3028 2999 3174 3070 quod
3227 3014 3334 3050 non
3383 3003 3608 3066 propter

2024 3103 2345 3157 charitatem
2376 3108 2690 3170 permaneat
2737 3095 2879 3166 apud
2907 3094 3218 3157 dominum,
3252 3099 3479 3160 propter
3510 3088 3608 3142 ﬂa-

2027 3209 2249 3266 grorum
2278 3199 2461 3247 autem
2490 3197 2694 3244 metum
2723 3203 2832 3242 non
2872 3186 3175 3257 aufugiat);
3222 3182 3454 3253 despicit
3510 3195 3609 3234 au-

2029 3296 2136 3342 tem
2169 3290 2315 3356 ipsas
2343 3298 2563 3355 quoque
2593 3279 2899 3344 mercedes,
2928 3295 3000 3335 ne
3031 3279 3280 3333 videatur
3299 3274 3605 3329 mercedem

2027 3379 2199 3449 pluris
2234 3377 2413 3432 facere
2441 3390 2606 3446 quam
2635 3389 2759 3428 eum
2794 3373 2886 3442 qui
2929 3371 3098 3427 donat
3128 3372 3362 3424 lucrum.
3421 3366 3608 3436 Diligit

2029 3486 2208 3528 autem
2244 3487 2308 3525 ex
2345 3477 2460 3524 toto
2488 3467 2652 3523 corde
2680 3474 2734 3522 et
2760 3466 2940 3519 anima
2967 3473 3021 3520 et
3047 3469 3337 3534 potestate,
3369 3475 3478 3515 non
3509 3459 3610 3512 ali-

2029 3564 2159 3634 quid
2187 3561 2332 3616 aliud
2353 3576 2420 3616 ex
2451 3559 2519 3615 iis
2545 3573 2667 3630 quae
2688 3557 2758 3613 ab
2788 3557 2908 3628 ipso
2944 3557 3100 3618 tiunt,
3135 3554 3229 3610 sed
3262 3568 3386 3609 eum
3427 3552 3609 3621 ipsum

2028 3656 2120 3726 qui
2148 3665 2230 3710 est
2260 3653 2382 3708 fons
2409 3653 2701 3706 bonorum.
2734 3647 2837 3714 Qui
2872 3648 3054 3717 itaque
3085 3661 3184 3701 nos
3206 3651 3366 3700 vocat
3403 3643 3470 3696 ad
3523 3639 3609 3696 sui

2030 3745 2522 3817 participationem,
2559 3742 2605 3796 is
2635 3741 2777 3795 hanc
2808 3741 2863 3794 in
2917 3737 3226 3792 auditorum
3259 3735 3457 3789 animis
3496 3741 3613 3788 sta-

2029 3835 2512 3892 tuitaﬂectionem.
2547 3831 2651 3898 Qui
2705 3840 2888 3885 autem
2920 3830 3058 3883 hanc
3105 3828 3275 3897 legem
3306 3824 3504 3888 sancit,
3563 3822 3613 3877 is

2029 3941 2113 3986 est
2150 3927 2430 3989 Solomon,
2460 3924 2618 3994 cujus
2652 3921 2938 3991 sapientia,
2971 3931 3031 3973 ut
3063 3918 3307 3973 divinum
3339 3925 3425 3970 est
3456 3912 3614 3968 testi-

2031 4025 2297 4085 monium,
2332 4035 2442 4075 non
2473 4018 2638 4073 habet
2685 4028 3020 4076 mensuram,
3051 4018 3110 4064 ut
3167 4023 3287 4080 qua:
3334 4022 3402 4061 ex
3455 4019 3614 4074 aequo

2032 4113 2268 4169 conferri
2294 4127 2400 4165 non
2436 4109 2607 4180 possit
2634 4122 2758 4161 cum
2787 4105 3043 4159 omnibus
3084 4103 3174 4170 qui
3208 4109 3366 4154 antea
3391 4096 3616 4151 fuerunt

2033 4216 2086 4263 et
2108 4207 2199 4277 qui
2223 4204 2390 4260 futuri
2418 4209 2583 4257 sunt:
2619 4213 2778 4269 quem
2803 4211 2991 4252 eorum
3040 4210 3161 4263 qua:
3211 4199 3338 4246 sunt
3387 4189 3616 4242 omnino

2034 4299 2170 4352 nihil
2205 4299 2354 4351 latet.
2386 4293 2526 4349 Num
2561 4309 2647 4347 me
2679 4297 2841 4362 putas
2890 4289 3074 4342 dicere
3125 4286 3471 4339 Solomonem
3520 4280 3614 4350 qui

2035 4401 2199 4447 natus
2227 4397 2310 4445 est
2334 4405 2397 4442 ex
2430 4385 2722 4449 Bersabee,
2775 4383 2866 4454 qui
2902 4382 2956 4435 in
2989 4387 3174 4434 monte
3221 4376 3419 4431 obtulit
3468 4373 3618 4428 mille

2037 4487 2226 4547 boves,
2286 4482 2378 4552 qui
2436 4478 2672 4533 Sidoniae
2707 4474 2953 4530 mulieris
2997 4470 3229 4526 consilio
3259 4483 3392 4522 usus
3429 4475 3515 4521 est
3547 4463 3618 4519 ad

368 4575 533 4628 αὑτοῦ
588 4577 928 4647 σημαίνεται,
969 4578 997 4628 6
1039 4579 1134 4628 καὶ
1179 4575 1338 4637 αὐτὸς
1387 4577 1451 4627 ἐκ
1494 4574 1587 4627 τοῦ
1622 4574 1925 4646 σπέρματος

2038 4573 2354 4648 peccatum?
2377 4571 2480 4626 Sed
2505 4585 2601 4640 per
2618 4570 2761 4622 hunc
2789 4558 2930 4621 alius
2961 4565 3302 4635 signiﬁcatur
3335 4558 3616 4621 Solomon,

368 4671 532 4723 Δαϐὶδ
558 4670 618 4724 τὸ
651 4672 789 4723 κατά
836 4671 1011 4742 σάρκα
1043 4669 1351 4739 γενόμενος,
1385 4662 1428 4737 ᾧ
1461 4668 1629 4738 ὄνομα
1662 4670 1873 4740 εἰρήνη,
1909 4670 1937 4721 6

368 4764 620 4834 ἀληθινὸς
652 4765 746 4816 τοῦ
792 4763 1003 4834 Ἰσραὴλ
1034 4763 1303 4834 βασιλεὺς,
1339 4765 1368 4816 6
1395 4763 1672 4832 οἰκοδόμος
1691 4762 1784 4814 τοῦ
1808 4761 1936 4816 ναοῦ

367 4854 462 4908 τοῦ
486 4855 654 4908 Θεοῦ·
707 4857 735 4908 6
763 4855 979 4908 πάντων
1008 4854 1444 4925 ὲμπεριειληφὼς
1483 4855 1583 4924 τὴν
1625 4853 1842 4922 γνῶσιν,
1876 4847 1937 4906 οῦ

369 4945 617 5016 ἀόριστος
643 4945 676 5015 ἡ
713 4944 901 5012 σοφία,
937 4944 1134 5014 μᾶλλον
1168 4945 1223 4996 δὲ
1252 4945 1314 4996 τὸ
1344 4941 1480 4997 εἶναι
1517 4944 1676 5012 σοφία
1707 4945 1822 4997 ἐστὶ
1844 4942 1939 4995 καὶ

369 5037 612 5107 ἀλήθεια,
649 5038 741 5090 καὶ
768 5039 874 5091 πᾶν
906 5036 1206 5107 θεοπρεπὲς
1241 5053 1299 5088 τε
1331 5037 1425 5089 καὶ
1458 5036 1658 5106 ὑψηλὸν
1685 5034 1856 5104 ὄνομά
1879 5050 1940 5085 τε

369 5129 463 5181 καὶ
517 5129 714 5198 νόημα.
796 5122 961 5191 Οὗτος
1019 5129 1232 5198 ὀργάνῳ
1283 5128 1361 5198 τῷ
1414 5127 1715 5198 Σολομῶντι
1769 5125 1941 5194 τούτῳ

370 5219 733 5289 χρησάμενος,
777 5219 843 5272 δι’
877 5221 1081 5272 ἐκείνου
1129 5222 1259 5290 ἡμῖν
1301 5220 1628 5287 διαλέγεται,
1680 5219 1943 5288 πρότερον

373 5312 473 5382 μὲν
517 5313 575 5365 ὲν
608 5312 955 5383 Παροιμίαις,
1007 5307 1122 5365 εἷτα
1156 5315 1212 5364 ἐν
1241 5312 1318 5383 τῷ
1360 5312 1752 5382 Ἐκκλησιαστῇ
1781 5326 1795 5345 ο
1850 5311 1944 5364 κει)⁸

375 5405 513 5474 μετά
561 5403 733 5456 ταῦτα
779 5405 834 5456 ἐν
868 5406 934 5473 τῇ
978 5405 1308 5475 προκειμένη
1362 5405 1455 5456 τοῦ
1513 5403 1788 5474 ’ᾼσματος
1835 5403 1943 5455 τῶν

372 5499 630 5568 ᾀσμάτων
666 5497 974 5568 φιλοσοφία,
1017 5498 1120 5566 ὁδῷ
1145 5499 1237 5550 καὶ
1267 5497 1415 5564 τάξει
1447 5498 1544 5570 τὴν
1593 5498 1728 5570 πρὸς
1763 5496 1824 5550 τὸ
1853 5495 1942 5549 τέ-

373 5589 514 5643 λειον
545 5589 728 5644 ἄνοδον
756 5590 1125 5644 ὑποδεικνύων
1148 5590 1226 5660 τῷ
1257 5591 1416 5662 λόγῳ.

467 5859 512 5892 δ’
536 5860 557 5913 ι
578 5859 718 5915 Tim.
761 5875 822 5927 ιι,
866 5858 920 5913 4.

2037 4670 2132 4738 qui
2165 4668 2280 4735 ipse
2307 4677 2525 4735 quoque
2553 4667 2715 4714 natus
2748 4666 2832 4712 est
2869 4672 2935 4711 ex
2964 4654 3170 4709 semine
3203 4649 3368 4705 David
3418 4661 3620 4702 secun-

2038 4760 2167 4814 dum
2195 4771 2438 4818 carnem,
2464 4753 2552 4807 cui
2579 4765 2780 4805 nomen
2813 4757 2896 4803 est
2928 4761 3055 4816 pax,
3093 4743 3184 4812 qui
3220 4748 3304 4796 est
3335 4752 3495 4794 verus
3524 4749 3619 4789 rex

2041 4852 2225 4914 Israel,
2259 4850 2466 4919 quiest
2514 4843 2810 4898 aedificator
2868 4837 3056 4907 templi
3109 4833 3226 4897 Dei,
3283 4831 3375 4902 qui
3436 4844 3619 4885 rerum

2039 4943 2284 5001 omnium
2332 4934 2747 5007 comprehendit
2779 4931 3168 5001 cognitionem,
3199 4926 3357 4996 cujus
3382 4934 3466 4980 est
3495 4923 3620 4975 inti~

2037 5037 2150 5090 nita
2179 5029 2464 5101 sapientia,
2487 5028 2596 5079 imo
2622 5039 2752 5078 vero
2785 5023 2945 5090 cujus
2976 5019 3214 5076 essentia
3266 5024 3349 5071 est
3403 5015 3620 5082 sapien-

2039 5127 2114 5180 tia
2165 5131 2218 5179 et
2263 5121 2488 5184 veritas,
2546 5129 2601 5171 et
2633 5113 2914 5184 quodlibet
2941 5111 3048 5164 Deo
3081 5109 3410 5163 conveniens
3439 5106 3621 5158 excelo

2040 5231 2268 5284 sumque
2291 5227 2487 5267 nomen
2516 5217 2570 5263 et
2593 5201 2970 5275 intelligentia.
2999 5203 3048 5257 ls
3079 5217 3214 5257 usus
3245 5201 3348 5252 hoc
3379 5197 3622 5250 Solomo-

2042 5326 2109 5365 ne
2145 5318 2404 5377 tanquam
2438 5302 2826 5360 instrumento,
2856 5313 2948 5365 per
2978 5295 3130 5349 illum
3166 5292 3323 5346 nobis
3357 5287 3617 5357 loquitur,

2041 5401 2278 5470 primum
2305 5394 2522 5466 quidem
2558 5392 2612 5445 in
2649 5388 2983 5450 Proverbiis,
3013 5385 3211 5440 deinde
3266 5385 3319 5436 in
3350 5379 3621 5434 Ecclesia-

2043 5503 2145 5555 ste,
2179 5497 2232 5545 et
2262 5496 2448 5556 postea
2488 5485 2542 5538 in
2579 5482 2858 5552 proposita
2893 5476 3234 5549 pliilOSOpliia
3254 5472 3467 5529 Cantici
3492 5486 3622 5524 can-

2051 5588 2304 5645 ticorum,
2337 5582 2424 5635 via
2455 5589 2510 5634 et
2538 5577 2730 5632 ordine
2757 5574 2956 5628 rationi
2985 5568 3282 5626 ostendens
3329 5576 3621 5620 ascensum

2052 5680 2141 5752 qui
2187 5677 2356 5733 tendit
2382 5672 2447 5728 ad
2482 5667 2893 5743 perfectionem.
