4116 6556
477 385 582 437 767
1741 385 1798 442 S.
1837 384 2164 442 GBEGORII
2200 383 2494 442 NYSSENI
3621 375 3722 432 763

548 499 834 568 Quomodo
861 501 1007 556 enim
1039 501 1093 557 in
1148 502 1260 558 vita
1290 518 1413 573 qua:
1459 512 1543 558 est
1589 503 1886 557 secundum
1935 518 2059 556 caro

2229 501 2492 572 Καθάπερ
2530 499 2635 570 γὰρ
2663 497 2755 552 ἐπὶ
2779 495 2879 565 τῆς
2906 491 3050 547 κατά
3079 491 3258 562 σάρκα
3288 491 3452 563 ζωῆς,
3479 492 3539 544 ού
3577 495 3722 548 πᾶσα

481 607 626 657 nem,
661 608 772 651 non
799 592 978 648 omnis
1004 602 1138 649 tetas
1168 609 1360 650 omnes
1383 594 1666 649 naturales
1681 593 2060 662 complectitur

481 684 850 748 operationes,
877 699 1056 754 neque
1087 701 1183 754 per
1214 685 1414 742 similia
1453 686 1611 742 nobis
1664 683 1910 754 procedit
1953 684 2063 739 vita

484 773 539 827 in
566 773 698 843 ipsis
721 783 939 828 aetatum
971 775 1331 834 differentiis:
1363 790 1484 831 nam
1521 792 1621 832 nec
1655 776 1834 831 infans
1859 775 2065 830 adulto-

485 879 604 918 rum
637 873 691 920 et
730 864 1093 934 perfectorum
1137 869 1450 940 aggreditur
1483 884 1676 937 opera;
1711 883 1812 924 nec
1845 869 2064 924 adultus

487 971 550 1009 ac
578 955 852 1025 perfectus
886 967 1132 1029 gestatur
1157 960 1211 1014 in
1249 959 1395 1015 ulnis
1429 960 1694 1026 nutricis;
1717 960 1810 1016 sed
1841 961 1895 1015 in
1928 977 2067 1016 uno-

486 1060 701 1115 quoque
732 1054 978 1115 tempore
1005 1049 1183 1104 aetatis
1203 1057 1287 1104 est
1321 1049 1526 1119 aliquid
1557 1048 1704 1103 aliud
1758 1063 2066 1118 congruens

489 1152 553 1191 ac
582 1139 955 1194 conveniens:
981 1137 1052 1195 ita
1083 1141 1249 1196 etiam
1284 1142 1414 1196 licet
1439 1141 1626 1196 videre
1657 1141 1711 1195 in
1735 1141 1916 1194 anima
1939 1155 2068 1210 pro-

490 1227 796 1296 portionem
827 1229 1121 1301 quamdam
1158 1246 1221 1285 ac
1253 1232 1691 1287 cnnvcnientiam
1719 1247 1844 1286 cum
1875 1246 2070 1302 corpo-

491 1315 568 1370 ris
592 1317 868 1381 mtatibus,
899 1333 996 1391 per
1016 1334 1155 1390 quas
1179 1320 1457 1375 invenitur
1480 1322 1616 1377 ordo
1645 1329 1700 1377 et
1728 1337 2072 1393 consequen-

494 1407 591 1471 tia.
624 1409 902 1464 deducens
932 1410 1209 1465 hominem
1237 1411 1306 1466 ad
1337 1413 1501 1466 vitam
1539 1413 1839 1482 degendam
1863 1429 1929 1468 ex
1961 1415 2073 1467 vir-

495 1506 630 1553 tute.
657 1499 829 1565 Quam
855 1501 926 1555 ob
946 1515 1169 1556 causam
1201 1501 1358 1558 aliter
1378 1502 1634 1557 erudiunt
1659 1503 1985 1558 Proverbia:
2018 1511 2075 1558 et

495 1590 654 1644 aliter
683 1591 903 1645 disserit
957 1589 1353 1648 Ecclesiastes:
1389 1601 1444 1648 et
1493 1609 1615 1664 qua:
1653 1609 1750 1664 per
1788 1593 2073 1649 Canticum

494 1682 836 1736 canticorum
874 1683 1108 1754 traditur
1141 1684 1504 1754 philosophia,
1543 1693 1828 1756 utramque
1855 1694 2076 1757 superat

493 1773 804 1845 dogmatum
831 1776 1187 1832 sublimitate.
1213 1775 1346 1832 Nam
1379 1795 1498 1847 quae
1527 1794 1623 1848 per
1657 1777 1951 1833 Proverbia
1977 1777 2074 1832 da-

2159 592 2342 664 ἡλικία
2364 593 2542 654 πάσας
2571 590 2739 661 χωρεῖ
2765 586 2865 650 τὰς
2897 582 3130 654 φυσικὰς
3159 583 3456 654 ὲνεργείας,
3485 578 3606 638 οὐδὲ
3635 585 3724 640 διά

2157 686 2268 739 τῶν
2297 684 2496 755 ὁμοίων
2528 682 2662 753 ἡμῖν
2693 681 2750 734 έν
2786 679 2974 741 αὑταῖς
3004 674 3228 743 ἡλικιῶν
3253 675 3534 745 διαφοραῖς
3553 679 3583 731 ὀ
3613 677 3723 748 βίος

2163 776 2488 847 προέρχεται
2513 771 2656 843 (οὕτε
2684 770 2792 842 γάρ
2816 769 2876 822 τὸ
2897 769 3088 839 νήπιον
3114 766 3186 820 τὰ
3209 765 3318 820 τῶν
3341 764 3562 819 τελείων
3587 769 3726 840 ἔργα

2168 861 2661 940 μετέρχεται,ηούτε
2694 863 2723 914 ὁ
2758 859 2962 921 τέλειος
2993 859 3051 910 έν
3077 859 3197 919 ταῖς
3225 853 3491 922 ἀγκάλαις
3525 853 3624 924 τῆς
3647 872 3727 908 τι,-

2165 960 2333 1030 θήνης
2376 953 2874 1028 ἀναλαμὸάνεται),
2924 950 3036 1004 ἀλλ’
3077 951 3135 1002 ὲν
3177 949 3390 1018 ἑκάστῳ
3421 945 3600 1017 καιρῷ
3631 946 3730 1016 τῆς

2165 1050 2375 1122 ἡλικίας
2418 1047 2546 1103 ἀλλο
2607 1064 2661 1100 τι
2711 1043 3021 1117 πρόσφορόν
3068 1043 3184 1094 ἐστι
3235 1040 3331 1095 καὶ
3376 1038 3741 1110 κατάλληλον-

2166 1139 2338 1204 οὓτως
2400 1138 2546 1191 ἐστιν
2599 1136 2724 1190 ίδεῖν
2766 1134 2861 1188 καὶ
2906 1135 2962 1185 έν
3008 1133 3075 1202 τῇ
3115 1129 3259 1200 ψυχῇ
3301 1128 3588 1197 ἀναλογίαν
3613 1127 3734 1180 τινὰ

2168 1233 2303 1304 πρὸς
2326 1231 2427 1294 τάς
2447 1227 2760 1299 σωματικὰς
2786 1223 3022 1296 ἡλικίας,
3046 1224 3113 1275 δι’
3143 1217 3218 1274 ὧν
3250 1218 3563 1291 εὑρίσκεται
3581 1216 3735 1283 τάξις

2168 1342 2253 1389 τις
2281 1324 2375 1378 καὶ
2416 1321 2726 1383 ἀκολουθία,
2754 1317 2890 1386 πρὸς
2921 1315 3012 1370 τὸν
3035 1315 3155 1369 κατ’
3180 1313 3380 1384 ἀρετὴν
3412 1311 3522 1382 βίον
3547 1327 3734 1382 χειρα-

2168 1413 2423 1485 γωγοῦσα
2455 1413 2545 1467 τὸν
2578 1409 2880 1483 ἄνθρωπον.
2925 1399 3001 1462 Οὔ
3033 1406 3212 1478 χάριν,
3245 1403 3420 1467 ἄλλως
3459 1405 3493 1473 ή
3537 1403 3738 1470 Παροι-

2172 1510 2272 1581 μία
2301 1507 2565 1569 παιδεύει,
2592 1505 2685 1559 καὶ
2709 1502 2885 1566 ἄλλως
2902 1501 2932 1555 ὁ
2967 1495 3393 1569 Ἑκκλησιαστὴς
3413 1493 3734 1563 διαλέγεται·

2172 1600 2268 1654 καὶ
2301 1601 2336 1673 ἡ
2381 1597 2472 1654 διὰ
2512 1595 2606 1650 τοῦ
2645 1595 2920 1667 ’ᾼσματος
2969 1589 3077 1645 τῶν
3123 1587 3383 1661 ᾀσμάτων
3431 1585 3736 1656 φιλοσοφία,

2174 1689 2262 1743 διά
2310 1690 2416 1743 τῶν
2461 1686 2807 1759 ὑψηλοτέρων
2861 1682 3146 1754 δογμάτων
3204 1677 3528 1750 ἀμφοτέρων
3573 1677 3737 1747 ὑπέρ·

2174 1795 2372 1832 κειται.
2391 1778 2455 1830 Ἦ
2480 1777 2588 1846 γὰρ
2618 1775 2707 1828 διὰ
2753 1773 2858 1827 τῶν
2891 1770 3206 1841 Παροιμιῶν
3247 1766 3572 1833 διδασκαλία,
3602 1765 3738 1837 πρὸς

497 1873 587 1919 tur
610 1865 880 1930 doctrina,
924 1866 992 1920 ad
1023 1883 1150 1922 eum
1186 1869 1276 1937 qui
1315 1876 1398 1922 est
1449 1869 1625 1924 adhuc
1689 1869 1870 1924 infans
1907 1871 2073 1924 verba

2180 1873 2262 1925 τὸν
2289 1870 2366 1923 ἔτι
2393 1869 2723 1939 νηπιάζοντα
2749 1867 2892 1920 ποιεῖ
2913 1866 3036 1928 τοὺς
3059 1863 3272 1930 λόγους,
3305 1859 3648 1930 καταλλήλως
3670 1860 3739 1928 τῇ

497 1955 650 2016 facit,
689 1956 1076 2010 convenienter
1105 1957 1246 2011 aetati
1297 1958 1562 2027 adaptatis
1625 1957 2071 2014 admonitionem.

497 2041 658 2107 Audi,
678 2045 851 2116 inquit
871 2046 940 2110 ⁸⁸,
969 2047 1072 2115 ﬁli,
1093 2046 1228 2117 leges
1253 2050 1420 2116 patris
1457 2051 1556 2110 tui.
1585 2059 1635 2104 et
1662 2066 1725 2103 ne
1746 2050 1968 2117 repellas
2001 2050 2078 2102 in-

495 2133 681 2188 stituta
709 2137 894 2189 matris
927 2148 1050 2190 tuw.
1083 2136 1242 2191 Vides
1270 2153 1336 2192 ex
1366 2139 1432 2194 iis
1457 2154 1579 2207 quae
1611 2137 1889 2203 dicuntur,
1912 2152 2075 2209 quam

497 2225 569 2277 sit
598 2225 777 2282 adhuc
808 2237 993 2284 tenera
1037 2237 1170 2284 aetas
1198 2231 1412 2296 animae,
1457 2230 1918 2301 quemadmodum
1967 2245 2078 2283 non

495 2319 670 2388 possit
717 2336 777 2377 se
825 2337 1071 2392 pascere,
1124 2330 1179 2376 et
1216 2322 1391 2377 adhuc
1425 2339 1563 2393 epus
1595 2324 1790 2378 habeat
1819 2323 2079 2378 maternis

497 2413 787 2476 institutis,
842 2423 896 2469 et
950 2422 1176 2484 paterna
1229 2415 1619 2471 admonitione.
1673 2415 1740 2469 Et
1791 2426 1848 2471 ut
1898 2415 2078 2471 infans

497 2518 749 2577 prompto
779 2516 832 2561 et
861 2508 1029 2561 alacri
1064 2509 1249 2562 animo
1277 2509 1520 2564 attendat
1550 2509 1886 2578 parentibus,
1922 2509 2081 2580 polli-

497 2608 652 2654 cetur
683 2615 750 2654 ex
776 2598 1081 2668 disciplinis
1105 2599 1153 2653 ei
1189 2609 1508 2654 ornamenta
1543 2601 1659 2655 fore
1688 2602 1935 2670 puerilia.
1987 2601 2082 2656 Est

499 2689 646 2744 enim
679 2699 1061 2746 ornamentum
1096 2690 1323 2761 puerile,
1354 2692 1567 2762 torquis
1603 2706 1806 2747 aureus
1857 2693 1912 2745 in
1941 2692 2081 2748 collo

501 2781 876 2852 resplendens,
923 2789 979 2837 et
1023 2797 1145 2852 quae
1191 2782 1452 2853 jucundis
1481 2798 1543 2838 ex
1601 2781 1827 2839 floribus
1878 2799 2082 2839 corona

502 2875 758 2929 nectitur.
787 2871 1014 2942 Oportet
1045 2880 1227 2927 autem
1261 2874 1486 2928 omnino
1517 2874 1635 2928 haec
1665 2875 1987 2946 intelligere.
2025 2885 2086 2931 ut

501 2981 699 3020 sensus
725 2965 1030 3035 :enigmatis
1059 2964 1293 3019 deducat
1323 2966 1388 3019 ad
1438 2965 1489 3018 id
1533 2967 1680 3036 quod
1729 2974 1814 3023 est
1867 2969 2081 3024 melius.

505 3057 596 3111 Sic
622 3057 671 3111 ei
703 3056 893 3125 incipit
919 3057 1122 3111 variam
1167 3071 1232 3110 ac
1267 3057 1623 3126 multiplicem
1652 3059 1964 3116 describere
1993 3077 2085 3117 sa-

505 3147 786 3218 pientiam,
836 3155 889 3202 et
924 3147 1212 3202 inell‘abilis
1262 3147 1688 3217 pulchritudinis
1736 3151 2080 3221 interpretari

503 3239 740 3310 speciem
775 3255 838 3293 ac
862 3242 1138 3304 decorem,
1197 3250 1386 3294 utnon
1433 3242 1612 3310 aliqua
1661 3243 1987 3299 necessitate
2032 3254 2086 3300 et

503 3341 672 3398 metu,
706 3331 800 3386 sed
826 3331 1126 3402 cupiditate
1152 3340 1206 3385 et
1229 3331 1504 3387 desiderio
1527 3334 1795 3389 excitetur
1815 3336 1882 3390 ad
1920 3337 2087 3392 bono—

505 3437 626 3478 rum
649 3421 1142 3492 participationem.
1180 3421 1318 3474 Nam
1341 3422 1638 3490 descriptio
1664 3425 2086 3492 pulchritudinis

505 3513 733 3566 attrahit
763 3510 1267 3579 omnemjuvenum
1318 3510 1672 3580 cupiditatem
1715 3512 1783 3566 ad
1839 3514 1892 3567 id
1941 3516 2086 3585 quod

505 3603 836 3666 ostenditur,
879 3603 1185 3658 accendens
1231 3601 1564 3657 desiderium
1603 3612 1661 3658 ut
1709 3605 1780 3660 sit
1813 3606 2087 3679 particeps

507 3695 816 3750 venustatis
848 3703 901 3751 et
926 3695 1231 3765 elegantiae.

581 3785 651 3843 Ut
680 3802 810 3858 ergo
864 3787 915 3842 ei
970 3788 1144 3858 magis
1172 3798 1435 3858 augeatur
1461 3789 1733 3860 cupiditas
1762 3805 1793 3844 a
1823 3795 2086 3850 matcriali

509 3881 758 3936 traducta
784 3877 1067 3934 allectione
1096 3878 1164 3932 ad
1193 3879 1436 3935 materia:
1483 3891 1759 3952 expertem
1813 3885 2088 3941 habitudi-

511 3988 658 4033 nem,
689 3980 847 4025 ornat
877 3968 1131 4024 laudibus
1159 3970 1440 4040 sapientia:
1471 3971 1950 4041 pulchritudinem.
1980 3974 2087 4032 Ne-

510 4077 620 4131 que
647 4061 822 4116 solum
873 4069 1032 4114 ornat
1080 4059 1261 4114 verbis
1312 4060 1432 4130 ejus
1461 4061 1696 4131 speciem
1727 4071 1780 4117 et
1810 4062 2084 4132 decorem,

513 4155 610 4213 sed
633 4154 794 4209 etiam
825 4152 946 4222 ejus
1001 4161 1285 4208 enumerat
1329 4152 1584 4209 divitias:
1621 4171 1856 4226 quarum
1896 4161 2088 4216 evadet

504 4241 761 4301 dominus
836 4243 930 4314 qui
986 4257 1110 4297 cum
1177 4259 1239 4298 ea
1304 4244 1648 4304 habitaverit.
1725 4251 2088 4308 Consideran-

514 4349 603 4392 tnr
661 4345 841 4390 autem
906 4321 1131 4390 divitiaz'
1159 4336 1213 4390 in
1249 4335 1469 4408 iisquae
1516 4340 1585 4394 ab
1615 4341 1731 4412 ipsa
1772 4358 2086 4414 proponuu.

515 4442 624 4486 tur.
669 4429 802 4482 Nam
850 4427 1038 4482 dexter
1086 4428 1304 4496 quidem
1359 4439 1442 4484 est
1471 4431 1519 4486 ei
1549 4444 1778 4490 ornatus
1831 4438 2086 4494 universa

2175 1965 2358 2036 ἡλικίᾳ
2386 1963 2511 2026 τοὺς
2537 1962 2724 2029 λόγους
2761 1958 3094 2031 ἁρμόζουσα.
3142 1957 3368 2018 Ἄκουε,
3413 1953 3594 2024 φησὶν,
3627 1951 3743 2014 υἱὲ,

2174 2057 2415 2126 νόμους,
2455 2053 2679 2121 πατρός
2735 2068 2888 2114 σου,
2941 2048 3038 2103 καί
3083 2047 3169 2117 μὴ
3221 2045 3434 2112 ἀπώσῃ
3487 2042 3743 2112 θεσμοὺς

2171 2150 2394 2217 μητρός
2419 2161 2556 2200 σου.
2603 2143 2766 2213 Ὁρᾷς
2791 2142 2854 2194 ἐκ
2877 2139 2984 2193 τῶν
3010 2137 3316 2208 λεγομένων
3343 2135 3403 2189 τδ
3427 2133 3632 2188 ἁπαλὸν
3666 2131 3745 2185 ἐτι

2175 2241 2273 2310 τῆς
2302 2237 2443 2292 κατά
2477 2236 2654 2307 ψυχὴν
2697 2233 2912 2304 ἡλικίας
2942 2232 3034 2284 καὶ
3063 2229 3324 2291 άπαστον,
3362 2226 3442 2279 ἔτι
3478 2222 3746 2296 μητρῴων

2176 2331 2337 2386 αὑτὸν
2359 2327 2575 2400 θεσμῶν
2596 2327 2784 2380 ἐπιδεᾶ
2809 2325 3012 2396 βλέπει,
3038 2322 3133 2376 καὶ
3156 2319 3426 2391 πατρικῆς
3444 2315 3744 2378 νουθεσίας.

2177 2424 2287 2478 Καὶ
2315 2421 2391 2486 ὡς
2436 2420 2501 2476 ἃν
2547 2418 2953 2492 προθυμότερον
2986 2417 3242 2486 προσέχοι
3288 2413 3398 2474 τοῖς
3433 2407 3647 2478 γονεῦσι
3688 2405 3749 2458 τὸ

2177 2517 2404 2586 νήπιον,
2469 2513 2596 2575 τοὺς
2673 2509 2955 2572 παιδικοὺς
3033 2505 3180 2575 αὐτῷ
3251 2499 3750 2568 κατεπαγγέλλεται

2179 2606 2414 2677 κόσμους
2455 2605 2521 2658 ὲκ
2560 2604 2659 2674 τῆς
2703 2601 2833 2673 περὶ
2863 2600 2932 2654 τὰ
2975 2598 3271 2669 μαθήματα
3303 2593 3537 2664 σπουδῆς
3581 2609 3748 2662 προσο

2178 2697 2524 2771 γενήσεσθαι.
2585 2694 2818 2750 Παιδίων
2885 2693 2990 2764 γάρ
3045 2693 3158 2744 ἐστι
3223 2689 3468 2758 κόσμος,
3523 2685 3750 2757 χρύσεος

2184 2792 2454 2863 μανιάκης
2499 2787 2579 2858 τῷ
2617 2785 2870 2858 τραχήλῳ
2917 2780 3391 2854 περιλαμπόμενος
3415 2819 3430 2844 ,
3476 2777 3571 2830 καὶ
3622 2777 3650 2828 ὸ
3691 2774 3752 2838 ἐξ

2181 2882 2356 2938 ἀνθῶν
2379 2898 2536 2934 τινων
2588 2879 2922 2950 ἐπιχαρίτων
2978 2871 3416 2941 ἀναπλεκόμενος
3464 2867 3748 2936 στέφανος.

2183 2975 2339 3028 Νοεῖν
2371 2972 2427 3024 δὲ
2457 2970 2562 3042 χρὴ
2597 2970 2772 3025 ταῦτα
2805 2967 3019 3029 πάντως
3053 2967 3199 3027 ὅπως
3238 2961 3304 3016 ἂν
3329 2961 3573 3032 ὁδηγήσῃ
3615 2957 3752 3030 πρὸς

2182 3066 2242 3120 τὸ
2273 3040 2515 3136 κρεῖττον
2529 3040 2572 3136 ’ἡ
2597 3063 2690 3116 τοῦ
2716 3059 3034 3130 αἰνίγματος
3064 3057 3261 3110 ἔννοια.
3292 3054 3404 3108 Καὶ
3433 3051 3604 3113 οὕτως
3627 3051 3753 3102 om.

2184 3157 2415 3230 γράφειν
2456 3158 2678 3226 ἄρχεται
2718 3155 2817 3224 τὴν
2860 3150 3046 3219 σοφίαν
3076 3146 3243 3218 αὐτῷ,
3273 3144 3528 3206 ποικίλως
3564 3159 3624 3194 τε
3659 3140 3754 3194 καὶ

2187 3248 2480 3311 πολυειδῶς
2510 3246 2600 3301 τοῦ
2644 3245 2924 3316 ἁφράστου
2969 3239 3198 3303 κάλλους
3246 3233 3614 3308 διερμηνεύων
3656 3233 3753 3302 τὴν

2186 3341 2362 3412 ὥραν·
2396 3340 2470 3411 μὴ
2500 3338 2649 3408 φόϐῳ
2677 3337 2781 3390 τινὶ
2814 3335 2906 3388 καὶ⁹
2938 3333 3173 3403 ἀνάγκη,
3207 3329 3343 3384 ἀλλά
3372 3326 3636 3397 ἐπιθυμίᾳ
3661 3324 3754 3378 καὶ

2188 3434 2338 3504 πόθῳ
2365 3432 2501 3504 πρὸς
2528 3431 2626 3502 τὴν
2667 3428 2776 3481 τῶν
2813 3424 3031 3494 ἀγαθῶν
3069 3422 3353 3494 μετουσίαν
3381 3417 3755 3487 διαναστῆναι.

2199 3525 2266 3578 Ἥ
2297 3525 2406 3596 γὰρ
2445 3521 2540 3577 τοῦ
2574 3520 2805 3584 κάλλους
2851 3517 3130 3588 ἐπιγραφὴ
3171 3510 3468 3567 ἐπισπᾶται
3515 3526 3629 3572 πως
3656 3507 3755 3577 τὴν

2186 3616 2294 3671 τῶν
2343 3616 2476 3669 νέων
2533 3612 2824 3682 ἐπιθυμίαν
2882 3609 3016 3680 πρὸς
3077 3605 3138 3658 τὸ
3185 3602 3570 3672 δεικνύμενον,
3620 3595 3757 3666 πρὸς

2189 3707 2470 3763 κοινωνίαν
2495 3706 2598 3776 τῆς
2625 3703 2773 3775 ὥρας
2804 3702 2894 3757 τὸν
2921 3699 3082 3754 πόθον
3113 3693 3560 3768 ἀναρριπίζουσα.

2269 3799 2357 3864 Ὠς
2381 3797 2445 3852 ἂν
2464 3792 2557 3851 οὖν
2583 3796 2781 3867 μᾶλλον
2803 3793 2952 3864 αὐτῷ
2985 3792 3047 3846 τὸ
3065 3785 3458 3859 ἐπιθυμητικὸν
3476 3779 3757 3852 αὐξηθείη,

2193 3889 2485 3963 μετατεθὲν
2529 3888 2637 3942 άπὸ
2685 3888 2783 3959 τῆς
2810 3884 3019 3954 ύλικῆς
3061 3877 3433 3953 προσπαθείας
3485 3874 3620 3945 πρὸς
3659 3871 3760 3943 τὴν

2188 3985 2351 4039 άῦλον
2377 3982 2579 4053 σχέσιν,
2606 3977 2828 4053 ὡραῖζει
2850 3977 2939 4031 διὰ
2963 3975 3072 4029 τῶν
3107 3970 3393 4042 ἐγκωμίων
3425 3968 3524 4039 τῆς
3568 3965 3759 4036 σοφίας

2189 4076 2250 4128 τὸ
2279 4073 2495 4138 κάλλος.
2525 4071 2636 4125 Καὶ
2666 4071 2727 4124 ού
2763 4069 2920 4141 μόνον
2941 4067 3004 4120 τὸ
3034 4064 3226 4128 κάλλος
3249 4062 3348 4133 τῆς
3377 4059 3523 4132 ὥρας
3535 4058 3627 4113 διὰ
3645 4055 3759 4110 τῶν

2189 4167 2362 4234 λόγων
2390 4163 2787 4236 προδείκνυσιν,
2812 4158 2950 4215 ἀλλά
2976 4158 3067 4211 καὶ
3094 4157 3186 4209 τὸν
3212 4153 3438 4207 πλοῦτον
3467 4152 3634 4222 αὐτῆς
3663 4151 3763 4203 άπ-

2137 4297 2156 4316 .
2189 4258 2520 4329 αριθμεῖται’
2543 4251 2603 4310 οὗ
2625 4255 2812 4325 κύριος
2833 4252 3047 4313 πάντως
3069 4251 3096 4302 ό
3114 4247 3435 4317 συνοικήσας
3451 4244 3754 4313 γενήσεται.

2203 4351 2259 4404 ὐ
2274 4349 2330 4402 δὲ
2350 4347 2574 4410 πλοῦτος
2592 4347 2728 4410 τέως
2747 4346 2804 4398 έν
2816 4347 2928 4407 τοῖς
2948 4339 3233 4414 προκοσμή
3242 4355 3404 4410 μασιν
3445 4335 3615 4404 αὐτῆς
3631 4333 3760 4386 θεω·

2195 4445 2386 4514 ρεῖται.
2444 4440 2661 4510 Κόσμος
2725 4437 2823 4508 μὲν
2863 4436 2970 4508 γὰρ
3025 4435 3161 4504 αὐτῇ
3218 4428 3516 4501 περιδέξιος
3563 4424 3758 4514 αίῶνες

516 4525 738 4585 saecula,
773 4537 894 4576 cum
920 4521 995 4574 ita
1035 4521 1180 4576 dicat
1217 4519 1595 4593 Scriptura“:
1631 4525 1930 4598 Longitudo
1967 4532 2080 4586 vita:

2186 4513 2317 4590 δλοι.
2339 4532 2523 4596 Ούτως
2552 4530 2797 4593 εἰπόντος
2824 4528 2918 4581 τοῦ
2939 4527 3097 4594 λόγου
3119 4565 3134 4588 ,
3163 4525 3245 4578 ὅτι
3268 4520 3474 4590 Μῆκος
3487 4518 3631 4583 ,Βίου
3655 4513 3758 4569 καὶ

514 4625 562 4670 et
599 4615 726 4669 anni
752 4612 872 4666 vita:
893 4620 1015 4666 sunt
1041 4612 1094 4665 in
1122 4611 1340 4666 dextera
1388 4614 1524 4683 ejus.
1563 4613 1621 4670 In
1659 4617 1881 4673 sinistra
1905 4633 2085 4677 autem

516 4722 680 4763 inanu
732 4705 892 4759 habet
952 4704 1159 4774 positas
1213 4705 1486 4775 pretiosas
1539 4707 1796 4764 virtutum
1846 4711 2085 4778 divitias,

513 4817 636 4872 qua:
669 4797 834 4855 simul
867 4795 1216 4866 resplendent
1262 4813 1387 4852 cum
1426 4799 1715 4868 splendore
1752 4803 1956 4872 gloriae.
1998 4803 2088 4860 Di-

515 4894 592 4949 cit
625 4891 808 4946 enim:
839 4888 906 4943 In
928 4889 1152 4944 sinistra
1179 4889 1292 4958 ejus
1332 4891 1536 4946 divitia:
1569 4901 1619 4946 et
1645 4893 1840 4963 gloria.
1880 4894 2088 4952 Deinde

514 4987 632 5040 oris
651 4998 870 5055 quoque
890 4980 1012 5051 ejus
1031 4981 1162 5036 dicit
1183 4981 1537 5036 redolentiam
1561 4985 1857 5055 spirantem
1881 4986 2082 5042 bonum

517 5079 739 5133 odorem
783 5075 1035 5145 justitiaa,
1090 5075 1280 5129 dicens
1325 5092 1340 5129 :
1380 5074 1463 5129 Ea:
1514 5094 1604 5132 ore
1655 5079 1772 5150 ejus
1827 5081 2091 5152 egreditur

512 5170 747 5239 justitia.
789 5167 846 5221 In
886 5165 1008 5237 ejus
1037 5175 1216 5222 autem
1256 5165 1444 5232 labris,
1478 5184 1576 5239 pro
1605 5173 1803 5228 rubore
1855 5175 2090 5230 naturali

518 5264 688 5334 legem
721 5260 917 5314 florere
965 5259 1101 5314 dicit
1143 5266 1197 5312 et
1242 5259 1696 5315 misericordiam.
1728 5261 1793 5315 Et
1835 5271 1896 5318 ut
1929 5265 2093 5336 hujus

522 5365 739 5424 sponsae
781 5349 1093 5404 inveniatur
1125 5349 1274 5403 omni
1299 5366 1364 5404 ex
1392 5358 1544 5419 parte
1573 5352 1809 5420 perfecta
1841 5356 2090 5423 pulchri-

517 5445 671 5510 tudo,
727 5441 981 5496 laudatur
1005 5455 1226 5510 quoque
1266 5440 1387 5508 ejus
1432 5440 1704 5496 incessus.
1741 5442 1879 5498 Dicit
1903 5447 2088 5502 enim:

522 5538 584 5591 In
619 5537 715 5589 viis
743 5533 966 5600 iustitia:
990 5531 1250 5586 ambulat.
1265 5531 1401 5601 Ejus
1421 5547 1638 5602 quoque
1667 5534 2090 5603 pulchritudinis

523 5627 776 5686 taudibus
801 5639 901 5680 nec
927 5624 1079 5680 deest
1107 5623 1326 5695 quidem
1359 5624 1838 5695 magnitudo,cum
1868 5629 1989 5698 ejus
2008 5631 2091 5685 in-

620 5807 663 5838 ⁶⁰
685 5805 845 5862 Prov.
882 5823 919 5874 I,
949 5805 1002 5861 8.
1077 5805 1122 5838 ⁸¹
1145 5803 1310 5863 Prov.
1339 5819 1417 5873 ιιι,
1457 5804 1522 5862 16
1557 5821 1708 5877 seqq.

2189 4627 2296 4694 ἐτη
2332 4623 2480 4693 ζωῆς
2511 4625 2580 4678 ὲν
2622 4621 2697 4692 τῇ
2726 4618 2895 4688 δεξιᾷ
2925 4617 3135 4687 αὐτῆς.
3185 4617 3274 4668 Ἐν
3312 4613 3369 4668 δὲ
3398 4615 3466 4684 τῇ
3499 4609 3764 4683 ἀριστερᾷ

2191 4715 2362 4788 χειρὶ,
2392 4715 2482 4768 τὸν
2502 4713 2794 4784 πολύτιμον
2824 4710 2932 4764 τῶν
2954 4707 3163 4778 ἀρετῶν
3191 4705 3496 4776 περίκειται
3529 4698 3760 4753 πλοῦτον

2189 4811 2256 4879 τῇ
2285 4805 2586 4877 λαμπηδόνι
2611 4805 2708 4874 τῆς
2731 4803 2890 4875 δόξης
2922 4798 3405 4869 συνδιαλάμποντα.
3439 4792 3603 4861 Λέγει
3630 4790 3759 4862 γὰρ,

2189 4900 2272 4952 ὅτι
2311 4899 2413 4952 Ἐν
2443 4895 2519 4964 τῇ
2565 4894 2849 4966 ἀριστερᾷ
2890 4891 3082 4960 αὐτῆς
3126 4887 3389 4954 πλοῦτος
3436 4883 3537 4938 καὶ
3590 4881 3760 4946 δόξα.

2191 4987 2324 5046 Εῐτα
2364 4991 2458 5044 καὶ
2505 4988 2600 5042 τοῦ
2641 4988 2908 5058 στόματος
2951 4984 3122 5054 αὐτῆς
3159 4981 3307 5050 λέγει
3361 4977 3462 5049 τὴν
3507 4973 3764 5028 εῠπνοιαν

2187 5082 2281 5137 τοῦ
2314 5079 2480 5136 καλοῦ
2517 5081 2619 5151 τῆς
2652 5079 2999 5147 δικαιοσύνης
3026 5073 3315 5147 ἀρῶμαι-ος
3366 5067 3762 5127 ἀποπνέουσαν,

2195 5173 2366 5242 λέγων
2385 5190 2400 5205 ο
2445 5174 2547 5227 Ἐκ
2582 5171 2684 5226 τοῦ
2713 5169 3010 5239 στόματος
3050 5164 3240 5231 αὐτῆς
3271 5161 3652 5230 ἐκπορεύεται
3680 5157 3766 5211 διο

2197 5265 2513 5333 καιοσύνη.
2561 5265 2686 5327 Τοῖς
2731 5262 2787 5315 δὲ
2835 5260 3064 5332 χείλεσιν
3097 5257 3266 5327 αὐτῆς
3313 5270 3476 5324 φησιν
3518 5251 3639 5305 ἀντὶ
3670 5247 3762 5301 τοῦ

2197 5355 2425 5427 φυσικοῦ
2477 5355 2820 5427 ἐρυθήματος
2876 5353 2966 5404 τὸν
3031 5348 3196 5418 νόμον
3252 5344 3505 5399 ἐπανθεῖν
3546 5346 3641 5395 καὶ
3675 5340 3764 5392 τὸν

2197 5448 2366 5501 ἔλεον.
2415 5447 2524 5500 Καὶ
2565 5446 2640 5510 ὡς
2669 5445 2734 5500 ἂν
2778 5443 2867 5498 διά
2898 5443 3118 5497 πάντων
3152 5435 3402 5510 εύρεθείη
3447 5436 3514 5505 τῇ
3543 5429 3766 5502 τοιαύτῃ

2196 5540 2382 5612 νύμφῃ
2408 5540 2602 5604 κάλλος
2628 5536 3028 5610 ὲρανιζόμενον,
3059 5533 3359 5586 ἐπαινεῖται
3385 5527 3556 5596 αὐτῆς
3588 5523 3692 5578 καὶ»
3703 5524 3766 5574 τὸ

2202 5634 2457 5705 βάδισμα.
2493 5635 2627 5706 Φησὶ
2659 5634 2800 5701 γάρ’
2846 5632 2947 5684 Ἐν
2986 5625 3146 5692 ὁδοῖς
3176 5622 3566 5684 δικαιοσύνης
3604 5629 3766 5683 πεοι-
