4116 6490
399 448 499 505 7C9

1462 431 1527 484 IN
1566 426 1855 485 CANTICA
1892 422 2161 481 CANTIC.
2198 422 2478 480 HOMILIA
2508 425 2549 479 l.

3499 416 3601 470 770

396 556 583 614 κατεῖ.
619 555 694 608 Οὐ
718 553 889 606 λείπει
916 550 1026 613 τοῖς
1062 547 1301 611 ἐπαίνοις
1324 546 1420 615 τῆς
1449 545 1595 618 ὧρας
1622 545 1742 598 οὐδὲ
1766 543 1828 597 τὸ
1852 542 1946 615 μέ-

2065 547 2386 594 :remcntum
2418 536 2719 593 excurrerit
2746 542 3004 603 tanquam
3037 532 3218 602 planta
3255 528 3435 600 aliqua
3468 529 3603 585 bene

395 650 585 719 γεθος,
627 641 720 697 ἴσα
764 639 913 710 φυτῷ
964 658 1068 693 τινι
1103 639 1210 692 τῶν
1254 636 1486 709 εὐερνῶν
1532 637 1630 705 τῆς
1674 636 1948 706 αὐξήσεως

396 730 827 805 ἀναδραμούσης.
878 730 952 782 Τὸ
990 730 1048 783 δὲ
1087 728 1250 799 φυτὸν
1284 727 1440 782 τοῦτο
1463 721 1506 795 ᾧ
1534 727 1592 780 τὸ
1623 726 1754 795 ὕψος
1780 725 1951 792 αὐτῆς

399 820 1035 899 προ·σεικάζεται,Αὺτὸ,
1075 820 1240 890 φησὶ,
1291 820 1356 873 τὸ
1404 818 1515 888 τῆς
1558 817 1706 887 ζωῆς
1761 818 1952 883 ξύλον

383 916 573 969 ἐστιν,
602 907 632 959 ὃ
660 907 833 979 τροφὴ
852 906 949 977 μὲν
976 907 1182 976 γίνεται
1199 905 1323 972 τοῖς
1350 907 1792 976 ἀντεχομένοις,
1818 903 1947 958 στύ-

382 1002 471 1063 λος
489 1000 545 1053 δὲ
563 999 685 1066 τοῖς
708 998 1180 1068 ἐπερειδομένοις
1197 998 1483 1069 ἀσφαλής
1500 1016 1559 1052 τε
1577 1000 1671 1052 καὶ
1686 998 1955 1062 ἄσειστος.

383 1092 507 1146 Νοῶ
527 1093 583 1145 δὲ
604 1090 676 1145 δι’
706 1091 1031 1162 ἀμφοτέρων
1060 1090 1153 1144 τὸν
1180 1090 1405 1163 Κύριον.
1427 1090 1600 1155 Αὐτὸς
1622 1091 1730 1163 γάρ
1748 1093 1894 1146 ἐστιν
1917 1090 1953 1162 ή

396 1181 508 1251 ζωὴ
540 1182 635 1234 καὶ
662 1181 721 1233 τὸ
748 1183 996 1252 ἔρεισμα.
1036 1184 1184 1253 Ἔχει
1210 1184 1265 1237 δὲ
1290 1186 1322 1253 ἡ
1356 1183 1502 1249 λέξις
1529 1181 1697 1245 οὕτως
1714 1199 1726 1212 ·
1755 1182 1954 1235 suam.

397 1270 541 1339 ζωῆς
580 1272 710 1325 ἐστι
746 1272 895 1327 πᾶσι
935 1272 1057 1339 τοῖς
1100 1274 1516 1343 ἀντεχομένοις
1561 1272 1777 1342 αὐτῆς,
1828 1271 1953 1343 [καὶ

395 1365 507 1424 τοῖς
533 1361 960 1432 ἐπερειδομένοις
1000 1362 1084 1415 ἐπ’
1114 1363 1281 1433 αὐτὴν
1317 1364 1393 1426 ὡς
1424 1364 1513 1416 ἐπὶ
1545 1362 1744 1433 Κύριον
1776 1363 1951 1431 ἀσφα-

400 1452 551 1524 λής.]
585 1452 1159 1523 Συμπεριλαμόἀνεται
1178 1452 1233 1505 δὲ
1260 1452 1395 1522 μετά
1424 1451 1531 1504 τῶν
1559 1451 1761 1505 λοιπῶν
1781 1453 1953 1518 ἐγκω-

401 1545 537 1616 μίων
577 1544 746 1613 αὐτῆς
791 1544 885 1598 καὶ
914 1546 947 1615 ή
978 1544 1201 1615 δύναμις
1221 1584 1235 1606 ,
1284 1544 1357 1607 ὡς
1384 1543 1449 1597 ἂν
1489 1543 1575 1596 διὰ
1607 1544 1820 1597 πάντων
1846 1543 1953 1596 τῶν

398 1634 613 1703 ἀγαθῶν
650 1634 958 1706 πληρωθείη
1010 1634 1357 1709 τοῢηκάλλους
1386 1633 1484 1703 τῆς
1523 1634 1712 1703 σοφίας
1737 1635 1766 1687 ὁ
1797 1633 1953 1687 ἐπαι-

400 1744 506 1789 νος.
556 1725 619 1778 '0
669 1724 811 1791 Θεὸς
858 1724 999 1796 γὰρ,
1041 1726 1203 1796 φησὶ,
1251 1725 1327 1794 τῇ
1383 1728 1566 1795 σοφίᾳ
1606 1725 1955 1795 ἐθεμελίωσε

401 1818 513 1887 τὴν
537 1818 673 1887 γῆν.
721 1818 1010 1890 Ἡτοίμασε
1041 1819 1097 1872 δέ
1145 1820 1270 1883 τοὺς
1301 1819 1561 1889 οὐρανοὺς
1589 1821 1646 1871 ἐν
1678 1820 1952 1891 φρονήσει,

401 1911 494 1963 καὶ
525 1910 591 1963 τὰ
620 1910 739 1963 καθ’
772 1910 1000 1963 ἕκαστον
1042 1910 1148 1964 τῶν
1184 1913 1240 1964 ἐν
1271 1913 1338 1981 τῇ
1374 1910 1546 1963 κτίσει
1570 1909 1951 1981 θεωρουμένων

402 2003 480 2063 εἰς
500 2000 596 2070 τὴν
629 2001 726 2070 τῆς
748 1999 937 2068 σοφίας
953 2001 1072 2067 ἄγει
1094 2000 1339 2071 δύναμιν,
1372 1999 1750 2053 διαποικίλλων
1786 2000 1952 2068 αὐτὴν

401 2091 512 2151 τοῖς
540 2088 780 2157 ὀνόμασι.
830 2086 937 2157 Τὴν
968 2089 1074 2158 γὰρ
1104 2087 1269 2157 αὐτὴν
1316 2087 1405 2140 καὶ
1447 2087 1637 2155 σοφίαν
1679 2087 1823 2155 λέγει
1863 2088 1955 2141 καὶ

406 2179 637 2241 σύνεσιν,
678 2177 926 2247 αἴσθησίν
953 2195 1011 2230 τε
1053 2179 1144 2231 καὶ
1171 2177 1367 2246 γνῶσιν
1401 2180 1493 2231 καὶ
1523 2176 1731 2230 σύνεσιν
1761 2180 1851 2231 καὶ
1888 2178 1956 2231 τὰ

403 2276 643 2330 τοιαῦτα.
691 2274 846 2329 Μετά
887 2274 944 2326 δέ
984 2272 1155 2327 ταῦτα
1197 2272 1579 2342 νυμφοστολεῖν
1617 2273 1836 2341 ἄρχεται
1866 2270 1957 2324 τὸν

404 2369 521 2420 νέον
558 2367 693 2438 πρὸς
735 2367 834 2438 τὴν
873 2364 1126 2437 τοιαύτην
1182 2366 1508 2434 συνοίκησιν,
1555 2364 1652 2435 ἤδη
1688 2363 1821 2433 πρὸς
1865 2363 1957 2416 τὸν

407 2459 548 2512 θεῖον
592 2458 829 2528 θάλαμον
879 2457 1093 2527 βλέπειν
1142 2455 1573 2525 ἐγκελευόμενος.
1617 2454 1776 2523 Λέγει
1826 2455 1956 2524 γὰρ,

405 2552 485 2604 ὅτι
512 2549 608 2617 Μὴ
651 2550 1057 2621 ἐγκαταλίπῃς
1107 2548 1298 2615 αὐτὴν
1331 2547 1429 2601 καὶ
1464 2547 1773 2610 ἀνθέξεταί
1805 2562 1955 2600 σου·

405 2641 685 2709 ἐράσθητι
711 2638 919 2709 αὐτῆς,
949 2641 1045 2694 καὶ
1066 2638 1313 2709 τηρήσει
1334 2653 1408 2692 σε
1428 2655 1441 2669 ·
1471 2636 1960 2707 περιχαράκωσον

408 2734 601 2801 αὐτὴν
646 2732 744 2786 καὶ
791 2730 1022 2799 ὑψώσει
1074 2745 1179 2785 σε’
1219 2731 1472 2800 τίμησον
1524 2729 1717 2797 αὐτὴν
1756 2729 1857 2782 ἵνα
1887 2743 1960 2783 σε

412 2825 692 2893 περιϐάλῃ
712 2840 723 2852 ·
765 2824 863 2877 ἵνα
890 2822 971 2887 δῷ
996 2820 1069 2891 τῇ
1096 2820 1327 2891 κορυφῇ
1357 2823 1658 2889 στέφανον
1684 2820 1959 2890 χαρίτων,

411 2914 686 2984 στεφάνῳ
731 2913 799 2966 δὲ
830 2910 1056 2983 τρυφῆς
1092 2914 1495 2981 ὑπερασπίσῃ.
1542 2911 1632 2965 Ἐν
1659 2909 1866 2973 τούτοις
1895 2910 1962 2981 δὴ

412 3008 522 3069 τοῖς
552 3006 829 3072 στεφάνοις
870 3003 968 3074 ἤδη
1009 3005 1120 3065 τοῖς
1161 3006 1414 3073 γαμικοίς
1460 3002 1674 3072 νύμφην
1728 3018 1961 3055 κατακο-

416 3097 629 3166 σμήσας
654 3094 948 3165 ἀχώριστον
976 3092 1140 3163 αὐτῆς
1170 3089 1306 3147 εἶναι
1335 3094 1726 3157 διακελεύεται,
1759 3093 1959 3161 λέγων·

2049 630 2378 701 germinans.
2407 628 2475 682 Ut
2501 636 2679 681 autem
2702 625 2971 695 intelligas
2997 623 3082 679 cui
3115 624 3311 692 plantte
3338 621 3604 676 assimile-

2050 729 2139 774 tur
2194 721 2314 789 ejus
2353 720 2602 782 altitudo,
2663 716 2811 786 Ipsa,
2856 716 3051 785 inquit,
3089 724 3166 769 est
3218 714 3415 784 lignum
3464 714 3603 777 vim,

2049 812 2192 882 quod
2219 821 2300 867 est
2328 812 2545 881 quidem
2566 809 2956 863 nutrimentum
2985 807 3051 860 iis
3073 807 3159 877 qui
3189 822 3303 860 eam
3330 805 3607 874 apprehen-

2049 904 2211 965 dunt;
2244 902 2311 957 iis
2353 910 2531 956 autem
2573 900 2664 971 qui
2696 899 3009 959 innituntur,
3051 898 3298 953 columna
3333 901 3491 970 ﬁrma
3541 911 3607 951 ac

2061 993 2294 1059 stabilis,
2328 1000 2383 1047 et
2407 1007 2527 1062 qua:
2556 1004 2663 1044 non
2693 995 2869 1058 potest
2895 986 3152 1043 labeﬁeri.
3189 987 3293 1044 Per
3318 996 3607 1058 utrumque

2052 1090 2232 1138 autem
2284 1084 2530 1153 intelligo
2578 1083 2886 1138 Dominum.
2940 1084 3060 1154 Ipse
3106 1083 3248 1138 enim
3290 1091 3373 1138 est
3399 1084 3511 1137 vita
3554 1092 3607 1137 et

2052 1171 2285 1225 fulcrum
2322 1187 2384 1226 ac
2414 1171 2832 1227 ﬁrmamentum.
2859 1172 2935 1225 lta
2966 1179 3144 1227 autem
3170 1171 3332 1225 habet
3354 1172 3608 1227 dictionis

2052 1275 2358 1330 contextus,
2403 1264 2622 1335 Lignum
2664 1274 2742 1319 est
2782 1266 2899 1319 vitae
2946 1263 3183 1318 omnibus
3210 1265 3298 1333 qui
3328 1265 3609 1333 apprehen-

2053 1354 2184 1407 dunt
2224 1373 2359 1409 eam.
2393 1355 2885 1426 Comprehenditur
2911 1364 3090 1409 autem
3117 1370 3238 1409 cum
3264 1356 3472 1408 caneris
3492 1356 3609 1423 ejus

2052 1464 2268 1518 quoque
2308 1449 2557 1503 laudibus
2593 1448 2859 1517 potentia,
2905 1455 2965 1501 ut
2998 1462 3094 1516 per
3125 1447 3303 1500 omnia
3336 1447 3474 1500 bona
3512 1446 3611 1498 im-

2053 1540 2263 1609 pleatur
2301 1540 2420 1593 laus
2460 1537 2887 1607 pulchritudinis
2928 1537 3225 1606 sapientiae.
3266 1535 3405 1590 Deus
3441 1539 3609 1591 enim.

2055 1630 2249 1699 inquit,
2285 1632 2551 1698 sapientia
2589 1629 2829 1697 fundavit
2872 1628 3327 1684 terram.Paravit
3366 1630 3532 1684 cmlos
3557 1629 3611 1682 in

2054 1722 2358 1790 prudentia,
2385 1729 2439 1777 et
2474 1723 2897 1792 unumquodque
2911 1738 3098 1778 eorum
3121 1739 3241 1792 quae
3271 1722 3615 1777 consideran-

2057 1821 2144 1865 tur
2174 1814 2228 1866 in
2261 1814 2558 1875 creatione,
2586 1813 2805 1868 deducit
2825 1814 2891 1868 ad
2910 1815 3048 1867 viam
3076 1814 3509 1883 sapientite,eam
3532 1828 3615 1867 or-

2056 1923 2194 1963 nans
2212 1909 2377 1963 variis
2405 1909 2715 1963 nominibus
2739 1925 2750 1960 :
2770 1908 3012 1963 eamdem
3036 1909 3180 1963 enim
3204 1908 3277 1961 ait
3296 1924 3416 1961 esse
3444 1914 3496 1961 et
3528 1922 3617 1961 sa-

2056 1999 2313 2068 pientiam
2347 2006 2400 2054 et
2431 1999 2864 2070 intelligentiam,
2898 2015 3117 2055 sensum
3149 2008 3204 2055 et
3252 1999 3614 2069 cognitionem

2054 2100 2108 2144 et
2148 2090 2516 2159 prudentiam,
2561 2099 2615 2146 et
2647 2106 2766 2160 quae
2800 2100 2928 2145 sunt
2958 2090 3290 2161 hujnsmodi.
3340 2089 3469 2145 Post
3502 2091 3616 2145 haec

2055 2189 2233 2236 autem
2268 2182 2462 2251 incipit
2500 2190 2760 2252 tanquam
2790 2182 3196 2253 paranymphus
3222 2180 3489 2236 deducere
3527 2182 3617 2251 ju-

2053 2290 2243 2329 venem
2294 2275 2361 2329 ad
2413 2275 2681 2345 ejusmodi
2734 2274 3223 2337 cohabitationem,
3264 2273 3329 2328 ad
3375 2272 3617 2328 divinum

2054 2367 2352 2421 thalamum
2391 2366 2503 2436 jam
2564 2366 2763 2436 jubens
2813 2366 3033 2422 intueri.
3087 2366 3229 2421 Dicit
3288 2366 3431 2421 enim
3475 2386 3487 2421 :
3540 2365 3618 2419 Nc

2055 2459 2294 2513 dimittas
2322 2475 2459 2523 eam,
2508 2470 2557 2514 et
2589 2459 2828 2513 retinebit
2860 2469 2907 2514 te
2928 2474 2947 2512 :
2995 2459 3155 2529 dilige
3201 2476 3339 2522 eam,
3372 2469 3421 2513 et
3452 2469 3620 2512 custo-

2056 2550 2162 2604 diet
2215 2561 2296 2605 te:
2330 2550 2672 2604 circumvalla
2730 2565 2866 2612 eam,
2919 2557 2968 2603 et
3018 2559 3065 2602 te
3103 2551 3159 2602 in
3203 2549 3369 2602 altum
3412 2547 3618 2602 evellet:

2058 2638 2258 2693 honora
2283 2655 2397 2692 eam
2436 2649 2494 2691 ut
2527 2648 2575 2692 te
2602 2638 2984 2707 amplectatur:
3033 2648 3089 2690 ut
3118 2639 3201 2690 det
3228 2648 3316 2690 tuo
3346 2637 3507 2705 capiti
3534 2653 3622 2689 co-

2059 2748 2243 2786 ronam
2284 2732 2600 2801 gratiarum,
2649 2748 2843 2785 corona
2868 2742 3039 2785 autem
3089 2730 3396 2783 deliciarum
3428 2738 3475 2783 te
3500 2743 3622 2797 pro-

2062 2834 2211 2895 teget.
2264 2823 2398 2878 Cum
2435 2824 2519 2878 his
2561 2824 2894 2893 nuptialibus
2927 2824 3143 2878 coronis
3189 2838 3307 2878 eam
3338 2823 3447 2891 jam
3501 2831 3622 2875 tan-

2061 2934 2222 2990 quam
2254 2933 2509 2988 sponsam
2540 2927 2808 2979 ornasset,
2841 2918 2995 2986 jubet
3027 2918 3096 2972 ab
3126 2933 3189 2971 ea
3222 2932 3499 2987 nunquam
3531 2932 3622 2971 se-

2062 3009 2265 3079 parari,
2315 3007 2543 3063 dicens:
2584 3007 2806 3074 Quando
2840 3008 3105 3070 ambulas,
3146 3008 3246 3061 duc
3288 3024 3425 3067 eam,
3456 3017 3504 3061 et
3552 3009 3623 3061 sit

2066 3109 2254 3161 tecum;
2299 3114 2416 3151 cum
2466 3097 2713 3161 dormies,
2758 3110 2805 3150 te
2835 3098 3116 3160 custodiat,
3157 3107 3212 3150 ut
3248 3107 3413 3151 tecum
3443 3113 3623 3165 exper-

422 3186 621 3242 Ἡνίκα
664 3188 740 3241 ἂν
785 3184 1111 3255 περιπατῇς
1148 3184 1371 3252 ἐπάγου
1419 3185 1629 3253 αὐτὴν,
1676 3185 1773 3238 καὶ
1815 3184 1962 3254 μετὰ

2066 3200 2203 3244 recto
2233 3188 2579 3258 colloquatur.
2602 3186 2647 3219 ⁸²
2665 3184 2801 3241 Cum
2818 3188 3038 3256 perhaac
3079 3197 3134 3243 et
3181 3204 3299 3256 quae
3330 3196 3455 3242 sunt
3478 3190 3625 3257 ejus-

414 3278 529 3332 σοῦ
557 3279 712 3331 ἔστω
731 3294 745 3307 ·
769 3279 841 3342 ὡς
868 3277 919 3330 δ’
947 3276 1025 3331 ἂν
1048 3276 1338 3345 καθεύδῃς
1368 3274 1727 3344 φυλασσέτω
1754 3290 1845 3341 σε,
1868 3276 1964 3329 ἵνα

2072 3281 2239 3340 modi.
2270 3282 2389 3350 ejus
2409 3282 2499 3351 qui
2524 3289 2609 3337 est
2633 3279 2813 3334 adhuc
2835 3279 3053 3348 juvenis
3079 3280 3376 3336 secundum
3404 3280 3626 3335 inte.-io-

414 3367 759 3436 ἐγειρομένῳ
806 3364 1092 3435 συλλαλῇ
1149 3381 1266 3419 σοι.
1319 3366 1417 3419 Διὰ
1464 3365 1666 3420 τούτων
1716 3368 1808 3419 καὶ
1861 3367 1968 3421 τῶν

416 3458 669 3512 τοιούτων
700 3458 792 3510 τοῦ
822 3457 1099 3521 νεάζοντος
1129 3456 1207 3509 ἐτι
1240 3455 1380 3509 κατά
1426 3456 1517 3509 τὸν
1558 3456 1664 3510 ἔσω
1691 3456 1970 3528 ἄνθρωπον

416 3549 477 3602 τὺ
514 3548 898 3619 ἐπιθυμητικὸν
946 3547 1272 3616 ἀναφλέξας,
1317 3548 1410 3601 καὶ
1456 3547 1623 3617 αὐτὴν
1667 3550 1877 3618 ἐκείνην
1902 3550 1971 3602 τὰ

421 3639 547 3709 περὶ
574 3638 771 3707 ἑαυτῆς
798 3637 1152 3708 διηγουμένην
1184 3637 1465 3703 ὑποδείξας
1498 3638 1574 3709 τῷ
1600 3638 1771 3710 λόγῳ,
1794 3640 1859 3692 δι’
1896 3634 1971 3694 ὧν

425 3730 654 3801 μάλιστα
678 3729 772 3799 τὴν
792 3729 1134 3800 ἀγαπητικὴν
1158 3730 1337 3800 σχέσιν
1364 3732 1471 3785 τῶν
1500 3732 1800 3785 ἀκουόντων
1827 3734 1974 3802 ἐφέλ-

423 3839 605 3888 κεται,
650 3821 806 3874 τοῦτο
850 3821 986 3892 μετά
1024 3822 1129 3874 τῶν
1176 3822 1348 3875 ἄλλων
1383 3822 1639 3887 εἰποῦσα,
1691 3824 1772 3877 ὅτι
1829 3824 1975 3894 Ἐγὼ

422 3914 562 3980 τοὺς
607 3915 711 3983 ἐμὲ
760 3913 1082 3982 φιλοῦντας
1137 3914 1360 3982 ἀγαπῶ.
1405 3915 1467 3967 Ἦ
1520 3915 1627 3986 γὰρ
1678 3915 1831 3976 ἐλπὶς
1881 3916 1972 3969 τοῦ

424 4003 864 4075 ἀνταγαπηθῆναι
908 4004 1258 4075 σφοδρότερον
1289 4006 1368 4067 είς
1398 4003 1689 4075 ἐπιθυμίαν
1724 4005 1812 4059 τὸν
1850 4007 1976 4077 ἐρα-

428 4097 555 4168 στὴν
585 4096 850 4167 διατίθησι
868 4114 880 4127 ·
906 4098 998 4151 καὶ
1028 4097 1163 4166 μετά
1190 4098 1393 4150 τούτων
1424 4098 1519 4161 τὰς
1550 4097 1739 4161 λοιπάς
1759 4098 1976 4167 ἐπάγων

429 4187 755 4258 συμϐουλίας
786 4188 844 4238 ἐν
882 4189 1264 4262 ἀποφαντικοῖς
1292 4205 1398 4241 τισι
1432 4190 1523 4241 καὶ
1550 4189 1976 4262 ἀπεριγράπτοις

427 4280 537 4340 τοῖς
567 4260 975 4348 ἀποφθέγμασι,
1020 4280 1112 4331 καὶ
1160 4281 1239 4342 εἰς
1284 4278 1615 4351 τελειοτέραν
1662 4260 1772 4345 ἕξιν
1818 4282 1976 4334 αὑτὸν

431 4368 669 4438 ἀγαγὼν.
713 4364 830 4421 εἶτα
863 4369 995 4440 πρὸς
1028 4373 1136 4433 τοῖς
1167 4369 1488 4434 τελευταίοις
1514 4369 1621 4423 τῶν
1669 4371 1978 4443 Παροιμιῶν

433 4460 743 4531 μακαρίσας
792 4459 994 4531 ταύτην
1042 4459 1140 4530 τὴν
1190 4460 1395 4533 ἀγαθὴν
1447 4460 1739 4531 συζυγίαν,
1789 4464 1846 4515 ἐν
1897 4458 1977 4526 οἷς

2069 3391 2180 3429 rem
2214 3375 2509 3435 hominem.
2551 3371 2939 3426 inﬂammasset
2966 3370 3335 3441 cupiditatem,
3382 3378 3438 3425 et
3480 3372 3623 3425 illam

2070 3466 2241 3537 ipsam
2273 3481 2368 3520 sua
2403 3472 2716 3519 narrantem
2740 3462 2984 3515 oratione
3011 3460 3357 3524 ostendisset,
3390 3477 3487 3532 per
3507 3477 3626 3531 quae

2070 3556 2302 3610 maxime
2325 3554 2550 3608 attrahit
2573 3553 2881 3607 dilectionis
2899 3552 3208 3605 auditormn
3234 3552 3625 3615 habitudinem,

2073 3645 2174 3699 hoc
2207 3661 2330 3699 cum
2383 3644 2507 3700 aliis
2541 3643 2729 3698 dicens
2774 3660 2788 3696 :
2830 3641 2939 3713 Ego
2961 3642 3231 3713 diligentes
3260 3660 3340 3698 me
3366 3643 3526 3714 diligo
3552 3643 3627 3704 ⁸³ς

2071 3751 2196 3806 spes
2227 3738 2369 3790 enim
2415 3749 2521 3804 qua
2556 3742 2810 3804 speratur
2856 3733 2972 3787 lore
3006 3742 3063 3788 ut
3097 3735 3427 3795 redamctur.
3476 3750 3628 3788 ama-

2074 3839 2243 3884 torem
2275 3827 2571 3881 ardentiori
2601 3825 2764 3880 allicit
2808 3826 3110 3880 desiderio:
3148 3836 3201 3880 et
3225 3841 3347 3880 cum
3384 3827 3469 3881 his
3504 3828 3629 3882 reli-

2073 3936 2179 3991 qua
2206 3920 2517 3974 adduxisset
2548 3917 2799 3977 consilia,
2837 3917 2891 3970 in
2919 3917 3240 3987 quibusdam
3271 3918 3430 3973 dictis
3456 3935 3628 3973 enun-

2075 4013 2305 4067 tiatoriis
2339 4018 2390 4064 et
2416 4010 2635 4063 minime
2666 4010 3116 4078 circumscriptis,
3147 4018 3201 4063 et
3230 4025 3350 4065 eum
3382 4011 3447 4064 ad
3477 4011 3629 4064 habi-

2075 4111 2188 4157 tum
2220 4101 2534 4156 ἁεάιιιίεειιι
2561 4100 2959 4169 perfectiorem,
2986 4109 3039 4155 et
3066 4101 3257 4156 deinde
3285 4102 3338 4155 in
3368 4100 3472 4156 line
3500 4101 3629 4156 Pro-

2074 4188 2380 4242 verbiorum
2410 4188 2815 4256 pronuntiasset
2846 4203 2968 4243 esse
2996 4189 3204 4242 beatam
3238 4189 3380 4245 hanc
3401 4192 3629 4261 conjun-

2076 4282 2328 4344 ctionem,
2380 4277 2598 4346 quando
2645 4279 2889 4334 mulieris
2925 4277 3073 4334 illius
3117 4278 3276 4335 fortis
3311 4290 3627 4351 persecutus

2075 4378 2158 4425 est
2186 4368 2453 4429 encomia,
2485 4376 2613 4421 tunc
2646 4367 2891 4437 adjungit
2923 4367 3069 4422 illam
3100 4383 3220 4438 quae
3246 4378 3330 4424 est
3365 4368 3419 4423 in
3441 4368 3628 4425 Eccle-

2077 4460 2244 4517 siaste
2274 4456 2693 4527 philosophiam,
2738 4463 2797 4510 ut
2827 4456 2917 4527 qui
2958 4472 3055 4525 per
3096 4457 3490 4526 proverbialem
3541 4458 3630 4511 in-

429 4552 670 4623 διεξῆλθε
696 4553 763 4605 τὰ
789 4552 887 4623 τῆς
912 4552 1156 4623 ἀνδρείας
1187 4554 1439 4621 γυναικὸς
1469 4554 1679 4625 ἐκείνης
1706 4553 1964 4624 ἐγκώμια1

2078 4550 2412 4607 stitutiouem
2452 4548 2584 4603 satis
2629 4547 3025 4602 introduxisset
3052 4550 3120 4601 ad
3160 4547 3487 4603 desiderium
3519 4549 3629 4603 vir-

430 4641 549 4693 τότε
575 4639 887 4711 προστίθησι
908 4640 1003 4712 τὴν
1022 4644 1078 4694 ἐν
1109 4640 1186 4711 τῷ
1219 4642 1611 4715 Ἐκκλησιαστῇ
1644 4643 1976 4712 φιλοσοφίαν,

432 4732 509 4800 τῷ
553 4730 721 4800 ἱκανῴ
755 4730 840 4783 διὰ
868 4731 967 4801 τῆς
1011 4731 1404 4803 παροιμιώδους
1432 4733 1652 4801 ἀγωγῆς
1689 4735 1981 4803 εἰσηγησα-

436 4826 579 4897 μένῳ
607 4827 687 4888 είς
732 4824 827 4896 τὴν
854 4826 963 4877 τῶν
1003 4825 1207 4895 ἀρετῶν
1236 4824 1548 4896 ἐπιθυμίαν.
1582 4824 1690 4878 Καὶ
1716 4825 1981 4878 διαϐαλὼν

432 4920 490 4970 ἐν
520 4918 692 4989 τούτῳ
729 4916 804 4987 τῷ
846 4916 984 4987 λόγῳ
1012 4917 1109 4987 τὴν
1161 4918 1289 4987 περὶ
1323 4918 1393 4970 τὰ
1421 4917 1719 4987 φαινόμενα
1753 4917 1861 4971 τῶν
1889 4918 1982 4971 ἀν-

433 5010 662 5081 θρώπων
711 5011 916 5080 σχέσιν,
973 5011 1063 5063 καὶ
1104 5010 1328 5080 μάταιον
1378 5009 1544 5063 είπὼν
1590 5004 1728 5063 εἶναι
1779 5012 1883 5063 πᾶν
1921 5011 1980 5063 τὸ

431 5099 695 5155 ἀστατοῠν
738 5118 797 5154 τε
836 5102 927 5155 καὶ
957 5101 1391 5171 παρερχόμενον,
1445 5101 1504 5153 ἐν
1546 5095 1626 5164 οἷς
1670 5118 1867 5172 φησιν,
1899 5103 1980 5155 ὅτι

431 5194 547 5245 Πᾶν
576 5192 636 5245 τὸ
673 5192 1031 5262 ἐπερχόμενον
1065 5187 1384 5261 ματαιότης·
1423 5190 1745 5262 ὑπερτίθησι
1785 5193 1983 5255 παντὸς

431 5281 524 5336 τοῦ
545 5280 611 5336 δι’
637 5281 935 5351 αἰσθήσεως
963 5278 1506 5349 καταλαμϐανομένου
1533 5279 1630 5350 τὴν
1659 5282 1981 5353 ἐπιφυτικὴν

429 5372 530 5441 τῆς
554 5370 725 5441 ψυχῆς
754 5371 906 5441 ἡμῶν
944 5370 1151 5440 κίνησιν
1184 5370 1274 5423 ἐπὶ
1304 5369 1364 5422 τὺ
1385 5370 1611 5440 ἀόρατον
1637 5370 1854 5435 κάλλος·
1890 5373 1981 5424 καὶ

428 5456 599 5520 οὕτως
648 5456 954 5530 ἐκκαθάρας
991 5455 1089 5526 τὴν
1124 5455 1348 5526 καρδίαν
1394 5454 1493 5525 τῆς
1542 5457 1669 5527 περὶ
1710 5455 1777 5508 τὰ
1802 5456 1982 5525 φαινό-

434 5564 570 5617 μενα
609 5549 863 5620 σχέσεως,
894 5550 1013 5602 τότε
1034 5548 1119 5603 διὰ
1148 5548 1241 5603 τοῦ
1272 5549 1545 5620 ’ᾼσματος
1574 5549 1681 5604 τῶν
1722 5550 1978 5622 ᾀσμάτων

509 5835 555 5867 ⁶¹
577 5836 734 5892 Prov.
763 5851 835 5903 tv,
868 5836 923 5903 6,
948 5852 1068 5907 sqq.
1144 5836 1188 5868 ⁸³
1210 5833 1370 5890 Prov.
1405 5850 1525 5903 vm,
1560 5834 1645 5890 l7.

2081 4651 2289 4697 tutum:
2321 4648 2375 4695 et
2403 4655 2525 4694 cum
2553 4641 2607 4694 in
2634 4654 2699 4694 eo
2727 4640 2862 4693 libro
2889 4639 3323 4708 reprehendisset
3352 4640 3629 4694 hominum

2080 4731 2147 4786 ad
2174 4732 2226 4786 id
2265 4731 2409 4800 quod
2464 4738 2687 4801 apparet
2734 4729 3127 4792 habitudinem,
3182 4739 3236 4785 et
3280 4746 3477 4784 vanum
3512 4745 3633 4785 esse

2079 4825 2307 4879 dixisset
2333 4823 2597 4893 quidquid
2626 4831 2710 4878 est
2738 4822 2988 4878 instabile
3015 4830 3069 4878 et
3099 4824 3392 4889 transiens,
3422 4825 3630 4888 dicens,

2082 4915 2351 4985 Quidquid
2396 4914 2543 4969 venit
2584 4922 2668 4969 est
2709 4914 2957 4969 vanitas:
3010 4914 3232 4970 cuilibet
3280 4916 3422 4986 quod
3471 4933 3653 4972 sensu.

2080 5005 2574 5074 comprehenditur,
2617 5001 2832 5073 praefert
2874 5005 3175 5059 naturalem
3211 5007 3402 5062 anima:
3434 5018 3634 5063 nostra:

2083 5097 2373 5152 motionem
2414 5093 2482 5148 ad
2534 5094 2990 5164 pulchritudinem
3043 5111 3161 5165 qua:
3190 5111 3297 5150 non
3344 5097 3487 5153 cadit
3531 5101 3633 5153 sub

2081 5193 2380 5257 aspectum.
2433 5182 2644 5238 Etcum
2691 5184 2770 5238 sic
2805 5200 2900 5237 cor
2936 5195 3292 5257 expurgasset
3318 5189 3384 5241 ab
3418 5189 3635 5243 habitu-

2082 5277 2209 5330 dine
2240 5288 2361 5345 quaa
2388 5282 2471 5329 est
2507 5272 2572 5327 ad
2602 5272 2655 5327 id
2698 5274 2840 5343 quod
2873 5282 3114 5345 apparet,
3166 5282 3296 5329 tunc
3325 5292 3420 5346 per
3448 5277 3636 5330 Canti-

2085 5382 2208 5422 cum
2241 5367 2578 5420 canticorum
2624 5368 2853 5438 mystice
2905 5367 3210 5422 introduxit
3250 5369 3634 5438 cogitationem

2087 5459 2152 5513 ad
2184 5457 2369 5512 divina
2395 5459 2589 5530 adyta:
2623 5459 2679 5512 in
2707 5460 2907 5530 quibus
2937 5458 2989 5513 id
3021 5458 3236 5530 quidem
3268 5460 3408 5528 quod
3442 5458 3637 5513 inscri-

2085 5549 2255 5615 bitur,
2281 5557 2366 5606 est
2399 5560 2693 5621 apparatus
2731 5551 3025 5625 nuptialis:
3064 5551 3115 5607 id
3159 5557 3336 5605 autem
3373 5552 3515 5620 quod
3553 5553 3639 5607 in-
