4116 6546
569 447 677 501 τη

1809 445 1871 500 S.
1912 440 2242 500 GREGORII
2281 443 2572 500 NYSSENI

3710 445 3816 500 772

576 557 859 628 telligitur,
889 561 973 611 est
1016 554 1269 610 humanae
1307 555 1509 611 animae
1539 568 1665 612 cum
1697 556 1809 613 Deo
1839 568 2149 629 contempe-

2253 559 2401 621 ἐντὸς
2427 558 2534 611 τῶν
2556 555 2713 611 θείων
2738 555 2942 610 ἀδύτων
2976 558 3323 626 μυσταγωγεῖ
3344 556 3442 627 τὴν
3468 556 3730 610 διάνοιαν·
3757 559 3816 610 ἐν

576 649 740 703 ratio.

646 920 939 987 Propterea
965 934 1014 974 is
1042 925 1399 989 est-sponsus
1425 921 1519 990 qui
1551 921 1604 974 in
1630 919 1946 979 Proverbiis
1970 928 2152 982 nomi-

573 1022 740 1068 natur
787 1012 951 1077 filius,
1003 1021 1057 1065 et
1089 1012 1355 1080 sapientia
1401 1011 1582 1066 locum
1630 1022 1776 1069 tenet
1820 1031 2056 1085 sponsae,
2091 1027 2151 1074 ut

576 1105 690 1160 Deo
717 1107 882 1159 homo
921 1106 1287 1174 desponsetur
1319 1113 1473 1158 casta
1519 1107 1694 1176 virgo,
1735 1117 1790 1161 et
1823 1107 1934 1163 Deo
1974 1111 2152 1182 agglu-

573 1197 783 1252 tinatus
834 1196 927 1250 fiat
976 1211 1119 1250 unus
1154 1196 1399 1266 spiritus,
1459 1212 1556 1266 per
1589 1201 2148 1268 contemperationem

575 1303 700 1343 cum
731 1302 798 1342 eo
819 1288 966 1358 quod
998 1295 1081 1342 est
1117 1287 1184 1341 ab
1214 1287 1438 1342 interitu
1475 1289 1710 1342 alienum
1741 1299 1797 1345 et
1828 1291 2146 1362 impatibile,

576 1379 645 1433 de
671 1379 820 1448 gravi
853 1394 1018 1432 carne
1042 1377 1266 1434 effectus
1294 1394 1432 1448 pura
1456 1379 1832 1451 intelligentia.
1862 1384 1998 1438 Cum
2021 1402 2151 1457 ergo

579 1469 652 1523 sit
699 1484 821 1538 quae
861 1468 1105 1537 loquitur
1143 1469 1430 1538 sapientia,
1485 1471 1650 1542 dilige
1695 1483 1959 1543 quantum
1998 1487 2151 1546 potes

577 1577 645 1614 ex
675 1568 790 1615 toto
822 1561 988 1616 corde
1021 1569 1073 1615 et
1101 1561 1232 1616 totis
1264 1561 1495 1628 viribus,
1529 1567 1856 1635 concupisce
1885 1578 2149 1638 quantum

577 1663 732 1724 potes
757 1667 973 1722 capere.
1000 1652 1156 1707 Addo
1182 1661 1364 1709 autem
1395 1654 1656 1710 audacter
1683 1658 1769 1712 his
1791 1674 2006 1729 quoque
2027 1677 2150 1715 ver-

579 1745 684 1808 bis,
716 1745 874 1799 Ama.
917 1742 1102 1812 Neque
1129 1744 1274 1797 enim
1307 1745 1723 1813 reprehensioni
1753 1756 1838 1803 est
1863 1747 2060 1813 afIinis,
2098 1758 2154 1804 et

577 1844 663 1892 est
711 1837 1028 1908 impatibilis
1065 1838 1119 1890 in
1160 1839 1501 1907 incorporeis
1534 1839 1649 1894 hazc
1681 1840 1915 1905 affectio.
1965 1851 2024 1896 ut
2059 1859 2150 1897 sa-

579 1932 783 2003 pientia
832 1931 965 1986 dicit
994 1932 1048 1985 in
1095 1931 1430 1997 Proverbiis,
1460 1933 1526 1987 de
1571 1949 1756 1989 amore
1792 1934 1992 1990 divina:
2031 1937 2150 2006 pul-

577 2023 909 2080 chritudinis
954 2023 1124 2093 legem
1157 2022 1361 2078 ferens.
1398 2023 1504 2078 Sed
1535 2025 1736 2080 similia
1766 2041 1985 2096 quoque
2013 2040 2151 2096 prae-

577 2116 719 2186 cepit
746 2116 883 2170 liber
913 2130 1059 2168 nunc
1091 2116 1430 2184 propositus,
1462 2131 1570 2171 non
1602 2116 1669 2172 de
1693 2117 1796 2172 hoc
1828 2119 2034 2173 nudum
2069 2133 2150 2173 so-

487 2227 491 2230 '
578 2208 856 2263 iummodo
878 2206 1112 2263 afferens
1135 2208 1425 2263 consilium
1451 2226 1464 2262 :
1496 2209 1592 2264 sed
1621 2225 1716 2279 per
1744 2225 1946 2265 arcana
1983 2212 2151 2281 philo-

578 2301 869 2370 50phatur,
896 2299 963 2354 iis
986 2314 1107 2368 quae
1125 2299 1522 2369 intelliguntur,
1549 2301 1922 2370 conjecturam
1944 2301 2151 2358 faciens

578 2391 864 2460 cujusdam
890 2391 1144 2458 imaginis
1164 2405 1351 2446 eorum
1375 2407 1496 2462 quae
1519 2392 1755 2459 jucunda
1779 2402 1909 2448 sunt
1935 2395 1990 2448 in
2015 2395 2148 2461 vita,

580 2481 648 2535 ad
673 2481 1056 2536 constituenda
1083 2482 1358 2554 dogmata.
1402 2483 1584 2554 Imago
1609 2493 1791 2540 autem
1815 2495 1900 2541 est
1925 2485 2148 2556 quidam

580 2581 877 2644 apparatus
912 2575 1190 2644 nuptialis,
1238 2576 1295 2630 in
1332 2591 1444 2646 quo
1478 2579 1770 2632 intercedit
1815 2578 2148 2634 desiderium

578 2664 1035 2734 pulchritudinis,
1052 2681 1162 2720 non
1188 2667 1428 2722 humano
1455 2684 1605 2725 more
1627 2685 1831 2739 sponso
1858 2671 2152 2741 incipiente

583 2759 754 2812 teneri
799 2758 1092 2823 desiderio,
1134 2759 1230 2814 sed
1270 2775 1530 2829 sponsum
1559 2762 1712 2833 virgo
1745 2764 2004 2832 pmvenit
2033 2764 2152 2819 sine

579 2851 803 2915 rubore,
852 2866 1011 2905 suum
1048 2851 1104 2906 in
1149 2851 1430 2922 publicum
1482 2851 1766 2924 proferens
1796 2853 2149 2919 desiderium,

579 2949 636 2996 et
657 2941 712 2996 in
731 2943 872 2997 votis
896 2942 1102 2998 habens
1133 2950 1192 2995 ut
1221 2941 1278 2996 in
1300 2943 1602 2999 osculando
1625 2941 1830 3016 sponso
1859 2945 2153 3016 aliquando

583 3051 644 3089 se
694 3035 948 3090 oblectet.
985 3033 1120 3088 Nam
1169 3036 1428 3104 quoniam
1465 3037 1590 3092 boni
1641 3051 1856 3109 sponsae
1895 3039 2148 3110 pronubi,

580 3123 927 3195 patriarchze,
952 3131 1005 3179 et
1029 3125 1325 3194 prophetae,
1346 3134 1400 3181 et
1428 3125 1789 3197 legislatores,
1810 3128 1992 3183 divina
2011 3129 2151 3185 dena

2247 644 2328 714 οἷς
2355 651 2414 703 τὸ
2436 650 2533 721 μέν
2559 648 3024 720 ὑπογραφόμενον,
3053 645 3408 716 ἐπιθαλάμιός
3442 651 3521 713 τίς
3548 651 3666 704 ἐστι
3701 651 3818 704 δια-

2249 742 2437 814 σκευὴ,
2483 742 2545 795 τὸ
2586 742 2631 794 δ’
2671 739 3018 812 ἐννοούμενον
3057 741 3156 810 τῆς
3199 737 3543 811 ἀνθρωπίνης
3578 743 3813 816 ψυχῆςή

2249 835 2386 906 πρὸς
2413 833 2473 886 τὸ
2503 833 2657 886 Θεῖὸν
2683 834 2829 886 ἐστιν
2855 833 3172 903 ἀνάκρασις.

2319 926 2417 980 Διά
2441 925 2599 979 τοῦτο
2633 926 2863 996 νυμφίος
2900 926 2928 978 ὁ
2963 924 3020 976 ἐν
3059 925 3177 986 ταῖς
3204 919 3531 992 Παροιμίαις
3565 919 3815 990 ὀνομάζει

2248 1037 2339 1072 ται
2373 1019 2505 1082 υίὸς,
2538 1018 2631 1072 καὶ
2656 1020 2689 1088 ἡ
2722 1016 2881 1086 σοφία
2918 1017 2996 1078 είς
3018 1014 3233 1084 νύμφης
3259 1012 3408 1078 τάξιν
3436 1011 3818 1080 ἀντιμεθίστα-

2247 1129 2360 1178 ται,
2391 1111 2478 1165 ἵνα
2523 1109 2861 1181 μνηπευσθῇ
2895 1107 2970 1177 τῷ
3004 1106 3120 1177 Θεῷ
3148 1109 3176 1159 ὁ
3201 1105 3485 1177 ἄνθρωπος
3514 1104 3650 1176 ἁγνὴ
3675 1122 3819 1176 παρ-

2253 1204 2425 1267 θένος,
2454 1204 2548 1256 καὶ
2586 1201 2864 1273 κολληθε“ις
2899 1199 2976 1271 τῷ
3005 1200 3196 1271 Κυρίῳ
3226 1199 3449 1268 γένηται
3484 1197 3700 1268 πνεῦμα
3732 1197 3811 1259 ἓν,

2252 1294 2340 1348 διὰ
2361 1293 2461 1364 τῆς
2483 1293 2617 1364 πρὸς
2645 1291 2704 1346 τὸ
2731 1292 3001 1364 ἀκήρατόν
3031 1309 3080 1343 τι
3109 1289 3203 1343 xal.
3231 1289 3440 1352 ἀπαθὲς
3467 1289 3819 1359 ἀνακράσεως

2253 1386 2429 1455 νόημα
2496 1383 2735 1452 καθαρὸν
2797 1380 2918 1434 ἀντὶ
2969 1379 3167 1450 σαρκὸς
3233 1378 3453 1449 βαρείας
3510 1379 3814 1448 γενόμενον.

2265 1473 2480 1543 Ἐπειδὴ
2531 1472 2708 1527 τοίνυν
2757 1471 2916 1540 σοφία
2950 1471 3093 1548 ἐστὶν
3139 1471 3173 1539 ὴ
3229 1468 3492 1530 λαλοῦσα,
3539 1468 3819 1539 ἀγάπησον

2253 1567 2375 1620 ὅσον
2398 1565 2616 1618 δύνασαι
2650 1563 2710 1628 ἐξ
2736 1564 2862 1632 ὅλης
2897 1561 3122 1632 καρδίας
3157 1577 3217 1612 τε
3249 1559 3341 1612 καὶ
3367 1560 3669 1629 δυνάμεως,
3704 1561 3820 1611 ἐπι-

2255 1658 2496 1728 θύμησον
2539 1658 2661 1709 ὅσον
2704 1657 2919 1727 χωρεῖς,
2957 1652 3292 1724 Προστίθημι
3333 1651 3388 1704 δὲ
3437 1651 3655 1723 θαρῤὦν
3708 1653 3818 1714 τοῖς

2256 1751 2462 1820 ῥήμασι
2507 1748 2732 1812 τούτοις,
2773 1747 2866 1799 καὶ
2908 1743 3683 1814 τὸ,Ἐράσθητι.’Λνέγκλητον
3711 1743 3819 1814 γὰρ

2253 1842 2409 1896 τοῦτο
2436 1842 2527 1895 καὶ
2538 1839 2744 1903 ἀπαθὲς
2761 1839 2851 1892 ἐπὶ
2876 1838 2982 1890 τῶν
3005 1837 3310 1907 ἀσωμάτων
3345 1835 3403 1888 τὸ
3429 1835 3616 1898 πάθος,
3640 1834 3820 1898 καθώς

2251 1951 2413 2004 φησιν
2442 1934 2474 2004 ή
2507 1933 2666 2001 σοφία
2701 1934 2758 1984 ἐν
2782 1933 2900 1994 ταῖς
2922 1930 3268 2002 Παροιμίαις,
3300 1928 3391 1982 τοῦ
3422 1927 3565 1980 θείου
3593 1927 3819 1991 κάλλους

2250 2026 2611 2099 νομοθετοῦσα
2632 2026 2720 2078 τὸν
2746 2024 2943 2096 ἔρωτα.
2972 2022 3130 2076 Ἀλλὰ
3157 2022 3250 2075 καὶ
3275 2023 3304 2075 ὁ
3330 2019 3424 2073 νῦν
3463 2022 3819 2090 προκείμενος

2250 2121 2404 2189 λόγος
2428 2119 2495 2172 τά
2517 2114 2610 2172 ἶσα
2632 2117 3038 2182 διακελεύεται,
3069 2116 3130 2168 οὐ
3157 2114 3367 2184 γυμνὴν
3406 2112 3503 2184 τὴν
3533 2113 3660 2182 περὶ
3689 2112 3818 2166 τού-

2249 2231 2341 2267 του
2371 2212 2677 2282 συμὸουλὴν
2702 2209 3018 2282 προσάγων,
3050 2207 3185 2261 ἀλλά
3217 2206 3284 2259 δι’
3315 2207 3641 2276 ἀπορρήτων
3671 2205 3819 2274 φιλοο

2253 2305 2436 2374 σοφεῖ,
2471 2307 2584 2366 τοῖς
2626 2304 2891 2373 νοήμασιν
2916 2301 3098 2353 εἰκόνα
3135 2298 3255 2352 τινὰ
3285 2297 3393 2350 τῶν
3433 2297 3571 2351 κατά
3593 2295 3684 2350 τὸν
3708 2295 3820 2366 βίον

2253 2395 2423 2466 ἡδέων
2446 2395 2524 2457 είς
2544 2393 2641 2465 τὴν
2664 2393 2770 2446 τῶν
2786 2392 3069 2462 δογμάτων
3093 2389 3294 2443 τούτων
3319 2387 3663 2458 κατασκευὴν
3686 2406 3822 2461 προ-

2257 2487 2610 2559 στησάμενος.
2650 2486 2715 2538 Ἣ
2740 2484 2796 2537 δὲ
2825 2482 2988 2537 εἰκὼν
3017 2482 3227 2553 γαμική
3255 2481 3334 2544 τίς
3358 2483 3471 2534 ἐστι
3487 2481 3818 2550 κατασκευὴ,

2257 2580 2312 2631 ἐν
2398 2574 2625 2638 κάλλους
2667 2573 2927 2645 ἐπιθυμία
2971 2571 3237 2643 μεσιτεύει
3269 2570 3346 2642 τῷ
3377 2569 3525 2641 πόθῳ
3545 2611 3559 2632 ,
3585 2570 3644 2622 ού
3678 2569 3822 2623 κατά

2252 2675 2352 2746 τὴν
2376 2671 2719 2740 ἀνθρωπίνην
2737 2668 3024 2740 συνήθειαν
3040 2666 3133 2719 τοῦ
3161 2666 3391 2736 νυμφίου
3409 2665 3507 2736 τῆς
3528 2663 3821 2733 ἐπιθυμίας

2252 2766 2639 2837 κατάρξαντος,
2672 2762 2808 2817 ἀλλά
2834 2759 3200 2834 προλαμϐάνει
3231 2759 3319 2846 τὸν
3347 2757 3575 2828 νυμφίον
3611 2758 3643 2827 ή
3677 2773 3821 2828 παρ-

2253 2859 2402 2922 θένος
2445 2855 2884 2925 ἀνεπαισχύντως
2933 2853 3024 2906 τὸν
3063 2852 3224 2906 πόθον
3258 2849 3691 2922 δημοσιεύουσα,
3725 2849 3820 2901 καὶ

2252 2947 2415 3018 εὐχὴν
2463 2945 2752 3016 ποιουμένη
2794 2943 2888 2997 τοῦ
2930 2940 3200 3013 νυμφικοῦ
3234 2957 3363 2995 ποτε
3405 2939 3819 3010 κατατρυφῆσαι

2254 3040 2572 3110 φιλήματος.
2626 3036 2841 3108 Ἐπειδὴ
2881 3036 2989 3108 γάρ
3039 3037 3088 3089 οἱ
3147 3033 3342 3104 ἀγαθοὶ
3392 3033 3488 3104 τῆς
3553 3032 3818 3106 παρθένου

2255 3133 2692 3204 προμνήστορες,
2737 3129 3068 3201 πατριάρχαι
3119 3145 3180 3180 τε
3226 3126 3320 3181 καὶ
3365 3127 3673 3198 προφῆται,
3729 3126 3816 3178 καὶ

581 3232 797 3288 sponsae
837 3217 1155 3280 attulerunt,
1194 3234 1316 3288 quae
1359 3218 1535 3274 Graeci
1572 3221 1748 3277 solent
1783 3235 1978 3277 vocare
2007 3222 2149 3290 ἕδνα,

2255 3223 2538 3294 νομοθέται
2585 3222 2931 3292 προσήγαγον
2971 3222 3037 3291 τῇ
3089 3218 3536 3290 μεμνηπευμὲνῃ
3587 3217 3655 3272 τὰ
3701 3218 3818 3271 θεία

522 3379 527 3384 τ
581 3311 656 3364 ita
679 3309 1021 3363 nominantes
1049 3309 1375 3366 donationes
1397 3320 1522 3366 ante
1551 3314 1791 3384 nuptias;
1829 3314 1944 3368 haec
1969 3321 2150 3369 autem

581 3409 710 3457 sunt
742 3402 992 3456 remissio
1017 3402 1363 3468 delictorum,
1392 3404 1596 3460 oblivio
1622 3406 1913 3468 malorum,
1945 3406 2155 3476 peccati

581 3494 808 3557 ablatio,
851 3501 1060 3548 natura
1093 3495 1530 3562 transformatio,
1582 3497 1702 3565 ejus
1745 3498 1801 3552 in
1831 3497 1977 3568 quod
2009 3499 2156 3553 cadit

581 3585 863 3647 interitus,
919 3585 973 3638 in
1026 3585 1078 3639 id
1120 3587 1173 3640 in
1215 3587 1361 3657 quod
1392 3603 1501 3642 non
1537 3588 1707 3646 cadit.
1747 3590 2154 3654 transmutatio,

583 3677 794 3733 delicia:
837 3679 1099 3748 paradisi,
1147 3682 1300 3751 regni
1354 3680 1614 3751 dignitas,
1669 3683 1852 3737 laetitia
1899 3699 2020 3754 qua:
2048 3684 2155 3740 fine

583 3778 754 3823 caret.
787 3769 923 3824 Cum
961 3770 1075 3825 haec
1110 3787 1246 3842 ergo
1288 3771 1472 3826 divina
1500 3773 1642 3827 dona
1671 3774 1824 3843 virgo
1853 3775 2154 3844 accepisset

583 3875 616 3914 a
651 3861 926 3930 praeclaris
962 3863 1373 3934 paranymphis,
1404 3871 1458 3918 et
1489 3863 1687 3919 fatetur
1715 3865 2067 3926 desiderium.
2099 3877 2154 3921 et

585 3956 808 4012 festinat
861 3958 968 4013 frui
1019 3958 1190 4028 gratia
1242 3958 1667 4028 pulchritudinis
1705 3958 1827 4028 ejus
1862 3975 2020 4029 quem
2061 3959 2152 4013 de-

583 4047 808 4102 siderat.
844 4047 973 4103 Eam
1022 4050 1331 4104 auscultant
1376 4050 1622 4119 quaedam
1657 4050 1706 4105 ei
1759 4050 2056 4104 familiares
2100 4064 2153 4106 et

583 4147 740 4193 aetate
777 4154 958 4208 pares,
1002 4155 1261 4210 sponsam
1296 4140 1588 4196 incitantes
1617 4140 1682 4194 ad
1718 4139 1894 4210 majus
1941 4139 2152 4196 deside-

583 4229 748 4283 rium.
806 4229 1029 4286 Accedit
1081 4233 1243 4287 etiam
1305 4247 1541 4302 sponsus
1590 4232 1868 4289 adducens
1922 4232 2147 4286 chorum

583 4320 940 4392 quorumdam
987 4322 1284 4377 amicorum
1320 4332 1373 4379 et
1406 4324 1582 4379 eidem
1613 4334 1912 4396 gratorum.
1951 4324 1992 4378 li
2023 4333 2150 4380 sunt

584 4422 764 4465 autem
793 4411 1247 4468 administratorii
1288 4415 1534 4485 spiritus,
1579 4431 1677 4485 per
1701 4432 1840 4487 quos
1864 4423 2150 4472 servantur

585 4501 857 4568 homines,
887 4510 980 4555 aut
1014 4505 1187 4558 sancti
1213 4506 1511 4576 prephetze,
1548 4508 1638 4577 qui
1675 4508 1861 4578 sponsi
1893 4523 2025 4562 voce
2053 4523 2149 4562 au-

2255 3315 2586 3387 χαρίσματα,
2617 3312 2758 3384 ἆπερ
2784 3312 2908 3364 ἕδνα
2940 3311 3095 3365 καλεί
3121 3313 3154 3381 ή
3187 3309 3459 3380 συνήθεια,
3485 3307 3554 3361 τὰ
3578 3307 3684 3379 πρὸ
3712 3307 3819 3360 τῶν

2253 3406 2444 3477 γάμων
2461 3401 2607 3475 δῶρα
2635 3402 2775 3456 οὕτω
2802 3401 3263 3472 κατονομάζουσα.
3299 3400 3480 3452 Ταῦτα
3506 3399 3561 3451 δὲ
3587 3393 3655 3467 ἦν
3688 3399 3808 3466 ἀφε-

2255 3515 2338 3560 σις
2393 3494 2886 3566 παραπτωμάτων,
2938 3492 3239 3564 ἀμνηστεία
3278 3491 3490 3552 κακῶν,
3546 3489 3816 3560 ἁμαρτίας

2253 3588 2558 3659 ἀναίρεσις,
2613 3583 3088 3656 μεταστοιχείωσις
3143 3582 3388 3652 φύσεως,
3431 3580 3523 3635 τοῦ
3579 3581 3817 3652 φθαρτοῦ

2253 3682 2388 3750 πρὸς
2429 3677 2490 3730 τὸ
2525 3675 2797 3748 ἄφθαρτον
2832 3674 3218 3746 μεταποίησις,
3256 3673 3577 3744 παραδείσου
3604 3671 3814 3743 τρυφὴ,

2255 3768 2528 3839 βασιλείας
2575 3767 2820 3837 ἀξίωμα,
2875 3765 3178 3837 εὐφροσύνη
3247 3764 3396 3827 τέλος
3444 3763 3543 3816 οὐκ
3597 3763 3815 3834 ἔχουσα.

2253 3857 2434 3912 Ταῦτα
2461 3857 2635 3910 τοίνυν
2664 3857 2696 3926 ή
2721 3855 2986 3924 παρθένος
3011 3853 3275 3924 δεξαμένη
3301 3853 3366 3906 τὰ
3387 3851 3503 3905 θεῖα
3521 3852 3817 3922 δωρήματα

2251 3949 2401 4020 παρά
2425 3949 2531 4000 τῶν
2560 3947 2737 4000 καλῶν
2763 3946 3080 4016 ἐδνοφόρων,
3114 3944 3220 3997 τῶν
3241 3944 3328 3996 διὰ
3354 3943 3452 4013 τῆς
3475 3942 3815 4015 προφητικῆς

2251 4039 2593 4102 διδασκαλίας
2626 4039 2762 4110 αὐτῇ
2785 4037 3239 4110 προσαγαγόντων
3270 4035 3336 4088 τὰ
3363 4035 3508 4106 δῶρα
3525 4074 3540 4093 ,
3568 4035 3662 4087 καὶ
3685 4037 3813 4103 ὁμο-

2252 4132 2397 4199 λογεῖ
2418 4129 2515 4198 τὴν
2551 4128 2874 4198 ἐπιθυμίαν,
2904 4127 2999 4181 καὶ
3031 4125 3344 4180 ἐπισπεύδει
3377 4125 3473 4196 τὴν
3500 4125 3676 4196 χάριν,
3713 4125 3811 4194 ήδη

2251 4223 2348 4293 τῆς
2361 4220 2509 4291 ὥρας
2527 4219 2616 4272 τοῦ
2632 4218 2961 4289 ποθουμένου
2986 4218 3404 4288 κατατρυφῆσαι
3425 4215 3809 4280 σπουδάζουσα.

2264 4314 2590 4386 Ἀκροῶνται
2620 4312 2790 4382 αὐτῆς
2828 4311 3072 4382 συνήθεις
3099 4310 3240 4371 τινὲς
3271 4309 3364 4361 καὶ
3393 4307 3651 4379 ὁμήλικες
3679 4307 3813 4378 πρὸς

2255 4409 2473 4478 μείζονα
2497 4407 2597 4477 τὴν
2633 4404 2847 4476 νύμφην
2864 4402 3158 4473 ἐπιθυμίαν
3183 4401 3594 4472 διερεθίζουσαι.
3631 4401 3813 4470 Παρα-

2252 4498 2533 4569 γίνεταιδέ
2555 4497 2648 4550 καὶ
2672 4498 2700 4550 ὁ
2723 4495 2950 4566 νυμφίος
2967 4535 2982 4560 ,
3021 4495 3191 4564 φίλων
3229 4493 3376 4564 αὐτῷ
3402 4510 3562 4546 τινων
3595 4493 3686 4546 καὶ
3710 4509 3809 4545 κα-

583 4592 718 4656 dita,
748 4592 999 4646 1-.etantur
1047 4601 1100 4648 et
1131 4597 1405 4650 exsultant
1433 4597 1502 4651 ob
1535 4612 1726 4667 puram
1759 4598 1903 4652 etab
1931 4597 2149 4651 interitu

2253 4593 2528 4663 ταθυμίων
2551 4591 2706 4662 χορὸν
2727 4589 3081 4658 ἐπαγόμενος.
3109 4581 3270 4641 Οὗτοι
3298 4587 3344 4640 δ’
3371 4587 3436 4641 ἄν
3454 4588 3589 4640 εἰσιν
3610 4587 3676 4638 τά
3701 4585 3812 4638 λει-

583 4681 816 4735 alienam
877 4699 996 4752 qua
1047 4698 1459 4740 consummatur
1526 4688 1988 4756 conjunctionem,
2056 4703 2151 4756 per

582 4789 744 4843 quam
781 4774 957 4827 anima
986 4774 1096 4830 Deo
1136 4777 1424 4848 conjuncta
1456 4779 1514 4833 fit
1542 4797 1684 4835 unus
1732 4781 1977 4851 spiritus,
2008 4781 2148 4836 sicut

582 4868 713 4920 dicit
737 4869 1027 4936 Apostolus
1059 4869 1124 4922 ⁸⁸.

2253 4685 2515 4755 τουργικά
2542 4682 2844 4752 πνεύματα,
2879 4680 2945 4733 δι’
2971 4673 3044 4732 ὧν
3076 4682 3126 4732 οἱ
3169 4680 3440 4751 ἄνθρωποι
3471 4678 3748 4742 σώζονται,
3776 4678 3809 4747 ἢ

2253 4783 2300 4832 οἱ
2328 4778 2596 4848 προφῆται
2617 4775 2665 4826 οἱ
2695 4773 2860 4840 ἅγιοι,
2887 4773 2934 4826 οἳ
2961 4773 3055 4843 τῆς
3082 4771 3262 4842 φωνῆς
3288 4771 3380 4836 τοῦ
3402 4771 3631 4842 νυμφίου
3655 4771 3814 4824 ἀκού·

2257 4887 2478 4933 σαντες.
2524 4866 2767 4938 χαίρουσι
2807 4881 2866 4916 τε
2907 4865 2999 4918 καὶ
3036 4864 3355 4932 ἀγάλλονται
3399 4867 3496 4934 τῆς
3535 4863 3810 4934 ἀκηράτου

583 4958 839 5026 συζυγίας
874 4959 1282 5032 ἁρμοζομένης,
1329 4962 1394 5015 δι’
1422 4959 1490 5038 ἦς
1522 4967 1554 5036 ἡ
1584 4965 1895 5037 κολλωμένη
1923 4964 2000 5036 τῷ
2055 4965 2243 5036 Κυρίῳ
2268 4961 2434 5032 ψυχὴ,
2466 4959 2522 5010 ἓν
2553 4956 2767 5027 πνεῦμα
2827 4955 3067 5025 γίνεται,
3135 4954 3316 5019 καθώς
3351 4972 3513 5024 φησιν
3584 4955 3610 5008 ὁ
3651 4956 3810 5009 Ἀπό-

582 5052 783 5114 στολος.

651 5142 864 5198 Rursus
895 5144 1080 5214 itaque
1113 5145 1167 5198 in
1193 5143 1505 5203 Proverbiis
1531 5158 1772 5219 repetam
1801 5150 2137 5204 orationem:

579 5233 747 5287 Nemo
777 5249 907 5303 ergo
932 5235 1434 5304 perturbationibus
1451 5239 1619 5292 animi
1649 5241 1922 5295 obnoxius
1945 5247 2000 5294 et
2019 5255 2141 5294 caro

576 5328 740 5389 nalis,
769 5329 969 5382 veteris
1006 5329 1243 5384 hominis
1282 5339 1557 5386 mortuum
1591 5332 1770 5386 adhuc
1803 5333 1957 5386 olens
2006 5331 2142 5386 feto-

577 5436 715 5484 rem,
753 5419 819 5472 ad
857 5420 1126 5476 belluinas
1169 5424 1353 5477 trahat
1385 5423 1620 5493 ineptias
1658 5424 1919 5480 divinitus
1973 5425 2145 5494 inspi-

577 5521 822 5566 ratarum
870 5513 1268 5568 sententiarum
1327 5529 1391 5567 ac
1439 5515 1728 5570 verborum
1786 5514 2146 5583 significatio-

577 5620 711 5660 nes:
751 5605 845 5659 sed
876 5607 1258 5676 unusquisque
1290 5611 1451 5676 ipsea
1485 5608 1667 5677 seipso
1689 5607 1984 5671 excedens,
2020 5624 2143 5662 cum

576 5696 742 5753 fuerit
765 5704 920 5751 extra
944 5698 1206 5752 mundum
1231 5701 1592 5767 materialem,
1635 5711 1686 5756 et
1714 5716 1810 5771 per
1866 5701 2142 5771 impatihi-

651 5876 696 5908 "
720 5877 919 5944 Ephes.
952 5892 1024 5940 Iv,
1055 5876 1110 5931 ι.

2321 5154 2486 5208 Πάλιν
2535 5153 2710 5206 τοίνυν
2745 5149 2807 5204 ἐν
2848 5156 2974 5214 ταῖς
3018 5149 3342 5220 Παροιμίαις
3393 5150 3809 5222 ἐπαναλήψομαι

2249 5248 2340 5300 τὸν
2365 5246 2521 5314 λόγον
2546 5263 2558 5276 ·
2602 5243 2690 5316 Μή
2741 5261 2822 5306 τις
2872 5241 3121 5312 ἐμπαθὴς
3149 5243 3241 5294 καὶ
3270 5240 3575 5312 σαρκώδης,
3611 5242 3690 5296 ἔτι
3711 5245 3810 5314 τῆς

2249 5341 2448 5411 νεκρᾶς
2468 5337 2556 5392 τοῦ
2583 5335 2808 5389 παλαιοῦ
2825 5333 3110 5406 ἀνθρώπου
3133 5333 3390 5395 δυσωδίας
3414 5334 3650 5398 ἀπόζων,
3675 5337 3809 5407 πρὸς

2249 5431 2347 5493 τὰς
2369 5429 2654 5499 κτηνώδεις
2676 5427 2896 5495 ἀλογίας
2925 5425 3274 5495 κατασυρὲτω
3305 5425 3402 5487 τὰς
3426 5425 3532 5478 τῶν
3557 5427 3809 5479 θεοπνεύ-

2249 5540 2390 5575 στων
2451 5522 2733 5590 νοημάτων
2783 5537 2840 5571 τε
2902 5519 2998 5571 καὶ
3050 5517 3306 5588 ῥημάτων
3347 5517 3649 5586 ἐμφάσειςο
3691 5519 3805 5571 ἀλλ’

2247 5611 2413 5674 ἐκϐὰς
2449 5611 2672 5671 ἕκαστος
2699 5608 2862 5671 αὐτὸς
2893 5607 3107 5669 ἑαυτοῦ,
3144 5607 3238 5660 καὶ
3264 5607 3366 5671 ἔξω
3392 5607 3483 5660 τοῦ
3510 5607 3692 5661 ύλικοῦ
3717 5610 3807 5661 κό-

2253 5721 2389 5774 σμου
2417 5703 2720 5773 γενόμενος,
2757 5701 2848 5753 καὶ
2873 5697 3178 5753 ἐπανελθὼν
3211 5699 3408 5768 τρόπον
3429 5700 3545 5753 τινὰ
3573 5701 3637 5753 δι’
3667 5703 3808 5755 άπα-
