4116 6496
369 421 477 476 773

1391 405 1458 460 IN
1485 401 1784 460 CANTICA
1823 397 2099 456 CANTIC.
2143 399 2428 456 HOMILIA
2469 402 2508 456 l.

3515 408 3616 462 ττι

371 541 524 602 θείας
575 536 657 598 είς
721 534 810 583 τὸν
867 529 1226 600 παράδεισον,
1293 526 1386 580 καὶ
1431 527 1520 581 διὰ
1568 525 1938 596 καθαρότητος

2067 523 2253 576 itatem
2288 523 2694 593 quodammodo
2724 525 2952 582 redierit
2987 527 3042 583 in
3080 525 3416 598 paradisum,
3445 536 3498 581 et
3524 545 3619 599 per

365 626 654 700 ὁμοιωθεὶς
680 621 756 690 τῷ
781 618 899 689 Θεῷ
919 636 931 647 ·
955 618 1129 682 οὕτως
1157 618 1248 670 ἐπὶ
1269 617 1328 670 τὸ
1354 617 1545 672 ἄδυτον
1570 617 1676 671 τῶν
1713 633 1945 687 προφαι-

370 717 610 788 νομένων
663 712 794 780 ήμῖν
846 707 934 762 διὰ
977 709 1071 762 τοῦ
1133 708 1336 778 βιϐλίου
1378 707 1567 760 τούτου
1633 705 1944 778 μυστηρίων

372 805 635 880 χωρείτω.
665 804 728 855 Εί
767 803 824 856 δέ
873 819 1013 855 τισιν
1054 799 1546 871 ἀπαρασκεύαστός
1574 801 1721 853 ἐστιν
1749 797 1945 868 ἡψυχὴ

368 897 504 968 πρὸς
536 895 634 966 τὴν
682 894 934 964 τοιαύτην
967 894 1248 964 ἀκρόασιν,
1271 892 1559 945 ἀκουσάτω
1579 891 1672 944 τοῦ
1704 889 1946 952 Μωσέως

368 989 808 1060 νομοθετοῦντος,
839 986 912 1058 μὴ
945 985 1356 1056 κατατολμῆσαι
1391 986 1489 1056 τῆς
1522 986 1612 1038 ἐπὶ
1632 986 1694 1038 τὸ
1728 984 1852 1055 ὅρος
1885 983 1945 1036 τὸ

369 1080 738 1150 ⁶πνευματικὸν
786 1079 1122 1142 ἀναϐάσεως,
1167 1079 1296 1150 πρὶν
1335 1077 1535 1131 πλῦναι
1566 1078 1674 1131 τῶν
1707 1075 1946 1149 καρδιῶν

369 1173 528 1244 ἡμῶν
572 1173 640 1226 τά
690 1171 903 1242 ἱμάτια,
947 1172 1043 1226 καὶ⁸
1069 1173 1179 1234 τοῖς
1203 1172 1505 1241 καθήκουσι
1533 1171 1642 1223 τῶν
1667 1170 1946 1241 λογισμῶν

374 1264 856 1336 περιρραντηρίοις
884 1263 981 1326 τὰς
1007 1262 1184 1334 ψυχὰς
1204 1262 1631 1333 ἀφαγνίσασθαι.
1662 1263 1823 1314 Ὥστε
1851 1259 1946 1315 νῦν

371 1361 433 1411 ὲν
459 1352 503 1427 ᾧ
537 1359 712 1429 χρόνῳ
747 1356 1182 1428 προσεδρεὺομεν
1224 1359 1290 1427 τῇ
1328 1355 1530 1428 θεωρίᾳ
1559 1355 1750 1426 ταύτῃ,
1777 1354 1947 1425 λήθην

371 1449 479 1500 τῶν
507 1448 759 1518 γαμικῶν
790 1448 1076 1518 νοημάτων
1109 1447 1456 1516 ποιήσασθαι.
1483 1448 1622 1500 κατά
1651 1447 1711 1500 τὸ
1739 1447 1949 1516 παράγ-

373 1543 548 1612 γελμα
586 1542 678 1594 τοῦ
702 1541 998 1604 Μωῦσέως,
1021 1540 1116 1594 τοῦ
1141 1539 1466 1611 καθαρεύειν
1494 1539 1601 1592 ἀπὸ
1620 1538 1730 1593 τῶν
1755 1539 1948 1609 γάμων

373 1633 499 1693 τοὺς
557 1629 1120 1700 μυσταγωγουμένους
1174 1629 1674 1700 νομοθετήσαντος’
1724 1630 1818 1682 καὶ
1858 1628 1950 1682 διά

373 1724 592 1776 πάντων
625 1722 916 1776 ἀναλαϐεῖν
943 1717 1098 1792 οἶμαι
1116 1722 1223 1774 δεῖν
1253 1724 1398 1792 ἡμᾶς
1437 1723 1504 1775 τά
1537 1722 1631 1775 τοῦ
1655 1723 1946 1796 νομοθέτου

375 1817 790 1887 προστάγματα,
863 1815 1154 1886 μέλλοντας
1209 1816 1555 1887 προσϐαίνειν
1586 1816 1662 1887 τῷ
1701 1834 1944 1886 πνευμα-

375 1910 513 1980 τικῷ
560 1910 659 1978 τῆς
709 1909 1035 1977 θεογνωσίας
1059 1909 1193 1979 ὄρει,
1235 1910 1292 1961 ὲν
1323 1902 1367 1976 ᾧ
1395 1909 1456 1962 τὸ
1502 1909 1635 1980 θῆλυ
1661 1909 1816 1978 γένος
1841 1909 1950 1962 τῶν

373 1998 649 2069 λογισμῶν
682 1999 818 2069 μετά
845 2001 941 2064 τῆς
965 1998 1156 2068 ὑλικῆς
1173 1999 1483 2071 ἀποσκευῆς
1502 1999 1580 2069 τῷ
1606 1999 1757 2054 κάτω
1777 2016 1950 2054 κατα-

375 2093 619 2146 λείπεται
652 2093 772 2162 βίῳ.
833 2093 947 2146 Πᾶν
971 2091 1027 2145 δὲ
1065 2091 1256 2161 ἄλογον
1278 2091 1476 2162 νόημα,
1506 2094 1554 2146 εἰ
1591 2094 1717 2164 περὶ
1753 2092 1812 2146 τὸ
1838 2110 1950 2146 τοι-

376 2186 531 2240 οῦτον
566 2186 691 2256 ὅρος
714 2185 929 2256 ὀφθείη,
956 2189 1067 2250 τοῖς
1101 2188 1471 2259 στερῥοτέροις
1495 2187 1798 2258 λογισμοῖς,
1842 2183 1952 2241 οἷόν

375 2297 487 2333 τισι
511 2279 676 2342 λίθοις
696 2277 1141 2346 καταφονεὺεται.
1168 2279 1336 2344 Μόλις
1365 2280 1471 2352 γὰρ
1505 2281 1570 2334 ἂν
1603 2279 1746 2334 οὕτω
1772 2281 1956 2351 χωρή-

385 2387 576 2440 σαιμεν
604 2371 702 2439 τὴν
722 2369 902 2440 φωνήν
927 2369 1025 2438 τῆς
1056 2369 1354 2438 σάλπιγγος
1368 2369 1593 2440 ταύτης,
1621 2369 1762 2441 μέγα
1781 2387 1835 2423 τι
1862 2370 1956 2422 καὶ

379 2461 618 2527 ἐξαίσιον
650 2461 745 2514 καὶ
771 2461 911 2532 ὑπὲρ
933 2460 1031 2532 τὴν
1057 2460 1286 2532 δύναμιν
1309 2459 1416 2513 τῶν
1459 2461 1766 2532 δεχομένων
1792 2460 1957 2532 ἠχού-

383 2571 502 2623 σης,
541 2555 607 2624 ῆν
631 2553 794 2616 αὑτὸς
821 2556 849 2607 ὁ
886 2552 1082 2623 γνόφος
1106 2553 1206 2624 τῆς
1235 2554 1500 2622 ἀσαφείας
1535 2554 1804 2625 προΐεται,
1836 2557 1893 2608 ὲν

381 2650 532 2699 ἐστιν
584 2647 612 2699 6
662 2645 815 2709 Θεὸς,
845 2646 873 2698 6
912 2646 972 2699 τὸ
1019 2647 1202 2700 ὑλικδν
1252 2649 1397 2702 ἅπαν
1449 2647 1543 2700 ἐπὶ
1573 2647 1665 2701 τοῦ
1714 2648 1956 2702 τοιούτου

377 2740 543 2810 ὅρους
588 2738 666 2809 τῷ
724 2739 856 2811 πυρὶ
889 2739 1266 2808 καταφλέγων.
1293 2739 1432 2808 Ἤδη
1482 2740 1663 2793 τοίνυν
1682 2741 1834 2805 ἐντὸς
1864 2740 1958 2795 τοῦ

371 2818 578 2901 κἈγίου
598 2832 703 2885 τῶν
729 2831 902 2900 ἁγίων
925 2829 1234 2901 γενώμεθα,
1263 2833 1400 2902 ὅπερ
1423 2833 1540 2886 ἐστὶ
1569 2833 1629 2887 τὸ
1643 2829 1836 2905 ’ᾋσμα
1852 2833 1959 2888 τῶν

382 2925 664 2994 ᾀσμάτων.
699 2924 787 2987 Ὠς
815 2923 923 2994 γὰρ
947 2930 1006 2984 ὲν
1020 2925 1098 2996 τῷ
1119 2924 1288 2996 Ἀγίῳ⁵
1305 2925 1412 2978 τῶν
1433 2926 1604 2988 ἁγίων
1621 2926 1962 2997 πλεονασμόν

384 3033 508 3070 τινα
532 3017 628 3069 καὶ
657 3016 910 3070 ἐπίτασιν
932 3018 1027 3086 τῆς
1061 3017 1345 3084 ἁγιότητος
1367 3017 1456 3069 διὰ
1469 3018 1568 3086 τῆς
1598 3017 1961 3089 ὑπερθετικῆς

383 3109 588 3180 ταύτης
612 3109 795 3180 φωνῆς
825 3107 1185 3180 διδασκόμεθα
1205 3126 1219 3140 ο
1242 3108 1386 3163 οὑτω
1407 3111 1501 3164 καὶ
1521 3111 1610 3164 διὰ
1637 3111 1728 3164 τοῦ
1746 3113 1960 3183 ’ᾼσμα-

2047 615 2348 684 puritatem
2409 613 2520 670 Deo
2579 617 2780 672 similis
2837 621 3094 683 evaserit,
3135 620 3207 674 ita
3242 620 3501 688 procedat
3553 620 3620 674 ad

2046 711 2270 779 adytum
2302 710 2718 780 mysteriorum,
2755 727 2879 780 quae
2910 713 2966 766 in
3013 711 3120 767 boc
3161 719 3425 782 apparent
3456 712 3620 766 libro.

2047 799 2204 867 Quod
2250 801 2296 856 si
2329 802 2396 855 ad
2441 801 2552 856 haec
2591 801 2862 857 audienda
2905 803 2979 858 sit
3017 805 3291 874 aliquibus
3323 806 3624 873 imparatus

2047 895 2289 954 animus.
2323 894 2513 948 audiat
2543 893 2748 948 Mosem
2781 895 2897 966 lege
2923 907 3233 965 caventem,
3271 913 3341 952 ne
3371 897 3440 951 ad
3466 914 3624 952 mon-

2049 993 2158 1040 tem
2196 985 2542 1055 spiritualem
2573 985 2878 1041 audeamus
2923 990 3245 1053 ascendere,
3301 990 3622 1060 priusquam

2046 1077 2301 1132 cordium
2329 1086 2645 1134 nostrorum
2688 1079 2987 1136 laverimus
3018 1083 3368 1145 vestimenta,
3394 1092 3450 1138 et
3489 1099 3625 1138 con-

2049 1170 2398 1225 venientibus
2466 1171 2866 1241 cogitationum
2940 1173 3357 1244 aspersionibus
3411 1177 3624 1230 animas

2047 1263 2478 1332 expiavcrimus.
2511 1262 2876 1328 Quamobrem
2908 1280 3074 1328 nunc,
3121 1265 3250 1320 dum
3283 1268 3336 1320 in
3367 1267 3467 1322 hac
3492 1267 3626 1321 assi-

2049 1355 2244 1410 dcmus
2287 1355 2772 1424 contemplatione,
2821 1356 3081 1410 existimo
3113 1365 3362 1427 oportere
3409 1357 3626 1428 nuptia-

2049 1447 2182 1500 lium
2212 1445 2461 1502 oblivisci
2481 1448 2900 1517 cogitationum,
2942 1449 3334 1503 convenienter
3354 1455 3627 1518 praecepto

2050 1538 2243 1604 Mosis,
2276 1541 2368 1610 qui
2395 1541 2509 1611 lege
2537 1541 2700 1598 cavit,
2730 1548 2788 1594 ut
2825 1541 2922 1610 qui
2955 1541 3308 1595 initiarentur
3327 1541 3624 1612 mysteriis.

2051 1633 2174 1702 puri
2199 1640 2434 1687 essenta
2459 1634 2770 1702 nuptiis:et
2796 1633 2852 1702 in
2885 1633 3142 1688 omnibus
3175 1633 3456 1702 suscipere
3486 1647 3630 1702 prae-

2051 1701 2208 1794 cepta
2235 1701 2565 1794 legislatoris
2595 1740 2691 1779 eos
2713 1725 2807 1793 qui
2829 1701 2968 1778 sunt
3004 1701 3334 1793 processuri
3354 1722 3422 1776 ad
3467 1701 3628 1790 spiri-

2052 1817 2257 1871 tualem
2303 1825 2541 1870 montem
2593 1816 2772 1884 legis,
2833 1816 2885 1869 in
2937 1832 3046 1885 quo
3084 1815 3409 1868 femininum
3452 1828 3628 1884 genus

2052 1908 2446 1978 c0gitationuin
2502 1921 2625 1960 cum
2667 1915 2932 1975 apparatu
2986 1904 3252 1960 materiali
3300 1903 3629 1973 relinquitur

2051 2003 2109 2058 in
2156 2003 2270 2056 vita
2330 2002 2602 2056 inferiori.
2657 2001 2876 2067 Quaavis
2922 2009 3104 2055 autem
3144 1998 3378 2054 rationis
3429 2012 3628 2067 expers

2053 2097 2255 2151 mentis
2295 2095 2606 2164 conceptio,
2641 2095 2687 2149 si
2720 2094 2775 2147 in
2806 2094 2912 2148 hoc
2947 2102 3133 2148 monte
3161 2093 3276 2146 visa
3317 2091 3508 2153 fuerit,
3552 2090 3624 2144 ri-

2055 2191 2362 2260 gidioribus
2412 2189 2866 2260 cogitationibus,
2900 2187 3070 2242 veluti
3112 2187 3442 2258 quibusdam
3491 2185 3630 2258 lapi-

2055 2281 2236 2344 dibus,
2277 2279 2588 2336 occidetur.
2616 2277 2754 2332 Nam
2779 2278 2861 2332 sic
2889 2276 3108 2347 quidem
3142 2277 3233 2329 vix
3289 2274 3630 2340 audierimus

2055 2388 2245 2428 vocem
2279 2372 2444 2442 hujus
2472 2371 2633 2435 tuba},
2669 2385 2792 2440 qua:
2819 2385 3078 2440 magnum
3124 2377 3178 2424 et
3218 2368 3378 2423 valde
3421 2368 3631 2422 miran-

2057 2467 2187 2521 dum
2228 2465 2344 2521 edit
2376 2466 2643 2532 sonitum,
2687 2474 2743 2519 et
2774 2479 2942 2534 supra
2976 2465 3125 2520 vires
3155 2479 3345 2519 eorum
3367 2463 3459 2533 qui
3503 2477 3631 2518 sus-

2057 2557 2290 2628 cipiunt,
2341 2572 2506 2625 quam
2544 2557 2752 2612 emittit
2792 2558 2910 2626 ipsa
2953 2557 3134 2626 caligo
3180 2555 3537 2610 obscuritatis
3574 2555 3631 2610 in

2057 2668 2165 2722 qua
2196 2659 2281 2708 est
2313 2649 2480 2714 Deus,
2507 2651 2602 2722 qui
2647 2651 2772 2721 igne
2808 2650 3086 2706 comburit
3131 2649 3394 2720 quidquid
3439 2659 3525 2705 est
3573 2649 3632 2705 in

2059 2743 2166 2798 hoc
2228 2749 2416 2798 monte
2462 2741 2736 2812 particeps
2766 2749 3026 2796 materne.
3047 2739 3164 2794 Jam
3191 2757 3322 2812 ergo
3354 2740 3634 2811 ingredia-

2060 2851 2184 2890 mttr
2202 2829 2465 2888 Sanctum
2494 2844 2837 2897 sanctorum,
2886 2833 3034 2904 quod
3063 2834 3284 2902 quidem
3321 2843 3406 2889 est
3445 2835 3635 2889 Canti-

2061 2945 2186 2987 cum
2217 2929 2581 2983 canticorum.
2608 2926 2728 2992 Quo
2754 2925 2917 2981 modo
2949 2926 3094 2981 enim
3129 2927 3183 2980 in
3202 2927 3399 2983 Sancto
3415 2934 3635 2982 saneto—

2061 3039 2185 3080 rum
2213 3022 2478 3076 docemur
2513 3019 2806 3091 quamdam
2845 3019 3234 3074 abundantiam
3279 3029 3332 3075 et
3370 3021 3637 3077 inteosio.

2062 3132 2186 3172 nem
2215 3115 2524 3172 sanctitatis
2560 3129 2656 3183 per
2694 3112 2836 3166 hanc
2860 3127 3048 3166 vocem
3091 3113 3476 3182 superlativam
3509 3133 3522 3169 :
3560 3116 3634 3170 ita

365 3215 475 3269 “to;
520 3203 629 3256 τῶν
677 3204 958 3274 ᾀσμάτων,
1019 3201 1330 3274 μυστηρίων
1377 3204 1650 3274 μυστήρια
1682 3204 1954 3257 διδάσκειν

2063 3209 2226 3263 etiam
2245 3223 2340 3278 per
2358 3205 2646 3262 Canticum
2679 3205 3036 3270 canticorum,
3059 3205 3319 3275 mysteria
3346 3208 3636 3277 mysterio-

385 3300 532 3369 ἡμᾶς
563 3299 591 3350 ὁ
619 3296 829 3368 ὑψηλὸς
869 3296 1022 3365 λόγος
1055 3295 1575 3364 κατεπαγγέλλεται.
1607 3296 1824 3350 Πολλῶν
1854 3295 1961 3368 γάρ

380 3392 576 3454 ὅντων,
617 3390 760 3444 κατά
786 3390 885 3459 τὴν
902 3389 1256 3442 θεόπνευστον
1278 3389 1626 3443 διδασκαλίαν
1645 3390 1754 3442 τῶν
1783 3391 1963 3461 ᾀσμά-

385 3504 516 3548 των,
546 3485 612 3538 δι’
650 3478 726 3536 ὧν
777 3483 846 3536 τά
909 3481 1118 3552 μεγάλα
1163 3481 1406 3552 νοήματα
1448 3481 1808 3552 διδασκόμεθα
1835 3482 1963 3552 περὶ

388 3579 545 3636 Θεοῦ,
571 3577 723 3647 παρά
753 3593 812 3629 τε
845 3575 940 3633 τοῦ
985 3574 1220 3645 μεγάλου
1253 3574 1437 3635 Δαόὶδ,
1472 3576 1565 3630 καὶ
1599 3575 1842 3637 Ἡσαΐου,
1870 3575 1964 3628 καὶ

389 3671 688 3732 Μωῦσέως,
718 3670 810 3722 καὶ
855 3667 1027 3721 ἄλλων
1065 3666 1272 3719 πολλῶν
1295 3685 1309 3699 ο
1348 3667 1506 3719 τοῦτο
1531 3667 1684 3739 παρὰ
1715 3667 1817 3735 τῆς
1844 3669 1964 3720 ἐπι-

392 3763 606 3834 γραφῆς
628 3761 829 3830 ταύτης
863 3759 1224 3831 μανθάνομεν,
1247 3761 1327 3812 ὅτι
1356 3760 1478 3812 ὅσον
1505 3758 1698 3830 ἀπέχει
1727 3757 1835 3810 τῶν
1866 3757 1966 3826 τῆς

393 3858 498 3924 ἔξω
527 3855 714 3924 σοφίας
744 3855 1003 3926 ᾀσμάτων
1023 3853 1130 3906 τῶν
1165 3853 1332 3922 ἁγίων
1351 3848 1973 3925 [τὰ]ᾄσματα,τοσοῦτον

395 3951 718 4021 ὑπέρκειται
775 3947 882 4000 τῶν
917 3946 1087 4014 ἁγίων
1138 3947 1396 4016 ᾀσμάτων
1445 3945 1505 3997 τὸ
1534 3947 1591 3998 ὲν
1613 3944 1692 4015 τῷ
1726 3944 1964 4016 ᾊσματι

393 4044 502 4096 τῶν
531 4042 790 4113 ᾀσμάτων
819 4041 1132 4110 μυστήριον.
1153 4032 1228 4092 υὺ
1243 4037 1302 4090 τδ
1329 4037 1490 4089 πλέον
1516 4039 1594 4099 εἰς
1619 4036 1964 4106 κατανόησιν,

395 4135 516 4188 οὔτε
574 4136 771 4204 εὑρεῖν,
812 4131 938 4186 οὔτε
997 4130 1244 4201 χωρῆσαι
1298 4131 1331 4199 ή
1387 4129 1706 4199 ἀνθρωπίνη
1745 4128 1966 4182 δύναται

397 4227 532 4296 ἀκοὴ
584 4227 680 4280 καὶ
734 4225 914 4293 φύσις.
952 4224 1060 4275 Καὶ
1103 4222 1292 4275 τούτου
1319 4223 1476 4293 χάριν
1513 4220 1573 4272 τὸ
1613 4220 1968 4290 σφοδρότατον

395 4323 504 4375 τῶν
529 4321 650 4374 καθ’
682 4319 872 4390 ἡδονὴν
907 4317 1312 4387 ἐνεργουμένων
1344 4315 1506 4385 (λέγω
1535 4314 1599 4384 δὴ
1626 4315 1684 4366 τὸ
1712 4311 1969 4383 ἐρωτικὸν

399 4417 590 4484 πάθος)
621 4415 717 4484 τῆς
741 4413 849 4466 τῶν
873 4409 1156 4480 δογμάτων
1183 4409 1509 4480 ὑφηγήσεως
1554 4403 1969 4476 αἰνιγματωδῶς

371 4488 773 4581 ’προεστήσατο
799 4521 810 4534 ·
839 4506 925 4557 ἵνα
959 4504 1046 4556 διὰ
1077 4503 1271 4556 τούτου
1310 4501 1588 4571 μάθωμεν,
1629 4501 1708 4554 ὃτι
1737 4499 1842 4568 χρὴ
1871 4499 1969 4565 τὴν

398 4601 574 4672 ψυχήν
617 4598 752 4670 πρὸς
782 4598 842 4651 τὸ
892 4597 1182 4667 ἀπρόσιτον
1226 4596 1323 4666 τῆς
1367 4595 1515 4658 θείας
1543 4593 1754 4662 φύσεως
1779 4591 1970 4652 κάλλος

401 4693 833 4758 ἐνατενίζουσαν,
882 4688 1135 4743 τοσοῦτον
1196 4690 1324 4759 ὲρᾷν
1362 4689 1592 4749 ἐκεῖνον,
1622 4689 1744 4739 ὅσον
1778 4687 1889 4756 ἔχει
1912 4686 1972 4737 τὸ

403 4787 563 4852 σῶμα
615 4785 713 4855 τὴν
749 4784 930 4853 σχέσιν
981 4781 1117 4853 πρὸς
1157 4781 1219 4832 τὸ
1252 4781 1510 4848 συγγενὲς
1547 4781 1640 4832 καὶ
1680 4779 1970 4848 ὁμόφυλον,

407 4877 836 4948 μετενεγκοῖωαν
883 4876 962 4938 εἰς
1008 4873 1276 4928 ἀπάθειαν
1301 4873 1360 4926 τὸ
1400 4873 1586 4936 πάθος,
1618 4873 1756 4926 ὥστε
1795 4873 1974 4942 πάσης

403 4968 868 5038 κατασϐεσθείσης
931 4966 1247 5037 σωματικῆς
1301 4965 1633 5029 διαθέσεως,
1700 4967 1844 5035 μόνῳ
1897 4963 1973 5033 τῷ

403 5063 674 5132 πνεύματι
704 5061 848 5126 ζέειν
905 5058 1184 5131 ἐρωτικῶς
1217 5059 1274 5110 ὲν
1305 5060 1436 5126 ἡμῖν
1469 5057 1568 5127 τὴν
1610 5057 1867 5115 διάνοιαν,
1890 5056 1976 5108 διὰ

401 5155 495 5208 τοῦ
549 5153 719 5224 πυρὸς
751 5153 958 5206 ἐκείνου
1011 5149 1465 5222 θερμαινομένην,
1494 5149 1522 5201 ὅ
1552 5148 1730 5215 βαλεῖν
1764 5149 1856 5200 ἐπὶ
1875 5147 1974 5218 τὴν

404 5244 508 5312 γῆν
544 5238 706 5314 ἦλθεν
730 5242 757 5293 6
787 5241 1003 5312 Κύριος.

489 5426 651 5479 Ἀλλά
670 5426 842 5478 ταῦτα
874 5425 990 5497 μὲν,
1019 5426 1166 5488 ὅπως
1198 5426 1302 5496 χρὴ
1347 5425 1648 5479 διακεῖσθαι
1680 5427 1777 5497 τὴν
1809 5425 1984 5497 ψυχὴν

405 5521 515 5573 τῶν
556 5521 834 5590 μυστικῶν
885 5521 1142 5590 ῥημάτων
1191 5521 1516 5580 ἀκουόντων.
1583 5520 1780 5583 ἱκανῶς
1838 5522 1981 5590 ἔχειν

408 5615 588 5684 φημίο
644 5613 835 5684 καιρὸς
893 5613 948 5665 δὲ
999 5611 1064 5665 ἂν
1104 5613 1186 5683 εἴη
1232 5616 1324 5666 καὶ
1370 5614 1539 5676 αὑτὰς
1564 5615 1659 5678 τάς
1697 5615 1847 5678 θείας
1885 5615 1980 5668 τοῦ

412 5707 689 5776 ’ᾼσματος
739 5707 844 5760 τῶν
886 5708 1147 5777 ᾀσμάτων
1188 5707 1368 5772 φωνὰς
1415 5708 1514 5776 ἤδη
1555 5708 1868 5778 προσθεῖναι
1914 5712 1979 5778 τῇ

409 5797 614 5868 θεωρία
642 5798 733 5852 τοῦ
770 5799 950 5866 λόγου.
984 5799 1092 5852 Καὶ
1128 5800 1386 5868 πρότερόν
1415 5818 1477 5866 γε
1510 5801 1608 5871 τὴν
1637 5801 1734 5870 τῆς
1766 5801 1984 5871 γραφῆς

410 5889 832 5960 κατανοήσωμεν
855 5888 1102 5962 δύναμιν.
1135 5891 1208 5944 Οὑ
1239 5891 1347 5962 γὰρ
1383 5891 1568 5964 ἀργῶς
1610 5909 1697 5963 μοι
1735 5892 1880 5946 δοκεῖ
1907 5894 1984 5965 τῷ

2062 3315 2181 3354 rum
2205 3313 2304 3353 nos
2328 3298 2526 3352 docere
2547 3295 2835 3366 proﬁtetur
2855 3295 3108 3352 sublimis
3137 3297 3333 3351 oratio.
3358 3295 3490 3351 Nam
3510 3313 3635 3353 cum

2064 3393 2233 3448 multa
2255 3393 2366 3447 sint
2382 3390 2686 3447 secundum
2705 3389 3311 3460 divinitusinspiratam
3331 3391 3636 3448 doctrinam

2063 3485 2309 3549 Cantica,
2344 3500 2438 3554 per
2465 3499 2586 3554 qua
2622 3499 2651 3536 a
2675 3498 2872 3554 magno
2903 3482 3092 3544 David,
3134 3491 3188 3537 et
3221 3483 3360 3540 Isaia
3382 3492 3436 3540 et
3466 3483 3639 3553 Mose,

2063 3586 2119 3633 et
2151 3577 2337 3631 multis
2367 3577 2510 3638 aliis,
2541 3576 2804 3629 docemur
2834 3589 3064 3644 magnas
3092 3575 3161 3630 de
3192 3573 3303 3630 Deo
3334 3576 3640 3647 intelligen-

2066 3675 2170 3728 tias
2195 3691 2208 3727 :
2234 3673 2337 3726 boc
2369 3671 2637 3727 discimus
2667 3671 2736 3725 ab
2753 3671 2854 3724 hac
2882 3670 3264 3738 inscriptione,
3297 3670 3444 3740 quod
3473 3685 3644 3738 quan-

2065 3776 2183 3820 tum
2219 3784 2246 3819 a
2281 3764 2522 3819 Canticis
2559 3775 2800 3819 externa:
2845 3763 3126 3831 sapientia:
3161 3762 3368 3818 distant
3417 3771 3642 3818 sancto-

2068 3876 2189 3913 rum
2227 3858 2476 3916 Cantica.
2511 3864 2724 3911 tantum
2780 3863 3006 3923 superat
3054 3854 3280 3908 Cantica
3323 3863 3639 3909 sanctorum

2067 3953 2392 4024 mysterium
2438 3951 2583 4020 quod
2619 3957 2704 4004 est
2739 3949 2793 4001 in
2840 3948 3072 4002 Cantico
3115 3948 3475 4002 canticorum.
3519 3949 3642 4014 Quo

2069 4046 2198 4115 quid
2225 4045 2460 4112 amplius
2496 4043 2560 4096 ad
2588 4041 2786 4095 mentis
2809 4041 3377 4109 comprehensionem,
3417 4056 3520 4095 nec
3560 4042 3646 4094 in-

2069 4138 2403 4195 venire,nec
2427 4150 2624 4204 capere
2650 4140 2831 4202 potest
2875 4132 3028 4186 auris
3079 4131 3342 4195 humana,
3389 4147 3488 4186 nec
3544 4147 3644 4186 ua-

2070 4237 2216 4283 tura.
2251 4228 2315 4280 Et
2347 4227 2448 4282 hac
2484 4225 2551 4280 de
2575 4239 2764 4283 causa.
2801 4223 2852 4276 id
2897 4223 3044 4292 quod
3096 4231 3181 4277 est
3227 4223 3646 4277 vehementissi-

2070 4337 2218 4375 mum
2249 4335 2438 4374 eorum
2467 4333 2586 4386 qua:
2612 4332 2675 4371 ex
2696 4317 2974 4386 voluptate
3001 4317 3158 4378 ﬁunt,
3186 4315 3534 4375 amatoriam,
3567 4315 3648 4369 in-

2071 4429 2279 4483 quam,
2333 4411 2675 4466 allectionem
2723 4410 2791 4464 ad
2843 4409 3157 4478 dogmatum
3227 4407 3647 4478 esplicationem

2073 4505 2416 4576 arnigmatice
2466 4503 2737 4573 protulit:
2797 4510 2854 4556 ut
2904 4519 2997 4565 per
3039 4502 3142 4555 hoc
3178 4500 3457 4556 discamus
3501 4501 3648 4572 quod

2077 4607 2292 4667 oportet
2325 4599 2559 4652 animam
2611 4597 2803 4651 oculos
2854 4595 3176 4666 deligentem
3206 4594 3274 4648 ad
3318 4595 3515 4649 divina:
3554 4610 3652 4648 na-

2079 4703 2213 4747 turre
2253 4689 2738 4761 pulchritudinem,
2766 4688 2831 4740 ad
2865 4704 3026 4757 quam
3059 4704 3166 4740 non
3195 4695 3340 4756 patet
3367 4701 3650 4749 accessus.

2079 4794 2291 4840 tantum
2324 4784 2468 4836 illam
2491 4797 2696 4845 amare,
2731 4790 2990 4850 quantam
3023 4780 3183 4834 habet
3209 4781 3652 4850 corpushabitu-

2079 4879 2261 4931 dinem
2295 4876 2359 4928 ad
2402 4875 2452 4927 id
2472 4873 2617 4943 quod
2645 4883 2729 4926 est
2767 4874 2814 4926 ei
2852 4886 3142 4943 cognatum
3186 4883 3240 4928 et
3277 4875 3524 4943 ejusdem
3563 4891 3656 4944 ge-

2083 4971 2254 5030 neris,
2303 4967 2552 5021 tradueta
2603 4967 2767 5020 animi
2824 4969 3235 5036 perturbatione
3278 4971 3342 5022 ad
3378 4970 3654 5038 impatilii-

2083 5064 2310 5124 litatem,
2340 5061 2476 5113 adeo
2498 5069 2558 5112 ut
2584 5059 2856 5112 exstincta
2881 5061 3030 5113 omni
3057 5063 3325 5129 corporali
3349 5061 3656 5124 aﬂ‘ectione,

2074 5156 2190 5210 solo
2223 5154 2415 5222 spiritu
2448 5154 2714 5207 amatorie
2748 5154 2800 5206 in
2829 5154 2987 5207 nobis
3017 5170 3172 5208 mens
3201 5155 3428 5216 ferveat,
3461 5171 3556 5225 per
3588 5154 3656 5207 il-

2076 5249 2192 5302 lum
2248 5247 2426 5316 ignem
2479 5246 2769 5306 calefacta,
2827 5247 2892 5300 ad
2945 5262 3105 5317 quem
3151 5246 3465 5316 jacieudum
3493 5260 3657 5315 super

2085 5349 2288 5396 terram
2318 5340 2468 5393 venit
2495 5340 2780 5394 Dominus.

2157 5431 2263 5487 Sed
2290 5433 2406 5486 haec
2446 5431 2664 5502 quidem
2696 5433 2831 5486 satis
2859 5447 2981 5487 esse
3003 5433 3222 5502 opinor.
3268 5432 3334 5484 ad
3366 5432 3662 5488 ostenden-

2089 5525 2242 5586 dum,
2274 5523 2735 5593 quemadmodum
2788 5523 3036 5576 aﬂ‘ectam
3083 5533 3328 5592 oporteat
3375 5539 3499 5579 esse
3540 5525 3658 5584 ani-

2089 5633 2234 5671 mam
2281 5633 2470 5671 eorum
2516 5617 2605 5685 qui
2666 5617 2827 5671 verba
2863 5618 3087 5686 mystice
3129 5618 3402 5670 audiunt:
3449 5625 3663 5687 tempus

2091 5720 2270 5762 autem
2312 5709 2496 5768 fuerit,
2545 5709 2694 5777 ipsas
2730 5723 2947 5778 quoque
2989 5709 3206 5763 divinas
3250 5726 3416 5766 voces
3449 5711 3666 5767 Cantici

2091 5802 2430 5855 canticorum
2461 5800 2572 5866 jam
2612 5800 2883 5856 deducere
2927 5803 2992 5856 ad
3027 5805 3300 5858 orationis
3331 5807 3665 5876 contempla-

2093 5897 2318 5952 tionem.
2361 5895 2425 5949 Et
2456 5895 2689 5965 primum
2720 5897 2938 5964 quidem
2982 5899 3397 5957 consideremus
3437 5902 3546 5956 vim
3594 5902 3670 5955 in-
