4110 6488
528 408 628 466 775

1753 408 1810 463 S.
1837 405 2168 465 GREGORII
2202 407 2500 467 NYSSENI

3663 423 3767 476 776

525 527 859 600 scriptionis.
889 524 1074 595 Neque
1104 524 1249 580 enim
1282 524 1411 579 mihi
1451 523 1667 580 videtur
1694 527 1869 582 otiosa
1890 527 2082 580 inscri-

2193 529 2497 598 Σολομῶντι
2515 530 2574 582 rb
2597 529 2796 600 βιϐλίον
2824 532 2888 582 ἐκ
2915 529 3335 602 τῆςέπιγραφῆς
3355 532 3725 592 ἀνατεθεῖσθαί
3749 557 3760 570 ·

524 621 711 690 ptione
743 618 882 672 liber
918 631 1043 672 esse
1071 616 1346 687 ascriptus
1397 618 1711 685 Solomoni;
1749 619 1842 672 sed
1898 627 1957 672 ut
1998 619 2090 689 qui

527 708 786 780 legerent,
841 706 1150 776 cogitarent
1188 705 1338 776 quod
1389 720 1645 776 magnum
1704 706 1983 777 quidpiam
2041 716 2092 764 et

521 799 771 855 divinum
830 798 886 852 in
943 796 1011 853 iis
1037 812 1159 867 quas
1217 797 1514 862 dicuntur,
1547 798 1913 853 contineatur.
1955 799 2090 855 Nam

523 891 781 960 quoniam
811 888 954 960 apud
979 903 1146 943 unum
1178 901 1470 959 quemque,
1496 897 1582 944 est
1599 903 1696 958 per
1721 888 1924 958 ipsum,
1946 889 2089 958 quod

525 981 642 1053 ipse
669 983 736 1036 de
765 997 825 1038 se
858 982 1000 1043 tulit,
1039 980 1444 1042 testimonium,
1469 979 1700 1049 insignis
1735 980 1854 1049 ejus
1885 982 1955 1034 ob
1996 995 2089 1036 sa-

523 1075 784 1147 pientiam
806 1074 1125 1128 admiratio:
1161 1087 1222 1128 ea
1251 1072 1318 1126 de
1342 1085 1510 1127 causa
1539 1074 1722 1126 statim
1763 1087 1793 1125 a
1823 1073 2090 1142 prooemio

523 1167 766 1222 nominis
795 1165 1098 1220 assumitur
1127 1163 1372 1218 mentio:
1404 1171 1466 1216 ut
1495 1163 1565 1217 iis
1607 1165 1700 1233 qui
1747 1165 1952 1235 legunt,
1981 1179 2092 1218 ma-

523 1275 691 1330 gnum
721 1259 1036 1330 quidpiam,
1053 1265 1106 1312 et
1124 1272 1245 1326 qua:
1266 1257 1333 1310 de
1357 1270 1424 1310 eo
1447 1256 1676 1311 habetur
1699 1258 1956 1327 opinione
1976 1258 2092 1328 dig-

522 1368 678 1414 num,
704 1367 798 1421 per
828 1352 972 1404 hunc
996 1350 1194 1403 librum
1219 1357 1489 1417 speretur.
1517 1347 1798 1414 Quomodo
1823 1357 2004 1404 autem
2031 1349 2087 1403 in

523 1443 752 1498 scientia
802 1442 1032 1511 pictura:
1071 1441 1314 1509 quaedam
1361 1447 1446 1492 est
1492 1439 1721 1494 omnino
1756 1441 1984 1495 materia
2031 1441 2088 1494 in

522 1535 751 1589 diversis
769 1531 1066 1594 coloribus,
1099 1546 1219 1600 quae
1259 1529 1507 1584 animalis
1543 1531 1780 1601 complet
1827 1532 2089 1586 imitatio-

525 1641 682 1680 nem:
711 1625 801 1695 qui
828 1636 1007 1678 autem
1040 1624 1236 1693 aspicit
1261 1623 1327 1676 ad
1357 1624 1668 1696 imaginem,
1704 1639 1827 1694 qua:
1858 1641 1957 1694 per
1987 1640 2085 1679 co-

521 1721 667 1772 lores
719 1724 835 1770 arte
880 1725 962 1770 est
1011 1716 1284 1780 absoluta,
1326 1716 1380 1768 in
1426 1732 1490 1770 ea
1524 1716 1943 1785 contemplanda
1975 1732 2086 1771 non

520 1808 842 1862 immoratur
867 1807 920 1860 in
945 1807 1223 1862 coloribus
1255 1809 1406 1863 illitis
1442 1809 1641 1864 tabulrc
1669 1825 1684 1861 :
1723 1809 1818 1864 sed
1843 1811 2086 1864 intuetur

2197 620 2311 674 ἀλλ’
2340 621 2479 674 ὥστε
2532 621 2784 688 γενέσθαι
2832 620 3069 676 διάνοιαν
3101 625 3211 686 τοῖς
3237 624 3642 692 ἐντυγχάνουσι,
3669 632 3764 685 τοῦ

2199 712 2341 782 μέγα
2387 729 2440 766 τι
2478 713 2572 767 καὶ
2602 711 2743 766 θεῖον
2774 715 2830 766 ἐν
2858 717 2968 776 τοῖς
3010 713 3324 785 λεγομένοις
3358 715 3762 787 προσδέχεσθαι.

2209 805 2428 875 Ἐπειδὴ
2449 804 2557 874 γὰρ
2576 805 2980 878 ἀνυπέρϐλητόν
2995 807 3111 859 ἔστι
3141 806 3271 876 παρ’
3298 807 3533 878 ἑκάστῳ,
3556 807 3643 860 διά
3669 814 3764 878 τῆς

2198 897 2325 966 περὶ
2353 894 2516 948 αὐτοῦ
2546 895 2871 966 μαρτυρίας,
2898 895 2989 948 ἐπὶ
3013 897 3078 966 τῇ
3099 894 3258 966 σοφίᾳ
3274 895 3333 948 τὸ
3359 893 3562 966 θαῦμα,
3577 896 3765 950 τούτου

2193 987 2352 1058 χάριν
2412 987 2573 1051 εὐθὺς
2636 988 2701 1039 ἐκ
2751 987 3052 1058 προοιμίων
3085 988 3118 1057 ἡ
3159 986 3252 1040 τοῦ
3285 987 3544 1058 ὀνόματος
3577 991 3761 1059 μνήμη

2195 1081 2710 1152 παραλαμϐάνεταιο
2757 1079 2895 1133 ὥστε
2940 1098 2993 1132 τι
3025 1079 3166 1150 μέγα
3202 1081 3416 1150 καὶτῆς
3442 1080 3570 1150 περὶ
3598 1079 3763 1134 αὑτοῦ

2193 1173 2349 1244 δόξης
2377 1171 2597 1237 ἐπάξιον
2625 1172 2940 1242 ἐλπισθῆναι
2970 1172 3056 1224 διὰ
3086 1170 3181 1224 τοῦ
3215 1171 3416 1241 βιϐλίου
3440 1172 3630 1225 τούτου
3651 1174 3764 1235 τοῖς

2194 1263 2630 1333 ἐντυγχάνουσιν.
2649 1265 2859 1334 Ὥσπερ
2878 1262 2932 1316 δὲ
2956 1261 3096 1316 κατὰ
3127 1260 3220 1333 τὴν
3241 1262 3515 1333 γραφικὴν
3543 1263 3765 1334 ἐπιστή-

2197 1375 2305 1427 μην
2335 1357 2433 1426 ὕλη
2469 1356 2565 1426 μέν
2593 1355 2676 1418 τίς
2716 1357 2832 1409 ἐστι
2882 1355 3093 1419 πάντως
3121 1356 3178 1408 ὲν
3205 1355 3478 1426 διαφόροις
3503 1355 3698 1426 βαφαῖς
3726 1357 3758 1424 ή

2195 1449 2587 1520 συμπληροῦσα
2614 1448 2706 1502 τοῦ
2737 1448 2874 1514 ζώου
2914 1450 3010 1521 τὴν
3043 1450 3268 1522 μίμησιν
3294 1468 3307 1482 ο
3338 1451 3366 1502 6
3407 1449 3463 1501 δὲ
3499 1450 3632 1520 πρὸς
3664 1449 3762 1519 τὴν

2193 1540 2375 1592 εἰκόνα
2410 1539 2644 1609 βλέπων,
2668 1539 2766 1611 τὴν
2787 1541 2850 1594 ὲκ
2873 1541 2972 1610 τῆς
3001 1541 3195 1612 τέχνης
3213 1541 3301 1594 διὰ
3327 1541 3434 1593 τῶν
3455 1541 3762 1612 χρωμάτων

2195 1631 2709 1701 συμπληρωθεῖσαν,
2737 1632 2798 1684 οὑ
2826 1634 2943 1694 ταῖς
2970 1631 3420 1702 ὲπιχρωσθείσαις
3450 1630 3528 1700 τῷ
3571 1630 3763 1684 πίνακι

2195 1723 2392 1793 βαφαῖς
2426 1723 2788 1796 ἐμφιλοχωρεῖ
2821 1724 2898 1795 τῷ
2929 1724 3192 1793 θεόιματι⁸
3221 1723 3354 1776 ἀλλὰ
3382 1722 3515 1793 πρὸς
3533 1722 3596 1774 rb
3622 1719 3761 1785 εἶδος

2195 1816 2379 1886 βλέπει
2407 1817 2584 1887 μόνον,
2608 1817 2735 1870 ὂδιὰ
2759 1815 2865 1870 τῶν
2898 1817 3203 1888 χρωμάτων
3222 1817 3251 1868 6
3273 1815 3521 1886 τεχνίτης
3554 1814 3761 1867 ἀνέδει-

520 1899 586 1952 ad
632 1899 802 1954 solam
857 1897 1084 1952 formam
1132 1913 1296 1968 quam
1336 1902 1614 1956 coloribus
1636 1899 1814 1958 aﬂecit
1844 1901 2082 1959 artifex:

2191 1878 2278 1974 ξεν
2307 1924 2320 1939 °
2353 1878 2494 1962 ούτω
2536 1910 2801 1980 προσήκει
2840 1878 3062 1962 κάῖετὶι
3105 1909 3204 1979 τῆς
3224 1878 3502 1980 παρούσης
3517 1906 3757 1975 Γραφῆς,

519 1993 592 2045 ita
627 1991 788 2045 etiam
829 1992 1088 2044 convenit
1119 1991 1176 2045 in
1215 1993 1469 2061 praesenti
1495 1993 1798 2063 Scriptura,
1851 2010 1960 2049 non
2002 1996 2085 2050 in-

518 2081 659 2136 tueri
681 2081 748 2134 ad
784 2082 1070 2136 materiam
1103 2082 1489 2152 colorumqua:
1516 2085 1682 2140 estin
1733 2086 1950 2151 verbis,
1987 2088 2085 2143 sed

518 2175 943 2242 aspicereveluti
967 2173 1033 2227 ad
1063 2174 1355 2243 quamdam
1397 2177 1540 2247 regis
1575 2176 1830 2242 formam,
1863 2195 1986 2249 qua:
2028 2181 2085 2234 in

517 2265 586 2318 iis
614 2263 940 2332 exprimitur
964 2279 1059 2332 per
1092 2278 1258 2333 puras
1297 2267 1492 2320 mentis
1518 2268 1928 2336 conceptiones.
1989 2269 2110 2324 Al-.

517 2353 646 2409 bum
672 2356 840 2419 enim,
881 2363 975 2408 aut
1003 2353 1236 2418 fulvum,
1270 2366 1362 2410 aut
1413 2357 1650 2426 nigrum,
1699 2369 1794 2413 aut
1835 2361 2085 2425 rubrum,

499 2453 612 2498 .aut
645 2446 958 2509 caeruleum,
987 2452 1080 2498 aut
1133 2445 1328 2515 aliquis
1380 2447 1522 2503 alius
1570 2450 1742 2513 color,
1789 2460 1920 2505 sunt
1974 2452 2088 2506 haec

515 2537 704 2601 verba,
741 2537 787 2591 si
821 2545 1136 2606 spectentur
1169 2553 1290 2607 qua:
1317 2538 1373 2592 in
1404 2549 1656 2609 promptu
1709 2551 1838 2596 sunt
1875 2543 2086 2614 signiﬁ-

515 2629 782 2695 cationes,
815 2644 1009 2699 nempe
1041 2644 1126 2694 os,
1154 2637 1208 2684 et
1240 2630 1510 2695 osculum,
1540 2639 1594 2687 et
1629 2643 1987 2704 unguentum,
2032 2643 2086 2692 et

501 2725 724 2789 vinum,
755 2731 809 2777 et
835 2723 1051 2777 nomina
1082 2722 1472 2787 membrorum,
1499 2735 1552 2779 et
1579 2726 1834 2789 lectulus,
1868 2737 1921 2783 et
1953 2729 2078 2783 ado-

515 2813 852 2876 lescentulze,
911 2821 966 2869 et
1015 2829 1136 2884 qua:
1183 2825 1312 2869 sunt
1361 2815 1696 2884 bujusmodi.
1743 2818 1874 2884 Quae
1904 2830 2082 2874 autem

515 2921 613 2976 per
640 2905 756 2960 hac
789 2903 1027 2959 eflicitur
1058 2903 1254 2966 forma.
1285 2913 1369 2960 est
1391 2906 1672 2962 beatitudo
1702 2918 1756 2964 et
1803 2900 2082 2982 impatibi-

514 2999 660 3060 litas,
695 3006 748 3052 et
771 3011 895 3050 cum
924 2995 1036 3050 Deo
1068 2997 1409 3066 coniunctio.
1438 3007 1493 3053 et
1524 3000 1784 3055 alienatio
1827 3017 1858 3055 a
1894 3003 2075 3068 malis,

513 3098 569 3143 et
596 3090 644 3142 ei
676 3087 818 3157 quod
847 3098 931 3144 est
953 3103 1079 3142 vere
1103 3088 1391 3157 pulchrum
1417 3097 1471 3142 et
1506 3090 1704 3146 bonum
1733 3094 2078 3151 assimilalio.

2193 2003 2267 2075 μὴ
2295 2003 2430 2074 πρδς
2447 2002 2542 2074 τὴν
2573 2001 2703 2074 ὓλην
2727 2001 2822 2072 τὴν
2852 2002 2909 2055 ὲν
2934 2003 3046 2064 τοῖς
3075 2001 3280 2071 ῥήμασι
3312 1999 3614 2069 χρωμάτων
3642 1997 3762 2068 βλέ-

2188 2111 2313 2147 πειν
2333 2111 2345 2124 °
2372 2094 2506 2148 ἀλλὰ
2525 2093 2775 2164 καθάπερ
2801 2110 2854 2145 τι
2878 2090 3150 2162 βασιλείας
3166 2086 3303 2154 εἶδος
3333 2091 3390 2143 ἐν
3415 2089 3594 2152 αὐτοῖς
3629 2088 3761 2143 καθ-

2189 2189 2320 2259 ορᾷν
2339 2187 2400 2240 τὸ
2425 2187 2512 2240 διά
2546 2186 2652 2240 τῶν
2697 2185 2950 2257 καθαρῶν
2981 2184 3265 2254 νοημάτων
3298 2182 3756 2253 ἁνατυπούμενον.

2189 2277 2394 2331 Λευκὸν
2413 2278 2542 2348 γὰρ,
2562 2279 2594 2349 ἥ
2616 2277 2811 2348 ὠχρὸν,
2844 2277 2877 2348 ἢ
2905 2275 3144 2347 μέλαν,ἢ
3171 2275 3418 2347 ἐρυθρὸν,
3448 2274 3481 2345 ἢ
3510 2274 3758 2333 κυάνεον,

2189 2369 2222 2440 ἦ
2253 2369 2378 2423 ἄλλο
2425 2387 2479 2423 τι
2523 2369 2721 2440 χρῶμά
2759 2370 2874 2421 ἐστι
2904 2368 2970 2422 τὰ
3025 2369 3245 2438 ῥήματα
3281 2367 3453 2433 ταῦτα
3490 2363 3632 2418 κατά
3661 2364 3760 2429 τὰς

2189 2461 2510 2533 προχείρους
2540 2461 2824 2531 ἐμφάσεις,
2848 2460 3038 2529 στόμα,
3071 2458 3164 2512 καὶ
3189 2458 3416 2529 φίλημα.
3450 2458 3542 2512 καὶ⁵
3565 2457 3758 2528 μύρον,

2187 2553 2284 2606 καὶ⁵
2309 2549 2473 2617 οἶνος,
2499 2553 2592 2606 καὶ
2613 2551 2682 2604 τὰ
2716 2551 2820 2605 τῶν
2856 2549 3029 2620 μελῶν
3055 2551 3311 2620 ὀνόματα,
3343 2550 3434 2603 καὶ
3463 2550 3637 2620 κλίνη,
3664 2550 3761 2602 καὶ

2189 2645 2444 2708 νεάνιδες,
2468 2647 2563 2698 καὶ
2593 2645 2660 2698 τὰ
2679 2643 2923 2698 τοιαῦτα.
2965 2645 3028 2697 Ἦ
3057 2644 3113 2697 δὲ
3132 2643 3219 2696 διὰ
3243 2643 3446 2696 τούτων
3469 2643 3762 2697 ἀποτελου-

2193 2737 2328 2807 μένη
2390 2737 2593 2807 μορφὴ,
2635 2735 2974 2808 μακαριότης
3031 2735 3148 2788 ἐστὶ
3192 2737 3284 2787 καὶ
3315 2735 3569 2796 ἀπάθεια,
3594 2735 3686 2787 καὶ
3723 2737 3758 2805 ὴ

2189 2830 2325 2900 πρὸς
2345 2829 2404 2882 rb
2415 2828 2568 2882 Θεῖον
2588 2831 2868 2898 συνάφεια,
2890 2829 2982 2882 καὶ
3003 2829 3036 2899 ἡ
3058 2828 3163 2881 τῶν
3187 2829 3372 2882 κακῶν
3387 2827 3756 2900 ἀλλοτρίωσις,

2189 2921 2284 2971 καὶ
2313 2922 2346 2989 ἡ
2369 2919 2503 2990 πρὸς
2559 2917 2621 2971 rb
2661 2918 2828 2980 ὅντως
2861 2918 3022 2970 καλὸν
3059 2917 3149 2970 καὶ
3185 2915 3385 2985 ἀγαθὸν
3420 2915 3753 2985 ἐξομοίωσις.

2187 3011 2374 3066 Ταῦτά
2427 3012 2541 3064 ἐστι
2592 3011 2660 3063 τὰ
2689 3011 2934 3080 νοήματα
2968 3011 3036 3062 τά
3071 3007 3450 3080 μαρτυροῦντα
3489 3007 3565 3077 τῷ
3600 3007 3757 3060 Σολοο

2191 3103 2362 3173 μῶντι
2398 3103 2492 3174 τὴν
2536 3103 2727 3171 σοφίαν
2778 3103 2990 3170 ἐκείνην
3018 3103 3114 3171 τὴν
3169 3101 3601 3170 ὑπερϐαίνονσαν
3631 3099 3757 3160 τοὺς

515 3177 608 3248 Hac
645 3187 774 3232 sunt
801 3179 999 3232 mentis
1036 3179 1426 3246 conceptiones
1461 3191 1514 3233 et
1543 3180 1936 3252 intelligentiae,
1963 3201 2082 3254 quae

2187 3196 2346 3266 ὄρους
2369 3196 2467 3267 τῆς
2496 3196 2841 3268 ἀνθρωπίνης
2865 3196 3072 3266 σοφίας.
3093 3196 3157 3248 Τί
3178 3195 3286 3266 γάρ
3311 3194 3375 3248 ἂν
3396 3194 3602 3262 γένοιτο
3629 3192 3756 3245 τού·

515 3269 794 3325 Solomoni
827 3269 1008 3324 ferunt
1034 3270 1412 3324 testimonium
1431 3271 1499 3326 de
1533 3273 1624 3328 illa
1663 3276 1930 3344 sapientia
1965 3293 2086 3346 qua:

512 3371 806 3432 exsuperat
844 3363 1111 3418 terminos
1142 3363 1393 3417 humana:
1411 3365 1710 3435 sapientiae.
1750 3368 1890 3434 Quid
1936 3371 2083 3424 cnim

513 3456 678 3511 fuerit
705 3456 1106 3521 admirabilius,
1139 3471 1303 3526 quam
1343 3469 1400 3512 ut
1445 3467 1698 3515 natdram
1744 3461 1914 3531 ipsam
1963 3464 2084 3518 effi-

513 3549 625 3602 ciat
653 3547 1001 3603 affectiouum
1030 3565 1255 3604 suarum
1295 3553 1756 3621 expurgatricem,
1799 3553 1926 3607 dum
1991 3571 2085 3624 per

513 3653 577 3691 ea
628 3639 790 3692 verba
839 3654 959 3708 quae
995 3649 1294 3694 censentur
1338 3655 1459 3695 esse
1487 3643 1643 3710 plena
1680 3642 2083 3709 aﬂ‘ectionibus,

513 3728 757 3798 prmcipit
793 3744 856 3782 ac
887 3729 1045 3784 docet
1076 3730 1575 3800 impatibilitatem?
1606 3731 1725 3788 Non
1766 3735 1912 3789 enim
1945 3737 2083 3790 dicit

515 3831 769 3890 oportere.
803 3830 1099 3875 esseextra
1127 3822 1308 3876 carnis
1347 3830 1528 3878 motus
1580 3824 1846 3882 obnoxios
1880 3827 2084 3883 aﬂecti-

517 3910 639 3968 bus.
667 3917 722 3964 et
748 3910 1078 3966 mortiﬁcare
1102 3913 1342 3966 membra
1365 3929 1484 3982 qua:
1508 3922 1638 3969 sunt
1665 3931 1831 3986 supra
1859 3925 2080 3985 terram,

512 4007 568 4055 et
605 4015 698 4054 ore
721 4016 842 4056 esse
873 4016 1068 4069 purum
1103 4016 1132 4054 a
1161 4004 1344 4058 verbis
1376 4005 1668 4074 patheticis
1700 4024 1713 4060 :
1761 4008 1854 4062 sed
1887 4010 1961 4064 ita
2003 4011 2085 4065 af-

515 4087 627 4142 ficit
657 4088 914 4155 animam,
954 4097 1012 4143 ut
1048 4105 1141 4160 per
1163 4105 1226 4145 ea
1259 4107 1378 4160 qua:
1408 4093 1662 4149 videntur
1687 4111 1811 4152 esse
1841 4099 2081 4156 absurda

510 4187 566 4236 et
588 4180 870 4243 indecora,
899 4181 1128 4252 aspiciat
1156 4184 1224 4237 ad
1254 4186 1564 4254 puritatem,
1594 4203 1690 4258 per
1707 4189 1871 4245 verba
1897 4194 2086 4262 pathe-

510 4274 618 4328 tica
651 4273 1018 4342 interpretans
1049 4285 1284 4329 mentem
1325 4291 1388 4331 ac
1435 4279 1787 4345 sententiam,
1815 4282 1881 4339 .iu
1916 4300 2080 4354 quam

508 4377 618 4418 non
658 4362 805 4417 cadit
853 4363 1128 4419 interitus.
1180 4366 1295 4420 Hoc
1341 4367 1561 4437 quidem
1607 4385 1776 4425 unum
1823 4389 1926 4429 nos
1986 4391 2083 4446 per

508 4453 778 4524 prooemia
823 4453 1019 4508 doceat
1071 4455 1270 4517 oratio,
1316 4457 1462 4526 quod
1515 4474 1626 4514 non
1671 4469 1801 4516 sunt
1847 4468 2081 4536 amplius

2184 3305 2277 3341 του
2304 3289 2750 3360 παραδοξότερον,
2773 3292 2806 3360 ἢ
2834 3291 2894 3343 τὸ
2913 3291 3079 3360 αὐτὴν
3105 3290 3325 3360 ποιῆσαι
3349 3289 3448 3359 τὴν
3470 3287 3628 3357 φύσιν
3647 3288 3754 3340 τῶν

2189 3381 2330 3434 ίδίων
2374 3383 2711 3454 παθημάτων
2746 3382 3062 3453 καθάρσιον,
3113 3382 3200 3436 διά
3240 3381 3347 3434 τῶν
3386 3382 3753 3452 νομιζομένων

2184 3472 2444 3542 ὲμπαθῶν
2498 3474 2754 3546 ῥημάτων
2781 3473 2877 3544 τὴν
2930 3473 3200 3527 ἀπάθειαν
3228 3472 3618 3536 νομοθετοῦσαν
3658 3473 3754 3526 καὶ

2185 3567 2576 3632 παιδεύουσανς
2602 3568 2674 3620 Οὐ
2703 3566 2808 3638 γάρ
2827 3566 2971 3635 λέγει
2995 3567 3075 3630 rb,
3099 3567 3207 3620 δεῖν
3235 3566 3339 3633 ἔξω
3360 3567 3468 3620 τῶν
3497 3568 3593 3637 τῆς
3615 3583 3751 3638 crap-

2183 3659 2278 3722 κὸς
2309 3659 2560 3726 γενέσθαι
2595 3658 2908 3729 παθητικῶν
2939 3659 3273 3730 κινημάτων,
3334 3660 3427 3713 καὶ
3459 3659 3753 3729 νεκροῦντα

2181 3750 2251 3804 τὰ
2273 3751 2409 3821 μέλη
2437 3750 2507 3803 τά
2531 3751 2623 3804 ἐπὶ
2639 3750 2736 3820 τῆς
2757 3750 2880 3820 γῆς,
2903 3750 2995 3802 καὶ
3027 3749 3346 3822 καθαρεύειν
3383 3751 3488 3804 ἀπὸ
3516 3752 3623 3806 τῶν
3653 3753 3754 3823 ὲμ-

2183 3844 2373 3898 παθῶν
2407 3844 2664 3915 ῥημάτων
2703 3841 2781 3911 τῷ
2812 3842 3036 3911 στόματι
3056 3861 3070 3873 ·
3103 3843 3216 3896 ἀλλ’
3237 3842 3380 3898 οὕτω
3407 3843 3620 3914 διέθηκε
3652 3844 3751 3916 τὴν

2181 3937 2378 4007 ψυχὴν,
2398 3937 2474 4001 ὡς
2505 3937 2592 3991 διὰ
2625 3937 2733 3990 τῶν
2779 3937 3142 4007 ἀπεμφαίνειν
3166 3935 3461 3990 δοκούντων
3489 3939 3622 4008 πρὸς
3649 3939 3750 4010 τὴν

2183 4029 2528 4102 καθαρότητα
2567 4028 2805 4100 βλέπειν,
2836 4029 2930 4082 καὶ
2956 4029 3044 4082 διά
3090 4027 3196 4081 τῶν
3229 4029 3491 4098 ὲμπαθῶν
3516 4030 3746 4101 ῥήσεων,

2180 4122 2281 4191 τὴν
2308 4123 2582 4192 ἀκήρατον
2617 4122 2930 4194 ἑρμηνεύων
2962 4123 3216 4177 διάνοιαν.
3247 4121 3343 4175 Ἓν
3388 4123 3484 4192 μὲν
3506 4121 3569 4193 δὴ
3592 4122 3750 4176 τοῦτο

2181 4213 2270 4267 διὰ
2293 4215 2402 4266 τῶν
2426 4215 2723 4286 προοιμίων
2748 4215 2895 4285 ἡμᾶς
2921 4214 3261 4269 παιδευσάτω
3295 4217 3323 4268 6
3345 4213 3521 4283 λόγος.
3552 4216 3612 4268 τὸ
3642 4234 3750 4287 μη-

2183 4304 2301 4358 κέτι
2330 4305 2645 4376 ἀνθρώπους
2668 4301 2824 4367 εἶναι,
2847 4306 2974 4369 τοὺς
3012 4307 3105 4360 ἐπὶ
3140 4306 3210 4360 τὰ
3238 4307 3404 4362 ἄδυτα
3429 4307 3538 4360 τῶν
3558 4307 3650 4361 τοῦ
3669 4308 3750 4379 βι-

2183 4397 2329 4452 ϐλίου
2349 4398 2539 4452 τούτου
2556 4400 2873 4470 μυστηρίων
2886 4400 3285 4472 εἰσαγομένους,
3302 4401 3437 4454 ἀλλὰ
3455 4419 3750 4473 μεταποιη-

2184 4489 2338 4560 θῆναι
2368 4493 2433 4561 τῇ
2466 4491 2624 4560 φύσει
2666 4491 2754 4544 διὰ
2775 4491 2876 4561 τῆς
2905 4491 2999 4546 τοῦ
3042 4492 3274 4564 Χριστοῦ
3301 4492 3592 4564 μαθητείας
3613 4495 3749 4564 πρὸς

509 4543 760 4599 homines
790 4545 883 4614 qui
915 4545 1362 4613 introducuntur,
1399 4549 1466 4603 ad
1501 4549 1662 4622 adyta
1692 4557 2077 4625 mysteriorum

509 4635 669 4658 Lnf---
706 4636 825 4658 I'.l...!
890 4637 978 4658 --.Ι
1018 4653 1112 4658 -Α-
1145 4636 1347 4658 I‘I,_.!A.!
1406 4640 1442 4658 l9
1491 4643 1526 4658 κ·
1574 4644 1606 4658 ι·
1902 4656 1909 4658 Α

2187 4543 2249 4634 τό
2270 4543 2536 4653 θειότερον
2555 4601 2568 4614 °
2613 4583 2790 4648 καθὼς
2825 4543 3229 4656 μαρτυρείιτοῐς
3267 4543 3456 4640 ἑαυτοίῖ
3483 4543 3750 4658 μαθηταῖς

506 4635 672 4705 hujus
706 4636 852 4700 libri,
887 4637 982 4691 sed
1018 4653 1112 4706 per
1144 4636 1350 4694 Christi
1391 4640 1739 4712 disciplinam
1789 4656 1913 4702 sunt
1957 4658 2070 4704 tra-

505 4726 654 4781 ducti
689 4728 755 4781 ad
790 4727 843 4781 id
878 4727 1023 4797 quod
1056 4737 1139 4783 est
1169 4730 1432 4788 divinius.
1473 4733 1629 4789 Sicut
1674 4739 1791 4794 suis
1822 4740 2067 4812 discipu-

505 4817 572 4871 lis
596 4825 828 4871 testatur
858 4817 1119 4882 Verbum,
1153 4821 1297 4889 quod
1329 4835 1514 4878 essent
1542 4826 1760 4884 homine
1794 4834 2065 4895 meliores.

502 4925 642 4976 quos
682 4910 941 4965 discrevit
991 4913 1059 4967 ab
1115 4913 1356 4978 homine,
1412 4933 1532 4985 quae
1573 4935 1603 4972 a
1651 4919 1879 4977 Domino
1924 4927 2066 4995 apud

505 5002 656 5072 ipsos
697 5002 837 5056 facta
872 5013 957 5058 est
990 5005 1293 5068 distinctio,
1325 5010 1542 5077 quando
1583 5012 1713 5069 dicit
1745 5035 1758 5070 :
1794 5017 1956 5082 Quem
1988 5037 2068 5075 me

502 5095 684 5147 dicunt
713 5093 1134 5170 essclhomines?
1175 5097 1273 5153 Vos
1296 5111 1468 5155 autem
1498 5120 1650 5173 quem
1682 5123 1762 5161 me
1788 5126 1901 5164 esse
1935 5113 2074 5166 dici-

503 5186 570 5238 tis
589 5185 671 5239 "?
697 5183 908 5239 Revera
936 5189 1079 5241 enim
1113 5205 1210 5259 per
1240 5191 1354 5246 haec
1380 5195 1565 5257 verba.
1607 5213 1837 5266 quorum
1865 5218 1986 5270 qua:
2019 5205 2072 5259 in

501 5282 758 5342 promptu
791 5282 876 5328 est
918 5276 1271 5344 signiﬁcatio,
1313 5283 1521 5338 indicat
1547 5290 1798 5344 carnales
1845 5292 2078 5349 delecta-

499 5365 701 5450 tiones.
755 5381 865 5420 non
919 5367 1178 5426 delaliens
1214 5372 1280 5426 ad
1321 5375 1615 5431 obscenam
1659 5381 2070 5450 cogitationem,

499 5449 596 5505 sed
643 5467 828 5507 rerum
866 5455 1176 5512 divinarum
1227 5462 1624 5534 phiIOSOpliiam
1663 5449 1751 5521 ad,
1779 5487 1944 5541 puras
1973 5449 2070 5529 de-

497 5540 706 5598 ducens
740 5547 941 5602 mentis
965 5553 1356 5621 conceptiones
1386 5575 1398 5610 :
1433 5558 1672 5613 ostendit
1699 5540 1806 5616 non
1837 5565 2069 5634 amplius

498 5646 621 5688 esse
676 5634 973 5705 hominem,
1028 5657 1207 5712 neque
1262 5644 1462 5704 habere
1509 5658 1758 5706 naturam
1807 5669 1971 5713 carne
2015 5666 2066 5713 et

569 5827 615 5861 ⁸⁸
639 5827 805 5887 Marc.
848 5851 970 5901 vin,
1007 5837 1100 5894 27.

2183 4674 2212 4725 6
2245 4675 2434 4741 Λόγος,
2478 4675 2559 4728 ὅτι
2599 4676 2877 4746 κρείττους
2899 4673 3038 4748 ἦσαν
3077 4677 3109 4748 ἦ
3148 4678 3287 4731 κατὰ
3318 4678 3619 4750 ἄνθρωπον,
3653 4680 3748 4742 οὓς

2181 4763 2446 4835 διέκρινεν
2475 4767 2582 4820 ἀπὸ
2610 4768 2716 4820 τῶν
2736 4769 3036 4839 ἀνθρώπων
3053 4773 3084 4842 ἠ
3100 4773 3363 4843 γενομένη
3389 4774 3522 4844 πρὸς
3551 4775 3748 4838 αὐτοὺς

2182 4858 2332 4928 παρὰ
2383 4859 2475 4912 τοῦ
2533 4861 2736 4931 Κυρίου
2761 4862 3026 4934 διαστολὴ,
3060 4866 3147 4918 ὅτε
3191 4865 3322 4936 φησί
3350 4884 3361 4896 ·
3397 4867 3533 4920 Τίνα
3558 4884 3634 4935 με
3655 4867 3749 4920 λέ·

2179 4967 2394 5018 ’νουσιν
2420 4955 2474 5004 οἱ
2505 4951 2797 5020 ἅνθρωποι
2845 4950 3030 5018 sirm;
3069 4957 3252 5026 Ὑμεῖς
3283 4957 3350 5011 δὲ
3387 4959 3520 5011 τίνα
3553 4977 3628 5028 με
3647 4960 3747 5013 λέ-

2179 5057 2309 5108 γετε
2331 5037 2518 5103 sirm;
2555 5043 2767 5112 άληθῶς
2790 5045 2899 5116 γὰρ
2927 5045 3000 5109 ὡς
3030 5046 3114 5099 διὰ
3142 5053 3250 5100 τῶν
3286 5049 3541 5103 τοιούτων
3568 5052 3745 5120 ῥημά-

2174 5148 2304 5192 των,
2337 5126 2471 5203 ὦνὴ
2514 5134 2796 5206 πρόχειρος
2829 5136 3063 5208 ἔμφασις
3084 5139 3180 5202 τὰς
3219 5139 3514 5210 σαρκώδεις
3540 5141 3746 5211 ἡδυπα-

2178 5224 2326 5288 θείας
2358 5225 2744 5286 ὲνδείκνυνται,
2778 5230 2850 5300 μὴ
2883 5231 3396 5296 κατολισθαίνωνείς
3431 5233 3532 5304 τὴν
3556 5234 3743 5304 ῥυπῶ-

2179 5330 2278 5366 σαν
2329 5315 2588 5378 διάνοιαν.
2621 5318 2756 5372 ἀλλὰ
2797 5320 2930 5392 πρὸς
2962 5321 3058 5392 τὴν
3088 5322 3196 5374 τῶν
3239 5322 3396 5376 θείων
3426 5323 3744 5393 φιλοσοφίαν

2176 5404 2270 5456 ἐπὶ
2304 5406 2400 5468 τὰς
2429 5406 2673 5478 καθαράς
2704 5410 2911 5473 ἐννοίας
2929 5449 2944 5472 ,
2979 5411 3066 5464 διὰ
3094 5414 3201 5465 τῶν
3252 5415 3512 5485 ῥημάτων
3538 5413 3742 5468 τούτων

2174 5497 2674 5570 χειραγωγούμενος
2699 5501 2936 5555 δείκνυσι
2949 5505 3010 5556 τὸ
3051 5506 3244 5576 μηκέτι
3271 5507 3554 5578 ἄνθρωπος
3578 5502 3740 5573 εἶναι,

2178 5588 2311 5658 μηδὲ
2370 5591 2530 5662 σαρκὶ
2573 5593 2667 5644 καὶ
2721 5594 2912 5662 αἵματι
2963 5598 3422 5668 συμμεμιγμένην
3455 5599 3551 5671 τὴν
3581 5599 3740 5667 φύσιν

2174 5681 2348 5750 ἔχειν’
2374 5681 2505 5736 ἀλλὰ
2527 5683 2623 5754 τὴν
2640 5685 2994 5758 ἐλπιζομένην
3023 5691 3086 5759 τῇ
3114 5690 3403 5746 ἀναστάσει
3437 5693 3543 5745 τῶν
3573 5692 3742 5760 ἁγίων
