4110 6474
375 362 478 417 ΤΠ

1428 347 1497 412 ΙΝ
1529 346 1826 410 CANTICA
1863 347 2135 407 CANTlC.
2177 348 2462 406 HOMILIA
2500 350 2543 407 1.

3509 349 3615 409 778

371 477 517 549 ζωὴν
548 474 932 535 ἐπιδείκνυται,
968 466 1247 544 ἰσάγγελος
1273 471 1359 525 διά
1384 473 1482 541 τῆς
1503 469 1771 533 ἀπαθείας
1788 467 1941 535 γενό-

2053 466 2311 536 sanguine
2346 468 2715 534 commistam,
2759 467 2857 524 sed
2896 466 3135 524 ostendit
3180 474 3499 523 sanctorum
3540 471 3615 522 vi-

374 586 553 642 μενος.
609 570 698 632 Ὠς
738 571 848 640 γὰρ
897 567 1033 638 μετά
1077 564 1176 635 τὴν
1226 564 1520 617 ἀνάστασιν
1554 562 1614 614 τὸ
1650 562 1747 631 μὲν
1787 560 1946 630 σῶμα

374 659 854 732 μεταστοιχειωθέν
884 656 1018 727 πρὸς
1056 655 1116 707 τὸ
1139 654 1434 725 ἄφθαρτον,
1465 656 1530 724 τῇ
1551 654 1695 724 ψυχῇ
1726 652 1818 706 τοῦ
1849 652 1946 705 ἀν-

373 751 590 825 θρώπου
620 750 1017 821 συμπλέκεταν
1042 745 1111 800 τὰ
1135 746 1191 799 δὲ
1222 746 1316 799 νῦν
1349 746 1437 799 διὰ
1474 748 1677 816 σαρκὸς
1711 746 1842 815 ῄμῖν
1864 746 1948 797 ἐν-

372 841 629 915 οχλοῦντα
658 841 826 910 πάθη,
857 842 969 902 τοῖς
995 838 1242 909 σώμασιν
1271 838 1497 901 ἐκείνοις
1528 838 1587 890 οὐ
1626 838 1947 890 συνανίστα-

372 953 496 992 ται·
528 934 662 989 ἀλλά
706 951 789 996 τις
848 930 1096 1003 εἰρηνικὴ
1127 931 1458 994 κατάστασις
1500 930 1598 1001 τὴν
1618 929 1763 1000 ζωὴν
1790 928 1945 999 ἡμῶν

372 1028 687 1094 διαδέξεται,
722 1024 916 1097 μηκέτι
947 1024 1043 1077 τοῦ
1090 1025 1259 1095 φρονή
1269 1041 1434 1094 ματος
1464 1026 1563 1094 τῆς
1583 1022 1785 1095 σαρκὸς
1811 1022 1947 1092 πρὸς

372 1121 469 1192 τὴν
486 1120 661 1190 ψυχὴν
684 1116 1084 1181 στασιάζοντος,
1115 1114 1249 1186 μηδὲ
1281 1115 1374 1168 τοῦ
1405 1116 1667 1186 ἐμφυλίου
1709 1115 1944 1185 πολέμου

371 1214 459 1267 διὰ
501 1212 610 1265 τῶν
648 1210 908 1281 ὲμπαθῶν
940 1209 1256 1279 κινημάτων
1292 1202 1841 1280 ἀντιστρατευομένου
1870 1206 1947 1278 τῷ

374 1306 521 1375 νόμῳ
549 1302 640 1356 τοῦ
668 1301 806 1366 νοὸς,
837 1302 931 1353 καὶ
950 1299 1137 1369 ὥσπερ
1162 1296 1505 1368 αἰχμάλωτόν
1530 1315 1648 1352 τινα
1674 1294 1738 1369 τῇ
1762 1299 1941 1369 ἀμαρ-

372 1397 463 1469 τίᾳ
498 1395 860 1464 προσάγοντος
898 1392 996 1462 τὴν
1040 1390 1364 1460 ἡττηθεῖσαν
1393 1390 1572 1460 ψυχήν
1597 1406 1611 1421 ο
1643 1390 1778 1443 ἀλλά
1810 1390 1945 1443 πάν-

374 1504 481 1542 των
529 1485 636 1538 τῶν
683 1483 938 1535 τοιούτων
988 1473 1315 1550 καθαρεύσει
1345 1482 1464 1533 τότε
1491 1482 1523 1551 ἠ
1549 1480 1728 1549 φύσις.
1766 1484 1857 1535 καὶ
1888 1483 1947 1535 ἒν

371 1577 439 1629 δι’
488 1573 808 1645 ἀμφοτέρων
832 1569 984 1622 ἔσται
1017 1567 1076 1621 τὸ
1108 1570 1379 1640 φρόνημα,
1407 1570 1509 1638 τῆς
1544 1572 1742 1642 σαρκός
1780 1588 1945 1642 φημι⁹

375 1670 469 1721 καὶ
497 1666 588 1719 τοῦ
628 1661 951 1731 πνεύματος,
984 1662 1160 1727 πάσης
1209 1662 1523 1732 σωματικῆς
1550 1662 1835 1727 διαθέσεως
1862 1665 1946 1728 ἐξ-

372 1752 760 1826 αφανισθείσης
807 1749 915 1807 ἀπὸ
942 1756 1040 1823 τῆς
1071 1754 1319 1823 φύσεως·
1351 1755 1491 1808 οὕτω
1515 1755 1943 1825 παρακελεύεται

2048 568 2160 611 tam
2190 572 2313 627 qua:
2345 567 2601 629 speratur
2632 559 2687 615 in
2724 560 3151 623 resurrectione,
3194 575 3291 630 per
3331 558 3614 628 impatibi-

2049 648 2255 704 litatem
2295 649 2525 707 eliectus
2556 667 2656 721 par
2689 653 2920 723 angelis.
2955 652 3242 720 Quomodo
3279 654 3450 717 enim,
3493 662 3617 721 post

2050 741 2534 807 resurrectionem,
2570 752 2771 814 corpus
2814 744 3035 815 quidem
3086 745 3142 800 in
3189 745 3243 799 id
3287 751 3620 800 transmuta-

2048 839 2165 885 tum
2202 832 2255 885 in
2287 834 2433 903 quod
2466 849 2576 889 non
2610 836 2759 889 cadit
2789 825 3068 899 interitus,
3103 835 3457 906 conjungitur
3500 833 3620 888 ani-

2048 938 2151 976 mae
2181 923 2419 979 hominis
2454 940 2470 979 :
2502 942 2623 996 quas
2666 936 2847 983 autem
2885 945 3030 983 nunc
3063 946 3160 999 per
3190 943 3410 983 carnem
3458 927 3619 980 nobis

2050 1015 2356 1070 molestiam
2382 1018 2645 1073 exhibent
2666 1020 2833 1073 animi
2860 1020 3326 1090 perturbationes,
3352 1034 3460 1073 non
3481 1034 3620 1073 con-

2049 1106 2259 1162 sistunt
2308 1109 2363 1163 in
2412 1108 2523 1166 illis
2555 1113 2904 1182 corporibus.
2952 1112 3050 1167 sed
3096 1111 3357 1181 paciﬁcus
3396 1110 3618 1180 quidam

2049 1208 2227 1256 status
2268 1202 2436 1255 vitam
2489 1214 2736 1259 nostram
2786 1205 3045 1274 excipiet,
3099 1204 3387 1274 prudentia
3431 1204 3616 1259 carnis

2047 1306 2155 1343 non
2192 1292 2427 1361 amplius
2480 1294 2802 1349 seditionem
2850 1303 3141 1350 exercente
3186 1295 3451 1349 adversus
3494 1294 3616 1349 ani-

2048 1399 2191 1437 mam
2228 1404 2240 1439 :
2273 1400 2451 1455 neque
2496 1386 2639 1442 bello
2689 1388 2947 1443 intestino
2999 1403 3098 1458 per
3142 1395 3326 1443 motus
3370 1387 3617 1442 affectio-

2016 1486 2021 1493 '
2048 1490 2178 1528 num
2209 1486 2548 1546 repugnante
2577 1478 2680 1549 legi
2707 1480 2928 1541 mentis,
2962 1488 3015 1534 et
3045 1490 3305 1550 tanquam
3347 1478 3617 1548 captivam

2048 1572 2278 1633 peccato
2314 1565 2512 1619 victam
2552 1567 2856 1623 adducente
2901 1569 3141 1622 animam
3168 1586 3184 1635 ;
3214 1568 3308 1624 sed
3337 1568 3405 1622 ab
3436 1568 3618 1623 omni—

2047 1657 2152 1713 bus
2181 1659 2449 1727 ejusmodi
2485 1669 2615 1715 tunc
2657 1676 2795 1731 pura
2838 1665 2945 1719 erit
2993 1673 3212 1728 natura,
3242 1675 3297 1719 et
3332 1664 3617 1718 amborum

2047 1763 2156 1801 una
2199 1749 2307 1804 erit
2362 1752 2671 1819 prudentia,
2723 1756 2928 1816 carnis.
2982 1755 3225 1825 inquam,
3265 1762 3320 1810 et
3365 1754 3615 1825 spiritus,

372 1853 463 1905 διὰ
497 1850 589 1904 τοῦ
625 1844 827 1921 βιϐλίου
854 1848 1044 1902 τούτου
1078 1850 1106 1902 6
1134 1848 1290 1917 λόγος
1327 1850 1440 1912 τοῖς
1466 1851 1735 1913 ἐπαΐουσι,
1759 1848 1863 1902 κᾶν
1888 1851 1944 1901 ἐν

2053 1841 2196 1894 omni
2234 1842 2512 1912 corporali
2538 1842 2826 1901 aﬂ‘ectione
2851 1845 3025 1901 deleta
3052 1863 3117 1900 ex
3151 1858 3381 1910 natura;
3413 1848 3487 1900 ita
3523 1861 3619 1916 per

378 1944 540 2013 σαρκὶ
587 1942 790 2013 ζῶμεν,
830 1941 992 2011 μηδὲν
1036 1943 1146 2004 τοῖς
1194 1942 1429 2011 νοήμασι
1459 1941 1593 2011 πρὸς
1624 1942 1792 2012 αὐτὴν
1825 1944 1943 1995 ἐπι-

375 2033 731 2107 στρέφεσθαι·
761 2034 898 2087 ἀλλά
925 2032 1018 2087 καὶ
1041 2032 1177 2103 πρὸς
1198 2034 1363 2104 μόνην
1390 2035 1487 2104 τὴν
1507 2034 1684 2105 ψυχὴν
1708 2034 1943 2105 βλέπειν,

372 2130 468 2183 καὶ
487 2128 664 2191 πάσας
681 2126 780 2189 τὰς
806 2126 1155 2197 ἀγαπητικάς
1172 2123 1376 2179 τούτων
1408 2127 1673 2194 ἐμφάσεις
1702 2126 1947 2197 καθαράς

372 2239 433 2276 τε
466 2223 559 2275 καὶ
587 2216 915 2292 ἀμολύντους
954 2218 1263 2272 ἀνατιθέναι
1309 2218 1388 2289 τῷ
1428 2211 1744 2288 ύπερέχοντι
1770 2220 1947 2272 πάντα

373 2314 499 2369 νοῦν
526 2312 715 2383 ἀγαθῷ
738 2312 856 2383 Θεῷ
877 2330 891 2343 ·
943 2306 987 2381 ᾧ
1024 2312 1183 2383 μόνον
1223 2311 1371 2364 ἐστὶν
1411 2309 1487 2373 ὡς
1512 2308 1747 2381 ἀληθῶς,
1778 2310 1946 2379 γλυκύ

374 2425 433 2460 τε
466 2406 559 2460 καὶ
616 2401 946 2476 ἐπιθυμητὸν
980 2406 1072 2459 καὶ
1113 2403 1372 2475 ἐράσμιον
1398 2420 1411 2434 ·
1434 2398 1494 2458 οὗ
1526 2405 1559 2474 ή
1593 2402 1947 2475 ἀπόλαυσιςὴ

373 2498 462 2554 ἀεὶ
496 2499 752 2569 γινομένη
782 2497 1003 2569 ἀφορμὴ
1033 2496 1275 2567 μείζονος
1314 2494 1607 2566 ἐπιθυμίας
1628 2495 1857 2564 γίνεται,
1881 2499 1947 2567 τῇ

376 2590 634 2662 μετουσίᾳ
665 2590 771 2643 τῶν
808 2588 1024 2657 ἀγαθῶν
1058 2586 1147 2641 τὸν
1172 2589 1335 2642 πόθον
1360 2588 1819 2641 συνεπιτείνουσα.
1844 2584 1950 2639 Οὕ-

372 2694 483 2745 ⁴τως
506 2684 534 2734 6
556 2682 756 2751 Μωσῆς
780 2677 951 2748 ἐφίλει
973 2678 1064 2733 τὸν
1086 2675 1216 2731 Θεὸν
1240 2718 1254 2741 ,
1287 2678 1459 2741 οὕτως
1476 2680 1504 2731 6
1538 2675 1723 2741 Ἠλίας
1740 2693 1753 2705 ⁸
1778 2674 1949 2741 οὕτως

375 2775 405 2828 6
439 2773 687 2842 ’Ῑωέιννης
718 2770 891 2840 ἐφίλει
915 2770 1005 2822 τὸν
1031 2767 1264 2839 νυμφίον
1296 2768 1469 2837 λέγων
1498 2785 1514 2800 ο
1562 2769 1617 2819 '0
1649 2768 1808 2836 ἔχων
1836 2766 1951 2834 τὴν

374 2867 618 2936 νύμφην
666 2862 921 2932 νυμφίος
944 2860 1146 2915 ἐστίν·
1178 2863 1211 2914 ό
1253 2858 1321 2914 δὲ
1352 2860 1528 2929 φίλος
1556 2859 1662 2913 τοῦ
1690 2861 1951 2929 νυμφίου

377 2956 530 3029 χαρᾷ
567 2956 756 3026 χαίρει
800 2954 897 3008 διὰ
941 2951 1057 3021 τὴν
1080 2951 1290 3022 φωνὴν
1316 2952 1422 3006 τοῦ
1458 2951 1742 3021 νυμφίου.
1768 2948 1952 3015 Οὕτως

376 3053 406 3105 6
424 3051 624 3120 Πέτρος
656 3048 946 3119 ἐρωτηθεὶς
971 3047 1019 3100 εἰ
1037 3046 1181 3116 φιλεῖ
1202 3046 1294 3099 καὶ
1318 3042 1523 3115 ἀγαπᾷ,
1552 3045 1800 3115 ὁμολογεῖ
1817 3045 1953 3114 μεεά

378 3142 709 3215 παρρησίας,
770 3140 945 3208 λέγων
966 3157 979 3169 ·
1012 3139 1097 3192 Σὺ
1125 3134 1313 3205 οἶδας,
1342 3139 1538 3206 Κύριε,
1568 3135 1655 3190 ὅτι
1682 3128 1836 3205 φιλῶ
1856 3152 1949 3190 σε.
1978 3167 2022 3226 C

378 3232 565 3296 Οὕτως
606 3231 655 3285 oi
687 3230 864 3284 λοιποὶ
901 3228 1186 3284 ἀπόστολοι
1212 3245 1225 3257 ⁸
1268 3228 1441 3292 οὕτως
1468 3228 1496 3281 6
1528 3226 1736 3291 Παῦλος
1757 3231 1784 3282 6
1823 3230 1951 3301 πρὶν

378 3321 634 3392 διώκτης,
664 3321 757 3374 καὶ
781 3321 1071 3390 ἀγαπήσας
1090 3318 1149 3372 6v
1166 3320 1263 3390 οὐχ
1290 3320 1435 3390 ἐώρα
1468 3320 1719 3391 Χριστὸν,
1748 3320 1952 3392 ἔγραφε

380 3412 551 3480 λέγων
580 3428 595 3443 ·
640 3411 1023 3482 Ἦρμοσάμην
1050 3411 1203 3481 ὑμᾶς
1230 3412 1528 3480 παρθένον
1551 3411 1744 3481 ἁγνὴν
1778 3428 1954 3483 παρα-

382 3503 606 3573 στῆσαι
631 3501 710 3567 τῷ
728 3501 975 3569 Χριστῷ.
994 3498 1180 3565 Οὕτως
1204 3503 1236 3571 ἡ
1257 3501 1351 3555 νῦν
1380 3503 1693 3575 Ἐκκλησία,
1716 3506 1748 3576 ὴ
1768 3502 1829 3559 νύ
1838 3521 1953 3577 μφη

380 3592 475 3650 τὸν
500 3594 731 3665 νυμφίον
758 3593 950 3664 ἐφίλει,
978 3592 1121 3647 κατὰ
1148 3592 1246 3665 τὴν
1275 3595 1332 3647 ἐν
1359 3594 1436 3665 τῷ
1476 3594 1713 3669 ’ᾼσματι
1747 3598 1953 3669 παρθέ-

384 3702 474 3741 νον
521 3686 623 3757 τὴν
673 3682 971 3754 λέγουσαν·
1003 3683 1320 3751 Φιλησάτω
1342 3701 1420 3753 με
1446 3685 1566 3739 ἀπὸ
1609 3686 1955 3757 φιλημάτων

386 3778 683 3845 στόματος
707 3773 914 3828 αὑτοῦ.
945 3771 1131 3837 Οὕτως
1157 3773 1185 3825 ὁ
1218 3772 1304 3825 διά
1330 3772 1431 3843 τῆς
1450 3774 1591 3828 κατά
1617 3776 1791 3847 στόμα
1818 3793 1957 3846 γινο.

390 3867 555 3939 μένης
578 3866 724 3937 αὐτῷ
744 3864 896 3935 παρά
922 3862 1018 3918 τοῦ
1048 3863 1182 3917 Θεοῦ
1213 3863 1448 3935 ὁμιλίας,
1482 3864 1663 3930 καθὼς
1693 3870 1959 3940 μαρτυρεῖ

384 3955 419 4030 ἠ
449 3957 660 4030 Γραφὴ,
682 3956 764 4009 ὅτι
790 3958 849 4009 ἐν
870 3952 1134 4027 ἐπιθυμίᾳ
1160 3953 1362 4025 μείζονι
1383 3954 1492 4008 τῶν
1514 3957 1770 4011 τοιούτων
1798 3960 1958 4030 φιλη-

391 4051 575 4122 μάτων
609 4048 844 4117 ἐγένετο,
870 4046 1006 4119 μετά
1036 4045 1302 4109 τοσαύτας
1317 4046 1652 4115 θεοφανείας,
1686 4050 1762 4113 ὡς
1793 4052 1958 4122 μήπω

387 4140 712 4212 τεθεαμένος
776 4140 905 4193 ἰδεῖν
956 4137 1124 4205 ἀξιῶν
1156 4137 1247 4191 τὸν
1290 4137 1641 4209 ποθούμενον.
1696 4140 1882 4207 Οὕτως
1909 4144 1959 4197 οἱ

387 4230 565 4285 λοιποὶ⁵
582 4230 799 4293 πάντες,
823 4225 905 4291 οἷς
928 4230 960 4281 6
982 4228 1123 4291 θεῖος
1164 4227 1328 4292 πόθος
1347 4227 1436 4281 διὰ
1474 4228 1671 4299 βάθους
1693 4230 1958 4299 ἐνέκειτο,

387 4321 624 4394 οὐδαμοῦ
647 4321 747 4391 τῆς
777 4319 1070 4391 ἐπιθυμίας
1091 4319 1330 4382 ἵσταντο,
1362 4321 1470 4374 πᾶν
1490 4320 1551 4373 τὸ
1570 4320 1751 4376 θεόθεν
1778 4324 1963 4390 αὐτοῖς

387 4416 471 4477 εις
524 4412 824 4467 ἀπόλαυσιν
880 4410 974 4465 τοῦ
1006 4410 1335 4482 ποθουμένου
1363 4413 1664 4482 γινόμενον,
1694 4414 1825 4486 ὕλην
1868 4418 1961 4471 καὶ

2047 1934 2194 1988 hunc
2250 1935 2452 1989 librum
2500 1935 2660 2005 jubet
2717 1938 2895 1991 oratio
2960 1938 3028 1993 iis
3085 1938 3177 2008 qui
3236 1939 3505 1999 audiunt,
3560 1945 3620 1991 ut

2046 2028 2261 2083 etiamsi
2282 2029 2336 2082 in
2360 2043 2527 2084 carne
2550 2029 2820 2091 vivamus,
2855 2031 3061 2085 nostris
3092 2030 3521 2100 cogitationibus
3550 2029 3619 2083 ad

2046 2134 2165 2174 eam
2225 2120 2448 2175 minime
2514 2129 2945 2185 convertamur,
2995 2120 3091 2176 sed
3154 2121 3221 2175 ad
3248 2122 3421 2176 solam
3473 2121 3621 2191 aspi-

2047 2213 2260 2267 ciamus
2326 2213 2563 2266 animam
2598 2253 2614 2275 ,
2673 2220 2727 2267 et
2787 2228 2981 2268 omnes
3037 2213 3351 2268 dilectionis
3408 2213 3621 2283 signiﬁ-

2048 2305 2297 2359 cationes
2372 2321 2539 2375 puras
2597 2315 2652 2360 et
2713 2304 3027 2375 impollutus
3094 2304 3410 2363 dedicemus
3474 2306 3621 2360 bono

2052 2394 2195 2461 Deo,
2242 2396 2334 2465 qui
2393 2411 2612 2451 omnem
2656 2406 2881 2466 superat
2920 2396 3334 2468 intelligentiam
3364 2416 3379 2452 :
3407 2398 3496 2453 cui
3528 2412 3621 2452 so.

2054 2487 2168 2541 lum
2207 2497 2291 2542 est
2321 2502 2512 2542 revera
2554 2488 2702 2557 quod
2744 2489 2908 2543 dulce
2938 2496 2992 2543 et
3015 2488 3322 2557 jucundum
3360 2499 3622 2558 expeten-

2050 2577 2290 2647 dumque
2332 2587 2388 2632 et
2430 2578 2668 2633 amabile
2714 2596 2728 2632 :
2777 2578 2934 2647 cujus
2983 2594 3105 2648 qua:
3157 2592 3375 2648 semper
3406 2578 3623 2632 exstitit

2048 2671 2238 2725 fruitio
2259 2708 2274 2736 ,
2322 2670 2380 2725 fit
2404 2671 2633 2726 materia
2686 2678 2742 2725 et
2778 2672 2999 2726 occasio
3027 2670 3252 2741 majoris
3281 2668 3622 2740 cupiditatis,

2051 2763 2317 2817 honorum
2372 2763 2794 2833 participatione
2827 2763 3117 2819 intendens
3151 2762 3509 2818 desiderium.
3542 2762 3620 2817 Ita

2051 2852 2231 2909 loses
2264 2854 2431 2909 Deum
2460 2855 2721 2925 diligebat
2745 2875 2761 2920 ;
2785 2856 2859 2909 ita
2890 2854 3058 2919 Elias,
3088 2857 3162 2909 ita
3185 2853 3424 2911 Joannes
3455 2868 3624 2924 spon-

2050 2961 2175 3001 sum
2218 2948 2501 3017 diligebat,
2557 2949 2747 3003 dicens
2770 2948 2856 3002 ⁸⁸ε
2895 2948 3000 3013 Qui
3050 2946 3203 3001 habet
3254 2963 3504 3017 sponsam
3546 2956 3624 3001 est

2051 3055 2320 3109 sponsus;
2382 3042 2586 3094 amicus
2646 3049 2822 3093 autem
2884 3039 3068 3107 sponsi
3132 3038 3323 3092 latitia
3383 3037 3627 3107 afﬁcitur

2053 3140 2265 3199 propter
2306 3149 2577 3201 sponsum.
2632 3133 2708 3186 lta
2765 3131 2959 3187 Petrus
3001 3140 3225 3202 rogatus
3267 3145 3337 3183 an
3376 3137 3521 3185 amet
3560 3144 3630 3187 at:

2054 3223 2283 3294 diligat,
2332 3224 2503 3279 libere
2551 3234 2606 3280 et
2670 3225 3010 3279 conﬁdenter
3049 3223 3272 3285 fatetur,
3323 3222 3513 3277 dicens
3534 3222 3623 3277 ’ἰ

2060 3312 2299 3377 Domine,
2332 3323 2389 3366 tu
2414 3315 2518 3369 scis
2544 3315 2684 3385 quod
2714 3331 2834 3368 amo
2882 3324 2950 3368 te.
3010 3312 3087 3367 Ita
3140 3314 3319 3369 ceteri
3368 3315 3625 3384 apostoli.

2053 3405 2134 3460 ita
2163 3405 2392 3473 Paulus,
2420 3407 2515 3477 qui
2560 3408 2714 3478 prius
2762 3415 3105 3479 perseeutor,
3159 3422 3286 3461 cum
3343 3406 3629 3463 dilexisset

2052 3496 2337 3553 Christum
2367 3513 2529 3569 quem
2562 3514 2673 3554 non
2712 3500 2941 3559 viderat.
2992 3498 3217 3568 scripsit
3248 3497 3477 3555 dicens:
3528 3498 3630 3555 De-

2057 3592 2247 3662 spondi
2277 3607 2375 3659 vos.
2398 3591 2650 3662 virginem
2679 3601 2883 3645 castam
2925 3589 3166 3644 exhibere
3209 3589 3423 3645 Christo
3450 3590 3516 3648 ⁸⁸.
3548 3591 3630 3648 Ita

2052 3701 2175 3756 qua:
2202 3699 2349 3739 nunc
2375 3694 2457 3740 est
2486 3683 2757 3746 Ecclesia,
2793 3697 2993 3753 sponsa
3049 3698 3311 3753 sponsum
3345 3683 3625 3754 diligebat,

2055 3778 2446 3833 convenienter
2470 3777 2517 3832 ei
2542 3776 2739 3848 virgini
2769 3791 2891 3846 quae
2912 3775 3045 3829 dicit
3072 3776 3128 3829 in
3159 3775 3388 3830 Cantico
3413 3793 3428 3829 :
3460 3774 3623 3831 Oscu-

2058 3867 2197 3921 letur
2224 3884 2305 3922 me
2328 3867 2509 3923 osculo
2536 3868 2645 3921 oris
2678 3867 2763 3921 sui
2785 3868 2851 3921 ⁸³.
2890 3865 2980 3920 Sic
3023 3866 3117 3921 ille
3164 3866 3259 3936 qui
3306 3866 3505 3937 dignus
3544 3873 3630 3922 est

2055 3959 2280 4016 habitus
2304 3976 2431 4015 cum
2462 3959 2574 4015 Deo
2598 3961 2749 4031 loqui
2786 3959 2925 4015 facie
2951 3959 3016 4014 ad
3048 3958 3267 4025 faciem,
3302 3968 3363 4015 ut
3396 3968 3630 4016 testatur

2060 4054 2345 4124 Scriptura
2370 4052 2438 4117 ”,
2469 4052 2741 4121 ejusmodi
2770 4052 3087 4107 osculorum
3115 4052 3312 4123 majori
3346 4053 3628 4109 tenebatur

2058 4143 2356 4208 desiderio,
2411 4152 2703 4212 postquam
2751 4143 2801 4198 ei
2849 4144 3011 4199 toties
3060 4144 3201 4201 Deus
3260 4146 3626 4216 apparuisset,

2059 4249 2262 4306 rogans
2291 4241 2351 4288 ut
2374 4234 2585 4290 videret
2619 4249 2781 4306 quem
2821 4235 3188 4301 desiderabat,
3236 4236 3465 4308 perinde
3488 4252 3551 4291 ac
3579 4238 3628 4292 si

2061 4342 2340 4397 nunquam
2404 4340 2530 4383 eum
2581 4335 2730 4383 esset
2780 4330 3269 4399 contemplatus".
3323 4328 3400 4384 Ita
3448 4329 3629 4385 ca‘teri

2061 4434 2254 4476 omnes
2281 4434 2517 4490 quorum
2565 4419 2811 4475 divinum
2862 4420 3197 4476 desiderium
3254 4421 3525 4476 insidebat
3575 4423 3632 4475 in

391 4505 722 4577 ὑπέκκαυμα
760 4505 858 4575 τῆς
901 4502 1264 4575 σφοδροτέρας
1299 4503 1590 4574 ἐπιθυμίας
1626 4507 1954 4579 ποιούμενοι.

2064 4512 2192 4567 imis
2218 4511 2607 4582 penetralibus,
2656 4526 2937 4581 nunquam
2970 4527 3130 4568 suum
3170 4513 3443 4568 satiarunt
3483 4511 3634 4566 desi-

330 4608 331 4613 ‘
389 4597 625 4661 derium,
656 4595 925 4667 quidquid
958 4595 1043 4650 eis
1074 4594 1338 4650 divinitus
1365 4596 1672 4663 eveniebat,
1707 4614 1819 4670 quo
1866 4600 2184 4659 fruerentur
2218 4617 2284 4659 eo
2323 4604 2418 4674 qui
2465 4602 2903 4668 desiderabatur,
2970 4603 3253 4659 materiam
3306 4603 3634 4674 arripientes

333 4702 363 4731 -'
390 4701 447 4749 et
474 4691 721 4747 fomitem
756 4689 984 4759 majoris
1019 4688 1303 4745 desiderii.

464 4787 676 4856 'ﬂmp
714 4782 781 4855 δὴ
813 4784 908 4837 καὶ
947 4782 1041 4837 νῦν
1084 4784 1118 4853 ἡ
1157 4782 1234 4853 τῷ
1264 4783 1384 4855 Θεῷ
1412 4787 1788 4860 συναπτομένη
1816 4789 1961 4863 ψυχὴ

391 4879 704 4949 ἀκορέστως
737 4876 849 4946 ἔχει
880 4874 979 4945 τῆς
1010 4874 1361 4939 ἀπολαύσεως
1381 4892 1397 4907 ο
1431 4876 1543 4947 ὅσῳ
1582 4877 1963 4953 δαψιλέστερον

393 4969 714 5039 ἐμφορεῖται
750 4966 849 5036 τῆς
887 4964 1269 5028 ἀπολαύσεως,
1318 4966 1567 5021 τοσοῦτον
1614 4970 1966 5041 σφοδρότερον

394 5063 506 5124 τοῖς
534 5058 719 5124 πόθοις
747 5058 1089 5128 ἀκμάζουσα.
1132 5057 1348 5129 Ἐπειδὴ
1380 5058 1489 5129 γὰρ
1522 5060 1591 5113 τά
1627 5063 1848 5133 ῥήματα
1871 5062 1965 5117 τοῦ

396 5157 650 5229 νυμφίου,
686 5154 903 5225 πνεῦμα
940 5153 1034 5207 καὶ
1067 5150 1178 5226 ζωή
1215 5154 1359 5207 ἐστι·
1396 5156 1503 5218 πᾶς
1535 5153 1592 5208 δὲ
1631 5156 1659 5208 6
1690 5155 1767 5226 τῷ
1800 5156 1963 5211 πνεὺ.

403 5264 532 5318 ματι
564 5246 905 5317 κολλώμενος
935 5243 1153 5314 πνεῦμα
1178 5244 1412 5315 γίνεται,
1447 5244 1541 5298 καὶ
1565 5247 1594 5299 6
1625 5250 1693 5320 τῇ
1710 5248 1822 5320 ζωῇ
1843 5265 1968 5302 συν-

394 5337 701 5408 απτόμενος
752 5332 860 5389 ἀπὸ
928 5334 1161 5389 θανάτου
1194 5338 1277 5400 είς
1321 5336 1417 5409 τὴιν
1448 5335 1594 5411 ζωὴν
1632 5340 1963 5409 μεταδαίνει,

398 5427 544 5482 κατά
571 5426 670 5497 τὴν
701 5424 796 5477 τοῦ
822 5425 1027 5495 Κυρίου
1066 5426 1250 5495 φωνήν
1268 5438 1283 5453 ⁸
1320 5425 1407 5479 διὰ
1427 5424 1582 5480 τοῦτο
1612 5428 1769 5481 ποθεῖ
1797 5444 1968 5498 προο-

402 5518 622 5588 εγγίσαι
648 5516 748 5587 τὴν
791 5516 968 5588 ψυχὴν
1007 5520 1072 5588 τῇ
1096 5520 1246 5589 πηγῇ
1279 5518 1377 5588 τῆς
1423 5519 1798 5591 πνευματικῆς
1824 5518 1969 5591 ζωῆς

2133 4784 2422 4852 Quomodo
2440 4784 2607 4840 etiam
2630 4799 2751 4855 quae
2770 4800 2919 4839 nunc
2956 4799 3175 4855 quoque
3207 4785 3318 4841 Deo
3348 4787 3635 4859 conjungi-

2063 4886 2157 4932 tur
2191 4878 2395 4943 anima,
2428 4876 2618 4932 satiari
2648 4890 2759 4931 non
2797 4885 2978 4947 potest
3008 4877 3289 4942 fruitione,
3314 4895 3423 4948 quo
3454 4882 3635 4950 copio-

2067 4970 2184 5026 sius
2216 4969 2480 5024 fruitione
2508 4968 2786 5038 impletur,
2806 4983 2873 5024 eo
2898 4969 3293 5024 vehementiori
3319 4971 3509 5041 vigens
3535 4972 3636 5025 de-

2067 5066 2289 5121 siderio.
2316 5063 2457 5130 Quia
2502 5063 2650 5117 enim
2693 5062 2858 5117 verba
2908 5062 3095 5131 sponsi
3138 5062 3365 5131 spiritus
3414 5071 3543 5117 sunt
3583 5070 3639 5117 et

2068 5158 2178 5212 vita
2199 5158 2266 5220 ",
2297 5156 2611 5227 quicunque
2636 5162 2816 5209 autem
2841 5154 3257 5225 congiutinatur
3301 5155 3543 5225 spiritui,
3582 5156 3641 5210 ﬁt

2071 5248 2331 5319 spiritus;
2357 5255 2412 5302 et
2433 5247 2524 5317 qui
2554 5247 2676 5303 vita
2694 5246 3070 5320 conjungitur,
3092 5247 3295 5302 transit
3317 5262 3346 5301 a
3372 5257 3549 5303 morte
3574 5249 3639 5301 ad

2068 5338 2257 5401 vitam,
2285 5347 2651 5407 congruenter
2672 5338 2793 5393 voci
2823 5336 3042 5392 Domini
3073 5355 3086 5403 ;
3111 5347 3402 5408 propterea
3434 5340 3645 5395 deside-

2071 5438 2155 5483 rat
2171 5429 2609 5499 appropinquare
2630 5430 2867 5485 animam
2882 5432 3017 5488 fonti
3031 5434 3153 5487 vita:
3169 5432 3472 5502 spiritualis
3490 5433 3645 5500 virgo

2071 5520 2270 5575 anima.
2293 5518 2438 5576 Fons
2459 5528 2641 5575 autem
2663 5527 2750 5576 est
2776 5536 2839 5577 os
2866 5522 3078 5592 sponsi,
3121 5522 3264 5576 unde
3286 5522 3643 5577 scaturientia

474 5719 698 5794 "Joan.
730 5718 932 5794 "1,29.
1026 5719 1070 5756 ⁸⁷
1100 5718 1258 5794 .lo_a_n.
1295 5735 1408 5787 xxi,
1434 5720 1521 5776 15.
1615 5722 1721 5778 "ll
1757 5722 1885 5779 Cor.
1916 5739 1991 5793 si,
2015 5722 2070 5777 2.
2148 5723 2373 5781 “Cant.
2400 5741 2440 5794 I,
2463 5726 2515 5780 1.
2549 5741 2673 5794 squ.
2747 5726 2793 5760 ’°
2816 5724 2972 5783 Deut.
3011 5740 3202 5789 xxnv,
3236 5724 3324 5779 10.
3394 5726 3437 5757 ⁹¹
3470 5726 3637 5782 Exod.

401 5807 598 5857 nun,
626 5791 714 5848 18.
796 5790 843 5822 ⁸³
867 5789 1025 5847 Joan.
1060 5806 1111 5853 v,
1143 5790 1233 5844 6t.

724 5887 993 5947 PAThOL.
1052 5884 1171 5945 Gn.
1203 5883 1421 5945 XLIV.

3262 5888 3341 5949 25
