4110 6478
555 304 662 366 779

1814 307 1871 363 S.
1907 307 2238 365 GREGORII
2265 311 2557 368 NYSSENI

3676 320 3780 376 780

555 424 720 480 verba
753 423 874 476 vita:
902 428 1114 476 aeterne
1161 420 1385 490 implent
1419 436 1481 477 os
1514 435 1578 475 ea
1609 420 1885 476 attrahens
1907 461 1924 485 ,
1975 422 2110 478 sicut

2218 426 2253 497 ἡ
2291 425 2555 498 παρθένος
2577 425 2744 497 ψυχή.
2803 425 2868 478 Ἦ
2899 429 2956 479 δὲ
2992 429 3140 500 πηγή
3169 430 3285 482 ἐστι
3323 427 3417 482 τού
3447 431 3676 501 νυμφίου
3717 433 3781 485 τὸ

555 515 788 572 faciebat
823 514 1089 585 Propheta
1129 529 1224 584 per
1251 529 1315 570 os
1354 514 1576 570 trahens
1600 514 1856 584 spiritum
1883 516 1952 569 ”.
1978 515 2120 582 Quia

554 623 684 680 ergo
712 615 924 677 oportet
951 621 1014 660 os
1068 605 1358 660 admovere
1403 619 1558 676 aqua:
1609 620 1758 670 eum,
1798 606 1892 676 qui
1931 615 2120 675 potum

557 699 785 752 attrahit
802 715 868 752 ex
890 699 1038 753 fonte
1064 716 1077 752 :
1105 697 1228 754 fons
1251 708 1429 753 autem
1455 706 1538 753 est
1562 697 1826 753 Dominus
1847 699 1940 770 qui
1958 701 2117 768 dixit,

557 788 619 844 Si
635 789 753 858 quis
764 787 900 854 sitit,
921 788 1091 842 veniat
1108 787 1175 840 ad
1205 805 1286 842 me
1305 797 1354 842 et
1379 788 1522 842 bibat
1537 788 1606 854 “,
1624 799 1912 859 propterea
1937 791 2118 845 anima

553 884 670 937 vult
706 883 788 937 ori
851 883 1014 938 vitam
1051 882 1372 938 scaturienti
1439 898 1502 938 os
1559 897 1721 938 suum
1787 881 2115 946 admovere,

553 974 740 1028 dicens
767 992 780 1028 :
813 972 1094 1028 Osculetur
1122 990 1202 1028 me
1235 973 1414 1028 osculo
1436 974 1543 1027 oris
1570 975 1655 1028 sui
1680 991 1699 1036 ;
1727 981 1780 1028 ct
1806 973 1899 1043 qui
1931 973 2115 1026 omni-

553 1066 656 1121 bus
691 1075 902 1120 scatere
933 1065 1061 1120 facit
1086 1065 1275 1129 vitam,
1301 1075 1355 1120 et
1381 1067 1495 1119 vult
1524 1079 1716 1119 omnes
1748 1079 1871 1120 esse
1909 1065 2116 1128 salvos.

551 1157 823 1212 neminem
846 1157 961 1211 vult
991 1171 1182 1211 eorum
1209 1157 1301 1226 qui
1335 1156 1472 1211 salvi
1503 1155 1658 1220 ﬁunt,
1686 1171 1809 1211 esse
1837 1162 2115 1225 expertem

549 1243 716 1314 hujus
738 1246 913 1299 osculi
943 1262 958 1310 ;
982 1255 1066 1300 est
1096 1245 1240 1299 enim
1267 1243 1388 1313 ejus
1415 1245 1666 1299 osculum
1699 1255 2114 1313 purgamentum

555 1337 803 1406 cujusvis
835 1337 1034 1392 sordis.
1058 1335 1423 1402 Quamobrem
1453 1337 1584 1389 mihi
1609 1335 1824 1390 videtur
1852 1335 2114 1391 Dominus

551 1430 655 1484 hoc
679 1431 1011 1500 exprobrare
1045 1428 1252 1482 Simoni
1286 1429 1524 1498 leproso,
1562 1426 1816 1482 Osculum
1844 1425 1974 1480 mihi
2008 1443 2115 1480 non

548 1522 740 1577 dedisti
769 1522 834 1574 ”.
867 1521 1071 1575 llevera
1107 1520 1251 1574 enim
1299 1519 1488 1574 fuisset
1522 1518 1814 1572 mundatus
1859 1517 1928 1570 ab
1961 1517 2116 1586 :cgri-

550 1614 759 1676 tudine.
785 1613 830 1668 si
856 1627 950 1666 ore
974 1612 1292 1666 attraxisset
1312 1611 1626 1681 puritatem.
1651 1610 1755 1665 Sed
1782 1611 1871 1665 ille
1894 1610 2113 1680 quidem

548 1706 741 1761 merito
779 1705 833 1760 id
860 1721 967 1760 non
1001 1713 1085 1759 est
1133 1712 1418 1773 expertus,
1451 1712 1512 1756 ut
1565 1702 1724 1771 cujus
1777 1717 1906 1757 caro
1947 1715 2114 1771 supra

2224 517 2435 588 στόμα,
2468 516 2615 570 ὅθεν
2647 517 2718 570 τὰ
2770 518 2988 587 ῥήματα
3037 517 3139 586 τῆς
3189 520 3406 574 αίωνίου
3457 521 3601 594 ζωῆς
3650 525 3781 577 ἀναι

2222 609 2453 681 ϐρύοντα
2493 609 2690 678 πληροῖ
2738 606 2799 661 τὸ
2841 607 3016 678 στόμα
3061 609 3122 661 τὸ
3167 609 3549 682 ἐφελκόμενον,
3599 613 3780 673 καθὼς

2219 699 2391 752 ἐποίει
2410 698 2742 770 ὁΠροφήτης
2767 697 2855 751 διὰ
2876 696 2971 750 τοῦ
2993 698 3258 768 στόματος
3283 699 3454 756 ἕλκων
3466 702 3527 756 τὸ
3541 702 3775 773 πνεῦμα.

2231 787 2446 858 Ἐπειδὴ
2477 788 2654 842 τοίνυν
2694 787 2798 859 χρὴ
2845 788 3156 859 προσθεῖναι
3192 790 3252 843 τὸ
3298 790 3470 862 στόμα
3512 792 3590 863 τῷ
3631 793 3781 848 ὕδατι

2217 880 2307 934 τὸν
2335 881 2399 934 ἐκ
2440 879 2540 955 τῆς
2589 882 2770 950 πηγῆς
2815 879 2977 933 ποτὸν
3014 880 3410 950 ἐφελκόμενον,
3459 883 3608 955 πηγὴ
3643 884 3698 937 δὲ
3748 887 3780 937 6

2216 971 2420 1041 Κύριος
2448 973 2477 1025 6
2504 969 2671 1025 είπών
2695 987 2710 1001 ⁸
2734 971 2807 1024 ΕΖ
2824 988 2914 1038 τις
2936 970 3104 1039 διψᾷ,
3127 972 3390 1041 ἐρχέσθω
3411 975 3559 1042 πρός
3582 992 3660 1043 με
3680 977 3778 1030 καὶ

2216 1061 2430 1116 πινέτω
2449 1078 2464 1093 ·
2497 1062 2585 1117 διὰ
2631 1060 2786 1116 τοῦτο
2818 1064 2852 1134 ἡ
2897 1061 3043 1134 ψυχὴ
3075 1066 3442 1135 προσαγαγεῖν
3473 1065 3535 1118 τὸ
3577 1067 3776 1137 ἑαυτῆς

2218 1157 2392 1226 στόμα
2437 1155 2511 1226 τῷ
2540 1155 2640 1226 τὴν
2677 1154 2820 1226 ζωὴν
2871 1156 3170 1227 πηγάζοντι
3208 1155 3436 1226 στόματι
3493 1156 3775 1227 βούλεται,

2215 1247 2445 1316 λέγουσα
2469 1264 2484 1277 ο
2519 1245 2830 1313 Φιλησάτω
2846 1263 2924 1314 με
2955 1246 3074 1300 ἀπὸ
3112 1246 3232 1299 τῶν
3266 1246 3613 1316 φιλημάτων
3641 1250 3779 1302 στό-

2210 1355 2398 1410 ματος
2445 1338 2630 1392 αὑτοῦ
2656 1356 2667 1369 ⁸
2725 1338 2818 1390 καὶ
2863 1339 2892 1391 6
2929 1339 3062 1392 πᾶσι
3094 1337 3193 1409 τὴν
3241 1338 3387 1411 ζωὴν
3431 1339 3628 1411 βρύων,
3681 1342 3775 1394 καὶ

2215 1431 2422 1493 πάντας
2454 1429 2692 1500 σωθῆναι
2721 1428 2911 1493 θέλων,
2949 1428 3139 1482 οὐδένα
3178 1428 3422 1499 βούλεται
3459 1430 3569 1484 τῶν
3609 1431 3774 1496 σωζο-

2217 1523 2391 1593 μένων
2420 1520 2514 1574 τοῦ
2551 1520 2791 1574 τοιούτου
2840 1520 3139 1590 φιλήματος
3173 1515 3314 1572 εἶναι
3341 1520 3604 1593 ἀμέτοχον
3627 1539 3641 1553 ο
3675 1540 3774 1576 κα-

2215 1613 2436 1684 θάρσιον
2477 1611 2586 1683 γάρ
2613 1615 2726 1665 ἐστι
2773 1611 2942 1682 ρύπου
2987 1610 3187 1674 παντὸς
3226 1609 3383 1663 τοῦτο
3426 1610 3488 1662 τὸ
3542 1613 3768 1682 φίλημα.

2214 1705 2304 1758 Διό
2339 1722 2427 1774 μοι
2456 1704 2601 1757 δοκεῖ
2630 1703 2708 1774 τῷ
2739 1703 2925 1774 λεπρῷ
2973 1702 3176 1773 Σίμωνι
3202 1703 3265 1756 τὺ
3299 1702 3539 1755 τοιοῦτον
3587 1703 3772 1754 ὀνειδι-

547 1799 772 1852 modum
804 1797 1138 1854 excrevisset
1166 1811 1262 1866 per
1289 1797 1564 1862 morbum,
1611 1795 1681 1849 ob
1709 1809 1864 1850 suam
1900 1794 2110 1864 cupidi-

2216 1797 2412 1860 στικῶς
2455 1795 2748 1867 προφέρειν
2795 1797 2824 1849 6
2869 1795 3100 1865 Κύριος,
3131 1795 3212 1848 ὅτι
3262 1793 3498 1863 Φίλημά
3529 1811 3630 1862 μοι
3660 1794 3772 1845 οὐκ

548 1901 710 1947 tatem
743 1892 815 1944 ita
850 1904 1108 1953 manens,
1141 1896 1202 1943 ut
1231 1889 1505 1942 exinaniri
1539 1904 1645 1943 non
1679 1897 1861 1959 posset
1890 1903 1920 1941 a
1954 1887 2108 1942 vitio.

545 1982 741 2037 Anima
775 1989 956 2036 autem
1015 1989 1316 2052 expurgata
1357 1981 1424 2035 ab
1480 1981 1630 2034 omni
1681 1980 1889 2033 carnali
1935 1980 2107 2048 lepra,

544 2089 667 2145 quae
703 2073 1003 2128 luminibus
1051 2074 1171 2142 ejus
1201 2072 1419 2137 olliciat,
1462 2073 1657 2142 aspicit
1685 2072 1954 2126 bonorum
1989 2071 2111 2126 the-

545 2183 803 2223 saurum:
833 2168 1098 2222 thesauro
1128 2174 1308 2220 autem
1337 2180 1534 2219 nomen
1565 2173 1651 2219 est
1695 2179 1811 2218 cor.
1841 2161 2112 2232 Propheta

544 2275 765 2330 quoque
797 2259 1023 2328 rogabat
1051 2266 1113 2311 ιιι
1147 2257 1252 2312 sibi
1290 2267 1570 2312 crearetur
1608 2271 1703 2310 cor
1749 2255 2010 2310 mundum
2041 2255 2108 2320 ’⁸,

539 2367 576 2404 a
607 2367 714 2420 quo
745 2351 828 2404 lac
852 2350 1095 2404 divinum
1125 2349 1507 2419 suppeditatur
1536 2349 1794 2403 uberibus
1819 2389 1834 2415 ,
1875 2365 1985 2418 quo
2009 2365 2112 2402 nu-

548 2443 708 2496 tritur
735 2444 913 2495 anima
937 2481 950 2503 ,
982 2441 1376 2496 convenienter
1407 2441 1748 2510 proportioni
1791 2441 1912 2496 ﬁdei
1941 2448 2112 2494 attra-

539 2539 682 2590 hens
706 2534 955 2604 gratiam.
998 2533 1362 2599 Quamobrem
1384 2533 1558 2588 dicit:
1608 2533 1758 2589 Bona
1786 2545 1908 2588 sunt
1949 2535 2112 2589 ubera

547 2637 639 2679 tua
670 2641 832 2694 supra
860 2627 1038 2678 vinum
1061 2665 1075 2689 ,
1111 2641 1175 2679 ex
1225 2625 1325 2680 loci
1377 2625 1645 2694 positione
1697 2640 1792 2694 per
1820 2625 1987 2680 ubera
2016 2641 2110 2680 cor

545 2717 708 2770 tacite
741 2718 1078 2787 signiﬁcans.
1109 2716 1344 2770 Omnino
1389 2724 1569 2770 autem
1606 2715 1698 2784 qui
1747 2731 1844 2770 cor
1888 2717 2108 2785 quidem

537 2809 815 2864 occultam
865 2817 919 2863 ct
940 2823 1196 2862 arcanam
1225 2807 1529 2862 divinitatis
1557 2807 1809 2866 virtutem
1838 2808 2107 2876 intelligit,

547 2918 657 2956 non
691 2901 918 2955 errabit.
967 2900 1142 2954 Ubera
1191 2909 1372 2954 autem
1412 2900 1589 2953 bonas
1639 2899 1836 2954 divina:
1890 2900 2110 2955 virtutis

545 3006 646 3060 pro
676 2989 834 3043 nobis
857 2989 1203 3059 operationes
1231 2988 1421 3042 merito
1450 3003 1744 3056 possumus
1773 2989 2106 3052 existimare.

2211 1888 2456 1953 ἔδωκας.
2487 1883 2564 1940 Ἦ
2591 1888 2700 1958 γὰρ
2730 1887 2796 1941 ἂν
2823 1885 3159 1957 ἐκαθαρίσθη
3186 1883 3279 1939 τοῦ
3310 1883 3518 1947 πάθους
3544 1883 3622 1953 τῷ
3653 1883 3773 1934 στό-

2215 1996 2344 2050 ματι
2377 1977 2591 2040 σπάσας
2633 1977 2730 2047 τὴν
2761 1976 3122 2046 καθαρότητα.
3167 1975 3304 2028 Ἀλλ’
3333 1977 3537 2036 ἐκεῖνος
3566 1973 3662 2042 μὲν
3695 1973 3775 2024 εξ-

2211 2070 2382 2133 κότως
2429 2069 2724 2139 ἀνέραστος
2759 2063 2848 2138 ἦν,
2895 2065 3315 2138 ὑπερσαρκήσας
3357 2065 3442 2118 διὰ
3475 2064 3573 2134 τῆς
3614 2064 3772 2115 νόσου

2210 2161 2348 2233 πρὸς
2374 2161 2472 2231 τὴν
2503 2160 2707 2214 οἰκείαν
2751 2159 3065 2230 ἐπιθυμίαν,
3099 2157 3274 2228 μένων
3303 2157 3407 2210 ὑπὸ
3440 2155 3533 2209 τοῦ
3567 2154 3773 2216 πάθους

2210 2254 2500 2315 ἀκένωτος.
2573 2251 2637 2304 Ἦ
2696 2250 2751 2303 δὲ
2809 2248 3192 2320 κεκαθαρμένη
3244 2246 3433 2316 ψυχὴ,
3503 2245 3775 2315 μηδεμιᾶς

2213 2341 2520 2414 σαρκώδους
2550 2340 2755 2412 λέπρας
2803 2337 3266 2410 ἐπιπροσθούσης,
3306 2337 3492 2406 βλέπει
3528 2335 3618 2388 τὸν
3663 2336 3774 2388 τῶν

2208 2433 2428 2502 ἀγαθῶν
2449 2432 2717 2503 θησαυρόν
2736 2449 2748 2460 ⁸
2778 2430 2945 2501 ὄνομα
2963 2429 3018 2483 δέ
3049 2431 3164 2482 ἐστι
3188 2428 3265 2500 τῷ
3294 2427 3552 2499 θησαυρῷ
3575 2429 3608 2497 ἠ
3632 2443 3772 2497 καρ-

2209 2525 2317 2578 δία.
2373 2525 2484 2578 Kal.
2523 2526 2552 2575 6
2600 2522 2888 2593 Προφήτης
2927 2519 3172 2592 καθαρὰν
3225 2521 3507 2589 κτισθῆναι
3545 2519 3773 2589 καρδίαν

2210 2613 2530 2685 παρεκάλει,
2561 2610 2652 2680 ἀφ’
2684 2606 2750 2682 ᾖς
2779 2613 2894 2663 ἐστι
2938 2613 3049 2673 τοῖς
3099 2609 3286 2680 μαξοῖς
3321 2611 3354 2679 ἡ
3405 2608 3634 2680 χορηγία
3676 2608 3772 2660 τοῦ

2211 2705 2352 2758 θείου
2379 2704 2645 2772 γάλακτος
2665 2741 2680 2764 ,
2708 2695 2753 2770 ᾧ
2778 2702 3035 2773 τρέφεται
3067 2704 3100 2771 ὴ
3133 2699 3309 2771 ψυχὴ,
3345 2699 3484 2752 κατὰ
3510 2699 3606 2770 τὴν
3637 2699 3772 2752 ἀνα-

2209 2797 2390 2865 λογίαν
2413 2797 2511 2865 τῆς
2538 2795 2773 2857 πίστεως
2801 2793 3138 2864 ἐφελκομένη
3166 2793 3263 2862 τὴν
3293 2791 3470 2863 χάριν.
3495 2791 3592 2843 Διὰ
3614 2791 3775 2844 τοῦτό

2210 2907 2371 2959 φησιν
2394 2930 2410 2953 ,
2442 2889 2521 2941 ὅτι
2564 2886 2784 2958 Ἀγαθοὶ
2816 2889 2868 2941 οὶ
2895 2886 3119 2954 μασθοί
3146 2901 3261 2938 σου
3291 2884 3442 2952 ὑπὲρ
3471 2881 3636 2937 οἶνον
3657 2901 3670 2914 ο
3708 2885 3774 2936 ἐκ

2208 2981 2309 3052 τῆς
2352 2980 2580 3050 τοπικῆς
2628 2978 2829 3041 θέσεως
2880 2977 2967 3030 διὰ
3005 2976 3110 3030 τῶν
3167 2976 3350 3047 μαζῶν
3396 2976 3494 3047 τὴν
3546 2975 3775 3046 καρδίαν

547 3097 642 3150 per
669 3095 806 3150 quas
841 3080 1274 3148 uniuscujusque
1301 3080 1467 3133 vitam
1500 3088 1758 3148 tanquam
1796 3081 1979 3134 nutrix
2012 3081 2109 3134 alit

2211 3071 2675 3142 ὑποσημαίνουσα.
2709 3069 2931 3132 Πάντως
2949 3068 3006 3121 δὲ
3028 3067 3253 3138 καρδίαν
3283 3068 3379 3138 μὲν
3405 3066 3502 3138 τὴν
3529 3084 3776 3136 κεκρυμ-

550 3173 690 3228 Deus
715 3212 732 3235 ,
757 3171 1058 3241 unicuique
1085 3186 1273 3225 eorum
1313 3170 1406 3240 qui
1436 3172 1741 3241 accipiunt,
1777 3175 2108 3229 conveniens

2215 3165 2382 3236 μένην
2409 3181 2468 3216 τε
2502 3162 2597 3215 καὶ
2623 3162 2931 3233 ἀπόρρητον
2957 3160 3059 3230 τῆς
3091 3160 3341 3230 θεότητος
3369 3159 3597 3228 δύναμιν
3637 3159 3774 3212 νοῶν

545 3263 782 3333 largiens
810 3262 1230 3315 nutrimentum.

2211 3274 2326 3321 τις,
2368 3256 2467 3326 οὐχ
2497 3255 2904 3324 ἁμαρτήσεται·
2949 3251 3151 3324 μαζοὺς
3183 3252 3239 3305 δὲ
3274 3253 3375 3315 τὰς
3414 3251 3621 3320 ἀγαθὰς
3673 3251 3775 3320 τῆς

543 3355 695 3417 θείας
721 3353 999 3424 δυνάμεως
1022 3353 1161 3424 ὑπὲρ
1198 3353 1354 3423 ἡμῶν
1377 3354 1658 3424 ἐνεργείας
1686 3353 1909 3415 εἰκότως
1939 3352 2003 3406 ἄν
2026 3370 2110 3416 τις
2142 3351 2492 3420 ὑπονοήσειε,
2540 3348 2607 3401 δι’
2657 3342 2731 3401 ὧν
2778 3347 3074 3419 τιθηνεῖται
3113 3347 3214 3417 τὴν
3280 3348 3508 3401 ἑκάστου
3542 3346 3682 3417 ζωὴν
3742 3345 3778 3397 6

545 3447 695 3509 Θεὸς,
722 3445 1052 3515 κατάλληλον
1081 3446 1292 3515 ἑκάστῳ
1323 3444 1430 3499 τῶν
1453 3447 1752 3516 δεχομένων
1770 3447 1868 3518 τὴν
1896 3447 2099 3518 τροφὴν
2135 3443 2518 3518 χαριζόμενος.
2701 3494 2707 3500 .

614 3541 896 3607 Q‘ttoddant
926 3541 1092 3595 etiam
1123 3539 1270 3594 aliud
1290 3540 1486 3610 dogma
1520 3540 1794 3597 discimus
1814 3542 1991 3598 obiter
2013 3557 2110 3613 per

2275 3538 2633 3609 Μανθάνομεν
2663 3537 2720 3590 δέ
2756 3555 2807 3590 τι
2838 3535 2980 3590 κατὰ
3001 3535 3235 3608 πάροδον
3261 3535 3356 3590 καὶ
3391 3537 3573 3608 ἕτερον
3599 3537 3775 3608 δόγμα

545 3635 709 3704 hujus
750 3634 872 3687 libri
922 3632 1318 3703 philosophiam
1341 3671 1357 3695 ,
1393 3649 1587 3704 nempe
1618 3634 1763 3704 quod
1797 3635 1994 3704 duplex
2026 3643 2110 3690 est

2211 3631 2291 3685 διὰ
2317 3631 2414 3700 τῆς
2442 3629 2536 3683 τοῦ
2569 3628 2771 3698 βιϐλίου
2803 3629 2994 3682 τούτου
3023 3629 3336 3698 φιλοσοφίας
3353 3669 3374 3688 .
3403 3631 3483 3683 ὅτι
3506 3629 3667 3699 διπλῆ
3690 3631 3774 3693 τίς

546 3727 602 3780 in
637 3725 796 3779 nobis
847 3739 1044 3779 sensus
1073 3765 1087 3788 ,
1139 3725 1280 3779 alius
1329 3724 1549 3794 quidem
1595 3727 1928 3794 corporalis,
1968 3726 2109 3781 alius

2211 3727 2350 3779 ἐστιν
2380 3726 2436 3778 ἐν
2462 3726 2590 3794 ἡμῖν
2612 3723 2893 3794 αἴσθησις,
2926 3724 2959 3793 ἡ
2994 3722 3091 3793 μὲν
3125 3723 3432 3793 σωματικὴ,
3461 3724 3494 3793 ἠ
3537 3723 3596 3776 δὲ
3629 3723 3770 3776 θειο-

547 3833 674 3871 vero
712 3817 930 3872 divinus
954 3855 969 3880 ,
1011 3816 1153 3871 sicut
1200 3815 1400 3872 alicubi
1457 3818 1659 3872 dicitur
1693 3819 1746 3873 in
1777 3819 2106 3882 Proverbiis,

2211 3817 2338 3888 τέρα
2357 3857 2373 3880 ,
2406 3816 2588 3879 καθώς
2620 3816 2753 3887 φησί
2785 3832 2888 3868 που
2917 3816 3015 3886 τῆς
3059 3816 3364 3887 Παροιμίας
3394 3819 3422 3870 ὁ
3463 3816 3619 3884 λόγος
3645 3831 3659 3845 °
3688 3818 3771 3870 ὅτι

547 3907 768 3962 Sensum
806 3906 1036 3961 divinum
1086 3908 1332 3963 invenies.
1378 3907 1474 3963 Est
1503 3908 1650 3962 enim
1679 3909 1924 3979 quaedam
1981 3925 2105 3980 pro-

2211 3910 2502 3975 Αῖσθησιν
2542 3907 2711 3963 θείαν
2750 3907 3046 3975 εὑρήσεις.
3092 3907 3370 3976 Ἀναλογία
3399 3907 3506 3978 γάρ
3547 3909 3628 3972 τίς
3656 3911 3771 3964 ἐστι

547 3996 727 4065 portio
757 4003 813 4048 et
842 3996 1223 4050 convenientia
1251 3997 1582 4052 animalibus
1618 4000 1856 4055 motibus
1882 4008 1937 4054 et
1972 4016 2106 4070 ope-

2211 4001 2314 4062 τοῖς
2343 3999 2594 4069 ψυχικοῖς
2619 4001 2882 4070 κινήμασι
2915 4000 3007 4052 καὶ
3039 4000 3402 4070 ἐνεργήμασιν
3426 4000 3560 4073 πρὸς
3582 4000 3650 4052 τά
3675 4001 3768 4053 τοῦ

546 4087 849 4141 rationibus
900 4101 1024 4140 cum
1079 4087 1462 4142 instrumentis
1525 4103 1785 4143 sensuum
1837 4091 2106 4158 corporis,

2211 4089 2453 4161 σώματος
2495 4090 2856 4162 αἰσθητήρια,
2892 4092 2986 4145 καὶ
3031 4090 3188 4146 τοῦτο
3219 4093 3280 4144 ἐκ
3328 4091 3437 4144 τῶν
3489 4094 3768 4160 παρόντων

543 4187 599 4232 et
633 4178 736 4232 hoc
774 4177 1039 4233 discimus
1083 4193 1148 4231 ex
1185 4179 1543 4246 przesentibus
1579 4179 1814 4250 eloquiis
1843 4181 2102 4250 Spiritus.

2211 4182 2548 4253 μανθάνομεν
2576 4183 2772 4251 λογίων
2799 4183 2891 4237 τοῦ
2942 4183 3276 4254 Πνεύματος.
3317 4183 3374 4237 '0
3398 4183 3508 4252 γὰρ
3538 4179 3677 4246 οἶνός
3706 4200 3767 4237 τε

544 4266 740 4324 Vinum
763 4270 905 4324 enim
961 4277 1014 4323 et
1043 4270 1125 4322 lac
1155 4278 1314 4339 gustu
1347 4269 1746 4338 dijudicantur:
1771 4287 1893 4324 cum
1922 4269 2102 4326 autem

2211 4272 2305 4324 καὶ
2335 4272 2475 4340 γάλα
2509 4275 2574 4343 τῇ
2601 4273 2784 4342 γεύσει
2813 4273 3055 4344 κρίνεται
3075 4291 3089 4305 ·
3121 4274 3329 4345 νοητῶν
3361 4273 3417 4326 δὲ
3445 4273 3611 4327 όντων
3632 4275 3768 4328 ὲκεί-

544 4362 635 4414 illa
667 4361 778 4415 sint
821 4360 1132 4428 ejusmodi,
1183 4369 1242 4413 ut
1289 4361 1393 4415 sub
1437 4361 1847 4429 intelligentiam
1883 4363 2101 4428 cadant,

2211 4376 2337 4422 νων,
2377 4362 2547 4432 νοητὴ
2581 4362 2799 4427 πάντως
2837 4364 2931 4417 καὶ
2961 4365 2994 4434 ἡ
3029 4363 3386 4436 ἀντιληπτικὴ
3427 4364 3630 4418 τούτων
3670 4367 3767 4435 τῆς

542 4452 763 4506 omnino
788 4467 909 4520 qua:
941 4467 1004 4506 ea
1035 4451 1287 4522 intelligit
1315 4462 1367 4505 ct
1395 4453 1773 4520 apprehendit,
1811 4461 1897 4507 est
1925 4455 2100 4508 virtus

2211 4452 2381 4524 ψυχῆς
2417 4455 2532 4507 ἐστι
2569 4455 2816 4526 δύναμις.
2843 4457 2916 4510 Τδ
2958 4457 3023 4512 δὲ
3057 4455 3266 4526 φίλημα
3289 4456 3377 4510 διὰ
3404 4457 3504 4527 τῆς
3532 4459 3767 4528 ἀπτικῆς

541 4543 754 4595 animae.
790 4540 870 4594 Ad
901 4540 1274 4609 operationem
1309 4549 1490 4595 autem
1535 4541 1824 4596 deducitur
1853 4544 2102 4598 osculum

2211 4544 2508 4615 αἰσθήσεως
2554 4548 2874 4618 ἐνεργεῖται.
2929 4549 3262 4616 Ἐφάπτεται
3291 4548 3400 4619 γὰρ
3431 4549 3673 4620 ἀλλήλων
3697 4550 3766 4603 τὰ

543 4649 636 4698 per
674 4647 896 4686 sensum
939 4640 1137 4686 tactus.
1171 4631 1304 4684 Nam
1334 4647 1393 4687 se
1423 4633 1653 4687 invicem
1688 4641 1918 4702 tangunt
1950 4634 2102 4696 labra

2211 4636 2351 4707 χείλη
2402 4638 2460 4691 ἐν
2493 4635 2584 4707 ’τῷ
2624 4638 2908 4709 φιλήματι.
2950 4641 3104 4692 Ἔστι
3155 4641 3210 4694 δέ
3255 4657 3337 4702 τις
3392 4642 3488 4692 καὶ
3526 4641 3637 4711 ἁφὴ
3666 4642 3795 4711 τῆς·

541 4721 596 4774 in
639 4722 850 4778 osculo.
880 4720 976 4776 Est
1010 4734 1186 4776 autem
1226 4723 1390 4777 etiam
1439 4724 1660 4793 quidam
1697 4731 1878 4780 tactus
1909 4726 2104 4780 anima:

2211 4726 2396 4798 ψυχῆς,
2448 4731 2480 4800 ἡ
2507 4728 2785 4801 ἁπτομένη
2833 4731 2928 4784 τοῦ
2962 4731 3142 4800 λόγου,
3177 4731 3265 4785 διά
3295 4749 3442 4796 τινος
3474 4732 3765 4802 ἀσωμάτου

513 4812 633 4882 .qui
679 4812 901 4866 verbum
952 4815 1154 4883 tangit;
1186 4814 1476 4871 deducitur
1516 4824 1696 4870 autem
1728 4815 1795 4870 ad
1831 4818 2106 4886 operatio-

2211 4821 2294 4873 καὶ
2320 4823 2513 4893 νοητῆς
2551 4823 2767 4892 ἐπαφῆς
2808 4824 3190 4895 ἐνεργουμένη,
3224 4824 3407 4888 καθὼς
3445 4820 3597 4878 εἶπεν
3623 4825 3652 4877 ό
3685 4827 3766 4877 εί-
3813 4881 3816 4888 ,

542 4917 663 4957 ucm
698 4918 792 4973 per
823 4903 1111 4972 quemdam
1160 4919 1482 4974 corporeum
1539 4915 1888 4971 contactum,
1921 4913 1974 4962 et
2010 4907 2104 4976 qui

540 4993 685 5047 cadit
729 4994 832 5048 sub
875 4994 1291 5068 intelligentiam
1315 5035 1329 5057 ,
1385 5003 1444 5050 ut
1477 4995 1696 5058 dicebat
1727 4999 1773 5052 is
1808 4998 1903 5067 qui
1939 4998 2098 5060 dixit,

541 5083 735 5138 Manus
766 5094 959 5139 nostra:
983 5096 1430 5141 contrectaverunt
1471 5090 1535 5142 de
1562 5089 1711 5142 verba
1765 5091 1885 5144 vita:
1909 5091 1978 5144 9".
2014 5090 2104 5143 Si-

540 5176 741 5231 militer
783 5185 963 5233 autem
1009 5178 1144 5233 odor
1191 5195 1407 5250 quoque
1449 5180 1759 5234 divinorum
1794 5194 2105 5249 unguento-

539 5283 686 5332 rum,
727 5285 835 5324 non
867 5280 952 5326 est
989 5272 1127 5326 odor
1155 5273 1391 5337 narium,
1432 5274 1524 5329 sed
1558 5274 1846 5342 cujusdam
1879 5275 2105 5331 virtutis

540 5361 784 5419 materia:
826 5364 1088 5432 expertis.
1123 5372 1177 5418 et
1220 5380 1340 5433 quae
1379 5365 1680 5435 percipitur
1713 5367 2097 5436 intelligentia,

537 5469 660 5510 cum
693 5462 866 5508 tractu
904 5455 1130 5523 spiritus
1152 5455 1313 5510 simul
1351 5457 1636 5512 attrahens
1653 5456 1853 5511 Christi
1896 5459 2098 5513 bonum

535 5543 780 5599 odorem.
815 5541 905 5600 Sic
931 5545 1076 5601 enim
1109 5546 1216 5602 voti
1251 5547 1534 5617 virginalis
1560 5548 1614 5602 in
1639 5549 1904 5618 pruaztnio
1937 5548 2098 5603 habet

608 5719 659 5754 ”
679 5717 822 5774 Psal.
850 5735 1040 5784 cxvm,
1074 5721 1193 5775 151.
1267 5720 1314 5753 ³⁸
1335 5720 1488 5775 Joan.
1513 5721 1732 5787 vu,'57.

2201 4910 2337 4976 πὼν,
2383 4913 2462 4966 ὅτι
2509 4917 2578 4967 Al
2621 4913 2812 4983 χεῖρες
2852 4913 3021 4983 ἡμῶν
3059 4914 3471 4983 ἐψηλάφησαν
3501 4916 3767 4984 περὶτοῦ

2199 5003 2384 5070 λόγου
2411 5002 2519 5071 τῆς
2550 5003 2714 5073 ζωῆς.
2756 5006 3026 5068 Ὡσαύτως
3049 5005 3106 5060 δὲ
3149 5006 3244 5060 καὶ
3271 5005 3439 5076 ἡτῶν
3472 5005 3630 5060 θείων
3665 5008 3767 5078 μύ-

2205 5109 2311 5165 ρων
2339 5095 2500 5165 ὀσμὴ,
2523 5096 2583 5148 οὐ
2614 5097 2904 5167 μυκτήρων
2936 5099 3083 5152 ἐστὶν
3106 5097 3268 5169 ὀσμὴ,
3300 5098 3439 5152 ἀλλά
3469 5117 3611 5162 τινος
3644 5117 3767 5168 νοη-

2200 5184 2302 5254 τῆς
2335 5186 2428 5239 καὶ
2451 5186 2614 5239 ἀΰλου
2638 5186 2937 5258 δυνάμεως,
2964 5191 3029 5260 τῇ
3063 5189 3155 5242 τοῦ
3179 5189 3484 5260 πνεύματος
3506 5190 3643 5261 όλκῇ⁴
3669 5191 3766 5261 τὴν

2202 5274 2296 5328 τοῦ
2359 5275 2593 5346 Χριστοῦ
2644 5277 3108 5349 συνεφελκομένης
3144 5278 3391 5332 εὐωδίαν.
3450 5277 3606 5332 Οὕτω
3657 5279 3766 5350 γὰρ

2205 5367 2240 5437 ἡ
2257 5367 2543 5421 ἀκολουθία
2561 5367 2661 5438 τῆς
2677 5368 3009 5441 παρθενικῆς
3029 5370 3193 5441 εὐχῆς
3214 5372 3271 5423 ἐν
3301 5370 3605 5441 προοιμίοις
3625 5369 3761 5440 ἔχει·

2204 5457 2284 5511 ὅτι
2350 5459 2568 5528 Ἀγαθοί
2593 5463 2816 5529 μασθοί
2879 5477 2994 5517 σου
3033 5463 3184 5531 ὑπὲρ
3217 5457 3404 5527 οἶνον,
3452 5465 3550 5519 καὶ
3604 5462 3762 5529 ὀσμὴ

2198 5549 2403 5619 μύρων
2433 5565 2548 5604 σου
2567 5550 2720 5620 ὑπὲρ
2749 5551 2946 5609 πάντα
2976 5552 3048 5606 τὰ
3085 5552 3381 5624 ἀρώματα.
3413 5553 3671 5626 Δηλούται
3703 5553 3764 5604 δὲ

1828 5723 1875 5754 9⁸
1896 5721 2028 5778 Luc.
2057 5735 2154 5787 vn,
2195 5721 2283 5778 65.
2361 5724 2406 5757 ⁸⁸
2431 5722 2578 5780 Psal.
2612 5741 2664 5792 ι,
2699 5727 2786 5781 12.
2861 5726 2950 5780 ’⁷1
2989 5725 3145 5784 Joan.
3174 5746 3214 5795 ι,
3259 5729 3311 5783 Ι.
