4116 6550
477 371 572 427 781

1536 344 1601 421 In
1635 361 1927 422 CANTle
1964 345 2231 419 CANTIC.
2288 360 2573 419 liOMlLlA
2607 366 2650 422 ι.

3596 362 3701 423 78!

474 488 564 541 διὰ
592 484 818 549 τούτων,
842 483 1022 548 καθὼς
1050 484 1211 555 ἡμεῖς
1235 483 1624 553 ὑπειλήφαμεν,
1655 482 1715 535 οὐ
1741 480 1934 552 μικρόν
1963 497 2036 545 τι,

2144 478 2531 549 consequentia
2563 502 2572 533 ;
2604 479 2749 531 Βοηα
2770 477 2930 532 ubera
2964 486 3053 533 tua
3081 490 3241 549 supra
3272 480 3465 536 vinum.
3497 490 3545 533 et
3576 483 3701 557 odor

474 568 596 631 οὐδὲ
624 576 1093 648 εὐκαταφρόνητον
1132 574 1331 645 νόημα.
1366 573 1520 641 Τάχα
1540 572 1648 640 γὰρ
1676 573 1733 624 ἐν
1766 572 1844 642 τῷ
1870 572 2037 642 ὑπερ-

475 670 646 722 θεῖναι
674 667 765 720 διὰ
783 665 1123 736 συγκρίσεως
1147 666 1208 719 τὸ
1240 668 1305 718 ὲκ
1328 664 1435 719 τῶν
1465 665 1624 718 θείων
1653 664 1872 735 μασθῶν
1896 664 2039 733 γάλα

474 762 572 831 τῆς
603 752 669 812 ὲκ
705 758 799 811 τοῦ
825 757 968 813 οῐνου
1006 757 1304 828 γενομένης
1340 758 1471 828 ἡμῖν
1505 756 1864 827 εὐφροσύνης,
1907 773 2039 827 μαν-

475 851 707 919 θάνομεν
743 847 831 902 διὰ
871 847 979 900 τῶν
1033 847 1356 918 εἰρημένων,
1413 848 1494 901 ὅτι
1530 849 1678 901 πᾶσα
1722 847 2038 918 ἀνθρωπίνη

479 940 639 1009 σοφία
687 939 783 991 καὶ
818 938 1096 1008 ἐπιστήμη
1143 937 1253 990 τῶν
1288 937 1456 991 ὄντων
1500 938 1594 990 καὶ
1619 938 1769 991 πᾶσα
1812 936 2041 1007 δύναμις

477 1032 783 1105 θεωρητικὴ
813 1032 905 1084 καὶ
931 1030 1293 1102 κατανοητικὴ
1326 1031 1593 1099 φαντασία
1624 1032 1898 1097 ἀδυνάτως
1928 1032 2041 1102 ἔχει

474 1122 850 1195 παρισωθῆναι
878 1122 980 1195 διὰ
1028 1121 1364 1192 συγκρίσεως
1416 1124 1480 1192 τῇ
1550 1122 1886 1193 ἁπλουστέρα
1932 1122 2041 1177 τῶν

476 1214 635 1268 θείων
666 1213 999 1285 μαθημάτων
1044 1215 1237 1284 τροφῇ,
1286 1213 1380 1265 Ἐκ
1427 1212 1535 1287 γὰρ
1574 1213 1685 1281 ⁴τῶν
1736 1212 1954 1282 μασθῶν
1982 1214 2042 1266 τὸ

475 1307 621 1376 γάλα
648 1306 870 1377 φέρεται
896 1322 911 1336 ·
947 1305 1153 1376 νηπίων
1184 1294 1240 1357 δ”
1261 1305 1377 1357 ἐστὶ
1404 1304 1466 1358 τὸ
1496 1304 1633 1373 γάλα
1660 1307 1855 1377 τροφή.
1896 1306 1957 1358 '0
1985 1306 2042 1359 δὲ

474 1395 614 1462 οἶνος
641 1397 708 1450 δι’
732 1395 973 1450 εὐτονίαν
1004 1411 1064 1448 τε
1097 1396 1190 1448 καὶ
1212 1396 1540 1467 θερμότητα,
1563 1397 1671 1449 τῶν
1698 1397 2042 1470 τελειοτὲρων

473 1489 771 1550 ἀπόλαυσις
799 1487 1047 1563 γίνεται·
1080 1487 1192 1540 ἀλλ’
1232 1488 1381 1556 ὅμως
1425 1487 1485 1540 τὸ
1527 1490 1584 1541 ὲν
1626 1490 1690 1559 τῇ
1731 1487 1835 1554 ἔξω
1881 1490 2042 1559 σοφία

475 1580 678 1634 τέλειον
720 1580 818 1649 τῆς
848 1578 1147 1650 νηπιώδους
1179 1578 1271 1631 τοῦ
1315 1577 1460 1631 θείου
1500 1578 1659 1648 λόγου
1699 1580 2043 1643 διδασκαλίας

476 1673 594 1725 ἐστὶ
620 1669 961 1740 μικρότερον.
993 1669 1091 1723 Διά
1114 1668 1271 1722 τοῦτο
1293 1669 1569 1739 κρείττους
1592 1672 1641 1722 oi
1664 1669 1795 1724 θεῖοι
1824 1670 2038 1741 μασθοὶ,

475 1758 567 1812 τού
601 1757 940 1829 ἀνθρωπίνου
968 1756 1134 1810 οἴνου.
1176 1758 1237 1809 Ἠ
1261 1757 1317 1811 δὲ
1341 1758 1483 1828 όσμὴ
1510 1757 1621 1811 τῶν
1646 1758 1805 1811 θείων
1831 1758 2038 1830 μύρων,

2139 582 2524 643 unguentorum
2563 582 2773 627 tuorum
2831 589 2993 642 supra
3051 574 3227 627 omnia
3282 586 3545 628 aromata.
3604 576 3704 629 Per

2138 662 2258 719 haec
2297 673 2501 729 autem,
2537 672 2595 717 ut
2640 678 2744 716 nos
2790 662 3187 726 existimamus,
3221 656 3561 735 signiﬁcatur
3594 682 3702 720 non

2139 769 2309 826 parva
2364 754 2579 824 aliqua,
2644 769 2823 823 neque
2877 758 3272 811 contemnenda
3321 758 3700 827 intelligentia.

2139 846 2305 902 Forte
2327 846 2475 901 enim
2507 846 2561 899 in
2597 860 2663 899 eo
2705 844 2851 915 quod
2885 847 3188 915 praetulerit
3215 863 3312 916 per
3334 846 3704 919 comparatio-

2140 953 2262 992 nem
2299 938 2381 991 lac
2416 938 2563 1007 qdod
2609 954 2672 993 ex
2708 937 2911 992 divinis‘
2944 948 3129 992 manat
3171 941 3457 1003 uberibus.
3505 944 3704 997 laetitiae

2139 1043 2261 1098 qua:
2306 1028 2464 1081 nobis
2506 1027 2684 1082 oritur
2716 1043 2784 1081 ex
2823 1026 2973 1099 vino,
3010 1042 3108 1096 per
3135 1042 3197 1081 ea
3223 1044 3343 1099 qua:
3373 1030 3515 1084 dicta
3550 1042 3700 1096 sunt,

2139 1120 2430 1183 discimus,
2464 1119 2611 1189 quod
2639 1119 2818 1174 omnis
2843 1117 3084 1172 humana
3109 1106 3398 1189 sapientia,
3435 1131 3489 1176 et
3512 1138 3699 1178 eorum

2140 1226 2262 1282 quae
2305 1217 2435 1266 sunt
2472 1210 2727 1271 scientia,
2759 1218 2814 1263 et
2847 1211 3027 1264 omnis
3058 1211 3235 1266 virtus
3260 1198 3700 1284 contemplativa.

2140 1310 2195 1356 et
2235 1307 2417 1355 mente
2450 1299 2920 1369 comprehenderis
2948 1298 3261 1368 phantasia,
3296 1316 3391 1371 per
3416 1318 3705 1373 compara-

2139 1393 2344 1447 tionem
2388 1407 2495 1446 non
2540 1399 2720 1460 potest
2763 1395 3037 1462 eral-queri
3083 1393 3319 1466 simplici
3368 1397 3704 1452 nutrimento

2140 1483 2448 1537 divinarum
2488 1482 2923 1552 disciplinarum.
2954 1482 3063 1538 Lac
3089 1483 3235 1538 enim
3264 1483 3384 1539 ﬂuit
3412 1501 3479 1540 ex
3516 1488 3703 1543 uberi-

2138 1574 2277 1639 bus;
2310 1582 2395 1629 est
2442 1581 2622 1628 autem
2669 1574 2753 1627 lac
2812 1574 3214 1628 nutrimentum
3256 1575 3573 1633 infantium.
3606 1578 3702 1631 Vi-

2140 1680 2269 1718 num
2303 1673 2482 1718 autem
2518 1671 2757 1738 propter
2786 1663 2895 1716 vim
2937 1672 2994 1717 et
3034 1663 3274 1718 calorem
3319 1664 3482 1719 datur
3511 1659 3704 1721 fruen-

2140 1756 2277 1810 dum
2299 1753 2746 1825 p'erl'ectioribus,
2782 1753 2878 1809 sed
2914 1744 3094 1809 tamen
3117 1756 3261 1825 quod
3291 1764 3377 1810 est
3402 1758 3702 1825 perfer-tum

475 1848 709 1905 καλλίων
736 1848 852 1901 ἐστὶ
873 1848 1053 1919 πάσης
1081 1850 1178 1917 τῆς
1208 1849 1265 1901 ἐν
1293 1848 1577 1919 ἀρώμασιν
1601 1848 1844 1913 εὐωδίας.
1881 1849 2042 1903 Ὅθεν

2145 1848 2199 1902 in
2225 1840 2455 1902 externa
2497 1846 2788 1916 sapientia,
2818 1846 3002 1901 minus
3041 1854 3127 1900 est
3161 1862 3325 1915 quam
3355 1846 3525 1901 divini
3556 1835 3705 1901 vei-tui

474 1942 621 1995 δοκεῖ
675 1939 916 1994 τοιοῦτον
965 1939 1055 1993 τὸν
1113 1940 1235 1994 νοῦν
1289 1939 1693 1993 ἀποδεικνύειν⁸
1749 1939 2040 2012 Ἀρώματα

475 2033 701 2105 νοοῦμεν
745 2033 844 2096 τὰς
907 2031 1135 2103 ἀρετὰς,
1187 2026 1327 2096 οἷον,
1385 2024 1601 2101 σοφίαν.
1659 2033 2036 2103 σωφροσύνην,

475 2128 744 2200 ἀνδρείαν,
781 2125 1041 2197 φρόνησιν
1062 2165 1076 2189 ,
1109 2125 1203 2177 καὶ
1232 2123 1300 2177 τὰ
1331 2124 1576 2189 τοιαῦτα,
1619 2118 1696 2199 οἷς
1732 2141 2042 2194 προσχρων-

478 2219 706 2291 νύμενος
755 2218 898 2271 κατά
947 2216 1043 2287 τὴν
1084 2213 1276 2269 ἑαυτοῦ
1315 2215 1542 2285 δύναμιν
1585 2215 1679 2268 καὶ
1724 2214 2039 2287 προαίρεσιν

476 2312 735 2375 ἕκαστος.
784 2308 943 2371 ἄλλος
990 2308 1164 2371 ἄλλως
1207 2309 1264 2360 ἐν
1313 2307 1508 2376 εὐωδίᾳ
1544 2304 1839 2375 γινόμεθα’
1873 2307 1901 2358 6
1942 2305 2040 2375 μὲν

475 2396 541 2456 ὲκ
573 2401 924 2474 σωφροσύνης
956 2400 988 2469 ἢ
1017 2400 1239 2468 σοφίας·
1272 2400 1301 2452 6
1327 2398 1383 2452 δὲ
1413 2400 1476 2450 ὲκ
1499 2396 1859 2466 δικαιοσύνης,
1892 2396 2039 2467 ἢάν-

474 2491 689 2563 δρείας,
716 2493 749 2563 ἢ
779 2491 937 2547 ἄλλου
970 2491 1112 2554 τινὸς
1132 2490 1238 2542 τῶν
1262 2492 1380 2544 κατ’
1411 2489 1610 2560 ἀρετὴν
1641 2488 1944 2559 νοουμένων
1967 2506 1980 2518 ·
2010 2489 2040 2540 6

476 2584 535 2637 δὲ
580 2584 741 2655 τυχὸν
788 2584 883 2637 καὶ
920 2586 985 2637 ὲκ
1037 2584 1254 2636 πάντων
1291 2583 1397 2636 τῶν
1430 2581 1682 2635 τοιούτων
1731 2582 2039 2652 ἀρωμάτων

479 2655 927 2746 συγκεκραμένην
974 2674 1085 2744 ἔχει
1135 2675 1192 2726 ὲν
1226 2672 1405 2743 ἑαυτῷ
1457 2672 1553 2742 τὴν
1595 2672 1835 2725 εὐωδίαν,
1903 2672 2038 2723 Ἀλλ’

476 2768 626 2838 ὅμως
670 2766 840 2840 ταῦτα
880 2764 1055 2818 πάντα
1082 2765 1182 2817 οὐκ
1227 2766 1294 2818 ἂν
1336 2767 1415 2826 είς
1445 2763 1729 2833 σύγκρισιν
1771 2761 1911 2815 ἔλθοι
1944 2762 2041 2832 τῆς

477 2857 776 2921 παντελοῦς
802 2857 1005 2929 ἀρετῆς
1041 2857 1276 2926 ἐκείνης,
1310 2857 1375 2926 ἢν
1403 2856 1528 2919 τοὺς
1549 2855 1808 2927 οὐρανοὺς
1839 2852 2039 2921 διειλη-

478 2948 635 3023 φέναι
676 2947 840 3017 φησὶν
894 2945 1205 3014 ⁹Α66ακούμ
1237 2947 1265 2998 6
1291 2945 1578 3025 Δπροφήτης
1624 2941 1792 2996 εἰπών
1816 2960 1829 2973 ο
1884 2940 2043 2995 Ἐκά-

474 3022 677 3101 λυψεν
710 3027 1004 3098 οὐρανοὺς
1048 3027 1087 3096 ri
1134 3022 1314 3097 ἀρετὴ
1348 3022 1555 3091 αὐτοῦ,
1600 3028 1725 3099 ἥτις
1758 3031 1903 3081 ἐστὶν
1954 3029 2052 3082 αὖ·

2142 1938 2416 1993 infantilis
2462 1936 2737 2011 doctrina.
2785 1934 3077 2006 Propterea
3127 1938 3258 1991 vino
3304 1936 3544 1992 humano
3592 1938 3707 1992 nic-

2142 2031 2282 2084 liora
2333 2037 2464 2084 sunt
2504 2030 2673 2084 ubera
2722 2029 2933 2103 divina.
2981 2027 3131 2084 Odor
3164 2038 3351 2085 autem
3391 2023 3703 2085 divinarum

2143 2130 2545 2195 unguentorum
2588 2130 2672 2177 est
2721 2121 2911 2176 melior
2953 2120 3103 2175 omni
3142 2120 3442 2192 fragrantia
3493 2115 3708 2177 aroma-

2146 2223 2283 2271 tum.
2323 2208 2475 2270 Unde
2526 2215 2687 2293 nobis
2732 2214 2948 2269 videtur
2998 2214 3141 2268 hanc
3188 2214 3437 2271 indicare
3485 2209 3705 2271 senten—

2141 2307 2595 2361 tiam:Aromata
2637 2306 2995 2377 intelligimus
3029 2308 3285 2371 virtutes,
3323 2298 3577 2362 videlicet
3614 2323 3706 2362 sa-

2141 2396 2399 2465 pientiam
2419 2434 2433 2457 ,
2508 2399 2925 2466 temperantiam
2948 2437 2991 2477 ,_
3012 2394 3384 2452 fortitudinem
3407 2439 3421 2464 ,
3472 2390 3710 2469 pruden-

2143 2488 2292 2551 tiam,
2319 2495 2373 2543 et
2410 2502 2533 2557 qua:
2563 2476 2695 2543 sunt
2731 2476 3070 2556 huiusmodi,
3106 2480 3307 2561 quibus
3347 2482 3551 2547 oblitus
3585 2508 3711 2547 cou-

2143 2578 2431 2633 venienter
2468 2594 2581 2633 suae
2609 2579 2869 2650 potestati
2914 2587 2970 2634 et
3017 2580 3193 2635 libero
3222 2572 3389 2635 animi
3422 2583 3506 2637 sui
3551 2584 3711 2639 insti-

2145 2659 2298 2734 tuto,
2352 2673 2753 2743 unusquisque,
2800 2673 2940 2728 alius
2996 2673 3157 2729 aliter
3213 2690 3407 2731 sumus
3456 2678 3511 2731 in
3567 2669 3710 2733 bono

2141 2762 2343 2829 odore;
2386 2765 2530 2818 alius
2560 2765 2783 2834 quidem
2827 2780 2894 2818 ex
2939 2766 3305 2835 temperantia
3357 2776 3453 2822 aut
3485 2770 3706 2838 sapien-

2142 2854 2249 2918 tia;
2288 2855 2429 2908 alius
2469 2862 2648 2907 autem
2685 2868 2751 2907 ex
2779 2840 2998 2921 justitia
3031 2864 3126 2908 aut
3173 2850 3358 2925 magni
3396 2858 3565 2910 animi
3594 2862 3707 2912 vir-

2146 2946 2283 3003 tute,
2317 2948 2411 2995 aut
2460 2931 2646 3012 aliquo
2677 2944 2784 2999 alio
2823 2959 2889 2998 ex
2941 2945 3011 2999 iis
3056 2961 3178 3015 qua:
3223 2947 3603 3018 intelliguntur
3645 2967 3711 3005 ex

2143 3033 2380 3099 virtute;
2418 3035 2559 3089 alius
2599 3020 2781 3092 autem
2836 3036 2976 3092 forte
3025 3038 3190 3093 habet
3217 3039 3380 3093 etiam
3428 3042 3481 3094 in
3525 3058 3583 3096 se
3623 3043 3711 3095 bo-

475 3125 725 3195 τοσοφία,
778 3124 872 3177 καὶ
915 3122 1360 3193 αὐτοδικαιοσύνη
1394 3124 1488 3175 καὶ
1529 3122 1914 3193 αὐτοαλήθεια,
1959 3124 2043 3175 καὶ

2146 3139 2278 3178 num
2305 3125 2527 3180 odorem
2569 3136 3032 3197 contemperatum
3064 3147 3126 3186 ex
3155 3135 3412 3189 omnibus
3436 3135 3710 3203 ejusmodi

472 3217 543 3270 «an
584 3216 706 3272 καθ’
755 3217 986 3270 ἕκαστον
1030 3216 1226 3269 πάντα.
1282 3213 1404 3267 Τῶν
1456 3214 1723 3285 οὐρανίων
1779 3214 1966 3285 μύρων
2017 3217 2043 3285 ἠ

2152 3218 2510 3275 aromatibus.
2560 3217 2667 3275 Sed
2710 3193 2891 3276 tamen
2928 3227 3042 3276 haec
3086 3224 3270 3279 omnia
3312 3193 3614 3283 nihil-sunt
3663 3231 3710 3287 si

473 3308 642 3381 ὀσμὴ,
668 3310 853 3380 φησιν,
887 3305 1229 3376 ἀπαράθετον
1267 3304 1378 3376 ἔχει
1408 3304 1505 3376 τὴν
1528 3305 1687 3375 χάριν
1719 3304 1854 3375 πρὸς
1878 3302 2043 3357 ταῦτα

2151 3310 2505 3363 conferantur
2541 3325 2664 3364 cum
2714 3312 2807 3366 illa
2846 3312 3087 3392 perfecta
3142 3326 3198 3372 et
3246 3320 3395 3374 omni
3434 3332 3501 3376 ex
3557 3332 3712 3392 parte

473 3403 546 3455 τά
578 3401 843 3473 ἀρώματα
871 3401 1104 3477 τὰπαρ*
1134 3398 1293 3468 ἡμῶν
1321 3398 1718 3467 γινωσκόμενα.

2148 3396 2395 3451 absoluta
2426 3400 2649 3460 virtute.
2678 3415 2841 3470 quam
2862 3386 3117 3461 iiabacuc
3140 3409 3404 3478 propheta
3432 3386 3572 3465 dicit
3600 3429 3714 3468 cm-

479 3480 563 3545 los
590 3478 1092 3559 comprehendisse,
1136 3490 1323 3546 dicens
1362 3507 1375 3543 :
1413 3490 1627 3559 Operuit
1673 3486 1827 3543 εαέιοδ
1874 3490 2039 3543 virtus
2077 3488 2192 3558 ejus
2210 3479 2277 3553 νά,
2314 3490 2436 3560 qua:
2471 3500 2558 3547 est
2588 3482 2703 3563 ipsa
2735 3509 2830 3564 per
2860 3511 2920 3552 se
2962 3499 3266 3569 sapientia,
3337 3511 3392 3557 et
3464 3505 3577 3574 ipsa
3619 3521 3713 3575 per

478 3598 539 3639 se
561 3584 777 3653 justitia
810 3624 826 3649 ,
861 3593 915 3639 et
946 3586 1062 3655 ipsa
1090 3585 1332 3650 veritas,
1378 3597 1440 3662 et.
1484 3584 1697 3656 singula
1734 3583 2040 3653 ejusmodi,
2077 3600 2147 3639 ne
2186 3584 2364 3639 dicam
2403 3586 2604 3642 omnia.
2642 3586 2960 3645 leestium
3002 3604 3458 3677 unguentorum,
3515 3602 3710 3670 inquit,

479 3674 621 3732 Odor
652 3677 897 3731 laetitiam
924 3677 1088 3731 habet
1120 3677 1627 3757 incomparabilem,
1651 3679 1697 3733 si
1724 3676 2045 3732 conferatur
2082 3692 2205 3730 cum
2234 3677 2302 3733 iis
2330 3670 2670 3735 aromatibus
2704 3696 2826 3750 qua:
2858 3698 2888 3737 a
2917 3670 3078 3740 nobis
3101 3695 3535 3757 cognoscuntur.

558 3761 725 3822 Πάλιν
740 3770 796 3822 ὲν
818 3772 926 3832 τοῖς
942 3767 1138 3838 ἐφεξῆς
1150 3769 1483 3841 ὑψηλοτέρας
1495 3770 1723 3825 ἅπτεται
1735 3770 2049 3838 φιλοσοφίας

478 3863 513 3933 ὴ
541 3860 687 3931 ψυχὴ
734 3862 768 3931 ἡ
814 3860 1030 3932 νύμφη,
1063 3861 1126 3914 τὸ
1163 3861 1459 3934 ἀπρόσιτὸν
1509 3880 1571 3916 τε
1622 3863 1717 3917 καὶ
1768 3862 2048 3933 ἀχώρητον

479 3953 758 4024 λογισμοῖς
790 3952 1150 4024 ἀνθρωπίνοις
1174 3954 1272 4025 τῆς
1300 3953 1449 4018 θείας
1477 3953 1758 4031 δυνάμεως
1782 3955 2049 4007 ἐνδεικνυ-

484 4046 643 4117 μένη,
670 4048 727 4099 ὲν
757 4040 839 4109 οἷς
873 4060 1025 4117 φησι*
1060 4048 1265 4114 Μύρον
1309 4046 1640 4101 ἐκηνωθέν
1676 4046 1866 4115 ὄνομά
1894 4062 2043 4100 σου-

478 4138 724 4191 τοιοῦτον
747 4139 855 4209 γάρ
887 4157 969 4192 τοι
999 4128 1144 4192 δοκεῖ
1174 4155 1264 4209 μοι
1296 4138 1385 4192 διὰ
1418 4138 1513 4192 τοῦ
1541 4138 1700 4208 λόγου
1732 4139 1923 4193 τούτου
1954 4156 2049 4208 ση-

483 4228 771 4300 μαίνεσθαι
793 4268 817 4309 ,.
836 4230 918 4282 ὅτι
951 4230 1051 4283 οὐκ
1079 4229 1225 4283 ἐστιν
1254 4231 1587 4309 ὀνομαστικῇ
1629 4214 1874 4303 σημασίᾳ
1902 4250 2050 4302 περι·

481 4321 748 4392 ληφθῆναι
794 4304 860 4374 δι’
907 4312 1190 4392 ἀκριϐείας
1227 4322 1325 4392 τὴν
1372 4304 1622 4394 ἀόριστον
1672 4321 1864 4392 φύσινο
1912 4322 2048 4376 ἀλλά

483 4412 635 4466 πᾶσα
662 4413 949 4484 νοημάτων
985 4400 1233 4483 δύναμις,
1265 4414 1358 4467 καὶ⁵
1391 4416 1540 4468 πᾶσα
1580 4413 1839 4489 ῥημάτων
1866 4432 1924 4467 τε
1956 4417 2052 4468 καὶ

481 4506 768 4575 νοημάτων
797 4504 1054 4575 ἔμφασις,
1087 4506 1188 4560 κᾶν
1215 4523 1267 4558 τι
1294 4505 1434 4576 μέγα
1463 4506 1556 4559 καὶ
1582 4504 1881 4576 θεοπρεπὲς
1901 4506 2044 4576 ἔχειν

481 4593 629 4673 δόξῃ,
663 4593 825 4647 αὐτοῦ
858 4584 947 4647 τοῦ⁹
974 4595 1211 4665 ῥήματος
1240 4583 1405 4657 ὅντως
1432 4593 1737 4668 ἐφάψασθαι
1759 4595 1918 4664 φύσιν
1945 4596 2044 4649 οὐκ

482 4684 596 4757 ἔχει
619 4702 633 4716 ·
664 4684 779 4738 ἀλλ’
806 4684 995 4754 ὥσπερ
1029 4681 1089 4747 ἐξ
1122 4679 1282 4752 ίχνῶν
1310 4698 1469 4735 τινων
1511 4681 1606 4734 καὶ
1639 4681 1989 4751 ἐναυσμάτων
2017 4682 2045 4733 6

483 4756 639 4844 λόγος
672 4774 827 4845 ἡμῶν
853 4772 946 4826 τοῦ
980 4772 1149 4840 Λόγου
1177 4760 1631 4846 καταστοχάζεται
1654 4814 1668 4837 ,
1697 4772 1785 4825 διά
1814 4772 1920 4824 τῶν
1948 4770 2047 4825 καο

482 4864 979 4938 ’ξαλαμϐανομένων
1006 4850 1239 4927 εἰκάζων
1269 4860 1331 4917 ἔκ
1352 4876 1494 4927 τινος
1518 4862 1805 4932 ἀναλογίας
1833 4864 1893 4917 τὸ
1910 4865 2045 4917 ἀκα-

482 4958 776 5030 τάληπτον.
801 4958 870 5011 Ὃ
898 4973 950 5009 τι
978 4955 1086 5025 γὰρ
1123 4956 1191 5010 ἂν
1228 4957 1622 5027 ἐπινοήσωμεν,
1660 4957 1841 5027 φησιν.
1874 4956 2045 5025 ὄνομα

483 5030 841 5120 γνωριστικδν
870 5046 965 5100 τοῦ
1001 5047 1101 5116 τῆς
1141 5042 1240 5117 σῆς
1272 5046 1521 5117 θεότητος
1562 5046 1753 5118 μύρου,
1784 5043 1883 5099 οὐκ
1912 5048 2044 5100 αὐτὸ

483 5143 547 5196 τὸ
579 5140 749 5213 μύρον
786 5139 874 5193 διά
898 5139 997 5209 τῆς
1043 5139 1329 5209 ἐμφάσεως
1365 5139 1475 5193 τῶν
1502 5138 1806 5211 λεγομένων
1840 5141 2046 5211 σημαί-

483 5249 666 5303 νομεν,
697 5231 835 5285 ἀλλά
869 5230 1041 5302 βραχύ
1070 5248 1122 5283 τι
1152 5229 1401 5300 λείψανον
1428 5230 1601 5302 ἀτμοῦ
1640 5231 1741 5301 τῆς
1771 5226 1919 5294 θείας
1960 5231 2047 5283 εὐ-

484 5322 647 5387 ωδίας
688 5324 799 5386 τοῖς
849 5321 1175 5389 θεολογικοῖς
1224 5320 1482 5392 ὀνόμασιν
1513 5316 1917 5391 ὲνδεικνύμεθα.
1961 5323 2048 5384 Ὠς

485 5415 578 5468 επὶ
608 5413 717 5467 τῶν
756 5413 1021 5482 ἀγγείων,
1052 5408 1128 5467 ὧν
1171 5414 1237 5468 ἂν
1269 5410 1542 5484 ἐκκενωθῇ
1577 5413 1638 5465 τὸ
1692 5411 1881 5483 μύρον,
1917 5413 2047 5465 αὐτὸ

489 5506 585 5577 μὲν
608 5506 674 5575 τῇ
703 5504 894 5558 ἑαυτοῦ
924 5503 1081 5574 φύσει
1104 5507 1373 5574 ἀγνοεῖται
1397 5502 1458 5557 τὸ
1481 5502 1648 5574 μύρον
1671 5504 1732 5556 τὸ
1749 5502 2046 5556 ἐκκενωθὲν

487 5597 585 5653 τῶν
634 5596 891 5665 ἀγγείων,
937 5592 1047 5650 οἷόν
1085 5598 1251 5651 ἐστιν*
1305 5595 1365 5661 ἐξ
1404 5595 1650 5667 ἀμυδρᾶς
1688 5595 1745 5648 δέ
1773 5611 1916 5659 τινος
1948 5595 2046 5664 τῆς

565 5776 608 5806 ⁸⁸
627 5772 833 5829 Hahae.
874 5788 957 5839 Ill,
986 5773 1040 5826 5.

2222 3769 2436 3825 Rursus
2469 3772 2522 3823 in
2558 3772 2626 3827 iis
2666 3789 2787 3842 quae
2832 3774 3093 3846 deinceps
3145 3789 3487 3848 sequuntur,
3539 3784 3711 3837 subli-

2148 3861 2375 3914 miorem
2410 3864 2585 3931 tangit
2616 3864 3017 3935 philoSOphiam
3052 3868 3231 3922 anima
3268 3885 3492 3940 sponsa,
3527 3885 3712 3930 osten—

2147 3950 2283 4005 dens
2334 3951 2589 4005 humanis
2638 3950 3150 4012 ratiocinationibus
3192 3975 3300 4013 non
3350 3962 3467 4017 dari
3504 3965 3711 4019 aditum

2149 4044 2214 4093 ad
2256 4041 2502 4095 divinam
2539 4036 2824 4107 virtutem,
2857 4062 2958 4121 nec
2984 4048 3132 4103 illam
3169 4051 3238 4105 ab
3278 4053 3347 4107 iis
3374 4069 3535 4123 posse
3559 4072 3711 4110 com-

2151 4130 2436 4199 prehendi,
2483 4148 2605 4187 cum
2664 4135 2836 4188 dicit:
2873 4133 3205 4205 Unguentum
3248 4137 3474 4209 eﬂ'usum
3527 4162 3711 4199 nomen

2154 4231 2322 4305 tuuni.
2356 4222 2490 4277 Nam
2522 4239 2618 4294 per
2644 4216 2759 4279 haec
2788 4227 2954 4280 verba
2995 4229 3126 4283 mihi
3156 4231 3372 4285 videtur
3402 4234 3505 4287 hoc
3541 4237 3712 4305 signi-

2153 4318 2338 4377 ﬁcare,
2379 4316 2525 4385 quod
2559 4316 2821 4373 immensa
2875 4327 3074 4373 natura
3113 4322 3435 4378 nominatim
3472 4327 3712 4396 perfecte

2150 4408 2542 4478 comprehendi
2586 4416 2693 4463 non
2726 4411 2921 4479 possit,
2952 4411 3048 4465 sed
3079 4414 3262 4468 omnis
3294 4416 3379 4470 vis
3417 4420 3709 4485 cogitatio-

2153 4515 2280 4552 num
2306 4529 2320 4564 ,-
2347 4510 2399 4553 et
2430 4499 2611 4554 omnis
2644 4499 2972 4569 signiﬁcatio
2998 4505 3286 4558 verborum
3314 4521 3377 4560 ac
3403 4510 3707 4574 nominum,

2148 4591 2365 4645 etiamsi
2433 4590 2683 4645 videatur
2734 4593 2936 4648 habere
3001 4611 3259 4667 magnum
3318 4600 3599 4670 quidpiam
3657 4612 3713 4655 et

2148 4686 2291 4751 quod
2351 4683 2517 4735 Deum
2568 4678 2782 4745 deceat,
2826 4697 2935 4737 non
2986 4699 3106 4739 eam
3151 4686 3313 4741 habet
3355 4703 3601 4745 naturam
3651 4703 3711 4747 nt

2151 4781 2336 4845 tangat
2374 4773 2427 4828 id
2468 4769 2611 4844 quod
2660 4782 2745 4830 est
2776 4791 2900 4830 vere
2943 4776 3176 4831 Verbum
3208 4796 3221 4831 :
3255 4776 3347 4833 sed
3381 4783 3541 4836 veluti
3580 4787 3707 4853 qui-

2148 4865 2376 4919 busdam
2417 4863 2659 4930 vestigiis
2707 4872 2763 4919 et
2818 4864 3279 4923 illustrationibus
3334 4872 3475 4924 ratio
3519 4884 3707 4928 nostra

2148 4954 2388 5011 Verbum
2425 4953 2689 5023 coujicit,'
2724 4971 2819 5025 per
2868 4973 2930 5009 ea
2978 4972 3099 5026 quae
3142 4946 3706 5031 compreheinluntm-.

2147 5063 2213 5100 ex
2254 5043 2487 5115 quadam
2511 5046 2868 5114 proportione
2892 5058 2945 5099 et
2976 5050 3358 5107 convenientia
3390 5056 3708 5123 (‘Oltjt‘tflalls

2148 5135 2202 5189 id
2250 5132 2395 5206 quod
2457 5151 2566 5189 non
2625 5145 2803 5205 potest
2864 5140 3279 5208 comprehendi.
3330 5143 3711 5214 Οιιιιιισσιιιιιμιι·

2149 5228 2319 5289 enim,
2388 5228 2589 5295 inquit,
2643 5242 2839 5283 nomen
2892 5233 3412 5301 excogitaverimus,
3468 5253 3577 5305 quo
3624 5257 3711 5292 eo.

2149 5324 2445 5388 gnoscatur
2487 5329 2823 5384 unguentum
2877 5331 2981 5374 tua:
3023 5323 3350 5389 divinitatis,
3386 5344 3480 5396 per
3520 5346 3709 5384 eorum

2151 5426 2273 5479 quze
2302 5406 2559 5464 dicuntur
2587 5410 3043 5481 signiﬁcationem
3085 5431 3193 5470 non
3228 5417 3402 5487 ipsum
3436 5422 3714 5489 signiﬁca-

2152 5517 2275 5557 mus
2337 5512 2714 5571 unguentum,
2773 5504 2868 5558 sed
2928 5522 3129 5574 parvas
3177 5508 3391 5578 aliquas
3453 5512 3714 5581 reliquias

2155 5595 2371 5665 vaporis
2407 5595 2536 5649 boni
2590 5594 2760 5649 divini
2800 5596 2987 5653 odoris
3038 5599 3360 5672 tlieologicis
3402 5604 3714 5660 nominibus
