4116 6532
448 340 556 396 783

1687 341 1743 395 S.
1782 337 2108 396 GREGORII
2137 340 2425 401 NYSSENI

3587 360 3687 418 786

450 453 781 510 indicamus.
815 447 887 502 Ut
929 447 984 502 in
1006 446 1156 502 vasis
1177 460 1410 516 quorum
1439 445 1670 502 effusum
1714 447 1879 503 fuerit
1917 464 2020 502 un-

2121 453 2532 529 ὑπολειφθείσης
2564 458 2629 512 ὲκ
2680 461 2788 515 τῶν
2815 465 3005 533 ἀτμῶν
3033 465 3109 537 τῷ
3137 468 3343 541 ἀγγείῳ
3385 472 3686 545 ποιότητος,

451 557 731 620 guentum,
790 543 970 612 ipsum
1029 539 1252 609 quidem
1306 552 1565 595 vasorum
1626 539 1859 596 effusum
1914 556 2018 594 uno

450 651 711 714 guentum
750 651 851 692 sua
883 641 1079 688 natura
1129 634 1419 700 ignoratur
1446 632 1610 702 quale
1653 633 1748 696 sit,
1780 646 1848 686 ex
1883 646 2022 702 qua-

451 733 575 788 dam
609 738 790 785 autem
828 725 957 782 exili
993 733 1047 780 et
1076 723 1314 778 obscura
1359 739 1426 778 ex
1457 725 1756 794 vaporibus
1803 725 1856 778 in
1891 737 2020 778 vase

456 825 647 879 relicta
675 819 962 890 qualitate,
988 816 1057 870 de
1092 813 1268 870 eﬂ‘uso
1301 823 1584 885 unguento
1613 815 1850 885 aliquam
1884 814 2024 868 faci-

452 933 576 971 mus
607 913 1000 982 conjecturam.
1036 907 1148 962 Hoc
1179 918 1263 962 est
1289 921 1420 978 ergo
1444 908 1591 977 quod
1633 907 1899 963 discimus
1924 923 2021 979 per

451 1026 514 1066 ea
545 1024 665 1077 qua:
691 1006 837 1062 dicta
866 1011 1014 1065 sunt,
1039 1001 1186 1070 quod
1220 1002 1398 1071 ipsum
1421 1000 1643 1070 quidem
1679 1010 2018 1072 unguentum

451 1097 779 1159 divinitatis,
855 1093 1224 1164 quodcunque
1275 1092 1347 1146 sit
1395 1093 1655 1155 essentia,
1723 1103 2021 1164 exsuperat

449 1205 610 1245 omne
646 1202 845 1241 nomen
874 1195 928 1239 et
959 1181 1398 1252 intelligentiam.
1430 1180 1561 1246 Quae
1595 1189 1777 1238 autem
1807 1184 1860 1237 in
1891 1184 2018 1237 uni-

449 1297 608 1339 verso
661 1287 965 1335 cernuntur
1022 1275 1308 1337 miracula,
1365 1274 1798 1344 theologicorum
1843 1278 2022 1332 "Oﬁli'i

450 1389 578 1428 num
627 1371 758 1426 dant
804 1368 1107 1431 materiam,
1155 1381 1250 1436 per
1294 1379 1415 1434 qua:
1458 1364 1623 1420 Deum
1673 1367 2020 1424 nominamus

451 1471 774 1540 sapientem,
810 1473 1114 1536 potentem,
1166 1461 1393 1522 bonum,
1455 1469 1733 1526 sanctum,
1778 1461 2018 1527 beatum,

449 1569 504 1618 et
547 1568 837 1618 aeternum,
891 1555 1235 1625 etjudicem,
1289 1561 1342 1608 ct
1397 1560 1754 1618 servatorem,
1803 1563 1856 1609 et
1900 1569 2020 1623 quae

2123 548 2420 618 στοχασμόν
2451 567 2573 604 τινα
2602 555 2730 624 περὶ
2757 554 2850 607 τοῦ
2881 557 3273 626 ὲκκενωθέντος
3301 563 3473 634 μύρου
3504 569 3688 623 ποιού-

2120 639 2283 708 μεθα.
2318 640 2489 693 Τοῦτο
2515 637 2608 696 οὖν
2641 645 2790 698 ἐστιν
2824 645 2853 698 ὃ
2879 646 2966 700 διὰ
3005 649 3114 704 τῶν
3140 653 3444 723 εἰρημένων
3485 662 3688 729 μανθά-

2120 748 2304 802 νομεν,
2331 733 2414 785 ὅτι
2445 734 2576 787 αὑτό
2606 737 2704 805 μὲν
2729 738 2789 790 τὸ
2811 739 2912 808 τῆς
2943 739 3195 812 θεότητος
3235 746 3405 818 μύρον
3436 750 3464 803 ὂ
3484 753 3537 804 τί
3559 771 3686 807 ποτε

2122 823 2241 876 κατ’
2255 824 2442 877 οὐσίαν
2457 827 2624 888 ἐστὶν,
2651 829 2790 897 ὑπὲρ
2809 833 2916 883 πᾶν
2935 833 3083 885 ὲστιν
3105 833 3274 905 ὀνομά
3288 855 3345 892 τε
3369 841 3462 892 καὶ
3492 843 3582 914 νόη
3592 834 3686 915 μα’.

2120 915 2202 968 Τὰ
2235 915 2292 969 δὲ
2333 916 2412 988 τῷ
2449 920 2612 972 παντὶ
2641 921 3050 993 ὲνθεωρούμενα
3083 925 3336 998 θαύματα
3358 971 3373 994 ,
3430 933 3537 985 τῶν
3568 935 3687 989 θεο-

2119 1007 2351 1076 λογικῶν
2399 1011 2677 1081 ὀνομάτων
2707 1012 2806 1084 τὴν
2842 1013 2972 1085 ὕλην
3017 1016 3236 1082 δίδωσι,
3287 1020 3354 1072 δι’
3391 1015 3466 1075 ὧν
3504 1025 3686 1092 σοφὸν,

2118 1099 2360 1166 δυνατὸν,
2391 1102 2611 1170 ἀγαθὸν,
2644 1105 2817 1172 ἅγιον,
2862 1108 3127 1177 μακάριόν
3160 1126 3219 1161 τε
3251 1112 3346 1164 καὶ
3375 1112 3568 1178 ἀΐδιον,
3594 1117 3689 1169 καὶ

2119 1192 2332 1262 κριτὴν,
2363 1195 2455 1247 καὶ
2478 1196 2718 1267 σωτῆρα,
2752 1197 2844 1250 καὶ
2865 1198 2932 1251 τά
2971 1200 3190 1253 τοιαῦτα
3225 1206 3688 1279 κατονομάζομενο

2123 1283 2266 1355 ἅπερ
2295 1285 2472 1338 πάντα
2497 1287 2754 1359 ποιότητά
2777 1306 2896 1342 τινα
2929 1290 3180 1361 βραχεῖαν
3209 1294 3302 1346 τοῦ
3335 1295 3476 1350 θείου
3515 1299 3689 1372 μύρου

2118 1376 2450 1430 ἐνδείκνυται
2477 1417 2492 1440 ,
2526 1379 2592 1450 ἥν
2625 1381 2826 1452 πᾶσαη
2855 1383 3032 1446 κτίσις
3067 1383 3156 1437 διά
3181 1385 3290 1438 τῶν
3321 1387 3688 1463 ὲνθεωρουμὲ-

2119 1485 2224 1521 νων
2256 1467 2570 1539 θαυμάτων,
2608 1471 2834 1536 σκεύους
2876 1473 3022 1537 τινὸς
3059 1475 3359 1546 μυρεψικοῠ
3391 1481 3572 1552 δίκην,
3627 1486 3688 1536 ὲν

2117 1563 2283 1633 ἑαυτῇ
2318 1563 2653 1633 ἀπεμάξατο.
2685 1567 2786 1620 Διὰ
2813 1567 3008 1631 τοῦτο,
3039 1569 3219 1640 φησὶν,
3247 1570 3518 1640 νεάνιδες
3541 1577 3682 1646 ἠγά-

452 1662 580 1710 sunt
621 1648 936 1722 hujusmodi
969 1667 982 1703 :
1012 1662 1132 1717 qua:
1175 1647 1394 1716 quidem
1432 1645 1682 1700 indicant
1723 1646 2017 1715 quamdam

2121 1648 2328 1717 πησάν
2348 1665 2440 1710 σε,
2465 1650 2766 1705 εἵλκυσάν
2800 1667 2892 1707 σε.
2921 1649 3056 1706 Elite
3089 1656 3188 1726 τὴν
3215 1656 3393 1710 αἰτίαν
3413 1658 3509 1730 τῆς
3535 1645 3688 1715 ἐπαι-

452 1747 720 1802 modicam
772 1742 941 1797 divini
996 1740 1258 1810 unguenti
1305 1739 1645 1808 qualitatem,
1685 1752 1848 1806 quam
1898 1737 2020 1790 uni—

2120 1740 2280 1810 νετῆς
2327 1741 2661 1813 ἐπιθυμίας,
2714 1744 2807 1796 καὶ
2852 1746 2949 1815 τῆς
2989 1746 3337 1817 ἀγαπητικῆς
3372 1749 3684 1813 διαθέσεως.

450 1854 612 1894 versa
655 1843 908 1891 creatura
943 1848 1038 1904 per
1086 1847 1149 1887 ea
1201 1847 1324 1901 qua;
1378 1837 1680 1885 cernuntur
1729 1827 2015 1892 miracula,

2121 1832 2218 1896 Τίς
2236 1799 2352 1904 ’φάρ
2379 1799 2625 1887 τοιούτου
2649 1799 2886 1899 ’κάλλους
2907 1799 3210 1908 ’ἀνέραστος
3457 1799 3482 1907 ,-

452 1932 628 1986 instar
663 1924 1008 1997 unguentarii
1048 1923 1333 1993 cujusdam
1379 1922 1548 1986 vasis,
1585 1920 1641 1974 in
1692 1931 1752 1974 se
1796 1919 2022 1988 impres-

449 2024 541 2078 sit.
603 2019 832 2082 ldcirco,
881 2016 1080 2086 inquit,
1130 2015 1536 2069 adolescentulus
1591 2013 1887 2066 dilexerunt
1948 2021 2017 2075 te,

453 2119 730 2168 traxerunt
776 2120 844 2164 te.
880 2105 1027 2160 Dixit
1073 2121 1295 2161 causam
1351 2105 1643 2160 laudabilis
1675 2103 2017 2175 cupiditatis,

449 2215 503 2261 νι
537 2203 816 2259 amatoria:
867 2198 1195 2253 affectionis.
1233 2197 1369 2263 Quis
1421 2207 1506 2251 est
1550 2197 1694 2251 enim
1729 2193 1825 2265 qui
1875 2194 2020 2246 hanc

451 2314 560 2353 non
610 2304 754 2351 amet
808 2289 1290 2362 pulchritudinem,
1343 2289 1390 2344 si
1439 2288 1783 2343 solummodo
1826 2287 2020 2340 habeat

449 2391 668 2447 oculum
728 2401 888 2456 quem
942 2383 1119 2454 possit
1171 2381 1406 2451 deligere
1467 2381 1523 2435 in
1572 2386 1911 2435 venustatem
1966 2387 2020 2431 et

448 2480 744 2538 decorem?
788 2476 907 2530 Non
966 2485 1050 2529 est
1094 2473 1316 2544 quidem
1370 2486 1564 2542 magna
1611 2485 1731 2540 qum
1779 2485 2021 2539 compre~

453 2574 712 2630 henditur
754 2568 1130 2642 pulchritudo,
1162 2574 1245 2621 est
1276 2574 1456 2620 autem
1501 2563 1734 2622 infinitis
1768 2561 2019 2633 partibus

450 2667 628 2736 major
661 2680 746 2723 ea,
787 2663 948 2730 cujus
977 2677 1072 2730 per
1108 2660 1159 2714 id
1193 2659 1338 2729 quod
1366 2664 1592 2728 apparet
1623 2657 1858 2711 facimus
1887 2670 2021 2709 con-

447 2761 743 2829 jecturam.
768 2755 873 2810 Sed
901 2754 1175 2822 quomodo
1203 2766 1356 2805 amor
1386 2749 1681 2806 materialis
1713 2763 1822 2802 non
1852 2748 2022 2801 attin-

452 2857 529 2922 git
580 2865 676 2905 eos
724 2850 816 2918 qui
871 2857 1001 2902 sunt
1035 2846 1216 2900 adhuc
1258 2843 1497 2899 infantes
1542 2840 1820 2895 :infantia
1875 2839 2020 2894 enim

452 2959 560 2997 non
607 2941 753 3012 capit
805 2937 1146 2993 affectionem
1184 2935 1321 2992 :sed
1365 2947 1468 2989 nec
1511 2947 1608 2988 eos
1639 2933 1731 3001 qui
1780 2940 2022 2985 extrema

450 3033 688 3090 confecti
739 3039 868 3086 sunt
914 3039 1220 3094 senectute,
1246 3027 1433 3082 videre
1475 3026 1606 3081 licet
1645 3024 1718 3079 ita
1749 3021 2018 3078 allectos:

2118 1943 2209 1979 νον
2231 1925 2506 1996 ὀφθαλμὸν
2535 1927 2647 1998 ἔχοι
2669 1929 2758 1981 τὸν
2790 1929 3093 1984 ὲνατενίσαι
3122 1934 3186 2003 τῇ
3218 1933 3338 2004 ὥρᾳ
3357 1933 3684 2003 δυνάμενονς

2119 2019 2196 2072 Οὐ
2229 2018 2362 2073 πολὺ
2394 2019 2493 2090 μὲν
2524 2020 2586 2073 τὸ
2630 2021 3176 2093 καταλαμϐανόμενον
3207 2025 3430 2090 κάλλος,
3467 2028 3686 2098 ἀπειρο-

2120 2109 2344 2164 πλάσιον
2377 2111 2434 2166 δὲ
2461 2112 2522 2166 τὸ
2541 2113 2628 2167 διά
2662 2113 2756 2168 τοῦ
2790 2115 3113 2186 φαινομένου
3143 2118 3508 2187 στοχαστικῶς
3532 2121 3687 2172 εἰκα-

2119 2203 2362 2274 ζόμενον.
2407 2205 2544 2259 Ἀλλ’
2563 2207 2750 2279 ὥσπερ
2776 2208 2957 2273 suae;
2984 2208 3124 2281 ἔρως
3148 2210 3256 2262 τῶν
3291 2211 3370 2264 ἔτι
3395 2210 3686 2281 νηπιαζόν-

2117 2311 2224 2348 των
2241 2299 2338 2368 οὐχ
2357 2297 2584 2353 ἅπτεται
2611 2300 2694 2368 (ού
2718 2299 2827 2372 γὰρ
2846 2304 3014 2372 χωρεῖ
3038 2300 3293 2365 τὸπάθος
3319 2304 3352 2373 η
3381 2305 3684 2375 νηπιότης),

2117 2389 2240 2443 οὔτε
2280 2391 2388 2461 μὴν
2414 2393 2538 2453 τοὺς
2570 2393 2628 2444 ὲν
2659 2393 2871 2461 ἐσχάτῳ
2900 2394 3048 2464 γήρᾳ
3079 2395 3452 2468 πεπονηκότας
3483 2399 3540 2450 ὲν
3575 2400 3686 2461 τοῖς

2117 2482 2377 2546 τοιούτοις
2415 2482 2560 2535 ἔστιν
2594 2483 2720 2536 ίδεϊν
2749 2500 2762 2513 ·
2809 2482 2951 2537 οὕτω
2993 2485 3087 2538 καὶ
3131 2486 3224 2539 ἐπὶ
3259 2485 3352 2540 τοῦ
3384 2486 3529 2542 θείου
3558 2489 3688 2543 κάλ-

2118 2571 2275 2636 λους,
2315 2572 2343 2625 ὃ
2372 2589 2431 2624 τε
2458 2573 2647 2641 νήπιος
2680 2573 2758 2626 ἔτι
2789 2575 2882 2628 καὶ⁵
2921 2574 3380 2647 κλυδωνιζόμενος
3409 2579 3503 2632 καὶ⁸
3533 2597 3688 2648 περι-

2121 2665 2417 2734 φερόμενος
2448 2666 2610 2719 παντὶ
2645 2666 2832 2737 ἀνέμῳ
2863 2667 2965 2736 τῆς
3007 2668 3382 2735 διδασκαλίας,
3413 2673 3508 2726 καὶ
3531 2673 3560 2724 ὀ
3583 2689 3688 2728 πα-

2119 2753 2268 2817 λαιὸς
2297 2755 2390 2807 καὶ
2424 2754 2672 2826 γηράσας
2691 2794 2706 2817 ,
2734 2757 2828 2808 καὶ
2852 2755 2930 2827 τῷ
2967 2757 3259 2828 ἀφανισμῷ
3279 2761 3644 2831 προσεγγίσας
3668 2801 3685 2821 .

2121 2844 2366 2916 ἀκίνητοι
2389 2845 2524 2915 πρὸς
2544 2845 2643 2916 τὴν
2667 2845 2961 2917 ἐπιθυμίαν
2991 2847 3195 2919 ταύτην
3224 2849 3583 2920 εὑρίσκονται.
3613 2852 3688 2905 Ού

2121 2935 2229 3006 γὰρ
2253 2935 2482 2988 ἅπτεται
2521 2936 2629 2990 τῶν
2659 2936 2913 2991 τοιούτων
2936 2938 2998 2990 τὸ
3023 2938 3252 3010 ἀόρατον
3282 2940 3475 3005 κάλλος
3499 2959 3510 2972 ·
3551 2943 3685 3014 μόνη

2121 3026 2226 3099 δὲή
2248 3027 2471 3098 τοιαύτη
2491 3027 2681 3099 ψυχὴή
2705 3029 2937 3083 διαϐᾶσα
2957 3029 3054 3099 τὴν
3069 3030 3310 3101 νηπιὼδη
3335 3032 3688 3097 κατάστασιν,

451 3128 523 3182 ita
569 3128 731 3181 etiam
783 3125 836 3178 in
877 3123 1062 3176 divina
1106 3119 1538 3191 pulchritudine.
1570 3117 1662 3187 qui
1713 3123 1796 3171 est
1845 3115 2020 3169 adhuc

2121 3121 2215 3173 καὶ
2228 3119 2422 3190 διάτῆς
2447 3120 2820 3191 πνευματικῆς
2843 3119 3056 3190 ἡλικίας
3073 3122 3389 3192 ἀκμάσασα,
3420 3122 3495 3195 μὴ
3521 3142 3686 3197 προσο

450 3219 634 3274 infans
666 3225 721 3272 et
751 3215 1001 3277 fluctuat,
1036 3224 1090 3270 et
1123 3213 1272 3268 omni
1304 3220 1468 3267 vento
1499 3210 1763 3265 doctrina:
1785 3209 2022 3261 circum-

2122 3210 2362 3265 λαϐοῦσα
2407 3212 2615 3278 σπῖλον,
2654 3211 2688 3284 ἢ
2739 3212 2949 3282 ῥυτίδα,
2995 3213 3028 3283 ἦ
3074 3229 3127 3266 τι
3169 3214 3278 3267 τῶν
3309 3216 3589 3278 τοιούτων,
3651 3220 3684 3286 ἡ

451 3311 658 3376 fertur,
713 3321 766 3365 et
819 3310 911 3381 qui
956 3317 1040 3365 est
1092 3317 1248 3362 vetus
1300 3312 1354 3360 et
1399 3304 1553 3359 senio
1602 3301 1919 3364 confectus,
1967 3307 2020 3354 et

2125 3307 2261 3377 μήτε
2302 3305 2406 3358 ὑπὸ
2439 3304 2760 3374 νηπιότητος
2792 3303 3220 3373 ἀναισθητοῦσα,
3256 3307 3394 3376 μήτε
3447 3307 3551 3360 ὑπὸ
3593 3325 3685 3360 παι

449 3421 558 3460 non
639 3404 828 3475 procul
885 3402 951 3457 ab
1014 3400 1270 3462 interitu,
1331 3398 1395 3452 ad
1459 3397 1600 3451 hanc
1672 3395 2021 3465 cupiditatem

450 3497 807 3551 inveniuntur
833 3493 1160 3546 immobiles.
1211 3489 1328 3544 Non
1376 3490 1523 3544 enim
1566 3503 1661 3542 eos
1701 3487 1872 3553 tangit
1904 3485 2055 3555 pul--

2123 3397 2406 3468 λαιότητος
2442 3396 2745 3468 ἀδρανοῦσα
2766 3437 2784 3462 ,
2828 3398 2894 3467 ἥν
2935 3398 3114 3450 νεᾶνιν
3159 3397 3411 3469 ὀνομάζει
3443 3399 3472 3452 ὀ
3502 3399 3685 3468 λόγος’

2122 3489 2261 3561 αὕτη
2291 3490 2533 3544 πείθεται
2562 3491 2628 3560 τῇ
2669 3489 2880 3562 μεγάλῃ
2908 3489 3003 3542 καλ⁸
3029 3489 3219 3561 πρώτῃ
3256 3489 3440 3561 ἐντολῇ
3477 3491 3574 3544 τοῦ
3601 3491 3686 3544 νό-

452 3589 708 3644 chritudo
746 3601 868 3656 qum
905 3599 1014 3638 non
1061 3582 1209 3637 cadit
1255 3581 1358 3636 sub
1405 3589 1708 3645 aspectum.
1757 3577 1884 3632 Sola
1935 3592 2020 3632 au-

2126 3599 2246 3654 μου,
2288 3581 2345 3648 ἐξ
2374 3581 2503 3653 ὅλης
2535 3581 2758 3652 καρδίας
2791 3599 2851 3634 τε
2892 3582 2986 3635 καὶ
3013 3581 3294 3651 δυνάμεως
3317 3582 3592 3650 ἀγαπῶσα
3630 3583 3687 3636 τὸ

451 3688 560 3735 tem
613 3693 676 3732 ea
719 3677 937 3741 anima,
983 3690 1104 3745 qua:
1151 3681 1353 3728 statum
1399 3673 1617 3726 transiit
1669 3670 2021 3734 infantilem,

450 3784 505 3829 et
534 3770 598 3825 ad
626 3768 928 3839 spiritualis
958 3767 1134 3820 aetatis
1162 3763 1349 3820 florem
1373 3765 1618 3834 pervenit
1659 3778 1722 3818 ac
1749 3763 2020 3833 vigorem,

453 3881 552 3921 nec
577 3861 846 3918 maculam
871 3859 1082 3928 accepit
1112 3865 1206 3911 aut
1231 3871 1444 3926 rugam,
1482 3865 1576 3908 aut
1605 3853 1812 3924 aliquid
1835 3853 2026 3923 hujus-

2124 3671 2316 3734 κάλλος
2365 3673 2559 3737 ἐκεῖνο,
2613 3664 2674 3724 οὗ
2723 3668 3044 3741 ὑπογραφὴν
3102 3671 3194 3722 καὶ
3247 3669 3550 3740 ὑπόδειγμα
3595 3671 3684 3722 καῖ

2122 3761 2415 3834 ἑρμηνείαν
2470 3763 2568 3832 οὐχ
2621 3761 2863 3832 εὑρίσκει
2900 3763 2934 3831 ὴ
2980 3759 3292 3832 ἀνθρωπίνη
3339 3761 3565 3815 διάνοια.
3623 3764 3685 3816 Al

2120 3853 2362 3908 τοιαῦται
2391 3854 2568 3907 τοίνυν
2600 3853 2835 3917 νεάνιδες
2860 3853 2946 3906 διὰ
2973 3852 3080 3908 τῶν
3108 3853 3318 3925 ἀρετῶν
3345 3851 3685 3923 αὐξηθεῖσαι,

451 3955 622 4020 modi,
655 3963 709 4008 et
737 3967 912 4022 neque
957 3955 1181 4019 pr0pter
1216 3947 1500 4001 infantiam
1533 3953 1683 4000 caret
1714 3961 1901 4005 sensu,
1926 3960 2020 3998 ne-

2123 3947 2216 4001 καὶ
2247 3947 2368 4000 καθ’
2403 3945 2553 4017 ὥραν
2591 3945 2693 4017 ἤδη
2727 3945 2836 3999 τῶν
2875 3944 3041 4002 θείων
3073 3946 3384 4017 μυστηρίων
3413 3945 3506 3999 τοῦ
3541 3946 3686 3999 θείου

450 4063 557 4120 que
587 4047 657 4100 ob
683 4051 1007 4099 vetustatem
1037 4047 1124 4095 est
1152 4038 1444 4095 imbecilla.
1494 4052 1658 4106 quam
1699 4037 2024 4092 adolescen-

452 4138 619 4194 tulam
647 4136 736 4190 hic
769 4136 905 4189 liber
938 4131 1203 4192 nominat,
1243 4145 1308 4184 ea
1340 4139 1492 4199 paret
1517 4143 1714 4198 magno
1753 4137 1807 4184 et
1843 4129 2022 4199 primo

453 4235 722 4302 praecepto
771 4224 928 4296 legis,
981 4229 1097 4275 toto
1143 4218 1310 4274 corde
1368 4230 1423 4274 et
1469 4221 1600 4274 totis
1645 4220 1854 4275 viribus
1899 4219 2021 4275 dili-

451 4335 585 4392 gens
629 4318 778 4372 illam
817 4311 1305 4387 pulchritudinem,
1363 4312 1526 4381 cujus
1570 4312 2017 4383 descriptionem,

451 4409 870 4479 exemplumque
903 4413 956 4458 et
992 4402 1490 4470 interpretationem
1535 4402 1769 4456 humana
1802 4419 1909 4456 non
1936 4403 2021 4456 in-

2122 4040 2363 4111 θαλάμου
2409 4039 2560 4103 ἐντὸς
2599 4038 2911 4110 γενόμεναι,
2940 4037 3194 4108 ἀγαπῶσι
3231 4037 3324 4090 τοῦ
3365 4037 3598 4109 νυμφίου
3627 4040 3685 4089 τὸ

2121 4130 2334 4200 κάλλος,
2364 4132 2458 4188 καὶ
2505 4132 2592 4187 διὰ
2621 4131 2724 4202 τῆς
2758 4131 2978 4200 ἀγάπης
3018 4129 3154 4200 πρὸς
3195 4129 3393 4193 ἑαυτὰς
3437 4131 3684 4200 ἐπιστρέο

2121 4247 2300 4300 φουσι.
2348 4229 2601 4294 Τοιοῦτος
2639 4229 2750 4301 γὰρ
2774 4231 2802 4284 ὀ
2833 4228 3063 4299 νυμφίος
3084 4268 3099 4292 ,
3127 4227 3202 4292 ὡς
3230 4227 3547 4282 ἀντιδιδόναι
3575 4228 3684 4290 τοῖς

2121 4322 2374 4390 ἀγαπῶσι
2427 4323 2518 4377 τὸν
2556 4308 2752 4386 πόθον,
2799 4321 2828 4373 ὁ
2862 4319 3033 4383 οὕτως
3082 4318 3253 4373 είπὼν
3294 4320 3360 4373 ὲκ
3394 4319 3685 4390 προσώπου

2119 4415 2220 4486 τῆς
2253 4415 2463 4486 σοφίας,
2488 4416 2568 4468 ὅτι
2605 4412 2747 4482 Ἐγὼ
2777 4411 2918 4479 τοὺς
2951 4411 3056 4482 ἐμὲ
3082 4411 3408 4480 φιλοῦντας
3438 4407 3642 4480 ἀταπῶ
3669 4427 3684 4441 ο

450 4502 597 4556 venit
613 4478 892 4568 cogitatio.
908 4494 999 4550 llic
1019 4509 1149 4565 ergo
1165 4493 1587 4549 adolescentula:
1602 4509 1722 4564 qua:
1732 4504 2020 4550 creverunt

2121 4478 2236 4569 xdl,
2264 4478 2346 4560 δτὶ
2375 4505 2564 4575 mp“;
2621 4478 2746 4572 τοῖς
2783 4478 3226 4575 έμὲάγὶαπῶσιν
3262 4478 3524 4572 ὕπαρξιν
3563 4501 3682 4572 (αὐ-

452 4595 506 4650 in
556 4590 868 4651 virtutibus,
919 4594 975 4643 et
1029 4601 1124 4656 per
1176 4593 1388 4640 aetatem
1432 4585 1549 4655 jam
1590 4586 1848 4658 ingressze
1892 4594 2020 4641 sunt

2122 4596 2214 4660 τὸς
2249 4595 2307 4650 δέ
2333 4598 2479 4650 ἐστιν
2509 4597 2542 4668 ἡ
2572 4593 2859 4665 ὓπαρξις)ο
2890 4594 2988 4648 καί
3029 4593 3172 4659 τοὺς
3201 4591 3542 4661 θησαυροὺς
3578 4592 3682 4646 αὑ-

450 4687 749 4743 thalamum
781 4682 1090 4736 divinorum
1133 4679 1536 4749 mysteriorum,
1569 4678 1802 4748 diligunt
1830 4681 2018 4751 sponsi

2121 4687 2240 4744 τῶν
2283 4689 2570 4758 ἐμπλήσω
2603 4684 2862 4758 ἀγαθῶν.
2910 4686 3164 4740 Ἔλκουσι
3207 4684 3385 4739 τοίνυν
3429 4685 3484 4737 αἱ
3518 4683 3682 4754 ψυχαὶ

451 4773 934 4850 pulehritmlinem,
967 4777 1022 4824 et
1047 4783 1142 4840 per
1175 4767 1519 4823 dilectionem
1549 4782 1672 4823 eum
1708 4768 1774 4822 ad
1803 4784 1862 4823 se
1887 4783 2020 4822 con-

449 4878 689 4928 vertunt.
704 4865 854 4920 Talis
870 4862 1015 4918 enim
1037 4869 1120 4916 est
1136 4875 1392 4931 sponsus,
1423 4861 1515 4932 qui
1538 4861 1846 4916 amantibus
1865 4861 2021 4915 vicis-

450 4965 553 5018 sim
577 4959 767 5016 reddat
791 4969 1048 5021 amorem,
1069 4954 1141 5008 ita
1158 4954 1347 5010 dicens
1363 4954 1416 5008 in
1437 4969 1669 5024 persona
1686 4953 1974 5024 Sapientia:
2001 4973 2014 5006 :

454 5053 562 5122 Ego
596 5051 877 5120 diliqentes
919 5066 999 5102 me
1028 5049 1192 5118 diligo
1215 5087 1229 5109 ,
1282 5054 1336 5100 et
1373 5062 1386 5095 :
1430 5044 1679 5098 Dividam
1711 5045 1780 5098 iis
1817 5045 1904 5114 qui
1939 5060 2019 5097 me

449 5147 701 5216 diligunt.
745 5139 1123 5197 sitbstautiam.
1173 5137 1292 5210 Ipse
1335 5147 1517 5191 autem
1566 5146 1651 5191 est
1692 5137 2015 5192 substantia.

451 5235 519 5290 Et
552 5236 824 5290 thesauros
859 5250 1037 5288 eorum
1065 5229 1286 5300 implebo
1309 5228 1525 5281 bouis”.
1551 5226 1633 5280 Ad
1659 5243 1716 5282 se
1740 5242 1869 5298 ergo
1903 5227 2016 5280 tra-

450 5327 589 5381 liunt
615 5327 812 5380 anima:
844 5323 1174 5380 desiderium
1217 5322 1406 5392 sponsi
1443 5320 1497 5373 in
1537 5333 1696 5388 quem
1730 5334 1838 5374 non
1871 5320 2018 5375 cadit

448 5415 728 5480 interitus,
755 5421 877 5485 post
904 5413 1189 5468 Dominum
1221 5409 1573 5474 Deum,sicut
1623 5409 1885 5479 scriptum
1912 5421 2014 5472 est,

447 5507 849 5562 ambula’ntes‘.
911 5505 1227 5559 Dilectiouis
1263 5511 1444 5558 autem
1484 5516 1674 5556 eorum
1725 5518 1891 5558 causa
1933 5512 2017 5559 est

447 5600 626 5656 bonus
672 5597 807 5653 odor
858 5598 1143 5666 unguenti,
1190 5593 1257 5648 ad
1287 5609 1448 5664 quem
1485 5609 1700 5664 semper
1726 5607 2016 5653 currentes

519 5775 564 5808 ”
586 5776 744 5830 Prov.
777 5791 896 5840 \‘lll,
938 5775 1006 5828 l7
1039 5791 1160 5845 sqq.
1244 5773 1441 5860 'Osee.
1486 5789 1560 5840 xu,
1605 5773 1688 5828 lO.

2122 4781 2258 4852 πρὸς
2277 4780 2478 4843 ἑαυτὰς
2501 4777 2595 4832 τοῦ
2620 4777 2896 4850 ἀφθάρτου
2919 4779 3151 4847 νυμφίου
3171 4777 3264 4831 τδν
3287 4775 3467 4840 πόθον,
3487 4775 3684 4838 ὀπίσω,

2122 4871 2304 4936 καθὼς
2347 4871 2691 4942 γέγραπται,
2737 4871 2946 4942 Κυρίου
2991 4869 3086 4923 τοῦ
3123 4867 3258 4924 Θεοῦ
3301 4870 3684 4941 πορευόμεναι.

2122 4964 2231 5035 Τῆς
2260 4963 2316 5016 δὲ
2347 4962 2565 5032 ἀγάπης
2597 4962 2776 5016 αὐτῶν
2807 4961 2956 5016 αἰτία
2984 4963 3017 5034 ἠ
3052 4960 3146 5016 τοῦ
3181 4961 3352 5033 μύρου
3385 4961 3582 5016 εὐωδία
3605 4962 3691 5031 γί-

2121 5071 2288 5118 νεται,
2324 5053 2459 5124 πρὸς
2490 5054 2556 5124 ἣν
2585 5053 2673 5107 ἀεὶ
2702 5054 2994 5126 τρέχουσαι
3027 5055 3139 5118 τοῖς
3176 5052 3484 5125 ἔμπροσθεν
3524 5054 3687 5106 ἐπεκ-

2121 5144 2406 5208 τείνονται,
2447 5143 2540 5196 τοῦ
2574 5143 2804 5196 κατόπιν
2846 5141 3018 5215 λήθην
3068 5140 3408 5212 ποιούμεναι.
3467 5139 3690 5192 Ὀπίσω

2121 5233 2230 5306 γάρ
2285 5247 2421 5297 σου,
2462 5218 2647 5304 φησιν,
2682 5234 2768 5299 είς
2802 5231 3004 5302 ὀσμὴν
3038 5230 3242 5300 μύρων
3283 5243 3401 5282 σου
3433 5225 3688 5296 δραμού-

2116 5330 2286 5398 μεθα.
2346 5324 2505 5379 Ἀλλά
2551 5327 2608 5380 αἱ
2654 5326 2752 5396 μὲν
2800 5323 2953 5378 οὔπω
3001 5323 3102 5394 τῆς
3140 5321 3342 5394 ἀρετῆς
3375 5320 3436 5374 τὸ
3483 5318 3690 5373 τέλειον

2121 5420 2361 5491 ἔχουσαι,
2395 5419 2488 5472 καὶ
2521 5417 2642 5472 καθ’
2674 5416 2890 5489 ἠλικίαν
2921 5414 3001 5468 ἔτι
3031 5414 3337 5479 νεάζουσαι,
3367 5408 3688 5484 δραμεῖσθαι

2121 5511 2257 5584 πρὸς
2277 5511 2368 5564 τὸν
2394 5509 2614 5572 σκοπὸν,
2637 5508 2697 5561 ὃν
2723 5507 3096 5561 ὑποδείκνυσιν
3119 5505 3153 5575 ἠ
3176 5503 3320 5574 ὀσμὴ
3339 5501 3452 5556 τῶν
3479 5499 3686 5572 μύρων,

2121 5601 2666 5670 κατεπαγγέλλονται.
2703 5601 2931 5668 Λέγουσι
2956 5597 3084 5669 γὰρ,
3113 5597 3195 5650 ὃτι
3221 5598 3324 5662 Eli;
3351 5592 3551 5664 ὀσμὴν
3573 5591 3688 5662 μύ-
