4116 6496
434 497 544 554 785

1463 496 1526 550 IN
1567 497 1866 553 CANTICA
1905 498 2179 556 CANTIC.
2222 502 2505 557 ιιυιιιιιΑ
2548 502 2607 558 ll.

3594 511 3697 567 786

428 630 549 684 ρων
572 627 695 666 σου
711 611 1103 681 δραμούμεθα.
1123 610 1182 667 ’11
1209 587 1264 665 δὲ
1288 612 1407 665 τελε
1417 614 1594 685 ωτέρα
1617 614 1763 686 ψυχὴ
1789 616 2013 687 σφοδρά-

2133 634 2306 672 aorum
2340 636 2461 689 qua:
2492 629 2639 673 retro
2665 631 2791 674 sunt
2813 621 3027 689 oblitzn,
3077 622 3142 676 ad
3179 639 3241 679 ea
3268 641 3389 694 qua:
3411 635 3542 680 sunt
3570 639 3697 684 ante

434 722 590 777 τερον
620 703 983 757 ὲπεκταθεῖσα
1012 705 1125 764 τοῖς
1155 702 1489 773 ἔμπροσθεν,
1523 703 1620 773 ἠδη
1648 705 1905 774 τυγχάνει
1930 705 2023 759 τοῦ

438 793 681 859 σκοποῦ,
734 792 802 847 δι’
832 792 890 846 ὃν
924 793 951 845 ό
1000 791 1196 863 δρόμος
1234 791 1495 859 ἀνύεται,
1542 794 1638 845 καὶ
1678 792 1787 845 τῶν
1818 794 1875 846 ὲν
1913 796 2025 856 τοῖς

436 885 685 955 ταμείοις
724 883 1017 955 θησαυρῶν
1060 884 1328 950 ἀξιοῦται.
1372 884 1511 955 Φησὶ
1562 884 1706 955 γὰρ,
1754 884 1835 937 ὅτι
1883 887 2022 938 Εἰσ-

438 976 653 1047 ήνετκέ
672 993 749 1046 με
778 978 811 1031 ὀ
842 974 1143 1041 ,ϐασιλεὺς
1183 978 1269 1043 είς
1296 976 1539 1045 ταμεῖον
1572 975 1780 1030 αὑτοῦ.
1823 975 1887 1030 Ἠ
1916 976 2025 1047 γὰρ

440 1070 635 1139 ἄκροις
664 1067 902 1137 χείλεσιν
930 1067 1135 1136 ἀγαθοῦ
1156 1066 1363 1137 ψαῦσαι
1389 1068 1696 1139 ποθήσασα,
1723 1069 1815 1121 καὶ
1840 1067 2027 1121 τοσοῦ-ε

440 1176 532 1212 τον
565 1158 724 1230 μόνον
748 1158 1073 1229 ἐφαψαμένη
1103 1156 1195 1211 τοῦ
1226 1158 1479 1222 κάλλους,
1512 1159 1635 1213 ὅσον
1664 1161 1698 1230 ὴ
1727 1159 1829 1229 τῆς
1858 1160 2026 1229 εὐχῆς

436 1238 774 1305 ’ἐνδείκνυται
802 1248 1029 1320 δύναμις
1051 1289 1065 1312 ,
1090 1248 1297 1319 ηὔξατο
1325 1250 1382 1303 δὲ
1408 1244 1520 1303 οἷόν
1549 1267 1695 1314 τινος
1721 1249 2027 1321 φιλήματος

440 1340 739 1412 ἀξιωθῆναι
773 1340 861 1393 διὰ
893 1341 992 1410 τῆς
1029 1340 1123 1393 τοῦ
1164 1340 1334 1409 Λόγου
1373 1340 1711 1411 ὲλλάμψεως.
1755 1340 1905 1412 Αὕτη
1957 1342 2028 1395 δι’

440 1424 517 1485 ὧν
550 1431 707 1502 ἔτυχε
728 1471 743 1494 ,
775 1430 869 1484 και
903 1429 997 1483 ἐπὶ
1032 1430 1092 1483 τὸ
1122 1429 1396 1500 ἐνδότερον
1437 1429 1547 1482 τῶν
1590 1430 1921 1501 ἀπορρήτων
1949 1428 2027 1499 τῷ

445 1520 691 1592 λογισμῷ
723 1521 1020 1584 διαδυεῖσα,
1057 1519 1157 1589 βοᾷ
1192 1519 1267 1590 μὴ
1304 1520 1462 1589 μόνον
1499 1520 1559 1573 ὲν
1591 1517 1887 1590 προθύροις
1919 1517 2027 1571 τῶν

447 1614 667 1679 ἀγαθῶν
692 1610 831 1667 εἶναι
857 1612 948 1666 τὸν
975 1612 1195 1684 δρόμον,
1231 1610 1369 1665 ἀλλά
1390 1615 1456 1683 τῇ
1484 1612 1706 1682 ἀπαρχῇ
1738 1611 1831 1664 τοῦ
1860 1610 2028 1664 Πνεύ-

450 1722 639 1775 ματος,
673 1696 736 1757 οῦ
767 1704 856 1757 διὰ
883 1705 984 1775 τῆς
1014 1705 1256 1776 χάριτος,
1289 1700 1400 1758 οἷον
1429 1704 1518 1757 διά
1548 1721 1693 1767 τινος
1726 1703 2029 1775 φιλήματος

448 1797 655 1868 ἠξιώθη
707 1796 988 1868 διερευνᾷν
1030 1795 1124 1850 τοῦ
1174 1794 1309 1849 Θεοῦ
1346 1795 1413 1848 τὰ
1467 1794 1607 1865 βάθη
1634 1834 1648 1857 ,
1692 1796 1784 1849 καὶ
1830 1798 1887 1847 ὲν
1919 1798 2028 1859 τοῖς

447 1888 657 1951 ἀδύτοις
705 1888 799 1940 τοῦ
852 1888 1203 1958 παραδείσου,
1247 1887 1390 1940 κατὰ
1438 1886 1530 1939 τὸν
1579 1886 1754 1957 μέγαν
1795 1885 2025 1949 Παῦλον,

2129 724 2191 763 se
2218 712 2539 764 extendunt.
2604 710 2731 764 Post
2779 720 2826 764 te
2858 714 3020 777 enim,
3070 714 3269 782 inquit,
3322 733 3589 772 curremus
3644 722 3699 773 in

2132 800 2343 854 odorem
2383 812 2765 871 unguentorum
2800 808 3067 859 tuorum'.
3097 804 3200 861 Sed
3227 822 3305 861 eae
3324 809 3543 877 quidem
3574 827 3697 881 quae

2126 892 2345 947 virtutis
2381 892 2623 947 nondum
2665 894 2867 948 habent
2898 895 3307 964 perfectionem,
3355 908 3408 954 et
3437 909 3565 955 sunt
3596 902 3722 955 ad-o

2130 983 2237 1035 huc
2270 992 2431 1040 aetate
2464 985 2716 1053 juvenes,
2754 988 3079 1055 proﬁtentur
3108 1005 3168 1044 se
3196 1007 3319 1046 esse
3346 1008 3607 1049 cursuras
3630 995 3698 1048 ad

2128 1089 2355 1144 scepum
2413 1092 2574 1147 quem
2631 1078 2711 1134 eis
2771 1081 3009 1135 ostendit
3063 1082 3199 1136 odor
3273 1094 3695 1154 unguentorum.

2128 1164 2323 1219 Dicunt
2340 1168 2484 1222 enim
2512 1188 2525 1223 :
2556 1168 2843 1224 Curremus
2869 1173 2924 1224 in
2946 1171 3154 1227 odorem
3169 1186 3550 1243 unguentorum
3573 1189 3685 1232 tuo-

2132 1274 2272 1313 rum.
2305 1257 2603 1315 Perfectior
2654 1269 2837 1317 autem
2880 1262 3065 1317 anima
3104 1264 3482 1323 vehementius
3520 1268 3591 1321 ad
3633 1284 3697 1324 ea

2137 1366 2258 1419 quae
2283 1360 2412 1404 sunt
2458 1360 2584 1407 ante
2634 1361 2884 1419 extensa,
2917 1354 3029 1423 jam
3084 1370 3309 1425 scopum
3361 1359 3698 1428 assequitur,

2129 1450 2351 1510 propter
2384 1458 2545 1512 quem
2596 1458 2792 1498 cursus
2823 1446 3124 1513 perﬁcitur,
3164 1456 3218 1501 et
3246 1446 3411 1517 digna
3448 1458 3701 1504 censetur

2130 1534 2403 1587 thesauris
2453 1538 2544 1603 qui
2592 1544 2722 1590 sunt
2776 1536 2829 1589 in
2866 1538 3261 1607 penetralibus.
3320 1539 3460 1595 Dicit
3506 1540 3695 1595 enim:

2128 1623 2440 1678 Introduxit
2476 1643 2557 1681 me
2597 1642 2688 1681 rex
2717 1629 2772 1681 in
2802 1646 2900 1683 sua
2932 1631 3245 1698 penetralia.
3285 1629 3419 1684 Nam
3462 1632 3551 1684 illa
3582 1633 3701 1701 qui—

2128 1713 2248 1769 dem
2285 1730 2411 1791 cum.
2446 1718 2677 1772 sununis
2708 1719 2877 1773 labris
2906 1718 3107 1773 bonmn
3142 1729 3364 1789 tangere
3386 1718 3701 1775 desideras-

2129 1813 2234 1870 set,
2266 1816 2320 1861 et
2360 1809 2826 1877 pulchritudinem
2875 1811 3221 1865 solummodo
3250 1819 3457 1864 tantum
3486 1811 3701 1878 attigis-

2131 1905 2235 1960 set,
2262 1908 2526 1967 quantum
2560 1901 2768 1955 indicat
2800 1902 2881 1956 vis
2917 1902 3166 1971 optandi,
3213 1903 3360 1957 votis
3391 1904 3545 1972 petiit
3566 1919 3702 1973 quo-

447 1982 577 2051 ὀρᾷν
598 1980 658 2033 τὲ
688 1997 821 2051 φησι
840 1979 910 2033 τά
938 1979 1165 2045 ἀθέατα,
1194 1980 1289 2032 καὶ
1306 1978 1416 2032 τῶν
1434 1977 1718 2050 ἀλαλήτων
1746 1979 2018 2050 ἐπακροᾶ-

2133 1982 2244 2037 iam
2305 1987 2470 2041 veluti
2504 1990 2696 2043 osculo
2741 1989 2906 2059 digna
2956 1990 3173 2044 censeri
3216 2006 3311 2062 per
3361 1989 3523 2045 Verbi
3577 1966 3701 2045 illu-

449 2073 571 2128 σθαι
613 2073 893 2144 ῥημάτων.

2122 2076 2498 2132 minationem.
2528 2079 2649 2134 llaec
2676 2091 2857 2135 autem
2909 2091 3185 2146 assecuta,
3244 2090 3299 2137 et
3329 2084 3396 2138 ad
3459 2084 3695 2139 interius

446 2180 705 2220 arcanum
735 2164 1063 2237 cogitatione
1088 2165 1571 2236 ingressa,clamat
1595 2180 1705 2220 non
1762 2165 1937 2221 solum
1960 2181 2084 2223 esse
2121 2184 2344 2224 cursum
2396 2172 2448 2225 in
2502 2174 2788 2229 vestibulis
2846 2178 3135 2239 bonormn,
3194 2175 3289 2230 sed
3332 2176 3387 2229 in
3440 2175 3703 2245 primitiis

446 2266 707 2337 Spiritus,
734 2278 832 2331 per
882 2262 1043 2331 cujus
1080 2262 1337 2333 gratiam,
1375 2261 1543 2317 veluti
1603 2277 1700 2333 per
1752 2262 2025 2333 quoddam
2080 2266 2350 2330 osculum,
2402 2267 2563 2337 digna
2634 2269 2819 2323 habita
2874 2278 2959 2323 est
3006 2284 3125 2339 quae
3172 2278 3507 2323 scrutaretur
3576 2283 3703 2337 pro-

451 2356 617 2414 funda
672 2359 791 2423 Dei,
840 2366 897 2415 et
941 2375 1065 2415 cum
1099 2371 1244 2416 esset
1312 2360 1369 2415 in
1429 2359 1608 2430 adytis
1658 2358 1919 2429 paradisi,
1968 2369 2031 2412 ut
2106 2374 2337 2431 magnus
2405 2362 2539 2417 dicit
2595 2361 2817 2427 Paulus,
2890 2362 3094 2417 videret
3146 2378 3268 2432 qua:
3328 2364 3432 2417 sub
3482 2364 3701 2417 oculmn

449 2469 560 2511 non
624 2454 848 2521 cadunt,
928 2464 983 2510 et
1031 2455 1247 2511 audiret
1309 2456 1476 2511 verba
1534 2470 1657 2525 quat
1712 2469 1823 2508 non
1890 2454 2018 2509 licet
2055 2453 2257 2525 eloqui.

529 2548 593 2601 'H
633 2548 691 2601 δὲ
726 2548 923 2620 ἑφεξῆς
975 2550 1131 2621 ῥῆσις
1163 2551 1262 2620 τὴν
1311 2549 1769 2622 ὲκκλησιαστικὴν
1813 2552 2023 2603 οἰκονο-

450 2638 580 2708 μίαν
608 2638 941 2693 ὲκκαλύπτει
973 2639 1051 2710 τῷ
1080 2640 1241 2710 λόγῳ.
1274 2642 1336 2693 Οἱ
1372 2640 1479 2711 γάρ
1510 2638 1716 2710 πρῶτοι
1754 2638 2025 2709 μαθητευ-

447 2734 631 2795 οὲντες
652 2735 719 2803 τῇ
747 2733 949 2805 χάριτι,
977 2735 1070 2787 καὶ
1097 2734 1363 2787 αὐτόπται
1383 2734 1478 2787 καὶ
1505 2734 1773 2804 ὑπηρέται
1798 2734 2025 2803 γενόμε-

446 2842 548 2887 νοι,
577 2825 677 2877 ούκ
706 2827 763 2878 ἐν
791 2826 1001 2889 ἑαυτοῖς
1032 2826 1092 2878 τὸ
1121 2827 1322 2895 ἀγαθὸν
1355 2826 1691 2897 περιώρισαν
1710 2868 1725 2887 ,
1767 2825 1903 2878 ἀλλά
1931 2828 2024 2879 καὶ

446 2918 560 2979 τοῖς
591 2916 707 2987 μετ’
736 2916 978 2980 ἐκείνους
1008 2919 1072 2970 ὲκ
1107 2915 1395 2981 διαδόσεως
1415 2917 1511 2988 τὴν
1553 2918 1723 2987 αὐτὴν
1762 2917 2022 2987 ἐποίησαν

448 3009 629 3079 χάριν.
658 3008 757 3060 Διά
776 3006 933 3060 τοῦτο
963 3008 1098 3079 πρὸς
1123 3007 1221 3079 τὴν
1251 3007 1470 3079 νύμφην
1494 3009 1656 3079 φασὶν
1683 3009 1737 3061 at
1760 3008 2019 3073 νεάνιδες,

449 3100 548 3169 τὴν
579 3098 823 3171 πρώτην,
844 3100 932 3153 διά
957 3099 1051 3153 τοῦ
1084 3101 1225 3154 κατὰ
1251 3102 1425 3172 στόμα
1449 3102 1699 3171 γενέσθαι
1716 3100 1808 3155 τοῦ
1826 3102 2019 3170 Λόγου,

451 3192 562 3245 τῶν
606 3191 827 3260 ἀγαθῶν
871 3192 1286 3265 πληρωθεῖσαν,
1337 3195 1433 3248 καὶ
1478 3194 1585 3247 τῶν
1629 3195 2025 3266 κεκρυμμένων

456 3284 771 3356 μυστηρίων
816 3285 1175 3351 ἀξιωθεῖσαν,
1213 3287 1296 3340 ὅτι
1362 3286 1883 3355 Ἀγαλλιασὼμεθα
1928 3287 2027 3340 καί

450 3376 878 3445 εὐφρανθῶμεν
898 3377 967 3430 ἐν
987 3377 1107 3430 σοι.
1142 3376 1308 3448 Κοινὴ
1330 3378 1437 3447 γὰρ
1467 3376 1623 3447 ἡμῶν
1652 3378 1765 3429 ἐστι
1794 3376 1941 3448 χαρά
1967 3377 2029 3431 τὸ

455 3469 549 3521 σὺν
587 3467 936 3539 ἀγαλλίαμα,
969 3471 1052 3523 δτι
1084 3468 1160 3532 ὼς
1202 3470 1265 3522 σὺ
1301 3469 1397 3522 καὶ
1432 3469 1653 3540 ἀγαπᾷς
1703 3470 1840 3540 ὑπὲρ
1889 3467 2029 3523 οῐνον

453 3561 578 3622 τοὺς
620 3560 824 3629 μαζοὺς
860 3560 954 3614 τοῦ
984 3562 1181 3630 Λόγου,
1211 3560 1352 3614 οὕτω
1397 3561 1491 3614 καὶ
1536 3563 1695 3631 ἡμεῖς
1728 3562 1809 3615 σε.
1844 3563 2030 3634 Μιμη-

456 3649 679 3721 σώμεθα
711 3652 837 3715 σοὺς
872 3652 1097 3721 μαζοὺς,
1123 3650 1189 3704 δι’
1219 3645 1293 3705 ὧν
1322 3653 1447 3715 τοὺς
1472 3652 1695 3721 νηπίους
1722 3654 1780 3705 ὲν
1810 3651 2030 3724 Χριστῷ

455 3743 595 3811 γάλα
647 3743 904 3808 ποτίζεις.
966 3744 1139 3816 ’Υπὲρ
1179 3745 1272 3798 τὸν
1321 3743 1607 3815 ἄνθρωπον
1654 3746 2031 3816 ἀγαπήσωμεν

456 3831 615 3889 οἶνον.
653 3838 762 3890 Καὶ
795 3836 872 3900 ὼς
910 3838 975 3891 ἀν
1011 3854 1095 3900 τις
1132 3838 1225 3890 ἐπὶ
1261 3837 1323 3891 τὸ
1356 3836 1690 3907 σαφέστερον
1726 3840 2030 3908 προαγάγοι

458 3928 518 3981 τὸ
568 3928 774 3999 νόημα,
827 3928 1066 3982 τοιοῦτόν
1105 3931 1220 3982 ἐστι
1268 3929 1330 3983 τὸ
1378 3930 1700 4001 λεγόμενον⁵
1750 3932 2031 4001 Ἥγάπησε

458 4020 584 4082 τοὺς
616 4019 821 4089 μαζοὺς
854 4019 947 4073 τοῦ
977 4020 1175 4088 Λόγου,
1205 4021 1234 4073 ὁ
1266 4021 1358 4074 ἐπὶ
1386 4022 1447 4073 τὸ
1473 4022 1665 4091 στῆθος
1698 4022 1792 4076 τοῦ
1828 4024 2030 4094 Κυρίου

459 4108 747 4164 ἀναπεσὼν
784 4110 1057 4180 Ἰωάννης,
1088 4112 1183 4164 καὶ
1205 4106 1316 4164 οἷόν
1340 4128 1461 4164 τινα
1488 4115 1756 4181 σπογγιάν
1779 4116 1877 4184 τὴν
1902 4116 2031 4166 ἐαυ--

462 4201 553 4255 τοῦ
593 4201 821 4273 καρδίαν
856 4204 1121 4272 παραθεὶς
1152 4206 1219 4273 τῇ
1251 4206 1403 4273 πηγῇ
1439 4204 1539 4273 τῆς
1572 4203 1737 4274 ζωῆς,
1770 4205 1865 4258 καὶ
1896 4206 2033 4277 πλή-

463 4312 563 4365 ρης
588 4294 651 4348 Ex
683 4312 827 4358 τινος
858 4296 1096 4367 ἀρρήτου
1133 4296 1423 4360 διαδόσεως
1452 4296 1562 4350 τῶν
1582 4296 1921 4367 ἐγκειμένων
1936 4300 2033 4370 τῇ·

462 4385 554 4437 τοῦ
587 4385 821 4457 Χριστοῦ
862 4386 1173 4456 μυστηρίων
1207 4388 1529 4458 γενόμενος,
1565 4389 1658 4440 καὶ
1690 4388 1820 4456 ἡμῖν
1850 4386 2032 4457 ἐπέχει

2202 2551 2334 2617 Quae
2362 2560 2542 2608 autem
2575 2553 2838 2623 deinceps
2867 2554 3117 2624 sequitur
3144 2553 3335 2619 dictio,
3365 2552 3703 2607 ecclesiasti-

2129 2656 2246 2695 cam
2275 2645 2638 2697 mconomiam
2703 2644 2883 2699 verbis
2907 2645 3103 2715 aperit.
3156 2642 3289 2697 Nam
3321 2645 3412 2713 qui
3466 2646 3700 2713 primum

2130 2735 2351 2787 fuerunt
2379 2737 2553 2805 gratia
2579 2737 2804 2799 eruditi,
2857 2746 2912 2791 et
2950 2738 3042 2807 qui
3070 2738 3305 2793 Verbum
3347 2737 3581 2806 primum
3620 2737 3702 2789 vi-

2130 2827 2353 2889 derunt,
2398 2829 2526 2884 etei
2564 2830 2973 2893 ministrarunt,
3007 2844 3116 2883 non
3161 2828 3215 2882 in
3264 2829 3462 2897 seipsis
3497 2829 3702 2883 bonum

2129 2922 2711 2992 circumscripserunt,
2772 2923 2866 2979 sed
2907 2924 3072 2977 etiam
3146 2922 3384 2992 posteris
3455 2920 3703 2976 eamdem

2130 3021 2461 3083 paraverunt
2490 3014 2719 3083 gratiam
2745 3013 2785 3069 '.
2816 3011 3110 3081 Propterea
3146 3011 3335 3064 dicunt
3374 3011 3695 3064 adolescen-

2129 3105 2255 3159 tula:
2283 3105 2350 3159 ad
2384 3119 2663 3174 sponsam,
2712 3120 2833 3174 qua:
2856 3105 3029 3173 prima
3054 3103 3213 3157 bonis
3239 3102 3341 3156 fuit
3374 3102 3598 3172 repleta,
3643 3110 3698 3155 et

2128 3200 2361 3255 occultis
2409 3201 2688 3271 mysteriis
2732 3199 2837 3254 fuit
2878 3200 3041 3269 digna
3073 3217 3088 3254 :
3120 3207 3409 3268 prepterea
3443 3196 3591 3266 quod
3632 3211 3699 3251 ex

2127 3309 2223 3348 ore
2249 3293 2413 3347 verba
2448 3307 2512 3347 ea
2544 3292 2824 3347 hauserit:
2854 3291 3190 3344 Exsultemus
3223 3299 3272 3343 et
3300 3288 3537 3342 lcetemur
3560 3288 3700 3340 inte.

2130 3386 2450 3439 Communis
2498 3385 2645 3439 enim
2684 3392 2875 3438 nostra
2912 3383 3097 3436 laetitia
3140 3390 3223 3435 est
3261 3389 3351 3433 tua
3387 3379 3701 3444 exsultatio,

2129 3476 2387 3544 quoniam
2429 3475 2572 3528 sicut
2613 3482 2669 3527 tu
2701 3489 2853 3526 amas
2890 3490 3053 3542 supra
3095 3473 3277 3526 vinum
3321 3471 3489 3525 ubera
3516 3470 3703 3535 Verbi,

2131 3565 2204 3619 ita
2238 3580 2338 3619 nos
2360 3581 2578 3635 quoque
2609 3574 2676 3618 te.
2709 3563 2989 3618 Imitemur
3018 3563 3185 3617 ubera
3222 3570 3313 3615 tua
3358 3577 3457 3631 per
3501 3576 3623 3629 qua:
3648 3570 3704 3613 tu

2130 3657 2269 3711 lacte
2310 3665 2465 3726 potas
2488 3671 2583 3710 eos
2616 3654 2708 3725 qui
2732 3665 2859 3708 sunt
2904 3654 3144 3707 infantes
3166 3652 3219 3706 in
3245 3652 3491 3706 Christo.
3526 3648 3706 3718 Supra

2131 3747 2405 3801 hominem
2442 3762 2689 3801 amemus
2721 3746 2934 3798 vinum.
2970 3746 3035 3798 Et
3074 3752 3132 3797 ut
3158 3758 3356 3798 sensus
3388 3744 3477 3795 liat
3511 3740 3709 3794 diluci-

2134 3836 2275 3900 dior,
2313 3838 2421 3891 tale
2464 3847 2548 3892 est
2582 3836 2634 3891 id
2660 3836 2807 3906 quod
2831 3835 3033 3889 dicitur
3063 3854 3077 3889 :
3111 3833 3273 3889 Verbi
3308 3834 3510 3886 amavit
3537 3832 3705 3885 ubera

2133 3930 2225 3998 qui
2257 3945 2419 3999 supra
2444 3937 2639 3999 pectus
2672 3927 2884 3982 Domini
2918 3928 2971 3981 in
3002 3932 3158 3982 Carna
3190 3926 3465 3990 recubuit,
3505 3934 3561 3980 et
3603 3925 3710 3979 vel-

2133 4024 2213 4075 uti
2255 4022 2545 4091 quamdam
2594 4023 2877 4091 spongiam
2923 4035 3018 4075 cor
3069 4035 3229 4074 suum
3276 4020 3532 4089 apposuit
3572 4016 3709 4072 fonti

2134 4117 2276 4177 vitae,
2314 4123 2368 4169 et
2411 4130 2478 4168 ex
2528 4112 2787 4167 inell'ahili
2844 4112 3078 4182 quadam
3124 4111 3425 4166 traditione
3466 4111 3707 4180 repletus

2133 4206 2335 4261 Christi
2359 4206 2655 4276 mysteriis,
2702 4204 2861 4258 nobis
2900 4220 3118 4275 quoque
3152 4204 3371 4259 exhibet
3409 4204 3707 4257 mamillam

2138 4298 2367 4352 aVerho
2400 4297 2699 4366 impletam,
2745 4312 2959 4366 nosque
3006 4296 3195 4366 implet
3239 4296 3399 4351 bonis
3441 4311 3559 4365 qua:
3604 4295 3650 4347 ei
3678 4309 3708 4346 a

2138 4390 2286 4445 fonte
2329 4398 2458 4445 sunt
2524 4388 2715 4452 indita,
2777 4404 2970 4458 magna
3021 4403 3155 4442 voce
3214 4386 3519 4456 priedicans
3567 4386 3708 4454 quod

462 4481 561 4549 τὴν
594 4478 971 4549 πληρωθεῖσαν
1001 4480 1104 4533 ύπό
1130 4479 1225 4532 τοῦ
1253 4480 1425 4547 Λόγου
1460 4478 1649 4550 θηλὴν,
1679 4479 1774 4531 καὶ
1812 4479 2030 4551 πλήρεις

2143 4499 2361 4553 semper
2386 4490 2473 4535 est
2503 4482 2762 4538 Verbum.
2798 4479 2952 4534 Unde
2995 4495 3094 4534 nos
3140 4494 3359 4550 quoque
3408 4481 3600 4533 merito
3632 4479 3708 4531 illi

464 4575 606 4626 ποιεῖ
632 4572 743 4625 τῶν
770 4572 1093 4625 ὲντεθέντων
1112 4572 1261 4641 αὐτῷ
1290 4572 1439 4639 παρά
1463 4572 1563 4641 τῆς
1584 4571 1767 4642 πηγῆς
1788 4571 2035 4639 ἀγαθῶν,

462 4664 753 4735 κηρύσσων
781 4665 837 4717 ὲν
881 4664 1260 4735 μεγαλοφωνίᾳ
1288 4663 1376 4717 τὸν
1410 4665 1495 4716 ἀεὶ
1527 4663 1656 4717 ὄντα
1686 4664 1878 4731 Λόγον·
1916 4664 2038 4717 ὅθεν

462 4756 688 4819 εἰκότως
728 4757 823 4809 καὶ
868 4758 1028 4827 ἡμεῖς
1061 4757 1198 4826 πρὸς
1229 4756 1389 4809 αὑτὸν
1427 4756 1660 4829 ἐροῦμεν
1684 4796 1698 4819 ,
1729 4758 1809 4809 ὅτι
1865 4758 2035 4825 Ἀγα-

463 4848 752 4917 πήσωμεν
767 4848 1043 4917 μασθούς
1063 4863 1180 4902 σου
1199 4847 1351 4916 ὑπὲρ
1378 4844 1563 4902 οἶνον.
1587 4848 1758 4917 Εἴπερ
1781 4848 1845 4918 δὴ
1873 4847 2041 4900 τοιοῦ-

463 4956 545 4993 τοι
601 4941 940 5010 γεγόναμεν,
987 4940 1063 5003 ὡς
1099 4941 1336 5004 νεάνιδες
1383 4937 1544 5006 εἶναι,
1592 4942 1686 4994 καὶ
1737 4943 1874 5014 μήτε
1919 4944 2039 5003 ταῖς

464 5035 627 5104 φρεσὶ
657 5033 944 5103 νηπιάξειν
974 5034 1078 5086 ὑπὸ
1104 5035 1203 5105 τῆς
1228 5036 1295 5105 τῇ
1332 5034 1650 5104 ματαιότητι
1681 5035 2039 5105 συνεζευγμέ-

464 5144 562 5195 νης
594 5125 864 5197 νεότητος,
902 5127 1038 5197 μήτε
1068 5126 1408 5197 ρυτιδοῦσθαι
1434 5126 1500 5179 δι’
1531 5127 1803 5198 ἁμαρτίας
1832 5130 1889 5180 ὲν
1933 5144 2037 5178 πα-

465 5216 709 5287 λαιότητι
742 5219 810 5289 τῇ
843 5219 922 5281 είς
960 5218 1267 5288 ἀφανισμὸν
1305 5219 1687 5291 καταληγούσῃ
1708 5237 1721 5250 ο
1762 5219 1851 5271 διὰ
1882 5218 2041 5272 τοῦτο

464 5309 523 5363 δὲ
562 5311 866 5380 ἀγαπῶμεν
912 5311 1012 5381 τὴν
1063 5310 1174 5363 τῶν
1222 5312 1331 5364 σῶν
1374 5312 1720 5383 διδαγμάτων
1755 5312 2038 5383 ὲπιρῤοὴν,

466 5402 549 5455 ὅτι
588 5402 665 5454 Σὲ
693 5403 731 5469 ἠ
770 5403 1024 5469 εὐθύτης
1052 5402 1389 5473 ἠγάπησεν·
1420 5397 1575 5467 οὗτος
1603 5405 1711 5476 γάρ
1739 5407 1767 5458 ὁ
1793 5404 2041 5475 μαθητὴς

465 5492 527 5545 ὃν
571 5493 763 5563 ἠγάπα
797 5495 826 5547 ὁ
884 5493 1125 5563 Ἰησοῦς·
1172 5494 1379 5567 Ἰησοῦς
1421 5496 1477 5548 δέ
1512 5498 1657 5549 ἐστιν
1709 5499 1743 5566 ὴ
1790 5495 2039 5566 εὐθύτης.

469 5584 701 5638 Κάλλιον
728 5585 785 5639 δὲ
816 5586 908 5639 καὶ
946 5586 1408 5658 θεοπρεπέστερον
1445 5590 1474 5641 ὁ
1511 5588 1667 5657 λόγος
1702 5583 1856 5651 οὗτος
1893 5588 2042 5658 παρά

466 5676 559 5729 τὸν
604 5680 889 5749 προφήτην
936 5677 1100 5730 Δαϐὶδ
1136 5678 1388 5749 ὀνομάζει
1429 5680 1519 5733 τὸν
1557 5680 1781 5751 Κύριον.
1834 5681 1892 5732 Ὀ
1948 5680 2043 5750 μὲν

470 5764 579 5835 γάρ
608 5783 793 5838 φησιν,
829 5767 912 5820 ὃτι
950 5768 1146 5833 Εὐθὺς
1174 5772 1386 5835 Κύριος
1424 5774 1455 5823 ό
1487 5772 1657 5835 Θεός·
1690 5765 1840 5835 οὗτος
1869 5771 1923 5823 δὲ
1956 5773 2043 5825 εύ-

544 5943 726 5998 ‘Phil.
765 5961 848 6011 ιιι,
880 5947 965 6000 15.
1045 5948 1124 6003 ³11
1162 5950 1287 6005 Cor.
1325 5966 1420 6016 xu,
1465 5952 1484 6003 l
1530 5966 1649 6021 sqq.

1762 5950 1959 6007 ‘Joan.
1998 5970 2109 6019 xxi,
2136 5954 2189 6008 7.

2139 4576 2420 4629 dicemus:
2461 4570 2759 4640 Diligamus
2810 4571 2973 4623 ubera
3053 4581 3144 4623 tua
3205 4585 3367 4637 supra
3420 4570 3619 4623 vinum.
3653 4567 3709 4623 Si

2140 4670 2322 4737 itaque
2357 4681 2547 4720 sumus
2596 4663 2889 4731 ejusmodi,
2934 4673 2992 4717 ut
3048 4663 3222 4718 simus
3272 4662 3708 4724 adulescentula.

2138 4771 2192 4817 et
2220 4776 2396 4830 neque
2456 4768 2637 4812 mente
2676 4757 2852 4811 simus
2897 4755 3134 4809 infantes
3193 4755 3262 4807 ob
3298 4755 3525 4808 vanitati
3576 4770 3710 4809 con-

2134 4854 2380 4923 junctam
2402 4852 2768 4920 juventutem,
2811 4863 2985 4917 neque
3013 4846 3164 4917 rugis
3193 4845 3563 4900 deformemur
3595 4863 3711 4917 pro-

2140 4956 2259 5016 pter
2292 4951 2599 5013 peccatum,
2633 4940 2776 5011 quod
2804 4941 2857 4993 in
2901 4947 3175 5019 vetustate
3206 4939 3405 4992 desinit
3438 4939 3490 4991 in
3524 4940 3711 4993 interi-

2140 5044 2288 5099 tum;
2324 5041 2613 5104 propterea
2643 5041 2826 5085 autem
2861 5030 3139 5099 diligimus
3171 5040 3389 5083 tuorum
3411 5027 3712 5083 documen-

2140 5136 2320 5181 torum
2350 5125 2638 5187 inlluxum,
2693 5123 2835 5190 Quia
2862 5131 2909 5176 te
2933 5122 3125 5176 diiexit
3173 5122 3453 5177 rectitudo.
3496 5121 3595 5177 llic
3627 5131 3712 5178 est

2142 5220 2287 5275 enim
2323 5217 2646 5287 discipulus,
2679 5231 2840 5286 quem
2879 5213 3138 5285 diligebat
3166 5212 3391 5269 Jesus‘:
3417 5213 3577 5269 Jesus
3622 5229 3713 5269 au-

2142 5320 2250 5366 tem
2282 5318 2365 5365 est
2396 5308 2688 5363 rectitudo.
2721 5306 3016 5360 Pulchrius
3057 5315 3239 5361 autem
3276 5314 3330 5359 ct
3362 5304 3473 5360 Deo
3511 5321 3713 5361 conve-

2145 5404 2383 5458 nientius
2410 5403 2496 5455 hic
2533 5402 2669 5455 liber
2717 5400 2962 5455 nominat
3023 5398 3311 5453 Dominum
3369 5413 3533 5468 quam
3580 5415 3707 5469 pro-

2145 5497 2305 5567 pheta
2342 5494 2532 5548 David.
2565 5492 2732 5547 David
2770 5493 2915 5546 enim
2968 5491 3099 5545 dicit
3130 5509 3141 5543 :
3173 5488 3360 5543 Rectus
3398 5499 3475 5543 est
3531 5490 3743 5567 bonne,

2146 5566 2243 5643 nus
2266 5589 2307 5641 ⁸.
2345 5587 2443 5641 Hic
2476 5593 2658 5641 autem
2674 5601 2797 5639 eum
2828 5581 3410 5643 vocatrectitudinem,
3430 5598 3538 5653 quo
3560 5586 3693 5653 quid

2146 5682 2276 5752 quid
2311 5691 2397 5736 est
2435 5680 2715 5748 obliquum
2742 5677 3034 5745 corrigitur
3063 5684 3117 5729 et
3144 5674 3434 5729 deducitur
3459 5677 3524 5731 ad
3560 5677 3692 5730 recti

2148 5773 2413 5829 tudinem.
2440 5770 2544 5827 Sed
2571 5778 2623 5829 in
2654 5771 2811 5826 nobis
2838 5782 3051 5838 quoque
3087 5768 3199 5835 liat,
3240 5776 3299 5823 ut
3326 5767 3591 5840 quidquid
3628 5777 3715 5827 est

2291 5935 2618 6017 'Psaldxcu,
2666 5954 2748 6007 16.
