4110 6512
451 525 549 580 τ87

1678 521 1734 574 S.
1773 518 2097 575 GREGOBII
2135 518 2420 575 NYSSENI

3577 511 3679 567 788

453 639 734 712 nhliqunm
765 641 962 696 evadat
994 650 1224 707 rectum,
1254 649 1305 698 et
1333 657 1524 712 aspera
1565 642 1906 697 deducantur
1939 640 2006 694 ad

2138 643 2314 710 ηὐτητα
2349 641 2624 715 ὀνομάζει.
2743 641 2852 694 πᾶν
2896 637 2955 692 τὺ
2995 637 3206 691 σκολιὸν
3245 635 3380 706 πρὸς
3427 632 3488 687 τὸ
3520 633 3681 704 ὀρθὸν

455 730 568 790 yias
597 730 808 798 planas.
838 729 1022 786 Gratia
1040 732 1435 788 Domininostri
1474 729 1603 786 Jesu
1653 731 1878 795 Christi,
1922 732 2009 787 cui

456 818 627 887 gloria
665 819 720 872 in
745 822 945 876 saecula
986 821 1330 876 saeculorum.
1377 821 1562 877 Amen.

1043 1087 1325 1144 HOMILIA
1365 1089 1426 1143 ll.

527 1178 656 1234 CAP.
681 1197 718 1242 ι,
742 1181 796 1248 ᾗ.
831 1181 883 1234 4.
931 1179 1102 1250 Nigra
1121 1197 1237 1233 sum
1265 1190 1313 1234 et
1343 1181 1595 1250 formosa,
1616 1181 1743 1250 ﬁlia:
1762 1183 2016 1238 Hierusa-

462 1271 583 1335 lem,
612 1273 746 1326 sicut
779 1271 1116 1328 tabernacula
1137 1271 1328 1338 Cedar,
1346 1274 1481 1326 sicut
1506 1274 1665 1341 pelles
1690 1255 2012 1330 Salomonis.

462 1360 514 1418 ὕ.
543 1361 623 1415 Ne
642 1379 720 1416 me
747 1363 1033 1430 aspiciatis,
1052 1364 1177 1432 quia
1207 1379 1322 1416 sum
1351 1362 1647 1433 denigrata,
1673 1366 1918 1436 quoniam
1935 1366 2018 1420 sol

463 1469 542 1506 me
583 1454 804 1522 aspexit.
858 1451 989 1506 Filii
1028 1455 1214 1507 matris
1270 1469 1396 1508 mea
1432 1465 1789 1522 pugnaverunt
1819 1457 1872 1508 in
1907 1471 2018 1517 me;

462 1555 735 1610 posuerunt
777 1562 855 1599 me
881 1545 1143 1599 custodem
1185 1547 1236 1598 in
1270 1546 1448 1605 vineis,
1483 1547 1687 1599 vineam
1718 1564 1884 1600 meam
1918 1565 2020 1602 non

463 1635 735 1691 custodivi.
763 1636 814 1690 6.
851 1636 1107 1690 Renunlia
1134 1637 1281 1698 mihi,
1305 1654 1452 1708 quem
1476 1637 1649 1706 diligit
1680 1643 1859 1692 anima
1885 1656 2019 1702 mea,

464 1725 551 1784 ubi
578 1742 787 1794 pascas,
830 1728 921 1780 ubi
961 1729 1116 1783 cubes
1145 1730 1197 1781 in
1241 1728 1477 1782 meridie.
1527 1729 1608 1782 Ne
1651 1731 1860 1798 quando
1893 1730 2021 1798 ﬁam

465 1826 712 1887 tanquam
744 1819 937 1873 amicta
963 1821 1015 1872 in
1047 1820 1284 1890 gregibus
1316 1819 1582 1874 sodalium
1617 1829 1844 1874 tuorum.
1879 1819 2023 1874 7.-Si

464 1925 565 1962 non
610 1924 890 1978 cognoscas
937 1911 1187 1977 teipsam,
1223 1927 1252 1965 ο
1287 1910 1505 1979 pulchra
1557 1912 1692 1964 inter
1740 1913 2020 1974 mulieres,

2115 731 2497 807 ἀπευθύνεται.
2541 730 2699 783 Ἀλλά
2731 730 2937 799 γένοιτο
2965 729 3059 784 καὶ
3085 729 3214 799 ἡμῖν
3252 728 3360 780 πᾶν
3382 724 3442 780 τὸ
3470 725 3684 781 σκολιὸν

2115 824 2196 885 εἰς
2235 822 2467 884 εὐθεῖαν,
2503 821 2596 874 καὶ
2629 824 2700 874 τὰ
2733 820 2942 892 τραχέα
2989 821 3068 882 είς
3106 818 3258 882 ὁδοὺς
3293 817 3463 881 λείας,
3501 817 3685 888 χάριτι

2117 912 2212 966 τοῦ
2247 913 2452 984 Κυρίου
2475 911 2632 982 ὴμῶν
2667 910 2838 982 ’ῐησοῦ
2864 909 3123 982 Χριστοῦ,
3144 902 3188 978 ᾧ
3227 911 3261 980 ἡ
3301 906 3427 973 δόξα
3453 909 3533 972 είς
3559 905 3686 972 τούς

2118 1004 2320 1067 αἰῶνας
2345 1002 2454 1056 τῶν
2481 1002 2714 1060 αἰώνων.
2757 1002 2949 1073 Ἀμήν.

2726 1094 2968 1148 υΜῐΛΙΑ
3000 1093 3076 1146 B'.

2191 1185 2460 1241 Μέλαινα
2503 1189 2639 1256 εἶμι
2665 1185 2763 1238 καὶ
2802 1182 2994 1250 καλὴ,
3041 1180 3355 1253 θυγατέρες
3398 1179 3687 1251 Ἰερουσα-

2121 1278 2267 1347 λὴμ,
2297 1279 2396 1344 ’ὡς
2444 1275 2804 1346 σκηνώματα
2850 1273 3080 1342 Κηδὰρ,
3127 1272 3208 1340 ὠς
3240 1270 3466 1341 δέρρεις
3507 1275 3689 1327 Σολο-

2115 1370 2263 1440 μὼν.
2294 1369 2389 1437 Μὴ
2427 1366 2703 1436 βλέψητέ
2743 1384 2852 1436 με,
2908 1365 2998 1420 ὅτι
3033 1364 3146 1435 ἐγώ
3195 1365 3312 1434 εἰμι
3345 1367 3690 1432 μεμελανω-

2117 1460 2306 1532 μένη,
2334 1459 2423 1515 ὅτι
2473 1458 2812 1530 παρέϐλεψέ
2851 1473 2928 1528 με
2970 1460 3004 1512 ό
3057 1455 3246 1523 ἣλιος.
3313 1453 3431 1508 Υἱοὶ
3466 1454 3691 1524 μητρός

2121 1571 2238 1623 μου
2269 1552 2643 1622 ἐμαχέσαντο
2667 1551 2736 1603 ἐν
2762 1549 2893 1618 ἐμοί
2916 1565 2929 1579 ·
2965 1546 3172 1602 ἕθεντό
3195 1563 3272 1616 με
3297 1543 3695 1616 φυλάκισσαν

2123 1647 2192 1699 ἐν
2242 1642 2611 1715 ἁμπελῶσιν,
2665 1639 2988 1712 ἀμπελῶνα
3041 1637 3190 1709 ἐμὸν
3240 1639 3351 1694 οὐκ
3397 1636 3690 1707 ἐφύλαξα.

2139 1735 2523 1806 Ἀπάγγειλόν
2565 1751 2694 1803 μοι,
2743 1733 2817 1786 ὃν
2865 1731 3183 1804 ἠγάπησεν
3221 1730 3258 1802 ἠ
3319 1729 3489 1798 ψυχή
3535 1746 3691 1799 μου,

2127 1827 2244 1881 ποῦ
2288 1826 2656 1896 ποιμαίνεις,
2711 1823 2828 1880 ποῦ
2878 1821 3158 1890 κοιτάζεις
3206 1821 3276 1874 ἐν
3323 1818 3690 1892 μεσημϐρίᾳο

2123 1917 2353 1987 μήποτε
2396 1916 2647 1985 γένωμαι
2694 1915 2774 1980 ὡς
2819 1910 3289 1982 περιϐαλλομένη
3328 1910 3419 1963 ἐπ’
3455 1909 3696 1978 ἀγέλαις

465 1999 708 2068 egredere
737 2009 793 2052 lu
825 2001 878 2054 in
908 2001 1136 2071 vestigiis
1167 2018 1378 2070 gregum
1403 2018 1420 2064 ;
1450 2012 1497 2056 et
1520 2017 1674 2070 pasce
1702 2002 1874 2056 lia'dos
1907 2013 2024 2056 tuos

2138 1979 2375 2076 ἑταίρων
2403 1979 2557 2061 vano:
2609 1979 2763 2058 'Edri
2783 2003 2868 2074 μὴ
2890 1979 3073 2073 Ῠγνῷς
3125 1979 3424 2070 σεαυτὴν,
3457 2001 3494 2067 ἡ
3537 1998 3695 2065 καλὴ

465 2091 520 2145 in
555 2091 904 2146 tabernaculis
929 2103 1218 2158 pastorum.

534 2364 651 2420 Non
685 2375 804 2420 erat
833 2363 1186 2436 pulchritudo
1219 2365 1366 2420 sacri
1412 2362 1746 2420 tabernaculi
1783 2363 2028 2418 testimo-

468 2460 566 2522 nii,
595 2471 716 2528 qum
753 2457 1049 2528 apparebat
1074 2456 1440 2518 extrinsecus,
1467 2471 1566 2526 par
1599 2457 1648 2510 ei
1674 2471 1793 2526 qua:
1817 2456 2030 2517 occulta

466 2557 584 2610 erat
617 2551 786 2605 intus.
808 2550 991 2603 Aulaea
1013 2548 1232 2619 quidem
1253 2554 1411 2602 erant
1439 2563 1504 2602 ex
1540 2549 1702 2604 lineis
1732 2547 2029 2608 textilibus,

467 2651 520 2700 et
552 2656 615 2695 ex
647 2641 770 2711 pilis
802 2655 1090 2710 caprarum
1121 2639 1369 2705 cortinae,
1403 2647 1459 2694 et
1489 2655 1556 2694 ex
1591 2639 1769 2693 rubris
1800 2638 2031 2709 pellibus

467 2732 708 2793 ambitus
739 2730 1035 2801 implebant
1062 2738 1346 2786 externum
1385 2741 1637 2784 ornatum
1667 2729 2026 2785 tabernaculi.

468 2826 657 2895 Mque
684 2823 979 2894 quidquam
1009 2839 1266 2896 magnum
1292 2833 1346 2880 et
1372 2825 1671 2895 pretiosum
1701 2833 1896 2893 praeter
1918 2823 2032 2877 bare

469 2911 766 2980 apparebat
824 2911 891 2974 iis
919 2911 1011 2981 qui
1043 2913 1302 2969 videbant
1339 2911 1702 2967 extrinsecus.
1747 2912 1900 2966 Intus
1935 2927 2032 2965 au-

468 3012 576 3057 tem
604 3018 738 3056 auro
767 3011 820 3058 et
851 3012 1098 3072 argento,
1128 3013 1184 3059 et
1211 3003 1482 3073 lapidibus
1510 3003 1764 3072 pretiosis
1790 3003 2035 3072 resplen-

363 3137 372 3146 .
469 3097 630 3162 debat
673 3104 845 3150 totum
894 3096 1193 3152 testimonii
1232 3096 1688 3150 tabernaculum:
1741 3095 2032 3158 columnae,

473 3191 655 3254 bases,
688 3188 960 3258 capitella,
983 3187 1346 3250 thuribulum,
1382 3188 1744 3250 altare,arca.
1782 3185 2036 3241 candela-

2131 2101 2199 2152 ἐν
2236 2098 2530 2169 γυναιξίν,
2560 2097 2769 2161 ἔξελθε
2800 2095 2870 2148 ἐν
2911 2094 3188 2162 πτέρναις
3227 2091 3346 2146 τῶν
3386 2091 3695 2160 ποιμνίων.

2132 2189 2230 2243 καί
2267 2190 2542 2258 ποίμαινε
2582 2186 2725 2250 τοὺς
2764 2185 3008 2255 ἐρίφους
3049 2184 3147 2237 ἐπὶ
3191 2183 3540 2251 σκηνώμασι
3583 2176 3698 2234 τῶν

2131 2281 2440 2350 ποιμνίων.
3559 2325 3565 2333 .

2202 2372 2312 2442 Τὴς
2339 2372 2488 2442 ἱερᾶς
2520 2368 2614 2423 τοῦ
2643 2368 2938 2442 μαρτυρίου
2979 2367 3182 2437 σκηνῆς
3219 2366 3318 2437 οὐχ
3341 2365 3600 2436 ὁμότιμον
3629 2359 3698 2434 ἦν

2129 2465 2208 2536 τῷ
2240 2463 2450 2517 ἔνδοθεν
2488 2461 2854 2534 κεκρυμμένῳ
2899 2461 3082 2514 κάλλει
3116 2461 3177 2513 τὸ
3210 2459 3368 2522 ἐκτὸς
3404 2457 3698 2536 προφαινό-

2137 2533 2314 2626 μενον.
2348 2557 2553 2608 Αὐλαία
2582 2533 2678 2627 μὲν
2704 2556 2812 2626 γάρ
2840 2557 2904 2608 ὲκ
2931 2554 3091 2606 λινῶν
3121 2533 3472 2621 ὑφασμάτων,
3513 2549 3604 2601 καὶ
3636 2549 3692 2599 αἱ

2104 2684 2108 2690 -
2132 2648 2219 2702 διὰ
2245 2648 2353 2702 τῶν
2383 2648 2578 2719 τριχῶν
2605 2647 2711 2701 τῶν
2744 2647 2914 2716 αἰγῶν
2944 2646 3156 2718 δέρρεις
3177 2683 3192 2708 ,
3223 2643 3318 2696 καὶ
3347 2643 3403 2695 ai
3444 2640 3552 2693 τῶν
3578 2641 3703 2708 ἐρυο

2135 2740 2278 2811 θρῶν
2321 2741 2602 2811 δερμάτων
2647 2738 2932 2810 περιϐολαὶ
2963 2739 3054 2791 τὸν
3108 2735 3306 2800 ἔξωθεν
3348 2733 3448 2802 τῆς
3498 2730 3701 2802 σκηνῆς

2135 2833 2336 2903 κόσμον
2365 2831 2651 2901 ἐπλήρουν.
2679 2831 2787 2884 Καὶ
2813 2829 2964 2884 οὐδὲν
2988 2825 3057 2900 ἦν
3087 2827 3227 2898 μέγα
3255 2826 3349 2878 καὶ
3369 2825 3549 2894 τίμιον
3588 2823 3702 2884 τοῖς

2133 2924 2201 2976 τὰ
2233 2923 2386 2985 ἐκτὸς
2417 2921 2585 2992 ὁρῶσι
2611 2919 2760 2992 παρὰ
2791 2919 2964 2973 ταῦτα
3000 2918 3338 2988 φαινόμενον.
3370 2911 3612 2966 Ἐσωθεν
3643 2910 3703 2966 δὲ

2135 3011 2318 3084 χρυσῴ
2343 3012 2436 3065 καὶ
2464 3013 2710 3083 ἀργυρίῳ
2740 3012 2834 3065 καὶ
2856 3013 2968 3073 τοῖς
2995 3009 3196 3080 τιμίοις
3224 3008 3332 3060 τῶν
3354 3005 3516 3059 λίθων
3556 3003 3705 3057 πᾶσα

2136 3106 2169 3174 ή
2195 3104 2287 3158 τοῦ
2324 3103 2618 3177 μαρτυρίου
2655 3102 2827 3175 σκηνὴ
2870 3101 3276 3171 κατελάμπετο·
3313 3099 3362 3152 ot
3402 3097 3616 3159 στὺλοι,
3644 3096 3702 3150 αἱ

2139 3199 2343 3270 βάσεις,
2380 3201 2437 3253 αἱ
2479 3198 2781 3268 κεφαλίδες,
2824 3197 2884 3251 τὸ
2911 3196 3282 3266 Θυμιατήριον,
3308 3192 3368 3247 τὸ
3408 3190 3701 3261 Θυσιαστή-

473 3281 651 3343 brum.
681 3281 1143 3351 propitiatorium,
1194 3281 1432 3344 lavacra,
1474 3281 1528 3335 in
1575 3281 1803 3335 introitu
1833 3281 1948 3334 vela
1983 3286 2037 3333 et

2141 3308 2274 3360 ptov,
2297 3293 2329 3362 ἡ
2355 3291 2602 3355 κιϐωτὸς,
2621 3293 2655 3361 ἡ
2676 3289 2888 3360 λυχνία,
2913 3289 2974 3342 τὸ
2995 3289 3326 3360 ἱλαστήριον,
3351 3287 3399 3340 oi
3420 3284 3703 3355 λουτῆρες,

472 3373 662 3441 aulaea,
709 3373 911 3442 quibus
960 3371 1308 3442 pulchritudo
1353 3381 1472 3433 erat
1517 3378 1922 3441 contemperata
1971 3385 2034 3425 ex

471 3465 664 3534 quovis
717 3479 914 3533 genere
952 3464 1090 3524 bene
1131 3464 1387 3524 colorata:
1429 3463 1697 3524 tinctura,
1750 3464 1897 3517 tilum
1948 3476 2039 3514 au-

475 3571 625 3618 reum
667 3554 981 3624 hyacintho,
1012 3567 1273 3622 purpura,
1313 3552 1500 3622 bysso,
1539 3558 1594 3607 et
1638 3566 1826 3614 cocco,
1870 3549 2039 3604 artiﬁ-

473 3645 626 3707 cioso
665 3641 900 3712 quodam
928 3641 1184 3710 sutilique
1213 3656 1377 3710 opere
1401 3641 1676 3711 eleganter
1700 3648 2036 3704 contextum,

474 3744 528 3788 et
585 3750 650 3789 ex
704 3734 960 3797 omnibus
1020 3741 1524 3801 contemperatum,
1575 3731 1808 3787 iaciebat
1862 3731 2039 3786 instar

478 3828 632 3882 iridis
659 3829 840 3882 lucere
867 3824 1212 3897 splendorem
1234 3825 1354 3895 ejus
1377 3825 1522 3895 quod
1551 3833 1670 3885 erat
1700 3833 2038 3881 contextum.

476 3920 749 3985 Quorsum
795 3927 973 3973 autem
1021 3917 1296 3987 aspiciens
1345 3917 1471 3971 hinc
1524 3916 1822 3992 exordior,
1880 3915 2040 3970 nobis

479 4013 638 4080 plane
690 4011 780 4073 lict
814 4008 1161 4064 manifestum
1210 4025 1276 4062 ex
1327 4009 1393 4062 iis
1441 4023 1562 4077 qua:
1618 4015 1746 4063 sunt
1787 4008 2038 4064 dicenda.

480 4103 691 4169 Rursus
723 4101 881 4168 nobis
910 4099 1233 4170 proponitur
1263 4097 1552 4152 Canticum
1581 4097 1948 4158 canticorum,
1974 4094 2042 4149 ad

477 4195 870 4265 expositionem
908 4193 1176 4262 universa:
1203 4191 1585 4261 philosophiae,
1632 4199 1686 4245 et
1726 4187 1819 4244 Dei
1850 4191 2039 4259 COgui-

478 4287 665 4341 tionis.
716 4285 833 4353 lloc
881 4291 969 4340 est
1010 4297 1200 4351 verum
1264 4281 1561 4346 testimonii
1605 4279 2039 4358 tabernaculum,

479 4380 637 4450 cujus
669 4378 926 4448 opercula
957 4377 1176 4447 quidem
1223 4385 1278 4430 et
1323 4375 1464 4436 vela,
1516 4381 1572 4429 et
1618 4372 1743 4426 atrii
1785 4371 2042 4435 ambitus,

478 4479 608 4528 sunt
635 4469 883 4525 amatorii
929 4469 1148 4540 quidam
1195 4481 1475 4535 sermones
1508 4473 1564 4531 et
1609 4465 1798 4528 verba,
1833 4463 2042 4534 signiti-

479 4563 661 4619 cantia
691 4559 1066 4616 habitudinem
1109 4561 1175 4614 ad
1205 4559 1256 4614 id
1289 4556 1434 4628 quod
1465 4555 1832 4625 desideratur,
1858 4563 1912 4614 et
1942 4556 2038 4612 de-

2139 3382 2209 3434 τά
2251 3381 2359 3434 τῶν
2393 3382 2609 3435 εἰσόδων
2643 3379 3138 3450 καταπετάσματα,
3183 3375 3266 3442 οἷς
3307 3377 3368 3431 τὸ
3410 3375 3603 3439 κάλλος
3640 3376 3707 3426 ἐκ.

2140 3471 2336 3534 παντὸς
2362 3471 2535 3535 εἴδους
2573 3471 2902 3542 εὐχροούσης
2940 3470 3118 3540 βαφῆς
3157 3467 3525 3539 συνεκίρνατο,
3553 3465 3708 3535 νῆμα

2138 3561 2399 3634 χρύσεον,
2435 3563 2705 3633 ὑακίνθῳ,
2753 3562 2849 3616 καὶ
2903 3561 3201 3633 πορφύρᾳ,
3247 3561 3340 3613 καὶ
3380 3557 3580 3629 βύσσῳ,
3612 3557 3706 3609 καί

2138 3653 2355 3724 κόκκῳ,
2403 3651 2490 3706 διά
2538 3670 2681 3716 τινος
2723 3652 2977 3724 τεχνικῆς
3019 3649 3380 3719 λεπτουργίας
3424 3648 3706 3718 εὐκόσμως

2141 3744 2566 3814 συνυφασμένον,
2603 3743 2908 3814 σύγκρατον
2952 3745 3016 3796 ὲκ
3059 3743 3307 3804 πάντων,
3351 3739 3601 3810 καθάπερ
3645 3739 3705 3790 ἐν

2142 3835 2310 3908 ἴριδος
2337 3836 2530 3903 αὐγαῖς
2555 3834 2899 3889 ἀποστίλϐειν
2934 3833 3106 3886 ἐποίει
3128 3832 3224 3904 τὴν
3249 3831 3422 3900 αὐγὴν
3447 3829 3540 3882 τοῦ
3565 3829 3704 3898 ὑφά-

2143 3945 2365 3999 σματος.
2405 3928 2547 3999 Πρὸς
2572 3925 2608 3980 δ
2635 3944 2688 3980 τι
2727 3927 2783 3980 δὲ
2815 3924 3030 3996 βλέπων
3073 3925 3318 3990 ἐντεῦθεν
3350 3921 3703 3994 προοιμιαζο-

2144 4034 2272 4087 μαι,
2309 4016 2570 4088 πρόδηλον
2599 4018 2736 4088 ἡμῖν
2781 4014 2998 4078 πάντως
3048 4015 3113 4067 ὲκ
3155 4012 3264 4065 τῶν
3317 4012 3705 4083 ῥηθησομένων

2140 4111 2444 4180 γενήσεται.
2506 4108 2671 4163 Πάλιν
2726 4108 3011 4181 πρόκειται
3063 4107 3194 4176 ἡμῖν
3242 4104 3304 4158 τὺ
3351 4099 3542 4174 ’ᾼσμα
3595 4101 3706 4154 τῶν

2141 4201 2436 4273 ᾀσμάτων,
2485 4203 2563 4264 εἰς
2611 4202 2790 4254 πᾶσαν
2870 4198 3198 4267 θεογνωσίας
3247 4197 3341 4249 καὶ
3391 4194 3707 4266 φιλοσοφίας

2144 4294 2432 4363 ὑφήγησιν.
2490 4291 2636 4364 Αὐτη
2689 4291 2837 4344 ἐστὶν
2889 4292 2924 4361 ἡ
2973 4288 3200 4359 ἀληθινὴ
3255 4288 3348 4341 τοῦ
3404 4287 3706 4358 μαρτυρίου

2145 4384 2338 4454 σκηνὴ,
2363 4378 2433 4456 ἦς
2460 4380 2898 4452 προκαλύμματα
2925 4379 3022 4449 μὲν
3047 4379 3140 4432 καὶ
3164 4376 3396 4448 δέρρεις,
3428 4376 3520 4428 καὶ
3547 4376 3580 4444 ἡ
3606 4373 3707 4442 τῆς

2143 4471 2372 4535 αὐλαίας
2403 4468 2682 4542 περιϐολὴ,
2718 4469 2970 4540 ἐρωτικοί
3008 4483 3150 4530 τινες
3185 4465 3331 4533 λόγοι
3364 4465 3458 4517 καὶ
3488 4465 3708 4533 ῥήματα

2145 4563 2401 4630 γίνονται,
2427 4561 2526 4631 τὴν
2555 4561 2690 4632 πρὸς
2713 4560 2774 4613 τὸ
2799 4558 3128 4629 ποθούμενον
3151 4557 3330 4630 σχέσιν
3356 4553 3704 4624 ἐμφαίνοντα,

481 4653 709 4724 scriptio
735 4650 1180 4722 pulchritudinis,
1213 4657 1267 4705 et
1297 4647 1501 4711 mentio
1529 4646 1895 4710 membrorum
1927 4661 2037 4712 cor-

2145 4651 2242 4710 καὶ
2263 4651 2489 4713 κάλλους
2519 4648 2844 4721 ὑπογραφὴ,
2880 4649 2974 4701 καὶ
3019 4648 3206 4718 μνήμη
3251 4641 3573 4714 σωματικῶν
3612 4656 3708 4710 μευ

482 4745 655 4817 poris,
695 4753 805 4798 tam
845 4755 966 4811 qua:
1001 4741 1056 4794 in
1090 4739 1229 4794 facie
1253 4746 1540 4809 apparent,
1583 4751 1746 4808 quam
1791 4751 1912 4809 quae
1948 4737 2050 4791 sub

483 4837 653 4902 vestis
679 4833 883 4888 amictu
915 4831 1284 4885 occultantur.
1317 4829 1449 4894 Quae
1485 4836 1666 4896 autem
1707 4834 1839 4892 sunt
1879 4825 2047 4889 intus,

484 4935 614 4994 sunt
653 4939 840 4980 revera
872 4922 1142 4993 quoddam
1196 4919 1526 4998 luminosum
1557 4917 1966 4990 candelabrum,
1995 4924 2050 4970 et

484 5031 611 5080 arca
638 5016 796 5086 plena
825 5013 1119 5083 mysteriis,
1145 5019 1199 5065 et
1229 5010 1355 5064 boni
1387 5010 1573 5064 odoris
1606 5007 1966 5081 thuribulum,
1998 5016 2052 5060 et

488 5108 695 5182 peccati
724 5106 982 5179 expiatio,
1015 5103 1147 5157 illud
1183 5117 1407 5156 aureum
1453 5115 1592 5155 verae
1630 5099 1845 5172 pietatis
1877 5100 2051 5171 thuri-

486 5201 706 5272 hulum;
734 5199 980 5264 velorum
1012 5196 1415 5264 animorumque
1451 5192 1799 5263 pulchritudo
1837 5203 1958 5262 apte
1996 5201 2051 5246 et

484 5272 760 5359 vlegaiiter
790 5296 1045 5360 contexta
1095 5301 1188 5356 per
1224 5285 1425 5338 bonum
1480 5283 1717 5338 colorem
1763 5284 2048 5349 virtutum,

487 5391 760 5452 urnamque
799 5389 853 5435 et
893 5379 1196 5449 immobiles
1242 5377 1510 5432 columna:
1530 5376 1823 5441 rationum,
1857 5375 2050 5445 bases-

487 5458 592 5542 que
642 5477 957 5544 dogmatum
1003 5486 1126 5541 qua:
1173 5486 1280 5523 non
1312 5475 1541 5540 possunt
1585 5467 1967 5529 transmoveri,
1998 5476 2053 5520 et

489 5565 838 5638 pulchritudo
873 5563 1274 5632 capitellorum,
1319 5577 1413 5631 per
1439 5574 1560 5630 quae
1587 5559 1892 5629 explicatur
1930 5574 2054 5629 gra-

493 5669 566 5711 tia
591 5656 864 5719 auimm,in
883 5670 945 5710 ea
971 5654 1229 5708 facultate
1249 5667 1370 5722 qua:
1385 5652 1747 5722 principatum
1766 5650 2052 5714 obtinet,et

493 5750 798 5827 animarum
824 5747 1057 5812 lavacra,
1087 5755 1140 5800 et
1169 5761 1509 5816 (placuitque
1542 5743 1814 5812 aspiciunt
1833 5741 1900 5796 ad
1930 5743 2052 5815 vita:

494 5821 1022 5894 administrationem
1080 5831 1358 5890 cwlestcm
1403 5846 1459 5887 et
1491 5835 1889 5903 incorporcmn,
1930 5849 2052 5902 qua:

493 5946 590 6011 per
613 5913 895 6001 aenigmata
915 5932 994 5984 lcx
1020 5925 1435 5998 prmcipitlicet
1459 5933 1638 5981 autem
1659 5940 1721 5981 ca
1742 5926 1982 5981 invenire
1999 5929 2053 6000 in

2144 4743 2274 4806 λῶν,
2305 4741 2413 4795 τῶν
2438 4757 2498 4794 τε
2524 4739 2971 4811 προφαινομένων
2991 4742 3049 4794 ὲν
3074 4739 3152 4810 τῷ
3175 4736 3472 4810 προσώπῳ,
3487 4733 3707 4789 καὶτῶν

2145 4832 2650 4904 ὐποκεκρυμμένων
2690 4835 2758 4904 τῇ
2803 4831 2906 4902 τῆς
2947 4831 3175 4902 ἐσθῆτος
3215 4828 3491 4900 πριῦολῇ.
3531 4825 3613 4879 Τὰ
3649 4825 3706 4877 δὲ

2145 4926 2296 4989 ἐντὸς
2333 4924 2647 4994 πολύφωτός
2685 4924 2770 4988 τίς
2822 4925 2970 4977 ἐστιν
3015 4922 3091 4986 ὡς
3134 4921 3348 4992 άληθῶς
3383 4918 3571 4989 λυχνία
3615 4918 3708 4970 καὶ

2146 5017 2377 5081 κιϐωτὸς
2411 5017 2720 5088 μυστηρίων
2757 5016 2989 5087 πλήρης,
3019 5017 3112 5068 καὶ
3138 5015 3200 5068 τὸ
3229 5015 3328 5084 τῆς
3356 5012 3584 5073 εὐωδίας
3615 5010 3710 5062 Ou-

2156 5108 2463 5178 μιατήριον,
2508 5110 2601 5158 καὶ
2623 5104 2684 5158 τὸ
2707 5105 2998 5175 καθάρσιον
3023 5105 3123 5175 τῆς
3151 5103 3424 5175 ἁμαρτίας
3444 5121 3459 5134 ο
3481 5101 3543 5153 τὸ
3567 5099 3712 5166 πάγ-

2153 5213 2350 5267 χρυσον
2383 5197 2556 5252 ἐκείνο
2579 5195 2678 5266 τῆς
2706 5195 2985 5258 εὐσεϐείας
3011 5195 3364 5266 θυμιατήριον
3382 5232 3397 5256 ,
3425 5189 3486 5246 τό
3508 5207 3567 5242 τε
3602 5188 3710 5241 τῶν

2154 5288 2655 5366 καταπετασμάτων
2681 5287 2893 5351 κάλλος,
2928 5287 2989 5338 τὸ
3019 5285 3108 5339 διὰ
3137 5287 3234 5355 τῆς
3262 5283 3372 5337 τῶν
3401 5280 3607 5353 ἀρετῶν
3631 5280 3714 5332 εὐ-

2153 5381 2341 5452 χροίας
2375 5380 2725 5452 εὐσχημόνως
2764 5379 3207 5450 ὲξυφαινόμενον,
3256 5377 3352 5430 καὶ
3391 5378 3440 5428 οἱ
3477 5373 3713 5435 ἁκλινείς

2153 5471 2262 5525 τῶν
2285 5471 2559 5542 λογισμῶν
2588 5470 2787 5533 στύλοι,
2815 5469 2910 5523 καὶ
2942 5470 3000 5523 αἱ
3029 5467 3350 5539 ἀμετάθετοι
3378 5464 3486 5518 τῶν
3515 5461 3716 5532 δογμά-

2155 5579 2262 5614 των
2302 5560 2487 5631 βᾴσεις
2509 5601 2523 5626 ,
2557 5559 2618 5612 τό
2644 5559 2851 5612 τε.τῶν
2891 5557 3192 5628 κεφαλίδων
3225 5555 3438 5618 κάλλος,
3468 5552 3535 5606 δι’
3574 5545 3648 5604 ὧν
3681 5550 3715 5618 ἡ

2156 5651 2285 5721 περὶ
2331 5651 2394 5703 τὸ
2430 5650 2750 5720 ἡγεμονικὸν
2793 5649 2894 5718 τῆς
2929 5649 3105 5719 ψυχῆς
3141 5645 3502 5718 ἑρμηνεύεται
3532 5643 3714 5712 χάρις,

2157 5745 2252 5812 καὶ
2280 5745 2331 5796 ol
2356 5743 2465 5809 τῶν
2488 5743 2674 5812 ψυχῶν
2705 5742 2982 5811 λουτῆρες,
3009 5742 3102 5795 καὶ
3133 5740 3308 5794 πάντα
3333 5739 3436 5793 ὅσα
3462 5735 3597 5806 πρὸς
3618 5734 3718 5804 τῆν

2159 5835 2406 5905 οὐράνιόν
2456 5851 2514 5886 τε
2556 5835 2647 5887 καὶ
2685 5833 2971 5903 ἀσώματον
3017 5832 3291 5886 πολιτείαν
3329 5830 3547 5900 βλέπει,
3579 5824 3613 5878 ἃ
3649 5823 3720 5876 δι’

2162 5927 2497 5998 αἰνιγμάτων
2523 5929 2550 5979 ὁ
2574 5925 2734 5997 νόμος
2755 5923 3139 5992 διακελεύεται,
3165 5927 3221 5978 ὲν
3245 5926 3352 5987 τοῖς
3378 5923 3724 5989 ὑποκεκρυμ.
