4116 6548
414 494 524 557 789

1478 500 1544 555 IN
1584 501 1877 558 CANTICA
1915 497 2475 561 CANTICJIOMILIA
2514 507 2579 563 ll.

3538 512 3643 569 790

419 619 601 689 μένοις
622 618 689 688 τῇ
714 615 857 684 λέξει
879 615 1144 687 νοήμασιν
1172 616 1346 683 ἐστιν,
1374 617 1424 669 εἰ
1456 616 1615 687 μόνον
1640 617 1978 688 ἐπιτηδείους

2092 622 2364 676 sententiis
2387 638 2507 691 qute
2533 623 2700 678 latent
2719 625 2771 678 in
2800 624 3111 689 dietione,si
3137 625 3298 681 modo
3314 627 3434 681 vitae
3452 642 3640 681 curam

420 710 553 780 πρὸς
582 708 680 780 τὴν
708 710 789 772 εἰς
817 708 887 761 τά
910 710 1075 777 Ἀγια
1099 708 1206 762 τῶν
1235 708 1403 777 ἁγίων
1433 708 1633 763 εἴσοδον
1661 710 1885 772 ἑαυτοὺς
1916 709 1983 762 δι’

421 798 738 869 ἐπιμελείας
766 797 860 851 τοῦ
896 797 1010 868 βίου
1036 802 1380 871 ποιήσαιμεν,
1406 799 1485 870 τῷ
1512 800 1731 870 λουτῆρι
1761 800 1856 853 τοῦ
1882 802 1985 854 Λύ-

421 906 519 957 γου
560 888 741 942 πάντα
788 888 957 958 ῥύπον
1003 889 1231 960 αἰσχρᾶς
1277 889 1483 953 ἑννοίας
1526 890 1981 961 ἀποκλυσάμενοι,

427 981 636 1050 μήποτε
668 980 989 1051 θνήσκοντες
1020 979 1173 1051 παρά
1208 980 1270 1033 τὸ
1296 980 1661 1052 παράγγελμα
1681 982 1774 1035 τοῦ
1797 983 1982 1054 νόμου,

422 1071 744 1142 θνησιμαίου
784 1072 1084 1141 νοήματος,
1124 1071 1156 1141 ή
1204 1088 1347 1134 τινος
1382 1072 1493 1124 τῶν
1544 1070 1864 1145 ἀκαθάρτων
1902 1074 1986 1125 ὲν-

423 1163 634 1233 θυμίων
677 1162 971 1233 ἁψάμενοι,
1031 1163 1251 1217 ἀθέατοι
1293 1163 1404 1216 τῶν
1452 1164 1600 1228 ἐντὸς
1635 1165 1736 1233 τῆς
1782 1165 1986 1235 σκηνῆς

425 1254 718 1325 θαυμάτων
747 1253 1210 1324 ἀποκλεισθῶμεν.
1237 1254 1311 1308 Ού
1331 1254 1439 1327 γὰρ
1479 1257 1841 1327 παραδέχεται
1876 1257 1985 1310 τῶν

424 1351 677 1405 τοιούτων
714 1351 815 1423 τὴν
864 1351 1066 1405 εἴσοδον
1102 1353 1131 1404 ὁ
1172 1351 1266 1404 τοῦ
1313 1350 1621 1421 πνεύματος
1666 1352 1860 1422 νόμος,
1892 1352 1986 1406 ἐὰν

427 1444 501 1515 μή
539 1460 624 1506 τις
670 1442 843 1515 πλύνῃ
886 1443 946 1496 τὸ
973 1444 1073 1515 τῆς
1112 1444 1462 1515 συνειδήσεως
1510 1443 1701 1497 ἐαυτοῦ
1748 1444 1983 1515 ἱμάτιον,

427 1535 567 1588 κατὰ
603 1535 663 1588 τὺ
704 1536 979 1600 Μωῦσέως
1006 1536 1389 1607 παράγγελμα,
1417 1538 1446 1589 ὁ
1480 1538 1679 1609 νεκρᾶς
1710 1554 1852 1602 τινος
1893 1541 1988 1593 καὶ

428 1623 719 1694 βδελυκτῆς
750 1624 957 1687 ἐννοίας
989 1624 1284 1695 ἁψάμενος.

501 1682 752 1782 ’ΔγειΙδὲ
795 1716 889 1770 τὸν
936 1682 1120 1785 λόγον.
1152 1718 1184 1787 ἡ
1222 1682 1509 1770 ἀκολουθία
1548 1682 1656 1772 τῶν
1688 1718 1986 1791 προεξητα-

2084 722 2353 782 gerentes,
2393 729 2495 768 nos
2528 724 2684 784 aptos
2728 716 3123 773 reddiderimus
3162 727 3221 771 ut
3273 718 3643 788 ingrediantur

2084 805 2138 858 in
2166 802 2362 858 Sancta
2389 816 2725 871 sanctorum,
2755 807 2971 862 lavacro
3003 806 3162 863 Verbi
3184 810 3353 863 abluti
3385 808 3648 864 sordibus

2084 892 2355 949 obscaena:
2378 896 2741 966 cogitationis,
2763 912 2831 952 ne
2863 898 2908 951 si
2935 910 3127 967 praeter
3156 900 3288 969 legis
3310 909 3641 969 praeceptum

2086 988 2426 1041 morticinam
2474 988 2672 1043 mentis
2704 989 3133 1058 conceptionem.
3182 1000 3275 1044 aut
3307 993 3640 1046 immundam

2085 1078 2322 1149 aliquam
2381 1079 2719 1147 attigerimus
2785 1081 3206 1150 cogitationem,
3264 1082 3639 1147 excludamur,

2086 1183 2187 1222 nec
2217 1169 2645 1238 contemplemur
2668 1171 2931 1223 miracula
2971 1186 3092 1239 quae
3125 1180 3251 1225 sunt
3284 1172 3423 1226 intra
3463 1172 3645 1227 taber-

2084 1261 2363 1315 naculum.
2406 1259 2514 1315 Lex
2544 1262 2686 1315 enim
2730 1263 2957 1331 spiritus
2998 1278 3105 1316 non
3143 1265 3403 1333 permittit
3444 1272 3504 1318 ut
3548 1264 3642 1334 qui

2087 1363 2355 1407 mortuam
2400 1364 2453 1408 et
2489 1353 2905 1409 abominandam
2952 1356 3189 1422 tetigerit
3238 1356 3663 1429 cogitationem,

2087 1446 2442 1515 ingrediatur,
2498 1447 2622 1508 nisi,
2696 1455 2754 1499 ut
2800 1446 3046 1517 przecipit
3120 1446 3294 1502 Moses
3318 1447 3364 1511 ³,
3413 1448 3645 1501 abluerit

2086 1547 2291 1594 vestem
2319 1554 2431 1594 sua:
2464 1540 2830 1594 conscientiae.

2156 1720 2465 1776 Orationem
2526 1729 2704 1775 autem
2738 1719 2956 1774 deducit
3006 1717 3393 1787 consequentia
3457 1734 3661 1787 eorum,

429 1808 642 1874 σμένων
665 1808 801 1878 πρὸς
823 1809 923 1878 τὴν
943 1809 1171 1879 θεωρίαν
1192 1809 1300 1863 τῶν
1325 1829 1399 1864 πα
1408 1810 1476 1881 ρὰ
1498 1810 1596 1880 τῆς
1615 1813 1833 1884 νύμφης
1853 1814 1988 1884 πρὸς

2092 1829 2207 1887 qua;
2254 1813 2405 1882 prius
2462 1818 2593 1866 sunt
2633 1810 2978 1873 examinata,
3027 1809 3092 1863 ad
3136 1809 3644 1877 contemplationem

427 1898 524 1960 τὰς
552 1898 796 1961 νεάνιδας
840 1900 1163 1971 εἰρημένων.
1202 1904 1357 1956 Ἔστι
1395 1904 1451 1956 δὲ
1476 1903 1652 1957 ταῦτα
1674 1920 1688 1935 ’
1717 1902 1988 1958 Μέλαινά

2092 1920 2273 1961 eorum
2317 1919 2436 1973 cina:
2485 1918 2514 1956 a
2569 1916 2769 1973 sponsa
2818 1902 2962 1955 dicta
3020 1909 3149 1955 sunt
3199 1900 3642 1954 adolescentulis.

428 1991 541 2056 εἰμι
565 1990 661 2043 καὶ
687 1990 865 2058 καλὴ,
889 1964 1204 2061 θυγατέρες
1238 1994 1640 2063 Ἰερουσαλὴμ,
1665 1996 1745 2062 ὠς
1764 1994 1989 2061 σκηνώ-

2092 1996 2213 2050 llam
2259 2005 2433 2050 autem
2465 2003 2594 2050 sunt
2632 2013 2645 2048 :
2687 1992 2854 2062 Nigra
2883 2008 3000 2046 sum
3028 2001 3075 2043 et
3105 1992 3371 2061 formosa,
3399 1989 3527 2057 ﬁlia:
3556 1988 3645 2043 Je-

422 2098 581 2149 ματα
611 2081 808 2149 Κηδὰρ
832 2123 846 2147 ,
872 2084 951 2149 ὡς
982 2083 1208 2152 δέρῤεις
1241 2086 1539 2156 Σολομὼν.
1564 2087 1756 2150 Καλῶς
1785 2089 1818 2157 ἡ
1847 2087 1988 2141 διδά-

431 2172 623 2235 σκαλος
648 2174 737 2241 ἀφ’
761 2166 834 2227 ὧν
860 2174 966 2227 ἔδει
985 2179 1106 2241 ταῖς
1131 2177 1594 2249 μαθητευομέναις
1615 2179 1807 2249 ψυχαῖς
1827 2180 1989 2250 ἄρχε-

428 2282 515 2316 ται
542 2266 808 2320 ποιεῖσθαι
831 2268 937 2321 τῶν
963 2269 1184 2336 ἀγαθῶν
1207 2271 1306 2342 τὴν
1339 2272 1611 2342 ὑφήγησιν
1630 2287 1644 2300 ’
1676 2271 1732 2324 αἱ
1764 2271 1859 2341 μὲν
1880 2270 1988 2341 γὰρ

429 2355 724 2425 προθύμως
754 2357 958 2428 ἔχουσι,
986 2360 1052 2413 δι’
1075 2354 1151 2415 ὧν
1187 2360 1637 2429 ἐπαγγέλλονται,
1664 2361 1859 2424 παντὸς
1892 2360 1987 2414 ἀν-

428 2445 695 2513 θρωπίνου
758 2447 915 2517 λόγου
940 2489 954 2512 ,
1015 2450 1074 2503 ὃν
1129 2446 1271 2505 οἶνον
1322 2452 1594 2524 τροπικῶς
1644 2453 1985 2523 ὀνομάζουσι,

428 2538 825 2610 προτιμοτέραν
854 2541 1121 2595 ποιεῖσθαι
1164 2541 1263 2613 τὴν
1305 2544 1369 2595 ἐκ
1404 2543 1515 2595 τῶν
1561 2542 1792 2610 λογικῶν
1819 2544 1989 2614 αὐτῆς

432 2625 617 2693 μαζῶν
645 2628 1016 2698 ἀπορρέουσαν
1067 2630 1222 2701 χάριν
1247 2671 1262 2691 ,
1295 2630 1465 2694 οὕτως
1500 2632 1748 2686 εἰποῦσαι
1777 2633 1853 2703 τῷ
1894 2636 1991 2707 ρή-

431 2734 559 2784 ματι
578 2755 594 2780 ,
624 2718 704 2769 ὄτι
740 2719 1153 2789 Ἀγαπήσομεν
1177 2724 1451 2790 μασθούς
1478 2741 1594 2778 σου
1625 2725 1777 2793 ὑπὲρ
1800 2721 1985 2791 οἶνον,

427 2807 634 2874 ἐπειδή
663 2823 736 2862 σε
769 2810 806 2878 ἡ
835 2813 1089 2880 εὐθύτης
1116 2814 1452 2883 ἠγάπησεν.
1490 2817 1554 2869 Ἥ
1586 2817 1641 2869 δὲ
1672 2817 1989 2889 προσθήκην

430 2901 573 2950 ποιεῖ
602 2902 723 2963 ταῖς
763 2901 1224 2973 μαθητευομέναις
1259 2904 1353 2958 τοῦ
1401 2909 1529 2976 περὶ
1564 2907 1733 2978 αὐτὴν
1779 2908 1989 2979 θαύμα-

427 3004 518 3051 τος
539 3002 555 3018 ο
572 2989 647 3052 ὡς
666 2990 732 3043 ἂν
754 2991 950 3060 μᾶλλον
979 2992 1241 3063 μάθοιμεν
1268 2994 1366 3066 τὴν
1395 2996 1700 3068 ἀμέτρητον
1728 2997 1820 3051 τοῦ
1851 3017 1989 3070 νυμ-

431 3080 551 3148 φίου
605 3081 1047 3152 φιλανθρωπίαν,
1103 3083 1197 3137 τοῦ
1248 3086 1335 3139 διά
1372 3088 1471 3157 τῆς
1516 3089 1736 3159 ἀγάπης
1765 3092 1989 3145 ἐπιϐάλ-

429 3170 611 3234 λοντος
630 3174 695 3243 τῇ
718 3174 1066 3245 ἀγαπηθείσῃ
1089 3176 1149 3228 τὸ
1178 3177 1389 3241 κάλλος.
1412 3179 1497 3249 Μή
1522 3180 1835 3253 θαυμάσητε
1858 3184 1986 3254 γὰρ,

2087 2088 2340 2149 rusalem,
2370 2087 2504 2139 sicut
2540 2081 2878 2137 tabernacula
2908 2080 3103 2146 Cedar,
3135 2082 3271 2134 sicut
3306 2080 3462 2148 pelles
3489 2079 3647 2135 Salo-

2085 2180 2275 2233 monis.
2321 2178 2487 2233 Recte
2526 2184 2705 2231 autem
2754 2175 2947 2244 incipit
2984 2175 3243 2244 magistra
3291 2189 3356 2227 ex
3410 2172 3478 2226 iis
3525 2187 3647 2241 quae

2084 2272 2328 2343 oportuit
2367 2270 2650 2325 animabus
2687 2285 2807 2339 quae
2844 2269 3058 2323 discunt
3099 2268 3363 2324 bonormn
3406 2265 3647 2335 praebere

2084 2364 2526 2433 explicationem.
2555 2361 2690 2416 Nam
2716 2362 2822 2415 illa;
2846 2360 3086 2431 quidem,
3108 2375 3204 2428 per
3241 2374 3303 2415 ea
3330 2374 3450 2428 quat
3483 2357 3645 2428 profi-

2086 2466 2287 2517 tentur,
2321 2461 2449 2509 sunt
2476 2460 2724 2523 prompto
2747 2460 2801 2507 et
2830 2452 2996 2505 alacri
3030 2450 3237 2513 animo,
3266 2458 3324 2503 ut
3349 2449 3522 2504 cuivis
3546 2448 3647 2502 hu-

2087 2562 2260 2600 mana:
2286 2545 2507 2606 rationi,
2538 2560 2700 2613 quam
2745 2544 2952 2613 tropice
2981 2542 3164 2597 vinum
3185 2542 3487 2602 nominant,
3517 2556 3648 2610 prae-

2087 2636 2261 2691 ferant
2280 2650 2400 2705 qua:
2415 2652 2481 2690 ex
2502 2636 2710 2689 ratione
2734 2633 2975 2703 prteditis
3000 2632 3119 2701 eius
3144 2632 3404 2686 uberibus
3430 2632 3646 2701 profluit

2087 2731 2338 2799 gratiam,
2366 2728 2453 2783 his
2499 2728 2678 2782 verbis
2722 2726 2965 2780 dicentes
2997 2741 3010 2777 :
3050 2723 3336 2792 Diligemus
3366 2723 3523 2776 ubera
3554 2732 3646 2777 tua
3680 2724 3687 2731 ’

2088 2836 2248 2886 supra
2277 2820 2480 2881 vinum,
2514 2818 2637 2887 quia
2676 2826 2724 2870 te
2775 2816 2964 2868 dilexit
3002 2815 3283 2868 rectitudo.
3319 2814 3437 2884 Ipsa
3465 2821 3644 2868 autem

2087 2910 2422 2965 discentibus
2466 2910 2611 2964 addit
2661 2909 3015 2969 miraculum,
3063 2906 3207 2976 quod
3256 2908 3309 2959 in
3341 2921 3401 2960 se
3443 2905 3642 2959 factum

2087 3012 2187 3068 est,
2219 3009 2276 3055 ut
2304 3002 2474 3069 magis
2499 3001 2775 3054 discamus
2812 2999 3130 3053 immensam
3166 2998 3350 3065 sponsi
3389 2999 3641 3067 benigni-

2086 3102 2273 3155 tatem,
2304 3093 2395 3161 qui
2426 3092 2633 3145 dilectze
2664 3106 2758 3160 per
2790 3090 3135 3145 dilectionem
3172 3090 3369 3143 indidit
3406 3091 3645 3158 pulchri-

2090 3185 2352 3238 tudinem.
2395 3182 2589 3245 Nolite,
2623 3182 2822 3250 inquit,
2855 3181 3062 3243 mirari,
3100 3179 3245 3250 quod
3280 3196 3365 3235 me
3393 3181 3647 3234 dilexerit

432 3264 614 3356 φησιν,
646 3265 725 3318 ὅτι
766 3266 833 3335 μὲ
867 3266 1095 3340 εὐθύτης
1129 3272 1431 3341 ἠγάπησεν,
1473 3273 1587 3325 ἀλλ’
1615 3274 1697 3327 ὅτι
1734 3275 1989 3344 μέλαιναν

2093 3276 2397 3341 rectitudo;
2432 3272 2524 3328 sed
2559 3273 2700 3341 quod
2721 3311 2738 3336 ,
2766 3288 2888 3327 cum
2915 3272 3067 3342 nigra
3098 3288 3277 3326 essem
3309 3282 3563 3341 peccato.
3592 3281 3648 3327 et
3685 3268 3690 3277 ’

430 3351 595 3409 οὖσαν
630 3356 688 3420 ἐξ
740 3358 1011 3427 ἁμαρτίας
1031 3398 1047 3422 ,
1081 3360 1175 3414 καὶ
1213 3364 1699 3435 προσῳκειωμένην
1731 3364 1808 3435 τῷ
1839 3366 1987 3436 ζόφῳ

432 3449 521 3501 διὰ
552 3449 660 3501 τῶν
684 3450 860 3520 ἔργων
878 3493 894 3515 ,
932 3451 1100 3522 καλὴν
1132 3452 1219 3507 διά
1248 3453 1347 3522 τῆς
1372 3454 1591 3526 ἀγάπης
1612 3456 1862 3527 ἐποίησεν
1880 3497 1895 3521 ,
1927 3458 1988 3511 τὸ

434 3539 561 3592 ἴδιον
589 3540 779 3602 κάλλος
825 3540 959 3611 πρὸς
1003 3542 1063 3594 τὸ
1108 3542 1239 3611 ἐμὸν
1271 3541 1454 3614 αἶσχος
1504 3547 1985 3619 ἀνταλλαξάμενος.

432 3629 701 3693 Μεταθεὶς
727 3628 835 3699 γὰρ
863 3630 997 3700 πρὸς
1028 3632 1217 3687 ἑαυτὸν
1246 3634 1336 3687 τὸν
1379 3635 1487 3688 τῶν
1518 3636 1666 3706 ἐμῶν
1708 3639 1990 3711 ἁμαρτιῶν

438 3720 624 3790 ῥύπον,
662 3721 929 3791 μετέδωκέ
959 3740 1047 3792 μοι
1078 3723 1176 3791 τῆς
1206 3724 1396 3778 ἑαυτοῦ
1434 3727 1802 3799 καθαρότητος
1823 3771 1837 3796 ,
1874 3747 1989 3783 κοι-

434 3812 599 3864 νωνόν
639 3828 705 3881 με
756 3812 848 3865 τοῦ
900 3811 1091 3866 ἑαυτοῦ
1141 3814 1368 3878 κάλλους
1418 3818 1893 3889 ἀπεργασάμενος·
1932 3820 1991 3884 ὃς

437 3902 648 3971 πρῶτον
674 3901 924 3971 ἐποίησεν
954 3902 1011 3967 ἐξ
1040 3901 1307 3971 εἰδεχθοῧς
1354 3905 1621 3974 ὲρασμίαν
1641 3947 1655 3971 ,
1687 3906 1780 3959 καὶ
1824 3905 1993 3971 οὕτως

435 3994 740 4062 ἠγάπησεν.
774 3993 928 4047 Μετά
980 3993 1151 4048 ταῦτα
1198 3994 1562 4065 προτρέπεται
1608 3996 1707 4061 τάς
1753 3997 1994 4063 νεάνιδας

437 4086 529 4138 καὶ
560 4085 727 4148 αύτάς
780 4085 1029 4153 γενέσθαι
1070 4085 1269 4149 καλὰς,
1306 4089 1366 4140 τδ
1409 4087 1528 4140 καθ’
1575 4087 1771 4159 ἑαυτὴν
1806 4090 1996 4154 κάλλος

439 4176 878 4248 προδεικνύουσα,
914 4177 1031 4231 καθ’
1064 4178 1352 4248 ὁμοιότητα
1379 4178 1473 4231 τοῦ
1517 4180 1752 4249 μεγάλου
1785 4182 1994 4236 Παύλου

438 4270 716 4337 λέγοντος·
746 4270 999 4323 Γίνεσθε
1028 4269 1107 4335 ὡς
1150 4268 1265 4339 ἐγὼ
1288 4310 1305 4337 ,
1335 4269 1425 4324 ὅτι
1461 4270 1622 4341 κάγὼ
1666 4272 1747 4337 ὡς
1791 4272 1958 4339 ὑμεῖς
1977 4288 1993 4303 ·

441 4363 553 4427 καὶ,
586 4362 842 4431 Mummi
870 4379 989 4430 μου
1020 4363 1277 4431 γίνεσθε,
1306 4361 1498 4428 καθὼς
1533 4362 1691 4432 κάγὼ
1717 4364 1993 4432 Χριστοῦ.

442 4456 538 4508 Διά
564 4453 720 4507 τοῦτο
747 4453 854 4523 γὰρ
885 4454 984 4507 ούκ
1011 4455 1076 4525 ἐᾷ
1108 4454 1205 4518 τὰς
1250 4454 1691 4525 μαθητευομένας
1728 4457 1863 4526 αὐτῇ
1895 4456 1999 4527 ψυ-

440 4547 542 4617 χὰς
569 4546 704 4618 πρὸς
730 4546 790 4599 τὸ
818 4547 1141 4617 παρῳχηκὸς
1167 4545 1259 4600 τοῦ
1290 4546 1406 4615 βίου
1441 4546 1739 4616 βλεπούσας
1766 4548 1998 4602 ἀπελπί-

2087 3383 2184 3441 per
2211 3380 2374 3435 opera
2422 3364 2596 3417 allinis
2623 3378 2800 3417 essem
2845 3369 2898 3417 et
2927 3362 3222 3430 conjuncta
3263 3361 3525 3427 tenebris,
3560 3378 3647 3416 me

2088 3457 2369 3529 pulchram
2409 3454 2593 3509 fecerit
2634 3470 2728 3523 per
2776 3453 3154 3516 dilectionem,
3206 3469 3303 3508 sua
3339 3453 3644 3523 pulchritu-

2090 3549 2215 3604 dine
2243 3555 2570 3601 commntata
2616 3560 2738 3600 cum
2774 3560 2890 3599 mea
2934 3544 3288 3614 turpitudine.
3321 3544 3376 3599 In
3406 3559 3466 3600 se
3495 3542 3672 3600 enim'

2089 3640 2367 3696 translatis
2417 3638 2669 3693 sordibus
2708 3652 2949 3691 meorum
2991 3649 3370 3707 peccatorum,
3412 3653 3498 3693 me
3547 3652 3645 3691 sua

2092 3729 2329 3800 puritate
2377 3726 2670 3796 impertiit,
2724 3726 2960 3781 eiliciens
3010 3727 3326 3796 participem
3377 3742 3491 3782 sua:
3528 3730 3648 3797 pul-

2093 3817 2452 3880 chritudinis,
2500 3815 2591 3885 qui
2632 3830 2698 3869 ex
2737 3815 2965 3871 deformi
3012 3815 3244 3885 primum
3287 3815 3414 3870 fecit
3444 3817 3650 3870 amabi-

2093 3910 2220 3971 lem,
2254 3918 2307 3963 et
2340 3908 2419 3962 sic
2447 3906 2651 3960 dilexit.
2685 3905 2874 3959 Postea
2902 3905 3223 3960 adhortatur
3253 3907 3400 3975 ipsas
3432 3921 3649 3976 quoque

2095 3998 2526 4055 adolescentulas
2547 4037 2561 4060 ,
2598 4004 2656 4050 ut
2680 3997 2789 4051 sint
2817 3997 3071 4066 pulchrae,
3099 3997 3250 4066 prius
3280 4012 3432 4051 suam
3465 4005 3649 4052 ostento

2096 4095 2231 4148 dens
2284 4091 2770 4163 pulchritudinem,
2832 4106 2939 4143 non
2992 4105 3151 4144 secus
3197 4099 3359 4159 atque
3418 4105 3649 4159 magnus

2095 4182 2296 4239 Paulus
2354 4181 2446 4252 qui
2490 4181 2622 4234 dicit
2651 4179 2671 4209 ⁷
2708 4199 2720 4233 :
2759 4178 2942 4233 Estole
2987 4181 3120 4232 sicut
3165 4195 3275 4248 ego,
3324 4196 3446 4233 nam
3479 4188 3527 4233 et
3557 4196 3649 4248 ego

2096 4273 2232 4326 sicut
2274 4287 2396 4335 vos;
2434 4278 2527 4325 et:
2564 4268 2745 4323 Estote
2782 4268 2882 4322 mei
2935 4268 3263 4331 imitatores,
3311 4267 3447 4321 sicut
3482 4275 3532 4321 et
3559 4283 3651 4337 ego

2097 4360 2352 4416 Christi“.
2392 4359 2494 4415 Per
2521 4360 2633 4414 haec
2666 4359 2807 4413 enim
2835 4373 2947 4413 non
2987 4358 3116 4413 sinit
3147 4365 3206 4411 ut
3234 4374 3354 4428 quae
3385 4374 3414 4412 a
3464 4374 3522 4413 se
3550 4358 3651 4412 do-

2097 4458 2288 4504 centur
2317 4449 2542 4513 animai,
2591 4448 2656 4502 ad
2698 4448 2863 4502 vitam
2909 4449 3238 4518 aspicientes
3285 4449 3650 4518 printer-itam,

2097 4541 2386 4610 desperent
2412 4556 2479 4595 ne
2522 4540 2762 4610 pulchra:
2792 4539 2924 4593 fiant
2956 4555 2972 4594 :
3000 4540 3094 4595 sed
3132 4538 3199 4592 ad
3231 4540 3402 4608 ipsam
3439 4540 3655 4593 intuen-

440 4637 555 4700 ζειν
599 4637 693 4691 τοῦ
738 4637 980 4705 γίνεσθαι
1011 4639 1179 4702 καλάς
1200 4655 1214 4669 ο
1245 4638 1379 4692 ἀλλά
1408 4638 1542 4709 πρὸς
1571 4638 1737 4710 αὐτὴν
1786 4639 1991 4711 ὁρώσας

2101 4644 2181 4689 tes
2227 4633 2329 4689 hoc
2374 4630 2618 4701 exemplo
2662 4629 2901 4694 discant,
2944 4631 3085 4700 quod
3119 4646 3358 4701 praesens
3409 4632 3487 4687 sit
3516 4647 3655 4701 prte-

438 4729 594 4783 τοῦτο
628 4728 916 4800 μανθάνειν
942 4728 1030 4781 διὰ
1049 4728 1143 4782 τοῦ
1183 4729 1601 4800 ὑποδείγματος,
1626 4731 1708 4783 ὃτι
1739 4730 1799 4784 τὸ
1824 4732 1991 4803 παρὸν

2098 4725 2245 4782 teriti
2292 4724 2643 4793 operculum,
2699 4722 2745 4775 si
2794 4722 2845 4776 id
2876 4722 3011 4775 nulli
3056 4723 3128 4775 sit
3176 4720 3331 4777 aliine
3364 4723 3657 4792 reprehen-

440 4819 645 4887 γίνεται
680 4818 773 4871 τοῦ
805 4818 1189 4889 παρῳχηκότος
1213 4819 1617 4891 προκάλυμμα,
1652 4820 1744 4873 ἐὰν
1773 4822 1991 4892 ἄμωμον

2100 4815 2261 4871 sioni.
2311 4812 2452 4868 Dicit
2485 4813 2627 4867 enim
2658 4826 2672 4863 :
2703 4810 2853 4865 Licet
2889 4827 3004 4865 mea
3050 4828 3196 4866 nunc
3227 4812 3505 4881 splendeat
3538 4815 3658 4883 pul-

438 4908 497 4983 ᾗ.
532 4910 693 4980 Λέγει
716 4909 824 4981 γάρ
840 4952 857 4978 ,
890 4911 972 4964 ὃτι
993 4910 1113 4964 Κᾶν
1143 4908 1238 4964 νῦν
1267 4928 1369 4981 μου
1394 4910 1676 4982 ἐπιλάμπῃ
1698 4910 1759 4963 τὸ
1784 4910 1996 4978 κάλλος,

441 5005 470 5057 ὃ
497 5019 585 5074 μοι
628 5001 715 5055 διὰ
752 5001 846 5055 τοῦ
882 5000 1231 5071 ἀγαπηθῆναι
1262 5001 1411 5073 παρά
1447 5002 1547 5073 τῆς
1585 5001 1875 5074 εὐθύτητος
1904 5005 2000 5056 ἐπ-

442 5092 756 5166 εμορφὼθη,
786 5091 902 5145 ἀλλ’
930 5087 1046 5145 οἶδα
1079 5092 1319 5163 ἐμαυτὴν
1350 5093 1411 5146 ού
1445 5092 1702 5164 λαμπρὰν
1738 5089 1903 5147 οὖσαν
1940 5094 2003 5147 τὸ

445 5186 721 5257 καταρχὰς
740 5223 755 5248 ,
787 5183 921 5239 ἀλλά
953 5183 1227 5254 μέλαιναν.
1256 5184 1329 5237 Τὸ
1355 5184 1414 5237 δὲ
1440 5183 1677 5237 τοιοῦτον
1710 5180 1849 5248 εἶδος
1878 5187 2005 5255 περὶ

445 5276 566 5344 ἐμὲ,
595 5274 657 5327 τὸ
707 5272 976 5328 σκοτεινὸν
1020 5272 1116 5326 καὶ
1169 5270 1440 5342 ζοφῶδες,
1484 5274 1513 5325 ὁ
1564 5271 1847 5343 προλαϐὼν
1893 5272 2005 5341 βίος

444 5366 716 5436 ἐποίησεν.
759 5364 897 5418 Ἀλλ’
922 5364 1070 5434 ὅμως
1098 5365 1273 5419 ἐκεῖνο
1296 5357 1429 5416 οὖσα
1451 5402 1467 5426 ,
1491 5362 1649 5417 τοῦτό
1684 5366 1822 5434 ειμι.
1858 5366 2007 5418 Μετ’

444 5456 745 5527 εσκευάσθη
779 5456 887 5527 γάρ
911 5456 972 5509 τὸ
998 5456 1245 5527 ὁμοίωμα
1275 5455 1370 5509 τοῦ
1401 5457 1622 5525 αἴσχους
1652 5457 1734 5520 εἰς
1779 5455 2005 5517 κάλλους

445 5550 681 5620 μορφήν.
702 5549 812 5603 Καὶ
836 5549 991 5619 ὑμεῖς
1010 5548 1207 5614 τοίνυν,
1232 5542 1277 5601 ὦ
1297 5547 1596 5618 θυγατέρες
1632 5547 2002 5619 Ἰερουσαλὴμ,

365 5694 372 5701 ,
446 5640 779 5710 ἀναδλέψατε
811 5641 948 5712 πρὸς
974 5640 1072 5711 τὴν
1104 5641 1315 5713 μητέρα
1353 5640 1505 5711 ὑμῶν
1536 5640 1633 5712 τὴν
1665 5638 1777 5694 ἀνω
1815 5640 2006 5710 Ἰερου-

448 5730 647 5801 σαλήμ.
683 5731 746 5783 Et
792 5729 888 5782 xui.
924 5729 1252 5801 σκηνώματα
1300 5730 1393 5785 τοῦ
1432 5730 1622 5801 Κηδάρ
1661 5724 1790 5800 ἦτε,
1825 5728 1913 5782 διά
1943 5728 2006 5782 τὸ

516 5912 538 5939 ⁶
562 5908 721 5964 Nutu.
755 5926 862 5971 xxx,
885 5909 918 5963 ‘2
944 5927 1059 5981 sqq.

1138 5913 1155 5941 ⁷
1201 5911 1366 5966 lCur.
1397 5927 1489 5975 vn,
1517 5910 1566 5963 7.
1645 5911 1663 5941 "
1690 5910 1704 5964 Ι
1733 5909 1857 5964 Cur.
1892 5925 1965 5973 tv,
2015 5909 2094 5965 lti.

2103 4905 2386 4969 chritudo,
2416 4918 2534 4973 qua:
2566 4902 2699 4957 mihi
2726 4902 2828 4957 fuit
2861 4902 3175 4967 informata,
3199 4915 3481 4976 propterea
3511 4906 3656 4976 quod

2101 4997 2297 5051 dilecta
2329 4994 2523 5049 fuerim
2552 5008 2582 5047 a
2617 4994 2963 5062 rectitudine,
2994 4995 3110 5050 scio
3139 5005 3315 5051 tamen
3339 5012 3425 5052 me
3453 5013 3482 5051 a
3507 4998 3660 5067 prin—
3698 5008 3699 5011 ‘

2102 5088 2246 5158 cipio
2274 5103 2381 5143 non
2414 5086 2582 5142 fuisse
2608 5087 2907 5158 elegantem
2933 5102 2997 5141 ac
3024 5087 3273 5154 nitidam,
3298 5087 3393 5144 sed
3424 5090 3653 5159 nigram.

2103 5178 2253 5233 Hanc
2290 5186 2471 5233 autem
2518 5185 2691 5231 atram
2736 5192 2801 5232 ac
2850 5178 3277 5247 tenebricosam,
3320 5195 3441 5250 qua:
3488 5181 3543 5234 in
3573 5195 3657 5234 me

2102 5281 2240 5335 erat,
2273 5269 2501 5325 formam
2538 5285 2656 5324 mea
2690 5269 2816 5325 fecit
2854 5271 2983 5325 vita.
3019 5268 3126 5327 Sed
3158 5280 3339 5325 tamen
3366 5284 3489 5325 cum
3525 5269 3657 5324 illud

2104 5377 2301 5425 essem,
2340 5360 2440 5414 hoc
2480 5376 2622 5414 sum.
2660 5360 2750 5413 Illa
2781 5360 2924 5414 cnim
2961 5369 3158 5416 nostra-
3183 5360 3526 5414 tenebrarum
3582 5360 3659 5414 si-

2113 5453 2360 5507 militudo
2387 5460 2747 5507 transmutata
2778 5459 2861 5507 est
2883 5454 2937 5506 in
2957 5451 3183 5507 formam
3209 5450 3656 5519 pulchritudinis.

2110 5541 2176 5595 Et
2203 5558 2298 5597 vos
2324 5556 2473 5611 ergo,
2505 5556 2538 5595 ο
2567 5540 2688 5596 filiae
2712 5538 3033 5606 Jerusalem,
3068 5540 3292 5609 aspicite
3321 5539 3389 5593 ad
3420 5548 3658 5595 vestram

2109 5642 2341 5690 matrem
2390 5649 2681 5705 supernam
2711 5631 3031 5689 Jerusalem.
3076 5631 3303 5687 Etiamsi
3347 5631 3541 5687 essetis
3576 5642 3660 5685 ta-

2113 5727 2405 5784 bernacula
2430 5725 2622 5793 Cedar,
2668 5737 2951 5798 propterea
2987 5724 3131 5797 quod
3164 5726 3219 5780 in
3265 5724 3417 5781 vobis
3450 5723 3666 5781 inhabi-
