4116 6554
435 438 527 495 79l
1589 380 1593 401 ‘
1685 434 1743 489 S.
1779 429 2109 489 GBEGORII
2141 430 2441 492 NYSSENI
3570 428 3678 489 τοι

432 566 572 613 taret
615 557 869 628 princeps
908 552 1193 626 potestatis
1226 553 1574 609 tenebrarum
1614 550 1824 620 (dictio
1850 551 1997 607 enim

2101 552 2375 622 ἐνοικῆσαι
2405 555 2462 607 ὲν
2496 555 2626 626 ὑμῖν
2664 554 2755 611 τὸν
2782 554 3018 627 ἄρχοντα
3047 551 3149 621 τῆς
3188 547 3439 615 ἔξουσίας
3460 538 3560 603 τοῦ
3584 547 3677 600 αῖ-

429 650 608 705 Cedar
656 648 925 721 signiﬁcat
968 646 1475 715 obscurationem),
1510 645 1664 701 eritis
1698 644 1867 714 pelles
1900 643 2002 697 Sa-

430 742 697 806 lomonis,
729 742 834 796 hoc
863 748 949 796 est
978 739 1134 795 eritis
1174 738 1434 808 templum
1469 738 1634 807 regis,
1666 752 1791 791 cum
1824 736 1878 790 in
1907 750 2001 790 vo-

430 830 515 885 bis
560 828 877 885 inhabitarit
912 843 1005 883 rex
1058 825 1336 882 Salomon.
1386 825 1643 881 Salomon
1699 834 1879 880 autem
1919 833 2003 880 est

432 918 722 989 pacificus,
772 920 865 989 qui
907 932 937 973 a
974 932 1105 989 pace
1147 933 1342 972 nomen
1379 916 1611 985 accepit.
1639 912 1815 971 Pelles
1854 917 2001 970 enim

432 1007 742 1063 Salomonis
791 1024 856 1063 ex
923 1016 1080 1078 parte
1143 1008 1448 1069 nominavit
1497 1013 1674 1061 totum
1737 1005 2001 1060 ambitum

432 1101 565 1171 regii
608 1100 971 1157 tabernaculi.
1021 1099 1079 1154 In
1120 1100 1224 1154 hoc
1263 1115 1427 1156 sensu
1461 1098 1597 1155 mihi
1640 1096 1857 1155 videtur
1884 1112 2003 1152 ma-

431 1206 573 1261 gnus
615 1191 708 1247 ille
743 1189 946 1246 Paulus
979 1192 1225 1262 proxime
1269 1190 1624 1253 constitisse,
1658 1189 1714 1245 in
1758 1188 2001 1259 Epistola

429 1282 498 1338 ad
540 1281 817 1340 Romanos
842 1283 886 1347 ⁸,
917 1284 1010 1340 ubi
1058 1283 1151 1341 Dei
1197 1285 1250 1337 in
1284 1297 1386 1338 nos
1425 1282 1768 1338 commendat
1818 1282 2001 1337 chari-

429 1383 619 1441 tatem,
652 1376 794 1447 quod
822 1391 920 1432 nos
951 1384 1266 1446 peccatores
1297 1391 1421 1431 cum
1453 1390 1724 1441 essemus,
1750 1383 1803 1430 et
1833 1374 1999 1443 nigri,

430 1469 733 1525 luminosos
778 1466 971 1522 iecerit
1006 1478 1060 1522 et
1106 1466 1370 1523 amabiles
1403 1466 1753 1537 resplendere
1801 1467 1997 1538 gratia.

428 1557 715 1625 Quomodo
763 1556 908 1612 enim
962 1563 1127 1610 noctu
1185 1571 1308 1610 cum
1345 1557 1625 1620 tenebris,
1659 1571 1781 1627 qua:
1822 1556 2001 1611 domi-

428 1658 650 1713 nantur,
687 1648 849 1704 simul
878 1648 1166 1720 nigrantur
1188 1650 1394 1714 omnia,
1429 1648 1643 1704 etiamsi
1680 1664 1779 1704 sua
1802 1656 2000 1702 natura

428 1742 540 1796 sint
571 1739 888 1812 splendida,
921 1740 1243 1796 adveniente
1274 1752 1454 1796 autem
1498 1741 1653 1804 luce,
1687 1740 1742 1795 in
1785 1740 1853 1795 iis
1879 1754 2000 1808 quae

427 1833 670 1888 tenebris
694 1840 747 1887 et
781 1830 1012 1902 caligine
1035 1838 1193 1885 erant
1219 1829 1513 1885 obscurata
1530 1870 1544 1893 ,
1576 1846 1683 1884 non
1710 1836 1891 1884 manet
1923 1830 1999 1884 si-

2104 661 2265 715 σχους
2295 646 2637 717 (σκοτασμδς
2670 646 2780 720 γὰρ
2822 649 2857 717 ἡ
2904 644 2999 699 τοῦ
3032 643 3223 715 Κηδὰρ
3254 640 3397 704 λέξις
3447 637 3674 708 διερμη-

2102 736 2372 807 νεύεται),
2413 738 2623 809 δέρρεις
2664 738 2757 791 τοῦ
2793 737 3136 808 Σολομῶντος
3171 730 3465 804 γενήσεσθε
3492 770 3507 793 ,
3550 744 3677 783 τον-

2101 826 2267 890 τέστι,
2292 826 2413 890 ναὸς
2441 827 2534 881 τοῦ
2571 827 2833 897 βασιλέως
2861 826 3048 881 ἔσεσθε
3075 865 3091 890 ,
3122 828 3181 877 ὲν
3206 825 3334 894 ὑμῖν
3356 822 3678 891 οἰκήσαντος

2100 915 2192 967 τοῦ
2218 914 2477 985 βασιλέως
2489 916 2850 990 Σολομῶντος,
2868 913 3123 985 Σολομὼν
3137 913 3195 970 δὲ
3215 910 3487 982 εἰρηνικός
3507 910 3675 973 ἐστιν,

2101 1002 2130 1054 ό
2158 1005 2222 1073 τῇ
2252 1004 2440 1076 εἰρήνῃ
2468 1004 2774 1075 ἐπώνυμος.
2806 1003 3031 1077 Δέρρίις
3063 1003 3170 1073 γὰρ
3202 999 3544 1072 Σολομῶντος
3571 997 3679 1051 ἀπὸ

2104 1095 2300 1165 μέρους
2350 1098 2533 1152 πᾶσαν
2556 1098 2655 1169 τῆς
2687 1096 2969 1169 βασιλικῆς
3015 1096 3221 1166 σκηνῆς
3251 1094 3350 1163 τὴν
3384 1089 3679 1162 περιϐολὴν

2102 1188 2475 1260 κατωνόμασε.
2506 1189 2728 1254 Τούτοις
2754 1207 2843 1262 μοι
2868 1189 3150 1253 δοκεῖτοῖς
3181 1188 3442 1257 νοήμασιν
3473 1182 3678 1254 ὁμοίως

2102 1279 2312 1345 Παῦλος
2351 1281 2776 1353 προσεχέστερον
2819 1284 2877 1337 ἐν
2920 1283 2989 1351 τῇ
3022 1279 3159 1350 πρὸς
3199 1276 3495 1345 Ῥωμαίους
3529 1272 3678 1343 ἴλλο-

2102 1370 2369 1442 χωρῆσαι,
2394 1373 2587 1442 λέγων,
2620 1375 2679 1428 ὲν
2706 1369 2788 1438 οἷς
2813 1373 3091 1442 συνίστησι
3127 1370 3221 1425 τοῦ
3253 1368 3389 1423 θεοῦ
3422 1366 3519 1439 τὴν
3548 1365 3678 1435 περὶ

2100 1464 2247 1531 ἡμᾶς
2274 1464 2532 1533 ἀγάπην,
2562 1466 2644 1518 ὅτι
2674 1467 3028 1537 ἁμαρτωλοὺς
3059 1467 3209 1537 ἡμᾶς
3245 1464 3405 1526 ὄντας
3445 1462 3541 1517 καὶ
3579 1461 3678 1531 μέ-

2100 1553 2265 1618 λανας
2285 1596 2301 1621 ,
2335 1558 2641 1626 φωτοειδετς
2680 1557 2774 1612 καὶ
2804 1557 3100 1629 ἐρασμίους
3144 1557 3232 1613 διὰ
3264 1555 3360 1613 τοῦ
3403 1554 3674 1626 περιλάμο

2098 1644 2197 1716 ψαι
2220 1644 2318 1716 τὴν
2348 1648 2509 1719 χάριν
2540 1647 2817 1719 ἐποίησεν.
2847 1649 3059 1720 Ὠσπερ
3093 1651 3203 1719 γὰρ
3234 1650 3294 1703 ὲν
3322 1647 3475 1702 νυκτὶ
3501 1646 3676 1699 πάντα

2098 1736 2176 1808 τῷ
2198 1739 2580 1810 ὲπικρατοῦντι
2613 1740 3040 1812 συμμελαίνεται
3065 1740 3214 1812 ζόφῳ
3239 1781 3255 1805 ,
3296 1738 3400 1794 κᾶν
3449 1737 3675 1809 λαμπρὰ

2100 1832 2241 1887 κατὰ
2275 1832 2433 1901 φύσιν
2476 1834 2603 1888 ὅντα
2649 1836 2785 1907 τύχῃ
2812 1854 2827 1870 σ
2863 1836 3037 1905 φωτὸς
3074 1836 3132 1891 δὲ
3185 1834 3565 1895 ἐπιλαϐόντος,
3610 1831 3674 1887 οὐ

427 1925 677 1983 militudo
708 1924 797 1978 illa
820 1923 1203 1980 tenebrarum:
1230 1923 1305 1977 ita
1337 1924 1497 1976 etiam
1531 1921 1782 1976 traducta
1817 1922 1998 1977 anima

2101 1926 2401 1997 παραμένει
2439 1930 2552 1991 τοῖς
2591 1929 2651 1984 ὲν
2682 1928 2760 2000 τῷ
2808 1928 2957 2000 ζόφῳ
2990 1927 3349 1983 σκοτισθεῖσιν
3377 1928 3412 1997 ἠ
3452 1925 3589 1996 πρὸς
3612 1925 3676 1977 τὸ

427 2017 498 2076 ab
537 2031 724 2072 errore
778 2016 846 2071 ad
897 2014 1214 2078 veritatem,
1267 2015 1555 2071 tenebrosa
1603 2030 1821 2086 quoque
1873 2017 1999 2071 vitae

428 2107 603 2163 forma
656 2107 821 2164 simul
873 2114 1117 2162 mutatur
1168 2107 1235 2161 ad
1288 2105 1525 2161 lucidam
1580 2107 1829 2178 gratiam.
1872 2106 1998 2163 Haec

427 2208 607 2255 autem
655 2198 817 2255 etiam
864 2198 929 2253 ad
973 2197 1353 2263 Timotheum,
1401 2212 1523 2267 qua:
1574 2196 1643 2252 ad
1678 2198 1997 2253 adolescen-

426 2292 570 2349 tulas
607 2291 740 2347 dicit
768 2290 970 2351 Christi
1000 2305 1200 2360 sponsa
1222 2330 1237 2354 ,
1271 2290 1474 2346 Paulus
1502 2306 1568 2344 ex
1604 2290 1761 2361 nigro
1808 2300 1997 2360 postea

426 2384 606 2439 factus
648 2381 1004 2453 splendidus,
1059 2381 1203 2450 quod
1244 2382 1361 2451 ipse
1408 2397 1627 2452 quoque
1675 2382 1872 2452 dignus
1927 2382 1999 2437 sit

426 2477 649 2534 habitus
681 2476 774 2548 qui
819 2475 971 2531 ﬁeret
999 2476 1245 2546 pulcher,
1285 2476 1377 2545 qui
1421 2477 1575 2545 prius
1600 2485 1718 2530 erat
1748 2476 1999 2546 blasphe-

426 2584 571 2633 mus,
602 2575 657 2624 et
695 2577 1035 2638 persecutor,
1061 2576 1115 2622 et
1159 2566 1592 2621 contumeliosus
1623 2566 1689 2631 ⁸ο,
1716 2576 1767 2619 et
1799 2566 1952 2637 niger
1980 2585 1993 2622 :

425 2669 483 2716 et
521 2659 666 2731 quod
713 2659 968 2714 Christus
1018 2659 1226 2713 venerit
1273 2657 1326 2711 in
1364 2658 1662 2721 mundum,
1720 2665 1779 2709 ut
1812 2657 1998 2727 nigros

426 2752 631 2808 faceret
678 2750 1026 2822 splendidos,
1076 2765 1185 2804 non
1209 2748 1388 2819 justus
1437 2748 1506 2803 ad
1535 2764 1594 2804 se
1628 2764 1860 2814 vocans,
1902 2749 1997 2803 sed

425 2851 744 2914 peccatores
777 2842 843 2896 ad
885 2842 1292 2913 pmnitentiam,
1327 2857 1466 2911 quos
1512 2843 1733 2896 lavacro
1770 2856 1996 2912 regene-

425 2933 659 2988 rationis
686 2933 869 2987 lucere
898 2932 1024 2988 fecit
1055 2942 1307 3003 tanquam
1340 2931 1631 2984 luminaria
1652 2970 1667 2995 ,
1707 2932 1999 2984 tenebrosa

426 3041 615 3081 eorum
662 3024 836 3080 forma
876 3040 971 3096 per
1009 3040 1205 3095 aquam
1256 3024 1462 3079 abluta.
1496 3022 1611 3078 Hoc
1655 3023 1819 3077 etiam
1854 3023 2000 3077 videt

426 3119 622 3176 oculus
663 3117 829 3173 David
864 3118 917 3172 in
970 3132 1207 3187 superna
1246 3118 1503 3182 civitate,
1536 3126 1590 3171 et
1617 3117 1847 3170 miratur
1877 3132 2000 3186 spe-

426 3209 723 3273 ctaculum,
769 3222 962 3278 nempe
1005 3206 1463 3277 quemadmodum
1506 3207 1563 3262 in
1615 3206 1707 3262 Dei
1740 3207 1996 3272 civitate,

426 3301 495 3354 de
524 3315 630 3370 qua
658 3300 805 3354 dicta
851 3307 979 3352 sunt
1022 3297 1283 3367 gloriosa,
1315 3297 1556 3369 Babylon
1588 3298 1911 3364 collocatur,
1943 3308 1998 3353 et

429 3389 580 3446 Raab
608 3390 863 3448 meretrix
909 3404 1109 3460 sponsa
1157 3389 1411 3453 efﬁcitur,
1460 3389 1998 3461 alienigeanue,et

429 3480 608 3554 Tyrus
642 3491 695 3536 et
720 3482 954 3552 populus
982 3479 1302 3552 xEthiopum
1336 3483 1392 3535 in
1419 3496 1481 3535 ea
1511 3483 1827 3538 exsistunt:
1860 3480 1998 3537 adeo

427 3582 490 3628 ut
519 3587 677 3628 nemo
719 3572 890 3643 possit
931 3572 1166 3640 amplius
1218 3572 1345 3626 huic
1387 3572 1594 3626 civitati
1633 3571 1999 3626 habitatorum

428 3668 759 3739 exprobrare
776 3667 1125 3723 solitudinem
1140 3666 1329 3722 dicens
1350 3685 1363 3720 :
1386 3664 1659 3737 Numquid
1678 3667 1807 3722 Sion
1825 3666 1958 3720 dicet
1980 3683 2001 3723 :

429 3761 600 3818 Homo
630 3771 788 3815 natus
818 3768 894 3816 est
927 3760 981 3813 in
1007 3776 1070 3814 ea
1092 3760 1171 3813 “?
1212 3757 1347 3813 Nam
1377 3760 1489 3814 illic
1515 3774 1733 3830 quoque
1772 3759 2002 3814 tribules

431 3854 668 3910 civitatis
697 3853 830 3907 iiunt
860 3852 1196 3922 alienigenae,
1227 3859 1281 3906 et
1320 3849 1802 3923 Hierosolymitani
1832 3849 2005 3921 Baby-

430 3946 595 4003 lonii.
623 3954 677 4001 et
717 3946 871 4017 virgo
921 3945 1203 4008 meretrix,
1256 3955 1306 3999 ct
1340 3944 1560 3999 candidi
1601 3943 1918 4014 Ethiopes,
1948 3951 2003 3999 et

431 4032 608 4111 Tyrus
632 4054 868 4109 superna
891 4037 1109 4099 civitas,
1141 4037 1215 4091 lta
1245 4037 1334 4091 hic
1363 4052 1582 4109 quoque
1602 4051 1804 4106 sponsa
1827 4051 2004 4106 prom-

430 4138 555 4200 ptas
580 4139 633 4185 et
664 4134 845 4184 animo
868 4128 1080 4184 alacres
1108 4127 1287 4183 reddit
1329 4127 1469 4183 ﬁlias
1500 4126 1825 4190 Jerusalem,
1853 4142 2004 4182 com-

432 4219 698 4283 mendans
741 4218 930 4290 sponsi
969 4218 1303 4282 bonitatem,
1347 4218 1492 4287 quod
1540 4218 1759 4274 etiamsi
1789 4219 2000 4288 nigram

433 4310 701 4376 acceperit
724 4310 985 4373 animam,
1019 4324 1114 4376 per
1135 4324 1252 4363 eam
1275 4324 1395 4379 qua:
1420 4323 1547 4363 cum
1576 4308 1693 4377 ipso
1718 4308 2005 4365 intercedit

434 4401 871 4469 conjunctioncm
893 4438 910 4463 ,
943 4400 1119 4454 reddit
1151 4399 1454 4468 pulchram,
1493 4409 1547 4455 et
1590 4399 1636 4456 si
1663 4400 1788 4469 quis
1822 4402 1893 4455 sit
1924 4410 2004 4452 ta-

434 4492 790 4550 bernaculum
836 4490 1031 4558 Cedat,
1073 4491 1131 4545 [it
1164 4490 1303 4547 lucis
1344 4492 1714 4547 habitaculum
1747 4492 1860 4547 veri
1905 4491 2007 4546 Sa-

2099 2017 2290 2081 σκότος
2319 2019 2575 2088 ὁμοίωσις
2597 2037 2613 2053 ·
2645 2019 2790 2075 οὕτω
2815 2021 3205 2091 μετατεθείσης
3231 2019 3329 2090 τῆς
3356 2018 3533 2088 ψυχῆς
3566 2016 3674 2070 ἀπδ

2097 2111 2199 2181 τῆς
2226 2110 2433 2181 πλάνης
2462 2112 2597 2182 πρὸς
2632 2111 2731 2184 τὴν
2767 2113 3024 2185 ἀλήθειαν
3046 2157 3061 2177 ,
3093 2112 3190 2166 καὶ
3217 2114 3252 2184 ἠ
3290 2110 3538 2181 σκοτεινὴ
3578 2107 3674 2164 τοῦ

2101 2201 2216 2271 βίου
2254 2202 2435 2273 μορφὴ
2466 2203 2601 2275 πρὸς
2632 2204 2737 2273 τὴν
2766 2205 3032 2274 φωτεινὴν
3072 2204 3232 2275 χάριν
3288 2201 3671 2274 συμμεταϐάλ-

2098 2293 2266 2347 λεται.
2308 2292 2493 2346 Ταῦτα
2539 2294 2634 2347 καὶ
2670 2294 2806 2364 πρὸς
2858 2295 2950 2349 τὸν
2992 2295 3291 2366 Τιμόθεον,
3325 2294 3361 2348 ἃ
3408 2293 3543 2364 πρὸς
3576 2291 3674 2354 τὰς

2098 2384 2341 2449 νεάνιδας
2389 2385 2538 2453 λέγει
2574 2387 2607 2456 ἡ
2647 2385 2743 2439 τοῦ
2770 2386 3006 2457 Χριστοῦ
3050 2387 3270 2457 νύμφη,
3313 2388 3343 2441 6
3370 2385 3612 2449 Παῦλος,
3646 2387 3677 2437 6

2097 2475 2347 2547 λαμπρὸς
2375 2477 2438 2530 ἐκ
2470 2477 2695 2549 μέλανος
2733 2478 2870 2547 μετὰ
2905 2477 3078 2532 ταῦτα
3102 2478 3392 2548 γενόμενος
3415 2517 3432 2541 ,
3462 2477 3544 2531 ὅτι
3577 2494 3674 2529 κα-

2097 2568 2187 2632 λὸς
2211 2568 2417 2640 ἠξιώθη
2448 2570 2539 2622 καὶ
2568 2569 2728 2633 αὐτὸς
2753 2570 3043 2637 γενέσθαι,
3079 2572 3106 2624 ό
3141 2570 3403 2643 πρότερον
3431 2568 3675 2640 βλάσφη-

2101 2678 2200 2732 μος
2224 2661 2299 2714 ὢν
2324 2701 2339 2725 ,
2374 2662 2467 2716 καί
2491 2662 2721 2733 διώκτης
2748 2702 2763 2725 ,
2793 2663 2888 2717 καὶ
2918 2662 3179 2735 ὑϐριστὴς
3200 2703 3214 2724 .
3244 2664 3340 2719 καὶ
3371 2663 3565 2734 μέλαςο
3593 2664 3676 2720 ὅτι

2097 2753 2331 2823 Χριστὸς
2358 2756 2438 2817 εἰς
2461 2754 2552 2807 τὸν
2580 2755 2785 2825 κόσμον
2814 2751 2945 2826 ἦλθε
2983 2754 3271 2827 λαμπροὺς
3298 2756 3518 2824 ποιῆσαι
3550 2754 3677 2818 τοὺς

2102 2844 2339 2915 μέλανας
2360 2884 2373 2908 ,
2397 2846 2459 2899 οὐ
2481 2845 2719 2909 δικαίους
2751 2847 2886 2918 πρὸς
2911 2847 3102 2899 ἑαυτὸν
3123 2846 3320 2909 καλῶν,
3346 2846 3482 2900 ἀλλὰ
3508 2847 3678 2916 ἁμαρ-

2097 2937 2301 3000 τωλοὺς
2324 2939 2403 3001 είς
2435 2939 2741 3008 μετάνοιαν.
2772 2938 2865 3002 οὒς
2889 2939 2967 3010 τῷ
2991 2938 3201 3010 λουτρῷ
3224 2939 3323 3010 τῆς
3355 2938 3677 3008 παλιγγενε-

2101 3027 2220 3091 σίας
2247 3027 2481 3098 λάμπειν
2508 3030 2583 3093 ὠς
2610 3032 2903 3102 φωστῆρας
2930 3032 3153 3101 ἐποίησε
3178 3071 3193 3095 ,
3224 3030 3284 3083 τὸ
3313 3030 3549 3098 ζοφῶδες
3576 3032 3671 3084 αύς

2098 3119 2207 3171 τῶν
2229 3115 2367 3183 εἶδος
2388 3120 2704 3184 ἀποκλύσας
2730 3122 2806 3191 τῷ
2831 3121 3004 3177 ὕδατι.
3030 3121 3174 3177 Αὐτὸ
3209 3120 3367 3174 τοῦτο
3394 3120 3487 3174 καὶ
3521 3123 3551 3174 ό
3582 3118 3677 3172 τοῦ

2100 3210 2261 3264 Δαϐὶδ
2288 3211 2563 3282 ὀφθαλμὸς
2587 3214 2644 3269 ὲν
2671 3215 2737 3283 τῇ
2769 3212 2881 3267 ἄνω
2911 3213 3063 3265 πόλει
3095 3213 3218 3284 ὁρᾷ,
3236 3212 3331 3265 καὶ
3362 3213 3418 3264 ὲν
3440 3210 3677 3281 θαύματι

2102 3308 2334 3358 ποιεῖται
2357 3304 2417 3357 τὸ
2444 3304 2622 3376 Θὲαμα
2640 3325 2651 3335 ·
2691 3306 2807 3369 mi};
2855 3308 2911 3359 ὲν
2939 3309 3004 3377 τῇ
3030 3305 3182 3360 πόλει
3218 3304 3314 3358 τοῦ
3344 3304 3480 3357 Θεοῦ
3504 3344 3519 3363 .
3549 3303 3677 3373 περὶ

2099 3391 2167 3467 ἦς
2214 3397 2282 3450 τὰ
2326 3395 2688 3464 δεδοξασμένα
2732 3396 3022 3465 λελάληται
3048 3436 3063 3460 ,
3098 3393 3355 3448 Βαϐυλὼν
3391 3392 3674 3457 οἰκίζεται,

2100 3490 2195 3543 καὶ
2221 3491 2256 3558 ἡ
2299 3488 2471 3560 πόρνη
2511 3487 2677 3542 Ῥαὰϐ
2713 3488 3139 3559 μνημονεύεται,
3170 3484 3452 3555 ἀλλόφυλοι
3493 3502 3552 3536 τε
3584 3485 3682 3537 καὶ

2101 3582 2275 3653 Τύρος
2308 3583 2403 3636 καὶ
2455 3583 2483 3634 ό
2512 3580 2620 3633 τῶν
2652 3580 2926 3635 Αἰθιόπων
2965 3579 3093 3642 λαὸς
3129 3580 3189 3633 ὲν
3219 3579 3356 3649 αὐτῇ
3405 3577 3673 3645 γίνονται⁹

2101 3671 2175 3733 ὡς
2227 3672 2421 3742 μηκέτι
2465 3669 2573 3723 τῶν
2619 3654 2922 3740 ἀνθρώπων
2951 3670 3072 3724 τινὰ
3100 3672 3165 3740 τῇ
3199 3669 3349 3721 πόλει
3379 3668 3549 3737 ταύτῃ
3580 3666 3677 3738 τὴν

2100 3762 2207 3817 τῶν
2229 3762 2525 3833 οἰκητόρων
2550 3762 2787 3832 ἐρημίαν
2810 3760 3101 3825 ὲπονειδίζε
3111 3778 3158 3813 ιν
3185 3760 3409 3829 λέγοντα
3432 3776 3445 3789 ’
3468 3758 3561 3825 Μή
3587 3776 3679 3825 τις

2102 3856 2189 3911 ἔτι
2219 3854 2293 3924 τῇ
2324 3854 2476 3908 Σιὼν
2508 3854 2645 3924 ἐρεῖ,
2686 3855 3029 3921 Ἀνθρωπος
3060 3851 3347 3921 ἐγεννήθη
3386 3852 3456 3904 ἐν
3479 3853 3672 3918 αὐτῇ,

2102 3951 2278 4005 Κάκεῖ
2300 3948 2408 4019 γὰρ
2437 3947 2661 4016 φυλέται
2684 3949 2783 4017 τῆς
2807 3946 3013 4010 πόλεως
3033 3945 3272 4011 γίνονται
3299 3945 3347 3996 οἱ
3371 3943 3675 4013 ἀλλόφυλοι,

2103 4042 2199 4096 καὶ
2276 4039 2698 4111 Ἱεροσολυμῖται
2752 4035 3078 4089 Βαϐυλώνιοι
3107 4077 3122 4101 ,
3177 4035 3269 4089 καὶ
3319 4034 3584 4106 παρθένος
3641 4036 3675 4104 ὴ

2104 4136 2276 4205 πόρνη
2302 4174 2316 4199 ,
2340 4134 2435 4187 καὶ
2460 4132 2704 4203 λαμπροὶ
2736 4132 2786 4183 οἱ
2817 4130 3071 4192 Αἰθίοπες
3096 4168 3112 4192 ,
3161 4129 3255 4181 καὶ⁹
3289 4128 3464 4200 Τύρος
3502 4129 3534 4198 ὴ
3566 4127 3678 4186 ἄνω

2104 4228 2255 4290 πόλις
2279 4245 2293 4259 ο
2347 4227 2487 4279 οῦτω
2524 4225 2619 4277 καὶ
2657 4221 2887 4277 ἐνταῦθα
2916 4222 3014 4284 τὰς
3063 4218 3367 4291 Θυγατέρας
3411 4219 3678 4287 Ἰερουσα-

2104 4322 2217 4391 λὴμ
2244 4318 2728 4391 προθυμοποιεῖται
2764 4317 2797 4385 ἡ
2827 4314 3012 4384 νύμφη
3034 4353 3049 4379 ,
3089 4311 3389 4367 συνιστῶσα
3420 4310 3514 4365 τοῦ
3544 4328 3679 4380 νυμ-
3736 4338 3739 4343 -

2106 4411 2228 4481 φίου
2265 4410 2362 4480 τὴν
2405 4405 2720 4476 ἀγαθὸτητα
2743 4447 2758 4472 ,
2787 4406 2869 4458 ὅτι
2898 4404 3001 4457 κᾶν
3058 4402 3315 4473 μέλαινάν
3360 4418 3479 4455 τινα
3523 4400 3677 4454 λάϐοι

2105 4501 2303 4571 ψυχὴν,
2336 4501 2403 4569 τῇ
2429 4497 2563 4567 πρὸς
2596 4495 2786 4549 ἑαυτὸν
2815 4493 3069 4563 κοινωνίᾳ
3096 4491 3263 4562 καλὴν
3287 4489 3677 4562 ἀπεργάζεται,

433 4584 700 4650 lomonis,
735 4583 840 4641 hoc
884 4592 968 4639 est
1014 4584 1151 4653 regis
1194 4582 1408 4646 paciﬁci
1455 4583 1511 4636 in
1555 4598 1617 4638 ea
1657 4582 2002 4638 habitantis:

2108 4592 2207 4645 κᾶν
2231 4607 2315 4652 τις
2346 4582 2661 4659 σκήνωμαῇ
2685 4584 2894 4655 Κηδὰρ,
2925 4584 3101 4653 φωτὸς
3124 4584 3440 4651 οἰκητήριον
3470 4580 3678 4648 γίνεται

423 4694 707 4758 propterea
744 4676 891 4733 dicit
924 4694 937 4730 :
970 4673 1143 4745 Nigra
1176 4692 1293 4733 sum
1320 4684 1371 4731 et
1405 4680 1662 4745 formosa,
1690 4676 1820 4741 ﬁlia:
1842 4674 2003 4729 Jeru-

434 4772 633 4840 salem,
666 4778 726 4826 ut
749 4770 816 4824 ad
862 4784 948 4825 me
1002 4769 1335 4839 aspicientes
1395 4784 1491 4825 vos
1548 4785 1765 4840 quoque
1804 4768 2005 4823 cilicia-

435 4863 571 4920 mini
602 4863 768 4932 pelles
798 4859 1108 4940 Salomonis
1129 4902 1144 4926 ,
1185 4862 1400 4917 etiamsi
1439 4863 1631 4917 essetis
1655 4862 2004 4918 tabernacula

436 4957 632 5013 Cedar.

511 5141 714 5200 Deinde
736 5141 804 5197 iis
828 5155 948 5211 qua:
974 5139 1121 5195 dicta
1149 5145 1277 5193 sunt
1303 5137 1581 5206 subjungit
1610 5151 1675 5191 ea
1704 5151 1825 5205 quae
1858 5135 2012 5190 dein~

440 5252 570 5308 ceps
597 5235 877 5297 dicuntur,
906 5247 1001 5303 per
1038 5247 1160 5302 qua:
1187 5231 1504 5285 necessario
1534 5228 1707 5283 munit
1733 5239 1787 5282 et
1811 5227 2012 5283 contir-

440 5338 554 5384 mat
595 5335 834 5382 mentem
881 5340 1071 5381 eorum
1114 5324 1206 5394 qui
1252 5322 1503 5385 discunt,
1543 5337 1613 5375 ne
1658 5322 2014 5377 tenebricosae

442 5421 631 5476 forma:
645 5434 868 5476 causam
886 5417 1163 5473 ascribant
1178 5413 1445 5475 Creatori,
1470 5412 1562 5467 sed
1579 5411 1805 5466 liberum
1830 5412 2015 5467 unius-

2110 4680 2204 4733 τοῦ
2254 4676 2504 4748 ἀληθινοῦ
2549 4673 2927 4744 Σολομῶντος,
2980 4671 3226 4724 τουτέστι
3263 4670 3358 4722 τοῦ
3402 4667 3680 4740 εἰρηνικοῦ

2113 4771 2372 4841 βασιλέως
2420 4771 2477 4822 ἐν
2523 4769 2660 4838 αύτῇ
2695 4764 3136 4834 κατοικήσαντος.
3180 4761 3280 4813 Διὰ
3324 4760 3480 4813 τοῦτό
3525 4774 3679 4829 φησι·

2111 4861 2378 4918 Μέλαινιὶ
2403 4862 2519 4929 εἰμι
2542 4858 2641 4911 καὶ
2682 4856 2837 4922 καλὴ
2860 4894 2874 4920 ,
2917 4852 3235 4923 θυτπατέρες
3273 4848 3678 4919 Ἰερουσαλήμ·

2114 4952 2201 5009 ἵνα
2233 4950 2368 5021 πρὸς
2395 4948 2494 5017 ἐμὲ
2534 4946 2826 5016 βλέπουσαι
2850 4983 2865 5007 ,
2899 4944 2993 4997 καὶ
3026 4942 3183 5013 ὑμεῖς
3213 4938 3441 5009 γένησθε
3471 4937 3685 5009 δέρρεις

2110 5043 2451 5113 Σολομῶντος
2473 5079 2488 5104 ,
2523 5038 2626 5095 κᾶν
2649 5035 2979 5108 σκηνώματα
2997 5031 3094 5107 ἦτε
3117 5033 3327 5105 Κηδάρ.

2178 5136 2311 5191 Εἶτα
2345 5132 2539 5201 ἐπάγει
2583 5133 2696 5194 τοῖς
2749 5130 3061 5202 εἰρημένοις
3111 5129 3179 5183 τὰ
3222 5128 3449 5199 ἐφεξῆς,
3494 5126 3561 5182 δι’
3609 5119 3687 5179 ὧν

2080 5256 2083 5259 ν
2108 5228 2420 5298 ἀναγκαίως
2445 5225 2799 5294 ἁσφαλίζεται
2827 5224 2925 5295 τὴν
2955 5222 3063 5277 τῶν
3096 5221 3546 5293 μαθητευομένων
3573 5219 3689 5272 διά-

2110 5339 2259 5376 νοιαν
2280 5359 2295 5381 ,
2346 5318 2419 5388 μὴ
2472 5317 2549 5388 τῷ
2587 5314 2912 5387 Δημιουργῷ
2935 5314 3033 5384 τὴν
3065 5314 3243 5366 αἰτίαν
3275 5311 3369 5365 τοῦ
3410 5309 3685 5365 σκοτεινοῦ

2121 5412 2292 5473 εἴδους
2315 5407 2621 5462 ἀνατιθέναι
2640 5447 2653 5468 ,
2688 5405 2822 5459 ἀλλὰ
2846 5406 2944 5474 τὴν
2979 5404 3210 5457 ἑκάστου
3254 5402 3567 5472 προαίρεσιν
3591 5399 3686 5451 τοῦ

441 5514 713 5582 cujusque
735 5510 1020 5565 arbitrium
1049 5506 1216 5575 hujus
1248 5504 1438 5559 (omne
1470 5503 1774 5573 intelligant
1808 5503 2004 5572 jecisse

2120 5501 2360 5556 τοιούτου
2390 5498 2564 5562 εἴδους
2588 5498 2687 5560 τὰς
2727 5497 2902 5569 ἀρχὰς
2935 5495 3386 5550 καταδόιλλεσθαι.
3419 5492 3514 5559 Μὴ
3540 5491 3689 5557 ,βλέ-

444 5602 797 5675 principium.
835 5600 915 5655 Ne
936 5618 1037 5665 me,
1076 5598 1274 5668 inquit,
1305 5595 1602 5666 aapiciatis,
1628 5595 1879 5664 quoniam
1897 5611 2004 5649 εκηι

2120 5600 2277 5665 arma
2296 5593 2445 5663 πρός
2460 5609 2558 5663 με,
2588 5590 2772 5663 φησιν,
2794 5590 2885 5644 ὅτι
2914 5588 3028 5660 ἐγώ
3061 5592 3177 5656 clpe
3201 5583 3685 5658 μεμελανωμένη.

446 5696 595 5764 nigra
615 5694 776 5761 facta.
809 5692 928 5748 Non
954 5693 1097 5755 talis,
1131 5689 1326 5761 inquit,
1359 5688 1536 5757 primo
1570 5686 1712 5741 facta
1737 5686 2004 5741 sum.Non

2122 5690 2197 5741 Ού
2221 5686 2441 5759 τοιαύτη
2468 5686 2665 5757 γέγονα
2694 5683 2840 5754 παρὰ
2861 5682 2958 5754 τὴν
2984 5681 3223 5755 πρώτην.
3247 5680 3382 5734 Οὐδὲ
3407 5677 3514 5750 γὰρ
3541 5675 3695 5739 εἰκὸς

516 5874 537 5903 ⁹
564 5872 719 5928 lium.
752 5888 801 5936 v,
830 5869 885 5925 8.
963 5870 1004 5902 ¹⁰
1030 5866 1049 5921 Ι
1074 5866 1212 5922 Tim.
1245 5884 1282 5934 I,
1327 5867 1408 5921 l3.
1489 5867 1527 5897 ¹¹
1559 5864 1701 5921 Psal.
1736 5880 1958 5929 Luxvl,
1994 5862 2026 5917 5
2059 5880 2179 5934 sqq.
