4116 6504
337 481 444 541 793

1393 486 1460 542 IN
1488 486 1786 545 CANTICA
1824 489 2096 548 CANTIC.
2135 489 2420 548 HOMILIA
2450 491 2514 549 ll.

3474 494 3581 549 794

331 596 401 671 ἦν
422 598 540 661 ταῖς
561 600 849 666 φωτειναῖς
877 596 972 652 τοῦ
992 597 1127 654 Θεοῦ
1159 600 1318 671 χερσὶ
1342 600 1742 673 πλασσομένην,
1781 620 1906 657 σκο-

2034 605 2175 667 :nim,
2209 603 2404 674 inquit,
2445 611 2564 658 erat
2588 613 3041 666 consentaneum,
3068 610 3129 657 ut
3159 603 3209 657 ei
3251 617 3371 672 qua:
3398 601 3583 658 lucida

333 686 494 758 τεινῷ
538 705 645 741 τινι
680 689 777 742 καὶ
812 689 1010 758 μέλανι
1039 690 1478 762 περιχρωσθῆναι
1507 694 1583 762 τῷ
1612 695 1759 751 εἴδει.
1795 695 1909 747 Οὐκ

334 778 482 851 ἤμην
512 778 734 850 τοιαύτη
756 819 771 844 ,
804 782 1001 852 φησιν,
1036 781 1172 837 ἀλλά
1198 782 1417 851 γέγονα.
1448 786 1523 843 Ού
1556 784 1666 854 γάρ
1715 788 1780 839 ὲκ
1805 786 1907 856 φύ⁶

338 868 476 933 σεώς
521 871 637 941 είμι
690 870 1158 944 μεμελανωμένη·
1190 873 1304 927 ἀλλ⁹
1344 876 1664 931 ὲπείσακτόν
1710 894 1799 947 μοι
1851 878 1911 931 τὸ

335 962 575 1016 τοιοῦτον
611 959 795 1035 αῐσχος
822 965 1055 1033 ἐγένετο,
1084 965 1177 1020 τοῦ
1202 967 1353 1037 ἡλίου
1390 969 1521 1038 πρὸς
1559 969 1620 1021 τὺ
1656 969 1823 1038 μέλαν
1847 971 1912 1024 ὲκ

338 1054 595 1126 λαμπροῦ
657 1055 754 1128 τὴν
816 1058 1029 1128 μορφὴν
1098 1058 1566 1129 μεταχρώσαντος.
1628 1061 1691 1114 '0
1743 1060 1914 1129 ἥλιος

339 1148 483 1215 γὰρ,
517 1146 649 1218 φησι
673 1186 689 1211 ,
725 1147 1104 1217 προοέόλεψέ
1145 1167 1243 1219 με.
1286 1151 1349 1202 Τί
1381 1147 1472 1204 οὖν
1505 1152 1533 1205 ὃ
1581 1152 1670 1205 διά
1709 1152 1915 1206 τούτων

348 1240 724 1312 μανθάνομενς
746 1240 909 1309 Λέγει
941 1241 1030 1294 διά
1060 1242 1373 1313 παραϐολῆς
1403 1247 1514 1307 τοῖς
1545 1245 1723 1313 ὄχλοις
1748 1248 1778 1299 ὁ
1802 1246 1916 1299 Κύ-

348 1348 492 1401 ριος,
519 1331 601 1385 ὅτι
629 1332 658 1385 ὁ
685 1332 923 1403 σπείρων
951 1333 1043 1385 τὸν
1074 1332 1229 1402 λόγον
1247 1374 1263 1398 ,
1287 1335 1350 1387 οὐ
1378 1335 1475 1407 τὴν
1505 1336 1714 1407 ἀγαθὴν
1755 1337 1916 1407 μόνον

346 1420 701 1492 κατασπείρει
733 1421 958 1492 καρδίαν
976 1463 991 1485 ,
1015 1421 1150 1475 ἀλλά
1178 1422 1281 1475 κᾶν
1305 1422 1534 1494 λιθώδης
1563 1441 1644 1488 τις
1673 1421 1741 1496 ἦν
1764 1465 1779 1489 ,
1813 1425 1916 1480 κᾶν

344 1514 467 1576 ταῖς
490 1511 752 1575 ἀκάνθαις
784 1512 1156 1583 ύλομανοῦσα,
1194 1514 1299 1567 κᾶν
1336 1516 1589 1586 παρόδιός
1610 1533 1669 1568 τε
1697 1518 1789 1571 καὶ
1818 1535 1917 1571 πε-

346 1602 671 1674 πατημὲνη,
709 1604 873 1658 πᾶσιν
909 1604 1000 1656 ἐπὶ
1037 1603 1445 1675 φιλανθρωπίας
1493 1606 1771 1661 ἐπιϐάλλει
1821 1607 1918 1662 τοῦ

345 1695 507 1764 λόγου
539 1696 609 1748 τά
654 1697 962 1766 σπέρματα.
1010 1697 1120 1749 Καὶ
1170 1698 1400 1752 ἑκάστου
1432 1699 1498 1752 τὰ
1533 1699 1795 1771 ἰδιώματα
1828 1703 1920 1772 ἑρ-

351 1787 603 1859 μηνεύων
626 1787 705 1859 τῷ
754 1788 894 1857 λόγῳ
920 1828 935 1855 ,
974 1789 1130 1841 τοῦτό
1163 1806 1325 1859 φησιν
1375 1791 1467 1843 ἐπὶ
1514 1790 1615 1861 τῆς
1668 1791 1921 1856 λιθώδους

2015 697 2106 753 Dei
2142 699 2392 755 manibus
2441 698 2758 768 ﬁngebatur,
2804 700 3109 753 illinerctur
3164 698 3338 751 forma
3399 698 3581 768 aliqua

2013 789 2356 845 tenebricosa
2382 797 2440 844 et
2469 790 2646 858 nigra.
2680 788 2798 842 Non
2828 804 2974 843 eram
3008 804 3157 859 ergo,
3201 788 3399 858 inquit,
3433 789 3579 853 talis,

2014 880 2109 936 sed
2142 880 2281 935 facta
2315 897 2456 935 sum.
2478 879 2596 935 Non
2628 883 2771 935 enim
2803 879 2942 935 facta
2972 896 3092 935 sum
3118 882 3271 949 nigra
3301 896 3332 933 a
3364 889 3581 937 natura.

2015 972 2108 1027 sed
2137 972 2433 1028 adventitia
2464 973 2518 1026 in
2554 987 2639 1026 me
2681 971 2781 1025 fuit
2830 972 2945 1026 haec
2980 971 3287 1041 turpitudo,
3331 986 3453 1025 cum
3499 973 3585 1025 sol

2014 1076 2190 1115 meam
2222 1060 2453 1115 formam
2484 1077 2551 1115 ex
2586 1060 2875 1130 splendido
2905 1062 3091 1116 colore
3136 1061 3467 1115 mutavit‘in
3497 1064 3583 1116 ui-

2015 1167 2193 1221 grum.
2221 1148 2318 1206 Sol
2345 1153 2506 1216 enim,
2545 1152 2743 1221 inquit,
2777 1153 2984 1219 aspexit
3009 1169 3110 1205 me.
3141 1152 3285 1219 Quid
3318 1168 3451 1223 ergo
3500 1162 3586 1209 est

2016 1244 2160 1313 quod
2196 1259 2291 1313 per
2322 1244 2427 1298 hoc
2457 1244 2721 1300 discimus
2743 1246 2765 1298 ?
2786 1245 2925 1299 Dicit
2956 1244 3217 1301 Dominus
3265 1247 3441 1302 turbis
3492 1261 3589 1316 per

2017 1335 2356 1403 parabolam,
2390 1336 2534 1404 quod
2569 1336 2665 1406 qui
2700 1337 2925 1391 verbum
2972 1338 3228 1403 seminat,
3261 1352 3371 1393 non
3412 1339 3587 1394 solum

2020 1426 2075 1480 in
2113 1427 2253 1480 bono
2280 1427 2448 1481 corde
2482 1430 2737 1490 seminat,
2772 1428 2866 1482 sed
2918 1429 3085 1483 etiam
3121 1428 3168 1481 si
3205 1430 3277 1483 sit
3314 1428 3587 1498 quispiam

2020 1518 2323 1588 lapidosus,
2351 1526 2407 1573 et
2436 1519 2482 1574 si
2511 1520 2687 1589 spinis
2715 1519 2974 1584 luxuriet,
3003 1527 3058 1574 et
3086 1521 3132 1574 si
3161 1521 3231 1574 sit
3251 1520 3411 1590 juxta
3444 1519 3588 1572 viam

2018 1618 2074 1664 et
2128 1611 2523 1676 conculcatus,
2583 1611 2840 1666 omnibus
2892 1612 2963 1665 ob
3027 1612 3415 1682 benignitatem
3457 1610 3592 1680 jaeit

2019 1703 2169 1757 verbi
2230 1704 2438 1758 semina
2464 1704 2530 1758 ".
2580 1703 2645 1756 Et
2706 1704 3140 1773 uniuscujusque
3206 1703 3590 1774 proprietatem

2022 1810 2278 1851 sermone
2334 1795 2643 1865 explicans,
2700 1795 2825 1859 hoc,
2873 1796 3072 1866 inquit,
3105 1796 3304 1851 accidit
3336 1798 3390 1850 in
3447 1805 3591 1851 terra

350 1879 666 1950 συμϐαίνειν
720 1879 935 1950 ψυχῆς,
990 1882 1075 1934 ὅτι
1113 1880 1213 1934 οὐκ
1261 1881 1321 1933 ἐν
1355 1880 1508 1951 βάθει
1565 1880 1807 1954 ῥιζοῦται
1858 1885 1921 1937 τὸ

2034 1886 2291 1957 lapidosa,
2308 1883 2454 1954 quod
2476 1904 2584 1943 non
2611 1889 2665 1943 in
2692 1888 2963 1958 profundo
2989 1887 3202 1943 radices
3225 1888 3337 1959 agit
3371 1886 3425 1941 id
3447 1885 3594 1956 quod

349 1949 691 2044 ἐσπαρμένον
715 1949 742 2035 ,ί
779 1949 916 2024 ἀλλὰ
963 1973 1299 2044 παραχρῆμα
1349 1949 1449 2043 μὲν
1495 1949 1577 2027 δι’-
1599 1976 1917 2029 ἐπιπολαίου

2034 1986 2111 2030 est
2138 1977 2489 2041 seminatum,
2519 1978 2616 2033 sed
2647 1980 2899 2050 protinus
2924 1978 3142 2048 quidem
3192 1992 3289 2049 per
3322 1978 3596 2049 germina-

353 2062 591 2133 βλάστης
619 2061 711 2116 τὸν
751 2062 1491 2139 στάχυνλκατεπαγγέλλεται
1522 2082 1536 2095 °
1591 2065 1920 2139 θερμότερον

349 2127 406 2207 δὲ
436 2153 531 2207 τοῦ
547 2127 714 2224 ⁷⁴ίιλίου
735 2154 797 2206 τὸ
824 2127 1181 2225 ύ-ποκῖείμενον
1205 2127 1506 2225 θάλψαντος
1522 2197 1538 2218 ,
1565 2127 1667 2228 τῷ·
1687 2127 1760 2228 μὴ
1790 2127 1922 2211 ὑπο-

353 2245 563 2299 κεῖσθαι
592 2245 711 2307 ταῖς
757 2244 931 2315 ῥίζαις
963 2245 1196 2316 ἰκμάδα,
1224 2246 1699 2318 καταξηραίνεται.
1724 2251 1923 2319 Πειρα-

353 2336 488 2407 σμὸν
511 2336 568 2389 δὲ
596 2335 684 2389 διὰ
704 2336 803 2407 τῆς
826 2336 1118 2408 ἑρμηνείας
1140 2336 1393 2408 ὀνομάζει
1411 2339 1502 2392 τὸν
1528 2340 1697 2410 ⁴ἤλιον.
1713 2339 1922 2394 Οὐκοῦν

351 2425 508 2481 τοῦτο
535 2426 688 2498 παρὰ
729 2426 828 2498 τῆς
868 2426 1186 2482 διδασκάλου
1235 2428 1298 2481 τὸ
1332 2429 1507 2500 δόγμα
1559 2430 1920 2501 μανθάνομεν,

350 2518 434 2573 ὅτι
458 2516 647 2585 γέγονε
674 2517 777 2588 μὲν
802 2520 835 2589 ἠ
878 2517 1191 2589 ἀνθρωπίνη
1221 2518 1383 2588 φύσις
1408 2519 1503 2573 τοῦ
1535 2520 1787 2593 ἀληθινοῦ
1812 2538 1923 2590 φω-

351 2610 443 2673 τὸς
466 2610 854 2680 άπεικόνισμα,
869 2609 1058 2682 πόρρω
1086 2609 1195 2663 τῶν
1229 2610 1517 2664 σκοτεινῶν
1537 2613 1921 2683 χαρακτήρων,

353 2704 417 2771 τῇ
454 2700 547 2754 τοῦ
580 2701 890 2772 ἀρχετύπου
940 2701 1170 2764 κάλλους
1218 2702 1495 2774 ὁμοιότητι
1527 2702 1816 2758 στίλϐουσα
1835 2722 1850 2736 ο
1896 2707 1926 2759 ὁ

353 2792 411 2844 δὲ
437 2793 741 2863 πειρασμὸς
765 2793 857 2845 τὸν
888 2791 1135 2863 φλογώδη
1183 2792 1437 2848 καύσωνα
1469 2794 1532 2847 δι’
1561 2795 1775 2866 ἀπάτης
1808 2798 1927 2850 ἐπι-

354 2881 533 2937 ϐαλὼν
553 2923 569 2946 ,
606 2882 817 2954 ἁπαλὴν
857 2883 935 2936 ἔτι
965 2884 1060 2938 καὶ
1106 2884 1293 2955 ἀριζον
1316 2886 1415 2956 τὴν
1440 2884 1661 2957 πρώτην
1692 2886 1929 2958 βλάστην

356 2973 621 3031 κατέϐαλε
638 2990 655 3006 ο
681 2975 772 3027 καὶ
796 2975 926 3044 πρὶν
956 2975 1072 3041 ἕξιν
1096 2976 1218 3029 τινά
1249 2976 1342 3028 τοῦ
1369 2976 1573 3046 ἀγαθοῦ
1600 2978 1923 3050 κτήσασθαι,

355 3068 450 3122 καὶ
472 3066 561 3119 διά
592 3067 691 3137 τῆς
716 3066 823 3119 τῶν
854 3066 1133 3137 λογισμῶν
1171 3068 1444 3139 γεωργίας
1473 3067 1656 3123 δοῦναι
1700 3072 1820 3134 ταῖς
1847 3072 1931 3142 ῥί-

357 3157 479 3223 ζαις
508 3157 671 3211 πότον
719 3157 812 3211 ἐπὶ
841 3157 902 3210 τὸ
949 3157 1110 3227 βάθος
1132 3199 1148 3223 ,
1182 3148 1341 3221 εὐθὺς
1375 3158 1462 3212 διά
1498 3160 1599 3229 τῆς
1646 3164 1926 3234 παρακοῆς

2024 2067 2248 2133 tionem,
2278 2083 2401 2137 quae
2426 2069 2604 2123 oritur
2633 2070 2685 2124 in
2715 2068 3026 2139 superﬁcie,
3059 2085 3293 2126 messem
3331 2069 3597 2140 promittit

2022 2167 2077 2215 et
2103 2160 2332 2230 spicam,
2363 2161 2457 2217 sed
2488 2177 2613 2216 cum
2637 2164 2718 2217 sol
2750 2164 2983 2220 calidius
3011 2165 3189 2219 solum
3222 2162 3437 2227 foverit,
3475 2176 3597 2233 pro-

2022 2258 2206 2319 pterea
2242 2251 2386 2319 quod
2416 2253 2599 2308 nullus
2634 2253 2832 2308 humor
2864 2255 3039 2309 subsit
3064 2254 3120 2309 in
3150 2253 3456 2318 radicibus,
3479 2267 3596 2307 ἐι-

2026 2341 2289 2396 siccatur.
2321 2342 2702 2399 Tentationem
2745 2354 2927 2402 autem
2977 2345 3390 2415 interpretando
3421 2344 3598 2399 nomi-

2022 2442 2118 2488 nat
2146 2435 2337 2490 solem.
2370 2433 2484 2491 Hoc
2512 2452 2645 2507 ergo
2691 2437 2890 2508 dogma
2922 2453 2951 2492 a
3005 2438 3265 2508 magistra
3309 2436 3594 2501 discimus,

2023 2523 2167 2593 quod
2200 2522 2344 2578 facta
2375 2525 2595 2594 quidem
2626 2538 2710 2583 est
2744 2527 2985 2582 humana
3014 2536 3213 2582 natura
3241 2528 3598 2582 simulacrum
3634 2540 3643 2543 '

2024 2630 2167 2670 verat
2206 2616 2372 2683 lucis,
2402 2618 2592 2687 procul
2622 2633 2651 2671 a
2681 2619 2991 2675 tenebrosis
3038 2618 3227 2689 ﬁguris
3275 2618 3488 2689 fulgens
3522 2619 3600 2673 si-

2024 2706 2340 2762 militudine
2370 2710 2703 2779 exemplaris
2731 2710 3162 2781 pulchritudinis
3189 2729 3206 2780 ;
3238 2713 3468 2766 tentatio
3503 2724 3603 2763 au-

2025 2810 2133 2856 tem
2161 2801 2441 2858 ardentem
2467 2810 2659 2858 :estum
2690 2819 2786 2873 per
2821 2803 3069 2858 fraudem
3096 2804 3373 2874 injiciens,
3401 2802 3601 2871 dejecit

2026 2895 2262 2965 primum
2297 2910 2521 2966 germen
2555 2895 2733 2949 adhuc
2764 2896 3144 2965 imperfectum
3194 2903 3248 2950 et
3275 2910 3470 2949 carens
3504 2907 3599 2947 ra-

2025 2984 2283 3039 dicibus:
2320 2993 2376 3039 et
2404 2985 2727 3055 priusquam
2759 2985 3002 3056 aliquem
3044 2985 3391 3055 acquisiisset
3440 2982 3599 3038 habi-

2027 3081 2165 3139 tum,
2199 3082 2254 3128 et
2304 3088 2400 3142 per
2441 3073 2834 3145 agriculturam
2890 3075 3189 3140 rationum,
3223 3076 3275 3127 in
3320 3070 3598 3143 profundo

2028 3178 2213 3237 potum
2244 3165 2486 3221 dedisset
2512 3166 2812 3227 radicibus,
2841 3167 3023 3221 statim
3049 3181 3143 3236 per
3170 3163 3599 3220 inobedientiam

357 3249 704 3321 ἀποξηράνας
727 3249 788 3302 τδ
819 3249 1025 3320 χλωρόν
1046 3267 1107 3303 τε
1144 3252 1236 3303 καὶ
1268 3250 1491 3315 εὐθαλὲς
1524 3248 1661 3316 εἶδος
1680 3293 1694 3317 ν
1722 3253 1810 3307 διὰ
1829 3255 1927 3325 τῆς

2034 3258 2193 3312 viridi
2238 3268 2292 3313 et
2320 3257 2548 3312 ﬂorente
2582 3257 2757 3312 forma
2788 3258 3084 3322 exsiccata,
3134 3272 3230 3327 per
3271 3264 3463 3311 aastum
3514 3252 3605 3307 ni-

360 3342 609 3405 καύσεως
645 3341 809 3414 μέλαν
848 3342 1122 3413 εποίησεν.
1159 3343 1219 3395 Εἰ
1257 3342 1311 3395 δὲ
1339 3343 1490 3412 ἥλιος
1522 3344 1555 3414 ἡ
1583 3345 1930 3416 ἀντικειμένη

2036 3366 2194 3421 grum
2224 3350 2424 3406 eﬂ'ecit.
2456 3350 2513 3406 Si
2548 3360 2726 3407 autem
2761 3351 2841 3406 sol
2870 3350 3190 3404 nominatur
3221 3348 3465 3403 adversa:
3494 3353 3606 3402 ten-

360 3434 457 3494 τοῦ
505 3434 812 3506 πειρασμοῦ
847 3434 1122 3506 προσϐολὴ
1159 3433 1517 3505 ὀνομάζεται,
1555 3436 1744 3506 μηδεὶς
1802 3435 1934 3501 ξενιο

362 3526 538 3594 ζέσθω
557 3526 665 3581 τῶν
695 3527 1033 3592 ἀκουόντων,
1068 3528 1126 3579 ὲν
1160 3527 1372 3591 πολλοῖς
1405 3528 1467 3580 τὸ
1505 3529 1745 3582 τοιοῦτον
1782 3530 1934 3601 παρά

360 3621 460 3691 τῆς
503 3618 858 3674 θεοπνεύστου
889 3618 1114 3692 Γραφῆς
1147 3618 1549 3690 διδασκόμενος.
1583 3622 1693 3674 Καὶ
1738 3621 1848 3693 γὰρ
1877 3624 1936 3675 ἐν

365 3711 593 3784 δευτέρᾳ
626 3711 735 3764 τῶν
764 3710 1120 3779 ἀναϐαθμῶν
1146 3709 1285 3781 ᾮόῇ
1299 3751 1313 3775 ,
1341 3711 1545 3782 ταύτην
1573 3714 1806 3765 ποιεῖται
1836 3713 1937 3785 τὴν

367 3803 619 3872 εὐλογίαν
640 3802 721 3873 τῷ
750 3801 846 3872 τὴν
877 3800 1129 3872 βοήθειαν
1162 3788 1335 3871 ἔχοντι
1373 3800 1824 3874 τοῦποιήσαντος
1845 3804 1939 3855 τὸν

366 3894 593 3965 οὐρανὸν
621 3894 714 3947 καὶ
739 3893 836 3964 τὴν
861 3891 967 3963 γῆν
989 3932 1004 3957 ,
1041 3891 1103 3946 τδ
1138 3891 1216 3963 μὴ
1261 3893 1615 3961 συγκαίεσθαι
1643 3895 1803 3949 αὐτὸν
1832 3894 1938 3947 ὑπὸ

368 3986 462 4043 τοῦ
491 3986 645 4057 ἡλίου
672 3984 763 4039 διὰ
784 3984 886 4054 τῆς
917 3983 1149 4056 ἡμέρας.
1180 3984 1289 4036 Καὶ
1325 3986 1354 4038 ό
1388 3986 1677 4055 προφήτης
1718 3982 1941 4048 Ἡσαΐας

368 4079 469 4151 τὴν
495 4079 593 4149 τῆς
628 4076 951 4147 Ἐκκλησίας
974 4076 1308 4130 κατάστασιν
1347 4077 1721 4149 προφητεύων,
1752 4078 1942 4149 ὥσπερ

372 4173 494 4227 τινὰ
520 4170 742 4242 πομπὴν
776 4169 1079 4243 ὑπογράφει
1115 4172 1183 4241 τῇ
1218 4168 1480 4240 πολιτείᾳ,
1514 4169 1817 4240 φαιδρύνων
1864 4170 1943 4241 τῷ

372 4265 534 4335 Λόγῳ
594 4263 674 4333 τῷ
735 4262 1050 4333 διηγήματι.
1105 4262 1267 4330 Λέγει
1313 4261 1422 4332 γάρ
1491 4260 1795 4332 θυγατέρας
1834 4254 1942 4314 ἐπ’

373 4354 542 4428 ὤμων
591 4355 915 4426 αἰρομὲνας,
950 4353 1043 4405 καὶ
1085 4354 1277 4415 παῖδας
1323 4355 1382 4406 ὲν
1429 4353 1738 4422 λαμπήναις
1784 4369 1945 4423 κομι-

375 4448 671 4519 ζομένους,
725 4449 818 4501 καὶ
871 4446 1130 4508 σκιαδίοις
1184 4445 1276 4497 τὸν
1339 4446 1618 4515 φωτισμὸν
1672 4445 1945 4516 ἀποκρού-

379 4554 598 4600 σαντας.
632 4537 707 4590 Δι’
732 4530 807 4590 ὧν
848 4537 905 4589 ὲν
936 4536 1218 4604 αἰνίγμασι
1244 4535 1334 4587 τὸν
1368 4538 1427 4588 ὲν
1464 4536 1629 4606 ἀρετῇ
1660 4536 1946 4608 διαγράφει

2041 3442 2265 3497 tationis
2303 3442 2557 3512 irruptio,
2592 3442 2725 3496 nulli
2764 3440 3076 3495 auditorum
3113 3439 3169 3496 id
3215 3438 3466 3493 videatur
3502 3452 3607 3492 non

2040 3548 2190 3596 vum,
2220 3548 2348 3587 cum
2381 3532 2437 3586 in
2473 3533 2660 3587 multis
2698 3533 2804 3586 tale
2832 3530 3114 3602 quidpiam
3143 3545 3246 3585 nos
3288 3530 3479 3584 doceat
3523 3526 3609 3581 di-

2040 3625 2246 3679 viuitus
2307 3624 2573 3694 inspirata
2618 3622 2921 3693 Scriptura.
2976 3621 3189 3675 Etenim
3250 3620 3305 3674 in
3363 3617 3610 3676 secundo

2041 3722 2250 3775 cantico
2284 3718 2577 3791 graduum,
2620 3718 2761 3771 hanc
2795 3716 2924 3770 facit
2946 3716 3405 3777 benedictionem,
3437 3713 3487 3768 ei
3517 3711 3609 3782 qui

2043 3812 2205 3866 habet
2230 3811 2495 3864 auxilium
2528 3825 2558 3863 a
2591 3808 2821 3863 Domino
2854 3808 2946 3877 qui
2988 3807 3115 3861 fecit
3155 3806 3353 3861 cmlum
3399 3811 3455 3858 ct
3502 3812 3613 3858 ter-

2044 3919 2194 3967 ram,
2249 3918 2318 3957 ne
2344 3904 2461 3973 ipse
2514 3917 2544 3954 a
2578 3902 2694 3956 sole
2727 3901 3082 3955 comburatur
3139 3914 3235 3969 per
3272 3897 3437 3951 diem.
3473 3894 3613 3948 Pro-

2046 3996 2206 4066 pheta
2236 3993 2657 4064 quoquelsaias
2714 3992 3017 4062 praedicens
3070 3998 3271 4045 statum
3331 3987 3611 4052 Ecclesiae,

2047 4085 2310 4141 describit
2338 4084 2509 4137 veluti
2560 4080 2851 4151 quamdam
2890 4094 3168 4149 pompam,
3200 4075 3366 4133 Verbi
3427 4090 3615 4130 narra-

2048 4178 2215 4231 tione.
2258 4174 2400 4229 Dicit
2431 4173 2608 4237 enim,
2642 4171 2778 4226 tilias
2813 4180 3049 4240 gestatas
3081 4168 3321 4223 humeris
3344 4208 3358 4229 ,
3389 4173 3444 4219 et
3474 4163 3615 4218 ﬁlios

2049 4277 2233 4324 vectos
2284 4266 2512 4329 lecticis,
2551 4273 2606 4319 et
2656 4271 2904 4317 arcentes
2946 4269 3138 4315 mstum
3192 4256 3461 4312 umbellis.
3513 4253 3617 4309 Per

2050 4377 2172 4430 qua:
2202 4358 2465 4415 describit
2497 4358 2551 4410 in
2605 4356 2893 4424 aenigmate
2926 4354 3090 4407 vitam
3134 4365 3257 4421 quae
3292 4350 3507 4420 degitur
3562 4349 3618 4401 in

2051 4455 2271 4513 virtute,
2304 4466 2401 4521 per
2432 4449 2695 4519 puerilem
2723 4447 2942 4517 quidem
2986 4452 3200 4499 aetatem
3238 4443 3535 4498 ostendens
3565 4441 3618 4493 id

2050 4546 2195 4617 quod
2211 4552 2293 4599 est
2310 4558 2482 4613 nuper
2507 4550 2715 4604 natum,
2739 4540 3077 4608 simplexque
3092 4543 3146 4591 et
3167 4549 3363 4589 carens
3388 4532 3616 4593 malitia,

381 4630 498 4703 βίον
523 4668 539 4693 ,
562 4628 649 4682 διά
680 4629 777 4699 μὲν
808 4630 907 4693 τῆς
933 4626 1232 4696 νηπιώδους
1259 4626 1472 4696 ἡλικίας
1504 4627 1862 4681 ὑποδεικνύων
1885 4628 1932 4681 τί

2056 4652 2152 4708 per
2179 4633 2445 4689 umbellas
2478 4640 2682 4693 autem,
2718 4630 2974 4684 solatium
3010 4634 3200 4691 aestus,
3234 4622 3381 4695 quod
3410 4621 3621 4676 accedit

380 4719 663 4794 ἀρτιγενές
692 4736 753 4771 τε
782 4721 875 4771 καὶ
899 4717 1101 4771 ἀκακον
1127 4733 1141 4747 ·
1169 4716 1258 4771 διὰ
1292 4717 1399 4770 τῶν
1434 4717 1689 4771 σκιαδίων
1712 4758 1727 4783 ,
1760 4718 1857 4790 τὴν
1896 4720 1932 4771 ὲὲ

2056 4729 2254 4785 animis
2278 4742 2342 4782 ex
2366 4725 2701 4781 continentia
2721 4732 2774 4778 et
2802 4722 3060 4793 puritate.
3076 4717 3183 4773 Per
3208 4732 3330 4787 quae
3353 4716 3621 4771 discimus

382 4813 713 4885 ἐγκρατείας
744 4830 804 4867 τε
844 4814 937 4865 καὶ
971 4810 1343 4883 καθαρότητος
1376 4814 1805 4884 προσγινομένην
1836 4818 1956 4879 ταῖς

381 4909 580 4979 ψυχαῖς
619 4907 969 4978 παραμυθίαν
995 4904 1088 4958 τοῦ
1129 4905 1425 4968 καύσωνος.
1460 4906 1538 4959 Δι’
1581 4903 1656 4959 ὦν
1686 4907 1954 4976 μανθάνο-

386 5018 510 5073 μεν,
544 5000 625 5052 ὅτι
645 4997 750 5069 χρὴ
770 4999 855 5051 ἐπ’
874 4996 1041 5067 ὢμων
1059 4997 1309 5068 αἴρεσθαι
1333 4998 1431 5068 τὴν
1458 4998 1553 5051 τοῦ
1586 4997 1719 5051 Θεοῦ
1745 5016 1956 5069 νυμφο-

386 5091 746 5160 στολουμένην
766 5090 942 5163 ψυχὴν
960 5128 976 5153 ,
1013 5089 1074 5141 οὐ
1101 5089 1446 5160 πατουμένην
1473 5090 1578 5142 ὑπὸ
1605 5091 1701 5159 τῆς
1733 5092 1953 5163 σαρκὸς,

384 5183 499 5238 ἀλλ’
530 5181 942 5253 ἐπικαθημένην
969 5180 1048 5249 τῷ
1091 5180 1239 5251 ὄγκῳ
1278 5179 1371 5233 τοῦ
1425 5179 1694 5252 σώματος.
1725 5184 1959 5253 Λαμπή-

387 5294 487 5349 νην
524 5276 583 5329 δὲ
610 5275 972 5339 ἀκούσαντες,
1003 5273 1099 5344 τὴν
1124 5273 1500 5344 ὲκλαμπτικὴν
1533 5272 1627 5327 τοῦ
1653 5273 1961 5344 βαπτίσμα-

386 5387 478 5433 τος
502 5368 662 5441 χάριν
688 5367 1047 5439 μανθάνομεν,
1074 5366 1141 5419 δι’
1166 5361 1235 5439 ἧς
1258 5367 1445 5429 παῖδες
1470 5365 1750 5435 γινόμεθα,
1774 5365 1959 5419 οὐκέτι

388 5462 456 5534 τῇ
489 5463 560 5532 γῇ
588 5460 651 5512 τὸ
684 5461 830 5529 ῐχνος
855 5458 1149 5530 ἐρείδοντες
1168 5497 1184 5523 ,
1212 5458 1326 5511 ἀλλ’
1352 5460 1438 5512 ἐπ’
1469 5459 1681 5529 ἐκείνης
1709 5459 1844 5530 πρὸς
1863 5457 1962 5529 τὴν

387 5549 638 5621 οὐράνιον
666 5548 813 5618 ζωὴν
842 5546 1211 5619 κομιζόμενοι.
1244 5548 1464 5618 Σκιερὸς
1492 5548 1549 5602 δὲ
1589 5548 1795 5617 γίνεται
1829 5548 1959 5617 ημῖν

392 5641 484 5697 καὶ⁵
508 5641 778 5715 δροσώδης
816 5641 846 5695 ό
883 5640 1025 5712 βίος,
1070 5641 1157 5695 διὰ
1184 5642 1293 5697 τῶν
1323 5642 1421 5714 τῆς
1461 5641 1662 5716 ἀρετῆς
1706 5638 1962 5693 σκιαδίων

473 5918 520 5955 ⁸³
539 5921 707 5979 Math.
738 5936 863 5989 ιιιι,
903 5919 967 5975 l8
1000 5935 1121 5990 sqq.

2056 4820 2299 4876 humeris
2332 4818 2533 4888 gestari
2581 4817 2817 4869 animam
2848 4813 2956 4867 Deo
2985 4810 3396 4881 desponsatam,
3429 4822 3537 4861 non
3588 4820 3620 4858 a

2054 4927 2225 4967 carne
2257 4910 2664 4972 conculcatam,
2693 4904 2786 4960 sed
2820 4904 2946 4957 moli
2982 4900 3232 4972 corporis
3267 4900 3620 4955 insidentem.

2058 5002 2359 5056 Audientes
2379 5008 2560 5053 autem
2585 4995 2771 5050 Graece
2790 4994 3080 5065 λαμπήνην
3100 4992 3393 5046 didicimus
3420 4989 3623 5041 illumi-

2055 5090 2346 5148 natricem'
2377 5088 2633 5159 baptismi
2692 5086 2959 5155 gratiam,
3016 5100 3113 5155 per
3151 5098 3312 5154 quam
3363 5080 3625 5135 etlicimur

2056 5184 2235 5256 pueri,
2267 5198 2378 5237 non
2409 5180 2645 5249 amplius
2674 5178 2727 5231 in
2764 5187 2909 5231 terra
2940 5176 3166 5247 ligentes
3199 5174 3508 5243 vestigium,
3528 5170 3624 5225 sed

2054 5288 2219 5343 super
2244 5273 2392 5326 illam
2428 5270 2632 5340 portati
2673 5267 2740 5321 ad
2781 5268 2948 5321 vitam
2997 5265 3301 5319 caelestem.
3355 5259 3625 5314 Umbrosa

2057 5374 2238 5421 autem
2273 5362 2330 5416 lit
2358 5361 2520 5416 nobis
2560 5360 2671 5414 vita
2699 5367 2753 5413 et
2786 5356 3025 5419 roscida,
3052 5354 3328 5409 exstincto
3365 5358 3500 5404 testu
3531 5364 3630 5418 per

2042 5456 2328 5511 ‘umbcllas
2354 5452 2595 5507 virtutis.
2632 5449 2731 5505 Hic
2759 5459 2843 5505 est
2869 5449 2952 5504 sol
2983 5447 3207 5507 laedens,
3236 5442 3458 5513 quando
3505 5439 3629 5510 ejus

2066 5560 2234 5603 aestus
2256 5561 2363 5601 non
2391 5553 2609 5601 arcetur
2655 5558 2686 5596 a
2736 5541 2882 5596 nube
2898 5538 3162 5609 Spiritus,
3197 5549 3361 5606 quam
3422 5534 3503 5589 eis
3534 5548 3633 5587 ex-

2067 5639 2259 5712 pandit
2289 5636 2554 5693 Dominus
2583 5634 2650 5690 ad
2680 5638 3076 5705 tegumentum.
3098 5625 3199 5681 ilic
3222 5625 3369 5680 enim
3401 5623 3484 5679 sol
3521 5631 3627 5691 est,
