4110 6478
525 427 631 488 795

1748 447 1807 507 S.
1840 447 2169 512 GREGORII
2206 456 2498 517 NYSSENI

3651 461 3802 535 πα

524 543 618 608 qui
667 543 890 600 nitidam
926 527 1173 618 corporis
1213 555 1559 624 superﬁciem
1591 563 1840 618 accendit
1878 564 2080 621 insultu

2187 575 2688 648 κατασϐεννυμένου
2717 581 2811 634 τοῦ
2855 582 3148 650 καύσωνος.
3178 581 3345 652 Οῦτος
3392 586 3486 646 οὗν
3533 595 3681 648 ἐστιν
3729 600 3761 651 6

524 636 908 702 tentationum,
931 649 984 694 et
1018 641 1217 698 format
1240 648 1449 718 nigram
1479 651 1843 710 deformitate.

523 723 687 778 αὐτοῦ
716 727 953 796 φλογμὸς
980 734 1045 802 τῇ
1077 734 1271 807 νεφέλῃ
1303 738 1397 791 τοῦ
1422 738 1727 810 Πνεύματος
1745 783 1760 806 ,
1792 744 1860 814 ἢν
1901 744 2216 800 διεπέτασεν
2243 723 2423 816 αὐτοῖς
2447 758 2475 808 6
2504 723 2703 828 Κύριος
3149 723 3396 832 αὐτοῖς.ἱ
3417 723 3488 828 δῦ

527 907 789 974 μελαίνων
821 914 878 967 ἐν
903 914 1211 992 δυσμορφίᾳ
1234 923 1294 974 τὸ
1329 919 1488 988 εἶδος.

602 1000 802 1057 Deinde
826 1017 1011 1062 narrat
1037 1011 1180 1066 unde
1203 1016 1530 1085 principium
1561 1021 1781 1078 duxerit
1826 1025 1956 1080 boni
1989 1040 2084 1079 co-

526 1089 660 1144 loris
696 1093 763 1144 ad
806 1095 1021 1166 nigrum
1057 1109 1467 1164 transmutatio.
1498 1109 1630 1167 Filii
1657 1126 1853 1180 autem,
1890 1117 2084 1188 inquit,

526 1183 713 1236 matris
738 1202 864 1239 mea:
895 1203 1255 1259 pugnaverunt
1283 1198 1338 1250 in
1370 1216 1480 1254 me:
1545 1217 1831 1269 posuerunt
1878 1225 1957 1261 me
1993 1226 2114 1261 ιιι-ι·

523 1273 725 1328 student
752 1277 803 1329 in
832 1278 1012 1344 vineis,
1040 1284 1240 1339 vineam
1269 1300 1442 1344 autent
1477 1309 1644 1347 meam
1667 1313 1770 1350 non
1803 1299 2081 1354 custodivi.

525 1364 583 1417 In
611 1365 712 1420 hoc
739 1369 870 1424 mihi
890 1380 1108 1428 attenta:
1133 1380 1472 1444 praebeantur
1495 1400 1676 1448 aures,
1709 1403 1817 1442 non
1847 1391 1898 1443 in
1919 1406 2085 1445 accu-

525 1464 643 1508 rate
665 1455 1008 1515 discutienda
1065 1465 1321 1524 dictionis
1385 1477 1820 1543 constructione,
1879 1481 1975 1534 sed
2030 1483 2085 1535 in

523 1547 922 1604 consideranda
971 1569 1168 1612 sensus
1211 1565 1570 1620 connexione.
1601 1567 1754 1633 Quod
1784 1571 1829 1625 si
1882 1571 1928 1626 is
1976 1588 2084 1626 non

526 1637 599 1690 sit
633 1654 893 1699 accurate
930 1660 1232 1717 connexus,
1266 1652 1317 1708 id
1369 1655 1668 1726 imputetur
1729 1661 2086 1718 imbecillitati

2188 663 2599 731 παραϐλὰπτων
2648 670 2818 740 ἥλιος,
2849 672 2976 726 ὅταν
3011 675 3085 744 μὴ
3134 675 3528 751 διατειχίζηται
3563 686 3592 738 6
3625 691 3758 758 παρ’

2263 1021 2395 1078 Εἶτα
2439 1028 2702 1101 διηγεῖται
2729 1073 2743 1096 ,
2773 1034 2893 1089 ὅθεν
2934 1037 3033 1109 τὴν
3068 1039 3239 1112 ἀρχὴν
3268 1042 3423 1114 ἔσχεν
3451 1045 3484 1116 ἡ
3531 1048 3667 1115 πρὸς
3691 1053 3760 1104 τὸ

2168 1183 2173 1188 .
2197 1115 2363 1184 μέλαν
2397 1119 2494 1190 τῆς
2517 1122 2764 1194 εὐχροίας
2787 1128 2944 1197 ἡμῶν
2973 1131 3348 1203 μεταποίησις.
3387 1115 3504 1190 rzot
3531 1143 3764 1208 μητρός

2173 1207 2327 1274 νμου,
2359 1210 2523 1279 φησὶν
2547 1251 2562 1276 ,
2600 1213 2970 1284 ἐμαχέσαντο
3002 1219 3072 1273 ἐν
3097 1221 3256 1289 ἐμοί·
3297 1223 3504 1279 ἕθεν-τό
3525 1246 3604 1297 με
3639 1207 3758 1300 φυλ-

2191 1298 2501 1356 λάκιονσαν
2554 1305 2625 1360 ἐν
2661 1307 3042 1376 ἀμπελῶσιν,
3085 1312 3403 1382 ἀμπελῶνα
3454 1319 3597 1386 ἐμὸν
3641 1298 3760 1398 οὐκ

2191 1392 2484 1460 ἐφύλαξα.
2525 1397 2633 1449 Καί
2681 1415 2769 1468 μοι
2813 1399 2970 1453 τοῦτο
3021 1404 3385 1474 παρασχέσθω
3434 1409 3466 1480 ἡ
3501 1410 3637 1483 ἀκοὴ
3666 1393 3756 1484 ’μὴ

2185 1482 2304 1537 λίαν
2331 1485 2798 1557 ἀκριϐολογεῖσθαι
2823 1491 2960 1562 πρὸς
2988 1491 3085 1563 τὴν
3125 1497 3224 1565 τῆς
3256 1496 3452 1562 λέξεως
3477 1482 3748 1570 σύνταξιν,

2183 1577 2320 1630 ἀλλὰ
2365 1579 2504 1650 πρὸς
2535 1581 2626 1634 τὸν
2675 1582 2864 1652 εἱρμὸν
2891 1582 2985 1636 τοῦ
3026 1587 3296 1657 νοήματος
3334 1589 3568 1658 βλέπειν.
3605 1595 3667 1648 Ei
3689 1595 3752 1650 δέ

2181 1686 2235 1722 τι
2272 1669 2347 1741 μὴ
2379 1670 2622 1741 ἀκριϐῶς
2655 1675 3079 1746 συνηρτημένον,
3111 1679 3477 1749 συμφράσεως
3496 1685 3562 1755 τῇ
3593 1684 3757 1738 ἀσθεο

524 1729 989 1801 interpretationis
1044 1756 1234 1798 eorum
1299 1747 1393 1814 qui
1453 1748 1692 1819 linguam
1763 1751 2080 1811 Hebraicam

524 1820 854 1843 o_...‘-l‘-__-_.
886 1825 896 1843 ε
983 1842 988 1843 ,
1196 1832 1229 1843 η
1485 1837 1521 1843 --

2185 1729 2304 1830 νείᾷ
2329 1729 2636 1830 λογισάσθῶ
2661 1729 3474 1836 τῶνέὴέοεδρὲιεωέἐὶῶτταξ
3487 1729 3755 1843 μεῖταϐαλ-

524 1820 860 1877 transferunt
883 1825 937 1880 in
981 1842 1168 1884 vocem
1191 1832 1454 1891 Grzecam.
1484 1837 1521 1892 li
1551 1857 1695 1894 emm
1720 1845 1810 1910 qui
1841 1845 2080 1900 studium

2187 1820 2386 1905 λόντων
2403 1820 2492 1915 ἐἰς
2517 1852 2616 1922 τὴν
2645 1820 2870 1907 Ἐλλάδα
2901 1820 3104 1925 φωνην.
3129 1820 3354 1930 Οἷςιγάρ
3375 1820 3751 1933 ἀνϋὲῖτίμέλεια

523 1923 820 1979 posuerunt
843 1925 901 1971 ut
927 1922 1274 1979 erudirentur
1305 1927 1357 1980 in
1389 1945 1643 1987 sermone
1666 1933 1915 1999 Hebraeo,
1944 1939 2080 1992 nihil

523 2007 805 2062 inveniunt
839 2011 1188 2078 ejusmodi,ut
1218 2019 1471 2075 videatur
1504 2039 1612 2079 non
1641 2028 1918 2085 cohaerere
1957 2046 2022 2085 ac
2050 2047 2081 2086 a

520 2107 580 2147 se
607 2094 837 2152 invicem
867 2099 1190 2170 dependere.
1242 2106 1464 2180 Linguae
1498 2123 1680 2170 autem
1716 2130 1918 2174 nostra:
1945 2122 2083 2191 ﬁguo

522 2195 637 2240 rata
663 2188 885 2258 locutio,
910 2209 1018 2248 non
1050 2202 1383 2257 conveniens
1419 2206 1701 2275 elegantia:
1747 2212 1943 2282 linguae
1971 2214 2081 2270 He-

521 2276 881 2342 bra:a:,all‘ert
942 2289 1226 2354 quamdam
1294 2295 1672 2353 confusionem
1736 2301 1804 2356 iis
1855 2307 1946 2373 qui
1996 2323 2083 2362 se-

519 2379 765 2438 quuntur
791 2374 847 2428 in
876 2379 1164 2446 superficie
1188 2385 1643 2454 signiﬁcationem
1677 2393 1953 2451 dictionis.
1985 2397 2084 2451 At—

519 2477 626 2528 que
657 2463 743 2518 hic
777 2475 860 2520 est
888 2470 1108 2536 quidem
1129 2488 1324 2530 sensus
1351 2479 1637 2534 verborum
1660 2499 1783 2552 qua:
1814 2494 1941 2539 sunt
1964 2503 2083 2556 pro-

519 2555 721 2620 posita,
753 2569 1019 2625 quantum
1055 2578 1157 2619 nos
1191 2570 1705 2636 comprehendimus
1735 2593 1746 2627 :
1783 2555 1980 2631 Factus
1998 2589 2081 2632 est

521 2643 683 2699 homo
720 2647 790 2703 ab
819 2650 973 2704 initio
1004 2654 1206 2712 nullius
1246 2657 1416 2713 divini
1482 2662 1610 2716 boni
1645 2665 1912 2736 indigens.
1949 2667 2080 2737 Ejus

517 2747 639 2790 erat
671 2741 846 2795 solum
880 2761 1080 2802 rnunus
1121 2748 1262 2803 bona
1318 2769 1560 2820 servare,
1615 2773 1723 2812 non
1775 2762 2076 2830 acquirere.

520 2825 865 2887 lnimicorum
909 2846 1085 2892 autem
1123 2839 1332 2898 insidia:
1363 2861 1486 2900 eum
1546 2848 1614 2904 iis
1667 2867 1790 2920 qua:
1849 2854 2081 2912 habebat

521 2921 815 2989 nudarunt,
857 2929 1022 2997 utqui
1063 2946 1170 2986 non
1215 2937 1539 2993 custodierit
1581 2950 1832 2997 naturam
1878 2961 1998 3015 quae
2029 2949 2079 3002 ei

517 3011 642 3068 data
667 3012 843 3070 fuerat
868 3033 898 3071 a
935 3018 1028 3075 Dei
1071 3023 1425 3095 benignitate.
1468 3029 1568 3086 Hic
1589 3041 1675 3088 est
1715 3050 1846 3105 ergo
1879 3011 2076 3094 sen'sus

519 3107 826 3164 verborum.
859 3111 990 3176 Quae
1006 3123 1184 3171 autem
1225 3133 1322 3188 per
1353 3121 1516 3176 verba
1539 3125 1880 3194 :enigmatica
1916 3129 2077 3200 hujus

519 3213 715 3255 sensus
742 3202 814 3256 sit
848 3205 1088 3274 traditio,
1147 3224 1206 3265 se
1233 3211 1395 3268 habet
1416 3214 1518 3270 hoc
1542 3217 1732 3273 modo:

590 3379 742 3447 Filii,
781 3384 978 3455 inquit,
1013 3392 1198 3444 matris
1220 3409 1346 3447 metr
1374 3410 1731 3466 pugnaverunt
1760 3403 1814 3456 in
1839 3420 1950 3459 me:
1982 3421 2078 3474 po-

516 3485 734 3527 suerunt
783 3494 862 3531 me
902 3483 1169 3535 custodem
1204 3488 1256 3537 in
1302 3488 1483 3552 vineis,
1528 3492 1728 3546 vineam
1763 3511 1931 3549 meam
1974 3514 2078 3553 non

517 3565 793 3620 custodivi.
830 3567 994 3624 Multa
1026 3576 1212 3640 paucis
1245 3576 1551 3646 dogmatice
1587 3598 1686 3638 nos
1707 3585 1864 3642 docet
1881 3593 2074 3646 oratio.

518 3653 757 3712 Primum
788 3659 1004 3728 quidem
1043 3664 1094 3718 id
1124 3668 1269 3734 quod
1311 3685 1539 3741 magnus
1569 3677 2075 3751 enuntiat‘Paulus,

514 3748 663 3814 quod
693 3751 876 3805 omnia
906 3765 1032 3808 sunt
1060 3771 1122 3810 ex
1151 3756 1277 3822 Deo.
1300 3769 1354 3814 et
1377 3779 1519 3819 unus
1548 3775 1632 3822 est
1657 3767 1797 3825 Deus
1823 3771 1980 3828 Pater
2011 3791 2076 3830 ex

515 3853 627 3908 quo
663 3843 865 3907 omnia,
895 3853 952 3900 et
989 3847 1124 3902 nihil
1150 3859 1234 3905 est
1261 3868 1326 3906 ex
1369 3854 1434 3908 iis
1459 3871 1580 3924 qua:
1614 3869 1762 3927 sunt,
1791 3864 1933 3932 quod
1965 3881 2074 3920 non

515 3937 744 4004 propter
783 3933 935 3989 illum
972 3946 1027 3991 et
1048 3953 1112 3992 ex
1145 3939 1238 3994 illo
1259 3941 1456 3999 habeat
1477 3951 1768 4005 essentiam
1792 3951 1856 4007 ¹³.
1885 3953 2078 4011 Omnia

513 4021 682 4089 enim,
714 4024 910 4095 inquit,
941 4043 1033 4094 per
1060 4031 1227 4098 ipsum
1255 4034 1398 4100 facta
1421 4048 1559 4102 sunt,
1594 4049 1642 4094 et
1665 4042 1777 4096 sine
1795 4060 1854 4097 eo
1876 4045 2077 4113 factum

510 4124 594 4167 est
646 4115 776 4169 nihil
803 4117 866 4172 ⁸⁸.
919 4121 1024 4176 Sed
1079 4124 1337 4192 quoniam
1377 4144 1716 4202 quaecunque
1767 4133 1912 4192 Deus
1946 4135 2076 4194 facit

516 4203 676 4260 valde
728 4206 870 4261 bona
903 4221 1033 4264 sunt
1070 4214 1284 4279 (omnia
1322 4221 1466 4272 enim
1503 4220 1630 4276 fecit
1668 4223 1721 4278 in
1757 4227 2074 4295 sapientia),

513 4297 668 4351 dedit
703 4309 910 4355 natura:
959 4303 1190 4359 rationis
1235 4309 1482 4379 participi
1527 4309 1754 4381 gratiam
1803 4325 1862 4369 ut
1887 4318 1958 4372 sit
1989 4321 2075 4378 sui

510 4389 678 4456 juris,
706 4399 760 4445 et
786 4391 995 4447 addidit
1017 4393 1326 4453 facultatem
1367 4399 1673 4460 inveniendi
1702 4421 1766 4461 ea
1788 4425 1909 4478 quae
1947 4423 2076 4468 sunt

2187 1946 2379 2012 γέγονε
2429 1946 2779 2016 παιδευθῆναι
2810 1947 2908 2018 τὴν
2954 1947 3210 2018 Ἐϐραίαν
3251 1951 3558 2019 διάλεκτον,
3597 1955 3755 2010 οὐδὲν

2188 2033 2497 2103 εὑρίσκεται
2523 2036 2760 2089 τοιοῦτον
2779 2076 2794 2100 ,
2825 2032 2939 2091 οἷον
2965 2037 3142 2092 δοκεῖν
3170 2041 3556 2114 ἀσυναρτήτως
3585 2045 3748 2114 ἔχειν.

2196 2124 2256 2178 '0
2288 2125 2342 2178 δὲ
2365 2128 2742 2197 σχηματισμὸς
2765 2128 2866 2198 τῆς
2902 2130 3178 2200 ἡμετέρας
3202 2131 3489 2205 γλώττης,
3507 2137 3581 2207 μὴ
3610 2153 3751 2207 συμο

2189 2217 2387 2272 ϐαίνων
2409 2218 2490 2288 τῷ
2532 2219 2895 2291 σχηματισμῷ
2922 2221 3022 2291 τῆς
3062 2221 3360 2294 Ἐὃραῖκῆς
3387 2227 3713 2293 εὐγλωττίας
3732 2271 3747 2293 ,

2189 2309 2448 2380 σύγχυσίν
2490 2328 2611 2364 τινα
2659 2313 2771 2375 τοῖς
2821 2312 3260 2384 ἐπιπολαιότερον
3309 2315 3656 2371 ἀκολουθοῦσι
3682 2323 3748 2391 τῇ

2188 2401 2434 2473 σημασίᾳ
2476 2402 2575 2470 τῆς
2615 2401 2810 2466 λέξεως
2841 2402 3231 2473 ἀπεργάζεται.
3275 2405 3340 2458 Ἦ
3385 2407 3484 2477 μὲν
3521 2403 3612 2462 οῦν
3643 2409 3753 2463 διά-

2186 2509 2306 2546 νοια
2331 2491 2438 2544 τῶν
2463 2493 2874 2564 προειρημένων
2901 2494 3159 2564 ῥημάτων
3178 2535 3192 2556 ,
3241 2495 3378 2568 αῦτη
3407 2499 3554 2553 ἐστὶν
3571 2538 3586 2564 ,
3622 2500 3752 2554 ὅσον

2186 2586 2347 2653 ἡμεῖς
2376 2584 2783 2655 κατειλήφαμεν
2812 2602 2827 2618 ο
2867 2586 2949 2638 ὅτι
2981 2585 3173 2654 Γέγονε
3210 2587 3271 2640 τὸ
3300 2589 3580 2661 καταρχὰς
3601 2592 3630 2644 6
3654 2591 3752 2644 ἀνη-

2187 2675 2403 2745 θρωπος
2430 2675 2640 2738 οὐδενὸς
2665 2675 2774 2728 τῶν
2799 2675 2957 2729 θείων
2989 2677 3209 2745 ἀγαθῶν
3246 2679 3449 2750 ἐνδεής.
3480 2675 3549 2752 ᾯ
3589 2681 3750 2752 ἔργον

2182 2759 2252 2833 ἦν
2283 2763 2515 2833 φυλάξαι
2552 2765 2712 2835 μόνον
2739 2764 2806 2818 τὰ
2840 2766 3046 2834 ἀγαθὰ,
3075 2769 3194 2838 οὐχὶ
3232 2770 3553 2840 κτήσασθαι.
3595 2773 3659 2825 Ἦ
3689 2773 3750 2827 δὲ

2183 2854 2292 2909 τῶν
2321 2855 2528 2928 ἐχθρῶν
2575 2856 2834 2929 ἐπιϐουλὴ
2865 2859 3069 2929 γυμνὸν
3109 2861 3269 2914 αὐτὸν
3298 2861 3408 2914 τῶν
3440 2863 3750 2933 προσόντων

2158 2938 2442 3016 εποίησε,
2486 2945 2559 3017 μὴ
2606 2946 2914 3016 φυλάξαντα
2962 2949 3060 3021 τὴν
3107 2949 3352 3004 δοθεῖσαν
3400 2952 3548 3024 αὐτῷ
3585 2953 3746 3022 φύσει

2185 3035 2338 3107 παρά
2368 3034 2462 3089 τοῦ
2512 3034 2647 3089 Θεοῦ
2692 3037 3002 3109 εὐκληρίαν.
3055 3038 3204 3110 Αὕτη
3252 3040 3351 3112 μὲν
3398 3039 3493 3095 οὖν
3533 3045 3677 3098 ἐστιν
3709 3045 3747 3115 ἡ

2184 3124 2293 3179 τῶν
2325 3127 2583 3198 ῥημάτων
2602 3126 2827 3182 διάνοια.
2879 3129 2942 3182 Ἢ
2991 3129 3046 3183 δὲ
3073 3129 3160 3184 διὰ
3195 3131 3304 3184 τῶν
3333 3132 3747 3204 αίνιγματωδῶν

2180 3215 2351 3284 λόγων
2397 3216 2490 3269 τοῦ
2533 3219 2801 3289 νοήματος
2838 3218 3025 3272 τούτου
3065 3221 3362 3293 παράδοσις
3403 3223 3590 3278 τοῦτον
3632 3224 3748 3296 ἔχει

2177 3309 2268 3363 τὸν
2291 3310 2514 3381 τρόπον’
2609 3336 2612 3339 ·

2255 3402 2374 3457 Υἱοὶ
2399 3403 2624 3471 μητρός
2657 3419 2798 3470 μου,
2845 3401 3038 3472 φησὶν,
3071 3401 3441 3473 ἐμαχέσαντο
3468 3403 3539 3457 ἐν
3583 3403 3742 3473 ἐμοί’

2177 3495 2384 3550 ἔθεντο
2407 3513 2484 3563 με
2518 3493 2910 3563 φυλάκισσαν
2949 3494 3020 3547 ἐν
3056 3495 3356 3564 ἀμπελῶνι
3375 3537 3390 3563 ,
3423 3495 3748 3565 ἀμπελῶνα

2176 3587 2321 3657 ἐμὸν
2360 3589 2471 3642 οὐκ
2510 3586 2802 3656 ἐφύλαξα.
2853 3586 3028 3640 Πολλὰ
3071 3586 3136 3639 δι’
3173 3587 3364 3656 ὀλίγων
3407 3588 3748 3659 δογματικῶς

2178 3677 2488 3732 ὲκπαιδεύει
2531 3678 2560 3729 6
2588 3675 2761 3743 λόγος.
2800 3674 3019 3746 Πρῶτον
3071 3676 3166 3746 μὲν
3187 3676 3322 3748 ὅπερ
3353 3678 3446 3732 καὶ
3487 3677 3686 3748 ὁμοίως
3713 3679 3747 3732 6

2177 3767 2387 3832 Παῦλος
2409 3767 2739 3838 ἀπεφήνατο,
2760 3767 2840 3818 ὅτι
2868 3765 2936 3818 τά
2965 3765 3139 3819 πάντα
3167 3767 3230 3819 ὲκ
3262 3766 3354 3819 τοῦ
3375 3767 3509 3822 Θεοῦ
3534 3768 3626 3821 καὶ
3658 3765 3742 3832 εἷς

2177 3859 2308 3924 Θεὸς
2333 3861 2423 3914 καὶ
2443 3858 2629 3929 Πατὴρ
2657 3858 2715 3924 ἐξ
2742 3851 2804 3911 οὗ
2826 3857 2894 3910 τὰ
2919 3856 3116 3917 πάντα.
3135 3858 3227 3910 καὶ
3258 3857 3410 3910 οὐδὲν
3441 3859 3547 3912 τῶν
3575 3859 3745 3913 ὄντων

2179 3949 2346 4014 ἐστὶν,
2363 3948 2392 4002 ὃ
2429 3946 2503 4018 μὴ
2530 3947 2598 4000 δι’
2627 3946 2833 4001 ἐκεῖνόν
2856 3963 2914 3999 τε
2934 3947 3026 4000 καὶ
3048 3947 3108 4012 ἐξ
3133 3947 3338 4001 ἐκείνου
3360 3947 3420 4001 τὸ
3443 3944 3580 4002 εἶναι
3605 3948 3742 4020 ἔχει.

2175 4039 2379 4095 Πάντα
2403 4039 2532 4110 γὰρ,
2553 4042 2707 4110 φησὶ,
2728 4038 2802 4092 δι’
2826 4039 3010 4094 αὐτοῦ
3031 4039 3287 4109 ἐγένετο,
3307 4041 3404 4094 καί
3441 4041 3617 4111 χωρὶς
3631 4045 3742 4096 αὑ-

2173 4133 2282 4187 τοῦ
2332 4131 2565 4202 ἐγένετο
2618 4130 2761 4186 οὐδὲ
2817 4130 2908 4186 ἓν.
2981 4131 3119 4184 Ἀλλ’
3167 4132 3351 4202 ἐπειδὴ
3408 4132 3585 4186 πάντα
3639 4134 3746 4187 ὃσα

2174 4225 2426 4298 ἐποίησεν
2474 4227 2504 4278 6
2533 4225 2690 4290 Θεὸς,
2725 4223 2865 4278 καλά
2899 4222 3018 4277 λίαν
3051 4223 3168 4276 ἐστὶ
3181 4223 3395 4294 (πάντα
3432 4223 3540 4293 γάρ
3573 4223 3629 4276 ὲν
3659 4239 3738 4276 σο-

2176 4317 2276 4391 φίᾳ
2296 4317 2591 4388 ἐποίησεν),
2608 4315 2774 4370 ἔδωκε
2794 4317 2861 4386 τῇ
2884 4314 3074 4386 λογικῇ
3091 4315 3248 4384 φύσει
3271 4315 3370 4385 τὴν
3397 4313 3742 4378 αὐτεξούσιον

2175 4409 2333 4481 χάριν
2351 4449 2368 4476 ,
2397 4408 2493 4463 καὶ
2524 4405 2828 4478 προσέθηκε
2855 4405 3082 4476 δύναμιν
3109 4406 3392 4477 εὑρετικὴν
3423 4405 3530 4458 τῶν
3569 4421 3741 4458 κατα-

517 4482 622 4536 sibi
650 4493 823 4552 grata,
869 4494 927 4540 ut
967 4489 1144 4546 locum
1176 4491 1400 4550 haberet
1431 4496 1484 4550 id
1513 4499 1657 4567 quod
1685 4510 1769 4558 est
1806 4505 1860 4558 in
1891 4519 2076 4564 nostra

2180 4499 2498 4572 θυμίων,ὼς
2516 4495 2582 4551 ἂν
2613 4495 2674 4551 τὸ
2699 4496 2784 4564 ἐφ’
2817 4497 2950 4566 ἡμῖν
2989 4493 3171 4600 χώραν
3206 4494 3350 4600 ἔχοι,
3377 4494 3486 4600 καὶ,
3612 4512 3744 4600 κατ-

519 4581 808 4640 potestate,
841 4582 895 4630 et
929 4591 1036 4630 non
1060 4587 1207 4634 esset
1239 4579 1441 4637 bonum
1468 4596 1716 4642 coactum
1744 4597 1798 4644 et
1833 4591 2080 4650 involun-

2180 4591 2586 4661 ηναγκασμένον
2601 4589 2685 4658 εἴη
2697 4587 2760 4641 τὸ
2777 4586 2979 4656 ἀγαθὸν
3003 4587 3095 4640 καὶ
3110 4586 3382 4650 ἀκούσιον,
3401 4585 3536 4640 ἀλλὰ
3557 4587 3745 4659 κατόρ-

517 4665 741 4730 tarium,
774 4667 867 4722 sed
915 4681 1063 4724 recte
1115 4670 1316 4727 factum
1351 4684 1494 4731 esset
1522 4677 1802 4736 electionis
1830 4693 1884 4738 et
1928 4685 2081 4742 liberi

515 4755 752 4812 arbitrii.
789 4758 925 4813 Cum
975 4760 1064 4816 hic
1102 4774 1284 4818 autem
1336 4765 1490 4822 liberi
1521 4769 1729 4825 arbitrii
1756 4781 1936 4831 motus
1977 4777 2082 4832 im-

518 4849 671 4916 perio
721 4859 776 4904 et
825 4852 1079 4908 absoluta
1135 4864 1403 4925 potestate
1440 4875 1542 4916 nos
1585 4861 1876 4922 deduceret
1908 4868 1978 4923 ad
2025 4869 2079 4928 id

518 4941 664 5010 quod
696 4943 999 5010 videbatur,
1043 4947 1294 5005 inventus
1319 4959 1404 5007 est
1434 4953 1654 5023 quidam
1687 4958 1739 5012 in
1769 4975 1947 5015 rerum
1980 4978 2078 5017 na-

516 5041 663 5098 tura,
703 5034 796 5105 qui
829 5036 969 5091 male
997 5053 1128 5094 usus
1154 5049 1238 5097 est
1262 5051 1527 5111 potestate
1553 5056 1609 5101 et
1634 5049 1805 5106 libero
1830 5053 2079 5120 arbitrio,

514 5136 572 5181 et
603 5137 971 5198 congruenter
997 5131 1046 5184 ei
1086 5132 1231 5200 quod
1275 5133 1410 5188 dicit
1435 5136 1752 5206 Apostolus,
1794 5139 1970 5198 factus
1996 5151 2081 5199 est

517 5220 770 5276 inventor
794 5223 1082 5280 malorum.
1124 5224 1226 5290 Qui
1262 5227 1502 5296 quidem,
1541 5231 1686 5300 quod
1715 5233 1782 5288 ad
1806 5233 1859 5288 id
1887 5237 2081 5292 attinet

514 5312 665 5381 quod
703 5323 788 5369 est
816 5330 847 5368 a
879 5314 1012 5375 Deo.
1058 5325 1144 5372 est
1170 5316 1340 5372 frater
1370 5329 1587 5388 noster;
1631 5338 1696 5378 eo
1723 5337 1902 5381 autem
1933 5331 2079 5397 quod

517 5418 617 5457 sua
647 5411 844 5474 sponte
877 5405 1106 5460 deﬂuxit
1138 5422 1170 5461 a
1195 5408 1327 5463 boni
1362 5411 1800 5483 participatione,
1830 5426 1885 5472 et
1911 5421 2083 5475 malo-

521 5509 642 5548 rum
677 5496 984 5567 ingressum
1021 5497 1323 5567 innovavit,
1348 5513 1403 5557 et
1432 5500 1608 5559 factus
1636 5512 1721 5561 est
1749 5518 1899 5577 pater
1927 5527 2081 5569 men-

520 5585 689 5650 dacii,
721 5602 822 5658 pro
851 5587 1008 5644 hoste
1039 5591 1279 5662 seipsum
1319 5595 1606 5651 constituit
1630 5598 1684 5666 in
1715 5601 1990 5667 omnibus,
2026 5604 2082 5660 in

518 5678 723 5748 quibus
746 5693 947 5750 scopus
969 5681 1124 5740 liberi
1157 5684 1367 5741 arbitrii
1395 5687 1570 5743 tendit
1595 5691 1661 5746 ad
1693 5693 1913 5749 bonum.
1951 5694 2081 5752 Pro-

593 5855 682 5911 ⁸³1
715 5858 844 5918 Cor.
887 5877 1005 5929 vni,
1042 5862 1094 5919 6.
1211 5863 1433 5922 “Joan.
1463 5882 1498 5931 l,
1530 5869 1583 5925 5.

2176 4685 2334 4756 θωμα
2370 4681 2733 4755 προαιρέσεως
2759 4681 3014 4750 γίγνοιτο.
3054 4681 3254 4734 Τούτου
3281 4681 3339 4734 δὲ
3370 4681 3463 4736 τοῦ
3492 4682 3744 4748 αὐτεξουο

2157 4775 2292 4830 ’σίου
2324 4775 2619 4844 κινήματος
2646 4771 3118 4844 αὐτοκρατορικῶς
3150 4773 3286 4844 πρὸς
3307 4773 3368 4826 τὸ
3386 4772 3575 4828 δοκοῦν
3595 4775 3744 4845 ἡμᾶς

2173 4866 2488 4935 ἀγαγόντος,
2511 4864 2706 4935 εὐρέθη
2739 4881 2822 4929 τις
2853 4866 2913 4917 ὲν
2959 4866 3025 4936 τῇ
3059 4864 3217 4933 φύσει
3258 4865 3365 4919 τῶν
3401 4866 3569 4920 ὄντων
3592 4868 3621 4919 6
3647 4885 3746 4920 κα-

2179 4957 2291 5020 κῶς
2325 4960 2392 5029 τῇ
2417 4957 2635 5028 ἐξουσίᾳ
2661 4955 3021 5027 χρησάμενος,
3051 4957 3146 5011 καὶ
3175 4956 3318 5010 κατὰ
3344 4957 3442 5028 τὴν
3461 4958 3556 5011 τοῦ
3585 4959 3746 5012 Ἀπο-

2181 5049 2365 5103 στόλου
2415 5048 2596 5120 φωνὴν
2614 5088 2628 5112 ,
2656 5048 2843 5103 κακῶν
2882 5049 3176 5121 ἐφευρετὴς
3203 5051 3506 5121 γενόμενος.
3538 5053 3634 5116 ὐς
3664 5051 3745 5122 τῷ

2183 5139 2281 5210 μὲν
2301 5141 2366 5192 ὲκ
2382 5137 2516 5192 Θεοῦ
2543 5137 2638 5192 καὶ
2659 5138 2818 5196 αὐτὸν
2846 5133 3005 5203 εἶναι,
3025 5139 3248 5208 ἁδελφός
3272 5141 3418 5194 ἐστιν
3438 5141 3706 5213 ἡμέτερος
3725 5158 3743 5174 ο

2179 5231 2256 5302 τῷ
2275 5231 2332 5283 δὲ
2364 5231 2464 5300 τῆς
2491 5229 2586 5285 τοῦ
2617 5229 2820 5298 ἀγαθοῦ
2857 5229 3141 5300 μετουσίας
3171 5231 3430 5294 ἑκουσίως
3465 5231 3747 5304 ἁπορῤυῆ-

2179 5344 2288 5390 ναι,
2313 5325 2411 5397 τὴν
2435 5323 2545 5378 τῶν
2585 5322 2771 5377 κακῶν
2814 5321 3016 5376 εἴσοδον
3060 5325 3475 5395 καινοτομήσας,
3505 5326 3599 5379 καὶ
3635 5342 3739 5378 πα-

2177 5419 2282 5489 τὴρ
2340 5416 2566 5487 ψεύδους
2596 5415 2900 5484 γενόμενος,
2926 5416 3005 5478 εἰς
3039 5415 3297 5486 πολεμίου
3351 5416 3503 5481 τάξιν
3555 5416 3749 5471 ἑαυτὸν

2179 5511 2536 5583 κατέστησεν,
2559 5509 2619 5562 ὲν
2649 5510 2812 5570 πᾶσιν
2841 5502 2922 5571 οἷς
2946 5509 2975 5560 6
3013 5508 3210 5572 σκοπὸς
3244 5508 3343 5578 τῆς
3373 5510 3747 5581 προαιρέσεως

2177 5604 2254 5668 ὡς
2277 5602 2413 5674 πρὸς
2447 5600 2510 5655 τὸ
2545 5601 2791 5671 κρεῖττον
2830 5597 3034 5669 βλέπει.
3065 5596 3168 5650 Διὰ
3207 5597 3397 5652 τούτου
3438 5600 3615 5656 τοίνυν
3647 5601 3748 5668 καὶ

2177 5699 2288 5763 τοῖς
2311 5695 2514 5761 λοιποῖς
2547 5693 2646 5765 τῆς
2665 5691 2775 5748 τῶν
2806 5689 3024 5760 ἀγαθῶν
3055 5689 3412 5765 ἀποπτήσεως
3438 5691 3536 5762 τῆς
3571 5693 3746 5767 ἀφορ..
