4116 6558
325 513 432 598 797

1337 538 1405 593 IN
1443 537 1742 596 CANTICA
1779 535 2050 593 CANTIC.
2085 533 2363 592 IIOMILIA
2400 534 2463 593 ll.

3453 538 3560 596 7S8

327 664 434 731 ι’ἦς
468 661 840 733 ἐγγινομένης.
876 660 904 715 6
932 661 995 733 δη
1043 664 1135 716 καὶ
1171 666 1236 733 τῇ
1265 662 1422 731 φύσει
1453 662 1561 716 τῶν
1587 660 1886 733 ἀνθρώπων

2002 665 2171 725 pterca
2208 673 2339 729 ergo
2369 672 2492 713 cum
2539 657 2748 727 reliqua
2778 668 2938 713 etiam
2975 660 3210 717 accessit
3251 660 3469 717 occasio
3499 670 3554 716 et

324 747 559 815 ἐγένετο,
595 749 773 811 καλῶς
801 751 836 820 ἦ
865 767 992 803 ποτε
1030 751 1274 821 μέλαινα,
1307 750 1401 803 νῦν
1427 751 1481 804 δὲ
1507 750 1664 821 καλὴ,
1690 751 1788 821 τὴν
1810 751 1894 804 al-

323 835 446 888 τίαν
479 836 577 904 τῆς
613 833 882 904 ζοφώδους
908 838 1081 908 ὅψεως
1109 840 1188 901 είς
1218 839 1342 903 τοὺς
1368 838 1639 902 τοιούτους
1665 839 1764 908 τῆς
1793 857 1896 909 μη-

325 923 453 994 τρὸς
479 925 626 988 υἱοὺς
663 926 967 997 ἀνατίθησι,
994 926 1319 981 παιδεύουσα
1343 926 1431 980 διὰ
1458 927 1564 981 τῶν
1589 927 1895 998 λεγομένων

325 1018 494 1085 ἡμᾶς,
520 1018 601 1069 ὅτι
639 1018 736 1087 μία
767 1018 865 1087 μέν
900 1021 1030 1071 πᾶσι
1058 1022 1167 1082 τοῖς
1194 1015 1341 1073 οὗσίν
1362 1021 1528 1085 ἐστιν,
1548 1015 1656 1072 οἷόν
1679 1036 1762 1083 τις
1793 1036 1896 1073 παρ

326 1107 452 1177 τὴρ,
482 1110 516 1177 ή
539 1108 646 1161 τῶν
674 1108 841 1161 ὅντων
870 1109 1033 1162 αἰτία.
1069 1110 1175 1163 Καὶ
1194 1110 1281 1164 διὰ
1306 1109 1464 1163 τοῦτο
1489 1110 1690 1178 ἀδελφά
1718 1111 1895 1165 πάντα

327 1198 476 1251 ἐστὶν
506 1196 764 1267 ἀλλήλων,
791 1198 858 1250 τά
906 1199 965 1249 ἐν
1010 1201 1120 1261 τοῖς
1170 1194 1288 1251 οὖσι
1333 1197 1592 1267 νοούμενα
1614 1200 1671 1267 ’ἡ
1706 1197 1761 1251 δέ
1794 1196 1895 1266 τῆς

331 1288 700 1358 προαιρέσεως
729 1287 955 1358 διαφορά
977 1327 991 1351 ,
1028 1289 1162 1360 πρὸς
1183 1289 1243 1341 τὸ
1292 1288 1464 1357 φίλιόν
1493 1306 1550 1341 τε
1606 1289 1699 1341 καὶ
1740 1288 1895 1342 πολέ-

336 1395 456 1451 μιον
492 1380 589 1451 τὴν
643 1380 802 1448 φύσιν
837 1381 1124 1451 διέσχισεν.
1173 1384 1235 1433 Οί
1280 1379 1387 1451 γὰρ
1443 1381 1751 1450 ἀφεστῶτες
1796 1380 1896 1450 τῆς

332 1474 468 1541 πρὸς
502 1474 560 1526 τὸ
586 1473 787 1541 ἀγαθὸν
821 1473 1076 1542 σχέσεως,
1106 1474 1196 1526 καὶ
1216 1472 1300 1526 διὰ
1323 1473 1422 1545 τῆς
1448 1472 1540 1528 τοῦ
1595 1474 1895 1546 κρείττονος

331 1564 681 1628 ἀποστάσεως
711 1565 772 1617 τὸ
810 1564 975 1619 κακὸν
1007 1565 1409 1635 ὑποστήσαντες
1436 1564 1575 1635 (οὐδὲ
1607 1565 1719 1635 γάρ
1748 1565 1894 1617 ἐστιν

330 1656 463 1725 ἄλλη
514 1673 597 1719 τις
646 1656 816 1717 κακοῦ
864 1656 1177 1721 ὑπόστασις,
1228 1656 1276 1713 εί
1313 1656 1385 1728 μὴ
1421 1658 1448 1709 6
1488 1657 1765 1729 χωρισμὸς
1798 1655 1893 1713 τοῦ

335 1746 655 1816 βελτίονος),
696 1748 875 1802 πᾶσαν
916 1746 1189 1800 ποιοῦνται
1238 1747 1335 1816 τὴν
1379 1748 1611 1821 σπουδὴν
1653 1750 1747 1802 καὶ
1780 1748 1896 1801 ἐπί-

332 1852 480 1888 νοιαν
508 1834 601 1891 τοῦ
640 1835 735 1891 καὶ
760 1834 950 1898 ἀλλους
978 1836 1113 1905 πρὸς
1136 1835 1235 1909 τὴν
1271 1837 1379 1892 τῶν
1405 1837 1589 1890 κακῶν
1612 1840 1896 1892 κοινωνίαν

333 1923 865 1994 προσεταιρίσασθαι.
923 1924 1032 1978 Καὶ
1083 1925 1173 1978 διὰ
1214 1924 1369 1979 τοῦτό
1415 1943 1597 1997 φησιν,
1648 1928 1729 1981 ὅτι
1776 1926 1893 1981 Υἱοὶ

330 2022 430 2089 τῆς
461 2016 664 2089 μητρός
691 2034 793 2088 μου
856 2014 939 2086 (τῇ
971 2016 1076 2087 γάρ
1107 2016 1434 2089 πληθυντικῇ
1462 2020 1703 2091 σημασίᾳ
1721 2020 1780 2072 τὸ
1802 2038 1895 2072 πο-

333 2102 577 2174 λυσχιδὲς
630 2106 726 2175 τῆς
757 2106 952 2170 κακίας
995 2107 1368 2177 ἐνδείκνυται),
1407 2110 1639 2181 πόλεμον
1683 2113 1742 2164 ἐν
1774 2111 1896 2182 ἐμοὶ

338 2197 748 2267 συνεστήσαντο,
770 2198 869 2251 οὑκ
901 2198 1097 2265 ἔξωθεν
1119 2200 1178 2265 ἐξ
1200 2201 1496 2273 ἐπιδρομῆς
1518 2202 1894 2272 πολεμοῦντες,

337 2286 450 2337 ἀλλ’
471 2286 638 2358 αὐτὴν
665 2288 762 2358 τὴν
795 2288 972 2361 ψυχὴν
1011 2292 1365 2363 ποιησάμενοι
1397 2291 1490 2345 τοῦ
1523 2295 1580 2347 ἐν
1621 2293 1757 2363 αὑτῇ
1802 2310 1899 2353 πο-

332 2378 497 2447 λέμου
523 2380 857 2450 μεταίχμιον.
890 2383 977 2434 Ἐν
1009 2382 1221 2453 ἑκάστῳ
1248 2385 1356 2454 γὰρ
1387 2385 1416 2437 6
1439 2384 1692 2453 πόλεμος,
1713 2383 1898 2448 καθὼς

335 2470 621 2539 ἐρμηνεύει
647 2473 674 2523 ὁ
713 2473 851 2536 θεῖος
885 2472 1398 2546 Ἀπόστολος,λέγων
1417 2491 1431 2505 ο
1454 2474 1663 2533 Βλέπω
1690 2473 1758 2528 δὲ
1774 2475 1897 2528 ἐτε-

326 2577 441 2630 ρον
462 2562 649 2629 νόμον
666 2563 735 2614 ἐν
768 2561 889 2627 τοῖς
907 2562 1123 2631 μέλεσι
1154 2582 1272 2633 μου
1295 2565 1900 2634 ἀντιστρατευόμενον

333 2648 414 2714 τῷ
446 2654 604 2718 νόμῳ
651 2649 755 2704 τοῦ
800 2651 941 2723 νοός
973 2669 1110 2720 μου,
1148 2650 1245 2705 καί
1301 2652 1799 2722 αἰχμαλωτίζοντά
1822 2673 1899 2722 με

334 2740 413 2803 τῷ
462 2743 620 2809 νόμῳ
666 2741 772 2809 τῆς
810 2742 1095 2813 ἁμαρτίας
1148 2742 1227 2808 τῷ
1275 2730 1411 2798 ὄντι
1437 2744 1506 2797 ἐν
1544 2745 1663 2811 τοῖς
1685 2748 1901 2815 μέλεσί

329 2850 467 2901 μου.
502 2834 713 2903 Ταύτης
751 2835 925 2886 τοίνυν
964 2834 1064 2904 τῆς
1092 2834 1347 2905 ἐμφυλίου
1379 2836 1555 2906 μάχης
1576 2840 1634 2890 ἐν
1656 2838 1777 2907 ἐμοὶ
1803 2855 1897 2891 συ-

337 2923 538 2993 στάσης
565 2923 716 2999 παρά
742 2924 848 2978 τῶν
873 2924 1114 2993 ἀδελφῶν
1148 2928 1275 2995 μου,
1315 2925 1526 2999 ἐχθρῶν
1557 2926 1612 2992 δὲ
1636 2927 1735 2995 τῆς
1762 2930 1901 2999 ἐμῆς

338 3015 630 3086 σωτηρίας,
665 3015 890 3085 μέλαινα
912 3016 1196 3091 ἐγενόμην,
1228 3016 1523 3087 ἡττηθεῖσα
1548 3018 1650 3070 ὑπὸ
1674 3018 1780 3072 τῶν
1811 3004 1901 3071 πο·

334 3107 538 3179 λεμίων
579 3110 671 3162 καὶ
706 3109 795 3161 τὸν
839 3109 1138 3179 ἀμπελῶνα
1177 3108 1266 3163 τὸν
1312 3109 1441 3179 ἐμὸν
1484 3110 1583 3162 οὑκ
1639 3109 1898 3179 ἐφύλαξα.

336 3200 379 3251 Τ
382 3200 541 3253 αὑτὸν
572 3201 675 3272 χρὴ
709 3204 848 3254 νοεῖν
872 3199 950 3271 τῷ
991 3200 1299 3275 παραδείσῳ
1326 3200 1417 3253 τὸν
1449 3181 1763 3270 ἀμπελῶνα.
1790 3202 1899 3253 Καὶ

336 3291 444 3363 γὰρ
476 3293 633 3345 κάκεῖ
669 3292 959 3361 φυλάσσειν
993 3291 1191 3362 ἐτάχθη
1219 3294 1247 3345 6
1283 3291 1564 3363 ἄνθρωπος
1601 3291 1691 3344 τὸν
1725 3294 1900 3362 παράο
1929 3324 1974 3385 c

307 3442 318 3451 η
335 3385 508 3438 δεισον
527 3400 541 3415 ⁸
563 3386 598 3455 ἡ
617 3385 674 3437 δὲ
693 3384 793 3455 τῆς
814 3384 1061 3454 φυλακῆς
1084 3384 1309 3454 ἀμέλεια
1333 3383 1580 3437 ἐκϐάλλει
1606 3382 1698 3436 τοῦ
1722 3400 1902 3453 παρα-

336 3478 511 3530 δείσου
541 3478 632 3530 τὸν
661 3478 964 3548 ἄνθρωπον,
990 3477 1085 3531 καὶ
1109 3478 1363 3547 οἰκήτορα
1388 3477 1493 3529 τῶν
1524 3474 1742 3545 δυσμῶν
1764 3477 1906 3529 ποιεῖ

335 3568 437 3638 τῆς
468 3568 727 3638 ἀνατολῆς
766 3568 1137 3639 ἀποστήσασα.
1170 3568 1266 3620 Διά
1295 3567 1503 3638 τοῦτοή
1532 3566 1759 3638 ἀνατολὴ
1788 3569 1904 3630 ταῖς

336 3661 564 3731 δυσμαῖς
604 3660 959 3729 ἐπιφαίνεται.
1000 3660 1271 3714 Ψάλλετε
1313 3660 1439 3730 γὰρ,
1472 3661 1623 3729 φησὶ,
1659 3659 1737 3724 τῷ
1789 3662 1904 3713 Κυ-

330 3750 443 3822 ρίῳ
468 3750 547 3815 τῷ
575 3750 941 3817 ἐπιϐεϐηκότι
978 3750 1074 3802 ἐπὶ
1109 3747 1373 3817 δυσμῶν,
1404 3749 1489 3801 ἵνα
1522 3746 1613 3800 τοῦ
1644 3746 1819 3815 φωτὸς
1847 3748 1903 3799 ἐν

338 3844 405 3912 τῇ
458 3842 646 3911 σκοτίᾳ
678 3841 998 3912 λάμποντος,
1038 3839 1371 3909 μεταποιηθῇ
1407 3838 1542 3909 πρὸς
1586 3838 1686 3908 τὴν
1714 3839 1905 3890 ἀκτῖνα

341 3933 401 3985 τὸ
436 3933 642 3995 σκότος.
675 3932 767 3985 καὶ
800 3932 1021 4002 γένηται
1047 3932 1185 4001 καλὴ
1219 3930 1377 3985 πάλιν
1411 3932 1442 4000 ὴ
1474 3929 1716 3999 μέλαινα.
1751 3929 1823 3980 Τὸ
1847 3927 1903 3980 δὲ

339 4024 529 4076 δοκοῦν
554 4024 922 4094 ἀσυνάρτητον
952 4022 1050 4092 τῆς
1076 4021 1271 4087 λέξεως
1288 4021 1422 4092 πρὸς
1457 4021 1553 4090 τὴν
1592 4018 1903 4096 εὑρεθεῖσαν

339 4116 596 4177 διάνοιαν,
620 4114 791 4186 τούτῳ
816 4112 892 4187 τῷ
917 4114 1100 4188 τρόπῳ
1121 4112 1341 4165 δυνατόν
1364 4114 1478 4164 ἐστι
1506 4109 1905 4181 παραμυθήσα-

343 4207 483 4259 σθαι·
516 4206 765 4263 Ἔθεντό
788 4223 882 4276 με,
919 4205 1071 4275 φησὶ,
1110 4202 1502 4273 ρυλὰχισσαν
1530 4203 1599 4254 ἐν
1635 4199 1904 4269 ἀμπελῶ-

340 4315 462 4354 (nr.
496 4300 671 4369 Ὅπερ
704 4298 814 4351 ίσον
846 4298 961 4350 ἐστὶ
986 4295 1082 4361 τῷ,
1116 4296 1355 4348 Ἕθεντο
1395 4290 1791 4361 Ἰερουσαλὴμ
1818 4290 1904 4354 είς

342 4391 855 4461 ὀπωροφυλιὶκιον.
889 4389 960 4443 Οὑ
987 4389 1094 4459 γάρ
1139 4389 1334 4441 ἐκεῖνοι
1361 4386 1698 4452 κατέστησαν
1736 4382 1903 4452 αὑτὴν

340 4485 557 4553 φύλακα
578 4484 670 4537 τοῦ
702 4483 844 4536 θείου
881 4481 1213 4553 ἀμπελῶνος,
1251 4480 1326 4542 ὡς
1360 4480 1423 4537 ἄν
1447 4496 1531 4540 τις
1556 4478 1619 4529 ἐκ
1644 4475 1738 4528 τοῦ
1767 4491 1903 4545 προ-

300 4628 303 4633 .
340 4578 524 4647 χείρου
558 4576 820 4646 νοήσειεν·
842 4574 953 4626 ἀλλ’
975 4574 1004 4625 6
1028 4572 1373 4641 καταστήσας
1407 4570 1505 4641 μέν
1536 4571 1680 4621 ἐστιν
1700 4568 1727 4620 6
1748 4566 1900 4629 Θεὸς,

1996 747 2272 817 impulsio,
2329 754 2389 800 ut
2439 762 2469 800 a
2513 747 2671 801 bonis
2709 748 3105 818 excidercmus,
3164 750 3307 821 quod
3342 750 3558 821 quidem

1995 839 2156 894 etiam
2188 839 2242 891 in
2278 845 2473 891 natura
2507 839 2610 892 fuit
2637 840 2896 904 humana,
2938 851 3084 897 recte
3113 858 3233 913 quae
3270 842 3562 912 aliquando

1994 931 2211 1001 quidem
2256 930 2360 983 fuit
2404 930 2581 1001 nigra,
2635 946 2780 985 nunc
2819 942 2998 986 autem
3044 935 3291 1003 pulchra,
3336 949 3557 987 causam

1995 1021 2141 1092 quod
2173 1028 2430 1091 appareat
2464 1021 2642 1091 nigra,
2682 1022 2874 1074 tribuit
2903 1022 3169 1091 ejusmodi
3206 1024 3330 1079 ﬁliis
3369 1024 3561 1078 matris

1996 1125 2130 1175 suae,
2156 1126 2251 1180 per
2274 1126 2338 1165 ea
2376 1125 2496 1185 quae
2533 1110 2791 1165 dicuntur
2823 1126 2925 1165 nos
2956 1112 3233 1176 erudiens,
3275 1114 3415 1183 quod
3443 1130 3563 1168 om-

1996 1202 2160 1256 nibus
2204 1201 2423 1271 quidem
2469 1217 2591 1271 quae
2633 1210 2784 1264 sunt,
2814 1210 2899 1256 est
2932 1202 3101 1257 veluti
3130 1203 3350 1273 quidam
3380 1213 3560 1275 paler,

1994 1308 2181 1347 eorum
2228 1309 2348 1362 quae
2374 1302 2499 1347 sunt
2530 1308 2724 1347 causa:
2754 1302 2808 1347 et
2850 1300 3137 1362 prepterea
3182 1306 3308 1350 sunt
3334 1296 3475 1351 inter
3504 1313 3564 1352 se

1996 1382 2227 1435 invicem
2250 1382 2511 1448 fraterna,
2536 1396 2599 1435 ea
2622 1398 2742 1454 qua:
2765 1382 2819 1436 in
2850 1382 2917 1437 iis
2937 1397 3059 1452 quae
3090 1392 3222 1438 sunt
3242 1386 3564 1456 intelligun-

1998 1482 2119 1539 tur;
2148 1473 2382 1527 instituti
2417 1482 2598 1527 autem
2634 1483 2687 1528 et
2721 1473 2905 1529 libera:
2937 1476 3225 1531 electionis
3260 1476 3565 1531 diﬂ'erentia

1995 1564 2180 1619 divisit
2208 1575 2482 1632 naturam,
2506 1574 2565 1619 ut
2585 1566 2637 1619 in
2654 1581 2717 1619 ea
2739 1574 2885 1622 esset
2902 1567 3145 1621 amicitia
3165 1576 3218 1623 et
3243 1568 3565 1623 inimicitiae.

1996 1655 2097 1720 Qui
2142 1656 2286 1709 enim
2311 1658 2699 1712 abscesserunt
2722 1657 2790 1711 ab
2813 1657 3132 1713 habitudine
3156 1659 3222 1713 ad
3252 1660 3477 1723 bonum,
3512 1668 3568 1714 et

1995 1759 2095 1814 per
2127 1761 2404 1801 recessum
2433 1761 2463 1798 a
2495 1749 2639 1800 bono
2677 1748 2878 1801 malum
2926 1748 3330 1802 constituerunt
3363 1749 3571 1821 (neque

1994 1834 2137 1888 enim
2160 1844 2244 1889 est
2266 1836 2370 1889 alia
2385 1836 2830 1891 malisubstantia
2851 1852 3013 1904 quam
3028 1854 3057 1890 a
3076 1837 3221 1892 bono
3238 1839 3567 1910 separatio),

1997 1923 2254 1979 adhibent
2282 1940 2441 1980 omne
2463 1926 2701 1980 studium
2723 1936 2777 1980 et
2801 1927 3152 1991 industriam,
3185 1934 3246 1980 ut
3269 1928 3408 1982 alios
3431 1944 3569 1997 quo-

2001 2030 2107 2083 que
2140 2016 2244 2069 sibi
2267 2016 2561 2071 concilient
2592 2017 2658 2069 ad
2687 2017 2955 2071 malorum
2984 2017 3320 2072 societatem.
3356 2017 3421 2071 Et
3446 2019 3573 2074 ideo

2002 2106 2153 2170 dicit,
2175 2104 2295 2160 Filii
2328 2108 2519 2161 matris
2552 2123 2685 2162 mea:
2716 2106 2836 2177 (per
2871 2109 3134 2177 pluralem
3170 2109 3314 2163 enim
3361 2108 3567 2179 signiﬁ-

2002 2199 2294 2260 cationem,
2334 2199 2573 2254 ostendit
2597 2201 2877 2268 multiplex
2913 2199 3127 2271 vitium)
3163 2201 3219 2253 in
3254 2216 3338 2255 me
3370 2202 3568 2255 bellum

2003 2290 2329 2355 coutlarunt,
2367 2306 2474 2345 non
2504 2291 2745 2346 externis
2779 2292 3188 2346 incursionibus
3247 2292 3573 2361 belligeran-

2004 2390 2107 2445 tes,
2164 2380 2258 2436 sed
2290 2381 2345 2434 in
2391 2383 2510 2450 ipsa
2558 2382 2737 2434 anima
2778 2381 2905 2435 belli
2954 2383 3139 2437 sedem
3193 2383 3439 2452 ﬁgentes.
3471 2381 3572 2437 Est

2002 2474 2146 2526 enim
2176 2472 2230 2525 in
2277 2486 2608 2541 unoquoque
2657 2472 2881 2536 bellum,
2929 2482 2987 2526 ut
3028 2473 3247 2528 divinus
3277 2473 3573 2542 Apostolus

2002 2563 2295 2633 signiﬁcat,
2333 2563 2558 2618 dicens:
2620 2560 2778 2616 Video
2825 2563 2991 2616 aliam
3033 2564 3195 2633 legem
3237 2565 3291 2617 in
3328 2565 3574 2619 membris

2003 2654 2130 2706 meis
2171 2662 2541 2722 repugnantem
2573 2651 2676 2721 legi
2703 2651 2889 2706 mentis
2929 2667 3075 2715 mea,
3139 2660 3189 2705 et
3224 2652 3572 2720 captivantem

2006 2761 2084 2797 me
2127 2745 2181 2798 in
2225 2744 2381 2814 legem
2429 2743 2651 2811 peccati,
2702 2760 2819 2811 qua:
2852 2751 2930 2796 est
2976 2744 3030 2795 in
3072 2743 3318 2796 membris
3350 2743 3477 2795 meis
3502 2741 3571 2796 η.

2004 2836 2140 2889 Cum
2176 2834 2279 2888 hoc
2316 2849 2445 2905 ergo
2487 2834 2686 2887 bellum
2718 2834 3064 2899 intestinum,
3124 2850 3153 2888 a
3183 2838 3319 2889 meis
3352 2834 3574 2905 quidem

2006 2926 2287 2991 fratribus,
2322 2926 2559 2979 inimicis
2593 2932 2774 2981 autem
2805 2941 2937 2981 mea:
2972 2927 3182 2989 salutis,
3224 2927 3277 2981 in
3312 2942 3397 2982 me
3428 2932 3577 2983 esset

2006 3018 2323 3081 conﬂatum,
2380 3016 2523 3071 facta
2558 3032 2677 3072 sum
2727 3017 2884 3086 nigra
2932 3017 3077 3071 victa
3122 3019 3191 3073 ab
3222 3018 3483 3084 inimicis,
3519 3027 3576 3074 et

2004 3112 2219 3164 vineam
2250 3126 2425 3164 meam
2453 3126 2559 3165 non
2587 3109 2878 3164 custodivi.
2910 3108 3263 3180 lntelligenda
3289 3119 3468 3166 autem
3490 3119 3579 3167 est

2004 3204 2159 3256 vinea
2195 3203 2334 3263 idem
2371 3200 2517 3270 quod
2552 3200 2865 3270 paradisus.
2894 3200 3027 3255 Nam
3057 3203 3168 3255 illic
3197 3217 3417 3271 quoque
3447 3202 3574 3272 jus-

2004 3309 2098 3348 sus
2121 3303 2205 3348 est
2239 3294 2401 3347 homo
2437 3291 2714 3345 custodire
2737 3293 3075 3361 paradisum.
3113 3291 3171 3346 In
3207 3294 3573 3349 custodiendo

2004 3397 2181 3440 autem
2217 3385 2543 3454 negligentia
2581 3384 2855 3437 hominem
2887 3384 3121 3441 exclusit
3143 3400 3173 3437 a
3204 3385 3483 3453 paradiso,
3512 3391 3571 3440 et

2003 3477 2182 3533 effecit
2202 3487 2259 3530 ut
2282 3476 2489 3537 habitet
2510 3474 2575 3529 ad
2603 3474 2945 3529 occidentem
2967 3476 3238 3530 abductus
3255 3477 3322 3530 ab
3338 3478 3577 3533 oriente.
3608 3538 3615 3549 ,

2002 3569 2295 3638 Propterea
2348 3565 2566 3620 occasui
2614 3573 2839 3634 apparet
2882 3566 3089 3621 oriens.
3134 3563 3359 3620 Cantate
3402 3566 3574 3631 enim,

2004 3661 2200 3730 inquit,
2245 3659 2489 3720 Domino,
2545 3658 2635 3728 qui
2679 3658 2913 3713 ascendit
2947 3673 3099 3725 super
3128 3674 3372 3711 occasum
3398 3659 3465 3725 ¹⁶,
3508 3666 3572 3712 ut

2003 3771 2124 3810 cum
2158 3755 2251 3808 lux
2295 3754 2535 3808 tenebris
2572 3752 2836 3818 illuxerit,
2877 3767 2907 3804 a
2956 3752 3107 3806 radio
3142 3758 3576 3806 transmuteutur

2005 3843 2259 3904 tenebrae,
2313 3850 2367 3896 et
2421 3841 2514 3894 ﬁat
2564 3855 2759 3895 rursus
2801 3839 3028 3909 pulchra
3074 3855 3195 3908 quae
3238 3846 3355 3893 erat
3394 3837 3578 3906 nigra.

2003 3932 2156 4000 Quod
2190 3940 2368 3986 autem
2409 3930 2463 3984 in
2496 3931 2732 3985 dictione
2777 3945 2903 3984 cum
2951 3944 3115 3983 sensu
3152 3929 3371 3982 invento
3422 3928 3575 3982 vide-

2003 4031 2093 4077 tur
2119 4036 2225 4075 non
2267 4019 2560 4080 cohaerere,
2586 4019 2638 4072 id
2673 4019 2775 4076 hoc
2817 4017 2977 4072 modo
3020 4019 3216 4088 poterit
3242 4015 3524 4070 conciliari
3557 4034 3570 4070 :

2001 4113 2108 4174 Me,
2143 4107 2341 4178 inquit,
2380 4118 2664 4176 posuerunt
2716 4108 2983 4162 custodem
3030 4107 3212 4160 vineis.
3262 4101 3415 4168 Quod
3449 4101 3574 4171 qui-

2003 4208 2124 4255 dem
2155 4197 2377 4269 pcrinde
2399 4205 2501 4264 est,
2533 4204 2593 4249 ut
2629 4194 2771 4267 quod
2800 4194 3043 4248 dicitur:
3089 4193 3384 4247 Posuerunt
3409 4191 3573 4245 Jeru-

2003 4292 2167 4347 salem
2197 4292 2250 4345 in
2286 4306 2558 4360 pomorum
2584 4288 2882 4343 custodiant
2910 4287 2976 4342 ⁸⁷.
3012 4284 3130 4340 Νοη
3165 4285 3309 4339 enim
3342 4285 3414 4338 illi
3454 4299 3575 4338 eam

2004 4380 2699 4439 constitueruntcustodem
2721 4378 2920 4433 divina:
2950 4377 3144 4438 vineae,
3182 4382 3239 4429 ut
3269 4390 3334 4429 ex
3364 4373 3571 4436 verbis,

2003 4490 2124 4545 quae
2150 4481 2279 4530 sunt
2331 4473 2385 4527 in
2421 4478 2699 4550 promptu,
2748 4475 2933 4541 posset
2980 4467 3245 4537 intelligi;
3304 4465 3399 4520 sed
3430 4464 3577 4519 Deus

2003 4566 2222 4637 quidem
2263 4572 2348 4620 est
2381 4549 2491 4637 qui.
2520 4560 2824 4624 constituit,
2876 4559 2953 4614 illi
2993 4567 3172 4612 autem
3212 4557 3388 4611 solum
3425 4555 3577 4609 inea

341 4644 536 4722 ἐκεῖνοι
564 4668 620 4721 δὲ
641 4644 978 4738 ἐμαχέσαντο
1013 4665 1171 4735 μόνον
1194 4665 1250 4715 ἐν
1280 4663 1437 4733 αὐτῇ,
1471 4660 1564 4714 καὶ
1588 4659 1769 4713 ἔθεντο
1805 4658 1896 4710 αὑο

2008 4644 2412 4730 ρυεηανετυιιι,
2441 4664 2496 4711 et
2534 4660 2833 4726 posuerunt
2866 4666 2984 4707 eam
3027 4658 3286 4719 tanquam
3318 4648 3576 4701 taberna-

341 4759 438 4829 τὴν
472 4758 547 4821 ῶς
586 4757 787 4828 σκηνὴν
815 4758 871 4808 ἐν
907 4753 1206 4824 ἀμπελῶνι,
1232 4752 1326 4803 καὶ
1359 4751 1433 4813 ὼς
1462 4747 1907 4818 ὀπωροφυλάκιον

342 4855 399 4904 ἐν
440 4851 766 4921 σικυηλάτῳ.
797 4849 907 4919 Τῆς
955 4846 1062 4916 γὰρ
1110 4844 1519 4914 φυλασσομένης
1562 4840 1781 4911 ὀπώρας
1821 4839 1910 4892 διὰ

341 4941 440 5010 τὴν
478 4940 761 5011 παρακοὴν
800 4936 1120 5008 στερηθεῖσα
1139 4976 1152 4999 ,
1180 4935 1447 5005 ἄχρηστον
1475 4932 1652 5003 θέαμα
1678 4930 1912 4983 κατελεί-

343 5032 578 5103 φθη,τοῦ
604 5030 1006 5101 φυλασσομένου
1033 5028 1089 5079 ἐν
1116 5027 1250 5099 αὑτῇ
1283 5026 1356 5096 μὴ
1384 5025 1555 5087 ὄντος.
1585 5025 1695 5077 Καὶ
1722 5022 1909 5093 ἐπειδὴ

343 5126 493 5179 ἔθετο
526 5126 554 5177 ὁ
582 5124 712 5186 Θεὺς
747 5122 1027 5193 ἄνθρωπον
1054 5118 1343 5190 ἐργάζεθαι
1374 5120 1469 5172 καὶ
1498 5117 1788 5186 φυλάσσειν
1815 5116 1907 5168 τὸν

344 5218 688 5289 παράδεισον,
712 5215 867 5267 τοῦτό
893 5231 1053 5284 φησιν
1074 5213 1107 5282 ἡ
1127 5211 1334 5281 νύμφη,
1361 5212 1441 5262 ὅτι
1471 5208 1576 5262 Τοῦ
1601 5207 1734 5262 Θεοῦ
1769 5205 1907 5278 [τοῦ]

348 5309 572 5379 θεμένου
602 5308 699 5377 τὴν
732 5306 908 5375 ψυχήν
940 5323 1038 5376 μου
1066 5308 1145 5366 εἰς
1171 5302 1314 5371 ζωὴν
1345 5300 1479 5372 (ζωὴ
1511 5301 1618 5371 γὰρ
1655 5296 1722 5371 ἦν
1756 5302 1789 5369 ἡ
1814 5298 1907 5352 τοῦ

348 5399 675 5470 παραδείσου
694 5398 894 5468 τρυφὴ,
910 5398 966 5448 ἐν
981 5389 1024 5463 ᾧ
1046 5395 1193 5447 ἔθετο
1211 5396 1239 5447 6
1254 5393 1384 5456 Θεὸς
1407 5394 1496 5445 τὸν
1517 5392 1798 5462 ἄνθρωπον
1819 5394 1908 5462 ἐρ-

347 5491 605 5561 γάζεσθαι
636 5491 730 5543 καὶ
760 5488 1047 5557 φυλάσσειν
1078 5486 1345 5556 αὑτὸν),οἰ
1371 5484 1552 5554 ἐχθροὶ
1575 5483 1908 5554 μετέστησαν

345 5584 511 5653 αὑτὴν
528 5584 589 5634 ὲκ
601 5582 699 5649 τῆς
720 5579 812 5632 τοῦ
832 5579 1157 5649 παραδείσου
1178 5576 1405 5648 τρυφῆς,
1422 5577 1500 5639 εἰς
1520 5575 1578 5627 τὸ
1592 5573 1911 5636 σπουδάζειν

346 5678 471 5746 περὶ
492 5674 583 5726 τὸν
604 5671 779 5727 αὑτῶν
799 5670 1113 5741 ἀμπελῶνα,
1126 5662 1186 5722 οὗ
1206 5672 1234 5722 6
1251 5668 1439 5738 βότρυς
1455 5667 1690 5737 γεωργεῖ
1705 5664 1805 5734 τὴν
1826 5682 1914 5717 πι-

346 5768 506 5841 κρίαν
520 5768 610 5819 καὶ
628 5768 660 5836 ή
677 5764 918 5833 σταφυλὴ
940 5763 1035 5845 τὴν
1063 5762 1246 5831 χολή-ι.
1276 5758 1523 5822 Τοιοῦτος
1535 5755 1791 5829 ἀμπελὼν
1816 5751 1914 5808 Σύ-

429 5944 467 5973 "
486 5941 643 5996 Hom.
680 5956 772 6005 vn,
806 5940 875 5995 ‘25
972 5936 1178 5993 "i’sal.
1219 5949 1383 5994 vau,
1421 5934 1469 5986 5.

2002 4754 2184 4808 culum
2232 4751 2287 4805 in
2326 4750 2505 4811 vinea,
2555 4756 2609 4801 et
2640 4754 2898 4815 tanquam
2948 4741 3223 4796 fructuum
3264 4738 3572 4795 custodiam

2002 4843 2058 4897 in
2085 4840 2481 4897 cucumerario.
2507 4836 2796 4890 Fructibus
2821 4832 2963 4888 enim
2998 4831 3090 4901 qui
3124 4828 3576 4884 custodiebantur

2004 4934 2214 5003 privata
2266 4938 2488 5000 propter
2531 4924 2976 4988 inobedientiam,
3034 4922 3223 4976 relicta
3258 4928 3340 4973 est
3386 4917 3579 4973 inutile

2007 5023 2400 5095 spectaculum,
2432 5034 2557 5072 cum
2599 5019 2652 5071 in
2685 5032 2747 5071 ea
2796 5030 2906 5069 non
2940 5020 3085 5069 esset
3128 5011 3181 5065 id
3221 5008 3363 5080 quod
3394 5019 3580 5062 custo-

2010 5116 2282 5171 diebatur.
2340 5111 2406 5165 Et
2438 5109 2693 5180 quoniam
2752 5106 2896 5162 lleus
2944 5103 3127 5176 posuit
3178 5101 3451 5156 hominem
3507 5097 3576 5151 ad

2011 5206 2348 5277 operandum
2380 5211 2434 5257 et
2461 5198 2877 5256 custodiendum
2912 5194 3251 5267 paradisum,
3307 5191 3409 5245 hoc
3436 5187 3573 5242 dixit

2012 5310 2242 5368 sponsa:
2277 5293 2411 5348 Cum
2444 5291 2586 5345 Deus
2615 5290 2848 5343 animam
2880 5302 3053 5341 meam
3099 5282 3371 5353 posuisset
3403 5278 3468 5333 ad
3494 5277 3574 5332 vi-

2014 5400 2121 5444 tam
2148 5405 2160 5441 :
2196 5384 2403 5440 deliciae
2427 5382 2571 5438 enim
2614 5377 2851 5450 paradisi
2890 5377 2999 5429 vita
3029 5381 3166 5436 erat,
3206 5373 3259 5426 in
3289 5385 3398 5441 quo
3427 5371 3570 5424 Deus

2015 5476 2196 5549 posuit
2209 5474 2481 5529 hominem
2497 5470 2562 5524 ad
2581 5465 2914 5539 Operandum
2931 5473 3116 5519 etcum
3131 5458 3569 5517 custodiendum:

2012 5568 2218 5626 inimici
2231 5582 2316 5621 me
2332 5563 2687 5619 traduxerunt
2700 5556 2987 5614 acustodia
3004 5555 3238 5626 paradisi
3258 5552 3323 5606 ad
3338 5552 3576 5608 studium

2014 5657 2321 5732 ponendum
2352 5655 2406 5709 in
2434 5655 2671 5718 vineam,
2701 5648 2861 5721 cujus
2891 5648 3083 5703 botrus
3105 5650 3326 5714 generat
3351 5655 3573 5732 amaro-

2018 5730 2150 5816 rcm,
2177 5758 2231 5806 et
2252 5764 2350 5805 uva
2373 5747 2554 5802 bilem.
2576 5740 3023 5815 Ejusmodivinea
3036 5733 3423 5794 eratSodoma.
3439 5730 3575 5788 Tale

1559 5934 1595 5963 "
1636 5931 1773 5985 l‘sal.
1806 5942 2031 5991 anut,
2070 5928 2113 5979 l.
