4116 6666
411 540 420 548 -
505 504 610 562 799
1752 491 1811 546 S.
1836 482 2166 544 GREGORII
2196 475 2495 536 NYSSENI
3659 447 3766 505 800

505 625 844 676 sarmentum
885 611 1188 671 Gomorrha
1209 651 1224 675 ,
1258 626 1380 681 qua:
1407 610 1662 666 damnata
1692 615 1775 664 est
1802 620 1926 662 cum
1962 602 2066 656 So-
2095 632 2105 658 λ

2207 612 2306 665 αμα
2330 588 2399 663 ἧν
2455 585 2678 655 τοιαύτη
2712 580 2977 681 κληματίς
3006 575 3284 681 Γόμορρα,
3313 567 3770 681 ησυγκαίταδξκαέ

505 716 685 769 domis
710 753 728 778 ,
777 726 873 783 per
905 724 1045 780 quas
1084 708 1161 762 ira
1198 707 1498 760 draconum
1541 701 1961 759 immedicabilis
2005 699 2088 755 ef-

507 805 627 858 fusa
668 811 754 859 est
785 803 840 855 in
879 798 1040 853 malis
1068 797 1439 852 torcularibus
1472 793 1901 848 Sodomitarum.
1934 789 2088 844 Licet

505 886 694 952 autem
739 895 795 947 in
853 890 1181 946 hodiernum
1236 903 1410 958 usque
1456 887 1599 941 diem
1651 883 1835 939 videre
1887 883 2087 936 multos

509 983 765 1038 homines
794 989 1084 1036 curatores
1111 988 1166 1034 et
1191 977 1450 1034 custodes
1477 975 1750 1045 ejusmodi
1779 977 2084 1039 vinearum,

505 1076 603 1146 qui
642 1075 939 1146 diligenter
970 1074 1024 1128 in
1065 1089 1124 1128 se
1166 1087 1266 1127 sua
1301 1070 1432 1124 vitia
1472 1068 1829 1131 custodiunt,
1865 1068 2098 1138 perinde.

506 1182 573 1222 ac
601 1166 648 1221 si
681 1167 911 1221 timeant
949 1180 1017 1220 ne
1056 1165 1261 1218 malum
1301 1160 1557 1232 perdant.
1597 1158 1766 1215 Vides
1805 1159 2088 1229 improbos

508 1256 773 1314 custodes
827 1255 1185 1321 idololatriae,
1225 1268 1347 1324 qua
1384 1259 1676 1308 exercetur
1715 1250 1772 1307 in
1811 1250 2090 1319 impietate

508 1361 565 1408 ct
595 1353 652 1408 in
683 1352 915 1406 avaritia
935 1393 951 1417 ,
988 1347 1449 1420 quemadmodum
1476 1345 1704 1416 vigilant
1731 1343 1788 1398 in
1817 1344 2088 1398 malorum

509 1444 795 1507 custodia,
846 1444 1110 1500 damnum
1155 1455 1279 1497 esse
1322 1440 1704 1496 existimantes
1742 1436 1950 1508 privari
1987 1436 2092 1490 ini-

511 1537 745 1611 quitate.
787 1534 848 1590 ln
887 1535 1014 1589 aliis
1043 1547 1266 1605 quoque
1291 1531 1420 1586 licet
1450 1530 1641 1586 videre
1671 1543 1768 1584 eos
1797 1527 1893 1598 qui
1932 1525 2089 1598 peni-

511 1663 604 1711 tus
643 1659 1011 1723 susceperunt
1047 1651 1381 1720 voluptatem
1409 1688 1427 1713 ,
1471 1655 1568 1703 aut
1605 1645 1956 1716 superbiam,
1996 1653 2092 1702 aut

515 1746 717 1801 fastum
738 1784 752 1808 ,
777 1753 871 1798 aut
897 1743 1103 1814 aliquid
1128 1739 1397 1811 ejusmodi
1420 1780 1435 1803 ,
1460 1738 1918 1811 quemadmodum
1940 1737 2092 1792 omni

514 1837 700 1894 studio
736 1852 800 1892 ea
865 1836 1008 1889 mala
1069 1835 1503 1904 amplectantur,
1547 1833 1758 1886 lucrum
1811 1846 1935 1886 esse
1986 1829 2092 1884 du-

2189 657 2377 740 σθεῖσα
2427 679 2712 749 Σοδόμοις,
2739 674 2804 728 δι’
2837 666 2911 726 ὧν
2953 672 2981 723 6
3033 669 3140 721 τῶν
3187 663 3491 736 δρακόντων
3537 657 3704 728 θυμὸς
3739 657 3769 710 6

2187 775 2402 838 ἀνίατος
2425 775 2482 826 ὲν
2501 773 2623 833 ταῖς
2644 767 2904 838 πονηραῖς
2925 763 3106 832 ληνοῖς
3128 759 3236 812 τῶν
3261 752 3565 825 Σοδομιτῶν
3597 751 3770 822 ύπερε

2189 865 2370 936 εχέθη.
2430 864 2586 915 Ἔστι
2629 858 2687 913 δὲ
2737 856 2830 912 καὶ
2867 853 3028 924 μέχρι
3071 849 3165 903 τοῦ
3211 846 3306 901 νῦν
3359 845 3466 897 τῶν
3511 840 3769 896 τοιούτων

2190 932 2528 1028 ἀμπελώνων
2557 948 2891 1022 ἐπιμελητάς
2912 963 2971 999 τε
3004 943 3098 998 καὶ
3127 940 3370 1010 φύλακας
3391 937 3516 998 τοὺς
3539 932 3771 994 πολλοὺς

2188 1026 2297 1102 τῶν
2327 1043 2626 1115 ἀνθρώπων
2674 1041 2822 1102 ἰδεῖν,
2868 1037 2918 1090 οἳ
2963 1033 3164 1104 σπουδῇ
3195 1030 3264 1083 τά
3293 1029 3439 1098 πάθη
3475 1029 3606 1098 παρ’
3635 1026 3766 1078 ἑαυ-

2188 1143 2300 1203 τοῖς
2328 1136 2608 1208 τηροῦσιν,
2644 1131 2832 1199 ῶσπερ
2877 1124 3173 1186 δεδοικότες
3207 1121 3281 1192 μὴ
3323 1118 3385 1171 τὸ
3429 1115 3599 1208 κακὸν
3631 1115 3772 1208 ἀποο

2189 1203 2436 1285 λέσωσιν.
2495 1225 2660 1296 ὐρᾷς
2707 1223 2832 1283 τοὺς
2879 1215 3150 1287 πονηροὺς
3198 1211 3298 1280 τῆς
3329 1203 3773 1296 είδωλολατρείας

2192 1321 2458 1392 φύλακας,
2496 1293 2692 1388 τῆςήτε
2724 1310 2867 1367 κατά
2913 1308 3011 1379 τὴν
3061 1302 3313 1358 ἀσέϐειαν
3342 1299 3436 1352 καὶ
3483 1293 3773 1392 τῆς-κατὰ

2190 1385 2290 1485 τὴν
2320 1385 2638 1475 πλεονεξίαν
2671 1399 3087 1476 ἐνεργουμένης,
3120 1393 3236 1458 πῶς
3268 1385 3674 1485 ἐπαγρυπνςὼξ
3702 1387 3774 1456 τῇ

2193 1477 2406 1576 φύλακῇ
2433 1499 2542 1554 τῶν
2579 1496 2786 1556 κακῶν,
2817 1491 3018 1564 ζημίαν
3051 1488 3111 1542 τὸ
3146 1483 3473 1576 στερηθῆναι
3515 1477 3775 1576 τῆς-ἀνο-

2196 1567 2322 1668 μίας
2357 1567 2686 1664 νομίζοντες.
2721 1586 2830 1642 Καὶ
2858 1583 2948 1636 ἐπὶ
2976 1581 3085 1634 τῶν
3113 1577 3286 1632 ἄλλων
3317 1571 3578 1668 ὡσαύτως
3625 1567 3776 1668 ἐστιῖ

2196 1657 2322 1742 ίδεῖν
2367 1657 2493 1748 τοὺς
2544 1683 2602 1736 ὲν
2648 1679 2800 1751 βάθει
2833 1671 3311 1747 παραδεξαμένους
3347 1665 3446 1736 τὴν
3476 1661 3687 1734 ἡδονὴν,
3736 1657 3774 1730 ἦ

2194 1775 2590 1848 ὑπερηφανίαν,
2642 1771 2674 1842 ἦ
2732 1769 2922 1840 τῦφον,
2971 1765 3004 1838 ἦ
3053 1762 3181 1817 ἀλλο
3238 1776 3292 1811 τι
3338 1755 3449 1848 τῶν
3493 1751 3774 1848 τοιούτων,

2195 1841 2318 1933 πῶς
2343 1841 2686 1938 περιέχονται
2719 1859 2808 1914 διὰ
2851 1859 3031 1926 πάσης
3063 1850 3307 1923 φυλακῆς
3351 1845 3459 1898 τῶν
3498 1841 3777 1938 τοιούτων,

513 1940 736 1995 eentes,
766 1930 836 1985 ab
874 1928 1190 1999 huiusmodi
1226 1928 1374 1982 vitiis
1415 1940 1697 1996 nunquam
1741 1938 1931 1994 puram
1969 1937 2094 1978 esse

2207 1928 2387 2032 κέρδος
2418 1928 2743 2026 ’ποιούμενοι
2788 1950 2850 2004 τὸ
2902 1947 3172 2020 μηδέποτε
3201 1942 3296 2012 τὴν
3532 1935 3640 1988 τῶν

514 2025 780 2078 animam.
810 2022 938 2078 Haec
964 2037 1097 2092 ergo
1127 2019 1290 2076 deﬂet
1319 2034 1548 2090 sponsa.
1579 2019 1806 2073 dicens:
1833 2016 2094 2087 Propter-

513 2131 580 2172 ea
639 2116 786 2172 facta
835 2132 958 2172 sum
1019 2117 1217 2187 nigra,
1277 2114 1425 2185 quod
1486 2112 1694 2168 inimici
1747 2112 1993 2174 zizania,
2040 2117 2095 2165 et

525 2211 669 2264 mala
699 2217 889 2265 nostra
926 2220 1209 2265 sarmenta
1241 2206 1560 2262 custodiens
1591 2216 1643 2261 et
1686 2214 1846 2260 tuens
1866 2246 1881 2270 ,
1917 2219 2094 2258 meam

515 2303 732 2357 vineam
763 2318 875 2358 non
905 2303 1166 2358 custodii.
1196 2300 1242 2356 Ο
1275 2307 1514 2370 quantos
1542 2300 1746 2354 excitat
1776 2297 2006 2352 affectus
2039 2297 2093 2350 in

517 2393 588 2448 iis
623 2395 719 2465 qui
747 2396 864 2450 acri
911 2411 1076 2450 sensu
1129 2393 1235 2449 ista
1272 2393 1625 2462 percipiunt:
1674 2388 1890 2444 Vineam
1927 2405 2097 2443 meum

518 2503 625 2540 non
682 2487 994 2542 custodivi!
1021 2485 1146 2540 Hch
1209 2500 1315 2540 vox
1363 2492 1447 2539 est
1498 2489 1686 2553 aperte
1732 2482 2092 2537 lamentatio:

521 2579 880 2643 lamentatio,
924 2593 1046 2648 quae
1077 2580 1472 2647 prophetarum
1507 2576 1744 2646 gemitus
1777 2582 1830 2628 et
1861 2574 2098 2644 ejulatus

526 2679 709 2726 movet
757 2672 822 2726 ad
871 2664 1460 2726 commiserationemﬁ
1491 2667 1777 2734 Quomodo
1825 2666 1966 2720 facta
2014 2673 2100 2720 est

522 2765 785 2820 meretrix
820 2763 1016 2819 civitas
1051 2763 1227 2820 fidelis
1277 2761 1409 2817 Sion
1461 2763 1620 2832 plena
1653 2761 1913 2830 judicio?
1947 2757 2099 2825 Quo-

526 2855 687 2909 modo
721 2855 911 2910 relicta
941 2863 1023 2909 est
1063 2853 1167 2907 illia
1210 2853 1338 2907 Sion
1377 2861 1639 2924 tanquam
1681 2851 2099 2905 tabernaculum

527 2947 581 3000 in
610 2945 806 3000 vinea?
829 2942 1116 3012 Quomodo
1143 2945 1284 2999 sedit
1306 2944 1423 2999 sola
1454 2944 1649 2998 civitas
1675 2943 1831 3012 plena
1869 2943 2064 3011 pepulo
2082 2983 2096 3006 ,

526 3037 817 3094 dominans
868 3037 922 3092 in
982 3036 1333 3107 regionibus,
1392 3035 1532 3090 facta
1571 3048 1654 3092 est
1705 3037 1808 3093 sub
1854 3035 2103 3090 tributo?

524 3131 814 3199 Quomodo
863 3132 1220 3186 obscuratum
1271 3141 1356 3184 est
1404 3145 1629 3192 aurum,
1676 3131 1965 3184 alteratum
2020 3135 2103 3184 est

525 3235 813 3297 argentum
874 3227 1078 3282 bomnn
1117 3225 1206 3278 ‘3?
1250 3222 1538 3289 Quomodo
1589 3221 1735 3277 facta
1787 3230 1871 3276 est
1906 3222 2098 3291 nigra,

2196 2024 2304 2107 θῶν
2345 2024 2702 2119 καθαρεῦσαι.
2751 2042 2934 2096 Ταῦτα
2966 2034 3057 2093 οὖν
3082 2039 3116 2108 η
3161 2037 3350 2103 νύμφη
3383 2029 3659 2119 ὀδύρεται,
3687 2024 3774 2119 λέῖ

2195 2159 2402 2215 γουσα,
2437 2115 2518 2195 δτί
2571 2137 2670 2191 Διά
2699 2134 2858 2189 τοῦτο
2903 2130 3167 2202 ἐγενόμην
3203 2125 3450 2197 μέλαινα,
3493 2118 3681 2215 έπειδὴ
3709 2115 3780 2172 τὰ

2197 2211 2412 2303 ζιζάνια
2441 2231 2532 2286 τοῦ
2580 2227 2798 2301 ἐχθροῦ,
2844 2225 2939 2279 καὶ
2970 2222 3066 2283 τὰς
3096 2217 3337 2289 πονηρὰς
3366 2213 3543 2268 αὐτῶν
3572 2211 3778 2303 κλημαο

2195 2300 2343 2392 τίδας
2373 2300 2721 2395 φυλάσσουσα
2761 2334 2822 2370 τε
2851 2316 2946 2368 καὶ
2978 2310 3335 2383 περιέπουσα,
3365 2304 3454 2356 τὸν
3485 2300 3778 2372 ἀμπελῶνα

2196 2420 2288 2472 τὸν
2311 2393 2440 2489 ὲμδν
2472 2415 2571 2468 οὐκ
2597 2408 2859 2481 ἐφύλαξα.
2897 2405 2964 2458 Ὦ
3002 2402 3166 2455 πόσον
3199 2399 3339 2452 κινεῖ
3376 2394 3546 2456 πάθος
3570 2395 3626 2445 ἐν
3666 2393 3779 2453 τοῖς

2197 2483 2528 2583 αἰσθητικῶς
2562 2505 2867 2566 ἐπαΐουσιν,
2914 2491 3266 2568 Ἀμπελῶνα
3314 2488 3462 2583 ἐμόν
3494 2488 3603 2583 οὐξι
3639 2483 3781 2583 ἐφύ-

2197 2575 2388 2670 λαξάί
2437 2601 2642 2672 Θρῆνος
2696 2590 2954 2657 ἀντικρύς
3005 2590 3152 2641 ἐστιν
3197 2588 3232 2656 ἡ
3285 2582 3457 2654 φωνὴ,
3507 2580 3631 2642 τοὺς
3658 2575 3781 2672 τῶν

2199 2666 2497 2767 προφητῶν
2539 2666 2883 2755 στεναγμοὺς
2933 2679 3097 2734 κινῶν
3137 2679 3217 2741 είς
3247 2672 3604 2745 συμπάθειαν.
3657 2666 3782 2728 Πῶς

2176 2766 2415 2856 ,ἐγένετο
2450 2782 2623 2852 πόρνη
2715 2776 2869 2839 πόλις
2899 2773 3064 2844 πιστὴ
3098 2769 3235 2823 Σιὼν
3268 2767 3478 2838 πλήρης
3513 2766 3778 2856 κρίσεως;

2200 2852 2324 2941 Πῶς
2353 2871 2682 2942 κατελείφθη
2800 2867 3043 2936 θυγάτηρ
3076 2862 3212 2914 Σιὼν
3240 2859 3315 2923 ὡς
3355 2857 3527 2927 σκηνὴ
3574 2856 3630 2945 έν
3665 2852 3772 2945 ἀμι

2202 2967 2438 3030 πελῶνι;
2470 2941 2594 3025 Πῶς
2627 2941 2847 3014 ἐκάθισε
2881 2955 3016 3025 μόνη
3042 2954 3076 3022 ἡ
3120 2949 3294 3012 πόλις,
3329 2948 3363 3018 ἡ
3394 2941 3780 3015 πεπληθυμένη

2202 3061 2381 3128 λαῶν;
2431 3059 2672 3130 ἄρχουσα
2727 3050 2818 3104 ἐπὶ
2879 3043 3106 3118 χώραις,
3159 3040 3390 3112 ἐγενήθη
3453 3039 3534 3100 είς
3566 3035 3782 3130 ,φόρον

2204 3155 2329 3218 Πῶς
2355 3127 2659 3224 ἠμαυρώθη
2689 3144 2752 3198 τὸ
2779 3139 3023 3212 χρυσίον,
3053 3135 3319 3208 ἠλλοιώθη
3351 3133 3410 3186 τὸ
3435 3129 3693 3224 ἀργύριον
3724 3127 3787 3224 τό

2206 3219 2410 3316 ἀγαθὼ
2429 3261 2444 3308 ;
2481 3219 2605 3302 Πῶς
2634 3236 2848 3305 ἐγένετο
2879 3229 3128 3302 μέλαινα,
3180 3227 3215 3297 ὴ
3262 3226 3338 3295 τῷ
3380 3221 3615 3291 ἀληθινῷ
3647 3219 3785 3289 φωτὶ

525 3327 650 3390 qua:
677 3332 802 3373 vera
837 3318 958 3372 luce
999 3318 1237 3388 primum
1291 3315 1572 3387 fulgebat?
1606 3314 1729 3369 Haec
1761 3316 1944 3368 omnia
1970 3355 1984 3378 ,
2019 3314 2103 3368 in,

2207 3291 2274 3394 τά
2307 3335 2498 3409 πρῶτα
2532 3326 3063 3396 συναναλάμπουσα;
3118 3320 3303 3374 Πάντα
3350 3315 3523 3369 ταῦτα
3571 3311 3785 3382 ἐγένετό

525 3411 684 3480 quit,
732 3408 866 3464 mihi
912 3411 1055 3464 facta
1107 3419 1268 3473 sunt,
1325 3409 1456 3478 quia
1501 3408 1718 3462 vineam
1769 3421 1947 3460 meam
1993 3423 2103 3460 non

527 3501 792 3557 custodii.
825 3500 998 3556 Vinea
1033 3513 1118 3556 est
1157 3501 1579 3565 immortalitas,
1608 3499 1769 3553 vinea
1804 3509 1887 3553 est
1934 3499 2108 3568 impa-

531 3595 798 3659 tibllltas,
860 3605 914 3650 et
971 3594 1080 3648 Deo
1134 3594 1500 3656 assimilatio,
1546 3601 1601 3646 et
1652 3592 1722 3646 ab
1771 3591 1919 3645 omni
1968 3593 2110 3646 malo

533 3685 815 3740 alienatio.
853 3683 1032 3755 llujus
1065 3685 1236 3738 vineae
1270 3683 1484 3737 fructus
1515 3690 1599 3737 est
1632 3681 1863 3753 puritas.
1903 3681 2002 3736 Hic
2029 3690 2112 3736 est

533 3778 861 3849 splendidus
900 3777 1241 3847 pulcherque
1270 3783 1324 3831 et
1357 3785 1608 3831 maturus
1642 3775 1730 3828 ille
1766 3774 1985 3838 botrus,
2018 3775 2109 3844 qui

537 3871 874 3943 peculiarem
917 3879 966 3925 el
1013 3869 1271 3925 eximiam
1327 3868 1558 3924 formam
1609 3884 1721 3938 pne
1768 3885 1827 3924 se
1880 3868 2014 3934 fert,
2059 3878 2115 3923 et

537 3960 792 4015 castitate
843 3959 1036 4014 dulces
1086 3957 1266 4013 reddit
1316 3975 1515 4016 sensus
1555 3961 1772 4014 animm.
1815 3960 2114 4030 Capreolus

536 4052 710 4106 vinea:
736 4058 820 4106 est
848 4065 973 4104 cum
1008 4049 1119 4102 vita
1153 4057 1354 4104 aeterna
1390 4050 1704 4118 conjunctio
1739 4062 1791 4105 et
1819 4053 2114 4109 connexio.

539 4141 937 4198 Excrescentes
969 4141 1220 4212 palmites
1242 4181 1256 4205 ,
1291 4151 1419 4196 sunt
1452 4143 1711 4198 virtutum
1740 4144 2116 4210 celsitudines,

537 4251 663 4306 quae
702 4235 1015 4290 ascendunt
1069 4249 1244 4304 usque
1295 4234 1363 4287 ad
1408 4235 1726 4291 altitudines
1775 4238 2113 4307 angelorum.

540 4325 692 4383 Folia
733 4337 912 4382 autem
949 4343 1068 4397 qua:
1097 4325 1475 4395 germinarunt
1501 4368 1514 4387 ,
1548 4335 1602 4382 et
1630 4343 1751 4398 qua:
1783 4329 1968 4397 quieto
2006 4329 2120 4398 spi-

542 4421 653 4475 ritu
693 4419 920 4489 pulchre
961 4419 1014 4473 iu
1057 4419 1228 4474 ramis
1271 4421 1612 4489 quatiuntur,
1662 4429 1794 4476 sunt
1834 4422 2118 4490 multiplex

543 4511 855 4564 divinarum
883 4510 1146 4562 virtutum
1176 4519 1404 4566 ornatus
1423 4551 1436 4572 ,
1470 4528 1592 4579 qua:
1621 4511 1784 4566 simul
1812 4513 2121 4582 germinant

543 4617 671 4654 cum
705 4601 921 4670 spiritu.
957 4599 1082 4655 llaec
1110 4602 1293 4655 munia
1328 4602 1614 4672 possidens
1636 4644 1650 4666 ,
1688 4614 1742 4658 et
1771 4620 1895 4657 cum
1927 4619 2116 4659 eorum

548 4693 812 4750 fruitione
853 4695 1140 4766 gloriarer,
1189 4706 1476 4765 propterea
1528 4696 1675 4766 quod
1731 4698 1946 4752 vineam
2009 4714 2117 4752 non

547 4789 859 4851 custodivi.
911 4787 1057 4843 facta
1112 4804 1232 4843 sum
1289 4790 1481 4859 nigra,
1522 4798 1577 4843 et
1616 4789 1749 4843 vitio
1795 4805 1825 4844 a
1881 4791 2120 4860 puritate

548 4886 702 4955 lapsa
723 4923 738 4948 ,
777 4884 1007 4938 formam
1039 4884 1193 4938 indui
1230 4895 1404 4938 atram
1432 4893 1486 4938 et
1512 4886 1937 4941 tenebricosam.
1975 4888 2121 4945 Talis

547 4975 694 5028 enim
719 4975 907 5027 forma:
927 4983 1012 5028 est
1029 4976 1215 5028 tunica
1241 4975 1486 5044 pellicea.
1507 4974 1665 5031 Nunc
1689 4987 1870 5033 autem
1900 4989 2122 5049 propter

549 5065 938 5121 rectitudinem
960 5081 1081 5136 quae
1108 5081 1194 5121 me
1223 5083 1416 5122 rursus
1436 5067 1646 5131 dilexit,
1673 5067 1863 5124 eﬂ‘ecta
1897 5071 2123 5140 pulchra

549 5167 606 5212 et
644 5158 954 5222 luminosa,
993 5165 1303 5228 suspectam
1353 5159 1526 5214 habeo
1575 5176 1750 5216 meam
1789 5165 2126 5233 prosperita-

548 5262 686 5316 tem,
718 5266 786 5305 ne
816 5266 1012 5306 rursus
1039 5250 1263 5320 perdam
1294 5251 1784 5320 pulchritudinem,
1825 5270 1922 5324 per
1963 5256 2124 5326 igno-

555 5359 612 5398 ra
622 5345 788 5397 ntiam
809 5359 917 5398 non
937 5353 1188 5399 assecuta
1204 5344 1424 5399 modum
1442 5347 1564 5415 ejus
1589 5354 1707 5401 tuto
1725 5347 2119 5404 custodiendze.

627 5437 922 5508 Propterea
979 5451 1207 5493 cessans
1263 5438 1411 5508 loqui
1471 5454 1595 5494 cum
1662 5439 2128 5504 adolescentulis,

558 5530 700 5584 votis
757 5537 981 5584 revocat
1019 5544 1318 5600 sponsum,
1354 5531 1404 5586 ei
1445 5547 1606 5602 quem
1647 5531 1995 5588 desiderabat
2031 5549 2132 5588 no-

557 5621 706 5677 mine
730 5620 906 5676 indito
933 5637 997 5676 ex
1031 5636 1130 5677 sua
1163 5622 1220 5677 in
1251 5623 1430 5696 ipsum
1467 5624 1778 5681 atl‘ectione.
1812 5625 1956 5692 Quid
1985 5627 2132 5682 enim

555 5711 739 5768 dicit?
795 5712 1060 5769 Renuntia
1110 5716 1262 5782 mihi,
1312 5733 1463 5788 quem
1499 5716 1679 5788 diligit
1744 5721 1925 5773 anima
1974 5737 2126 5785 mea,

560 5804 649 5858 ubi
681 5823 893 5875 pascas,
947 5808 1036 5862 ubi
1066 5808 1221 5862 cubes
1270 5810 1326 5863 in
1376 5810 1728 5866 meridie:ne
1750 5811 1959 5884 quando
2006 5813 2133 5883 [iam

646 5987 691 6020 "
712 5986 916 6043 Thren.
947 6003 1008 6059 ιι,
1040 5989 1063 6043 l
1099 6002 1223 6058 sqq.

2211 3449 2321 3503 μοι,
2351 3403 2537 3498 φησὶν,
2567 3423 2648 3475 ὅτι
2675 3419 2766 3473 τὸν
2794 3413 3093 3488 ἀμπελῶνα
3124 3411 3216 3466 τὸν
3245 3409 3376 3482 ὲμδν
3395 3409 3497 3462 ούκ
3525 3403 3783 3476 ἐφύλαξα.

2220 3498 2502 3592 manu.
2547 3514 2760 3583 ἐστινὴ
2808 3508 3108 3565 ἀθανασία·
3143 3503 3402 3577 ἀμπελὼν
3440 3504 3473 3573 ἡ
3529 3498 3787 3560 ἀπάθεια,

2209 3589 2304 3670 καί.
2329 3617 2362 3686 ἡ
2413 3611 2548 3682 πρὸς
2594 3607 2655 3660 τὸ
2675 3608 2826 3662 Θεῖον
2852 3602 3109 3674 ὁμοίωσις
3129 3640 3144 3664 ,
3176 3598 3271 3686 καὶ
3316 3595 3349 3667 ἡ
3379 3592 3577 3686 παντὸς
3620 3589 3788 3686 κακοῦ

2209 3679 2578 3773 ἀλλοτρίωσις.
2609 3692 2810 3749 Τούτου
2839 3689 2933 3773 τοῦ
2962 3685 3283 3760 ἀμπελῶνος
3312 3682 3522 3773 καρπὸς
3555 3679 3790 3773 ήΑκαθα-

2213 3766 2395 3866 ρότης,
2443 3792 2471 3842 ό
2505 3783 2757 3857 λαμπρὸς
2807 3772 2962 3843 οὗτος
2991 3778 3084 3832 καὶ
3113 3775 3320 3847 ὥριμος
3350 3771 3565 3843 βότρυς,
3590 3769 3619 3821 6
3659 3766 3791 3866 ἰδιά-

2214 3859 2426 3952 ξωνττῷ
2469 3878 2599 3932 εῖδει
2627 3875 2721 3929 καὶ
2751 3869 3196 3940 καταγλυκαίνων
3240 3867 3297 3919 ὲν
3342 3862 3534 3933 ἁγνείᾳ
3578 3860 3648 3913 τά
3692 3859 3792 3929 τῆς

2213 3975 2390 4046 ψυχῆς
2422 3969 2770 4040 αἰσθητήρια.
2815 3961 2968 4027 Ἔλιξ
2995 3961 3052 4015 δὲ
3088 3957 3183 4012 τοῦ
3210 3955 3552 4046 ἀμπελῶνος,
3584 3955 3618 4025 ὴ
3660 3952 3795 4046 πρδς

2348 4043 2526 4118 ἀΐδιον
2566 4059 2709 4130 ζωὴν
2758 4053 3062 4126 περιπλοκὴ
3105 4067 3168 4104 τε
3219 4049 3314 4102 καὶ
3347 4045 3629 4118 συμφυΐαν
3666 4043 3797 4112 κλήο

2219 4137 2364 4233 ματα
2417 4157 2474 4211 δὲ
2517 4152 2855 4222 αὐξανόμενα
2879 4189 2894 4212 ,
2947 4146 3014 4200 τά
3048 4145 3158 4199 τῶν
3199 4143 3409 4216 ἀρετῶν
3453 4144 3604 4194 ἐστιν
3649 4137 3798 4209 ὑψώ-

2222 4231 2369 4326 ματα
2400 4249 2534 4322 πρδς
2576 4247 2636 4300 τὸ
2684 4243 2816 4314 ὕψος
2857 4239 2963 4295 τῶν
3007 4237 3254 4308 ἀγγέλων
3299 4231 3795 4305 ἀναδενδρούμεναο

2221 4323 2395 4416 φύλλα
2423 4342 2478 4394 δὲ
2505 4337 2764 4409 τεθηλότα
2807 4335 2900 4388 καὶ
2945 4330 3024 4402 τῷ
3072 4329 3322 4400 ἠρεμαίῳ
3370 4324 3637 4396 πνεύματι
3663 4323 3795 4391 γλα-

2221 4414 2408 4509 φυρῶς
2453 4435 2564 4495 τοῖς
2599 4429 2812 4491 κλάδοις
2866 4423 3238 4493 ὲπισειόμενα,
3287 4419 3316 4471 6
3363 4416 3645 4486 πολυειδὴς
3692 4414 3798 4466 τῶν

2223 4505 2382 4586 θείων
2409 4525 2616 4598 ἀρετῶν
2651 4523 2853 4590 κόσμος
2886 4518 3023 4582 ἐστὶ,
3052 4514 3158 4568 τῶν
3198 4509 3698 4566 συναναθαλλόντων
3721 4505 3798 4576 τῷ

2225 4621 2522 4690 πνεύματι.
2552 4615 2738 4668 Ταῦτα
2771 4612 2950 4666 πάντα
2979 4605 3310 4675 κεκτημένη,
3343 4601 3494 4672 φησὶ,
3527 4598 3621 4652 καὶ
3653 4599 3796 4690 ὲνᾷτῇ

2221 4688 2518 4769 ἀπολαύσει
2545 4707 2746 4761 τούτων
2774 4698 3224 4774 λαμπρυνομένη,
3257 4694 3345 4748 διὰ
3373 4694 3433 4747 τὸ
3467 4691 3540 4764 μὴ
3571 4688 3800 4761 φυλάξαι

2216 4809 2306 4861 τὸν
2362 4799 2676 4875 ἀμπελῶνα,
2712 4791 3118 4864 κατεμελάνθην
3161 4789 3239 4859 τῷ
3305 4785 3528 4875 πένθει’
3562 4785 3660 4854 τῆς
3690 4782 3801 4852 γὰρ

2219 4873 2585 4966 καθαρότητος
2637 4887 2966 4949 ἐκπεσοῦσα,
3001 4884 3063 4937 τὸ
3099 4879 3335 4949 ζοφῶδες
3380 4873 3519 4940 εἶδος
3552 4875 3802 4930 ἐνεδυσά-

2222 5008 2352 5063 μην.
2388 4984 2640 5046 Τοιοῦτος
2685 4981 2794 5051 γὰρ
2839 4978 2918 5048 τῷ
2960 4975 3088 5029 εἴδει
3135 4973 3164 5024 6
3211 4969 3376 5041 χιτὼν
3401 4971 3429 5022 ό
3458 4967 3798 5063 δερμάτινος.

2230 5055 2345 5135 Νύν
2366 5076 2424 5130 δὲ
2448 5075 2536 5129 διά
2561 5074 2659 5144 τὴν
2687 5066 3050 5139 ἀγαπήσασάν
3077 5081 3144 5136 με
3165 5061 3325 5116 πάλιν
3351 5061 3637 5130 εὐθύτητα,
3660 5055 3800 5125 καλή

2230 5187 2290 5224 τε
2337 5169 2432 5222 καὶ
2463 5161 2750 5233 φωτοειδὴς
2777 5159 3064 5229 γενομένη,
3119 5151 3409 5208 ὑποπτεύω
3456 5150 3556 5221 τὴν
3605 5149 3800 5216 εὐκλη-

2235 5262 2356 5334 ρίαν
2376 5301 2391 5326 ,
2420 5257 2493 5329 μὴ
2516 5255 2676 5309 πάλιν
2701 5250 2951 5307 ἀπολέσω
2974 5248 3036 5300 τὸ
3059 5245 3252 5307 κάλλος
3269 5285 3283 5304 ,
3307 5243 3500 5313 ἀγνοίᾳ
3527 5239 3622 5294 τοῦ
3662 5239 3804 5294 κατὰ

2233 5353 2330 5426 τὴν
2357 5349 2653 5420 ἀσφάλειαν
2674 5344 2896 5417 τρόπου,
2922 5340 3050 5412 περὶ
3071 5337 3168 5409 τὴν
3191 5333 3437 5405 φυλακὴν
3466 5333 3801 5403 ἀτυχήσασα.

2297 5443 2397 5498 Διά
2430 5441 2587 5494 τοῦτο
2612 5433 2984 5492 καταλιποῦσα
3010 5431 3100 5484 τὸν
3141 5427 3277 5500 πρὸς
3304 5427 3406 5490 τὰς
3432 5425 3677 5487 νεάνιδας
3714 5423 3805 5476 λό-

2229 5555 2342 5607 γον,
2381 5533 2543 5588 πάλιν
2585 5529 2653 5584 δι’
2697 5527 2860 5597 εύχῆς
2904 5521 3162 5578 ἀνακαλεῖ
3207 5519 3297 5574 τὸν
3332 5517 3582 5589 νυμφίον,
3634 5516 3805 5584 ὄνομα

2232 5603 2570 5697 ποιησαμένη
2602 5620 2695 5675 τοῦ
2732 5613 3064 5686 ποθουμένου
3099 5614 3198 5684 τὴν
3248 5610 3384 5682 πρὸς
3429 5607 3592 5661 αὑτὸν
3631 5603 3806 5697 ἐνδιά-

2233 5720 2384 5774 θετον
2415 5693 2618 5788 σχέσιν.
2653 5711 2718 5765 Τί
2763 5708 2873 5780 γάρ
2903 5721 3103 5777 φησιν;
3165 5700 3556 5772 Ἀπὰγτ-ειλόν
3568 5715 3692 5769 μοι,
3732 5693 3806 5788 δῖ·

2240 5785 2556 5884 ἠγάπησεν
2593 5809 2631 5876 ὴ
2677 5800 2848 5873 ψυχή
2877 5816 3018 5870 μου,
3054 5795 3173 5850 ποῦ
3206 5793 3556 5862 ποιμαίνεις,
3603 5789 3644 5858 ἣ
3687 5785 3806 5843 ποῦ
