4116 6514
293 423 395 478 8M

1352 404 1418 460 IN
1439 399 1735 460 CANTICA
1765 392 2036 455 CANTIC.
2081 348 2365 453 IIOMILIA
2408 396 2473 453 11.

3441 391 3548 455 802

292 531 578 597 maniam-
637 530 707 584 ἐν
760 492 1132 599 μεσημϐρίᾳο
1193 522 1426 593 μήποτε
1482 519 1735 592 γένωμαι
1788 518 1869 582 ὠς

1980 525 2227 585 tanquam
2287 514 2483 567 amicta
2548 513 2603 566 in
2666 511 2907 583 gregibus
2975 527 3241 567 saaaimm
3316 519 3545 564 tuorum.

294 622 774 695 ,περιϐαλλομένη
823 621 914 675 ἐπ’
970 618 1217 689 ἀγέλαις
1271 614 1389 670 τῶν
1431 613 1679 681 ἑταίρων
1730 627 1866 664 σου.

292 719 407 772 Ποῦ
437 717 765 788 ποιμαίνεις,
800 715 830 767 6
872 712 1076 783 ποιμὴν
1102 712 1130 763 6
1163 707 1344 772 καλὸς,
1375 707 1404 759 6
1436 706 1601 776 αῐρων
1629 702 1721 756 ἐπὶ
1763 700 1870 754 τῶν

294 811 461 881 ὤμων
494 808 613 861 ὅλον
647 807 708 861 τὸ
748 806 1027 877 ποίμνιον;
1058 802 1117 855 ἓν
1141 801 1249 872 γάρ
1287 800 1404 851 ἐστι
1433 796 1701 868 πρόϐατον
1723 796 1872 847 πᾶσα

293 904 329 972 ἡ
383 898 699 970 ἀνθρωπίνη
753 896 936 965 φύσις,
988 895 1055 966 ἣν
1100 892 1193 945 ἐπὶ
1243 891 1351 944 τῶν
1392 888 1556 959 ὤμων
1594 885 1868 947 ἀνέλαϐες.

294 992 485 1057 Δεῖξόν
541 1007 629 1061 μοι
681 988 772 1040 τὸν
803 986 966 1039 τόπον
1016 986 1114 1055 τῆς
1160 983 1341 1054 χλόης,
1373 979 1636 1051 γνώρισόν
1676 994 1765 1047 μοι
1814 975 1873 1028 τὸ

298 1084 445 1156 ὕδωρ
472 1085 570 1154 τῆς
604 1079 981 1143 ἀναπαύσεως,
1011 1076 1245 1146 ὲξάγαγέ
1277 1091 1343 1144 με
1386 1072 1522 1143 πρὸς
1563 1072 1660 1141 τὴν
1686 1070 1874 1139 τρόφι-

300 1196 402 1249 μον
443 1175 601 1239 πόαν,
634 1172 859 1228 κάλεσόν
891 1188 957 1241 με
999 1171 1063 1223 ὲκ
1089 1169 1181 1222 τοῦ
1214 1167 1496 1237 ὀνόματος,
1532 1164 1617 1216 ἴνα
1658 1162 1873 1217 ἀκούσω

296 1268 401 1338 τῆς
432 1264 614 1336 φωνῆς
646 1282 760 1327 σου,
806 1261 915 1330 ἐγὼ
958 1260 1019 1313 τὸ
1050 1260 1141 1313 σὺν
1171 1259 1441 1330 πρόϐατον
1466 1275 1480 1291 ο
1535 1256 1628 1309 καὶ
1656 1256 1743 1318 δός
1786 1273 1873 1325 μοι

296 1359 386 1413 διὰ
421 1362 521 1429 τῆς
555 1356 739 1426 φωνῆς
773 1372 865 1407 σου
904 1352 1001 1424 τὴν
1040 1352 1183 1423 ζωὴν
1228 1351 1326 1421 τὴν
1369 1350 1604 1403 αἰώνιον.
1668 1347 1873 1416 Ἀπάτ-

296 1451 503 1522 τειλόν
529 1466 652 1518 μοι,
672 1446 745 1500 ὃν
770 1444 1088 1515 ἠγάπησεν
1119 1445 1159 1511 ἡ
1186 1442 1355 1512 ψυχή
1398 1460 1538 1511 μου.
1576 1440 1735 1495 Οὕτω
1768 1441 1875 1511 γάρ

299 1559 359 1595 σε
386 1538 759 1609 κατονομάζω,
791 1538 975 1607 ἐπειδὴ
1002 1537 1062 1590 τὸ
1088 1536 1258 1606 ὄνομά
1306 1552 1398 1587 σου
1429 1534 1568 1605 ὑπὲρ
1596 1536 1703 1587 πᾶν
1729 1533 1876 1587 ἐστιν

296 1632 491 1703 ὄνομα,
523 1631 618 1683 καὶ
646 1631 796 1701 πάσῃ
818 1629 1006 1699 λογικῇ
1031 1628 1189 1696 φύσει
1214 1626 1485 1697 άφραστόν
1516 1642 1574 1677 τε
1604 1625 1698 1679 καὶ
1734 1624 1877 1694 ἀχώ-

302 1740 480 1795 ρητον.
542 1721 752 1775 Οὐκοῦν
807 1719 979 1789 όνομά
1027 1719 1146 1771 ἐστι
1209 1716 1565 1787 γνωριστικὸν
1625 1715 1721 1785 τῆς
1778 1715 1877 1784 σῆς

299 1811 652 1881 ἀγαθότητος.
682 1812 715 1881 ἡ
748 1812 843 1880 τῆς
874 1809 1050 1880 ψυχῆς
1084 1825 1183 1879 μου
1216 1807 1344 1877 περὶ
1392 1807 1452 1859 σὲ
1498 1806 1699 1876 σχέσις.
1751 1804 1877 1867 Πῶς

299 1902 410 1972 γάρ
444 1919 502 1955 σε
535 1902 609 1971 μὴ
638 1902 928 1970 ἀγαπήσω,
969 1898 1060 1953 τὸν
1093 1899 1235 1951 οὕτω
1275 1914 1342 1967 με
1371 1899 1754 1968 ἀγαπήσαντα,
1784 1896 1875 1950 καὶ

299 1993 474 2047 ταῦτα
523 1992 783 2061 μέλαιναν
824 1987 1012 2054 οὖσαν,
1060 1990 1200 2043 ὥστε
1246 1989 1342 2061 τὴν
1377 1990 1554 2061 ψυχήν
1591 2006 1685 2041 σου
1736 1988 1876 2060 ὑπὲρ

300 2084 412 2139 τῶν
437 2085 720 2155 προϐάτων
742 2083 934 2146 θεῖναι,
965 2082 1002 2137 ἃ
1029 2084 1093 2138 σὺ
1121 2083 1426 2153 ποιμαίνεις
1450 2101 1466 2150 ;
1492 2081 1727 2146 Μείζονα
1747 2080 1877 2135 ταύ-

301 2194 401 2249 της
447 2178 666 2248 ἀγάπην
712 2177 813 2231 οὐκ
856 2176 1005 2230 ἔστιν
1035 2174 1400 2246 ὲπινοῆσαι,ἢ
1440 2173 1501 2226 τὸ
1529 2176 1593 2244 τῇ
1638 2176 1702 2243 σῇ
1730 2172 1874 2243 ψυχῇ

300 2270 401 2341 τὴν
442 2268 714 2339 σωτηρίαν
742 2268 840 2339 τὴν
870 2266 1007 2339 ἐμὴν
1055 2267 1506 2333 ἀνταλλάξασθαι.
1558 2267 1739 2335 Δεῖξον
1784 2263 1877 2320 οῦν

306 2372 416 2426 μοι,
455 2355 607 2424 φησὶ,
641 2354 743 2407 ποῦ
791 2355 1115 2424 ποιμαίνεις,
1148 2355 1233 2409 ἵνα
1282 2354 1517 2427 εὑροῦσα
1556 2356 1655 2428 τὴν
1707 2358 1879 2427 σωτή-

303 2463 420 2518 ριον
444 2446 634 2516 νομὴν,
664 2445 961 2517 ὲμφορηθῶ
987 2445 1087 2517 τῆς
1110 2447 1366 2518 οὐρανίας
1391 2448 1616 2518 τροφῆς,
1640 2442 1708 2519 ἦς
1738 2451 1767 2502 6
1803 2448 1874 2519 μὴ

303 2538 514 2609 φαγὼν,
544 2540 605 2592 οὐ
631 2537 851 2592 δύναται
894 2540 974 2603 είς
998 2538 1096 2609 τὴν
1128 2538 1271 2609 ζωὴν
1301 2538 1560 2593 εἰσελθεῖν
1579 2557 1593 2570 ’
1631 2541 1725 2593 καὶ
1745 2540 1875 2611 δρα-

307 2629 483 2707 μοῦσα
514 2630 649 2702 πρὸς
678 2630 738 2683 σὲ
763 2629 863 2700 τὴν
911 2627 1111 2701 πηγὴν,
1144 2630 1335 2684 σπάσω
1376 2629 1468 2684 τοῦ
1521 2630 1665 2685 θείου
1698 2631 1878 2701 πόμα-

303 2734 418 2781 τος,
445 2716 474 2769 6
519 2717 584 2770 σὺ
616 2719 729 2781 τοῖς
758 2717 949 2787 διψῶσι
984 2716 1272 2787 πηγάζεις,
1320 2720 1600 2791 προσχέων
1628 2722 1688 2774 τὸ
1734 2721 1876 2791 ὕδωρ

303 2810 370 2864 ὲκ
395 2809 498 2879 τῆς
534 2808 797 2880 πλευρᾶς,
827 2808 921 2861 τοῦ
956 2810 1172 2881 σιδήρου
1200 2810 1297 2882 τὴν
1328 2810 1497 2880 φλέϐα
1520 2812 1721 2885 ταύτην
1743 2814 1877 2867 ἀνα-

307 2900 719 2971 στομώσαντος·
758 2893 820 2954 οὗ
850 2903 879 2956 6
906 2903 1242 2973 γευσάμενος
1283 2905 1433 2976 πηγὴ
1476 2906 1685 2975 γίνεται
1723 2907 1878 2960 ἀλλο-

309 2988 750 3064 μένου⁶είςζωὴν
786 2993 1021 3047 αἰώνιον.
1053 2996 1154 3050 Ἂν
1180 2995 1287 3067 γὰρ
1317 2999 1373 3049 ὲν
1419 2998 1627 3062 τούτοις
1667 3017 1734 3070 με
1762 3017 1879 3053 ποι-

309 3081 506 3153 μάνῃς,
536 3082 806 3146 κοιτάσεις
840 3082 906 3153 μὲ
936 3082 1151 3147 πάντως
1191 3085 1248 3136 ἐν
1293 3086 1627 3159 μεσημϐρίᾳ,
1651 3088 1778 3142 ὅταν
1818 3090 1878 3142 ἐν

305 3174 497 3244 εἰρήνῃ
540 3173 632 3226 ἐπὶ
666 3172 728 3225 τὸ
765 3172 895 3227 αὐτὸ
940 3175 1282 3246 κοιμηθεῖσα,
1315 3177 1372 3228 ὲν
1411 3176 1487 3248 τῷ
1526 3179 1701 3250 ἀσκίῳ
1740 3182 1880 3248 φωτὶ

306 3264 691 3333 ἀναπαύσομαι
710 3280 725 3299 ι
760 3264 948 3328 ἀσκιος
973 3268 1081 3336 γὰρ
1112 3267 1446 3338 πανταχόθεν
1475 3270 1509 3341 ἡ
1542 3271 1878 3343 μεσημϐρία,

305 3352 403 3407 τοῦ
430 3354 580 3423 ⁴ίλίου
608 3354 705 3425 τῆς
742 3357 984 3427 κορυφῆς
1016 3357 1479 3429 ύπερλάμποντος,
1521 3361 1580 3417 ὲν
1678 3363 1742 3415 σὺ
1770 3382 1883 3418 κοι-

306 3445 493 3508 τάζεις
536 3446 663 3509 τοὺς
692 3445 796 3500 ὑπὸ
839 3446 932 3500 σοῦ
968 3449 1384 3518 ποιμανθέντας,
1420 3452 1546 3507 ὅταν
1584 3454 1652 3508 τὰ
1694 3455 1883 3509 παιδία

308 3553 404 3588 σου
432 3535 558 3609 δέξῃ
588 3537 725 3606 μετὰ
750 3536 978 3591 σεαυτοῦ
1004 3540 1083 3603 εἰς
1112 3538 1210 3611 τὴν
1247 3541 1451 3613 κοίτην.
1489 3545 1675 3609 Οὐδεὶς
1698 3547 1755 3599 δὲ
1784 3548 1880 3618 τῆς

306 3622 663 3687 ἀναπαύσεως
688 3624 789 3695 τῆς
818 3627 1194 3700 μεσημϐρινῆς
1223 3630 1486 3697 ἀξιοῦται,
1520 3634 1593 3707 μὴ
1621 3636 1735 3700 υἱὸς
1771 3655 1885 3707 φω-

306 3707 399 3770 τὸς
426 3709 520 3761 καὶ
537 3711 750 3782 ἡμέρας
790 3716 1081 3785 γενόμενος
1102 3735 1117 3749 ν
1144 3721 1172 3772 6
1213 3719 1269 3772 δὲ
1303 3722 1441 3775 κατὰ
1464 3724 1524 3776 τὸ
1553 3724 1665 3779 ἴσον
1693 3728 1883 3782 ἑαυτὸν

306 3796 403 3851 τοῦ
432 3815 490 3851 τε
518 3799 806 3871 ὲσπερινοῦ
836 3804 929 3857 καὶ
958 3805 1051 3859 τοῦ
1082 3807 1329 3879 όρθρινοῦ
1357 3812 1578 3877 σκότους
1620 3818 1882 3887 χωρίσας,

307 3889 584 3982 τουτέστιν
608 3892 743 3946 ὅπου
768 3895 991 3966 ἄρχεται
1016 3898 1075 3952 τὸ
1094 3900 1261 3956 κακὸν
1283 3904 1377 3957 καὶ
1402 3904 1483 3968 είς
1505 3905 1533 3959 6
1563 3907 1883 3982 καταλήγει,

308 3973 484 4046 οὗτος,
513 3982 571 4036 ὲν
596 3985 660 4054 τῇ
712 3984 1028 4059 μεσημϐρίᾳ
1053 3990 1204 4061 παρά
1239 3992 1332 4047 τοῦ
1364 3994 1516 4065 ἡλίου
1556 3998 1657 4069 τῆς
1682 3973 1884 4054 δικαιοί-

312 4070 479 4142 σύνης
528 4073 857 4138 κοιτάζεται.
914 4077 1185 4149 Γνώρισον
1229 4077 1321 4137 οῦν
1374 4102 1499 4155 μοι,
1545 4090 1711 4160 φησὶ,
1767 4091 1885 4157 πῶς

309 4344 716 4415 ἀποσφαλεῖσαν
764 4352 886 4413 ταῖς
930 4350 1239 4424 ἀλλοτρίαις
1284 4355 1392 4409 τῶν
1455 4357 1565 4413 σῶν
1622 4360 1885 4431 ποιμνίων

310 4435 534 4504 ἀγέλαις
565 4440 599 4508 ή
626 4439 725 4507 τῆς
767 4439 1024 4511 ἀληθείας
1070 4443 1262 4511 ἄγνοια
1293 4448 1651 4522 ωναγελάσῃ.
1701 4452 1887 4508 Ταῦτα

1909 1866 1951 1920 li

1974 607 2071 663 Ubi
2126 609 2343 677 pascis,
2403 624 2437 661 ο
2491 614 2675 677 pastor
2723 606 2899 671 bone,
2934 607 3028 676 qui
3077 621 3242 672 super
3285 602 3550 659 humeros

1970 700 2119 755 tollis
2166 706 2341 752 totum
2391 713 2608 768 gregem
2661 697 2704 728 ‘°
2753 698 2895 764 (una
2943 697 3087 752 enim
3130 706 3214 753 est
3255 695 3375 751 ovis
3419 694 3546 748 uni-

1968 806 2129 846 versa
2165 790 2403 844 humana
2445 800 2639 843 natura
2665 828 2680 851 ,
2713 803 2876 857 quam
2913 788 3203 858 suscepisti
3248 801 3411 858 super
3445 785 3548 841 hu-

1969 880 2220 954 meros)?
2243 882 2472 938 ostende
2510 880 2646 934 mihi
2676 880 2857 933 locum
2892 879 3134 949 quietis,
3169 879 3308 935 educ
3352 894 3439 933 me
3477 875 3547 930 ad

1970 976 2196 1030 herbam
2230 974 2427 1029 bonam
2464 972 2531 1026 ad
2558 970 2949 1037 nutriendum,
2980 984 3115 1023 voca
3152 986 3237 1025 me
3266 986 3333 1025 ex
3365 968 3549 1023 nomi-

1970 1085 2073 1135 ne,
2107 1075 2167 1122 ut
2190 1083 2292 1139 ego
2320 1067 2414 1136 qui
2448 1082 2568 1121 sum
2604 1065 2721 1120 ovis
2746 1104 2760 1127 ,
2792 1064 3009 1117 audiam
3038 1071 3187 1117 tuam
3222 1078 3410 1117 vocem
3440 1080 3453 1113 :
3492 1070 3548 1117 et

1970 1169 2196 1234 propter
2263 1169 2415 1214 tuam
2467 1173 2656 1213 vocem
2712 1157 2779 1211 da
2832 1156 2964 1209 mihi
3014 1156 3180 1209 vitam
3230 1164 3542 1209 aeternam:

1972 1253 2231 1307 Renunlia
2282 1251 2593 1323 mihi,quem
2623 1249 2797 1319 diligit
2838 1249 3019 1301 anima
3083 1264 3221 1302 mea.
3278 1247 3354 1300 Ita
3400 1247 3546 1300 enim

1972 1354 2027 1401 te
2055 1345 2314 1406 nomino,
2361 1342 2620 1413 quoniam
2666 1357 2866 1397 nomen
2914 1349 3070 1393 tuum
3112 1348 3338 1408 superat
3386 1353 3548 1392 ontnc

1974 1451 2171 1489 nomen
2198 1447 2529 1501 omnemque
2558 1430 2975 1501 intelligentiam
3000 1468 3015 1492 ,
3041 1444 3142 1483 nec
3172 1430 3428 1481 universa
3452 1443 3551 1479 na-

1974 1535 2099 1581 tura
2129 1525 2404 1596 particeps
2435 1523 2665 1577 rationis
2694 1521 2748 1577 id
2784 1521 2937 1576 eli‘ari
2967 1528 3144 1589 potest
3177 1527 3272 1572 aut
3306 1532 3553 1587 compre-

1977 1618 2233 1672 hendere.
2278 1614 2486 1672 Nomen
2536 1628 2669 1685 ergo
2703 1621 2857 1667 tuum
2885 1653 2899 1676 ,
2927 1627 3037 1682 quo
3067 1620 3159 1664 tua
3196 1611 3553 1681 cognoscitur

1975 1712 2230 1777 bonitas,
2288 1716 2375 1764 est
2427 1722 2561 1762 mea}
2610 1705 2807 1760 animae
2856 1719 2986 1775 erga
3039 1712 3091 1759 te
3150 1702 3548 1758 benevolentia.

1978 1801 2264 1869 Quomodo
2301 1800 2446 1855 enim
2478 1807 2533 1853 te
2563 1812 2671 1852 non
2699 1796 2955 1866 diligam,
3009 1796 3103 1865 qui
3150 1809 3235 1849 me
3281 1792 3362 1849 sic
3411 1792 3551 1848 dile-

1980 1894 2109 1948 xisti
2136 1932 2150 1956 ,
2186 1890 2406 1947 etiamsi
2438 1889 2575 1943 adeo
2606 1889 2762 1959 nigra
2793 1901 2969 1941 essem
2992 1923 3008 1949 ,
3037 1887 3097 1938 tit
3128 1884 3366 1937 animam
3403 1892 3551 1936 tuam

1980 1985 2232 2058 posueris
2267 1997 2367 2054 pro
2415 1982 2613 2036 ovibus
2661 1995 2799 2050 quas
2842 1986 2901 2033 tu
2950 1973 3174 2048 pascis?
3202 1973 3323 2030 Non
3374 1980 3554 2045 potest

1982 2077 2209 2148 cogitari
2268 2076 2370 2131 hac
2432 2073 2608 2144 major
2676 2071 2943 2136 dilectio,
3004 2082 3169 2139 quam
3222 2074 3314 2120 tua
3369 2070 3555 2119 anima

1981 2180 2157 2222 meam
2190 2171 2506 2235 permutare
2539 2162 2797 2217 salutem.
2827 2158 2969 2214 Doce
3003 2172 3088 2211 me
3116 2156 3302 2226 igitur,
3334 2154 3552 2225 inquit,

1982 2258 2075 2312 ubi
2112 2270 2345 2327 pascas,
2378 2262 2439 2307 ut
2488 2252 2718 2308 salutari
2770 2251 2991 2305 inventa
3046 2249 3295 2320 pastione
3341 2244 3554 2301 ccelesti

1980 2350 2209 2418 implcar
2242 2346 2619 2411 nutrimento,
2662 2342 2810 2414 quod
2851 2343 2943 2413 qui
2979 2356 3090 2396 non
3130 2339 3397 2403 comedit,
3445 2353 3557 2391 non

1979 2445 2160 2508 potest
2189 2436 2400 2508 ingredi
2428 2436 2482 2488 in
2515 2434 2681 2489 vitam
2722 2441 2982 2488 aeternam
3010 2448 3026 2497 ;
3058 2442 3113 2489 et
3156 2447 3455 2488 aceurrens
3487 2429 3557 2484 ad

1981 2531 2183 2586 fontem
2211 2569 2226 2594 ,
2278 2528 2524 2584 divinum
2568 2533 2757 2597 potum
2798 2525 3080 2590 hauriam,
3123 2541 3285 2597 quem
3333 2534 3390 2578 tu
3432 2531 3556 2577 tan-

1981 2634 2146 2688 quam
2170 2634 2237 2674 ex
2254 2616 2402 2672 fonte
2424 2615 2636 2687 praebes
2656 2614 2989 2681 sitientibus,
3005 2631 3202 2685 aquam
3219 2612 3560 2686 proiundens

1980 2726 2046 2766 ex
2099 2720 2194 2763 tuo
2224 2709 2393 2763 latere
2417 2748 2433 2775 ,
2483 2706 2629 2761 ferro
2664 2705 2766 2760 hac
2805 2721 2943 2761 vena
2981 2714 3169 2778 aperta
3196 2747 3211 2772 ,
3245 2720 3409 2777 quam
3460 2704 3557 2776 qui

1980 2800 2302 2872 gustaverit,
2321 2800 2378 2851 tit
2397 2798 2518 2853 fons
2536 2812 2693 2867 aquae
2712 2798 2961 2854 salientis
2982 2798 3049 2851 ad
3079 2798 3246 2851 vitam
3273 2803 3555 2853 aeternam.

1982 2894 2040 2948 Si
2068 2894 2213 2948 enim
2244 2892 2300 2945 in
2329 2891 2415 2945 liis
2440 2906 2527 2945 me
2548 2905 2770 2960 pascas,
2801 2906 2889 2945 me
2915 2891 3138 2945 omnino
3167 2888 3336 2944 iacies
3355 2888 3561 2943 cubare

1981 2986 2037 3039 in
2072 2984 2333 3046 meridie,
2366 2983 2589 3051 quando
2625 2987 2677 3036 in
2715 2996 2899 3051 pacem
2932 2981 3094 3036 simul
3127 2980 3441 3043 dormiens,
3474 2995 3560 3034 re-

1982 3076 2260 3146 quiescam
2283 3073 2338 3127 in
2368 3073 2486 3127 luce
2515 3087 2637 3141 quae
2659 3079 2810 3126 caret
2832 3072 3063 3136 umbra;
3097 3069 3367 3140 siquidem
3400 3069 3563 3124 meri-

1982 3167 2101 3221 dies
2124 3164 2314 3218 umbra
2340 3171 2511 3226 caret,
2530 3163 2643 3217 sole
2668 3163 2881 3217 lucente
2905 3178 3068 3231 super
3082 3164 3368 3227 verticem,
3384 3162 3559 3231 inqua

1981 3267 2039 3310 tu
2075 3257 2278 3311 cubare
2303 3254 2439 3308 facis
2466 3269 2564 3309 eos
2592 3268 2731 3323 quos
2761 3262 2815 3308 tu
2854 3254 3307 3325 pavisti,quando
3337 3262 3393 3307 tu
3428 3268 3561 3323 pue-

1980 3362 2072 3402 ros
2100 3357 2223 3400 tuos
2245 3345 2488 3416 excipies
2524 3353 2706 3400 tecum
2740 3345 2795 3399 in
2828 3344 3031 3401 cubile.
3056 3344 3225 3400 Nemo
3251 3357 3430 3400 autem
3456 3345 3560 3399 hac

1981 3439 2291 3493 meridiana
2321 3439 2513 3505 requie
2550 3436 2748 3509 dignus
2802 3446 3078 3503 censetur,
3124 3438 3217 3509 qui
3254 3453 3361 3492 non
3396 3436 3561 3492 fuerit

1982 3535 2129 3589 ﬁlius
2158 3533 2319 3598 lucis,
2352 3542 2406 3587 et
2442 3533 2588 3589 titius
2628 3530 2757 3590 diei.
2776 3531 2880 3598 Qui
2908 3540 3089 3587 autem
3109 3547 3169 3587 se
3199 3547 3263 3587 ex
3285 3545 3441 3600 aequo
3474 3546 3561 3586 se-

1983 3624 2200 3695 paravit
2261 3639 2291 3678 a
2341 3623 2672 3693 vespertinis
2719 3631 2771 3678 et
2811 3623 3098 3679 matutinis
3149 3624 3414 3691 tenebris,
3455 3624 3561 3678 hoc

1983 3728 2090 3781 est,
2126 3717 2218 3772 ubi
2246 3716 2437 3787 incipit
2463 3716 2665 3770 malum
2682 3722 2736 3770 et
2765 3715 2821 3769 in
2849 3715 2997 3786 quod
3027 3716 3253 3783 desinit,
3276 3716 3321 3770 is
3355 3717 3406 3771 in
3440 3732 3556 3772 me-

1984 3813 2142 3875 ridie,
2188 3820 2247 3865 ut
2275 3811 2331 3865 in
2377 3825 2443 3866 eo
2472 3809 2658 3873 cubet,
2704 3809 3009 3865 collocatur
3061 3825 3091 3863 a
3143 3811 3259 3865 sole
3303 3810 3555 3879 justitiaa.

1986 3904 2244 3976 Signilica
2277 3917 2407 3973 ergo
2439 3901 2598 3963 mihi,
2631 3900 2831 3970 inquit,
2875 3900 3152 3971 quomodo
3180 3908 3426 3970 oporteat
3455 3917 3560 3954 cu-

1986 3998 2117 4052 bare
2159 4006 2215 4050 et
2267 4009 2517 4065 pascere,
2548 4002 2601 4047 et
2634 4008 2886 4062 quaenam
2937 3992 3010 4047 sit
3041 3992 3126 4046 via
3162 3992 3365 4063 quietis
3403 3992 3560 4046 meri-

1983 4088 2191 4153 dianae;
2238 4101 2306 4140 ne
2339 4084 2477 4139 forte
2518 4099 2549 4138 a
2593 4098 2791 4139 manus
2839 4094 2947 4138 tuae
2974 4082 3302 4138 deductione
3335 4082 3557 4152 delapsa

1982 4178 2234 4234 veritatis
2295 4176 2625 4246 ignorantia,
2678 4175 2841 4231 simul
2881 4188 3183 4244 congreger
3223 4189 3345 4227 cum
3389 4174 3559 4245 gregi-

1978 4270 2088 4328 bus
2121 4269 2316 4325 alienis
2343 4285 2373 4322 a
2414 4269 2527 4324 tuis
2560 4268 2776 4323 ovibus.
2808 4266 2933 4322 Haec
2966 4267 3122 4331 dixit,
3148 4267 3216 4322 de
3243 4267 3555 4337 pulchritu-

1986 4362 2116 4418 dine
2150 4377 2272 4433 qute
2304 4361 2353 4417 ei
2377 4359 2579 4416 accidit
2608 4359 2874 4416 divinitus
2904 4360 3235 4425 sollicita,et
3266 4360 3452 4415 volens
3477 4360 3559 4414 in-

1989 4458 2232 4528 telligere
2255 4470 2365 4527 quo
2397 4464 2560 4527 pacto
2608 4456 2656 4511 ei
2716 4456 2771 4510 in
2811 4463 3132 4526 perpetuum
3181 4466 3394 4509 maneat
3432 4470 3559 4526 pro-

309 4523 433 4581 εἷπε
458 4530 589 4600 περὶ
624 4529 719 4585 τοῦ
752 4533 1048 4604 γενομένω
1082 4535 1317 4602 κάλλους
1342 4539 1511 4611 αὐτῆς
1535 4539 1719 4595 θεόθεν
1742 4541 1878 4613 ἀγω-

1988 4523 2243 4619 speritas.
2274 4523 2418 4603 iSed
2474 4562 2608 4604 voce
2655 4523 2843 4618 sponsi
2890 4523 3132 4602 nondum
3179 4554 3266 4602 est
3312 4523 3555 4619 dignata,

310 4621 504 4684 νιῶσα,
544 4622 638 4676 καὶ
672 4623 821 4688 ὅπως
862 4625 928 4679 ἂν
956 4626 1038 4690 είς
1064 4627 1126 4681 τὸ
1153 4628 1396 4700 διηνεκὲς
1417 4635 1724 4706 παραμένοι
1750 4636 1878 4709 αὐτῇ

1984 4657 2109 4695 cum
2144 4639 2290 4696 Deus
2322 4640 2392 4697 de
2425 4655 2490 4695 ea
2521 4641 2719 4698 melius
2765 4639 3097 4711 provideret,
3164 4648 3221 4694 ut
3248 4640 3316 4695 ad
3379 4642 3557 4710 majus

310 4717 344 4785 ἡ
378 4716 670 4787 εὐμορφία,
708 4718 897 4788 μαθεῖν
941 4718 1188 4786 ἀξιοῦσα.
1238 4721 1376 4775 Ἀλλ’
1404 4723 1557 4779 οὔπω
1602 4726 1892 4793 καταξιοῦ-

310 4822 400 4858 ται
436 4805 535 4876 τῆς
579 4806 674 4861 τοῦ
725 4808 959 4878 νυμφίου
992 4811 1196 4881 φωνῆς,
1224 4811 1319 4864 τοῦ
1374 4812 1508 4867 Θεοῦ
1552 4820 1681 4887 περὶ
1721 4820 1893 4894 αὐτῆς

308 4898 554 4967 κρεῖττόν
596 4915 649 4951 τι
693 4899 1137 4972 προϐλεψαμένου
1160 4918 1177 4933 ο
1224 4901 1302 4966 ὡς
1334 4902 1403 4957 ἂν
1434 4906 1514 4969 εις
1547 4908 1769 4977 μείζονα
1802 4912 1894 4966 πό-

309 4990 401 5042 θον
425 4990 525 5061 τὴν
570 4991 866 5062 ἐπιθυμίαν
895 4994 1069 5065 αὐτῆς
1094 4995 1442 5065 ἀναφλέξειεν
1464 4999 1497 5069 ή
1528 5001 1764 5077 ἀναϐολὴ
1784 5008 1884 5077 τῆς

308 5081 681 5148 ἀπολαύσεως,
718 5084 859 5139 ὥστε
892 5087 1289 5159 ωναυξηθῆναι
1329 5089 1408 5161 τῷ
1457 5090 1608 5162 πόθῳ
1648 5096 1748 5167 τὴν
1789 5100 1883 5153 εὐ-

310 5173 585 5246 φροσύνην
604 5190 618 5206 ⁸
654 5176 770 5229 ἀλλ’
794 5178 845 5230 οἱ
864 5177 1008 5247 φίλοι
1038 5180 1133 5234 τοῦ
1160 5180 1396 5252 νυμφίου
1423 5184 1557 5256 πρὸς
1579 5186 1748 5258 αὐτὴν
1769 5190 1883 5246 δια-

1987 4731 2322 4787 desiderium
2380 4732 2504 4800 ejus
2562 4735 2891 4788 accenderet
2957 4730 3313 4801 cupiditatem
3367 4730 3559 4786 dilatio

1988 4824 2236 4880 fruenda:
2256 4824 2576 4896 voluptatis,
2610 4831 2669 4879 ut
2694 4839 2819 4879 cum
2857 4824 3135 4879 desiderio
3186 4822 3349 4879 simul
3392 4840 3558 4892 auge-

1989 4924 2142 4973 retur
2165 4916 2391 4984 laetitia;
2431 4916 2527 4972 sed
2562 4915 2727 4971 amici
2775 4916 2963 4987 sponsi
3007 4931 3128 4971 eam
3179 4917 3557 4986 alloquuntur,

1990 5010 2269 5081 quomodo
2297 5008 2408 5063 sint
2435 5008 2488 5062 in
2514 5014 2635 5062 tuto
2665 5007 2871 5074 futura,
2914 5024 3036 5080 quae
3062 5008 3111 5063 ei
3144 5007 3347 5064 adsunt
3392 5008 3558 5070 bona,

1989 5100 2334 5156 consulendo
2381 5107 2737 5169 exponentes.
2774 5098 2870 5155 Est
2920 5108 3101 5155 autem
3146 5107 3290 5154 tecta
3339 5113 3557 5170 quoque

1987 5207 2177 5247 eorum
2209 5190 2390 5245 oratio
2421 5199 2650 5263 propter
2680 5189 3099 5247 obscuritatem.
3149 5190 3241 5246 Sic
3283 5192 3429 5247 enim
3464 5191 3555 5244 ba-

308 5263 577 5332 λέγονται,
618 5267 710 5320 τὸν
752 5268 951 5340 τρόπον
1002 5272 1103 5342 τῆς
1152 5269 1262 5325 τῶν
1312 5274 1620 5343 προσόντων
1661 5278 1878 5348 ἀγαθῶν

1990 5284 2082 5340 bet
2111 5282 2284 5337 dictio
2311 5300 2324 5336 :

306 5357 608 5451 (ξξφαλείεις
647 5360 734 5451 ala
783 5362 1094 5437 συμϐουλῆς
1135 5365 1521 5438 ὑφηγούμενοι.
1580 5372 1734 5427 Ἔστι
1781 5374 1837 5428 δὲ
1888 5377 2297 5450 κεκαλυμμένος
2328 5376 2396 5431 δι’
2438 5376 2707 5449 ἀσαφείας
2759 5377 2853 5434 καὶ
2893 5378 2923 5433 6
2952 5379 3081 5451 παρ’
3121 5376 3346 5433 ἐκείνων
3378 5376 3553 5446 λόγος.

310 5446 467 5519 Ἔχει
495 5449 605 5519 γάρ
632 5448 861 5524 οὖτωςή
890 5452 1055 5519 λέξις·

390 5539 526 5593 ἐὰν
552 5540 639 5611 μὴ
680 5543 836 5614 γνῷς
867 5548 1155 5617 σεαυτὴν,
1185 5551 1225 5619 ἡ
1266 5551 1423 5620 καλὴ
1468 5552 1537 5606 ἐν
1580 5557 1879 5625 γυναιξὶν,

2061 5559 2119 5614 Si
2191 5578 2293 5615 non
2363 5577 2647 5631 cognoscas
2731 5561 2985 5632 teipsam,
3052 5578 3081 5617 ο
3138 5560 3358 5631 pulchra
3418 5561 3552 5617 inm

306 5630 519 5695 ἕξελθε
559 5634 643 5689 σὺ
681 5636 755 5690 ἐν
796 5638 1077 5708 πτέρναις
1110 5641 1231 5697 τῶν
1268 5645 1556 5714 ποιμνίων
1602 5663 1740 5715 σου,
1782 5649 1878 5704 καὶ

1988 5651 2251 5715 mulieres,
2292 5630 2533 5723 egredere
2580 5662 2635 5709 tu
2670 5652 2727 5708 in
2768 5630 2998 5723 uestigiis
3046 5630 3262 5724 gregum
3318 5664 3553 5717 tuorum.

386 5800 431 5834 "
453 5801 785 5866 Mathxvm.
818 5804 906 5861 η.
