4116 6550
568 309 675 376 803

1849 302 1909 356 Β.
1940 297 2273 359 GREGORII
2308 295 2604 355 NYSSENI

3720 295 3844 352 8οι

569 437 619 481 et
677 441 835 496 pasce
897 423 1076 481 ha’dos
1123 423 1181 477 in
1234 419 1593 476 tabernaculis
1657 428 1957 488 pastorum.
2016 417 2153 473 Sen-

2265 416 2535 486 ποίμαινε
2562 414 2700 481 τοὺς
2727 411 3083 484 ἐρίφους-ἐπὶ
3109 405 3455 483 σκννώμασι
3479 409 3598 464 τῶν
3629 423 3834 480 ποιμε-

572 536 669 576 sus
696 527 878 574 autem
906 511 1102 572 horum
1130 514 1426 571 verborum
1458 523 1542 570 est
1559 511 1887 568 manifestus
1921 526 1989 567 ex
2016 525 2150 565 con—

573 612 859 682 sequentia
892 611 1087 666 eorum
1109 615 1233 680 quae
1256 616 1386 664 sunt
1412 608 1751 664 examinata.
1781 606 2146 661 Constructio

574 689 755 757 autem
793 701 1030 766 videtur,
1085 701 1277 757 nescio
1325 699 1626 772 quomodo,
1670 714 1793 754 esse
1832 697 2014 753 minus
2063 698 2150 752 lu-

575 793 719 849 cida.
753 787 1016 858 Quisnam
1037 800 1122 848 est
1151 807 1282 864 ergo
1308 807 1506 847 sensus
1525 790 1548 843 ?
1567 789 1872 845 Tutissima
1904 805 2004 845 nos
2024 804 2151 842 con-

575 884 833 939 servandi
875 883 1039 951 ratio,
1093 892 1177 939 est
1209 882 1453 953 seipsum
1499 896 1609 936 non
1651 881 1930 953 ignorare,
1974 896 2152 951 neque

576 975 782 1048 aliquid
816 975 963 1031 aliud
993 990 1160 1046 quam
1207 975 1354 1046 quod
1395 975 1451 1029 in
1484 990 1544 1030 se
1570 981 1656 1029 est
1693 973 1991 1038 videntem,
2035 973 2151 1028 exi-

580 1068 811 1123 ‘Stimare
858 1067 1101 1138 seipsum
1155 1066 1400 1137 aspicere
1433 1084 1447 1120 :
1481 1065 1627 1137 quod
1667 1066 1883 1136 quidem
1911 1065 1981 1120 iis
2005 1064 2153 1119 acci-

577 1157 658 1212 dit
680 1158 770 1227 qui
807 1157 1020 1228 seipsos
1044 1164 1152 1212 non
1201 1157 1639 1223 considerantes,
1695 1155 1867 1222 vires,
1917 1164 2010 1211 aut
2031 1156 2154 1228 pul-

573 1251 960 1316 duritudinem,
994 1262 1088 1306 aut
1117 1252 1370 1322 gloriam,
1413 1258 1508 1305 aut
1545 1249 1870 1320 potentiam,
1923 1255 2018 1303 aut
2051 1248 2150 1301 ali.

575 1361 714 1416 quas
751 1345 888 1399 alias
913 1344 1225 1407 facultates,
1257 1348 1352 1397 aut
1388 1341 1614 1406 fastum,
1640 1349 1734 1394 aut
1759 1341 2008 1411 corporis
2038 1355 2156 1394 mo-

578 1424 684 1494 lem
722 1451 786 1491 ac
814 1434 1268 1506 magnitudinem,
1301 1439 1396 1487 aut
1427 1431 1621 1486 forma;
1660 1431 2013 1502 elegantiam,
2060 1441 2156 1486 aut

578 1513 786 1599 aliquid
821 1526 969 1581 aliud
994 1527 1048 1580 in
1082 1525 1280 1596 seipsis
1316 1524 1593 1588 videntes,
1621 1538 1682 1578 se
1717 1523 1856 1578 tales
1885 1537 2012 1579 esse
2042 1524 2158 1578 exi-

579 1621 827 1676 stimant.
891 1619 1186 1689 Propterea
1249 1624 1381 1671 sunt
1437 1614 1525 1670 sui
1564 1629 1674 1670 non
1717 1614 1818 1670 tuti
1864 1615 2151 1679 custodes,

578 1713 678 1784 per
712 1710 1084 1766 habitudinem
1110 1708 1178 1764 ad
1209 1709 1475 1773 alienum,
1497 1708 1782 1780 proprium
1817 1707 2159 1779 negligentes

580 1775 997 1860 incustdditum.
1061 1775 1538 1868 Quemadmodum
1605 1775 1756 1856 enim
1832 1775 2233 1855 custodieritB

580 1895 852 1969 qlispiam
888 1893 940 1947 id
961 1893 1106 1964 quod
1142 1893 1358 1947 nescit?
1380 1891 1582 1947 Eorum
1615 1907 1748 1962 ergo
1777 1907 1900 1962 qua:
1941 1901 2071 1947 sunt
2104 1893 2159 1947 in

579 1989 738 2044 nobis
770 1986 1038 2042 bonorum
1069 1983 1564 2040 c'ustodiendornm
1599 1992 1687 2039 est
1733 1983 2006 2040 tutissima
2069 2000 2160 2039 ra-

582 2078 681 2140 tio,
709 2075 948 2145 seipsum
983 2075 1094 2128 non
1139 2074 1417 2143 ignorare,
1469 2076 1771 2143 exacteque
1803 2081 1859 2128 et
1903 2083 2174 2135 accurate.

579 2183 643 2224 se
666 2167 810 2223 scire
836 2179 1282 2236 unumquemque
1309 2165 1440 2236 quid
1473 2164 1566 2230 sit,
1592 2174 1647 2221 et
1674 2163 1914 2236 seipsum
1949 2167 2159 2223 discer-

582 2277 713 2317 nere
747 2261 814 2314 ah
844 2260 912 2317 iis
944 2274 1066 2329 quae
1092 2267 1221 2314 sunt
1251 2259 1400 2315 circa
1425 2275 1507 2322 se,
1555 2274 1623 2314 ne
1675 2258 1996 2330 imprudens
2028 2261 2164 2318 alie-

582 2369 716 2409 num
755 2366 854 2422 pro
882 2351 1068 2420 seipso
1107 2350 1404 2405 custodiat.
1438 2351 1543 2419 Qui
1574 2352 1720 2408 enim
1746 2353 1945 2422 aspicit
1984 2353 2052 2407 ad
2081 2355 2163 2408 vi-

583 2454 696 2498 tam
727 2457 849 2511 quae
905 2442 1086 2512 agitur
1141 2443 1196 2495 in
1234 2443 1336 2497 hoc
1386 2443 1614 2507 mundo,
1659 2451 1713 2498 et
1756 2459 1877 2514 quae
1909 2445 1996 2500 hic
2036 2455 2166 2502 sunt

584 2537 826 2610 pretiosa
854 2535 1138 2590 existimat
1169 2533 1335 2603 digna
1370 2550 1491 2604 qua:
1537 2532 1944 2603 custodiantur,
1984 2538 2164 2594 nescit

585 2628 900 2683 discernere
934 2626 1216 2696 proprium
1259 2627 1329 2680 ab
1360 2625 1724 2682 alieno.Nihil
1750 2629 1896 2683 enim
1938 2639 2023 2685 est
2066 2645 2163 2684 no-

585 2731 760 2776 strum
794 2735 982 2774 eorum
1006 2734 1126 2788 qua:
1161 2725 1470 2772 transeunt.
1495 2717 1786 2784 Quomodo
1821 2721 1965 2776 enim
1985 2722 2164 2776 domi-

585 2819 773 2867 natum
802 2810 1106 2866 obtinueris
1137 2810 1194 2863 in
1234 2804 1289 2863 id
1315 2805 1460 2880 quod
1496 2810 1697 2865 transit
1727 2821 1781 2867 et
1815 2810 1978 2866 ﬂuit?
2019 2812 2159 2868 Cum

585 2917 720 2975 ergo
745 2917 808 2959 ea
839 2918 961 2974 quae
987 2901 1350 2971 intelligentia
1378 2901 1681 2973 percipitur
1720 2910 1776 2958 et
1804 2913 1890 2959 est
1920 2905 2166 2962 materiae

581 3010 784 3071 expers
811 3003 1030 3060 natura,
1054 2993 1273 3049 stabilis
1329 2993 1423 3058 sit,
1461 2999 1515 3048 et
1550 3009 1771 3066 semper
1813 2998 2068 3053 similiter
2111 3007 2167 3054 et

586 3085 781 3140 eodem
828 3082 991 3139 modo
1041 3099 1102 3140 se
1149 3083 1388 3153 habeat;
1424 3092 1675 3141 transeat
1709 3096 1891 3144 autem
1936 3093 2164 3147 materia
2191 3125 2236 3186 ο

584 3195 685 3254 per
713 3177 920 3232 ﬂuxum
942 3177 1234 3250 quemdam
1247 3187 1302 3233 et
1333 3186 1541 3233 motum
1571 3195 1790 3252 semper
1817 3191 2055 3240 mutata:
2078 3202 2174 3241 ne-

587 3288 744 3329 cesse
773 3280 856 3328 est
888 3280 948 3326 ut
970 3275 1066 3342 qui
1099 3273 1168 3327 ab
1198 3287 1264 3327 eo
1286 3271 1431 3343 quod
1462 3280 1920 3346 stat,separatur,
1937 3281 2166 3334 omnino

585 3364 1015 3420 circumferatur
1052 3379 1178 3419 cum
1222 3379 1288 3420 eo
1331 3364 1479 3436 quod
1518 3373 1604 3422 est
1655 3367 1950 3434 instabile;
1977 3379 2032 3426 et
2068 3373 2165 3443 qui

588 3455 935 3526 persequitur
958 3455 1013 3511 id
1041 3455 1187 3524 quod
1226 3457 1447 3519 transit,
1501 3465 1555 3512 et
1588 3458 1853 3530 relinquit
1901 3461 1955 3516 id
2009 3464 2160 3534 quod

589 3555 679 3602 est
721 3548 940 3610 stabile,
975 3557 1210 3617 utroque
1236 3546 1635 3612 frustratur,ut
1667 3550 2008 3618 quialterum
2038 3553 2164 3623 qui-

589 3638 714 3693 dem
745 3637 1010 3701 dimittat,
1063 3637 1297 3692 alterum
1339 3652 1470 3692 vero
1509 3652 1619 3692 non
1674 3641 1851 3709 possit
1908 3641 2158 3699 retinere.

590 3715 882 3799 Propterea
914 3726 1217 3782 amicorum
1251 3728 1437 3798 Sponsi
1469 3729 1760 3784 consilium
1789 3730 1927 3786 dicit
1949 3747 2013 3787 ea
2043 3749 2166 3804 quae

589 3817 739 3873 dicta
789 3824 939 3882 sunt,
999 3833 1194 3888 nempe
1227 3813 1326 3873 :Si
1372 3833 1476 3872 non
1516 3834 1803 3890 cognoscas
1852 3823 2098 3890 teipsam,
2135 3839 2168 3878 ο

589 3911 813 3982 pulchra
833 3911 970 3965 inter
1017 3906 1287 3977 mulieres,
1309 3911 1553 3981 egredere
1585 3922 1641 3966 tu
1670 3913 1725 3967 in
1775 3916 2003 3986 vestigiis
2047 3932 2168 3986 gre-

589 4019 748 4075 gum:
773 4013 822 4057 et
851 4018 1005 4071 pasce
1041 4001 1220 4057 hwdos
1253 4011 1370 4056 tuos
1405 4003 1460 4056 in
1493 3996 1849 4060 tabernaculis
1871 4017 2169 4076 pastorum.

2251 521 2394 561 νων.
2434 507 2651 560 Τούτων
2688 505 2743 559 δὲ
2771 500 2879 558 τῶν
2911 503 3172 576 ῥημάτων
3199 500 3232 575 ἡ
3274 504 3371 573 μὲν
3395 502 3602 557 διάνοια
3626 502 3840 574 πρόδη-

2250 599 2342 664 λος
2380 602 2446 654 ὲκ
2476 600 2576 672 τῆς
2601 598 2712 653 τῶν
2756 595 3155 664 ἑξετασθέντων
3199 594 3520 659 ἀκολουθίας
3564 595 3744 661 ἐστὶν,
3791 597 3837 665 ἡ

2250 693 2308 747 δὲ
2339 691 2588 756 σύνταξις
2623 689 2769 744 δοκεῖ
2807 703 2924 752 πως
2960 688 3060 759 τὴν
3088 685 3356 756 ἀσάφειαν
3399 684 3566 756 ἔχειν.
3599 685 3694 748 Τίς
3733 680 3841 740 οὗν

2252 785 2286 855 ἠ
2315 782 2522 839 διάνοια
2545 795 2560 846 ;
2596 779 3030 851 Ἀσφαλέστατόν
3054 781 3169 834 ἑστι
3199 779 3566 850 φυλακτήριον
3589 777 3744 848 ἡμῶν
3765 778 3843 830 τὸ

2253 874 2443 929 ἑαυτὸν
2502 873 2577 945 μὴ
2621 872 2908 944 ἀγνοῆσαι,
2941 869 3076 943 μηδέ
3113 887 3168 923 τι
3203 869 3330 925 ἀλλο
3363 869 3474 922 τῶν
3505 869 3635 941 περὶ
3666 867 3842 922 αὑτὶν

2256 964 2542 1035 βλέποντα,
2581 961 2772 1016 ἑαυτὸν
2805 960 3014 1015 οίεσθαι
3047 959 3296 1030 βλέπεινο
3327 959 3464 1029 ὅπερ
3499 959 3563 1029 δὴ
3590 958 3841 1028 πάσχον-ο

2255 1073 2340 1109 σιν
2365 1057 2414 1108 οἱ
2435 1054 2642 1108 ἑαυτῶν
2671 1052 3080 1116 ἀνεπίσκεπτοι,
3113 1050 3264 1122 ἰσχὺν
3288 1049 3322 1120 ἢ
3352 1049 3568 1114 κάλλος,
3591 1050 3624 1120 ἢ
3651 1049 3840 1116 δόξαν,

2253 1145 2287 1218 ἢ
2321 1145 2658 1212 δυναστείαν,
2689 1146 2724 1215 ἦ
2765 1162 2887 1198 τινα
2921 1145 3150 1198 πλούτου
3199 1144 3535 1217 περιουσίαν,
3577 1143 3610 1212 ἢ
3638 1137 3838 1210 τῦφον,

2255 1235 2288 1310 ἦ
2316 1237 2497 1307 ὄγκον,
2529 1236 2563 1309 ἢ
2593 1235 2842 1308 σώματος
2876 1235 3122 1306 μέγεθος,
3153 1236 3186 1307 ἦ
3227 1239 3441 1308 μορφῆς
3473 1233 3772 1305 εὐμοιρίαν,
3792 1232 3839 1303 ἦ

2255 1329 2384 1384 ἄλλο
2412 1346 2465 1383 τι
2491 1327 2728 1383 τοιοῦτον
2768 1329 2827 1381 ἑν
2860 1329 3070 1392 ἑαυτοῖς
3102 1327 3355 1399 ὁρῶντες,
3398 1326 3668 1389 τοιούτους
3705 1327 3845 1378 ἑαυ-

2257 1423 2384 1485 τοὺς
2421 1416 2558 1475 εἶναι
2595 1419 2898 1490 νομίζουσι.
2940 1419 3041 1473 Διά
3083 1419 3242 1475 τοῦτο
3286 1420 3545 1492 σφαλεροὶ
3592 1419 3844 1488 φύλακές

2257 1517 2396 1569 εἰσιν
2421 1515 2652 1578 ἑαυτῶν,
2700 1516 2767 1586 τῇ
2816 1515 2944 1586 περὶ
2975 1514 3038 1567 τὸ
3071 1513 3348 1585 ἀλλότριον
3381 1506 3583 1584 σχέσει,
3623 1511 3845 1581 ἀφύλα-

2260 1626 2386 1665 κτον
2415 1606 2774 1680 περιορῶντες
2802 1605 2862 1658 τὸ
2891 1606 3039 1659 ἴδιον.
3077 1605 3201 1669 Πῶς
3224 1606 3331 1678 γὰρ
3359 1607 3424 1660 ἀν
3448 1623 3532 1668 τις
3550 1604 3846 1674 φυλάξειεν

2259 1702 2288 1756 ὃ
2323 1701 2397 1774 μὴ
2440 1699 2756 1766 ἑπίσταται;
2809 1696 3017 1752 Οὐκοῦν
3064 1697 3444 1767 ἀσφαλεστάτη
3485 1696 3694 1768 φρουρά
3727 1696 3848 1748 τῶν

2263 1796 2320 1849 ἑν
2372 1795 2509 1864 ἡμῖν
2547 1790 2786 1859 ἀγαθῶν,
2838 1789 2900 1843 τὸ
2947 1791 3172 1853 ἑαυτοὺς
3223 1788 3297 1860 μὴ
3344 1791 3577 1859 ἀγνοεῖν,
3628 1781 3721 1841 καὶ
3777 1787 3848 1838 τὺ

2260 1885 2463 1955 γνῶναι
2517 1885 2747 1939 ἕκαστον
2801 1881 2992 1937 ἑαυτὸν
3052 1883 3187 1954 ὅπερ
3243 1882 3380 1942 ἐστὶ.
3436 1883 3530 1936 καὶ
3594 1880 3849 1950 ἀκριϐῶς

2261 1978 2454 2034 ἑαυτὸν
2496 1977 2606 2031 ἀπὸ
2645 1976 2754 2030 τῶν
2808 1976 2938 2047 περὶ
2970 1974 3131 2028 αὐτὸν
3172 1973 3487 2045 διακρίνειν,
3526 1973 3602 2037 ὡς
3648 1973 3713 2026 ἂν
3761 1964 3847 2044 μή

2260 2073 2411 2130 λάθοι
2449 2071 2735 2142 φυλάσσων
2769 2068 2886 2124 ἀνθ’
2929 2065 3123 2122 ἑαυτοῦ
3173 2067 3234 2120 τὸ
3276 2066 3567 2136 ἀλλότριον.
3618 2065 3674 2118 ’0
3723 2064 3843 2133 γάρ

2263 2167 2401 2240 πρὸς
2427 2163 2524 2234 τὴν
2569 2164 2626 2216 ὲν
2667 2161 2746 2233 τῷ
2783 2161 2972 2231 κόσμῳ
3000 2157 3176 2230 τούτῳ
3204 2158 3414 2229 βλέπων
3441 2157 3605 2228 ζωὴν,
3635 2156 3728 2209 καὶ
3765 2156 3846 2240 τά

2263 2237 2497 2312 ἐνταῦθα
2542 2255 2698 2326 τίμια
2745 2253 2992 2323 φυλακῆς
3040 2250 3167 2318 ἀξια
3213 2249 3434 2322 κρίνων,
3484 2249 3582 2301 οὐκ
3627 2243 3733 2300 οἶδε
3777 2237 3848 2299 ἐὖ

2265 2352 2392 2406 ἴδιον
2425 2351 2696 2420 διακρῖναι
2716 2342 2809 2401 τοῦ
2837 2343 3140 2419 ἀλλοτρίου.
3170 2345 3332 2400 Οὐδὲν
3361 2343 3468 2416 γὰρ
3496 2344 3604 2396 τῶν
3637 2359 3851 2413 παρερ-

2263 2443 2509 2515 χομένων
2553 2441 2700 2495 ἐστὶν
2744 2440 3033 2512 ἡμέτερον.
3065 2434 3189 2503 Πῶς
3210 2437 3318 2508 γάρ
3345 2436 3409 2492 ἄν
3433 2453 3515 2498 τις
3545 2435 3847 2506 κρατήσειε

2263 2536 2358 2590 τοῦ
2409 2533 2703 2606 παροδικοῦ
2747 2551 2809 2586 τε
2851 2534 2943 2586 καὶ
2993 2529 3241 2604 ῥέοντοςς
3288 2529 3440 2582 Ἐπεὶ
3469 2524 3560 2582 οὖν
3605 2528 3851 2598 ἔμμονον

2265 2627 2359 2680 καὶ
2384 2623 2646 2688 ὡσαύτως
2674 2623 2786 2694 ἔχει
2823 2623 2858 2694 ἡ
2896 2623 3058 2694 νοητή
3085 2639 3143 2674 τε
3172 2621 3266 2675 καὶ
3295 2619 3458 2683 ἀῦλος
3487 2618 3648 2688 φύσις
3667 2659 3682 2682 ,
3715 2617 3749 2688 ἡ
3782 2617 3849 2670 δὲ

2267 2719 2368 2791 ὕλη
2397 2717 2729 2790 παρέρχεται
2752 2715 2839 2769 διὰ
2871 2715 2999 2786 ῥοῆς
3024 2731 3168 2777 τινος
3199 2713 3292 2766 καὶ
3322 2713 3586 2783 κινήσεως
3607 2713 3847 2764 πάντοτε

2265 2807 2640 2881 ἀλλοιουμένη·
2672 2806 2985 2876 ἀναγκαίως
3011 2807 3040 2860 ό
3067 2804 3161 2859 τοῦ
3191 2804 3424 2869 ἑστῶτος
3454 2802 3848 2874 χωριζόμενος,

2265 2902 2343 2974 τῷ
2371 2895 2690 2956 ἀστατοῦντι
2735 2897 2954 2962 πάντως
3001 2896 3520 2969 συμπαραφέρεταιο
3575 2895 3667 2947 καὶ
3705 2895 3733 2946 ὁ
3779 2894 3852 2944 τὸ

2268 2998 2675 3072 παρερχόμενον
2719 2994 2812 3048 καὶ
2846 2992 2906 3047 τὸ
2945 2991 3099 3056 ἑστὸς
3141 2988 3476 3053 καταλιπὼν,
3519 2987 3851 3058 ἀμφοτέρων

2266 3089 2642 3163 διαμαρτάνει,
2668 3086 2730 3140 τὸ
2756 3085 2852 3157 μὲν
2881 3083 3083 3154 ἀφιεὶς.
3113 3083 3174 3135 τὸ
3204 3082 3260 3136 δὲ
3289 3081 3536 3152 κατέχειν
3566 3080 3640 3152 μὴ
3681 3080 3852 3133 δυνάο

2279 3197 2458 3253 μενος.
2497 3176 2595 3231 Διά
2630 3175 2784 3230 τοῦτό
2828 3191 2992 3246 φησιν
3036 3175 3069 3244 ή
3111 3171 3218 3225 τῶν
3271 3171 3440 3243 φίλων
3483 3170 3576 3224 τοῦ
3609 3169 3852 3241 νυμφίου

2277 3268 2555 3346 συμϐουλὴ
2594 3269 2665 3324 τὰ
2707 3269 2972 3340 εἰρημένα
3033 3266 3114 3319 ὅτι
3152 3265 3295 3318 Ἐὰν
3340 3259 3428 3334 μὴ
3464 3261 3622 3332 γνῷς
3659 3277 3853 3315 σεαυ-

2272 3365 2407 3435 τὴν,
2433 3364 2473 3428 ἢ
2506 3361 2663 3431 καλὴ
2691 3361 2761 3415 ἐν
2784 3358 3078 3431 γυναιξὶν,
3117 3357 3326 3422 ἔξελθε
3357 3353 3438 3410 σὺ
3469 3355 3539 3408 ἐν
3565 3352 3860 3422 πτέρναεῤ

2270 3462 2389 3517 τῶν
2433 3459 2761 3529 ποιμνίων·
2805 3455 2904 3510 καί
2955 3457 3228 3525 ποίμαινε
3272 3453 3413 3520 τοὺς
3455 3452 3697 3523 ἐρίφους
3741 3452 3847 3505 ἐπὶ

2270 3553 2625 3622 σκηνώμασι
2661 3549 2782 3604 τῶν
2807 3547 3116 3618 ποιμνίων.
3153 3546 3322 3601 Τοῦτο
3359 3546 3417 3599 δέ
3455 3549 3570 3599 ἐστι
3606 3546 3687 3612 τίς
3723 3545 3851 3598 Ὅτι

2271 3649 2300 3700 ὁ
2332 3644 2522 3699 ἑαυτὸν
2549 3642 2823 3712 ἀγνοήσας
2852 3640 3107 3693 ἐκπίπτει
3141 3637 3239 3710 μὲν
3276 3639 3374 3709 τῆς
3411 3637 3519 3691 τῶν
3555 3638 3850 3708 προϐάτων

2273 3737 2494 3809 ἀγέλης,
2542 3735 2803 3804 σύννομος
2831 3733 2888 3786 δὲ
2917 3732 3126 3800 γίνεται
3155 3733 3266 3794 τοῖς
3295 3729 3526 3800 ἑρίφοις,
3551 3725 3627 3783 ὧν
3654 3731 3688 3800 ἡ
3714 3729 3853 3804 πά-

2277 3847 2360 3894 σις
2389 3829 2483 3884 ὲπὶ
2511 3827 2572 3880 τὸ
2605 3825 2789 3880 σκαιὸν
2825 3822 3084 3893 ἀπεώσθη
3103 3839 3116 3852 ο
3155 3822 3298 3878 οὕτω
3327 3822 3420 3876 τοῦ
3459 3821 3624 3876 καλοῦ
3647 3822 3850 3891 ποιμέ-

2276 3941 2385 3988 νος,
2415 3925 2480 3976 ex
2526 3919 2712 3985 δεξιῶν
2745 3917 2844 3988 μὲν
2875 3916 2942 3970 τὰ
2982 3915 3232 3987 πρόϐατα
3277 3915 3603 3986 στήσαντος,
3648 3913 3845 3984 ἀφορί-

2274 4031 2465 4078 σαντος
2504 4012 2562 4066 δὲ
2597 4013 2695 4082 τῆς
2732 4008 3038 4081 κρείττονος
3077 4007 3280 4078 λήξεως
3323 4006 3414 4059 ἐπὶ
3456 4006 3518 4059 τὸ
3559 4005 3854 4076 ἀριστερὸν·

591 4097 708 4151 lloc
746 4104 928 4152 autem
978 4104 1084 4160 est,
1135 4095 1282 4166 quod
1329 4096 1425 4166 qui
1485 4097 1728 4168 seipsum
1783 4097 2076 4169 ignoravit,
2141 4117 2168 4156 a

2269 4106 2340 4161 τὰ
2366 4103 2570 4177 ἑρίφια.
2601 4103 2771 4157 Τοῦτο
2809 4100 2987 4154 τοίνυν
3020 4101 3085 4152 ἑκ
3113 4102 3212 4170 τῆς
3238 4098 3347 4151 τῶν
3377 4098 3544 4168 φίλων
3571 4098 3664 4152 τοῦ
3704 4115 3848 4169 νυμε

594 4201 762 4258 grege
791 4185 1012 4257 quidem
1043 4187 1292 4242 omnium
1317 4185 1545 4254 excidit,
1575 4188 1740 4244 simul
1765 4197 1948 4246 autem
1978 4192 2168 4262 pasci-

2270 4199 2395 4270 φίου
2426 4190 2732 4268 συμϐουλῆς
2762 4191 3146 4263 παιδευόμεθα,
3167 4191 3229 4244 τὸ
3265 4192 3376 4245 δεῖν
3419 4193 3500 4255 εἰς
3527 4191 3693 4263 αὐτὴν
3724 4191 3847 4261 βλέ-

593 4288 685 4332 tur
713 4293 836 4332 cum
861 4276 1055 4341 hazdis,
1088 4282 1325 4348 quorum
1351 4279 1519 4335 statio
1561 4280 1769 4350 rejeeta
1803 4292 1890 4338 est
1929 4283 1998 4338 ad
2033 4284 2168 4340 sini-

2275 4308 2398 4346 πειν
2426 4289 2525 4362 τὴν
2565 4288 2675 4343 τῶν
2720 4286 3060 4359 πραγμάτων
3108 4284 3291 4354 φύσιν,
3333 4287 3426 4340 καὶ
3452 4285 3526 4357 μὴ
3565 4286 3847 4353 πεπλανη-

594 4384 786 4433 stram,
820 4385 944 4424 cum
969 4371 1146 4424 bonus
1196 4378 1386 4439 pastor
1418 4387 1548 4428 oves
1577 4374 1834 4429 statuerit
1867 4390 1898 4429 a
1941 4376 2168 4447 dextris,

2278 4382 2460 4454 μένοις
2485 4381 2655 4451 ἴχνεσι
2687 4381 2788 4449 τῆς
2809 4376 3070 4448 ἀληθείας
3100 4376 3628 4448 παραστοχάζεσθαι.

594 4454 781 4514 haedos
810 4463 991 4514 autem
1029 4476 1057 4515 a
1095 4461 1307 4516 meliori
1342 4466 1492 4518 s'orte
1521 4467 1893 4534 segregaverit
1936 4467 2004 4522 ad
2037 4470 2343 4528 sinistram.
2374 4471 2454 4526 Ex
2483 4471 2786 4532 amicorum
2818 4485 2950 4540 ergo
3015 4469 3203 4538 sponsi
3265 4468 3499 4524 consilio
3554 4467 3852 4532 discimus,-

595 4562 852 4624 oportere
878 4551 1123 4622 aspicere
1148 4553 1216 4606 ad
1245 4553 1419 4624 ipsam
1449 4568 1630 4608 rerum
1660 4563 1936 4623 naturam,
1974 4568 2030 4614 et
2065 4577 2177 4617 non
2210 4563 2460 4634 vestigiis
2479 4562 2794 4618 errantibus
2838 4577 2869 4615 a
2906 4559 3136 4616 veritate
3176 4561 3456 4616 aberrare.

669 4643 812 4698 Sunt
831 4650 1016 4698 autem
1052 4643 1168 4698 hazc
1198 4644 1364 4698 verba
1397 4643 1602 4700 clarius
1630 4647 1979 4717 explicanda.
2013 4648 2168 4706 Multi

2366 4654 2706 4724 Σαφέστερον
2753 4652 2811 4705 δὲ
2865 4651 2971 4723 χρὴ
3021 4651 3114 4704 τὸν
3156 4650 3287 4722 περὶ
3332 4650 3536 4706 τούτων
3591 4650 3850 4706 ἐκθέσθαι

595 4736 848 4792 homines
902 4750 1013 4790 non
1050 4735 1304 4806 judicant
1339 4735 1442 4807 ipsi
1487 4738 1946 4808 quemadmodum
1989 4757 2049 4797 se
2089 4741 2180 4796 ha-

598 4831 764 4885 beant
785 4841 874 4884 res
907 4838 1135 4892 naturae,
1186 4828 1283 4883 sed
1322 4843 1514 4884 eorum
1547 4829 1642 4900 qui
1673 4830 1929 4886 vixerunt
1961 4831 2180 4888 intuen-

597 4929 682 4978 tes
703 4920 1181 4986 consuetudinem,
1204 4921 1466 4976 aberrant
1491 4937 1532 4977 a‘
1555 4937 1692 4978 sano
1721 4939 1906 4978 rerum
1937 4924 2174 4994 judicio,

601 5029 708 5069 non
747 5013 1072 5085 prudentem
1125 5011 1366 5085 aliquam
1409 5013 1914 5076 ratiocinationem.
1950 5017 2045 5072 sed
2088 5027 2181 5071 ra-

599 5105 770 5162 tionis
840 5108 1121 5176 expertem
1181 5095 1638 5162 consuetudinem
1686 5106 1817 5162 boni
1853 5114 1910 5162 et
1965 5107 2182 5163 honesti

599 5197 1004 5255 constituentes
1031 5197 1296 5270 judicem,
1341 5197 1488 5254 unde
1519 5200 1733 5270 seipsos
1778 5201 2087 5270 provehunt
2112 5199 2182 5256 ad

600 5289 830 5361 imperia
865 5296 921 5345 et
971 5290 1355 5362 magistratus,
1377 5291 1728 5364 honoresque
1757 5301 1812 5348 et
1859 5293 2185 5364 splendores

600 5383 696 5455 qui
732 5390 860 5438 sunt
889 5382 947 5437 in
968 5382 1074 5438 hoc
1105 5385 1404 5449 mundo,et
1427 5383 1826 5455 magnifaciunt
1843 5386 2182 5442 mundanam

600 5475 900 5550 potentiam
930 5483 988 5532 et
1019 5476 1483 5548 magnitudinem,
1507 5492 1630 5532 cum
1661 5476 1735 5530 sit
1765 5475 2038 5532 incertum
2068 5493 2180 5549 quo

603 5567 678 5625 sit
702 5568 1136 5642 unumquodque
1159 5585 1348 5625 eorum
1381 5569 1688 5626 rediturum
1738 5577 1865 5641 post
1911 5569 2054 5626 hanc
2094 5571 2180 5626 vi-

601 5663 738 5713 tam.
768 5654 889 5713 Non
915 5659 1062 5715 enim
1097 5658 1165 5714 de
1190 5658 1390 5717 futuris
1428 5659 1562 5716 satis
1588 5667 1708 5714 tuto
1756 5657 2018 5730 ﬁdejubet
2044 5675 2181 5717 con-
2208 5666 2214 5674 '

606 5749 862 5817 suetudo,
922 5750 1082 5821 cujus
1124 5750 1250 5810 ﬁnis
1301 5767 1683 5824 srpenumero
1730 5753 2006 5809 invenitur
2045 5771 2177 5826 grex

2276 4742 2452 4812 λόγον.
2490 4741 2684 4795 Πολλοὶ
2734 4739 2843 4794 τῶν
2887 4738 3188 4812 ἀνθρώπων
3231 4740 3333 4793 οὐκ
3374 4739 3527 4794 αὐτοὶ
3572 4741 3852 4812 κρίνουσιν

2276 4834 2424 4896 ὅπως
2475 4833 2588 4904 ἔχει
2640 4831 2710 4885 τά
2758 4831 3058 4902 πράγματα
3093 4829 3331 4900 φύσεως,
3379 4830 3514 4885 ἀλλά
3564 4833 3700 4902 πρὸς
3748 4833 3848 4904 τὴν

2278 4924 2563 4996 συνήθειαν
2600 4923 2707 4977 τῶν
2753 4923 3175 4996 προϐεϐηκότων
3226 4922 3486 4993 ὁρῶντες,
3537 4927 3634 4995 τῆς
3664 4925 3850 4993 ὑγιοῦς

2276 5016 2385 5070 τῶν
2403 5015 2570 5070 ὄντων
2596 5016 2832 5088 κρίσεως
2853 5016 3281 5088 ἁμαρτάνουσιν,
3313 5017 3415 5071 οὐκ
3453 5017 3700 5090 ἔμφρονά
3725 5036 3847 5072 τινα

2277 5108 2558 5180 λογισμὸν.
2591 5109 2726 5163 ἀλλά
2770 5109 3058 5182 συνήθειαν
3082 5109 3296 5179 ἄλογον,
3322 5109 3415 5164 τοῦ
3451 5110 3618 5164 καλοῦ
3655 5112 3847 5184 κριτή-

2279 5217 2395 5271 ριον
2432 5199 2894 5272 προϐαλλόμενοι·
2941 5200 3065 5255 ὅθεν
3098 5203 3177 5264 είς
3220 5201 3395 5273 ἀρχάς
3438 5218 3499 5255 τε
3553 5203 3645 5257 καὶ
3692 5203 3850 5255 δυνα-

2280 5291 2461 5355 στείας
2485 5292 2708 5355 ἑαυτοὺς
2731 5291 3037 5357 είσωθοῦσι,
3060 5292 3152 5346 καὶ
3175 5291 3274 5356 τὰς
3300 5295 3357 5346 ὲν
3378 5289 3456 5362 τῷ
3483 5290 3675 5363 κόσμῳ
3695 5309 3851 5363 περι-

2281 5383 2540 5452 φανείας,
2599 5371 2694 5438 χῶ
2753 5386 2879 5448 τοὺς
2932 5385 3150 5448 ὑλικοὺς
3205 5384 3403 5454 δγκους
3460 5385 3592 5456 περὶ
3655 5385 3849 5440 πολλοῦ

2282 5475 2582 5545 ποιοῦνται,
2616 5476 2810 5547 ἄδηλον
2839 5476 2898 5529 ὃν
2925 5479 3004 5540 εἰς
3036 5478 3065 5530 ὃ
3113 5495 3164 5531 τι
3195 5477 3401 5533 τούτων
3429 5477 3659 5533 ἕκαστον
3683 5497 3852 5533 κατα·

2225 5641 2228 5644 γ
2283 5571 2433 5643 λήξει
2468 5571 2607 5641 μετά
2639 5570 2729 5625 τὸν
2755 5573 2880 5643 τῇδε
2908 5571 3040 5643 βίον.
3074 5572 3150 5626 οὐ
3174 5572 3283 5644 γὰρ
3309 5572 3555 5646 ἀσφαλὴς
3583 5573 3693 5628 τῶν
3724 5575 3852 5646 μελ-

2284 5661 2483 5718 λόντων
2522 5661 2792 5736 ἐγγυητὴς
2833 5665 2866 5735 ἡ
2902 5663 3174 5736 συνήθεια,
3204 5660 3272 5737 ἧς
3321 5665 3382 5718 τὸ
3434 5665 3606 5741 πέρας
3651 5668 3853 5738 ἐρίφων

2287 5756 2599 5824 εὑρίσκεται
2627 5756 2907 5824 πολλάκις,
2937 5757 3058 5828 οὐχὶ
3082 5757 3368 5829 προϐάτων
3395 5758 3583 5829 ἀγέλη.
3620 5761 3777 5823 Neci;
3798 5760 3850 5812 δὲ
