4110 6472
308 356 425 429 eos

1384 369 1452 426 IN
1480 360 1779 426 CANTICA
1809 364 2083 422 CANTIC.
2130 365 2415 421 HOMILIA
2456 364 2520 419 ll.

3448 345 3571 407 ’806

320 494 538 557 πάντως
566 493 656 547 τὸν
694 492 851 562 λόγον
883 495 947 547 ἐκ
971 493 1069 564 τῆς
1107 491 1201 545 τοῦ
1232 490 1565 560 Εὑαγγελίου
1596 490 1797 559 φωνῆς.
1836 487 1897 539 Ὀ

2027 484 2307 548 medorum,
2340 500 2448 539 non
2474 482 2682 537 ovitIm.
2716 478 2876 547 Quod
2905 484 3089 534 autem
3127 476 3252 532 dico
3280 474 3442 545 plane
3487 476 3573 529 iu-

322 582 381 636 δὲ
428 583 564 654 πρὸς
594 583 656 637 τὸ
699 583 828 637 ἴδιον
871 586 967 655 τῆς
1009 582 1355 655 ἀνθρωπίνης
1397 580 1613 651 φύσεως
1662 579 1897 650 βλέπων,

320 678 479 732 τοῦτο
516 678 573 732 δέ
618 680 765 731 ἐστιν
801 680 829 732 ό
859 678 1035 747 λόγος,
1081 677 1482 748 καταφρονήσει
1515 675 1616 746 μὲν
1650 676 1751 746 τῆς
1777 674 1901 728 ἀλό-

322 789 421 839 γου
454 771 763 841 συνηθείας,
794 771 947 824 οὐδὲν
987 768 1043 823 δὲ
1092 770 1167 832 ὡς
1208 769 1372 823 καλὸν
1419 770 1721 840 αἱρήσεται,
1753 768 1782 821 ὂ
1824 767 1900 840 μὴ

323 867 390 935 τῇ
423 863 566 934 ψυχῇ
603 862 756 934 φέρει
786 863 847 915 τὸ
894 862 1103 934 κέρδος.
1141 862 1349 917 Οὐκοῦν
1393 864 1455 916 οὑ
1501 863 1607 935 χρὴ
1658 863 1796 934 πρὸς
1833 863 1903 917 τὰ

328 957 448 1028 ἴχνη
481 956 588 1008 τῶν
625 954 981 1026 βοσκημάτων
1020 955 1257 1025 βλέπειν,
1287 954 1323 1009 ἃ
1362 955 1443 1025 τῷ
1473 954 1663 1024 γεώδει
1692 955 1789 1025 βίῳ
1815 954 1904 1008 διὰ

324 1046 433 1100 τῶν
462 1046 704 1117 πτερνῶν
724 1048 850 1116 ὲνση
860 1046 1134 1116 μαίνονται
1155 1048 1205 1099 οῖ
1230 1047 1633 1118 προωδευκότες
1655 1047 1745 1100 τὸν
1769 1047 1901 1117 βίονο

328 1138 538 1209 ἀφανὴς
570 1137 679 1209 γὰρ
710 1137 904 1192 ἐκτῶν
938 1138 1277 1209 φαινομένων
1316 1140 1349 1211 ἡ
1381 1139 1476 1193 τοῦ
1512 1138 1904 1211 προτιμοτέρου

329 1223 528 1296 κρίσις,
553 1223 656 1287 ἕως
687 1224 754 1277 ἂν
776 1224 879 1289 ἔξω
899 1225 994 1278 τοῦ
1027 1225 1142 1295 βίου
1168 1224 1472 1298 γενώμεθα,
1495 1228 1657 1281 κάκεῖ
1688 1227 1906 1298 γνῶμεν

329 1314 472 1367 τίσιν
518 1313 980 1386 ὴκολουθήσαμεν.
1020 1314 1081 1369 Ὀ
1131 1318 1310 1370 τοίνυν
1364 1317 1438 1388 μὴ
1470 1318 1528 1385 ἐξ
1573 1318 1751 1372 αὐτῶν
1798 1317 1906 1372 τῶν

332 1406 669 1477 πραγμάτων
693 1406 982 1478 διακρίνων
1004 1407 1065 1461 τὸ
1094 1408 1255 1461 καλὸν
1276 1410 1342 1461 ὲκ
1372 1408 1466 1461 τοῦ
1487 1410 1748 1479 χείρονος,
1773 1409 1909 1463 ἀλλὰ

331 1500 444 1565 τοῖς
478 1498 645 1568 ἴχνεσι
673 1499 780 1552 τῶν
808 1499 1229 1570 προωδευκότων
1270 1500 1552 1570 ἑπόμενος,
1576 1502 1674 1572 τὴν
1704 1501 1907 1572 παρελ-

336 1589 532 1643 θοῦσαν
562 1590 656 1643 τοῦ
682 1591 794 1661 βίου
822 1591 1107 1663 συνήθειαν
1148 1592 1462 1646 διδάσκαλον
1484 1596 1585 1664 τῆς
1604 1593 1741 1657 ἰδίας
1767 1593 1910 1665 ζωῆς

335 1678 787 1751 προϐαλλόμενος,
829 1678 1077 1734 λανθάνει
1111 1680 1388 1744 πολλάκις,
1424 1682 1565 1735 κατὰ
1593 1681 1682 1734 τὸν
1722 1684 1910 1754 καιρὸν

333 1771 432 1843 τῆς
453 1772 667 1836 δικαίας
687 1773 939 1844 κρίσεως,
957 1772 1141 1843 ἔριφος
1163 1775 1284 1827 ἀντὶ
1301 1774 1574 1845 προϐάτου
1599 1774 1907 1844 γενόμενος.

336 1862 543 1918 Οὐκοῦν
588 1864 761 1917 ταῦτα
811 1863 1073 1935 λεγόντων
1122 1864 1268 1919 ἔστιν
1312 1866 1529 1920 ἀκούειν
1566 1866 1673 1919 τῶν
1711 1864 1907 1934 φίλων,

334 1956 416 2010 ὅτι
445 1957 551 2020 Σὺ,
582 1949 627 2010 ὦ
663 1956 825 2028 ψυχὴ,
871 1957 905 2028 ἡ
949 1958 1013 2011 ἐκ
1056 1957 1313 2029 μελαίνης
1354 1958 1616 2030 γενομένη
1660 1960 1819 2029 καλὴ,
1861 1958 1917 2012 εῐ

337 2065 421 2102 σοι
456 2049 603 2119 μέλει
638 2048 733 2102 τοῦ
785 2050 1203 2114 συνδιαιωνίζειν
1248 2067 1328 2104 σοι
1360 2051 1458 2120 τῆς
1484 2050 1780 2122 εὐμορφίας
1812 2051 1912 2125 τὴν

337 2141 520 2212 χάριν,
560 2140 634 2213 μὴ
666 2143 773 2204 τοῖς
810 2142 1006 2211 ἴχνεσιν
1039 2141 1319 2195 ὲπιπλανῶ
1357 2143 1463 2195 τῶν
1495 2142 1912 2213 προωδευκότων

336 2236 429 2288 τὸν
462 2234 609 2305 βίονο
657 2235 848 2305 ἄδηλον
884 2235 991 2307 γὰρ
1030 2236 1078 2288 εί
1127 2235 1201 2306 μὴ
1238 2236 1422 2306 τρίϐος
1468 2236 1670 2307 ἐρίφων
1712 2236 1912 2289 ὲστὶτὺ

340 2329 684 2399 φαινόμενον,
712 2323 793 2392 οἷς
841 2330 904 2381 σὺ
951 2328 1177 2381 κατόπιν
1211 2329 1593 2393 ἀκολουθοῦσα,
1620 2329 1707 2382 διὰ
1743 2328 1804 2382 τὸ
1838 2330 1913 2400 μὴ

340 2417 623 2488 φαίνεσθαί
670 2436 751 2471 σοι
802 2419 926 2480 τοὺς
949 2418 1035 2471 διὰ
1060 2419 1167 2471 τῶν
1214 2418 1374 2488 ἴχνων
1393 2419 1493 2490 τὴν
1524 2417 1765 2490 ἀτραπὸν
1798 2417 1914 2488 τρί-

338 2509 565 2576 ψαντας,
598 2509 813 2563 ἐπειδὰν
866 2508 1138 2579 παρῆλθες
1171 2508 1261 2561 τὸν
1297 2508 1426 2578 βίον,
1455 2509 1547 2561 καὶ
1592 2507 1915 2579 κατολίσθῃς

342 2604 400 2655 ἐν
437 2605 504 2673 τῇ
556 2601 646 2654 τοῦ
693 2601 920 2655 θανάτου
963 2602 1200 2673 μάνδρᾳ,
1266 2603 1470 2673 μήποτε
1510 2601 1811 2673 προστεθῇς
1845 2603 1911 2672 τῇ

340 2694 451 2748 τῶν
492 2694 695 2765 ἐρίφων
740 2694 927 2764 ἀγέλῃ,
958 2690 1038 2756 οἷς
1068 2693 1337 2763 ἀγνοοῦσα
1367 2695 1456 2749 διά
1490 2694 1596 2748 τῶν
1630 2694 1787 2765 ἰχνῶν
1818 2693 1913 2747 τοῦ

346 2784 462 2857 βίου
490 2785 718 2841 κατόπιν
746 2785 1211 2858 ὲπηκολούθησας.

422 3065 533 3116 Ἂν
563 3064 674 3133 γὰρ
699 3063 786 3132 μὴ
832 3063 988 3131 γνῷς
1013 3061 1300 3130 σεαυτὴν,
1327 3062 1485 3131 καλὴ
1519 3064 1588 3117 ἐν
1621 3062 1915 3133 γυναιξὶν,

2000 573 2199 643 telligis
2260 588 2327 627 ex
2390 587 2524 627 voce
2586 571 2921 640 evangelica.
2998 567 3102 635 Qui
3185 576 3367 621 autem
3431 565 3574 636 aspi-

2000 665 2075 719 cit
2104 665 2172 718 ad
2213 664 2268 718 id
2307 663 2454 732 quod
2495 670 2580 718 est
2620 660 3179 733 propriumhumana:
3206 669 3436 719 naturae,
3470 658 3574 711 hoc

2002 765 2181 813 autem
2202 764 2287 812 est
2333 755 2496 820 ratio,
2528 754 2794 825 despiciet
2833 752 3056 825 quidem
3102 753 3333 807 rationis
3375 764 3576 820 exper-

2001 857 2109 904 tem
2160 849 2638 911 consuetudinem,
2691 848 2901 902 nullum
2950 854 3131 901 autem
3182 846 3383 901 bonum
3409 844 3577 914 eliget

2002 945 2148 1018 quod
2188 961 2295 1000 non
2326 944 2516 999 ailerat
2550 946 2761 1000 lucrum
2799 944 3015 999 anima}.
3053 941 3171 996 Non
3202 948 3417 1011 Oportet
3446 952 3577 1007 ergo

2003 1055 2099 1095 eos
2132 1040 2197 1094 ad
2228 1040 2494 1109 pecudum
2551 1038 2798 1109 aspicere
2827 1036 3076 1106 vestigia,
3108 1049 3228 1105 qua:
3273 1048 3370 1103 per
3396 1033 3577 1087 calces

2004 1148 2099 1187 eos
2130 1131 2439 1205 signiﬁcant
2482 1130 2577 1201 qui
2621 1128 2743 1184 vitae
2796 1136 3025 1182 terrenae
3058 1134 3189 1180 sunt
3235 1125 3377 1179 allixi
3410 1142 3425 1191 ;
3455 1124 3579 1192 ejus

2005 1224 2149 1280 enim
2181 1223 2323 1295 quod
2355 1231 2437 1278 est
2464 1221 2918 1293 praestantius,ex
2945 1218 3014 1274 iis
3045 1233 3163 1288 quae
3185 1228 3447 1287 apparent
3468 1231 3578 1270 non

2007 1324 2091 1371 est
2118 1315 2469 1369 manifestum
2488 1312 2778 1383 judicium,
2815 1313 2989 1367 donec
3013 1326 3079 1365 ex
3122 1312 3224 1365 hac
3252 1310 3363 1364 vita
3390 1324 3582 1381 exces-

2008 1409 2265 1475 serimus,
2295 1416 2350 1464 et
2382 1406 2493 1461 illic
2522 1406 2938 1477 cognoverimus
2967 1419 3233 1474 quosnam
3271 1404 3445 1457 simus
3492 1417 3583 1456 se-

2007 1500 2143 1559 cuti.
2178 1500 2281 1567 Qui
2312 1516 2440 1570 ergo
2467 1513 2576 1553 non
2599 1514 2665 1552 ex
2689 1497 2825 1568 ipsis
2859 1497 3022 1553 rebus
3053 1496 3318 1551 discernit
3348 1494 3403 1550 id
3434 1494 3583 1565 quod

2008 1593 2209 1648 bonum
2235 1590 2319 1647 est
2344 1600 2398 1646 et
2419 1593 2707 1647 honestum
2737 1590 2805 1645 ab
2830 1604 2895 1644 eo
2937 1589 3083 1660 quod
3114 1597 3199 1644 est
3224 1589 3450 1653 malum,
3486 1588 3583 1643 sed

2011 1700 2247 1753 sequens
2310 1684 2536 1754 vestigia
2593 1699 2782 1739 eorum
2846 1683 2941 1755 qui
2997 1689 3418 1753 praecesserunt,
3449 1682 3581 1752 prae-

2016 1778 2229 1832 teritam
2277 1776 2401 1831 vita:
2455 1776 2907 1831 consuetudinem
2945 1777 3167 1832 asciseit
3195 1777 3301 1831 sibi
3331 1792 3428 1847 pro
3460 1776 3587 1831 vita!

2016 1863 2298 1931 magistra,
2331 1878 2474 1933 saape
2509 1864 2715 1918 fallitur
2737 1872 2979 1934 tempore
3012 1864 3384 1929 discretionis,
3406 1872 3460 1919 ct
3484 1865 3588 1917 im-

2019 1954 2260 2023 prudens
2288 1954 2474 2009 hazdus
2506 1970 2604 2024 pro
2632 1970 2732 2010 ove
2768 1954 3029 2009 efﬁcitur.
3052 1954 3205 2010 Licet
3224 1971 3354 2025 ergo
3396 1954 3588 2009 audire

2019 2042 2133 2097 inec
2159 2043 2403 2099 dicentes
2425 2045 2630 2099 amicos
2660 2060 2674 2097 :
2700 2043 2783 2099 Tu
2811 2045 3011 2110 anima,
3037 2062 3157 2115 quae
3196 2061 3261 2100 ex
3300 2047 3454 2117 nigra
3502 2047 3588 2100 fa‘

2019 2143 2106 2187 cta
2154 2150 2214 2190 es
2266 2134 2512 2204 pulchra,
2545 2135 2593 2191 si
2622 2132 2706 2191 est
2736 2136 2833 2190 tibi
2881 2151 3027 2191 cura:
3055 2144 3114 2190 ut
3146 2137 3304 2208 longo
3344 2147 3593 2208 tempore

2020 2227 2180 2281 duret
2212 2228 2384 2296 gratia
2412 2236 2467 2282 et
2498 2228 2662 2282 decor
2688 2236 2794 2283 tuae
2838 2230 3047 2293 formae,
3088 2246 3155 2285 ne
3204 2232 3422 2287 aberres
3467 2243 3592 2303 post

2022 2319 2244 2389 vestigia
2295 2333 2483 2372 eorum
2518 2320 2611 2389 qui
2661 2332 3056 2391 praecesserunt
3093 2337 3246 2385 ;n0n
3301 2332 3385 2377 est
3445 2325 3589 2378 enim

2020 2419 2286 2478 apertum,
2313 2424 2380 2462 an
2432 2410 2504 2464 sit
2554 2409 2832 2464 haedorum
2881 2411 3073 2465 semita
3103 2427 3166 2467 ea
3204 2430 3324 2483 qua:
3367 2424 3593 2485 apparet

2019 2516 2180 2570 quam
2214 2508 2270 2553 tu
2327 2500 2577 2569 sequeris
2612 2518 2625 2565 ;
2655 2508 2939 2570 propterea
2974 2503 3117 2571 quod
3148 2518 3177 2556 a
3216 2513 3268 2559 te
3314 2520 3423 2559 non
3468 2522 3593 2561 cer-

2020 2602 2220 2648 nantur
2250 2592 2341 2662 qui
2376 2591 2621 2662 vestigiis
2664 2592 2780 2646 suis
2811 2593 2951 2645 viam
2984 2594 3271 2656 triverunt,
3303 2603 3594 2664 postquam

2020 2684 2187 2738 vitam
2242 2683 2709 2744 transmiseris,et
2749 2683 2802 2736 in
2836 2683 3027 2738 mortis
3066 2684 3341 2739 stabulum
3379 2686 3595 2739 inclusa

2023 2777 2533 2842 fueris,timendum
2566 2784 2651 2830 est
2683 2791 2751 2829 ne
2780 2778 2834 2830 in
2865 2792 3079 2845 gregem
3112 2776 3392 2831 haedorum
3429 2779 3596 2833 ascri-

2023 2870 2191 2935 haris,
2220 2886 2360 2939 quos
2399 2869 2656 2940 ignorans
2688 2884 2876 2923 eorum
2926 2869 3171 2940 vestigiis
3201 2870 3477 2935 insistens,
3506 2886 3594 2926 se-

2024 2969 2147 3016 cuta
2180 2976 2240 3016 es
2282 3002 2295 3015 .

2095 3052 2155 3106 Si
2198 3053 2337 3105 enim
2390 3067 2494 3105 non
2553 3066 2837 3120 cognoscas
2898 3052 3139 3118 teipsam,
3176 3068 3205 3103 0
3255 3049 3475 3119 pulchra
3523 3050 3602 3102 in-

350 3155 557 3221 ἐξελθε
600 3156 681 3209 σὺ
728 3156 797 3210 ἐν
837 3156 1115 3223 πτέρναις
1157 3156 1275 3209 τῶν
1306 3154 1609 3225 ποιμνίων,
1651 3157 1749 3210 καὶ
1788 3157 1921 3210 ποί-

2030 3155 2106 3199 ter
2166 3144 2429 3206 mulieres,
2473 3140 2714 3214 egredere
2766 3152 2823 3195 tu
2884 3144 2937 3195 in
3001 3143 3228 3211 vestigiis
3285 3159 3497 3212 gregum
3549 3151 3598 3195 et

346 3264 521 3319 μαινε
546 3246 686 3313 τοὺς
706 3248 949 3316 ἐρίφους
974 3247 1070 3299 ἐπὶ
1094 3246 1449 3316 σκηνώμασι
1477 3247 1594 3301 τῶν
1620 3250 1928 3316 ποιμνίων.

355 3343 532 3411 Ὅπερ
567 3339 631 3392 δι’
662 3338 849 3410 ἐτέρου
893 3340 1036 3403 τινὸς
1078 3340 1409 3410 ἀντιγράφου
1443 3342 1770 3413 σαφέστερον
1818 3342 1932 3398 ἔστι

352 3430 702 3503 κατανοῆσαι,
727 3432 801 3495 ὼς
848 3432 903 3484 δὲ
951 3432 1026 3504 μὴ
1080 3432 1176 3503 τὴν
1234 3429 1481 3497 σύνταξιν
1522 3432 1632 3486 τῶν
1674 3436 1933 3505 ῥημάτων

355 3528 528 3581 δοκεῖν
565 3528 948 3599 ἀσυναρτήτως
988 3528 1150 3598 ἔχειν.
1202 3530 1339 3599 Φησὶ⁹
1367 3528 1497 3600 γὰρ,
1544 3531 1625 3582 ὃτι
1680 3530 1820 3584 Ἐὰν
1845 3532 1932 3599 μὴ

355 3619 513 3689 γνῷς
555 3620 842 3687 σεαυτὴν,
877 3621 916 3688 ἡ
982 3620 1139 3689 καλὴ
1199 3622 1269 3674 ἐν
1328 3622 1623 3691 γυναιξὶν,
1681 3622 1934 3691 ἐξῆλθες

355 3712 424 3765 ἐκ
468 3711 588 3766 τῶν
626 3711 895 3780 πτερνῶν
943 3711 1051 3765 τοῦ
1105 3713 1404 3781 ποιμνίου,
1454 3712 1553 3766 καὶ
1604 3714 1935 3783 ποιμαίνεις

358 3798 601 3870 ἐρίφους
658 3801 789 3855 ἀντὶ
848 3801 1253 3871 σκηνωμάτων
1310 3803 1626 3872 ποιμνίων·
1679 3803 1817 3857 ὥστε
1867 3803 1934 3856 δι’

362 3892 645 3967 ἀκριϐείας
695 3893 1010 3963 συμϐαίνειν
1060 3893 1157 3964 τὴν
1206 3896 1263 3946 ὲν
1317 3897 1429 3958 τοῖς
1476 3895 1680 3966 ῥήμασι
1726 3894 1936 3954 τούτοις

363 3982 764 4057 ἐμφαινομένην
789 3985 1024 4038 διάνοιαν
1061 3987 1126 4055 τῇ
1158 3986 1585 4057 προαποδοθείσῃ
1614 3986 1815 4058 θεωρίᾳ
1838 3986 1933 4039 τοῦ

362 4075 540 4144 λόγου.
570 4074 778 4128 Οὐκοῦν
809 4075 894 4128 ἵνα
924 4074 996 4145 μὴ
1025 4074 1196 4127 ταῦτα
1227 4075 1422 4147 πάθῃς,
1454 4076 1683 4147 πρόσεχε
1712 4076 1929 4147 σεαυτῇ,

364 4170 527 4239 φησὶν
559 4168 587 4221 ό
624 4162 799 4235 λόγος.
827 4167 995 4220 Τοῦτο
1016 4167 1123 4237 γάρ
1151 4168 1298 4220 ἐστιν
1329 4168 1563 4235 ἀσφαλὲς
1584 4168 1691 4221 τῶν
1716 4167 1934 4235 ἀγαθῶν

364 4260 757 4329 φυλακτήριον·
788 4259 954 4328 γνῶθι
1004 4259 1168 4312 πόσον
1222 4259 1360 4329 ὑπὲρ
1396 4260 1494 4329 τὴν
1533 4258 1721 4330 λοιπὴν
1763 4260 1938 4313 κτίσιν

366 4352 516 4422 παρὰ
546 4351 640 4404 τοῦ
673 4352 1028 4421 πεποιηκότος
1058 4351 1364 4422 τετίμησαι.
1401 4351 1512 4404 Οὐκ
1536 4350 1759 4422 οὐρανὸς
1782 4351 1941 4419 γέγο-

2032 3253 2185 3308 pasce
2213 3235 2386 3290 Ita'dos
2428 3235 2483 3289 in
2539 3234 2888 3288 tabernaculis
2942 3244 3233 3301 pastorum.
3271 3233 3425 3300 Quod
3480 3234 3603 3304 qui-

2033 3330 2155 3383 dem
2187 3327 2401 3383 facilius
2432 3329 2556 3382 licct
2583 3326 2889 3396 intelligere
2929 3342 3023 3395 per
3051 3327 3277 3381 alterum
3305 3329 3601 3395 etemplar,

2035 3430 2093 3473 ut
2126 3436 2193 3475 ne
2222 3419 2510 3473 verborum
2569 3419 2787 3488 quidem
2837 3417 3179 3471 constructio
3209 3416 3455 3472 videatur
3495 3432 3604 3471 non

2034 3513 2332 3566 conterere.
2387 3510 2525 3565 Dicit
2555 3510 2699 3564 enim
2737 3529 2751 3565 :
2786 3508 2844 3564 Si
2876 3527 2976 3564 non
3013 3525 3291 3580 cognoscas
3322 3518 3369 3563 te
3410 3510 3601 3575 ipsam,

2036 3619 2065 3655 ο
2101 3602 2322 3668 pulchra
2348 3601 2484 3654 inter
2512 3600 2779 3664 mulieres,
2801 3616 3010 3669 egressa
3042 3616 3094 3653 es
3145 3599 3200 3652 in
3232 3599 3465 3669 vestigiis
3483 3615 3605 3669 gre-

2035 3710 2196 3764 gum,
2245 3704 2293 3747 et
2344 3693 2522 3763 pascis
2572 3692 2749 3746 ha'dos
2794 3709 2889 3761 pro
2926 3691 3280 3745 tabernaculis
3308 3700 3606 3758 pastorum,

2037 3787 2173 3842 adeo
2202 3794 2260 3839 ut
2288 3801 2409 3856 qua:
2434 3786 2486 3839 in
2520 3784 2605 3839 his
2632 3784 2795 3839 dictis
2832 3790 3055 3853 apparet
3102 3783 3393 3845 sententia,
3420 3795 3608 3838 exacte

2039 3880 2327 3935 conveniat
2376 3878 2425 3931 ei
2452 3891 2612 3946 quam
2644 3876 2797 3945 prius
2841 3874 3121 3944 posuimus
3155 3882 3441 3927 contextus
3474 3887 3609 3925 con-

2042 3971 2400 4042 templationi.
2425 3966 2502 4024 Ne
2536 3984 2665 4037 ergo
2694 3966 2808 4020 haec
2838 3966 2931 4019 tibi
2966 3965 3236 4027 accidant,
3270 3964 3487 4019 attende
3509 3965 3608 4019 tibi

2043 4065 2183 4135 ipsi,
2214 4062 2346 4117 dicit
2395 4060 2675 4129 Scriptura
2704 4077 2717 4111 :
2750 4058 2863 4112 haec
2902 4065 2983 4112 est
3014 4058 3156 4111 enim
3201 4056 3474 4112 tutissima
3508 4057 3608 4112 bo-

2041 4172 2237 4211 norum
2287 4152 2787 4208 conservandorum
2832 4150 2993 4205 ratio.
3024 4150 3303 4219 Cognosce
3345 4157 3609 4219 quantum

2043 4248 2122 4303 sis
2143 4247 2405 4301 honorata
2432 4260 2460 4296 a
2486 4243 2745 4298 Creatore
2767 4241 2889 4311 plus
2914 4254 3076 4309 quam
3104 4239 3309 4308 reliqua
3332 4246 3606 4293 creatura.

2040 4339 2159 4393 Non
2191 4336 2390 4391 factum
2422 4333 2522 4388 fuit
2558 4335 2755 4389 caelum
2797 4332 2975 4402 imago
3009 4331 3103 4385 Dei
3132 4349 3147 4397 ;
3179 4346 3285 4384 non
3317 4331 3467 4394 luna,
3500 4348 3609 4385 non

365 4463 454 4498 νεν
485 4444 646 4498 εἰκὼν
670 4442 763 4497 τοῦ
796 4443 951 4509 Θεοῦ,
987 4444 1047 4497 οὐ
1086 4444 1301 4516 σελήνη,
1333 4443 1429 4514 οὐχ
1456 4442 1624 4514 ἥλιος,
1658 4443 1718 4496 οὐ
1745 4443 1805 4496 τὸ
1833 4442 1923 4495 τῶι

2044 4432 2168 4493 sol,
2202 4444 2308 4499 non
2365 4427 2603 4482 siderum
2656 4424 3024 4495 pulchritudo,
3085 4437 3259 4492 neque
3313 4424 3611 4493 quidquam

365 4538 577 4607 ἄστρων
616 4537 832 4600 κάλλος,
861 4537 960 4589 οὐκ
1012 4535 1137 4588 ἄλλο
1186 4512 1236 4588 τι
1270 4512 1583 4589 τῶν-κατὰ
1624 4534 1722 4606 τήν
1768 4536 1923 4589 κτίσιγ

2044 4524 2187 4579 aliud
2211 4540 2276 4577 ex
2317 4522 2384 4575 iis
2417 4534 2537 4590 quae
2570 4524 2872 4572 cernuntur
2903 4516 3200 4570 secundum
3233 4524 3504 4569 naturam.
3529 4513 3609 4569 Tu

368 4629 705 4703 φαινομένων
750 4629 919 4683 οὐδέν.
956 4630 1105 4701 Μόνη
1144 4631 1207 4683 σὺ
1244 4630 1471 4699 γέγονας
1510 4629 1608 4698 τῆς
1646 4628 1923 4698 ὑπερεχού-

2041 4619 2154 4672 sola
2200 4616 2341 4669 facta
2396 4628 2456 4668 es
2495 4609 2696 4681 eﬁigies
2734 4620 2942 4663 naturae
2969 4624 3089 4676 qua!
3143 4622 3358 4662 onmem
3392 4616 3614 4677 superat

370 4698 469 4794 σης
516 4698 691 4778 πάντα
729 4722 851 4775 νοῦν
881 4698 1103 4791 φύσεως-
1134 4698 1513 4791 ἀπεικόνισμα,
1540 4712 1634 4773 τοῦ
1668 4720 1923 4790 ἀφθάρτοι

2045 4704 2483 4776 intelligentiam,
2518 4699 2817 4755 similitudo
2864 4698 3284 4767 pulchritudinis
3346 4698 3399 4751 in
3447 4714 3610 4768 quam

369 4815 598 4878 κάλλους
634 4812 905 4884 ὁμοίωμα,
929 4814 1026 4883 τῆς
1063 4811 1320 4885 ἀληθινῆς
1364 4811 1613 4880 θεότητος
1656 4811 1945 4864 ἀποτύπω-

373 4924 470 4978 μα,
501 4904 600 4977 τῆς
633 4904 906 4977 μακαρίας
930 4903 1073 4973 ζωῆς
1101 4904 1320 4974 δοχεῖον,
1355 4901 1448 4956 τοῦ
1486 4900 1733 4973 ἀληθινοῦ
1773 4902 1949 4971 φωτὸς

370 5000 683 5072 ἐκμαγεῖον,
706 4996 841 5070 πρὸς
859 4996 887 5049 ὃ
908 4995 1193 5066 βλέπουσα,
1221 4996 1393 5048 έκεῖνο
1414 4992 1559 5067 γίνῃ,
1584 4996 1719 5065 ὅπερ
1742 4993 1943 5055 ἐκεῖνός

373 5092 509 5156 ἐστι,
556 5091 862 5163 μιμουμένη
898 5090 990 5142 τὸν
1022 5091 1081 5142 έν
1117 5088 1199 5142 σοι
1243 5088 1521 5157 λάμποντα
1552 5086 1637 5139 διὰ
1674 5086 1770 5154 τῆς
1798 5088 1944 5137 ἀντι-

373 5184 690 5258 λαμπούσης
710 5184 882 5256 αὐγῆς
901 5185 965 5236 ὲκ
984 5182 1081 5252 τῆς
1103 5180 1201 5251 σῆς
1221 5178 1604 5250 καθαρότητος.
1620 5178 1785 5231 Οὐδὲν
1804 5176 1944 5230 οὕτω

375 5279 483 5331 τῶν
507 5274 671 5331 ὄντων
704 5276 864 5348 μέγα,
889 5275 964 5337 ὡς
992 5273 1068 5344 τῷ
1098 5272 1174 5344 σῷ
1209 5271 1426 5343 μεγέθει
1459 5267 1940 5341 παραμετρεῖσθαι.

388 5369 447 5420 '0
472 5364 696 5437 οὐρανὸς
715 5364 833 5428 ὅλος
866 5367 933 5436 τῇ
970 5362 1062 5417 τοῦ
1100 5362 1232 5416 Θεοῦ
1269 5359 1511 5431 σπιθαμῇ
1544 5356 1945 5431 περιλαμϐάνε·

377 5472 501 5523 ται,
531 5454 604 5525 γῆ
640 5456 697 5509 δὲ
735 5456 830 5509 καὶ
866 5455 1104 5508 θάλασσα
1130 5457 1196 5525 τῇ
1222 5452 1381 5524 δρακὶ
1416 5452 1516 5523 τῆς
1547 5450 1727 5523 χειρὸς
1757 5448 1920 5503 αὐτοῦ

381 5548 770 5619 περιείργεται.
805 5547 942 5600 Ἀλλ’
964 5548 1111 5617 ὅμως
1146 5549 1175 5600 ὁ
1213 5544 1450 5610 τοιοῦτος
1490 5545 1583 5599 καὶ
1615 5542 1887 5604 τοσοῦτος,
1922 5542 1951 5594 ό

380 5644 561 5695 πᾶσαν
586 5640 652 5710 τῇ
692 5636 917 5710 παλάμῃ
939 5639 1310 5709 περισφίγγων
1336 5637 1434 5707 τὴν
1474 5635 1669 5697 κτίσιν,
1703 5634 1821 5696 ὅλος
1870 5647 1951 5685 σοι

382 5731 625 5805 χωρητδς
648 5730 873 5799 γίνεται,
895 5729 989 5782 καὶ
1014 5731 1070 5782 ὲν
1094 5729 1176 5782 σοὶ
1196 5730 1455 5790 κατοικεῖ,
1478 5727 1571 5781 καὶ
1598 5727 1698 5780 οὐκ
1718 5727 1951 5778 ἐνστενο-

385 5826 550 5898 χωρεῖ
568 5824 715 5896 πάσῃ
737 5824 803 5893 τῇ
828 5820 984 5891 φύσει
1008 5822 1332 5889 ὲνδιοδεύων,
1351 5822 1379 5873 ό
1401 5818 1593 5874 εἰπών’
1625 5816 1952 5884 Ἐνοικήσω

2044 4817 2154 4854 non
2188 4799 2335 4853 cadit
2390 4797 2668 4855 interitus,
2698 4806 2957 4862 expressa
3001 4790 3173 4860 ﬁgura
3210 4806 3351 4845 vera:
3409 4792 3613 4846 divini-

2048 4895 2197 4955 imis,
2223 4893 2346 4944 vitae
2376 4889 2546 4943 beata:
2580 4884 3008 4954 receptaculum,
3042 4883 3151 4936 veri
3178 4882 3399 4938 luminis
3438 4884 3613 4937 infor-

2051 4996 2254 5042 matum
2296 4969 2669 5043 simulacrum,
2703 4976 2769 5031 ad
2796 4975 2939 5045 quod
2962 4976 3232 5044 aSpiciens
3262 4975 3314 5029 id
3347 4977 3491 5044 quod
3526 4976 3615 5029 ille

2050 5088 2134 5133 est
2156 5074 2405 5135 eﬂiceris,
2437 5071 2659 5125 imitans
2694 5084 2817 5123 eum
2850 5067 2941 5137 qui
2978 5068 3031 5120 in
3068 5074 3121 5120 te
3158 5067 3490 5137 resplendet,
3518 5064 3645 5136 pcr’

2052 5167 2402 5239 splendorem
2427 5176 2493 5219 ex
2514 5162 2745 5216 adverso
2764 5159 3114 5228 reinlgentem
3141 5174 3208 5212 ex
3239 5168 3329 5212 tua
3358 5158 3610 5225 puritate.

2053 5257 2254 5314 Eorum
2285 5272 2404 5327 qum
2434 5265 2561 5311 sunt
2590 5253 2726 5307 nihil
2755 5260 2839 5307 est
2859 5251 2993 5305 adeo
3024 5264 3298 5318 magnum,
3331 5257 3390 5302 ut
3438 5248 3616 5302 susci-

2023 5340 2027 5347 ’
2052 5356 2165 5427 piat
2194 5349 2586 5406 dimensionem
2618 5357 2721 5401 tua:
2751 5343 3160 5413 magnitudinis.
3182 5340 3375 5396 Totum
3415 5343 3614 5395 coelum

2052 5447 2145 5503 Dei
2178 5444 2353 5515 palma
2402 5439 2715 5495 continetur
2743 5455 2757 5503 ;
2783 5442 2929 5491 terra
2976 5446 3029 5489 et
3068 5448 3217 5487 mare
3257 5433 3459 5503 pugillo
3498 5436 3619 5502 ejus

2052 5552 2248 5593 manus
2279 5531 2778 5604 comprehenditur.
2822 5526 2927 5584 Sed
2961 5535 3143 5582 tamen
3171 5525 3263 5595 qui
3297 5534 3380 5580 est
3432 5533 3618 5581 tantus

2052 5638 2107 5686 et
2132 5628 2277 5694 talis,
2305 5627 2397 5698 qui
2435 5625 2745 5681 universam
2786 5630 3089 5678 creaturam
3124 5620 3300 5690 palma
3355 5618 3619 5678 continet,

2056 5729 2204 5777 totus
2233 5735 2263 5774 a
2293 5728 2345 5775 te
2376 5720 2610 5793 capitur,
2635 5725 2687 5773 et
2712 5716 2766 5771 in
2792 5723 2842 5770 te
2872 5713 3100 5775 habitat,
3117 5718 3172 5768 et
3194 5726 3300 5767 non
3330 5710 3385 5766 in
3410 5715 3622 5764 arctnm

2062 5812 2277 5885 cogitur
2307 5811 2361 5866 in
2395 5818 2488 5866 tua
2517 5824 2739 5867 versans
2766 5813 2980 5871 natura,
3013 5804 3106 5876 qui
3129 5803 3303 5859 dixit:
3337 5800 3400 5855 In
3423 5801 3497 5855 eis
3529 5799 3625 5853 ha-
