4116 6560
537 333 644 392 εοτ

1810 332 1870 390 S.
1908 329 2234 391 GREGORII
2270 327 2564 389 NYSSENI

3680 332 3781 388 808

541 447 720 504 titubo
745 456 798 502 et
821 447 1170 503 deambulabo
1205 448 1274 500 ’°.
1318 445 1375 503 Si
1402 448 1514 504 haec
1545 447 1803 520 aspicias,
1836 449 1889 504 in
1913 450 2111 504 nullam

2220 450 2289 503 ἐν
2323 450 2529 514 αὐτοῖς
2565 448 3166 518 καὶμέμπεριιτατήσω.
3197 446 3320 501 Ἐὰν
3363 444 3532 499 ταῦτα
3563 444 3781 519 βλέπῃς.

539 555 659 595 rem
715 547 987 594 terrenam
1037 538 1240 609 deliges
1295 548 1447 594 tuum
1497 542 1739 596 oculum.
1770 541 1910 608 Quid
1948 541 2112 596 dico?

540 632 656 688 lmo
680 647 749 686 ne
779 632 976 686 coelum
999 632 1219 702 quidem
1243 632 1340 688 libi
1362 633 1676 688 censebitur
1707 634 2108 687 admirandum.

541 720 1006 788 Quemadmodum
1049 722 1218 788 enim,
1247 739 1280 777 ο
1320 723 1502 786 homo.
1523 725 1692 780 cwlos
1727 724 2110 786 admiraberis,

539 817 773 886 teipsum
811 815 1082 884 aspiciens
1129 816 1286 871 caelis
1339 817 1675 871 stabiliorem
1719 825 1772 870 et
1808 816 2112 872 durabilioo

539 919 655 958 rem
690 905 714 957 Ἰ
751 901 884 956 Nam
924 906 1122 958 caelum
1178 904 1393 974 quidem
1444 907 1662 972 transit,
1698 913 1755 958 tu
1775 914 1956 960 autem
1986 923 2112 960 cum

539 1012 606 1053 eo
630 996 775 1067 quod
808 1011 1024 1065 semper
1053 1007 1162 1059 est,
1183 997 1346 1052 simul
1394 1013 1580 1052 manes
1612 998 1678 1052 ad
1730 999 2109 1054 aeternitatem.

540 1089 659 1143 Non
696 1089 982 1142 admireris
1005 1097 1163 1141 terra:
1191 1088 1555 1151 latitudinem,
1581 1105 1757 1159 neque
1791 1105 1937 1144 mare
1967 1090 2112 1159 quod

539 1179 799 1250 panditur
844 1179 898 1231 in
934 1178 1224 1242 inﬁnitum,
1252 1180 1449 1248 quibus
1484 1189 1543 1232 ut
1591 1196 1851 1249 praeesses
1884 1195 1943 1235 es
1975 1196 2112 1234 con-

541 1271 803 1330 stitutus,
846 1277 1103 1338 tanquam
1168 1270 1330 1324 alicui
1383 1286 1649 1339 equorum
1692 1271 1902 1334 currui,
1954 1271 2020 1325 ad
2062 1273 2113 1325 id

539 1361 686 1431 quod
717 1361 814 1414 tibi
841 1362 1074 1426 videtur,
1099 1363 1410 1417 obedientia
1441 1372 1496 1419 et
1520 1364 1573 1418 in
1607 1371 1697 1417 tua
1726 1371 1992 1434 potestate
2009 1364 2113 1419 sita

541 1454 750 1510 habens
801 1454 917 1508 hazc
967 1456 1254 1510 elementa.
1313 1454 1444 1509 Nam
1498 1463 1554 1510 et
1587 1465 1733 1510 terra
1769 1456 1866 1510 tibi
1915 1470 2116 1526 suppe-

539 1547 674 1601 ditat
723 1561 786 1600 ea
819 1561 939 1616 quae
989 1555 1111 1600 sunt
1145 1545 1269 1600 usui
1316 1546 1381 1600 ad
1412 1547 1600 1607 vitam,
1628 1555 1682 1600 ct
1705 1561 1855 1600 mare
1886 1561 1992 1600 non
2027 1560 2115 1602 se.

540 1654 639 1694 cus
685 1644 847 1707 atque
889 1653 1062 1707 equus
1089 1637 1182 1706 qui
1221 1636 1451 1691 habenis
1485 1637 1715 1708 regitur,
1743 1637 1840 1690 tibi
1891 1637 2113 1691 dorsum

540 1729 763 1798 praebet,
791 1737 844 1783 et
879 1743 1034 1783 suum
1066 1742 1336 1782 sessorem
1361 1727 1559 1798 accipit
1590 1727 1886 1782 hominem.
1911 1725 1967 1780 Si
1985 1738 2114 1796 ergo

2214 545 2292 605 εἰς
2335 544 2484 595 οὐδὲν
2532 542 2637 594 τῶν
2673 542 2964 610 περιγείων
2997 541 3098 609 τὸν,
3123 539 3394 609 ὀφθαλμὸν
3446 537 3779 608 ἀσχαλήσεις.

2213 633 2278 685 Τί
2299 632 2455 684 τοῦτο
2481 630 2661 699 λέγω;
2701 629 2837 682 Ἀλλ’
2867 628 3020 683 οὐδὲν
3049 630 3077 681 ό
3104 627 3328 698 οὐρανός
3365 642 3444 678 σοι
3479 622 3782 693 Θαυμαστὸς

2213 724 2611 794 νομισθήσεται.
2655 722 2779 784 Πῶς
2831 723 2938 792 γὰρ
2991 719 3286 790 θαυμάζεις
3328 718 3452 780 τούς
3505 715 3780 786 οὐρανοὺς,
3800 736 3823 794 ξι

2211 810 2257 870 ὦ
2285 816 2556 884 ἄνθρωπε,
2587 813 2776 866 ἑαυτὸν
2806 811 3015 883 βλέπων
3052 812 3160 865 τῶν
3198 809 3440 882 οὐρανῶν
3483 785 3814 878 μονιμώτε-ι

2217 924 2344 980 ρον;
2395 908 2444 958 οἱ
2494 907 2592 976 μὲν
2632 907 2740 976 γὰρ
2784 906 3180 975 παρέρχονται,
3224 906 3285 952 συ
3335 900 3390 951 δὲ
3433 897 3510 967 τῷ
3553 898 3638 950 ἀεὶ
3673 897 3785 949 όντι

2215 998 2581 1068 συνδιαμένεις
2628 996 2762 1067 πρὸς
2810 995 2870 1046 τὸ
2919 995 3104 1047 ἀΐδιον.
3141 992 3213 1045 Οὐ
3259 989 3556 1060 θαυμάσεις
3609 985 3784 1054 πλάτη

2212 1088 2334 1158 γῆς,
2366 1083 2486 1140 οὐδὲ
2513 1084 2719 1155 πελάγη
2749 1084 2883 1155 πρὸς
2920 1083 3142 1153 ἄπειρον
3183 1078 3536 1148 ἐκτεταμένα,
3566 1071 3640 1129 ὧν
3669 1077 3788 1127 ἐπι-

2215 1182 2426 1232 στατεῖν
2488 1175 2739 1246 ἐτάχθης,
2799 1175 2986 1245 ῶσπερ
3038 1173 3182 1236 τινὸς
3242 1169 3524 1240 ξυνωρίδος
3594 1167 3786 1220 πώλων

2211 1271 2422 1342 ἡνίοχος
2471 1269 2695 1338 εὐπειθῆ
2748 1267 2883 1340 πρὸς
2929 1265 2991 1319 τὸ
3037 1263 3224 1319 δοκοῦν
3268 1264 3402 1332 ἔχων
3435 1261 3500 1315 τὰ
3550 1261 3787 1329 στοιχεῖα

2211 1364 2382 1417 ταῦτα
2411 1362 2503 1415 καὶ
2527 1359 2837 1425 ὐπεξούσια.
2860 1359 2934 1411 ἸΙ
2966 1374 3023 1410 τε
3050 1356 3159 1427 γὰρ
3190 1356 3260 1425 γῆ
3288 1373 3369 1407 σοι
3402 1353 3537 1424 πρὸς
3567 1351 3664 1414 τὰς
3690 1349 3787 1402 τοῦ

2215 1454 2327 1525 βίου
2354 1453 2544 1523 χρείας
2573 1451 2944 1521 ὐπηρετείται,
2972 1447 3067 1501 καὶ
3091 1449 3124 1518 ἡ
3167 1446 3408 1499 θάλασσα
3429 1442 3673 1513 καθάπερ
3702 1459 3786 1504 τις

2214 1547 2390 1612 πῶλος
2415 1547 2628 1616 εὐήνιος
2653 1545 2841 1614 ὑπέχει
2869 1560 2950 1595 σοι
2974 1541 3040 1594 τὰ
3068 1541 3230 1604 νῶτα,
3255 1539 3346 1592 καὶ
3370 1536 3630 1605 ὲπιὸάτην
3653 1536 3785 1588 ἑαυ-

2213 1640 2309 1709 τῆς
2336 1639 2424 1692 τὸν
2452 1638 2734 1709 ἄνθρωπον
2774 1635 3005 1704 δέχεται.
3049 1633 3176 1686 Ἐὰν
3222 1625 3314 1684 οὖν
3345 1629 3488 1699 γνῷς
3532 1627 3784 1697 σεαυτὴν,

2213 1734 2246 1803 ἡ
2283 1731 2419 1802 καλὴ
2452 1733 2506 1784 ἐν
2545 1727 2807 1798 γυναιξὶν,
2858 1726 3284 1797 ὑπερφρονήσεις
3325 1721 3522 1783 παντὸς
3560 1720 3655 1772 τοῦ
3700 1719 3788 1772 κό-

540 1827 595 1874 te
627 1834 1002 1891 cognoscas,o
1032 1819 1420 1889 pulchrainter
1442 1819 1720 1884 mulieres,
1742 1826 1913 1874 totum
1952 1835 2111 1873 mun-

2215 1800 2371 1892 σμου,
2401 1800 2493 1872 καὶ
2543 1820 2679 1890 πρὸς
2717 1814 2777 1870 τὸ
2822 1815 2982 1870 άῦλον
3020 1813 3220 1882 ἀγαθὸν
3266 1809 3550 1872 διαπαντός
3577 1809 3782 1880 ὁρῶσα,

539 1911 670 1966 dum
697 1909 988 1978 despicies,
1022 1917 1074 1964 et
1101 1909 1167 1963 ad
1199 1909 1442 1964 materia:
1468 1925 1664 1980 expers
1687 1911 1888 1965 bonum
1924 1925 2113 1980 perpe-

540 2007 633 2054 tuo
667 1999 905 2064 intuens,
932 2008 1249 2054 contemnes
1276 2014 1522 2053 errorem
1551 2016 1739 2055 eorum
1770 2017 1893 2071 quas
1923 2003 1977 2056 in
2010 2001 2114 2056 hac

540 2098 669 2147 sunt
722 2091 832 2144 vita
871 2091 1244 2160 vestigiorum.
1296 2090 1529 2147 Attende
1584 2107 1715 2162 ergo
1771 2108 1984 2164 semper
2015 2094 2114 2148 tibi

541 2182 668 2253 ipsi,
695 2190 748 2237 et
781 2197 888 2236 non
917 2182 1126 2236 errabis
1165 2182 1313 2236 circa
1341 2198 1555 2254 gregem
1598 2184 1900 2250 hazdorum,
1939 2199 2115 2257 neque

540 2274 797 2329 ellicieris
838 2273 1024 2328 haedus
1059 2289 1159 2342 pro
1189 2289 1290 2330 ove
1322 2273 1379 2329 in
1410 2283 1655 2346 tempore
1673 2276 1866 2346 judicii
1891 2293 1906 2342 ;
1932 2293 2110 2347 neque

540 2367 913 2438 segregaberis
954 2381 985 2420 a
1020 2367 1260 2421 statione
1301 2366 1366 2421 ad
1418 2366 1697 2422 dexteram
1731 2387 1744 2423 :
1776 2369 1874 2425 sed
1920 2370 2110 2427 audies

534 2457 836 2528 jucundam
867 2473 1075 2517 vocem.
1106 2472 1227 2527 qua:
1263 2456 1395 2513 dicit
1425 2459 1686 2530 lanigeris
1711 2467 1765 2515 et
1807 2463 2108 2518 mansuetis

538 2549 734 2602 ovibus
768 2567 781 2602 :
827 2548 1026 2612 Venite,
1049 2547 1302 2603 benedicti
1320 2552 1502 2604 Patris
1525 2553 1646 2616 mei,
1679 2562 1842 2608 estote
1880 2555 2108 2611 hteredes

539 2640 685 2710 regni
714 2639 854 2694 vobis
876 2640 1052 2710 parati
1079 2650 1200 2695 ante
1229 2643 1650 2697 constitutionem
1679 2645 1866 2701 mundi
1896 2647 1962 2700 ’¹.
1985 2646 2106 2714 Quo

540 2748 643 2790 nos
675 2749 892 2806 quoque
935 2735 1084 2803 digni
1134 2744 1468 2804 reputemur,
1500 2735 1556 2790 in
1608 2735 1831 2795 Christo
1874 2739 2105 2796 Domino

539 2832 731 2880 nostro
759 2825 847 2880 cui
879 2825 1051 2897 gloria
1103 2824 1157 2880 in
1215 2827 1414 2883 saecula
1456 2829 1806 2888 saeculorum.
1839 2831 2035 2888 Amen.

1128 2986 1413 3044 HOMILIA
1448 2988 1536 3048 Ill.

607 3078 732 3133 CAP.
767 3079 876 3146 η’.
898 3077 950 3133 9.
986 3077 1268 3148 Equitatui
1288 3098 1399 3136 meo
1435 3083 1490 3136 in
1527 3084 1772 3140 curribus
1809 3085 2113 3146 Pharaonis

537 3170 831 3224 assimilavi
849 3180 914 3232 te,
936 3172 1229 3242 propinqua
1251 3189 1385 3227 mea.
1410 3173 1498 3229 10.
1515 3175 1690 3241 Quam
1706 3177 1938 3245 pulchra:
1957 3181 2116 3250 factm

539 3271 660 3316 sunt
686 3279 829 3332 gena:
857 3273 958 3316 tua:
979 3264 1115 3317 sicut
1138 3268 1594 3328 turturis,collum
1623 3273 1915 3327 tuumsicut
1942 3278 2115 3330 moni-

539 3352 634 3406 lia.
658 3353 743 3406 il.
767 3351 1156 3410 Similitudines
1179 3359 1300 3410 auri
1318 3358 1572 3427 faciemus
1595 3361 1689 3415 tibi
1714 3379 1832 3417 cum
1855 3369 1995 3421 notis
2027 3385 2118 3422 ar-

543 3446 706 3514 genti.
751 3445 839 3498 12.
871 3445 1047 3500 Donec
1077 3463 1170 3501 rex
1223 3451 1279 3502 in
1308 3453 1551 3505 accubitu
1589 3470 1706 3519 suo,
1757 3463 1958 3512 nardus
1999 3477 2115 3515 mea

538 3535 684 3589 dedit
713 3537 924 3592 odorem
955 3556 1129 3592 suum.
1155 3542 1242 3594 i3.
1268 3540 1584 3600 Fasciculus
1601 3547 1829 3617 myrrha:
1857 3554 2113 3619 patruelis

541 3644 684 3683 meus
713 3630 840 3683 mihi
871 3632 925 3684 in
957 3633 1128 3686 medio
1157 3633 1377 3688 uberum
1411 3653 1644 3692 meorum
1675 3646 2107 3702 commorabitur.

539 3716 736 3774 Botrus
768 3718 932 3792 Cypri
957 3724 1212 3791 patruelis
1245 3743 1389 3781 meus
1421 3728 1476 3782 in
1508 3731 1671 3787 vineis
1713 3730 1982 3806 Engaddi.

612 3901 960 3974 Qumcunque
990 3914 1116 3960 ante
1140 3922 1204 3962 ea
1237 3923 1358 3978 quae
1389 3926 1536 3966 nunc
1568 3911 1708 3968 lecta
1741 3925 1869 3970 sunt
1898 3917 1954 3972 in
1984 3934 2113 3989 pro-

541 3994 720 4047 mmiis
787 3993 996 4049 Cantici
1046 3997 1424 4064 canticorum,
1488 4001 1743 4058 similiter
1801 4020 1862 4062 se
1909 4007 2112 4065 habent

540 4092 704 4152 atque
726 4085 985 4154 splendor
1010 4087 1103 4157 qui
1131 4104 1290 4144 mane
1320 4091 1498 4144 oritur
1527 4103 1649 4163 post
1680 4097 2112 4171 noctem.Neque

535 4177 680 4230 enim
719 4176 810 4231 ille
846 4185 930 4233 est
968 4178 1060 4232 lux
1090 4195 1250 4251 pura,
1296 4181 1393 4238 sed
1439 4184 1578 4241 lucis
1618 4191 1944 4257 prooemium
1980 4211 1994 4247 :
2045 4210 2110 4250 ea

534 4281 753 4336 quoque
775 4283 899 4337 qua
927 4269 1070 4324 dicta
1101 4278 1251 4337 sunt,
1292 4280 1421 4328 sunt
1469 4275 1806 4346 hujusmodi,
1842 4292 1898 4336 ut.
1946 4284 2106 4341 nobis
2135 4275 2184 4337 ι)

535 4357 842 4428 signiﬁcent
877 4371 1126 4415 exortum
1181 4377 1328 4418 verae
1377 4365 1536 4430 lucis,
1572 4383 1682 4423 non
1733 4377 1912 4428 tamen
1959 4374 2015 4430 in
2048 4391 2110 4433 se

536 4447 774 4502 habeant
797 4449 975 4518 ipsum
1003 4449 1191 4505 orbem
1217 4452 1351 4508 solis
1383 4455 1529 4510 clare
1559 4470 1933 4528 apparentem.
1969 4463 2105 4520 Nam

536 4540 591 4594 in
625 4540 734 4595 illis
764 4541 982 4610 quidem
1012 4542 1254 4612 loquitur
1281 4560 1505 4617 sponsa,
1531 4556 1586 4604 et
1616 4551 1802 4616 amici,
1830 4562 1884 4608 et
1919 4555 2106 4611 adole~

535 4633 836 4686 scentulte:
877 4647 1025 4687 nunc
1053 4643 1232 4688 autem
1271 4652 1372 4689 vox
1403 4637 1575 4707 ipsius
1606 4642 1819 4710 sponsi,
1845 4650 2106 4715 tanquam

534 4722 685 4777 orbis
759 4723 892 4778 solis
972 4725 1192 4788 oritur,
1270 4727 1546 4782 radiorum
1615 4732 1907 4802 splendore
1981 4737 2108 4794 abs-

534 4811 781 4866 condens
817 4828 1035 4868 omnem
1103 4814 1448 4884 splendorem
1483 4827 1756 4876 astrorum
1801 4839 1921 4894 qua:
1953 4829 2104 4895 prius

534 4905 887 4976 apparebant,
918 4912 973 4960 et
1015 4907 1268 4960 matutini
1299 4908 1443 4977 quod
1476 4911 1752 4968 illuxerat.
1789 4916 1883 4969 Illa
1921 4927 2103 4973 autem

532 4998 717 5053 omnia
747 4996 858 5050 vim
888 4996 1178 5067 quamdam
1207 4997 1408 5053 habent
1440 5004 1824 5073 purgationum
1848 5014 1903 5061 et
1924 5023 2106 5078 asper-

534 5092 774 5158 sionum,
837 5109 934 5164 per
984 5111 1123 5165 quas
1162 5099 1374 5167 expiata
1409 5099 1590 5154 anima
1627 5113 1853 5172 paratur
1899 5105 1964 5159 ad
2016 5121 2103 5161 res

533 5181 750 5238 divinas
779 5184 1135 5254 excipiendas
1163 5203 1177 5238 :
1209 5188 1353 5257 quod
1386 5197 1566 5246 autem
1593 5207 1742 5247 nunc
1771 5193 1993 5259 dicitur,
2017 5203 2103 5252 est

534 5276 888 5347 participatio
923 5275 1098 5347 ipsius
1128 5278 1450 5346 divinitatis,
1479 5282 1600 5352 ipso
1647 5283 1760 5340 Deo
1787 5284 1966 5342 Verbo
2005 5303 2102 5358 per

533 5368 808 5437 propriam
828 5383 1017 5422 vocem
1043 5370 1382 5440 impertiente
1417 5374 1655 5430 auditori
1688 5385 2011 5446 potestatem
2044 5379 2098 5435 in

532 5472 693 5528 quam
711 5474 817 5513 non
838 5459 986 5514 cadit
1010 5461 1284 5519 interitus.
1311 5464 1376 5520 Et
1398 5469 1672 5536 quomodo
1690 5469 1742 5524 in
1769 5479 1952 5528 monte
1970 5469 2102 5528 Sina

531 5548 945 5620 purgationibus
971 5551 1127 5623 prius
1162 5564 1386 5626 paratus
1413 5554 1582 5614 Israel
1631 5559 1844 5618 duobus
1883 5563 2096 5630 diebus,

601 5726 650 5759 '°
675 5725 848 5784 Levit.
877 5744 1027 5797 sm,
1062 5730 1148 5786 12.
1224 5733 1268 5766 ’⁸
1293 5730 1482 5789 Matth.
1518 5751 1645 5795 xxv.
1678 5738 1765 5793 36.

2207 1929 2273 1966 πε
2281 1913 2453 1985 ριόψει
2483 1911 2588 1964 τῶν
2614 1909 2755 1965 κατὰ
2777 1909 2868 1962 τὸν
2892 1908 3005 1978 βίον
3033 1907 3218 1960 τοῦτον
3243 1903 3401 1974 ἰχνῶν
3430 1901 3528 1972 τὴν
3553 1901 3780 1967 πλάνην.

2209 2006 2414 2062 Οὐκοῦν
2447 2007 2534 2059 ἀεὶ⁸
2573 2004 2803 2076 πρόσεχε
2843 2001 3065 2071 σεαυτῇ,
3111 1999 3205 2053 καὶ
3243 1997 3305 2050 οὐ
3345 1995 3420 2067 μὴ
3466 1990 3786 2064 πλανηθήσῃ

2207 2099 2336 2168 περὶ
2361 2097 2458 2169 τὴν
2479 2095 2586 2148 τῶν
2619 2095 2820 2166 ἐρίφων
2852 2091 3054 2162 ἀγέλην
3073 2107 3088 2122 ·
3129 2089 3248 2142 οὐδὲ
3290 2087 3474 2158 ἔριφος
3498 2083 3615 2137 ἀντί
3648 2096 3784 2152 προ-

2209 2187 2372 2242 ϐάτου
2397 2189 2454 2239 ἐν
2480 2185 2558 2256 τῷ
2584 2184 2760 2254 καιρῷ
2783 2185 2879 2254 τῆς
2901 2182 3134 2254 κρίσεως
3153 2177 3518 2248 ὲπιδειχθὴσῃ,
3540 2173 3660 2227 οὐδὲ
3681 2171 3781 2242 τῆς

2206 2281 2271 2332 ἐκ
2313 2278 2500 2344 δεξιῶν
2540 2275 2803 2346 καθέδρας
2846 2271 3216 2344 ἀφορισθήσῃο
3263 2269 3374 2321 ἀλλ’
3429 2265 3632 2337 ἀκούσῃ
3680 2263 3778 2333 τῆς

2205 2366 2460 2438 γλυκείας
2505 2366 2709 2437 φωνῆς,
2745 2365 2780 2434 ἦ
2826 2381 2956 2434 φησι
3001 2361 3136 2433 πρὸς
3175 2360 3244 2414 τὰ
3290 2357 3544 2430 ὲριοφόρα
3581 2371 3640 2408 τε
3685 2355 3780 2405 καὶ

2205 2462 2387 2532 ἥμερα
2410 2457 2676 2529 πρόϐατα,
2708 2458 2790 2509 ὅτι
2821 2455 3018 2520 Δεῦτε,
3038 2457 3091 2507 οι
3115 2449 3503 2520 εὐλογημένοι
3534 2445 3635 2500 τοῦ
3666 2447 3780 2498 Πα-

2207 2555 2345 2622 τρός
2409 2569 2559 2618 μου,
2615 2549 3112 2617 κληρονομήσατε
3168 2541 3282 2610 τὴν
3337 2535 3780 2608 ἡτοιμασμένην

2209 2645 2352 2715 ὑμῖν
2372 2642 2698 2710 ,ϐασιλείαν
2737 2639 2855 2694 ἀπὸ
2893 2635 3230 2703 καταϐολῆς
3268 2633 3518 2702 κόσμου.
3543 2624 3650 2689 Ἦς
3687 2623 3780 2677 καὶ

2209 2740 2372 2809 ἡμεῖς
2420 2733 2808 2804 ἀξιωθείημεν·
2857 2734 2915 2783 ἐν
2960 2727 3180 2802 Χριστῴ
3232 2723 3404 2796 Ἰησοῦ
3461 2721 3538 2793 τῷ
3597 2718 3781 2788 Κυρίῳ

2215 2830 2391 2901 ἡμῶν,
2420 2822 2465 2896 ᾧ
2487 2828 2684 2898 πρέπει
2721 2827 2755 2896 ἡ
2788 2824 2915 2888 δόξα
2943 2824 3022 2885 εἰς
3048 2820 3173 2883 τούς
3199 2812 3396 2879 αἰῶνας
3416 2812 3524 2867 τῶν
3548 2810 3776 2865 αἰώνων.

2129 2928 2172 2988 c
2217 2923 2411 2993 Ἀμήνο

2821 3012 3062 3066 UMIAIA
3099 3008 3175 3064 Γ’.

2310 3106 2390 3176 Τῇ
2439 3107 2600 3169 ἵππῳ
2650 3103 2719 3157 ἐν
2766 3103 2984 3172 ἅρμασι
3039 3101 3245 3168 Φαραὼ
3301 3088 3574 3166 ὡὶιοίωσά
3616 3107 3708 3156 σε,
3736 3091 3778 3159 ἠ

2215 3200 2481 3268 πλησίον
2501 3215 2637 3266 μου.
2676 3197 2736 3250 Τί
2761 3195 3144 3265 ὠραιώθησαν
3170 3193 3229 3244 al
3253 3186 3530 3260 σιαγόνες
3554 3201 3670 3240 σου
3699 3186 3780 3251 ὡς

2215 3290 2514 3359 τρυγόνες,
2537 3286 2836 3357 τράχηλος
2857 3300 2972 3339 σου
2997 3285 3077 3350 ὡς
3100 3283 3391 3350 ὀρμίσκοι.
3422 3277 3782 3350 Ὀμοιώματα

2214 3380 2321 3435 τοῦ
2357 3379 2613 3450 χρυσίου
2649 3375 2977 3446 ποιήσομέν
3000 3391 3098 3429 σοι
3127 3373 3275 3444 μετὰ
3307 3371 3643 3444 στιγμάτων
3673 3371 3779 3424 τοῦ

2213 3473 2517 3541 ἀργυρίου.
2543 3471 2690 3536 Ἕως
2717 3463 2789 3525 οὗ
2831 3472 2866 3524 ό
2895 3466 3196 3533 βασιλεὺς
3231 3467 3300 3518 ἐν
3329 3465 3643 3520 ἀνακλίσει
3674 3465 3778 3518 αὐ-

2215 3564 2342 3628 τοῦ,
2361 3562 2580 3631 νάρδος
2589 3580 2707 3631 μου
2725 3561 2945 3614 ἔδωκεν
2959 3558 3159 3628 ὀσμὴν
3175 3552 3381 3612 αὑτοῦ.
3417 3559 3473 3612 Ἀ
3481 3557 3780 3626 πόδεσμος

2214 3653 2478 3722 στακτῆς
2515 3651 2833 3720 (wedge-(66¢
2862 3670 2982 3720 μου
3007 3650 3135 3720 ἐμοὶ
3175 3650 3292 3706 ἀνὰ
3319 3649 3510 3719 μέσον
3530 3645 3784 3717 μαστῶν

2208 3764 2327 3815 μου
2357 3744 2810 3812 αὑλισθήσεται.
2859 3743 3083 3810 Βότρυς
3115 3741 3226 3811 τῆς
3263 3742 3504 3808 Κύπρου
3536 3741 3778 3809 (16815“-

2212 3835 2318 3902 δός
2338 3853 2457 3905 μου
2479 3835 2628 3905 ἐμοὶ,
2654 3836 2723 3888 ἐν
2756 3830 3106 3903 ἀμπελῶσιν
3144 3831 3468 3902 Ἔτι-αὸὂεί.

2284 3929 2423 3982 Ὅσα
2451 3928 2555 4000 πρὸ
2579 3928 2677 3999 τῆς
2708 3925 2986 3999 παρούσης
3017 3923 3374 3993 ἀναγνώσεως
3418 3924 3476 3977 ἐν
3504 3925 3617 3986 τοῖς
3640 3939 3776 3994 προ·

2211 4019 2408 4090 οιμίοις
2438 4019 2531 4073 τοῦ
2564 4019 2838 4091 ’ᾼσματος
2877 4019 2984 4072 τῶν
3036 4017 3289 4090 ᾀσμάτων
3329 4018 3459 4086 ἡμῖν
3491 4015 3776 4087 τεθεώρη-

2211 4128 2320 4175 ται,
2348 4111 2547 4182 όμοίως
2576 4111 2688 4182 ἔχει
2717 4113 2786 4182 τῇ
2812 4109 3072 4182 γινομένη
3117 4110 3255 4181 μετά
3302 4109 3401 4181 τὴν
3447 4109 3617 4164 νύκτα
3645 4110 3774 4180 περὶ

2211 4201 2300 4255 τὸν
2341 4201 2534 4275 ὄρθρον
2579 4203 2743 4274 αὐγῇ.
2791 4202 2926 4256 Οὐτε
2958 4203 3066 4276 γὰρ
3119 4203 3298 4274 ἐκείνη
3348 4203 3586 4274 καθαρὸν
3635 4204 3779 4274 φῶς,

2208 4290 2342 4345 ἀλλά
2375 4290 2552 4360 φωτός
2579 4294 2695 4346 ὲστι
2731 4291 3011 4363 προοίμιον
3030 4333 3046 4356 ,
3075 4295 3168 4346 καὶ
3195 4293 3264 4347 τὰ
3291 4294 3556 4365 εἰρημένα
3587 4293 3772 4348 τοιαῦ-

2208 4397 2296 4445 τα,
2342 4381 2418 4445 ὡς
2456 4382 2553 4455 τὴν
2577 4383 2839 4454 ἀνατολὴν
2885 4383 2984 4453 μὲν
3029 4387 3158 4455 ἡμῖν
3189 4382 3282 4438 τοῦ
3313 4385 3566 4457 ἀληθινοῦ
3608 4406 3774 4442 κατα-

2210 4473 2434 4543 μηνύειν
2481 4474 2657 4542 φωτὸς
2677 4513 2693 4538 ,
2741 4474 2799 4528 οὐ
2842 4477 2950 4548 μὴν
2994 4477 3052 4530 ὲν
3080 4477 3291 4541 ἑαυτοῖς
3317 4477 3462 4550 ἔχειν
3488 4479 3647 4534 αὐτὸν
3673 4482 3770 4538 τοῦ

2206 4562 2358 4634 ἡλίου
2387 4562 2478 4616 τὸν
2509 4562 2706 4617 κύκλον
2733 4563 3018 4637 τηλαυγῶς
3051 4567 3500 4639 προφαινόμενον.
3530 4572 3616 4623 Ἐν
3631 4571 3771 4624 ὲκεί-

2207 4671 2317 4719 νοις
2351 4655 2448 4724 μὲν
2479 4654 2586 4725 γὰρ
2615 4656 2648 4726 ἡ
2678 4655 2862 4726 νύμφη
2897 4657 3214 4726 φθέγγεται,
3266 4660 3360 4713 καὶ
3390 4660 3440 4713 οἱ
3473 4659 3630 4730 φίλοι,
3676 4663 3770 4716 καὶ

2207 4747 2262 4798 αἰ
2294 4745 2529 4809 νεάνιδες
2550 4762 2564 4777 ο
2598 4744 2696 4798 νῦν
2731 4745 2788 4799 δὲ
2817 4746 2982 4802 αὐτοῦ
3016 4745 3110 4800 τοῦ
3140 4749 3371 4819 νυμφίου
3403 4750 3571 4821 φωνὴ,
3603 4751 3770 4806 καθά-

2206 4851 2312 4904 περ
2340 4854 2420 4899 τις
2455 4836 2650 4900 κύκλος
2679 4837 2898 4908 ήλιακὸς
2929 4839 3228 4905 ἀνατέλλει,
3259 4841 3624 4915 ἀποκρύπτων
3651 4850 3769 4910 ταῖς

2205 4927 2312 4979 τῶν
2356 4928 2586 4980 ἀκτίνων
2629 4929 2826 4998 αὐγαῖς
2873 4932 3050 4984 πᾶσαν
3095 4933 3205 4987 τῶν
3267 4951 3327 4989 τε
3389 4937 3770 5007 προφανέντων

2203 5017 2468 5090 ἀστέρων,
2504 5019 2598 5073 καὶ
2630 5020 2722 5072 τοῦ
2762 5021 3172 5090 ὐπαυγάσαντος
3196 5025 3393 5098 ῦρθρου
3423 5027 3519 5100 τὴν
3552 5030 3772 5101 λαμπη-

2202 5109 2347 5164 δόνα.
2400 5110 2642 5164 Κάκεῖνα
2675 5113 2773 5182 μὲν
2799 5114 2975 5168 πάντα
3005 5117 3313 5189 καθαρσίων
3352 5118 3516 5173 τινῶν
3551 5121 3644 5175 καὶ
3673 5139 3771 5175 πε-

2207 5203 2601 5275 ριρραντηρίων
2645 5203 2874 5275 δύναμιν
2906 5205 3048 5277 ἔχει,
3096 5208 3163 5261 δι’
3193 5203 3266 5262 ὧν
3299 5210 3690 5281 ἀφαγνισθείσα
3735 5216 3768 5285 ἡ

2200 5293 2345 5366 ψυχὴ
2374 5296 2510 5368 πρὸς
2537 5296 2635 5368 τὴν
2664 5297 2928 5372 ὑποδοχὴν
2951 5300 3057 5353 τῶν
3078 5300 3234 5357 θείων
3259 5304 3733 5375 παρασκευάζεται
3750 5323 3767 5340 ο

2201 5385 2230 5437 ό
2257 5385 2314 5438 δὲ
2342 5385 2437 5440 νῦν
2465 5387 2642 5456 λόγος,
2685 5390 2855 5461 αὐτῆς
2895 5393 2996 5464 τῆς
3045 5392 3292 5464 θεότητός
3323 5398 3438 5451 ἐστι
3487 5399 3766 5468 μετουσία,

2201 5476 2293 5530 τοῦ
2321 5477 2456 5532 Θεοῦ
2485 5480 2656 5550 Λόγου
2676 5481 2766 5536 διὰ
2794 5483 2894 5554 τῆς
2926 5484 3060 5548 ἰδίας
3088 5487 3268 5558 φωνῆς
3297 5489 3664 5559 μεταδιδόντος
3692 5491 3770 5561 τῷ

2201 5570 2450 5627 ἀκούοντι
2469 5575 2570 5645 τῆς
2601 5574 2881 5648 ἀκηράτου
2901 5577 3182 5650 δυνάμεως
3204 5580 3303 5652 τὴν
3323 5582 3623 5637 κοινωνίαν.
3660 5584 3768 5637 Καὶ
