4110 6478
289 419 393 472 809

1340 409 1404 462 IN
1432 407 1731 465 CAN'I‘ICA
1767 403 2038 458 CANTIC.
2069 403 2347 460 llOMllJA
2387 403 2470 457 lll.

3419 394 3524 449 810

290 531 480 602 ὥσπερ
509 531 601 583 ἐπὶ
631 529 722 584 τοῦ
756 532 886 585 Σινά
917 528 1496 601 προπαρασκευασθεὶς
1519 529 1630 589 τοῖς
1655 525 1858 595 καθαρ-

1987 526 2124 580 ertio
2164 525 2358 596 dignus
2383 530 2658 586 censetur,
2701 533 2915 574 summo
2955 531 3132 579 mane,
3173 523 3233 568 ut
3278 515 3326 568 ei
3382 513 3525 569 Deus

291 623 428 691 olor;
471 622 501 672 ὁ
559 619 770 690 Ἰσραὴλ
803 622 861 672 ἐν
886 619 1122 688 ἡμέραις
1168 617 1282 681 δύο,
1316 620 1384 688 τῇ
1415 616 1576 688 τρίτῃ
1605 615 1744 668 κατὰ
1769 615 1859 666 τὸν

290 712 484 784 ὄρθρον
532 710 778 776 ἀξιοῦται
823 709 922 778 τῆς
963 709 1314 777 θεοφανείας,
1361 708 1543 761 οὐκέτι
1593 707 1721 776 περὶ
1762 705 1861 775 τὴν

293 801 485 854 πλύσιν
509 799 617 851 τῶν
647 797 876 869 ἱματίων
920 797 1144 866 ἄσχολος
1193 796 1302 859 ὣν,
1350 796 1464 848 ἀλλ’
1511 795 1672 850 αὑτὸν
1715 791 1864 862 δεχό-

297 907 454 962 μενος
500 887 754 958 ἐμφανῶς
785 887 875 938 τὸν
906 885 1038 939 Θεὸν
1059 925 1075 950 ,
1130 878 1190 938 οὗ
1243 884 1402 955 χάριν
1440 883 1530 937 τὸν
1558 883 1657 951 τῆς
1689 881 1864 951 ψυχῆς

291 982 463 1054 ῥύπον
490 980 578 1032 διὰ
609 979 716 1031 τῶν
746 976 1125 1047 προλαϐόντων
1158 975 1467 1046 καθαρσίων
1495 973 1859 1028 ἀπεπλύνατο·

293 1075 433 1129 οὕτω
473 1073 568 1126 καὶ
611 1071 706 1124 νῦν
733 1073 765 1142 ή
797 1071 855 1124 ἐν
899 1073 1011 1131 τοῖς
1040 1069 1278 1139 φθάσασι
1315 1067 1492 1136 λόγοις
1524 1065 1861 1136 γεγενημένη

291 1165 401 1221 τῶν
429 1163 725 1236 προοιμίων
752 1162 848 1215 τοῦ
886 1162 1162 1234 ’ᾼσματος
1189 1160 1391 1230 θεωρία
1420 1158 1562 1212 κατὰ
1595 1157 1693 1222 τὰς
1729 1173 1863 1226 προ-

295 1257 560 1320 λαϐούσας
591 1253 684 1308 δύο
732 1253 968 1324 ἡμέρας,
1013 1251 1264 1306 τοσοῦτον
1293 1251 1592 1320 ὠφέλησεν,
1623 1249 1745 1302 ὅσον
1774 1249 1866 1300 ἐκ·

244 1419 248 1424 η
299 1349 498 1403 πλῦναι
533 1347 628 1401 καὶ
654 1344 959 1426 ἀποκλύσαι
988 1344 1082 1398 τοῦ
1111 1343 1282 1415 ῥύπου
1316 1344 1413 1413 τῆς
1455 1340 1653 1410 σαρκὸς
1681 1338 1779 1408 τὴν
1809 1339 1866 1389 ἐν

295 1445 406 1506 τοῖς
431 1438 740 1509 λεγομένοις
768 1437 1025 1490 διάνοιαν.
1059 1436 1230 1498 Αὐτὸς
1252 1426 1317 1488 ’δὲ
1341 1437 1369 1487 ὁ
1403 1433 1532 1496 Θεὸς
1560 1433 1728 1499 Λόγος
1772 1430 1866 1498 σή-

302 1551 484 1606 μερον,
505 1534 628 1603 ήτις
648 1532 765 1584 ἐστὶ
785 1531 961 1601 τρίτη,
985 1531 1122 1599 μετὰ
1155 1527 1250 1598 τὴν
1269 1527 1490 1598 πρώτην
1509 1543 1567 1576 τε
1586 1525 1680 1576 καὶ
1695 1521 1868 1574 δευτέ-

299 1647 398 1701 ραν
437 1625 723 1695 κάθαρσιν,
755 1622 1165 1690 ἐπιφανήσεται,
1192 1620 1253 1671 ού
1286 1617 1490 1686 γνόφῳ,
1523 1615 1616 1668 καὶ
1649 1611 1865 1682 θυέλλῃ,

300 1719 394 1772 καὶ
413 1717 710 1782 σάλπιγγος
733 1714 870 1782 ῆχῳ,
895 1710 988 1762 καὶ
1009 1726 1081 1761 πυ
1091 1709 1142 1780 pi
1159 1708 1288 1776 φοὸε
1299 1707 1403 1777 ρῶς
1424 1707 1488 1759 ἐκ
1504 1703 1774 1774 πυθμένος
1790 1703 1869 1763 είς

297 1808 608 1880 ἀκρώρειαν
634 1802 728 1857 τοῦ
756 1803 914 1874 ὅρους
953 1799 1048 1870 τὴν
1079 1800 1335 1870 περιοχὴν
1369 1795 1738 1867 διασμύχοντι,
1769 1809 1871 1861 φα-

299 1903 462 1971 νερὰν
489 1900 580 1953 καὶ
602 1896 851 1966 ἐπίδηλον
879 1891 1073 1945 ἐαυτοῦ
1099 1892 1196 1962 τὴν
1219 1890 1517 1962 παρουσίαν
1539 1887 1686 1941 ποιού
1697 1900 1872 1956 μενος

301 1994 416 2047 ἀλλ’
440 1993 569 2062 ἡδὺς
588 1989 682 2042 καὶ
696 1988 1037 2055 εὐπρόσιτος,
1059 1985 1122 2037 ἐκ
1144 1983 1238 2037 τοῦ
1269 1980 1498 2053 φοϐεροῦ
1524 1980 1696 2044 εἴδους
1728 1975 1872 2030 ἐκεί-

303 2105 394 2142 νου
450 2085 586 2156 πρὸς
641 2084 740 2153 τὴν
793 2081 1070 2152 νυμφικὴν
1126 2075 1464 2148 εὐφροσύνην
1529 2069 1876 2143 μεθαρμοσά-

305 2194 486 2248 μενος.
534 2175 645 2244 Τῆς
687 2173 793 2244 γάρ
820 2173 1037 2242 νύμφης
1060 2168 1343 2241 δεηθείσης
1380 2165 1572 2236 μαθεῖν
1604 2163 1729 2224 τοὺς
1773 2160 1875 2229 τῆς

305 2264 664 2327 ἀναπαύσεως
689 2263 904 2325 τόπους,
939 2263 996 2314 ἐν
1029 2255 1109 2323 οἷς
1131 2261 1161 2311 ὁ
1185 2255 1386 2325 ἀγαθὸς
1416 2253 1619 2323 ποιμὴν
1644 2249 1739 2321 τὴν
1761 2248 1878 2302 δια-

304 2357 496 2429 τριϐὴν
516 2356 648 2426 ἔχει,
673 2354 812 2408 ὥστε
838 2354 911 2424 μή
937 2370 988 2405 τι
1018 2350 1160 2405 κατὰ
1186 2349 1407 2417 ἄγνοιαν
1433 2345 1543 2398 τῶν
1569 2342 1878 2412 ἀϐουλήτων

309 2449 532 2500 παθεῖν’
582 2441 702 2499 εἶτα
748 2444 856 2497 τῶν
901 2442 1068 2512 φίλων
1107 2441 1172 2494 τὸ
1214 2439 1454 2508 ἀσφαλὲς
1498 2436 1596 2506 τῆς
1625 2433 1880 2504 ἀληθείας

306 2540 590 2609 κριτήριον
637 2532 1210 2606 ὑφηγησαμένων,,τὸ
1255 2532 1391 2602 πρὸς
1433 2529 1628 2598 ἑαυτὴν
1663 2527 1880 2596 βλέπε-ιν

309 2631 404 2702 τὴν
433 2631 629 2700 ψυχὴν,
675 2630 770 2682 καὶ
813 2627 1008 2698 ἑαυτὴν
1054 2624 1342 2694 γινώσκειν
1376 2639 1390 2653 ’
1436 2621 1500 2674 τὸ
1545 2620 1653 2690 γὰρ
1683 2616 1881 2688 ἐαυτὴν

308 2726 540 2791 ἀγνοεῖν,
565 2723 737 2794 ἀρχὴν
765 2722 1110 2791 ἀπεφήναντο
1141 2717 1236 2771 καὶ
1259 2713 1576 2770 ἀκολουθίαν
1604 2706 1743 2764 εἶναι
1786 2706 1881 2762 τοῦ

312 2814 449 2884 μηδὲ
478 2813 605 2866 ἄλλο
637 2829 688 2864 τι
720 2811 827 2863 τῶν
859 2809 1083 2862 δεόντων
1118 2806 1333 2858 εἰδέναι.
1361 2802 1486 2864 Πῶς
1518 2799 1627 2869 γὰρ
1664 2798 1730 2853 ἂν
1758 2797 1884 2851 ἄλλο

313 2923 366 2958 τι
399 2905 592 2974 μάθοι,
631 2903 822 2956 ἑαυτὸν
866 2899 1109 2968 ἀγνοῶν;
1151 2897 1274 2951 Ἐπὶ
1309 2894 1515 2955 τούτοις
1563 2891 1638 2954 ὡς
1687 2889 1885 2952 ἱκανῶς

274 2985 278 2988 ’
314 2997 414 3067 ἢδη
441 2995 532 3048 τοῦ
564 2990 888 3066 ἡγεμονικοῦ
916 2990 1014 3059 τῆς
1033 2986 1213 3058 ψυχῆς
1239 2980 1668 3052 κεκαθαρμένον,
1685 2980 1885 3030 ἐπανα-

314 3063 490 3138 τέλλει
519 3063 596 3154 τῇ⁷
617 3063 858 3151 ποθούσῃ
884 3081 912 3132 ὁ
951 3077 1108 3146 λόγος
1134 3114 1149 3138 ,
1181 3070 1492 3144 προτροπὴν
1524 3068 1659 3140 πρὺς
1702 3066 1764 3118 τὸ
1800 3063 1888 3117 τέ-

317 3177 459 3231 λειον
503 3173 822 3244 ποιούμενος
864 3169 953 3223 διά
995 3168 1092 3237 τῆς
1139 3163 1405 3232 ἀποδοχῆς
1446 3158 1553 3212 τῶν
1582 3155 1882 3226 παρόντων.

331 3264 391 3315 '0
418 3261 525 3333 γὰρ
569 3243 674 3312 ἐπὶν
698 3261 810 3320 τοῖς
841 3253 1255 3326 κατορθώμασιν
1280 3249 1497 3311 ἔπαινος
1529 3243 1886 3316 σφοδροτέραν

320 3356 431 3415 τοῖς
469 3349 844 3421 κατορθώσασι
876 3347 974 3416 τὴν
1017 3343 1152 3415 πρὸς
1193 3341 1254 3394 τὸ
1303 3342 1548 3411 κρεῖττον
1584 3333 1890 3407 προθυμίαν

321 3446 582 3515 ἐντίθησι.

355 3521 363 3538 ⁸
394 3539 488 3602 Τίς
509 3534 601 3592 οὖν
628 3539 656 3592 ὀ
683 3535 832 3606 παρά
866 3531 961 3586 τοῦ
995 3527 1249 3601 ἀληθινοῦ
1278 3525 1453 3594 Λόγου
1493 3517 1730 3592 γεγονὼς
1760 3518 1892 3588 πρὸς

321 3633 420 3702 τὴν
454 3628 718 3700 παρθένον
755 3627 946 3694 λόγος;
996 3621 1075 3691 Τῇ
1107 3623 1268 3694 ἵππῳ
1290 3636 1431 3689 μου,
1463 3615 1648 3686 φησὶν,
1683 3613 1752 3666 ἐν
1773 3610 1893 3693 ,ἅρ-

320 3701 472 3796 μασι
495 3719 704 3790 Φαραὼ
748 3715 1023 3787 ὡμοίωσά
1054 3730 1147 3780 σε,
1182 3713 1219 3780 ἠ
1266 3709 1534 3779 πλησίον
1560 3723 1700 3776 μου.
1754 3701 1891 3756 Ἀλλ’

327 3813 511 3884 ἐπειδὴ
561 3813 660 3866 οὐκ
706 3810 849 3862 ἔστιν
880 3812 945 3862 ἐκ
988 3806 1083 3860 τοῦ
1132 3802 1422 3876 προχείρου
1454 3799 1552 3868 τὴν
1597 3796 1706 3848 τῶν
1748 3798 1896 3866 εἰρη-

330 3907 506 3978 μένων
538 3904 812 3975 θεωρῆσαι
839 3900 1094 3960 διάνοιαν,
1119 3896 1368 3962 ἐξετάσαι
1398 3891 1664 3963 προσήκει
1689 3889 1756 3942 δι’
1783 3891 1897 3941 ἐπι-

329 3977 570 4066 μελείας,
598 3990 777 4053 καθὼς
804 3990 868 4042 ἂν
893 3984 1001 4042 οἷόν
1026 4003 1086 4040 τε
1111 3981 1166 4066 ᾗ,
1201 3985 1262 4036 τὸ
1288 3981 1664 4050 προκείμενον.
1700 3977 1900 4048 Ἀλλην

327 4085 555 4162 δύναμιν
587 4082 685 4152 τὴν
713 4065 1208 4148 ἀντιταχθεῖσαντῇ
1244 4075 1393 4143 ἵππῳ
1419 4070 1512 4124 τοῦ
1529 4069 1725 4142 Φαραὼ
1753 4069 1901 4138 παρὰ

329 4177 426 4247 τῆς
451 4161 687 4245 ἱστορίας
711 4171 1007 4242 ἐμάθομεν,
1029 4168 1256 4238 νεφέλην
1286 4165 1378 4218 καὶ
1404 4163 1594 4235 ῥάϐδον
1615 4163 1707 4214 καὶ
1732 4160 1902 4229 βίαιον

329 4267 529 4338 ἄνεμον
563 4265 656 4318 καὶ
684 4262 917 4330 πέλαγος
941 4261 1062 4330 διχῆ
1089 4255 1488 4328 διαιρούμενον,
1522 4254 1613 4306 καὶ
1645 4253 1806 4322 βυθὸν
1844 4253 1902 4302 ἐν

332 4359 498 4421 κόνει,
535 4358 628 4410 καὶ
675 4355 772 4426 τὴν
823 4357 886 4407 ἐκ
929 4351 1189 4422 κυμάτων
1229 4346 1580 4418 τειχοποιίαν,
1607 4344 1708 4398 ’καὶ
1735 4341 1904 4413 ξηρὰν

332 4452 585 4515 ἄϐυσσον,
613 4449 710 4520 τὴν
737 4448 824 4500 διὰ
855 4447 1019 4518 μέσου
1049 4444 1156 4497 τῶν
1181 4443 1240 4509 ἐξ
1271 4441 1459 4505 ὓδατος
1487 4439 1677 4508 πηγῶν
1696 4453 1905 4507 χερσω-

1960 625 2236 685 appareat,
2273 633 2380 669 non
2412 614 2647 682 amplius
2669 616 2969 679 occupatus
2993 609 3045 662 in
3084 604 3329 660 lavandis
3357 605 3527 660 vesti-

1961 709 2084 772 bus,
2128 707 2225 763 sed
2269 708 2446 776 ipsum
2497 705 2665 759 Deum
2697 710 2887 772 aperte
2932 699 3261 768 suscipiens,
3310 705 3530 765 promer

1961 799 2104 870 quod
2137 800 2332 853 animm
2358 798 2550 853 sordes
2579 810 2674 865 per
2707 793 3074 864 praecedentes
3122 790 3369 844 abluerat
3401 802 3530 856 pur-

1962 892 2208 970 gationes
2229 909 2244 948 :
2265 891 2337 944 ita
2361 891 2525 944 etiam
2549 902 2717 952 nunc,
2745 900 2866 955 qua:
2896 884 2952 938 in
2976 883 3042 939 iis
3065 897 3185 952 qua:
3209 883 3359 950 prius
3387 878 3530 932 dicta

1964 990 2092 1038 Sunt
2133 980 2235 1036 fuit
2283 978 2670 1048 contemplatio
2697 976 3084 1046 prooemiorum
3118 971 3330 1028 Cantici
3360 969 3528 1024 canti-

1964 1089 2180 1140 corum,
2207 1072 2423 1128 duobus
2445 1071 2638 1126 diebus
2673 1066 3108 1140 praecedentibus
3135 1071 3379 1118 :tantum
3409 1075 3533 1130 pro-

1965 1163 2068 1216 fuit
2117 1168 2178 1216 ut
2224 1161 2468 1216 ablueret
2511 1167 2565 1213 et
2614 1159 2935 1214 emendaret
2982 1170 3011 1209 a
3048 1152 3305 1210 sordibus
3349 1149 3534 1203 carnis

1966 1266 2187 1308 sensum
2221 1251 2316 1320 qui
2364 1257 2449 1304 est
2494 1249 2549 1302 in
2597 1247 2666 1302 iis
2699 1261 2818 1315 qua:
2868 1243 3143 1296 dicuntur.
3182 1239 3305 1310 ipse
3353 1247 3530 1292 autem

1970 1343 2110 1400 Deus
2141 1344 2372 1399 Verbum
2399 1342 2582 1407 hodie,
2627 1341 2720 1409 qui
2760 1343 2844 1392 est
2884 1335 3000 1390 dies
3041 1333 3255 1397 tertius,
3305 1345 3532 1399 appare-

1968 1436 2048 1492 bit
2071 1444 2193 1506 post
2223 1436 2453 1505 primam
2479 1443 2532 1489 et
2565 1431 2865 1488 secundam
2902 1429 3302 1499 purgationem,
3333 1439 3442 1484 non
3479 1423 3533 1474 in

1969 1528 2201 1598 caligine
2231 1534 2287 1581 et
2319 1526 2578 1596 procella,
2609 1533 2664 1579 et
2702 1537 2838 1579 sono
2870 1522 3030 1583 tubae,
3064 1526 3118 1574 et
3149 1517 3377 1573 terribili
3411 1517 3536 1583 igne

1971 1634 2000 1671 a
2030 1619 2212 1674 radice
2243 1633 2414 1687 usque
2435 1613 2501 1671 ad
2525 1615 2781 1672 verticem
2813 1613 3009 1670 montis
3037 1611 3301 1665 ambitum
3329 1607 3537 1664 abster-

1969 1716 2151 1780 gente,
2178 1719 2421 1780 apertam
2463 1716 2518 1763 et
2555 1707 2898 1763 manifestam
2934 1719 3087 1759 suam
3122 1703 3370 1773 praebens
3399 1714 3535 1769 prae-

1973 1801 2224 1867 sentiam,
2273 1801 2369 1856 sed
2409 1801 2690 1869 jucundus
2723 1807 2778 1854 et
2831 1798 3064 1854 affabilis
3103 1812 3166 1850 ex
3219 1793 3400 1864 specie
3446 1791 3538 1844 illa

1911 1877 1950 1932 Β
1978 1893 2205 1948 terribili
2237 1893 2302 1944 ad
2329 1906 2546 1961 sponsa:
2569 1890 2813 1944 laetitiam
2846 1905 2904 1944 se
2947 1892 3325 1942 transmutans
3349 1888 3404 1936 et
3441 1893 3536 1934 ac-

1973 1985 2347 2038 commodans.
2376 1981 2509 2036 Nam
2543 1997 2667 2036 cum
2696 1995 2895 2050 sponsa
2925 1976 3228 2047 rogavisset
3287 1982 3343 2026 ut
3377 1972 3544 2026 sciret

1976 2077 2094 2130 loca
2128 2075 2348 2146 quietis,
2386 2077 2441 2129 in
2469 2075 2670 2146 quibus
2716 2074 2892 2128 bonus
2934 2081 3121 2141 pastor
3153 2079 3426 2128 versatur,
3474 2079 3544 2118 ne

1975 2167 2106 2238 quid
2148 2182 2338 2222 eorum
2368 2183 2491 2236 qua:
2533 2163 2968 2234 uollet,aiuplius
3020 2161 3123 2230 ipsi
3155 2158 3369 2214 accidat
3418 2171 3544 2225 pro-

1977 2269 2096 2330 pter
2129 2258 2564 2328 ignorationem,
2593 2255 2789 2316 deinde
2821 2268 2943 2308 cum
2978 2251 3139 2308 amici
3170 2251 3219 2304 ei
3257 2247 3547 2318 exposuis-

1979 2358 2100 2406 sent
2154 2350 2280 2418 quis
2308 2348 2379 2408 sit
2407 2355 2590 2404 certus
2613 2345 2779 2416 iudex
2809 2343 3077 2404 veritatis,
3105 2355 3299 2410 nempe
3325 2349 3384 2415 ut
3428 2339 3547 2391 ani-

1978 2456 2064 2494 ma
2091 2439 2161 2493 ad
2187 2435 2420 2507 seipziam
2459 2437 2711 2507 aspiciat,
2745 2443 2801 2489 et
2837 2450 2896 2490 se
2920 2440 3219 2503 cognoscat
3249 2447 3264 2483 :
3309 2428 3546 2498 seipsam

1979 2532 2124 2586 enim
2173 2531 2443 2598 ignorare,
2497 2526 2921 2596 pronuntiarunt
2967 2537 3092 2576 esse
3126 2517 3449 2588 principium
3495 2522 3548 2567 et

1979 2622 2430 2692 consequentiam
2466 2618 2746 2674 nesciendi
2777 2613 2997 2686 quidem
3028 2609 3236 2682 aliquid
3281 2607 3426 2661 aliud
3452 2620 3549 2660 eo-

1984 2728 2104 2767 rum
2150 2729 2274 2782 qua:
2319 2719 2575 2780 Oportet;
2634 2707 2908 2778 quomodo
2953 2705 3099 2761 enim
3148 2700 3355 2772 aliquid
3403 2697 3550 2754 aliud

1984 2804 2159 2860 discet
2184 2804 2276 2874 qui
2309 2803 2544 2872 seipsum
2579 2799 2826 2872 ignorat?
2856 2804 2976 2868 post
3007 2797 3122 2850 haec
3152 2802 3409 2863 tanquam
3439 2791 3550 2859 jam

1985 2897 2120 2952 satis
2164 2901 2494 2964 expurgata,
2549 2908 2671 2962 quae
2715 2894 2910 2944 anima:
2961 2887 3326 2958 principatum
3385 2889 3551 2948 tenet,

1985 2989 2266 3050 facultate,
2311 2987 2487 3041 oritur
2529 2984 2766 3039 Verbum
2820 2996 3031 3052 sponsa:
3081 2976 3440 3035 desideranti.
3490 2990 3554 3028 ea

1987 3097 2108 3151 quae
2151 3091 2280 3136 sunt
2321 3077 2616 3157 praesentia
2659 3075 2998 3145 accipiendo,
3039 3073 3338 3128 adhortans
3383 3084 3449 3122 au
3502 3067 3556 3122 id

1913 3211 1956 3270 ο
1989 3173 2132 3243 quod
2155 3181 2238 3254 est
2267 3173 2533 3228 divinius.
2564 3169 2709 3225 Laus
2736 3169 2879 3224 enim
2905 3179 3089 3220 rerum
3111 3173 3256 3218 recte
3279 3169 3556 3233 gestarum

1992 3267 2143 3320 affert
2183 3253 2444 3337 majorem
2479 3263 2647 3318 animi
2693 3261 3032 3315 alacritatem
3076 3255 3146 3312 ad
3191 3255 3258 3310 id,
3297 3253 3442 3324 quod
3473 3261 3560 3308 est

1991 3357 2205 3413 melius.

2063 3513 2331 3580 Quidnam
2402 3525 2533 3582 ergo
2592 3507 2726 3563 dicit
2779 3521 2968 3562 verum
3023 3503 3262 3559 Verbum
3320 3498 3562 3570 virgini?

1997 3605 2274 3676 Equitatui
2306 3619 2442 3666 meo,
2488 3601 2686 3672 inquit,
2729 3601 2782 3652 in
2815 3595 3057 3650 curribus
3096 3591 3394 3648 Pharaonis
3426 3579 3565 3643 assi-

1995 3668 2180 3752 milavi
2214 3708 2283 3758 te,
2310 3668 2605 3765 propinqua
2632 3708 2766 3745 nica.
2799 3689 2905 3743 Sed
2938 3686 3195 3758 quoniam
3225 3698 3291 3738 ex
3321 3668 3565 3750 ecquod

1997 3799 2080 3846 est
2117 3789 2171 3842 in
2200 3795 2484 3858 promptu,
2525 3799 2630 3837 non
2673 3779 2831 3835 facile
2864 3784 3041 3848 potest
3069 3771 3406 3829 considerari
3437 3785 3566 3824 scn-

1999 3899 2094 3938 sus
2122 3897 2312 3937 eorum
2344 3895 2464 3947 (pne
2491 3877 2638 3931 dicta
2684 3881 2832 3936 sunt,
2869 3864 3292 3924 examinandum
3331 3871 3414 3916 est
3443 3861 3562 3914 dili-

1999 3981 2188 4046 genter
2231 3969 2284 4024 id
2319 3967 2463 4038 quod
2511 3974 2596 4021 est
2642 3962 3004 4034 propositum,
3056 3955 3237 4028 quoad
3283 3954 3404 4022 ejus
3452 3952 3568 4006 ﬁeri

2003 4042 2218 4133 poterit.
2266 4060 2439 4112 Aliam
2489 4061 2810 4126 potestatem
2856 4049 3122 4121 equitatui
3145 4045 3445 4099 Pharaonis
3471 4042 3570 4096 ob-

1998 4155 2198 4224 jectam
2255 4149 2552 4204 didicimus
2604 4145 2673 4199 ab
2716 4142 2973 4207 historia,
3025 4154 3218 4208 nempe
3265 4135 3464 4190 nubem
3517 4141 3574 4187 et

2003 4247 2209 4314 virgam
2258 4252 2313 4295 et
2369 4240 2664 4292 violentum
2714 4230 3196 4288 ac'vehementem
3246 4237 3464 4282 ventum
3517 4234 3573 4278 et

2006 4350 2158 4391 mare
2195 4331 2447 4388 bifariam
2485 4329 2742 4392 divisum,
2777 4334 2830 4381 et
2876 4323 3203 4396 profundum
3240 4320 3294 4374 in
3329 4320 3571 4389 pulvere,

2006 4436 2060 4482 et
2113 4441 2177 4480 ex
2241 4421 2404 4478 undis
2455 4419 2706 4475 effectum
2765 4431 2982 4470 murum
3042 4420 3097 4468 et
3157 4411 3359 4466 siccam
3408 4409 3573 4477 abys-

335 4544 516 4596 θεῖσαν
536 4560 549 4573 ·
585 4542 650 4594 δι’
680 4534 754 4593 ὦν
786 4539 1036 4592 ἁπάντων
1067 4524 1274 4602 ἐγίνετο
1313 4533 1425 4594 τοῖς
1470 4526 1829 4599 Ἰσραηλίταις
1871 4527 1887 4576 l

2009 4534 2130 4575 sum
2185 4532 2277 4587 per
2331 4509 2685 4592 intermedios
2730 4510 2785 4563 in
2829 4509 2988 4578 aquis
3041 4519 3227 4559 muros
3278 4501 3574 4555 arefactam

336 4637 597 4708 σωτηρία,
650 4631 988 4704 πανστρατιᾷ
1025 4626 1119 4680 τοῦ
1168 4622 1365 4694 Φαραὼ
1418 4619 1554 4690 μετὰ
1591 4617 1695 4670 τῶν
1727 4618 1905 4668 ἵππων

335 4745 395 4781 τε
418 4728 510 4780 καὶ
537 4725 793 4796 ἁρμάτων
826 4715 1293 4788 συγκαλυφθέντος
1322 4713 1432 4774 τοῖς
1463 4709 1716 4780 κύμασιν.
1747 4706 1906 4760 Οὐδε-

339 4821 468 4890 μιᾶς
512 4817 691 4870 τοίνυν
737 4813 964 4880 ἱππικῆς
1013 4809 1291 4876 δυνάμεως
1338 4799 1780 4881 ἁντεισαχθείσης
1829 4796 1906 4866 τῷ

337 4908 616 4978 Αἰγυπτίῳ
645 4905 889 4977 στρατῷ,
938 4903 1139 4970 ἄπορον
1170 4898 1235 4950 ἂν
1267 4895 1351 4964 εῖη
1382 4893 1569 4964 μαθεῖν
1595 4891 1723 4960 ποία
1755 4890 1907 4959 ἵππῳ

339 5007 406 5077 τῇ
455 4999 771 5071 διαφανείσῃ
831 4995 974 5051 κατὰ
1026 4992 1134 5045 τῶν
1189 4986 1500 5056 Αἰγυπτίων
1557 4983 1815 5053 ἁρμάτων
1872 4982 1906 5050 ἡ

340 5094 524 5163 νύμφη
557 5090 705 5161 παρὰ
727 5087 824 5140 τοῦ
864 5085 1020 5152 λόγου
1052 5081 1147 5133 νῦν
1175 5075 1614 5150 προσεικάζεται.
1650 5073 1728 5140 Τῇ
1761 5071 1911 5139 ἵππῳ

347 5161 447 5252 μου
471 5161 599 5254 γάρ,
637 5181 792 5251 φησι,
824 5180 890 5247 τῇ
919 5179 976 5229 ἐν
1020 5175 1132 5234 τοῖς
1167 5172 1375 5239 ἅρμασι
1417 5165 1512 5219 τοῦ
1555 5161 1756 5232 Φαραὼ
1789 5177 1914 5212 κατ-

343 5271 676 5343 ειργασμένη
714 5269 809 5339 τὴν
834 5267 1010 5335 νίκην,
1052 5259 1312 5333 ώμοίωσά
1342 5275 1424 5321 σε,
1469 5257 1500 5326 ἡ
1533 5254 1755 5324 πλησίον
1791 5268 1911 5322 μου.

344 5361 420 5420 ἿΙ
465 5364 621 5431 δῆλόν
668 5363 833 5423 ἐστιν,
874 5361 955 5411 ὃτι
997 5356 1181 5424 ὥσπερ
1214 5354 1314 5406 οὐκ
1362 5350 1476 5402 ἔστι
1503 5347 1588 5400 διὰ
1614 5342 1917 5414 ναυμαχίας

345 5454 645 5526 ἡττηθῆναί
686 5469 856 5514 τινας,
891 5449 964 5520 μὴ
1013 5447 1228 5503 ναυτίου
1276 5440 1504 5513 στρατοῦ
1551 5438 1648 5509 τὴν
1691 5438 1747 5488 ἐν
1798 5435 1916 5494 ταῖς

348 5547 508 5601 ναυσὶ
544 5543 652 5596 τῶν
681 5541 933 5594 ἐναντίων
966 5538 1191 5608 δύναμιν
1233 5532 1637 5592 καταλύσαντος
1674 5545 1688 5558 ·
1744 5525 1916 5585 οὓτως

347 5638 468 5692 οὐδὲ
501 5635 566 5690 ἂν
598 5636 654 5686 ἐν
690 5630 999 5701 ἱππομαχίᾳ⁴
1047 5647 1130 5691 τις
1178 5624 1438 5697 ἡττηθείη
1465 5663 1478 5686 ,
1528 5623 1602 5692 μή
1650 5635 1795 5680 τινος
1830 5619 1916 5668 ἱπ-

351 5733 516 5799 πικῆς
542 5730 606 5781 ἐκ
631 5725 737 5779 τῶν
771 5723 1022 5776 ἐναντίων
1053 5719 1462 5790 ἀντιταχθείσης
1493 5714 1806 5782 δυνάμεως;
1858 5710 1917 5761 Εἰ

349 5821 414 5890 δὴ
445 5821 622 5875 τοίνυν
646 5818 704 5869 τὸ
729 5813 1016 5887 κράτιστον
1042 5814 1140 5881 τῆς
1164 5813 1272 5865 τῶν
1296 5807 1606 5878 Αἰγυπτίων
1637 5804 1916 5875 στρατιᾶς,

555 5916 826 5992 ΡΑτιιυι..
875 5909 989 5968 Gn.
1028 5905 1239 5966 XLIV.

1997 4617 2064 4682 et.
2085 4608 2394 4670 solidatam,
2427 4620 2523 4675 per
2565 4617 2684 4671 quae
2706 4600 2889 4653 omnia
2926 4599 3074 4652 salus
3105 4602 3258 4665 parta
3283 4599 3368 4647 est
3395 4592 3573 4646 Israe-

2012 4701 2145 4765 litis,
2169 4714 2292 4753 cum
2332 4697 2541 4751 Pharao
2570 4710 2695 4749 cum
2723 4701 2835 4746 toto
2859 4690 3125 4750 exercitu,
3161 4693 3214 4741 et
3240 4700 3364 4737 cum
3394 4675 3574 4753 equis,

2010 4801 2064 4849 et
2124 4791 2382 4846 curribus
2441 4786 2601 4841 undis
2653 4784 2816 4838 fuerit
2884 4781 3133 4833 obrutus.
3183 4775 3361 4831 Nullis
3412 4776 3578 4844 igitur

2009 4886 2184 4956 copiis
2208 4880 2554 4952 equestribus
2586 4875 2816 4945 objectis
2847 4873 3230 4945 JEgyptiorum
3276 4868 3566 4927 exercitui,

2011 4993 2122 5032 non
2160 4975 2317 5028 facile
2347 4970 2512 5025 fuerit
2544 4971 2686 5024 scire
2714 4967 2933 5020 cuinam
2963 4963 3229 5034 equitatui
3276 4963 3369 5032 qui
3416 4974 3580 5029 appa-

2015 5066 2184 5120 ruerit
2217 5070 2407 5116 contra
2452 5074 2649 5112 currus
2696 5056 3003 5128 Egyptios,
3051 5067 3197 5108 nunc
3248 5050 3582 5107 assimiletur

2017 5168 2236 5224 Sponsa.
2312 5148 2590 5219 Equitatui
2644 5144 3032 5216 meo.'inquit,
3080 5140 3172 5214 qui
3224 5143 3281 5196 in
3330 5141 3584 5197 curribus

2018 5242 2317 5298 Pharaonis
2348 5239 2645 5310 reportavit
2675 5240 2984 5302 victoriam,
3021 5235 3317 5292 assimilavi
3357 5243 3428 5297 te,
3461 5247 3586 5301 pro-

2021 5336 2225 5404 pinqua
2274 5346 2413 5385 mea.
2461 5332 2658 5384 Annon
2708 5339 2791 5385 est
2838 5331 2938 5383 hoc
2985 5327 3364 5388 manifestum,
3437 5324 3583 5393 quod

2021 5425 2298 5496 quomodo
2349 5423 2464 5477 ﬁeri
2513 5438 2618 5476 non
2692 5430 2871 5491 potest
2931 5429 2989 5474 ut
3047 5420 3225 5473 navali
3279 5415 3468 5488 przelio
3515 5415 3587 5469 sit

2020 5527 2176 5591 parta
2218 5518 2445 5570 victoria
2475 5555 2488 5576 ,
2520 5516 2622 5570 nisi
2660 5515 2912 5568 nauticus
2942 5512 3215 5567 exercitus
3265 5506 3587 5564 demerserit.

2025 5609 2321 5666 exercitum
2355 5608 2590 5670 hostium
2625 5607 2715 5677 qui
2749 5614 2831 5660 est.
2872 5605 2926 5658 in
2966 5605 3194 5658 navibus
3226 5619 3242 5659 :
3278 5603 3349 5656 ita
3383 5615 3485 5654 nec
3531 5600 3586 5652 in

2024 5702 2260 5771 equestri
2321 5702 2504 5770 praalio
2568 5700 2746 5755 victus
2807 5699 2970 5754 fuerit
3029 5697 3321 5768 quispiam,
3382 5695 3426 5749 si
3480 5706 3589 5746 non

2024 5799 2219 5867 aliquae
2265 5799 2548 5864 equestres
2601 5791 2770 5861 copiae
2844 5788 3189 5844 inimicorum
3241 5803 3302 5842 ex
3365 5785 3595 5840 adverso

3107 5883 3182 5941 '26
