4116 6566
1801 405 1858 460 S.
1883 399 2206 460 GBEGORII
2234 402 2527 463 NYSSENI

3672 405 3773 467 διε

537 519 825 578 steterint?
878 518 1145 585 Quoniam
1181 532 1312 590 ergo
1369 517 1422 573 id
1471 518 1614 589 quod
1652 527 1770 574 erat
1822 519 2098 574 validissi-

2206 523 2232 591 ή
2262 523 2421 585 ἵππος
2456 518 2544 592 ἦν,
2584 520 2682 593 τὴν
2715 521 3045 592 ἐπαχθεῖσαν
3093 521 3230 593 αὐτῇ
3275 520 3417 576 κατά
3447 521 3508 575 τδ
3537 522 3767 594 ἀόρατον

537 629 685 668 mum
724 610 996 667 exercitus
1039 609 1415 682 Egyptiorum
1469 612 1742 681 equitatus
1791 620 1941 674 erat,
1993 612 2100 666 vim

539 705 827 759 adversum
861 702 984 757 illos
1012 700 1243 766 illatam,
1275 717 1396 771 quae
1441 718 1548 756 non
1579 701 1807 757 cadebat
1835 703 1938 758 sub
1969 717 2102 757 ocu-

537 796 642 858 los,
675 809 773 865 per
803 807 967 863 quam
1001 793 1266 848 adversus
1301 792 1586 864 Egyptios
1617 803 1770 864 parta
1805 801 1890 850 est
1931 795 2102 849 victo-

535 887 715 950 toria,
764 886 1068 956 equitatum
1123 881 1406 955 Scriptura
1451 886 1804 940 nominavit:
1847 901 1972 940 nam
2025 885 2102 940 illi

536 993 756 1049 quoque
799 976 1106 1033 sentiebant
1147 991 1270 1030 eum
1307 977 1740 1047 belligerantem,
1773 985 1827 1031 et
1875 978 2017 1033 inter
2046 993 2106 1034 se

539 1069 868 1131 clamabant,
901 1067 1166 1122 Dominus
1199 1066 1401 1123 bellum
1435 1070 1576 1140 gerit
1624 1070 1887 1126 adversus
1936 1069 2106 1142 IEgy-

539 1162 706 1232 ptios,
735 1169 790 1216 et
814 1160 1086 1230 fugiamus
1114 1177 1145 1216 a
1181 1160 1320 1216 facie
1354 1160 1589 1218 Domini.
1645 1162 1741 1218 Est
1769 1171 1948 1218 autem
1979 1179 2104 1233 per-

537 1253 812 1322 spicuum,
840 1251 986 1322 quod
1017 1261 1177 1323 prout
1224 1251 1390 1307 fuerit
1431 1251 1696 1307 instructa
1743 1254 1887 1308 acies
1913 1253 2105 1307 adver-

538 1347 846 1407 sariorum,
884 1356 1051 1399 verus
1099 1343 1395 1413 imperator
1440 1345 1717 1399 exercitus
1760 1359 1890 1399 suas
1930 1351 2106 1398 armat

537 1433 746 1501 copias.
783 1431 911 1485 Erat
940 1447 1073 1502 ergo
1099 1433 1347 1502 quaedam
1392 1433 1572 1488 virtus
1608 1448 1713 1488 non
1765 1435 1965 1489 cadens
2002 1435 2106 1489 sub

537 1533 842 1595 aspectum.
876 1541 996 1596 quae
1028 1541 1122 1594 per
1155 1528 1419 1582 miracula
1462 1543 1583 1597 quae
1627 1526 1826 1581 ﬁebant
1857 1529 1910 1583 in
1945 1528 2102 1593 mari,

536 1615 806 1687 Egyptiis
834 1615 1093 1672 afferebat
1121 1619 1370 1684 exitium,
1415 1635 1578 1688 quam
1609 1617 1892 1688 Scriptura
1928 1619 2106 1673 nomi-

537 1711 692 1763 navit
723 1724 918 1779 equos.
950 1711 1269 1782 Angelicum
1301 1719 1482 1766 autem
1517 1714 1816 1768 exercitum
1839 1728 1960 1767 eum
1984 1726 2106 1767 esse

535 1800 947 1866 existimamus,
979 1800 1049 1855 de
1114 1816 1224 1870 quo
1272 1801 1404 1855 dicit
1474 1802 1732 1871 prOpheta
1779 1819 1793 1856 :
1844 1801 2102 1856 Ascendes

535 1906 693 1960 equos
748 1901 885 1955 tuos,
929 1899 979 1946 et
1019 1894 1284 1962 equitatus
1325 1902 1402 1947 est
1448 1901 1538 1946 tua
1575 1893 1722 1946 salus
1741 1895 1808 1948 ”.
1859 1891 1965 1948 Sed
2009 1892 2102 1948 Dei

536 1999 755 2054 quoque
801 2001 999 2041 currus
1048 1985 1215 2041 David
1264 1985 1394 2041 fecit
1443 1987 1806 2050 mentionem,
1860 1985 2047 2040 dicens
2086 2001 2100 2036 :

537 2076 740 2132 Curras
774 2077 870 2132 Dei
899 2078 1074 2133 decem
1102 2079 1334 2134 millibus
1371 2080 1726 2150 multiplex",
1756 2081 1844 2133 cui
1875 2078 2106 2148 subjun-

535 2179 740 2241 guntur
779 2171 948 2226 millia
995 2187 1183 2227 eorum
1230 2173 1324 2242 qui
1367 2172 1628 2244 dirigunt.
1684 2171 1948 2227 Praeterea
1984 2186 2106 2241 qua:

536 2262 712 2317 Eliam
744 2263 1033 2318 sublimem
1062 2279 1094 2319 e
1123 2271 1269 2318 terra
1311 2264 1379 2318 ad
1409 2264 1586 2319 locum
1631 2264 1926 2318 azthereum
1965 2263 2106 2316 tollit

533 2357 715 2411 virtus
741 2398 757 2423 ,
805 2371 1069 2426 equorum
1115 2355 1334 2412 nomine
1383 2356 1698 2410 nominatur
1726 2369 1758 2409 a
1796 2353 2101 2424 Scriptura.

538 2446 850 2512 Quinetiam
881 2447 1059 2518 ipsum
1095 2447 1412 2516 prophetam
1451 2447 1585 2501 dicit
1618 2446 1848 2501 historia
1879 2461 2102 2500 currum

537 2537 754 2594 lsraelis
782 2546 836 2594 et
856 2539 1091 2610 equitem
1111 2538 1178 2592 ³⁵.
1210 2537 1315 2594 Eos
1348 2553 1566 2609 quoque
1591 2537 1683 2608 qui
1708 2545 1876 2592 totum
1914 2539 2104 2593 orbem

538 2638 700 2686 terra:
726 2631 1034 2693 obiverunt.
1068 2646 1164 2700 per
1191 2645 1330 2700 quos
1370 2640 1518 2685 terra
1565 2630 1842 2684 habitatur
1869 2640 1922 2686 et
1953 2630 2106 2700 quie-

539 2722 666 2788 scit,
713 2721 1007 2776 Zacharias
1058 2724 1322 2793 prOpheta
1372 2723 1674 2777 nominavit
1717 2737 1888 2792 equos
1934 2722 2107 2776 disse—

539 2825 720 2869 rentes
747 2830 868 2868 cum
894 2815 1098 2884 equite,
1127 2823 1306 2870 stante
1339 2813 1394 2868 in
1445 2814 1623 2868 medio
1660 2813 1890 2868 duorum
1951 2828 2105 2866 mon-

540 2905 676 2959 tium
695 2907 761 2958 “.
817 2904 912 2959 Est
943 2920 1072 2975 ergo
1104 2921 1279 2976 equus
1318 2905 1366 2960 ei
1400 2905 1492 2976 qui
1539 2904 1944 2959 universitatem
1979 2918 2106 2972 pos-

541 2996 684 3052 sidet
730 3015 744 3052 :
799 2997 940 3052 alius
987 2997 1204 3066 quidem
1251 3011 1468 3052 sursum
1509 2997 1706 3051 tollens
1751 2995 2104 3066 prophetam;

539 3089 685 3144 alius
734 3097 917 3144 autem
979 3087 1187 3144 faciens
1242 3098 1302 3142 ut
1356 3089 1632 3143 habitetur
1687 3089 1837 3143 orbis
1897 3095 2104 3152 terrae;

2202 613 2452 683 δύναμιν,
2475 613 2544 666 δι’
2568 609 2635 686 ἦς
2668 615 2702 684 ἡ
2729 613 2851 683 νίκη
2883 613 3026 666 κατά
3059 612 3168 666 τῶν
3195 614 3504 682 Αἰγυπτίων
3538 614 3770 682 ἐγένετο,

2204 706 2368 760 ἵππον
2404 709 2433 760 6
2473 705 2629 774 λόγος
2681 706 2963 776 ὠνόμασεν
2982 721 2996 734 ⁸
3042 705 3337 777 ᾐσθάνοντο
3379 705 3488 776 γὰρ
3534 707 3773 761 κάκεῖνοι

2203 795 2297 850 τοῦ
2327 797 2687 867 πολεμοῦντος
2706 837 2722 859 ,
2765 798 2859 851 καὶ
2887 797 3025 868 πρὸς
3053 797 3322 868 ἀλλήλους
3355 796 3542 864 ἐϐόων,
3576 797 3776 870 Κύριος

2205 888 2432 959 πολεμεῖ
2461 889 2588 952 τοὺς
2614 888 2964 956 Αἰγυπτίους,
3005 889 3099 942 καὶ
3138 888 3399 959 φύγωμεν
3445 890 3552 942 ἀπὸ
3599 907 3768 961 προσ-

2203 977 2354 1031 ώπου
2385 979 2608 1050 Κυρίου.
2631 977 2798 1049 Δῆλον
2829 978 2884 1032 δὲ
2908 978 2988 1032 ὅτι
3011 977 3428 1050 καταλλήλωςτῇ
3458 982 3775 1051 παρασκευῇ

2203 1070 2310 1124 τῶν
2357 1071 2614 1124 ἐναντίων
2659 1073 2687 1124 6
2718 1069 2968 1142 ἀληθινὸς
3017 1071 3449 1142 ἀρχιστράτηγος
3490 1071 3588 1142 τὴν
3640 1072 3774 1126 ἰδίαν

2204 1160 2503 1226 άνθώπλιζε
2526 1161 2773 1232 δύναμιν.
2808 1162 3015 1216 Οὐκοῦν
3037 1158 3106 1233 ἦν
3148 1179 3232 1226 τις
3272 1163 3499 1234 ἀόρατος
3523 1163 3773 1234 δύναμις,

2207 1253 2242 1322 ἡ
2285 1252 2374 1306 διὰ
2417 1252 2524 1305 τῶν
2555 1253 2683 1324 περὶ
2713 1252 2809 1324 τὴν
2838 1253 3113 1307 θάλασσαν
3146 1253 3437 1325 θαυμάτων
3476 1254 3777 1326 ἐνεργοῦσα

2203 1341 2312 1396 τῶν
2339 1343 2648 1411 Αἰγυπτίων
2683 1344 2774 1396 τὸν
2811 1343 3049 1414 ὄλεθρον,
3085 1345 3154 1414 ἢν
3193 1344 3356 1398 ἵππον
3381 1345 3410 1395 ὁ
3451 1343 3606 1412 λόγος
3637 1343 3774 1396 ὠνό-

2207 1451 2398 1505 μασεν.
2450 1435 2766 1506 Ἀγγελικὴν
2809 1435 2866 1488 δὲ
2895 1434 3098 1506 ταύτην
3135 1436 3389 1506 στρατιάν
3417 1434 3772 1506 ὑπονοοῦμεν,

2204 1526 2332 1598 περὶ
2389 1522 2457 1597 ἦς
2501 1543 2664 1596 φησιν
2711 1529 2740 1580 6
2806 1528 3125 1598 προφήτηςο
3189 1527 3270 1580 ὅτι
3337 1527 3629 1597 Ἐπισήσῃ
3673 1526 3776 1581 ἐπὶ

2204 1619 2345 1683 τοὺς
2391 1618 2614 1683 ἵππους
2643 1633 2758 1672 σου
2782 1659 2796 1682 ,
2839 1619 2936 1672 καὶ
2965 1619 3004 1686 ἠ
3049 1618 3305 1672 ἰππασία
3336 1634 3451 1673 σου
3486 1622 3777 1689 σωτηρία..

2217 1709 2373 1762 Ἀλλὰ
2401 1711 2493 1763 καὶ
2534 1709 2778 1782 ἅρματος
2807 1711 3028 1781 μνήμην
3054 1709 3188 1764 Θεοῦ
3227 1711 3517 1784 ἐποιήσατο
3547 1715 3576 1766 6
3611 1713 3778 1766 Δασὶδ

2204 1801 2374 1870 λέγων
2391 1819 2406 1833 ·
2444 1801 2514 1856 Τὸ
2545 1802 2704 1871 ἅρμα
2726 1801 2831 1855 τοῦ
2857 1802 3004 1856 Θεοῦ
3035 1802 3480 1870 μυριοπλὰσιον
3501 1819 3517 1834 ο
3569 1797 3614 1873 ᾧ
3638 1801 3776 1855 ὐπο-

2211 1890 2528 1963 ζεύγνυνται
2571 1893 3099 1967 τῶνίεὺθηνούντων
3145 1897 3202 1948 αἰ
3253 1893 3507 1966 χιλιάδες.
3567 1892 3688 1946 Ἔτι
3715 1893 3774 1944 δὲ

2212 1984 2305 2038 καὶ
2329 1985 2362 2054 ή
2391 1984 2480 2037 τὸν
2507 1985 2791 2056 προφήτην
2837 1985 3017 2038 Ἠλίαν
3045 1985 3319 2054 μεταίσιον
3349 1986 3415 2038 ὲκ
3445 1989 3547 2054 γῆς
3567 1987 3659 2038 ἐπὶ
3682 1986 3775 2039 τὸν

2209 2075 2446 2148 αἰθέριον
2477 2077 2653 2149 χῶρον
2685 2076 3136 2146 ἀναλαμϐάνουσα
3162 2074 3391 2146 δύναμις
3442 2075 3521 2146 τῷ
3547 2076 3655 2128 τῶν
3681 2076 3774 2128 ἵπ-

2210 2186 2327 2220 πων
2361 2168 2582 2239 ὀνόματι
2613 2167 2766 2237 παρὰ
2794 2168 2892 2238 τῆς
2925 2168 3145 2240 Γραφῆς
3174 2166 3516 2237 ὀνομάζεται,
3556 2168 3648 2220 καὶ
3676 2167 3773 2220 a6-

2208 2261 2302 2314 τὸν
2324 2261 2380 2314 δὲ
2406 2263 2496 2314 τὸν
2521 2261 2803 2331 προφήτην
2833 2261 2984 2332 ἆρμα
3010 2260 3158 2328 λέγει
3185 2257 3280 2312 τοῦ
3325 2259 3540 2331 Ἰσραὴλ
3566 2260 3655 2313 καὶ
3683 2260 3772 2312 ίπ-

2210 2354 2320 2408 πέα
2348 2356 2381 2425 ὴ
2413 2355 2641 2426 ἱστορία.
2685 2354 2796 2407 Καὶ
2828 2355 2954 2417 τοὺς
2997 2352 3406 2424 περιοδεύοντας
3452 2354 3628 2406 πᾶσαν
3674 2352 3776 2424 τὴν

2210 2443 2551 2514 οἰκουμένην,
2601 2443 2668 2496 δι’
2707 2436 2784 2497 ὧν
2817 2442 3182 2507 κατοικίζεται
3209 2443 3303 2496 καὶ
3335 2441 3620 2513 ἡσυχάζει,
3669 2443 3772 2496 Za-

2211 2535 2404 2606 χαρίας
2428 2537 2458 2588 ό
2489 2536 2770 2607 προφήτης
2816 2535 3014 2598 ἵππους
3055 2535 3333 2606 ὠνόμασε.
3361 2533 3773 2603 διαλεγομένους

2213 2627 2348 2698 πρὸς
2374 2627 2465 2680 τὸν
2494 2627 2748 2697 ἱππότην,
2794 2626 2884 2680 τὸν
2937 2626 3098 2697 μέσον
3127 2626 3334 2680 ἑστῶτα
3360 2625 3470 2680 τῶν
3495 2625 3589 2680 δύο
3613 2625 3770 2697 ὀρῶν.

2213 2716 2420 2772 Οὐκοῦν
2446 2717 2561 2770 ἐστι
2595 2736 2677 2782 τις
2710 2720 2875 2782 ἵππος
2902 2718 2979 2790 τῷ
3007 2720 3068 2772 τὸ
3098 2721 3205 2773 πᾶν
3231 2719 3581 2790 κεκτημένῳο
3611 2721 3645 2791 ή
3677 2717 3776 2789 μὲν

2211 2809 2303 2861 τὸν
2344 2810 2623 2880 προφήτην
2653 2809 2959 2877 άνάγουσα·
2994 2811 3028 2881 ή
3069 2809 3125 2863 δὲ
3164 2809 3262 2881 τὴν
3287 2808 3607 2879 οἰκουμένην
3643 2807 3776 2862 οἰκί-

2214 2899 2411 2963 ζουσα·
2446 2903 2479 2972 ἡ
2504 2902 2563 2955 δὲ
2593 2902 3033 2972 ὑποζευγνυμένη
3071 2901 3148 2970 τῷ
3174 2901 3375 2973 άρματι
3395 2919 3408 2933 ο
3452 2900 3582 2971 ἄλλη
3610 2901 3664 2953 δί
3688 2899 3778 2954 τὸν

2212 2993 2345 3046 Θεὸν
2379 2993 2573 3064 ἔποχον
2603 2995 2694 3047 ἐπὶ
2719 2994 2963 3066 σωτηρίᾳ
2993 2993 3100 3047 τῶν
3131 2991 3434 3064 ἀνθρώπων
3475 2991 3777 3061 λαμϐάνου-

2216 3102 2284 3139 σα
2312 3104 2326 3118 ·
2379 3087 2513 3157 ἄλλη
2556 3086 2614 3139 δὲ
2655 3087 2752 3158 τὴν
2798 3087 3101 3154 Αἰγυπτίαν
3147 3086 3489 3142 καταλύουσα
3529 3088 3774 3155 δύναμιν.

539 3179 682 3236 alius
733 3188 911 3236 autem
966 3181 1057 3250 qui
1138 3179 1386 3251 jungitur
1467 3180 1696 3244 currui;
1773 3180 1912 3236 alius
1981 3180 2105 3236 item

2216 3178 2422 3248 Πολλῆς
2449 3179 2626 3233 τοίνυν
2657 3179 2821 3251 οὔσης
2854 3183 2911 3233 ὲν
2944 3182 3064 3244 ταῖς
3094 3179 3264 3243 θείαις
3291 3180 3534 3251 Γραφαῖς
3560 3180 3663 3250 τῆς
3691 3178 3778 3231 διὰ

537 3272 634 3342 qui
694 3271 862 3326 Deum
921 3271 1120 3342 accipit
1188 3279 1463 3326 vectorem
1523 3269 1590 3324 ad
1649 3270 1876 3326 salutem
1933 3271 2109 3324 homi-

2209 3269 2318 3321 τῶν
2345 3271 2630 3342 ἐνεργειῶν
2662 3271 2988 3342 φαινομένης
3012 3271 3293 3341 διαφορᾶς,
3323 3274 3387 3342 τῇ
3425 3271 3777 3344 καθαιρετικῇ

537 3379 692 3428 ιιιιιιι,
716 3363 856 3418 alius
877 3371 1055 3418 autem
1085 3361 1178 3430 qui
1203 3361 1486 3434 Egyptias
1520 3362 1703 3416 obruit
1731 3362 1936 3431 copias.
1970 3360 2105 3416 Cum

2207 3361 2306 3432 τῆς
2347 3363 2720 3434 Αἰγυπτιακῆς
2757 3363 3034 3434 δυνάμεως
3074 3364 3226 3435 ἵππῳ
3275 3365 3668 3436 παρεικάζεται
3743 3367 3777 3434 ὴ

538 3469 669 3524 ergo
705 3454 759 3508 in
790 3453 994 3508 divinis
1023 3453 1179 3523 equis
1209 3468 1405 3524 magna
1457 3453 1547 3515 sit,
1581 3467 1702 3522 qua:
1753 3460 1982 3522 apparet
2011 3467 2105 3522 per

2207 3451 2297 3504 διὰ
2348 3452 2441 3505 τοῦ
2487 3453 2684 3524 δρόμου
2727 3454 2827 3522 τῆς
2883 3455 3084 3524 ἀρετῆς
3126 3453 3203 3525 τῷ
3249 3455 3367 3527 Θεῷ
3411 3456 3775 3525 πλησιάσασα.

541 3546 892 3616 operationes
942 3543 1284 3611 diil‘erentia,
1321 3543 1660 3600 assimilatur
1711 3544 1974 3612 equitatui
2016 3542 2105 3612 qui

2209 3543 2364 3596 Οῦτω
2395 3543 2502 3614 γάρ
2535 3561 2667 3614 φησι
2699 3545 2831 3615 πρὸς
2858 3545 3028 3616 αὐτὴν
3063 3545 3283 3614 δΑόγος
3316 3563 3331 3578 ⁸
3384 3547 3466 3600 ὅτι
3515 3545 3593 3615 Τῇ
3619 3548 3779 3612 ἵππῳ

540 3637 828 3709 Αζεγριίοθ
857 3635 1033 3706 perdit
1060 3635 1270 3705 capias,
1315 3650 1378 3689 ea
1407 3649 1526 3706 quae
1554 3649 1652 3704 per
1678 3649 1899 3690 cursum
1934 3635 2109 3690 virtu-

539 3728 612 3783 tis
642 3726 751 3782 Deo
774 3726 1248 3797 appropinquavit.
1297 3723 1373 3778 Ita
1401 3726 1545 3780 enim
1573 3723 1624 3780 ei
1651 3723 1784 3778 dicit
1815 3721 2054 3778 Verbum
2090 3738 2104 3774 :

541 3820 707 3892 Equis
761 3820 890 3874 meis
936 3820 990 3872 in
1041 3816 1284 3872 curribus
1343 3815 1648 3872 Pharaonis
1696 3816 1991 3870 assimilan
2036 3825 2105 3879 te,

539 3913 831 3984 propinqua
866 3927 1003 3965 mea.
1030 3909 1226 3965 Multas
1259 3915 1438 3963 autem
1482 3923 1686 3979 easque
1739 3923 1965 3979 magnas
1993 3907 2108 3961 lau-

538 4005 638 4060 des
697 4002 861 4059 simul
913 3999 1138 4056 verbum
1196 3997 1575 4068 complectitur
1607 4006 1703 4052 :et
1755 4004 1840 4052 est
1885 3995 2106 4066 quidam

541 4095 764 4152 laudum
805 4095 1086 4164 catalogus
1119 4107 1239 4163 quae
1268 4091 1354 4146 his
1393 4091 1550 4160 equis
1579 4089 1721 4144 facta
1761 4088 1863 4144 fuit
1890 4088 2104 4144 assimi-

539 4186 694 4240 latio.
736 4185 1084 4252 Quarcunque
1111 4182 1257 4237 enim
1284 4181 1352 4238 de
1380 4180 1582 4236 lsraele
1608 4189 2108 4235 commemorantur

541 4277 597 4331 in
649 4277 872 4345 regione
917 4272 1319 4344 Egyptiorum,
1369 4273 1626 4336 servitus,
1681 4271 1870 4341 paleae,
1907 4271 2103 4334 lutum,

540 4367 760 4434 lateres,
797 4367 1050 4421 universa
1072 4365 1218 4420 circa
1245 4371 1448 4418 terram
1475 4363 1760 4435 occupatio
1786 4372 1840 4417 et
1866 4362 2102 4426 amictio,

540 4460 664 4514 duri
697 4473 885 4514 eorum
916 4471 1139 4526 operum
1172 4454 1434 4526 praefecti,
1480 4459 1575 4527 qui
1619 4453 1864 4525 quotidie
1901 4453 1970 4507 ab
2023 4454 2104 4509 eis

540 4551 747 4606 luteum
795 4547 1082 4620 exigebant
1133 4547 1422 4610 tributum,
1451 4557 1673 4619 pr0pter
1715 4560 1854 4616 quos
1881 4559 2020 4615 aqua
2049 4544 2105 4599 ﬁt
2135 4541 2181 4596 D

540 4643 784 4712 sanguis,
808 4648 861 4694 et
891 4640 982 4694 lux
1013 4639 1363 4703 obscuratur,
1393 4646 1446 4693 et
1479 4652 1626 4692 rana:
1657 4643 1882 4706 serpunt
1920 4634 1973 4688 in
2009 4633 2106 4689 do-

539 4749 682 4798 mos,
731 4741 785 4789 et
827 4749 856 4788 e
892 4733 1110 4788 camino
1153 4732 1333 4802 pulvis
1382 4731 1511 4786 facit
1556 4731 1802 4802 pustulas
1845 4731 2030 4784 enasci
2077 4744 2108 4785 e

538 4826 886 4896 corporibus,
936 4834 1013 4888 et,
1059 4832 1119 4879 ut
1169 4826 1334 4880 semel
1386 4824 1564 4878 dicam
1614 4822 1818 4885 omnia,
1870 4822 2104 4888 locusta,

539 4918 824 4990 cyniphes,
851 4917 1116 4980 bruchus,
1147 4916 1377 4989 grando,
1406 4932 1526 4987 quae
1553 4916 1871 4972 acciderunt
1895 4916 2100 4988 primo-

537 5011 739 5082 genitis
771 5029 786 5066 :
824 5011 936 5065 haac
983 5012 1188 5075 omnia,
1233 5018 1288 5065 et
1332 5026 1669 5081 quaecunque
1696 5010 1891 5066 melius
1920 5025 2102 5081 perse-

537 5104 726 5174 quitur
750 5102 1002 5166 bistoria,
1029 5117 1125 5172 per
1154 5117 1276 5172 quae
1302 5102 1603 5173 acquiritur
1635 5103 1786 5157 salus
1817 5102 2100 5164 israelitis,

535 5203 622 5250 est
652 5193 872 5248 landum
907 5201 1289 5264 argumentum
1330 5194 1523 5248 animae
1571 5208 1692 5263 quae
1730 5192 1836 5247 Deo
1869 5193 2102 5261 conjun-

537 5289 706 5359 gitur.
737 5285 856 5340 Non
886 5287 1031 5340 enim
1076 5295 1224 5343 esset
1251 5288 1552 5344 assimilata
1588 5288 1666 5340 illi
1711 5287 1974 5342 exercitui
2005 5285 2099 5355 qui

535 5380 711 5436 malos
736 5378 911 5451 perdit
940 5379 1242 5451 Egyptios,
1272 5395 1369 5450 per
1395 5395 1554 5450 quem
1587 5393 1616 5431 a
1647 5378 1786 5433 mala
1814 5378 2102 5449 tyrannide

536 5475 802 5529 liberatur
834 5473 1038 5537 Israel,
1074 5473 1181 5528 nisi
1219 5488 1280 5528 ea
1315 5474 1497 5528 omnia
1529 5480 1677 5528 recte
1715 5482 1861 5541 gesta
1892 5479 2099 5536 essent,

536 5581 658 5636 qua:
690 5577 745 5622 et
777 5566 1066 5637 IEgyptum
1093 5564 1344 5636 perdunt,
1369 5572 1422 5618 et
1454 5573 1646 5633 parant
1678 5563 1779 5618 iter
1809 5564 1874 5617 ad
1910 5563 2097 5630 Deum,

535 5673 726 5714 eorum
757 5660 850 5728 qui
880 5674 908 5712 a
941 5658 1071 5718 limo
1095 5656 1346 5729 Egyptio
1374 5656 1614 5726 migrant
1646 5655 1714 5711 ad
1749 5663 1949 5712 terram
1981 5673 2103 5727 pro-

2202 3652 2322 3703 μου
2371 3635 2441 3687 ἐν
2485 3634 2706 3703 ἅρμασι
2753 3634 2960 3702 Φαραὼ
3005 3635 3281 3705 ὠμοίωσή
3314 3653 3409 3702 σε,
3430 3639 3468 3706 ἡ
3512 3640 3780 3705 πλησίον

2204 3745 2341 3797 μου.
2385 3727 2617 3790 Πολλοὺς
2658 3728 2715 3782 δὲ
2746 3728 2841 3781 καὶ
2876 3728 3143 3799 μεγάλους
3185 3727 3438 3792 ἐπαίνους
3467 3732 3494 3784 6
3521 3730 3676 3797 λόγος
3715 3732 3776 3783 ὲν

2209 3818 2385 3890 ἑαυτῷ
2418 3819 2753 3890 περιείληφεο
2783 3819 2877 3873 καί
2898 3837 2982 3882 τις
3009 3819 3448 3893 κατορθωμάτων
3479 3822 3778 3892 κατάλογός

2208 3913 2374 3974 ἐστιν,
2406 3913 2439 3982 ή
2469 3912 2605 3982 πρὸς
2631 3911 2729 3984 τὴν
2765 3912 2931 3966 ἵππον
2965 3911 3165 3982 ταύτην
3194 3911 3470 3982 ὁμοίωσις.
3504 3914 3640 3966 Ὅσα
3669 3914 3777 3984 γὰρ

2206 4003 2299 4057 τοῦ
2347 4004 2558 4077 Ἰσραὴλ
2599 4007 2657 4058 ὲν
2694 4006 2760 4075 τῇ
2813 4003 3074 4074 παροικίᾳ
3119 4003 3228 4055 τῶν
3279 4002 3594 4070 Αἰγυπτίων
3641 4021 3778 4072 μνη-

2211 4095 2511 4164 μονεύεται,
2540 4093 2822 4166 ήδουλεία,
2843 4097 2876 4163 ἡ
2906 4091 3147 4162 καλάμη,
3179 4093 3208 4145 ὁ
3233 4091 3420 4163 πηλὸς,
3444 4093 3477 4162 ἡ
3513 4091 3774 4155 πλινθεία,

2207 4191 2357 4242 πᾶσα
2383 4189 2417 4258 ή
2451 4186 2578 4258 περὶ
2603 4185 2701 4258 τὴν
2726 4186 2826 4255 γῆν
2856 4184 3098 4255 ἀσχολία,
3141 4184 3188 4237 οἰ
3214 4183 3440 4254 χαλεποὶ
3469 4182 3577 4236 τῶν
3603 4183 3778 4236 τοιού-

2205 4297 2313 4333 των
2361 4280 2537 4351 ἔργων
2586 4278 2894 4341 ὲπιστάται,
2935 4277 2984 4328 οἱ
3035 4275 3124 4328 τὸν
3169 4275 3390 4346 πήλινον
3428 4275 3622 4339 αὐτοὺς
3654 4275 3776 4328 καθ’

2207 4373 2442 4443 ἑκάστην
2471 4370 2684 4442 ήμέραν
2719 4367 3074 4430 ἀπαιτοῦντες
3115 4367 3298 4438 φόρον,
3326 4366 3397 4420 δι’
3424 4365 3519 4431 οὒς
3543 4367 3604 4419 τὸ
3632 4366 3778 4438 ὕδωρ

2207 4459 2348 4536 αἷμα
2378 4465 2606 4533 γίνεται,
2655 4462 2749 4514 καὶ
2790 4460 2849 4512 τὺ
2882 4458 2997 4529 φῶς
3030 4458 3359 4523 σκοτίζεται,
3394 4459 3489 4512 καλ⁸
3516 4458 3774 4528 βάτραχοι

2205 4560 2316 4621 τοῖς
2361 4557 2526 4618 οἴκοις
2563 4554 2895 4624 εἰσέρπουσι,
2940 4551 3034 4603 καὶ
3088 4551 3122 4620 ἡ
3179 4549 3440 4620 καμιναία
3478 4551 3625 4612 κόνις
3675 4550 3776 4613 τάς

2205 4647 2497 4718 φλυκτίδας
2523 4646 2630 4699 ἀπὸ
2657 4644 2766 4697 τῶν
2798 4644 3065 4714 σωμάτων
3093 4640 3340 4706 ἀναζέειν
3373 4645 3535 4704 ποιεῖ,
3577 4641 3668 4696 καὶ
3704 4641 3775 4695 τὰ

2205 4739 2328 4793 καθ’
2361 4739 2587 4792 ἕκαστον
2629 4737 2826 4802 πάντα,
2857 4737 2891 4807 ή
2934 4737 3119 4806 ἀκρίς,
3147 4737 3198 4786 oi
3254 4735 3498 4798 σκνίπες,
3544 4739 3572 4788 6
3616 4734 3775 4804 βροῦ-

2203 4848 2316 4902 χος,
2357 4828 2652 4902 ήχάλαξα,
2701 4828 2809 4882 τῶν
2861 4826 3219 4899 πρωτοτόκων
3263 4826 3334 4878 τὰ
3373 4825 3550 4896 πάθηο
3601 4825 3773 4879 ταῦτα

2201 4923 2382 4994 πάντα
2425 4923 2520 4975 καὶ
2547 4922 2646 4975 ὅσα
2679 4920 2815 4989 πρὸς
2851 4919 2912 4972 τὸ
2939 4921 3188 4990 κρεῖττον
3226 4918 3260 4988 ή
3291 4918 3499 4988 ἱστορία
3531 4917 3770 4984 διέξεισι,

2201 5015 2268 5069 δι’
2291 5007 2366 5069 ὧν
2395 5014 2603 5082 γίνεται
2644 5014 2755 5075 τοῖς
2795 5010 3154 5083 Ἰσραηλίταις
3181 5011 3214 5080 ή
3247 5007 3508 5080 σωτηρία,
3538 5010 3772 5062 ὲπαίνων

2202 5108 2349 5160 ἐστὶν
2400 5105 2654 5169 ὑπόθεσις
2699 5107 2764 5176 τῇ
2801 5103 2876 5174 τῷ
2915 5102 3033 5174 Θεῷ
3065 5103 3440 5173 συναπτομένη
3477 5101 3643 5172 ψυχῇ.
3695 5103 3768 5155 Οὐ
3841 5101 3844 5106 ’

2202 5199 2310 5271 γὰρ
2341 5199 2406 5252 ἂν
2431 5195 2686 5269 ὡμοιώθη
2715 5200 2782 5267 τῇ
2814 5195 3037 5266 δυνάμει
3082 5194 3284 5264 ἐκείνῃ,
3313 5197 3379 5265 τῇ
3418 5193 3770 5264 καθαιρετικῇ

2203 5292 2314 5345 τῶν
2334 5292 2644 5359 Αἰγυπτίων
2675 5288 2880 5348 κακῶν,
2908 5287 2975 5340 δι’
3003 5283 3071 5360 ἦς
3100 5285 3472 5357 ἐλευθεροῦται
3500 5287 3527 5337 6
3561 5283 3770 5355 Ἰσραὴλ

2205 5383 2305 5454 τῆς
2353 5384 2592 5454 πονηρᾶς
2641 5379 2973 5452 τυραννίδος,
3020 5379 3068 5431 εἰ
3119 5378 3194 5448 μὴ
3235 5377 3408 5430 ταῦτα
3456 5375 3630 5428 πάντα
3680 5376 3771 5427 καὶ

2206 5472 2374 5544 ταύτῃ
2415 5471 2758 5543 κατώρθωτο,
2791 5470 2860 5523 τά
2886 5486 2944 5522 τε
2976 5466 3332 5539 καθαιρετικά
3358 5468 3454 5538 τῆς
3477 5466 3768 5534 Αἰγύπτου,

2204 5567 2299 5619 καὶ
2327 5567 2394 5618 τὰ
2423 5562 2904 5634 παρασκευαστικά
2947 5562 3044 5631 τῆς
3078 5560 3213 5633 πρὸς
3242 5561 3332 5614 τὸν
3364 5559 3496 5614 Θεὸν
3525 5559 3767 5630 πορείας,

2204 5656 2312 5712 τῶν
2342 5653 2794 5728 μετοικιζομένων
2837 5653 2973 5724 πρὸς
3011 5652 3109 5724 τήν
3153 5655 3258 5724 γῆν
3303 5653 3400 5724 τῆς
3445 5651 3770 5723 ἐπαγγελίας

607 5833 879 5890 "Habac.
915 5850 997 5902 ιιι,
1036 5833 1090 5890 8.
1175 5833 1222 5866 ’³
1263 5832 1408 5892 Psal.
1466 5849 1612 5890 van
1637 5876 1654 5904 ,
1699 5833 1789 5890 18.
1871 5833 1915 5866 ’⁸
1953 5833 2018 5888 IV
2051 5835 2105 5890 R4

2224 5852 2283 5904 ιι,
2317 5835 2404 5891 Η.
2479 5838 2525 5870 ³⁸
2551 5835 2718 5893 Zach.
2759 5853 2799 5902 ι,
2830 5836 2885 5893 8.
