4110 6516
303 395 414 451 8ιῦ

1323 390 1388 444 ΙΝ
1425 387 1719 446 (ΣΛΝΤΞΟΛ
1758 383 2028 442 CANTIC.
2073 384 2359 443 HOMILIA
2398 387 2484 444 Ill.

3434 394 3538 449 8ιὰ

303 512 416 566 ἀπὸ
465 512 564 584 τῆς
610 513 908 583 Αἰγυπτίας
963 513 1123 579 ίλύος.
1176 510 1384 567 Οὐκοῦν
1431 510 1648 583 ἐπειδὴ,
1694 508 1872 571 καθώς

1980 506 2282 564 missionis.
2312 508 2482 579 Igitur
2507 507 2969 579 quandoquidem,
2990 509 3130 564 sicut
3160 508 3292 563 dicit
3317 510 3536 566 divinus

303 605 521 674 φησινό
576 602 717 666 θεῖος
776 604 1130 667 ’Λπόστολος,
1175 603 1352 656 πάντα
1397 602 1532 671 πρὸς
1594 600 1874 654 νουθεσίαν

304 696 465 766 ἡμῶν
510 697 959 766 ἀναγέγραπται,
1008 697 1108 751 ὅσα
1155 697 1189 767 ἡ
1243 694 1598 757 θεόπνευστος
1631 693 1872 762 περιέχει

304 785 497 858 Γραφή
516 804 530 817 ”
574 786 725 840 οὐδὲν
751 786 880 841 ἄλλο
908 788 941 856 ἢ
975 786 1329 857 συμϐουλεύει
1358 784 1450 839 διὰ
1476 785 1585 837 τῶν
1614 785 1748 856 πρὸς
1777 784 1891 854 τὴν,

306 878 528 949 νύμφην
558 879 861 950 εἰρημένων
903 882 934 934 ὁ
966 882 1135 949 Λόγος
1163 883 1314 952 ἡμῖν,
1351 882 1431 934 ὅτι
1463 880 1568 952 χρὴ
1602 870 1695 933 καὶ
1726 880 1873 949 ἡμᾶς

305 968 502 1039 ἔποχον
528 969 855 1040 δεξαμένους
879 970 965 1039 ἐφ’
990 970 1196 1023 ἑαυτῶν
1228 970 1317 1024 τὸν
1359 972 1529 1039 Λόγον
1555 1011 1570 1036 ,
1617 972 1710 1024 καὶ
1743 986 1874 1022 κατ-

304 1060 748 1131 αγωνισαμένους
773 1061 872 1132 τὴν
900 1060 1200 1129 Αἰγυπτίαν
1250 1062 1413 1115 ἵππον
1452 1063 1633 1124 αὐτοῖς
1665 1062 1872 1131 ἅρμασι

306 1155 405 1208 καὶ
452 1152 776 1216 ἀναϐάταις.
811 1152 906 1206 καὶ
939 1153 1117 1207 πᾶσαν
1159 1154 1338 1208 αὐτῶν
1374 1154 1472 1225 τὴν
1506 1154 1745 1225 πονηρὰν
1786 1154 1873 1206 δυ-

306 1245 558 1301 ναστείαν
583 1244 661 1315 τῷ
689 1245 843 1300 ὕδατι
866 1245 1320 1309 καταπνίξαντας,
1349 1245 1520 1310 οὕτως
1545 1244 1870 1317 ὁμοιωθῆναι

304 1341 374 1409 τῇ
403 1338 628 1408 δυνάμει
650 1337 854 1409 ἐκείνῃ,
887 1338 1138 1411 καθάπερ
1167 1338 1289 1393 τινά
1318 1339 1481 1392 ἵππον
1508 1339 1605 1409 τὴν
1637 1339 1873 1392 ἀντικει-

310 1430 477 1502 μένην
506 1429 764 1501 στρατιὰν
789 1429 1084 1499 ὲναφέντας
1112 1431 1190 1502 τῷ
1222 1430 1391 1485 ὕδατι.
1424 1430 1510 1494 Ὦς
1538 1430 1580 1483 δ’
1611 1430 1677 1484 ἂν
1707 1429 1873 1497 σαφέ-

309 1539 500 1592 στερον
546 1521 811 1593 μάθοιμεν
837 1521 901 1575 τὸ
932 1521 1241 1594 λεγόμενον,
1270 1522 1511 1577 τοιοῦτόν
1540 1524 1712 1577 ἐστιν’
1757 1523 1872 1575 Οὐκ

307 1614 456 1669 ἔστιν
496 1614 827 1685 ὁμοιωθῆναι
871 1617 937 1685 τῇ
985 1615 1155 1685 ἵππῳ,
1188 1614 1255 1669 δι’
1293 1614 1360 1686 ἦς
1403 1614 1474 1669 τά
1506 1613 1726 1686 ἅρματα
1762 1614 1872 1666 τῶν

304 1709 619 1775 Αἰγυπτίων
640 1707 718 1778 τῷ
740 1707 886 1779 βυθῷ
908 1708 1238 1779 κατεπόνθη,
1267 1710 1314 1761 εἰ
1344 1709 1417 1780 μή
1435 1725 1519 1771 τις
1544 1706 1631 1760 διὰ
1654 1705 1747 1760 τοῦ
1766 1724 1870 1777 μυ-

315 1798 502 1852 στικοῦ
554 1799 743 1863 ὓδατος
771 1801 868 1871 τῆς
917 1798 1012 1853 τοῦ
1043 1801 1415 1871 ἀντικειμένου
1448 1799 1691 1862 δουλείας
1721 1799 1871 1853 ἐλευ-

306 1889 653 1961 θερούμενος,
686 1892 794 1944 πᾶν
824 1891 1189 1960 Δίγυπτιάζον
1213 1892 1410 1963 νόημα,
1438 1891 1533 1945 καὶ
1563 1892 1739 1945 πᾶσαν
1771 1890 1867 1944 ἁλ-

306 1978 533 2048 λόφυλον
573 1979 768 2034 κακίαν
810 1996 870 2034 τε
915 1981 1010 2034 καλ⁸
1038 1980 1311 2051 ἁμαρτίαν
1341 1981 1419 2051 τῷ
1461 1980 1610 2034 ὕδατι
1651 1980 1870 2035 καταλι-

306 2069 427 2122 πὼν
448 2111 464 2135 ,
513 2069 748 2141 καθαρὸς
779 2070 982 2143 ἀναδύῃ
1006 2109 1023 2135 ,
1076 2070 1242 2142 μηδὲν
1271 2071 1369 2142 τῆς
1398 2070 1699 2142 Αἰγυπτίας
1742 2089 1869 2125 συν-

306 2160 566 2231 ειδήσεως
648 2160 725 2230 τῷ
799 2160 937 2232 μετὰ
1011 2161 1181 2215 ταῦτα
1246 2160 1346 2231 βίῳ
1415 2162 1866 2233 συνεπαγόμενοςη.

318 2251 377 2304 Ὀ
412 2251 519 2322 γὰρ
555 2251 795 2322 ἀκριϐῶς
828 2252 1015 2307 πασῶν
1048 2251 1395 2323 καθαρεύσας
1421 2252 1530 2307 τῶν
1556 2254 1869 2324 Αἰγυπτίων

305 2344 546 2413 πληγῶν,
592 2344 819 2416 αἵματος
839 2384 855 2409 ,
907 2346 1000 2400 καὶ
1044 2346 1349 2418 βατράχων,
1399 2347 1493 2400 καὶ
1543 2347 1866 2417 φλυκτίδων,

303 2436 399 2489 κα)⁸
423 2435 665 2506 σκάτους,
695 2435 913 2506 ἀκρίδος
940 2454 1001 2490 τε
1038 2438 1133 2491 καὶ
1170 2438 1430 2501 σκνιπῶν,
1458 2438 1554 2493 καὶ
1589 2438 1830 2511 χαλάζης
1849 2480 1866 2501 ,

303 2526 398 2578 καὶ
429 2525 526 2596 τῆς
555 2524 650 2579 τοῦ
683 2527 853 2598 πυρὸς
886 2528 1212 2599 ἐπομϐρίας,
1260 2529 1355 2583 καὶ
1389 2529 1498 2583 τῶν
1527 2530 1751 2597 λοιπῶν,
1791 2527 1867 2585 ὧν

306 2617 545 2688 ἱστορίας
586 2617 857 2689 μέμνηται
901 2618 1076 2688 λόγος,
1110 2612 1264 2683 οὗτος
1301 2620 1451 2685 ἄξιός
1491 2623 1641 2675 ἐστιν
1672 2623 1868 2693 ὁμοιω-

304 2708 464 2777 θῆναι
486 2710 551 2779 τῇ
584 2708 808 2780 δυνάμει
834 2712 1036 2782 ἐκείνῃ,
1065 2705 1133 2782 ἦς
1159 2711 1351 2782 ἔποχος
1381 2712 1410 2764 ὁ
1438 2713 1609 2781 Λόγος
1635 2713 1864 2781 γίνεται.

306 2801 527 2863 Πάντως
554 2801 611 2855 δὲ
636 2800 736 2854 οὐκ
763 2802 1062 2874 ἀγνοοῦμεν
1089 2802 1156 2856 τά
1181 2804 1268 2857 διὰ
1286 2803 1395 2867 τῶν
1418 2804 1639 2875 πληγῶν
1672 2822 1867 2876 σημαι-

305 2892 523 2961 νόμενα,
556 2892 671 2957 πῶς
698 2893 902 2962 γίνεται
923 2898 1035 2958 τοῖς
1063 2895 1378 2963 Αἰγυπτίοις
1399 2895 1459 2948 τὸ
1495 2892 1633 2965 αἷμα
1661 2896 1867 2967 πληγὴ,

306 2985 401 3038 καὶ
435 2987 467 3054 ἡ
503 2985 610 3040 τῶν
639 2985 921 3058 βατράχων
947 2987 1112 3058 ὀσμὴ,
1144 2988 1237 3041 καὶ¹
1264 2989 1297 3057 ή
1343 2987 1438 3041 τοῦ
1482 2989 1659 3059 φωτὸς
1696 2992 1777 3054 εἰς
1807 2991 1869 3043 τὸ

308 3077 495 3139 σκότος
549 3076 816 3148 μεταϐολὴ
836 3118 850 3143 ,
883 3076 977 3131 καὶ
1003 3076 1072 3130 τὰ
1123 3077 1244 3132 καθ’
1282 3080 1509 3132 ἕκαστον
1537 3078 1732 3133 πάντα.
1773 3079 1869 3144 Τίς

1974 599 2350 666 Apostolus“,
2386 600 2567 654 omnia
2599 601 2800 671 scripta
2828 607 2955 655 sunt
2981 602 3046 653 ad
3078 610 3323 655 nostram
3358 604 3537 656 admo-

1977 689 2271 755 nitionem,
2327 706 2450 760 qua}
2478 691 2738 747 divinitus
2787 692 3049 761 inspirata
3099 695 3340 749 continet
3388 693 3537 749 Scri—

1979 787 2134 848 ptura
2163 799 2179 833 :
2211 780 2346 835 nihil
2375 782 2522 836 aliud
2572 783 2730 839 nobis
2777 785 3015 840 consulit
3043 784 3281 840 Verbum
3328 802 3425 855 per
3472 802 3535 841 ea

1974 887 2094 940 qua:
2119 871 2262 927 dicta
2286 882 2415 929 sunt
2440 890 2674 942 sponsae,
2706 892 2867 946 quam
2895 877 3041 947 quod
3071 893 3173 933 nos
3203 887 3419 948 oportet
3443 895 3537 934 su-

1974 978 2071 1033 pra
2102 979 2201 1021 nos
2228 973 2485 1036 suscepto
2514 966 2692 1022 Verbo
2732 979 2968 1036 vectore,
3014 980 3069 1025 et
3101 970 3329 1027 devictis
3378 974 3534 1042 equis

1975 1052 2270 1126 )Egyptiis,
2316 1072 2439 1111 cum
2487 1058 2624 1128 ipsis
2674 1060 2926 1116 curribus
2954 1072 3006 1116 et
3036 1064 3443 1129 ascensoribus,
3479 1072 3533 1119 et

1973 1147 2226 1202 omnibus
2257 1147 2520 1219 improbis
2558 1151 2732 1221 copiis
2778 1151 3078 1216 suffocatis,
3131 1154 3206 1207 ita
3237 1155 3533 1211 assimilari

1976 1236 2084 1291 illis
2113 1238 2307 1308 copiis,
2339 1248 2595 1310 tanquam
2623 1242 2923 1312 equitatum
2949 1242 3259 1312 quemdam,
3300 1260 3394 1298 eos
3439 1246 3531 1314 qui

1974 1328 2345 1385 adversarium
2374 1331 2669 1386 exercitum
2713 1332 2768 1386 in
2810 1346 3005 1402 aquam
3035 1333 3431 1391 demerserunt.
3467 1336 3535 1392 Ut

1974 1427 2153 1475 autem
2184 1421 2426 1491 apertius
2471 1421 2838 1493 intelligamus
2885 1423 3029 1493 quod
3080 1424 3302 1490 dicitur,
3354 1426 3407 1481 id
3449 1438 3536 1484 est

1971 1512 2275 1582 ejusmodi:
2297 1509 2440 1567 Fieri
2462 1526 2566 1569 non
2587 1523 2764 1585 potest
2793 1524 2850 1570 ut
2880 1516 3213 1573 assimiletur
3244 1518 3532 1588 quisquam

1971 1604 2149 1672 equis,
2174 1619 2271 1673 per
2296 1618 2435 1674 quos
2464 1605 2519 1659 in
2552 1606 2878 1674 profundum
2914 1616 3044 1662 sunt
3073 1608 3305 1663 demersi
3337 1624 3532 1664 currus

1970 1693 2370 1766 Egyptiorum,
2399 1696 2506 1751 nisi
2540 1711 2636 1767 per
2666 1711 2863 1766 aquam
2894 1699 3180 1770 mysticam
3210 1699 3475 1755 liberatus
3500 1717 3531 1753 a

1975 1787 2234 1842 servitute
2282 1787 2614 1854 adversarii,
2662 1790 2812 1844 omni
2873 1806 3036 1847 sensu
3091 1791 3433 1863 Egyptiaco,
3479 1801 3533 1848 et

1976 1878 2125 1932 omni
2148 1886 2375 1933 externo
2406 1879 2540 1934 vitio
2564 1888 2619 1935 et
2649 1888 2874 1950 peccato
2907 1882 2960 1936 in
2994 1897 3131 1952 aqua
3154 1883 3367 1946 relicto,
3398 1900 3532 1954 pure

1975 1979 2238 2043 emergat,
2270 1970 2605 2043 Egyptiacre
2635 1973 2984 2029 conscientiae
3028 1974 3163 2029 nihil
3207 1989 3389 2030 secum
3433 1976 3531 2030 ad-

1975 2058 2183 2115 ducens
2229 2060 2283 2114 in
2331 2061 2499 2116 vitam
2543 2069 2732 2131 postea
2780 2062 3042 2118 futuram.
3091 2063 3196 2131 Qui
3246 2066 3391 2120 enim
3445 2074 3530 2122 est

1975 2151 2136 2221 plane
2158 2168 2324 2224 purus
2348 2154 2417 2210 ab
2441 2155 2695 2211 omnibus
2720 2156 2893 2226 plagis
2920 2155 3209 2227 Algyptiis,
3242 2159 3528 2229 sanguine,

1974 2250 2029 2296 et
2059 2244 2231 2305 ranis,
2276 2253 2328 2299 et
2375 2245 2631 2314 pustulis,
2677 2254 2730 2301 et
2778 2248 3038 2310 tenebris,
3091 2247 3428 2319 locustisque
3475 2260 3531 2305 et

1975 2331 2349 2403 scyniphibus,
2367 2342 2420 2388 et
2441 2336 2726 2405 grandine,
2748 2346 2801 2391 et
2831 2337 3003 2393 imbre
3030 2338 3191 2410 ignis,
3221 2350 3276 2395 et
3320 2342 3533 2398 caeteris

1975 2438 2205 2493 quorum
2233 2424 2416 2481 divina
2446 2426 2690 2480 meminit
2723 2427 2972 2492 historia,
3019 2428 3068 2484 is
3100 2422 3298 2501 dignus
3329 2441 3413 2488 est
3439 2433 3534 2503 qui

1974 2520 2304 2575 assimiletur
2346 2521 2426 2575 illi
2472 2522 2660 2577 virtuti
2709 2522 2869 2593 cujus
2909 2525 3144 2580 Verbum
3197 2534 3283 2582 est
3322 2535 3532 2603 vector.

1974 2609 2207 2667 Omnino
2235 2619 2416 2669 autem
2453 2626 2564 2668 non
2596 2613 2908 2685 ignoramus
2942 2632 3007 2672 ea
3050 2633 3172 2687 qum
3218 2618 3533 2688 significan-

1975 2711 2064 2756 tur
2094 2719 2191 2774 per
2238 2704 2448 2775 plagas,
2483 2705 2941 2775 quemadmodum
2992 2707 3260 2779 Egyptiis
3314 2710 3535 2779 sanguis

1976 2792 2077 2849 fuit
2124 2795 2303 2865 plaga,
2355 2808 2409 2851 et
2440 2796 2577 2851 odor
2604 2811 2884 2863 ranarum,
2927 2806 2981 2854 et
3023 2801 3163 2855 lucis
3195 2800 3248 2855 in
3282 2803 3535 2857 tenebras

1974 2887 2224 2953 mutatio,
2258 2894 2313 2941 et
2351 2895 2547 2942 caetera
2595 2889 2798 2942 omnia.
2850 2887 2984 2955 Quis
3027 2891 3172 2944 enim
3221 2892 3395 2947 nescit
3440 2907 3537 2961 per

1975 2978 2281 3048 cujusmodi
2313 2980 2482 3033 vitam
2515 2982 2574 3035 fit
2616 2982 2841 3051 sanguis
2871 2983 3161 3051 quispiam,
3198 2984 3265 3038 ab
3292 2999 3359 3039 eo
3389 2984 3537 3054 quod

1975 3070 2127 3138 prius
2174 3080 2292 3125 erat
2322 3072 2560 3141 potabile
2614 3081 2856 3129 mutatus
2900 3074 2954 3128 in
2989 3076 3395 3143 corruptionem
3435 3084 3537 3131 :et

305 3169 413 3237 γὰρ
450 3168 547 3220 οὐκ
574 3162 683 3221 οἶδε
709 3168 798 3221 διὰ
829 3169 1072 3222 ποταποῦ
1110 3168 1225 3239 βίου
1255 3164 1395 3241 αἷμά
1419 3188 1502 3234 τις
1533 3170 1763 3238 γίνεται,
1802 3174 1869 3224 ὲκ

1976 3161 2107 3231 quid
2148 3160 2373 3227 faciens,
2402 3163 2549 3219 domi
2597 3181 2709 3221 suae
2758 3176 3008 3236 procreat
3039 3174 3237 3221 tetrum
3275 3183 3532 3223 ranarum

308 3259 537 3331 ποτίμου
576 3260 669 3314 τοῦ
712 3260 974 3334 πρότερον
1004 3263 1084 3327 εἰς
1123 3261 1422 3334 διαφθορὰν
1468 3263 1866 3335 άλλοιούμενος·

308 3351 403 3403 καὶ
425 3352 476 3404 τί
509 3350 674 3405 ποιῶν
702 3350 956 3421 ζωογονεῖ
977 3352 1054 3424 τῷ
1090 3354 1205 3425 ἰδίῳ
1237 3354 1370 3425 οίκῳ
1399 3355 1500 3428 τὴν
1530 3355 1640 3409 τῶν
1667 3356 1871 3427 βατρά-

309 3460 416 3512 χων
447 3442 726 3495 δυσωδίανο
755 3444 851 3497 καὶ
878 3442 995 3506 πιῖις
1023 3450 1309 3515 μεταποιεῖ
1332 3447 1424 3501 τὸν
1449 3449 1706 3517 φωτεινὸν
1734 3449 1868 3518 βίον,

308 3535 387 3597 εἰς
409 3533 544 3604 ἔργα
572 3534 727 3588 νυκτὶ
769 3534 898 3603 φίλα
925 3537 1017 3587 καὶ
1049 3533 1281 3608 ζοφώδη,
1314 3538 1382 3591 δι’
1415 3534 1491 3592 ὧν
1521 3542 1554 3610 ή
1589 3541 1687 3610 τῆς
1715 3541 1868 3609 γεέν-

310 3644 405 3697 νης
430 3626 657 3695 κάμινος
680 3628 777 3692 τὰς
805 3628 1042 3700 πονηράς
1063 3632 1161 3701 τῆς
1180 3630 1552 3702 κατακρίσεως
1577 3631 1869 3701 φλυκτίδας

309 3718 553 3781 ἀναζέειν
595 3722 773 3784 ποιεῖς
804 3720 959 3774 Οὕτω
991 3721 1047 3773 δὲ
1079 3722 1173 3775 καὶ
1196 3722 1263 3774 τὰ
1278 3721 1396 3775 καθ’
1421 3723 1650 3777 ἕκαστον
1671 3724 1780 3777 τῶν
1810 3724 1869 3777 ἐν

310 3811 565 3879 Αἰγύπτῳ
601 3812 784 3865 κακῶν
812 3813 990 3884 ῥᾴδιον
1033 3814 1351 3884 μεταϐαλεῖν
1379 3817 1460 3879 εἰς
1504 3817 1783 3871 παίδευσίν
1812 3834 1871 3870 τε

311 3904 402 3956 καὶ
449 3906 818 3975 σωφρονισμὸν
856 3906 951 3960 τοῦ
980 3907 1286 3973 ἀκούοντος,
1326 3908 1463 3962 ἀλλὰ
1509 3910 1760 3980 περιττὸν
1808 3909 1874 3963 ἂν

310 3993 395 4064 εἴη
428 3993 685 4064 μηκύνειν
717 3994 805 4048 διὰ
837 3994 946 4048 τῶν
974 3996 1414 4067 ὁμολογουμένων
1441 3997 1531 4051 τὸν
1558 3997 1730 4066 λόγον.

381 4084 595 4137 Τούτων
635 4086 811 4139 τοίνυν
844 4089 935 4140 καὶ
970 4087 1076 4142 τῶν
1107 4088 1362 4142 τοιούτων
1398 4089 1681 4162 κρείττους
1721 4090 1874 4158 γενόο

1972 3251 2193 3309 odorem
2229 3273 2244 3310 :
2296 3263 2351 3310 et
2380 3256 2836 3326 quemadmodum
2871 3264 3200 3312 transmutat
3250 3259 3416 3313 vitam
3453 3261 3536 3312 lu-

1973 3345 2150 3400 cidam
2178 3346 2234 3400 in
2266 3361 2433 3415 opera
2481 3348 2655 3403 amica
2686 3349 2830 3403 nocti
2862 3357 2917 3402 et
2961 3349 3221 3413 tenebris,
3266 3364 3363 3418 per
3416 3365 3537 3419 quae

1974 3435 2168 3491 fornax
2232 3438 2493 3507 gehennae
2562 3438 2692 3493 facit
2750 3440 2978 3494 ebullire
3055 3442 3226 3497 malas
3290 3442 3537 3511 pustulas

1973 3525 2384 3582 damnationis?
2435 3527 2513 3582 Ita
2555 3537 2736 3583 autem
2789 3528 3215 3599 unumquodque
3259 3544 3322 3584 ex
3380 3528 3537 3603 malis

1977 3632 2098 3684 quae
2148 3624 2279 3671 sunt
2326 3618 2380 3671 in
2430 3616 2686 3688 IEgypto,
2742 3618 2901 3674 facile
2937 3629 3022 3674 est
3068 3628 3435 3674 transmutare
3470 3620 3537 3673 ad

1977 3709 2336 3763 eruditionem
2373 3716 2426 3765 et
2455 3711 2881 3780 castigationem
2908 3712 3195 3766 auditoris.
3236 3710 3339 3768 Sed
3376 3712 3540 3766 fuerit

1979 3813 2441 3868 supervacaneum
2499 3801 2788 3855 extendere
2846 3801 3146 3855 orationem
3208 3816 3306 3870 per
3350 3816 3415 3856 ea
3470 3802 3539 3854 de

1979 3890 2182 3960 quibus
2210 3898 2448 3946 constat.

2042 4091 2180 4147 Cum
2201 4091 2288 4147 bis
2315 4107 2445 4163 ergo
2464 4100 2518 4148 et
2540 4107 2661 4162 quae
2689 4098 2817 4147 sunt
2842 4090 3158 4161 hujusmodi
3183 4092 3526 4146 evaserimus

315 4190 480 4243 μενοι,
516 4176 608 4227 καὶ
639 4175 716 4245 τῷ
747 4175 867 4245 Θεῷ
906 4177 1322 4247 πλησιάσαντες,
1357 4179 1451 4233 καὶ
1477 4180 1629 4233 αὐτοὶ
1662 4180 1872 4244 πάντως

1975 4184 2322 4255 superiores,
2353 4193 2410 4239 et
2439 4184 2548 4240 Deo
2580 4185 3200 4256 appropinquaverimus
3223 4223 3238 4246 ,
3265 4184 3369 4252 ipsi
3399 4198 3539 4253 quo-

312 4267 670 4336 ἀκουσόμεθαο
704 4269 784 4322 ὅτι
818 4268 897 4338 Τῇ
927 4271 1088 4336 ἵππῳ
1123 4289 1242 4341 μου
1282 4271 1352 4324 ἐν
1402 4271 1627 4340 ἅρμασι
1668 4272 1872 4340 Φαραὼ

1975 4291 2082 4345 que
2108 4274 2335 4328 omnino
2369 4274 2655 4330 audiemus
2697 4290 2709 4326 :
2758 4272 3035 4344 Equitatui
3068 4290 3180 4327 meo
3212 4274 3267 4327 in
3293 4272 3535 4326 curribus

310 4356 582 4424 ὡμοίωσά
609 4375 703 4422 σε,
734 4360 772 4426 ὴ
817 4362 1081 4428 πλησίον
1121 4378 1259 4429 μου.
1322 4360 1481 4414 Ἀλλὰ
1521 4362 1682 4415 λυπεῖ
1714 4363 1872 4432 τυχὸν

1981 4367 2281 4423 Pharaonis
2312 4376 2361 4422 te
2381 4368 2698 4429 assimilavi,
2717 4369 3008 4437 propinqua
3035 4384 3172 4431 mea;
3198 4366 3290 4421 sed
3315 4381 3410 4420 eos
3441 4367 3534 4435 qui

311 4450 435 4512 τοὺς
481 4450 760 4523 σώφρονας
809 4453 902 4505 καῒ⁹
948 4453 1184 4523 καθαρὸν
1230 4454 1602 4525 ὲξησκηκότας
1653 4454 1784 4525 βίον,
1839 4456 1873 4525 ή

312 4541 447 4612 πρὸς
467 4542 557 4595 τὸν
583 4543 746 4597 ἵππον
774 4545 1050 4613 όμοέωσις·
1075 4544 1207 4597 διότι
1237 4546 1421 4598 πολλοὶ
1441 4546 1547 4599 τῶν
1581 4546 1873 4616 προφητῶν

313 4632 740 4703 ἀπαγορεύουσιν
774 4636 902 4705 ἡμῖν
934 4635 995 4688 τὸ
1035 4635 1348 4705 ὁμοιοῦσθαι
1389 4640 1501 4701 τοῖς
1542 4638 1749 4703 ἵπποις,
1781 4639 1874 4693 τοῦ

315 4727 411 4794 μὲν
458 4724 719 4795 Ἰερεμίου
744 4724 843 4795 τὴν
888 4727 1137 4796 μοιχικὴν
1178 4725 1379 4780 λύσσαν
1414 4726 1491 4797 τῷ
1518 4728 1738 4798 ὀνόματι
1768 4729 1877 4784 τῶν

312 4816 491 4868 ἵππων
522 4816 982 4886 διασημάναντος,
1019 4819 1075 4869 ἐν
1112 4812 1193 4880 οἷς
1221 4834 1403 4885 φησιν·
1447 4819 1653 4873 "limat
1694 4824 1877 4887 θηλυ-

308 4906 515 4976 μανεῖς
531 4906 926 4975 ἐγενήθησαν,
951 4907 1207 4974 ἕκαστος
1227 4908 1324 4961 ἐπὶ
1352 4907 1465 4976 τὴν
1493 4910 1745 4978 γυναῖκα
1770 4911 1875 4965 τοῦ

312 4998 576 5065 πλησίον
605 4998 797 5052 αὑτοῦ
824 4998 1169 5068 ἐχρεμέτιζεο
1215 4998 1309 5051 τοῦ
1335 4999 1392 5052 δὲ
1433 5000 1667 5070 μεγάλου
1715 5002 1877 5055 Δαὸὶδ

313 5088 538 5159 φοϐερὸν
561 5089 881 5161 ποιουμένου
906 5090 968 5142 τὸ
993 5090 1069 5154 ὡς
1100 5091 1262 5144 ἴππον
1284 5091 1403 5144 τινὰ
1432 5092 1523 5144 καὶ
1551 5094 1774 5162 ἡμίονον
1799 5094 1877 5161 γί-

313 5179 516 5241 νεσθαι,
542 5173 617 5232 ὧν
643 5179 851 5233 κελεύει
880 5183 1171 5251 κατασχεῖν
1202 5182 1259 5234 ὲν
1286 5198 1356 5252 κη
1365 5181 1450 5252 μῷ
1481 5200 1540 5235 τε
1562 5183 1657 5237 καὶ
1678 5183 1878 5254 χαλινῷ

313 5270 409 5329 τὰς
456 5271 726 5337 σιαγόνας.
774 5271 871 5325 Διὰ
914 5271 1074 5325 τοῦτο
1121 5273 1521 5343 παραμυθεῖται
1560 5276 1638 5346 τῷ
1677 5277 1877 5347 ἐφεξῆς

313 5361 453 5429 λόγῳ
483 5360 581 5432 τὴν
607 5362 859 5432 τοιαύτην
890 5363 1146 5438 διάνοιαν,
1177 5364 1369 5432 λέγων·
1409 5367 1492 5419 ὅτι
1523 5367 1597 5419 Οὐ
1630 5369 1875 5422 τοιαῦταί

316 5468 408 5505 σου
437 5453 571 5505 είσὶν
596 5455 651 5505 αἱ
676 5456 936 5522 σιαγόνες,
967 5457 1073 5510 κᾶν
1100 5458 1263 5520 ἵππος
1290 5453 1378 5529 ᾗς,
1419 5459 1493 5519 ὡς
1525 5476 1592 5527 κη
1604 5461 1703 5530 μοῦ
1738 5460 1877 5531 χρῄ-

315 5543 427 5607 ζειν
460 5546 553 5598 καὶ
579 5545 795 5615 χαλινοῦ
828 5548 905 5610 εἰς
944 5548 1196 5619 ἀγχόνην·
1229 5549 1364 5603 ἀλλά
1404 5567 1483 5603 σοι
1518 5550 1604 5604 διὰ
1631 5552 1732 5620 τῆς
1770 5570 1874 5605 κα-

314 5636 607 5707 θαρότητος
649 5636 759 5690 τῶν
802 5640 1076 5709 τρυγόνων
1120 5643 1152 5710 ἡ
1195 5641 1399 5709 σιαγὼν
1448 5643 1871 5707 καλλωπίζεται.

286 5876 289 5879 _
384 5813 428 5842 ’δ
460 5811 631 5870 lCor.
660 5828 716 5878 ι,
743 5812 831 5868 ll.
906 5813 952 5845 ’⁷
974 5811 1173 5871 Jerem.
1209 5831 1262 5881 v,
1291 5816 1343 5872 8.
1420 5816 1462 5847 "
1485 5814 1632 5873 Psal.
1666 5832 1814 5881 xxxi,
1849 5817 1902 5871 9.

1977 4464 2328 4526 temperatam
2365 4464 2420 4511 et
2446 4471 2637 4527 puram
2684 4457 2853 4511 vitam
2887 4462 3273 4519 exercuerunt,
3305 4454 3539 4509 fortasse

1978 4548 2120 4603 male
2158 4546 2321 4601 habet
2355 4546 2512 4609 illud,
2551 4561 2610 4601 se
2645 4560 2788 4615 equo
2832 4561 2955 4601 esse
2984 4545 3317 4601 assimilatas
3362 4563 3375 4597 :
3415 4558 3539 4613 pro-

1978 4648 2162 4709 pterea
2210 4639 2354 4709 quod
2401 4638 2557 4691 multi
2609 4638 2885 4707 prophetae
2928 4637 3088 4691 nobis
3129 4637 3420 4706 prohibent
3471 4650 3539 4689 ne

1976 4729 2343 4785 assimilemur
2369 4728 2527 4797 equis
2546 4769 2562 4791 ,
2590 4742 2714 4782 cum
2745 4725 3011 4782 Jeremias
3042 4726 3260 4796 quidem
3288 4727 3538 4782 adulterii

1978 4820 2183 4875 rabiem
2212 4835 2481 4888 equorum
2516 4820 2736 4873 nomine
2766 4818 3173 4887 signiﬁcaverit,
3209 4834 3331 4871 cum
3360 4819 3494 4873 dicit
3520 4837 3534 4872 :

1978 4912 2115 4981 Equi
2150 4914 2206 4965 in
2242 4912 2466 4980 feminas
2500 4921 2769 4964 currentes
2813 4909 2943 4978 facti
2972 4919 3094 4963 sunt
3126 4927 3144 4964 :
3187 4913 3539 4980 unusquisque

1977 5004 2245 5056 hinniebat
2268 5002 2337 5055 ad
2368 5017 2584 5056 uxorem
2608 5001 2837 5068 prox-imi
2867 5003 2952 5055 sui
2976 5004 3020 5037 ⁸⁷
3052 5018 3066 5065 ;
3100 5016 3331 5069 magnus
3357 5015 3535 5057 autem

1977 5094 2148 5149 David
2174 5110 2286 5149 rem
2310 5094 2527 5148 duxerit
2543 5109 2665 5149 esse
2686 5094 3003 5157 terribilem,
3027 5094 3141 5149 lieri
3169 5096 3308 5149 sicut
3334 5112 3534 5165 equum

1977 5196 2032 5242 et
2060 5185 2264 5239 mulum
2300 5204 2311 5239 :
2356 5199 2589 5253 quorum
2630 5185 2785 5253 jubet
2827 5185 2880 5238 in
2911 5200 3066 5240 camo
3087 5193 3141 5240 et
3167 5185 3321 5239 freno
3347 5186 3537 5238 maxil»

1978 5279 2061 5331 las
2099 5277 2472 5346 constringere
2492 5275 2559 5327 ⁸⁸.
2596 5276 2659 5329 Et
2693 5274 2813 5329 ideo
2849 5290 2914 5330 eo
2952 5276 3095 5343 quod
3139 5275 3397 5344 deinceps
3449 5290 3538 5328 se-

1978 5369 2187 5437 quitur,
2222 5381 2344 5420 eum
2402 5380 2621 5419 sensum
2656 5364 2900 5433 mitigat,
2946 5363 3135 5418 dicens
3188 5382 3201 5416 :
3250 5362 3365 5416 Non
3415 5374 3539 5417 sunt

1979 5458 2213 5513 maxillae
2262 5466 2369 5511 tuae
2413 5456 2719 5526 ejusmodi,
2767 5464 2827 5509 ut
2880 5457 3022 5510 sicut
3067 5472 3239 5525 equus
3288 5470 3443 5509 camo
3490 5465 3536 5508 et

1980 5551 2135 5605 freno
2156 5566 2292 5620 opus
2314 5550 2515 5603 habeas
2543 5557 2602 5602 ut
2629 5548 3022 5617 constringaris
3049 5564 3061 5596 :
3094 5545 3189 5600 sed
3217 5563 3312 5615 per
3340 5548 3532 5615 purita-

1980 5652 2086 5697 tem
2115 5650 2385 5698 turturum
2417 5641 2518 5697 tibi
2542 5650 2771 5696 ornatur
2793 5656 2950 5710 gena.
2992 5639 3129 5693 Dicit
3152 5640 3295 5692 cnim
3334 5657 3345 5692 :
3373 5638 3539 5703 Quam
