4116 6564
503 391 607 450 815

1635 367 1638 370 ’
1730 375 1786 443 s.
1827 363 2152 444 caucos“
2190 387 2480 445 NYSSENI

3636 376 3740 443 ειη

504 505 735 572 pulchra!
771 503 927 573 facta:
954 511 1076 556 sunt
1107 502 1202 556 tibi
1225 516 1367 572 gena:
1395 502 1532 555 sicut
1570 502 1820 556 ειη-ιω·ίεί
1857 501 1930 556 De
1963 501 2063 555 hac

2174 505 2300 574 Φησὶ
2329 504 2457 576 γάρ·
2489 503 2962 576 Τι’(ὒραιώθησαν
2998 504 3278 571 murdch
3303 517 3419 556 σου
3440 502 3519 569 ὡς
3539 505 3745 573 τρυγύο

506 609 685 652 autem
714 609 812 650 ave
839 603 1112 649 testantur
1137 594 1230 663 qui
1272 595 1388 648 haec
1418 594 1781 649 observarunt
1805 635 1820 657 ,
1849 592 1992 664 quod
2024 593 2071 648 si

509 694 754 753 separata
787 683 948 738 fuerit
976 698 1006 735 a
1048 683 1308 752 coniugio
1328 723 1342 746 ,
1381 691 1562 737 manet
1598 685 1854 754 deinceps
1881 683 2071 739 solita-

508 774 609 835 ria,
655 786 756 825 nec
793 787 918 825 cum
953 773 1064 825 ullo
1096 772 1493 842 conjungitur:
1532 773 1668 827 adeo
1706 782 1766 826 ut
1799 774 1853 826 in
1882 789 1944 828 ea
1984 787 2075 826 na-

511 862 756 915 turaliter
784 871 1109 915 exerccatur
1148 864 1532 932 temperantia.
1571 865 1864 932 Propterea
1904 863 2072 933 inuig—

509 955 706 1007 matica
744 952 960 1006 laudum
998 954 1396 1025 signiﬁcatione
1416 970 1444 1008 a
1476 953 1656 1009 Verbo
1680 955 2072 1024 comprehensa

507 1053 592 1101 est
632 1045 745 1100 haec
791 1045 937 1105 avis,
993 1045 1138 1114 quod
1185 1061 1285 1115 pro
1334 1046 1489 1101 freno
1535 1046 1698 1102 fuerit
1743 1047 1911 1101 divini
1947 1046 2078 1116 equi

511 1137 742 1191 maxillae
768 1138 999 1193 turturis
1031 1139 1355 1193 assimilatio
1377 1179 1391 1198 ,
1419 1155 1516 1209 per
1540 1145 1702 1209 quam
1734 1138 2076 1209 signiﬁcatur

509 1230 675 1283 vitam
711 1245 900 1299 puram
932 1230 1060 1284 huic
1099 1245 1241 1298 equo
1268 1232 1580 1286 convenire.
1624 1232 1914 1301 Propterea
1949 1246 2073 1285 cum

510 1319 872 1376 admiratione
901 1321 950 1376 ei
977 1320 1111 1376 dicit
1142 1320 1378 1377 Verbum
1407 1340 1420 1375 :
1457 1323 1629 1389 Quam
1662 1321 1896 1390 pulchrae
1920 1322 2076 1392 factm

510 1419 633 1463 sunt
675 1425 819 1480 gena:
862 1421 967 1465 tuae
1009 1419 1066 1464 ut
1110 1411 1335 1465 ταινίαι-ξε
1376 1426 1393 1464 :
1427 1412 1552 1466 huic
1581 1422 1758 1467 autem
1799 1412 2078 1481 subjungit

511 1501 672 1556 aliam
706 1513 924 1572 quoque
967 1500 1180 1556 laudem
1226 1517 1324 1574 per
1355 1502 1766 1558 similitudinem
1815 1522 1830 1558 :
1866 1503 2076 1559 Collum

514 1606 658 1648 tuum
702 1598 838 1649 sicut
885 1604 1106 1664 torques.
1144 1593 1278 1648 Nam
1329 1609 1452 1648 cum
1493 1596 1658 1650 semel
1700 1595 1982 1651 incidisset
2019 1595 2075 1650 in

511 1686 772 1754 tropicam
797 1684 1272 1756 signiﬁcationem,
1301 1703 1396 1756 per
1424 1701 1486 1741 ea
1517 1702 1638 1755 quae
1662 1686 1730 1740 de
1762 1687 1920 1756 equis
1950 1701 2078 1740 con-

511 1775 838 1839 siderantur,
875 1791 1088 1845 sponsre
1119 1776 1331 1830 laudem
1365 1778 1657 1846 excogitat.
1691 1777 1902 1831 Laudat
1928 1777 2072 1831 enim

2170 613 2292 663 νες.
2319 597 2692 666 Μαρτυρεῖται
2728 595 2785 648 δὲ
2822 594 2973 666 παρά
3003 594 3111 647 τῶν
3135 594 3202 646 τά
3243 593 3468 648 τοιαῦτα
3501 609 3741 664 παρατε-

2171 689 2509 761 τηρηκότων,
2553 687 2710 742 τοῦτο
2747 689 2808 741 τὸ
2847 688 3031 759 δρνεον
3077 687 3276 757 μένειν,
3311 688 3359 738 εί
3402 685 3741 756 διαζευχθείη

2172 779 2274 848 τῆς
2313 779 2592 846 συζυγίας,
2629 781 2707 842 είς
2738 777 2798 831 τὸ
2826 777 3024 847 ἑφεξῆς
3051 777 3432 842 άσυνδύαστον,
3476 777 3552 840 ὡς
3587 795 3746 846 φυσι-

2174 873 2284 936 κῶς
2315 873 2372 925 ὲν
2402 872 2549 940 αὐτῷ
2575 873 2635 925 τὸ
2668 870 3059 942 κατορθοῦσθαι
3090 871 3189 941 τὴν
3231 869 3603 941 σωφροσύνην.
3646 871 3744 923 Διά

2172 965 2330 1017 τοῦτο
2366 964 2426 1016 τὸ
2477 963 2704 1034 αἴνιγμα
2740 963 2847 1016 τῶν
2885 963 3120 1016 ἐπαίνων
3160 961 3596 1034 συμπαρελήφθη
3639 963 3743 1017 ὑπὸ

2172 1051 2266 1104 τοῦ
2286 1049 2462 1119 Λόγου
2479 1051 2637 1104 τοῦτο
2667 1050 2728 1104 τὸ
2755 1051 2958 1121 δρνεον,
3001 1051 3076 1113 ὼς
3102 1050 3225 1104 ἀντὶ
3249 1049 3468 1120 χαλινοῦ
3499 1050 3743 1117 γίνεσθαι

2172 1141 2238 1209 τῇ
2275 1139 2482 1206 σιαγόνι
2507 1139 2605 1209 τῆς
2635 1138 2784 1202 θείας
2811 1138 2980 1191 ἵππου
3005 1137 3104 1208 τὴν
3131 1137 3232 1206 τῆς
3262 1137 3520 1208 τρυγόνος
3542 1137 3741 1206 ὁμοίω⁶

2176 1246 2281 1292 σιν,
2328 1229 2395 1282 δι’
2437 1223 2506 1300 ἦς
2551 1230 2584 1299 ἡ
2626 1228 2837 1298 καθαρά
2870 1226 2982 1297 ζωὴ
3032 1227 3360 1298 ἐπιπρέπειν
3407 1229 3472 1297 τῇ
3521 1226 3741 1297 τοιαύτῃ

2176 1320 2326 1387 ἵππῳ
2367 1319 2799 1390 διασημαίνεται.
2845 1319 2936 1371 Διὸ
2989 1315 3373 1387 θαυμαστικῶς
3429 1333 3564 1387 φησι
3607 1317 3742 1387 πρὸς

2175 1410 2344 1480 αὐτὴν
2369 1412 2399 1464 6
2427 1410 2630 1478 Λόγος·
2665 1409 2726 1463 Τί
2767 1409 3154 1476 ὡραιώθησαν
3181 1410 3462 1477 σιαγόνες
3500 1423 3620 1462 σου
3663 1409 3796 1472 ὡς’-

2175 1504 2474 1572 τρυτόνες.
2529 1502 2750 1570 Ἐπάγει
2777 1503 2836 1555 δὲ
2865 1502 3039 1572 τούτῳ
3071 1501 3166 1554 καὶ
3199 1501 3385 1571 ἕτερον
3427 1501 3494 1554 δι’
3542 1503 3752 1571 ὁμοιῶν

2179 1612 2314 1659 σεως
2341 1595 2579 1657 ἔπαινον,
2620 1594 2808 1662 λέγων·
2857 1593 3162 1662 Τρὰχηλός
3191 1608 3308 1646 σου
3336 1593 3418 1657 ὡς
3444 1592 3739 1660 ὀρμίσκοι.

2177 1692 2359 1758 ’Ἀπαξ
2408 1692 2516 1763 γάρ
2543 1690 2799 1761 ἐμπεσὼν
2838 1693 2904 1762 τῇ
2934 1691 3172 1760 τροπικῇ
3215 1688 3478 1757 σημασίᾳ.
3517 1685 3604 1739 διά
3637 1686 3747 1740 τῶν

2177 1783 2308 1853 περὶ
2337 1783 2446 1835 τῶν
2479 1782 2661 1834 ἵππων
2690 1780 3076 1850 θεωρουμένων
3105 1780 3307 1830 ἐπινοεῖ
3334 1780 3399 1847 τῇ
3433 1776 3620 1846 νύμφῃ
3651 1776 3746 1828 τὸν

511 1866 729 1930 collum,
759 1865 902 1935 quod
929 1867 984 1920 in
1011 1867 1238 1937 ﬁguram
1265 1869 1457 1923 circuli
1485 1876 1573 1923 eat
1597 1870 1649 1922 in
1682 1884 1893 1940 gyrum,
1926 1869 2072 1939 quod

2183 1872 2424 1926 ἔπαινον.
2480 1872 2721 1938 Ἐπαινεί
2762 1869 2871 1940 γὰρ
2919 1869 3012 1921 τὸν
3058 1865 3323 1937 τράχηλον
3372 1865 3466 1916 τὸν
3501 1865 3570 1917 ’έν
3608 1863 3744 1932 σχή-

509 1955 673 2008 etiam
699 1955 753 2009 in
793 1957 1044 2025 superbis
1073 1965 1126 2011 et
1164 1957 1436 2016 ferocibus
1468 1960 1624 2028 equis
1655 1960 1902 2014 videmus
1933 1958 2070 2013 ﬁeri.

512 2042 808 2113 Torquium
847 2046 992 2100 enim
1043 2048 1499 2102 mentioindieat
1540 2049 1812 2103 circulum
1853 2067 1867 2104 :
1917 2052 2075 2118 cujus

513 2134 682 2206 ﬁgura
709 2137 762 2190 in
786 2138 929 2192 collo
958 2147 1180 2201 ostensa
1222 2140 1401 2195 reddit
1435 2156 1631 2211 equum
1670 2142 1851 2213 seipse
1884 2142 2076 2196 decen-

512 2228 703 2282 tiorem
738 2247 751 2283 :
841 2244 1040 2300 orques
1084 2240 1263 2287 autem
1305 2230 1492 2288 Graece
1534 2233 1738 2287 dicitur
1789 2233 2072 2305 ὁρμίσκος,

510 2321 891 2375 diminutivum
937 2323 1056 2393 ejus
1089 2324 1234 2394 quod
1276 2332 1359 2380 est
1404 2326 1593 2396 ὅρμος.
1645 2327 1854 2398 ’Ὀρμος
1894 2335 2072 2382 autem

511 2411 734 2482 pmprie
755 2411 973 2480 quidem
1011 2413 1212 2467 dicitur
1251 2415 1304 2467 in
1335 2415 1469 2468 locis
1501 2416 1824 2478 maritimis,
1857 2416 1911 2470 in
1953 2417 2075 2486 qui-

509 2501 613 2555 bus
652 2502 803 2556 littus
850 2502 1181 2558 intrinsecus
1233 2503 1285 2558 in
1341 2505 1481 2560 luna:
1522 2505 1750 2561 formam
1796 2518 2072 2573 cavatum.

511 2593 632 2646 sinu
663 2607 812 2648 mare
839 2593 1063 2664 excipit,
1092 2602 1146 2650 et
1172 2610 1267 2664 per
1294 2611 1353 2652 se
1382 2596 1519 2652 facit
1551 2599 1834 2668 quiescere
1859 2617 1953 2656 eos
1981 2601 2074 2670 qui

509 2699 540 2738 e
587 2685 723 2738 mari
767 2684 1112 2756 adnavigant.
1164 2686 1248 2742 Ex,
1287 2689 1600 2758 metaphora
1633 2699 1813 2746 autem
1858 2705 2076 2762 propter

511 2774 735 2847 ﬁguram
769 2786 1152 2832 ornamentum
1193 2780 1319 2834 colli
1357 2779 1564 2835 dicitur
1607 2782 1797 2853 ὅρμος.
1847 2783 2076 2850 Quando

510 2877 687 2922 autem
721 2868 1044 2926 diminutive
1079 2870 1316 2928 dicimus
1345 2873 1609 2944 ὁρμίσκος
1641 2889 1737 2944 pro
1764 2877 1957 2947 ὅρμος,
1979 2893 2075 2947 per

510 2959 651 3012 hanc
683 2973 868 3014 vocem
915 2961 1306 3031 propemodum
1340 2963 1688 3020 ostendimus
1725 2967 1898 3035 ipsam
1931 2968 2076 3021 simi-

510 3051 814 3107 litudinem.
875 3053 1016 3108 Colli
1067 3070 1196 3126 ergo
1253 3071 1376 3110 cum
1427 3058 1714 3127 torquibus
1773 3059 2074 3115 similitudo

509 3143 747 3198 ostendit
782 3144 952 3198 multa
989 3147 1234 3200 encomia
1274 3161 1396 3216 quae
1437 3163 1656 3218 sponsae
1693 3150 2026 3204 conveniunt
2058 3169 2071 3205 :

2181 1981 2308 2034 μαίιι
2336 1961 2534 2016 κύκλου
2555 1960 2722 2033 γυρού
2732 1977 2910 2030 μενον,
2937 1958 2968 2011 ὃ
2989 1958 3054 2029 δὴ
3080 1956 3206 2026 περὶ
3232 1956 3358 2018 τοὺς
3379 1953 3616 2025 γαυρους
3634 1953 3744 2006 τῶν

2176 2055 2368 2110 πώλων
2419 2053 2634 2125 ὁρῶμεν
2677 2052 2978 2122 γινόμενον.
3031 2050 3093 2102 Ἦ
3141 2048 3249 2117 γάρ
3306 2045 3416 2099 τῶν
3465 2044 3743 2115 ὁρμίσκων

2178 2147 2366 2218 μνήμη
2398 2145 2490 2200 τὸν
2507 2143 2704 2198 κύκλον
2734 2143 3066 2197 ἐνδείκνυται
3085 2181 3100 2205 ,
3126 2134 3186 2194 οὗ
3209 2139 3282 2194 ,τὸ
3310 2137 3495 2208 σχῆμα
3527 2137 3621 2189 ἐπὶ
3645 2134 3743 2187 τοῦ
3769 2154 3776 2159 ε

2175 2235 2398 2308 αὐχένος
2435 2235 2782 2306 δεικνύμενον
2817 2233 3249 2306 εὐπρεπέστερον
3277 2229 3469 2284 ἑαυτοῦ
3500 2227 3588 2281 τὸν
3628 2225 3744 2279 πῶ-

2175 2331 2264 2383 λον
2311 2331 2471 2382 ποιεῖ·
2519 2329 2686 2400 ὅρμος
2729 2327 2785 2380 δὲ
2834 2325 3048 2395 λέγεται
3099 2324 3302 2395 κυρίως
3349 2322 3444 2393 μὲν
3491 2319 3586 2372 ἐπὶ
3631 2317 3743 2371 τῶν

2177 2419 2458 2492 παραλίων
2490 2419 2690 2482 τόπων,
2731 2419 2789 2470 ὲν
2827 2411 2910 2480 οἷς
2941 2418 2973 2486 ἡ
3018 2413 3153 2484 ὄχθη
3181 2411 3324 2467 κατά
3360 2412 3421 2464 τὸ
3461 2410 3610 2471 ἐντὸς
3644 2424 3742 2478 μη·-

2175 2513 2379 2583 νοειδὴς
2419 2510 2795 2572 κοιλανθείσα,
2843 2505 3162 2576 ύποδέχεταί
3207 2521 3268 2556 τε
3298 2502 3378 2573 τῷ
3422 2501 3608 2571 κόλπῳ
3641 2498 3743 2568 τὴν

2175 2605 2466 2669 θάλασσαν,
2491 2603 2585 2657 καὶ
2611 2599 2880 2657 ἀναπαύει
2907 2599 2972 2652 δι’
3001 2598 3196 2668 ἑαυτῆς
3223 2597 3350 2659 τοὺς
3381 2596 3446 2647 ὲκ
3471 2592 3742 2659 πελάγους

2173 2695 2590 2767 προσπλέοντας.
2638 2691 2734 2746 Ἐκ
2764 2691 3076 2762 μεταφορᾶς
3117 2689 3176 2742 δὲ
3211 2687 3302 2740 διά
3330 2685 3426 2740 τοῦ
3465 2685 3742 2754 σχήματος

2173 2788 2201 2840 6
2225 2785 2642 2857 περιτραχήλιος
2669 2783 2871 2853 κόσμος
2883 2782 3053 2852 ὅρμος
3072 2778 3310 2846 λέγεται.
3339 2776 3506 2828 Ὅταν
3529 2774 3585 2826 δὲ
3611 2773 3742 2824 ὐπο-

2173 2875 2496 2946 κοριστικῶς
2543 2874 2804 2946 ὁρμίσκον
2847 2874 2969 2928 ἀντὶ
3009 2873 3180 2942 ὅρμου
3229 2867 3494 2936 λέγωμεν,
3540 2863 3638 2934 τὴν
3682 2863 3741 2916 ἐν

2173 2967 2337 3038 ὀλίγῳ
2371 2967 2466 3020 τοῦ
2495 2968 2770 3037 σχήματος
2790 2963 3082 3034 ὁμοιότητα
3108 2960 3196 3012 διὰ
3221 2958 3324 3027 τῆς
3349 2953 3740 3024 τοιαύτηςίρω·

2174 3057 2273 3127 νῆς
2302 3055 2707 3125 ὲνδεικνύμεθα.
2747 3052 2925 3108 Πολλά
2957 3051 3136 3105 τοίνυν
3174 3051 3254 3112 εἰς
3280 3046 3529 3116 ἐγκώμια
3559 3058 3744 3096 συντε-

2175 3149 2370 3202 λοῦντα
2399 3149 2498 3220 τὴν
2527 3147 2765 3218 νύμφην,
2789 3148 2822 3216 ἡ
2845 3146 2980 3217 πρὸς
3010 3145 3137 3206 τοὺς
3158 3141 3457 3212 ὁρμίσκους
3486 3135 3742 3207 ὁμοιότης

511 3231 752 3288 Primum
782 3234 1033 3304 quidem,
1063 3237 1208 3306 quod
1251 3253 1424 3308 equus
1449 3239 1648 3293 collum
1684 3241 1738 3294 in
1768 3242 1953 3295 orbem
1986 3240 2072 3294 ﬂe-

2174 3241 2270 3294 τοῦ
2309 3240 2582 3311 τραχήλου
2614 3238 2975 3292 ἐνδείκνυται·
3011 3236 3222 3305 πρῶτον
3268 3233 3366 3303 μὲν
3412 3231 3494 3284 δτι
3523 3231 3603 3291 εἰς
3645 3225 3743 3280 κύ-

509 3333 696 3390 etens,
735 3326 804 3379 ad
833 3341 1024 3381 omnes
1076 3343 1215 3382 suos
1254 3343 1477 3398 gressus
1523 3331 1738 3400 aspicit,
1772 3345 1882 3402 quo
1919 3332 1976 3385 ﬁt
2017 3340 2077 3386 ut

512 3415 810 3472 inoﬂensus
836 3424 891 3472 et
911 3425 1063 3472 tutus
1090 3419 1160 3472 sit
1189 3434 1410 3489 gressus
1446 3421 1566 3490 ejus
1587 3461 1601 3484 ,
1634 3435 1808 3492 neque
1839 3423 1906 3477 ad
1947 3425 2078 3494 lapi-

509 3507 630 3560 dem
663 3506 963 3571 odendcns,
1019 3523 1193 3576 neque
1222 3510 1274 3561 in
1315 3509 1515 3564 fossam
1556 3523 1758 3566 temere
1807 3513 2071 3568 incidens.

510 3598 621 3653 Hoc
647 3615 754 3653 non
785 3614 974 3667 parum
1023 3598 1155 3652 facit
1185 3600 1250 3653 ad
1286 3600 1494 3656 laudem
1524 3602 1738 3667 animae,
1777 3619 1970 3674 nempe
2007 3604 2076 3658 ad

509 3691 744 3761 seipsam
775 3691 1040 3759 aspicere.
1076 3699 1131 3746 et
1164 3692 1438 3747 tutissime
1474 3694 1540 3748 ad
1571 3709 1793 3749 cursum
1831 3696 2074 3750 divinum

509 3784 800 3846 festinare,
860 3798 1201 3853 quacunque
1261 3799 1326 3839 ex
1382 3786 1774 3841 tentationibus
1831 3788 1908 3841 illi
1950 3804 2076 3843 eve-

507 3875 666 3929 niunt
695 3874 760 3928 ad
791 3890 1013 3930 cursum
1052 3875 1434 3945 impedimenta
1478 3877 1658 3932 vitans
1687 3886 1742 3932 et
1783 3894 2072 3942 superans.

508 3964 712 4022 Deinde
732 3977 912 4022 autem
938 3966 1114 4038 ipsum
1139 3982 1356 4036 quoque
1380 3966 1714 4036 primitivum
1738 3984 1937 4024 nomen
1964 3971 2074 4023 τῶν

505 4058 712 4130 ὅρμων,
763 4057 907 4113 unde
959 4066 1182 4129 propter
1237 4057 1422 4129 ﬁgura:
1479 4060 1892 4118 similitudinem
1943 4063 2073 4117 colli

506 4159 887 4206 ornamentum
939 4154 1282 4208 nominatum
1329 4154 1430 4210 fuit
1493 4157 1796 4229 ὀρμίσκος,
1848 4174 2073 4230 magnas

503 4244 773 4314 quasdam
804 4245 994 4301 laudes
1038 4246 1301 4310 continet,
1343 4247 1563 4317 quando
1625 4252 1735 4313 τοῖς
1765 4251 1982 4322 ὅρμοις,
2018 4252 2072 4306 id

506 4341 613 4394 est,
639 4333 948 4398 navalibus,
980 4335 1180 4391 collum
1206 4335 1372 4392 fuerit
1397 4339 1779 4394 assimilatum.
1812 4340 2070 4406 Quaenam

505 4434 686 4477 autem
730 4432 860 4477 sunt
885 4424 1074 4479 laudes
1099 4441 1221 4496 quae
1253 4425 1410 4482 nobis
1465 4442 1561 4497 per
1589 4427 1702 4482 haec
1727 4444 1756 4481 a
1785 4429 2069 4500 Scriptura

504 4513 881 4584 signiﬁcantur
903 4513 1342 4587 iNavigantibus
1362 4533 1450 4573 res
1466 4518 1707 4588 jucunda
1731 4529 1783 4576 et
1807 4522 2068 4578 salutaris

503 4617 588 4664 est
614 4619 823 4678 portus,
845 4615 899 4663 et
921 4608 1013 4677 qui
1037 4616 1324 4678 postquam
1349 4609 1404 4664 in
1423 4612 1561 4664 mari
1585 4612 1989 4683 fuerintjactati
2011 4626 2066 4672 et

505 4700 716 4766 vexati,
746 4700 1100 4770 tranquillum
1129 4702 1362 4770 aliquem
1391 4711 1603 4770 portum
1636 4706 2064 4773 occupaverint,

504 4795 557 4847 in
590 4808 699 4864 quo
730 4793 1050 4849 aﬂlictioues
1087 4809 1227 4864 quas
1254 4795 1310 4848 in
1345 4793 1481 4847 mari
1519 4796 1760 4864 perpessi
1793 4807 1926 4852 sunt
1963 4799 2066 4854 ob.

503 4885 606 4949 liti,
633 4886 734 4938 toti
763 4893 1052 4940 versantur
1084 4885 1138 4938 in
1171 4885 1376 4956 requie,
1427 4885 1618 4956 longos
1640 4887 1856 4944 labores
1883 4890 2070 4960 quiete

503 4987 833 5039 recreantes,
873 4992 981 5032 non
1020 4985 1106 5033 est
1141 4979 1222 5032 eis
1256 4977 1523 5049 naufragii
1565 4989 1763 5043 metus.
1803 4997 1982 5053 neque
2013 4982 2070 5037 in

505 5068 644 5122 mari
677 5067 960 5121 latentium
1009 5067 1247 5121 cautium
1297 5068 1574 5137 suspicio,
1628 5085 1725 5124 nec
1765 5072 2070 5142 periculum

504 5159 843 5228 praedonum,
885 5174 1062 5228 neque
1087 5174 1117 5212 a
1147 5157 1365 5215 ﬂatibus
1411 5161 1771 5230 perturbatio,
1820 5179 1998 5232 neque
2036 5180 2067 5218 a

504 5249 776 5320 profundo
805 5266 904 5321 per
945 5259 1136 5306 ventos
1181 5253 1438 5308 tumescit
1480 5267 1631 5308 mare
1667 5272 1680 5306 :
1737 5254 1829 5308 sed
1873 5257 2069 5311 remoti

504 5350 634 5397 sunt
667 5343 734 5398 ab
760 5342 1013 5398 omnibus
1043 5342 1308 5412 ejusmodi
1337 5345 1596 5414 periculis
1625 5346 1716 5414 qui
1747 5353 2069 5415 tempestate

500 5435 797 5503 iactantur,
837 5449 961 5489 cum
1000 5448 1150 5488 mare
1187 5437 1258 5490 sit
1299 5435 1353 5488 in
1391 5445 1548 5506 portu
1583 5437 1956 5505 tranquillum.
2011 5436 2070 5492 Si

504 5528 628 5595 quis
653 5543 781 5597 ergo
801 5528 1038 5582 animam
1065 5543 1221 5582 suam
1252 5529 1326 5582 ita
1351 5529 1722 5591 constituerit,
1749 5537 1807 5582 ut
1839 5535 1956 5600 ipsa
1999 5533 2072 5586 sit

503 5621 796 5688 tranquilla
829 5620 882 5672 in
909 5621 1106 5689 quiete,
1143 5635 1251 5673 non
1291 5619 1494 5688 agitata
1534 5619 1813 5684 ﬂuctibus,
1848 5622 2072 5676 minime

502 5721 684 5765 emota
717 5725 746 5763 a
772 5712 1056 5780 spiritibus
1088 5711 1478 5781 improbitatis,
1503 5727 1676 5781 neque
1704 5713 2070 5768 intumescens

505 5819 602 5872 per
630 5805 965 5874 superbiam,
1013 5821 1190 5876 neque
1239 5819 1500 5877 spumans
1541 5805 1634 5860 ira:
1663 5804 1938 5872 ﬂuctibus,
1973 5821 2068 5863 ne-

2177 3332 2306 3386 κλου
2331 3332 2514 3403 σχῆμα
2551 3331 2818 3401 κάμπτων
2843 3331 2872 3382 ὁ
2903 3326 3082 3391 πῶλος
3105 3326 3196 3379 τὸν
3227 3323 3451 3394 αὐχένα,
3484 3317 3620 3390 πρὸς
3643 3317 3741 3380 τὰς

2181 3425 2314 3489 ἰδίας
2337 3425 2445 3478 τῶν
2473 3423 2647 3477 ποδῶν
2685 3421 2869 3492 βάσεις
2913 3420 3043 3492 ὁρᾷ·
3077 3418 3143 3471 δι’
3193 3412 3269 3470 ὧν
3305 3411 3653 3484 ἀπρόσκοπὸν
3679 3427 3739 3463 τε

2177 3519 2269 3570 καὶ
2297 3515 2514 3586 ἀσφαλῆ
2547 3517 2776 3568 ποιεῖται
2796 3513 2885 3566 τὸν
2909 3513 3128 3583 δρόμον,
3157 3510 3292 3580 μήτε
3316 3507 3394 3576 τῷ
3426 3504 3556 3574 λίθῳ
3581 3519 3742 3575 προσ-

2177 3608 2406 3668 πταίων,
2451 3606 2587 3676 μήτε
2615 3603 2964 3675 κενεμϐατῶν
3009 3601 3087 3672 τῷ
3121 3601 3318 3672 βόθρῳ.
3369 3598 3539 3652 Τοῦτο
3575 3597 3632 3649 δὲ
3676 3596 3738 3649 ού

2173 3698 2372 3769 μικρόν
2405 3699 2550 3750 ἐστιν
2583 3698 2663 3760 είς
2706 3695 2978 3766 εὐφημίαν
3008 3693 3210 3764 ψυχῆς,
3237 3693 3296 3746 τὸ
3319 3733 3333 3752 ,
3368 3689 3504 3761 πρὸς
3541 3686 3740 3757 ἑαυτὴν

2178 3788 2413 3860 βλέπειν,
2443 3788 2536 3841 καὶ
2557 3787 2623 3840 δι’
2648 3786 2945 3857 ἀσφαλείας
2973 3786 3154 3855 πάσης
3183 3784 3319 3854 πρὸς
3341 3781 3434 3835 τὸν
3462 3781 3604 3834 θεῖον
3625 3780 3742 3850 δρό-

2178 3897 2276 3950 μον
2327 3878 2671 3947 ἐπείγεσθαι,
2726 3876 2903 3931 πάντα
2955 3876 3026 3929 τὰ
3081 3877 3146 3929 ὲκ
3207 3872 3531 3944 πειρασμῶν
3577 3888 3739 3925 τινων

2172 3972 2496 4041 ἐγγινόμενα
2518 3969 2660 4040 πρὸς
2704 3968 2795 4023 τὸν
2845 3967 3043 4038 δρόμον
3092 3966 3342 4037 ἐμπόδια,
3388 3962 3739 4032 διαλλομένην

2174 4064 2265 4116 καὶ
2289 4061 2738 4133 ύπερὸαίνουσαν.
2780 4059 3004 4113 Ἔπειτα
3029 4059 3084 4112 δὲ
3133 4057 3226 4110 καὶ
3264 4057 3396 4110 αὐτὸ
3429 4055 3492 4108 τὸ
3522 4055 3738 4124 πρωτό-

2172 4173 2340 4208 τυπον
2368 4155 2476 4208 τῶν
2509 4155 2695 4226 ὅρμων
2717 4153 2908 4222 ὄνομα,
2937 4149 3058 4205 ὅθεν
3080 4150 3170 4203 διὰ
3194 4149 3294 4219 τὴν
3326 4146 3421 4200 τοῦ
3463 4149 3740 4216 σχήματος

2173 4247 2482 4318 ὁμοιότητα,
2509 4251 2538 4300 ὁ
2562 4245 2941 4317 περιδέρῤαιος
2969 4243 3193 4312 κόσμιος
3237 4239 3498 4310 ὁρμίσκος
3527 4237 3739 4308 ὠνόμαο

2175 4357 2318 4403 σται,
2350 4338 2600 4410 μεγάλων
2638 4337 2799 4391 τινῶν
2827 4336 3117 4406 ἐγκωμίων
3147 4332 3449 4406 ὑπερϐολὴν
3471 4332 3736 4402 περιέχει,

2172 4433 2298 4485 ὅταν
2327 4430 2586 4502 ὡμοιώθη
2617 4432 2729 4493 τοῖς
2757 4431 2946 4501 ὅρμοις
2974 4430 3004 4482 6
3043 4426 3332 4498 τράχηλος.
3365 4425 3500 4478 Τίνα
3526 4425 3583 4478 δέ
3622 4427 3738 4477 ἐστι

2173 4519 2241 4571 τά
2271 4517 2519 4589 ἐγκώμια
2557 4518 2627 4572 τὰ
2654 4517 2744 4572 διὰ
2769 4517 2974 4570 τούτων
3020 4517 3150 4586 ἡμῖν
3191 4515 3298 4569 ύπὸ
3326 4515 3422 4568 τοῦ
3458 4514 3614 4582 λόγου
3639 4514 3736 4584 δηο

2175 4610 2408 4680 λούμενα
2431 4627 2447 4675 ;
2486 4608 2610 4662 Ἡδύ
2641 4627 2691 4662 τι
2712 4608 2806 4662 καὶ
2835 4609 3101 4678 σωτήριόν
3131 4609 3246 4661 ἐστι
3274 4609 3386 4670 τοῖς
3412 4607 3741 4660 καταπλέουο

2175 4718 2258 4754 σιν
2293 4703 2322 4754 ὁ
2365 4700 2550 4770 λιμὴν,
2588 4699 2682 4754 καὶ
2709 4699 2770 4752 τὸ
2811 4699 2952 4769 μετά
2985 4698 3085 4768 τὴν
3125 4700 3184 4751 ὲν
3210 4698 3454 4770 θαλάσσῃ
3496 4697 3740 4752 κακοπά-

2175 4793 2353 4856 θειαν,
2407 4793 2574 4864 ὅρμον
2627 4790 2752 4844 τινὰ
2801 4789 3126 4845 καταλαϐεῖν
3183 4790 3524 4855 εὐδιάζοντα,
3581 4793 3639 4844 ὲν
3693 4783 3739 4857 ᾧ

2173 4885 2341 4957 λήθην
2375 4886 2730 4956 ποιησάμενοι
2769 4883 2878 4936 τῶν
2904 4884 2964 4935 ὲν
3002 4883 3241 4955 θαλάσσῃ
3269 4884 3473 4949 κακῶν,
3495 4884 3603 4938 ὅλοι
3637 4885 3739 4954 τῆς

2170 4976 2527 5039 ἀναπαύσεως
2589 4976 2868 5043 γίνονται,
2927 4976 3051 5038 τοὺς
3126 4976 3370 5047 μακροὺς
3430 4975 3625 5039 πόνους
3672 4975 3740 5028 δι’

2173 5053 2402 5139 ἡσυχίαν
2442 5067 2952 5140 παραμυθούμενοι,
2997 5069 3096 5122 οὐκ
3139 5067 3286 5120 ἐστιν
3325 5069 3509 5130 αὐτοῖς
3557 5067 3739 5121 οὐκέτι

2171 5161 2430 5229 ναυαγίου
2480 5160 2668 5230 φόῦος,
2711 5159 2836 5214 οὔτε
2879 5163 2912 5230 ἡ
2954 5160 3064 5213 τῶν
3110 5160 3326 5228 ὑφάλων
3354 5161 3595 5224 ὑπόνοια,
3616 5158 3739 5212 οὔτε

2177 5252 2450 5324 πειρατῶν
2469 5253 2730 5318 κίνδυνος,
2757 5252 2878 5306 οὔτε
2921 5253 3245 5322 πνευμάτων
3271 5253 3505 5323 ταραχὴ,
3543 5251 3665 5305 οὔτε
3704 5252 3739 5322 ἡ

2178 5347 2244 5398 ὲκ
2292 5344 2469 5415 βυθῶν
2500 5345 2872 5399 ἁνοιδαίνουσα
2918 5343 3008 5398 διὰ
3055 5342 3164 5397 τῶν
3195 5343 3412 5414 ἀνέμων
3457 5343 3738 5396 θάλασσα·

2178 5435 2313 5490 ἀλλά
2354 5438 2568 5491 πάντων
2612 5438 2719 5491 τῶν
2749 5437 3004 5490 τοιούτων
3043 5436 3302 5492 κινδύνων
3323 5436 3480 5499 ἐκτὸς
3504 5435 3740 5504 γίνονται

2176 5531 2228 5582 οἱ
2255 5531 2657 5602 χειμαζόμενοι,
2684 5529 2776 5583 τοῦ
2809 5530 3072 5599 πελάγους
3113 5529 3171 5583 ἐν
3201 5530 3279 5599 τῷ
3306 5531 3459 5600 ὅρμῳ
3484 5527 3742 5598 γαληνιά-

2179 5621 2381 5686 ζοντος.
2435 5624 2498 5676 Et
2525 5622 2702 5675 τοίνυν
2729 5621 2872 5675 οὕτω
2899 5640 2983 5684 τις
3009 5624 3108 5692 τὴν
3141 5621 3334 5675 ἑαυτοῦ
3361 5621 3537 5692 ψυχὴν
3571 5635 3738 5673 κατα-

2179 5717 2446 5787 στήσειεν,
2486 5717 2562 5778 ὠς
2598 5716 2766 5785 αὐτήν
2790 5732 2848 5768 τε
2891 5715 3130 5786 γαλήνην
3159 5714 3302 5784 ἔχειν
3333 5716 3391 5766 ἐν
3417 5713 3650 5783 ἀκύμονι
3673 5713 3740 5780 τῇ

2177 5809 2406 5881 ἠσυχίᾳ,
2457 5807 2620 5879 μηδὲν
2656 5807 3129 5879 παρακινουμένην
3161 5809 3237 5860 ιέκ
3277 5805 3384 5860 τῶν
3425 5804 3743 5874 πνευμάτων

1947 6483 1960 6492 ⁸
2093 6482 2164 6487 __
2171 6479 2260 6484 _____
