4110 6472
277 420 386 479 817

1303 433 1369 488 ΙΝ
1406 434 1704 494 CANTICA
1752 435 2020 495 CANTIC.
2068 436 2352 494 HOMILIA
2383 438 2472 495 Ill.

3403 439 3517 496 διε

273 543 379 613 τῆς
406 543 682 614 πονηρίας,
717 545 852 617 μήτε
879 546 945 599 δι’
973 547 1344 619 ὑπερηφανίας
1364 552 1717 620 οἰδαίνουσαν,
1748 555 1850 626 μή·

1961 571 2060 628 que
2089 557 2196 613 ulla
2229 558 2333 611 alia
2370 556 2635 612 undarum
2667 554 2833 610 animi
2870 554 3290 624 perturbatione,
3332 554 3509 612 ullove

275 649 340 685 τε
369 635 479 696 τοῖς
505 633 599 686 τοῦ
633 632 806 706 θυμοῦ
840 635 1075 707 κύμασιν
1114 639 1525 711 ὲξαφρίζουσαν,
1563 645 1702 716 μήτε
1730 647 1847 698 κατ’

278 723 410 777 ἄλλο
439 742 488 776 τι
532 723 698 788 πάθος
748 725 1243 800 κλυδωνιζομένην,
1286 733 1381 785 καὶ
1417 737 1850 808 περιφερομένην

282 816 446 870 παντὶ
471 817 675 887 ἀνέμῳ,
698 817 776 888 τῷ
801 817 870 870 τὰ
898 820 1116 874 ποικίλα
1141 821 1359 893 κύματα
1383 825 1492 879 τῶν
1517 826 1852 898 παθημάτων

279 905 546 976 ἐγείροντι
564 922 580 937 ’
611 907 658 958 εί
691 907 867 961 τοίνυν
896 909 1032 979 αὐτή
1055 927 1114 962 τε
1136 911 1309 976 οὕτως
1335 913 1468 984 ἔχοι,
1517 915 1610 967 καὶ
1641 917 1767 979 τοὺς
1793 917 1852 970 ὲν

279 993 360 1065 τῷ
396 994 621 1063 πελάγει
649 994 740 1048 τοῦ
773 995 886 1065 βίου
920 998 1346 1070 χειμαζομένους
1397 1004 1454 1055 ὲν
1500 1005 1620 1066 ταῖς
1658 1021 1853 1058 παντο-

279 1089 466 1143 δαπῶν
499 1091 616 1150 τῶν.
643 1091 826 1145 κακῶν
853 1094 1170 1166 τρικυμίαις
1195 1099 1251 1149 ὲν
1282 1099 1448 1169 ἑαυτῇ
1482 1097 1850 1166 καταστέλλοι,

280 1179 404 1233 λίαν
423 1181 602 1244 αὐτοῖς
631 1181 1082 1254 καὶίάκύμαντον
1115 1187 1214 1259 τὴν
1238 1188 1303 1242 δι’
1330 1192 1529 1262 ἀρετῆς
1583 1193 1726 1268 ζωὴν
1755 1196 1855 1266 ὑφ-

280 1271 602 1338 απλώσασα,
627 1271 764 1326 ὥστε
794 1279 918 1339 τοὺς
948 1277 1006 1329 ὲν
1038 1279 1174 1350 αὐτῇ
1203 1282 1493 1348 γεγονότας
1520 1284 1673 1349 ἐκτὸς
1705 1286 1852 1354 γίνε-

284 1363 409 1417 σθαι
443 1365 551 1417 τῶν
595 1366 657 1418 ἐκ
696 1368 955 1435 ναυαγίου
997 1369 1232 1438 κακῶν(
1258 1373 1436 1438 καλῶς
1477 1377 1588 1438 τοῖς
1616 1377 1719 1430 ὑπὸ
1759 1376 1851 1432 τοῦ

263 1451 456 1522 ’Λόγου
489 1454 896 1526 ἐπαινουμένοις
887 1459 1213 1544 *ἑρμίσκοις
1251 1463 1549 1544 ὁμοιοῦται,
1591 1467 1854 1544 τῆςλὶπλη-

283 1546 560 1640 θυνςίικῇς⁴
578 1550 849 1620 σημασίας
887 1537 1335 1625 ‘Eﬁi‘éﬁiacw
1361 1538 1628 1636 ἐίδείῗτῆς

1027 1638 1114 1696 Ἐἴ
1135 1643 1242 1715 γὰρ
1265 1637 1332 1715 ἦν
1360 1644 1438 1698 ἐνὶ
1466 1632 1609 1717 μόνω
1639 1635 1856 1719 προσει-

284 1719 828 1810 κασμένηόρμίσκῳ,
857 1721 1054 1803 ἀτελὴς
1097 1733 1164 1787 ἂν
1213 1734 1428 1801 πάντως
1456 1738 1486 1788 ό
1516 1736 1733 1801 ἔπαινος
1765 1734 1853 1808 ἦν,

285 1814 368 1900 ὡς
382 1817 441 1869 οὐ
461 1816 558 1886 τὴν
577 1813 742 1900 αὐτὴν
763 1823 853 1873 καὶ
872 1823 965 1874 ἐπὶ
980 1823 1088 1877 τῶν
1109 1823 1307 1880 λοιπῶν
1319 1828 1528 1896 ἀρετῶν
1551 1829 1856 1900 μαρτυρίαν

1949 658 2112 705 vento
2154 648 2283 714 lata,
2325 648 2416 716 qui
2467 647 2668 703 multos
2712 648 2911 703 excitat
2943 647 3141 702 lluctus
3175 647 3342 701 animi
3375 647 3510 703 atie-

1951 729 2136 798 etuum
2171 758 2184 794 :
2234 740 2281 796 si
2308 753 2438 810 ergo
2481 739 2600 809 ipsa
2635 739 2705 793 ita
2737 755 2796 795 se
2833 740 3050 808 haheat,
3094 749 3149 795 et
3194 755 3290 796 eos
3324 741 3418 810 qui
3455 743 3510 794 iu

1951 832 2089 888 mari
2118 832 2243 885 vita:
2291 838 2608 900 tempestate
2651 831 2924 900 agitantur
2973 835 3028 884 in
3085 832 3313 887 summis
3353 847 3516 888 omne

1951 939 2123 994 genus
2168 922 2435 977 malorum
2471 922 2726 980 ﬂuctibus
2759 923 2902 992 apud
2933 938 2992 978 se
3019 922 3074 977 in
3102 924 3395 993 tranquillo
3425 939 3510 979 re-

1954 1015 2150 1081 tineat,
2177 1014 2258 1069 eis
2287 1014 2500 1084 planam
2535 1020 2588 1069 et
2626 1015 2790 1070 nullis
2831 1014 3089 1085 procellis
3129 1015 3387 1084 agitatam
3420 1031 3515 1086 per

1952 1108 2212 1162 virtutem
2245 1106 2528 1176 explicans
2565 1106 2730 1160 vitam
2770 1124 2784 1159 :
2829 1105 2964 1164 adeo
2998 1115 3057 1160 ut
3093 1107 3186 1177 qui
3214 1107 3270 1161 in
3294 1121 3356 1162 ea
3398 1107 3517 1162 (nec

1954 1199 2064 1254 rint
2096 1197 2205 1253 sint
2231 1205 2386 1253 extra
2411 1196 2592 1250 omnia
2625 1197 2764 1251 mala
2795 1197 3088 1268 naufragii,
3123 1206 3270 1254 recte
3299 1213 3328 1251 a
3361 1198 3551 1276 Scri-ﬂ.

1954 1302 2113 1360 ptura
2146 1288 2482 1344 assimilatur
2515 1288 2818 1357 όρμίσκοις,
2850 1288 2903 1342 id
2934 1297 3040 1354 est,
3063 1291 3370 1360 torquibus,
3398 1277 3549 1362 qum:

1954 1381 2252 1437 efferuntur
2277 1395 2502 1434 numero
2540 1379 2759 1450 plurali,
2787 1395 2920 1435 voce
2965 1380 3305 1450 signiﬁcante
3342 1365 3546 1462 νοτία-ξ

1955 1472 2195 1526 ctionem
2221 1471 2276 1525 in
2308 1486 2637 1541 unaquaque
2669 1471 2888 1526 virtute.
2919 1469 2976 1526 Si
3006 1470 3152 1526 enim
3181 1471 3400 1528 unisoli
3423 1467 3548 1527 as—"

1957 1563 2192 1616 similata
2237 1563 2416 1632 torqui
2460 1569 2627 1622 esset,
2677 1561 2796 1616 laus
2832 1563 3054 1617 omnino
3099 1571 3246 1619 esset
3287 1563 3514 1628 inutilis,

1956 1651 2101 1720 quod
2125 1666 2232 1704 non
2262 1649 2402 1704 idem
2431 1649 2654 1705 haberet
2682 1651 3056 1704 testimonium
3089 1651 3142 1704 in
3167 1651 3380 1706 catteris
3403 1652 3516 1704 vir-

1959 1743 2207 1798 tutibus:
2243 1757 2390 1796 nunc
2433 1753 2613 1797 autem
2655 1743 2903 1797 oratione
2935 1742 3315 1810 complectitur
3359 1755 3518 1796 omne

1955 1825 2217 1880 virtutum
2265 1825 2662 1889 testimonium,
2703 1841 2825 1896 quae
2869 1827 2928 1880 ﬁt
2955 1827 3234 1894 torquium
3267 1825 3516 1880 multitu-

257 1896 662 1993 νύξ’δὲ
683 1905 859 1984 πᾶσαν
879 1901 1238 1986 συλλαμϐάνει
1260 1916 1337 1988 τῷ
1354 1919 1495 1988 λόγῳ
1518 1903 1852 1992 ’,ἀρετῶν

1961 1917 2068 1971 dini
2104 1917 2450 1972 assimilatio.
2487 1917 2580 1972 Est
2606 1917 2709 1972 hoc
2737 1931 2955 1988 quoque
2985 1918 3298 1981 consilium,
3317 1915 3461 1988 quod
3487 1931 3518 1969 a

265 1985 698 2076 ξ’τῆνήμᾶρτυρίαν
735 2003 767 2072 ἡ
789 2004 922 2074 πρὸς
943 2005 1002 2056 τὸ
1023 1985 1223 2076 πλῆθος
1243 1985 1350 2061 τῶν
1370 1985 1643 2080 ὀρμίςκων
1660 1985 1856 2081 δμοίω-

283 2085 709 2180 ἓῖπεϊτοῠτο
735 2095 1016 2166 συμϐουλὴ
1033 2097 1114 2160 τίς
1145 2096 1262 2151 ἐστι
1288 2102 1439 2172 παρὰ
1457 2091 1556 2154 ’τοῦ
1584 2085 1753 2171 Λόγου
1780 2091 1855 2173 τῷ

288 2173 452 2248 τῶἱῧῷ
473 2180 573 2250 τῆς
605 2182 924 2254 Ἐκκλησίας
958 2191 1363 2261 προσαγομένη,
1390 2192 1449 2246 τὸ
1475 2192 1549 2264 μὴ
1575 2193 1682 2246 δεῖν
1711 2196 1853 2266 ἡμᾶς

290 2270 424 2359 πρὸς
453 2271 510 2352 ἓν
533 2289 592 2356 τι.
619 2273 730 2356 τῶν
763 2277 979 2346 ἀγαθῶν
1021 2279 1334 2352 βλέποντας,
1382 2285 1600 2354 ἀμελῶς
1635 2289 1762 2359 περὶ
1787 2288 1854 2341 τά

290 2358 450 2415 λοιπὰ
473 2364 579 2416 τῶν
605 2366 1040 2440 κατορθωμάτων
1066 2371 1228 2442 ἔχειν.
1263 2373 1400 2426 Ἀλλ’
1436 2375 1490 2427 εἴ
1521 2393 1602 2429 σοι
1637 2358 1859 2446 γέγονεν

288 2452 514 2524 ὄρμοςὴ
552 2459 893 2533 σωφροσύνη.
945 2463 1192 2536 καθάπερ
1234 2466 1345 2524 τισὶ
1389 2469 1754 2538 μαργαρίταις
1781 2468 1860 2539 τῷ

289 2543 512 2616 καθαρῷ
535 2547 633 2618 βίῳ
662 2550 752 2602 τὸν
776 2552 1043 2623 τράχηλον
1076 2553 1407 2626 λαμπρύνων
1435 2575 1449 2586 ·
1472 2557 1613 2610 ἕστω
1655 2559 1738 2610 σοὶ
1767 2559 1862 2612 καὶ

288 2633 471 2704 ἔτερος
496 2636 683 2708 ὅρμος,
722 2641 750 2692 ό
782 2643 905 2705 τοὺς
947 2644 1162 2713 τιμίους
1189 2645 1370 2710 λίθους
1396 2647 1504 2700 τῶν
1544 2649 1774 2701 ἐντολῶν
1802 2651 1861 2703 ὲν

291 2723 466 2811 ἑαυτῷ
495 2729 855 2799 περιείργων,
891 2733 983 2785 καὶ
1015 2733 1082 2786 δι’
1116 2735 1308 2789 ἑαυτοῦ
1343 2738 1438 2808 τῆς
1476 2740 1673 2811 δέρρης
1701 2741 1859 2793 πλεο-

291 2808 466 2872 νάςων
494 2812 554 2864 τὸ
583 2814 776 2877 κάλλος
795 2833 808 2847 ·
863 2817 1002 2872 ἔστω
1039 2821 1120 2874 σοὶ
1152 2824 1246 2876 καὶ
1281 2824 1439 2889 ἄλλος
1472 2808 1672 2898 κόσμος
1700 2846 1856 2900 περι⁴

292 2902 554 2971 αυχένιος,
580 2906 612 2976 ή
635 2907 860 2978 εὐσεϐής
885 2926 946 2962 τε
967 2912 1062 2964 καὶ
1085 2914 1400 2982 ὑγιαίνουσα
1433 2917 1636 2982 πίστις,
1677 2920 1859 2990 κύκλῳ

291 2993 382 3045 τὸν
423 2993 519 3064 τῆς
553 2995 728 3068 ψυχῆς
768 3001 971 3071 αὐχένα
998 3004 1456 3076 διαλαμϐάνουσα.
1519 3007 1685 3077 Οὗτός
1711 3015 1859 3077 ἐστιν

292 3083 514 3166 nodoso;
584 3088 811 3160 χρύσεος
840 3093 868 3144 ὁ
893 3095 958 3146 ὲκ
983 3094 1078 3147 τοῦ
1111 3097 1388 3170 ἀκηράτου
1416 3103 1514 3174 τῆς
1535 3081 1861 3172 θεογνωσίας

1957 2008 2139 2065 Verbo
2179 2011 2452 2079 praebetur
2498 2010 2594 2064 toti
2639 2009 2916 2076 Ecclesiae,
2977 2025 3088 2065 non
3121 2018 3373 2080 oportere
3419 2024 3520 2064 nos

1957 2099 2022 2152 ad
2046 2116 2210 2153 unum
2231 2099 2447 2170 aliquod
2470 2099 2670 2154 bonum
2694 2099 3044 2170 aspicientes,
3063 2101 3118 2154 in
3139 2099 3351 2155 eaateris
3374 2107 3520 2154 recte

1956 2189 2118 2246 factis
2153 2206 2275 2245 esse
2298 2191 2650 2263 negligentes.
2718 2189 2823 2246 Sed
2851 2191 2897 2246 si
2928 2191 2998 2246 sit
3033 2191 3126 2246 tibi
3159 2191 3360 2246 monile
3387 2200 3520 2246 tem-

1954 2282 2234 2352 perantia},
2266 2282 2432 2336 veluti
2475 2282 2802 2351 quibusdam
2847 2283 3187 2351 margaritis,
3237 2297 3371 2352 pura
3413 2281 3521 2336 vita

1954 2374 2008 2428 in
2030 2374 2171 2427 collo
2203 2373 2556 2442 resplendens
2589 2391 2602 2427 :
2651 2374 2724 2428 sit
2758 2374 2854 2426 tibi
2910 2373 3057 2428 aliud
3090 2375 3320 2438 monile,
3373 2377 3518 2444 quod

1955 2465 2231 2534 pretiosas
2253 2479 2503 2532 gemmas
2529 2449 2926 2534 praeceptorum
2955 2464 3008 2518 in
3048 2480 3106 2520 se
3139 2465 3437 2529 contineat,
3467 2476 3521 2520 et

1957 2571 2053 2626 per
2084 2571 2142 2610 se
2176 2556 2229 2609 in
2262 2555 2475 2610 cervice
2503 2557 2778 2626 copiosam
2819 2556 3127 2625 suppeditet
3165 2556 3522 2626 pulchritudi—

1959 2662 2106 2701 nem.
2142 2645 2222 2700 Sit
2252 2646 2416 2700 etiam
2438 2646 2537 2700 tibi
2565 2645 2712 2700 aliud
2739 2646 2861 2700 colli
2890 2630 3293 2713 ornamentum,
3330 2662 3523 2716 nempe

1958 2738 2167 2807 pietas,
2210 2745 2471 2806 rectaque
2499 2746 2552 2790 et
2586 2752 2717 2791 sana
2754 2738 2914 2802 tides,
2963 2739 3016 2791 in
3067 2739 3254 2792 orbem
3286 2739 3521 2792 circum-

1961 2831 2098 2884 daus
2126 2828 2324 2884 collum
2351 2831 2562 2882 animae.
2608 2827 2719 2882 Hoc
2761 2837 2845 2883 est
2871 2829 3072 2883 collare
3100 2843 3348 2896 aureum,
3379 2829 3521 2899 quod

1961 2937 2026 2976 ex
2056 2923 2274 2977 sincero
2308 2936 2447 2976 auro
2473 2920 2563 2974 Dei
2591 2921 2921 2991 cognitionis
2947 2921 3092 2976 circa
3123 2922 3323 2977 collum
3356 2921 3522 2976 reful-

1962 3021 2051 3084 get
2082 3031 2096 3066 :
2143 3013 2209 3068 de
2231 3026 2337 3082 quo
2365 3012 2496 3066 dicit
2531 3010 2895 3081 proverbium,
2926 3010 3194 3065 Coronam
3225 3012 3524 3082 gratiarum

1967 3103 2192 3173 accipies
2221 3113 2308 3156 tuo
2343 3102 2526 3172 capiti,
2555 3111 2602 3155 et
2635 3110 2839 3170 torques
2875 3117 3062 3155 aureos
3089 3101 3225 3156 collo
3257 3100 3431 3155 tuo".

295 3161 515 3256 χρυσίου
537 3178 620 3248 ’τῷ
642 3183 896 3254 τραχήλῳ
918 3161 1390 3258 περιλαμπόμενος
1413 3207 1427 3220 ⁸
1466 3161 1593 3261 περὶ
1615 3161 1673 3248 οῖ)
1697 3161 1861 3264 φησιν
1897 3193 1933 3264 ἡ
1979 3161 2275 3266 παροιμία·
2324 3161 2418 3246 ὅτι,
2471 3161 2778 3260 Στέφανόν
2815 3192 3073 3259 χαρίτων
3100 3191 3244 3259 δέξῃ
3281 3190 3365 3260 σῇ
3428 3208 3528 3245 κθ⁴⁶

289 3265 475 3335 ρυφῇ,
511 3271 608 3323 καὶ
633 3273 841 3327 κλοιὸν
867 3278 1133 3344 χρύσεον
1157 3279 1290 3349 περὶ
1313 3280 1393 3347 τῷ
1419 3283 1715 3352 τραχήλῳ.

363 3362 427 3414 Ἦ
443 3363 540 3432 μὲν
559 3361 650 3418 οὗν
665 3366 752 3421 διὰ
767 3368 873 3421 τῶν
890 3371 1167 3441 ὁρμίσκων
1187 3375 1460 3450 συμϐουλὴ
1481 3376 1723 3451 τοιαύτη.
1747 3378 1860 3432 Και-

2041 3377 2219 3444 Atque
2266 3382 2350 3427 est
2399 3371 2614 3442 quidem
2649 3368 2916 3438 ejusmodi
2955 3369 3241 3424 consilium
3277 3385 3373 3440 per
3415 3379 3528 3423 tor-

301 3452 388 3522 ρδς
410 3455 474 3507 ἂν
502 3455 583 3527 εἴη
603 3459 696 3510 καὶ
711 3460 800 3512 τὸν
825 3461 1019 3532 ἑφεξῆς
1036 3463 1190 3532 λόγον
1215 3467 1527 3537 προσθεῖναι
1547 3473 1611 3540 τῇ
1641 3470 1860 3542 θεωρίᾳ,

296 3541 354 3593 δν
379 3544 426 3596 oi
444 3543 583 3612 φίλοι
605 3547 696 3599 τοῦ
721 3551 950 3619 νυμφίου
972 3553 1104 3623 πρὸς
1126 3556 1223 3626 τὴν
1243 3559 1506 3629 παρθένον
1521 3541 1858 3631 πεποίηνται.

303 3634 457 3687 Ἔστι
471 3635 525 3688 δὲ
548 3639 737 3706 ἡλέξις
759 3641 893 3713 α’ύτη
913 3661 925 3673 ·
952 3643 1304 3716 Ὀμοιώματα
1325 3652 1580 3718 χρυσίου
1603 3652 1864 3720 ποιήσω-

291 3726 407 3794 μέν
420 3741 516 3778 σοι
536 3729 679 3794 μετὰ
701 3733 1036 3801 στιγμάτων
1062 3737 1164 3790 τοῦ
1192 3740 1450 3810 ἀργύρου
1468 3759 1480 3771 ·
1508 3741 1618 3809 ἕως
1642 3747 1674 3797 ὁ
1691 3745 1866 3809 ,βασι-

297 3815 441 3881 λεὺς
459 3816 528 3869 ἐν
554 3819 872 3875 ἀνακλίσει
896 3826 1102 3880 αὐτοῦ.
1131 3827 1345 3884 Τούτων
1370 3831 1446 3896 δὲ,
1481 3833 1558 3903 τῷ
1598 3823 1696 3903 μὲν
1727 3835 1865 3905 πρὸς

299 3907 388 3959 τὸν
403 3908 592 3979 εἱρμὸν
609 3910 855 3980 βλέποντι
872 3918 968 3985 τῆς
991 3920 1450 3992 προαποδοθείσης
1465 3925 1595 3994 ἡμῖν
1612 3925 1862 3997 θεωρίας,

299 3997 444 4051 δοκεῖ
473 4016 587 4063 πως
627 4004 660 4072 ἡ
699 4002 903 4058 διάνοια
935 4009 1300 4080 συνηρτῆσθαι
1335 4013 1429 4064 καὶ
1465 4013 1526 4065 τὸ
1571 4014 1864 4067 ἀκόλουθον

302 4089 460 4160 ἔχειν.
497 4091 561 4146 Ἦ
584 4093 638 4147 δὲ
667 4094 809 4161 λέξις
837 4097 1210 4167 ἐμϐαθύνουσα
1238 4106 1355 4168 ταῖς
1379 4108 1662 4175 τροπικαῖς
1690 4123 1866 4176 σημα-

306 4179 464 4244 σίαις,
509 4182 940 4255 δυσκατανόητον
980 4192 1124 4242 ποιεῖ
1153 4191 1214 4242 τὸ
1254 4191 1342 4245 διὰ
1381 4193 1491 4245 τῶν
1529 4196 1864 4264 αἰνιγμάτων

301 4268 643 4341 δηλούμενον.
703 4275 918 4348 Ἐπειδὴ
964 4277 1072 4350 γὰρ
1118 4283 1178 4332 τὸ
1217 4281 1316 4351 τῆς
1363 4281 1538 4353 ψυχῆς
1582 4285 1773 4346 κάλλος
1798 4287 1862 4355 τῇ

304 4359 453 4431 ἵππῳ
481 4365 547 4434 τῇ
578 4363 927 4438 καθαιρετικῇ
955 4369 1061 4421 τῶν
1097 4358 1420 4439 ΑίῨυπτίων
1459 4376 1716 4446 ἁρμάτων
1735 4367 1866 4447 Δάφ-

301 4452 575 4524 ωμοιώθη,
603 4456 845 4510 τουτέστι
875 4462 939 4529 τῇ
963 4461 1224 4534 άγγελικῇ
1258 4469 1484 4536 στρατιᾷ
1504 4484 1516 4495 '
1543 4470 1605 4539 τῆ
1634 4469 1690 4521 δὲ
1716 4469 1866 4542 ἵππῳ

301 4542 484 4634 ἐκείνῃ
516 4547 677 4614 φησὶν
701 4547 730 4598 ό
755 4547 914 4612 καλὸς
938 4551 1220 4623 ἐπιϐάτης,
1245 4555 1458 4624 χαλινὸν
1486 4559 1582 4629 μὲν
1607 4554 1742 4614 εἶναι
1768 4563 1866 4634 τὴν

301 4633 666 4706 καθαρότητα,
703 4639 768 4708 ἢν
795 4639 883 4692 διὰ
910 4641 1001 4694 τοῦ
1031 4644 1293 4713 ὁμοιῶσαι
1336 4647 1432 4711 τὰς
1464 4651 1714 4720 σιαγόνας
1747 4633 1866 4716 ταῖς

1970 3482 2126 3537 ques.
2157 3464 2394 3533 Tempus
2439 3470 2522 3517 est
2559 3469 2736 3514 autem
2768 3459 3068 3514 deducendi
3094 3459 3161 3513 ad
3195 3462 3527 3529 contempla-

1964 3559 2166 3613 tionem
2200 3571 2263 3610 ea
2289 3569 2503 3624 quoque
2532 3553 2695 3607 verba
2743 3567 2862 3621 quae
2903 3551 3062 3604 amici
3098 3550 3283 3620 sponsi
3320 3550 3526 3604 faciunt

1964 3648 2030 3702 ad
2093 3646 2372 3715 virginem.
2421 3643 2515 3699 Est
2572 3653 2750 3698 autem
2809 3641 3118 3709 hujusmodi
3173 3640 3374 3704 dictio,
3437 3641 3529 3696 Si—

1965 3737 2287 3792 militudines
2343 3735 2463 3788 auri
2505 3734 2756 3802 faciemus
2797 3732 2890 3786 tibi
2939 3749 3056 3786 cum
3109 3735 3246 3786 uotis
3282 3733 3527 3803 argenti:

1964 3833 2124 3883 donec
2163 3843 2255 3883 rex
2299 3829 2353 3880 in
2394 3825 2634 3900 accubitu
2679 3840 2794 3878 suo.
2851 3823 3049 3876 Eorum
3079 3831 3283 3888 autem,
3321 3825 3369 3878 ei
3405 3826 3530 3895 qui-

1966 3921 2085 3975 dem
2121 3919 2210 3990 qui
2245 3915 2439 3986 aspicit
2487 3913 2551 3967 ad
2600 3914 2793 3969 seriem
2835 3914 2988 3982 prius
3021 3913 3162 3968 data:
3202 3915 3360 3970 nobis
3390 3930 3525 3970 con-

1967 4010 2354 4080 templationis,
2390 4007 2604 4060 videtur
2645 4004 3044 4076 quodammodo
3095 4005 3370 4075 perfectus
3402 4022 3524 4062 esse

1966 4119 2160 4160 sensus
2193 4110 2249 4158 et
2288 4101 2489 4156 habere
2520 4096 2984 4166 consequentiam.
3037 4097 3301 4152 Dietiouis
3351 4112 3529 4151 autem

1967 4204 2255 4250 contextus
2281 4190 2578 4262 profundas
2601 4189 2806 4243 habens
2829 4188 3065 4257 trepicas
3088 4189 3529 4259 signiﬁcationes,

1967 4287 2128 4342 etlicit
2156 4297 2214 4340 ut
2239 4285 2311 4342 sit
2339 4284 2615 4338 intellectu
2641 4280 2876 4344 difficile,
2907 4281 3048 4350 quod
3071 4283 3409 4352 significatur
3433 4297 3530 4350 per

1967 4380 2274 4446 aenigmata.
2323 4374 2456 4429 Nam
2486 4373 2743 4443 quoniam
2782 4371 3130 4441 pulchritudo
3165 4373 3359 4426 anima:
3396 4373 3534 4426 assi-

1970 4471 2154 4525 milata
2183 4467 2284 4522 fuit
2309 4461 2465 4535 equis
2495 4464 2585 4534 qui
2614 4479 2810 4518 currus
2841 4461 3070 4533 Perdunt
3097 4460 3408 4533 Egyptios,
3432 4462 3534 4516 hoc

1969 4569 2053 4616 est
2085 4558 2350 4615 exercitui
2385 4555 2632 4627 angelico
2676 4573 2688 4607 :
2725 4554 2832 4608 illis
2865 4561 3046 4608 autem
3087 4555 3244 4623 equis
3278 4553 3407 4606 dicit
3439 4553 3534 4606 bo-

1973 4671 2074 4709 nus
2092 4667 2347 4708 ascensor
2377 4650 2588 4704 frenum
2625 4648 2844 4718 quidem
2877 4662 2997 4701 esse
3023 4647 3340 4716 puritatem,
3366 4661 3528 4714 quam

303 4727 556 4795 τρυγόσιν
589 4730 908 4800 ἐνεσήμαινε
934 4749 947 4763 ³
1005 4735 1206 4803 κόσμον
1246 4738 1303 4791 δὲ
1339 4741 1714 4811 περιαυχένιον
1741 4746 1860 4808 τοὺς

1972 4743 2294 4816 significavit
2319 4758 2419 4812 per
2450 4739 2555 4793 hoc
2578 4715 2724 4808 quod
2752 4715 3075 4791 assimilav’it
3102 4751 3270 4807 genas
3309 4739 3536 4790 turturi-

305 4816 576 4881 ποικίλους
600 4819 802 4890 ὅρμους
827 4824 952 4886 τοὺς
987 4824 1072 4878 διά
1108 4827 1214 4880 τῶν
1249 4831 1455 4901 ἀρετῶν
1498 4834 1868 4904 περιστίλόον-

302 4923 400 4971 τας
419 4924 433 4938 σ
462 4908 737 4978 βούλονταί
763 4929 882 4966 τινα
910 4917 1003 4968 καὶ
1031 4919 1078 4969 oi
1112 4919 1255 4986 φίλοι
1285 4923 1610 4995 προσθήκην
1634 4925 1712 4996 τῷ
1739 4927 1870 4980 κάλ-

305 4998 384 5050 λει
415 5001 519 5068 τῆς
552 5002 716 5055 ἵππου
767 5007 1114 5076 ποιήσασθαι,
1170 5011 1226 5077 ἐξ
1267 5014 1622 5082 ὁμοιωμάτων
1647 5019 1868 5088 χρυσίου

306 5093 773 5162 κατακοσμοῦντες
813 5097 883 5150 τὰ
923 5100 1151 5171 φάλερα,
1184 5096 1264 5166 οἷς
1309 5106 1607 5171 ἐνστίζουσι
1641 5110 1734 5162 καὶ
1776 5110 1869 5163 τοῦ

306 5184 566 5252 ἀργυρίου
593 5186 692 5257 τὴν
727 5187 1103 5263 καθαρότητα,
1153 5195 1228 5258 ὡς
1258 5196 1323 5249 ἂν
1361 5197 1558 5267 μᾶλλον
1584 5199 1873 5270 διαλάμποι

306 5272 372 5324 τὸ
392 5275 582 5340 κάλλος
617 5279 712 5332 τοῦ
751 5285 1035 5354 προκοσμή
1046 5303 1234 5355 ματος,
1262 5288 1360 5356 τῆς
1385 5291 1555 5360 αὐτῆς
1587 5291 1680 5344 τοῦ
1705 5293 1841 5364 ἀργύ
1858 5323 1873 5334 ⁸

311 5381 406 5435 ρου
438 5365 572 5436 πρδς
606 5371 704 5441 τὴν
744 5372 1060 5443 λαμπηδόνα
1104 5377 1199 5430 τοῦ
1244 5380 1466 5449 χρυσίου
1509 5386 1872 5455 συγκιρναμέ-

307 5470 424 5524 νης.
491 5455 804 5526 Ἀναγκαῖον
849 5461 894 5514 δ’
931 5464 997 5517 ἂν
1037 5465 1122 5536 είη
1161 5466 1260 5532 τὰς
1308 5471 1571 5539 τροπικὰς
1610 5474 1874 5542 ἐμφάσεις

307 5546 724 5613 καταλιπόντας,
745 5551 1054 5627 ὠφελούσης
1084 5561 1231 5629 ἡμᾶς
1262 5561 1494 5626 διανοίας
1534 5564 1608 5635 μὴ
1639 5567 1872 5636 ἀποστῆ-

310 5653 399 5692 σαι
433 5637 522 5693 τὸν
550 5640 723 5710 λόγον.
787 5647 1158 5723 Προσεικάσθη
1211 5655 1306 5724 μὲν
1348 5656 1528 5729 ἐκείνῃ
1560 5660 1623 5729 τῇ
1655 5659 1804 5728 ἵππῳ
1838 5661 1868 5730 ἡ

386 5817 428 5846 ’τ’
451 5815 608 5873 Prov.
654 5837 691 5883 ι,
724 5821 776 5873 8.

1967 4839 2068 4892 bus
2103 4856 2116 4890 :
2157 4842 2408 4890 ornatum
2431 4842 2612 4885 autem
2639 4839 2693 4884 et
2718 4829 2942 4890 collare,
2978 4828 3126 4882 varia
3159 4829 3380 4882 monilia
3414 4845 3533 4899 qua:

1969 4928 2311 4998 resplendent
2359 4941 2455 4994 per
2492 4923 2752 4988 virtutes;
2801 4922 2995 4974 volunt
3035 4922 3196 4975 etiam
3233 4922 3394 4975 amici
3432 4923 3526 4975 ali-

1969 5033 2132 5087 quam
2166 5015 2278 5068 fieri
2314 5011 2682 5067 accessionem
2723 5009 2844 5079 equi
2885 5009 3300 5079 pulchritudini,
3332 5025 3536 5063 ornan-

1970 5117 2051 5162 tes
2068 5107 2316 5176 phaleras
2334 5120 2397 5157 ex
2413 5103 2528 5156 auri
2547 5101 3012 5162 similitudinibus,
3040 5101 3236 5170 quibus
3251 5100 3410 5153 etiam
3427 5099 3527 5151 im-

1975 5197 2216 5266 primunt
2250 5201 2409 5247 notas
2430 5191 2685 5261 puritatis
2712 5191 2940 5262 argenti,
2972 5199 3029 5244 ut
3053 5191 3224 5260 magis
3252 5188 3534 5258 splendeat

1974 5285 2328 5358 pulchritudo
2367 5283 2694 5341 ornamenti.
2728 5283 2935 5352 fulgore
2977 5281 3183 5351 argenti
3218 5288 3530 5346 contempe-

1973 5387 2092 5433 rato
2119 5394 2240 5432 cum
2265 5377 2442 5431 nitore
2472 5375 2609 5429 auri.
2633 5374 2868 5429 Necesse
2896 5382 3073 5427 autem
3103 5371 3283 5435 fuerit,
3309 5371 3532 5439 tropicis

1952 5470 2179 5525 relictis
2228 5465 2736 5539 significationibus,
2777 5481 2884 5519 non
2929 5464 3205 5518 dimovere
3231 5462 3533 5515 orationem

1979 5565 2048 5619 ab
2075 5579 2139 5619 eo
2183 5579 2346 5618 sensu
2390 5560 2478 5631 qui
2530 5559 2684 5613 nobis
2719 5558 2912 5628 prosit.
2974 5555 3086 5609 Illis
3131 5553 3346 5623 quidem
3379 5553 3534 5622 cquis

1982 5658 2080 5712 fuit
2109 5655 2404 5711 assimilata
2432 5667 2550 5723 quat
2574 5667 2668 5722 per
2695 5651 2922 5704 virtutes
2954 5654 3176 5718 purgata
3205 5645 3303 5699 fuit
3328 5644 3526 5698 anima.
