4110 6506
601 479 708 537 819

1827 481 1885 540 S.
1911 481 2238 540 GREGORII
2276 481 2560 539 NYSSEM

3726 476 3840 533 829

599 592 705 648 bed
741 590 979 646 nondum
1004 599 1122 647 erat
1149 591 1326 648 Verbo
1359 593 1624 666 subjecta,
1653 611 1833 666 neque
1867 598 1922 652 in
1957 614 2016 655 se
2038 613 2162 669 pur-

2270 597 2350 651 διά
2373 597 2480 653 τῶν
2507 598 2714 671 ἀρετῶν
2750 596 3128 671 κεκαθαρμένη
3161 595 3330 668 ψυχή.
3390 595 3528 649 Ἀλλ’
3558 592 3714 648 οὔπω
3739 590 3840 646 τοῦ

597 684 736 736 tavit
761 697 908 748 eum,
935 683 1028 754 qui
1052 693 1271 755 pr0pter
1294 686 1523 742 salutem
1547 689 1846 744 vehebatur
1871 690 1956 746 his
1980 691 2159 760 equis.

599 774 898 846 Oportebat
925 776 1070 831 enim
1113 779 1349 847 primum
1392 795 1490 848 per
1523 782 1707 836 omnia
1757 793 2008 838 ornatum
2039 797 2162 838 esse

598 881 823 934 equum,
861 875 915 920 et
957 865 1155 921 deinde
1190 883 1314 922 eum
1350 885 1531 940 regem
1575 879 1852 926 vectorem
1891 873 2157 941 accipere.

597 954 679 1006 An
710 961 888 1008 autem
911 969 976 1010 ex
999 955 1108 1010 alto
1133 971 1332 1026 equum
1360 957 1464 1013 sibi
1481 961 1873 1023 accommodet,
1893 960 1940 1016 is
1969 961 2084 1031 qui,
2103 968 2163 1014 ut

597 1044 734 1098 dicit
764 1043 1066 1116 Propheta,
1110 1063 1276 1118 super
1309 1063 1408 1104 nos
1439 1065 1610 1120 equos
1639 1053 1905 1118 ascendit,
1945 1060 2000 1108 et
2039 1067 2165 1122 pro-

598 1148 718 1204 pter
757 1145 1000 1192 nostram
1031 1140 1258 1196 salutem
1293 1156 1458 1212 super
1490 1157 1591 1199 nos
1631 1145 1858 1214 equitat,
1902 1161 1970 1200 an
1998 1146 2161 1200 etiam

600 1229 670 1281 sit
701 1231 753 1282 in
785 1230 963 1294 nobis,
993 1232 1086 1300 qui
1112 1231 1376 1286 inhabitat
1399 1241 1455 1288 et
1476 1234 1938 1301 inambulat,ctin
1968 1236 2163 1290 anima:

599 1329 805 1375 nostra:
835 1320 1102 1391 profunda
1129 1332 1387 1394 permeat,
1420 1324 1555 1379 nihil
1578 1324 1745 1382 refert
1771 1327 1914 1396 quod
1947 1327 2012 1381 ad
2040 1342 2165 1382 sen-

601 1423 721 1462 sum
753 1411 964 1465 attinet.
994 1411 1095 1467 Cui
1123 1413 1268 1467 enim
1295 1420 1380 1469 est
1403 1429 1572 1469 unum
1602 1431 1669 1471 ex
1697 1417 1984 1480 ambobus,
2017 1417 2162 1485 quod

603 1503 867 1571 reliquum
893 1512 977 1558 est
995 1505 1156 1559 etiam
1186 1520 1246 1562 se
1265 1513 1411 1562 recte
1435 1506 1614 1562 habet.
1643 1506 1777 1562 Nam
1801 1516 1854 1563 et
1875 1509 1965 1578 qui
1992 1507 2162 1564 Deum

602 1609 768 1662 supra
797 1610 858 1649 se
888 1595 1072 1661 habet,
1101 1598 1327 1654 omnino
1357 1598 1525 1655 etiam
1561 1598 1616 1652 in
1654 1613 1714 1655 se
1739 1600 1900 1654 habet
1929 1619 1941 1656 :
1987 1613 2040 1655 et
2070 1603 2162 1672 qui

603 1684 656 1735 in
685 1698 744 1737 se
764 1689 991 1755 accepit,
1016 1689 1160 1742 suhit
1189 1703 1313 1745 eum
1338 1690 1430 1760 qui
1465 1689 1520 1744 in
1549 1691 1730 1761 seipso
1758 1703 1860 1746 est.
1894 1691 2007 1748 Rex
2035 1710 2165 1765 ergo

599 1783 685 1828 est
709 1776 995 1844 quieturus
1023 1794 1186 1845 super
1215 1780 1362 1836 hunc
1393 1795 1618 1850 equum.
1667 1780 1725 1836 In
1767 1781 1950 1837 divina
1981 1792 2162 1839 autem

601 1875 864 1934 potestate
881 1865 1022 1924 idem
1045 1879 1149 1933 est,
1167 1880 1223 1925 ut
1243 1871 1450 1926 dictum
1468 1880 1571 1938 est,
1587 1873 1760 1928 sessio
1779 1880 1833 1927 et
1854 1874 2162 1940 accubitus,

2265 690 2436 758 Λόγου
2465 691 2683 760 γέγονεν
2705 689 3030 760 ὑποχείριος,
3053 688 3172 742 οὑδὲ
3199 687 3496 741 ἐϐάστασεν
3526 687 3610 755 ἐφ’
3634 682 3844 752 ἑαυτῆς

2263 780 2354 834 τὸν
2369 781 2460 835 ἐπὶ
2478 781 2718 854 σωτηρίᾳ
2731 784 2841 845 τοῖς
2858 780 3116 844 τοιούτοις
3129 777 3484 850 ὲποχοὺμενον
3499 773 3843 844 ἵπποιςοΧρὴ

2265 871 2372 942 γὰρ
2404 871 2619 943 πρῶτον
2654 871 2742 925 διὰ
2778 873 2995 925 πάντων
3030 868 3508 941 κατακοσμηθῆναι
3528 867 3618 921 τὸν
3641 867 3841 929 ἵππον,

2265 959 2365 1015 εἷθ’
2391 962 2562 1026 οὕτως
2589 961 2678 1015 τὸν
2702 960 2926 1030 βασιλέα
2947 961 3139 1031 ἔποχον
3167 959 3438 1026 δέξασθαι.
3459 956 3582 1011 Εἴτε
3606 956 3662 1008 δὲ
3683 955 3838 1009 ἄνω-

2265 1054 2355 1107 θεν
2381 1053 2556 1125 ἐαυτῷ
2574 1051 2874 1124 ὲφαρμόζοι
2895 1052 2985 1106 τὸν
3010 1052 3192 1117 ἵππον,
3213 1052 3243 1104 ὁ
3273 1048 3415 1105 κατά
3431 1049 3520 1102 τὸν
3540 1048 3841 1118 Προφήτην

2264 1143 2554 1197 ἐπιϐαίνων
2585 1143 2669 1212 ἐφ’
2713 1143 2858 1214 ημᾶς
2905 1141 3031 1205 τοὺς
3061 1141 3258 1204 ἵππους
3276 1178 3291 1203 ,
3339 1138 3432 1192 καὶ
3459 1137 3551 1191 ἐπὶ
3581 1135 3837 1204 σωτηρίᾳ

2265 1233 2422 1306 ἡμῶν
2445 1232 2812 1304 ἱππαζόμενος
2836 1248 2850 1262 ·
2875 1232 2988 1310 ἐίτε
3010 1231 3103 1285 καὶ
3127 1231 3183 1283 ὲν
3205 1231 3239 1301 ἡ
3248 1232 3337 1301 μίν
3359 1228 3584 1298 γένοιτο,
3602 1224 3839 1280 ὲνοικῶν

2263 1343 2323 1378 τε
2349 1325 2444 1378 καὶ
2462 1323 2872 1396 ἐμπεριπατῶν,
2893 1322 2985 1376 καὶ
3003 1322 3094 1375 ἐπὶ
3112 1321 3182 1374 τά
3201 1320 3339 1391 βάθη
3353 1318 3452 1390 τῆς
3471 1317 3646 1388 ψυχῆς
3669 1314 3836 1386 ἡμῶν

2264 1416 2627 1486 διαδυόμενος,
2656 1413 2809 1468 οὐδὲν
2833 1413 3077 1484 διαφέρει
3097 1411 3237 1466 κατά
3263 1410 3360 1482 τὴν
3381 1409 3604 1462 έννοιαν.
3627 1401 3698 1478 ᾯ
3724 1405 3842 1476 γὰρ

2265 1505 2332 1560 ἂν
2351 1505 2411 1558 τὸ
2449 1504 2508 1559 ἓν
2543 1504 2602 1569 ἐξ
2629 1503 2949 1575 ἀμφοτέρων
2978 1502 3219 1573 γένηται,
3263 1496 3702 1571 συγκατωρθώθη
3744 1497 3847 1548 καὶ

2263 1597 2324 1651 τὸ
2345 1596 2681 1666 λειπόμενον.
2704 1595 2775 1648 Ὀ
2794 1611 2853 1648 τε
2868 1595 2976 1668 γὰρ
2997 1595 3080 1665 ἐφ’
3100 1591 3290 1647 ἑαυτοῦ
3307 1591 3397 1646 τὸν
3413 1589 3544 1644 Θεὸν
3560 1589 3720 1660 ἔχων,
3743 1591 3846 1640 καὶ

2265 1688 2323 1740 ὲν
2344 1686 2518 1757 ἑαυτῷ
2538 1687 2750 1748 πάντως
2770 1685 2881 1756 ἔχει
2895 1701 2910 1716 ο
2931 1686 3022 1740 καὶ
3038 1687 3067 1738 ὁ
3082 1687 3139 1739 ὲν
3155 1683 3330 1755 ἑαυτῷ
3347 1682 3633 1754 δεξάμενος
3657 1679 3845 1749 ὑπέϐη

2264 1778 2355 1832 τὸν
2383 1779 2439 1831 ὲν
2475 1778 2622 1850 αὑτῷ
2652 1779 2928 1851 γεγονότα.
2972 1777 3178 1831 Οὐκοῦν
3209 1776 3441 1847 μέλλειὸ
3475 1775 3727 1846 βασιλεὺς
3756 1773 3839 1842 τῷ

2269 1871 2418 1942 ἵππῳ
2445 1871 2618 1942 τούτῳ
2646 1869 3103 1925 ὲπαναπαὺεσθαι.
3137 1868 3343 1922 Ταὺτὸν
3363 1867 3420 1921 δέ
3449 1869 3594 1920 ἐστιν
3617 1867 3711 1920 ἐπὶ
3739 1865 3846 1933 τῆς

601 1957 868 2015 utrumvis
883 1958 1025 2014 enim
1040 1975 1105 2015 ex
1120 1962 1385 2016 ambobus
1397 1964 1452 2017 in
1464 1963 1620 2019 nobis
1637 1964 1820 2032 fuerit,
1835 1980 1932 2034 par
1945 1974 2027 2022 est
2044 1983 2167 2038 gra-

2271 1961 2418 2026 θείας
2449 1961 2744 2032 δυνάμεως,
2771 1961 2952 2026 καθὼς
2978 1962 3213 2032 εἴρηται,
3239 1959 3475 2031 καθέδρα
3503 1975 3561 2012 τε
3584 1957 3679 2011 καὶ
3702 1956 3844 2010 ἀνά-

600 2049 696 2102 tia.
715 2049 852 2115 Quia
874 2065 1005 2121 ergo
1021 2061 1287 2108 stratores
1304 2054 1447 2125 regis
1465 2070 1664 2126 equum
1687 2072 1782 2126 per
1803 2059 2164 2126 praecedentia

599 2149 919 2196 ornamenta
935 2149 1120 2213 aptum
1144 2144 1348 2200 faciunt
1368 2145 1436 2200 ad
1451 2161 1572 2201 eum
1592 2148 1970 2219 excipiendqu
1989 2168 2001 2203 :
2020 2150 2162 2206 idem

598 2240 681 2286 est
713 2239 893 2287 autem
924 2231 1094 2288 Deum
1126 2235 1182 2289 in
1223 2235 1408 2306 aliquo
1433 2252 1578 2302 esse,
1624 2249 1678 2292 et
1701 2254 1826 2295 esse
1865 2256 2031 2310 super
2063 2242 2165 2296 ali-

598 2337 794 2386 quem:
818 2323 1006 2378 relicta
1028 2327 1418 2396 consequentia
1438 2335 1493 2382 et
1515 2327 1909 2398 signiﬁcatione
1931 2331 2160 2400 tropica,

598 2411 838 2466 ministri
864 2413 954 2482 qui
973 2424 1165 2483 parant
1186 2430 1409 2486 equum,
1435 2416 1686 2473 iecerunt
1707 2418 1974 2474 lecticam.
1995 2419 2166 2490 Opor-

600 2509 676 2555 tet
718 2503 862 2557 enim
911 2519 1042 2568 nos,
1098 2504 1296 2577 inquit,
1355 2506 1538 2564 facere
1587 2509 1706 2562 auri
1755 2509 2167 2576 similitudines,

599 2606 721 2646 cum
753 2593 894 2649 notis
919 2596 1151 2665 argenti,
1189 2612 1310 2666 qua:
1346 2598 1472 2668 equi
1517 2597 1746 2654 formam
1781 2600 2064 2656 decorant.
2100 2600 2169 2657 Ut

601 2685 696 2746 sit,
735 2685 932 2756 inquit,
968 2701 1061 2742 rex
1111 2703 1222 2742 non
1256 2688 1311 2743 in
1357 2688 1638 2754 cathedra,
1669 2689 1764 2746 sed
1807 2691 1861 2745 in
1911 2694 2166 2748 accubitu

603 2787 724 2830 8110.

2269 2053 2481 2118 κλισις’
2541 2054 2798 2124 ὁπότερον
2839 2054 2947 2126 γάρ
2993 2054 3060 2106 ἂν
3113 2053 3171 2120 ἐξ
3229 2049 3550 2122 ἀμφοτέρων
3601 2051 3660 2102 ἐν
3705 2051 3849 2119 ἡμῖν

2268 2146 2512 2215 γένηται,
2543 2146 2604 2199 τὸ
2629 2146 2740 2201 ἴσον
2765 2147 2798 2216 ἡ
2827 2145 2985 2217 χάρις
3011 2143 3142 2214 ἔχει.
3196 2142 3409 2212 Ἐπειδὴ
3427 2141 3602 2194 τοίνυν
3627 2142 3678 2193 οἱ
3699 2141 3845 2192 ἐτοι-

2272 2233 2473 2302 μασταὶ
2506 2234 2600 2288 τοῦ
2650 2233 2931 2304 βασιλέως,
2971 2233 3186 2287 εὔθετον
3220 2232 3353 2304 πρὸς
3394 2230 3658 2302 ὑποδοχὴν
3687 2228 3848 2298 αὑτῷ

2267 2326 2355 2380 διὰ
2383 2325 2491 2379 τῶν
2519 2326 2997 2398 προκοσμημάτων
3032 2326 3122 2381 τὸν
3158 2326 3324 2379 ἵππον
3361 2324 3605 2384 ποιοῦσιο
3637 2323 3850 2378 ταύτὸν

2267 2417 2324 2470 δέ
2366 2419 2511 2472 ἐστιν
2553 2418 2644 2471 ἐπὶ
2673 2417 2831 2482 Θεοῦ,
2869 2417 2931 2471 τὸ
2958 2417 3016 2470 έν
3043 2433 3149 2471 τινι
3179 2417 3272 2471 καί
3299 2417 3358 2470 τὸ
3385 2417 3477 2470 ὲπί
3510 2432 3656 2478 τινος
3689 2413 3845 2482 γενέ-

2267 2507 2390 2562 σθαι
2409 2525 2422 2539 '
2454 2508 2841 2569 καταλιπόντες
2875 2507 2938 2561 τὸ
2967 2506 3108 2562 κατά
3146 2508 3244 2578 τὴν
3273 2506 3536 2578 τροπικὴν
3561 2505 3849 2576 σημασίαν

2263 2600 2572 2665 ἀκόλουθον,
2595 2601 2643 2654 oi
2673 2599 3122 2671 παρασκευασταὶ
3150 2599 3243 2652 καὶ
3275 2598 3624 2670 θεράποντες,
3653 2596 3850 2665 κλίνην

2264 2691 2355 2744 τὸν
2378 2691 2542 2744 ἵππον
2577 2690 2857 2762 ἐποίησαν.
2891 2688 3013 2762 Χρὴ
3052 2689 3162 2762 γὰρ
3198 2690 3346 2761 ἡμᾶς
3371 2727 3387 2753 ,
3417 2689 3600 2758 φησὶν,
3636 2682 3846 2758 ὁμοιὼ-

2268 2799 2414 2853 ματα
2440 2783 2665 2854 χρυσίου
2683 2785 2901 2855 ποιῆσαι
2925 2782 3064 2854 μετά
3092 2783 3402 2853 στιγμάτων
3421 2779 3515 2833 τοῦ
3550 2777 3848 2850 ἀργυρίου,

599 2867 670 2920 τὰ
699 2867 794 2922 τοῦ
827 2868 992 2923 ἵππου
1031 2869 1128 2939 τὴν
1169 2871 1382 2944 μορφὴν
1431 2870 1751 2942 ὠραῖζοντα.
1785 2874 1904 2930 Ἵνα
1944 2873 2167 2945 γένηται
2205 2877 2234 2928 ὁ
2266 2875 2515 2947 βασιλεὺς
2541 2877 2640 2931 οὑκ
2667 2878 2725 2932 έν
2753 2877 3008 2948 καθέδρᾳ,
3035 2875 3220 2946 φησὶν,
3256 2873 3370 2928 ἀλλ’
3428 2875 3488 2927 ὲν
3559 2869 3856 2926 ἀνακλίσει

600 2959 785 3013 αὑτοῦ.

685 3057 862 3126 Atque
922 3054 1181 3111 dictionis
1231 3056 1452 3126 quidem
1526 3058 1966 3128 consequentia,
2027 3059 2170 3115 sicut

600 3147 840 3203 ostendit
870 3143 1171 3217 Scriptura,
1204 3147 1310 3202 hoc
1338 3147 1502 3204 modo
1527 3163 1588 3205 se
1614 3150 1806 3218 habet;
1833 3165 1932 3220 par
1955 3159 2042 3206 est
2071 3167 2167 3205 au-

600 3247 708 3292 tem
744 3237 846 3292 hoc
903 3253 1011 3294 non
1058 3240 1470 3308 praetermittere
1517 3239 2020 3307 inconsideratum,
2065 3257 2166 3295 cur

600 3343 710 3383 non
734 3329 912 3398 ipsum
947 3344 1140 3382 aurum
1164 3329 1463 3384 assumitur
1490 3330 1559 3383 ad
1593 3337 1847 3384 ornatum
1875 3370 1888 3393 ,
1920 3330 2015 3384 sed
2047 3330 2165 3384 auri

600 3421 1031 3488 similitudines;
1068 3429 1124 3476 et
1150 3437 1260 3476 non
1282 3423 1461 3493 ipsum
1488 3430 1794 3491 argentum.
1824 3421 1921 3478 sed
1947 3439 2070 3492 quae
2101 3440 2168 3479 ex

603 3513 705 3566 hac
742 3513 969 3568 materia
998 3513 1280 3584 impressa:
1309 3521 1438 3568 sunt
1472 3522 1614 3568 nota:
1641 3515 1760 3568 auri
1796 3515 2164 3570 similitudini.

602 3602 758 3668 Quod
779 3618 908 3673 ergo
936 3602 1006 3657 de
1032 3604 1116 3659 his
1150 3604 1310 3658 nobis
1357 3603 1502 3658 venit
1532 3604 1586 3658 in
1616 3613 1874 3670 mentem,
1901 3616 1988 3662 est
2015 3607 2169 3676 ejus-

605 3693 788 3749 modi:
813 3693 1076 3750 Universa
1105 3695 1357 3752 doctrina
1396 3699 1465 3754 de
1514 3696 1774 3752 ineli'abili
1796 3708 1991 3753 natura
2018 3738 2033 3763 ,
2063 3700 2168 3756 etsi

605 3787 840 3843 maxime
887 3788 996 3843 Deo
1047 3789 1458 3846 convenientem
1510 3799 1565 3847 et
1604 3791 1877 3846 excelsam
1927 3791 2172 3846 videatur

602 3876 890 3934 ostendere
918 3880 1242 3936 sententiam
1263 3919 1279 3947 ,
1307 3879 1427 3936 auri
1448 3889 1576 3939 sunt
1605 3881 2021 3948 similitudines,
2061 3899 2170 3938 non

602 3975 782 4028 autem
840 3969 1019 4038 ipsum
1073 3983 1291 4026 aurum.
1353 3969 1472 4026 Non
1517 3980 1694 4042 potest
1744 3972 1888 4027 enim
1941 3973 2058 4028 ﬁeri
2116 3982 2173 4026 ut

604 4057 762 4127 plene
796 4066 849 4112 et
881 4058 1121 4128 perfecte
1149 4061 1470 4117 ostendatur
1499 4063 1702 4118 bonum
1742 4063 1890 4135 quod
1949 4071 2173 4135 supcrat

605 4149 1028 4220 intelligentiam
1055 4160 1110 4208 et
1139 4154 1342 4210 mentis
1369 4157 1819 4226 conceptionem:
1851 4157 2066 4214 etiamsi
2101 4158 2174 4213 sit

603 4239 808 4296 Paulus
832 4243 1124 4314 quispiam,
1150 4246 1244 4315 qui
1277 4246 1332 4300 in
1364 4247 1617 4314 paradiso
1645 4249 1862 4304 arcanis
1896 4250 2175 4321 mysteriis

604 4334 708 4389 fuit
737 4335 1023 4396 initiatus.
1053 4337 1270 4392 etiamsi
1312 4337 1546 4393 audierit
1584 4340 1746 4394 verba
1776 4339 2070 4396 ineffabilia
2106 4343 2173 4408 ³ο,

604 4435 828 4481 manent
860 4425 1161 4482 ineliabiles
1187 4429 1255 4482 de
1294 4427 1401 4484 Deo
1430 4430 1821 4500 intelligentiae.
1855 4431 1998 4487 Dicit
2027 4433 2172 4488 enim

2347 3060 2413 3114 Ἦ
2445 3060 2542 3129 μὲν
2575 3053 2668 3112 οῦν
2696 3056 2982 3112 ἀκολουθία
3009 3056 3106 3127 τῆς
3149 3054 3366 3121 λέξεως.
3401 3051 3578 3116 καθὼς
3611 3053 3638 3105 ὁ
3669 3053 3853 3120 Λόγος

2268 3149 2533 3215 ὑπέδειξε,
2574 3147 2759 3201 τοῦτον
2793 3146 2901 3217 ἔχει
2927 3144 3016 3198 τὸν
3049 3144 3248 3215 τρόπον
3273 3159 3286 3173 ⁸
3312 3141 3460 3206 ἄξιον
3493 3141 3548 3194 δὲ
3577 3139 3735 3193 τοῦτο
3763 3140 3854 3211 μὴ

2269 3239 2646 3312 παραδραμεῖν
2695 3238 3038 3308 ἀθεώρητον,
3071 3235 3124 3288 τί
3167 3234 3229 3306 δή
3286 3250 3416 3288 ποτε
3459 3233 3558 3286 οὑκ
3604 3231 3738 3286 αὑτὸ
3780 3231 3857 3286 τὸ

2273 3332 2492 3406 χρυσίον
2518 3334 2596 3395 είς
2630 3331 2832 3401 κόσμον
2872 3327 3379 3400 παραλαμϐάνεται,
3417 3325 3550 3381 ἀλλά
3580 3324 3671 3378 τοῦ
3706 3343 3850 3394 χρυ-

2271 3427 2386 3480 σίου
2424 3423 2493 3477 τά
2519 3421 2837 3494 ὁμοιώματα
2857 3439 2871 3452 ·
2893 3421 2984 3474 καὶ
3031 3420 3131 3474 οὑκ
3172 3419 3330 3481 αὑτὸς
3359 3419 3388 3472 ὁ
3415 3419 3672 3488 ἄργυρος,
3706 3417 3855 3471 ἀλλὰ.

2271 3517 2340 3571 τά
2373 3515 2432 3580 ἐξ
2465 3515 2596 3585 ὑλης
2615 3513 2814 3584 ταύτης
2842 3512 2918 3582 τῷ
2949 3511 3252 3584 ὁμοιώματι
3278 3509 3371 3565 τοῦ
3402 3511 3622 3582 χρυσίου
3645 3514 3856 3586 ὲγκρο-

2271 3609 2509 3680 τοὺμενα
2557 3606 2847 3677 στίγματα.
2883 3607 2948 3659 ⁸0
2979 3605 3157 3660 τοίνυν
3213 3605 3343 3677 περὶ
3374 3605 3580 3660 τούτων
3610 3607 3852 3675 ὑπενοή-

2274 3717 2466 3770 σαμεν,
2490 3695 2731 3752 τοιοῦτόν
2762 3699 2900 3750 ἐστι·
2933 3695 3088 3748 Πᾶσα
3119 3695 3154 3766 ή
3184 3695 3313 3766 περὶ
3343 3695 3441 3766 τῆς
3465 3696 3703 3767 ἀρρήτου
3744 3697 3852 3765 φύ-

2274 3807 2414 3856 σεως
2441 3787 2778 3852 διδασκαλία,
2810 3787 2914 3842 κᾶν
2958 3789 3040 3842 ὅτι
3090 3788 3324 3858 μάλιστα
3376 3787 3523 3842 δοκεῖ
3566 3788 3856 3861 θεοπρεπῆ

2271 3902 2392 3938 τινα
2433 3883 2528 3937 καὶ
2573 3880 2782 3954 ὑψηλὴν
2818 3881 3102 3951 ἐμφαίνειν
3148 3879 3406 3945 διάνοιαν,
3432 3879 3682 3951 ὁμοίωμα
3713 3897 3851 3951 χρυ-

2274 3975 2388 4028 σίου
2422 3974 2588 4034 ὲστὶν,
2617 3974 2717 4027 οὑκ
2752 3972 2882 4026 αὑτὸ
2911 3972 2971 4025 τὺ
3006 3971 3246 4043 χρυσίον.
3277 3972 3352 4026 Οὑ
3390 3972 3497 4043 γὰρ
3521 3971 3635 4025 ἐστι
3675 3987 3856 4042 παρασ

2279 4065 2474 4135 στῆσαι
2519 4064 2588 4118 δι’
2619 4064 2900 4136 ἀκριϐείας
2930 4063 2990 4116 τὸ
3032 4063 3171 4135 ὑπὲρ
3203 4062 3410 4116 ἔννοιαν
3453 4063 3658 4131 ἀγαθόν
3690 4079 3704 4092 ⁶
3743 4063 3859 4117 κᾶν

2276 4155 2484 4221 Παῦλός
2503 4173 2586 4220 τις
2612 4151 2670 4227 ᾖ,
2699 4156 2728 4208 6
2754 4157 2810 4209 ὲν
2835 4153 3144 4226 παραδείσῳ
3175 4154 3399 4224 μυηθεὶς
3429 4154 3496 4208 τά
3537 4154 3849 4226 ἀπόρρητα,

2275 4248 2378 4302 κᾶν
2404 4249 2512 4300 τῶν
2533 4247 2814 4317 ἀλαλήτων
2842 4246 3100 4318 ῥημάτων
3131 4245 3560 4317 ὲπακροάσηται,
3579 4246 3853 4316 ἀνέκφρα-

2277 4356 2377 4392 στα
2418 4337 2567 4409 μένει
2594 4337 2722 4408 περὶ
2746 4335 2881 4391 Θεοῦ
2900 4337 2970 4390 τά
2991 4339 3254 4409 νοήματα.
3283 4339 3529 4410 ’Λρῤητα
3552 4337 3657 4406 γάρ
3680 4353 3848 4406 φησιν

2276 4428 2412 4484 εἶναι
2453 4429 2562 4483 τῶν
2610 4430 2906 4500 νοημάτων¹
2941 4430 3143 4484 τούτων
3169 4432 3238 4487 τά
3280 4432 3520 4501 ῥήματα.
3565 4431 3627 4484 Οἱ
3664 4429 3845 4482 τοίνυν

603 4516 769 4571 verba
814 4531 938 4571 esse
973 4516 1263 4571 ineﬂ‘abilia
1299 4518 1492 4572 harum
1535 4520 2037 4592 intelligentiarum.
2069 4521 2167 4590 Qui

2277 4523 2402 4586 τοὺς
2430 4521 2725 4593 λογισμούς
2755 4539 2907 4586 τινας
2948 4525 3080 4594 ἡμῖν
3125 4522 3361 4591 ἀγαθοὺς
3392 4522 3690 4586 ὲντιθέντες
3717 4520 3850 4592 περὶ

602 4623 734 4678 ergo
782 4609 938 4663 nubis
979 4609 1214 4666 aﬁ‘erunt
1241 4611 1414 4665 bonas
1455 4611 1670 4682 aliquas
1698 4614 2172 4670 consialerationes

603 4700 670 4754 de
701 4701 1060 4771 intelligentia
1098 4703 1487 4773 mysteriorum
1514 4743 1531 4769 ,
1581 4705 1766 4760 dicere
1802 4705 2021 4776 quidem
2062 4723 2172 4761 non

603 4802 834 4859 possunt
861 4791 1322 4860 quemadmodum
1373 4808 1432 4848 se
1465 4793 1628 4848 habet
1678 4794 1923 4864 ipsorum
1952 4805 2170 4861 natura,

603 4883 794 4938 dicunt
815 4892 996 4938 autem
1023 4886 1368 4955 splendorem
1407 4887 1615 4956 gloriae,
1654 4887 1878 4957 ﬁguram
1915 4889 2172 4944 substan-

601 4975 711 5036 the,
754 4975 983 5027 formam
1015 4973 1110 5030 Dei
1136 5014 1151 5038 ,
1176 4974 1409 5032 Verbum
1433 4978 1488 5031 in
1517 4978 1791 5048 principio
1809 5018 1824 5044 ,
1845 4975 2014 5034 Deum
2040 4978 2171 5034 Ver-

601 5066 753 5120 bum.
776 5065 906 5133 Qute
926 5066 1143 5136 quidem
1181 5070 1362 5123 omnia
1391 5071 1550 5126 nobis
1570 5110 1590 5135 ,
1621 5069 1715 5140 qui
1745 5069 1989 5124 divinum
2019 5071 2171 5124 illum

601 5157 924 5212 thesaurum
958 5174 1067 5212 non
1097 5159 1410 5228 aspeximus
1430 5200 1445 5224 ,
1496 5160 1754 5216 videntur
1789 5177 1914 5218 esse
1940 5177 2174 5228 aurum;

604 5249 674 5303 iis
699 5256 880 5303 autem
909 5250 1000 5320 qui
1038 5261 1270 5321 possunt
1309 5253 1556 5322 aspicere
1591 5255 1660 5309 ad
1691 5255 2001 5318 veritatem,
2045 5263 2177 5310 sunt

603 5341 725 5394 auri
757 5341 1062 5396 similitudo
1089 5352 1141 5396 et
1169 5358 1277 5397 non
1313 5359 1506 5398 aurqu
1533 5385 1550 5412 ,
1576 5361 1848 5415 apparens
1877 5347 1928 5400 in
1959 5347 2176 5402 subtili-

601 5432 705 5489 bus
747 5433 894 5488 notis
925 5434 1158 5502 argenti.
1194 5436 1493 5505 Argentum
1544 5446 1728 5490 autem
1769 5443 1853 5491 est
1884 5438 2172 5491 verborum

603 5525 956 5596 significatio.
979 5527 1124 5580 sicut
1152 5525 1606 5598 dicitScriptura,
1638 5529 1921 5596 Argentum
1947 5529 2170 5597 ignitum

605 5617 786 5688 lingua
814 5617 974 5687 justi.
1007 5617 1163 5684 Quod
1210 5635 1342 5691 ergo
1389 5637 1485 5691 per
1511 5620 1631 5676 haec
1681 5619 2016 5691 signiﬁcatur
2043 5659 2059 5682 ,
2090 5629 2172 5674 est

601 5708 952 5774 huiusmodi,
1005 5726 1198 5780 nempe
1260 5712 1405 5783 quod
1463 5713 1646 5768 divina
1707 5721 1900 5767 natura
1953 5721 2172 5781 superat

669 5884 716 5918 ³⁸
739 5884 777 5938 ιι
807 5886 930 5943 Cor.
972 5904 1069 5950 xit,
1108 5888 1161 5942 ι.

2275 4615 2374 4683 τῆς
2399 4613 2506 4665 τῶν
2537 4612 2849 4682 μυστηρίων
2867 4613 3185 4683 ὲννοήσεως,
3221 4613 3351 4666 αὑτὸ
3376 4612 3476 4683 μὲν
3502 4613 3673 4664 εἰπεῖν
3699 4612 3849 4675 ὅπως

2274 4705 2387 4776 ἔχει
2421 4705 2633 4774 φύσεως
2670 4704 3008 4769 ἀδυνατοῦσι,
3039 4703 3256 4773 λέγουσι
3287 4705 3346 4758 δὲ
3377 4704 3720 4774 ἀπαύγασμα
3763 4703 3849 4756 δό-

2273 4797 2388 4868 ξης,
2431 4797 2526 4850 καὶ
2557 4795 2880 4866 χαρακτῆρα
2911 4797 3010 4867 τῆς
3032 4796 3404 4860 ὑποστάσεως,
3445 4795 3657 4866 μορφὴν
3686 4793 3847 4860 Θεοῦ,

2272 4887 2444 4956 Λόγον
2469 4888 2526 4943 ὲν
2547 4889 2710 4958 ἀρχῇ,
2755 4887 2926 4955 Λόγον
2958 4887 3111 4942 Θεόν.
3145 4887 3325 4959 "Amp
3369 4887 3544 4940 πάντα
3589 4887 3719 4956 ἡμῖν
3749 4886 3849 4956 μὲν

2272 4981 2386 5042 τοῖς
2415 4978 2662 5041 ἀθεάτοις
2696 4978 2902 5032 ἐκείνου
2950 4977 3045 5031 τοῦ
3075 4977 3376 5048 θησαυροῦ,
3407 4977 3628 5049 χρυσίον
3655 4976 3804 5030 δοκεῖ
3831 4989 3847 5005 ·

2274 5074 2387 5136 τοῖς
2425 5071 2483 5126 δὲ
2528 5071 2841 5144 δυναμένοις
2885 5069 3210 5125 ἀναϐλέπειν
3252 5070 3388 5142 πρὸς
3424 5068 3525 5140 τὴν
3563 5069 3847 5139 ἀλήθειαν,

2277 5164 2528 5236 ὁμοίωμά
2572 5165 2689 5218 ἐστι
2737 5163 2958 5235 χρυσίου
2998 5164 3094 5217 καὶ
3130 5163 3193 5217 οὑ
3239 5161 3483 5235 χρυσίον,
3524 5164 3583 5216 ὲν
3613 5166 3725 5227 τοῖς
3764 5163 3844 5216 λε·

2280 5259 2435 5320 πτοῖς
2472 5257 2562 5310 τοῦ
2615 5257 2855 5330 ἀργύρου
2903 5256 3320 5327 διαφαινόμενον
3374 5256 3684 5326 στίγμασιν.
3729 5258 3845 5327 ’Δρ-

2281 5346 2467 5418 γὺριον
2511 5345 2567 5399 δὲ
2596 5348 2628 5416 ἡ
2665 5347 2942 5417 ῥηματικὴ
2980 5345 3221 5415 σημασία
3252 5345 3389 5407 ἐστὶ,
3414 5343 3597 5409 καθώς
3623 5361 3786 5414 φησιν
3812 5344 3847 5415 ἡ

2280 5437 2320 5488 Γ
2325 5437 2468 5506 ραφή
2487 5452 2500 5465 '
2532 5437 2810 5506 Ἀργυρος
2855 5435 3276 5506 πεπυρωμένος
3303 5433 3554 5504 γτιῶσσα
3591 5435 3845 5488 δικαίου.

2281 5527 2353 5579 Τὸ
2378 5525 2558 5580 τοίνυν
2589 5525 2679 5580 διὰ
2698 5527 2904 5580 τούτων
2923 5526 3268 5597 δηλούμενον,
3297 5526 3540 5581 τοιοῦτόν
3573 5527 3741 5585 ἐστιν.
3763 5524 3846 5578 ὅτι

2280 5623 2312 5690 ἡ
2346 5620 2463 5674 θεία
2506 5620 2665 5688 φύσις
2705 5621 2881 5690 πάσης
2912 5619 3233 5690 ὑπέρκειται
3279 5617 3688 5687 καταληπτικῆς
3728 5613 3844 5670 δω-

2279 5711 2439 5776 νοίας.
2479 5712 2550 5764 Τὸ
2575 5711 2630 5764 δὲ
2663 5710 2789 5780 περὶ
2817 5711 2985 5781 αὑτῆς
3033 5711 3163 5781 ημῖν
3202 5707 3586 5780 ἐγγιγνόμενον
3634 5705 3849 5777 νόημα,
