  <div class='ocr_page' id='page_1' title='image "/cluster/home/n/w/nwhite01/storage/ocr_20150623/44/hvd.32044012542270/420.png"; bbox 0 0 4110 6516; ppageno 0'>
   <div class='ocr_carea' id='block_1_1' title="bbox 348 412 441 467">
    <p class='ocr_par' dir='ltr' id='par_1_1' title="bbox 348 412 441 467">
     <span class='ocr_line' id='line_1_1' title="bbox 348 412 441 467; baseline -0.011 0"><span class='ocrx_word' id='word_1_1' title='bbox 348 412 441 467; x_wconf 74' lang='grc'><strong>821</strong></span> 
     </span>
    </p>
   </div>
   <div class='ocr_carea' id='block_1_2' title="bbox 1367 405 2541 466">
    <p class='ocr_par' dir='ltr' id='par_1_2' title="bbox 1367 405 2541 466">
     <span class='ocr_line' id='line_1_2' title="bbox 1367 405 2541 466; baseline -0.004 -1"><span class='ocrx_word' id='word_1_2' title='bbox 1367 410 1435 465; x_wconf 82' lang='grc' dir='ltr'><strong>ΙΝ</strong></span> <span class='ocrx_word' id='word_1_3' title='bbox 1474 409 1770 466; x_wconf 72' lang='lat' dir='ltr'><strong>CANTICA</strong></span> <span class='ocrx_word' id='word_1_4' title='bbox 1805 407 2077 465; x_wconf 79' lang='lat' dir='ltr'><strong>CANTIC.</strong></span> <span class='ocrx_word' id='word_1_5' title='bbox 2131 406 2415 464; x_wconf 74' lang='lat' dir='ltr'><strong>HOMILIA</strong></span> <span class='ocrx_word' id='word_1_6' title='bbox 2452 405 2541 462; x_wconf 83' lang='lat' dir='ltr'><strong>Ill.</strong></span> 
     </span>
    </p>
   </div>
   <div class='ocr_carea' id='block_1_3' title="bbox 3491 400 3596 457">
    <p class='ocr_par' dir='ltr' id='par_1_3' title="bbox 3491 400 3596 457">
     <span class='ocr_line' id='line_1_3' title="bbox 3491 400 3596 457; baseline 0 -1"><span class='ocrx_word' id='word_1_7' title='bbox 3491 400 3596 457; x_wconf 69' lang='lat'><strong>82?.</strong></span> 
     </span>
    </p>
   </div>
   <div class='ocr_carea' id='block_1_4' title="bbox 347 516 1927 605">
    <p class='ocr_par' dir='ltr' id='par_1_4' title="bbox 347 526 1918 601">
     <span class='ocr_line' id='line_1_4' title="bbox 347 526 1918 601; baseline 0.001 -21"><span class='ocrx_word' id='word_1_8' title='bbox 347 526 595 598; x_wconf 83' lang='grc' dir='ltr'><strong>ὁμοίωμά</strong></span> <span class='ocrx_word' id='word_1_9' title='bbox 623 530 735 581; x_wconf 85' lang='grc' dir='ltr'><strong>ἐστι</strong></span> <span class='ocrx_word' id='word_1_10' title='bbox 756 527 852 582; x_wconf 83' lang='grc' dir='ltr'><strong>τοῦ</strong></span> <span class='ocrx_word' id='word_1_11' title='bbox 879 528 1234 601; x_wconf 75' lang='grc' dir='ltr'><strong>ζητουμένου.</strong></span> <span class='ocrx_word' id='word_1_12' title='bbox 1257 531 1331 583; x_wconf 83' lang='grc' dir='ltr'><strong>Ού</strong></span> <span class='ocrx_word' id='word_1_13' title='bbox 1367 529 1473 601; x_wconf 80' lang='grc' dir='ltr'><strong>γάρ</strong></span> <span class='ocrx_word' id='word_1_14' title='bbox 1496 528 1627 584; x_wconf 83' lang='grc' dir='ltr'><strong>αὐτὸ</strong></span> <span class='ocrx_word' id='word_1_15' title='bbox 1651 528 1918 582; x_wconf 89' lang='grc' dir='ltr'><strong>δείκνυσιν</strong></span> 
     </span>
    </p>
   </div>
   <div class='ocr_carea' id='block_1_5' title="bbox 2029 516 3595 605">
    <p class='ocr_par' dir='ltr' id='par_1_5' title="bbox 2029 516 3595 597">
     <span class='ocr_line' id='line_1_5' title="bbox 2029 516 3595 597; baseline -0.008 -14"><span class='ocrx_word' id='word_1_16' title='bbox 2029 542 2239 583; x_wconf 89' lang='lat' dir='ltr'><strong>omnem</strong></span> <span class='ocrx_word' id='word_1_17' title='bbox 2278 540 2399 597; x_wconf 72' lang='lat' dir='ltr'><strong>quze</strong></span> <span class='ocrx_word' id='word_1_18' title='bbox 2430 518 2844 593; x_wconf 68' lang='lat' dir='ltr'><strong>comprehendit</strong></span> <span class='ocrx_word' id='word_1_19' title='bbox 2886 517 3291 593; x_wconf 73' lang='lat' dir='ltr'><strong>cogitationem.</strong></span> <span class='ocrx_word' id='word_1_20' title='bbox 3323 516 3454 583; x_wconf 66' lang='lat' dir='ltr'><strong>Quae</strong></span> <span class='ocrx_word' id='word_1_21' title='bbox 3498 534 3595 571; x_wconf 85' lang='lat' dir='ltr'><strong>au-</strong></span> 
     </span>
    </p>
   </div>
   <div class='ocr_carea' id='block_1_6' title="bbox 348 616 1921 685">
    <p class='ocr_par' dir='ltr' id='par_1_6' title="bbox 348 616 1921 685">
     <span class='ocr_line' id='line_1_6' title="bbox 348 616 1921 685; baseline -0.001 -13"><span class='ocrx_word' id='word_1_22' title='bbox 348 623 521 673; x_wconf 86' lang='grc' dir='ltr'><strong>ἐκεῖνο</strong></span> <span class='ocrx_word' id='word_1_23' title='bbox 556 621 615 672; x_wconf 81' lang='grc' dir='ltr'><strong>τὸ</strong></span> <span class='ocrx_word' id='word_1_24' title='bbox 636 616 793 684; x_wconf 78' lang='grc' dir='ltr'><strong>εἶδος,</strong></span> <span class='ocrx_word' id='word_1_25' title='bbox 824 620 852 673; x_wconf 82' lang='grc' dir='ltr'><strong>ὃ</strong></span> <span class='ocrx_word' id='word_1_26' title='bbox 876 620 1000 675; x_wconf 75' lang='grc' dir='ltr'><strong>οὔτε</strong></span> <span class='ocrx_word' id='word_1_27' title='bbox 1035 638 1118 684; x_wconf 87' lang='grc' dir='ltr'><strong>τις</strong></span> <span class='ocrx_word' id='word_1_28' title='bbox 1152 617 1309 684; x_wconf 74' lang='grc' dir='ltr'><strong>εἶδεν,</strong></span> <span class='ocrx_word' id='word_1_29' title='bbox 1343 620 1465 673; x_wconf 77' lang='grc' dir='ltr'><strong>οὕτε</strong></span> <span class='ocrx_word' id='word_1_30' title='bbox 1517 621 1644 674; x_wconf 89' lang='grc' dir='ltr'><strong>ίδεῖν</strong></span> <span class='ocrx_word' id='word_1_31' title='bbox 1675 619 1921 685; x_wconf 89' lang='grc' dir='ltr'><strong>δύναται,</strong></span> 
     </span>
    </p>
   </div>
   <div class='ocr_carea' id='block_1_7' title="bbox 349 710 1922 784">
    <p class='ocr_par' dir='ltr' id='par_1_7' title="bbox 349 710 1922 784">
     <span class='ocr_line' id='line_1_7' title="bbox 349 710 1922 784; baseline 0.001 -20"><span class='ocrx_word' id='word_1_32' title='bbox 349 710 482 764; x_wconf 79' lang='grc' dir='ltr'><strong>ἀλλὰ</strong></span> <span class='ocrx_word' id='word_1_33' title='bbox 526 711 595 763; x_wconf 79' lang='grc' dir='ltr'><strong>δι’</strong></span> <span class='ocrx_word' id='word_1_34' title='bbox 636 714 899 784; x_wconf 75' lang='grc' dir='ltr'><strong>ἐσόπτρου</strong></span> <span class='ocrx_word' id='word_1_35' title='bbox 945 713 1038 765; x_wconf 77' lang='grc' dir='ltr'><strong>καὶ</strong></span> <span class='ocrx_word' id='word_1_36' title='bbox 1075 713 1142 765; x_wconf 87' lang='grc' dir='ltr'><strong>δι’</strong></span> <span class='ocrx_word' id='word_1_37' title='bbox 1172 712 1491 783; x_wconf 83' lang='grc' dir='ltr'><strong>αἰνίγματος</strong></span> <span class='ocrx_word' id='word_1_38' title='bbox 1539 712 1774 783; x_wconf 74' lang='grc' dir='ltr'><strong>ἔμφασίν</strong></span> <span class='ocrx_word' id='word_1_39' title='bbox 1800 728 1922 765; x_wconf 87' lang='grc' dir='ltr'><strong>τινα</strong></span> 
     </span>
    </p>
   </div>
   <div class='ocr_carea' id='block_1_8' title="bbox 351 803 1921 874">
    <p class='ocr_par' dir='ltr' id='par_1_8' title="bbox 351 803 1921 874">
     <span class='ocr_line' id='line_1_8' title="bbox 351 803 1921 874; baseline -0.001 -17"><span class='ocrx_word' id='word_1_40' title='bbox 351 806 671 873; x_wconf 84' lang='grc' dir='ltr'><strong>σκιογραφεί</strong></span> <span class='ocrx_word' id='word_1_41' title='bbox 701 804 793 856; x_wconf 89' lang='grc' dir='ltr'><strong>τοῦ</strong></span> <span class='ocrx_word' id='word_1_42' title='bbox 854 803 1207 874; x_wconf 79' lang='grc' dir='ltr'><strong>ζητουμένου,</strong></span> <span class='ocrx_word' id='word_1_43' title='bbox 1246 804 1309 858; x_wconf 77' lang='grc' dir='ltr'><strong>ἐκ</strong></span> <span class='ocrx_word' id='word_1_44' title='bbox 1334 822 1479 867; x_wconf 90' lang='grc' dir='ltr'><strong>τινος</strong></span> <span class='ocrx_word' id='word_1_45' title='bbox 1512 803 1774 873; x_wconf 86' lang='grc' dir='ltr'><strong>εἰκασμοῦ</strong></span> <span class='ocrx_word' id='word_1_46' title='bbox 1804 805 1921 866; x_wconf 82' lang='grc' dir='ltr'><strong>ταῖς</strong></span> 
     </span>
    </p>
   </div>
   <div class='ocr_carea' id='block_1_9' title="bbox 349 891 1919 965">
    <p class='ocr_par' dir='ltr' id='par_1_9' title="bbox 349 891 1919 965">
     <span class='ocr_line' id='line_1_9' title="bbox 349 891 1919 965; baseline -0.001 -18"><span class='ocrx_word' id='word_1_47' title='bbox 349 894 542 964; x_wconf 75' lang='grc' dir='ltr'><strong>ψυχαῖς</strong></span> <span class='ocrx_word' id='word_1_48' title='bbox 569 894 944 965; x_wconf 83' lang='grc' dir='ltr'><strong>ἐγγινομένην.</strong></span> <span class='ocrx_word' id='word_1_49' title='bbox 983 895 1095 957; x_wconf 85' lang='grc' dir='ltr'><strong>Πᾶς</strong></span> <span class='ocrx_word' id='word_1_50' title='bbox 1119 893 1174 946; x_wconf 84' lang='grc' dir='ltr'><strong>δὲ</strong></span> <span class='ocrx_word' id='word_1_51' title='bbox 1196 893 1353 961; x_wconf 83' lang='grc' dir='ltr'><strong>λόγος</strong></span> <span class='ocrx_word' id='word_1_52' title='bbox 1385 892 1491 946; x_wconf 82' lang='grc' dir='ltr'><strong>τῶν</strong></span> <span class='ocrx_word' id='word_1_53' title='bbox 1512 891 1766 946; x_wconf 84' lang='grc' dir='ltr'><strong>τοιούτων</strong></span> <span class='ocrx_word' id='word_1_54' title='bbox 1793 909 1919 961; x_wconf 88' lang='grc' dir='ltr'><strong>νοη-</strong></span> 
     </span>
    </p>
   </div>
   <div class='ocr_carea' id='block_1_10' title="bbox 355 979 1923 1055">
    <p class='ocr_par' dir='ltr' id='par_1_10' title="bbox 355 979 1923 1055">
     <span class='ocr_line' id='line_1_10' title="bbox 355 979 1923 1055; baseline -0.003 -18"><span class='ocrx_word' id='word_1_55' title='bbox 355 986 536 1055; x_wconf 88' lang='grc' dir='ltr'><strong>μάτων</strong></span> <span class='ocrx_word' id='word_1_56' title='bbox 583 982 931 1053; x_wconf 77' lang='grc' dir='ltr'><strong>σημαντικὸς,</strong></span> <span class='ocrx_word' id='word_1_57' title='bbox 975 982 1207 1053; x_wconf 82' lang='grc' dir='ltr'><strong>στιγμῆς</strong></span> <span class='ocrx_word' id='word_1_58' title='bbox 1240 999 1385 1045; x_wconf 85' lang='grc' dir='ltr'><strong>τινος</strong></span> <span class='ocrx_word' id='word_1_59' title='bbox 1412 980 1653 1053; x_wconf 79' lang='grc' dir='ltr'><strong>ἀμεροῦς</strong></span> <span class='ocrx_word' id='word_1_60' title='bbox 1695 979 1923 1048; x_wconf 88' lang='grc' dir='ltr'><strong>δύναμιν</strong></span> 
     </span>
    </p>
   </div>
   <div class='ocr_carea' id='block_1_11' title="bbox 351 1072 1918 1146">
    <p class='ocr_par' dir='ltr' id='par_1_11' title="bbox 351 1072 1918 1146">
     <span class='ocr_line' id='line_1_11' title="bbox 351 1072 1918 1146; baseline -0.004 -17"><span class='ocrx_word' id='word_1_61' title='bbox 351 1077 484 1146; x_wconf 79' lang='grc' dir='ltr'><strong>ἔχει,</strong></span> <span class='ocrx_word' id='word_1_62' title='bbox 514 1076 589 1146; x_wconf 84' lang='grc' dir='ltr'><strong>μὴ</strong></span> <span class='ocrx_word' id='word_1_63' title='bbox 613 1075 905 1145; x_wconf 88' lang='grc' dir='ltr'><strong>δυνάμενος</strong></span> <span class='ocrx_word' id='word_1_64' title='bbox 935 1074 1173 1145; x_wconf 81' lang='grc' dir='ltr'><strong>ἐμφῆναι</strong></span> <span class='ocrx_word' id='word_1_65' title='bbox 1201 1076 1337 1146; x_wconf 81' lang='grc' dir='ltr'><strong>ὅπερ</strong></span> <span class='ocrx_word' id='word_1_66' title='bbox 1365 1074 1622 1145; x_wconf 87' lang='grc' dir='ltr'><strong>ήδιάνοια</strong></span> <span class='ocrx_word' id='word_1_67' title='bbox 1645 1072 1918 1142; x_wconf 66' lang='grc' dir='ltr'><strong>βούλεται*</strong></span> 
     </span>
    </p>
   </div>
   <div class='ocr_carea' id='block_1_12' title="bbox 352 1162 1924 1237">
    <p class='ocr_par' dir='ltr' id='par_1_12' title="bbox 352 1162 1924 1237">
     <span class='ocr_line' id='line_1_12' title="bbox 352 1162 1924 1237; baseline -0.003 -17"><span class='ocrx_word' id='word_1_68' title='bbox 352 1169 427 1230; x_wconf 85' lang='grc' dir='ltr'><strong>ὡς</strong></span> <span class='ocrx_word' id='word_1_69' title='bbox 473 1163 611 1221; x_wconf 77' lang='grc' dir='ltr'><strong>εἶναι</strong></span> <span class='ocrx_word' id='word_1_70' title='bbox 654 1168 834 1220; x_wconf 84' lang='grc' dir='ltr'><strong>πᾶσαν</strong></span> <span class='ocrx_word' id='word_1_71' title='bbox 867 1166 965 1237; x_wconf 78' lang='grc' dir='ltr'><strong>μὲν</strong></span> <span class='ocrx_word' id='word_1_72' title='bbox 1012 1166 1247 1220; x_wconf 85' lang='grc' dir='ltr'><strong>διάνοιαν</strong></span> <span class='ocrx_word' id='word_1_73' title='bbox 1281 1166 1599 1236; x_wconf 86' lang='grc' dir='ltr'><strong>κατωτέραν</strong></span> <span class='ocrx_word' id='word_1_74' title='bbox 1629 1164 1727 1234; x_wconf 81' lang='grc' dir='ltr'><strong>τῆς</strong></span> <span class='ocrx_word' id='word_1_75' title='bbox 1775 1162 1924 1224; x_wconf 85' lang='grc' dir='ltr'><strong>Θείας</strong></span> 
     </span>
    </p>
   </div>
   <div class='ocr_carea' id='block_1_13' title="bbox 352 1254 1924 1329">
    <p class='ocr_par' dir='ltr' id='par_1_13' title="bbox 352 1254 1924 1329">
     <span class='ocr_line' id='line_1_13' title="bbox 352 1254 1924 1329; baseline -0.006 -16"><span class='ocrx_word' id='word_1_76' title='bbox 352 1260 729 1329; x_wconf 84' lang='grc' dir='ltr'><strong>κατανοήσεως</strong></span> <span class='ocrx_word' id='word_1_77' title='bbox 769 1274 783 1288; x_wconf 75' lang='grc' dir='ltr'><strong>ο</strong></span> <span class='ocrx_word' id='word_1_78' title='bbox 822 1260 996 1311; x_wconf 81' lang='grc' dir='ltr'><strong>πάντα</strong></span> <span class='ocrx_word' id='word_1_79' title='bbox 1046 1258 1101 1311; x_wconf 82' lang='grc' dir='ltr'><strong>δὲ</strong></span> <span class='ocrx_word' id='word_1_80' title='bbox 1139 1256 1295 1324; x_wconf 88' lang='grc' dir='ltr'><strong>λόγον</strong></span> <span class='ocrx_word' id='word_1_81' title='bbox 1349 1254 1767 1327; x_wconf 78' lang='grc' dir='ltr'><strong>ἑρμηνευτικὸν,</strong></span> <span class='ocrx_word' id='word_1_82' title='bbox 1808 1270 1924 1305; x_wconf 84' lang='grc' dir='ltr'><strong>στι-</strong></span> 
     </span>
    </p>
   </div>
   <div class='ocr_carea' id='block_1_14' title="bbox 352 1344 1925 1422">
    <p class='ocr_par' dir='ltr' id='par_1_14' title="bbox 352 1344 1925 1422">
     <span class='ocr_line' id='line_1_14' title="bbox 352 1344 1925 1422; baseline -0.003 -19"><span class='ocrx_word' id='word_1_83' title='bbox 352 1351 497 1422; x_wconf 87' lang='grc' dir='ltr'><strong>γμὴν</strong></span> <span class='ocrx_word' id='word_1_84' title='bbox 520 1350 772 1421; x_wconf 76' lang='grc' dir='ltr'><strong>βραχεῖαν</strong></span> <span class='ocrx_word' id='word_1_85' title='bbox 802 1350 978 1403; x_wconf 87' lang='grc' dir='ltr'>δοκεῖν</span> <span class='ocrx_word' id='word_1_86' title='bbox 1029 1351 1101 1421; x_wconf 82' lang='grc' dir='ltr'><strong>μὴ</strong></span> <span class='ocrx_word' id='word_1_87' title='bbox 1136 1347 1439 1418; x_wconf 84' lang='grc' dir='ltr'><strong>δυναμένην</strong></span> <span class='ocrx_word' id='word_1_88' title='bbox 1475 1347 1551 1418; x_wconf 84' lang='grc' dir='ltr'><strong>τῷ</strong></span> <span class='ocrx_word' id='word_1_89' title='bbox 1591 1346 1780 1400; x_wconf 87' lang='grc' dir='ltr'><strong>πλάτει</strong></span> <span class='ocrx_word' id='word_1_90' title='bbox 1828 1344 1925 1414; x_wconf 80' lang='grc' dir='ltr'><strong>τῆς</strong></span> 
     </span>
    </p>
   </div>
   <div class='ocr_carea' id='block_1_15' title="bbox 353 1433 1925 1510">
    <p class='ocr_par' dir='ltr' id='par_1_15' title="bbox 353 1433 1925 1510">
     <span class='ocr_line' id='line_1_15' title="bbox 353 1433 1925 1510; baseline -0.004 -15"><span class='ocrx_word' id='word_1_91' title='bbox 353 1442 588 1505; x_wconf 75' lang='grc' dir='ltr'><strong>διανοίας</strong></span> <span class='ocrx_word' id='word_1_92' title='bbox 620 1441 1149 1497; x_wconf 87' lang='grc' dir='ltr'><strong>συνεπεκτείνεσθαι.</strong></span> <span class='ocrx_word' id='word_1_93' title='bbox 1180 1440 1292 1510; x_wconf 86' lang='grc' dir='ltr'><strong>Τὴν</strong></span> <span class='ocrx_word' id='word_1_94' title='bbox 1315 1433 1405 1493; x_wconf 84' lang='grc' dir='ltr'><strong>οὖν</strong></span> <span class='ocrx_word' id='word_1_95' title='bbox 1428 1439 1515 1492; x_wconf 83' lang='grc' dir='ltr'><strong>διά</strong></span> <span class='ocrx_word' id='word_1_96' title='bbox 1534 1438 1642 1490; x_wconf 85' lang='grc' dir='ltr'><strong>τῶν</strong></span> <span class='ocrx_word' id='word_1_97' title='bbox 1671 1437 1925 1491; x_wconf 80' lang='grc' dir='ltr'><strong>τοιούτων</strong></span> 
     </span>
    </p>
   </div>
   <div class='ocr_carea' id='block_1_16' title="bbox 355 1527 1925 1602">
    <p class='ocr_par' dir='ltr' id='par_1_16' title="bbox 355 1527 1925 1602">
     <span class='ocr_line' id='line_1_16' title="bbox 355 1527 1925 1602; baseline -0.004 -16"><span class='ocrx_word' id='word_1_98' title='bbox 355 1533 639 1602; x_wconf 83' lang='grc' dir='ltr'><strong>νοημάτων</strong></span> <span class='ocrx_word' id='word_1_99' title='bbox 689 1531 1203 1602; x_wconf 87' lang='grc' dir='ltr'><strong>χειραγωγουμένην</strong></span> <span class='ocrx_word' id='word_1_100' title='bbox 1252 1529 1428 1599; x_wconf 73' lang='grc' dir='ltr'><strong>ψυχὴν</strong></span> <span class='ocrx_word' id='word_1_101' title='bbox 1485 1528 1621 1599; x_wconf 83' lang='grc' dir='ltr'><strong>πρὸς</strong></span> <span class='ocrx_word' id='word_1_102' title='bbox 1675 1527 1773 1597; x_wconf 84' lang='grc' dir='ltr'><strong>τὴν</strong></span> <span class='ocrx_word' id='word_1_103' title='bbox 1819 1527 1925 1579; x_wconf 82' lang='grc' dir='ltr'><strong>τῶν</strong></span> 
     </span>
    </p>
   </div>
   <div class='ocr_carea' id='block_1_17' title="bbox 354 1610 1926 1693">
    <p class='ocr_par' dir='ltr' id='par_1_17' title="bbox 354 1610 1926 1693">
     <span class='ocr_line' id='line_1_17' title="bbox 354 1610 1926 1693; baseline -0.004 -17"><span class='ocrx_word' id='word_1_104' title='bbox 354 1624 608 1693; x_wconf 82' lang='grc' dir='ltr'><strong>ἀλήπτων</strong></span> <span class='ocrx_word' id='word_1_105' title='bbox 646 1610 1041 1692; x_wconf 58' lang='grc' dir='ltr'><strong>περίῦᾱανδιά</strong></span> <span class='ocrx_word' id='word_1_106' title='bbox 1070 1620 1502 1691; x_wconf 28' lang='grc' dir='ltr'><strong>μόνηξίπίᾱτεως</strong></span> <span class='ocrx_word' id='word_1_107' title='bbox 1530 1618 1837 1693; x_wconf 60' lang='grc' dir='ltr'><strong>είσοικίζειν</strong></span> <span class='ocrx_word' id='word_1_108' title='bbox 1868 1618 1926 1670; x_wconf 86' lang='grc' dir='ltr'><strong>ἐν</strong></span> 
     </span>
    </p>
   </div>
   <div class='ocr_carea' id='block_1_18' title="bbox 354 1710 1923 1787">
    <p class='ocr_par' dir='ltr' id='par_1_18' title="bbox 354 1710 1923 1787">
     <span class='ocr_line' id='line_1_18' title="bbox 354 1710 1923 1787; baseline -0.003 -18"><span class='ocrx_word' id='word_1_109' title='bbox 354 1717 519 1787; x_wconf 79' lang='grc' dir='ltr'><strong>ἑαυτῇ</strong></span> <span class='ocrx_word' id='word_1_110' title='bbox 544 1715 689 1783; x_wconf 82' lang='grc' dir='ltr'><strong>λέγει</strong></span> <span class='ocrx_word' id='word_1_111' title='bbox 712 1715 819 1768; x_wconf 81' lang='grc' dir='ltr'><strong>δεῖν</strong></span> <span class='ocrx_word' id='word_1_112' title='bbox 837 1715 935 1786; x_wconf 84' lang='grc' dir='ltr'><strong>τὴν</strong></span> <span class='ocrx_word' id='word_1_113' title='bbox 967 1714 1141 1766; x_wconf 84' lang='grc' dir='ltr'><strong>πάντα</strong></span> <span class='ocrx_word' id='word_1_114' title='bbox 1176 1712 1298 1765; x_wconf 93' lang='grc' dir='ltr'><strong>νοῦν</strong></span> <span class='ocrx_word' id='word_1_115' title='bbox 1337 1712 1708 1783; x_wconf 80' lang='grc' dir='ltr'><strong>ὑπερέχουσαν</strong></span> <span class='ocrx_word' id='word_1_116' title='bbox 1742 1710 1923 1780; x_wconf 85' lang='grc' dir='ltr'><strong>φύσιν.</strong></span> 
     </span>
    </p>
   </div>
   <div class='ocr_carea' id='block_1_19' title="bbox 356 1801 1926 1879">
    <p class='ocr_par' dir='ltr' id='par_1_19' title="bbox 356 1801 1926 1879">
     <span class='ocr_line' id='line_1_19' title="bbox 356 1801 1926 1879; baseline -0.006 -19"><span class='ocrx_word' id='word_1_117' title='bbox 356 1807 467 1860; x_wconf 75' lang='grc' dir='ltr'><strong>Καὶ</strong></span> <span class='ocrx_word' id='word_1_118' title='bbox 495 1806 652 1879; x_wconf 82' lang='grc' dir='ltr'><strong>τοῦτό</strong></span> <span class='ocrx_word' id='word_1_119' title='bbox 697 1808 813 1859; x_wconf 85' lang='grc' dir='ltr'><strong>ἐστι</strong></span> <span class='ocrx_word' id='word_1_120' title='bbox 862 1805 924 1858; x_wconf 85' lang='grc' dir='ltr'><strong>τὸ</strong></span> <span class='ocrx_word' id='word_1_121' title='bbox 956 1804 1108 1876; x_wconf 83' lang='grc' dir='ltr'><strong>παρὰ</strong></span> <span class='ocrx_word' id='word_1_122' title='bbox 1151 1803 1256 1857; x_wconf 82' lang='grc' dir='ltr'><strong>τῶν</strong></span> <span class='ocrx_word' id='word_1_123' title='bbox 1287 1803 1455 1871; x_wconf 86' lang='grc' dir='ltr'><strong>φίλων</strong></span> <span class='ocrx_word' id='word_1_124' title='bbox 1482 1802 1770 1870; x_wconf 85' lang='grc' dir='ltr'><strong>λεγόμενον</strong></span> <span class='ocrx_word' id='word_1_125' title='bbox 1792 1815 1805 1829; x_wconf 76' lang='grc'><strong><em>⁸</em></strong></span> <span class='ocrx_word' id='word_1_126' title='bbox 1845 1801 1926 1853; x_wconf 85' lang='grc' dir='ltr'><strong>ὅτι</strong></span> 
     </span>
    </p>
   </div>
   <div class='ocr_carea' id='block_1_20' title="bbox 358 1881 1998 1973">
    <p class='ocr_par' dir='ltr' id='par_1_20' title="bbox 358 1881 1998 1973">
     <span class='ocr_line' id='line_1_20' title="bbox 358 1881 1998 1973; baseline -0.005 -22"><span class='ocrx_word' id='word_1_127' title='bbox 358 1898 451 1951; x_wconf 60' lang='grc' dir='ltr'><strong>Σοὶ¹</strong></span> <span class='ocrx_word' id='word_1_128' title='bbox 500 1898 832 1973; x_wconf 83' lang='grc' dir='ltr'><strong>ποιήσωμεν,</strong></span> <span class='ocrx_word' id='word_1_129' title='bbox 869 1891 914 1951; x_wconf 79' lang='grc' dir='ltr'><strong>ὦ</strong></span> <span class='ocrx_word' id='word_1_130' title='bbox 941 1896 1108 1967; x_wconf 78' lang='grc' dir='ltr'><strong>ψυχὴ.</strong></span> <span class='ocrx_word' id='word_1_131' title='bbox 1143 1898 1209 1966; x_wconf 80' lang='grc' dir='ltr'><strong>τῇ</strong></span> <span class='ocrx_word' id='word_1_132' title='bbox 1254 1894 1434 1957; x_wconf 83' lang='grc' dir='ltr'><strong>καλῶς</strong></span> <span class='ocrx_word' id='word_1_133' title='bbox 1468 1894 1603 1964; x_wconf 82' lang='grc' dir='ltr'><strong>πρὸς</strong></span> <span class='ocrx_word' id='word_1_134' title='bbox 1631 1893 1723 1945; x_wconf 79' lang='grc' dir='ltr'><strong>τὸν</strong></span> <span class='ocrx_word' id='word_1_135' title='bbox 1764 1892 1928 1944; x_wconf 83' lang='grc' dir='ltr'>ἵππον</span> <span class='ocrx_word' id='word_1_136' title='bbox 1959 1881 1998 1936; x_wconf 77' lang='grc' dir='ltr'><strong><em>Β</em></strong></span> 
     </span>
    </p>
   </div>
   <div class='ocr_carea' id='block_1_21' title="bbox 358 1982 1927 2061">
    <p class='ocr_par' dir='ltr' id='par_1_21' title="bbox 358 1982 1927 2061">
     <span class='ocr_line' id='line_1_21' title="bbox 358 1982 1927 2061; baseline -0.006 -18"><span class='ocrx_word' id='word_1_137' title='bbox 358 1988 789 2060; x_wconf 78' lang='grc' dir='ltr'><strong>ἀπεικασθείσῃ,</strong></span> <span class='ocrx_word' id='word_1_138' title='bbox 840 1986 1139 2058; x_wconf 83' lang='grc' dir='ltr'><strong>ίνδάλματά</strong></span> <span class='ocrx_word' id='word_1_139' title='bbox 1187 2003 1309 2038; x_wconf 88' lang='grc' dir='ltr'><strong>τινα</strong></span> <span class='ocrx_word' id='word_1_140' title='bbox 1369 1985 1467 2053; x_wconf 81' lang='grc' dir='ltr'><strong>τῆς</strong></span> <span class='ocrx_word' id='word_1_141' title='bbox 1518 1983 1773 2061; x_wconf 78' lang='grc' dir='ltr'><strong>ἀληθείας</strong></span> <span class='ocrx_word' id='word_1_142' title='bbox 1834 1982 1927 2061; x_wconf 76' lang='grc' dir='ltr'><strong>καὶ</strong></span> 
     </span>
    </p>
   </div>
   <div class='ocr_carea' id='block_1_22' title="bbox 360 2058 1931 2155">
    <p class='ocr_par' dir='ltr' id='par_1_22' title="bbox 360 2058 1931 2155">
     <span class='ocr_line' id='line_1_22' title="bbox 360 2058 1931 2155; baseline -0.004 -22"><span class='ocrx_word' id='word_1_143' title='bbox 360 2080 696 2155; x_wconf 61' lang='grc' dir='ltr'><strong>ὁμοιῴμριτα.</strong></span> <span class='ocrx_word' id='word_1_144' title='bbox 723 2058 974 2149; x_wconf 16' lang='grc' dir='ltr'><strong>γΤοιαῆύτη</strong></span> <span class='ocrx_word' id='word_1_145' title='bbox 1017 2079 1126 2150; x_wconf 78' lang='grc' dir='ltr'><strong>γὰρ</strong></span> <span class='ocrx_word' id='word_1_146' title='bbox 1183 2072 1384 2132; x_wconf 88' lang='grc' dir='ltr'><strong>τούτων</strong></span> <span class='ocrx_word' id='word_1_147' title='bbox 1421 2062 1594 2144; x_wconf 84' lang='grc' dir='ltr'><strong>λόγων</strong></span> <span class='ocrx_word' id='word_1_148' title='bbox 1622 2058 1861 2146; x_wconf 68' lang='grc' dir='ltr'><strong>ἀργύρου</strong></span> 
     </span>
    </p>
   </div>
   <div class='ocr_carea' id='block_1_23' title="bbox 357 2152 1920 2241">
    <p class='ocr_par' dir='ltr' id='par_1_23' title="bbox 357 2156 1920 2241">
     <span class='ocr_line' id='line_1_23' title="bbox 357 2156 1920 2241; baseline -0.003 -18"><span class='ocrx_word' id='word_1_149' title='bbox 357 2156 599 2239; x_wconf 60' lang='grc' dir='ltr'><strong>δύναμις,</strong></span> <span class='ocrx_word' id='word_1_150' title='bbox 615 2172 687 2233; x_wconf 81' lang='grc' dir='ltr'><strong>ὡς</strong></span> <span class='ocrx_word' id='word_1_151' title='bbox 710 2170 1021 2241; x_wconf 86' lang='grc' dir='ltr'><strong>ἐναύσματά</strong></span> <span class='ocrx_word' id='word_1_152' title='bbox 1044 2188 1165 2224; x_wconf 88' lang='grc' dir='ltr'><strong>τινα</strong></span> <span class='ocrx_word' id='word_1_153' title='bbox 1190 2168 1569 2239; x_wconf 83' lang='grc' dir='ltr'><strong>σπινθηροειδῆ</strong></span> <span class='ocrx_word' id='word_1_154' title='bbox 1584 2168 1757 2220; x_wconf 86' lang='grc' dir='ltr'>δοκεῖν</span> <span class='ocrx_word' id='word_1_155' title='bbox 1782 2163 1920 2219; x_wconf 74' lang='grc' dir='ltr'><strong>εἶναι</strong></span> 
     </span>
    </p>
   </div>
   <div class='ocr_carea' id='block_1_24' title="bbox 356 2258 1928 2332">
    <p class='ocr_par' dir='ltr' id='par_1_24' title="bbox 356 2258 1928 2332">
     <span class='ocr_line' id='line_1_24' title="bbox 356 2258 1928 2332; baseline -0.003 -18"><span class='ocrx_word' id='word_1_156' title='bbox 356 2263 426 2314; x_wconf 73' lang='grc' dir='ltr'><strong>τὰ</strong></span> <span class='ocrx_word' id='word_1_157' title='bbox 469 2263 704 2331; x_wconf 79' lang='grc' dir='ltr'><strong>ῥήματα,</strong></span> <span class='ocrx_word' id='word_1_158' title='bbox 743 2261 817 2332; x_wconf 85' lang='grc' dir='ltr'><strong>μὴ</strong></span> <span class='ocrx_word' id='word_1_159' title='bbox 871 2262 1142 2331; x_wconf 90' lang='grc' dir='ltr'><strong>δυνάμενα</strong></span> <span class='ocrx_word' id='word_1_160' title='bbox 1179 2262 1246 2315; x_wconf 85' lang='grc' dir='ltr'><strong>δι’</strong></span> <span class='ocrx_word' id='word_1_161' title='bbox 1274 2259 1557 2331; x_wconf 78' lang='grc' dir='ltr'><strong>ἀκριϐείας</strong></span> <span class='ocrx_word' id='word_1_162' title='bbox 1599 2258 1836 2329; x_wconf 76' lang='grc' dir='ltr'><strong>ἐμφῆναι</strong></span> <span class='ocrx_word' id='word_1_163' title='bbox 1868 2258 1928 2310; x_wconf 81' lang='grc' dir='ltr'><strong>τὸ</strong></span> 
     </span>
    </p>
   </div>
   <div class='ocr_carea' id='block_1_25' title="bbox 357 2349 1928 2421">
    <p class='ocr_par' dir='ltr' id='par_1_25' title="bbox 357 2349 1928 2421">
     <span class='ocr_line' id='line_1_25' title="bbox 357 2349 1928 2421; baseline 0 -20"><span class='ocrx_word' id='word_1_164' title='bbox 357 2352 668 2419; x_wconf 80' lang='grc' dir='ltr'><strong>ἐγκείμενον</strong></span> <span class='ocrx_word' id='word_1_165' title='bbox 700 2351 896 2421; x_wconf 79' lang='grc' dir='ltr'><strong>νόημα.</strong></span> <span class='ocrx_word' id='word_1_166' title='bbox 917 2352 989 2404; x_wconf 80' lang='grc' dir='ltr'>Σὺ</span> <span class='ocrx_word' id='word_1_167' title='bbox 1004 2351 1059 2403; x_wconf 88' lang='grc' dir='ltr'><strong>δέ</strong></span> <span class='ocrx_word' id='word_1_168' title='bbox 1075 2350 1245 2405; x_wconf 89' lang='grc' dir='ltr'><strong>ταῦτα</strong></span> <span class='ocrx_word' id='word_1_169' title='bbox 1261 2350 1547 2421; x_wconf 82' lang='grc' dir='ltr'><strong>δεξαμένη,</strong></span> <span class='ocrx_word' id='word_1_170' title='bbox 1562 2349 1848 2417; x_wconf 84' lang='grc' dir='ltr'><strong>ύποζύγιόν</strong></span> <span class='ocrx_word' id='word_1_171' title='bbox 1869 2367 1928 2402; x_wconf 90' lang='grc' dir='ltr'><strong>τε</strong></span> 
     </span>
    </p>
   </div>
   <div class='ocr_carea' id='block_1_26' title="bbox 360 2439 1927 2515">
    <p class='ocr_par' dir='ltr' id='par_1_26' title="bbox 360 2439 1927 2515">
     <span class='ocr_line' id='line_1_26' title="bbox 360 2439 1927 2515; baseline -0.004 -18"><span class='ocrx_word' id='word_1_172' title='bbox 360 2446 454 2497; x_wconf 78' lang='grc' dir='ltr'><strong>καὶ</strong></span> <span class='ocrx_word' id='word_1_173' title='bbox 477 2445 787 2514; x_wconf 82' lang='grc' dir='ltr'><strong>οἰκητήριον</strong></span> <span class='ocrx_word' id='word_1_174' title='bbox 809 2444 1011 2515; x_wconf 80' lang='grc' dir='ltr'><strong>γενήσῃ</strong></span> <span class='ocrx_word' id='word_1_175' title='bbox 1040 2442 1128 2495; x_wconf 79' lang='grc' dir='ltr'><strong>διὰ</strong></span> <span class='ocrx_word' id='word_1_176' title='bbox 1153 2443 1387 2504; x_wconf 86' lang='grc' dir='ltr'><strong>πίστεως</strong></span> <span class='ocrx_word' id='word_1_177' title='bbox 1415 2439 1507 2494; x_wconf 91' lang='grc' dir='ltr'><strong>τοῦ</strong></span> <span class='ocrx_word' id='word_1_178' title='bbox 1542 2458 1621 2493; x_wconf 91' lang='grc' dir='ltr'><strong>σοι</strong></span> <span class='ocrx_word' id='word_1_179' title='bbox 1648 2440 1927 2494; x_wconf 84' lang='grc' dir='ltr'><strong>ἐνανακλί-</strong></span> 
     </span>
    </p>
   </div>
   <div class='ocr_carea' id='block_1_27' title="bbox 356 2529 1928 2605">
    <p class='ocr_par' dir='ltr' id='par_1_27' title="bbox 356 2529 1928 2605">
     <span class='ocr_line' id='line_1_27' title="bbox 356 2529 1928 2605; baseline -0.001 -21"><span class='ocrx_word' id='word_1_180' title='bbox 356 2535 540 2587; x_wconf 87' lang='grc' dir='ltr'><strong>νεσθαι</strong></span> <span class='ocrx_word' id='word_1_181' title='bbox 594 2534 877 2601; x_wconf 90' lang='grc' dir='ltr'><strong>μέλλοντος</strong></span> <span class='ocrx_word' id='word_1_182' title='bbox 908 2533 997 2586; x_wconf 84' lang='grc' dir='ltr'><strong>διὰ</strong></span> <span class='ocrx_word' id='word_1_183' title='bbox 1048 2533 1147 2601; x_wconf 84' lang='grc' dir='ltr'><strong>τῆς</strong></span> <span class='ocrx_word' id='word_1_184' title='bbox 1176 2533 1233 2583; x_wconf 84' lang='grc' dir='ltr'><strong>ἐν</strong></span> <span class='ocrx_word' id='word_1_185' title='bbox 1268 2533 1349 2584; x_wconf 73' lang='grc' dir='ltr'><strong>σοὶ</strong></span> <span class='ocrx_word' id='word_1_186' title='bbox 1395 2532 1795 2605; x_wconf 51' lang='grc' dir='ltr'><strong>κατοικήσεως</strong></span> <span class='ocrx_word' id='word_1_187' title='bbox 1835 2529 1928 2582; x_wconf 88' lang='grc' dir='ltr'><strong>τοῦ</strong></span> 
     </span>
    </p>
   </div>
   <div class='ocr_carea' id='block_1_28' title="bbox 356 2617 1930 2697">
    <p class='ocr_par' dir='ltr' id='par_1_28' title="bbox 356 2617 1930 2697">
     <span class='ocr_line' id='line_1_28' title="bbox 356 2617 1930 2697; baseline -0.004 -19"><span class='ocrx_word' id='word_1_188' title='bbox 356 2625 464 2697; x_wconf 82' lang='grc' dir='ltr'><strong>γὰρ</strong></span> <span class='ocrx_word' id='word_1_189' title='bbox 490 2626 652 2680; x_wconf 85' lang='grc' dir='ltr'><strong>αὐτοῦ</strong></span> <span class='ocrx_word' id='word_1_190' title='bbox 682 2626 773 2678; x_wconf 72' lang='grc' dir='ltr'><strong>καὶ</strong></span> <span class='ocrx_word' id='word_1_191' title='bbox 794 2624 979 2696; x_wconf 88' lang='grc' dir='ltr'><strong>θρόνος</strong></span> <span class='ocrx_word' id='word_1_192' title='bbox 1000 2619 1161 2675; x_wconf 76' lang='grc' dir='ltr'><strong>εἶκαὶ</strong></span> <span class='ocrx_word' id='word_1_193' title='bbox 1189 2617 1352 2685; x_wconf 80' lang='grc' dir='ltr'><strong>οἶκος</strong></span> <span class='ocrx_word' id='word_1_194' title='bbox 1370 2624 1593 2694; x_wconf 84' lang='grc' dir='ltr'><strong>γενήσῃ.</strong></span> <span class='ocrx_word' id='word_1_195' title='bbox 1615 2622 1767 2691; x_wconf 82' lang='grc' dir='ltr'><strong>Τάχα</strong></span> <span class='ocrx_word' id='word_1_196' title='bbox 1792 2621 1835 2673; x_wconf 83' lang='grc' dir='ltr'><strong>δ’</strong></span> <span class='ocrx_word' id='word_1_197' title='bbox 1866 2620 1930 2671; x_wconf 86' lang='grc' dir='ltr'><strong>ἄν</strong></span> 
     </span>
    </p>
   </div>
   <div class='ocr_carea' id='block_1_29' title="bbox 357 2712 1928 2787">
    <p class='ocr_par' dir='ltr' id='par_1_29' title="bbox 357 2712 1928 2787">
     <span class='ocr_line' id='line_1_29' title="bbox 357 2712 1928 2787; baseline -0.004 -17"><span class='ocrx_word' id='word_1_198' title='bbox 357 2735 441 2779; x_wconf 88' lang='grc' dir='ltr'><strong>τις</strong></span> <span class='ocrx_word' id='word_1_199' title='bbox 485 2718 627 2769; x_wconf 75' lang='grc' dir='ltr'><strong>εἴποι</strong></span> <span class='ocrx_word' id='word_1_200' title='bbox 652 2716 749 2787; x_wconf 79' lang='grc' dir='ltr'><strong>τὴν</strong></span> <span class='ocrx_word' id='word_1_201' title='bbox 781 2715 991 2769; x_wconf 88' lang='grc' dir='ltr'><strong>Παύλου</strong></span> <span class='ocrx_word' id='word_1_202' title='bbox 1016 2714 1212 2785; x_wconf 75' lang='grc' dir='ltr'><strong>ψυχὴν,</strong></span> <span class='ocrx_word' id='word_1_203' title='bbox 1245 2714 1336 2766; x_wconf 73' lang='grc' dir='ltr'><strong>καὶ</strong></span> <span class='ocrx_word' id='word_1_204' title='bbox 1370 2712 1422 2765; x_wconf 82' lang='grc' dir='ltr'>εἴ</span> <span class='ocrx_word' id='word_1_205' title='bbox 1450 2730 1530 2776; x_wconf 84' lang='grc' dir='ltr'><strong>τις</strong></span> <span class='ocrx_word' id='word_1_206' title='bbox 1569 2712 1701 2782; x_wconf 81' lang='grc' dir='ltr'><strong>άλλη</strong></span> <span class='ocrx_word' id='word_1_207' title='bbox 1739 2712 1928 2780; x_wconf 87' lang='grc' dir='ltr'><strong>γέγονε</strong></span> 
     </span>
    </p>
   </div>
   <div class='ocr_carea' id='block_1_30' title="bbox 326 2802 1933 2875">
    <p class='ocr_par' dir='ltr' id='par_1_30' title="bbox 326 2802 1933 2875">
     <span class='ocr_line' id='line_1_30' title="bbox 326 2802 1933 2875; baseline -0.003 -15"><span class='ocrx_word' id='word_1_208' title='bbox 326 2804 338 2819; x_wconf 65' lang='grc'><strong>⁸</strong></span> <span class='ocrx_word' id='word_1_209' title='bbox 360 2808 476 2860; x_wconf 83' lang='grc' dir='ltr'><strong>κατ’</strong></span> <span class='ocrx_word' id='word_1_210' title='bbox 490 2806 722 2875; x_wconf 88' lang='grc' dir='ltr'><strong>ἐκείνην,</strong></span> <span class='ocrx_word' id='word_1_211' title='bbox 744 2806 851 2859; x_wconf 84' lang='grc' dir='ltr'><strong>τῶν</strong></span> <span class='ocrx_word' id='word_1_212' title='bbox 882 2804 1133 2858; x_wconf 85' lang='grc' dir='ltr'><strong>τοιούτων</strong></span> <span class='ocrx_word' id='word_1_213' title='bbox 1153 2802 1430 2869; x_wconf 78' lang='grc' dir='ltr'><strong>ἀξιοῦσθαι</strong></span> <span class='ocrx_word' id='word_1_214' title='bbox 1456 2802 1733 2873; x_wconf 80' lang='grc' dir='ltr'><strong>ῥημάτων.</strong></span> <span class='ocrx_word' id='word_1_215' title='bbox 1762 2803 1933 2855; x_wconf 82' lang='grc' dir='ltr'><strong>Ἐκεῖ-</strong></span> 
     </span>
    </p>
   </div>
   <div class='ocr_carea' id='block_1_31' title="bbox 359 2896 1930 2971">
    <p class='ocr_par' dir='ltr' id='par_1_31' title="bbox 359 2896 1930 2971">
     <span class='ocr_line' id='line_1_31' title="bbox 359 2896 1930 2971; baseline -0.003 -17"><span class='ocrx_word' id='word_1_216' title='bbox 359 2914 449 2964; x_wconf 82' lang='grc' dir='ltr'><strong>νος</strong></span> <span class='ocrx_word' id='word_1_217' title='bbox 489 2901 596 2971; x_wconf 83' lang='grc' dir='ltr'><strong>γὰρ</strong></span> <span class='ocrx_word' id='word_1_218' title='bbox 635 2899 824 2963; x_wconf 87' lang='grc' dir='ltr'><strong>σκεῦος</strong></span> <span class='ocrx_word' id='word_1_219' title='bbox 857 2899 1083 2969; x_wconf 80' lang='grc' dir='ltr'><strong>ἐκλογῆς</strong></span> <span class='ocrx_word' id='word_1_220' title='bbox 1106 2896 1267 2961; x_wconf 75' lang='grc' dir='ltr'><strong>’ἅπαξ</strong></span> <span class='ocrx_word' id='word_1_221' title='bbox 1312 2896 1388 2966; x_wconf 85' lang='grc' dir='ltr'><strong>τῷ</strong></span> <span class='ocrx_word' id='word_1_222' title='bbox 1424 2897 1668 2967; x_wconf 87' lang='grc' dir='ltr'><strong>Δεσπότῃ</strong></span> <span class='ocrx_word' id='word_1_223' title='bbox 1705 2897 1930 2967; x_wconf 84' lang='grc' dir='ltr'><strong>γενόμε-</strong></span> 
     </span>
    </p>
   </div>
   <div class='ocr_carea' id='block_1_32' title="bbox 360 2980 1929 3056">
    <p class='ocr_par' dir='ltr' id='par_1_32' title="bbox 360 2980 1929 3056">
     <span class='ocr_line' id='line_1_32' title="bbox 360 2980 1929 3056; baseline -0.003 -14"><span class='ocrx_word' id='word_1_224' title='bbox 360 3007 467 3053; x_wconf 88' lang='grc' dir='ltr'><strong>νος,</strong></span> <span class='ocrx_word' id='word_1_225' title='bbox 508 2990 599 3042; x_wconf 75' lang='grc' dir='ltr'><strong>καὶ</strong></span> <span class='ocrx_word' id='word_1_226' title='bbox 649 2990 730 3056; x_wconf 78' lang='grc' dir='ltr'><strong>ἐφ’</strong></span> <span class='ocrx_word' id='word_1_227' title='bbox 768 2986 960 3040; x_wconf 85' lang='grc' dir='ltr'><strong>ἐαυτοῦ</strong></span> <span class='ocrx_word' id='word_1_228' title='bbox 992 2986 1085 3039; x_wconf 75' lang='grc' dir='ltr'><strong>καὶ</strong></span> <span class='ocrx_word' id='word_1_229' title='bbox 1115 2988 1171 3037; x_wconf 85' lang='grc' dir='ltr'><strong>ἐν</strong></span> <span class='ocrx_word' id='word_1_230' title='bbox 1203 2984 1380 3055; x_wconf 81' lang='grc' dir='ltr'><strong>ἐαυτῷ</strong></span> <span class='ocrx_word' id='word_1_231' title='bbox 1416 2980 1527 3056; x_wconf 74' lang='grc' dir='ltr'><strong>εἶχε</strong></span> <span class='ocrx_word' id='word_1_232' title='bbox 1560 2984 1649 3036; x_wconf 83' lang='grc' dir='ltr'><strong>τὸν</strong></span> <span class='ocrx_word' id='word_1_233' title='bbox 1697 2986 1929 3055; x_wconf 82' lang='grc' dir='ltr'><strong>Κύριον·</strong></span> 
     </span>
    </p>
   </div>
   <div class='ocr_carea' id='block_1_33' title="bbox 360 3075 1934 3149">
    <p class='ocr_par' dir='ltr' id='par_1_33' title="bbox 360 3075 1934 3149">
     <span class='ocr_line' id='line_1_33' title="bbox 360 3075 1934 3149; baseline 0 -19"><span class='ocrx_word' id='word_1_234' title='bbox 360 3080 419 3130; x_wconf 81' lang='grc' dir='ltr'><strong>ἐν</strong></span> <span class='ocrx_word' id='word_1_235' title='bbox 454 3080 549 3148; x_wconf 85' lang='grc' dir='ltr'><strong>μὲν</strong></span> <span class='ocrx_word' id='word_1_236' title='bbox 580 3077 656 3149; x_wconf 80' lang='grc' dir='ltr'><strong>τῷ</strong></span> <span class='ocrx_word' id='word_1_237' title='bbox 704 3078 992 3148; x_wconf 78' lang='grc' dir='ltr'><strong>βαστάζειν</strong></span> <span class='ocrx_word' id='word_1_238' title='bbox 1023 3075 1185 3129; x_wconf 85' lang='grc' dir='ltr'><strong>αὐτοῦ</strong></span> <span class='ocrx_word' id='word_1_239' title='bbox 1214 3076 1274 3128; x_wconf 84' lang='grc' dir='ltr'><strong>τὸ</strong></span> <span class='ocrx_word' id='word_1_240' title='bbox 1303 3077 1471 3146; x_wconf 75' lang='grc' dir='ltr'><strong>ὄνομα</strong></span> <span class='ocrx_word' id='word_1_241' title='bbox 1509 3077 1748 3129; x_wconf 85' lang='grc' dir='ltr'><strong>ἐναντίον</strong></span> <span class='ocrx_word' id='word_1_242' title='bbox 1767 3078 1934 3130; x_wconf 83' lang='grc' dir='ltr'><strong>ἐθνῶν</strong></span> 
     </span>
    </p>
   </div>
   <div class='ocr_carea' id='block_1_34' title="bbox 363 3166 1931 3239">
    <p class='ocr_par' dir='ltr' id='par_1_34' title="bbox 363 3166 1931 3239">
     <span class='ocr_line' id='line_1_34' title="bbox 363 3166 1931 3239; baseline -0.001 -17"><span class='ocrx_word' id='word_1_243' title='bbox 363 3170 453 3222; x_wconf 78' lang='grc' dir='ltr'><strong>καὶ</strong></span> <span class='ocrx_word' id='word_1_244' title='bbox 487 3169 745 3239; x_wconf 76' lang='grc' dir='ltr'><strong>βασιλέων</strong></span> <span class='ocrx_word' id='word_1_245' title='bbox 788 3169 949 3229; x_wconf 83' lang='grc' dir='ltr'>ἵππος</span> <span class='ocrx_word' id='word_1_246' title='bbox 981 3167 1268 3237; x_wconf 86' lang='grc' dir='ltr'><strong>γενόμενος</strong></span> <span class='ocrx_word' id='word_1_247' title='bbox 1291 3183 1305 3197; x_wconf 74' lang='grc' dir='ltr'>ο</span> <span class='ocrx_word' id='word_1_248' title='bbox 1331 3168 1388 3219; x_wconf 87' lang='grc' dir='ltr'><strong>ἐν</strong></span> <span class='ocrx_word' id='word_1_249' title='bbox 1411 3166 1467 3218; x_wconf 78' lang='grc' dir='ltr'><strong>δὲ</strong></span> <span class='ocrx_word' id='word_1_250' title='bbox 1509 3166 1585 3235; x_wconf 82' lang='grc' dir='ltr'><strong>τῷ</strong></span> <span class='ocrx_word' id='word_1_251' title='bbox 1621 3166 1814 3236; x_wconf 76' lang='grc' dir='ltr'><strong>μηκέτι</strong></span> <span class='ocrx_word' id='word_1_252' title='bbox 1837 3168 1931 3220; x_wconf 80' lang='grc' dir='ltr'><strong>αύ-</strong></span> 
     </span>
    </p>
   </div>
   <div class='ocr_carea' id='block_1_35' title="bbox 362 3255 1927 3330">
    <p class='ocr_par' dir='ltr' id='par_1_35' title="bbox 362 3255 1927 3330">
     <span class='ocr_line' id='line_1_35' title="bbox 362 3255 1927 3330; baseline 0 -18"><span class='ocrx_word' id='word_1_253' title='bbox 362 3260 450 3312; x_wconf 74' lang='grc' dir='ltr'><strong>τὸν</strong></span> <span class='ocrx_word' id='word_1_254' title='bbox 481 3260 599 3330; x_wconf 74' lang='grc' dir='ltr'><strong>ζῇν,</strong></span> <span class='ocrx_word' id='word_1_255' title='bbox 621 3258 735 3311; x_wconf 75' lang='grc' dir='ltr'><strong>ἀλλ’</strong></span> <span class='ocrx_word' id='word_1_256' title='bbox 768 3260 825 3311; x_wconf 85' lang='grc' dir='ltr'><strong>ἐν</strong></span> <span class='ocrx_word' id='word_1_257' title='bbox 856 3257 1033 3327; x_wconf 83' lang='grc' dir='ltr'><strong>ἐαυτῷ</strong></span> <span class='ocrx_word' id='word_1_258' title='bbox 1061 3255 1320 3309; x_wconf 89' lang='grc' dir='ltr'><strong>δεικνύειν</strong></span> <span class='ocrx_word' id='word_1_259' title='bbox 1361 3255 1537 3320; x_wconf 83' lang='grc' dir='ltr'><strong>ζῶντα</strong></span> <span class='ocrx_word' id='word_1_260' title='bbox 1568 3259 1769 3310; x_wconf 82' lang='grc' dir='ltr'><strong>ἐκεῖνον</strong></span> <span class='ocrx_word' id='word_1_261' title='bbox 1790 3298 1806 3321; x_wconf 97' lang='grc'><strong>,</strong></span> <span class='ocrx_word' id='word_1_262' title='bbox 1835 3261 1927 3312; x_wconf 76' lang='grc' dir='ltr'><strong>καὶ</strong></span> 
     </span>
    </p>
   </div>
   <div class='ocr_carea' id='block_1_36' title="bbox 360 3346 1924 3421">
    <p class='ocr_par' dir='ltr' id='par_1_36' title="bbox 360 3346 1924 3421">
     <span class='ocr_line' id='line_1_36' title="bbox 360 3346 1924 3421; baseline -0.001 -17"><span class='ocrx_word' id='word_1_263' title='bbox 360 3351 584 3421; x_wconf 82' lang='grc' dir='ltr'><strong>δοκιμὴν</strong></span> <span class='ocrx_word' id='word_1_264' title='bbox 633 3350 827 3404; x_wconf 85' lang='grc' dir='ltr'><strong>διδόναι</strong></span> <span class='ocrx_word' id='word_1_265' title='bbox 865 3349 958 3402; x_wconf 89' lang='grc' dir='ltr'><strong>τοῦ</strong></span> <span class='ocrx_word' id='word_1_266' title='bbox 998 3352 1054 3401; x_wconf 71' lang='grc' dir='ltr'><strong>ἐν</strong></span> <span class='ocrx_word' id='word_1_267' title='bbox 1083 3348 1230 3418; x_wconf 84' lang='grc' dir='ltr'><strong>αύτῷ</strong></span> <span class='ocrx_word' id='word_1_268' title='bbox 1255 3347 1538 3411; x_wconf 88' lang='grc' dir='ltr'><strong>λαλοῦντος</strong></span> <span class='ocrx_word' id='word_1_269' title='bbox 1568 3349 1826 3419; x_wconf 81' lang='grc' dir='ltr'><strong>Χριστοῦ,</strong></span> <span class='ocrx_word' id='word_1_270' title='bbox 1844 3346 1924 3403; x_wconf 78' lang='grc' dir='ltr'><strong>οἶ-</strong></span> 
     </span>
    </p>
   </div>
   <div class='ocr_carea' id='block_1_37' title="bbox 361 3440 1926 3512">
    <p class='ocr_par' dir='ltr' id='par_1_37' title="bbox 361 3440 1926 3512">
     <span class='ocr_line' id='line_1_37' title="bbox 361 3440 1926 3512; baseline 0.001 -17"><span class='ocrx_word' id='word_1_271' title='bbox 361 3460 455 3505; x_wconf 87' lang='grc' dir='ltr'><strong>κος</strong></span> <span class='ocrx_word' id='word_1_272' title='bbox 512 3442 902 3512; x_wconf 86' lang='grc' dir='ltr'><strong>περιληπτικὸς</strong></span> <span class='ocrx_word' id='word_1_273' title='bbox 952 3442 1050 3511; x_wconf 83' lang='grc' dir='ltr'><strong>τῆς</strong></span> <span class='ocrx_word' id='word_1_274' title='bbox 1094 3440 1463 3511; x_wconf 82' lang='grc' dir='ltr'><strong>άπεριλήπτου</strong></span> <span class='ocrx_word' id='word_1_275' title='bbox 1508 3441 1796 3511; x_wconf 85' lang='grc' dir='ltr'><strong>γενόμενος</strong></span> <span class='ocrx_word' id='word_1_276' title='bbox 1826 3445 1926 3511; x_wconf 83' lang='grc' dir='ltr'><strong>φύ-</strong></span> 
     </span>
    </p>
   </div>
   <div class='ocr_carea' id='block_1_38' title="bbox 363 3549 514 3594">
    <p class='ocr_par' dir='ltr' id='par_1_38' title="bbox 363 3549 514 3594">
     <span class='ocr_line' id='line_1_38' title="bbox 363 3549 514 3594; baseline 0.013 -9"><span class='ocrx_word' id='word_1_277' title='bbox 363 3549 514 3594; x_wconf 81' lang='grc' dir='ltr'><strong>σεως.</strong></span> 
     </span>
    </p>
   </div>
   <div class='ocr_carea' id='block_1_39' title="bbox 2026 610 3594 682">
    <p class='ocr_par' dir='ltr' id='par_1_39' title="bbox 2026 610 3594 682">
     <span class='ocr_line' id='line_1_39' title="bbox 2026 610 3594 682; baseline -0.007 -9"><span class='ocrx_word' id='word_1_278' title='bbox 2026 627 2134 673; x_wconf 84' lang='lat' dir='ltr'><strong>tem</strong></span> <span class='ocrx_word' id='word_1_279' title='bbox 2156 616 2224 672; x_wconf 83' lang='lat' dir='ltr'><strong>de</strong></span> <span class='ocrx_word' id='word_1_280' title='bbox 2251 631 2316 672; x_wconf 90' lang='lat' dir='ltr'><strong>ea</strong></span> <span class='ocrx_word' id='word_1_281' title='bbox 2353 615 2512 671; x_wconf 89' lang='lat' dir='ltr'><strong>nobis</strong></span> <span class='ocrx_word' id='word_1_282' title='bbox 2534 614 2676 669; x_wconf 87' lang='lat' dir='ltr'><strong>inest</strong></span> <span class='ocrx_word' id='word_1_283' title='bbox 2712 612 3092 682; x_wconf 77' lang='lat' dir='ltr'><strong>intelligentia,</strong></span> <span class='ocrx_word' id='word_1_284' title='bbox 3128 610 3433 678; x_wconf 87' lang='lat' dir='ltr'><strong>mentisque</strong></span> <span class='ocrx_word' id='word_1_285' title='bbox 3461 624 3594 664; x_wconf 81' lang='lat' dir='ltr'><strong>con-—</strong></span> 
     </span>
    </p>
   </div>
   <div class='ocr_carea' id='block_1_40' title="bbox 2025 700 3591 778">
    <p class='ocr_par' dir='ltr' id='par_1_40' title="bbox 2025 700 3591 778">
     <span class='ocr_line' id='line_1_40' title="bbox 2025 700 3591 778; baseline -0.006 -15"><span class='ocrx_word' id='word_1_286' title='bbox 2025 709 2224 778; x_wconf 91' lang='lat' dir='ltr'><strong>ceptio,</strong></span> <span class='ocrx_word' id='word_1_287' title='bbox 2249 716 2334 762; x_wconf 90' lang='lat' dir='ltr'><strong>est</strong></span> <span class='ocrx_word' id='word_1_288' title='bbox 2357 707 2659 762; x_wconf 73' lang='lat' dir='ltr'><strong>similitudo</strong></span> <span class='ocrx_word' id='word_1_289' title='bbox 2686 706 2806 776; x_wconf 88' lang='lat' dir='ltr'><strong>ejus</strong></span> <span class='ocrx_word' id='word_1_290' title='bbox 2828 704 2975 776; x_wconf 92' lang='lat' dir='ltr'><strong>quod</strong></span> <span class='ocrx_word' id='word_1_291' title='bbox 3003 703 3285 774; x_wconf 54' lang='lat' dir='ltr'><strong>quaeritur.</strong></span> <span class='ocrx_word' id='word_1_292' title='bbox 3307 700 3423 757; x_wconf 82' lang='lat' dir='ltr'><strong>Non</strong></span> <span class='ocrx_word' id='word_1_293' title='bbox 3447 702 3591 755; x_wconf 90' lang='lat' dir='ltr'><strong>enim</strong></span> 
     </span>
    </p>
   </div>
   <div class='ocr_carea' id='block_1_41' title="bbox 2026 796 3591 870">
    <p class='ocr_par' dir='ltr' id='par_1_41' title="bbox 2026 796 3591 870">
     <span class='ocr_line' id='line_1_41' title="bbox 2026 796 3591 870; baseline -0.007 -15"><span class='ocrx_word' id='word_1_294' title='bbox 2026 799 2269 857; x_wconf 81' lang='lat' dir='ltr'><strong>ostendit</strong></span> <span class='ocrx_word' id='word_1_295' title='bbox 2304 799 2478 870; x_wconf 86' lang='lat' dir='ltr'><strong>ipsam</strong></span> <span class='ocrx_word' id='word_1_296' title='bbox 2530 798 2678 853; x_wconf 91' lang='lat' dir='ltr'><strong>illius</strong></span> <span class='ocrx_word' id='word_1_297' title='bbox 2720 796 2986 856; x_wconf 84' lang='lat' dir='ltr'><strong>formam,</strong></span> <span class='ocrx_word' id='word_1_298' title='bbox 3029 809 3192 864; x_wconf 90' lang='lat' dir='ltr'><strong>quam</strong></span> <span class='ocrx_word' id='word_1_299' title='bbox 3222 807 3397 863; x_wconf 87' lang='lat' dir='ltr'><strong>neque</strong></span> <span class='ocrx_word' id='word_1_300' title='bbox 3440 797 3591 846; x_wconf 84' lang='lat' dir='ltr'><strong>novit</strong></span> 
     </span>
    </p>
   </div>
   <div class='ocr_carea' id='block_1_42' title="bbox 2026 883 3591 962">
    <p class='ocr_par' dir='ltr' id='par_1_42' title="bbox 2026 883 3591 962">
     <span class='ocr_line' id='line_1_42' title="bbox 2026 883 3591 962; baseline -0.006 -18"><span class='ocrx_word' id='word_1_301' title='bbox 2026 891 2299 962; x_wconf 84' lang='lat' dir='ltr'><strong>quispiam</strong></span> <span class='ocrx_word' id='word_1_302' title='bbox 2323 930 2339 954; x_wconf 96' lang='lat'><strong>,</strong></span> <span class='ocrx_word' id='word_1_303' title='bbox 2377 904 2559 959; x_wconf 89' lang='lat' dir='ltr'><strong>neque</strong></span> <span class='ocrx_word' id='word_1_304' title='bbox 2592 903 2755 943; x_wconf 80' lang='lat' dir='ltr'><strong>nosse</strong></span> <span class='ocrx_word' id='word_1_305' title='bbox 2781 896 2877 941; x_wconf 90' lang='lat' dir='ltr'><strong>aut</strong></span> <span class='ocrx_word' id='word_1_306' title='bbox 2904 886 3089 941; x_wconf 89' lang='lat' dir='ltr'><strong>videre</strong></span> <span class='ocrx_word' id='word_1_307' title='bbox 3123 892 3335 955; x_wconf 87' lang='lat' dir='ltr'><strong>potest,</strong></span> <span class='ocrx_word' id='word_1_308' title='bbox 3372 883 3467 939; x_wconf 88' lang='lat' dir='ltr'><strong>sed</strong></span> <span class='ocrx_word' id='word_1_309' title='bbox 3497 898 3591 953; x_wconf 88' lang='lat' dir='ltr'><strong>per</strong></span> 
     </span>
    </p>
   </div>
   <div class='ocr_carea' id='block_1_43' title="bbox 2029 979 3591 1055">
    <p class='ocr_par' dir='ltr' id='par_1_43' title="bbox 2029 979 3591 1055">
     <span class='ocr_line' id='line_1_43' title="bbox 2029 979 3591 1055; baseline -0.004 -16"><span class='ocrx_word' id='word_1_310' title='bbox 2029 985 2308 1055; x_wconf 88' lang='lat' dir='ltr'><strong>speculum</strong></span> <span class='ocrx_word' id='word_1_311' title='bbox 2330 991 2384 1037; x_wconf 92' lang='lat' dir='ltr'><strong>et</strong></span> <span class='ocrx_word' id='word_1_312' title='bbox 2406 982 2635 1053; x_wconf 63' lang='lat' dir='ltr'><strong>aenigma</strong></span> <span class='ocrx_word' id='word_1_313' title='bbox 2660 982 2924 1038; x_wconf 85' lang='lat' dir='ltr'><strong>describit</strong></span> <span class='ocrx_word' id='word_1_314' title='bbox 2949 979 3240 1051; x_wconf 85' lang='lat' dir='ltr'><strong>quamdam</strong></span> <span class='ocrx_word' id='word_1_315' title='bbox 3277 979 3423 1033; x_wconf 90' lang='lat' dir='ltr'><strong>illius</strong></span> <span class='ocrx_word' id='word_1_316' title='bbox 3447 979 3591 1046; x_wconf 89' lang='lat' dir='ltr'><strong>quod</strong></span> 
     </span>
    </p>
   </div>
   <div class='ocr_carea' id='block_1_44' title="bbox 2027 1069 3591 1146">
    <p class='ocr_par' dir='ltr' id='par_1_44' title="bbox 2027 1069 3591 1146">
     <span class='ocr_line' id='line_1_44' title="bbox 2027 1069 3591 1146; baseline -0.004 -16"><span class='ocrx_word' id='word_1_317' title='bbox 2027 1076 2290 1146; x_wconf 69' lang='lat' dir='ltr'><strong>quaeritur</strong></span> <span class='ocrx_word' id='word_1_318' title='bbox 2314 1081 2662 1143; x_wconf 84' lang='lat' dir='ltr'><strong>apparentem</strong></span> <span class='ocrx_word' id='word_1_319' title='bbox 2695 1072 2955 1141; x_wconf 78' lang='lat' dir='ltr'><strong>speciem,</strong></span> <span class='ocrx_word' id='word_1_320' title='bbox 2979 1086 3103 1141; x_wconf 67' lang='lat' dir='ltr'><strong>quae</strong></span> <span class='ocrx_word' id='word_1_321' title='bbox 3134 1069 3277 1127; x_wconf 90' lang='lat' dir='ltr'><strong>inest</strong></span> <span class='ocrx_word' id='word_1_322' title='bbox 3300 1070 3496 1126; x_wconf 90' lang='lat' dir='ltr'><strong>animis</strong></span> <span class='ocrx_word' id='word_1_323' title='bbox 3524 1086 3591 1125; x_wconf 80' lang='lat' dir='ltr'><strong>cx</strong></span> 
     </span>
    </p>
   </div>
   <div class='ocr_carea' id='block_1_45' title="bbox 2026 1161 3593 1237">
    <p class='ocr_par' dir='ltr' id='par_1_45' title="bbox 2026 1161 3593 1237">
     <span class='ocr_line' id='line_1_45' title="bbox 2026 1161 3593 1237; baseline -0.004 -16"><span class='ocrx_word' id='word_1_324' title='bbox 2026 1165 2259 1237; x_wconf 88' lang='lat' dir='ltr'><strong>quadam</strong></span> <span class='ocrx_word' id='word_1_325' title='bbox 2288 1166 2629 1233; x_wconf 85' lang='lat' dir='ltr'><strong>conjectura.</strong></span> <span class='ocrx_word' id='word_1_326' title='bbox 2656 1164 2846 1217; x_wconf 87' lang='lat' dir='ltr'><strong>Omnis</strong></span> <span class='ocrx_word' id='word_1_327' title='bbox 2868 1169 3047 1217; x_wconf 88' lang='lat' dir='ltr'><strong>autem</strong></span> <span class='ocrx_word' id='word_1_328' title='bbox 3077 1161 3249 1217; x_wconf 87' lang='lat' dir='ltr'><strong>oratio</strong></span> <span class='ocrx_word' id='word_1_329' title='bbox 3283 1176 3406 1231; x_wconf 73' lang='lat' dir='ltr'><strong>quae</strong></span> <span class='ocrx_word' id='word_1_330' title='bbox 3433 1161 3593 1231; x_wconf 86' lang='lat' dir='ltr'><strong>signi-</strong></span> 
     </span>
    </p>
   </div>
   <div class='ocr_carea' id='block_1_46' title="bbox 2029 1252 3590 1327">
    <p class='ocr_par' dir='ltr' id='par_1_46' title="bbox 2029 1252 3590 1327">
     <span class='ocr_line' id='line_1_46' title="bbox 2029 1252 3590 1327; baseline -0.005 -15"><span class='ocrx_word' id='word_1_331' title='bbox 2029 1258 2147 1313; x_wconf 78' lang='lat' dir='ltr'><strong>ﬁcat</strong></span> <span class='ocrx_word' id='word_1_332' title='bbox 2200 1255 2512 1327; x_wconf 88' lang='lat' dir='ltr'><strong>hujusmodi</strong></span> <span class='ocrx_word' id='word_1_333' title='bbox 2567 1255 2766 1311; x_wconf 89' lang='lat' dir='ltr'><strong>mentis</strong></span> <span class='ocrx_word' id='word_1_334' title='bbox 2803 1252 3227 1323; x_wconf 90' lang='lat' dir='ltr'><strong>conceptiones,</strong></span> <span class='ocrx_word' id='word_1_335' title='bbox 3277 1252 3438 1307; x_wconf 85' lang='lat' dir='ltr'><strong>habet</strong></span> <span class='ocrx_word' id='word_1_336' title='bbox 3485 1252 3590 1305; x_wconf 78' lang='lat' dir='ltr'><strong>vim</strong></span> 
     </span>
    </p>
   </div>
   <div class='ocr_carea' id='block_1_47' title="bbox 2027 1342 3591 1419">
    <p class='ocr_par' dir='ltr' id='par_1_47' title="bbox 2027 1342 3591 1419">
     <span class='ocr_line' id='line_1_47' title="bbox 2027 1342 3591 1419; baseline -0.004 -16"><span class='ocrx_word' id='word_1_337' title='bbox 2027 1347 2310 1418; x_wconf 82' lang='lat' dir='ltr'><strong>cujusdam</strong></span> <span class='ocrx_word' id='word_1_338' title='bbox 2337 1348 2528 1419; x_wconf 90' lang='lat' dir='ltr'><strong>puncti</strong></span> <span class='ocrx_word' id='word_1_339' title='bbox 2550 1346 2843 1410; x_wconf 89' lang='lat' dir='ltr'><strong>individui,</strong></span> <span class='ocrx_word' id='word_1_340' title='bbox 2871 1358 2981 1399; x_wconf 91' lang='lat' dir='ltr'><strong>non</strong></span> <span class='ocrx_word' id='word_1_341' title='bbox 3028 1345 3213 1398; x_wconf 87' lang='lat' dir='ltr'><strong>valens</strong></span> <span class='ocrx_word' id='word_1_342' title='bbox 3239 1344 3512 1413; x_wconf 81' lang='lat' dir='ltr'><strong>explicare</strong></span> <span class='ocrx_word' id='word_1_343' title='bbox 3539 1342 3591 1397; x_wconf 90' lang='lat' dir='ltr'><strong>id</strong></span> 
     </span>
    </p>
   </div>
   <div class='ocr_carea' id='block_1_48' title="bbox 2026 1434 3591 1511">
    <p class='ocr_par' dir='ltr' id='par_1_48' title="bbox 2026 1434 3591 1511">
     <span class='ocr_line' id='line_1_48' title="bbox 2026 1434 3591 1511; baseline -0.004 -16"><span class='ocrx_word' id='word_1_344' title='bbox 2026 1441 2171 1511; x_wconf 87' lang='lat' dir='ltr'><strong>quod</strong></span> <span class='ocrx_word' id='word_1_345' title='bbox 2208 1442 2324 1495; x_wconf 83' lang='lat' dir='ltr'><strong>vult</strong></span> <span class='ocrx_word' id='word_1_346' title='bbox 2351 1440 2552 1495; x_wconf 88' lang='lat' dir='ltr'><strong>mentis</strong></span> <span class='ocrx_word' id='word_1_347' title='bbox 2584 1438 2875 1509; x_wconf 74' lang='lat' dir='ltr'><strong>cogitatio:</strong></span> <span class='ocrx_word' id='word_1_348' title='bbox 2906 1434 3041 1489; x_wconf 86' lang='lat' dir='ltr'><strong>adeo</strong></span> <span class='ocrx_word' id='word_1_349' title='bbox 3074 1442 3133 1488; x_wconf 90' lang='lat' dir='ltr'><strong>ut</strong></span> <span class='ocrx_word' id='word_1_350' title='bbox 3163 1435 3343 1489; x_wconf 92' lang='lat' dir='ltr'><strong>omnis</strong></span> <span class='ocrx_word' id='word_1_351' title='bbox 3373 1434 3591 1502; x_wconf 88' lang='lat' dir='ltr'><strong>quidem</strong></span> 
     </span>
    </p>
   </div>
   <div class='ocr_carea' id='block_1_49' title="bbox 2027 1525 3591 1602">
    <p class='ocr_par' dir='ltr' id='par_1_49' title="bbox 2027 1525 3591 1602">
     <span class='ocr_line' id='line_1_49' title="bbox 2027 1525 3591 1602; baseline -0.004 -16"><span class='ocrx_word' id='word_1_352' title='bbox 2027 1531 2285 1602; x_wconf 77' lang='lat' dir='ltr'><strong>cogitatio</strong></span> <span class='ocrx_word' id='word_1_353' title='bbox 2334 1530 2641 1599; x_wconf 88' lang='lat' dir='ltr'><strong>mentisque</strong></span> <span class='ocrx_word' id='word_1_354' title='bbox 2695 1527 2977 1597; x_wconf 87' lang='lat' dir='ltr'><strong>conceptio</strong></span> <span class='ocrx_word' id='word_1_355' title='bbox 3026 1527 3096 1580; x_wconf 89' lang='lat' dir='ltr'><strong>sit</strong></span> <span class='ocrx_word' id='word_1_356' title='bbox 3138 1525 3278 1580; x_wconf 81' lang='lat' dir='ltr'><strong>infra</strong></span> <span class='ocrx_word' id='word_1_357' title='bbox 3310 1525 3403 1581; x_wconf 90' lang='lat' dir='ltr'><strong>Dei</strong></span> <span class='ocrx_word' id='word_1_358' title='bbox 3440 1542 3591 1581; x_wconf 84' lang='lat' dir='ltr'><strong>com-</strong></span> 
     </span>
    </p>
   </div>
   <div class='ocr_carea' id='block_1_50' title="bbox 2028 1617 3593 1693">
    <p class='ocr_par' dir='ltr' id='par_1_50' title="bbox 2028 1617 3593 1693">
     <span class='ocr_line' id='line_1_50' title="bbox 2028 1617 3593 1693; baseline -0.003 -17"><span class='ocrx_word' id='word_1_359' title='bbox 2028 1622 2469 1693; x_wconf 87' lang='lat' dir='ltr'><strong>prehensionem.</strong></span> <span class='ocrx_word' id='word_1_360' title='bbox 2518 1618 2707 1674; x_wconf 91' lang='lat' dir='ltr'><strong>Omnis</strong></span> <span class='ocrx_word' id='word_1_361' title='bbox 2762 1626 2940 1673; x_wconf 88' lang='lat' dir='ltr'><strong>autem</strong></span> <span class='ocrx_word' id='word_1_362' title='bbox 3002 1618 3366 1687; x_wconf 90' lang='lat' dir='ltr'><strong>interpretans</strong></span> <span class='ocrx_word' id='word_1_363' title='bbox 3420 1617 3593 1671; x_wconf 86' lang='lat' dir='ltr'><strong>oratio</strong></span> 
     </span>
    </p>
   </div>
   <div class='ocr_carea' id='block_1_51' title="bbox 2027 1708 3591 1781">
    <p class='ocr_par' dir='ltr' id='par_1_51' title="bbox 2027 1708 3591 1781">
     <span class='ocr_line' id='line_1_51' title="bbox 2027 1708 3591 1781; baseline -0.005 -12"><span class='ocrx_word' id='word_1_364' title='bbox 2027 1714 2243 1769; x_wconf 90' lang='lat' dir='ltr'><strong>videtur</strong></span> <span class='ocrx_word' id='word_1_365' title='bbox 2269 1728 2391 1768; x_wconf 89' lang='lat' dir='ltr'><strong>esse</strong></span> <span class='ocrx_word' id='word_1_366' title='bbox 2423 1713 2586 1766; x_wconf 84' lang='lat' dir='ltr'><strong>breve</strong></span> <span class='ocrx_word' id='word_1_367' title='bbox 2618 1718 2896 1781; x_wconf 90' lang='lat' dir='ltr'><strong>punctum,</strong></span> <span class='ocrx_word' id='word_1_368' title='bbox 2941 1718 2999 1764; x_wconf 91' lang='lat' dir='ltr'><strong>ut</strong></span> <span class='ocrx_word' id='word_1_369' title='bbox 3030 1724 3154 1779; x_wconf 67' lang='lat' dir='ltr'><strong>quae</strong></span> <span class='ocrx_word' id='word_1_370' title='bbox 3181 1724 3290 1764; x_wconf 90' lang='lat' dir='ltr'><strong>non</strong></span> <span class='ocrx_word' id='word_1_371' title='bbox 3316 1708 3491 1778; x_wconf 87' lang='lat' dir='ltr'><strong>possit</strong></span> <span class='ocrx_word' id='word_1_372' title='bbox 3517 1708 3591 1762; x_wconf 82' lang='lat' dir='ltr'><strong>si-</strong></span> 
     </span>
    </p>
   </div>
   <div class='ocr_carea' id='block_1_52' title="bbox 2030 1800 3591 1872">
    <p class='ocr_par' dir='ltr' id='par_1_52' title="bbox 2030 1800 3591 1872">
     <span class='ocr_line' id='line_1_52' title="bbox 2030 1800 3591 1872; baseline -0.004 -13"><span class='ocrx_word' id='word_1_373' title='bbox 2030 1804 2140 1859; x_wconf 91' lang='lat' dir='ltr'><strong>mul</strong></span> <span class='ocrx_word' id='word_1_374' title='bbox 2164 1803 2384 1860; x_wconf 78' lang='lat' dir='ltr'><strong>extendi</strong></span> <span class='ocrx_word' id='word_1_375' title='bbox 2415 1818 2539 1858; x_wconf 91' lang='lat' dir='ltr'><strong>cum</strong></span> <span class='ocrx_word' id='word_1_376' title='bbox 2585 1802 2870 1857; x_wconf 87' lang='lat' dir='ltr'><strong>latitudine</strong></span> <span class='ocrx_word' id='word_1_377' title='bbox 2901 1801 3250 1872; x_wconf 82' lang='lat' dir='ltr'><strong>cogitationis</strong></span> <span class='ocrx_word' id='word_1_378' title='bbox 3287 1800 3591 1869; x_wconf 88' lang='lat' dir='ltr'><strong>mentisque</strong></span> 
     </span>
    </p>
   </div>
   <div class='ocr_carea' id='block_1_53' title="bbox 2028 1892 3591 1965">
    <p class='ocr_par' dir='ltr' id='par_1_53' title="bbox 2028 1892 3591 1965">
     <span class='ocr_line' id='line_1_53' title="bbox 2028 1892 3591 1965; baseline -0.004 -13"><span class='ocrx_word' id='word_1_379' title='bbox 2028 1895 2424 1965; x_wconf 88' lang='lat' dir='ltr'><strong>conceptionis.</strong></span> <span class='ocrx_word' id='word_1_380' title='bbox 2478 1894 2729 1948; x_wconf 86' lang='lat' dir='ltr'><strong>Animam</strong></span> <span class='ocrx_word' id='word_1_381' title='bbox 2769 1908 2934 1959; x_wconf 75' lang='lat' dir='ltr'><strong>ergo,</strong></span> <span class='ocrx_word' id='word_1_382' title='bbox 2988 1909 3105 1964; x_wconf 69' lang='lat' dir='ltr'><strong>qua:</strong></span> <span class='ocrx_word' id='word_1_383' title='bbox 3149 1908 3244 1963; x_wconf 90' lang='lat' dir='ltr'><strong>per</strong></span> <span class='ocrx_word' id='word_1_384' title='bbox 3280 1892 3591 1961; x_wconf 89' lang='lat' dir='ltr'><strong>hujusmodi</strong></span> 
     </span>
    </p>
   </div>
   <div class='ocr_carea' id='block_1_54' title="bbox 2028 1984 3592 2056">
    <p class='ocr_par' dir='ltr' id='par_1_54' title="bbox 2028 1984 3592 2056">
     <span class='ocr_line' id='line_1_54' title="bbox 2028 1984 3592 2056; baseline -0.003 -15"><span class='ocrx_word' id='word_1_385' title='bbox 2028 1988 2227 2042; x_wconf 87' lang='lat' dir='ltr'><strong>mentis</strong></span> <span class='ocrx_word' id='word_1_386' title='bbox 2256 1987 2650 2056; x_wconf 83' lang='lat' dir='ltr'><strong>conceptiones</strong></span> <span class='ocrx_word' id='word_1_387' title='bbox 2686 1993 2943 2054; x_wconf 89' lang='lat' dir='ltr'><strong>tanquam</strong></span> <span class='ocrx_word' id='word_1_388' title='bbox 2973 2000 3136 2038; x_wconf 90' lang='lat' dir='ltr'><strong>manu</strong></span> <span class='ocrx_word' id='word_1_389' title='bbox 3171 1984 3390 2038; x_wconf 85' lang='lat' dir='ltr'><strong>ducitur</strong></span> <span class='ocrx_word' id='word_1_390' title='bbox 3412 1984 3477 2037; x_wconf 90' lang='lat' dir='ltr'><strong>ad</strong></span> <span class='ocrx_word' id='word_1_391' title='bbox 3502 2000 3592 2039; x_wconf 84' lang='lat' dir='ltr'><strong>eo-</strong></span> 
     </span>
    </p>
   </div>
   <div class='ocr_carea' id='block_1_55' title="bbox 2028 2077 3593 2149">
    <p class='ocr_par' dir='ltr' id='par_1_55' title="bbox 2028 2077 3593 2149">
     <span class='ocr_line' id='line_1_55' title="bbox 2028 2077 3593 2149; baseline -0.001 -16"><span class='ocrx_word' id='word_1_392' title='bbox 2028 2095 2149 2133; x_wconf 87' lang='lat' dir='ltr'><strong>rum</strong></span> <span class='ocrx_word' id='word_1_393' title='bbox 2180 2094 2301 2149; x_wconf 76' lang='lat' dir='ltr'><strong>quae</strong></span> <span class='ocrx_word' id='word_1_394' title='bbox 2334 2079 2454 2149; x_wconf 89' lang='lat' dir='ltr'><strong>capi</strong></span> <span class='ocrx_word' id='word_1_395' title='bbox 2498 2094 2607 2133; x_wconf 88' lang='lat' dir='ltr'><strong>non</strong></span> <span class='ocrx_word' id='word_1_396' title='bbox 2645 2085 2877 2146; x_wconf 88' lang='lat' dir='ltr'><strong>possunt</strong></span> <span class='ocrx_word' id='word_1_397' title='bbox 2907 2077 3314 2148; x_wconf 70' lang='lat' dir='ltr'><strong>cogitationem,</strong></span> <span class='ocrx_word' id='word_1_398' title='bbox 3338 2077 3470 2131; x_wconf 90' lang='lat' dir='ltr'><strong>dicit</strong></span> <span class='ocrx_word' id='word_1_399' title='bbox 3499 2092 3593 2145; x_wconf 86' lang='lat' dir='ltr'><strong>per</strong></span> 
     </span>
    </p>
   </div>
   <div class='ocr_carea' id='block_1_56' title="bbox 2030 2166 3592 2238">
    <p class='ocr_par' dir='ltr' id='par_1_56' title="bbox 2030 2166 3592 2238">
     <span class='ocr_line' id='line_1_56' title="bbox 2030 2166 3592 2238; baseline -0.006 -13"><span class='ocrx_word' id='word_1_400' title='bbox 2030 2170 2201 2225; x_wconf 88' lang='lat' dir='ltr'><strong>solam</strong></span> <span class='ocrx_word' id='word_1_401' title='bbox 2234 2168 2391 2224; x_wconf 86' lang='lat' dir='ltr'><strong>tidem</strong></span> <span class='ocrx_word' id='word_1_402' title='bbox 2427 2177 2681 2238; x_wconf 89' lang='lat' dir='ltr'><strong>oportere</strong></span> <span class='ocrx_word' id='word_1_403' title='bbox 2716 2166 2784 2220; x_wconf 88' lang='lat' dir='ltr'><strong>ad</strong></span> <span class='ocrx_word' id='word_1_404' title='bbox 2818 2182 2973 2222; x_wconf 89' lang='lat' dir='ltr'><strong>suam</strong></span> <span class='ocrx_word' id='word_1_405' title='bbox 3006 2166 3350 2220; x_wconf 85' lang='lat' dir='ltr'><strong>introducere</strong></span> <span class='ocrx_word' id='word_1_406' title='bbox 3382 2166 3592 2220; x_wconf 86' lang='lat' dir='ltr'><strong>habita-</strong></span> 
     </span>
    </p>
   </div>
   <div class='ocr_carea' id='block_1_57' title="bbox 2030 2256 3582 2328">
    <p class='ocr_par' dir='ltr' id='par_1_57' title="bbox 2030 2256 3582 2328">
     <span class='ocr_line' id='line_1_57' title="bbox 2030 2256 3582 2328; baseline -0.005 -13"><span class='ocrx_word' id='word_1_407' title='bbox 2030 2262 2231 2315; x_wconf 89' lang='lat' dir='ltr'><strong>tionem</strong></span> <span class='ocrx_word' id='word_1_408' title='bbox 2254 2268 2505 2314; x_wconf 89' lang='lat' dir='ltr'><strong>naturam</strong></span> <span class='ocrx_word' id='word_1_409' title='bbox 2537 2260 2683 2313; x_wconf 90' lang='lat' dir='ltr'><strong>illam</strong></span> <span class='ocrx_word' id='word_1_410' title='bbox 2708 2272 2829 2326; x_wconf 59' lang='lat' dir='ltr'><strong>quae</strong></span> <span class='ocrx_word' id='word_1_411' title='bbox 2876 2272 3091 2312; x_wconf 91' lang='lat' dir='ltr'><strong>omnem</strong></span> <span class='ocrx_word' id='word_1_412' title='bbox 3138 2265 3357 2328; x_wconf 88' lang='lat' dir='ltr'><strong>superat</strong></span> <span class='ocrx_word' id='word_1_413' title='bbox 3393 2256 3582 2310; x_wconf 80' lang='lat' dir='ltr'><strong>intelli-</strong></span> 
     </span>
    </p>
   </div>
   <div class='ocr_carea' id='block_1_58' title="bbox 2028 2348 3589 2422">
    <p class='ocr_par' dir='ltr' id='par_1_58' title="bbox 2028 2348 3589 2422">
     <span class='ocr_line' id='line_1_58' title="bbox 2028 2348 3589 2422; baseline -0.002 -17"><span class='ocrx_word' id='word_1_414' title='bbox 2028 2352 2287 2422; x_wconf 78' lang='lat' dir='ltr'><strong>gentiam.</strong></span> <span class='ocrx_word' id='word_1_415' title='bbox 2317 2349 2383 2403; x_wconf 88' lang='lat' dir='ltr'><strong>Et</strong></span> <span class='ocrx_word' id='word_1_416' title='bbox 2433 2350 2536 2404; x_wconf 90' lang='lat' dir='ltr'><strong>hoc</strong></span> <span class='ocrx_word' id='word_1_417' title='bbox 2567 2357 2651 2404; x_wconf 86' lang='lat' dir='ltr'><strong>est</strong></span> <span class='ocrx_word' id='word_1_418' title='bbox 2681 2349 2813 2404; x_wconf 90' lang='lat' dir='ltr'><strong>illud</strong></span> <span class='ocrx_word' id='word_1_419' title='bbox 2844 2349 2989 2419; x_wconf 87' lang='lat' dir='ltr'><strong>quod</strong></span> <span class='ocrx_word' id='word_1_420' title='bbox 3017 2349 3215 2404; x_wconf 89' lang='lat' dir='ltr'><strong>dicitur</strong></span> <span class='ocrx_word' id='word_1_421' title='bbox 3253 2348 3323 2404; x_wconf 88' lang='lat' dir='ltr'><strong>ab</strong></span> <span class='ocrx_word' id='word_1_422' title='bbox 3357 2348 3548 2402; x_wconf 89' lang='lat' dir='ltr'><strong>amicis</strong></span> <span class='ocrx_word' id='word_1_423' title='bbox 3574 2367 3589 2402; x_wconf 89' lang='lat'><strong>:</strong></span> 
     </span>
    </p>
   </div>
   <div class='ocr_carea' id='block_1_59' title="bbox 2031 2438 3593 2512">
    <p class='ocr_par' dir='ltr' id='par_1_59' title="bbox 2031 2438 3593 2512">
     <span class='ocr_line' id='line_1_59' title="bbox 2031 2438 3593 2512; baseline -0.003 -16"><span class='ocrx_word' id='word_1_424' title='bbox 2031 2443 2173 2506; x_wconf 91' lang='lat' dir='ltr'><strong>Tibi,</strong></span> <span class='ocrx_word' id='word_1_425' title='bbox 2206 2459 2238 2495; x_wconf 89' lang='grc' dir='ltr'>ο</span> <span class='ocrx_word' id='word_1_426' title='bbox 2269 2444 2472 2504; x_wconf 88' lang='lat' dir='ltr'><strong>anima,</strong></span> <span class='ocrx_word' id='word_1_427' title='bbox 2505 2457 2626 2512; x_wconf 63' lang='lat' dir='ltr'><strong>qua:</strong></span> <span class='ocrx_word' id='word_1_428' title='bbox 2660 2450 2809 2495; x_wconf 90' lang='lat' dir='ltr'><strong>recte</strong></span> <span class='ocrx_word' id='word_1_429' title='bbox 2842 2441 2998 2510; x_wconf 90' lang='lat' dir='ltr'><strong>equis</strong></span> <span class='ocrx_word' id='word_1_430' title='bbox 3035 2456 3097 2496; x_wconf 89' lang='lat' dir='ltr'><strong>es</strong></span> <span class='ocrx_word' id='word_1_431' title='bbox 3130 2439 3432 2495; x_wconf 86' lang='lat' dir='ltr'><strong>assimilata</strong></span> <span class='ocrx_word' id='word_1_432' title='bbox 3458 2482 3473 2501; x_wconf 87' lang='lat'><strong>,</strong></span> <span class='ocrx_word' id='word_1_433' title='bbox 3516 2438 3593 2492; x_wconf 78' lang='lat' dir='ltr'><strong>fa-</strong></span> 
     </span>
    </p>
   </div>
   <div class='ocr_carea' id='block_1_60' title="bbox 2030 2531 3590 2603">
    <p class='ocr_par' dir='ltr' id='par_1_60' title="bbox 2030 2531 3590 2603">
     <span class='ocr_line' id='line_1_60' title="bbox 2030 2531 3590 2603; baseline -0.003 -14"><span class='ocrx_word' id='word_1_434' title='bbox 2030 2538 2237 2590; x_wconf 89' lang='lat' dir='ltr'><strong>ciemus</strong></span> <span class='ocrx_word' id='word_1_435' title='bbox 2286 2535 2532 2603; x_wconf 67' lang='lat' dir='ltr'><strong>quaadam</strong></span> <span class='ocrx_word' id='word_1_436' title='bbox 2587 2533 2833 2588; x_wconf 82' lang='lat' dir='ltr'><strong>veritatis</strong></span> <span class='ocrx_word' id='word_1_437' title='bbox 2880 2533 3175 2589; x_wconf 91' lang='lat' dir='ltr'><strong>simulacra</strong></span> <span class='ocrx_word' id='word_1_438' title='bbox 3220 2540 3274 2588; x_wconf 93' lang='lat' dir='ltr'><strong>et</strong></span> <span class='ocrx_word' id='word_1_439' title='bbox 3329 2531 3590 2602; x_wconf 80' lang='lat' dir='ltr'><strong>quasdam</strong></span> 
     </span>
    </p>
   </div>
   <div class='ocr_carea' id='block_1_61' title="bbox 2030 2623 3591 2694">
    <p class='ocr_par' dir='ltr' id='par_1_61' title="bbox 2030 2623 3591 2694">
     <span class='ocr_line' id='line_1_61' title="bbox 2030 2623 3591 2694; baseline -0.004 -13"><span class='ocrx_word' id='word_1_440' title='bbox 2030 2625 2432 2681; x_wconf 89' lang='lat' dir='ltr'><strong>similitudines.</strong></span> <span class='ocrx_word' id='word_1_441' title='bbox 2463 2624 2786 2694; x_wconf 86' lang='lat' dir='ltr'><strong>Hujusmodi</strong></span> <span class='ocrx_word' id='word_1_442' title='bbox 2815 2632 2898 2679; x_wconf 92' lang='lat' dir='ltr'><strong>est</strong></span> <span class='ocrx_word' id='word_1_443' title='bbox 2923 2626 3064 2678; x_wconf 90' lang='lat' dir='ltr'><strong>enim</strong></span> <span class='ocrx_word' id='word_1_444' title='bbox 3089 2624 3281 2678; x_wconf 89' lang='lat' dir='ltr'><strong>horum</strong></span> <span class='ocrx_word' id='word_1_445' title='bbox 3306 2623 3591 2678; x_wconf 85' lang='lat' dir='ltr'><strong>verborum</strong></span> 
     </span>
    </p>
   </div>
   <div class='ocr_carea' id='block_1_62' title="bbox 2031 2715 3592 2788">
    <p class='ocr_par' dir='ltr' id='par_1_62' title="bbox 2031 2715 3592 2788">
     <span class='ocr_line' id='line_1_62' title="bbox 2031 2715 3592 2788; baseline -0.002 -18"><span class='ocrx_word' id='word_1_446' title='bbox 2031 2718 2237 2788; x_wconf 80' lang='lat' dir='ltr'><strong>argenti</strong></span> <span class='ocrx_word' id='word_1_447' title='bbox 2265 2718 2367 2778; x_wconf 84' lang='lat' dir='ltr'><strong>vis,</strong></span> <span class='ocrx_word' id='word_1_448' title='bbox 2399 2724 2457 2771; x_wconf 90' lang='lat' dir='ltr'><strong>ut</strong></span> <span class='ocrx_word' id='word_1_449' title='bbox 2486 2718 2821 2773; x_wconf 88' lang='lat' dir='ltr'><strong>suscitabula</strong></span> <span class='ocrx_word' id='word_1_450' title='bbox 2848 2716 3093 2786; x_wconf 63' lang='lat' dir='ltr'><strong>quedam</strong></span> <span class='ocrx_word' id='word_1_451' title='bbox 3125 2717 3281 2787; x_wconf 89' lang='lat' dir='ltr'><strong>ignea</strong></span> <span class='ocrx_word' id='word_1_452' title='bbox 3310 2715 3592 2770; x_wconf 86' lang='lat' dir='ltr'><strong>videantur</strong></span> 
     </span>
    </p>
   </div>
   <div class='ocr_carea' id='block_1_63' title="bbox 2031 2809 3592 2879">
    <p class='ocr_par' dir='ltr' id='par_1_63' title="bbox 2031 2809 3592 2879">
     <span class='ocr_line' id='line_1_63' title="bbox 2031 2809 3592 2879; baseline -0.002 -16"><span class='ocrx_word' id='word_1_453' title='bbox 2031 2824 2152 2863; x_wconf 90' lang='lat' dir='ltr'><strong>esse</strong></span> <span class='ocrx_word' id='word_1_454' title='bbox 2196 2809 2360 2863; x_wconf 89' lang='lat' dir='ltr'><strong>verba</strong></span> <span class='ocrx_word' id='word_1_455' title='bbox 2383 2849 2398 2871; x_wconf 68' lang='grc' dir='ltr'><strong>ν</strong></span> <span class='ocrx_word' id='word_1_456' title='bbox 2444 2824 2564 2878; x_wconf 60' lang='grc' dir='ltr'><strong>(ιυέ</strong></span> <span class='ocrx_word' id='word_1_457' title='bbox 2597 2824 2706 2864; x_wconf 90' lang='lat' dir='ltr'><strong>non</strong></span> <span class='ocrx_word' id='word_1_458' title='bbox 2759 2817 2987 2879; x_wconf 90' lang='lat' dir='ltr'><strong>possunt</strong></span> <span class='ocrx_word' id='word_1_459' title='bbox 3038 2814 3294 2862; x_wconf 90' lang='lat' dir='ltr'><strong>accurate</strong></span> <span class='ocrx_word' id='word_1_460' title='bbox 3322 2815 3377 2862; x_wconf 89' lang='lat' dir='ltr'><strong>et</strong></span> <span class='ocrx_word' id='word_1_461' title='bbox 3404 2812 3592 2861; x_wconf 72' lang='grc' dir='ltr'><strong>θιοςιο</strong></span> 
     </span>
    </p>
   </div>
   <div class='ocr_carea' id='block_1_64' title="bbox 2032 2895 3594 2969">
    <p class='ocr_par' dir='ltr' id='par_1_64' title="bbox 2032 2895 3594 2969">
     <span class='ocr_line' id='line_1_64' title="bbox 2032 2895 3594 2969; baseline -0.003 -17"><span class='ocrx_word' id='word_1_462' title='bbox 2032 2899 2336 2963; x_wconf 82' lang='lat' dir='ltr'><strong>ostendere,</strong></span> <span class='ocrx_word' id='word_1_463' title='bbox 2367 2915 2488 2969; x_wconf 62' lang='lat' dir='ltr'><strong>quaa</strong></span> <span class='ocrx_word' id='word_1_464' title='bbox 2517 2899 2680 2964; x_wconf 87' lang='lat' dir='ltr'><strong>inest,</strong></span> <span class='ocrx_word' id='word_1_465' title='bbox 2714 2899 2910 2955; x_wconf 85' lang='lat' dir='ltr'><strong>mentis</strong></span> <span class='ocrx_word' id='word_1_466' title='bbox 2942 2898 3369 2968; x_wconf 87' lang='lat' dir='ltr'><strong>conceptionem.</strong></span> <span class='ocrx_word' id='word_1_467' title='bbox 3395 2895 3476 2950; x_wconf 91' lang='lat' dir='ltr'><strong>Tu</strong></span> <span class='ocrx_word' id='word_1_468' title='bbox 3498 2911 3594 2949; x_wconf 89' lang='lat' dir='ltr'><strong>au-</strong></span> 
     </span>
    </p>
   </div>
   <div class='ocr_carea' id='block_1_65' title="bbox 2034 2989 3593 3060">
    <p class='ocr_par' dir='ltr' id='par_1_65' title="bbox 2034 2989 3593 3060">
     <span class='ocr_line' id='line_1_65' title="bbox 2034 2989 3593 3060; baseline -0.002 -16"><span class='ocrx_word' id='word_1_469' title='bbox 2034 2998 2140 3044; x_wconf 90' lang='lat' dir='ltr'><strong>tem</strong></span> <span class='ocrx_word' id='word_1_470' title='bbox 2170 2990 2255 3045; x_wconf 91' lang='lat' dir='ltr'><strong>his</strong></span> <span class='ocrx_word' id='word_1_471' title='bbox 2285 2992 2520 3060; x_wconf 88' lang='lat' dir='ltr'><strong>acceptis</strong></span> <span class='ocrx_word' id='word_1_472' title='bbox 2542 3031 2555 3056; x_wconf 95' lang='lat'><strong>,</strong></span> <span class='ocrx_word' id='word_1_473' title='bbox 2591 2990 2684 3046; x_wconf 77' lang='lat' dir='ltr'><strong>fies</strong></span> <span class='ocrx_word' id='word_1_474' title='bbox 2726 3008 2821 3060; x_wconf 89' lang='lat' dir='ltr'><strong>per</strong></span> <span class='ocrx_word' id='word_1_475' title='bbox 2872 2991 3029 3045; x_wconf 77' lang='lat' dir='ltr'><strong>[idem</strong></span> <span class='ocrx_word' id='word_1_476' title='bbox 3071 2990 3354 3059; x_wconf 77' lang='lat' dir='ltr'><strong>subjugale</strong></span> <span class='ocrx_word' id='word_1_477' title='bbox 3381 2989 3593 3057; x_wconf 86' lang='lat' dir='ltr'><strong>jumen-</strong></span> 
     </span>
    </p>
   </div>
   <div class='ocr_carea' id='block_1_66' title="bbox 2033 3080 3591 3152">
    <p class='ocr_par' dir='ltr' id='par_1_66' title="bbox 2033 3080 3591 3152">
     <span class='ocr_line' id='line_1_66' title="bbox 2033 3080 3591 3152; baseline 0.001 -20"><span class='ocrx_word' id='word_1_478' title='bbox 2033 3088 2147 3133; x_wconf 90' lang='lat' dir='ltr'><strong>tum</strong></span> <span class='ocrx_word' id='word_1_479' title='bbox 2173 3090 2226 3136; x_wconf 90' lang='lat' dir='ltr'><strong>et</strong></span> <span class='ocrx_word' id='word_1_480' title='bbox 2259 3081 2626 3136; x_wconf 88' lang='lat' dir='ltr'><strong>habitaculmn</strong></span> <span class='ocrx_word' id='word_1_481' title='bbox 2656 3082 2774 3151; x_wconf 87' lang='lat' dir='ltr'><strong>ejus</strong></span> <span class='ocrx_word' id='word_1_482' title='bbox 2807 3083 2899 3152; x_wconf 88' lang='lat' dir='ltr'><strong>qui</strong></span> <span class='ocrx_word' id='word_1_483' title='bbox 2924 3083 2977 3135; x_wconf 92' lang='lat' dir='ltr'><strong>in</strong></span> <span class='ocrx_word' id='word_1_484' title='bbox 3009 3088 3062 3135; x_wconf 91' lang='lat' dir='ltr'><strong>te</strong></span> <span class='ocrx_word' id='word_1_485' title='bbox 3105 3091 3189 3137; x_wconf 89' lang='lat' dir='ltr'><strong>est</strong></span> <span class='ocrx_word' id='word_1_486' title='bbox 3217 3080 3557 3134; x_wconf 88' lang='lat' dir='ltr'><strong>habitaturus</strong></span> <span class='ocrx_word' id='word_1_487' title='bbox 3577 3118 3591 3141; x_wconf 94' lang='lat'><strong>,</strong></span> 
     </span>
    </p>
   </div>
   <div class='ocr_carea' id='block_1_67' title="bbox 2033 3169 3591 3241">
    <p class='ocr_par' dir='ltr' id='par_1_67' title="bbox 2033 3169 3591 3241">
     <span class='ocr_line' id='line_1_67' title="bbox 2033 3169 3591 3241; baseline -0.003 -15"><span class='ocrx_word' id='word_1_488' title='bbox 2033 3186 2130 3241; x_wconf 89' lang='lat' dir='ltr'><strong>per</strong></span> <span class='ocrx_word' id='word_1_489' title='bbox 2177 3186 2296 3225; x_wconf 91' lang='lat' dir='ltr'><strong>eam</strong></span> <span class='ocrx_word' id='word_1_490' title='bbox 2346 3187 2467 3238; x_wconf 61' lang='lat' dir='ltr'><strong>quae</strong></span> <span class='ocrx_word' id='word_1_491' title='bbox 2496 3183 2575 3226; x_wconf 89' lang='lat' dir='ltr'><strong>est</strong></span> <span class='ocrx_word' id='word_1_492' title='bbox 2635 3174 2688 3225; x_wconf 91' lang='lat' dir='ltr'><strong>in</strong></span> <span class='ocrx_word' id='word_1_493' title='bbox 2730 3182 2781 3226; x_wconf 92' lang='lat' dir='ltr'><strong>te</strong></span> <span class='ocrx_word' id='word_1_494' title='bbox 2838 3172 3257 3235; x_wconf 79' lang='lat' dir='ltr'><strong>habitationem;</strong></span> <span class='ocrx_word' id='word_1_495' title='bbox 3288 3170 3409 3239; x_wconf 85' lang='lat' dir='ltr'><strong>ejus</strong></span> <span class='ocrx_word' id='word_1_496' title='bbox 3448 3169 3591 3223; x_wconf 90' lang='lat' dir='ltr'><strong>enim</strong></span> 
     </span>
    </p>
   </div>
   <div class='ocr_carea' id='block_1_68' title="bbox 2033 3261 3592 3330">
    <p class='ocr_par' dir='ltr' id='par_1_68' title="bbox 2033 3261 3592 3330">
     <span class='ocr_line' id='line_1_68' title="bbox 2033 3261 3592 3330; baseline -0.001 -13"><span class='ocrx_word' id='word_1_497' title='bbox 2033 3264 2129 3319; x_wconf 82' lang='lat' dir='ltr'><strong>ﬁes</strong></span> <span class='ocrx_word' id='word_1_498' title='bbox 2154 3271 2207 3317; x_wconf 90' lang='lat' dir='ltr'><strong>et</strong></span> <span class='ocrx_word' id='word_1_499' title='bbox 2233 3263 2391 3318; x_wconf 89' lang='lat' dir='ltr'><strong>sedes</strong></span> <span class='ocrx_word' id='word_1_500' title='bbox 2414 3274 2468 3319; x_wconf 92' lang='lat' dir='ltr'><strong>et</strong></span> <span class='ocrx_word' id='word_1_501' title='bbox 2493 3266 2707 3319; x_wconf 89' lang='lat' dir='ltr'><strong>domus.</strong></span> <span class='ocrx_word' id='word_1_502' title='bbox 2734 3262 2989 3319; x_wconf 88' lang='lat' dir='ltr'><strong>Fortasse</strong></span> <span class='ocrx_word' id='word_1_503' title='bbox 3011 3270 3188 3317; x_wconf 88' lang='lat' dir='ltr'><strong>autem</strong></span> <span class='ocrx_word' id='word_1_504' title='bbox 3212 3262 3409 3316; x_wconf 75' lang='lat' dir='ltr'><strong>dixerit</strong></span> <span class='ocrx_word' id='word_1_505' title='bbox 3436 3261 3592 3330; x_wconf 89' lang='lat' dir='ltr'><strong>quis-</strong></span> 
     </span>
    </p>
   </div>
   <div class='ocr_carea' id='block_1_69' title="bbox 2030 3350 3591 3422">
    <p class='ocr_par' dir='ltr' id='par_1_69' title="bbox 2030 3350 3591 3422">
     <span class='ocr_line' id='line_1_69' title="bbox 2030 3350 3591 3422; baseline -0.002 -17"><span class='ocrx_word' id='word_1_506' title='bbox 2030 3353 2171 3421; x_wconf 91' lang='lat' dir='ltr'><strong>piam</strong></span> <span class='ocrx_word' id='word_1_507' title='bbox 2201 3352 2350 3406; x_wconf 87' lang='lat' dir='ltr'><strong>Pauli</strong></span> <span class='ocrx_word' id='word_1_508' title='bbox 2386 3354 2644 3417; x_wconf 90' lang='lat' dir='ltr'><strong>animam,</strong></span> <span class='ocrx_word' id='word_1_509' title='bbox 2672 3362 2767 3407; x_wconf 89' lang='lat' dir='ltr'><strong>aut</strong></span> <span class='ocrx_word' id='word_1_510' title='bbox 2800 3353 2976 3422; x_wconf 90' lang='lat' dir='ltr'><strong>siqua</strong></span> <span class='ocrx_word' id='word_1_511' title='bbox 3013 3353 3117 3406; x_wconf 90' lang='lat' dir='ltr'><strong>alia</strong></span> <span class='ocrx_word' id='word_1_512' title='bbox 3168 3351 3216 3405; x_wconf 91' lang='lat' dir='ltr'><strong>ei</strong></span> <span class='ocrx_word' id='word_1_513' title='bbox 3247 3350 3409 3404; x_wconf 82' lang='lat' dir='ltr'><strong>fuerit</strong></span> <span class='ocrx_word' id='word_1_514' title='bbox 3438 3350 3591 3403; x_wconf 90' lang='lat' dir='ltr'><strong>simi-</strong></span> 
     </span>
    </p>
   </div>
   <div class='ocr_carea' id='block_1_70' title="bbox 2030 3440 3593 3514">
    <p class='ocr_par' dir='ltr' id='par_1_70' title="bbox 2030 3440 3593 3514">
     <span class='ocr_line' id='line_1_70' title="bbox 2030 3440 3593 3514; baseline -0.001 -18"><span class='ocrx_word' id='word_1_515' title='bbox 2030 3444 2103 3498; x_wconf 90' lang='lat' dir='ltr'><strong>lis</strong></span> <span class='ocrx_word' id='word_1_516' title='bbox 2128 3483 2143 3508; x_wconf 92' lang='lat'><strong>,</strong></span> <span class='ocrx_word' id='word_1_517' title='bbox 2185 3444 2406 3514; x_wconf 79' lang='lat' dir='ltr'><strong>dignam</strong></span> <span class='ocrx_word' id='word_1_518' title='bbox 2442 3459 2564 3500; x_wconf 90' lang='lat' dir='ltr'><strong>esse</strong></span> <span class='ocrx_word' id='word_1_519' title='bbox 2593 3444 2658 3499; x_wconf 89' lang='lat' dir='ltr'><strong>de</strong></span> <span class='ocrx_word' id='word_1_520' title='bbox 2695 3461 2799 3514; x_wconf 90' lang='lat' dir='ltr'><strong>qua</strong></span> <span class='ocrx_word' id='word_1_521' title='bbox 2841 3444 2958 3498; x_wconf 64' lang='lat' dir='ltr'><strong>haec</strong></span> <span class='ocrx_word' id='word_1_522' title='bbox 2999 3442 3163 3498; x_wconf 89' lang='lat' dir='ltr'><strong>verba</strong></span> <span class='ocrx_word' id='word_1_523' title='bbox 3195 3441 3465 3496; x_wconf 89' lang='lat' dir='ltr'><strong>dicantur.</strong></span> <span class='ocrx_word' id='word_1_524' title='bbox 3500 3440 3593 3494; x_wconf 90' lang='lat' dir='ltr'><strong>Ille</strong></span> 
     </span>
    </p>
   </div>
   <div class='ocr_carea' id='block_1_71' title="bbox 2029 3532 3592 3602">
    <p class='ocr_par' dir='ltr' id='par_1_71' title="bbox 2029 3532 3592 3602">
     <span class='ocr_line' id='line_1_71' title="bbox 2029 3532 3592 3602; baseline -0.005 -11"><span class='ocrx_word' id='word_1_525' title='bbox 2029 3536 2173 3591; x_wconf 90' lang='lat' dir='ltr'><strong>enim</strong></span> <span class='ocrx_word' id='word_1_526' title='bbox 2203 3536 2372 3591; x_wconf 89' lang='lat' dir='ltr'><strong>semel</strong></span> <span class='ocrx_word' id='word_1_527' title='bbox 2416 3534 2593 3591; x_wconf 84' lang='lat' dir='ltr'><strong>factus</strong></span> <span class='ocrx_word' id='word_1_528' title='bbox 2626 3550 2722 3590; x_wconf 91' lang='lat' dir='ltr'><strong>vas</strong></span> <span class='ocrx_word' id='word_1_529' title='bbox 2762 3533 3046 3590; x_wconf 88' lang='lat' dir='ltr'><strong>electionis</strong></span> <span class='ocrx_word' id='word_1_530' title='bbox 3070 3573 3086 3597; x_wconf 96' lang='lat'><strong>,</strong></span> <span class='ocrx_word' id='word_1_531' title='bbox 3126 3548 3289 3602; x_wconf 89' lang='lat' dir='ltr'><strong>supra</strong></span> <span class='ocrx_word' id='word_1_532' title='bbox 3342 3547 3401 3587; x_wconf 89' lang='lat' dir='ltr'><strong>se</strong></span> <span class='ocrx_word' id='word_1_533' title='bbox 3452 3540 3503 3586; x_wconf 89' lang='lat' dir='ltr'><strong>et</strong></span> <span class='ocrx_word' id='word_1_534' title='bbox 3538 3532 3592 3584; x_wconf 94' lang='lat' dir='ltr'><strong>in</strong></span> 
     </span>
    </p>
   </div>
   <div class='ocr_carea' id='block_1_72' title="bbox 362 3622 3587 3698">
    <p class='ocr_par' dir='ltr' id='par_1_72' title="bbox 362 3622 3587 3698">
     <span class='ocr_line' id='line_1_72' title="bbox 362 3622 3587 3698; baseline -0.002 -17"><span class='ocrx_word' id='word_1_535' title='bbox 362 3642 421 3681; x_wconf 90' lang='lat' dir='ltr'><strong>se</strong></span> <span class='ocrx_word' id='word_1_536' title='bbox 462 3626 691 3681; x_wconf 89' lang='lat' dir='ltr'><strong>habebat</strong></span> <span class='ocrx_word' id='word_1_537' title='bbox 726 3622 1015 3682; x_wconf 90' lang='lat' dir='ltr'><strong>Dominum</strong></span> <span class='ocrx_word' id='word_1_538' title='bbox 1042 3644 1054 3680; x_wconf 93' lang='lat'>:</span> <span class='ocrx_word' id='word_1_539' title='bbox 1080 3640 1253 3695; x_wconf 81' lang='lat' dir='ltr'><strong>equus</strong></span> <span class='ocrx_word' id='word_1_540' title='bbox 1283 3624 1503 3694; x_wconf 90' lang='lat' dir='ltr'><strong>quidem</strong></span> <span class='ocrx_word' id='word_1_541' title='bbox 1547 3624 1725 3681; x_wconf 84' lang='lat' dir='ltr'><strong>factus</strong></span> <span class='ocrx_word' id='word_1_542' title='bbox 1775 3626 1829 3680; x_wconf 90' lang='lat' dir='ltr'><strong>in</strong></span> <span class='ocrx_word' id='word_1_543' title='bbox 1861 3642 1927 3681; x_wconf 91' lang='lat' dir='ltr'><strong>eo</strong></span> <span class='ocrx_word' id='word_1_544' title='bbox 1999 3628 2143 3698; x_wconf 83' lang='lat' dir='ltr'><strong>quod</strong></span> <span class='ocrx_word' id='word_1_545' title='bbox 2215 3637 2454 3697; x_wconf 87' lang='lat' dir='ltr'><strong>portaret</strong></span> <span class='ocrx_word' id='word_1_546' title='bbox 2498 3628 2618 3698; x_wconf 88' lang='lat' dir='ltr'><strong>ejus</strong></span> <span class='ocrx_word' id='word_1_547' title='bbox 2651 3642 2848 3682; x_wconf 87' lang='lat' dir='ltr'><strong>nomen</strong></span> <span class='ocrx_word' id='word_1_548' title='bbox 2882 3625 2950 3680; x_wconf 93' lang='lat' dir='ltr'><strong>ad</strong></span> <span class='ocrx_word' id='word_1_549' title='bbox 2984 3633 3174 3697; x_wconf 88' lang='lat' dir='ltr'><strong>gentes</strong></span> <span class='ocrx_word' id='word_1_550' title='bbox 3214 3632 3267 3678; x_wconf 92' lang='lat' dir='ltr'><strong>et</strong></span> <span class='ocrx_word' id='word_1_551' title='bbox 3314 3638 3467 3693; x_wconf 80' lang='lat' dir='ltr'><strong>rcges</strong></span> <span class='ocrx_word' id='word_1_552' title='bbox 3496 3623 3537 3652; x_wconf 86' lang='grc'><strong>³¹</strong></span> <span class='ocrx_word' id='word_1_553' title='bbox 3574 3640 3587 3674; x_wconf 88' lang='lat'>:</span> 
     </span>
    </p>
   </div>
   <div class='ocr_carea' id='block_1_73' title="bbox 362 3714 3593 3787">
    <p class='ocr_par' dir='ltr' id='par_1_73' title="bbox 362 3714 3593 3787">
     <span class='ocr_line' id='line_1_73' title="bbox 362 3714 3593 3787; baseline -0.001 -19"><span class='ocrx_word' id='word_1_554' title='bbox 362 3731 415 3769; x_wconf 78' lang='lat' dir='ltr'><strong>in</strong></span> <span class='ocrx_word' id='word_1_555' title='bbox 448 3731 512 3770; x_wconf 91' lang='lat' dir='ltr'><strong>eo</strong></span> <span class='ocrx_word' id='word_1_556' title='bbox 539 3725 715 3770; x_wconf 85' lang='lat' dir='ltr'><strong>autem</strong></span> <span class='ocrx_word' id='word_1_557' title='bbox 749 3714 895 3785; x_wconf 88' lang='lat' dir='ltr'><strong>quod</strong></span> <span class='ocrx_word' id='word_1_558' title='bbox 927 3716 1042 3785; x_wconf 89' lang='lat' dir='ltr'><strong>ipse</strong></span> <span class='ocrx_word' id='word_1_559' title='bbox 1072 3732 1179 3769; x_wconf 89' lang='lat' dir='ltr'><strong>non</strong></span> <span class='ocrx_word' id='word_1_560' title='bbox 1207 3717 1442 3787; x_wconf 88' lang='lat' dir='ltr'><strong>amplius</strong></span> <span class='ocrx_word' id='word_1_561' title='bbox 1473 3718 1699 3782; x_wconf 82' lang='lat' dir='ltr'><strong>viveret,</strong></span> <span class='ocrx_word' id='word_1_562' title='bbox 1726 3718 1819 3773; x_wconf 91' lang='lat' dir='ltr'><strong>sed</strong></span> <span class='ocrx_word' id='word_1_563' title='bbox 1857 3720 2007 3774; x_wconf 91' lang='lat' dir='ltr'><strong>illum</strong></span> <span class='ocrx_word' id='word_1_564' title='bbox 2032 3722 2087 3775; x_wconf 90' lang='lat' dir='ltr'><strong>in</strong></span> <span class='ocrx_word' id='word_1_565' title='bbox 2111 3736 2169 3775; x_wconf 90' lang='lat' dir='ltr'><strong>se</strong></span> <span class='ocrx_word' id='word_1_566' title='bbox 2197 3720 2506 3775; x_wconf 87' lang='lat' dir='ltr'><strong>ostenderet</strong></span> <span class='ocrx_word' id='word_1_567' title='bbox 2572 3720 2863 3783; x_wconf 87' lang='lat' dir='ltr'><strong>viventem,</strong></span> <span class='ocrx_word' id='word_1_568' title='bbox 2921 3727 2977 3773; x_wconf 90' lang='lat' dir='ltr'><strong>et</strong></span> <span class='ocrx_word' id='word_1_569' title='bbox 3039 3717 3193 3772; x_wconf 91' lang='lat' dir='ltr'><strong>daret</strong></span> <span class='ocrx_word' id='word_1_570' title='bbox 3252 3715 3593 3785; x_wconf 76' lang='lat' dir='ltr'><strong>experimen-</strong></span> 
     </span>
    </p>
   </div>
   <div class='ocr_carea' id='block_1_74' title="bbox 363 3803 3589 3879">
    <p class='ocr_par' dir='ltr' id='par_1_74' title="bbox 363 3803 3589 3879">
     <span class='ocr_line' id='line_1_74' title="bbox 363 3803 3589 3879; baseline -0 -22"><span class='ocrx_word' id='word_1_571' title='bbox 363 3813 475 3858; x_wconf 90' lang='lat' dir='ltr'><strong>tum</strong></span> <span class='ocrx_word' id='word_1_572' title='bbox 497 3804 698 3860; x_wconf 86' lang='lat' dir='ltr'><strong>Christi</strong></span> <span class='ocrx_word' id='word_1_573' title='bbox 736 3806 791 3860; x_wconf 90' lang='lat' dir='ltr'><strong>in</strong></span> <span class='ocrx_word' id='word_1_574' title='bbox 819 3820 878 3858; x_wconf 89' lang='lat' dir='ltr'><strong>se</strong></span> <span class='ocrx_word' id='word_1_575' title='bbox 908 3805 1178 3873; x_wconf 87' lang='lat' dir='ltr'><strong>loquentis</strong></span> <span class='ocrx_word' id='word_1_576' title='bbox 1202 3806 1269 3869; x_wconf 78' lang='grc'><strong>³³,</strong></span> <span class='ocrx_word' id='word_1_577' title='bbox 1303 3805 1528 3860; x_wconf 71' lang='grc' dir='ltr'><strong>θίῖθοιοε</strong></span> <span class='ocrx_word' id='word_1_578' title='bbox 1559 3807 1757 3862; x_wconf 84' lang='lat' dir='ltr'><strong>domus</strong></span> <span class='ocrx_word' id='word_1_579' title='bbox 1788 3811 2072 3866; x_wconf 90' lang='lat' dir='ltr'><strong>continens</strong></span> <span class='ocrx_word' id='word_1_580' title='bbox 2132 3812 2279 3865; x_wconf 89' lang='lat' dir='ltr'><strong>illam</strong></span> <span class='ocrx_word' id='word_1_581' title='bbox 2350 3819 2603 3864; x_wconf 89' lang='lat' dir='ltr'><strong>naturam</strong></span> <span class='ocrx_word' id='word_1_582' title='bbox 2661 3824 2803 3879; x_wconf 62' lang='lat' dir='ltr'><strong>quat,</strong></span> <span class='ocrx_word' id='word_1_583' title='bbox 2847 3825 2955 3863; x_wconf 90' lang='lat' dir='ltr'><strong>non</strong></span> <span class='ocrx_word' id='word_1_584' title='bbox 2980 3814 3159 3878; x_wconf 88' lang='lat' dir='ltr'><strong>potest</strong></span> <span class='ocrx_word' id='word_1_585' title='bbox 3180 3803 3589 3875; x_wconf 87' lang='lat' dir='ltr'><strong>comprehendi.</strong></span> 
     </span>
    </p>
   </div>
   <div class='ocr_carea' id='block_1_75' title="bbox 432 3892 1927 3983">
    <p class='ocr_par' dir='ltr' id='par_1_75' title="bbox 432 3898 1927 3983">
     <span class='ocr_line' id='line_1_75' title="bbox 432 3898 1927 3983; baseline 0.003 -32"><span class='ocrx_word' id='word_1_586' title='bbox 432 3898 616 3951; x_wconf 90' lang='grc' dir='ltr'><strong>Ταῦτα</strong></span> <span class='ocrx_word' id='word_1_587' title='bbox 636 3899 744 3953; x_wconf 85' lang='grc' dir='ltr'><strong>τῶν</strong></span> <span class='ocrx_word' id='word_1_588' title='bbox 765 3900 933 3967; x_wconf 86' lang='grc' dir='ltr'><strong>φίλων</strong></span> <span class='ocrx_word' id='word_1_589' title='bbox 953 3899 1044 3953; x_wconf 91' lang='grc' dir='ltr'><strong>τοῦ</strong></span> <span class='ocrx_word' id='word_1_590' title='bbox 1067 3900 1298 3969; x_wconf 77' lang='grc' dir='ltr'><strong>νυμφίου</strong></span> <span class='ocrx_word' id='word_1_591' title='bbox 1327 3900 1634 3983; x_wconf 67' lang='grc' dir='ltr'><strong>καθαρᾷ</strong></span> <span class='ocrx_word' id='word_1_592' title='bbox 1671 3903 1764 3956; x_wconf 72' lang='grc' dir='ltr'><strong>καὶ</strong></span> <span class='ocrx_word' id='word_1_593' title='bbox 1787 3920 1927 3975; x_wconf 78' lang='grc' dir='ltr'><strong>παρ-</strong></span> 
     </span>
    </p>
   </div>
   <div class='ocr_carea' id='block_1_76' title="bbox 2029 3892 3591 3983">
    <p class='ocr_par' dir='ltr' id='par_1_76' title="bbox 2100 3892 3591 3973">
     <span class='ocr_line' id='line_1_76' title="bbox 2100 3892 3591 3973; baseline -0.008 -14"><span class='ocrx_word' id='word_1_594' title='bbox 2100 3905 2234 3959; x_wconf 84' lang='lat' dir='ltr'><strong>Cum</strong></span> <span class='ocrx_word' id='word_1_595' title='bbox 2286 3905 2447 3958; x_wconf 90' lang='lat' dir='ltr'><strong>amici</strong></span> <span class='ocrx_word' id='word_1_596' title='bbox 2498 3903 2685 3973; x_wconf 90' lang='lat' dir='ltr'><strong>sponsi</strong></span> <span class='ocrx_word' id='word_1_597' title='bbox 2731 3902 2845 3956; x_wconf 71' lang='lat' dir='ltr'><strong>haec</strong></span> <span class='ocrx_word' id='word_1_598' title='bbox 2888 3916 3040 3971; x_wconf 67' lang='lat' dir='ltr'><strong>purae</strong></span> <span class='ocrx_word' id='word_1_599' title='bbox 3077 3898 3353 3953; x_wconf 87' lang='lat' dir='ltr'><strong>dedissent</strong></span> <span class='ocrx_word' id='word_1_600' title='bbox 3399 3892 3591 3964; x_wconf 82' lang='lat' dir='ltr'><strong>virgini</strong></span> 
     </span>
    </p>
   </div>
   <div class='ocr_carea' id='block_1_77' title="bbox 360 3978 1927 4071">
    <p class='ocr_par' dir='ltr' id='par_1_77' title="bbox 360 3978 1927 4071">
     <span class='ocr_line' id='line_1_77' title="bbox 360 3978 1927 4071; baseline 0.003 -29"><span class='ocrx_word' id='word_1_601' title='bbox 360 3989 905 4071; x_wconf 49' lang='lat' dir='ltr'><strong>OEVthapwapevtov</strong></span> <span class='ocrx_word' id='word_1_602' title='bbox 924 3990 1068 4062; x_wconf 80' lang='grc' dir='ltr'><strong>ψυχῇ</strong></span> <span class='ocrx_word' id='word_1_603' title='bbox 1091 3986 1221 4059; x_wconf 88' lang='grc' dir='ltr'><strong>(εἷεν</strong></span> <span class='ocrx_word' id='word_1_604' title='bbox 1237 3992 1280 4045; x_wconf 87' lang='grc' dir='ltr'><strong>δ’</strong></span> <span class='ocrx_word' id='word_1_605' title='bbox 1311 3978 1549 4046; x_wconf 46' lang='grc' dir='ltr'><strong>οὗτοι”τά</strong></span> <span class='ocrx_word' id='word_1_606' title='bbox 1560 3978 1927 4066; x_wconf 56' lang='grc' dir='ltr'><strong>λειτουργικὰ</strong></span> 
     </span>
    </p>
   </div>
   <div class='ocr_carea' id='block_1_78' title="bbox 2029 3978 3585 4071">
    <p class='ocr_par' dir='ltr' id='par_1_78' title="bbox 2029 3986 3585 4065">
     <span class='ocr_line' id='line_1_78' title="bbox 2029 3986 3585 4065; baseline -0.009 -16"><span class='ocrx_word' id='word_1_607' title='bbox 2029 3995 2105 4065; x_wconf 91' lang='lat' dir='ltr'><strong>(hi</strong></span> <span class='ocrx_word' id='word_1_608' title='bbox 2138 4005 2316 4050; x_wconf 90' lang='lat' dir='ltr'><strong>autem</strong></span> <span class='ocrx_word' id='word_1_609' title='bbox 2339 4003 2466 4049; x_wconf 87' lang='lat' dir='ltr'><strong>sunt</strong></span> <span class='ocrx_word' id='word_1_610' title='bbox 2492 3993 2936 4049; x_wconf 88' lang='lat' dir='ltr'><strong>administratorii</strong></span> <span class='ocrx_word' id='word_1_611' title='bbox 2963 3991 3207 4061; x_wconf 89' lang='lat' dir='ltr'><strong>spiritus,</strong></span> <span class='ocrx_word' id='word_1_612' title='bbox 3230 3988 3322 4057; x_wconf 92' lang='lat' dir='ltr'><strong>qui</strong></span> <span class='ocrx_word' id='word_1_613' title='bbox 3356 3986 3585 4039; x_wconf 88' lang='lat' dir='ltr'><strong>mittun-</strong></span> 
     </span>
    </p>
   </div>
   <div class='ocr_carea' id='block_1_79' title="bbox 362 4070 1927 4155">
    <p class='ocr_par' dir='ltr' id='par_1_79' title="bbox 362 4070 1927 4152">
     <span class='ocr_line' id='line_1_79' title="bbox 362 4070 1927 4152; baseline 0.003 -20"><span class='ocrx_word' id='word_1_614' title='bbox 362 4070 659 4150; x_wconf 61' lang='grc' dir='ltr'><strong>τῖὗέῦματᾱ</strong></span> <span class='ocrx_word' id='word_1_615' title='bbox 674 4070 857 4145; x_wconf 46' lang='lat' dir='ltr'><strong>ad;</strong></span> <span class='ocrx_word' id='word_1_616' title='bbox 888 4080 1161 4134; x_wconf 86' lang='grc' dir='ltr'><strong>διακονίαν</strong></span> <span class='ocrx_word' id='word_1_617' title='bbox 1199 4081 1655 4152; x_wconf 85' lang='grc' dir='ltr'><strong>ἀποστελλόμενα,</strong></span> <span class='ocrx_word' id='word_1_618' title='bbox 1689 4083 1776 4137; x_wconf 77' lang='grc' dir='ltr'><strong>διὰ</strong></span> <span class='ocrx_word' id='word_1_619' title='bbox 1804 4086 1927 4148; x_wconf 73' lang='grc' dir='ltr'><strong>τοὺς</strong></span> 
     </span>
    </p>
   </div>
   <div class='ocr_carea' id='block_1_80' title="bbox 2029 4070 3589 4155">
    <p class='ocr_par' dir='ltr' id='par_1_80' title="bbox 2029 4075 3589 4155">
     <span class='ocr_line' id='line_1_80' title="bbox 2029 4075 3589 4155; baseline -0.008 -15"><span class='ocrx_word' id='word_1_620' title='bbox 2029 4095 2118 4140; x_wconf 89' lang='lat' dir='ltr'><strong>tur</strong></span> <span class='ocrx_word' id='word_1_621' title='bbox 2148 4086 2216 4140; x_wconf 93' lang='lat' dir='ltr'><strong>ad</strong></span> <span class='ocrx_word' id='word_1_622' title='bbox 2248 4086 2608 4141; x_wconf 85' lang='lat' dir='ltr'><strong>ministerium</strong></span> <span class='ocrx_word' id='word_1_623' title='bbox 2642 4126 2656 4149; x_wconf 95' lang='lat'><strong>,</strong></span> <span class='ocrx_word' id='word_1_624' title='bbox 2700 4092 2921 4155; x_wconf 89' lang='lat' dir='ltr'><strong>propter</strong></span> <span class='ocrx_word' id='word_1_625' title='bbox 2961 4097 3055 4138; x_wconf 91' lang='lat' dir='ltr'><strong>eos</strong></span> <span class='ocrx_word' id='word_1_626' title='bbox 3098 4080 3193 4150; x_wconf 91' lang='lat' dir='ltr'><strong>qui</strong></span> <span class='ocrx_word' id='word_1_627' title='bbox 3239 4087 3367 4133; x_wconf 91' lang='lat' dir='ltr'><strong>sunt</strong></span> <span class='ocrx_word' id='word_1_628' title='bbox 3422 4075 3589 4129; x_wconf 79' lang='lat' dir='ltr'><strong>futuri</strong></span> 
     </span>
    </p>
   </div>
   <div class='ocr_carea' id='block_1_81' title="bbox 364 4168 1927 4247">
    <p class='ocr_par' dir='ltr' id='par_1_81' title="bbox 364 4169 1927 4243">
     <span class='ocr_line' id='line_1_81' title="bbox 364 4169 1927 4243; baseline 0.001 -20"><span class='ocrx_word' id='word_1_629' title='bbox 364 4169 654 4240; x_wconf 89' lang='grc' dir='ltr'><strong>μέλλοντας</strong></span> <span class='ocrx_word' id='word_1_630' title='bbox 689 4169 1044 4242; x_wconf 76' lang='grc' dir='ltr'><strong>κληρονομεῖν</strong></span> <span class='ocrx_word' id='word_1_631' title='bbox 1081 4170 1394 4242; x_wconf 82' lang='grc' dir='ltr'><strong>σωτηρίαν),</strong></span> <span class='ocrx_word' id='word_1_632' title='bbox 1434 4172 1762 4243; x_wconf 72' lang='grc' dir='ltr'><strong>τελειότερον</strong></span> <span class='ocrx_word' id='word_1_633' title='bbox 1812 4190 1927 4235; x_wconf 80' lang='grc' dir='ltr'><strong>πως</strong></span> 
     </span>
    </p>
   </div>
   <div class='ocr_carea' id='block_1_82' title="bbox 2029 4168 3586 4247">
    <p class='ocr_par' dir='ltr' id='par_1_82' title="bbox 2029 4168 3586 4247">
     <span class='ocr_line' id='line_1_82' title="bbox 2029 4168 3586 4247; baseline -0.007 -17"><span class='ocrx_word' id='word_1_634' title='bbox 2029 4177 2274 4232; x_wconf 74' lang='lat' dir='ltr'><strong>liaaredes</strong></span> <span class='ocrx_word' id='word_1_635' title='bbox 2314 4178 2508 4231; x_wconf 85' lang='lat' dir='ltr'><strong>salutis</strong></span> <span class='ocrx_word' id='word_1_636' title='bbox 2541 4177 2608 4247; x_wconf 85' lang='grc'><strong>³³)</strong></span> <span class='ocrx_word' id='word_1_637' title='bbox 2632 4216 2646 4237; x_wconf 92' lang='grc'><strong>,</strong></span> <span class='ocrx_word' id='word_1_638' title='bbox 2686 4190 2889 4246; x_wconf 89' lang='lat' dir='ltr'><strong>sponsa</strong></span> <span class='ocrx_word' id='word_1_639' title='bbox 2936 4174 2993 4227; x_wconf 83' lang='lat' dir='ltr'><strong>lit</strong></span> <span class='ocrx_word' id='word_1_640' title='bbox 3034 4168 3432 4242; x_wconf 90' lang='lat' dir='ltr'><strong>quodammodo</strong></span> <span class='ocrx_word' id='word_1_641' title='bbox 3479 4182 3586 4236; x_wconf 86' lang='lat' dir='ltr'><strong>per-</strong></span> 
     </span>
    </p>
   </div>
   <div class='ocr_carea' id='block_1_83' title="bbox 382 4064 537 4080">
    <p class='ocr_par' dir='ltr' id='par_1_83' title="bbox 382 4064 537 4080">
     <span class='ocr_line' id='line_1_83' title="bbox 382 4064 537 4080; baseline 0 -7"><span class='ocrx_word' id='word_1_642' title='bbox 382 4064 537 4080; x_wconf 33' lang='lat' dir='ltr'><strong>ﬁ...</strong></span> 
     </span>
    </p>
   </div>
   <div class='ocr_carea' id='block_1_84' title="bbox 359 4260 1929 4345">
    <p class='ocr_par' dir='ltr' id='par_1_84' title="bbox 359 4260 1929 4345">
     <span class='ocr_line' id='line_1_84' title="bbox 359 4260 1929 4345; baseline 0.003 -33"><span class='ocrx_word' id='word_1_643' title='bbox 359 4262 577 4337; x_wconf 48' lang='grc' dir='ltr'><strong>γίνεται</strong></span> <span class='ocrx_word' id='word_1_644' title='bbox 596 4263 661 4335; x_wconf 80' lang='grc' dir='ltr'><strong>τῇ</strong></span> <span class='ocrx_word' id='word_1_645' title='bbox 691 4260 974 4333; x_wconf 79' lang='grc' dir='ltr'><strong>προσθήκῃ</strong></span> <span class='ocrx_word' id='word_1_646' title='bbox 1006 4260 1491 4345; x_wconf 14' lang='grc' dir='ltr'><strong>τῷνῗχαρισμάτων</strong></span> <span class='ocrx_word' id='word_1_647' title='bbox 1520 4265 1552 4333; x_wconf 86' lang='grc' dir='ltr'><strong>ή</strong></span> <span class='ocrx_word' id='word_1_648' title='bbox 1585 4263 1792 4335; x_wconf 77' lang='grc' dir='ltr'><strong>νύμφη.</strong></span> <span class='ocrx_word' id='word_1_649' title='bbox 1819 4266 1929 4318; x_wconf 78' lang='grc' dir='ltr'><strong>Καὶ</strong></span> 
     </span>
    </p>
   </div>
   <div class='ocr_carea' id='block_1_85' title="bbox 363 4350 1926 4429">
    <p class='ocr_par' dir='ltr' id='par_1_85' title="bbox 363 4350 1926 4429">
     <span class='ocr_line' id='line_1_85' title="bbox 363 4350 1926 4429; baseline 0.002 -25"><span class='ocrx_word' id='word_1_650' title='bbox 363 4352 561 4419; x_wconf 76' lang='grc' dir='ltr'><strong>μᾶλλον</strong></span> <span class='ocrx_word' id='word_1_651' title='bbox 610 4351 1015 4429; x_wconf 72' lang='grc' dir='ltr'><strong>προσεγγίσασα</strong></span> <span class='ocrx_word' id='word_1_652' title='bbox 1047 4352 1127 4422; x_wconf 80' lang='grc' dir='ltr'><strong>τῷ</strong></span> <span class='ocrx_word' id='word_1_653' title='bbox 1161 4350 1506 4423; x_wconf 86' lang='grc' dir='ltr'><strong>ποθουμένῳ,</strong></span> <span class='ocrx_word' id='word_1_654' title='bbox 1540 4354 1669 4424; x_wconf 71' lang='grc' dir='ltr'><strong>πρὶν</strong></span> <span class='ocrx_word' id='word_1_655' title='bbox 1705 4354 1765 4407; x_wconf 85' lang='grc' dir='ltr'><strong>τὸ</strong></span> <span class='ocrx_word' id='word_1_656' title='bbox 1798 4355 1926 4407; x_wconf 85' lang='grc' dir='ltr'><strong>κάλ-</strong></span> 
     </span>
    </p>
   </div>
   <div class='ocr_carea' id='block_1_86' title="bbox 356 4432 1927 4516">
    <p class='ocr_par' dir='ltr' id='par_1_86' title="bbox 356 4432 1927 4516">
     <span class='ocr_line' id='line_1_86' title="bbox 356 4432 1927 4516; baseline 0.002 -21"><span class='ocrx_word' id='word_1_657' title='bbox 356 4432 459 4506; x_wconf 53' lang='grc' dir='ltr'><strong>λὶξ</strong></span> <span class='ocrx_word' id='word_1_658' title='bbox 475 4432 636 4495; x_wconf 45' lang='lat' dir='ltr'><strong>Eds-E66</strong></span> <span class='ocrx_word' id='word_1_659' title='bbox 668 4445 778 4504; x_wconf 84' lang='grc' dir='ltr'><strong>τοῖς</strong></span> <span class='ocrx_word' id='word_1_660' title='bbox 796 4442 1089 4513; x_wconf 74' lang='grc' dir='ltr'><strong>ὀφθαλμοῖς</strong></span> <span class='ocrx_word' id='word_1_661' title='bbox 1108 4432 1448 4513; x_wconf 14' lang='grc' dir='ltr'><strong>νέμφανῆναι,</strong></span> <span class='ocrx_word' id='word_1_662' title='bbox 1470 4446 1559 4498; x_wconf 80' lang='grc' dir='ltr'><strong>διὰ</strong></span> <span class='ocrx_word' id='word_1_663' title='bbox 1578 4446 1676 4516; x_wconf 83' lang='grc' dir='ltr'><strong>τῆς</strong></span> <span class='ocrx_word' id='word_1_664' title='bbox 1693 4446 1794 4514; x_wconf 81' lang='grc' dir='ltr'><strong>ὀσφ</strong></span> <span class='ocrx_word' id='word_1_665' title='bbox 1804 4463 1927 4516; x_wconf 87' lang='grc' dir='ltr'><strong>ραν-</strong></span> 
     </span>
    </p>
   </div>
   <div class='ocr_carea' id='block_1_87' title="bbox 359 4531 1926 4605">
    <p class='ocr_par' dir='ltr' id='par_1_87' title="bbox 359 4531 1926 4605">
     <span class='ocr_line' id='line_1_87' title="bbox 359 4531 1926 4605; baseline 0.001 -16"><span class='ocrx_word' id='word_1_666' title='bbox 359 4536 514 4605; x_wconf 82' lang='grc' dir='ltr'><strong>τικῆς</strong></span> <span class='ocrx_word' id='word_1_667' title='bbox 537 4534 837 4605; x_wconf 86' lang='grc' dir='ltr'><strong>αἰσθήσεως</strong></span> <span class='ocrx_word' id='word_1_668' title='bbox 873 4535 964 4587; x_wconf 91' lang='grc' dir='ltr'><strong>τοῦ</strong></span> <span class='ocrx_word' id='word_1_669' title='bbox 1010 4532 1341 4605; x_wconf 77' lang='grc' dir='ltr'><strong>ζητουμένου</strong></span> <span class='ocrx_word' id='word_1_670' title='bbox 1372 4536 1694 4604; x_wconf 84' lang='grc' dir='ltr'><strong>ἐφάπτεται,</strong></span> <span class='ocrx_word' id='word_1_671' title='bbox 1716 4531 1827 4590; x_wconf 74' lang='grc' dir='ltr'>οἶόν</span> <span class='ocrx_word' id='word_1_672' title='bbox 1852 4555 1926 4590; x_wconf 83' lang='grc' dir='ltr'><strong>τι·</strong></span> 
     </span>
    </p>
   </div>
   <div class='ocr_carea' id='block_1_88' title="bbox 358 4626 1925 4699">
    <p class='ocr_par' dir='ltr' id='par_1_88' title="bbox 358 4626 1925 4699">
     <span class='ocr_line' id='line_1_88' title="bbox 358 4626 1925 4699; baseline 0.001 -20"><span class='ocrx_word' id='word_1_673' title='bbox 358 4643 444 4691; x_wconf 72' lang='grc' dir='ltr'><strong>νοτ,</strong></span> <span class='ocrx_word' id='word_1_674' title='bbox 468 4626 675 4697; x_wconf 76' lang='grc' dir='ltr'><strong>χρωτὸς</strong></span> <span class='ocrx_word' id='word_1_675' title='bbox 705 4626 938 4695; x_wconf 82' lang='grc' dir='ltr'><strong>ἰδιότητα</strong></span> <span class='ocrx_word' id='word_1_676' title='bbox 965 4627 1299 4697; x_wconf 75' lang='grc' dir='ltr'><strong>ὀσφραντικῇ</strong></span> <span class='ocrx_word' id='word_1_677' title='bbox 1336 4626 1561 4698; x_wconf 85' lang='grc' dir='ltr'><strong>δυνάμει</strong></span> <span class='ocrx_word' id='word_1_678' title='bbox 1591 4629 1925 4699; x_wconf 79' lang='grc' dir='ltr'><strong>κατανοήσαο</strong></span> 
     </span>
    </p>
   </div>
   <div class='ocr_carea' id='block_1_89' title="bbox 2032 4257 3587 4337">
    <p class='ocr_par' dir='ltr' id='par_1_89' title="bbox 2032 4257 3587 4337">
     <span class='ocr_line' id='line_1_89' title="bbox 2032 4257 3587 4337; baseline -0.008 -18"><span class='ocrx_word' id='word_1_679' title='bbox 2032 4267 2227 4322; x_wconf 67' lang='lat' dir='ltr'><strong>tectior</strong></span> <span class='ocrx_word' id='word_1_680' title='bbox 2271 4283 2366 4337; x_wconf 91' lang='lat' dir='ltr'><strong>per</strong></span> <span class='ocrx_word' id='word_1_681' title='bbox 2417 4266 2712 4334; x_wconf 83' lang='lat' dir='ltr'><strong>gratiarum</strong></span> <span class='ocrx_word' id='word_1_682' title='bbox 2767 4264 3159 4320; x_wconf 86' lang='lat' dir='ltr'><strong>accessionem.</strong></span> <span class='ocrx_word' id='word_1_683' title='bbox 3217 4259 3461 4329; x_wconf 88' lang='lat' dir='ltr'><strong>Cumque</strong></span> <span class='ocrx_word' id='word_1_684' title='bbox 3523 4257 3587 4309; x_wconf 86' lang='lat' dir='ltr'><strong>ad</strong></span> 
     </span>
    </p>
   </div>
   <div class='ocr_carea' id='block_1_90' title="bbox 2032 4352 3588 4430">
    <p class='ocr_par' dir='ltr' id='par_1_90' title="bbox 2032 4352 3588 4430">
     <span class='ocr_line' id='line_1_90' title="bbox 2032 4352 3588 4430; baseline -0.01 -14"><span class='ocrx_word' id='word_1_685' title='bbox 2032 4377 2157 4416; x_wconf 90' lang='lat' dir='ltr'><strong>eum</strong></span> <span class='ocrx_word' id='word_1_686' title='bbox 2217 4375 2376 4430; x_wconf 89' lang='lat' dir='ltr'><strong>quem</strong></span> <span class='ocrx_word' id='word_1_687' title='bbox 2441 4359 2785 4414; x_wconf 88' lang='lat' dir='ltr'><strong>desiderabat</strong></span> <span class='ocrx_word' id='word_1_688' title='bbox 2848 4356 3020 4427; x_wconf 87' lang='lat' dir='ltr'><strong>magis</strong></span> <span class='ocrx_word' id='word_1_689' title='bbox 3078 4352 3588 4423; x_wconf 84' lang='lat' dir='ltr'><strong>appropinquasset,</strong></span> 
     </span>
    </p>
   </div>
   <div class='ocr_carea' id='block_1_91' title="bbox 2032 4445 3592 4523">
    <p class='ocr_par' dir='ltr' id='par_1_91' title="bbox 2032 4445 3592 4523">
     <span class='ocr_line' id='line_1_91' title="bbox 2032 4445 3592 4523; baseline -0.008 -17"><span class='ocrx_word' id='word_1_690' title='bbox 2032 4453 2347 4523; x_wconf 88' lang='lat' dir='ltr'><strong>priusquam</strong></span> <span class='ocrx_word' id='word_1_691' title='bbox 2381 4452 2500 4520; x_wconf 89' lang='lat' dir='ltr'><strong>ejus</strong></span> <span class='ocrx_word' id='word_1_692' title='bbox 2522 4450 2872 4521; x_wconf 89' lang='lat' dir='ltr'><strong>pulchritudo</strong></span> <span class='ocrx_word' id='word_1_693' title='bbox 2903 4445 3078 4502; x_wconf 91' lang='lat' dir='ltr'><strong>oculis</strong></span> <span class='ocrx_word' id='word_1_694' title='bbox 3106 4445 3469 4516; x_wconf 84' lang='lat' dir='ltr'><strong>apparuisset,</strong></span> <span class='ocrx_word' id='word_1_695' title='bbox 3497 4457 3592 4511; x_wconf 84' lang='lat' dir='ltr'><strong>per</strong></span> 
     </span>
    </p>
   </div>
   <div class='ocr_carea' id='block_1_92' title="bbox 2033 4522 3586 4609">
    <p class='ocr_par' dir='ltr' id='par_1_92' title="bbox 2033 4522 3586 4609">
     <span class='ocr_line' id='line_1_92' title="bbox 2033 4522 3586 4609; baseline -0.01 -9"><span class='ocrx_word' id='word_1_696' title='bbox 2033 4522 2297 4600; x_wconf 80' lang='lat' dir='ltr'><strong>cdorandi</strong></span> <span class='ocrx_word' id='word_1_697' title='bbox 2345 4543 2656 4598; x_wconf 81' lang='lat' dir='ltr'><strong>facultatem</strong></span> <span class='ocrx_word' id='word_1_698' title='bbox 2688 4557 2809 4597; x_wconf 91' lang='lat' dir='ltr'><strong>eum</strong></span> <span class='ocrx_word' id='word_1_699' title='bbox 2840 4555 3000 4609; x_wconf 88' lang='lat' dir='ltr'><strong>quem</strong></span> <span class='ocrx_word' id='word_1_700' title='bbox 3046 4536 3323 4608; x_wconf 70' lang='lat' dir='ltr'><strong>quaerebat</strong></span> <span class='ocrx_word' id='word_1_701' title='bbox 3350 4522 3586 4603; x_wconf 70' lang='lat' dir='ltr'><strong>attingit,</strong></span> 
     </span>
    </p>
   </div>
   <div class='ocr_carea' id='block_1_93' title="bbox 2030 4628 3591 4705">
    <p class='ocr_par' dir='ltr' id='par_1_93' title="bbox 2030 4628 3591 4705">
     <span class='ocr_line' id='line_1_93' title="bbox 2030 4628 3591 4705; baseline -0.01 -13"><span class='ocrx_word' id='word_1_702' title='bbox 2030 4644 2085 4692; x_wconf 91' lang='lat' dir='ltr'><strong>et</strong></span> <span class='ocrx_word' id='word_1_703' title='bbox 2139 4637 2301 4691; x_wconf 87' lang='lat' dir='ltr'><strong>veluti</strong></span> <span class='ocrx_word' id='word_1_704' title='bbox 2356 4636 2639 4705; x_wconf 87' lang='lat' dir='ltr'><strong>cujusdam</strong></span> <span class='ocrx_word' id='word_1_705' title='bbox 2689 4634 2890 4688; x_wconf 90' lang='lat' dir='ltr'><strong>coloris</strong></span> <span class='ocrx_word' id='word_1_706' title='bbox 2948 4630 3278 4702; x_wconf 89' lang='lat' dir='ltr'><strong>proprietate</strong></span> <span class='ocrx_word' id='word_1_707' title='bbox 3330 4630 3398 4680; x_wconf 90' lang='lat' dir='ltr'><strong>ab</strong></span> <span class='ocrx_word' id='word_1_708' title='bbox 3454 4628 3591 4679; x_wconf 83' lang='lat' dir='ltr'><strong>odo-</strong></span> 
     </span>
    </p>
   </div>
   <div class='ocr_carea' id='block_1_94' title="bbox 360 4716 1927 4791">
    <p class='ocr_par' dir='ltr' id='par_1_94' title="bbox 360 4716 1925 4791">
     <span class='ocr_line' id='line_1_94' title="bbox 360 4716 1925 4791; baseline 0.002 -23"><span class='ocrx_word' id='word_1_709' title='bbox 360 4733 447 4779; x_wconf 90' lang='grc' dir='ltr'><strong>σα,</strong></span> <span class='ocrx_word' id='word_1_710' title='bbox 502 4716 596 4769; x_wconf 88' lang='grc' dir='ltr'><strong>καί</strong></span> <span class='ocrx_word' id='word_1_711' title='bbox 645 4733 807 4785; x_wconf 82' lang='grc' dir='ltr'><strong>φησιν</strong></span> <span class='ocrx_word' id='word_1_712' title='bbox 851 4716 1220 4783; x_wconf 84' lang='grc' dir='ltr'><strong>ἐπεγνωκέναι</strong></span> <span class='ocrx_word' id='word_1_713' title='bbox 1269 4717 1434 4770; x_wconf 82' lang='grc' dir='ltr'><strong>αὑτοῦ</strong></span> <span class='ocrx_word' id='word_1_714' title='bbox 1482 4719 1579 4787; x_wconf 84' lang='grc' dir='ltr'><strong>τὴν</strong></span> <span class='ocrx_word' id='word_1_715' title='bbox 1641 4719 1815 4788; x_wconf 81' lang='grc' dir='ltr'><strong>ὀσμὴν</strong></span> <span class='ocrx_word' id='word_1_716' title='bbox 1859 4722 1925 4791; x_wconf 77' lang='grc' dir='ltr'><strong>τῇ</strong></span> 
     </span>
    </p>
   </div>
   <div class='ocr_carea' id='block_1_95' title="bbox 2029 4716 3591 4791">
    <p class='ocr_par' dir='ltr' id='par_1_95' title="bbox 2032 4720 3591 4789">
     <span class='ocr_line' id='line_1_95' title="bbox 2032 4720 3591 4789; baseline -0.009 -6"><span class='ocrx_word' id='word_1_717' title='bbox 2032 4730 2186 4783; x_wconf 88' lang='lat' dir='ltr'><strong>randi</strong></span> <span class='ocrx_word' id='word_1_718' title='bbox 2238 4727 2493 4782; x_wconf 79' lang='lat' dir='ltr'><strong>facultate</strong></span> <span class='ocrx_word' id='word_1_719' title='bbox 2520 4726 2927 4786; x_wconf 87' lang='lat' dir='ltr'><strong>animadversa,</strong></span> <span class='ocrx_word' id='word_1_720' title='bbox 2960 4723 3092 4778; x_wconf 90' lang='lat' dir='ltr'><strong>dicit</strong></span> <span class='ocrx_word' id='word_1_721' title='bbox 3128 4738 3187 4776; x_wconf 89' lang='lat' dir='ltr'><strong>se</strong></span> <span class='ocrx_word' id='word_1_722' title='bbox 3229 4720 3348 4789; x_wconf 90' lang='lat' dir='ltr'><strong>ejus</strong></span> <span class='ocrx_word' id='word_1_723' title='bbox 3387 4732 3591 4787; x_wconf 85' lang='lat' dir='ltr'><strong>cogno-</strong></span> 
     </span>
    </p>
   </div>
   <div class='ocr_carea' id='block_1_96' title="bbox 358 4801 1927 4883">
    <p class='ocr_par' dir='ltr' id='par_1_96' title="bbox 358 4801 1927 4883">
     <span class='ocr_line' id='line_1_96' title="bbox 358 4801 1927 4883; baseline 0.003 -25"><span class='ocrx_word' id='word_1_724' title='bbox 358 4806 554 4877; x_wconf 76' lang='grc' dir='ltr'><strong>εὐωδίᾳ</strong></span> <span class='ocrx_word' id='word_1_725' title='bbox 603 4806 697 4860; x_wconf 88' lang='grc' dir='ltr'><strong>τοῦ</strong></span> <span class='ocrx_word' id='word_1_726' title='bbox 744 4806 936 4878; x_wconf 90' lang='grc' dir='ltr'><strong>μύρου,</strong></span> <span class='ocrx_word' id='word_1_727' title='bbox 971 4801 1031 4860; x_wconf 82' lang='grc' dir='ltr'><strong>οῦ</strong></span> <span class='ocrx_word' id='word_1_728' title='bbox 1068 4807 1258 4879; x_wconf 85' lang='grc' dir='ltr'><strong>νάρδος</strong></span> <span class='ocrx_word' id='word_1_729' title='bbox 1300 4809 1415 4861; x_wconf 77' lang='grc' dir='ltr'><strong>ἐστὶ</strong></span> <span class='ocrx_word' id='word_1_730' title='bbox 1446 4808 1509 4861; x_wconf 82' lang='grc' dir='ltr'><strong>τὸ</strong></span> <span class='ocrx_word' id='word_1_731' title='bbox 1536 4809 1725 4879; x_wconf 82' lang='grc' dir='ltr'><strong>ὄνομα,</strong></span> <span class='ocrx_word' id='word_1_732' title='bbox 1754 4811 1927 4883; x_wconf 81' lang='grc' dir='ltr'><strong>ταύτῃ</strong></span> 
     </span>
    </p>
   </div>
   <div class='ocr_carea' id='block_1_97' title="bbox 2027 4811 3589 4888">
    <p class='ocr_par' dir='ltr' id='par_1_97' title="bbox 2027 4811 3589 4888">
     <span class='ocr_line' id='line_1_97' title="bbox 2027 4811 3589 4888; baseline -0.008 -13"><span class='ocrx_word' id='word_1_733' title='bbox 2027 4822 2169 4876; x_wconf 86' lang='lat' dir='ltr'><strong>visse</strong></span> <span class='ocrx_word' id='word_1_734' title='bbox 2212 4820 2472 4882; x_wconf 89' lang='lat' dir='ltr'><strong>odorem,</strong></span> <span class='ocrx_word' id='word_1_735' title='bbox 2508 4834 2701 4886; x_wconf 88' lang='lat' dir='ltr'><strong>nempe</strong></span> <span class='ocrx_word' id='word_1_736' title='bbox 2751 4816 3010 4888; x_wconf 86' lang='lat' dir='ltr'><strong>unguenti</strong></span> <span class='ocrx_word' id='word_1_737' title='bbox 3063 4828 3286 4870; x_wconf 82' lang='lat' dir='ltr'><strong>suavem</strong></span> <span class='ocrx_word' id='word_1_738' title='bbox 3347 4811 3589 4871; x_wconf 89' lang='lat' dir='ltr'><strong>odorem,</strong></span> 
     </span>
    </p>
   </div>
   <div class='ocr_carea' id='block_1_98' title="bbox 359 4898 1927 4985">
    <p class='ocr_par' dir='ltr' id='par_1_98' title="bbox 359 4898 1927 4985">
     <span class='ocr_line' id='line_1_98' title="bbox 359 4898 1927 4985; baseline 0.003 -36"><span class='ocrx_word' id='word_1_739' title='bbox 359 4898 493 4969; x_wconf 77' lang='grc' dir='ltr'><strong>πρὸς</strong></span> <span class='ocrx_word' id='word_1_740' title='bbox 520 4898 646 4961; x_wconf 82' lang='grc' dir='ltr'><strong>τοὺς</strong></span> <span class='ocrx_word' id='word_1_741' title='bbox 675 4898 860 4985; x_wconf 83' lang='grc' dir='ltr'><strong>φίλους</strong></span> <span class='ocrx_word' id='word_1_742' title='bbox 884 4901 948 4969; x_wconf 80' lang='grc' dir='ltr'><strong>τῇ</strong></span> <span class='ocrx_word' id='word_1_743' title='bbox 981 4901 1130 4969; x_wconf 79' lang='grc' dir='ltr'><strong>φωνῇ</strong></span> <span class='ocrx_word' id='word_1_744' title='bbox 1176 4899 1492 4970; x_wconf 83' lang='grc' dir='ltr'><strong>χρησαμένη</strong></span> <span class='ocrx_word' id='word_1_745' title='bbox 1514 4940 1529 4961; x_wconf 94' lang='grc'><strong>,</strong></span> <span class='ocrx_word' id='word_1_746' title='bbox 1555 4900 1784 4968; x_wconf 83' lang='grc' dir='ltr'><strong>Νὰρδος</strong></span> <span class='ocrx_word' id='word_1_747' title='bbox 1809 4919 1927 4970; x_wconf 82' lang='grc' dir='ltr'><strong>μου</strong></span> 
     </span>
    </p>
   </div>
   <div class='ocr_carea' id='block_1_99' title="bbox 2029 4898 3586 4985">
    <p class='ocr_par' dir='ltr' id='par_1_99' title="bbox 2029 4904 3586 4980">
     <span class='ocr_line' id='line_1_99' title="bbox 2029 4904 3586 4980; baseline -0.008 -14"><span class='ocrx_word' id='word_1_748' title='bbox 2029 4912 2185 4980; x_wconf 89' lang='lat' dir='ltr'><strong>cujus</strong></span> <span class='ocrx_word' id='word_1_749' title='bbox 2245 4926 2442 4965; x_wconf 88' lang='lat' dir='ltr'><strong>nomen</strong></span> <span class='ocrx_word' id='word_1_750' title='bbox 2498 4918 2582 4964; x_wconf 89' lang='lat' dir='ltr'><strong>est</strong></span> <span class='ocrx_word' id='word_1_751' title='bbox 2645 4907 2847 4964; x_wconf 73' lang='lat' dir='ltr'><strong>nat-dus</strong></span> <span class='ocrx_word' id='word_1_752' title='bbox 2881 4948 2895 4970; x_wconf 95' lang='lat'><strong>,</strong></span> <span class='ocrx_word' id='word_1_753' title='bbox 2955 4908 3057 4961; x_wconf 90' lang='lat' dir='ltr'><strong>hac</strong></span> <span class='ocrx_word' id='word_1_754' title='bbox 3120 4921 3254 4960; x_wconf 89' lang='lat' dir='ltr'><strong>voce</strong></span> <span class='ocrx_word' id='word_1_755' title='bbox 3312 4912 3471 4958; x_wconf 91' lang='lat' dir='ltr'><strong>utens</strong></span> <span class='ocrx_word' id='word_1_756' title='bbox 3520 4904 3586 4954; x_wconf 90' lang='lat' dir='ltr'><strong>ad</strong></span> 
     </span>
    </p>
   </div>
   <div class='ocr_carea' id='block_1_100' title="bbox 358 4989 1927 5069">
    <p class='ocr_par' dir='ltr' id='par_1_100' title="bbox 358 4989 1923 5063">
     <span class='ocr_line' id='line_1_100' title="bbox 358 4989 1923 5063; baseline 0.003 -22"><span class='ocrx_word' id='word_1_757' title='bbox 358 4989 582 5043; x_wconf 76' lang='grc' dir='ltr'><strong>ἔδωκεν</strong></span> <span class='ocrx_word' id='word_1_758' title='bbox 626 4990 826 5060; x_wconf 81' lang='grc' dir='ltr'><strong>ὀσμὴν</strong></span> <span class='ocrx_word' id='word_1_759' title='bbox 860 4989 1069 5045; x_wconf 84' lang='grc' dir='ltr'><strong>αὐτοῦ.</strong></span> <span class='ocrx_word' id='word_1_760' title='bbox 1114 4990 1324 5061; x_wconf 82' lang='grc' dir='ltr'><strong>Ὥσπερ</strong></span> <span class='ocrx_word' id='word_1_761' title='bbox 1356 4992 1545 5061; x_wconf 86' lang='grc' dir='ltr'><strong>ὑμεῖς,</strong></span> <span class='ocrx_word' id='word_1_762' title='bbox 1579 4992 1774 5063; x_wconf 74' lang='grc' dir='ltr'><strong>φησὶν,</strong></span> <span class='ocrx_word' id='word_1_763' title='bbox 1822 4993 1923 5045; x_wconf 80' lang='grc' dir='ltr'><strong>οὐκ</strong></span> 
     </span>
    </p>
   </div>
   <div class='ocr_carea' id='block_1_101' title="bbox 2029 4989 3591 5069">
    <p class='ocr_par' dir='ltr' id='par_1_101' title="bbox 2029 4994 3591 5069">
     <span class='ocr_line' id='line_1_101' title="bbox 2029 4994 3591 5069; baseline -0.008 -12"><span class='ocrx_word' id='word_1_764' title='bbox 2029 5005 2250 5069; x_wconf 86' lang='lat' dir='ltr'><strong>amicos,</strong></span> <span class='ocrx_word' id='word_1_765' title='bbox 2284 5001 2501 5056; x_wconf 82' lang='lat' dir='ltr'><strong>Nardus</strong></span> <span class='ocrx_word' id='word_1_766' title='bbox 2542 5018 2655 5056; x_wconf 86' lang='lat' dir='ltr'><strong>mea</strong></span> <span class='ocrx_word' id='word_1_767' title='bbox 2684 5001 2827 5055; x_wconf 78' lang='lat' dir='ltr'><strong>dedit</strong></span> <span class='ocrx_word' id='word_1_768' title='bbox 2865 5000 3073 5054; x_wconf 86' lang='lat' dir='ltr'><strong>odorem</strong></span> <span class='ocrx_word' id='word_1_769' title='bbox 3103 5015 3275 5052; x_wconf 82' lang='lat' dir='ltr'><strong>suum.</strong></span> <span class='ocrx_word' id='word_1_770' title='bbox 3308 4994 3591 5062; x_wconf 83' lang='lat' dir='ltr'><strong>Quomodo</strong></span> 
     </span>
    </p>
   </div>
   <div class='ocr_carea' id='block_1_102' title="bbox 360 5081 1926 5154">
    <p class='ocr_par' dir='ltr' id='par_1_102' title="bbox 360 5081 1926 5154">
     <span class='ocr_line' id='line_1_102' title="bbox 360 5081 1926 5154; baseline -0.001 -19"><span class='ocrx_word' id='word_1_771' title='bbox 360 5083 490 5135; x_wconf 78' lang='grc' dir='ltr'><strong>αὐτὸ</strong></span> <span class='ocrx_word' id='word_1_772' title='bbox 515 5082 575 5134; x_wconf 88' lang='grc' dir='ltr'><strong>τὸ</strong></span> <span class='ocrx_word' id='word_1_773' title='bbox 603 5084 875 5153; x_wconf 83' lang='grc' dir='ltr'><strong>ἀκήρατον</strong></span> <span class='ocrx_word' id='word_1_774' title='bbox 904 5083 1001 5152; x_wconf 87' lang='grc' dir='ltr'><strong>τῆς</strong></span> <span class='ocrx_word' id='word_1_775' title='bbox 1029 5081 1278 5152; x_wconf 85' lang='grc' dir='ltr'><strong>θεότητος</strong></span> <span class='ocrx_word' id='word_1_776' title='bbox 1319 5082 1560 5153; x_wconf 88' lang='grc' dir='ltr'><strong>χρυσίον,</strong></span> <span class='ocrx_word' id='word_1_777' title='bbox 1591 5083 1704 5135; x_wconf 79' lang='grc' dir='ltr'><strong>ἀλλ’</strong></span> <span class='ocrx_word' id='word_1_778' title='bbox 1730 5081 1926 5154; x_wconf 83' lang='grc' dir='ltr'><strong>ὁμοιώ-</strong></span> 
     </span>
    </p>
   </div>
   <div class='ocr_carea' id='block_1_103' title="bbox 365 5175 1925 5247">
    <p class='ocr_par' dir='ltr' id='par_1_103' title="bbox 365 5175 1925 5247">
     <span class='ocr_line' id='line_1_103' title="bbox 365 5175 1925 5247; baseline 0.001 -20"><span class='ocrx_word' id='word_1_779' title='bbox 365 5194 507 5241; x_wconf 90' lang='grc' dir='ltr'><strong>ματα</strong></span> <span class='ocrx_word' id='word_1_780' title='bbox 534 5175 621 5228; x_wconf 82' lang='grc' dir='ltr'><strong>διά</strong></span> <span class='ocrx_word' id='word_1_781' title='bbox 650 5176 757 5229; x_wconf 83' lang='grc' dir='ltr'><strong>τῶν</strong></span> <span class='ocrx_word' id='word_1_782' title='bbox 796 5176 1058 5247; x_wconf 83' lang='grc' dir='ltr'><strong>χωρητῶν</strong></span> <span class='ocrx_word' id='word_1_783' title='bbox 1100 5177 1230 5247; x_wconf 79' lang='grc' dir='ltr'><strong>ἡμῖν</strong></span> <span class='ocrx_word' id='word_1_784' title='bbox 1261 5176 1545 5246; x_wconf 88' lang='grc' dir='ltr'><strong>νοημάτων</strong></span> <span class='ocrx_word' id='word_1_785' title='bbox 1578 5176 1669 5229; x_wconf 88' lang='grc' dir='ltr'><strong>τοῦ</strong></span> <span class='ocrx_word' id='word_1_786' title='bbox 1703 5177 1925 5247; x_wconf 87' lang='grc' dir='ltr'><strong>χρυσίου</strong></span> 
     </span>
    </p>
   </div>
   <div class='ocr_carea' id='block_1_104' title="bbox 364 5266 1928 5337">
    <p class='ocr_par' dir='ltr' id='par_1_104' title="bbox 364 5266 1928 5337">
     <span class='ocr_line' id='line_1_104' title="bbox 364 5266 1928 5337; baseline 0.003 -21"><span class='ocrx_word' id='word_1_787' title='bbox 364 5266 669 5335; x_wconf 79' lang='grc' dir='ltr'><strong>χαρίζεσθε,</strong></span> <span class='ocrx_word' id='word_1_788' title='bbox 712 5268 771 5319; x_wconf 85' lang='grc' dir='ltr'>οὐ</span> <span class='ocrx_word' id='word_1_789' title='bbox 807 5267 1068 5335; x_wconf 89' lang='grc' dir='ltr'><strong>τηλαυγεῖ</strong></span> <span class='ocrx_word' id='word_1_790' title='bbox 1102 5266 1179 5337; x_wconf 81' lang='grc' dir='ltr'><strong>τῷ</strong></span> <span class='ocrx_word' id='word_1_791' title='bbox 1215 5266 1358 5336; x_wconf 85' lang='grc' dir='ltr'><strong>λόγῳ</strong></span> <span class='ocrx_word' id='word_1_792' title='bbox 1395 5268 1463 5320; x_wconf 79' lang='grc' dir='ltr'><strong>τά</strong></span> <span class='ocrx_word' id='word_1_793' title='bbox 1496 5269 1615 5319; x_wconf 88' lang='grc' dir='ltr'><strong>κατ’</strong></span> <span class='ocrx_word' id='word_1_794' title='bbox 1646 5268 1807 5320; x_wconf 82' lang='grc' dir='ltr'><strong>αὐτὸν</strong></span> <span class='ocrx_word' id='word_1_795' title='bbox 1836 5268 1928 5321; x_wconf 81' lang='grc' dir='ltr'><strong>ἐκ·</strong></span> 
     </span>
    </p>
   </div>
   <div class='ocr_carea' id='block_1_105' title="bbox 364 5354 1924 5427">
    <p class='ocr_par' dir='ltr' id='par_1_105' title="bbox 364 5354 1924 5427">
     <span class='ocr_line' id='line_1_105' title="bbox 364 5354 1924 5427; baseline 0.001 -19"><span class='ocrx_word' id='word_1_796' title='bbox 364 5354 745 5420; x_wconf 85' lang='grc' dir='ltr'><strong>καλύπτοντες,</strong></span> <span class='ocrx_word' id='word_1_797' title='bbox 773 5356 905 5410; x_wconf 86' lang='grc' dir='ltr'><strong>ἀλλά</strong></span> <span class='ocrx_word' id='word_1_798' title='bbox 930 5357 1016 5411; x_wconf 78' lang='grc' dir='ltr'><strong>διὰ</strong></span> <span class='ocrx_word' id='word_1_799' title='bbox 1041 5356 1141 5426; x_wconf 82' lang='grc' dir='ltr'><strong>τῆς</strong></span> <span class='ocrx_word' id='word_1_800' title='bbox 1171 5356 1499 5427; x_wconf 85' lang='grc' dir='ltr'><strong>βραδύτητος</strong></span> <span class='ocrx_word' id='word_1_801' title='bbox 1522 5357 1633 5410; x_wconf 86' lang='grc' dir='ltr'><strong>τῶν</strong></span> <span class='ocrx_word' id='word_1_802' title='bbox 1658 5357 1751 5410; x_wconf 90' lang='grc' dir='ltr'><strong>τοῦ</strong></span> <span class='ocrx_word' id='word_1_803' title='bbox 1778 5357 1924 5425; x_wconf 85' lang='grc' dir='ltr'><strong>λογι-</strong></span> 
     </span>
    </p>
   </div>
   <div class='ocr_carea' id='block_1_106' title="bbox 362 5447 1925 5521">
    <p class='ocr_par' dir='ltr' id='par_1_106' title="bbox 362 5447 1925 5521">
     <span class='ocr_line' id='line_1_106' title="bbox 362 5447 1925 5521; baseline 0 -19"><span class='ocrx_word' id='word_1_804' title='bbox 362 5447 460 5503; x_wconf 87' lang='grc' dir='ltr'><strong>κοῦ</strong></span> <span class='ocrx_word' id='word_1_805' title='bbox 483 5449 552 5517; x_wconf 85' lang='grc' dir='ltr'><strong>ἀρ</strong></span> <span class='ocrx_word' id='word_1_806' title='bbox 566 5449 721 5517; x_wconf 74' lang='grc' dir='ltr'><strong>γύρου</strong></span> <span class='ocrx_word' id='word_1_807' title='bbox 748 5448 1075 5518; x_wconf 82' lang='grc' dir='ltr'><strong>στιγμάτων,</strong></span> <span class='ocrx_word' id='word_1_808' title='bbox 1105 5449 1370 5519; x_wconf 82' lang='grc' dir='ltr'><strong>ἐμφάσεις</strong></span> <span class='ocrx_word' id='word_1_809' title='bbox 1396 5451 1545 5514; x_wconf 79' lang='grc' dir='ltr'><strong>τινὰς</strong></span> <span class='ocrx_word' id='word_1_810' title='bbox 1575 5451 1925 5521; x_wconf 81' lang='grc' dir='ltr'><strong>παρασχόμε-</strong></span> 
     </span>
    </p>
   </div>
   <div class='ocr_carea' id='block_1_107' title="bbox 362 5540 1922 5618">
    <p class='ocr_par' dir='ltr' id='par_1_107' title="bbox 362 5540 1922 5618">
     <span class='ocr_line' id='line_1_107' title="bbox 362 5540 1922 5618; baseline 0.005 -25"><span class='ocrx_word' id='word_1_811' title='bbox 362 5558 442 5594; x_wconf 90' lang='grc' dir='ltr'><strong>νοι</strong></span> <span class='ocrx_word' id='word_1_812' title='bbox 464 5540 558 5594; x_wconf 87' lang='grc' dir='ltr'><strong>τοῦ</strong></span> <span class='ocrx_word' id='word_1_813' title='bbox 590 5541 937 5612; x_wconf 71' lang='grc' dir='ltr'><strong>ζητουμένουο</strong></span> <span class='ocrx_word' id='word_1_814' title='bbox 971 5545 1112 5598; x_wconf 72' lang='grc' dir='ltr'><strong>οὕτω</strong></span> <span class='ocrx_word' id='word_1_815' title='bbox 1138 5546 1292 5615; x_wconf 82' lang='grc' dir='ltr'><strong>κάγὼ</strong></span> <span class='ocrx_word' id='word_1_816' title='bbox 1319 5547 1406 5601; x_wconf 64' lang='grc' dir='ltr'><strong>διὰ</strong></span> <span class='ocrx_word' id='word_1_817' title='bbox 1429 5549 1525 5618; x_wconf 79' lang='grc' dir='ltr'><strong>τῆς</strong></span> <span class='ocrx_word' id='word_1_818' title='bbox 1545 5549 1800 5610; x_wconf 76' lang='grc' dir='ltr'><strong>εὐπνοίας</strong></span> <span class='ocrx_word' id='word_1_819' title='bbox 1828 5547 1922 5601; x_wconf 87' lang='grc' dir='ltr'><strong>τοῦ</strong></span> 
     </span>
    </p>
   </div>
   <div class='ocr_carea' id='block_1_108' title="bbox 360 5632 1921 5709">
    <p class='ocr_par' dir='ltr' id='par_1_108' title="bbox 360 5632 1921 5709">
     <span class='ocr_line' id='line_1_108' title="bbox 360 5632 1921 5709; baseline 0.003 -24"><span class='ocrx_word' id='word_1_820' title='bbox 360 5632 499 5704; x_wconf 79' lang='grc' dir='ltr'><strong>ἐμοῦ</strong></span> <span class='ocrx_word' id='word_1_821' title='bbox 535 5632 725 5703; x_wconf 86' lang='grc' dir='ltr'><strong>μύρου,</strong></span> <span class='ocrx_word' id='word_1_822' title='bbox 753 5632 849 5703; x_wconf 82' lang='grc' dir='ltr'><strong>τὴν</strong></span> <span class='ocrx_word' id='word_1_823' title='bbox 879 5636 1045 5707; x_wconf 75' lang='grc' dir='ltr'><strong>αὐτὴν</strong></span> <span class='ocrx_word' id='word_1_824' title='bbox 1082 5638 1288 5690; x_wconf 82' lang='grc' dir='ltr'><strong>ἐκείνου</strong></span> <span class='ocrx_word' id='word_1_825' title='bbox 1320 5638 1544 5693; x_wconf 83' lang='grc' dir='ltr'><strong>εὐωδίαν</strong></span> <span class='ocrx_word' id='word_1_826' title='bbox 1575 5641 1641 5709; x_wconf 78' lang='grc' dir='ltr'><strong>τῇ</strong></span> <span class='ocrx_word' id='word_1_827' title='bbox 1671 5638 1921 5708; x_wconf 76' lang='grc' dir='ltr'><strong>αἰσθήσει</strong></span> 
     </span>
    </p>
   </div>
   <div class='ocr_carea' id='block_1_109' title="bbox 440 5766 1943 5880">
    <p class='ocr_par' dir='ltr' id='par_1_109' title="bbox 440 5766 1943 5880">
     <span class='ocr_line' id='line_1_109' title="bbox 440 5766 1943 5880; baseline 0.001 -15"><span class='ocrx_word' id='word_1_828' title='bbox 440 5812 484 5845; x_wconf 75' lang='grc'><strong>⁸⁸</strong></span> <span class='ocrx_word' id='word_1_829' title='bbox 506 5812 624 5866; x_wconf 81' lang='lat' dir='ltr'><strong>Act.</strong></span> <span class='ocrx_word' id='word_1_830' title='bbox 675 5825 754 5875; x_wconf 76' lang='lat' dir='ltr'><strong>lx.</strong></span> <span class='ocrx_word' id='word_1_831' title='bbox 802 5811 866 5867; x_wconf 81' lang='grc'><strong>15</strong></span> <span class='ocrx_word' id='word_1_832' title='bbox 940 5811 982 5843; x_wconf 79' lang='grc'>³⁸</span> <span class='ocrx_word' id='word_1_833' title='bbox 1020 5811 1061 5865; x_wconf 85' lang='lat' dir='ltr'><strong>ll</strong></span> <span class='ocrx_word' id='word_1_834' title='bbox 1090 5813 1213 5867; x_wconf 87' lang='lat' dir='ltr'><strong>Cor.</strong></span> <span class='ocrx_word' id='word_1_835' title='bbox 1247 5829 1364 5880; x_wconf 73' lang='lat' dir='ltr'><strong>xm,</strong></span> <span class='ocrx_word' id='word_1_836' title='bbox 1400 5814 1448 5867; x_wconf 81' lang='grc'><strong>5.</strong></span> <span class='ocrx_word' id='word_1_837' title='bbox 1530 5811 1819 5876; x_wconf 66' lang='lat' dir='ltr'><strong>&quot;Hebr-.1,</strong></span> <span class='ocrx_word' id='word_1_838' title='bbox 1860 5766 1943 5866; x_wconf 63' lang='grc' dir='ltr'><strong>ιί.</strong></span> 
     </span>
    </p>
   </div>
   <div class='ocr_carea' id='block_1_110' title="bbox 2031 5088 3593 5165">
    <p class='ocr_par' dir='ltr' id='par_1_110' title="bbox 2031 5088 3593 5165">
     <span class='ocr_line' id='line_1_110' title="bbox 2031 5088 3593 5165; baseline -0.007 -14"><span class='ocrx_word' id='word_1_839' title='bbox 2031 5097 2176 5151; x_wconf 91' lang='lat' dir='ltr'><strong>enim</strong></span> <span class='ocrx_word' id='word_1_840' title='bbox 2204 5096 2549 5165; x_wconf 85' lang='lat' dir='ltr'><strong>vos,inquit,</strong></span> <span class='ocrx_word' id='word_1_841' title='bbox 2607 5112 2713 5150; x_wconf 87' lang='lat' dir='ltr'><strong>non</strong></span> <span class='ocrx_word' id='word_1_842' title='bbox 2750 5096 2927 5165; x_wconf 90' lang='lat' dir='ltr'><strong>ipsum</strong></span> <span class='ocrx_word' id='word_1_843' title='bbox 2968 5094 3241 5149; x_wconf 84' lang='lat' dir='ltr'><strong>sincerum</strong></span> <span class='ocrx_word' id='word_1_844' title='bbox 3286 5104 3475 5144; x_wconf 88' lang='lat' dir='ltr'><strong>aurum</strong></span> <span class='ocrx_word' id='word_1_845' title='bbox 3516 5088 3593 5141; x_wconf 87' lang='lat' dir='ltr'><strong>di-</strong></span> 
     </span>
    </p>
   </div>
   <div class='ocr_carea' id='block_1_111' title="bbox 2029 5180 3591 5255">
    <p class='ocr_par' dir='ltr' id='par_1_111' title="bbox 2029 5180 3591 5255">
     <span class='ocr_line' id='line_1_111' title="bbox 2029 5180 3591 5255; baseline -0.006 -16"><span class='ocrx_word' id='word_1_846' title='bbox 2029 5186 2289 5251; x_wconf 84' lang='lat' dir='ltr'><strong>vinitatis,</strong></span> <span class='ocrx_word' id='word_1_847' title='bbox 2332 5184 2424 5241; x_wconf 91' lang='lat' dir='ltr'><strong>sed</strong></span> <span class='ocrx_word' id='word_1_848' title='bbox 2472 5201 2567 5255; x_wconf 89' lang='lat' dir='ltr'><strong>per</strong></span> <span class='ocrx_word' id='word_1_849' title='bbox 2611 5202 2704 5239; x_wconf 84' lang='lat' dir='ltr'><strong>eas</strong></span> <span class='ocrx_word' id='word_1_850' title='bbox 2754 5186 2949 5240; x_wconf 87' lang='lat' dir='ltr'><strong>mentis</strong></span> <span class='ocrx_word' id='word_1_851' title='bbox 2999 5180 3401 5251; x_wconf 80' lang='lat' dir='ltr'><strong>conceptiones,</strong></span> <span class='ocrx_word' id='word_1_852' title='bbox 3454 5194 3591 5247; x_wconf 84' lang='lat' dir='ltr'><strong>quas</strong></span> 
     </span>
    </p>
   </div>
   <div class='ocr_carea' id='block_1_112' title="bbox 2029 5270 3585 5348">
    <p class='ocr_par' dir='ltr' id='par_1_112' title="bbox 2029 5270 3585 5348">
     <span class='ocr_line' id='line_1_112' title="bbox 2029 5270 3585 5348; baseline -0.005 -17"><span class='ocrx_word' id='word_1_853' title='bbox 2029 5293 2224 5346; x_wconf 85' lang='lat' dir='ltr'><strong>capere</strong></span> <span class='ocrx_word' id='word_1_854' title='bbox 2252 5294 2564 5348; x_wconf 88' lang='lat' dir='ltr'><strong>possumus,</strong></span> <span class='ocrx_word' id='word_1_855' title='bbox 2596 5278 2753 5332; x_wconf 83' lang='lat' dir='ltr'><strong>nobis</strong></span> <span class='ocrx_word' id='word_1_856' title='bbox 2781 5278 2993 5333; x_wconf 79' lang='lat' dir='ltr'><strong>donatis</strong></span> <span class='ocrx_word' id='word_1_857' title='bbox 3020 5276 3140 5329; x_wconf 86' lang='lat' dir='ltr'><strong>auri</strong></span> <span class='ocrx_word' id='word_1_858' title='bbox 3173 5270 3585 5331; x_wconf 88' lang='lat' dir='ltr'><strong>similitudines,</strong></span> 
     </span>
    </p>
   </div>
   <div class='ocr_carea' id='block_1_113' title="bbox 2029 5360 3588 5440">
    <p class='ocr_par' dir='ltr' id='par_1_113' title="bbox 2029 5360 3588 5440">
     <span class='ocr_line' id='line_1_113' title="bbox 2029 5360 3588 5440; baseline -0.006 -18"><span class='ocrx_word' id='word_1_859' title='bbox 2029 5385 2137 5422; x_wconf 91' lang='lat' dir='ltr'><strong>non</strong></span> <span class='ocrx_word' id='word_1_860' title='bbox 2186 5370 2422 5424; x_wconf 89' lang='lat' dir='ltr'><strong>dilucida</strong></span> <span class='ocrx_word' id='word_1_861' title='bbox 2456 5371 2703 5425; x_wconf 84' lang='lat' dir='ltr'><strong>oratione</strong></span> <span class='ocrx_word' id='word_1_862' title='bbox 2750 5385 2869 5440; x_wconf 62' lang='lat' dir='ltr'><strong>qua:</strong></span> <span class='ocrx_word' id='word_1_863' title='bbox 2918 5377 3044 5423; x_wconf 91' lang='lat' dir='ltr'><strong>sunt</strong></span> <span class='ocrx_word' id='word_1_864' title='bbox 3089 5366 3209 5435; x_wconf 87' lang='lat' dir='ltr'><strong>ejus</strong></span> <span class='ocrx_word' id='word_1_865' title='bbox 3259 5360 3588 5431; x_wconf 81' lang='lat' dir='ltr'><strong>aperientes,</strong></span> 
     </span>
    </p>
   </div>
   <div class='ocr_carea' id='block_1_114' title="bbox 2030 5455 3590 5531">
    <p class='ocr_par' dir='ltr' id='par_1_114' title="bbox 2030 5455 3590 5531">
     <span class='ocr_line' id='line_1_114' title="bbox 2030 5455 3590 5531; baseline -0.008 -18"><span class='ocrx_word' id='word_1_866' title='bbox 2030 5458 2123 5513; x_wconf 87' lang='lat' dir='ltr'><strong>sed</strong></span> <span class='ocrx_word' id='word_1_867' title='bbox 2154 5474 2246 5527; x_wconf 88' lang='lat' dir='ltr'><strong>per</strong></span> <span class='ocrx_word' id='word_1_868' title='bbox 2271 5460 2495 5531; x_wconf 82' lang='lat' dir='ltr'><strong>exiguas</strong></span> <span class='ocrx_word' id='word_1_869' title='bbox 2527 5461 2736 5515; x_wconf 91' lang='lat' dir='ltr'><strong>ratione</strong></span> <span class='ocrx_word' id='word_1_870' title='bbox 2768 5459 2977 5529; x_wconf 66' lang='lat' dir='ltr'><strong>prmditi</strong></span> <span class='ocrx_word' id='word_1_871' title='bbox 3010 5455 3217 5526; x_wconf 88' lang='lat' dir='ltr'><strong>argenti</strong></span> <span class='ocrx_word' id='word_1_872' title='bbox 3244 5461 3423 5514; x_wconf 89' lang='lat' dir='ltr'><strong>notas,</strong></span> <span class='ocrx_word' id='word_1_873' title='bbox 3456 5464 3590 5519; x_wconf 82' lang='lat' dir='ltr'><strong>pne—</strong></span> 
     </span>
    </p>
   </div>
   <div class='ocr_carea' id='block_1_115' title="bbox 2033 5541 3590 5622">
    <p class='ocr_par' dir='ltr' id='par_1_115' title="bbox 2033 5541 3590 5622">
     <span class='ocr_line' id='line_1_115' title="bbox 2033 5541 3590 5622; baseline -0.007 -17"><span class='ocrx_word' id='word_1_874' title='bbox 2033 5550 2222 5605; x_wconf 88' lang='lat' dir='ltr'><strong>bentcs</strong></span> <span class='ocrx_word' id='word_1_875' title='bbox 2247 5552 2506 5620; x_wconf 86' lang='lat' dir='ltr'><strong>quasdam</strong></span> <span class='ocrx_word' id='word_1_876' title='bbox 2531 5562 2851 5622; x_wconf 85' lang='lat' dir='ltr'><strong>apparentes</strong></span> <span class='ocrx_word' id='word_1_877' title='bbox 2871 5550 3081 5618; x_wconf 86' lang='lat' dir='ltr'><strong>species</strong></span> <span class='ocrx_word' id='word_1_878' title='bbox 3095 5548 3212 5616; x_wconf 89' lang='lat' dir='ltr'><strong>ejus</strong></span> <span class='ocrx_word' id='word_1_879' title='bbox 3238 5543 3378 5615; x_wconf 83' lang='lat' dir='ltr'><strong>quod</strong></span> <span class='ocrx_word' id='word_1_880' title='bbox 3393 5541 3590 5612; x_wconf 60' lang='lat' dir='ltr'><strong>quieri-</strong></span> 
     </span>
    </p>
   </div>
   <div class='ocr_carea' id='block_1_116' title="bbox 2030 5632 3591 5713">
    <p class='ocr_par' dir='ltr' id='par_1_116' title="bbox 2030 5632 3591 5713">
     <span class='ocr_line' id='line_1_116' title="bbox 2030 5632 3591 5713; baseline -0.002 -21"><span class='ocrx_word' id='word_1_881' title='bbox 2030 5649 2144 5694; x_wconf 86' lang='lat' dir='ltr'><strong>tur:</strong></span> <span class='ocrx_word' id='word_1_882' title='bbox 2166 5640 2235 5695; x_wconf 85' lang='lat' dir='ltr'><strong>ita</strong></span> <span class='ocrx_word' id='word_1_883' title='bbox 2273 5659 2371 5713; x_wconf 76' lang='lat' dir='ltr'><strong>ego</strong></span> <span class='ocrx_word' id='word_1_884' title='bbox 2390 5658 2601 5712; x_wconf 80' lang='lat' dir='ltr'><strong>quoque</strong></span> <span class='ocrx_word' id='word_1_885' title='bbox 2623 5659 2717 5712; x_wconf 87' lang='lat' dir='ltr'><strong>per</strong></span> <span class='ocrx_word' id='word_1_886' title='bbox 2742 5644 2876 5699; x_wconf 87' lang='lat' dir='ltr'><strong>bene</strong></span> <span class='ocrx_word' id='word_1_887' title='bbox 2890 5643 3185 5711; x_wconf 87' lang='lat' dir='ltr'><strong>spirantem</strong></span> <span class='ocrx_word' id='word_1_888' title='bbox 3204 5638 3307 5692; x_wconf 89' lang='lat' dir='ltr'><strong>mei</strong></span> <span class='ocrx_word' id='word_1_889' title='bbox 3330 5632 3591 5706; x_wconf 84' lang='lat' dir='ltr'><strong>unguenti</strong></span> 
     </span>
    </p>
   </div>
  </div>
