4110 6514
543 407 648 462 823

1739 425 1796 480 S.
1837 381 2190 482 GliEGORll'
2221 429 2507 488 NYSSENI

3681 415 3792 472 εει

541 529 922 602 ﬂagrantiam.
981 547 1146 588 sensu
1199 538 1415 608 percepi
1475 539 1621 595 illius
1675 540 1850 610 ipsius
1904 541 2106 598 bonum

2220 549 2617 620 παρεδεξάμην.
2665 547 2914 601 Τοιοῦτον
2951 546 3008 600 δέ
3053 563 3175 599 τινα
3218 542 3340 596 νοῦν
3385 541 3531 596 δοκεῖ
3572 559 3662 612 μοι
3727 541 3791 592 τὸ

542 621 791 678 odorem.
837 623 964 678 Mihi
997 631 1180 680 autem
1220 627 1271 680 id
1319 630 1464 700 quod
1496 629 1721 696 dicitur,
1755 631 1969 687 videtur
2013 635 2111 686 ha-

543 715 672 770 bere
717 717 882 770 talem
933 731 1154 772 sensum
1189 719 1678 792 :Quandoquidem
1727 725 2026 778 multorum
2059 731 2112 778 et

545 807 885 864 diversorum
938 821 1269 877 aromatum,
1311 813 1406 868 sed
1446 829 1553 869 non
1603 831 1669 870 ex
1717 817 1824 869 alia
1861 815 2112 886 proprie—

544 903 689 956 tate.
749 899 887 953 bene
942 903 1304 968 spirantium,
1375 905 1671 960 artiﬁciosa
1731 915 1784 960 et
1835 905 2114 960 moderata

547 988 736 1042 mistio
767 989 876 1044 tale
907 991 1443 1063 eﬂicitunguentum,
1466 1011 1528 1050 ex
1555 997 1625 1051 iis
1639 1011 1761 1065 quae
1791 995 1955 1050 simul
1991 995 2113 1065 inji-

541 1077 784 1142 ciuntur,
817 1069 927 1136 una
969 1083 1133 1139 herba
1169 1085 1471 1150 redolente,
1515 1088 1602 1142 cui
1631 1103 1832 1144 nomen
1873 1097 1958 1144 εει
1989 1103 2116 1142 nar-

543 1169 670 1232 ‘dus,
701 1185 895 1226 nomen
927 1175 1177 1243 prazbens
1215 1179 1316 1233 toti
1357 1179 1745 1249 compositioni
1781 1199 1792 1233 :
1828 1179 1974 1250 quod
2010 1196 2113 1233 au-

543 1267 654 1314 tem
687 1275 750 1316 ex
783 1265 1040 1320 omnibus
1069 1269 1392 1326 aromaticis
1416 1272 1844 1340 proprietatibus
1867 1273 1922 1326 in
1949 1287 2113 1326 unam

543 1353 872 1408 conciliatur
933 1363 988 1410 et
1047 1355 1318 1412 conﬂatur
1388 1359 1778 1431 fragrantiam,
1855 1372 2112 1433 tanquam

545 1437 726 1504 ipsum
775 1443 962 1510 sponsi
1015 1459 1236 1500 suavem
1288 1447 1516 1503 odorem
1577 1462 1840 1520 purgatus
1885 1452 2114 1521 suscipit

545 1545 780 1588 sensus:
834 1535 946 1590 inec
977 1551 1078 1606 per
1113 1541 1339 1609 ea’qine
1377 1521 1522 1595 dicta
1560 1551 1688 1597 sunt
1731 1543 2113 1599 existimamus

545 1621 782 1678 Verbum
813 1643 914 1682 nos
943 1631 1183 1696 erudire,
1208 1631 1354 1701 quod
1389 1631 1520 1687 illud
1545 1633 1789 1703 quidem,
1824 1635 2114 1704 qualecun-

543 1720 771 1786 que-sit
821 1722 1121 1777 secundum
1175 1727 1502 1788 essentiam,
1554 1725 1700 1796 quod
1752 1741 1940 1782 eorum
1993 1745 2113 1799 quae

545 1819 694 1870 sunt,
723 1823 947 1881 superat
973 1827 1192 1869 omnem
1217 1817 1662 1873 constitutionem
1687 1827 1740 1873 et
1761 1819 2113 1875 administrao

2213 641 2501 712 λεγόμενον
2535 641 2706 712 ἔχειν’
2733 639 2947 710 Ἐπειδὴ
2983 637 3190 692 πολλῶν
3215 637 3311 689 καὶ
3333 635 3604 706 διαφόρων
3633 635 3788 703 ἀρω-

2217 731 2421 798 μάτων,
2469 729 2582 784 ἀλλ’
2626 729 2687 782 ού
2720 731 2853 784 ,κατ’
2885 729 3050 797 ἄλλην
3105 727 3336 796 ἰδιότητα
3387 723 3790 780 εύπνοούντων.

2211 821 2432 888 τεχνικὴ
2471 835 2552 882 τις
2583 819 2676 872 καὶ
2698 817 2968 888 ἔμμετρος
3002 815 3141 886 μίξις
3173 815 3235 867 τὸ
3265 812 3502 866 τοιοῦτον
3531 809 3790 882 ἀπεργά·

2213 909 2360 974 ζεται
2395 910 2583 980 μύρον,
2622 911 2748 980 μιᾶς
2789 924 2931 971 τινος
2963 906 3100 970 πόας
3137 903 3367 967 εὐώδους
3408 905 3471 956 ὲκ
3511 903 3620 955 τῶν
3654 919 3794 956 συν-

2212 1000 2645 1072 εμϐαλλομένων,
2671 993 2704 1074 ᾗ
2727 999 2894 1070 ὄνομα
2923 997 3112 1067 νάρδος
3135 995 3299 1060 ἐστὶν,
3329 995 3434 1065 ὅλῳ
3463 993 3542 1064 τῷ
3578 994 3756 1048 σκευά
3773 1023 3790 1032 ο

2215 1111 2378 1164 σματι
2413 1091 2791 1162 παρεχομένης
2828 1089 2888 1143 τὸ
2915 1089 3110 1158 δνομοι’
3143 1087 3206 1140 τὸ
3225 1087 3280 1141 δὲ
3315 1089 3378 1140 ὲκ
3407 1085 3622 1139 πάντων
3669 1085 3794 1138 τῶν

2213 1183 2576 1256 ἀρωματικῶν
2631 1182 2930 1252 ἰδιωμάτων
2987 1181 3068 1242 είς
3123 1178 3252 1249 μίαν
3298 1173 3794 1247 συνερανιζόμενον

2213 1275 2485 1339 εύπνοιαν,
2516 1275 2590 1337 ὡς
2615 1275 2785 1342 αὐτὴν
2813 1271 2906 1325 τοῦ
2947 1271 3183 1342 νυμφίου
3227 1270 3324 1340 τὴν
3362 1267 3588 1321 εὐωδίαν
3615 1269 3648 1335 ἡ
3681 1281 3788 1319 κε.-

2213 1367 2529 1438 καθαρμένη
2562 1366 2812 1434 αἴσθησις
2839 1363 3073 1434 δέχεταν
3105 1361 3277 1414 ταῦτα
3303 1359 3393 1413 διά
3419 1359 3528 1411 τῶν
3555 1356 3794 1429 εἰρημέ-

2212 1476 2317 1512 νων
2353 1455 2626 1510 παιδεύειν
2669 1455 2816 1525 ὴμᾶς
2853 1453 2943 1530 rev
2965 1453 3152 1530 dAéyov
3197 1449 3444 1521 οἰόμεθα,
3481 1449 3562 1526 ὅτι
3602 1449 3794 1500 έκεῖνο

2217 1549 2312 1622 μὲν
2334 1543 2592 1602 δ’ἳΐῆτοτε
2615 1549 2734 1598 κατ’
2747 1527 2952 1600 ὀὖσίῇ
2965 1527 3116 1605 "tiu-:1,
3143 1541 3205 1594 τὸ
3237 1541 3416 1612 πάσης
3449 1538 3790 1610 {auspicatus—-

2212 1631 2585 1708 νον..,τῆ.ζ..τῶν
2619 1625 2782 1690 ὅντων
2833 1632 3143 1706 qua-Tigri);
3189 1650 3247 1686 τε
3297 1633 3392 1685 καὶ
3433 1631 3786 1701 διοικήσεως.

2213 1721 2504 1800 ἀπρόσιτόν
2531 1715 2714 1781 τεάαι
2744 1726 2958 1800 ἀναφὲς,
2979 1725 3073 1795 καὶ
3102 1724 3341 1794 ἄληπτον
3359 1739 3374 1753 ·
3417 1724 3450 1791 ἠ
3477 1721 3534 1774 δὲ
3559 1723 3615 1774 ὲν
3645 1723 3794 1792 ἡμῖν

2212 1817 2454 1902 aut
2477 1805 2832 1892 τῶν-ἀρετῶν
2868 1801 3237 1886 καθαρότητος
3279 1811 3788 1902 μυρεψουμένηεύῖ

543 1901 768 1966 tionem,
817 1904 1162 1961 inaccessum
1203 1917 1308 1968 est,
1345 1925 1522 1980 neque
1564 1913 1711 1982 tangi
1741 1919 1834 1964 aut
1864 1925 2111 1982 compre-

2220 1883 2513 1975 ’,ἀντ’
2549 1883 2754 1962 ἐκείνου
2793 1907 2926 1978 ἡμῖν
2953 1883 3180 1973 γίνεται,
3215 1883 3630 1982 μιμουμένη-’τῷ
3649 1885 3794 1972 ,καθ’

542 1991 706 2046 bendi
751 2005 975 2064 potest:
1017 2001 1108 2069 qui
1157 2015 1286 2054 vero
1327 2000 1380 2055 in
1429 2001 1590 2058 nobis
1619 2011 1706 2058 est
1751 2003 1928 2058 bonus
1975 2003 2112 2057 odor

2220 1991 2408 2072 ἑαυτὴν
2428 1999 2650 2074 καθαρῷ
2677 2001 2737 2052 τὸ
2765 2001 2832 2072 τῇ
2865 1995 3340 2076 φύσειάκήρατον,
3369 1995 3462 2046 καὶ
3487 1991 3566 2063 τῷ
3591 1990 3788 2060 ἀγαθῷ

543 2085 716 2140 instar
733 2089 994 2158 unguenti
1021 2093 1363 2162 compositus
1392 2109 1486 2163 per
1508 2093 1800 2164 puritatem
1823 2095 2108 2160 virtutum,

2220 2096 2270 2149 τὸ
2310 2094 2532 2162 ἀγαθὸν,
2564 2095 2660 2146 καὶ
2695 2089 2771 2160 τῷ
2804 2088 3065 2159 ἀφθάρτῳ
3105 2089 3166 2141 τὸ
3208 2086 3510 2156 ἄφθαρτον,
3559 2085 3652 2137 καὶ
3701 2083 3792 2152 τῷ

545 2178 591 2231 is
613 2179 770 2234 nobis
795 2183 1009 2236 exsistit
1042 2184 1162 2238 loco
1190 2183 1359 2248 illius,
1393 2201 1490 2240 sua
1519 2189 1758 2255 puritate
1795 2187 2022 2243 imitans
2055 2187 2110 2241 id

2220 2183 2548 2255 ἀναλλοιώτῳ
2589 2184 2648 2237 τὸ
2675 2180 3047 2244 ἀναλλοίωτον,
3086 2179 3179 2232 καὶ
3207 2179 3338 2231 πᾶσι
3373 2179 3482 2239 τοῖς
3509 2177 3630 2228 κατ’
3661 2177 3792 2245 ἀρε-

543 2271 688 2338 quod
717 2281 802 2326 est
828 2281 1023 2328 natura
1065 2277 1342 2330 sincerum
1381 2285 1435 2333 et
1467 2279 1714 2334 interitui
1745 2279 1972 2334 minime
2011 2279 2111 2333 ob-

2220 2280 2310 2350 τὴν
2350 2279 2408 2332 ὲν
2457 2278 2588 2347 ἡμῖν
2627 2272 3080 2342 κατορθουμένοις
3117 2269 3212 2342 τὴν
3249 2267 3506 2339 ἀληθινὴν
3559 2267 3784 2338 ἀρετὴν,

543 2361 766 2416 noxium
785 2404 798 2427 ,
827 2375 880 2418 et
905 2365 1147 2422 bonitate
1168 2367 1369 2422 bonum
1389 2409 1403 2433 ,
1437 2379 1490 2425 et
1519 2385 1586 2426 eo
1617 2371 1760 2440 quod
1797 2385 1906 2426 non
1929 2373 2115 2427 interit

543 2451 597 2504 id
629 2452 683 2506 in
711 2453 854 2523 quod
881 2471 990 2510 non
1023 2457 1170 2512 cadit
1189 2458 1478 2527 interitus,
1507 2468 1560 2514 et
1585 2475 1651 2516 eo
1671 2462 1814 2532 quod
1837 2463 2035 2516 mutari
2061 2473 2116 2516 ct

543 2543 763 2599 alterari
791 2561 900 2601 non
930 2556 1132 2618 potest,
1167 2547 1218 2604 id
1245 2549 1390 2620 quod
1420 2559 1506 2606 est
1527 2547 1869 2608 immutabile
1897 2561 1952 2608 et
1972 2553 2112 2608 inal-

543 2635 795 2700 terabile,
824 2645 878 2691 et
915 2639 1175 2695 omnibus
1218 2655 1340 2710 qua:
1373 2642 1427 2695 in
1473 2643 1632 2697 nobis
1667 2652 1817 2699 recte
1845 2655 2114 2714 geruntur

545 2739 608 2779 ex
663 2727 886 2788 virtute,
931 2743 1114 2784 veram
1157 2731 1413 2786 virtutem
1466 2733 1843 2803 intelligimus,
1888 2735 1955 2790 de
2005 2751 2113 2802 qua

545 2817 678 2871 dicit
706 2819 926 2876 Abacuc
954 2823 1219 2892 prepheta
1244 2823 1308 2888 ³⁸,
1325 2825 1471 2894 quod
1489 2827 1899 2897 comprehendit
1923 2843 2114 2885 omnes

545 2912 734 2966 cmles.
760 2911 891 2978 Qnte
919 2929 1050 2984 ergo
1083 2915 1198 2970 haec
1229 2915 1456 2972 disserit
1487 2919 1630 2988 apud
1662 2919 1869 2975 amicos
1903 2921 2113 2990 sponsi,

547 3019 741 3073 nempe
770 3003 912 3072 quod
947 3019 1107 3060 suum
1141 3005 1365 3061 odorem
1391 3005 1604 3062 dederit
1633 3009 1879 3078 nardus;
1919 3010 2034 3064 haec
2060 3019 2116 3066 et

545 3111 666 3163 quae
708 3106 838 3150 sunt
891 3097 1208 3166 huiusmodi
1245 3099 1378 3152 mihi
1422 3098 1638 3154 videtur
1679 3099 2114 3170 pliilosopliando

2214 2371 2340 2442 περὶ
2371 2365 2438 2441 ἧς
2475 2383 2638 2438 φησιν
2681 2364 2997 2434 Ἀὁϐακοὺμ
3028 2363 3057 2416 ὁ
3089 2362 3396 2434 προφήτης,
3435 2360 3510 2422 ὡς
3539 2359 3662 2422 τοὺς
3691 2359 3788 2411 ού-

2217 2466 2408 2538 ρανοῦς
2429 2463 2638 2524 πάντας
2658 2457 3037 2526 διαλαϐούσης.
3063 2455 3274 2508 Ούκοῦν
3297 2453 3468 2508 ταῦτα
3495 2452 3630 2522 πρὸς
3655 2453 3782 2514 τοὺς

2215 2556 2400 2627 φίλους
2431 2553 2524 2607 τοῦ
2555 2551 2786 2622 νυμφίου
2816 2545 3105 2613 διεξιοῦσα,
3127 2545 3211 2600 ὅτι
3237 2543 3348 2616 Τὴν
3365 2543 3534 2616 ὀδμὴν
3559 2543 3724 2598 αὐτοῦ
3747 2543 3782 2612 ἡ

2215 2650 2322 2722 ἐμὴ
2362 2647 2568 2719 νάρδος,
2594 2645 2717 2718 ἐμοὶ
2747 2645 2962 2698 δίδωσι·
2993 2639 3167 2696 ταῦτά
3202 2657 3293 2710 μοι
3329 2639 3425 2692 καὶ
3465 2637 3534 2690 τὰ
3561 2635 3786 2690 τοιαῦτα

2215 2741 2362 2795 δοκεῖ
2388 2737 2748 2812 φιλοσοφοῦσα
2778 2735 2978 2803 λέγειν,
3005 2735 3087 2788 ὅτι
3118 2732 3197 2794 είς
3231 2731 3340 2783 πᾶν
3368 2726 3528 2790 ἄνθος
3559 2726 3784 2788 εὐωδίας

2215 2835 2249 2906 ἦ
2281 2811 2704 2904 ἀρωμᾶμέκτῶν
2729 2827 2986 2882 ποικίλων
3017 2825 3118 2894 τῆς
3145 2821 3344 2894 ἀρετῆς
3375 2819 3654 2906 λειμώνων
3691 2819 3786 2906 ἁν-

2218 2905 2546 2992 θολογήσας,
2585 2919 2761 2973 πάντα
2790 2916 2984 2970 ἑαυτοῦ
3013 2913 3102 2968 τὸν
3135 2913 3248 2984 βίον
3287 2911 3532 2981 ἔμμυρον
3559 2905 3648 2961 διὰ
3685 2905 3788 2974 τῆς

2216 3011 2323 3064 τῶν
2345 3010 2464 3063 καθ’
2491 3009 2717 3062 ἕκαστον
2737 3004 3176 3076 ἐπιτηδευμάτων
3201 3000 3452 3072 εύοδμίας
3473 2997 3789 3068 ἀπεργασά-

2223 3120 2402 3174 μενος,
2433 3101 2521 3155 διά
2547 3100 2763 3153 πάντων
2799 3100 3006 3166 γένοιτο
3032 3095 3268 3158 τέλειος,
3313 3093 3446 3164 πρὸς
3487 3091 3646 3144 αὐτὸν
3688 3089 3790 3158 μὲν

545 3187 748 3253 dicere,
789 3203 982 3258 nempe
1025 3190 1171 3259 quod
1204 3191 1250 3244 si
1289 3191 1418 3261 quis
1453 3205 1668 3245 omnem
1701 3192 1837 3246 bene
1873 3193 2106 3247 olentem

2221 3195 2309 3250 τὸν
2337 3195 2466 3248 Θεὸν
2491 3194 2681 3262 Λόγον,
2709 3193 2784 3255 ὡς
2815 3191 2949 3263 πρὸς
2976 3189 3126 3260 ἡλίου
3151 3187 3348 3242 κύκλον
3375 3185 3578 3246 ἀτενῶς
3601 3182 3792 3235 ἐνιδεῖν

545 3279 756 3342 ﬂorem,
785 3287 876 3334 aut
903 3295 1090 3335 aroma
1125 3281 1410 3353 collegerit
1441 3297 1510 3336 ex
1541 3282 1708 3338 variis
1745 3284 1914 3352 pratis
1947 3283 2118 3338 virtu-

545 3367 639 3433 tis,
663 3377 717 3424 et
747 3377 916 3423 totam
943 3385 1098 3424 suam
1128 3371 1294 3424 vitam
1321 3387 1490 3426 unum
1513 3371 1754 3427 eﬂ'ccerit
1779 3381 2116 3442 unguentum

549 3475 644 3530 per
667 3461 873 3516 bonum
907 3462 1132 3518 odorem
1167 3463 1508 3533 singulorum
1540 3464 1666 3517 vita:
1705 3465 2036 3528 studiorum,
2067 3473 2120 3519 et

547 3565 611 3603 ea
641 3553 852 3605 ratione
887 3567 986 3621 per
1037 3553 1220 3606 omnia
1271 3551 1439 3606 fuerit
1483 3551 1782 3623 perfectus,
1822 3553 1888 3608 ad
1941 3553 2118 3624 ipsum

549 3643 768 3712 quidem
794 3643 890 3698 Dei
915 3642 1179 3709 Verbum,
1206 3655 1463 3713 tauquam
1498 3643 1563 3697 ad
1591 3645 1778 3699 orbem
1824 3645 1956 3700 solis
1989 3643 2119 3700 defl-

551 3747 678 3801 gere
706 3733 898 3789 oculos
943 3747 1042 3788 sua
1086 3749 1194 3788 non
1243 3739 1430 3802 potest
1477 3741 1720 3788 natura:
1765 3733 1859 3790 sed
1913 3733 1968 3787 in
2003 3733 2121 3803 ipso

543 3833 808 3893 tanquam
835 3827 890 3879 in
923 3825 1153 3894 speculo
1195 3825 1362 3880 solem
1391 3824 1606 3893 aspicit.
1639 3825 1787 3879 illius
1809 3826 1952 3879 enim
1983 3841 2121 3880 verae

549 3923 606 3968 et
648 3915 847 3970 divinae
891 3917 1115 3970 virtutis
1159 3916 1325 3980 radii,
1373 3931 1526 3986 purae
1571 3917 1692 3970 vitae
1740 3917 2120 3972 illucescentcs

550 4021 646 4076 per
698 4015 1009 4061 manantem
1065 4023 1128 4061 ex
1181 4007 1290 4062 illis
1331 4007 1828 4078 impatibilitatcm,
1883 4007 2122 4064 efficiunt

549 4099 714 4154 nobis
753 4100 1141 4169 aspectabilem
1169 4099 1264 4169 qui
1290 4109 1375 4156 est
1405 4101 1839 4171 inaspectabilis,
1887 4113 1940 4155 et
1967 4117 2120 4155 com-

549 4191 973 4260 preliensibilem
1021 4206 1146 4245 eum
1182 4191 1250 4245 ad
1282 4207 1444 4260 quem
1479 4207 1588 4246 nou
1639 4197 1788 4262 patet
1832 4189 2035 4251 aditus,
2067 4191 2120 4245 in

553 4282 774 4352 speculo
811 4292 1002 4336 nostro
1029 4282 1200 4335 solem
1225 4281 1621 4337 deseribentes.
1656 4281 1796 4336 Idem
1828 4291 1909 4336 est
1941 4293 2122 4336 autem

551 4375 754 4438 dicere,
785 4371 933 4443 quod
974 4373 1038 4426 ad
1074 4387 1295 4428 sensum
1341 4374 1556 4435 attinet,
1600 4381 1693 4426 aut
1736 4373 1869 4427 solis
1915 4371 2120 4436 radius,

551 4474 647 4519 aut
675 4466 895 4518 virtutis
929 4463 1110 4519 ﬂuxus
1143 4473 1198 4520 et
1227 4465 1624 4529 emanationes,
1653 4473 1747 4518 aut
1773 4464 1969 4518 odores
1999 4479 2123 4517 aro-

2221 3285 2381 3354 φύσιν
2415 3286 2512 3338 οὐκ
2541 3283 2684 3354 ἔχει·
2719 3283 2775 3334 ὲν
2805 3279 2983 3350 ἐαυτῷ
3022 3279 3078 3333 δὲ
3123 3277 3373 3347 καθάπερ
3413 3275 3472 3326 ὲν
3501 3273 3794 3344 κατόπτρῳ

2223 3375 2406 3447 βλέπει
2435 3375 2525 3428 τὸν
2563 3375 2733 3446 ἣλιον.
2767 3373 2832 3425 Αἱ
2870 3371 2980 3442 γὰρ
3007 3370 3107 3440 τῆς
3150 3367 3407 3438 ἀληθινῆς
3445 3365 3657 3448 ἐκείνης
3697 3365 3794 3446 καὶ

2221 3467 2370 3530 θείας
2413 3469 2612 3537 ἀρετῆς
2647 3465 2864 3527 ἀκτῖνες
2889 3462 2970 3537 ⁵τῷ
3006 3459 3403 3529 κεκαθαρμένῳ
3437 3456 3536 3528 βίῳ
3563 3456 3649 3508 διὰ
3689 3454 3792 3522 τῇς

2221 3534 2596 3630 ἀξορρεόύσηξ
2634 3555 2815 3609 αὐτῶν
2839 3534 3126 3634 grta-Osis.“
3163 3551 3568 3634 ἐκλάμπουσαι,
3599 3545 3792 3617 ὅρατὺν

2222 3633 2470 3704 ποιοῦσιν
2487 3637 2695 3719 ἡμῖντὸ
2709 3631 2958 3718 ἀόρατον,
2977 3645 3070 3697 καὶ
3089 3631 3290 3712 ληπτὸν
3305 3631 3370 3691 to
3383 3631 3693 3700 ἀπρόσιτον,
3711 3633 3796 3705 τῷ

2221 3739 2476 3813 ἡμετέρῳ
2499 3739 2788 3809 κατόπτρῳ
2811 3733 3256 3806 ὲνζωγραφοῦσαι
3282 3731 3372 3784 τὺν
3393 3729 3562 3799 ἥλιον.
3587 3725 3796 3780 Ταυτδν

2220 3831 2276 3886 δέ
2305 3835 2452 3885 ἐστιν
2479 3829 2554 3893 ὡς
2581 3829 2715 3900 πρὸς
2741 3827 2802 3881 τὸ
2831 3826 3148 3896 ἐγκείμενον
3176 3823 3374 3894 νόημα.
3406 3822 3439 3890 ἢ
3469 3821 3690 3882 ἀκτῖνας
3715 3817 3794 3870 εί-

2222 3923 2344 3974 πεϊν
2378 3921 2550 3991 ἡλίου,
2586 3919 2619 3990 ἢ
2655 3919 2752 3989 τῆς
2793 3917 2992 3991 ἀρετῆς
3023 3913 3339 3986 ἀπορροίας,
3373 3911 3405 3982 ἢ
3447 3911 3546 3972 τὰς
3575 3910 3794 3978 ἀρωμα-

2221 4013 2375 4076 τικὰς
2404 4013 2648 4075 εὐωδίας.
2682 4011 2750 4062 Ὃ
2790 4029 2840 4062 τι
2867 4009 2975 4080 γὰρ
3015 4007 3081 4060 ἂν
3109 4008 3172 4058 ἐκ
3199 4001 3402 4057 τούτων
3427 4001 3560 4071 apo;
3583 3999 3670 4050 τὸν
3697 3997 3792 4048 τοῦ

2221 4105 2379 4173 λόγου
2435 4104 2638 4157 σκοπὸν
2675 4100 3034 4171 ύποθώμεθα,
3069 4097 3126 4150 ἓν
3168 4095 3227 4162 ἐξ
3277 4095 3534 4147 ἁπάντων
3573 4090 3688 4142 ἐστὶ
3729 4087 3794 4140 τὸ

2224 4197 2569 4267 ἐγγινόμενον
2618 4197 2815 4266 νόημα,
2864 4194 2924 4246 τὸ
2973 4191 3061 4246 διὰ
3108 4190 3214 4242 τῶν
3264 4185 3472 4258 ἀρετῶν
3519 4185 3650 4255 ἡμῖν
3695 4179 3792 4232 τοῦ

2224 4290 2402 4344 πάντα
2453 4287 2578 4341 νοῦν
2624 4287 2983 4358 ὑπερέχοντος
3025 4280 3230 4351 ἀγαθοῦ
3273 4282 3372 4349 τὴν
3407 4277 3606 4343 γνῶσιν
3643 4273 3790 4344 ἐγγί-

2224 4381 2429 4444 νεσθαι,
2467 4379 2655 4450 ὥσπερ
2683 4379 2797 4432 ἐστι
2845 4375 2934 4429 διά
2975 4392 3116 4437 τινος
3154 4372 3358 4434 εἰκόνος
3399 4371 3459 4422 τὸ
3489 4367 3786 4438 ἀρχέτυπον

2227 4473 2420 4536 κάλλος
2454 4467 2892 4538 ἀναλογίσασθαι.
2932 4467 3085 4521 Οῦτω
3119 4465 3211 4518 καὶ
3237 4463 3473 4525 Παῦλος,
3503 4463 3537 4530 ἡ
3583 4459 3783 4529 νύμφη,

553 4559 803 4611 matieos.
839 4555 1113 4626 Quidquid
1150 4557 1296 4609 enim
1331 4557 1678 4625 posuerimus
1707 4573 1771 4610 ex
1806 4571 1872 4610 eo
1904 4557 1967 4610 ad
1999 4571 2117 4610 sco-

2225 4566 2254 4616 ό
2281 4563 2366 4616 διὰ
2400 4563 2508 4616 τῶν
2540 4561 2747 4634 ἀρετῶν
2775 4559 2865 4612 τὸν
2903 4557 3132 4634 νυμφίον
3170 4553 3526 4626 μιμούμενος,
3555 4549 3648 4604 καὶ
3683 4548 3784 4612 ζω-

553 4665 679 4717 pum
709 4649 882 4712 verbi,
912 4663 1018 4700 una
1062 4656 1148 4704 est
1171 4663 1294 4717 quae
1321 4664 1390 4703 ex
1427 4648 1690 4704 omnibus
1724 4647 1783 4701 iit
1826 4647 2119 4712 sententia,

555 4757 748 4809 nempe
778 4741 922 4810 quod
955 4739 1083 4794 boni
1121 4740 1435 4809 superantis
1462 4755 1676 4794 omnem
1701 4739 2121 4809 intelligentiam

555 4847 650 4901 per
681 4833 915 4885 virtutes
953 4833 1116 4886 nobis
1145 4831 1388 4901 cognitio
1431 4831 1594 4894 inest,
1627 4831 1770 4886 sicut
1801 4847 1896 4900 per
1927 4845 2121 4899 quam—

553 4923 678 4979 dam
731 4923 1022 4992 imaginem
1073 4925 1302 4995 cogitari
1343 4932 1522 4994 potest
1573 4923 1839 4994 primaria
1881 4923 2124 4992 pulchri-

557 5017 704 5074 tudo.
738 5015 812 5069 lta
839 5017 1004 5070 etiam
1041 5017 1243 5072 Paulus
1267 5017 1336 5081 ³⁵,
1371 5017 1464 5087 qui
1509 5027 1595 5073 est
1637 5032 1859 5086 sponsa,
1889 5032 1985 5087 per
2013 5017 2125 5070 vir-

555 5117 702 5163 tutes
731 5123 992 5176 sponsum
1045 5109 1287 5174 imitans,
1321 5117 1375 5163 et
1419 5125 1517 5180 per
1563 5111 1795 5180 speciem
1833 5109 1888 5162 in
1939 5123 1997 5163 se
2025 5108 2122 5164 de-

556 5201 807 5255 scribens
825 5215 942 5254 eam
965 5199 1030 5254 ad
1052 5215 1214 5269 quam
1245 5215 1353 5254 non
1376 5211 1524 5271 patet
1541 5201 1721 5255 aditus
1751 5201 2122 5269 pulchritudi-

557 5307 773 5354 uem,ex
793 5291 1061 5346 fructibus
1079 5291 1833 5362 spiritus,cbaritate,gaudio
1848 5301 1896 5345 et
1915 5299 2126 5362 pace,et

557 5397 680 5454 quae
707 5392 838 5437 sunt
865 5381 1176 5450 liujusmodi
1211 5383 1441 5453 species,
1475 5383 1614 5436 hanc
1637 5382 1866 5436 nardum
1899 5397 2122 5451 compo-

560 5493 696 5532 nens
729 5485 988 5545 tanquam
1023 5477 1439 5546 unguentarius.
1474 5477 1608 5530 dicit
1641 5477 1695 5529 in
1728 5491 1787 5530 se
1814 5492 1938 5531 esse
1963 5477 2114 5532 Chri-

555 5569 626 5622 sti
655 5568 860 5622 bonum
892 5567 1134 5628 odorem,
1161 5567 1387 5636 gratiam
1421 5567 1567 5619 illam
1596 5575 2033 5635 exsuperantem,
2055 5568 2122 5622 ad

556 5675 718 5731 quam
751 5675 860 5713 non
907 5667 1054 5730 patet
1089 5658 1291 5724 aditus,
1329 5659 1382 5712 in
1425 5659 1606 5728 seipse
1645 5657 1902 5724 odorans,
1937 5667 1990 5715 et
2036 5677 2118 5716 se-

630 5829 899 5887 “l-labac.
925 5849 1006 5888 ιιι.
1044 5834 1098 5888 5.
1175 5833 1222 5866 ³⁸
1279 5831 1320 5889 ll
1354 5833 1479 5889 Cor.
1521 5850 1620 5901 xu,
1655 5833 1688 5886 2
1728 5851 1847 5904 sqq.

2229 4638 2456 4726 γραφῶν
2499 4652 2676 4722 ἑαυτῷ
2721 4651 2808 4703 διὰ
2853 4649 2947 4701 τοῦ
2994 4649 3105 4718 βίου
3147 4648 3208 4699 τὸ
3249 4645 3540 4714 ἀπρόσιτον
3576 4638 3784 4700 κάλλος,

2227 4744 2289 4796 ἔκ
2323 4761 2380 4797 τε
2417 4743 2525 4796 τῶν
2556 4741 2782 4812 καρπῶν
2823 4739 2916 4792 τοῦ
2967 4740 3292 4808 πνεύματος,
3341 4735 3562 4802 ἀγάπης
3603 4747 3662 4782 τε
3699 4729 3787 4781 καὶ

2227 4839 2421 4906 χαρᾶς,
2472 4835 2565 4888 καὶ
2608 4833 2851 4904 εἰρήνης.
2885 4831 2981 4883 καὶ
3013 4829 3122 4882 τῶν
3158 4827 3412 4881 τοιούτων
3445 4823 3600 4876 εἱδῶν
3633 4835 3788 4890 μυρε-

2227 4929 2343 4996 ψῶν
2391 4926 2594 4996 ταύτην
2643 4925 2744 4994 τὴν
2786 4923 3014 4994 νάρδον,
3059 4919 3296 4991 Χριστοῦ
3335 4915 3564 4970 εὐωδίαν
3612 4911 3787 4978 ἔλεγεν

2227 5020 2420 5074 ἑαυτὸν
2458 5014 2596 5071 εἶναι
2617 5057 2632 5080 ,
2662 5015 2759 5088 τὴν
2799 5015 3091 5086 ἀπρόσιτον
3121 5011 3338 5081 ἐκείνην
3373 5009 3468 5062 καὶ
3501 5005 3787 5075 ὑπερέχου-

2229 5129 2324 5164 σαν
2353 5111 2511 5180 χάριν
2550 5111 2607 5162 ὲν
2637 5107 2812 5178 ἑαυτῷ
2849 5105 3288 5178 ὀσφραινόμενος,
3334 5100 3426 5153 καὶ
3471 5099 3582 5159 τοῖς
3616 5093 3786 5154 ἄλλοις

2228 5200 2418 5253 ἑαυτὸν
2442 5199 2695 5269 παρέχων
2723 5197 2911 5267 ὥσπερ
2935 5195 3182 5265 θυμίαμά
3207 5210 3260 5245 τι
3290 5191 3408 5245 κατ’
3433 5185 3680 5252 ἐξουσίαν
3707 5185 3786 5235 ἀν-

2225 5291 2672 5361 τιλαμϐάνεσθαι,
2703 5289 2761 5353 ὃς
2799 5288 2941 5342 κατὰ
2969 5285 3066 5358 τὴν
3101 5285 3406 5356 προσοῦσαν
3435 5279 3649 5346 ἑκάστῳ
3679 5274 3786 5326 διάς

2231 5385 2410 5446 θεσιν,
2439 5383 2473 5454 ἦ
2519 5381 2776 5447 ζωοποιδς
2810 5379 3038 5448 ἐγίνετο,
3069 5377 3100 5447 ἦ
3143 5373 3511 5444 θανατηφόρος
3547 5367 3782 5421 εῦπνοια.

2235 5477 2439 5546 Ὥσπερ
2476 5474 2536 5526 τὸ
2579 5473 2710 5526 αὐτὸ
2753 5471 2920 5542 μύρον
2964 5471 3012 5522 εί
3057 5467 3326 5536 κάνθαρος
3365 5464 3457 5517 καί
3497 5457 3786 5531 περιστερά

2233 5567 2583 5638 προστεθείη,
2632 5565 2690 5618 οὐ
2739 5563 2934 5616 ταύτὸν
2984 5562 3069 5614 ἐπ’
3108 5558 3429 5630 ἀμφοτέρων
3467 5551 3783 5626 ἐργάζεταν

2232 5659 2344 5714 ἀλλ’
2371 5660 2404 5729 ἡ
2428 5659 2523 5730 μὲν
2549 5657 2842 5727 περιστερὰ
2869 5651 3281 5726 ρωμαλαιοτέρα
3305 5649 3392 5704 διὰ
3417 5647 3517 5717 τῆς
3539 5642 3786 5704 εὐπνοίας
