4110 6516
340 419 451 474 8'23

1401 429 1466 484 IN
1505 429 1800 487 CANTlCA
1841 432 2115 489 CANTIC.
2155 429 2432 488 llOIlllLlA
2474 429 2559 484 Ill.

3471 431 3576 487 8‘26

331 538 432 594 τοῦ
467 537 636 610 μύρου
684 539 910 607 γίνεται,
940 543 968 594 ὁ
1009 541 1066 594 δὲ
1107 541 1374 614 κάνθαρος
1419 544 1726 617 φθείρεται·
1765 547 1904 600 οὓτω

2011 550 2191 617 ipsum
2242 546 2365 600 aliis
2415 545 2687 615 praebens,
2742 554 2998 614 tanquam
3055 543 3287 613 aliquem
3338 545 3576 602 sullittnn

332 631 431 683 καὶ
453 630 483 681 δ
509 629 681 699 μέγας
707 631 914 695 Παῦλος
940 632 1001 685 τὸ
1031 636 1172 686 θεῖον
1211 635 1388 687 ἐκεῖνο
1413 634 1682 708 θυμίαμα,
1727 641 1773 690 εἰ
1807 638 1904 708 μέν

331 735 420 781 τις
443 713 511 788 ἦν
536 721 852 791 περιστερὰ,
876 726 906 795 ἢ
935 723 954 740 '
973 723 1146 788 Τῖτον,
1171 723 1202 793 ἢ
1228 723 1533 790 Σιλουανὸν,
1558 727 1591 797 ἢ
1623 728 1902 798 Τιμόθεον,

336 826 402 862 συ
411 811 700 879 μμετεῖχεν
723 811 871 881 αὐτῷ
889 811 990 880 τῆς
1007 813 1233 876 εὐωδίας
1251 815 1344 867 τοῦ
1371 816 1564 886 μύρου,
1587 819 1906 888 προκόπτων

333 904 397 956 ὲν
424 903 584 955 παντὶ
617 901 766 973 καλῷ
791 907 903 966 τοῖς
931 907 1048 956 κατ’
1083 907 1246 959 αὐτὸν
1291 907 1702 980 ὑποδείγμασιν.
1754 912 1815 963 Εἰ
1852 911 1907 964 δὲ

333 993 527 1062 Δημᾶς
553 1010 638 1056 τις
666 988 735 1062 ἦν
771 991 802 1064 ἢ
863 993 1229 1066 Ἀλέξανδρος,
1263 998 1294 1068 ἢ
1337 999 1688 1071 Ἑρμογένης,
1724 1003 1782 1054 οὐ
1816 1003 1908 1070 φέ-

339 1099 525 1152 ροντες
551 1085 610 1136 τὸ
643 1083 742 1154 τῆς
776 1087 1098 1156 ἐγκρατείας
1134 1087 1404 1160 Θυμίαμα,
1438 1092 1722 1164 κανθάρων
1752 1093 1906 1165 δίκην

336 1175 445 1226 ὑπὸ
496 1175 596 1244 τῆς
645 1175 872 1240 εὐωδίας
917 1178 1333 1246 ὲφυγαδεύοντο.
1384 1176 1458 1235 Οῦ
1513 1183 1672 1256 χάριν
1723 1183 1905 1252 ἔλεγεν

333 1267 365 1319 ὁ
399 1269 512 1329 τοῖς
547 1268 804 1331 τοιούτοις
836 1269 1076 1322 εὐπνοὼν
1125 1271 1348 1342 μύροις,
1395 1274 1478 1326 ὅτι
1527 1276 1782 1343 Χριστοῦ
1810 1279 1906 1329 εὑ-

334 1357 480 1411 ωδία
507 1358 714 1428 ἐσμὲν,
732 1360 800 1413 ἐν
823 1361 941 1427 τοῖς
967 1360 1335 1432 σωζομένοις.
1364 1366 1461 1419 καὶ
1482 1367 1552 1419 ἐν
1574 1367 1699 1432 τοῖς
1721 1368 1906 1421 ἀπολ-

333 1448 637 1517 λυμένοις,
692 1445 782 1516 οἷς
823 1451 939 1519 μὲν
981 1453 1142 1521 ὀσμὴ
1181 1455 1439 1510 θανάτου
1482 1460 1568 1522 είς
1615 1456 1902 1512 θάνατον’

333 1533 427 1605 οἷς
471 1538 539 1592 δὲ
565 1539 738 1608 ’ὀσμὴ
791 1537 940 1608 ζωῆς
983 1545 1075 1608 εὶς
1119 1542 1289 1612 ζωήν.
1337 1543 1400 1597 Εἰ
1438 1546 1494 1599 δέ
1543 1564 1596 1599 τι
1646 1547 1907 1616 συγγενὲς

333 1633 429 1685 καὶ
471 1633 505 1704 ἡ
544 1632 872 1704 εὐαγγελικὴ
911 1635 1100 1706 νάρδος
1159 1635 1270 1704 ἔχει
1319 1638 1454 1707 πρὸς
1487 1638 1550 1690 τὸ
1603 1639 1769 1709 μύρον
1805 1639 1905 1708 τῆς

333 1723 582 1792 νύμφης,
646 1722 823 1788 ἔξεστι
878 1723 956 1793 τῷ
1014 1724 1318 1798 βουλομένῳ
1369 1727 1456 1780 διὰ
1499 1728 1608 1781 τῶν
1663 1745 1906 1799 γεγραμ-

337 1814 512 1884 μένων
569 1815 1013 1884 ἀναλογίσασθαι,
1068 1817 1150 1881 τίς
1194 1813 1260 1889 ἦν
1313 1821 1493 1890 ἐκείνη
1542 1821 1576 1890 ἡ
1629 1820 1818 1890 νάρδος
1870 1822 1903 1891 ἡ

2010 639 2178 692 libere
2221 635 2655 706 suscipiendum,
2708 636 2911 704 quibus
2941 635 3334 690 convenienter
3375 639 3424 691 ei
3458 655 3578 706 (pne

2009 730 2309 798 unicuique
2342 727 2495 782 adest
2539 726 2835 790 aﬂectioni,
2865 728 2948 780 vel
2987 727 3237 783 viviﬁcns
3269 730 3351 782 vel
3397 729 3577 784 letifer

2006 827 2124 871 erat
2183 817 2407 871 halitus.
2453 815 2738 881 Quomodo
2787 816 2929 870 enim
2973 815 3115 869 idem
3158 828 3495 887 unguentum
3527 819 3575 872 si

2009 911 2173 963 fuerit
2203 910 2511 979 appositum
2547 909 2824 962 seat-abaco
2865 918 2918 962 et
2953 909 3384 972 columbae,‘non
3433 911 3576 966 idem

2007 1002 2170 1056 ellicit
2200 1002 2254 1054 in
2286 1002 2532 1069 utrisque
2563 1018 2576 1053 :
2607 1000 2700 1054 sed
2726 1000 2976 1054 columba
3007 1000 3223 1068 quidem
3253 1017 3346 1070 per
3374 1003 3576 1056 bonum

2009 1092 2270 1163 unguenti
2303 1092 2533 1146 halitum
2570 1092 2627 1145 fit
2663 1091 2966 1156 robustior,
3012 1091 3198 1145 interit
3231 1102 3409 1145 autem
3457 1109 3579 1147 sca-

2007 1186 2252 1240 rabaaus:
2293 1184 2369 1237 ita
2405 1184 2568 1239 etiam
2622 1198 2851 1253 magnus
2902 1181 3106 1236 Paulus
3154 1182 3208 1234 in
3252 1181 3440 1235 divino
3485 1182 3578 1234 illo

2007 1276 2209 1340 sullitu,
2247 1276 2290 1330 si
2327 1283 2445 1329 erat
2479 1275 2700 1344 quidem
2743 1275 3018 1343 quispiam
3067 1275 3252 1342 aliqua
3299 1274 3574 1340 columba,

2005 1378 2098 1421 aut
2129 1365 2286 1421 Titus
2313 1374 2406 1418 aut
2439 1364 2732 1436 Sylvanus,
2751 1372 2847 1418 aut
2866 1363 3206 1426 Timotheus,
3229 1379 3352 1417 eum
3385 1363 3580 1432 imper-

2007 1459 2175 1512 tiebat
2208 1458 2352 1512 bono
2391 1457 2564 1511 odore
2600 1455 2884 1526 unguenti,
2919 1462 2978 1509 ut
3021 1455 3112 1524 qui
3147 1457 3202 1508 in
3241 1455 3384 1508 onmi
3433 1455 3577 1510 bono

2007 1565 2105 1604 sua
2129 1551 2416 1619 proliceret
2435 1549 2688 1604 doctrina
2715 1555 2771 1602 et
2790 1549 3068 1616 exemplo.
3097 1546 3201 1603 Sed
3233 1547 3276 1600 si
3301 1548 3575 1616 quispiam

2004 1651 2126 1698 erat
2171 1642 2366 1697 Demas
2414 1650 2508 1695 aut
2539 1640 2867 1704 Alexander,
2906 1647 3000 1694 aut
3036 1639 3427 1708 Hermogenes,
3465 1655 3576 1692 non

2008 1733 2246 1790 ferentes
2293 1732 2532 1790 suliitum
2588 1733 2980 1797 continentize,
3041 1747 3149 1785 non
3205 1746 3366 1786 secus
3412 1739 3576 1800 atque

2007 1826 2271 1883 scarabaei
2329 1826 2658 1896 fugabantur
2706 1841 2736 1879 a
2788 1825 2934 1878 bono
2979 1824 3167 1878 odore.
3208 1820 3574 1886 Quamobrem

335 1907 580 1977 πιστικὴ,
618 1911 651 1977 ἡ
686 1907 1012 1978 πολύτιμος,
1057 1910 1091 1979 ἡ
1137 1909 1499 1980 καταχεθεῖσα
1539 1911 1638 1981 μὲν
1673 1912 1774 1982 τῆς
1811 1890 1904 1965 κεέ

2007 1916 2222 1972 dicebat
2273 1916 2321 1971 is
2364 1890 2458 1986 q'ui
2510 1915 2780 1983 ejusmodi
2839 1912 2979 1967 bona
3035 1913 3216 1968 olebat
3260 1918 3574 1980 unguenta:

335 1999 513 2069 φαλῆς
559 1997 654 2052 τοῦ
707 2000 946 2070 Κυρίου,
999 2001 1178 2053 πάντα
1227 2000 1284 2054 δὲ
1327 2003 1419 2054 τὸν
1466 1998 1612 2056 οἷκον
1665 2005 1763 2074 τῆς
1808 2006 1901 2057 εὐ-

333 2091 498 2154 ωδίας
541 2089 893 2162 πληρώσασα.
931 2094 1084 2164 Τάχα
1139 2093 1247 2165 γὰρ
1291 2094 1393 2147 οὐκ
1431 2095 1770 2160 ἀπεξένωται
1809 2096 1902 2150 τοῦ

339 2183 510 2253 μύρου
555 2183 616 2235 τὸ
651 2183 850 2255 μύρον,
903 2184 931 2237 δ
960 2188 1027 2256 τῇ
1073 2185 1259 2259 νύμφῃ
1309 2187 1406 2257 μὲν
1445 2187 1543 2258 τὴν
1591 2187 1760 2258 ὀδμὴν
1809 2188 1903 2241 τοῦ

335 2273 565 2342 νυμφίου
610 2274 822 2327 δίδωσιν
842 2291 855 2304 ³
887 2278 944 2328 ὲν
983 2276 1040 2329 δὲ
1079 2277 1158 2347 τῷ
1193 2277 1507 2348 Εὐαγγελίῳ
1540 2277 1704 2330 αὐτοῦ
1734 2295 1904 2333 κατα-

334 2363 496 2434 χυΘὲν
536 2364 630 2417 τοῦ
672 2366 912 2437 Κυρίου,
967 2367 1164 2438 πληροῖ
1211 2367 1312 2438 τῆς
1351 2369 1580 2432 εὐωδίας
1617 2369 1710 2423 τὸν
1755 2370 1906 2424 οἷκον

333 2457 393 2510 ὲν
431 2449 475 2524 ᾧ
506 2457 566 2510 τὸ
603 2459 898 2529 συμπόσιον
923 2454 1010 2530 ἦν.
1040 2463 1196 2513 Δοκεῖ
1240 2461 1349 2531 γάρ
1381 2477 1471 2531 μοι
1502 2461 1663 2514 κάκεῖ
1691 2477 1904 2532 προφη-

332 2549 469 2619 τικῷ
517 2566 623 2602 τινι
679 2549 949 2622 πνεύματι
989 2552 1330 2622 προμηνῦσαι
1379 2552 1466 2605 διὰ
1515 2553 1609 2605 τοῦ
1652 2553 1821 2623 μύρου
1868 2555 1902 2624 ἡ

336 2639 475 2711 γυνὴ
541 2640 604 2692 τὸ
653 2640 748 2693 τοῦ
787 2641 1014 2696 θανάτου
1055 2645 1384 2714 μυστήριον,
1425 2643 1605 2707 καθὼς
1641 2648 1906 2717 μαρτυρεῖ

335 2734 451 2795 τοῖς
497 2735 628 2804 παρ’
658 2735 828 2805 αὐτῆς
856 2736 1236 2807 γεγενημένοις
1273 2739 1301 2790 ὁ
1326 2736 1530 2806 Κύριος
1570 2738 1775 2804 λέγων’
1821 2739 1903 2790 ὅτι

333 2824 670 2891 Προέλαϐεν
705 2828 793 2893 εὶς
834 2827 899 2880 τὸ
931 2827 1285 2896 ἐνταφιάσαι
1317 2845 1413 2896 με.
1465 2829 1574 2881 Καὶ
1613 2827 1700 2881 τὸν
1753 2824 1900 2882 οἷκον

335 2916 688 2987 πληρωθέντα
704 2919 804 2989 τῆς
822 2918 1046 2982 εὐωδίας
1067 2920 1185 2972 ἀντὶ
1205 2919 1406 2982 παντὸς
1435 2918 1529 2972 τοῦ
1564 2919 1789 2990 κόσμου,
1812 2921 1906 2972 καὶ

336 3009 461 3079 ὅλης
504 3012 603 3080 τῆς
639 3011 961 3082 οἰκουμένης
1009 3014 1150 3065 νοεῖν
1195 3012 1537 3076 ὑποτίθεται,
1577 3013 1777 3066 εἰπών·
1823 3014 1905 3065 ὅτι

337 3100 531 3155 Ὅπου
559 3102 669 3156 ἐὰν
705 3103 976 3172 κηρυχθῇ
1013 3103 1078 3157 τὸ
1093 3102 1461 3174 Εὐαγγέλιον
1481 3103 1656 3158 τοῦτο
1687 3105 1758 3157 ἐν
1784 3104 1904 3168 ὅλῳ

337 3193 416 3258 τῷ
453 3197 687 3264 κόσμῳ,
721 3197 760 3264 ἢ
797 3197 955 3266 ὀσμὴ
989 3195 1097 3250 τοῦ
1138 3196 1317 3267 ἔργου
1365 3196 1903 3264 συνδιαδοθήοέται

335 3286 416 3352 τῷ
440 3286 546 3341 τοῦ
578 3289 948 3365 Εὺᾳτγελίου
993 3290 1318 3357 κηρύγματι
1338 3331 1352 3354 ,
1379 3291 1478 3343 καί
1507 3291 1904 3360 μνημόσυνον

336 3381 524 3446 ἔσται,
564 3382 714 3450 φησὶ,
736 3383 957 3449 ταύτης
983 3382 1047 3434 τὸ
1066 3381 1448 3450 Εὐατγέλιον.
1478 3382 1684 3436 Οὐκοῦν
1718 3383 1775 3435 ὲν
1803 3383 1902 3452 μὲν

335 3472 413 3544 τῷ
478 3474 715 3544 ’ᾼσματι
756 3473 864 3526 τῶν
908 3475 1188 3545 ᾀσμάτων,
1253 3475 1287 3544 ἡ
1343 3475 1536 3545 νάρδος
1583 3473 1680 3544 τὴν
1729 3475 1904 3544 ὀσμὴν

335 3563 429 3616 τοῦ
466 3563 696 3634 νυμφίου
728 3568 795 3635 τῇ
841 3564 1026 3635 νύμφῃ
1057 3564 1270 3618 δίδωσι*
1301 3567 1356 3618 ἐν
1393 3566 1449 3618 δὲ
1477 3564 1554 3636 τῷ
1585 3567 1904 3635 Ἐὐαγγελίῳ

336 3654 455 3707 ὅλου
484 3655 576 3706 τοῦ
605 3654 852 3724 σώματος
881 3656 978 3725 τῆς
1014 3656 1339 3725 Ἐκκλησίας
1366 3657 1424 3707 ὲν
1449 3658 1597 3727 πάσῃ
1629 3659 1695 3726 τῇ
1729 3659 1905 3710 οἰκου-

343 3744 476 3816 μένῃ
519 3745 610 3796 καὶ
639 3747 696 3797 ὲν
736 3747 898 3797 παντὶ
911 3744 1002 3815 ’τῷ
1033 3746 1221 3814 κόσμῳ
1255 3747 1489 3815 Χριστοῦ
1531 3748 1727 3801 εὐωδία
1759 3748 1904 3816 γίνε-

338 3853 454 3896 ται,
478 3836 511 3904 ἡ
544 3835 663 3886 τότε
691 3835 781 3886 τὸν
810 3831 956 3887 οἷκον
982 3832 1336 3905 πληρώσασα,
1367 3836 1506 3905 τάχα
1533 3853 1618 3900 τις
1655 3836 1904 3909 εὑρίσκε-

339 3944 424 3979 ται
468 3926 554 3978 διὰ
607 3925 808 3978 τούτων
854 3926 1104 3978 κοινωνία
1136 3927 1194 3979 ὲν
1240 3927 1599 4000 ἀμφοτέροις,
1644 3927 1719 3992 ὡς
1751 3929 1810 3981 ἒν
1841 3927 1908 3981 τὰ

339 4019 430 4071 δύο
458 4019 652 4072 δοκεῖν.

341 4114 613 4177 Ecclesiaa,
665 4113 718 4165 in
769 4112 1026 4166 universo
1073 4111 1207 4164 orbe
1255 4123 1544 4174 terrarum,
1597 4119 1650 4164 et
1701 4111 1755 4164 in
1787 4120 1900 4168 toto
1940 4113 2146 4168 mundo
2215 4109 2420 4164 Christi
2477 4107 2536 4160 fit
2584 4107 2762 4160 bonus
2814 4103 2969 4164 odor,

2005 2005 2204 2061 Christi
2233 2007 2397 2060 benus
2433 2005 2563 2060 odor
2591 2021 2772 2058 sumus
2804 2005 2856 2057 in
2888 2004 2955 2057 iis
2985 2004 3073 2073 qui
3104 2009 3399 2064 servantur,
3433 2011 3481 2054 et
3519 2003 3575 2054 in

2005 2103 2069 2155 iis
2104 2102 2193 2170 qui
2225 2108 2479 2166 pereunt:
2513 2098 2634 2150 aliis
2668 2107 2843 2150 autem
2874 2096 3006 2149 odor
3031 2097 3212 2149 mortis
3249 2095 3305 2148 in
3329 2105 3574 2157 mortem,

2005 2195 2124 2246 aliis
2152 2201 2325 2246 autem
2359 2192 2489 2242 odor
2517 2190 2637 2242 vim
2676 2189 2729 2241 in
2771 2188 2933 2240 vitam
2955 2186 3023 2240 ³⁸.
3068 2185 3224 2251 Quod
3275 2185 3323 2240 si
3371 2185 3578 2238 nardus

2004 2283 2317 2352 evangelica
2346 2282 2505 2334 habet
2525 2281 2765 2348 aliquam
2791 2277 3106 2332 aliinitatem
3140 2292 3263 2330 rum
3297 2288 3580 2346 unguento

2005 2389 2240 2445 sponsae,
2271 2374 2400 2428 licet
2423 2373 2622 2427 volenti
2655 2386 2751 2442 per
2767 2386 2828 2424 ea
2853 2387 2976 2440 quae
3005 2370 3211 2439 scripta
3241 2377 3372 2424 sunt
3392 2371 3576 2422 animo

2005 2467 2243 2536 cogitare
2261 2480 2494 2537 quautam
2527 2477 2657 2522 esset
2681 2465 2864 2520 nardus
2883 2464 2971 2518 illa
2983 2463 3166 2534 pistica
3181 2459 3440 2531 pretiosa,
3454 2476 3578 2528 qua:

2006 2556 2222 2611 Domini
2245 2554 2465 2625 quidem
2487 2553 2654 2622 capiti
2680 2552 2883 2619 infusa,
2902 2559 3068 2606 totam
3099 2551 3316 2606 domum
3347 2551 3576 2618 replevit

2005 2643 2150 2698 bono
2174 2643 2342 2696 odore
2359 2641 2424 2694 ³⁷.
2449 2639 2612 2694 Forte
2637 2640 2782 2694 enim
2807 2657 2913 2695 non
2941 2638 3044 2694 fuit
3068 2639 3136 2693 ab
3160 2650 3435 2708 unguento
3453 2639 3576 2693 alie-

2004 2749 2134 2788 num
2171 2740 2528 2803 unguentum,
2563 2730 2708 2801 quod
2739 2746 2953 2800 sponsa:
2983 2729 3200 2799 quidem
3231 2731 3323 2782 dat
3352 2729 3574 2782 odorem

2007 2823 2216 2896 sponsi,
2241 2825 2294 2877 in
2315 2822 2605 2893 Evangelio
2627 2832 2803 2876 autem
2826 2821 3066 2876 infusum
3091 2821 3189 2889 ipsi
3214 2819 3460 2883 Domino,
3484 2821 3582 2873 im-

2005 2919 2115 2989 plet
2136 2919 2278 2972 bono
2294 2917 2462 2971 odore
2487 2915 2710 2968 domum
2731 2914 2789 2968 in
2814 2928 2922 2983 qua
2949 2920 3068 2967 erat
3089 2912 3418 2966 convivium.
3446 2909 3578 2967 Mihi

2006 3012 2152 3066 enim
2169 3011 2386 3066 videtur
2402 3006 2725 3078 prophetico
2747 3004 2979 3075 quodam
2999 3003 3195 3072 spiritu
3217 3018 3312 3070 per
3333 3019 3577 3071 unguen-

2009 3113 2123 3158 tum
2147 3102 2486 3172 signiﬁcasse
2508 3098 2702 3152 mulier
2735 3098 2925 3150 mortis
2947 3095 3287 3166 mysterium,
3304 3095 3578 3164 quomodo

2010 3197 2079 3251 iis
2106 3210 2226 3266 quae
2260 3195 2328 3247 ab
2361 3194 2478 3262 ipsa
2519 3191 2677 3250 ﬁunt,
2724 3188 2831 3243 fert
2866 3188 3131 3242 Dominus
3175 3187 3574 3250 testimonium,

2011 3289 2241 3342 dicens:
2303 3283 2691 3352 Prwoccupavit
2728 3281 2796 3334 ad
2845 3296 2926 3333 me
2970 3277 3322 3348 sepeliendum
3351 3277 3416 3331 ³⁸.
3469 3275 3577 3330 Ι)οι

2006 3397 2154 3436 mum
2186 3389 2365 3434 autem
2403 3379 2544 3432 bono
2575 3375 2745 3429 odore
2773 3372 3059 3442 repletam,
3092 3385 3193 3440 pro
3225 3377 3341 3422 toto
3372 3367 3578 3421 mundo

2000 3483 2054 3531 et
2111 3472 2368 3527 universo
2407 3470 2541 3522 orbe
2591 3473 2867 3520 terrarum
2923 3461 3176 3516 admonet
3211 3476 3334 3515 esse
3383 3459 3581 3525 intelli-

2001 3565 2267 3633 gendum,
2325 3561 2518 3614 dicens
2569 3575 2582 3610 :
2653 3553 2953 3623 Ubicunque
3016 3552 3362 3621 prwdicatum
3421 3549 3580 3618 fuerit

2001 3655 2096 3708 hoc
2125 3652 2474 3721 Evangelium
2503 3649 2558 3701 in
2588 3655 2699 3698 toto
2727 3643 2943 3706 mundo,
2975 3642 3106 3696 odor
3137 3640 3387 3710 unguenti
3417 3639 3579 3692 simul

2005 3745 2354 3800 distribuetur
2386 3757 2505 3795 cum
2552 3736 2933 3808 prmdicatione
2976 3734 3272 3804 Evangelii,
3317 3741 3366 3786 et
3409 3735 3579 3786 moni-

2005 3847 2258 3900 mentum,
2327 3833 2524 3902 inquit,
2575 3828 2673 3883 erit
2717 3827 2829 3891 eius
2889 3825 3257 3895 Evangelium.
3309 3823 3576 3888 Quoniam

2004 3943 2136 3998 ergo
2172 3932 2227 3982 in
2277 3925 2510 3980 Cantico
2556 3923 2921 3983 canticorum,
2970 3917 3176 3970 nardus
3223 3915 3317 3968 dat
3364 3929 3583 3983 sponsae

2007 4022 2229 4074 odorem
2257 4017 2470 4089 sponsi,
2506 4015 2562 4068 in
2596 4013 2889 4082 Evangelio
2922 4017 3103 4062 autem
3137 4007 3302 4060 totius
3331 4006 3582 4073 corporis

3051 4099 3142 4168 qui
3191 4108 3320 4150 tunc
3359 4097 3583 4149 domum

341 4208 579 4274 implevit
615 4221 631 4260 :
667 4205 897 4259 fortasse
931 4220 1026 4275 per
1071 4204 1185 4258 haec
1213 4204 1490 4260 invenitur
1519 4204 1573 4257 in
1617 4205 1866 4272 utrisque
1900 4207 2078 4276 aliqua
2111 4202 2428 4272 conjunctio
2454 4211 2508 4255 et
2537 4200 2792 4260 societas,
2842 4203 2901 4248 ut
2929 4194 3039 4247 duo
3067 4191 3351 4245 videantur
3391 4204 3576 4242 unum.

409 4298 518 4350 Kal.
547 4296 715 4350 ταῦτα
752 4298 848 4366 μὲν
891 4299 970 4360 εἰς
1000 4297 1279 4349 τοσοῦτον·
1315 4297 1431 4368 ἡδὲ
1467 4297 1664 4368 ἐφεξῆς
1728 4299 1906 4368 ,ῥῆσις

339 4389 688 4458 καταλλήλως
715 4387 813 4457 μὲν
839 4389 905 4458 τῇ
946 4387 1037 4440 τοῦ
1068 4387 1426 4457 ἐπιθαλαμίου
1457 4388 1731 4458 δράματος
1771 4390 1902 4441 ὐπο-

2079 4300 2143 4352 Et
2175 4297 2289 4350 haec
2322 4295 2542 4365 quidem
2581 4294 2866 4346 hactenus.
2912 4287 3046 4353 Quae
3097 4294 3278 4339 autem
3328 4282 3581 4352 sequitur

2009 4389 2198 4452 dictio,
2231 4388 2446 4442 videtur
2470 4385 2690 4455 quidem
2733 4395 3034 4451 congruere
3077 4387 3396 4447 argumento
3459 4377 3576 4444 epi-

342 4479 520 4544 θὲσει,
567 4479 640 4540 ὼς
674 4479 823 4550 παρὰ
857 4477 956 4547 τῆς
986 4480 1041 4530 ὲν
1075 4479 1306 4531 παστάδι
1344 4477 1898 4550 παρεσκευασμένης,

2007 4483 2269 4544 thalamii,
2300 4489 2562 4548 tanquam
2610 4476 2678 4530 ab
2704 4489 2768 4528 ea
2815 4473 3031 4526 dicatur
3060 4484 3182 4539 qua:
3238 4475 3466 4536 paratur
3520 4468 3577 4519 in

339 4571 482 4641 ἔχειν
507 4570 679 4623 δοκεῖ·
713 4571 933 4640 μείζονα
964 4569 1019 4622 δὲ
1051 4570 1142 4622 καὶ
1170 4569 1506 4641 τελειοτέραν
1533 4570 1784 4647 ἐμφαίνει
1801 4590 1908 4647 9::

339 4663 610 4736 λοσοθρίαν,
642 4661 1068 4734 ἢννκατορθῷσαι
1108 4661 1265 4730 μόνον
1292 4661 1398 4714 τῶν
1423 4662 1522 4732 ἤδη
1560 4633 1907 4736 τεξελειωμέ-

339 4737 608 4836 ὧνὲστί.
641 4753 706 4805 Τί
730 4747 821 4806 οὖν
841 4756 956 4805 ἐστι
980 4753 1040 4806 τὸ
1062 4737 1346 4824 εἰρημένον
1367 4771 1381 4819 ;
1425 4754 1780 4823 Ἀπόδεσμος
1798 4755 1906 4824 τῆς

340 4839 613 4913 στακτῆς.
633 4845 953 4913 ἀδελφιδός
983 4863 1102 4914 μου
1129 4845 1280 4916 ἐμοὶ,
1305 4847 1418 4900 ἀνὰ
1439 4847 1632 4916 μέσον
1656 4847 1774 4901 τῶν
1795 4866 1906 4916 μα-

340 4937 501 4991 σθὼν
544 4957 662 5008 μου
705 4936 1157 5005 αὑλισθήσεται.
1206 4939 1375 4991 Φασὶν
1408 4939 1721 5009 ἐπιμέλειαν
1769 4935 1908 4994 εἶναι

340 5033 454 5093 ταῖς
505 5032 852 5101 φιλοκόσμοις
909 5030 1017 5083 τῶν
1069 5030 1372 5098 γυναικῶν,
1429 5031 1504 5101 μὴ
1547 5032 1660 5092 τοῖς
1709 5031 1908 5096 ἔξωθεν

341 5126 762 5194 προκοσμήμασι
811 5125 968 5194 μόνον
1015 5125 1246 5176 ἐπινοεῖν
1287 5123 1506 5185 ἑαυταῖς
1552 5121 1612 5174 τὸ
1663 5121 1756 5173 ἐπὶ
1800 5119 1908 5174 τῶν

343 5214 706 5283 συμϐιούντων
724 5233 736 5245 ·
756 5216 868 5269 ἀλλ’
889 5214 1220 5287 ἐπιτηδεύειν
1239 5215 1325 5266 διά
1345 5231 1487 5276 τινος
1506 5214 1756 5275 εὐπνοίας
1779 5212 1910 5283 ἡδίω

343 5303 411 5355 τά
457 5305 680 5376 σώματα
721 5311 832 5370 τοῖς
883 5306 1088 5360 ἑαυτῶν
1123 5306 1346 5376 ἀνδράσι
1371 5304 1674 5373 φαίνεσθαι,
1702 5304 1762 5356 τὸ
1793 5304 1910 5356 κατ’

345 5396 584 5467 ἁλλήλως
616 5399 869 5469 ἐνεργοῦν
901 5400 1033 5469 πρὸς
1057 5398 1155 5469 τὴν
1175 5397 1430 5466 τοιαύτην
1459 5396 1646 5468 χρείαν
1679 5397 1900 5466 ἄρωμα,

342 5487 489 5551 ἐντὸς
531 5491 627 5559 τῆς
664 5491 803 5541 κατὰ
847 5491 945 5560 τὴν
975 5491 1175 5560 ἐσθῆτα
1207 5489 1496 5561 περιϐολῆς
1525 5486 1905 5559 ἀποκρυπτού-

343 5596 495 5643 σαις,
538 5574 597 5633 οῦ
633 5579 724 5632 τὸν
753 5582 945 5633 οἰκεῖον
977 5583 1146 5652 ἀτμὸν
1172 5581 1496 5645 ἐκδιδόντος,
1541 5579 1634 5633 καὶ
1660 5579 1718 5632 τὸ
1746 5576 1905 5647 σῶμα

338 5674 403 5742 τῇ
438 5670 528 5724 τοῦ
559 5669 849 5742 άρώματος
889 5673 1109 5744 εὐπνοίᾳ
1149 5671 1716 5744 συγκαταχρὼννυται.
1758 5668 1901 5722 Ταύ-

411 5844 455 5878 ³⁶
489 5845 526 5900 ll
550 5846 676 5901 Cor.
711 5861 769 5910 ll,
804 5845 886 5900 l5.
985 5842 1200 5899 “Joan.
1237 5861 1332 5908 xtl,
1363 5845 1414 5898 5.

2009 4576 2293 4639 thalamo;
2335 4573 2536 4627 indicat
2573 4580 2752 4624 autem
2785 4567 3054 4636 majorem
3089 4572 3143 4618 et
3191 4562 3575 4632 perfectiorem

2009 4663 2432 4735 philosophiam,
2485 4674 2649 4728 quam
2700 4666 2849 4711 recte
2887 4654 3117 4723 exsequi
3158 4667 3348 4705 eorum
3379 4659 3464 4704 est
3493 4665 3582 4704 so-

2010 4757 2124 4810 lum
2145 4755 2238 4826 qui
2269 4754 2379 4823 jam
2414 4759 2542 4807 sunt
2565 4748 2817 4819 perfecti.
2854 4745 2994 4812 Quid
3033 4754 3116 4799 est
3143 4758 3274 4812 ergo
3302 4742 3445 4810 quod
3495 4741 3583 4793 di-

2010 4858 2156 4901 ctum
2182 4845 2307 4899 est?
2335 4839 2652 4895 Fasciculus
2687 4837 2915 4908 myrrha:
2946 4833 3206 4902 patruelis
3244 4849 3388 4886 meus
3428 4832 3579 4893 mihi,

2013 4942 2065 4991 in
2085 4937 2254 4991 medio
2277 4937 2492 4986 uberum
2523 4946 2756 4985 meorum
2790 4928 3222 4982 commorabitur.
3267 4927 3433 4978 Aiunt
3460 4933 3576 4978 stn-

2012 5030 2102 5082 dio
2129 5041 2250 5082 esse
2281 5026 2365 5079 sui
2394 5022 2623 5078 ornandi
2647 5021 2862 5090 cupidis
2887 5019 3230 5079 mulieribus,
3255 5032 3364 5070 non
3394 5017 3572 5070 solmn

2013 5117 2256 5174 externis
2288 5129 2588 5186 procurare
2616 5112 2957 5167 ornamentis
2989 5118 3050 5162 ut
3077 5110 3187 5164 sint
3209 5109 3481 5162 amabiles
3509 5107 3578 5160 iis

2013 5209 2106 5280 qui
2137 5223 2260 5262 cum
2297 5207 2434 5276 ipsis
2484 5206 2696 5266 vivunt,
2751 5204 2850 5258 sed
2881 5203 3046 5257 etiam
3094 5201 3226 5254 dare
3257 5213 3480 5268 operam
3521 5205 3579 5249 ut

2016 5319 2110 5372 per
2137 5299 2437 5370 quamdam
2471 5298 2922 5358 suaveolentiam,
2947 5310 3178 5364 corpora
3211 5305 3430 5362 quoque
3455 5291 3572 5344 suis

2011 5393 2224 5446 maritis
2284 5397 2646 5461 congruenter
2733 5389 3018 5443 videantur
3079 5400 3269 5455 agere;
3327 5381 3391 5434 ad
3451 5396 3575 5435 cum

2011 5499 2168 5539 usum
2201 5498 2389 5537 aroma
2421 5483 2564 5536 inter
2597 5497 2710 5538 sua:
2728 5481 2894 5534 vestis
2917 5477 3178 5531 ambitum
3205 5474 3574 5532 occultantes.

2009 5590 2118 5643 quo
2182 5589 2340 5629 suum
2400 5573 2681 5627 emittente
2741 5585 3028 5640 vaporem.
3095 5581 3294 5634 corpus
3359 5578 3579 5633 quoque

2014 5669 2156 5723 bono
2193 5669 2361 5723 odore
2409 5666 2612 5720 halitus
2662 5664 2821 5721 simul
2866 5662 3118 5716 afficitur.
3159 5659 3298 5714 Cum
3333 5657 3444 5710 haec
3479 5669 3575 5707 an-

1494 5841 1709 5897 ”Joan.
1747 5859 1892 5910 sui,
1926 5842 1993 5897 l3
2013 5858 2132 5913 sqq.
