4116 6552
558 399 659 454 82Ἰ
991 395 994 400 “
1793 390 1850 446 5.
1883 383 2183 446 GREGORI

2204 383 2215 437 l
2244 383 2526 442 uvssm
3715 369 3829 425 8‘28

560 531 668 572 tem
703 516 777 572 sit
812 516 868 570 in
905 514 989 570 eis
1039 513 1381 569 consuetudo
1413 511 1766 582 :cujusmodi
1820 518 1905 565 est
1949 507 2123 563 canti-
2152 511 2185 566 Λ

2224 523 2321 576 της
2357 506 2414 559 δὲ
2457 505 2621 576 οὐσης
2669 507 2727 560 ὲν
2769 506 2955 568 αὐτατς
3001 505 3100 574 τῆς
3127 497 3413 572 συνηθείας
3433 535 3449 560 ν
3478 487 3596 548 οἷον
3633 491 3849 582 τολμᾷ.

558 626 684 663 cum
715 608 859 678 quod
902 608 1049 661 canit
1079 606 1239 661 fortis
1269 616 1321 660 et
1337 581 1539 661 excelsi
1573 605 1740 658 animi
1764 603 1950 673 virgo?
1973 600 2122 662 Mihi,

2227 595 2363 667 αῦτη
2397 599 2430 668 ἡ
2485 597 2838 669 μεγαλόφρων
2877 595 3174 667 παρθένος;
3222 590 3396 658 Ἐμοὶ,
3444 581 3826 678 φησὶν,ᾼάώὶ

559 703 758 770 ιιιηιιῑι,
793 709 875 754 est
906 699 1224 760 fasciculus,
1258 713 1420 768 quem
1462 713 1492 751 a
1526 698 1668 751 collo
1720 694 2002 765 suspendo
2032 708 2126 746 su-

2225 667 2437 755 δεσμος,
2464 687 2522 740 ὃν
2549 667 2760 758 ὲξαρτῶ
2791 685 2886 739 τοῦ
2918 683 3144 755 αὐχένος
3171 682 3264 734 ἐπὶ
3292 679 3354 734 τὸ
3384 677 3608 770 στῆθος,
3648 673 3727 726 δι’
3752 667 3823 770 cf:

560 766 654 859 pra
693 798 902 858 pectus,
944 805 1038 858 per
1071 806 1232 860 quem
1272 766 1470 842 bonum
1503 789 1728 842 odorem
1756 786 1968 856 ιιι-εει)εο
2002 799 2126 838 cor-

2225 777 2322 845 την
2361 777 2617 847 εὐοσμίαν
2655 777 2878 848 παρέχω
2920 775 3000 847 τῷ
3041 773 3284 845 σώματι,
3325 771 3424 824 οὐκ
3449 769 3579 822 ἄλλο
3608 785 3684 860 te
3705 766 3821 819 τῶν

559 881 694 948 pori.
731 879 944 932 Nullum
979 889 1156 933 autem
1193 879 1338 932 aliud
1378 895 1441 933 ex
1468 881 1604 933 bene
1641 875 1978 947 spirantibus
2002 889 2124 926 aro-

2226 868 2588 922 εὐπνοούντων
2619 870 2925 939 ἀρωμάτων
2964 867 3132 920 ἐστίν’
3178 865 3291 919 ἀλλ’
3335 862 3494 926 αὐτὸς
3525 863 3554 914 6
3590 857 3821 928 Κύριος

559 967 814 1030 matibus,
875 984 1042 1037 quam
1103 968 1222 1038 ipse
1287 969 1553 1022 Dominus
1603 967 1828 1022 effectus
1882 964 2120 1035 myrrha,

2227 960 2726 1030 στακτὴγενόμενος
2748 959 2988 1028 ἔγκειται
3015 959 3072 1011 ὲν
3107 958 3186 1028 τῷ
3221 953 3511 1023 ἀποδέσμῳ
3537 953 3652 1022 τῆς
3684 967 3818 1002 συν-

559 1061 724 1115 silum
763 1062 928 1116 estin
959 1060 1221 1115 fasciculo
1266 1059 1642 1125 conscientia,
1704 1057 1760 1112 in
1830 1057 1950 1127 ipso
2000 1070 2123 1110 meo

2224 1050 2508 1121 ειδήσεως,
2554 1051 2690 1122 αὐτῇ
2735 1067 2838 1120 μου
2879 1053 2948 1121 τῇ
3006 1048 3204 1119 καρδίᾳ
3242 1044 3690 1114 ὲναυλιζόμενος.
3751 1041 3818 1092 Ἠ

557 1151 722 1204 corde
751 1166 1100 1206 commorans
1129 1160 1183 1206 et
1211 1151 1486 1206 habitans.
1521 1151 1735 1206 Localis
1752 1149 1896 1204 enim
1940 1147 2124 1203 cordis

2223 1143 2331 1210 γὰρ
2349 1141 2546 1213 τοπικὴ
2572 1143 2669 1211 τῆς
2693 1141 2913 1213 καρδίας
2935 1140 3084 1204 θέσις
3110 1142 3167 1193 ἐν
3189 1137 3265 1207 τῷ
3292 1136 3441 1207 μέσῳ
3465 1134 3574 1187 τῶν
3611 1131 3818 1203 μαζῶν

558 1240 799 1308 positura
838 1242 906 1296 ab
936 1243 1004 1297 iis
1037 1243 1130 1312 qui
1157 1258 1218 1296 ea
1254 1254 1380 1298 sunt
1417 1242 1705 1312 speculati,
1759 1241 1966 1296 dicitur
2001 1255 2124 1296 esse

2224 1229 2378 1300 παρά
2421 1229 2530 1285 τῶν
2568 1231 2635 1283 τὰ
2669 1230 2894 1284 τοιαῦτα
2930 1228 3356 1299 ὲπεσκεμμένων
3385 1221 3523 1278 εἶναι
3549 1224 3813 1291 λέγεται.

559 1331 612 1384 in
648 1332 824 1385 medio
859 1334 1107 1387 uberum.
1142 1332 1257 1388 Illic
1289 1343 1468 1400 autem
1497 1333 1631 1386 dicit
1672 1348 1874 1403 sponsa
1907 1347 1966 1386 se
2022 1331 2119 1384 ha-

2236 1321 2381 1372 Ἐκεῖ
2415 1319 2471 1372 δέ
2510 1336 2673 1389 φησιν
2711 1322 2744 1390 ἡ
2785 1318 2972 1390 νύμφη
3005 1319 3147 1390 ἔχειν
3184 1317 3275 1371 τὸν
3298 1314 3631 1385 ἀπόδεσμον,
3673 1315 3739 1365 ἐν
3766 1305 3814 1380 ᾧ

555 1421 684 1476 bere
739 1423 1060 1478 fasciculum
1120 1425 1214 1479 ubi
1262 1405 1465 1479 bunum
1517 1432 1778 1496 tanquam
1829 1425 2121 1478 thesaurus

2220 1411 2370 1482 τόπῳ
2428 1411 2490 1464 τὸ
2539 1411 2742 1480 ἀγαθὸν
2786 1411 3187 1482 θησαυρίζεται.
3240 1409 3405 1463 Ἀλλά
3456 1409 3549 1461 καί
3612 1406 3815 1476 πηγήν

557 1514 888 1568 reconditur.
914 1514 1018 1570 Sed
1047 1524 1101 1570 et
1127 1517 1424 1571 cordicunt
1451 1533 1573 1572 esse
1604 1517 1892 1587 quemdam
1915 1514 2118 1570 fontem

2220 1520 2340 1555 τινα
2371 1501 2463 1555 τοῦ
2508 1503 2567 1555 ὲν
2609 1503 2739 1573 ἡμῖν
2791 1501 3012 1572 θερμοῦ,
3057 1501 3157 1574 τὴν
3203 1501 3428 1572 καρδίαν
3464 1499 3673 1568 φασίν
3713 1498 3810 1564 ἀφ’

556 1604 715 1658 nobis
742 1604 912 1658 innati
941 1605 1168 1669 caloris,
1203 1624 1233 1662 a
1261 1624 1372 1678 quo
1417 1625 1512 1678 per
1534 1609 1772 1663 arterias
1812 1608 1868 1661 in
1901 1606 2122 1660 univer-

2219 1589 2287 1665 ἦς
2317 1592 2408 1646 διὰ
2441 1593 2551 1646 τῶν
2583 1591 2856 1664 ἀρτηριῶν
2893 1592 2978 1661 ἐφ’
3007 1591 3152 1646 ἅπαν
3172 1593 3206 1662 ὴ
3237 1591 3503 1663 θερμότης
3528 1588 3592 1642 τὸ
3636 1588 3811 1657 σῶμα

558 1709 678 1747 sum
744 1709 945 1763 corpus
999 1696 1150 1750 calor
1208 1695 1565 1752 distribuitur
1605 1715 1617 1751 :
1653 1712 1749 1766 per
1784 1711 1943 1766 quem
1987 1695 2122 1749 lium

2221 1684 2675 1754 καταμερίζεται,
2711 1684 2778 1737 δι’
2811 1679 2881 1756 ἦς
2923 1681 3162 1754 ἔνθερμά
3207 1698 3265 1736 τε
3323 1682 3417 1734 καὶ
3465 1679 3686 1744 ζωτικά
3737 1678 3809 1731 τά

555 1783 734 1837 calida
763 1791 819 1838 et
849 1784 1033 1838 vitalia
1067 1787 1310 1840 membra
1343 1787 1618 1856 corporis,
1652 1793 1712 1839 ut
1738 1801 1858 1855 qua:
1893 1784 2116 1840 fovcan-
2147 1837 2180 1856 ῃ

2182 1842 2188 1856 Ι
2223 1775 2358 1846 μέλη
2410 1775 2503 1829 τοῦ
2555 1775 2806 1846 σώματος
2857 1775 3095 1842 γίνεται,
3138 1773 3216 1843 τῷ
3257 1772 3390 1843 πυρὶ
3429 1772 3526 1842 τῆς
3565 1770 3807 1842 καρδίας

555 1881 647 1926 tur
676 1875 746 1928 ab
787 1874 909 1944 igne
945 1875 1153 1930 cordis.
1195 1878 1328 1942 Qum
1364 1893 1496 1948 ergo
1539 1879 1816 1932 inanimae
1860 1877 2116 1931 facultate
2147 1837 2180 1893 ῃ

2180 1837 2656 1940 ιύττοθαλπόμεναί
2714 1837 2796 1921 ἩΫ
2827 1837 3006 1922 τοίνυν
3039 1869 3096 1920 ὲν
3139 1837 3220 1937 τῶ
3263 1837 3575 1938 ἡγεμονίκῷ
3617 1837 3805 1933 παρα-

556 1965 919 2033 principatum
950 1974 1169 2022 tenente
1203 1969 1450 2038 suscepit
1477 1971 1678 2023 bonum
1725 1967 1928 2023 Christi
1979 1967 2117 2020 odo-

2214 1961 2476 2032 δεξαμένη
2516 1961 2614 2032 τὴν
2654 1959 2888 2032 Χριστοῦ
2917 1959 3163 2023 εὐωδίαν,
3195 1959 3289 2012 καὶ
3317 1957 3414 2025 τὴν
3442 1956 3682 2027 καρδίαν
3705 1957 3805 2009 αὐ-

555 2069 691 2118 rem,
719 2065 770 2110 et
803 2071 901 2110 cor
933 2073 1093 2112 suum
1129 2057 1258 2113 fecit
1305 2059 1627 2114 fasciculum
1680 2060 1846 2128 hujus
1884 2057 2117 2120 suflitus,

2215 2053 2312 2124 τῆς
2353 2053 2609 2124 ένδεσμον
2649 2052 2743 2106 τοῦ
2791 2052 3032 2106 τοιούτου
3088 2053 3354 2122 ποιήσασα
3409 2049 3797 2119 θυμιάματος.

555 2163 614 2202 se
644 2149 716 2201 ita
746 2158 1044 2219 comparat,
1092 2158 1151 2204 ut
1198 2151 1380 2204 omnia
1412 2150 1726 2221 singulatim
1767 2151 1892 2204 vitae
1917 2149 2120 2210 studia.

2218 2147 2394 2200 πάντα
2418 2145 2486 2198 τά
2525 2144 2646 2198 καθ’
2673 2145 2902 2197 ἕκαστον
2941 2143 3036 2197 τοῦ
3068 2143 3183 2214 βίου
3207 2140 3616 2211 ἐπιτηδεύματα
3635 2182 3652 2202 ,
3686 2134 3800 2192 οἷόν

553 2247 811 2310 tanquam
839 2241 1072 2309 alicujus
1099 2243 1346 2312 corporis
1375 2244 1615 2296 membra
1642 2241 1886 2296 ferveant
1916 2241 2113 2311 spiritu

2219 2255 2362 2300 τινος
2409 2236 2656 2307 σώματος
2688 2236 2822 2308 μέλη
2844 2237 2985 2302 ξέειν
3031 2231 3436 2305 παρασκευάζει
3474 2230 3552 2301 τῷ
3581 2233 3652 2284 ὲκ
3697 2231 3800 2300 τῆς

552 2333 643 2399 qui
673 2348 735 2387 ex
765 2335 932 2388 corde
959 2343 1227 2404 permeat,
1253 2334 1402 2388 nulla
1435 2334 1719 2404 iniquitate
1738 2334 1792 2387 in
1811 2333 1921 2387 ullo
1945 2347 2118 2387 mem-

2223 2329 2448 2402 καρδίας
2480 2329 2716 2400 διήκοντι
2757 2328 3057 2399 πνεύματι,
3102 2326 3370 2396 μηδεμιᾶς
3417 2322 3652 2392 ἀνομίας
3696 2322 3797 2389 τὴν

552 2423 652 2478 bro
680 2425 932 2494 corporis
956 2425 1314 2496 refrigerante
1333 2425 1682 2482 dilectionem
1711 2426 1767 2480 in
1810 2426 2000 2481 Deum.

2223 2420 2359 2491 πρὸς
2383 2419 2476 2473 τὸν
2503 2418 2634 2472 Θεὸν
2667 2418 2886 2488 ἀγάπην
2928 2419 2986 2470 ὲν
3018 2416 3206 2488 μηδενὶ
3239 2413 3388 2486 μέλει
3411 2410 3505 2466 τοῦ
3535 2410 3797 2481 σώματος

2219 2511 2656 2582 καταψυχούσης.

625 2600 732 2655 Sed
762 2611 1111 2656 transeamus
1142 2601 1210 2656 ad
1242 2601 1295 2655 id
1344 2600 1491 2671 quod
1551 2601 1809 2670 deinceps
1845 2601 2110 2670 sequitur.

2302 2603 2442 2656 Ἀλλ’
2464 2603 2556 2656 ἐπὶ
2580 2602 2671 2655 τὸν
2697 2600 2823 2671 ἑξῆς
2847 2599 3003 2668 λόγον
3031 2597 3391 2669 μετέλθωμεν.
3439 2593 3795 2664 ’Δκούσωμεν

552 2693 854 2748 Audiamus
887 2693 1018 2762 quid
1037 2693 1324 2764 abundans
1345 2694 1473 2748 vitis
1497 2692 1566 2747 de
1595 2693 1712 2748 suis
1765 2692 1892 2746 dicit
1925 2691 2118 2746 fructi-

2218 2695 2270 2748 τί
2304 2697 2335 2765 ὴ
2364 2693 2603 2765 ἄμπελος
2627 2695 2662 2763 ὴ
2696 2691 2996 2763 εὐθηνοῦσα
3039 2691 3164 2764 περὶ
3201 2688 3311 2740 τῶν
3341 2685 3566 2757 καρπῶν
3611 2684 3789 2753 αὐτῆς

551 2783 679 2850 bus,
707 2798 826 2852 qua).
857 2783 910 2836 in
949 2785 1204 2839 omnibus
1242 2784 1506 2839 lateribus
1555 2783 1754 2838 domus
1801 2783 1918 2846 Dei,
1970 2782 2114 2838 sicut

2224 2787 2558 2856 διαλέγεται,
2605 2788 2638 2858 ἡ
2681 2787 2736 2838 ἐν
2780 2787 2913 2838 πᾶσι
2965 2787 3077 2847 τοῖς
3119 2783 3322 2836 κλίτεσι
3375 2780 3474 2851 τῆς
3521 2779 3618 2832 τοῦ
3653 2777 3791 2831 Θεοῦ

550 2870 684 2925 dicit
729 2870 993 2941 Propheta
1007 2873 1076 2938 ",
1105 2872 1441 2936 extenditur,
1487 2882 1542 2927 et
1575 2887 1671 2942 per
1701 2871 1986 2942 pampinos
2021 2872 2107 2925 di—

2219 2877 2414 2942 οίκίας,
2463 2877 2644 2940 καθώς
2708 2895 2873 2948 φησιν
2902 2878 2930 2929 6
2952 2875 3263 2948 Προφήτης,
3285 2871 3662 2943 διηπλωμένη,
3697 2870 3791 2924 καὶ

552 2962 804 3018 lectionis
831 2963 1011 3016 divina
1033 2963 1486 3018 circuuwolvitur
1511 2962 1642 3024 vita,
1658 2969 1714 3016 et
1739 2961 1792 3014 in
1823 2974 1986 3030 quam
2006 2975 2112 3014 non

2219 2968 2309 3023 διὰ
2331 2969 2441 3022 τῶν
2468 2969 2568 3038 τῆς
2596 2967 2815 3039 ἀγάπης
2856 2967 3050 3020 ὲλίκων
3089 2962 3536 3036 περιελισσομένη
3568 2965 3637 3032 τῇ
3671 2961 3791 3032 θείᾳ

549 3052 695 3105 cadit
726 3053 996 3107 interitus.
1031 3051 1245 3111 Botrus,
1275 3051 1470 3120 inquit,
1503 3049 1664 3120 Cypri
1683 3050 1940 3118 patruelis
1971 3065 2114 3102 meus

2220 3080 2281 3116 τε
2309 3062 2404 3115 καὶ
2435 3060 2694 3133 ἀκηράτῳ
2725 3059 2860 3129 ζωῇ.
2904 3059 3157 3124 Βότρυς,
3188 3054 3348 3126 φησὶ,
3381 3052 3490 3121 τῆς
3539 3051 3787 3120 Κύπρου

551 3143 682 3195 mihi
715 3143 769 3196 in
805 3144 967 3198 vineis
1003 3142 1270 3214 Engaddi.
1307 3141 1443 3209 Quis
1463 3149 1548 3197 est
1576 3140 1711 3195 adeo
1756 3140 1965 3206 beatus,
2007 3141 2116 3194 imo
2143 3167 2176 3224 ε

2164 3167 2186 3224 3
2218 3152 2537 3222 ἁδελφιδός
2564 3169 2679 3221 μου
2700 3151 2829 3220 ἐμοὶ
2858 3151 2927 3204 ἐν
2946 3148 3296 3218 ἀμπελῶσιν
3325 3145 3657 3217 Ἐγγτιδδεί.
3691 3144 3789 3206 Τίς

552 3249 678 3288 vero
707 3234 831 3304 quis
882 3234 1018 3288 adeo
1067 3249 1282 3288 omnem
1336 3244 1564 3305 superat
1614 3233 2027 3301 beatitudinem,
2059 3245 2118 3290 ut

2217 3243 2360 3298 οὕτω
2393 3243 2690 3316 μακάριος,
2725 3241 2920 3312 μᾶλλον
2960 3241 3017 3294 δὲ
3048 3240 3129 3304 τίς
3154 3239 3294 3292 οὕτω
3317 3239 3576 3309 κρείττων
3602 3238 3784 3306 πάσης

551 3340 710 3378 suum
736 3324 973 3378 fructum
1012 3324 1202 3380 videns
1235 3327 1287 3379 in
1317 3326 1436 3393 ipso
1458 3342 1570 3380 sua:
1598 3326 1800 3381 anima:
1837 3326 2014 3389 botro.
2038 3329 2118 3384 vi-

2220 3328 2648 3408 μακαριότητος,
2691 3333 2830 3387 ὥστε
2890 3333 2979 3386 τὸν
3035 3332 3165 3386 [διον
3211 3320 3446 3402 καρπὸν’
3477 3331 3691 3402 βλέπων
3731 3331 3785 3381 ὲν

551 3411 676 3467 deat
707 3413 879 3467 vinea:
909 3413 1230 3468 dominum?
1277 3413 1412 3469 Vide
1439 3415 1584 3468 enim
1621 3430 1888 3485 quantum
1921 3419 2113 3485 crevit,

2215 3429 2362 3499 αὐτῴ
2385 3428 2462 3498 τῷ
2479 3427 2662 3498 βότρυῖ
2689 3426 2788 3496 τῆς
2815 3423 3004 3478 ἑαυτοῦ
3024 3423 3197 3495 ψυχῆς
3220 3425 3350 3494 δρᾷν
3376 3422 3467 3476 τὸν
3483 3421 3575 3474 τοῦ
3599 3424 3782 3492 ἀμπε-

551 3521 672 3574 quae
695 3507 749 3559 in
778 3520 877 3560 sua
910 3505 1082 3559 nardo
1113 3506 1300 3575 sponsi
1328 3507 1534 3560 bonum
1573 3510 1827 3573 cognovit
1864 3511 2112 3577 halitum,

2215 3521 2380 3584 λῶνος
2429 3519 2729 3590 δεσπότην;
2771 3518 2901 3571 Ἰδοὺ
2934 3515 3043 3586 γὰρ
3088 3516 3212 3569 ὅσον
3238 3512 3446 3586 ηὐξήθη
3490 3517 3546 3568 ὲν
3573 3518 3642 3584 τῇ
3682 3512 3783 3583 ἰδίᾳ

551 3598 774 3668 myrrha
811 3613 933 3667 qua:
956 3597 1189 3666 seipsam
1224 3595 1350 3650 fecit
1381 3597 1804 3663 odoriferam,et
1828 3601 2008 3655 cordis
2038 3600 2117 3654 fa-

2215 3611 2392 3682 νάρδῳ
2419 3609 2513 3664 τοῦ
2533 3608 2764 3680 νυμφίου
2787 3605 3081 3674 ἐπιγνοῦσα
3102 3605 3200 3675 τὴν
3221 3603 3493 3668 εῦπνοιαν,
3512 3606 3546 3673 ἠ
3575 3600 3779 3670 στακτὴ

555 3685 766 3742 sticulo
797 3686 1074 3756 complexa
1105 3699 1311 3750 aroma,
1363 3695 1424 3741 ut
1465 3688 1568 3742 sibi
1601 3701 1861 3760 perpetuo
1911 3708 2118 3763 perma-

2216 3702 2362 3772 αὐτῷ
2378 3700 2583 3770 εὐώδης
2603 3698 2962 3770 ποιησαμένη,
2980 3699 3072 3752 καὶ
3091 3695 3415 3751 διαλαϐοῦσα
3443 3695 3510 3766 τῷ
3529 3694 3632 3765 τῆς
3649 3711 3779 3765 καρ-

553 3791 683 3836 neat
736 3783 939 3836 bonum
994 3799 1270 3856 nunquam
1305 3785 1670 3854 expirandum
1695 3826 1712 3850 ,
1749 3787 1808 3840 fit
1836 3795 2008 3842 mater
2038 3787 2118 3842 di-

2215 3795 2331 3858 δίας
2357 3793 2597 3863 ὲνδέσμῳ
2623 3791 2686 3844 τὸ
2726 3791 2924 3861 ἀρωμα
2947 3831 2962 3853 .
3005 3790 3081 3853 ὡς
3121 3788 3186 3843 ἃν
3215 3785 3518 3858 παραμένοι
3553 3787 3692 3856 αὐτῇ
3723 3783 3779 3836 τὸ

553 3874 663 3927 vini
699 3875 861 3937 botri,
885 3875 1123 3944 quiante
1158 3875 1466 3944 passionem
1499 3877 1721 3948 quidem
1756 3879 2041 3951 έκύπριζε,
2063 3879 2116 3934 id

2215 3887 2414 3956 ἀγαθὸν
2454 3883 2745 3946 διαπαντὸς
2790 3883 3208 3945 ἀδιάπνευστον,
3268 3879 3450 3949 μήτηρ
3489 3876 3582 3931 τοῦ
3636 3876 3776 3929 θείου

552 3973 658 4026 est,
695 3963 940 4029 florebat,
975 3966 1028 4018 in
1057 3966 1308 4035 pas~ione
1338 3975 1518 4022 autem
1542 3969 1726 4023 vinum
1752 3969 2069 4026 effundebat
2097 3992 2110 4027 :

2217 3979 2437 4050 βότρυος
2469 3976 2710 4045 γίνεται,
2735 3973 2830 4026 τοῦ
2861 3973 2966 4042 πρὸ
2995 3971 3092 4042 μὲν
3121 3968 3214 4024 τοῦ
3248 3968 3454 4032 πάθους
3489 3966 3777 4039 κυπρίζον-

557 4056 739 4110 viuum
769 4057 913 4112 enim
948 4071 1044 4111 cor
1084 4059 1362 4113 lastillcans
1397 4057 1475 4120 lit,
1523 4068 1578 4114 et
1617 4063 1935 4115 nominatur
1985 4079 2116 4118 san-

2214 4089 2336 4134 τος,
2380 4070 2516 4140 ὅπερ
2556 4067 2703 4120 ἐστὶν
2736 4064 3055 4126 ἀνθοῦντος,
3087 4065 3144 4115 ὲν
3165 4061 3219 4114 δὲ
3241 4061 3320 4131 τῷ
3339 4059 3497 4113 πάθει
3522 4058 3612 4112 τὸν
3642 4055 3776 4112 οἶνον

553 4147 678 4215 guis
708 4163 824 4201 uva:
847 4155 969 4216 post
999 4149 1272 4217 passionis
1315 4151 1699 4207 mconomiam.
1745 4151 1880 4206 Cum
1933 4165 2114 4210 autem

2215 4161 2555 4232 προχέοντος.
2570 4158 2630 4210 '0
2651 4158 2758 4227 γὰρ
2779 4156 2877 4226 τὴν
2891 4153 3113 4226 καρδίαν
3131 4150 3434 4222 εὐφραίνων
3454 4145 3616 4212 οἶνος,
3641 4143 3773 4217 αἷμα

557 4237 712 4290 botro
736 4237 982 4291 fruamur
1008 4237 1320 4307 dupliciter,
1363 4255 1556 4310 nempe
1587 4248 1641 4296 et
1694 4258 1816 4297 cum
1845 4244 1944 4301 flos
1972 4247 2115 4301 bono

2216 4249 2492 4320 σταφυλῆς
2533 4247 2669 4318 μετὰ
2705 4246 2805 4316 τὴν
2842 4243 2935 4296 τοῦ
2970 4243 3176 4305 πάθους
3219 4241 3527 4310 οἰκονομίαν
3571 4235 3772 4307 γίνεταί

554 4327 722 4382 odire
748 4343 951 4382 sensus
974 4328 1230 4392 delectat,
1261 4337 1315 4382 et
1341 4345 1464 4385 cum
1509 4330 1691 4387 fructu
1725 4334 1838 4402 jam
1873 4337 2114 4405 perfecto

2213 4361 2273 4396 τε
2319 4341 2413 4395 καὶ¹
2461 4337 2802 4408 ὀνομάζεται.
2844 4333 3044 4403 Διπλῆς
3079 4327 3171 4385 οὖν
3199 4329 3364 4400 οὖσης
3388 4331 3445 4383 ὲν
3482 4328 3560 4399 τῷ
3594 4328 3772 4397 βότρυῖ

554 4432 677 4470 eum
710 4416 1048 4470 comedendo
1077 4419 1406 4487 voluptatem
1455 4422 1723 4490 capimus.
1765 4433 1859 4478 aut
1894 4441 2016 4481 cum
2057 4431 2111 4484 in

2213 4438 2312 4506 τῆς
2353 4430 2735 4490 ἀπολαύσεως·
2781 4426 2880 4497 τῆς
2924 4426 3019 4495 μὲν
3053 4425 3118 4477 ὲκ
3161 4423 3254 4475 τοῦ
3283 4421 3493 4483 ἄνθους,
3527 4421 3656 4473 ὅταν
3691 4419 3771 4470 εὐ·

553 4509 806 4564 convivio
852 4509 979 4562 vino
1000 4507 1363 4565 exhilaramur
1391 4529 1406 4566 :
1443 4511 1530 4566 hic
1555 4528 1754 4582 sponsa
1801 4518 2011 4572 accedit
2043 4521 2111 4576 ad
2143 4506 2178 4560 Π

2148 4506 2187 4560 D
2217 4526 2415 4599 φραίνῃ
2440 4527 2506 4595 τῇ
2522 4521 2745 4593 εὐοδμία
2769 4518 2837 4572 τά
2869 4517 3191 4588 αἰσθητήρια
3211 4533 3223 4545 ·
3251 4514 3350 4583 τῆς
3381 4513 3435 4567 δὲ
3461 4511 3546 4566 διὰ
3561 4511 3656 4564 τοῦ
3693 4524 3773 4561 τε.

556 4600 773 4654 botrum
803 4599 1085 4654 florentem
1115 4609 1172 4654 ut
1211 4601 1522 4668 fructificet,
1541 4619 1768 4674 cyprum
1798 4610 2112 4680 nominans,

2219 4617 2529 4680 λειωθέντος
2558 4615 2656 4686 ἢδη
2691 4609 2904 4683 καρποῦ
2925 4649 2941 4675 ,
2965 4611 3091 4662 ὅταν
3117 4608 3334 4678 ὑπάρχῃ
3371 4605 3489 4657 κατ’
3531 4600 3769 4669 ἐξουσίαν

553 4692 742 4748 ﬂorem
783 4692 928 4748 vitis.
969 4692 1072 4758 Qui
1105 4695 1249 4747 enim
1281 4704 1445 4751 natus
1473 4705 1558 4752 est
1586 4697 1743 4752 nobis
1771 4715 1905 4768 puer
1929 4699 2111 4772 Jesus,

2219 4709 2252 4778 ἢ
2275 4707 2372 4776 τῆς
2403 4705 2655 4776 βρώσεως
2677 4700 3046 4770 κατατρυφᾷν,
3070 4697 3103 4768 ἢ
3126 4699 3182 4748 ἐν
3207 4692 3523 4765 συμποσίοις
3557 4690 3634 4761 τῷ
3653 4690 3770 4756 οἴνῳ

553 4783 644 4852 qui
681 4783 734 4836 in
761 4783 830 4837 iis
861 4783 954 4852 qui
1001 4783 1178 4854 ipsum
1219 4793 1581 4854 susceperunt
1613 4786 1830 4843 diverse
1878 4791 2113 4859 proficit,

2220 4794 2629 4868 φαιδρύνεσθαι·
2671 4790 2905 4845 ἐνταῦθα
2939 4789 3078 4842 αἰτεῖ
3111 4788 3144 4856 ἡ
3189 4784 3372 4854 νύμφη
3402 4782 3494 4834 τὸν
3516 4779 3768 4834 ἀνθοῦντα

555 4873 820 4942 sapientia
852 4883 906 4927 et
924 4881 1083 4928 aetate
1108 4882 1165 4929 et
1203 4875 1403 4944 gratia,
1435 4891 1538 4930 non
1565 4884 1650 4932 est
1673 4877 1814 4934 idem
1846 4879 1902 4934 in
1933 4884 2112 4937 Omni-

2211 4891 2402 4964 βότρυν
2450 4883 2847 4956 καρποφορεῖν,
2897 4879 3102 4948 κύπρον
3158 4875 3257 4946 τὴν
3325 4874 3602 4964 οἱνάνθην*

556 4962 689 5022 bus,
725 4961 818 5016 sed
861 4977 961 5031 pro
988 4963 1148 5017 modo
1169 4963 1288 5032 ejus
1313 4965 1364 5017 in
1397 4979 1505 5032 quo
1535 4974 1636 5032 est,
1652 4976 1920 5038 quatenus
1948 4972 1995 5028 is
2017 4975 2112 5044 qui

2209 4960 2566 5048 ονομάζουσα.
2590 4972 2662 5024 Τὸ
2681 4970 2789 5043 γὰρ
2802 4967 3042 5039 γεννηθὲν
3053 4968 3181 5038 ἡμῖν
3195 4964 3410 5018 παιδίον
3429 4960 3655 5033 Ἰησοῦς,
3670 4962 3698 5014 6
3715 4961 3767 5011 ὲν

557 5055 735 5124 ipsum
771 5055 918 5123 capit
962 5063 1046 5110 est
1074 5054 1322 5118 idoneus,
1347 5056 1470 5111 talis
1511 5068 1869 5128 apparet,aut
1899 5061 2103 5130 infans,

2208 5073 2319 5135 τοῖς
2346 5066 2657 5136 δεξαμένοις
2696 5063 2859 5119 αὐτὸν
2892 5060 3169 5131 διαφόρως
3208 5057 3531 5128 προκόπτων
3555 5095 3570 5118 ,
3616 5050 3768 5120 σοφίᾳ.

556 5151 655 5199 aut
690 5145 1004 5215 proficiens,
1053 5152 1146 5198 aut
1196 5143 1491 5214 perfectus,
1549 5151 1936 5207 convenienter
1975 5153 2115 5210 bOIri

2211 5179 2268 5216 τε
2308 5161 2402 5215 καὶ
2445 5157 2630 5230 ἡλικίᾳ⁵
2672 5156 2767 5208 καὶ
2815 5153 3030 5224 χάριτι,
3062 5151 3163 5204 οὐκ
3211 5151 3269 5202 ὲν
3332 5148 3496 5201 πᾶσιν
3547 5146 3576 5198 6
3618 5139 3765 5202 αὐτός

558 5247 807 5290 naturae:
844 5237 934 5305 qui
976 5251 1086 5291 non
1152 5251 1368 5307 semper
1413 5239 1658 5294 cernitur
1701 5241 1755 5294 in
1789 5243 1901 5296 vite
1934 5244 1986 5298 in
2025 5260 2116 5300 ea-

2216 5255 2383 5314 έστιν,
2417 5249 2550 5304 ἀλλά
2581 5247 2718 5320 πρὸς
2747 5245 2807 5299 τὸ
2850 5243 3045 5316 μέτρον
3076 5242 3168 5296 τοῦ
3192 5244 3248 5294 ὲν
3271 5233 3313 5308 ᾧ
3333 5239 3556 5308 γίνεται,
3597 5231 3765 5291 καθὼς

559 5331 679 5384 dem
706 5327 899 5393 forma,
933 5328 1028 5383 sed
1062 5329 1296 5384 formam
1329 5338 1505 5384 mutat
1538 5346 1662 5386 cum
1701 5340 1972 5404 tempore,
2019 5337 2117 5393 llo-

2212 5344 2278 5398 ἂν
2321 5345 2350 5396 ὁ
2375 5341 2565 5412 χωρῶν
2605 5339 2766 5393 αὐτὸν
2811 5335 3009 5398 ἱκανῶς
3065 5333 3183 5404 ἔχῃ,
3220 5330 3459 5393 τοιοῦτος
3505 5327 3762 5412 φαίνεται,

503 5411 506 5416 ’
564 5432 714 5481 rens,
741 5433 992 5482 vernans,
1019 5418 1313 5487 perfectus,
1367 5429 1637 5484 maturus,
1681 5425 1865 5480 vinum
1917 5427 2117 5486 factus.

2214 5433 2576 5507 ἢνηπιάζων,
2621 5433 2654 5503 ἢ
2707 5430 3048 5504 προκόπτων,
3098 5427 3132 5496 ἢ
3200 5422 3588 5492 τελειούμενος,
3636 5411 3765 5507 κατὰ

544 5508 847 5580 V‘Promittit
862 5524 990 5580 ergo
1019 5509 1179 5564 vinea
1221 5509 1399 5565 fructu
1435 5528 1556 5577 suo,
1607 5515 1703 5583 qui
1733 5518 1973 5572 nondum
2002 5536 2118 5574 ma-

2214 5527 2314 5594 τὴν
2341 5524 2432 5578 τοῦ
2465 5524 2688 5595 βότρυος
2721 5521 2880 5591 φύσιν
2909 5537 2926 5554 ο
2951 5519 3010 5582 ὃς
3041 5517 3101 5570 οὐ
3133 5516 3361 5570 πάντοτε
3395 5511 3532 5582 μετά
3561 5506 3654 5562 τοῦ
3674 5502 3761 5595 αθ-

572 5611 731 5657 turus
759 5610 814 5656 et
853 5603 1205 5670 tempestivus
1232 5611 1313 5660 est
1349 5603 1416 5657 ad
1453 5603 1664 5667 viuum,
1713 5606 1807 5662 scd
1841 5620 2120 5679 exspectat

2217 5617 2312 5669 τοῦ
2370 5615 2542 5679 εἴδους
2565 5594 2569 5595 ν
2591 5614 2684 5668 ἐπὶ
2712 5613 2808 5683 τῆς
2835 5610 3081 5682 ἀμπέλου
3120 5608 3331 5679 ὁρᾶται,
3363 5602 3498 5659 ἀλλά
3531 5594 3763 5665 συνεξαλυ

639 5783 682 5814 δ’
708 5781 850 5837 Psal.
881 5797 1082 5840 cum.
1121 5789 1174 5839 λι.
