4110 6516
529 419 628 474 851

1793 420 1849 475 S.
1874 414 2196 475 GREGOBII
2223 415 2516 474 NYSSENI

3657 407 3774 464 833

601 537 772 592 Aiunt
801 549 898 590 eos
927 535 1015 606 qui
1053 550 1246 590 aurum
1277 543 1395 590 arte
1423 543 1752 606 expurgant,
1788 537 1834 592 si
1867 551 1962 606 per
1991 535 2095 588 ali-

2267 536 2402 588 Φασὶ
2427 536 2552 598 τοὺς
2584 532 2644 586 τὸ
2675 529 2896 604 χρυσίον
2933 527 3374 598 ἐκκαθαίροντας,
3407 527 3455 580 εί
3489 525 3580 582 διά
3620 543 3778 589 τινος

531 645 694 698 quam
709 627 1064 684 sordidiorem
1083 629 1362 682 materiam
1381 629 1448 683 de
1466 629 1734 684 industria
1757 629 2093 698 permistam,

539 723 830 776 obscurata
866 721 1028 773 fuerit
1061 720 1415 790 pulchritudo
1447 720 1777 791 Spletidoris.
1828 735 1921 788 per
1955 719 2097 788 ignis

538 812 808 866 fusionem
865 811 1037 864 colori
1091 809 1289 865 afferre
1337 813 1660 874 remedium,
1689 820 1744 866 et
1795 811 1898 865 hoc
1955 825 2098 880 sarpe

538 905 738 968 facere,
768 913 820 958 ct
879 904 932 957 in
966 904 1210 972 qualibet
1265 903 1484 960 fusione
1519 904 1891 966 considerare,
1925 919 2098 974 quan-

539 1003 652 1047 tum
684 995 876 1047 aurum
931 1004 1054 1064 post
1107 995 1342 1064 priorem
1403 996 1458 1049 in
1513 996 1872 1066 sequentibus
1937 995 2099 1048 fuerit

537 1085 879 1150 coloratius,
929 1101 1106 1156 neque
1161 1087 1316 1155 prius
1363 1101 1583 1141 cessare
1633 1087 1758 1156 igne
1817 1088 2098 1140 materiam

539 1189 864 1244 expurgare,
898 1191 1061 1246 quam
1113 1177 1232 1247 ipsa
1264 1177 1385 1230 auri
1426 1177 1640 1247 species
1673 1176 1776 1230 sibi
1827 1175 1932 1246 ipsi
1963 1176 2102 1232 ferat

541 1267 932 1332 testimonium,
968 1267 1112 1338 quod
1147 1269 1222 1324 sit
1253 1284 1389 1339 pura
1421 1280 1474 1322 et
1512 1267 1739 1324 minime
1770 1267 2098 1322 adulterina.

539 1357 786 1424 Quanam
822 1367 1006 1412 autem
1057 1359 1124 1414 de
1174 1376 1361 1422 causa,
1393 1377 1580 1414 eorum
1616 1375 1738 1431 quae.
1784 1360 1926 1415 lecta
1973 1370 2104 1414 sunt

543 1455 867 1516 praesentem
926 1457 1229 1504 tractantes
1284 1451 1844 1520 contemplationem,
1905 1450 2101 1504 borum

544 1535 979 1600 meminerimus,
1015 1539 1104 1591 fiet
1127 1539 1288 1594 nobis
1311 1539 1662 1594 manifestum
1695 1557 1760 1594 ex
1788 1541 1908 1610 ipso
1933 1556 2101 1596 sensu

542 1641 732 1680 eorum
761 1643 882 1696 quae
909 1629 1114 1698 scripta
1149 1639 1297 1684 sunt.
1332 1632 1510 1685 Aurea
1548 1633 1617 1686 ab
1664 1633 1821 1686 initio
1851 1641 1970 1688 erat
1999 1633 2104 1686 hu-

545 1729 705 1768 mana
739 1726 955 1784 natura,
987 1727 1042 1774 et
1097 1721 1453 1790 resplendens
1484 1723 1866 1787 similitudine,
1901 1739 2024 1794 quze
2058 1725 2108 1779 ei

547 1804 917 1862 intercedebat
968 1824 1091 1864 cum
1144 1813 1288 1866 bono
1337 1813 1576 1880 sincero,
1623 1825 1676 1870 et
1729 1815 1782 1870 in
1809 1795 1958 1885 quod
2000 1832 2106 1870 non

2207 626 2599 697 ῥυπαρωτέρας
2619 623 2750 694 ’ύλης
2781 621 2906 676 κατ’
2929 619 3183 688 ἐπιϐολὴν
3212 617 3569 690 ἐμμιχθείσης
3587 621 3774 688 ἀμαυ-

2207 717 2406 788 ρωθείη
2434 716 2534 785 τῆς
2547 713 2888 784 λαμπηδόνος
2916 712 2975 764 τὸ
3005 712 3218 775 κάλλος,
3245 713 3312 782 τῇ
3337 708 3426 762 διὰ
3460 708 3556 762 τοῦ
3595 710 3776 780 πυρὸς

2203 811 2401 882 χωνείᾳ
2428 807 2750 876 θεραπεύειν
2773 804 2869 876 τὴν
2894 803 3198 874 δυσχροίαν,
3215 801 3310 854 καὶ
3331 799 3588 864 πολλάκις
3610 801 3779 854 τοῦτο

2205 903 2398 964 ποιεῖν,
2447 899 2541 952 καὶ
2593 897 2714 951 καθ’
2748 896 2983 964 ἑκάστην
3008 892 3234 964 χωνείαν
3268 893 3614 956 ἐπισκοπεῖν,
3645 893 3780 945 ὅσον

2208 990 2359 1064 παρὰ
2382 989 2479 1060 τὴν
2512 989 2778 1060 προτέραν
2807 987 2864 1040 ἐν
2891 988 3001 1049 τοῖς
3034 984 3232 1054 ἐφεξῆς
3269 985 3488 1052 γέγονεν
3515 984 3546 1036 ὁ
3571 985 3780 1054 χρυσὸς

2210 1083 2594 1156 εὐχροώτερος,
2617 1082 2710 1134 καὶ
2733 1079 2806 1152 μὴ
2825 1080 3083 1150 πρότερον
3109 1075 3378 1132 παύεσθαι
3403 1076 3480 1147 τῷ
3511 1077 3645 1148 πυρὶ
3669 1076 3782 1147 τὴν

2212 1177 2343 1248 ὓλην
2363 1173 2852 1244 ἀποκαθαίροντας,
2868 1171 2972 1234 ἕως
2987 1170 3120 1224 αὐτὸ
3134 1169 3354 1241 χρυσίου
3365 1168 3426 1221 τὸ
3441 1160 3574 1232 εἶδος
3593 1166 3784 1237 ἐαυτῷ

2213 1269 2538 1339 μαρτυρήσῃ
2589 1264 2649 1318 τὸ
2668 1263 2904 1335 καθαρόν
2951 1278 3010 1314 τε
3035 1261 3128 1314 καὶ
3167 1259 3570 1331 ἁκιδδήλευτον.
3613 1259 3786 1323 Τίνος

2210 1359 2266 1412 δέ
2319 1357 2478 1428 χάριν
2502 1355 2600 1425 τῆς
2632 1353 2912 1424 παρούσης
2939 1350 3482 1421 τῶνάνεγνωσμένων
3539 1349 3786 1422 θεωρίας

2213 1447 2522 1520 ἁπτόμενοι,
2553 1447 2757 1500 τούτων
2804 1445 2904 1514 τὴν
2931 1444 3150 1514 μνήμην
3181 1441 3575 1512 ἐποιησάμεθα,
3617 1442 3788 1512 δῆλον

2213 1545 2342 1615 ἡμῖν
2375 1539 2436 1606 ἐξ
2463 1539 2632 1608 αὐτῆς
2659 1539 2759 1608 τῆς
2787 1534 3022 1598 διανοίας
3055 1534 3166 1588 τῶν
3192 1534 3590 1608 γεγραμμένων
3613 1536 3786 1606 γενή-

2216 1653 2384 1689 σεται.
2421 1633 2612 1705 Χρυσῆ
2633 1649 2712 1694 τις
2737 1625 2804 1700 ἦν
2827 1629 2885 1681 τὸ
2907 1627 3184 1698 καταρχὰς
3204 1631 3237 1698 ὴ
3256 1626 3564 1698 ἀνθρωπίνη
3595 1627 3784 1696 φύσις,

2215 1728 2306 1782 καὶ
2321 1727 2610 1796 λάμπουσα
2631 1723 2697 1794 τῇ
2719 1725 2855 1794 πρὸς
2877 1721 2938 1774 τὸ
2961 1721 3236 1792 ἀκήρατον
3257 1718 3458 1787 ἀγαθὸν
3471 1719 3746 1789 ὁμοιότητι
3769 1737 3788 1750 ·

2215 1817 2350 1872 ἀλλὰ
2375 1816 2636 1888 δύσχρους
2669 1815 2760 1868 καὶ
2799 1813 3024 1885 μέλαινα
3061 1811 3198 1882 μετά
3237 1809 3394 1863 τοῦτο
3419 1812 3488 1880 τῇ
3527 1809 3788 1880 ἐπιμιξίᾳ

545 1897 691 1951 cadit
721 1898 974 1955 interitus
1004 1919 1016 1954 :
1047 1901 1142 1956 sed
1193 1903 1416 1957 decolor
1445 1913 1499 1958 et
1549 1905 1700 1976 nigra
1751 1917 1938 1976 postea
1971 1907 2110 1962 facta

2221 1911 2311 1979 τῆς
2364 1909 2562 1969 κακίας
2629 1905 2864 1973 ἐγένετο,
2915 1902 3097 1966 καθὼς
3147 1904 3206 1956 ἐν
3259 1902 3373 1964 τοῖς
3418 1900 3652 1970 πρώτοις
3683 1900 3786 1953 τοῦ

544 1997 630 2042 est
679 2004 776 2058 per
828 1987 1212 2048 admistionem
1239 1995 1378 2059 vitii,
1408 1999 1682 2064 quomodo
1735 1998 1788 2053 in
1843 1999 2112 2068 principio

545 2077 754 2134 Cantici
783 2081 1092 2137 audivimus
1121 2099 1378 2154 sponsam
1403 2087 1699 2152 dicentem,
1723 2091 1870 2159 quod
1901 2091 2112 2162 nigram

545 2183 665 2223 eam
687 2169 877 2226 fecerit
901 2175 1227 2244 negligentia
1248 2177 1511 2232 custodiae
1545 2181 1732 2242 vineae,
1749 2181 2115 2250 cujuscnrans

545 2261 950 2320 deformitatem
1001 2267 1095 2336 qui
1151 2267 1204 2322 in
1253 2269 1522 2339 sapientia
1577 2274 1759 2324 omnia
1817 2273 2116 2328 fabricatur

551 2352 718 2418 Deus,
751 2371 860 2409 non
893 2358 1241 2412 machinatur
1277 2360 1330 2414 in
1359 2375 1424 2414 ea
1479 2377 1674 2416 novam
1707 2363 1948 2434 aliquant
1995 2381 2117 2436 qum

549 2461 658 2499 non
693 2448 847 2516 prius
875 2457 992 2503 erat
1023 2451 1512 2520 pulchritudinem,
1545 2453 1639 2508 sed
1665 2470 1758 2524 per
1785 2457 2114 2512 solutionem

551 2537 616 2589 ad
649 2539 884 2606 priorem
915 2539 1132 2594 reducit
1166 2544 1419 2610 gratiam,
1463 2559 1583 2598 eam
1628 2561 1748 2614 quae
1782 2547 1914 2602 vitio
1941 2547 2117 2604 fuerat

552 2629 876 2698 nigrefacta,
931 2629 1210 2686 fundendo
1260 2649 1323 2688 ac
1384 2635 1673 2708 conﬂando
1723 2637 1996 2695 deducens
2049 2641 2116 2695 ad

551 2721 918 2776 sinceritatem
951 2723 1003 2778 in
1034 2739 1196 2792 quam
1229 2741 1339 2780 non
1362 2729 1505 2782 cadit
1536 2729 1808 2786 interitus.
1838 2731 2119 2799 Quomodo

550 2827 680 2882 ergo
725 2814 882 2882 periti
931 2823 984 2869 et
1035 2817 1324 2887 diligentes
1385 2821 1678 2885 aurifices,
1721 2833 1842 2892 post
1889 2827 2116 2894 primam

555 2904 822 2958 fusionem
859 2907 1210 2961 considerant
1235 2920 1437 2978 quanta
1467 2913 1858 2981 pulchritudini
1885 2917 2023 2971 facta
2047 2919 2119 2974 sit

551 2996 796 3050 accessio
827 2997 1085 3062 materiae,
1114 3001 1272 3068 cujus
1326 3001 1518 3057 sordes
1569 3004 1691 3073 igne
1735 3005 1952 3062 fuerant
1983 3025 2118 3064 .con-

553 3095 820 3156 sumptaa:
853 3099 906 3146 et
931 3105 1124 3146 rursus
1155 3089 1296 3146 facta
1326 3095 1564 3149 secunda
1609 3095 1844 3163 fusione,
1871 3102 2120 3158 conside-

2218 2001 2493 2072 ’ᾼσματος
2510 1999 2608 2068 τῆς
2631 1997 2846 2068 νύμφης
2863 1995 3070 2064 ἡκούσα
3077 2011 3195 2064 μεν,
3227 1993 3309 2046 ὅτι
3341 1991 3594 2062 μέλαιναν
3613 1990 3788 2062 αὐτὴν

2215 2093 2468 2162 ἐποίησεν
2498 2092 2532 2160 ἡ
2564 2088 2658 2142 τοῦ
2689 2085 3008 2158 ἀμπελῶνος
3046 2084 3325 2156 ὀλιγωρία,
3368 2077 3437 2154 ἦς
3467 2082 3788 2153 θεραπεύων

2215 2185 2312 2256 τὴν
2341 2181 2678 2254 δυσμορφίαν
2725 2183 2752 2232 ὁ
2785 2178 2960 2232 πάντα
2987 2178 3044 2232 ἐν
3075 2176 3234 2246 σοφίᾳ
3273 2175 3594 2244 τεχνιτεύων
3621 2173 3780 2238 Θεὸς,

2215 2278 2274 2330 οὐ
2310 2276 2494 2330 καινόν
2525 2291 2578 2326 τι
2600 2271 2791 2333 κάλλος
2823 2271 2909 2324 ἐπ’
2938 2268 3103 2338 αὐτὴν
3137 2267 3462 2338 μηχανᾶται,
3492 2265 3522 2318 ὃ
3545 2267 3618 2336 μὴ
3648 2266 3788 2336 πρό-

2215 2385 2372 2440 τερον
2411 2362 2500 2437 ἦν,
2551 2364 2660 2418 ἀλλ’
2699 2361 2791 2416 ἐπὶ
2820 2362 2920 2432 τὴν
2953 2359 3178 2430 πρώτην
3209 2357 3472 2426 ἐπανάγει
3499 2357 3678 2427 χάριν,
3716 2356 3786 2410 δι’

2215 2461 2524 2522 ἀναλύσεως
2557 2457 2655 2528 τὴν
2687 2456 2767 2526 τῷ
2813 2453 2968 2523 κακῷ
3020 2451 3371 2523 μελανθείσαν
3397 2448 3784 2522 μεταχωνεύων

2219 2556 2353 2627 πρὸς
2375 2555 2435 2608 τὸ
2461 2554 2758 2622 ἀκήρατον.
2792 2549 2894 2602 "Oc
2905 2563 3003 2616 περ
3040 2545 3215 2598 τοίνυν
3239 2546 3286 2596 οἱ
3317 2543 3561 2612 ἀκριϐεῖς
3585 2556 3782 2610 χρυσο-

2217 2645 2494 2717 γνώμονες
2543 2641 2680 2713 μετά
2726 2637 2824 2710 τὴν
2869 2635 3090 2707 πρώτην
3123 2633 3349 2704 χωνείαν
3377 2629 3783 2693 ἐπισκοποῦσιν,

2217 2743 2338 2794 ὅσον
2369 2736 2638 2791 ἐπέδωκεν
2685 2733 2766 2796 εἰς
2800 2729 2990 2792 κάλλος
3011 2729 3045 2798 ἡ
3079 2726 3180 2796 ὕλη
3212 2724 3290 2796 τῷ
3318 2725 3453 2795 πυρὶ
3487 2723 3579 2776 τὸν
3611 2724 3781 2792 ῥύπον

2220 2829 2658 2900 ἐνδαπανὴσασα·
2710 2823 2806 2878 καὶ
2866 2820 3025 2874 πάλιν
3057 2817 3312 2888 δευτέρας
3345 2815 3632 2884 γεγονυίας
3667 2831 3782 2884 χω-

2219 2926 2386 2987 νείας,
2421 2921 2566 2992 εἰμὴ
2597 2917 2796 2980 ἱκανῶς
2839 2913 2988 2984 παρὰ
3013 2912 3109 2983 τὴν
3137 2910 3360 2980 πρώτην
3403 2907 3786 2978 άπεκαθάρθη.

2217 3019 2280 3070 τὸ
2309 3013 2602 3088 προστεθὲν
2634 3009 2827 3071 κάλλος
2856 3004 3275 3072 ἐπιλογίζονται,
3306 3002 3397 3055 καὶ
3431 2999 3686 3063 πολλάκις
3725 2999 3788 3052 rb

2223 3112 2336 3164 [σον
2386 3104 2687 3166 ποιοῦντες,
2720 3100 2810 3156 ἀεὶ⁸
2838 3099 2935 3162 τὰς
2973 3097 3066 3150 τοῦ
3097 3095 3326 3158 κάλλους
3357 3092 3667 3163 προσθήκας
3697 3089 3790 3144 διὰ

552 3187 678 3230 rant
715 3193 895 3234 annon
937 3181 1118 3236 addita
1156 3183 1410 3254 inprima
1464 3187 1598 3242 satis
1625 3203 1920 3262 expurgata
1959 3192 2117 3248 fuerit

2221 3203 2321 3272 τῆς
2347 3194 2768 3268 ἐπιστημονικῆς
2793 3188 3113 3260 δοκιμασίας
3145 3183 3620 3279 ἐπιγινωσκουσινο
3649 3181 3792 3279 ούτω
3841 3223 3860 3236 .

553 3267 936 3336 pulchritudo,
988 3281 1041 3328 et
1075 3290 1218 3344 saepe
1283 3278 1486 3345 pariter
1549 3278 1845 3347 facientes,
1907 3298 2120 3354 semper

553 3371 856 3430 agnoscunt
891 3379 986 3434 per
1021 3365 1394 3434 probationem
1436 3386 1504 3425 ex
1533 3372 1758 3426 scientia
1799 3375 2118 3444 profectam,

555 3455 902 3510 accessiones
932 3457 1353 3525 pulchritudinis
1387 3461 1496 3515 :ita
1543 3463 1706 3516 etiam
1739 3480 1884 3518 nunc
1907 3455 2122 3536 quoque

555 3548 650 3614 qui
682 3563 815 3602 auro
849 3549 1152 3618 nigrefacto
1180 3552 1402 3608 adhibet
1439 3555 1764 3619 remedium,
1798 3573 1924 3612 cum
1955 3561 2119 3616 veluti

556 3641 794 3708 quadam
827 3641 1040 3698 fusione
1068 3643 1326 3700 adhibitis
1377 3645 1788 3706 medicamentis
1821 3651 2022 3708 claram
2055 3669 2120 3709 ac

557 3732 784 3786 nitidam
821 3733 1149 3790 reddidisset
1199 3737 1482 3792 animam:
1515 3739 1570 3792 in
1615 3741 1684 3794 iis
1737 3743 1954 3811 quidem
2002 3761 2123 3814 qua:

555 3835 978 3894 praecesserunt,
1010 3827 1292 3896 cujusdam
1334 3830 1483 3900 equi,
1513 3832 1564 3884 in
1595 3849 1662 3887 eo
1696 3835 1839 3902 quod
1876 3847 2120 3906 apparet,

555 3917 608 3969 ei
657 3932 758 3971 suo
806 3919 1120 3974 testimonio
1169 3921 1362 3975 tribuit
1415 3923 1920 3992 pulchritudinem:
1977 3946 2123 3986 nunc

2217 3293 2312 3350 καὶ
2357 3289 2452 3344 νῦν
2495 3291 2525 3340 ὁ
2575 3279 2916 3355 θεραπευτὴς
2972 3277 3066 3332 τοῦ
3117 3275 3470 3348 μελανθέντος
3527 3273 3788 3344 χρυσίου,

2219 3383 2467 3451 καθάπερ
2493 3379 2600 3432 τινὶ
2629 3375 2774 3448 χώνη
2798 3371 2974 3443 ψυχὴν
3004 3368 3337 3440 λαμπρύνας
3361 3366 3451 3421 διὰ
3475 3367 3582 3418 τῶν
3611 3381 3782 3436 προσ-

2219 3475 2492 3546 αχθέντων
2543 3469 2680 3539 αὐτῇ
2745 3463 3050 3554 φαρμάκων
3071 3476 3084 3489 ·
3133 3462 3192 3512 ἐν
3233 3458 3330 3554 μέν
3365 3459 3476 3520 τοῖς
3525 3454 3794 3554 φθάσασιν

2221 3567 2387 3620 ἵππου
2431 3559 2576 3622 τινὸς
2627 3555 2929 3626 εὐμορφίαν
2963 3549 3038 3619 τῷ
3065 3547 3370 3619 φαινομένῳ
3410 3547 3794 3619 προσεμαρτύ-

2231 3674 2360 3731 ρησε
2387 3673 2399 3685 ·
2435 3653 2528 3708 νῦν
2577 3650 2634 3704 δὲ
2675 3649 2750 3711 ὡς
2797 3645 3068 3717 παρθένου
3113 3639 3297 3694 λοιπὸν
3359 3637 3686 3731 ἀποδέχεται
3731 3634 3796 3731 τδ

2228 3724 2496 3818 άναςρανέν
2533 3743 2670 3812 αὐτῇ
2697 3739 2908 3801 κάλλος.
2943 3735 3078 3805 Φησὶ
3106 3734 3243 3804 γάρ·
3286 3730 3440 3785 Ἰδοὺ
3470 3724 3528 3783 εἷ
3543 3726 3724 3793 καλὴ,
3752 3725 3794 3792 ἡ

2228 3838 2496 3906 πλησίον
2547 3851 2684 3904 μου,
2727 3829 2854 3885 ἰδοὺ
2903 3823 2959 3882 εἷ
3009 3823 3199 3893 καλή·
3255 3825 3308 3877 ol
3342 3821 3635 3892 ὀφθαλμοί
3673 3835 3794 3872 σου

2229 3925 2587 3998 περιστεραί.

559 4017 743 4064 autem
805 4021 1062 4082 tanquam
1117 4015 1343 4086 virginis
1399 4015 1465 4070 de
1517 4027 1716 4074 caetero
1773 4034 2124 4092 apparentem
2203 4023 2440 4080 admittit
2487 4019 2606 4089 ejus
2663 4009 3144 4086 pulchritudinem-
3207 4005 3349 4060 θίεῖι
3401 4004 3594 4060 enim:
3662 4000 3800 4057 Ειτο

557 4108 776 4174 pulchra
803 4123 878 4165 es.
904 4111 1195 4176 propinqua
1217 4125 1352 4174 mea,
1376 4127 1488 4164 erce
1512 4113 1732 4179 pulchra
1759 4131 1834 4169 es.
1864 4117 2020 4172 Oculi
2043 4124 2120 4174 lui
2157 4118 2428 4175 columbae.

631 4194 797 4250 Docet
820 4207 997 4251 autem
1027 4199 1198 4252 oratio
1224 4215 1320 4268 per
1344 4215 1407 4255 ea
1433 4217 1552 4270 qua:
1577 4205 1777 4273 scripta
1801 4215 1951 4273 sunt,
1981 4211 2123 4264 hanc

561 4286 982 4353 pulchritudinis
1031 4303 1154 4343 esse
1205 4292 1680 4360 resumptionem,‘
1729 4298 1875 4365 quod
1931 4317 2124 4358 rursus

563 4377 1021 4446 appropinqnarit
1047 4394 1186 4432 verae
1221 4381 1632 4449 pulchritudini,
1665 4401 1694 4438 a
1729 4403 1834 4456 qua
1875 4395 2122 4448 recessit.

561 4468 704 4522 Dicit
729 4469 874 4522 enim
901 4487 914 4522 :
951 4469 1084 4524 Ecce
1113 4471 1331 4536 pulchra
1353 4488 1430 4534 es,
1457 4475 1748 4544 propinqua
1795 4495 1928 4533 mea.
1957 4481 2126 4554 Prop-

2293 4205 2546 4263 Παιδεύει
2571 4201 2658 4255 διὰ
2685 4199 2794 4253 τῶν
2828 4195 3132 4268 εἰρημένων
3163 4193 3190 4246 ὁ
3219 4191 3391 4260 λόγος,
3421 4189 3622 4258 ταύτην
3653 4183 3796 4240 εἶναι

2221 4300 2314 4354 τοῦ
2344 4297 2572 4358 κάλλους
2621 4293 2722 4361 ’τὴν
2783 4285 3144 4358 ὲπανάληψιν,
3191 4285 3252 4337 τὸ
3285 4283 3512 4352 πλησίον
3545 4279 3796 4350 γενέσθαι

2223 4392 2320 4462 τῆς
2367 4387 2462 4441 τοῦ
2511 4383 2675 4440 καλοῦ
2731 4383 2932 4450 πηγῆς,
2987 4379 3080 4430 καὶ
3131 4376 3490 4447 προσεγγίσαι
3529 4372 3686 4425 πάλιν
3716 4371 3798 4462 τῷ

2223 4481 2460 4551 ἀληθινῷ
2493 4476 2700 4539 κάλλει,
2745 4468 2805 4528 οὗ
2840 4470 3194 4541 ἀπεφοίτησε.
3227 4469 3364 4538 Φησὶ
3387 4469 3525 4536 γάρ·
3565 4465 3710 4520 Ἰδοὺ
3741 4461 3799 4518 εἷ

561 4566 731 4622 terea,
765 4559 960 4628 inquit,
1005 4569 1166 4615 antea
1197 4577 1304 4616 non
1339 4578 1460 4618 eras
1495 4566 1718 4634 pulchra
1745 4611 1758 4632 ,
1799 4570 1944 4638 quod
1985 4552 2117 4626 mala

2228 4574 2408 4640 καλὴ,
2439 4574 2476 4639 ἡ
2500 4568 2764 4635 πλησίον
2777 4583 2916 4635 μου.
2949 4563 3048 4618 Διά
3067 4561 3224 4614 τοῦτο
3242 4559 3501 4631 πρότερον
3516 4558 3616 4666 ούκ
3637 4552 3782 4628 ἦσθα

559 4647 677 4700 vitii
711 4651 1242 4719 appropinquatione
1273 4667 1302 4704 a
1345 4655 1606 4722 primaria
1655 4657 1960 4715 abalienata
1999 4665 2124 4732 pul-
2155 4647 2200 4686 u‘

561 4740 891 4802 cltritudine.
937 4751 1304 4810 transmutata
1361 4745 1530 4801 fueris
1579 4749 1645 4802 ad
1697 4750 2124 4809 deformitatem.

563 4833 622 4886 ld
663 4844 846 4888 autem
875 4836 1022 4904 quod
1049 4836 1254 4892 dicitur
1275 4846 1360 4893 est
1378 4839 1646 4908 ejusmodi
1665 4857 1678 4894 :
1699 4842 1877 4897 Liberi
1915 4846 2125 4901 arbitrii

562 4937 734 4992 rapax
769 4925 918 4980 facta
945 4934 1031 4982 est
1057 4927 1296 4984 humana
1326 4939 1544 4995 natura,
1579 4941 1636 4986 et
1679 4932 1750 4986 ad
1799 4934 1943 5002 quod
2003 4950 2124 4990 eam

563 5016 714 5070 ducit
739 5017 973 5072 instituti
1007 5019 1090 5074 sui
1123 5019 1406 5076 electionis
1437 5023 1742 5088 inclinatio,
1775 5040 1841 5080 ex
1871 5040 1936 5080 eo
1962 5027 2124 5080 etiam

565 5115 829 5164 mutatur.
859 5107 992 5164 Nam
1017 5121 1072 5166 et
1099 5112 1144 5166 si
1171 5111 1265 5166 ira:
1291 5114 1596 5183 susceperit
1637 5123 1844 5170 motum
1867 5155 1882 5179 ,
1911 5116 1971 5170 lit
2017 5117 2127 5170 ira-

563 5202 741 5258 cunda
769 5222 786 5258 :
815 5215 868 5259 et
891 5204 938 5258 si
965 5203 1304 5259 dominatum
1337 5206 1634 5260 obtinuerit
1685 5208 1978 5278 cupiditas,
2011 5211 2125 5264 sol-

563 5294 710 5348 vitur
746 5295 800 5348 in
831 5297 1182 5364 voluptatem.
1231 5295 1388 5362 Quod
1413 5298 1458 5352 si
1487 5297 1554 5352 ad
1579 5310 1784 5354 metum
1806 5307 1859 5354 et
1887 5299 2131 5354 formidi-

567 5403 688 5442 nem
719 5397 771 5441 et
803 5389 1048 5457 singulas
1083 5389 1250 5442 animi
1305 5391 1745 5459 perturbationes
1789 5391 1931 5445 facta
1966 5391 2132 5446 fuerit

569 5481 878 5547 conversio,
921 5481 1068 5536 subit
1097 5482 1302 5538 formas
1329 5485 1766 5554 uniuscujusque
1799 5485 1966 5539 animi
2008 5501 2131 5554 per-

569 5572 898 5628 turbationis
926 5591 939 5627 :
973 5575 1246 5644 quomodo
1275 5577 1437 5630 etiam
1469 5583 1658 5630 contra
1685 5575 1898 5640 lenitas,
1921 5577 2132 5647 patien-

572 5665 668 5727 tia,
699 5667 926 5733 puritas,
957 5683 1082 5736 pax,
1114 5669 1208 5722 irae
1233 5685 1342 5724 non
1388 5685 1510 5724 esse
1561 5669 1880 5733 obnoxium,
1911 5669 2134 5737 aegritu-

571 5753 696 5808 dine
744 5771 930 5812 carere
978 5767 1032 5812 ct
1063 5760 1332 5824 molestia,
1383 5760 1604 5813 minime
1637 5759 1969 5829 perturbari,
2021 5757 2131 5812 haec

571 5848 754 5904 omnia
786 5865 908 5904 cum
944 5853 997 5906 in
1031 5867 1088 5907 se
1110 5861 1432 5921 susceperit,
1475 5851 1908 5924 uniuscujusque
1937 5851 2132 5905 horum

2233 4664 2394 4734 καλὴ,
2423 4663 2554 4716 διότι
2585 4657 2680 4712 τοῦ
2709 4655 3014 4728 ἀρχετύπου
3041 4652 3268 4715 κάλλους
3311 4649 3706 4716 ἀποξενωθεῖσα
3727 4651 3792 4718 τῇ

2233 4755 2446 4824 πονηρᾷ
2476 4750 2768 4821 γειτνιάσει
2811 4747 2910 4818 τῆς
2939 4745 3135 4808 κακίας
3161 4743 3297 4816 πρὸς
3339 4743 3400 4796 τὸ
3446 4741 3681 4812 εἰδεχθὲς
3703 4739 3797 4810 ὴλ-

2231 4846 2478 4915 λοιὼθης.
2513 4843 2586 4895 Tb
2607 4843 2662 4894 δὲ
2684 4841 2973 4910 λεγόμενον
3006 4837 3242 4891 τοιοῦτόν
3273 4836 3411 4888 ἐστι’
3435 4833 3664 4902 Δεκτική
3689 4831 3798 4884 τῶν

2231 4939 2374 4992 κατὰ
2397 4936 2620 5005 γνώμην
2653 4935 2872 5002 γέγονεν
2905 4933 2938 5000 ἡ
2969 4927 3283 5001 ἀνθρωπίνη
3325 4927 3506 4996 φύσις,
3543 4929 3635 4979 καὶ
3663 4925 3797 4994 πρὸς

2231 5029 2366 5099 ὅπερ
2399 5027 2464 5082 ἂν
2517 5029 2550 5096 ή
2613 5025 2752 5094 ῥοπὴ
2781 5024 2877 5092 τῆς
2907 5023 3275 5092 προαιρέσεως
3309 5019 3474 5088 αὐτὴν
3509 5019 3651 5086 ἄγει,
3679 5017 3794 5070 κατ’

2231 5122 2405 5174 ἐκεῖνο
2423 5120 2516 5172 καὶ
2545 5113 2974 5170 ἁλλοιοῢται.Τοῦ
2997 5129 3053 5166 τε
3075 5113 3182 5184 γὰρ
3201 5110 3369 5181 θυμοῦ
3389 5109 3794 5180 παραδεξαμένη

2230 5211 2292 5264 τὸ
2318 5211 2504 5276 πάθος,
2537 5207 2790 5279 θυμώδης
2818 5207 3028 5274 γίνεται
3051 5221 3066 5236 ο
3099 5204 3193 5258 καὶ
3223 5204 3322 5274 τῆς
3353 5201 3646 5272 ἐπιθυμίας
3677 5202 3796 5254 ἐπι-

2231 5303 2618 5374 κρατησάσηςρ
2657 5302 2738 5364 είς
2798 5298 2987 5369 ἡδονὴν
3009 5295 3303 5350 διαλύεται.
3333 5293 3474 5366 Πρὸς
3515 5293 3712 5347 δειλίαν
3735 5309 3794 5346 τε

2233 5395 2328 5448 καὶ
2350 5395 2531 5464 φόϐον,
2554 5391 2736 5446 καὶτὰ
2761 5389 2882 5446 καθ’
2909 5391 3134 5444 ἕκαστον
3163 5389 3308 5458 πάθη
3337 5388 3436 5451 τῆς
3461 5388 3633 5457 ῥοπῆς
3658 5403 3794 5454 γενο-

2237 5487 2403 5557 μένης
2433 5484 2530 5547 τὰς
2573 5485 2803 5538 ἑκάστου
2853 5481 2960 5536 τῶν
3012 5479 3194 5534 παθῶν
3231 5479 3441 5550 μορφὰς
3471 5478 3757 5532 ὑποδύεται
3778 5493 3791 5508 ·

2239 5579 2427 5646 ὥσπερ
2473 5575 2537 5645 δὴ
2575 5575 2670 5628 καὶ
2699 5575 2762 5628 ἐκ
2799 5573 2890 5626 τοῦ
2925 5572 3168 5624 ἐναντίου
3217 5569 3282 5624 τὸ
3331 5568 3702 5640 μακρόθυμον.
3737 5567 3796 5618 τὸ

2241 5666 2498 5737 καθαρὸν,
2547 5665 2607 5718 το
2636 5665 2926 5732 εἰρηνικὸν,
2963 5662 3024 5714 τὸ
3053 5662 3342 5732 ἀόργητον,
3373 5659 3432 5714 τὸ
3483 5659 3707 5716 ἄλυπον,
3737 5655 3798 5710 τὴ

2241 5759 2522 5829 εὐθαρσὲς,
2548 5757 2608 5809 τὸ
2645 5756 2932 5824 ἀπτόητον,
2965 5756 3140 5808 πάντα
3163 5752 3336 5808 ταῦτα
3363 5756 3420 5806 ἐν
3449 5753 3616 5820 ἑαυτῇ
3645 5749 3798 5812 δείξαι

2247 5851 2402 5920 μένη,
2456 5849 2682 5902 ἑκάστου
2721 5847 2922 5900 τούτων
2969 5844 3313 5916 ἐπισημαίνει
3353 5843 3443 5896 τὸν
3481 5841 3797 5914 χαρακτῆρα
