4116 6494
331 403 439 461 833

1384 407 1451 462 ΙΝ
1478 404 1771 462 CANTICA
1802 407 2068 465 CANTIC.
2096 410 2371 466 IIOMIIJA
2406 413 2489 467 IV.

3454 424 3560 479 854

325 524 391 591 τῇ
420 518 745 573 καταστάσει
774 518 872 590 τῆς
893 520 1068 591 ψυχῆς
1099 521 1157 575 έν
1179 520 1445 591 ἀταραξίᾳ
1473 520 1888 591 γαληνιάζουσα.

1993 522 2171 590 signat
2198 524 2568 579 characterem
2624 541 2819 581 sereno
2866 541 2928 581 ac
2959 528 3257 597 tranquillo
3305 530 3558 588 minime-

324 614 621 685 Συμϐαίνει
642 614 820 667 τοίνυν
844 614 1063 684 ἀμέσως
1089 614 1223 685 πρὸς
1244 614 1339 685 τὴν
1360 614 1557 667 κακίαν
1573 616 1671 682 τῆς
1697 612 1895 684 ἀρετῆς

323 704 642 774 διεστώσης,
697 704 772 774 μὴ
802 704 1059 759 δύνασθαι
1093 705 1232 758 κατά
1258 706 1452 760 ταύτὸν
1489 706 1794 775 ἀμφότερον
1818 704 1896 774 τῷ

326 795 406 848 ἑνὶ
442 795 869 864 παραγίνεσθαι·
888 798 917 848 6
943 797 1051 867 γὰρ
1080 795 1173 849 τοῦ
1217 798 1513 867 σωφρονεῖν
1546 796 1806 858 ἀποστὰς,
1837 797 1897 848 ἐν

324 888 404 957 τῷ
426 888 711 958 ἀκολάστῳ
744 888 960 951 πάντως
984 888 1324 958 γίνεταιβίῳ,
1364 888 1457 940 καὶ
1485 890 1514 940 6
1533 888 1622 940 τὸν
1653 886 1896 956 ἀκάθαρ-

324 995 417 1030 τον
450 978 837 1048 βδελυξάμενος
865 977 999 1047 βίον,
1021 976 1381 1047 κατώρθωσεν
1409 979 1547 1048 ὲντῇ
1578 978 1892 1046 ἀποστροφῇ

324 1070 419 1122 τοῦ
473 1070 644 1123 κακοῦ
681 1070 741 1121 τὸ
776 1070 1093 1140 ἀμόλυντον.
1128 1069 1284 1123 Οὕτω
1316 1069 1410 1122 καὶ
1436 1069 1601 1123 τᾶλλα
1631 1068 1828 1129 πάντα,
1865 1069 1894 1120 6

324 1161 699 1233 ταπεινόφρων
723 1163 821 1232 τῆς
851 1162 1228 1233 ὑπερηφανίας
1267 1160 1611 1233 κεχώρισται,
1642 1162 1735 1215 καὶ
1756 1163 1782 1214 6
1806 1161 1893 1214 διὰ

323 1254 420 1307 τού
450 1253 618 1323 τύφου
662 1254 851 1306 ἑαυτὸν
897 1253 1225 1322 ἐξογκώσας,
1265 1255 1363 1327 τὴν
1401 1252 1894 1325 ταπεινοφροσύνην

324 1342 605 1396 ἀπώσατο.
652 1342 761 1394 Καὶ
798 1343 849 1395 τί
883 1344 988 1414 χρὴ
1018 1343 1087 1396 τά
1134 1344 1254 1397 καθ’
1284 1344 1511 1398 ἕκαστον
1532 1344 1757 1412 λέγοντα
1777 1345 1893 1397 δια-

321 1434 567 1505 τρίϐειν;
608 1431 731 1496 Πῶς
777 1436 868 1486 ἐπὶ
914 1434 1022 1487 τῶν
1043 1435 1431 1506 ἀντικειμένων
1464 1438 1529 1507 τῇ
1559 1437 1767 1507 φύσειή
1796 1436 1892 1489 τοῦ

323 1527 442 1589 ἑνὸς
476 1525 709 1577 ἀπουσία
748 1524 896 1587 θέσις
933 1526 1027 1578 καὶ
1072 1525 1303 1596 ὓπαρξις
1342 1525 1435 1579 τοῦ
1463 1527 1647 1598 ἑτέρου
1664 1527 1890 1596 γίνεται,

322 1617 466 1670 οὕτω
484 1616 660 1669 τοίνυν
676 1616 903 1687 ἐχούσης
923 1618 1078 1687 ἡμῶν
1102 1618 1197 1687 τῆς
1209 1619 1593 1689 προαιρέσεως,
1612 1620 1728 1671 κατ’
1746 1618 1895 1684 ἐξου-

324 1708 447 1761 σίαν
476 1708 619 1778 ἔχειν
668 1701 821 1779 ᾧπερ
854 1708 920 1761 ἂν
960 1708 1117 1778 ἐθέλῃ
1161 1709 1333 1780 τούτῳ
1378 1710 1889 1780 συσχηματίζεσθαι,

323 1798 503 1862 καλῶς
531 1816 660 1869 φησι
683 1799 815 1870 πρὸς
839 1799 935 1869 τὴν
957 1798 1329 1869 ὡραιωθεῖσαν
1356 1800 1385 1851 6
1420 1800 1574 1869 λόγος
1594 1818 1607 1831 ·
1631 1802 1711 1855 ὅτι
1735 1802 1891 1854 Ἀπο-

324 1893 497 1945 στᾶσα
535 1892 631 1961 μὲν
660 1890 759 1960 τῆς
810 1892 903 1943 τοῦ
935 1889 1104 1943 κακοῦ
1138 1890 1418 1952 κοινωνίας
1451 1892 1572 1963 ἐμοὶ¹
1596 1894 1893 1963 προσήγγι-

324 2000 425 2047 σας
444 2000 456 2013 ·
490 1983 837 2053 πλησιάσασα
878 1982 933 2035 δὲ
957 1981 1035 2053 τῷ
1084 1982 1362 2053 ἀπροσίτῳ
1386 1983 1591 2046 κάλλει,
1622 1984 1715 2036 καὶ
1756 1984 1892 2055 αὐτὴ

324 2076 463 2145 καλὴ
480 2076 731 2144 γέγονας,
762 2071 872 2129 οἷόν
900 2093 950 2128 τι
997 2074 1299 2147 κάτοπτρον
1339 2074 1417 2145 τῷ
1445 2074 1561 2145 ὲμῷ
1585 2076 1891 2148 χαρακτῆρι

262 2194 265 2201 -
323 2167 763 2239 ἔμμορφωθείσα.
797 2168 1099 2237 Κατόπτρῳ
1127 2165 1234 2239 γάρ
1281 2165 1455 2220 ἔοικεν
1486 2167 1560 2231 ὡς
1589 2166 1803 2237 ἀληθῶς
1831 2167 1893 2221 τὸ

322 2257 660 2328 ἀνθρώπινον
712 2256 852 2309 κατὰ
898 2255 997 2318 τὰς
1049 2255 1156 2309 τῶν
1210 2255 1581 2327 προαιρέσεων
1626 2256 1899 2326 ἐμφάσεις.

324 2348 806 2420 μεταποιούμενον.
838 2349 934 2401 "Av
964 2364 1025 2403 τε
1048 2347 1157 2418 γάρ
1188 2350 1386 2420 χρυσὸν
1411 2350 1526 2412 ἴδοι,
1552 2349 1748 2419 χρυσὸς
1770 2349 1895 2417 φαίη-

320 2460 493 2506 νεται,
516 2442 608 2494 καὶ
630 2440 729 2503 τάς
772 2440 941 2503 αὑτὰς
979 2440 1152 2509 αὐγάς
1183 2441 1281 2511 τῆς
1310 2440 1441 2511 ὕλης
1465 2440 1551 2493 διὰ
1579 2441 1678 2511 τῆς
1711 2441 1892 2511 ἐμφά-

321 2552 460 2598 σεως
488 2534 756 2587 δείκνυσιν
776 2550 790 2563 ⁸
824 2534 888 2588 ἄν
910 2534 971 2586 τέ
996 2551 1049 2586 τι
1076 2534 1187 2587 τῶν
1216 2532 1468 2604 είδεχθῶν
1491 2533 1773 2604 έμφανείη,
1801 2535 1893 2587 καὶ

318 2627 511 2679 τούτου
540 2626 602 2678 τὸ
625 2623 809 2696 αἶσχος
830 2625 896 2678 δι’
924 2624 1235 2695 ὁμοιώσεως
1273 2625 1647 2692 ἀπομάσσεται
1663 2662 1679 2688 ,
1697 2623 1889 2696 βάτραο

320 2719 415 2788 χόν
442 2736 583 2782 τινα,
622 2718 654 2788 ἢ
688 2716 913 2789 φρῦνον.
947 2717 981 2786 ἢ
1033 2718 1447 2789 σκολόπενδραν,
1477 2717 1511 2788 ἦ
1547 2717 1671 2771 ἄλλο
1696 2735 1750 2770 τι
1783 2717 1894 2771 τῶν

320 2809 501 2879 ἀηδῶν
533 2808 817 2878 θεαμάτων
854 2807 932 2878 τῷ
965 2809 1148 2880 οίκείῳ
1188 2808 1626 2878 ὑποκρινόμενον,
1650 2802 1801 2879 ᾧπερ
1828 2808 1895 2861 ἂν

319 2898 525 2951 τούτων
574 2896 769 2967 εὑρεθῇ
818 2896 1254 2967 ἀντιπρόσωπον.
1297 2897 1512 2966 Ἐπειδὴ
1552 2897 1728 2950 τοίνυν
1755 2899 1895 2951 κατά

321 2987 492 3043 νώτου
526 2988 624 3059 τὴν
658 2988 853 3041 κακίαν
897 2989 1236 3059 ποιησαμένη
1275 2990 1309 3058 ἡ
1350 2986 1727 3059 κεκαθαρμένη
1750 2987 1894 3059 ψυχὴ

323 3079 429 3133 ὑπὸ
446 3080 745 3149 Λόγου,τόν
773 3079 995 3150 ἡλιακὸν
1041 3080 1099 3133 ἐν
1138 3081 1303 3152 ἑαυτῇ
1326 3080 1522 3134 κύκλον
1550 3081 1782 3145 ἐδέξατο,
1803 3080 1896 3133 καὶ⁵

1996 626 2102 680 que
2124 614 2441 681 perturbato
2465 621 2608 666 statu
2637 614 2851 667 animm.
2884 612 3070 670 Evenit
3097 634 3248 686 ergo,
3275 626 3331 671 ut
3357 621 3563 675 virtute

1998 716 2027 751 a
2058 702 2189 753 vitio
2221 701 2499 769 disjuncta
2532 703 2650 755 sine
2680 703 2879 766 medio,
2936 720 3043 757 non
3085 708 3295 773 pnssitit
3332 718 3560 778 utraque

1998 791 2088 843 uni
2119 791 2283 844 simul
2312 794 2504 846 adesse
2528 810 2540 845 :
2569 794 2662 860 qui
2686 794 2833 846 enim
2864 800 3089 849 recessit
3120 814 3147 849 a
3175 802 3558 866 temperantia.

1995 888 2246 935 versatur
2272 883 2495 936 omnino
2517 884 2570 935 in
2594 883 2704 935 vita
2721 883 2987 938 dissoluta
3009 896 3063 941 et
3088 890 3309 942 minimc.
3332 889 3555 960 frugali.

1995 980 2049 1025 et
2073 972 2166 1041 qui
2196 973 2358 1025 vitam
2409 974 2758 1027 abominatur
2811 974 3166 1041 immundam,
3204 979 3277 1032 ita
3315 995 3373 1034 se
3419 983 3560 1051 gerit

1995 1068 2054 1113 ut
2088 1062 2141 1113 in
2178 1061 2483 1116 aversanda
2509 1063 2653 1117 malo
2682 1074 2899 1119 maneat
2922 1067 3255 1135 impollutus.
3286 1072 3361 1126 Ita
3394 1074 3557 1128 etiam

1994 1152 2061 1206 de
2087 1155 2301 1209 caeteris
2330 1169 2344 1205 :
2380 1156 2471 1224 qui
2504 1164 2593 1211 est
2627 1156 2868 1220 humilis,
2902 1170 3189 1228 separatur
3213 1179 3244 1216 a
3277 1166 3558 1234 superbia,

1992 1252 2047 1299 et
2080 1245 2171 1315 qui
2205 1260 2300 1313 per
2328 1246 2526 1300 fastum
2582 1247 2863 1313 intumuit,
2899 1252 3115 1319 repellit
3174 1254 3557 1310 humilitatem.

1996 1334 2059 1389 Et
2090 1337 2221 1406 quid
2278 1352 2415 1407 opus
2446 1347 2533 1392 est
2584 1338 2865 1393 immorari
2901 1343 2955 1395 in
3006 1343 3255 1399 dicendis
3304 1347 3557 1415 singulis,

1993 1430 2454 1498 quemadmodum
2485 1431 2537 1483 in
2567 1431 2634 1484 iis
2662 1447 2782 1501 qua:
2808 1433 2912 1486 sibi
2944 1435 3088 1487 inter
3113 1450 3174 1489 se
3195 1435 3557 1492 adversantur

1994 1530 2212 1583 natura,
2247 1522 2491 1575 absentia
2529 1524 2692 1576 unius
2742 1524 2811 1577 sit
2857 1527 3058 1593 positio
3094 1536 3148 1582 et
3205 1530 3570 1584 subsistentia.

1993 1611 2429 1666 alterius?Cum
2478 1614 2703 1683 sitergo
2753 1615 2807 1668 in
2861 1624 3125 1684 potestate
3173 1619 3347 1673 nostri
3401 1620 3557 1674 liberi

1994 1703 2226 1765 arbitrii,
2255 1704 2304 1757 ei
2340 1704 2573 1758 similem
2611 1705 2839 1774 figuram
2874 1709 2960 1762 cui
2998 1710 3229 1762 voluerit
3253 1712 3556 1780 suscipere,

1994 1796 2042 1849 ei
2072 1812 2192 1865 quae
2220 1797 2449 1867 pulchra
2480 1796 2621 1851 facta
2652 1808 2735 1853 est
2770 1809 2917 1855 recte
2946 1801 3077 1855 dicit
3102 1803 3279 1855 oratio
3310 1822 3323 1857 :
3358 1805 3397 1857 Α
3430 1806 3557 1858 mali

1992 1887 2206 1955 quidem
2258 1889 2520 1943 societate
2570 1890 2833 1945 recedens
2884 1892 3016 1945 mihi
3064 1897 3554 1964 appropinquasti:

1992 1979 2442 2049 appropinquans
2473 1988 2653 2034 autem
2693 1982 2967 2050 primariae
3001 1994 3055 2037 et
3087 1985 3383 2054 exemplari
3436 1988 3557 2055 pul-

1995 2070 2318 2133 chritudini,
2339 2070 2458 2140 ipsa
2484 2086 2701 2141 quoque
2727 2073 2953 2142 pulchra
2978 2090 3058 2136 es,
3085 2075 3249 2130 veluti
3279 2077 3556 2145 quoddam

1993 2162 2273 2230 speculum
2305 2162 2645 2217 conformata
2686 2179 2806 2220 meo
2851 2167 3178 2222 characteri.
3215 2167 3388 2223 Homo
3414 2172 3556 2225 enim

1993 2267 2180 2307 revera
2201 2255 2421 2323 speculo
2443 2262 2526 2310 est
2552 2256 2750 2309 similis
2780 2256 2981 2321 factus,
3019 2258 3222 2314 formas
3249 2262 3561 2331 suscipiens

1992 2359 2059 2398 ex
2117 2345 2429 2400 simulacris
2477 2346 2852 2401 institutorum
2897 2357 2950 2403 et
2992 2349 3285 2406 liberarum
3337 2342 3561 2408 electio-

1991 2450 2143 2489 num.
2182 2434 2309 2491 Sive
2336 2438 2480 2492 enim
2509 2452 2703 2493 aurum
2745 2441 2957 2506 viderit,
2997 2458 3190 2496 aurum
3233 2454 3479 2514 apparet,
3503 2455 3561 2501 et

1993 2526 2243 2581 eumdem
2264 2529 2505 2583 materia:
2526 2530 2870 2600 splendorem
2892 2547 3001 2601 prae
3019 2550 3079 2588 se
3102 2535 3236 2589 fert:
3258 2538 3373 2591 sive
3391 2538 3555 2592 etiam

1992 2616 2274 2684 quidpiam
2301 2618 2548 2674 deforme
2590 2623 2924 2690 apparuerit,
2978 2625 3221 2679 eamdem
3247 2629 3409 2681 etiam
3442 2637 3559 2683 tur-

1992 2708 2296 2777 pitudinem
2348 2711 2606 2779 exprimit
2660 2728 2755 2781 per
2814 2714 3310 2781 assimilationem,
3370 2728 3569 2789 utpote

1993 2814 2179 2854 ranam
2216 2802 2475 2871 aliquam,
2505 2812 2598 2857 aut
2646 2804 2923 2871 bufonem,
2978 2820 3071 2863 aut
3116 2814 3555 2883 scolopendram,

1993 2899 2088 2943 aut
2139 2891 2355 2962 aliquod
2400 2895 2544 2947 aliud
2590 2896 2951 2965 iniucundum
3012 2905 3404 2968 spectaculum,
3456 2922 3566 2960 sua.

1995 2980 2165 3036 fnrma
2196 2984 2442 3040 referens
2464 2986 2607 3055 quod
2632 2989 2910 3043 inventum
2940 2989 3103 3044 fuerit
3130 2995 3211 3047 eis
3236 2995 3551 3052 adversum.

1992 3072 2261 3135 Quoniam
2305 3091 2436 3145 ergo
2464 3078 2693 3147 expulso
2742 3094 2770 3131 a
2805 3088 2956 3151 tergo
2982 3084 3136 3149 vitio,
3180 3097 3477 3157 expurgata
3522 3106 3554 3144 a

323 3166 401 3238 τῷ
428 3166 646 3235 ὀφθέντι
664 3171 720 3222 ὲν
741 3170 878 3241 αὑτῇ
894 3172 1033 3239 φωτὶ⁸
1058 3170 1447 3241 συνεξέλαμψε,
1472 3170 1559 3225 διά
1579 3170 1734 3225 τοῦτό
1759 3187 1892 3242 φησι

1996 3163 2172 3222 Verbo
2186 3168 2389 3233 anima,
2415 3170 2548 3224 solis
2572 3170 2837 3224 circulum
2864 3174 2917 3226 in
2944 3189 3002 3228 se
3032 3179 3291 3243 suscepit,
3316 3189 3368 3233 ct
3391 3181 3554 3236 simul

323 3258 461 3328 πρὸς
490 3257 658 3328 αὐτὴν
672 3258 701 3310 6
714 3258 910 3329 Λόγος,
926 3261 1249 3331 ὅτιΓέγονας
1266 3260 1365 3332 ἤδη
1389 3261 1525 3333 καλὴ
1548 3262 1893 3332 πλησιάσασα

1998 3256 2196 3309 reluxit
2222 3273 2345 3311 cum
2379 3260 2500 3314 luce
2545 3276 2666 3330 qua:
2711 3262 2763 3315 in
2802 3262 2919 3332 ipsa
2963 3270 3234 3335 apparuit,
3271 3282 3565 3340 propterea-

323 3347 402 3416 τῷ
433 3346 549 3417 ὲμῷ
579 3349 735 3415 φωτὶ,
766 3346 855 3399 διὰ
901 3347 995 3400 τοῦ
1030 3352 1436 3420 προσεγγισμοῦ
1487 3352 1583 3422 τὴν
1613 3353 1894 3406 κοινωνίαν

326 3437 657 3507 ἐφελκομένη
686 3436 780 3490 τοῦ
830 3436 1081 3502 κάλλους.
1125 3439 1279 3493 Ἰδοὺ
1321 3441 1379 3493 εἷ
1419 3442 1596 3510 καλὴ,
1624 3443 1806 3512 φησιν,
1852 3442 1893 3509 ’ἡ

326 3530 591 3595 πλησίον
600 3546 737 3598 μου.
757 3521 892 3583 Εἶτα
907 3530 1164 3601 ἐπισχὼν,
1179 3534 1271 3586 καὶ
1286 3524 1399 3586 οἷον
1417 3534 1476 3585 ὲν
1489 3533 1772 3607 προσθήκῃ
1791 3534 1894 3586 τινὶ⁹

326 3620 421 3673 καὶ
436 3620 678 3674 ἐπιτάσει
694 3621 987 3692 γενομένην
1001 3622 1094 3675 τοῦ
1110 3622 1339 3687 κάλλους
1352 3625 1518 3696 αὐτὴν
1538 3625 1890 3695 θεασάμενος,

328 3711 490 3764 πάλιν
500 3710 592 3766 τὸν
608 3711 769 3764 αὑτὸν
792 3712 1229 3782 ὲπαναλαμόάνει
1250 3713 1425 3781 λόγον,
1452 3714 1640 3768 εἰπών’
1670 3715 1824 3771 Ἰδοὺ
1842 3712 1902 3770 εἷ

327 3803 510 3869 καλή.
549 3803 687 3857 Ἀλλ’
698 3804 756 3856 ὲν
774 3805 872 3873 μὲν
885 3804 964 3875 τῷ
982 3805 1143 3875 πρατέ
1152 3806 1335 3876 ρῳτὴν
1355 3806 1577 3879 πλησίον
1590 3806 1901 3879 ώνόμασενδ

328 3889 563 3945 ἐνταῦθα
624 3894 680 3947 δὲ
716 3894 815 3964 τὴν
838 3897 901 3947 ὲκ
927 3894 1018 3947 τοῦ
1046 3894 1217 3958 εἴδους
1252 3895 1362 3949 τῶν
1393 3898 1653 3968 ὀμμάτων
1698 3916 1893 3969 γνωρι-

328 3980 581 4052 ζομένην·
632 3982 953 4051 Ὀφθαλμοὶ
996 3983 1103 4053 γάρ
1138 3997 1275 4048 σου,
1312 3988 1476 4056 φησὶ,
1519 3988 1890 4056 περιστερᾶς.

327 4073 598 4145 Πρότερον
634 4074 732 4144 μὲν
761 4074 869 4145 γάρ
901 4075 988 4129 ὅτε
1018 4076 1168 4146 ἵππῳ
1196 4077 1550 4149 ἀφωμοιώθη,
1593 4081 1651 4132 ὲν
1686 4081 1892 4147 σιαγόνι

328 4182 384 4217 τε
414 4165 508 4219 καὶ
532 4166 785 4238 τραχήλῳ
808 4169 837 4220 6
865 4166 1083 4231 ἔπαινος
1106 4164 1194 4239 ἦν.
1226 4169 1338 4222 Νῦν
1365 4170 1421 4224 δὲ
1448 4172 1535 4225 ὅτε
1562 4172 1620 4225 τὸ
1650 4172 1775 4225 ἴδιον
1806 4174 1895 4227 αύ-

326 4258 426 4327 τῆς
455 4259 695 4328 ἀνεφάνη
741 4259 955 4322 κάλλος,
992 4262 1024 4331 ή
1055 4261 1162 4314 τῶν
1205 4263 1497 4333 ὀφθαλμῶν
1525 4265 1685 4334 χάρις
1714 4266 1890 4333 ἐγκω-

330 4348 602 4417 μιάζεταιο
626 4352 655 4403 6
674 4350 731 4403 δὲ
750 4350 859 4403 τῶν
875 4351 1166 4423 ὀφθαλμῶν
1185 4354 1401 4419 ἔπαινός
1428 4356 1540 4407 ἐστι
1565 4354 1624 4407 τὸ
1646 4372 1894 4427 περιστεο

328 4442 430 4510 ρᾶς
454 4439 525 4494 τά
544 4441 764 4511 ὄμματα
786 4436 944 4504 εἶναι,
975 4444 1111 4515 ὅπερ
1141 4461 1228 4515 μοι
1251 4445 1397 4498 δοκεῖ
1419 4446 1671 4517 τοιαύτην
1696 4447 1892 4517 ἐμφαί-

1993 3349 2045 3404 ei
2077 3350 2210 3403 dicit
2230 3346 2460 3407 Verbum
2485 3365 2499 3402 :
2525 3353 2754 3409 Pulchra
2787 3353 2924 3408 facta
2969 3373 3049 3420 es,
3090 3375 3210 3427 quae
3256 3377 3387 3417 meae
3444 3364 3553 3420 luci

1995 3442 2464 3511 appropinquasti,
2505 3459 2602 3513 per
2629 3448 3212 3517 appropinquationem
3264 3458 3567 3524 acquirens:

1993 3535 2429 3589 communionem
2490 3536 2943 3605 pulchritudinis,
3002 3539 3135 3595 Ecce
3195 3560 3282 3609 es,
3354 3545 3551 3614 inquit,

1991 3625 2234 3693 pulchra,
2258 3627 2549 3694 propinqua
2575 3642 2711 3682 mea.
2738 3627 2941 3683 Deinde
2963 3646 3084 3685 cum
3111 3648 3170 3685 se
3192 3634 3565 3700 cohibuisset,

1991 3724 2045 3768 et
2073 3731 2190 3769 eam
2233 3717 2400 3770 veluti
2431 3718 2484 3770 in
2535 3717 2770 3785 quadam
2821 3719 3097 3775 additione
3136 3731 3190 3776 et
3238 3726 3567 3781 accessione-

1991 3809 2391 3876 contemplatus
2419 3814 2570 3863 esset
2607 3808 3053 3877 pulchritudinis,
3082 3829 3273 3869 rursus
3306 3816 3563 3871 eamdem

1992 3899 2190 3968 repetit
2254 3898 2607 3965 orationem,
2683 3901 2921 3955 dicens:
2991 3901 3125 3956 Ecce
3201 3904 3421 3973 pulchra
3474 3924 3558 3962 es.

1994 3990 2099 4045 Sed
2168 3991 2319 4061 prius
2381 3992 2599 4062 quidem
2643 4007 2763 4047 eam
2814 3993 3116 4047 nominavit
3148 3997 3505 4065 propinquam
3536 4012 3561 4050 τ

1989 4079 2082 4135 hic
2122 4088 2301 4134 autem
2333 4096 2450 4143 eam
2485 4096 2605 4150 qua:
2658 4083 3009 4149 cognOSciIur
3053 4098 3117 4137 ex
3155 4086 3337 4155 specie
3371 4090 3561 4141 oculo-

1992 4180 2144 4239 rum,
2182 4174 2338 4229 Oculi
2372 4174 2518 4229 enim
2554 4174 2631 4227 tui
2663 4174 2935 4228 columba.
2962 4174 3120 4230 Prius
3155 4177 3298 4231 enim
3340 4178 3557 4248 quando

1990 4280 2130 4334 equo
2163 4264 2263 4318 fuit
2292 4265 2589 4321 assimilata
2612 4307 2627 4331 ,
2667 4266 2787 4321 laus
2819 4273 2937 4320 erat
2969 4265 3023 4319 in
3056 4267 3277 4321 maxilla
3308 4279 3361 4323 et
3388 4271 3554 4325 collo.

1992 4358 2148 4413 Nunc
2190 4365 2369 4413 alitem
2411 4373 2535 4411 cum
2566 4357 2685 4422 ejus
2727 4357 2944 4428 propria
2976 4360 3225 4428 apparuit
3254 4362 3558 4430 pulchritu-

1991 4448 2096 4510 do,
2127 4448 2378 4502 laudatur
2405 4447 2579 4518 gratia
2610 4456 2662 4502 et
2692 4447 2861 4503 decor
2898 4447 3017 4515 ejus
3056 4450 3361 4505 oculorum.
3413 4453 3557 4508 Laus

327 4548 441 4605 νειν
480 4531 738 4595 διάνοιαν,
783 4533 969 4604 ἐπειδὴ
1015 4538 1135 4599 ταῖς
1172 4535 1439 4608 καθαραῖς
1478 4538 1584 4590 τῶν
1629 4538 1890 4608 ὀμμάτων

1993 4548 2170 4593 autem
2206 4540 2325 4607 ejus
2362 4538 2648 4593 oculorum
2674 4576 2689 4599 ,
2733 4536 2876 4606 quod
2920 4536 3030 4590 sint
3072 4539 3217 4591 oculi
3257 4540 3543 4595 columba.

329 4622 519 4693 κόραις
586 4622 781 4693 δρᾶται
809 4623 918 4677 τῶν
953 4627 1305 4691 ἀτενιζόντων
1334 4630 1401 4683 τά
1444 4630 1725 4701 πρόσωπα.
1759 4631 1895 4683 Φασὶ

328 4714 437 4783 γὰρ
467 4714 515 4767 οἱ
540 4712 761 4768 τοιαῦτα
784 4716 1125 4786 φυσιολογεῖν
1150 4720 1530 4791 ἐπιστήμονες,
1562 4723 1644 4775 ὃτι
1668 4722 1766 4785 τάς
1787 4722 1897 4776 τῶν

329 4804 561 4858 εἰδώλων
592 4804 902 4875 ἐμπτώσεις
934 4809 1240 4881 δεχόμενος,
1270 4813 1327 4866 αἶ
1353 4812 1462 4866 τῶν
1491 4813 1701 4884 ὁρατῶν
1727 4816 1896 4886 ἀπορ-

330 4892 563 4963 ρέουσιν,
602 4894 775 4959 οὕτως
802 4896 1016 4969 ἐνεργεῖ
1038 4900 1137 4969 τὴν
1167 4900 1288 4971 ὄψιν
1312 4905 1341 4955 6
1372 4903 1665 4975 ὀφθαλμός.
1689 4904 1890 4958 Τούτου

328 4986 485 5057 χάριν
516 4986 736 5051 ἔπαινος
763 4988 971 5054 γίνεται
997 4991 1100 5061 τῆς
1126 4992 1235 5046 τῶν
1278 4993 1567 5066 ὀφθαλμῶν
1596 4997 1896 5069 εὐμορφίας

326 5078 386 5131 τὸ
407 5078 507 5147 τῆς
528 5081 857 5150 περιστερᾶς
884 5077 1040 5147 εἶδος,
1065 5084 1126 5136 τδ
1149 5087 1266 5149 ταῖς
1291 5086 1479 5158 κόραις
1499 5089 1678 5142 αὐτῶν
1701 5092 1895 5160 ἐμφαι-

327 5168 568 5239 νόμενον.
599 5170 743 5239 Πρὸς
766 5170 795 5223 ὃ
823 5171 933 5244 γὰρ
962 5174 1028 5228 ἄν
1052 5191 1135 5237 τις
1163 5177 1464 5250 ὲνατενίσῃ,
1496 5178 1651 5233 τοῦτο
1683 5181 1897 5252 δέχεται

328 5260 387 5311 ὲν
413 5257 587 5329 ἐαυτῷ
621 5260 684 5313 τὸ
710 5262 981 5333 ὁμοίωμα.
1016 5260 1169 5319 Ἐπεὶ
1196 5263 1287 5321 οὖν
1322 5269 1517 5339 μηκέτι
1549 5271 1685 5341 πρὸς
1719 5272 1895 5343 σάρκα

329 5351 422 5403 καὶ
449 5345 588 5421 αἷμα
620 5351 849 5421 βλέπων,
898 5354 1035 5426 πρὸς
1061 5357 1153 5411 τὸν
1199 5360 1564 5430 πνευματικὸν
1614 5361 1726 5431 βίον
1754 5364 1855 5433 ὀρᾷ
1875 5403 1890 5427 ,

328 5442 510 5505 καθώς
538 5460 701 5514 φησιν
727 5446 756 5497 6
792 5446 1129 5513 Ἀπόστολος,
1154 5451 1261 5515 ζῶν
1291 5452 1580 5522 πνεύματι,
1612 5454 1707 5506 καὶ
1734 5455 1893 5507 πνεύ-

331 5550 460 5603 ματι
493 5536 739 5606 στοιχῶν,
775 5538 865 5590 καὶ
887 5538 986 5603 τὰς
1004 5542 1231 5610 πράξεις
1252 5544 1344 5597 τοῦ
1366 5544 1616 5614 σώματος
1648 5545 1893 5599 θανατῶν

326 5624 406 5695 τῷ
437 5628 730 5698 πνεύματι,
760 5630 855 5681 καὶ
881 5631 1000 5694 ὅλος
1022 5631 1090 5685 δι’
1122 5634 1243 5687 ὅλου
1273 5637 1639 5706 πνευματικὸς
1666 5638 1893 5708 γενόμε-

328 5732 435 5777 νος,
467 5717 528 5769 ού
559 5718 819 5789 ψυχικὸς,
856 5721 975 5775 οὐδὲ
1010 5723 1290 5797 σάρκινός*
1328 5726 1513 5780 τούτου
1546 5729 1703 5799 χάριν
1748 5746 1890 5801 μαρ-

400 5830 445 5859 ⁶⁰
468 5828 641 5884 Galat.
667 5848 719 5896 ι’,
751 5832 817 5885 lb
834 5847 954 5902 sqq.

1992 4629 2145 4696 Quod
2187 4629 2402 4700 quidem
2446 4630 2578 4683 mihi
2613 4629 2827 4682 videtur
2852 4627 2995 4682 hunc
3023 4644 3243 4684 sensum
3276 4632 3556 4696 indicare,

1990 4722 2428 4792 quandoquidem
2464 4720 2516 4774 in
2553 4720 2774 4789 pupillis
2798 4720 3084 4774 oculorum
3130 4734 3430 4777 cernuntur
3474 4724 3557 4778 fa-

1990 4815 2102 4868 cies
2130 4828 2320 4868 eorum
2355 4812 2447 4881 qui
2485 4811 2607 4865 fixis
2643 4811 3150 4866 intuentnr‘oculis.
3189 4812 3384 4867 Dicunt
3413 4817 3557 4869 enim

1991 4906 2046 4961 hi
2076 4905 2168 4975 qui
2200 4913 2329 4958 sunt
2360 4902 2571 4973 pra-diti
2605 4902 2834 4956 scientia
2875 4901 3187 4972 hujusmodi
3232 4918 3413 4957 rerum
3461 4919 3559 4957 na-

1996 4998 2290 5060 turalium,
2340 4994 2484 5065 quod
2538 4993 2959 5048 simulacrorum
3012 4994 3356 5049 incursiones
3408 4996 3558 5048 exci-

1996 5090 2181 5161 piens,
2217 5102 2336 5157 quze
2365 5093 2565 5139 exeunt
2594 5100 2659 5139 ex
2689 5083 2855 5140 rebus
2888 5086 3345 5154 aspectabilibus,
3376 5086 3449 5140 ita
3480 5088 3560 5139 vi-

1998 5193 2117 5233 sum
2152 5177 2206 5230 in
2242 5174 2610 5245 Operationem
2641 5172 2863 5227 deducit
2893 5174 3108 5229 oculus.
3152 5172 3263 5227 liae
3298 5173 3559 5245 de_causa

1994 5268 2117 5320 laus
2148 5236 2428 5318 oculorum
2466 5262 2895 5332 pulchritudinis
2928 5270 3011 5317 est
3051 5261 3223 5315 forma
3256 5236 3557 5320 coltﬁnbte.

1999 5375 2118 5428 qua:
2139 5362 2358 5427 apparet
2380 5354 2432 5407 in
2448 5368 2634 5407 eorum
2655 5352 2893 5421 pupillis.
2916 5352 2971 5407 in
2991 5351 3133 5422 quod
3153 5352 3294 5405 cnim
3314 5349 3563 5405 deflxerit

1999 5450 2187 5505 oculos
2207 5492 2220 5513 ,
2256 5449 2377 5517 ejus
2405 5446 2460 5500 in
2490 5461 2547 5500 se
2575 5445 2804 5514 suscipit
2828 5443 3261 5500 similitudinem.
3292 5442 3559 5507 Quoniam

1999 5558 2126 5615 ergo
2152 5542 2245 5613 qui
2280 5555 2386 5594 non
2416 5538 2649 5607 amplius
2680 5536 2877 5607 aspicit
2912 5536 2977 5590 ad
3003 5550 3222 5589 carnem
3256 5544 3310 5589 et
3342 5536 3563 5603 sangui-
3632 5593 3640 5603 ,

2002 5652 2158 5696 nem,
2215 5633 2281 5685 ad
2346 5633 2505 5687 vitam
2568 5630 2761 5698 aspicit
2814 5626 3185 5697 spiritualetn,
3241 5626 3382 5681 sicut
3430 5625 3563 5680 dicit

1997 5724 2288 5797 Apostolus
2308 5762 2322 5786 ,
2353 5719 2665 5783 vivificaris,
2692 5718 2885 5789 spiritu
2922 5717 3209 5773 ambulans
3238 5717 3308 5782 ",
3345 5724 3399 5772 et
3433 5732 3559 5771 cor-
