4116 6488
556 327 661 382 835

1785 331 1844 388 S.
1875 329 2204 388 GREGOBII
2247 327 2536 384 NYSSENI

3685 316 3796 373 856

555 441 704 510 poris
764 441 1010 496 actiones
1075 438 1272 510 spiritu
1346 441 1724 508 mortiﬁcans,
1781 455 1931 500 totus
1999 446 2110 500 εσθ-

2231 449 2471 518 τυρείται
2490 447 2524 514 ἡ
2543 443 2644 515 τῆς
2668 439 2984 513 σωματικῆς
3009 436 3378 510 προσπαθείας
3399 432 3795 507 άπηλλαγμένη

554 543 678 589 ctus
701 534 1035 604 spiritualis,
1065 548 1176 586 non
1203 533 1478 596 animalis,
1512 550 1688 605 neque
1709 540 1947 592 carnalis
1971 555 1986 592 :
2021 539 2122 592 hac

553 628 623 682 de
648 642 815 681 causa
857 626 1032 681 fertur
1071 623 1450 679 testimonium
1495 627 1564 681 de
1605 629 1784 682 anima
1830 630 2060 684 liberata
2090 646 2120 684 a

552 717 825 787 corporali
852 716 1170 784 aﬂectione,
1195 717 1343 787 quod
1373 718 1569 772 habeat
1595 721 1830 788 speciem
1857 721 2123 776 columba!

557 811 612 862 in
644 809 820 862 oculis
845 824 860 861 :
885 808 988 862 hoc
1013 817 1096 863 est
1116 847 1132 871 ,
1161 808 1308 878 quod
1334 807 1630 864 character
1657 811 1784 865 vita:
1816 812 2122 880 spiritualis

555 901 863 953 illustretur
910 899 1275 970 perspicieute
1314 898 1482 952 animi
1528 900 1804 956 facultate.
1850 900 2119 967 Quoniam

551 1005 683 1062 ergo
713 1005 882 1060 purus
915 990 1094 1045 factus
1119 1000 1203 1045 est
1226 989 1348 1059 ejus
1373 991 1566 1045 oculus
1589 1005 1758 1062 capax
1787 991 2120 1047 characteris

559 1084 828 1138 columbae
851 1122 867 1146 ,
907 1092 1191 1154 propterea
1227 1084 1280 1136 in
1313 1097 1431 1138 eam
1491 1084 1652 1137 etiam
1685 1084 1830 1138 cadit
1881 1093 1938 1138 ut
1966 1099 2119 1138 com-

561 1177 854 1246 templetur
881 1179 1070 1247 sponsi
1103 1176 1583 1248 pulchritudinem.
1617 1176 1772 1233 Nunc
1832 1178 1976 1233 enim
2010 1177 2120 1246 pri-

555 1283 703 1321 mum
733 1267 883 1338 virgo
910 1270 963 1322 in
995 1267 1184 1338 sponsi
1213 1266 1443 1322 formam
1473 1266 1708 1322 intendit
1735 1268 1951 1328 oculos,
1983 1281 2120 1337 quo-

547 1359 695 1412 niam
725 1361 1030 1415 columbam
1065 1361 1297 1415 habebat
1326 1361 1382 1415 in
1415 1361 1612 1414 oculis.
1653 1359 1821 1414 Nemo
1852 1359 1991 1413 enim
2025 1373 2118 1426 po-

552 1461 649 1504 test
679 1451 850 1506 dicere
884 1451 1168 1505 Dominum
1195 1449 1381 1506 Iesum
1404 1492 1419 1514 ,
1459 1452 1666 1521 inquit,
1696 1451 1800 1505 nisi
1827 1452 1882 1504 in
1913 1448 2118 1519 Spiritu

549 1553 734 1596 sancto
749 1543 792 1572 “
821 1561 834 1596 :
864 1550 921 1597 ct
933 1541 1098 1596 dicit:
1124 1541 1258 1596 Ecce
1277 1542 1490 1609 pulcher
1513 1559 1587 1608 es,
1605 1541 1858 1612 patruelis
1888 1549 2117 1606 meue,et

548 1631 835 1702 formoius.
865 1632 940 1687 Ex
963 1649 1073 1703 quo
1094 1633 1240 1688 enim
1269 1634 1402 1688 nihil
1426 1633 1574 1688 aliud
1598 1633 1729 1688 mihi
1753 1632 1969 1687 videtur
1993 1647 2116 1686 esse

2226 540 2392 608 ψυχὴ,
2420 539 2480 590 τὸ
2497 538 2596 606 τῆς
2627 531 2950 606 περιστερᾶς
2976 530 3115 595 εἶδος
3140 533 3198 584 ἐν
3219 534 3328 594 τοῖς
3361 531 3601 601 ὄμμασιν
3624 529 3794 597 ἔχειν,

2227 629 2472 682 τουτέστι
2499 626 2588 680 τὸν
2617 626 2940 696 χαρακτῆρα
2977 625 3075 693 τῆς
3113 619 3484 692 πνευματικῆς
3529 621 3672 689 ζωῆς
3714 618 3796 688 τῷ

2226 719 2519 794 διορατικῷ
2550 720 2648 788 τῆς
2686 717 2863 796 ψυχῆς
2908 712 3322 780 ὲναυγάζεσθαι.
3368 710 3521 763 Ἐπεὶ
3563 706 3655 763 οὖν
3701 710 3795 776 γέ-

2227 829 2352 881 γονε
2389 809 2628 880 καθαρὸς
2676 810 2705 860 ὁ
2741 805 2908 876 αὐτῆς
2951 802 3227 874 ὀφθαλμὸς
3267 801 3510 864 δεκτικὸς
3559 799 3652 852 τοῦ
3698 801 3797 869 τῆς

2229 904 2558 976 περιστερᾶς
2601 900 2980 972 χαρακτῆρος,
3025 894 3119 950 διὰ
3160 895 3320 949 τοῦτο
3358 896 3525 965 χωρεί
3560 895 3662 964 καὶ(
3700 893 3795 945 τοῦ

2229 994 2466 1065 νυμφίου
2508 993 2569 1046 τὸ
2607 991 2800 1053 κάλλος
2848 986 3167 1044 θεάσασθαι.
3205 985 3321 1040 Νῦν
3366 986 3474 1056 γὰρ
3524 982 3798 1053 πρῶτονή

2230 1085 2494 1158 παρθένος
2515 1080 2746 1144 άτενίζει
2770 1083 2836 1152 τῇ
2863 1079 2956 1133 τοῦ
2979 1078 3213 1151 νυμφίου
3230 1078 3431 1148 μορφῇ,
3451 1076 3537 1126 ὅτε
3560 1075 3680 1142 ἔσχε
3698 1073 3801 1147 τὴν

2217 1173 2551 1245 περιστερὰν
2567 1173 2625 1226 ἐν
2639 1175 2748 1235 τοῖς
2778 1172 3036 1242 ὄμμασιν.
3055 1169 3266 1235 Οὐδείς
3283 1169 3391 1238 γὰρ
3405 1167 3653 1221 δύναται
3677 1165 3722 1220 Κ
3733 1167 3797 1218 ὑ-

2211 1284 2352 1336 ριον
2387 1266 2622 1334 Ἰησοῦν
2655 1265 2866 1329 εἰπεῖν,
2896 1267 2949 1319 εί
2966 1265 3052 1335 μὴ
3078 1265 3148 1318 ἐν
3173 1265 3470 1333 Πνεύματι
3492 1263 3638 1330 ἁγιῳ
3660 1277 3674 1290 ·
3699 1263 3796 1315 καί

2218 1378 2399 1432 φησιν’
2417 1361 2561 1416 Ἰδοὺ
2575 1356 2632 1415 εἷ
2645 1361 2852 1428 καλὸς,
2867 1358 3186 1430 ἁδελφιόός
3197 1377 3335 1430 μου,
3353 1359 3453 1414 καί
3473 1374 3538 1430 τε
3553 1358 3758 1425 ὡραῖος
3767 1397 3782 1410 ο

2231 1453 2346 1522 Ἀφ’
2380 1448 2441 1508 οὗ
2483 1453 2591 1525 γάρ
2629 1453 2782 1506 οὐδὲν
2811 1453 2939 1507 ἄλλο
2971 1470 3060 1521 μοι
3093 1452 3257 1506 καλὸν
3286 1447 3426 1506 εἶναι
3471 1448 3638 1510 δοκεῖ,
3672 1451 3786 1502 ἀλλ’

2215 1545 2574 1617 ἀπεστράφην
2603 1544 2778 1598 πάντα
2806 1544 2908 1598 ὅσα
2933 1546 2993 1597 τὸ
3025 1545 3284 1615 πρότερον
3310 1545 3367 1596 ὲν
3394 1541 3581 1606 καλοῖς
3603 1541 3787 1609 ἐνομί-

2217 1630 2358 1697 ζετο,
2379 1629 2562 1684 οὐκέτι
2593 1647 2681 1700 μοι
2701 1629 3038 1702 πεπλάνηται
3058 1632 3092 1702 η
3120 1630 3212 1684 τοῦ
3237 1631 3399 1684 καλοῦ
3424 1630 3626 1702 κρίσις,
3647 1627 3787 1684 ὥστε

548 1725 880 1795 pulchrum,
927 1725 1022 1780 sed
1065 1733 1347 1781 aversatus
1392 1741 1512 1781 sum
1561 1726 1745 1779 omnia
1791 1741 1913 1796 quae
1957 1733 2110 1780 antea

2215 1721 2342 1774 ἄλλο
2368 1738 2421 1774 τι
2453 1720 2601 1792 παρὰ
2631 1720 2690 1773 σὲ
2727 1720 2890 1774 καλὸν
2926 1720 3152 1774 οἴεσθαι·
3182 1722 3281 1774 οὐκ
3324 1721 3543 1784 ἔπαινός
3575 1739 3660 1784 τις
3688 1722 3771 1774 άν-

546 1818 942 1886 reputabantur
986 1817 1040 1870 in
1074 1817 1233 1872 bonis
1283 1831 1348 1870 ae
1401 1816 1683 1887 pulchris,
1718 1831 1827 1872 non
1879 1817 2110 1885 amplius

2216 1814 2506 1884 θρώπινος,
2543 1814 2604 1866 οὐ
2630 1813 2775 1880 δόξα,
2808 1814 2868 1867 οὐ
2900 1813 3242 1884 περιφάνεια,
3283 1815 3342 1866 οὐ
3369 1815 3606 1884 κοσμικὴ
3629 1813 3787 1867 δύνα-

547 1909 680 1962 mihi
709 1909 930 1963 aberrat
965 1910 1034 1963 de
1077 1909 1222 1963 bono
1257 1907 1564 1978 judicium,
1606 1916 1668 1962 ut
1707 1908 1911 1978 aliquid
1964 1908 2110 1964 aliud

2219 1923 2328 1977 μις.
2362 1905 2545 1960 Ταῦτα
2583 1904 2692 1976 γάρ
2731 1907 2843 1969 τοῖς
2891 1905 3026 1977 πρὸς
3057 1906 3156 1975 τὴν
3189 1905 3440 1974 αἴσθησιν
3476 1905 3785 1976 βλέπουσιν,

545 2001 881 2055 exsistimem
917 2009 1112 2071 praeter
1160 2009 1211 2055 te
1254 2015 1379 2056 esse
1425 2000 1630 2055 bonum
1659 2015 1724 2055 ac
1773 2000 2062 2070 pulchrum
2096 2018 2111 2055 :

544 2105 655 2146 non
711 2090 880 2143 ullum
943 2089 1205 2144 honorem
1269 2089 1605 2150 humanum,
1669 2103 1780 2143 non
1841 2089 2113 2160 gloriam,

543 2198 654 2238 non
681 2179 1024 2252 splendorem
1067 2180 1440 2243 mundanum,
1483 2194 1591 2234 non
1625 2179 1942 2249 potentiam.
1988 2178 2115 2236 Haec

544 2275 692 2330 enim
739 2273 807 2328 iis
855 2274 948 2344 qui
996 2273 1270 2344 aspiciunt
1312 2271 1378 2326 ad
1429 2285 1690 2337 sensum,
1739 2272 1864 2325 boni
1895 2271 2112 2340 quidem

545 2365 727 2434 specie
768 2372 896 2418 sunt
935 2364 1069 2417 illita
1090 2404 1105 2428 ,
1131 2364 1225 2418 sed
1255 2378 1364 2418 non
1395 2371 1525 2418 sunt
1553 2363 1607 2417 id
1641 2363 1787 2433 quod
1818 2372 2112 2434 putantur.

545 2453 830 2522 Quomodo
859 2454 1006 2509 enim
1037 2453 1202 2508 fuerit
1233 2453 1522 2524 pulchrum
1542 2493 1557 2518 ,
1590 2453 1737 2524 quod
1769 2454 1920 2509 nullo
1951 2454 2114 2508 modo

544 2545 846 2600 consistit?
871 2543 1003 2597 Nam
1024 2546 1170 2614 quod
1209 2544 1262 2597 in
1290 2543 1392 2598 hoc
1414 2543 1620 2598 mundo
1643 2552 1729 2599 est
1752 2544 2074 2598 honoratum
2096 2583 2112 2606 ,

545 2651 701 2692 suam
738 2635 900 2690 habet
919 2636 1212 2690 essentiam
1248 2635 1304 2689 in
1337 2636 1454 2690 sola
1480 2634 1880 2690 existimatione
1922 2648 2112 2690 eorum

543 2729 638 2798 qui
666 2743 791 2782 esse
827 2727 1160 2780 existimant.
1195 2724 1278 2780 Tu
1309 2733 1489 2781 autem
1519 2741 1650 2782 vere
1684 2726 1910 2796 pulcher
1944 2742 1960 2779 :
2003 2740 2110 2779 non

544 2821 720 2874 solum
746 2819 992 2888 pulcher,
1011 2819 1104 2872 sed
1130 2818 1242 2888 ipsa
1261 2817 1387 2873 boni
1416 2819 1654 2874 essentia
1677 2832 1892 2888 semper
1915 2817 2038 2872 talis
2052 2830 2114 2872 es

544 2910 770 2964 omnino
796 2909 847 2964 id
876 2909 1018 2979 quod
1050 2924 1151 2964 es:
1183 2924 1285 2964 nec
1318 2908 1373 2963 in
1403 2917 1642 2979 tempore
1669 2907 1903 2973 ﬂorens,
1935 2923 2034 2962 nec
2057 2907 2111 2960 in

543 3009 789 3071 tempore
838 3016 1033 3057 rursus
1082 2999 1270 3055 ﬂorem
1319 3000 1622 3069 abjiciens,
1679 3001 1774 3057 sed
1828 3017 1950 3057 cum
1990 3003 2114 3056 vitae

541 3088 847 3144 aeternitate
871 3089 1033 3144 simul
1050 3087 1348 3144 extendens
1362 3088 1598 3158 speciem
1619 3103 1684 3144 ac
1703 3090 1956 3146 decorem
1982 3107 1996 3145 :
2023 3090 2109 3146 cui

2214 1997 2613 2068 ἐπικέχρωσται
2644 1997 2743 2067 μὲν
2788 1998 2852 2068 τῇ
2883 1995 2977 2050 τοῦ
3018 1996 3181 2050 καλοῦ
3229 1996 3520 2068 φαντασίᾳ,
3568 1998 3627 2049 οὐ
3681 1999 3786 2067 μήν

2216 2091 2362 2142 ἐστιν
2387 2090 2520 2160 ὅπερ
2557 2088 2857 2159 νομίζεται.
2907 2087 3030 2152 Πῶς
3061 2089 3168 2160 γὰρ
3202 2088 3267 2140 ἄν
3307 2105 3362 2141 τι
3410 2088 3496 2159 εἴη
3541 2088 3722 2153 καλὸν,
3755 2089 3788 2141 δ

2219 2180 2353 2251 μηδὲ
2377 2181 2511 2244 ὅλως
2531 2180 2647 2234 ἐστι
2669 2179 2789 2234 καθ’
2816 2179 3142 2244 ὑπόστασιν;
3171 2180 3244 2232 To
3266 2180 3372 2252 γὰρ
3411 2181 3468 2232 ὲν
3495 2179 3572 2250 τῷ
3597 2179 3787 2251 κόσμῳ

2215 2269 2389 2341 τούτῳ
2408 2269 2793 2340 τετιμημένον,
2812 2269 2871 2323 ὲν
2898 2269 3034 2343 μόνῃ
3049 2272 3114 2340 τῇ
3139 2272 3310 2341 οἰήσει
3338 2268 3444 2322 τῶν
3462 2268 3788 2340 νομιζόντων

2216 2356 2375 2423 εἶναι,
2405 2360 2466 2412 τὸ
2488 2355 2626 2412 εἶναι
2655 2359 2788 2430 ἔχει.
2817 2361 2890 2413 Σὺ
2913 2359 2968 2413 δὲ
2993 2358 3208 2431 άληθῶς
3235 2356 3287 2412 εἴ
3311 2360 3491 2423 καλός·
3519 2360 3581 2412 οὑ
3626 2359 3786 2423 καλὸς

2214 2452 2270 2506 δὲ
2302 2453 2479 2523 μόνον,
2517 2451 2631 2505 ἀλλ’
2661 2453 2798 2524 αὐτῇ
2839 2456 2905 2524 τῇ
2939 2453 3032 2506 τοῦ
3067 2451 3229 2505 καλοῦ
3258 2452 3414 2523 οὐσίᾳ
3435 2453 3523 2505 ἀεὶ
3547 2450 3784 2516 τοιοῦτος

2217 2543 2498 2614 ὑπάρχων,
2525 2543 2755 2596 πάντοτε
2778 2543 2854 2597 ῶν
2889 2544 3023 2614 ὅπερ
3055 2539 3121 2597 εἷ’
3151 2541 3274 2596 οὕτε
3304 2542 3442 2596 κατὰ
3472 2542 3662 2612 καιρὸν
3690 2543 3785 2594 άν-

2214 2635 2343 2696 θῶν,
2390 2634 2512 2688 οὔτε
2559 2635 2652 2689 ἐπὶ
2693 2635 2886 2707 καιροῦ
2927 2636 3088 2691 πάλιν
3132 2635 3450 2690 ἀποϐάλλων
3498 2635 3560 2686 τὸ
3601 2632 3781 2696 άνθοςο

2217 2726 2351 2780 ἀλλὰ
2368 2729 2434 2797 τῇ
2464 2725 2724 2796 άῖδιότητι
2741 2726 2838 2796 τῆς
2855 2725 3002 2796 ζωῆς
3018 2724 3472 2796 συμπαρατείνων
3496 2724 3593 2793 τὴν
3612 2723 3781 2795 ὥραν*

2212 2808 2258 2884 ᾧ
2285 2815 2455 2886 ὄνομα
2478 2818 2511 2885 ἡ
2543 2815 2939 2883 φιλανθρωπία.
2984 2815 3041 2870 Ὀ
3074 2814 3179 2886 γὰρ
3209 2816 3268 2881 ἐξ
3306 2815 3476 2869 Ἰούδα
3499 2813 3785 2879 ἀνατείλας

2213 2909 2344 2977 ἡμῖν
2393 2908 2656 2977 Χριστὸς,
2700 2907 2927 2978 ἀδελφὸς
2972 2908 3030 2961 δὲ
3070 2910 3099 2961 ὁ
3153 2908 3421 2962 Ἰουδαίων
3452 2908 3576 2970 λαὸς
3605 2905 3699 2961 τοῦ
3721 2906 3786 2972 ἐξ

2213 2995 2381 3048 ἐθνῶν
2407 3013 2489 3049 σοι
2518 2997 2856 3068 προσιόντος,
2885 2996 3065 3061 καλῶς
3091 2996 3180 3052 διὰ
3209 2997 3308 3070 τὴν
3340 3000 3398 3052 ἐν
3429 2999 3593 3070 σαρκὶ
3623 3015 3781 3068 γεγε-

2213 3089 2452 3159 νημένην
2478 3089 2572 3159 τῆς
2603 3087 2854 3160 θεότητός
2886 3106 2978 3144 σου
3011 3089 3336 3161 φανέρωσιν,
3377 3089 3652 3160 ἁδελφιδὸς
3679 3090 3782 3160 τῆς

542 3195 742 3234 nomen
771 3179 870 3234 fuit
900 3179 1206 3250 benignitas
1229 3186 1284 3233 et
1307 3178 1549 3234 charitas
1579 3178 1633 3232 in
1665 3179 1935 3236 homines.
1969 3181 2110 3235 Nam

2215 3158 2484 3252 ποθούσης
2513 3158 2933 3251 κατωνομάσθη.

541 3272 635 3342 qui
669 3287 733 3326 ex
771 3269 911 3325 Juda
946 3270 1105 3324 nobis
1142 3259 1307 3325 ortus'
1337 3275 1424 3324 est
1463 3267 1722 3324 Christus
1752 3308 1768 3333 ,
1812 3278 1896 3325 est
1936 3278 2119 3324 autem
2191 3266 2449 3324 Judalcus
2501 3269 2736 3339 populus
2764 3267 2932 3324 frater
2971 3268 3092 3338 ejus
3128 3268 3220 3339 qui
3266 3267 3331 3322 ad
3378 3276 3431 3323 te
3460 3268 3672 3323 accedit
3711 3284 3779 3324 ex

542 3365 798 3435 gontihus
830 3368 1051 3432 propter
1076 3361 1153 3415 tui
1188 3359 1244 3414 in
1276 3373 1443 3415 carne
1476 3358 1677 3414 factam
1703 3359 2228 3426 manifestationem,
2256 3360 2459 3414 dicitur
2488 3361 2750 3431 patruelis
2781 3361 2902 3430 ejus
2925 3376 3048 3430 qua:
3077 3372 3246 3416 amat.

613 3454 819 3510 Deinde
866 3453 1182 3524 subjungit,
1228 3451 1417 3508 Lectus
1451 3465 1630 3508 noster
1657 3453 1954 3508 umbrosus.
1991 3451 2108 3508 lloc

542 3554 662 3607 est,
695 3551 750 3599 te
781 3543 1070 3614 cognovit,
1115 3551 1210 3598 aut
1255 3554 1550 3615 cognoscet
1585 3545 1822 3599 humana
1875 3551 2106 3610 natura,

544 3634 858 3689 umbrosum
871 3633 1063 3690 factum
1079 3650 1174 3706 per
1185 3632 1670 3706 dispensationem.
1686 3631 1889 3691 Venisti
1924 3630 2068 3687 enim
2087 3670 2106 3697 ,

542 3725 722 3796 inquit
739 3763 754 3788 ,
778 3731 834 3776 tu
863 3722 1092 3793 pulcher
1119 3731 1174 3777 et
1200 3724 1440 3779 decorus
1470 3724 1734 3794 patruelis
1763 3739 1918 3779 meus
1941 3724 2006 3779 ad
2032 3724 2110 3780 le-

540 3825 688 3870 ctum
710 3822 958 3869 nostrum
982 3811 1158 3868 factus
1188 3813 1500 3870 umbrosus.
1527 3812 1643 3869 Nisi
1671 3814 1816 3869 enim
1842 3814 1957 3883 ipse
1979 3815 2111 3884 teip-

540 3924 661 3964 sum
691 3905 1115 3970 obumbrasses,
1150 3905 1278 3960 dum
1314 3921 1413 3974 per
1451 3907 1596 3962 servi
1635 3905 1866 3960 formam
1899 3920 2106 3961 merum

540 4000 751 4054 radium
780 3996 1082 4052 divinitatis
1105 3996 1368 4052 obvelasti
1385 4036 1401 4062 ,
1425 3997 1550 4067 quis
1577 4005 1726 4052 tuam
1754 3997 2112 4052 sustinuisset

539 4089 980 4162 apperitionem‘!
1024 4087 1219 4145 Nullus
1269 4090 1415 4144 enim
1463 4105 1704 4160 unquam
1774 4088 1983 4145 videbit
2029 4089 2110 4144 fa-

538 4183 678 4238 ciem
708 4180 954 4244 Domini,
985 4189 1040 4236 ct
1064 4181 1210 4236 vivet
1239 4180 1306 4235 δ’.
1337 4179 1554 4238 Venisti
1601 4197 1734 4252 ergo
1778 4180 2068 4252 speciosus
2087 4217 2108 4246 ,

539 4273 632 4328 sed
664 4273 789 4325 talis
817 4271 1044 4326 eﬂ'ectus
1078 4278 1137 4324 ut
1165 4280 1219 4326 te
1241 4285 1530 4340 possemus
1559 4274 1863 4342 suscipere.
1891 4271 2108 4327 Venisti

537 4363 876 4419 adumbratis
906 4362 1076 4417 radiis
1102 4361 1409 4417 divinitatis
1434 4363 1810 4434 integumento
1834 4363 2105 4433 corporis.

537 4451 1004 4521 Quemadmodum
1054 4451 1200 4507 enim
1252 4451 1521 4522 potuisset
1573 4451 1823 4507 mortalis
1875 4459 2104 4518 natura,

535 4551 591 4598 et
619 4543 674 4596 in
703 4556 867 4610 quam
899 4540 1045 4596 cadit
1075 4540 1368 4606 interitus,
1413 4541 1672 4612 conjungi
1719 4557 1844 4596 eum
1886 4557 1950 4597 ea
1986 4557 2108 4611 qua:

539 4632 780 4687 interitui
806 4631 1028 4686 minime
1057 4640 1142 4686 est
1174 4632 1430 4695 obnoxia,
1449 4642 1504 4686 et
1530 4631 1598 4685 ad
1628 4645 1792 4701 quam
1823 4646 1930 4685 non
1960 4637 2108 4702 patet

2277 3450 2411 3508 Εἶτα
2441 3455 2687 3524 ἐπήγαγε
2706 3497 2722 3521 ,
2744 3455 3095 3524 Προσκλίνη
3122 3453 3290 3524 ἡμῶν
3307 3455 3583 3522 σύσκιος.
3609 3456 3779 3509 Τουτ-

2208 3541 2378 3609 έστιν,
2412 3543 2550 3612 ἔγνω
2580 3562 2638 3597 σε
2657 3585 2673 3608 ,
2704 3546 2821 3616 ἦτοι
2861 3545 3129 3615 γνώσεται
3171 3547 3205 3617 ἡ
3239 3545 3550 3617 ἀνθρωπίνη
3580 3545 3778 3615 φύσις,

2209 3631 2428 3688 σύσκιον
2461 3638 2527 3706 τῇ
2557 3635 2835 3706 οἰκονομίᾳ
2864 3637 3176 3708 γενόμενον.
3201 3633 3404 3701 τΗλθες
3429 3638 3538 3710 γάρ
3563 3639 3650 3701 σὺ,
3683 3657 3778 3708 φη-

2211 3725 2316 3788 σὶν,
2351 3727 2380 3779 ὁ
2407 3725 2588 3788 καλὸς,
2637 3728 2665 3779 ό
2709 3727 3018 3798 άδελφιδὸς,
3049 3731 3078 3782 ὁ
3113 3729 3342 3801 ὡραῖος,
3373 3730 3594 3803 πρὸςτῇ
3621 3730 3776 3804 κλίνῃ

2208 3815 2366 3886 ἡμῶν
2414 3816 2632 3881 σύσκιος
2680 3819 2983 3890 γενόμενος.
3025 3822 3088 3874 Εἰ
3129 3821 3240 3893 γὰρ
3296 3821 3370 3892 μὴ
3420 3823 3776 3886 συνεσκίασας

2207 3905 2365 3969 αὐτὸς
2393 3907 2606 3972 ἑαυτὸν,
2632 3908 2730 3979 τὴν
2753 3910 2989 3981 ἄκρατον
3021 3911 3121 3982 τῆς
3135 3912 3385 3983 θεότητος
3417 3915 3610 3969 ἀκτῖνα
3634 3932 3768 3982 συγ-ι

2209 3996 2454 4061 καλύψας
2499 4002 2567 4071 τῇ
2605 3999 2698 4052 τοῦ
2735 4001 2922 4056 δούλου
2974 4005 3177 4075 μορφῇ,
3216 4004 3302 4067 τίς
3330 4005 3396 4059 ἂν
3445 4005 3650 4076 ὑπέστη
3680 4007 3776 4060 σοῦ

2208 4087 2304 4160 τὴν
2331 4089 2661 4160 ὲμφάνειαν;
2693 4092 2879 4156 Οὐδεὶς
2920 4091 3027 4163 γὰρ
3067 4093 3254 4162 ὄψεται
3287 4095 3579 4166 πρόσωπον
3604 4096 3772 4158 Θεοῦ,

2207 4178 2302 4232 καὶ
2331 4179 2573 4249 ζήσεται.
2601 4175 2803 4244 ἾΙλθες
2832 4182 3015 4236 τοίνυν
3035 4183 3063 4234 ὁ
3083 4181 3304 4253 ὡραῖος,
3333 4185 3446 4238 ἀλλ’
3475 4185 3550 4249 ὼς
3575 4185 3776 4256 χωροῦο

2209 4286 2311 4340 μεν
2341 4269 2630 4336 δέξασθαι,
2657 4271 2896 4336 τοιοῦτος
2937 4273 3248 4344 γενόμενος.
3284 4270 3489 4338 ’Ἦλθες
3526 4274 3625 4338 τάς
3673 4275 3774 4344 τῆς

2208 4359 2460 4431 θεότητος
2495 4361 2716 4424 ἀκτῖνας
2743 4363 2809 4433 τῇ
2840 4361 3098 4444 περιϐολῇ
3134 4363 3430 4428 συσκιάσας
3462 4364 3556 4416 τοῦ
3586 4364 3772 4434 σῶμα·

2204 4467 2316 4513 τος.
2349 4451 2471 4514 Πῶς
2498 4452 2602 4522 γὰρ
2630 4451 2695 4506 ἂν
2728 4451 2974 4524 ἐχώρησε
3007 4454 3175 4526 θνητὴ
3209 4455 3303 4508 καὶ
3324 4456 3585 4528 ὲπίκηρος
3613 4456 3773 4524 φύσις

2205 4545 2271 4613 τῇ
2301 4543 2559 4614 άκηράτῳ
2594 4545 2688 4598 καὶ
2717 4545 2994 4617 ἅπροσίτῳ
3038 4546 3270 4618 συζυγίᾳ
3309 4547 3770 4618 συναρμοσθῆναι,

2205 4639 2254 4692 εί
2301 4638 2376 4708 μὴ
2401 4640 2513 4701 τοῖς
2536 4641 2593 4692 ὲν
2627 4639 2806 4692 σκότει
2829 4639 2994 4703 ζῶσιν
3018 4642 3149 4711 ἡμῖν
3172 4643 3204 4712 ὴ
3239 4640 3368 4694 σκιὰ
3387 4641 3482 4694 τοῦ
3519 4639 3771 4712 σώματος

537 4723 748 4786 aditus,
799 4721 904 4775 nisi
947 4721 1107 4776 nobis
1150 4721 1464 4776 viventibus
1504 4720 1560 4774 in
1590 4721 1867 4787 tenebris,
1904 4721 2096 4775 umbra

2213 4723 2338 4792 πρὸς
2353 4724 2411 4776 τὸ
2432 4724 2545 4792 φῶς
2565 4725 2880 4795 ἐμεσίτευσε
2901 4744 2919 4792 ;
2942 4729 3143 4800 Κλίνην
3163 4729 3220 4782 δὲ
3240 4729 3539 4801 ὀνομάζειή
3563 4731 3768 4802 νύμφη⁹

535 4814 784 4885 corporis
832 4814 1030 4867 luisset
1077 4811 1365 4882 interjecta
1420 4812 1563 4868 inter
1612 4813 1835 4868 lucem?
1883 4810 2101 4867 Lectum

2213 4815 2262 4883 ςῇ
2291 4817 2523 4884 τροπικῇ
2550 4816 2795 4888 σημασία
2813 4817 2916 4888 τὴν
2929 4819 3064 4890 πρὸς
3091 4819 3150 4872 τὸ
3172 4819 3326 4875 Θεῖον
3355 4821 3654 4892 άνάκρασιν
3675 4823 3772 4892 τῆς

534 4911 715 4959 autem
764 4904 1010 4956 nominat
1041 4917 1280 4971 sponsa,
1331 4903 1542 4973 tropica
1580 4901 1979 4972 signiﬁcatione
2013 4903 2102 4956 in-

534 4999 840 5061 terpretans
881 4990 1134 5044 humana:
1175 4998 1386 5046 naturae
1415 5006 1541 5046 cum
1572 4990 1756 5046 divina
1789 4999 2102 5062 contempe-

532 5083 823 5146 rationem.
857 5081 1141 5148 Quomodo
1175 5082 1339 5144 etiam
1381 5097 1613 5155 magnus
1659 5083 1952 5153 Apostolus
2001 5084 2093 5139 deo

531 5167 762 5238 spondet
791 5183 891 5222 nos
922 5171 1187 5238 virginem
1237 5170 1494 5240 Christo,
1541 5173 1892 5242 animamque
1939 5179 2101 5228 ornat

530 5269 791 5331 tanquam
843 5276 1134 5330 sponsam,
1175 5272 1230 5317 et
1266 5265 1499 5318 duorum
1538 5264 1983 5333 conjunctionem
2030 5267 2099 5320 ad

531 5351 696 5406 unius
722 5353 968 5421 corporis
999 5352 1256 5406 unionem
1293 5367 1550 5423 magnum
1581 5353 1716 5408 dicit
1739 5368 1863 5409 esse
1892 5361 2099 5421 myste.

530 5441 672 5496 rium
704 5456 767 5496 ac
795 5455 1199 5498 sacramentum
1243 5444 1466 5498 unionis
1496 5442 1702 5499 Christi
1742 5459 1866 5498 cum
1912 5446 2100 5500 Eccle-

529 5532 630 5586 sia.
671 5531 806 5587 Cum
841 5535 984 5588 enim
1018 5532 1286 5596 divisset,
1328 5533 1502 5587 Erunt
1543 5535 1648 5588 duo
1689 5536 1743 5589 in
1777 5552 1937 5590 unam
1977 5553 2098 5589 car-

528 5637 644 5678 nem
660 5663 676 5688 ,
701 5622 985 5695 subiungit
1008 5641 1021 5679 :
1050 5623 1452 5680 Sacramentum
1474 5624 1569 5677 hoc
1593 5641 1840 5696 magnum
1863 5636 1940 5682 est
1955 5642 1974 5692 ;
2001 5644 2093 5698 ego

597 5750 644 5786 “
675 5749 852 5810 lCor.
892 5769 992 5824 xu,
1021 5756 1078 5812 3.
1153 5755 1200 5790 “
1225 5754 1396 5813 Exod.
1437 5772 1631 5825 χχχιιι,
1666 5757 1755 5815 20.

2195 4902 2544 4974 ἀνθρωπίνης
2593 4903 2806 4972 φύσεως
2837 4907 3234 4978 ἐρμηνεύουσα.
3279 4907 3366 4971 Ὠς
3411 4909 3504 4960 καὶ
3543 4910 3571 4961 ὁ
3601 4907 3772 4977 μέγας

2209 4993 2529 5058 Ἀπόστολος
2582 4995 2880 5066 ἁρμόζεται
2933 4997 3012 5070 τῷ
3064 4997 3285 5070 Χριστῷ
3347 4999 3447 5070 τὴν
3501 4999 3771 5070 παρθένον

2196 5085 2228 5154 ἡ
2238 5087 2363 5154 μᾶς,
2395 5085 2488 5138 καὶ
2511 5088 2866 5156 νυμφοστολεῖ
2893 5090 2991 5161 τὴν
3018 5089 3218 5160 ψυχὴν,
3245 5092 3339 5144 καὶ
3367 5091 3464 5162 τὴν
3501 5089 3770 5160 προσκόλ-

2201 5175 2356 5246 λησιν
2383 5177 2492 5230 τῶν
2531 5178 2623 5230 δύο
2651 5180 2730 5243 εἰς
2772 5180 2890 5243 ἐνὸς
2924 5181 3172 5252 σώματος
3203 5181 3488 5234 κοινωνίαν
3532 5180 3592 5233 τὺ
3629 5181 3771 5251 μέγα

2205 5267 2499 5339 μυστήριον
2539 5263 2677 5322 εἶναι
2720 5269 2869 5338 λέγει
2919 5270 3019 5340 τῆς
3059 5268 3152 5322 τοῦ
3195 5269 3432 5341 Χριστοῦ
3487 5270 3620 5340 πρὸς
3671 5269 3768 5340 τὴν

2211 5357 2536 5428 Ἐκκλησίαν
2563 5359 2830 5425 ἑνώσεως.
2848 5361 3032 5414 Εἰπὼν
3049 5361 3158 5434 γὰρ
3176 5363 3260 5415 ὃτι
3289 5364 3567 5415 Ἔσονται
3587 5362 3642 5414 ol
3658 5359 3765 5413 δύο

2199 5451 2285 5514 εἰς
2308 5450 2504 5518 σάρκα
2532 5453 2698 5521 μίαν,
2717 5454 3017 5524 ἐπήγαγεν·
3041 5454 3123 5506 ὅτι
3147 5455 3217 5508 Τὸ
3231 5452 3568 5523 μυστήριον
3592 5451 3767 5505 τοῦτο

2199 5541 2352 5612 μέγα
2382 5544 2574 5597 ἐστίν’
2604 5545 2718 5614 ἐγὼ
2739 5545 2806 5598 δὲ
2830 5545 2982 5617 λέγω
3012 5548 3098 5612 εις
3127 5545 3386 5615 Χριστὸν
3424 5543 3524 5597 καὶ
3545 5545 3629 5608 εἰς
3656 5542 3766 5608 τὴν

2216 5636 2600 5705 Ἐκκλησίαν.
2627 5637 2724 5692 Διὰ
2739 5637 2897 5694 τοῦτο
2917 5638 3095 5695 τοίνυν
3114 5639 3174 5693 τὸ
3189 5639 3507 5712 μυστήριον,
3525 5635 3710 5704 κλίνην
3731 5634 3766 5704 ὴ
