4116 6560
374 440 490 497 857

1328 440 1395 495 IN
1434 438 1730 496 CAN'I‘ICA
1770 429 2042 496 (ΞἉΝΤΙΟ.
2076 439 2355 497 IIOMILIA
2396 441 2486 497 IV.

2516 52 2925 61 iﬁ—-—‘_7L‘"if
2952 52 2961 59 ι
3000 52 3075 61 κμνν

3508 442 3614 499 838

370 532 645 603 παρθένος
660 532 803 603 ψυχὴ
827 532 944 602 ,τὴν
967 532 1100 604 πρὸς
1127 532 1187 585 τὸ
1209 533 1361 586 Θείον
1384 534 1665 586 κοινωνίαν
1684 532 1928 603 ὠνόμασε

2057 545 2229 588 autem
2255 534 2372 587 dico
2396 537 2448 588 in
2467 534 2679 590 Christo
2698 544 2745 589 et
2776 534 3011 590 Ecclesia
3038 536 3102 591 “.
3127 535 3349 607 Propter
3364 536 3468 591 hoc
3488 553 3618 607 ergo

371 623 595 695 Ταύτην
621 625 677 677 δὲ
707 625 806 677 οὐκ
830 624 1001 687 ἄλλως
1023 620 1090 694 ἦν
1128 625 1349 677 δυνατὸν
1372 626 1643 692 γενέσθαι,
1676 625 1723 676 εξ
1756 624 1829 695 μὴ
1860 624 1948 676 διὰ

368 715 470 770 τοῦ
490 732 712 768 συσκιον
733 717 865 786 ἡμῖν
890 715 979 769 διὰ
999 715 1092 769 τοῦ
1116 714 1362 785 σώματος
1391 716 1719 785 ἐπιφανῆναι
1734 714 1824 767 τὸν
1846 713 1950 766 Κύ-

370 824 513 879 ριον.
539 808 636 869 Ὃς
656 806 719 859 οὐ
745 806 976 876 νυμφίος
998 804 1176 876 μόνον,
1196 806 1331 858 ἀλλά
1347 808 1439 860 καὶ
1458 806 1736 877 οἰκοδόμος
1775 808 1945 869 ἐστὶν,

367 898 538 961 αὐτὸς
574 898 633 952 ἐν
658 899 793 968 ἡμῖν
822 898 916 951 καὶ
938 896 1258 966 τεχνιτεύων
1277 897 1367 953 τὸν
1386 892 1555 960 οἷκον,
1572 896 1666 949 καὶ
1682 898 1808 970 ὅλης
1824 900 1947 969 ’τῆς

367 989 569 1059 τέχνης
590 988 892 1059 γινόμενος.
914 990 1145 1061 Ὄροφον
1158 990 1267 1061 γάρ
1286 991 1563 1045 ἐπιϐάλλει
1593 992 1670 1063 τῷ
1689 993 1840 1061 οἴκῳ,
1860 992 1948 1045 διά

369 1076 475 1146 τῆς
506 1076 751 1147 ἀσήπτου
791 1074 922 1146 ὕλης
947 1076 1302 1142 καλλωπίζων
1326 1080 1388 1132 τὸ
1413 1080 1572 1149 ἔργον
1592 1098 1605 1110 ·
1630 1080 1851 1151 τοιαύτη
1889 1080 1946 1134 δέ

370 1168 524 1220 ἐστιν
545 1168 578 1237 η
596 1163 785 1236 κέδρος
803 1168 948 1239 καὶὴ
970 1169 1327 1239 κυπάρισσος,
1345 1165 1420 1225 ὧν
1440 1173 1468 1224 δ
1497 1172 1811 1242 ἐγκείμενος
1833 1173 1946 1235 τοῖς

372 1257 555 1322 ξύλοις
577 1259 751 1323 τόνος,
783 1260 963 1331 πάσης
991 1262 1260 1333 σηπτικῆς
1284 1263 1462 1327 αἰτίας
1490 1264 1751 1333 κρείττων
1776 1264 1941 1326 ἐστὶν,

369 1349 437 1401 ού
470 1349 650 1419 χρόνῳ
695 1348 878 1413 εἴκων,
914 1351 977 1403 οὐ
1013 1351 1181 1421 σῆτας
1214 1351 1386 1420 φύων,
1418 1354 1517 1406 οὐκ
1566 1353 1761 1424 εὐρῶτι
1794 1353 1943 1421 φθει-

373 1442 623 1512 ρόμενος.
681 1441 776 1494 Ἐκ
817 1442 1020 1494 τούτων
1054 1442 1236 1513 κέδροι
1265 1442 1387 1513 μὲν,
1416 1443 1503 1496 διά
1548 1444 1609 1496 τὸ
1653 1445 1941 1514 ἐπιμήκεις

367 1526 531 1593 εἶναι,
557 1531 625 1583 τά
645 1530 822 1600 πλάτη
848 1530 940 1583 τοῦ
963 1531 1113 1584 οἴκου
1142 1531 1221 1602 τῷ
1246 1532 1427 1603 ὀρόφῳ
1450 1533 1904 1603 διαλαμϐάνουσιν
1922 1548 1937 1564 ’

365 1624 423 1675 αἱ
458 1622 515 1674 δὲ
548 1623 877 1692 κυπάρισσοι
907 1621 993 1674 διὰ
1018 1622 1115 1691 τῆς
1146 1621 1443 1693 λεγομένης
1467 1623 1810 1692 φατνὼσεως,
1843 1624 1939 1694 τὴν

364 1712 579 1766 ἔνδοθεν
606 1711 697 1765 τοῦ
725 1713 874 1766 οἴκου
905 1713 1247 1783 κατασκευὴν
1276 1715 1625 1785 ὡραῒζουσιν.
1696 1714 1848 1785 Ἔχει
1886 1716 1942 1771 δὲ

367 1804 402 1873 ἡ
434 1802 581 1869 λέξις
607 1803 782 1867 οὕτως
801 1819 814 1831 ·
869 1803 1039 1858 Δοκοὶ
1060 1804 1242 1857 οἴκων
1264 1804 1433 1874 ἡμῶν
1462 1806 1680 1875 κέδροι.
1719 1807 1940 1874 Φατνή-

2050 635 2451 679 sacramentqu
2472 664 2486 686 .
2536 625 2735 679 lectum
2768 627 2947 679 anima
2976 627 3129 695 virgo
3161 628 3465 681 nominavit
3492 644 3617 682 cum

2051 710 2160 766 Deo
2180 712 2619 780 conjunctionem
2646 728 2711 767 ac
2732 714 3069 768 societatem.
3098 714 3238 768 Fieri
3269 725 3449 769 autem
3479 717 3619 770 bene

2048 815 2155 853 non
2188 808 2399 870 poterat
2433 809 2490 853 ιιι
2540 815 2601 854 ea
2632 807 2811 867 esset,
2852 802 2959 855 nisi
3006 818 3101 872 per
3130 804 3233 857 hoc
3259 804 3404 873 quod
3436 803 3620 857 Domi—

2047 908 2152 946 nus
2186 894 2476 948 umbrosus
2509 909 2606 963 per
2634 911 2834 964 corpus
2864 896 3024 950 nobis
3057 900 3329 967 apparuit.
3368 900 3471 964 Qui
3507 915 3616 953 non

2046 983 2222 1039 solum
2247 992 2331 1038 est
2356 1000 2594 1053 sponsus
2618 1025 2633 1047 ,
2659 986 2754 1041 sed
2780 987 2942 1040 etiam
2979 988 3093 1058 ipse
3116 990 3417 1044 aediﬁcator
3441 991 3493 1044 in
3518 1006 3617 1046 uo-

2046 1076 2131 1130 bis
2163 1075 2268 1129 fuit
2298 1077 2529 1144 domus,
2563 1086 2618 1132 et
2649 1076 2845 1133 domus
2875 1081 3210 1136 architectus
3245 1091 3299 1134 et
3332 1082 3467 1136 artis
3501 1099 3615 1136 ma-

2045 1169 2200 1222 teria.
2250 1167 2475 1222 Tectum
2517 1170 2664 1224 enim
2713 1169 2940 1238 imponit
2981 1170 3189 1234 domui,
3234 1188 3371 1241 opus
3410 1190 3614 1228 ornans

2043 1274 2139 1328 per
2163 1260 2443 1313 materiam
2469 1276 2589 1330 quae
2611 1262 2799 1331 nequit
2826 1262 3134 1331 putreﬁeri;
3164 1264 3288 1317 talis
3320 1272 3402 1318 est
3432 1273 3610 1317 autem

2042 1348 2238 1402 cedrus
2280 1358 2332 1403 et
2368 1364 2681 1418 cupressus,
2718 1366 2948 1420 quarum
2984 1352 3156 1407 virtus
3185 1368 3305 1421 qum
3352 1352 3496 1407 inest
3544 1354 3609 1405 li-

2041 1440 2184 1508 gnis,
2217 1448 2300 1495 est
2331 1441 2602 1509 potentior
2632 1444 2823 1512 quavis
2845 1458 3012 1499 causa
3043 1444 3475 1514 putrefactionis,
3503 1459 3610 1497 non

2041 1533 2270 1600 tempori
2314 1532 2540 1598 cedens,
2593 1551 2701 1588 non
2758 1536 2932 1589 tineas
2980 1550 3295 1604 procreans,
3346 1550 3454 1589 non
3501 1536 3609 1589 situ

2038 1621 2262 1675 Veniens
2286 1621 2350 1675 ad
2382 1623 2680 1677 interitum.
2718 1622 2791 1676 Ex
2822 1608 2929 1685 bis,
2960 1622 3133 1683 cedri,
3159 1630 3443 1692 pr0pterea
3465 1621 3608 1690 quod

2040 1718 2168 1766 sunt
2194 1727 2451 1779 proceraa,
2495 1714 2833 1767 latitudinem
2881 1715 3076 1767 domus
3130 1721 3274 1767 tecto
3316 1722 3606 1781 occumnt.

2039 1804 2297 1874 Cupressi
2321 1815 2499 1861 autem
2526 1823 2620 1876 per
2643 1822 2704 1861 ea
2729 1823 2848 1875 qua:
2869 1806 3127 1860 dicuntur
3150 1805 3449 1874 laquearia,
3480 1811 3609 1859 sunt

362 1909 523 1959 ματα
554 1891 724 1959 ’ἡμῶν
746 1894 1145 1962 κυπάρισσος.
1190 1896 1413 1959 Πάντως
1442 1895 1498 1949 δὲ
1537 1896 1603 1950 τά
1636 1896 1928 1968 δηλούμενα

2039 1894 2220 1950 decori
2267 1896 2493 1951 interna:
2537 1898 2718 1967 operis
2761 1896 3179 1952 constructioni.
3216 1895 3476 1950 Dictionis
3511 1912 3607 1949 au-

364 1981 455 2035 διά
476 1982 581 2034 τῶν
605 1982 777 2047 ξύλων
800 1984 1116 2055 αἰνίγματα,
1147 1987 1355 2057 φανερά
1380 1989 1492 2050 τοῖς
1509 1988 1937 2042 ἐπακολουθοῦσι

362 2073 442 2143 τῷ
473 2072 647 2145 είρμῷ
686 2073 787 2144 τῆς
817 2074 1056 2139 διανοίας
1088 2077 1255 2132 ἐστίν.
1298 2078 1509 2149 Βροχὴν
1541 2079 1797 2148 ὀνομάζει
1839 2081 1937 2145 τάς

362 2165 612 2229 ποικίλας
636 2167 743 2220 τῶν
773 2167 1095 2239 πειρασμῶν
1122 2167 1425 2239 προσϐολάς
1449 2172 1509 2223 ὲν
1525 2170 1602 2241 τῷ
1624 2172 1937 2243 Εὑργγελίῳ

359 2256 393 2309 δ
425 2255 649 2327 Κύριος,
699 2257 875 2326 λέγων
917 2258 1011 2311 ἐπὶ
1036 2258 1132 2312 τοῦ
1166 2259 1347 2324 καλῶς
1376 2261 1474 2332 τὴν
1504 2260 1682 2315 οἰκίαν
1712 2263 1805 2315 ἐπὶ
1837 2264 1935 2334 τὴν

362 2348 570 2419 πέτραν
602 2348 1052 2420 οἰκοδομήσαντος
1071 2389 1087 2415 ,
1121 2351 1203 2404 ὃτι
1240 2350 1468 2420 Κατέϐη
1504 2354 1542 2421 ἠ
1570 2353 1770 2423 βροχὴ
1792 2397 1807 2420 ,
1837 2355 1935 2408 καὶ

357 2441 671 2494 ἔπνευσαν
710 2444 766 2495 οἱ
802 2441 1008 2512 ἄνεμοι
1027 2483 1043 2506 ,
1076 2443 1174 2497 καὶ
1207 2439 1400 2514 ἦλθον
1434 2446 1488 2497 οἱ
1520 2446 1768 2515 ποταμοὶ
1788 2487 1803 2509 ,
1836 2446 1935 2500 καὶ

359 2534 589 2599 ἀπαθὲς
609 2534 844 2604 ἔμεινεν
877 2534 947 2589 ἐν
968 2536 1198 2602 τούτοις
1220 2537 1284 2590 τὸ
1306 2536 1692 2607 οἰκοδόμημα.
1718 2538 1934 2612 Ταύτης

357 2622 453 2679 οὖν
507 2626 691 2680 ἕνεκεν
737 2627 836 2697 τῆς
873 2628 1047 2698 κακῆς
1093 2628 1428 2701 ἐπομϐρίας,
1468 2631 1627 2701 χρεία
1679 2630 1931 2685 τοιούτων

364 2721 499 2789 ἡμῖν
533 2720 648 2772 ἐστι
677 2718 869 2772 δοκῶν.
904 2713 1072 2772 Αὖται
1100 2718 1144 2771 δ’
1170 2717 1236 2771 ἀν
1269 2714 1380 2772 εἷεν
1400 2720 1457 2773 αἱ
1488 2721 1702 2791 ἀρεταῖν
1744 2723 1801 2775 αἶ
1833 2721 1932 2786 τὰς

358 2810 469 2861 τῶν
499 2808 821 2879 πειρασμῶν
862 2808 1122 2881 ὲπιρῤοάς
1155 2809 1305 2872 ἐντὸς
1345 2811 1554 2864 ἑαυτῶν
1590 2812 1651 2865 οὐ
1680 2813 1933 2882 προσίεν-

358 2918 482 2956 ται.
518 2898 740 2970 στερραί
783 2916 842 2951 τε
882 2894 1037 2953 οὖσαι
1085 2900 1180 2953 καὶ
1210 2900 1500 2963 ἀνένδοτοι,
1539 2902 1634 2957 καὶ
1687 2904 1748 2956 τὸ
1796 2904 1931 2974 πρὸς

358 2991 557 3045 κακίαν
589 2990 900 3061 ἀμάλακτον
928 2992 988 3044 ὲν
1032 2993 1145 3054 τοῖς
1180 2995 1504 3063 πειρασμοῖς
1546 2994 1926 3060 διασώζουσαι.

357 3083 640 3154 Μάθοιμεν
673 3083 720 3136 δ’
774 3082 841 3136 ἂν
886 3082 948 3135 τὸ
983 3082 1293 3153 λεγόμενον,
1343 3085 1443 3153 τὴν
1487 3087 1546 3140 ὲν
1581 3086 1659 3157 τῷ
1704 3089 1930 3161 Ἐκκλη-

355 3177 550 3246 σιαστῇ
584 3175 741 3246 ῥῆσιν
776 3174 855 3244 τῷ
882 3174 1226 3245 προκειμένῳ
1260 3175 1733 3242 συνεξετάσαντες.
1785 3181 1930 3234 Ἑκεῖ

355 3267 465 3338 γάρ
492 3283 657 3338 φησιν
681 3282 696 3297 ο
743 3267 839 3320 Ἐν
875 3268 1186 3335 ὀκνηρίαις
1214 3269 1717 3335 ταπεινωθήσεται
1754 3272 1792 3340 ἡ
1831 3272 1930 3327 δό-

354 3371 560 3423 κωσις,
590 3356 690 3411 καὶ
719 3357 791 3410 ἐν
825 3358 1001 3428 ἀργίᾳ
1027 3359 1241 3427 χειρῶν
1272 3357 1471 3419 στάζει
1512 3362 1553 3429 ἡ
1583 3363 1760 3417 οἰκία.
1796 3364 1930 3416 Ὠσ-

354 3466 459 3519 περ
485 3448 595 3519 γάρ
627 3450 676 3502 εί
710 3447 909 3519 ἀσθενῆ
943 3465 1004 3502 τε
1034 3449 1130 3502 καὶ
1170 3450 1334 3503 ἄτονα
1368 3451 1470 3503 ὑπὸ
1494 3450 1815 3524 λεπτότητος
1841 3456 1925 3524 εἴη

352 3539 423 3593 τά
466 3539 600 3606 ξύλα
628 3538 699 3592 τά
737 3540 1050 3610 διειληφότα
1094 3541 1184 3594 τὸν
1216 3542 1431 3612 ὄροφον,
1466 3543 1712 3617 ὀκνηρῶς
1744 3547 1799 3600 δὲ
1828 3548 1926 3620 ἔχῃ

371 3631 511 3704 πρὸς
562 3632 661 3704 τὴν
694 3631 786 3685 τοῦ
838 3632 1085 3702 suum;
1114 3634 1429 3705 ἐπιμέλειαν
1462 3638 1491 3689 ὁ
1518 3636 1611 3689 τοῦ
1646 3636 1795 3690 οἴκου
1842 3638 1928 3691 δε-

355 3723 581 3793 σπότης,
616 3722 770 3777 οὐδὲν
812 3722 1066 3777 ἀπώνατο
1091 3725 1189 3795 τῆς
1226 3725 1421 3796 στέγης
1439 3766 1454 3791 ,
1484 3725 1578 3779 τοῦ
1608 3727 1813 3797 ὄμϐρου
1839 3728 1925 3782 διὰ

360 3814 637 3883 σταγόνων
670 3814 995 3883 είσρέοντος.
1028 3815 1367 3869 Κοιλαίνεται
1399 3817 1507 3888 γάρ
1541 3816 1600 3881 ἐξ
1631 3819 1873 3888 ἀνάγκης
1896 3822 1926 3873 ό

364 3905 583 3976 δροφος,
617 3904 782 3959 εἴκων
813 3904 891 3976 τῷ
927 3905 1082 3976 βάρει.
1111 3906 1205 3959 τοῦ
1227 3906 1439 3971 ὕδατος,
1471 3910 1565 3962 καὶ
1585 3911 1687 3964 οὐκ
1709 3911 1924 3981 ἀντέχει

351 3997 461 4050 τῶν
493 3996 666 4062 ξύλων
694 3997 728 4067 ἠ
769 3997 956 4050 ἀτονία
981 3996 1118 4068 πρὸς
1144 3999 1244 4068 τὴν
1274 4000 1368 4054 τοῦ
1395 4001 1590 4071 βάρους
1621 4004 1922 4075 προσϐολὴν

363 4083 762 4148 ὑποκλάζουσα.
792 4084 891 4138 Διά
929 4084 1087 4140 τοῦτο
1117 4088 1210 4141 ἐπὶ
1247 4089 1315 4142 τά
1358 4090 1509 4153 ὲντδς
1544 4091 1828 4145 διαδίδοται
1863 4093 1924 4145 τὸ

352 4175 819 4246 ὲναπειλημμένον
841 4178 907 4247 τῇ
944 4177 1213 4248 κοιλότητι
1246 4179 1388 4249 ὕδωρ
1411 4220 1427 4247 ,
1456 4182 1549 4235 καὶ
1578 4182 1632 4233 αἱ
1669 4183 1923 4251 σταγόνες

355 4263 511 4322 αὗται
544 4268 685 4321 κατά
732 4268 822 4320 τὸν
869 4268 1214 4341 παροιμιώδη
1266 4271 1423 4340 λόγον
1468 4274 1818 4328 ἐκϐάλλουσιν
1847 4276 1922 4333 ,ἐκ

344 4357 445 4433 τοῦ
489 4359 617 4412 ἰδίου
657 4358 807 4412 οἴκου
844 4358 935 4412 τὸν
968 4358 1255 4431 ἄνθρωπον
1287 4363 1345 4414 ἐν
1372 4365 1439 4433 τῇ
1476 4364 1659 4436 ἡμέρᾳ
1694 4365 1787 4417 τοῦ
1832 4365 1922 4418 ὑε-

350 4449 463 4503 τοῦ.
498 4448 684 4513 Οὕτως
714 4448 793 4520 τῷ
826 4449 926 4521 τῆς
952 4452 1266 4523 παραϐολῆς
1303 4439 1582 4524 αίνίγματί
1618 4455 1922 4509 διακελεύε-

2038 1994 2145 2040 tem
2195 1987 2266 2040 ita
2301 1987 2463 2042 habet
2490 1996 2781 2042 contextus
2813 2005 2831 2041 :
2869 1987 3065 2041 Trabes
3100 1986 3376 2040 domarum
3399 1994 3607 2040 nostra-

2038 2092 2153 2129 rum
2184 2075 2345 2131 cedri.
2382 2076 2677 2146 Laquearia
2718 2088 2902 2131 nostra
2944 2078 3202 2147 cupressi.
3245 2077 3377 2143 Quae
3422 2086 3605 2131 autem

2039 2184 2135 2236 per
2161 2168 2305 2238 ligna
2339 2159 2717 2240 signiﬁcantur
2740 2170 3052 2240 mnigmata,
3077 2176 3208 2224 sunt
3232 2172 3393 2238 plane
3423 2170 3603 2223 mani-

2035 2255 2174 2311 festa
2204 2258 2271 2311 iis
2309 2259 2400 2328 qui
2434 2274 2628 2314 sensus
2658 2266 3075 2328 consequuntur
3110 2259 3330 2314 seriem.
3371 2257 3602 2312 Imbrem

2033 2358 2189 2404 vocat
2213 2349 2470 2405 Dominus
2487 2352 2541 2405 in
2558 2352 2864 2421 Evangeliis
2884 2352 3066 2407 varios
3086 2352 3321 2405 insultus
3338 2352 3599 2406 tentatio-

2034 2456 2185 2503 num,
2211 2441 2397 2496 dicens
2418 2441 2484 2497 de
2507 2457 2570 2496 eo
2601 2444 2693 2512 qui
2728 2452 2871 2497 recte
2890 2443 3108 2497 domum
3123 2442 3413 2497 aediﬁcaret
3438 2457 3602 2512 supra

2033 2540 2239 2601 petram
2257 2550 2270 2586 :
2287 2531 2435 2585 Venit
2454 2532 2640 2592 imber,
2658 2534 2916 2600 ﬂaverant
2933 2533 3092 2597 venti,
3109 2542 3158 2585 et
3174 2540 3418 2585 venerunt
3430 2530 3502 2599 [iu
3512 2531 3600 2595 vii,

2031 2632 2081 2677 et
2103 2624 2167 2676 ab
2193 2624 2258 2677 iis
2281 2624 2508 2677 illwrum
2529 2623 2721 2678 mansit
2746 2623 3027 2692 aediﬁcium
3052 2623 3119 2678 “.
3154 2622 3380 2692 Propter
3403 2622 3599 2674 malam

2031 2728 2160 2784 ergo
2186 2714 2327 2768 hanc
2359 2716 2617 2783 pluviam,
2650 2730 2789 2785 cpus
2825 2723 2912 2770 est
2948 2715 3111 2769 nobis
3144 2712 3455 2783 hujusmodi
3483 2721 3599 2765 tra-

2030 2806 2207 2861 bibus.
2246 2805 2335 2860 Eae
2362 2791 2540 2861 autem
2569 2807 2773 2861 iuerint
2799 2807 3051 2870 virtutes,
3082 2822 3201 2875 qua:
3238 2805 3597 2859 tentationum

2030 2899 2264 2954 insultus
2292 2898 2347 2952 in
2377 2913 2436 2954 se
2461 2912 2571 2952 non
2605 2897 2928 2953 admittunt.
2965 2905 3023 2949 ut
3047 2911 3169 2964 qua:
3194 2896 3306 2949 sint
3339 2894 3505 2948 ﬁrmae
3533 2909 3597 2946 ac

2030 2991 2234 3053 solidae,
2275 3004 2375 3043 nec
2424 2988 2583 3043 facile
2628 2988 2848 3050 cedant,
2892 2996 2948 3042 ct
3005 2987 3107 3041 hoc
3154 2995 3396 3048 servent,
3443 2992 3503 3037 ut
3541 2985 3596 3037 in

2029 3082 2418 3136 tentationibus
2443 3080 2667 3134 minime
2687 3079 3038 3134 emolliautur
3068 3093 3097 3131 a
3130 3079 3282 3131 vitio.
3316 3076 3473 3142 Quod
3498 3092 3596 3130 au-

2029 3180 2137 3228 tem
2176 3172 2394 3236 dicitur,
2426 3172 2807 3241 intelligemus,
2846 3171 2891 3225 si
2923 3186 3045 3224 cum
3080 3185 3146 3223 eo
3180 3168 3323 3238 quod
3356 3175 3441 3223 est
3467 3182 3594 3236 pro-

2034 3266 2267 3335 positum
2292 3264 2452 3319 simul
2470 3263 2962 3318 examinaverimus
2974 3263 3229 3317 dictionis
3251 3268 3589 3321 contextum,

2029 3358 2119 3426 qui
2149 3364 2233 3411 est
2261 3356 2315 3411 in
2347 3354 2697 3410 Ecclesiaste.
2737 3353 2852 3409 Illic
2886 3354 3029 3408 enim
3057 3353 3189 3408 dicit
3219 3371 3231 3408 :
3267 3351 3333 3405 In
3359 3350 3591 3421 pigritiis

2027 3447 2398 3501 humiliabitur
2434 3446 2780 3516 contignatio,
2834 3455 2885 3500 et
2929 3446 2986 3499 in
3035 3445 3139 3498 otio
3178 3461 3429 3497 manuum
3466 3458 3587 3511 per-

2026 3539 2195 3593 stillat
2223 3538 2408 3593 domus
2436 3538 2502 3591 “.
2527 3537 2813 3604 Quomodo
2835 3536 2977 3593 enim
2997 3536 3041 3591 si
3072 3537 3217 3606 ligna
3248 3550 3368 3605 quae
3384 3544 3588 3589 tectum

2025 3631 2325 3698 continent,
2359 3630 2469 3687 sint
2495 3631 2713 3684 inﬁrma
2745 3638 2800 3684 et
2832 3629 3125 3691 imbecilla,
3160 3628 3226 3683 ad
3268 3628 3465 3683 domus
3492 3642 3589 3680 au-

2030 3732 2137 3776 tem
2161 3738 2346 3777 curam
2369 3721 2660 3792 gerendam
2684 3721 2755 3775 sit
2777 3722 2928 3791 piger
2950 3720 3359 3790 paterfamilias,
3383 3726 3586 3772 tectum

2025 3814 2158 3868 nihil
2193 3814 2455 3884 profuerit
2493 3830 2616 3869 cum
2672 3814 2846 3868 imber
2893 3830 2990 3883 per
3032 3812 3209 3867 stillas
3246 3812 3477 3878 inﬂuat;
3509 3822 3587 3866 te-

2026 3913 2173 3960 ctum
2203 3906 2346 3959 enim
2392 3905 2703 3960 necessario
2749 3915 2974 3958 cavatur
3005 3903 3206 3957 cedens
3246 3916 3403 3971 aqua:
3450 3916 3588 3970 pon-

2023 3996 2177 4062 deri;
2213 4010 2313 4050 nec
2342 3995 2609 4065 lignorum
2648 3994 2996 4049 imbecillitas
3039 3993 3263 4057 resistit,
3303 3990 3470 4044 fracta
3516 3990 3585 4043 ab

2024 4087 2228 4142 insultu
2260 4086 2517 4156 ponderis
2549 4102 2562 4136 :
2600 4094 2885 4155 propterea
2921 4084 3067 4140 subit
3101 4085 3335 4144 interna.
3369 4097 3488 4151 qua:
3528 4081 3582 4134 in

2020 4177 2819 4246 concavitatibusintercipitur
2846 4190 3010 4246 aqua,
3048 4175 3289 4245 ipsaeque
3308 4175 3490 4236 stillae,
3523 4180 3583 4226 ut

2018 4278 2104 4326 est
2127 4268 2183 4323 in
2213 4267 2538 4339 proverbiis,
2566 4266 2840 4321 hominem
2861 4266 3025 4320 domo
3061 4267 3337 4335 expellunt
3373 4265 3426 4318 in
3452 4273 3584 4319 tem-

2019 4375 2151 4432 pore
2182 4360 2404 4430 pluviae;
2447 4359 2520 4413 ita
2553 4359 2711 4433 nobis
2734 4358 2791 4413 in
2823 4358 3113 4424 aenigmate
3145 4357 3413 4427 parabolae
3444 4371 3582 4426 prae-

2018 4451 2171 4521 cipit,
2204 4466 2301 4521 per
2340 4451 2598 4505 virtutum
2624 4451 2792 4506 robur
2816 4466 2882 4506 ac
2908 4450 3217 4505 ﬁrmitatem
3238 4465 3346 4503 non
3386 4448 3589 4504 cedere

350 4557 439 4594 ται
477 4540 567 4594 διά
606 4542 706 4611 τῆς
741 4540 850 4595 τῶν
881 4541 1091 4613 ἀρετῶν
1137 4544 1384 4608 εὐτονίας
1424 4544 1733 4609 ἀνενδότους
1775 4541 1913 4599 εἶναι

2028 4542 2345 4599 [lusionibus
2395 4543 2796 4599 tentatiouum:
2853 4558 2923 4598 ne
2969 4558 3066 4612 per
3114 4542 3282 4596 animi
3333 4550 3579 4595 motuum

350 4631 486 4702 πρὸς
511 4631 610 4694 τὰς
639 4631 748 4683 τῶν
778 4632 1100 4703 πειρασμῶν
1124 4633 1407 4705 έπιρροἀς,
1442 4636 1648 4707 μήποτε
1685 4636 1915 4706 μαλακι-

351 4723 572 4786 σθέντες
598 4722 688 4775 διὰ
717 4722 818 4792 τῆς
842 4723 951 4776 τῶν
980 4724 1317 4794 παθημάτων
1344 4724 1713 4795 συμπτώσεως
1750 4726 1915 4780 κοῖλοι

349 4815 631 4886 γενώμεθα
656 4853 672 4879 ,
720 4816 813 4869 καὶ
845 4815 945 4887 τὴν
985 4816 1356 4887 ὲπιῤῥούντων
1384 4821 1405 4838 "
1423 4814 1680 4872 τοιούτων
1705 4817 1916 4872 ὑδάτων

347 4906 544 4974 ἔξωθεν
591 4907 684 4959 ἐπὶ
724 4906 822 4979 τὴν
866 4906 1093 4978 καρδίαν
1134 4906 1450 4978 είσρέουσαν
1489 4908 1639 4972 ἐντὸς
1678 4908 1784 4961 τῶν
1820 4927 1914 4962 τα-

350 4996 535 5067 μιείων
585 4996 1053 5067 παραδεξώμεθα,
1109 4996 1175 5049 δι’
1222 4989 1297 5051 ὧν
1338 4996 1616 5067 φθείρεται
1655 4999 1790 5069 ⁴ἡμῖν
1843 4998 1912 5052 τά

346 5087 599 5141 ἀπόθετα.
647 5088 713 5140 Δί
749 5088 806 5140 δὲ
835 5088 1017 5157 κέδροι
1044 5078 1206 5141 αὗται
1235 5087 1329 5141 τοῦ
1376 5088 1610 5143 Λιϐάνου
1633 5128 1649 5154 ,
1696 5087 1763 5151 ἃς
1792 5089 1916 5157 ἐφύ-

346 5195 535 5231 τευσεν
563 5180 592 5232 δ
619 5178 823 5250 Κύριος
841 5218 856 5243 ,
906 5172 993 5242 αῖς
1019 5177 1388 5233 ὲννοσεύσουσι
1421 5181 1489 5233 τὰ
1509 5178 1786 5251 στρουθία,
1837 5174 1913 5234 ὧν

344 5271 379 5341 ἡ
424 5269 519 5324 τοῦ
552 5270 776 5341 ὲρωδιοῦ
826 5270 988 5323 καλιά
1032 5269 1373 5342 καθηγεῖται.
1426 5266 1595 5326 Δῦται
1643 5273 1824 5327 τοίνυν
1853 5273 1910 5327 ai

354 5359 553 5429 κέδροι,
609 5361 665 5413 αἱ
716 5361 944 5432 ἀρεταὶ,
992 5360 1082 5416 τὸν
1122 5358 1269 5416 οἷκον
1324 5361 1425 5433 τῆς
1483 5365 1759 5434 νυμφικῆς
1803 5381 1909 5417 πα-

348 5450 534 5514 στάδος
568 5450 1079 5521 κατασφαλίζονται,
1107 5446 1194 5515 αἷς
1215 5453 1618 5507 ὲννοσεύσουσιν
1638 5454 1694 5507 αἱ
1714 5454 1903 5525 ψυχαὶ,

345 5543 598 5613 στρουθία
646 5542 937 5614 γινόμενα,
987 5545 1083 5601 καὶ¹
1135 5544 1251 5599 τῶν
1298 5546 1543 5614 παγίδων
1602 5546 1906 5619 ὑπεριπτά-

346 5650 521 5707 μεναι,
550 5627 627 5689 ὧν
663 5634 985 5708 καθηγεῖται
1031 5638 1067 5708 ή
1107 5635 1202 5690 τοῦ
1235 5636 1459 5710 ἐρωδιοῦ
1499 5636 1659 5693 καλιά
1684 5676 1699 5703 ,
1728 5639 1795 5709 ἢν
1828 5638 1905 5691 oi-

2017 4635 2240 4689 emolliti
2269 4634 2660 4699 incursionem,
2693 4634 2964 4704 ejusmodi
3010 4649 3274 4704 aquanun
3307 4636 3581 4688 extrinse-

2014 4740 2114 4781 cus
2144 4726 2196 4780 in
2223 4741 2318 4781 cor
2354 4725 2697 4782 inﬁuentium
2739 4725 3002 4780 inﬁuxum
3033 4725 3390 4780 admittamus
3434 4726 3577 4779 intra

2014 4820 2333 4889 penetralia,
2361 4835 2458 4890 per
2489 4835 2626 4891 quas
2656 4821 2814 4875 nobis
2852 4828 3076 4890 pereant
3110 4835 3231 4889 qua:
3261 4826 3389 4874 sunt
3418 4834 3580 4889 repo-

2012 4912 2133 4966 sita.
2164 4910 2257 4966 Hae
2288 4918 2467 4967 autem
2498 4912 2646 4967 cedri
2676 4911 2889 4973 Libani,
2924 4927 3065 4981 quas
3093 4912 3355 4981 plantavit
3389 4910 3576 4966 Domi-

2012 5015 2137 5059 nus.
2184 5000 2239 5054 iu
2282 5001 2480 5070 quibus
2515 5001 2797 5055 nidiﬁcant
2833 5002 3089 5056 volucres
3128 5002 3206 5065 “,
3265 5002 3410 5057 inter
3437 5016 3574 5072 quas

2010 5092 2314 5161 praecipuus
2344 5100 2429 5147 est
2454 5092 2615 5148 nidus
2630 5092 2841 5149 herodii
2869 5094 2984 5159 ;h:e
3015 5108 3145 5163 ergo
3175 5093 3345 5156 cedri,
3378 5109 3572 5163 nempe

2007 5182 2255 5246 virtutes,
2302 5184 2554 5238 muniunt
2608 5182 2826 5239 doumm
2890 5185 3151 5254 nuptialis
3213 5185 3458 5249 thalami,
3516 5188 3571 5238 in

2008 5273 2207 5342 quibus
2250 5273 2529 5329 nidiﬁcant
2591 5276 2785 5331 animae
2849 5277 3051 5332 effecta:
3106 5278 3377 5342 volucres,
3432 5277 3573 5331 inter

2011 5378 2147 5433 quas
2165 5364 2522 5435 principatum
2545 5374 2691 5422 tenet
2717 5368 2925 5422 herodii
2945 5368 3127 5434 nidus,
3162 5383 3321 5437 quem
3349 5367 3570 5420 domum

2010 5463 2169 5511 vocat
2231 5456 2534 5527 Scriptura.
2600 5458 2768 5514 Aiunt
2831 5471 3009 5514 autem
3070 5460 3211 5513 hanc
3255 5473 3406 5513 avem
3444 5459 3571 5510 odio

2012 5547 2211 5604 habere
2238 5548 2463 5613 coitum,
2502 5558 2557 5606 et
2604 5552 2836 5621 quadam
2886 5562 3094 5607 naturae
3123 5551 3451 5605 necessitate
3486 5551 3569 5603 in-

1972 5678 1987 5683 μ
2008 5645 2091 5691 ter
2115 5651 2175 5693 se
2204 5639 2447 5709 copulari
2474 5641 2793 5705 clamantes.
2828 5649 2883 5697 ct
2912 5657 3053 5714 aegre
3088 5642 3348 5712 ferentes,
3383 5651 3439 5698 et
3465 5641 3568 5698 tri-

406 5810 453 5842 “
476 5809 675 5883 Ephes.
698 5827 754 5879 ν,
780 5811 870 5877 5|,
897 5810 987 5868 52.
1062 5809 1318 5868 “Matth.
1353 5827 1454 5877 vn,
1487 5811 1558 5867 24
1596 5827 1718 5883 sqq.
1793 5814 1840 5847 ⁸⁸
1864 5812 1928 5872 Ε(

2030 5854 2044 5870 .
2077 5830 2132 5881 x,
2168 5814 2255 5871 18.
2328 5814 2376 5848 ⁸⁸
2398 5806 2541 5873 Psal.
2564 5816 2796 5885 cm,16.
