4110 6480
564 391 668 448 859

1777 397 1834 454 8.
1873 399 2200 457 GREGORlI
2231 399 2522 458 NYSSENI

3697 397 3800 452 9ίο

565 515 765 566 stitiam
791 513 1179 584 signiﬁcantes.
1211 513 1364 570 Unde
1392 517 1518 570 mihi
1543 517 1756 573 videtur
1779 519 2120 590 Seriptnram

2229 525 2352 578 κίαν
2374 525 2625 596 ὀνομάζει
2651 527 2680 579 ὁ
2715 525 2890 594 λόγος.
2923 525 3155 592 Λέγουσι
3181 523 3238 576 δὲ
3269 522 3524 592 ἀπεχθῶς
3551 539 3680 594 περι
3701 523 3800 582 τάς

565 621 662 672 per
691 606 793 658 hoc
822 622 1017 660 nomen
1049 607 1101 659 in
1145 607 1432 676 aenigmate
1465 609 1772 679 signiﬁcare
1809 613 2122 682 puritatem.

565 697 673 752 llas
713 713 840 766 ergo
875 698 1055 752 trahes
1084 711 1250 766 super
1278 707 1418 754 tecta
1477 701 1598 769 puri
1653 701 1875 756 thalami
1934 703 2126 772 aspicit

562 801 782 853 sponsa.
823 784 976 839 Videt
1010 799 1187 840 autem
1213 789 1382 855 etqui
1423 798 1506 843 est
1556 805 1620 844 ex
1663 807 1924 860 cupresso
1961 809 2124 848 orna-

563 885 710 934 tum,
762 871 854 942 qui
935 889 1034 943 per
1085 873 1222 929 bene
1272 875 1560 946 levigatam
1619 889 1672 934 et
1738 882 2120 936 concinnatam

561 966 1017 1034 cmnpositionem
1052 967 1292 1021 illustrat
1322 984 1439 1022 eam
1489 985 1610 1040 qua:
1639 971 1852 1025 videtur
1882 973 2125 1042 pulchri-

563 1053 826 1108 tudinem.
860 1053 1196 1124 Cupressum
1229 1059 1372 1112 enim
1419 1059 1557 1113 dixit
1586 1077 1707 1116 esse
1746 1079 1808 1116 ea
1843 1079 1965 1134 quae
1999 1075 2128 1118 sunt

561 1143 617 1198 in
652 1153 798 1200 tecto
841 1145 1139 1216 laquearia,
1177 1159 1300 1218 apta
1353 1153 1596 1218 quaedam
1647 1161 1700 1208 et
1753 1155 2021 1208 concinna
2061 1171 2126 1209 ac

558 1238 729 1290 celata
769 1253 1012 1292 asserum
1049 1242 1378 1310 compactio,
1407 1243 1534 1297 tecti
1571 1245 1790 1300 varians
1819 1247 2124 1315 pulchritu-

559 1332 759 1386 dinem.
791 1331 929 1398 Quid
959 1347 1088 1400 ergo
1113 1348 1209 1402 per
1239 1333 1352 1388 inec
1391 1335 1690 1391 discimus?
1719 1336 1862 1392 Bene
1892 1339 1998 1393 olet
2030 1355 2126 1392 ua-

551 1420 810 1474 -turaliter
833 1435 1143 1488 cupressus,
1177 1435 1240 1473 ea
1275 1421 1390 1490 ipsa
1421 1433 1598 1476 autem
1655 1423 1856 1476 nullam
1887 1425 2125 1478 admittit

563 1509 925 1580 putredinem,
957 1519 1012 1562 et
1044 1518 1128 1562 est
1157 1517 1282 1578 apta
1327 1511 1390 1562 ad
1424 1513 1734 1566 universum
1768 1511 1960 1567 fabrile
1992 1513 2125 1565 arti-

561 1602 766 1664 ﬁcium,
793 1611 849 1654 ut
865 1617 984 1670 qua:
1000 1599 1070 1654 sit
1091 1601 1240 1654 laavis
1259 1609 1313 1654 et
1336 1602 1628 1666 concinna,
1644 1613 1696 1656 et
1718 1604 1781 1655 ad
1809 1621 1869 1656 ea
1891 1619 2010 1673 quae
2030 1619 2124 1672 per

558 1695 845 1748 czelaturas
863 1692 998 1745 ﬁunt
1016 1701 1335 1744 ornamenta
1353 1693 1618 1762 apposita.
1643 1693 1743 1747 Per
1763 1711 1824 1748 ea
1853 1711 1982 1764 ergo
2003 1711 2123 1764 quae

555 1785 834 1848 dicuntur,
858 1784 1109 1837 existimo
1133 1798 1232 1836 nos
1259 1783 1360 1836 hoc
1379 1783 1607 1850 erudiri,
1638 1787 1782 1854 quod
1814 1803 1921 1841 non
1945 1787 2120 1840 solum

2237 617 2408 685 μίξεις
2431 617 2572 686 ἔχειν
2593 617 2749 670 τοῦτο
2776 618 2836 670 τὸ
2864 617 3065 687 ὄρνεον.
3099 615 3192 668 καί
3213 631 3317 668 τινι
3345 614 3558 682 φύσεως
3588 615 3800 687 ἀνάγκῃ

2233 707 2368 778 πρὸς
2405 709 2606 780 ἄλληλα
2649 708 3041 772 συνδυάζεσθαι
3068 749 3081 771 ,
3113 706 3406 770 ὀκλάζοντα
3451 707 3546 759 καὶ
3573 707 3800 760 δυσανα-

2233 797 2545 868 σχετοῦντα,
2577 805 2672 854 καὶ
2697 800 2794 871 τὴν
2823 799 3011 868 ἀηδίαν
3044 797 3491 868 ἐπισημαίνοντα.
3524 796 3686 850 Ὅθεν
3711 813 3801 864 μοι

2229 890 2376 950 δοκεῖ
2403 891 2502 962 τὴν
2531 892 2875 963 καθαρότητα
2903 895 2960 945 ἐν
2988 891 3268 960 αἰνίγματι
3299 890 3386 944 διὰ
3411 889 3506 942 τοῦ
3539 889 3800 958 ὀνόματος

2227 983 2418 1036 τούτου
2444 985 2728 1055 σημαίνειν
2756 987 2783 1037 δ
2803 984 2976 1052 λόγος.
3001 983 3216 1044 Ταύτας
3235 977 3329 1036 οὖν
3366 981 3465 1044 τὰς
3492 980 3682 1046 δοκοὺς
3707 980 3800 1034 ἐπὶ

2227 1073 2612 1144 τουςθόρόφους
2635 1077 2733 1146 τῆς
2757 1075 3002 1146 καθαρᾶς
3023 1073 3293 1137 παστάδος
3321 1072 3506 1143 βλέπει
3529 1075 3564 1144 ἠ
3589 1073 3795 1144 νύμφη.

2239 1162 2372 1233 Ὁρᾷ
2397 1163 2453 1217 δὲ
2482 1165 2576 1217 καὶ
2601 1163 2693 1217 τὸν
2711 1165 2775 1217 ἐκ
2799 1165 2897 1234 τῆς
2930 1163 3268 1234 κυπαρίσσου
3299 1161 3502 1232 κόσμον
3537 1162 3626 1215 διά
3653 1177 3798 1223 τινος

2229 1253 2480 1318 εὐξέστου
2514 1273 2572 1308 τε
2614 1255 2708 1308 καὶ
2738 1255 3053 1326 ἐναρμονίου
3089 1253 3388 1317 συνθέσεως
3427 1253 3486 1306 τὸ
3525 1251 3797 1324 δρώμενον

2229 1345 2420 1408 κάλλος
2449 1345 2854 1413 ὲναγλαῖζοντα.
2886 1347 3238 1418 Κυπάρισσον
3261 1345 3368 1414 γὰρ
3395 1339 3545 1398 εἶπεν
3571 1339 3706 1396 εἶναι
3729 1344 3798 1397 τὰ

2227 1437 2320 1489 τοῦ
2341 1438 2534 1507 ὀρόφου
2560 1439 2893 1508 φατνώματα
2912 1455 2926 1469 ο
2954 1437 3286 1510 φατνώματα
3315 1437 3371 1489 δὲ
3391 1435 3606 1504 λέγεται
3635 1431 3794 1498 εἶναι,

2226 1526 2494 1599 εὔρυθμός
2529 1545 2611 1591 τις
2655 1529 2747 1581 καὶ
2793 1529 3085 1598 διάγλυφος
3133 1527 3360 1583 σανίδων
3401 1528 3562 1596 πῆξις
3601 1526 3662 1578 τδ
3697 1529 3796 1596 τῆς

2225 1619 2426 1692 ὀροφῆς
2467 1619 2660 1684 κάλλος
2703 1621 3161 1674 διαποικίλλουσα.
3209 1620 3275 1672 Τί
3322 1614 3416 1672 οὖν
3461 1619 3548 1671 διὰ
3591 1619 3797 1671 τούτων

2229 1713 2572 1784 μανθάνομεν
2598 1731 2610 1778 ;
2656 1715 2887 1768 Εὐπνοεῖ
2919 1717 3165 1783 φυσικῶς
3199 1714 3232 1784 ἡ
3274 1711 3642 1783 κυπάρισσος·
3672 1713 3704 1782 ὴ
3737 1711 3796 1764 δὲ

2228 1805 2365 1876 αὐτὴ
2399 1808 2492 1860 καὶ
2529 1806 2816 1876 σηπεδόνος
2867 1807 3012 1860 ἐστὶν
3059 1805 3468 1878 ἁπαράδεκτος,
3517 1804 3611 1856 καὶ
3658 1802 3795 1874 πρὸς

557 1893 679 1946 qua:
708 1885 835 1930 sunt
865 1876 920 1928 in
959 1873 1142 1927 auium
1172 1875 1417 1937 virtutes,
1451 1875 1504 1929 in
1542 1877 1729 1931 habitu
1761 1893 1872 1931 non
1903 1877 2120 1932 eviden-

2231 1898 2408 1950 πᾶσαν
2435 1899 2750 1967 τεκτονικὴν
2786 1898 3123 1968 φιλοτεχνίαν
3153 1895 3470 1966 ἐπιτηδείως
3502 1894 3635 1964 ἔχει,
3673 1894 3792 1947 λεία

549 1979 641 2022 ter
670 1976 816 2022 recte
848 1981 906 2020 se
949 1971 1165 2034 gerunt,
1209 1967 1301 2019 sed
1350 1979 1526 2037 neque
1573 1985 1691 2023 eam
1733 1969 2009 2038 negligant
2037 1985 2127 2024 ve-

560 2067 855 2123 nustatem,
887 2071 1007 2127 qua:
1041 2065 1125 2110 est
1164 2055 1220 2109 in
1253 2071 1318 2111 eo
1359 2059 1502 2128 quod
1534 2069 1777 2130 apparet.
1811 2059 1950 2115 Sunt
1975 2061 2122 2116 enim

551 2149 890 2222 providenda
925 2149 1063 2202 bona
1109 2161 1296 2201 coram
1333 2148 1443 2204 Deo
1483 2159 1536 2205 et
1577 2153 1892 2210 hominibus
1926 2153 1970 2185 "
2008 2173 2020 2208 :
2071 2163 2125 2210 et

545 2243 702 2314 quod
743 2251 956 2313 oportet
995 2243 1104 2300 Deo
1132 2245 1348 2315 quidem
1383 2259 1504 2298 esse
1537 2243 1908 2308 manifestum,
1947 2245 2122 2299 homi-

559 2335 718 2392 nibus
753 2345 932 2391 autem
985 2337 1334 2408 persuadere,
1385 2346 1437 2390 et
1487 2337 1687 2388 bonum
1726 2336 1924 2392 habere
1966 2337 2122 2390 testi-

549 2429 798 2482 monium
831 2427 974 2497 apud
1029 2443 1125 2482 eos
1159 2427 1251 2498 qui
1289 2425 1424 2481 foris
1468 2435 1596 2480 sunt
1621 2426 1686 2492 ⁸⁸,
1731 2433 1786 2480 et
1823 2425 2120 2496 splendidis

549 2519 740 2574 ducere
767 2520 1023 2588 operibus
1051 2535 1234 2573 coram
1269 2517 1599 2580 hominibus,
1637 2522 1691 2570 et
1723 2515 1920 2572 decore
1951 2517 2118 2573 hone-

547 2618 748 2680 steque
778 2611 1058 2666 ambulare
1083 2610 1224 2681 apud
1255 2625 1350 2664 eos
1382 2609 1474 2679 qui
1497 2608 1628 2664 foris
1659 2619 1806 2665 sunt.
1839 2607 1961 2665 Haec
1993 2621 2122 2665 sunt

555 2700 836 2770 laquearia
876 2716 970 2769 per
1025 2701 1224 2754 bonum
1253 2689 1458 2754 Christi
1509 2698 1752 2763 odorem,
1803 2701 1961 2770 cujus
1987 2703 2116 2755 aeni-

557 2805 678 2852 gma
705 2799 790 2844 est
825 2805 1137 2860 cupressus,
1168 2787 1222 2842 in
1245 2790 1371 2842 vitae
1397 2787 1676 2843 honestate
1695 2789 1986 2844 artiﬁciose
2013 2791 2122 2846 ela-

557 2884 764 2946 borata,
801 2884 943 2940 sicut
982 2899 1044 2938 ea
1080 2891 1227 2938 recte
1270 2892 1322 2937 et
1357 2883 1626 2938 concinne
1654 2883 1862 2937 sciebat
1896 2897 2119 2954 compo—

558 2987 686 3026 nere
715 2972 931 3042 sapiens
967 2970 1295 3048 architectus
1319 2967 1541 3033 Paulus.
1571 2969 1760 3027 dicens
1789 2989 1802 3026 :
1835 2970 2027 3026 Omnia
2061 2973 2118 3026 in

555 3062 696 3116 vobis
723 3062 902 3116 ordine
921 3073 968 3116 et
991 3065 1200 3116 honeste
1221 3063 1355 3131 ﬁant
1379 3061 1444 3116 δ’.

2229 2005 2288 2040 τε
2322 1988 2576 2060 γινομένη
2612 1991 2705 2042 καὶ
2736 1989 3050 2058 ἐναρμόνιος
3072 2031 3087 2053 ,
3122 1987 3374 2058 καὶπρὸς
3415 1987 3540 2049 τοὺς
3565 1984 3652 2040 διὰ
3685 1985 3794 2037 τῶν

2229 2077 2496 2146 γλυφίδων
2529 2078 2948 2150 καλλωπισμὸς
2991 2078 3314 2147 ἐπιτήδειος.
3337 2073 3506 2128 Τοῦτο
3519 2071 3610 2129 οὖν
3642 2071 3792 2145 οἶμαι

2227 2165 2314 2220 διὰ
2351 2169 2460 2220 τῶν
2484 2168 2788 2238 λεγομένων
2829 2169 2976 2238 ἡμᾶς
3013 2167 3361 2222 παιδεύεσθαι
3384 2207 3398 2228 ,
3438 2167 3510 2237 μὴ
3545 2167 3703 2238 μόνον
3735 2168 3793 2220 ὲν

2229 2260 2294 2328 τῇ
2323 2259 2466 2328 ψυχῇ
2499 2259 2595 2321 τὰς
2624 2260 2822 2330 ἀρετάς
2866 2261 2926 2311 ὲν
2963 2259 3073 2324 ἕξει
3126 2257 3518 2329 κατορθοῦσθαι
3555 2257 3694 2312 κατὰ
3735 2257 3794 2310 τὸ

2226 2346 2419 2416 ἄδηλον
2442 2363 2456 2377 ·
2488 2347 2623 2402 ἀλλά
2673 2349 2805 2420 μηδὲ
2845 2347 2944 2418 τῆς
2983 2347 3120 2401 κατὰ
3152 2347 3220 2400 τὸ
3250 2347 3567 2417 φαινόμενον
3599 2348 3794 2418 εὐσχη-

2232 2437 2466 2508 μοσύνης
2498 2437 2715 2508 ἀμελῶς
2757 2439 2917 2510 ἔχειν.
2967 2437 3087 2510 Χρὴ
3133 2438 3243 2509 γὰρ
3277 2441 3524 2511 προνοεῖν
3561 2439 3794 2493 ἐνώπιον

2227 2529 2432 2599 Κυρίου
2461 2529 2552 2583 καὶ
2577 2531 2876 2602 ἀνθρώπιον
2896 2549 2908 2562 ι
2949 2533 3040 2584 καὶ
3064 2529 3180 2602 Θεῷ
3220 2532 3318 2602 μὲν
3353 2531 3788 2603 πεφανερῶσθαι·

2227 2617 2542 2692 ἀνθρώπους
2591 2621 2646 2675 δὲ
2694 2621 2928 2685 πείθειν,
2957 2623 3052 2676 καὶ
3097 2622 3400 2694 μαρτυρίαν
3431 2624 3603 2692 καλὴν
3649 2623 3794 2694 ἔχειν

2226 2711 2332 2763 ἀπὸ
2359 2711 2467 2764 τῶν
2504 2711 2722 2776 ἔξωθεν,
2755 2713 2849 2766 καὶ
2887 2713 3123 2783 λάμπειν
3151 2715 3578 2790 τοῖς-φωτεινοῖς
3613 2713 3794 2785 ἔργοις

2226 2799 2532 2872 ἔμπροσθεν
2561 2801 2670 2855 τῶν
2696 2803 3017 2874 ἀνθρώπων,
3054 2805 3148 2856 καὶ
3177 2803 3528 2874 εὐσχημόνως
3555 2821 3794 2876 περιπα-

2223 2894 2336 2946 τεῖν
2357 2891 2490 2962 πρὸς
2505 2893 2629 2956 τοὺς
2653 2893 2776 2960 ἔξω.
2794 2893 2978 2948 Ταῦτά
3009 2897 3216 2954 ἐστι’τά
3241 2895 3572 2966 φατνώματα
3589 2897 3678 2950 διά
3693 2896 3794 2968 τῆς

2224 2983 2316 3036 τοῦ
2339 2985 2573 3054 Χριστοῦ
2599 2985 2844 3054 εὐωδίας,
2869 2981 2936 3058 ἧς
2961 2986 3187 3058 αίνιγμά
3212 2989 3358 3042 ἐστιν
3385 2990 3416 3058 ἡ
3439 2988 3792 3058 κυπάρισσος,

2225 3073 2283 3126 ὲν
2308 3077 2374 3146 τῇ
2405 3075 2780 3148 εὐσχημοσύνῃ
2820 3076 2912 3129 τοῦ
2941 3077 3054 3147 βίου
3097 3077 3573 3148 φιλοτεχνουμένη,
3613 3077 3794 3142 καθὼς

551 3155 670 3225 ⁴ᾔδει
692 3155 760 3208 τά
785 3154 1007 3208 τοιαῦτα
1046 3154 1348 3208 συντιθέναι
1371 3152 1548 3216 καλῶς
1575 3170 1634 3206 τε
1673 3155 1767 3208 καὶ
1806 3153 2136 3226 ὲναρμονίως
2177 3161 2212 3215 ὸ
2243 3168 2402 3236 σοφὸς
2457 3169 2786 3244 ἀρχιτέκτων
2837 3167 3076 3235 Παῦλος⁹
3105 3171 3135 3222 ὁ
3164 3169 3335 3238 λέγων
3357 3184 3370 3198 .
3407 3169 3610 3224 Πάντα
3643 3170 3796 3223 κατὰ

551 3245 725 3309 τάξιν
751 3247 821 3299 ἐν·
847 3245 990 3315 ὑμῖν
1026 3245 1126 3300 καί
1157 3245 1542 3316 εὐσχημόνως
1570 3245 1840 3314 γινέσθω.

625 3335 720 3392 liis
736 3339 806 3390 ita
833 3346 980 3392 recte
999 3338 1188 3408 gestis,
1209 3337 1265 3390 ﬁt
1281 3337 1675 3391 incrementum
1691 3335 1810 3405 ejus
1823 3349 1940 3407 quae
1957 3339 2113 3394 estin

2297 3349 2516 3403 Τούτων
2560 3349 2616 3403 δὲ
2651 3349 2822 3412 οὕτως
2852 3349 3302 3420 κατορθωθέντων
3321 3392 3336 3412 .
3371 3351 3668 3424 ὲπαύξησις
3695 3351 3792 3406 τοῦ

553 3428 714 3482 nobis
755 3427 1175 3497 pulchritudinis
1203 3469 1217 3492 ,
1255 3427 1432 3497 ampla
1457 3435 1511 3480 et
1543 3427 1649 3480 lata
1700 3435 1888 3481 nostra
1927 3438 2120 3484 natura

553 3519 746 3574 edente
771 3517 952 3570 ﬂorem
979 3515 1308 3573 odoriferum
1326 3527 1378 3574 et
1401 3535 1618 3588 purum.
1645 3518 1787 3574 Flori
1817 3527 1995 3576 autem
2023 3537 2122 3576 no-

553 3627 679 3664 men
697 3620 780 3663 est
799 3609 990 3663 lilium.
1009 3607 1064 3662 In
1089 3625 1196 3680 quo
1213 3611 1529 3665 naturaliter
1551 3611 1925 3668 consideratus
1948 3613 2124 3683 splen-

545 3702 675 3761 dor,
704 3701 866 3755 tacite
909 3699 1180 3771 signiﬁcat
1207 3701 1372 3770 jubar
1395 3703 1786 3772 temperantiae.
1822 3703 1946 3759 Haec
1977 3707 2119 3760 enim

547 3805 754 3860 sponsa
783 3789 922 3860 apud
939 3805 998 3844 se
1019 3807 1352 3862 persequens
1371 3792 1503 3846 dicit
1532 3811 1544 3847 :
1577 3791 2000 3866 Ego,postquam
2021 3797 2124 3851 fuit

545 3883 622 3937 ad
645 3884 841 3938 lectum
861 3889 1108 3938 nostrum
1125 3899 1359 3953 sponsus
1377 3893 1563 3940 noster
1583 3900 1809 3955 corpore
1829 3875 2121 3942 adumbra-

555 3983 664 4036 tus,
685 3973 776 4040 qui
792 3972 894 4028 sibi
913 3973 1201 4028 aediﬁcavit
1219 3973 1462 4036 domum,
1482 3982 1670 4043 tegens
1685 3976 2124 4046 meipsamvirtu—

551 4071 667 4116 tum
685 4063 883 4127 cedris,
911 4061 1076 4118 odore
1093 4078 1480 4134 cupressorum
1503 4079 1776 4118 exornans
1799 4073 2022 4126 tectum,
2053 4081 2121 4120 ex

553 4166 748 4220 campo
798 4159 1010 4204 natura:
1049 4159 1170 4205 orta
1215 4167 1335 4204 sum
1377 4151 1501 4214 ﬂos,
1529 4159 1582 4205 et
1633 4153 1818 4208 colore
1855 4162 1908 4208 et
1951 4153 2121 4208 odore

547 4241 785 4308 reliquis
816 4239 1042 4295 ﬁoribus
1073 4239 1426 4295 antecellens.
1453 4239 1591 4295 Nata
1620 4241 1764 4296 enim
1795 4257 1914 4297 sum
1947 4243 2118 4296 lilium

553 4346 618 4382 ex
649 4329 1016 4382 convallibus.
1056 4327 1148 4383 Sic
1187 4335 1370 4382 autem
1407 4329 1571 4384 habet
1610 4338 1902 4385 contextus
1929 4329 2121 4384 dictio-

549 4423 641 4476 nis
673 4420 820 4490 :Ego
848 4421 946 4488 ﬂos
986 4423 1176 4488 campi,
1223 4421 1396 4474 litium
1431 4421 1670 4475 vallium.
1718 4419 1932 4476 Revera
1967 4423 2116 4476 enim

548 4526 650 4582 per
679 4527 740 4565 ea
764 4525 884 4580 quae
911 4519 1040 4564 sunt
1069 4525 1099 4564 a
1129 4511 1291 4566 nobis
1319 4511 1475 4582 prius
1513 4511 1880 4577 considerata,
1927 4512 1980 4565 in
2017 4527 2118 4566 na-

555 4613 692 4658 tura:
739 4603 1099 4674 amplitudine
1149 4605 1362 4657 exculta
1399 4613 1484 4659 est
1526 4603 1731 4657 anima.
1783 4601 1918 4656 Dum
1967 4603 2113 4657 enim

551 4711 806 4766 campum
854 4695 1127 4760 audimus,
1157 4695 1514 4766 intelligimus
1545 4704 1754 4750 natura
1793 4695 2109 4764 amplitudi-
2141 4696 2196 4754 ι)

549 4801 697 4848 nem.
747 4795 1029 4858 pr0pterea
1073 4785 1216 4856 quod
1243 4801 1305 4840 ea
1347 4787 1420 4840 sit
1450 4795 1574 4856 apta
1617 4786 1682 4840 ad
1731 4785 2110 4853 suscipiendas

551 4878 754 4930 multas
790 4887 842 4931 et
871 4877 1114 4933 inﬁnitas
1141 4877 1529 4947 intelligendas
1569 4891 1665 4931 seu
1687 4875 1884 4930 mentis
1913 4889 2111 4929 conce-

549 4967 786 5036 ptiones,
833 4974 886 5021 et
913 4969 1074 5021 verba
1108 4975 1162 5022 et
1207 4967 1548 5037 disciplinas.
1577 4965 1635 5018 Si
1663 4965 1828 5034 igitur
1882 4979 1968 5029 eo,
1999 4979 2110 5033 quo

547 5057 782 5114 dicimus
809 5058 991 5122 modo,
1031 5057 1098 5112 ab
1129 5073 1196 5113 eo
1240 5059 1331 5128 qui
1385 5065 1634 5111 nostram
1667 5055 1799 5109 colit
1849 5063 2106 5110 naturam

546 5149 824 5204 elaborata
876 5157 961 5203 est
993 5149 1203 5214 'anima,
1249 5147 1494 5201 exoritur
1538 5161 1602 5200 ex
1656 5153 1866 5199 natura
1905 5155 2108 5200 nostra:

547 5253 742 5311 campo
773 5239 873 5295 flos
915 5232 1054 5295 bene
1096 5240 1271 5303 olens,
1315 5237 1632 5307 nitidusque
1679 5247 1735 5292 et
1782 5253 1973 5306 purus.
2010 5235 2108 5290 llic

549 5349 677 5389 vero
723 5347 947 5402 campus
1001 5332 1212 5387 etiamsi
1249 5331 1561 5385 nominetur
1599 5327 1775 5392 vallis,
1821 5343 1946 5382 cum
1997 5327 2110 5380 vita

547 5423 758 5478 caelesti
802 5432 1188 5492 comparatus,
1237 5421 1409 5474 nihilo
1459 5420 1646 5474 secius
1696 5427 1782 5477 est
1833 5433 2108 5486 campus:

549 5531 649 5570 nec
693 5517 876 5571 obstat
917 5513 1210 5585 quominus
1239 5529 1360 5584 quae
1407 5513 1462 5566 iu
1507 5515 1626 5582 ipso
1673 5511 1820 5566 culta
1869 5519 1972 5573 est,
2009 5510 2111 5564 ﬁos

547 5617 692 5661 recte
729 5606 835 5660 ﬁat.
892 5603 970 5658 Ex
1009 5619 1247 5659 concavo
1291 5603 1435 5659 enim
1477 5603 1530 5657 in
1571 5603 1738 5657 altum
1785 5604 1986 5665 oriens,
2026 5617 2115 5656 as-

2220 3441 2278 3494 ἐν
2295 3443 2424 3512 ἡμῖν
2437 3441 2643 3510 γίνεται
2665 3441 2911 3504 κάλλους,
2933 3442 3028 3512 τῆς
3047 3442 3304 3505 πλατείας
3321 3442 3478 3513 ἡμῶν
3499 3444 3714 3512 φύσεως
3731 3444 3794 3496 τὺ

2219 3531 2414 3594 εὑῶδες
2437 3532 2530 3585 καὶ
2560 3531 2798 3602 καθαρὸν
2827 3531 2984 3593 ἀνθος
3010 3533 3380 3605 ἀναδιδούσης.
3403 3537 3612 3606 Ὄνομα
3631 3535 3688 3589 δὲ
3711 3535 3794 3606 τῷ

2219 3621 2368 3674 ἀνθει
2394 3622 2576 3692 κρίνον
2599 3623 2764 3675 ἐστίν.
2791 3617 2864 3692 ’ῼ
2889 3621 2923 3690 ἠ
2954 3607 3196 3690 φυσικῶς
3217 3623 3620 3694 ὲνθεωρουμένη
3651 3625 3792 3695 λαμ-

2219 3711 2424 3780 πρότης
2433 3710 2529 3781 τὴν
2540 3712 2637 3781 τῆς
2651 3712 2998 3783 σωφροσύνης
3021 3731 3093 3783 μα
3103 3715 3384 3785 ρμαρυγὴν
3397 3716 3788 3774 ὑπαινίσσεται.

2217 3799 2401 3852 Ταῦτα
2425 3799 2532 3870 γάρ
2552 3801 2586 3870 ἡ
2613 3800 2796 3872 νύμφη
2815 3805 2940 3874 περὶ
2964 3805 3160 3873 ἑαυτῆς
3183 3803 3510 3875 διεξέρχεται
3537 3805 3786 3873 λέγουσιν

2218 3887 2363 3956 Ἐγὼ
2380 3889 2588 3959 μετάτὺ
2603 3891 2854 3958 γενέσθαι
2867 3893 3002 3964 πρὸς
3013 3895 3080 3963 τῇ
3102 3893 3256 3964 κλίνῃ
3267 3895 3299 3964 ἡ
3308 3895 3424 3964 μῶν
3457 3895 3548 3948 τὸν
3559 3911 3620 3948 νυ
3627 3896 3792 3965 μιρίον

2221 3981 2575 4034 συσκιαθέντα
2611 3979 2688 4052 τῷ
2721 3981 2932 4052 σώματι
2958 4027 2972 4048 ,
3015 3984 3076 4046 ὃς
3119 3983 3467 4056 ᾠκοδόμησεν
3493 3986 3670 4056 ἑαυτῷ
3697 3986 3790 4040 τὸν

2218 4067 2364 4124 οἷκον
2384 4112 2399 4136 ,
2444 4073 2542 4142 ἐμὲ
2585 4075 2706 4136 ταῖς
2730 4074 2838 4126 τῶν
2878 4075 3087 4144 ἀρετῶν
3120 4076 3332 4148 κέδροις
3365 4077 3648 4147 ὀροφώσας
3689 4079 3789 4149 τὴν

2221 4163 2437 4232 στέγην,
2455 4164 2547 4216 καλ⁸
2577 4167 2644 4236 τῇ
2680 4164 2904 4236 εύπνοίᾳ
2923 4165 3032 4218 τῶν
3067 4167 3420 4236 κυπαρίσσων
3443 4169 3790 4234 καλλωπίσας

2217 4257 2308 4311 τὸν
2335 4259 2529 4329 ὄροφον
2552 4298 2566 4322 ,
2601 4259 2797 4328 γέγονα
2825 4259 2889 4312 ὲκ
2915 4258 3008 4314 τοῦ
3036 4259 3219 4312 πεδίου
3243 4260 3344 4333 τῆς
3365 4260 3580 4329 φύσεως
3605 4261 3785 4327 ἄνθος,

2217 4349 2438 4420 εὐχροίᾳ
2463 4349 2646 4412 τε,καὶ
2667 4349 2864 4421 εὐωδία
2894 4349 3002 4402 τῶν
3027 4349 3228 4402 λοιπῶν
3245 4349 3420 4404 ἀνθῶν
3437 4351 3786 4432 διαφέρουσα.

2219 4445 2416 4517 Κρίνον
2437 4447 2542 4517 γάρ
2565 4446 2803 4515 ἀνειρύην
2820 4448 2883 4499 ἐκ
2905 4445 3014 4518 τῶν
3035 4444 3312 4499 κοιλάδων.
3334 4446 3484 4516 Ἔχει
3507 4445 3563 4498 δὲ
3591 4448 3625 4518 ἡ
3647 4447 3788 4512 λέξις

2217 4539 2410 4604 οὕτως’
2443 4539 2583 4611 Ἐγὼ
2599 4541 2782 4606 ἄνθος
2810 4541 2915 4595 τοῦ
2941 4541 3150 4595 πεδίου
3166 4581 3180 4606 ,
3203 4543 3410 4610 κρίνον
3435 4541 3552 4596 τῶν
3589 4544 3786 4598 would»

2219 4637 2355 4691 εων.
2383 4637 2620 4706 Ἀληθῶς
2640 4638 2795 4712 γάρή
2819 4639 2905 4692 διά
2927 4638 3032 4691 τῶν
3053 4637 3540 4709 προθεωρηθέντων
3559 4641 3688 4710 ημῖν
3711 4641 3786 4710 τῷ

2215 4730 2402 4786 πλάτει
2437 4733 2650 4802 φύσεως
2677 4733 3047 4806 γεωργηθεῖσα
3071 4733 3234 4806 ψυχή.
3273 4735 3458 4788 Πεδίον
3483 4738 3591 4806 γὰρ
3625 4737 3772 4790 ἀκού-

2217 4845 2427 4894 σαντες,
2447 4830 2544 4900 τὴν
2566 4829 2880 4901 πλατύτητα
2902 4833 2998 4901 τῆς
3023 4831 3368 4903 ἀνθρωπίνης
3389 4830 3602 4900 φύσεως
3631 4833 3784 4902 ἐνοή-

2219 4945 2412 4996 σαμεν,
2449 4927 2535 4982 διὰ
2564 4928 2624 4982 τὸ
2662 4929 2869 4982 πολλῶν
2918 4947 2978 4982 τε
3010 4931 3102 4982 καὶ
3133 4930 3376 5000 ἀπείρων
3417 4928 3587 4999 αὐτὴν
3613 4929 3783 4982 δεκτι-

2215 5021 2316 5090 κὴν
2339 5019 2477 5075 εἶναι
2497 5025 2782 5096 νοημάτων
2801 5041 2859 5092 τε
2882 5027 2975 5080 καὶ
2997 5027 3254 5097 ῥημάτων
3286 5027 3378 5078 καὶ
3419 5024 3782 5096 μαθημάτων.

2227 5119 2288 5172 Ἦ
2311 5120 2484 5172 τοίνυν
2511 5122 2652 5174 κατὰ
2669 5125 2756 5175 τὸν
2767 5124 3056 5194 εἰρημένον
3087 5125 3284 5194 τρόπον
3317 5124 3466 5194 παρά
3491 5123 3586 5176 τοῦ
3611 5139 3782 5194 γεωρο

2211 5216 2433 5284 γοῦντος
2461 5219 2560 5289 τὴν
2609 5219 2770 5288 φύσιν
2817 5221 2972 5291 ἡμῶν
3017 5221 3386 5291 ἐμπονηθεῖσα
3425 5219 3594 5288 ψυχὴ,
3625 5219 3782 5280 ἄνθος

2209 5311 2435 5384 εὔοδμον
2477 5329 2537 5366 τε
2571 5316 2666 5368 καὶ
2691 5315 2940 5386 λαμπρὸν
2973 5316 3067 5368 καὶ
3119 5315 3354 5385 καθαρὸν
3396 5314 3690 5382 ἀναφύεται
3719 5316 3784 5368 ἐγ

2213 5408 2306 5460 τοῦ
2335 5409 2434 5478 τῆς
2483 5409 2696 5478 φύσεως
2729 5409 2888 5481 ἡμῶν
2941 5409 3146 5464 πεδίου.
3179 5410 3252 5462 Τὸ
3283 5410 3340 5462 δὲ
3374 5410 3553 5464 πεδίον
3595 5409 3784 5476 τοῦτο,

2213 5505 2318 5558 κᾶν
2344 5507 2624 5576 συγκρίσει
2671 5507 2769 5576 τῆς
2799 5506 3052 5576 οὐρανίας
3075 5505 3348 5578 διαγωγῆς
3375 5507 3556 5569 κοιλὰς
3581 5507 3782 5576 ὀνομά-

2219 5601 2390 5666 ζεται,
2419 5603 2570 5656 οὐδὲν
2615 5597 2778 5673 ἦττον
2830 5603 3010 5660 πεδίον
3052 5603 3188 5666 ἐστὶ,
3227 5606 3320 5658 καὶ
3351 5605 3412 5658 οὐ
3455 5603 3722 5660 κωλύεται
3745 5605 3784 5663 ἡ

617 5785 661 5818 δ’
689 5784 728 5838 ll
759 5783 880 5840 Cor.
931 5800 1049 5846 νιιι,
1077 5783 1164 5835 ‘Zl.
1241 5781 1330 5834 ⁸⁸1
1361 5779 1598 5835 Timotb.
1631 5753 1712 5842 In,
1745 5777 1798 5832 7.
1875 5779 1918 5808 δι’
1941 5775 1958 5828 l
1983 5777 2111 5832 Cor.
2139 5791 2248 5845 xw,
2285 5777 2376 5834 40.
