4110 6478
299 416 396 472 811

1332 402 1402 459 1N
1440 398 1733 457 CANTICA
1775 397 2048 456 CANTIC.
2089 395 2373 452 HOMILIA
2415 396 2495 450 IV.

3441 397 3547 452 842

300 537 359 587 ὲν
388 531 525 601 αὐτῇ
580 524 994 599 ἰέγωργηθεῖσα
1046 521 1225 586 καλῶς
1268 521 1427 585 ἄνθος
1470 519 1722 589 γενέσθαι
1760 537 1773 550 ·
1810 520 1875 571 ὲκ

2002 518 2152 589 .urgit
2197 532 2456 588 germen,
2512 516 2655 570 sicut
2704 515 2830 569 licet
2886 514 3066 570 videre
3115 515 3228 570 ﬁeri
3294 514 3350 568 in
3405 515 3542 571 lilio-

300 626 409 698 γάρ
443 622 535 677 τοῦ
578 620 757 673 κοίλου
790 619 882 671 ἐπὶ
920 617 982 669 τὸ
1022 615 1224 685 ὑψηλὸν
1251 617 1280 667 ὁ
1320 613 1545 685 βλαστὸς
1572 611 1872 674 ἀνατέλλει,

301 712 483 776 καθὼς
513 710 661 763 ἔστιν
692 708 819 761 ἰδεῖν
849 704 940 758 ἐπὶ
964 704 1058 757 τοῦ
1078 704 1263 776 κρίνου
1292 704 1595 774 γινόμενον.
1614 702 1873 756 Ἐπιπολὺ

302 806 413 876 γὰρ
431 803 525 856 ἐπὶ
555 801 617 853 τὸ
649 799 829 870 ὄρθιον
853 797 918 848 ὲκ
945 795 1042 865 τῆς
1070 794 1227 867 ῥίζης
1259 790 1629 865 καλαμοειδῶς
1652 793 1876 864 ἀναδρα-

309 899 484 971 μοῦσα
516 896 549 966 ἡ
591 893 788 964 βοτάνη
836 888 930 942 τοῦ
984 888 1191 959 κρίνου,
1231 887 1355 939 τότε
1395 886 1456 938 τὸ
1495 885 1655 947 ἄνθος
1685 884 1749 936 ὲκ
1778 884 1877 953 τῆς

304 987 547 1060 κορυφῆς
578 982 925 1043 ἀναδίδωσιν,
958 980 1059 1031 οὐκ
1089 978 1256 1048 ὀλίγῳ
1291 975 1370 1046 τῷ
1408 974 1609 1045 μεταξὺ
1652 973 1877 1043 διαστή-

309 1096 437 1150 ματι
471 1079 569 1147 τῆς
602 1074 706 1143 γῆς
733 1069 1207 1142 ἀποστήσασα,ὼς
1236 1063 1510 1134 ἃν,οῐμαι,
1544 1064 1782 1136 καθαρὸν
1820 1064 1877 1115 ἐν

310 1169 568 1242 μετεώρῳ
605 1164 852 1236 διαμένοι
878 1164 938 1217 τὸ
979 1162 1193 1226 κάλλος,
1226 1163 1293 1231 τῇ
1320 1160 1456 1231 πρὸς
1482 1158 1581 1231 τὴν
1609 1158 1713 1227 γῆν
1759 1159 1879 1209 ἐπι-

311 1261 462 1334 μιξία
519 1259 593 1330 μὴ
644 1256 1023 1328 μολυνόμενον.
1084 1252 1183 1306 Διά
1233 1252 1406 1305 ταῦτα
1454 1252 1549 1304 καὶ
1594 1251 1623 1303 6
1674 1249 1878 1312 δίκαιος

307 1351 581 1423 ὀφθαλμὸς
622 1351 721 1420 τὴν
768 1346 925 1401 τοῦτο
958 1346 1295 1417 γενομένην,
1339 1345 1457 1414 ἦτοι
1487 1341 1737 1411 γενέσθαι
1778 1356 1877 1393 πο-

308 1446 555 1515 θήσασαν
596 1456 611 1471 ’
650 1439 933 1509 ἀμφότερα
991 1437 1101 1506 γὰρ
1150 1439 1214 1489 ὲκ
1262 1434 1370 1488 τῶν
1417 1433 1718 1505 εἰρημένων
1778 1433 1879 1484 ὐπ-

308 1534 627 1604 ενοήσαμεν,
662 1530 695 1599 ἢ
742 1530 825 1581 ὅτι
883 1528 1304 1598 μεγαλαυχεῖται
1347 1524 1422 1587 ὡς
1469 1524 1570 1594 ἤδη
1612 1522 1877 1593 γενομένη

308 1626 446 1693 ὅπερ
474 1620 841 1690 ὲπεπόθησεν,
875 1618 909 1687 ἢ
942 1619 1023 1670 ὅτι
1067 1616 1234 1668 δεῖται
1290 1612 1384 1666 τοῦ
1421 1612 1668 1683 γεωργοῦ
1720 1612 1880 1676 ἄνθος

309 1714 581 1784 γενέσθαι,
613 1710 701 1764 διά
754 1710 853 1779 τῆς
890 1707 1097 1761 ἐκείνου
1136 1706 1326 1774 σοφίας
1353 1706 1416 1757 ὲκ
1469 1704 1579 1757 τῶν
1620 1703 1880 1757 κοιλάδων

1982 610 2173 681 Magna
2218 609 2360 665 enim
2407 623 2471 662 ex
2520 614 2672 676 parte
2723 623 2844 661 cum
2902 608 2954 661 in
3020 617 3228 662 rectum
3285 624 3313 661 a
3365 608 3548 662 radice

1981 701 2157 756 instar
2187 699 2471 754 arundinis
2504 699 2803 754 excurrerit
2836 697 3001 754 herba
3036 700 3167 762 lilii,
3212 698 3395 754 ﬂorem
3434 698 3547 754 edit

1980 807 2047 846 ex
2072 792 2297 854 vertice,
2346 804 2456 844 non
2500 790 2715 843 modico
2780 790 3148 845 intercedente
3192 790 3475 843 intervallo
3518 806 3547 841 a

1984 891 2126 937 terra
2158 889 2366 935 tantum
2396 881 2626 944 distans,
2657 889 2938 950 quantum,
2978 890 3037 935 ut
3069 883 3280 950 opinor,
3315 881 3447 935 satis
3479 883 3550 934 sit

1983 974 2050 1027 ad
2093 973 2197 1027 huc
2254 982 2313 1026 ut
2364 980 2578 1026 maneat
2630 987 2764 1041 pura
2810 972 2864 1025 in
2918 972 3135 1025 sublimi
3184 972 3547 1041 pulchritudo,

1982 1080 2091 1118 non
2117 1065 2394 1134 inquinata
2417 1065 2670 1119 mistione
2694 1078 2816 1118 cum
2845 1070 3009 1137 terra.
3044 1062 3331 1133 Propterea
3389 1065 3549 1119 etiam

1980 1155 2163 1225 justus
2210 1156 2425 1221 oculus,
2472 1171 2589 1209 eam
2631 1171 2752 1224 qua:
2798 1156 2899 1209 hoc
2933 1154 3075 1208 facta
3128 1164 3233 1220 est,
3278 1156 3363 1209 vel
3438 1155 3553 1208 ﬁeri

1984 1246 2310 1301 desideravit
2338 1248 2647 1316 (utrumque
2674 1249 2815 1301 enim
2878 1262 2941 1301 ex
2990 1247 3055 1301 iis
3092 1262 3212 1315 qua:
3242 1245 3387 1300 dicta
3427 1254 3554 1300 sunt

1984 1335 2363 1405 intelligimus,
2394 1353 2585 1407 nempe
2625 1336 2768 1406 quod
2814 1337 2893 1391 vel
2921 1336 3185 1405 gloriatur
3216 1352 3273 1389 se
3296 1336 3407 1405 jam
3441 1335 3556 1390 fac-

1984 1438 2095 1483 tam
2170 1444 2292 1484 esse
2342 1430 2484 1499 quod
2513 1430 2861 1495 desideravit,
2895 1429 2976 1482 vel
3023 1428 3165 1496 quod
3212 1439 3365 1498 rogat
3410 1428 3555 1497 agri-

1985 1521 2159 1575 colam
2199 1531 2258 1574 nt
2286 1520 2385 1574 llos
2420 1524 2510 1574 liat
2536 1537 2631 1591 per
2662 1522 2803 1576 illius
2837 1510 3153 1589 sapientiam
3176 1559 3190 1581 ,
3220 1535 3285 1573 ex
3324 1518 3555 1572 vallibus

1988 1612 2237 1666 humana:
2275 1616 2398 1667 vitae
2443 1613 2507 1666 ad
2574 1612 2670 1666 lilii
2717 1626 3009 1681 assurgens
3073 1610 3555 1680 pulchritudinem)

1987 1706 2102 1760 sive
2127 1720 2256 1775 ergo
2280 1706 2395 1758 vult
2424 1705 2525 1759 hoc
2570 1705 2709 1769 ﬁeri,
2747 1720 2841 1760 seu
2880 1705 3019 1759 facta
3051 1713 3135 1759 est
3160 1704 3301 1774 quod
3366 1702 3556 1765 voluit,

310 1806 409 1876 τῆς
444 1803 789 1875 ἀνθρωπίνης
844 1800 987 1869 ζωῆς
1024 1801 1103 1863 είς
1158 1797 1344 1867 κρίνου
1401 1794 1594 1857 κάλλος
1647 1794 1880 1864 ἀναδραι

2002 1804 2136 1850 recte
2195 1796 2378 1865 justus
2421 1797 2605 1865 sponsi
2644 1797 2833 1851 oculus
2867 1795 2986 1867 ejus
3018 1797 3159 1851 bono
3188 1797 3377 1851 annuit
3412 1795 3558 1849 desi-

316 1896 518 1968 μοῦσα·
553 1896 661 1949 είτε
702 1891 795 1948 οὖν
842 1892 1092 1962 γενέσθαι
1140 1889 1386 1960 βούλεται
1415 1886 1591 1949 τοῦτο,
1628 1889 1737 1940 εῐτε
1791 1888 1884 1939 καὶ

2002 1884 2135 1941 lerio
2180 1901 2299 1956 qua}
2355 1888 2419 1941 ad
2468 1888 2587 1956 ejus
2630 1887 2859 1942 lormam
2907 1889 3124 1958 aspicit,
3179 1897 3237 1943 ut
3306 1889 3423 1958 ipsa
3469 1888 3562 1941 fiat

313 1988 534 2057 γέγονεν
552 1988 688 2058 ὅπερ
716 1984 968 2055 ἠθέλησε,
998 1981 1178 2044 καλῶς
1203 1982 1231 2033 6
1255 1979 1457 2041 δίκαιος
1488 1977 1763 2049 ὀφθαλμὸς
1786 1976 1879 2030 τοῦ

2002 1977 2183 2043 ailium,
2231 1979 2453 2033 minime
2503 1978 2764 2034 suﬂ'ocata
2798 1996 2828 2033 a
2870 1980 3043 2050 spinis
3085 1981 3239 2043 vitae,
3294 1996 3432 2050 quas
3465 1996 3564 2033 no-

316 2076 572 2146 νυμφίου,
599 2074 731 2145 πρδς
762 2072 859 2142 τὴν
888 2071 1097 2141 ἀγαθὴν
1123 2068 1416 2137 ἐπιθυμίαν
1442 2069 1541 2137 τῆς
1562 2065 1697 2137 πρὸς
1721 2067 1883 2120 αὐτὸν

2002 2072 2216 2126 minavit
2266 2072 2424 2135 filias,
2468 2074 2653 2135 tacite,
2688 2082 2746 2127 ut
2796 2073 3049 2134 arbitror,
3099 2077 3392 2128 ostendens
3468 2072 3565 2125 ini-

314 2167 528 2237 ὁρώσης
586 2165 726 2227 ίδὼν,
773 2162 1029 2216 ἐπένευσε
1083 2159 1336 2229 γενέσθαι
1370 2159 1554 2230 κρίνον
1587 2158 1776 2229 αὐτὴν,
1810 2158 1883 2229 μὴ

2002 2164 2161 2219 micas
2201 2165 2325 2218 vitae
2362 2164 2612 2219 humana:
2659 2170 2975 2234 potestates,
3041 2181 3271 2234 quarum
3316 2166 3565 2219 nomina-

318 2257 749 2327 συμπνιγόμενον
797 2255 916 2315 ταῖς
963 2251 1057 2304 τοῦ
1094 2250 1209 2322 βίου
1237 2249 1520 2313 ἀκάνθαις,
1558 2249 1625 2313 ἀς
1658 2250 1888 2318 θυγατέ-

2002 2262 2084 2308 tur
2111 2265 2266 2325 pater
2294 2260 2340 2310 is
2370 2257 2458 2325 qui
2496 2264 2579 2312 est
2614 2255 2865 2310 inventor
2890 2257 3029 2311 vitii.

318 2367 417 2421 ρας
457 2349 757 2420 ὠνόμασεν,
784 2343 1179 2414 ἐνδειξάμενος,
1241 2341 1413 2415 οἶμαι,
1474 2342 1617 2396 κατά
1654 2342 1715 2395 τὸ
1782 2343 2135 2416 σιωπώμενον
2178 2348 2275 2412 τὰς
2325 2347 2525 2418 ὲχθράς
2572 2350 2672 2419 τῆς
2719 2347 3063 2419 ἀνθρωπίνης
3093 2348 3237 2419 ζωῆς
3286 2348 3564 2418 δυνάμεις,

314 2435 390 2497 ὧν
411 2443 589 2514 πατὴρ
618 2443 647 2494 6
677 2442 775 2512 τῆς
805 2441 1001 2505 κακίας
1034 2440 1260 2510 εὑρετὴς
1291 2441 1735 2511 κατονομάζεται.

398 2534 492 2599 Ὠς
536 2533 745 2600 κρίνον
775 2526 889 2596 οὖν,
926 2528 1087 2602 φησιν
1106 2570 1121 2594 ,
1152 2531 1223 2583 ὲν
1246 2528 1413 2599 μέσῳ
1441 2530 1558 2584 τῶν
1593 2528 1890 2592 ἀκανθῶν,

2066 2526 2214 2582 Sicut
2250 2528 2421 2581 lilium
2450 2543 2615 2599 ergo,
2649 2527 2860 2599 inquit,
2902 2530 3039 2583 inter
3071 2530 3272 2597 spinas,
3305 2533 3381 2585 sic
3416 2550 3567 2588 soror

316 2623 503 2688 οὕτως
519 2622 750 2691 ἀδελφή
767 2640 886 2691 μου
913 2623 981 2674 ἐν
996 2621 1165 2691 μέσῳ
1190 2620 1309 2674 τῶν
1327 2621 1684 2691 θυγατέρων.
1719 2618 1894 2691 Ὀσην

2002 2636 2110 2674 mea
2153 2622 2291 2674 inter
2339 2622 2501 2689 ﬁlias.
2550 2621 3126 2687 Quantum‘videmus
3176 2636 3462 2679 ascensqu
3510 2628 3566 2681 in

321 2716 538 2785 ὁρῶμεν
582 2717 680 2784 τῆς
709 2716 788 2777 είς
815 2714 876 2768 τὸ
909 2713 1041 2783 ὕψος
1090 2713 1274 2766 ἀνόδου
1327 2714 1425 2783 τὴν
1470 2712 1750 2784 προκοπὴν
1802 2711 1895 2764 ἐπ)⁵

2002 2712 2200 2777 altum,
2251 2722 2463 2767 tantum
2519 2713 2765 2768 videmus
2813 2728 2937 2768 esse
2978 2714 3174 2768 animae
3231 2714 3562 2785 profectum.

318 2810 418 2878 τῆς
458 2806 632 2877 ψυχῆς
676 2805 986 2875 γινομένην.
1029 2804 1225 2875 Πρώτη
1260 2803 1461 2867 ἄνοδος,
1500 2805 1562 2857 τὸ
1612 2803 1749 2874 πρὸς
1797 2802 1894 2873 τὴν

2002 2803 2211 2859 Primus
2254 2819 2518 2860 ascensus
2560 2814 2644 2860 est
2690 2805 2983 2859 assimilari
3031 2806 3213 2874 cquis,
3244 2807 3337 2876 qui
3375 2810 3568 2877 copias

321 2899 705 2971 καθαιρετικὴν
741 2900 844 2969 τῆς
868 2898 1168 2966 Αἰγυπτίας
1194 2898 1474 2967 δυνάμεως
1500 2898 1661 2950 ἵππον
1698 2898 1896 2966 ὁμοιω-

2006 2897 2292 2970 Egyptias
2332 2898 2689 2968 perdiderunt
2741 2913 2804 2953 ac
2842 2899 3248 2953 destruxernnt.
3286 2898 3571 2957 Secundus

321 2991 495 3061 θῆναι.
534 2990 770 3062 Δευτέρα
796 2989 980 3052 ἄνοδος
1000 3032 1014 3053 ,
1044 2988 1103 3042 τὸ
1144 2989 1371 3059 πλησίον
1420 2990 1589 3059 αὐτὴν
1621 2989 1897 3057 γενέσθαι,

2004 3004 2268 3043 ascensus
2319 2998 2424 3051 est,
2479 2988 2625 3059 quod
2691 3004 2753 3041 ea
2812 2989 2952 3042 facta
3010 2989 3080 3043 sit
3134 2990 3461 3060 propinqua,
3517 3001 3572 3046 et

323 3085 419 3137 καὶ
465 3082 790 3154 περιστερᾶς
843 3081 1063 3151 ποιῆσαι
1112 3080 1178 3133 τὰ
1224 3080 1467 3151 ὄμματα.
1509 3080 1677 3150 Τρίτη
1719 3079 1898 3133 τοίνυν

2003 3082 2147 3150 quod
2186 3078 2377 3133 fecerit
2423 3080 2613 3134 oculos
2658 3081 2943 3134 columbae.
2998 3078 3220 3135 Tertius
3251 3090 3335 3136 est
3379 3098 3572 3138 ascen-

323 3174 507 3238 ἄνοδος
538 3173 599 3225 τὸ
633 3172 828 3242 μηκέτι
857 3170 1103 3241 πλησίον,
1144 3169 1257 3222 ἀλλ’
1295 3170 1529 3240 ἀδελφὴν
1570 3169 1664 3222 τοῦ
1695 3171 1897 3223 Δεσπό-

2003 3188 2120 3235 sus,
2165 3171 2309 3241 quod
2346 3188 2453 3225 non
2490 3172 2723 3241 amplius
2764 3173 3094 3242 propinqua,
3138 3173 3233 3226 sed
3275 3188 3433 3227 soror
3466 3174 3571 3226 Do-

326 3283 418 3319 του
444 3264 827 3334 ὀνομασθῆναι.
867 3265 972 3328 Ὃς
1001 3261 1079 3317 ἂν
1106 3258 1356 3330 ποιήσῃ,
1389 3262 1541 3333 φησὶ,
1567 3261 1633 3314 τὸ
1669 3262 1898 3331 θέλημα

2002 3264 2133 3316 mini
2161 3265 2227 3319 sit
2270 3264 2564 3317 nominata.
2603 3263 2709 3328 Qui
2746 3262 3130 3333 enim,inqnit,
3162 3267 3345 3333 fecerit
3385 3266 3573 3319 volun-

327 3356 436 3411 τοῦ
474 3357 705 3425 Πατρός
751 3373 871 3424 μου
902 3355 1011 3408 τοῦ
1048 3356 1119 3408 ἐν
1164 3354 1289 3420 τοῖς
1335 3352 1631 3422 οὐρανοῖς,
1661 3348 1898 3419 οὗτοςο

2007 3365 2165 3409 tatem
2204 3354 2384 3408 Patris
2420 3356 2519 3407 mei
2565 3355 2655 3424 qui
2691 3356 2744 3408 in
2791 3356 2934 3409 cazlis
2976 3364 3075 3419 est,
3126 3357 3210 3408 hic
3255 3367 3333 3411 est
3382 3358 3570 3427 frater,

328 3449 592 3516 ἀδελφός
616 3465 755 3517 μου,
784 3446 883 3502 καί
912 3445 1140 3514 ἀδελφή
1174 3464 1314 3515 μου,
1349 3446 1446 3499 καὶ
1473 3444 1669 3514 μήτηρ
1708 3444 1898 3498 ἐστίν.

341 3540 495 3592 Ἐπεὶ
521 3536 615 3591 οὖν
647 3537 867 3607 γέγονεν
908 3538 1086 3602 ἄνθος,
1117 3537 1281 3608 μηδὲν
1324 3535 1427 3589 ὑπὸ
1450 3535 1558 3589 τῶν
1597 3534 1927 3605 ἀκανθηφόσ⁴

334 3648 444 3704 ρων
486 3632 806 3702 πειρασμῶν
835 3631 971 3702 πρὸς
998 3631 1060 3684 τὸ
1097 3630 1350 3699 γενέσθαι
1395 3629 1579 3698 κρίνον
1622 3628 1902 3699 παραϐλα-

331 3722 508 3783 6εἰσα,
536 3722 902 3792 ὲπιλαθομένη
932 3722 987 3774 δὲ
1036 3722 1129 3774 τοῦ
1176 3719 1305 3773 λαοῦ
1355 3721 1450 3773 καὶ
1494 3718 1587 3773 τοῦ
1630 3721 1779 3772 οἴκου
1809 3718 1903 3771 τοῦ

332 3813 538 3884 πατρὸς
569 3813 757 3883 αὐτῆς,
788 3812 922 3883 πρὸς
983 3812 1073 3863 τὸν
1112 3810 1361 3879 ἀληθινὸν
1408 3805 1515 3862 εἶδε
1552 3810 1792 3882 Πατέρα,
1826 3808 1905 3861 διὸ

333 3904 429 3958 καὶ
459 3903 659 3974 ἀδελφὴ
683 3904 776 3955 τοῦ
806 3902 1010 3973 Κυρίου
1033 3902 1352 3972 ὀνομάζεται
1374 3942 1388 3963 ,
1410 3901 1488 3971 τῷ
1507 3901 1606 3970 τῆς
1636 3900 1907 3963 υἱοθεσίας

335 3995 604 4066 πνεύματι
634 3996 768 4066 πρὸς
794 3994 891 4066 τὴν
931 3994 1248 4062 συγγένειαν
1275 3994 1478 4062 ταύτην
1502 3993 1870 4063 είσποιηθείσα
1889 4032 1905 4059 ,

335 4088 433 4142 καλ⁸
457 4088 558 4158 τῆς
590 4089 726 4157 πρὸς
757 4088 856 4150 τάς
878 4086 1182 4157 θυγατέρας
1213 4084 1307 4138 τοῦ
1331 4085 1680 4156 ψευδωνύμου
1706 4086 1907 4154 πατρὸς

338 4182 619 4245 κοινωνίας
646 4180 1018 4249 ἀπαλλαγεῖσα
1039 4221 1052 4246 ,
1081 4180 1243 4233 πάλιν
1284 4180 1491 4248 γίνεται
1542 4178 1739 4248 ἑαυτῆς
1771 4178 1910 4249 ὑψη-

339 4271 551 4342 λοτέρα,
580 4273 672 4325 καὶ
700 4271 884 4341 βλέπει
913 4271 974 4323 τὸ
1003 4272 1318 4341 μυστήριον,
1357 4268 1445 4322 διὰ
1474 4270 1583 4321 τῶν
1619 4269 1718 4338 τῆς
1756 4286 1911 4340 περι-

342 4364 537 4434 στερᾶς
575 4361 897 4432 ὁφθαλμῶνο
942 4362 1085 4431 λέγω
1117 4362 1173 4415 δὲ
1216 4360 1295 4431 τῷ
1342 4360 1609 4430 πνεύματι
1647 4362 1745 4431 τῆς
1774 4377 1908 4431 προ-

340 4454 583 4524 φητείας.
626 4454 691 4505 Ὃ
719 4452 775 4505 δὲ
803 4452 969 4520 λέγει,
993 4452 1230 4505 τοιοῦτον
1269 4454 1417 4504 ἐστιν
1442 4478 1445 4481 -
1493 4451 1589 4514 Ὧς
1612 4449 1815 4519 μῆλον
1841 4449 1912 4503 ἐν

338 4545 463 4611 τοῖς
511 4546 720 4611 ξύλοις
775 4544 882 4597 τοῦ
916 4544 1165 4613 δρυμοῦ,
1208 4544 1396 4609 οὕτως
1442 4540 1763 4609 ἁδελφιδός
1786 4558 1908 4610 μου

338 4634 454 4687 ἀνὰ
475 4632 671 4701 μέσον
693 4632 812 4685 τῶν
838 4633 1000 4687 υἱῶν.
1019 4633 1083 4685 Τί
1114 4628 1206 4685 οὖν
1240 4634 1386 4685 ἐστιν
1411 4631 1438 4684 ὃ
1467 4630 1745 4695 τεθέαται;
1774 4634 1913 4699 Apu-

2004 3464 2155 3502 soror
2200 3456 2249 3502 et
2303 3457 2472 3500 mater
2494 3447 2559 3502 ⁵⁸.
2612 3446 2904 3518 Postquam
2957 3464 3088 3518 ergo
3136 3448 3277 3503 laeta
3324 3460 3408 3505 est
3451 3450 3569 3512 ﬂos.

2004 3554 2181 3608 neque
2211 3554 2240 3591 a
2276 3539 2513 3608 Spinosis
2540 3540 2665 3596 lzesa
2702 3539 2803 3593 fuit
2857 3542 3253 3597 tentalionibus
3282 3546 3574 3613 quominus

2003 3640 2150 3683 esset
2177 3629 2372 3692 lilium,
2408 3630 2574 3683 oblita
2613 3631 2798 3700 populi
2830 3640 2883 3685 et
2921 3632 3117 3687 domus
3146 3636 3315 3703 patris
3354 3645 3407 3689 et
3449 3654 3572 3690 ma—

2005 3722 2106 3776 tris
2132 3736 2263 3785 sua},
2298 3721 2509 3789 aspexit
2550 3721 2615 3775 ad
2648 3738 2833 3776 verum
2858 3720 3075 3778 Patrem
3104 3743 3118 3779 :
3159 3736 3213 3780 et
3253 3726 3374 3781 ideo
3410 3743 3568 3781 voca-

2004 3818 2097 3864 tur
2141 3826 2297 3865 soror
2338 3810 2575 3875 Domini,
2629 3812 2822 3882 spiritu
2867 3814 3099 3868 tiliorum
3158 3816 3467 3886 adoptionis
3522 3821 3589 3881 in,

2006 3904 2147 3959 hanc
2178 3904 2428 3972 adoptata
2460 3906 2863 3974 cognationem,
2897 3917 2949 3960 et
2978 3908 3204 3960 liberata
3237 3924 3267 3963 a
3314 3910 3577 3965 societate

2006 4004 2060 4052 et
2092 3996 2474 4064 conjunctione
2525 4012 2647 4050 cum
2690 3996 2905 4052 filiabus
2941 4001 3110 4065 patris
3156 4002 3246 4069 qui
3294 4000 3432 4054 falso
3481 4019 3575 4054 nn-

2008 4087 2270 4149 minatur,
2330 4089 2505 4156 seipsa
2556 4103 2750 4143 rursus
2798 4088 2855 4140 lit
2902 4090 3208 4153 sublimior,
3260 4101 3312 4143 et
3370 4094 3570 4160 aspicit

2008 4182 2329 4254 mysterium
2367 4198 2462 4251 per
2505 4181 2694 4235 oculos
2746 4181 3035 4245 columbae,
3073 4197 3165 4251 per
3197 4183 3447 4250 spiritum
3496 4185 3577 4237 in-

2010 4289 2172 4343 quam
2235 4274 2551 4343 prophetiae.
2601 4270 2715 4325 Hoc
2760 4279 2844 4326 est
2895 4282 3076 4326 autem
3126 4274 3268 4342 quod
3333 4274 3574 4343 aspicit:
3646 4260 3651 4265 ’

2011 4363 2160 4418 Sicut
2200 4379 2407 4431 pomum
2466 4367 2520 4415 in
2569 4361 2724 4432 lignis
2770 4361 2954 4426 silete,
3003 4364 3079 4415 sic
3128 4364 3384 4431 patruelis
3435 4381 3578 4417 meus

2010 4458 2145 4511 inter
2172 4457 2330 4525 ﬁlios.
2367 4455 2505 4520 Quid
2538 4464 2621 4509 est
2649 4469 2777 4525 ergo
2808 4453 2955 4524 quod
2987 4455 3158 4508 vidit?
3208 4454 3411 4507 Silvam
3444 4457 3581 4509 solet

2010 4548 2295 4601 nominare
2343 4544 2643 4614 Scriptura,
2696 4544 3000 4597 silvestrem
3052 4544 3333 4597 hominum
3388 4546 3577 4602 vitam.

2011 4638 2067 4692 in
2115 4653 2220 4707 qua
2250 4635 2527 4689 luxuriant
2558 4633 2707 4687 varia
2756 4649 2950 4702 genera
3002 4633 3167 4686 animi
3210 4635 3577 4703 perturbatio-

343 4726 440 4795 μὸν
462 4724 714 4796 ὀνομάζει
742 4725 985 4795 συνήθως
1017 4727 1049 4795 ἡ
1090 4726 1221 4792 ἁγία
1259 4724 1448 4796 Γραφὴ
1478 4723 1567 4775 τὸν
1590 4722 1764 4793 ὑλώδη
1800 4722 1898 4775 τῶν

2014 4745 2165 4789 num,
2193 4728 2247 4782 in
2285 4744 2389 4797 qua
2427 4736 2682 4795 tanquam
2724 4724 2778 4777 in
2823 4732 2981 4778 antro
3016 4724 3255 4778 insident
3289 4740 3352 4779 ac
3390 4727 3580 4778 delite—

338 4818 640 4889 ἀνθρώπων
665 4818 798 4888 βίον,
826 4820 917 4870 τὸν
937 4817 1001 4869 τά
1033 4817 1249 4870 ποικίλα
1280 4817 1385 4870 τῶν
1426 4815 1759 4885 παθημάτων
1792 4814 1905 4885 εἴδη

341 4909 778 4981 ὑλομανήσαντα,
806 4909 863 4959 ἐν
886 4901 930 4975 ᾧ
962 4907 1030 4960 τὰ
1052 4907 1323 4977 φθαρτικα
1355 4906 1519 4976 θηρία
1558 4904 1786 4973 φωλεύει
1815 4906 1911 4958 καὶ

340 5002 799 5071 κατακρύπτεται,
815 4993 889 5052 ὧν
913 5001 946 5068 ἡ
978 4998 1136 5067 φύσις
1159 5000 1215 5051 ὲν
1240 4999 1375 5067 φωτὶ
1398 4998 1491 5050 καὶ
1519 4996 1651 5068 ἡλίῳ
1688 4996 1908 5068 ἀνενέρ-

341 5108 505 5159 γητος
547 5093 800 5162 μένουσα,
847 5091 934 5144 διὰ
990 5091 1211 5154 σκότους
1253 5091 1351 5162 τὴν
1402 5090 1554 5160 ἰσχὺν
1592 5090 1723 5159 ἔχει.
1754 5090 1909 5142 Μετά

343 5180 451 5249 γάρ
481 5180 541 5233 τὸ
577 5181 725 5234 δῦναι
759 5181 848 5234 τὸν
880 5180 1031 5251 ἦλιον
1051 5220 1066 5243 ,
1116 5181 1280 5250 φησὶν
1305 5180 1333 5230 6
1360 5179 1673 5249 Προφήτης,
1722 5179 1913 5240 νυκτὸς

346 5271 723 5342 ἐπιγινομένης
764 5274 821 5324 ὲν
872 5273 1008 5343 αὐτῇ
1052 5273 1120 5325 τὰ
1165 5272 1329 5343 θηρία
1376 5270 1484 5322 τῶν
1523 5269 1743 5340 φωλεῶν
1786 5270 1915 5322 ἀνα-

344 5360 583 5415 δύεσθαι.
627 5363 842 5435 Ἐπειδὴ
894 5365 1071 5418 τοίνυν
1114 5366 1143 5418 6
1177 5364 1357 5434 μονιὺς
1396 5365 1423 5415 6
1457 5364 1513 5414 ὲν
1557 5361 1635 5432 τῷ
1673 5360 1914 5432 δρυμῶνι

344 5453 697 5524 τρεφόμενος,
726 5454 825 5525 τὴν
861 5456 1027 5526 καλὴν
1060 5456 1160 5525 τῆς
1188 5455 1531 5525 ἀνθρωπίνης
1563 5453 1777 5523 φύσεως
1808 5453 1916 5523 ἀμ-

346 5545 511 5599 πελον
539 5545 860 5617 ἐλυμήνατο,
881 5548 1060 5611 καθώς
1083 5564 1246 5618 φησιν
1268 5548 1297 5599 6
1320 5543 1627 5617 Προφήτης,
1651 5547 1730 5598 ὅτι
1766 5545 1926 5600 Ἐλυ-

348 5636 575 5709 mirata
595 5633 788 5704 αὐτὴν
802 5634 877 5705 ὗς
892 5638 959 5693 ἐκ
979 5638 1226 5710 δρυμοῦ,
1244 5639 1341 5692 καὶ
1353 5640 1560 5708 μονιὸς
1575 5637 1776 5707 ἄγριος
1792 5656 1927 5691 κατ-

454 5842 502 5879 ⁸⁰
529 5842 718 5898 Matth.
759 5859 858 5907 xu,
905 5845 1011 5912 50;
1042 5846 1175 5902 Luc.
1218 5865 1339 5914 vm,
1369 5850 1457 5905 21.

682 5944 795 6003 Ρη
812 5960 943 6005 non.
996 5944 1085 6003 Gn
1147 5944 1201 6002 X
1218 5943 1283 6003 LI
1298 5943 1371 6003 V.

1556 5850 1598 5881 ⁸¹
1638 5850 1780 5906 l’sal.
1814 5863 1932 5916 cm,
1972 5849 2036 5906 19
2077 5864 2191 5919 seq.

2016 4830 2177 4875 scunt
2235 4821 2361 4873 fera:
2412 4819 2677 4881 exitiosae,
2730 4831 2963 4885 quarum
3021 4825 3213 4869 natura
3258 4816 3311 4869 in
3370 4818 3489 4870 luce
3531 4825 3584 4871 et

2018 4912 2130 4966 sole
2155 4917 2237 4964 est
2266 4910 2462 4972 oziosa,
2495 4916 2567 4971 et,
2604 4908 2710 4960 vim
2743 4923 2850 4960 non
2884 4907 3091 4960 habens
3118 4908 3396 4976 operandi,
3440 4909 3583 4961 vires

2016 5002 2180 5057 habet
2230 5002 2283 5053 in
2344 5000 2602 5053 tenebris.
2674 4997 2808 5052 Nam
2866 5010 3151 5068 postquam
3214 5001 3294 5054 sol
3360 5000 3581 5063 occidit,

2020 5101 2183 5145 nocte
2229 5091 2572 5149 adveniente,
2606 5089 2878 5160 Propheta
2927 5091 3055 5143 dicit
3092 5092 3295 5144 bestias
3337 5090 3487 5144 silvae
3530 5092 3581 5143 in

2017 5199 2079 5236 ea
2120 5200 2185 5237 ex
2221 5184 2395 5237 antris
2423 5198 2705 5252 emergere
2730 5183 2797 5235 ⁵¹.
2830 5181 3099 5246 Quoniam
3133 5196 3262 5250 ergo
3292 5182 3585 5251 singularis

2019 5276 2167 5329 ferus
2218 5276 2308 5345 qui
2364 5277 2605 5343 pascitur
2653 5275 2708 5327 in
2764 5274 2924 5336 silva,
2979 5272 3362 5343 gravissimum
3410 5273 3587 5324 attulit

2019 5366 2277 5420 damnum
2337 5365 2575 5435 pulchrae
2630 5367 2800 5420 vineae
2858 5364 3105 5417 humanae
3152 5372 3384 5425 natum,
3448 5363 3588 5414 sicut

2020 5458 2153 5511 dicit
2182 5457 2469 5525 Propheta,
2515 5455 2647 5509 Eam
2685 5458 2909 5510 vastavit
2941 5471 3065 5524 aper
3097 5454 3161 5508 de
3191 5456 3346 5519 silva,
3394 5465 3442 5507 et
3481 5456 3590 5507 sin-

2024 5548 2227 5617 gularis
2277 5548 2419 5617 ferus
2477 5548 2727 5616 depastus
2783 5557 2861 5601 est
2911 5564 3023 5601 eam
3050 5547 3095 5577 ⁸³
3137 5564 3150 5599 :
3198 5556 3480 5617 propterea
3536 5548 3589 5599 in

2025 5638 2161 5692 silva
2216 5639 2492 5707 plantatur
2531 5639 2755 5703 malum,
2797 5638 2940 5710 q'uod
2993 5640 3047 5692 in
3086 5653 3151 5693 eo
3180 5638 3399 5708 quidem
3446 5637 3589 5709 quod

2271 5848 2315 5881 "
2342 5848 2488 5903 Psal.
2518 5864 2702 5915 vatx,
2743 5847 2831 5902 14.

3197 5946 3275 6005 27
