4110 6510
592 396 696 454 845

1819 388 1875 443 S.
1918 387 2244 444 GREGORII
2302 386 2596 444 NYSSENI

3731 389 3832 443 8-H

590 513 676 560 est
709 505 936 574 lignum,
969 509 1052 556 est
1101 499 1343 570 ejusdem
1391 499 1646 554 essentia:
1677 499 1838 568 cujus
1885 500 2020 554 silva
2051 499 2154 552 hu-

2260 500 2589 570 ενεμήσατο
2612 499 2810 569 αὐτήν
2831 515 2846 530 ’
2885 499 2974 554 διὰ
3003 497 3160 554 τοῦτο
3189 496 3456 570 ἐμφύεται
3584 499 3828 573 δρυμῶνι

595 611 774 661 mana,
823 601 1066 648 tentatus
1089 601 1174 646 est
1205 593 1349 646 enim
1391 594 1444 646 in
1492 590 1905 647 similitudinem
1949 591 2156 659 absque

597 697 822 756 peccato
844 687 890 717 ⁸³
919 704 932 738 :
963 685 1018 738 in
1051 699 1116 738 eo
1158 694 1336 737 autem
1375 685 1521 754 quod
1555 684 1718 737 talem
1755 681 1858 737 fert
1887 681 2150 748 fructum,

599 787 658 832 ut
695 794 788 848 per
815 791 939 832 eum
979 775 1166 830 dulces
1193 774 1492 828 reddantur
1527 789 1722 830 sensus
1751 773 1965 835 animae,
1995 771 2156 826 habet

591 872 856 938 majorem
923 883 953 920 a
1003 867 1138 922 silva
1192 865 1588 928 differentiam,
1645 881 1809 935 quam
1863 881 1928 920 ea
1989 879 2153 934 quam

593 963 754 1016 habet
787 959 960 1014 lilium
989 973 1019 1012 a
1043 958 1235 1028 spinis.
1265 956 1398 1010 Nam
1433 959 1606 1012 lilium
1634 957 1856 1026 quidem
1893 957 2074 1027 specie
2101 963 2157 1010 et

591 1052 758 1105 odore
809 1061 969 1105 tenus
1037 1048 1460 1112 (delectationem
1521 1049 1702 1118 parit;
1780 1049 1924 1120 pomi
1973 1056 2152 1102 autem

590 1138 764 1206 gratia
801 1137 976 1191 tribus
1012 1135 1266 1191 sensibus
1294 1144 1419 1206 apte
1462 1145 1515 1191 et
1557 1138 1944 1192 convenienter
1971 1137 2156 1190 distri—

591 1230 796 1293 buitur,
837 1237 896 1283 ut
927 1244 1047 1299 qua:
1075 1238 1127 1284 et
1173 1229 1364 1285 oculos
1397 1228 1636 1284 delectat
1675 1232 1858 1299 specie
1907 1238 2153 1301 aspecta-

589 1319 706 1383 bili,
751 1328 805 1374 et
851 1319 996 1374 bono
1044 1317 1212 1374 odore
1246 1317 1509 1372 odoratus
1552 1332 1780 1390 sensum.
1821 1326 2056 1380 recreat,
2102 1326 2156 1372 et

589 1409 778 1466 elfecta
823 1411 1219 1466 nutrimentum
1267 1408 1553 1464 dulcedine
1589 1407 1753 1464 allicit
1801 1423 2020 1464 sensum
2057 1425 2158 1478 gn-

590 1509 730 1557 stus.
775 1500 945 1555 Recte
989 1516 1119 1571 ergo
1154 1499 1290 1554 vidit
1340 1515 1542 1568 sponsa
1575 1515 1696 1568 quae
1744 1500 1816 1553 sit
1863 1500 1947 1552 sui
1981 1513 2010 1550 a
2051 1497 2156 1550 Do-

589 1595 740 1646 mino
769 1592 1097 1656 diﬁ'erentia,
1143 1592 1399 1661 quoniam
1435 1593 1524 1646 ille
1556 1591 1776 1660 quidem
1818 1602 1873 1646 et
1907 1591 2064 1644 nobis
2098 1593 2156 1642 lit

589 1683 776 1738 laetitia
800 1685 1104 1746 oculorum,
1150 1692 1210 1736 ut
1239 1684 1332 1754 qui
1373 1683 1426 1736 in
1465 1683 1545 1738 eis
1575 1684 1644 1738 sit
1672 1683 1784 1742 lux,
1814 1691 1863 1736 et
1906 1697 2154 1752 unguen-

587 1784 704 1829 tum
735 1775 1005 1837 odoratui,
1037 1782 1090 1828 et
1127 1773 1235 1828 vita
1270 1775 1704 1829 comedentibus.
1744 1771 1886 1826 Nam
1914 1775 2004 1843 qui
2037 1789 2154 1827 eum

587 1867 889 1929 comederit,
932 1867 1082 1932 vivet,
1125 1867 1267 1920 sicut
1309 1866 1508 1920 alicubi
1545 1865 1676 1920 dicit
1705 1841 2052 1935 Evangelium
2085 1864 2150 1918 ".
2186 1841 2229 1896 Β

589 1959 834 2014 Humana
875 1967 1055 2013 autem
1115 1967 1308 2011 natura
1365 1958 1602 2027 perfecta
1639 1973 1731 2027 per
1779 1958 2035 2018 virtutes.
2091 1957 2148 2012 ﬁt

587 2053 706 2112 llos.
745 2067 854 2106 non
898 2051 1074 2106 solum
1115 2051 1408 2120 agricolam
1465 2049 1733 2114 nutriens,
1775 2052 1870 2104 sed
1920 2049 2152 2118 seipsam

588 2149 880 2200 eiiornans.
935 2143 1028 2197 Ille
1072 2143 1216 2198 enim
1257 2149 1480 2197 nonest
1523 2142 1788 2196 bonorum
1837 2151 2152 2196 nostrorum

590 2254 776 2306 egens,
832 2235 924 2290 sed
983 2251 1082 2289 nos
1132 2235 1280 2290 illius
1331 2235 1490 2288 bonis
1533 2249 1774 2304 egemus,
1827 2234 1970 2289 sicut
2023 2232 2155 2286 dicit

587 2321 857 2392 Propheta
887 2323 930 2354 ⁵⁵
969 2338 982 2374 :
1022 2323 1282 2388 Quoniam
1320 2321 1576 2375 bonorum
1610 2339 1842 2375 meorum
1887 2339 1986 2376 non
2017 2338 2152 2391 eges.

659 2604 946 2670 Propterea
997 2616 1258 2671 sponsum
1313 2599 1504 2669 aspicit
1561 2605 1788 2669 purgata
1825 2597 2030 2658 anima,
2091 2597 2148 2650 in

590 2697 749 2766 lignis
779 2696 930 2750 silvae
958 2691 1098 2748 facta
1128 2693 1364 2754 malum,
1401 2700 1458 2744 ut
1499 2705 1622 2743 cum
1689 2687 1794 2742 sibi
1859 2685 2156 2741 inseruerit

588 2802 777 2842 omnes
808 2794 1052 2857 agrestes
1107 2799 1294 2840 ramos
1351 2783 1521 2847 silvae,
1582 2779 1780 2836 elliciat
1826 2787 1888 2834 ut
1950 2776 2157 2832 similes

591 2877 804 2934 fruetus.
831 2875 1156 2946 producant.
1189 2875 1474 2942 Quomodo
1502 2879 1634 2944 ergo
1664 2871 1826 2934 ﬁlias,
1862 2869 2006 2940 quod
2048 2869 2158 2922 sint

589 2968 760 3040 spinis
793 2968 1025 3032 similes,
1075 2966 1442 3022 intelleximus
1484 2965 1626 3018 ﬁlios
1663 2963 1834 3032 patris
1869 2962 1962 3030 qui
2021 2960 2157 3016 falso

588 3059 787 3114 dicitur
814 3076 828 3113 :
859 3073 980 3127 qua:
1009 3056 1230 3126 quidem
1270 3056 1430 3110 simul
1461 3070 1584 3108 cum
1617 3053 1748 3106 [lore
1778 3061 2000 3112 exortae,
2041 3067 2160 3120 pro-

587 3163 746 3202 eessu
785 3147 1047 3218 temporis
1077 3146 1209 3216 ipsa:
1245 3159 1465 3215 quoque
1511 3151 1798 3198 transeunt
1824 3143 1892 3196 ad
1929 3143 2155 3212 gratiam

587 3240 717 3296 lilii:
755 3240 828 3293 ita
857 3239 947 3293 hic
978 3253 1196 3308 quoque
1225 3252 1348 3292 cum
1387 3235 1791 3290 audivissemus
1821 3233 2158 3288 assimilatos

587 3329 856 3400 ejusmodi
889 3331 1048 3399 lignis
1086 3329 1258 3393 silvae,
1309 3343 1418 3382 non
1469 3326 1910 3383 existimavimus
1951 3323 2160 3396 signiﬁ-

587 3423 701 3476 cari
741 3420 946 3475 amicos
1013 3421 1224 3490 sponsi,
1261 3419 1356 3474 sed
1421 3416 1791 3480 adversarios,
1837 3431 1976 3484 quos
2031 3429 2160 3468 cum

587 3513 699 3567 sint
731 3513 824 3565 ﬁlii
865 3511 1210 3565 tenebrarum
1257 3519 1311 3564 et
1367 3509 1480 3571 irae,
1515 3521 1612 3576 per
1661 3505 1874 3560 fructus
1912 3520 2160 3560 commu-

587 3605 802 3657 nionem
847 3601 1204 3656 transformat
1257 3601 1313 3654 in
1367 3599 1506 3654 ﬁlios
1541 3597 1683 3651 lucis
1717 3608 1768 3651 et
1829 3597 1967 3650 ﬁlios
2025 3595 2156 3650 diei.

589 3691 881 3763 PrOpterea
911 3691 1046 3746 dicit
1077 3689 1256 3744 anima
1281 3704 1402 3758 qua:
1433 3701 1626 3744 sensus
1673 3685 1836 3740 habet
1889 3685 2161 3740 exercita-

589 3791 677 3840 tos
713 3803 727 3840 :
757 3781 986 3838 Fructus
1026 3783 1138 3851 ejus
1187 3781 1356 3834 dulcis
1401 3783 1456 3834 in
1494 3789 1703 3849 gutture
1751 3795 1882 3834 meo.
1927 3777 2162 3834 Fructus

591 3881 771 3928 autem
807 3873 1030 3927 omnino
1072 3873 1320 3925 doctrina
1354 3879 1438 3926 est
1470 3865 1676 3930 :Quam
1709 3869 1886 3922 dulcia
1929 3884 2162 3939 namque

588 3965 792 4032 gutturi
821 3980 933 4016 meo
961 3963 1170 4032 eloquia
1207 3971 1317 4028 tua,
1351 3961 1526 4031 inquit
1549 3959 1838 4028 Propheta,
1871 3975 2032 4028 supra
2062 3959 2163 4012 mel

591 4057 673 4109 ori
719 4073 829 4109 meo
865 4053 1305 4110 “.—-Utmalum
1333 4055 1386 4107 in
1424 4053 1580 4123 lignis
1631 4053 1806 4114 silete,
1845 4054 1922 4106 sic
1951 4061 2162 4121 patrue-

591 4149 657 4199 lis
683 4163 826 4200 meus
861 4147 994 4200 inter
1023 4145 1182 4214 ﬁlios.
1227 4172 1294 4182 ——
1326 4142 1437 4198 Sub’
1486 4145 1673 4197 unibra
1705 4145 1819 4213 ejus
1873 4142 2164 4197 desideravi

587 4243 638 4288 et
668 4234 801 4298 sedi,
831 4243 880 4287 et
911 4235 1116 4303 fructus
1142 4233 1256 4300 ejus
1287 4231 1461 4284 dulcis
1494 4233 1546 4285 in
1589 4243 1795 4302 gutture
1827 4249 1958 4286 nico.
2008 4231 2163 4285 Tunc

589 4325 736 4380 enim
770 4341 896 4380 vere
923 4326 1088 4380 verbo
1111 4323 1300 4380 dulces
1329 4325 1464 4378 ﬁunt
1505 4341 1705 4379 sensus
1735 4325 1950 4388 animae,
1986 4341 2162 4394 quan-

592 4417 663 4471 do
697 4431 797 4470 nos
831 4417 898 4471 ab
925 4425 1060 4472 aestu
1091 4419 1454 4471 tentationum
1477 4417 1606 4470 mali
1637 4416 1829 4469 umbra
1869 4417 2159 4486 separavit,

2254 594 2315 647 τὸ
2346 595 2531 664 μῆλον,
2553 593 2582 646 ὂ
2602 593 2678 664 τῷ
2705 594 2801 664 μὲν
2818 593 2972 659 ξύλον
2999 587 3159 657 εἶναι,
3191 592 3292 658 τῆς
3321 592 3674 665 ἀνθρωπίνης
3701 593 3828 666 ῦλης

2255 686 2402 738 ἐστὶν
2441 684 2759 754 όμοούσιονο
2794 682 3092 754 ὲπειράσθη
3137 682 3244 754 γὰρ
3306 682 3448 736 κατὰ
3489 683 3674 738 πάντα
3715 685 3832 738 καθ’

2255 775 2548 847 ὁμοιότητα
2583 776 2750 846 χωρὶς
2800 775 3106 845 ἁμαρτίαςο
3138 774 3216 844 τῷ
3252 775 3310 828 δὲ
3360 775 3601 830 τοιοῦτον
3643 777 3832 849 φέρειν

2255 867 2484 936 καρπὸν,
2508 866 2574 918 δι’
2595 859 2656 920 οὗ
2679 865 3023 934 γλυκαίνεται
3055 865 3122 919 τὰ
3148 867 3246 936 τῆς
3269 865 3448 937 ψυχῆς
3479 867 3830 940 αἰσθητήρια,

2256 959 2474 1012 πλείονα
2519 957 2630 1028 ἔχει
2681 957 2780 1028 τὴν
2825 955 2962 1027 πρὸς
3001 955 3090 1008 τὸν
3141 955 3342 1028 δρυμὸν
3393 957 3830 1032 παραλλαγὴν,ἢ

2255 1051 2386 1119 ὅσην
2419 1049 2532 1119 ἔχει
2575 1048 2712 1119 πρὸς
2743 1047 2841 1110 τὰς
2873 1047 3111 1110 ἀκάνθας
3133 1047 3195 1100 τὸ
3219 1047 3422 1117 κρίνον.
3471 1047 3542 1100 Τὸ
3589 1048 3696 1119 μὲν
3729 1049 3832 1122 γάρ

2255 1139 2435 1210 κρίνον
2461 1139 2620 1210 μέχρι
2643 1137 2736 1192 τοῦ
2777 1137 2948 1202 εἴδους
2982 1138 3075 1190 καὶ
3100 1136 3199 1206 τῆς
3231 1138 3484 1201 εὐπνοίας
3510 1138 3572 1191 τὸ
3601 1139 3832 1209 τερπνὸν

2256 1229 2390 1300 ἔχει.
2437 1231 2504 1282 Ἥ
2541 1230 2598 1283 δὲ
2629 1229 2721 1282 τοῦ
2760 1230 2929 1300 μήλου
2975 1229 3132 1300 χάρις
3171 1227 3308 1299 πρὸς
3345 1229 3443 1292 τὰς
3471 1232 3624 1296 τρεῖς
3651 1231 3836 1301 αἰσθή-

2257 1339 2370 1385 σεις
2400 1321 2669 1393 ἁρμοδίως
2693 1320 3136 1392 καταμερίζεται,
3169 1321 3262 1374 καλ⁸
3287 1319 3563 1390 ὀφθαλμὸν
3598 1320 3836 1392 εὐφραί-

2256 1429 2421 1466 νουσα
2451 1416 2516 1484 τῇ
2551 1411 2671 1484 ὥρα
2689 1411 2783 1464 τοῦ
2821 1411 3014 1478 εἴδους,
3045 1412 3140 1466 καὶ
3168 1411 3266 1482 τὴν
3309 1413 3683 1485 ὀσφραντικὴν
3713 1413 3833 1479 ἠδύ-

2229 1520 2419 1578 ⁸νουσα
2459 1503 2710 1573 αἴσθησιν
2758 1502 2846 1556 διὰ
2881 1503 2979 1572 τῆς
3024 1502 3297 1566 εὐπνοίας.
3338 1505 3431 1556 καὶ
3474 1504 3652 1575 τροφὴ
3692 1523 3835 1574 γινο-

2259 1591 2392 1662 μένη
2431 1592 2847 1660 καταγλυκαίνει
2875 1592 2943 1644 τὰ
2974 1592 3236 1660 γευστικὰ
3257 1593 3606 1667 αἰσθητήρια.
3643 1597 3834 1662 Καλῶς

2255 1679 2348 1736 οὖν
2369 1679 2506 1738 εἶδεν
2536 1686 2568 1756 ἡ
2608 1685 2790 1756 νύμφη
2821 1685 2882 1738 τὸ
2901 1687 3098 1756 ἑαυτῆς
3125 1687 3261 1758 πρὸς
3285 1687 3375 1740 τὸν
3403 1687 3686 1760 Δεσπότην
3719 1689 3830 1744 διά-

2257 1791 2418 1845 φορον
2446 1793 2458 1804 ·
2487 1775 2567 1829 ὄτι
2602 1776 2806 1837 ἐκεῖνος
2841 1776 2939 1846 μὲν
2981 1776 3137 1846 ήμῶν
3178 1777 3270 1830 καὶ
3295 1777 3588 1849 ὀφθαλμῶν
3627 1779 3830 1848 γίνεται

2261 1863 2438 1936 χάρις,
2465 1864 2582 1933 φῶς
2601 1865 2900 1936 γινόμενος,
2925 1866 3017 1920 καὶ
3055 1865 3224 1937 μύρον
3251 1869 3308 1920 ὲν
3329 1871 3394 1939 τῇ
3427 1869 3716 1941 ὀσφρήσει,
3743 1872 3830 1926 καὶ

2261 1953 2375 2025 ζωὴ
2408 1957 2522 2018 τοῖς
2541 1955 2831 2010 ἐσθίουσιν.
2875 1957 2927 2008 Ὀ
2952 1959 3062 2027 γὰρ
3102 1958 3308 2030 φαγὼν
3337 1961 3541 2024 αὐτὸν,
3573 1960 3826 2032 ζήσεται,

2260 2043 2439 2108 καθώς
2465 2046 2594 2115 φησί
2625 2063 2724 2099 που
2747 2047 2808 2099 τὸ
2831 2047 3174 2116 Εύαγγέλιον.
3218 2050 3282 2103 Ἦ
3303 2051 3360 2104 δὲ
3387 2051 3704 2126 ἀνθρωπίνη
3733 2055 3830 2124 φύε-

2262 2153 2345 2199 σις
2372 2135 2438 2189 δι’
2479 2137 2682 2207 ἀρετῆς
2714 2137 3058 2193 τελειωθεῖσα
3079 2180 3094 2204 ,
3117 2140 3277 2205 ἄνθος
3309 2143 3554 2211 γίνεται,
3586 2145 3748 2215 μόνον
3773 2147 3828 2200 οὐ

2259 2229 2350 2282 τὸν
2391 2230 2632 2301 γεωργὸν
2661 2232 2952 2301 τρέφουσα,
2993 2234 3130 2288 ἀλλά
3167 2236 3366 2305 ἑαυτὴν
3395 2235 3826 2303 καλλωπίζουσα.

2247 2321 2336 2394 ’ού
2361 2321 2470 2392 γὰρ
2522 2323 2728 2386 ἐκεῖνος
2771 2323 2952 2394 ἐνδεὴς
2979 2324 3088 2378 τῶν
3117 2327 3398 2398 ἡμετέρων
3437 2329 3687 2396 ἀγαθῶν,
3723 2331 3827 2384 ἀλλ’

2260 2413 2422 2482 ἡμεῖς
2458 2412 2566 2466 τῶν
2615 2414 2825 2468 ἐκείνου
2851 2415 3081 2487 δεόμεθα
3101 2457 3115 2481 ,
3147 2417 3328 2482 καθώς
3373 2436 3536 2492 φησιν
3567 2421 3598 2473 ὁ
3621 2421 3828 2494 Προφή-

2259 2519 2379 2574 της,
2413 2505 2542 2558 Ὅτι
2574 2503 2694 2558 τῶν
2725 2505 2962 2576 ἀγαθῶν
2986 2525 3106 2576 μου
3127 2511 3198 2562 οὐ
3231 2511 3441 2579 χρείαν
3464 2504 3650 2580 ἔχεις.

2331 2593 2429 2648 Διά
2459 2593 2616 2648 τοῦτο
2647 2595 2831 2666 βλέπει
2847 2598 2936 2651 τὸν
2963 2601 3191 2670 νυμφίον
3211 2604 3242 2672 ἡ
3261 2601 3648 2674 κεκαθαρμένη
3671 2603 3826 2675 ψυχὴ,

2265 2683 2434 2754 μῆλον
2459 2687 2517 2737 ἐν
2539 2686 2652 2746 τοῖς
2688 2685 2781 2739 τοῦ
2819 2687 3022 2758 δρυμοῦ
3061 2688 3236 2754 ξύλοις
3265 2691 3529 2762 γενομένη
3553 2707 3570 2724 ·
3603 2693 3694 2746 ἵνα
3741 2695 3828 2762 ἑτ-

2262 2773 2588 2846 κεντρίσασα
2621 2778 2784 2848 ἑαυτῇ
2808 2779 3012 2842 πάντας
3038 2781 3166 2844 τοὺς
3196 2781 3420 2853 ἀγρίους
3445 2783 3539 2836 τοῦ
3555 2783 3829 2854 δρυμῶνος

2263 2866 2526 2929 κλάδους,
2565 2867 2642 2936 τῷ
2689 2869 2858 2940 ὁμοίῳ
2913 2871 3110 2942 καρπῷ
3183 2871 3366 2943 βρύειν
3419 2876 3826 2948 παρασκευάσῃ.

2267 2955 2476 3027 ’Ὠσπερ
2504 2957 2683 3010 τοίνυν
2713 2958 2810 3022 τὰς
2857 2959 3182 3032 θυγατέρας,
3217 2963 3308 3016 διὰ
3339 2963 3400 3016 τὸ
3427 2967 3548 3028 ταῖς
3573 2966 3828 3030 ἀκάνθαις

2262 3045 2609 3117 ὁμοιωθῆναι,
2643 3047 2714 3101 τὰ
2734 3048 2826 3102 τοῦ
2856 3050 3208 3122 ψευδωνύμου
3244 3056 3449 3126 πατρὸς
3475 3058 3828 3128 ἐνενοήσαμεν

2264 3137 2455 3188 τέκνα·
2475 3137 2671 3202 αἵτινες
2703 3138 2781 3209 τῷ
2808 3139 2959 3194 ἄνθει
3003 3147 3506 3217 συμπαραφυεῖσαι,
3560 3145 3642 3216 τῷ
3666 3147 3829 3217 χρόνῳ

2262 3229 2355 3280 καὶ
2377 3227 2537 3281 αύταὶ
2561 3229 2696 3300 πρὸς
2723 3230 2820 3300 τὴν
2862 3231 2955 3284 τοῦ
2999 3231 3184 3302 κρίνου
3221 3234 3608 3302 μεταϐαίνουσι
3640 3235 3792 3306 χάριν
3811 3251 3826 3266 ⁶

2259 3319 2402 3373 οὕτω
2433 3321 2527 3374 καὶ
2556 3321 2790 3376 ἐνταῦθα
2827 3324 2954 3387 τοὺς
2997 3324 3492 3394 προσεικασθέντας
3519 3328 3635 3390 τοῖς
3665 3324 3828 3379 τοιού-

2259 3427 2372 3473 τοις
2425 3411 2600 3475 ξύλοις
2637 3411 2731 3464 τοῦ
2777 3411 2984 3483 δρυμοῦ
3027 3413 3382 3479 ἀκούσαντες,
3413 3417 3474 3468 οὐ
3523 3414 3712 3484 φίλους
3740 3433 3828 3486 ση-

2264 3501 2550 3572 μαίνεσθαι
2595 3503 2687 3556 τοῦ
2740 3505 3005 3573 νυμφίου,
3040 3504 3175 3559 ἀλλὰ
3229 3507 3356 3570 τοὺς
3412 3507 3688 3570 ἐναντίους
3731 3507 3827 3562 ὑπ-

2263 3595 2598 3664 ενοήσαμεν,
2633 3593 2726 3658 οὓς
2771 3597 2918 3658 υἱοὺς
2961 3595 3119 3660 ὄντας
3150 3595 3245 3650 τοῦ
3289 3598 3509 3662 σκότους
3548 3599 3646 3653 καὶ
3677 3599 3826 3651 τέκνα

2261 3685 2452 3754 ὀργῆς,
2487 3687 2553 3756 τῇ
2586 3685 2838 3757 κοινωνίᾳ
2862 3685 2955 3738 τοῦ
2998 3687 3210 3758 καρποῦ
3256 3688 3336 3752 είς
3367 3689 3515 3752 υἱοὺς
3541 3689 3720 3757 φωτὸς
3740 3689 3826 3742 καὶ

2265 3776 2414 3838 υἱοὺς
2445 3776 2658 3846 ἡμέρας
2693 3777 3108 3845 μετασκευάζει.
3139 3778 3238 3832 Διά
3269 3778 3426 3832 τοῦτό
3466 3797 3630 3850 φησιν
3664 3782 3697 3850 ἡ
3733 3795 3820 3847 γε-

2261 3867 2615 3939 γυμνασμένη
2646 3867 2712 3920 τά
2739 3868 3064 3940 αίσθητήρια
3087 3869 3251 3941 ψυχὴ,
3283 3870 3365 3923 ὅτι
3393 3872 3634 3940 Καρπὸς
3653 3869 3824 3925 αὐτοῦ

2261 3957 2492 4026 γλυκὺς
2513 3958 2582 4010 ἐν
2622 3957 2703 4022 τῷ
2731 3957 2988 4028 λάρυγγί
3012 3979 3131 4029 μου
3155 3977 3168 3990 '
3211 3962 3418 4032 καρπὸς
3438 3962 3547 4032 δὲή
3581 3962 3824 4016 διδασκα-

2263 4048 2351 4102 λία
2401 4049 2616 4112 πάντως
2661 4050 2826 4103 ἐστίν.
2875 4049 2970 4116 Ὠς
2996 4051 3223 4120 γλυκέα
3247 4053 3558 4124 γὰρ,φησὶ,
3599 4053 3680 4118 τῷ
3729 4052 3826 4106 λά-

2256 4145 2433 4213 ρυτγί
2454 4163 2572 4214 μου
2596 4145 2667 4199 τὰ
2709 4145 2884 4214 λόγιά
2913 4162 3054 4210 σου,
3087 4148 3116 4199 ὁ
3153 4147 3472 4216 Προφήτης,
3500 4147 3656 4214 ὑπὲρ
3693 4146 3822 4216 μέλι

2263 4235 2342 4300 τῷ
2366 4237 2616 4304 στόματί
2639 4255 2778 4305 μου.
2799 4268 2866 4276 -
2889 4238 2985 4304 Ὡς
3012 4235 3216 4306 μῆλον
3246 4238 3315 4290 ἐν
3347 4237 3470 4302 τοῖς
3497 4238 3703 4303 ξύλοις
3725 4234 3822 4288 τοῦ

2263 4324 2511 4392 δρυμοῦ,
2566 4327 2750 4391 οὕτως
2797 4327 3120 4395 ἀδελφιδός
3165 4344 3283 4394 μου
3315 4326 3432 4381 ἀνὰ
3477 4327 3672 4396 μέσον
3716 4323 3823 4378 τῶν

2262 4411 2507 4466 υἱῶν-νη
2519 4417 3171 4488 Ὑπότὴνσκιὰναὺτοῦ
3183 4419 3534 4489 ἐπεθύμησα
3545 4414 3648 4470 καὶ
3661 4412 3819 4468 ἐκάθ-

593 4515 794 4562 utnon
831 4509 900 4563 ab
934 4509 1039 4564 hoc
1084 4509 1197 4564 sole
1253 4523 1480 4562 uramur
1531 4507 1622 4578 qui
1671 4507 1827 4562 ardet
1869 4508 2159 4562 imminens

2265 4522 2400 4566 wa,
2439 4507 2537 4558 καὶ
2584 4509 2616 4559 ό
2646 4507 2873 4574 καρπὸς
2909 4507 3095 4560 αὐτοῦ
3114 4507 3341 4576 γλυκὺς
3361 4508 3429 4560 ὲν
3471 4503 3550 4571 τῷ
3583 4501 3822 4572 λάρυτγί

593 4601 740 4654 nudo
766 4599 953 4670 capiti.
991 4599 1108 4654 Non
1137 4602 1270 4654 alias
1302 4612 1481 4655 autem
1513 4599 1642 4654 licet
1693 4599 1795 4653 sub
1827 4599 2015 4653 umbra
2074 4615 2161 4652 ar-

593 4689 744 4744 boris
773 4690 898 4744 vitae
927 4689 1264 4760 refrigerari,
1310 4705 1472 4760 quam
1503 4691 1546 4746 si
1610 4687 1882 4758 cupiditas
1942 4688 2008 4741 ad
2041 4704 2160 4742 eam

593 4776 879 4836 deduxerit
929 4783 1188 4837 animam.
1233 4781 1403 4839 Vides
1459 4797 1560 4836 cur
1587 4780 1686 4834 tibi
1739 4781 1812 4834 sit
1860 4779 2021 4834 insita
2081 4782 2162 4836 vis

594 4873 1033 4944 concupiscendi,
1077 4890 1274 4943 nempe
1319 4883 1378 4928 ut
1436 4873 1532 4928 tibi
1573 4873 1721 4942 pomi
1766 4872 1966 4927 aﬂ‘crat
2013 4873 2164 4928 desi-

593 4965 827 5028 derium,
869 4980 934 5019 ex
975 4980 1082 5038 quo
1133 4967 1184 5020 ei
1219 4967 1312 5035 qui
1375 4964 1823 5036 appropinquarit
1879 4965 2160 5032 multiplex

597 5053 821 5109 fruenda
852 5057 1068 5112 exsistit
1095 5059 1368 5127 voluptas.
1403 5055 1540 5110 Nam
1577 5063 1632 5111 et
1654 5057 1847 5110 oculus
1876 5065 2160 5111 recreatur

596 5149 908 5216 aspectabili
943 5149 1370 5217 pulchritudine,
1410 5157 1462 5202 et
1493 5163 1664 5202 nasus
1692 5149 1828 5201 bene
1863 5148 2160 5215 spirantem

597 5242 825 5310 percipit
857 5242 1101 5304 odorem,
1149 5249 1204 5296 et
1231 5257 1430 5310 corpus
1481 5242 1664 5303 alitur,
1699 5247 1752 5294 et
1781 5255 1842 5294 os
1874 5239 2164 5294 dulcedine

596 5335 848 5400 aﬁicitur,
882 5343 936 5389 et
969 5346 1138 5389 astus
1171 5335 1456 5396 avertitur,
1480 5343 1534 5388 et
1569 5334 1760 5388 umbra
1795 5331 1853 5384 ﬁt.
1886 5331 2042 5386 sedes
2071 5330 2164 5384 cui

598 5427 832 5482 insideat
859 5427 1063 5489 anima,
1099 5439 1219 5494 qum
1260 5424 1548 5494 abnegavit
1617 5423 1938 5478 cathedram
1995 5423 2163 5490 pesti-

599 5519 794 5572 lentius.

2255 4615 2392 4666 μου.
2423 4597 2554 4649 Τότε
2581 4598 2688 4667 γὰρ
2727 4597 2940 4668 ἀληθῶς
2971 4598 3318 4667 γλυκαίνεται
3351 4599 3426 4668 τῷ
3464 4599 3608 4667 λόγῳ
3641 4597 3704 4649 τὰ
3731 4596 3819 4663 τῆς

2257 4689 2437 4758 ψυχῆς
2457 4689 2805 4760 αἰσθητήρια,
2845 4691 2971 4743 ὅταν
3003 4693 3152 4760 ἡμᾶς
3181 4690 3316 4760 πρὸς
3356 4689 3445 4742 τὸν
3481 4691 3544 4742 ὲκ
3573 4689 3680 4742 τῶν
3717 4703 3822 4738 πει-

2264 4781 2485 4851 ρασμῶν
2527 4781 2826 4851 φλογμὸνή
2864 4781 2990 4834 σκιὰ
3042 4781 3135 4834 τοῦ
3178 4782 3346 4852 μήλου
3396 4781 3718 4851 διατειχίσῃ,
3752 4776 3819 4838 ὡς

2265 4874 2339 4944 μὴ
2372 4873 2724 4941 συγκαίεσθαι
2759 4875 2908 4944 ἡμᾶς
2949 4873 3054 4927 ὑπὸ
3101 4874 3194 4927 τοῦ
3234 4855 3475 4928 τοιούτου
3525 4873 3692 4944 ὴλίου,
3733 4886 3818 4938 γυ-

2271 4965 2406 5034 μνῆς
2443 4964 2543 5033 τῆς
2585 4965 2824 5034 κεφαλῆς
2861 4965 3234 5037 ὑπερζέοντος.
3276 4967 3388 5020 Οὐκ
3431 4965 3631 5018 ἔστιδὲ
3665 4961 3820 5021 ἄλλως

2269 5057 2372 5110 ὑπὸ
2399 5056 2496 5126 τὴν
2521 5057 2680 5110 σκιὰν
2708 5058 2800 5110 τοῦ
2838 5057 2991 5122 ξύλου
3013 5059 3111 5128 τῆς
3144 5059 3289 5128 ζωῆς
3319 5057 3610 5127 ἀναψύξαι,
3633 5055 3704 5127 μὴ
3735 5053 3819 5122 τῆς

2269 5145 2559 5215 ἐπιθυμίας
2601 5147 2735 5217 πρὸς
2767 5146 2924 5200 τοῦτο
2951 5148 3049 5218 τὴν
3093 5147 3270 5219 ψυχὴν
3301 5147 3624 5217 ἀναγούσης.
3675 5144 3819 5214 Ὁρᾷς

2269 5233 2356 5286 διὰ
2386 5235 2438 5286 τί
2473 5252 2551 5287 σοι
2582 5237 2614 5305 ἡ
2643 5235 3011 5308 ὲπιθυμητικὴ
3051 5237 3279 5308 δύναμις
3331 5238 3590 5305 ἔγκειται,
3621 5239 3704 5289 ἵνα
3747 5249 3818 5286 σοι

2271 5325 2433 5377 πόθον
2479 5327 2752 5399 ἐμποιήσῃ
2803 5327 2894 5380 τοῦ
2943 5327 3152 5398 μήλου,
3196 5323 3256 5382 οὗ
3303 5328 3818 5400 πολυειδὴςγίνεται

2269 5419 2380 5479 τοῖς
2417 5419 2841 5488 προσεγγίσασιν
2872 5422 2904 5489 ἡ
2954 5420 3268 5484 ἀπόλαυσις.
3304 5422 3371 5473 ’Ὀ
3409 5438 3470 5473 τε
3507 5421 3615 5491 γὰρ
3641 5414 3818 5487 ὀφθαλ-

2275 5512 2372 5582 μδς
2422 5513 2486 5582 τῇ
2531 5511 2648 5582 ὥρᾳ
2699 5512 2792 5565 τοῦ
2849 5513 3078 5576 κάλλους
3127 5513 3635 5586 προσαναπαύεται,
3681 5509 3764 5564 καὶ
3795 5507 3820 5557 ό

601 5609 814 5680 μυκτὴρ
839 5608 1066 5660 ἀναπνεῖ
1102 5607 1198 5676 τὴν
1225 5605 1578 5669 εύωᾶίαν,κα“ι
1602 5605 1661 5656 τὸ
1695 5603 1852 5674 σῶμα
1889 5603 2167 5675 τρέφεται,
2205 5606 2298 5656 καὶ
2347 5603 2406 5656 τὸ
2449 5603 2623 5673 στόμα
2669 5605 3037 5672 γλυκαίνεται,
3087 5608 3182 5660 καὶ
3219 5609 3248 5660 ὁ
3287 5607 3502 5660 καύσων
3571 5601 3818 5674 ἀποστρὲ-

601 5719 773 5772 φεται,
791 5702 883 5752 καὶ
908 5701 940 5770 ἡ
961 5699 1086 5752 σκιὰ
1115 5700 1300 5771 θρόνος
1323 5697 1552 5766 γίνεται,
1639 5695 1936 5765 ἐγκάθηται
1960 5698 1992 5766 ἡ
2025 5695 2190 5767 ψυχὴ,
2231 5699 2262 5768 ἡ
2290 5697 2396 5750 τῶν
2430 5696 2629 5768 λοιμῶν
2652 5697 2752 5768 τὴν
2784 5698 3050 5770 καθέδραν
3075 5699 3445 5770 ἀρνησαμένη.

671 5817 716 5852 ⁵³
739 5817 905 5874 Hebr.
930 5833 1003 5884 iv,
1031 5819 1118 5875 15.

1193 5816 1417 5873 l".loan.
1444 5831 1518 5884 vr,
1554 5817 1641 5871 58.
1720 5817 1764 5848 ⁸⁵
1788 5815 1932 5872 Psa-l.
1974 5832 2062 5882 xv,
2090 5815 2144 5872 2.
2221 5817 2266 5849 ⁸⁸
2291 5817 2433 5873 Psal.
2493 5833 2647 5885 xviii,
2683 5818 2768 5871 ll.
