4110 6516
1240 330 1255 357 κ

364 402 405 456 3
416 400 477 458 ἷὸ

1289 405 1356 459 ΙΝ
1394 404 1687 460 CANTICA
1721 397 1993 455 CANTIC.
2037 398 2315 455 HOMILIA
2358 401 2445 458 iV.

3493 398 3599 457 8λῦ

436 513 571 577 Εἶτά
590 535 753 587 φησιν
771 536 784 550 ο
813 520 1173 590 Εἱσατάγετέ
1189 538 1263 589 με
1288 524 1375 587 εὶς
1402 517 1569 573 οἷκον
1597 518 1703 571 τοῦ
1734 518 1929 575 οἴνους

2108 515 2309 572 Deinde
2350 517 2481 573 dicit
2523 538 2535 573 :
2582 518 2904 572 lntroducite
2963 533 3044 571 me
3093 534 3150 570 in
3208 516 3400 570 cellam
3442 518 3595 572 vina-

364 609 581 674 τάξατε
603 609 694 662 ἐπ’
715 611 818 680 ἐμὲ
847 610 1102 681 ἀγάπην,
1130 609 1449 678 στηρίξατέ
1479 625 1558 679 με
1598 609 1667 662 ὲν
1705 608 1933 676 μύροις.

363 700 728 755 Στοιϐάσατέ
752 718 828 771 με
858 704 928 755 ἐν
953 701 1204 772 μήλοις·
1226 701 1316 754 ὅτι
1344 701 1669 770 τετρωμένη
1702 697 1936 767 ἀγάπης

363 792 501 860 ἐγώ.
530 792 717 854 Ὅπως
737 792 905 863 τρέχῃ
930 792 1007 861 τῷ
1040 791 1167 861 θείῳ
1196 790 1380 860 δρόμῳ
1404 792 1438 861 ἡ
1468 790 1647 852 καλῶς
1677 789 1754 859 τῷ
1782 788 1935 856 ἵππῳ

365 882 825 954 προσεικασθεῖσα
862 883 1005 953 ψυχὴ
1031 924 1046 944 ,
1079 884 1155 949 ὡς
1193 887 1415 947 πυκνοῖς
1466 900 1527 936 τε
1569 883 1662 935 καὶ
1689 897 1934 933 συντετα-

369 975 551 1045 μένοις
607 976 718 1036 τοῖς
767 974 969 1043 ἂλμασι
1016 978 1126 1039 τοῖς
1176 975 1481 1045 ἔμπροσθεν
1526 972 1930 1035 ἐπεκτείνεται,

364 1066 503 1136 πρὸς
527 1065 578 1116 δὲ
611 1065 669 1117 τὸ
699 1065 923 1117 κατόπιν
956 1066 1056 1118 οὐκ
1085 1066 1468 1136 ἐπιστρέφεται
1490 1082 1504 1095 ·
1528 1064 1706 1116 πόσων
1748 1062 1935 1132 ἔτυχεν

364 1158 425 1209 ὲν
475 1159 582 1219 τοῖς
617 1157 851 1222 φθάσασι
875 1175 888 1187 ο
911 1158 1004 1210 καὶ
1036 1156 1115 1209 ἐτι
1143 1157 1288 1227 διψᾷ.
1322 1158 1431 1210 Καὶ
1459 1155 1691 1226 τοσαύτη
1730 1154 1823 1207 τοῦ
1855 1155 1934 1207 δί-

364 1247 499 1315 ψους
529 1248 674 1299 ἐστὶν
704 1248 736 1316 ἡ
774 1248 1040 1313 ἐπίτασις,
1079 1249 1160 1300 ὅτι
1193 1250 1291 1300 οὐκ
1317 1249 1565 1319 ἀρκεῖται
1592 1246 1669 1318 τῷ
1696 1247 1794 1317 τῆς
1843 1262 1933 1299 σο-

367 1340 496 1405 φίας
516 1339 769 1408 κρατῆρι,
802 1339 907 1391 οὐδ’
945 1339 1125 1392 ἱκανὸν
1147 1339 1314 1393 οἴεται
1354 1340 1490 1411 πρὸς
1526 1339 1818 1411 θεραπείαν
1838 1340 1936 1409 τῆς

365 1430 524 1500 δίψης
559 1430 677 1482 ὅλον
699 1430 986 1499 ἐγχέασθαι
1013 1431 1102 1485 τὸν
1137 1432 1384 1504 κρατῆρα
1413 1432 1493 1501 τῷ
1531 1432 1756 1502 στόματι
1778 1448 1791 1461 ι
1820 1430 1933 1484 ἀλλ’

367 1523 448 1583 εἰς
472 1521 631 1573 αὑτὸν
668 1520 760 1572 τοῦ
784 1520 926 1573 οἴνου
960 1522 1050 1574 τὸν
1083 1519 1226 1575 οἷκον
1268 1522 1609 1594 παραχθῆναι
1637 1524 1804 1593 ζητεῖ,
1841 1521 1935 1575 καὶ

367 1614 557 1674 αὐταῖς
582 1614 699 1674 ταῖς
742 1610 918 1682 ληνοῖς
944 1614 1197 1682 ὑποσχεῖν
1225 1613 1286 1665 τὸ
1316 1614 1509 1683 στόμα,
1534 1616 1651 1677 ταῖς
1683 1614 1774 1665 τὸν
1795 1610 1934 1667 οἶνον

367 1702 459 1753 τὸν
488 1704 620 1771 ἡδὺν
669 1704 1259 1775 ὑπερὸλυζούσαις,καὶ
1313 1705 1437 1757 ἰδεῖν
1485 1706 1575 1759 τὸν
1623 1705 1815 1775 βότρυν
1843 1705 1933 1759 τὸν

366 1796 486 1855 ταῖς
519 1795 698 1863 ληνοῖς
742 1794 1131 1866 ὲνθλιὸόμενον,
1162 1797 1255 1849 καὶ
1294 1797 1390 1868 τὴν
1440 1797 1682 1867 ἄμπελον
1721 1798 1933 1868 ἐκείνην

364 1884 464 1952 τὴν
490 1885 579 1937 τὸν
608 1885 846 1938 τοιοῦτον
892 1886 1084 1958 βότρυν
1113 1888 1500 1960 ἐκτρέφουσαν,
1535 1889 1734 1942 καὶτὸν
1764 1906 1937 1960 γεωρ-

366 1974 463 2040 γὸν
489 1975 588 2045 τῆς
617 1975 877 2047 ἀληθινῆς
926 1976 1194 2047 ἀμπέλου,
1229 1978 1323 2031 τὸν
1354 1978 1524 2043 οὕτως
1557 1979 1817 2050 εὖτροφον
1844 1978 1936 2032 τὸν

369 2065 565 2134 βότρυν
602 2068 693 2119 καὶ
714 2067 843 2137 ἡδὺν
874 2069 1317 2139 ἀπεργαζόμενον
1349 2088 1361 2099 ·
1389 2064 1462 2123 ὧν
1491 2070 1717 2123 ἕκαστον
1747 2087 1934 2141 περιτ-

365 2158 456 2209 τὸν
485 2156 550 2211 ἂν
575 2158 656 2229 εἴη
681 2159 1115 2229 διευκρινεῖσθαι,
1152 2164 1389 2233 φανερᾶς
1409 2161 1571 2233 οὔσης
1591 2162 1691 2232 τῆς
1721 2163 1935 2232 ἑκάστῳ

366 2249 570 2303 τούτων
592 2249 1025 2321 ὲνθεωρουμένης
1073 2252 1339 2322 τροπικῆς
1384 2253 1676 2323 σημασίας.
1712 2253 1935 2315 Πάντως

365 2340 420 2392 δὲ
448 2341 664 2393 κάκεῖνο
694 2340 938 2410 βούλεται
973 2342 1205 2395 κατιδεῖν
1234 2342 1295 2394 τὸ
1336 2343 1650 2413 μυστήριον,
1676 2342 1791 2406 πῶς
1817 2344 1935 2413 ἐρυ-

366 2429 643 2499 θραίνεται
690 2429 768 2500 τῷ
818 2430 1041 2501 πατητῷ
1093 2431 1189 2500 τῆς
1239 2430 1399 2502 ληνοῦ
1458 2431 1525 2485 τά
1561 2431 1654 2484 τοῦ
1702 2432 1931 2502 νυμφίου

364 2521 731 2591 ίμάτια.Περὶ
754 2516 813 2576 οὗ
840 2539 1001 2591 φησιν
1041 2523 1069 2574 6
1110 2524 1427 2593 προφήτης,
1469 2524 1549 2576 ὅτι
1582 2522 1684 2577 Διά
1717 2524 1775 2575 τί
1817 2539 1932 2577 σου

361 2613 577 2679 ἐρυθρὰ
608 2612 680 2665 τὰ
721 2612 945 2681 ἱμάτια,
979 2614 1074 2669 καί
1110 2614 1181 2667 τὰ
1223 2613 1522 2684 ἐνδύματά
1550 2628 1666 2668 σου
1698 2615 1779 2680 ὡς
1814 2614 1931 2668 ἀπὸ

361 2705 629 2769 πατητοῦ
682 2706 907 2777 .anm');
957 2706 1055 2759 Διά
1090 2707 1260 2761 ταῦτα
1292 2707 1383 2760 καὶ
1414 2706 1482 2760 τά
1519 2706 1740 2760 τοιαῦτα
1784 2706 1933 2768 ἐντὸς

360 2794 454 2845 τοῦ
486 2795 635 2847 οἴκου
665 2795 913 2862 γενέσθαι
949 2796 1120 2861 ποθεῖ,
1153 2798 1209 2849 ὲν
1235 2789 1278 2864 ᾧ
1301 2796 1361 2849 τὸ
1390 2797 1528 2850 κατὰ
1550 2796 1638 2849 τὸν
1658 2796 1797 2849 οἶνόν
1817 2797 1933 2848 ἐστι

365 2886 677 2956 μυστήριον.
720 2881 853 2939 Εἶτα
881 2886 1029 2951 ἐντὸς
1057 2889 1343 2958 γενομένη,
1375 2887 1535 2941 πάλιν
1555 2889 1648 2942 ἐπὶ
1670 2887 1730 2940 τὸ
1751 2886 1934 2958 μεῖζον

362 2976 827 3047 ὲξάλλεται.Ζητεῖ
846 2977 953 3046 γὰρ
967 2978 1027 3030 τὸ
1043 2979 1373 3049 ὑποταγῆναι
1396 2983 1461 3051 τῇ
1484 2980 1690 3050 ἀγάπῃ.
1719 2980 1932 3050 Ἀγάπη

360 3067 418 3120 δέ
438 3068 583 3121 ἐστιν
600 3070 627 3121 6
644 3068 794 3132 Θεὸς,
813 3068 953 3121 κατά
974 3071 1071 3141 τὴν
1100 3070 1341 3123 Ἰωάννου
1369 3071 1570 3142 φωνὴν,
1586 3064 1629 3138 ᾦ
1650 3073 1709 3123 τὸ
1732 3072 1933 3123 ὑποτα-

1964 1850 2007 1906 Β

2036 611 2208 674 riam;
2245 610 2485 665 ordinate
2526 613 2579 664 in
2628 629 2707 665 me
2749 611 3080 665 charitatem.
3118 609 3328 666 Fulcile
3376 628 3457 665 me
3496 628 3598 664 tm-

2034 704 2273 772 guentis,
2305 702 2463 755 malis
2508 710 2679 755 torum
2716 703 2842 755 mihi
2879 703 3123 763 sternite,
3156 702 3282 770 quia
3322 719 3440 755 sum
3468 719 3596 756 sau-

2037 792 2179 845 ciata
2215 790 2536 845 dilectionis.
2568 789 2637 844 Ut.
2659 790 2724 844 ad
2746 789 2991 844 divinum
3015 798 3202 845 currat
3230 804 3452 845 cursum
3474 806 3599 860 quae

2036 889 2184 936 recte
2223 880 2376 951 prius
2412 880 2568 950 equis
2602 880 2901 936 assimilata
2934 888 3018 935 est
3064 881 3269 944 anima,
3331 887 3589 949 tanquam

2037 972 2246 1027 crebris
2284 980 2339 1027 et
2368 972 2635 1027 ordinatis
2666 972 2899 1027 saltibus
2931 973 2996 1025 ad
3030 971 3308 1025 anteriora
3364 970 3595 1025 tenden-

2036 1064 2549 1128 tibusrextenditur,
2576 1063 2641 1116 ad
2677 1063 2981 1133 posteriora
3013 1070 3195 1115 autem
3238 1078 3346 1115 non
3372 1077 3599 1115 conver-

2035 1157 2187 1220 titur,
2224 1163 2486 1225 quantum
2544 1156 2671 1210 licet
2732 1154 3071 1224 occupando.
3110 1153 3415 1220 Quinetiam
3460 1153 3594 1208 sitit.

2037 1247 2224 1316 Usque
2261 1243 2397 1299 adeo
2433 1251 2613 1296 autem
2682 1254 2910 1316 augetur
2950 1244 3091 1312 sitis,
3131 1253 3190 1298 ut
3222 1260 3251 1299 e
3314 1244 3599 1314 sapientiae

2035 1347 2246 1394 cratere
2294 1354 2402 1394 non
2449 1339 2683 1403 hauriat,
2742 1352 2919 1416 neque
2973 1336 3041 1391 ad
3099 1335 3393 1391 sedandam
3448 1335 3595 1391 sitim

2036 1434 2168 1487 satis
2195 1446 2317 1487 esse
2344 1438 2515 1501 putet,
2550 1432 2596 1486 si
2629 1438 2801 1485 totum
2827 1438 3091 1484 craterem
3136 1430 3191 1482 in
3226 1444 3287 1483 os
3321 1427 3594 1489 infundat,

2035 1524 2130 1577 sed
2154 1529 2311 1591 rogat
2340 1530 2398 1576 ut
2441 1522 2742 1576 deducatur
2768 1521 2835 1575 ad
2868 1521 3039 1590 ipsam
3073 1520 3263 1573 cellam
3292 1520 3557 1572 vinariam
3581 1560 3595 1580 ,

2034 1620 2088 1668 et
2119 1614 2253 1682 ipsis
2280 1614 2647 1667 torcularibus
2671 1628 2733 1667 os
2759 1611 3036 1680 subjiciat,
3095 1618 3148 1665 et
3186 1610 3345 1664 dulce
3396 1609 3585 1662 vinum

2035 1713 2251 1759 scatens
2282 1704 2533 1774 aspiciat,
2561 1704 2891 1772 botrumque
2918 1703 3009 1771 qui
3037 1701 3365 1771 exprimitur
3392 1701 3448 1753 in
3493 1712 3597 1753 tor-

2036 1794 2333 1861 cularibus,
2366 1803 2419 1849 et
2453 1796 2617 1849 vitem
2659 1795 2804 1848 illam
2838 1810 2957 1863 qua:
3012 1795 3157 1847 hunc
3186 1795 3403 1846 botrum
3464 1793 3595 1855 alit,

2034 1895 2090 1942 et
2122 1901 2261 1941 vera:
2297 1886 2442 1943 illius
2494 1888 2622 1942 vitis
2656 1887 2972 1955 agricolam,
3004 1886 3097 1954 qui
3132 1884 3268 1938 adeo
3330 1885 3595 1952 optimum

2033 1990 2088 2035 et
2126 1994 2346 2035 suavem
2402 1977 2565 2034 elﬁcit
2596 1978 2837 2032 botrum.
2872 1978 3111 2042 Quorum
3171 1975 3597 2043 unumquodque

2035 2083 2497 2138 supervacaneum
2530 2069 2694 2123 fuerit
2724 2068 3017 2137 explicare,
3048 2082 3174 2121 cum
3203 2068 3274 2122 sit
3303 2067 3596 2121 manifesta

2034 2176 2156 2230 qua:
2184 2158 2240 2213 in
2268 2173 2599 2229 unoquoque
2628 2173 2815 2212 eorum
2844 2158 3224 2212 consideratur
3266 2156 3472 2226 tropica
3523 2156 3597 2212 si-

2034 2250 2329 2321 gniﬁcatio.
2356 2249 2493 2303 Illud
2524 2256 2702 2303 autem
2741 2250 2964 2303 omnino
3003 2249 3119 2301 vult
3158 2248 3341 2303 videre
3380 2254 3597 2319 myste—

2033 2344 2199 2407 rium,
2228 2341 2681 2411 quemadmodum
2721 2356 2923 2410 sponso
2959 2342 3191 2396 calcanti
3228 2340 3471 2394 torcular
3502 2356 3596 2394 ru-

2032 2434 2144 2489 bra:
2181 2433 2313 2488 ﬁant
2343 2442 2543 2489 vestes.
2578 2433 2653 2487 De
2685 2449 2791 2502 quo
2819 2433 2950 2487 dicit
2988 2434 3249 2503 propheta
3280 2452 3292 2487 :
3330 2432 3502 2499 Quam
3532 2431 3594 2485 ob

2033 2544 2141 2581 rem
2181 2528 2344 2581 rubra
2374 2535 2495 2580 sunt
2523 2527 2831 2581 vestimenta
2883 2536 2995 2587 tua,
3025 2534 3074 2579 et
3123 2526 3428 2578 indumenta
3459 2526 3593 2578 sicut

2032 2618 2095 2672 de
2120 2618 2323 2672 calcato
2353 2617 2661 2671 torculari"
2684 2616 2706 2669 ‘?
2734 2616 3092 2685 Propterhaac
3112 2624 3166 2670 et
3195 2630 3316 2684 quae
3343 2622 3471 2669 sunt
3495 2614 3598 2668 ltu-

2030 2710 2290 2779 jusmodi,
2354 2709 2504 2778 cupit
2565 2708 2774 2777 ingredi
2818 2707 3066 2771 domum,
3124 2708 3177 2760 in
3208 2721 3317 2775 qua
3343 2712 3429 2760 est
3482 2704 3595 2758 vini

2033 2801 2351 2872 mysterium
2392 2809 2456 2854 'ac
2486 2806 2910 2854 sacramentum.
2964 2795 3170 2852 Deinde
3221 2797 3490 2866 ingressa,
3528 2794 3595 2849 ad

2035 2892 2211 2960 majus
2266 2907 2459 2946 rursus
2516 2891 2721 2945 exsilit.
2760 2888 2933 2960 Regat
2977 2890 3121 2944 enim
3184 2897 3241 2942 ut
3274 2888 3598 2957 subjiciatur

2034 2983 2310 3037 cbaritati.
2366 2983 2619 3036 Charitas
2677 2990 2854 3041 autem
2895 2988 2979 3035 est
3033 2980 3200 3042 Deus,
3252 2988 3313 3033 ut
3349 2994 3453 3041 vox
3512 2986 3597 3034 est

2033 3073 2261 3129 Joannis
2284 3075 2353 3137 ⁸⁸,
2389 3076 2475 3129 cui
2507 3075 2804 3143 subjectam
2838 3088 2963 3128 esse
2996 3072 3252 3136 animam,
3285 3086 3407 3126 esse
3449 3072 3596 3125 salu—

362 3158 521 3226 γῆναι
542 3158 639 3229 τὴν
669 3158 868 3229 ψυχὴν,
889 3159 1158 3231 σωτηρίαν
1180 3155 1316 3214 εἶναι
1348 3163 1375 3214 6
1400 3161 1562 3214 Aa6‘t6
1595 3162 1929 3231 ἀπεφήνατο.

2035 3174 2142 3221 tem
2168 3165 2337 3220 David
2376 3166 2750 3236 pronuntiavit
2770 3166 2838 3217 δι’.
2864 3164 3130 3231 Quoniam
3171 3163 3418 3233 ingressa
3449 3178 3594 3226 sum,

373 3249 524 3303 Ἐπεὶ
548 3246 641 3304 οὖν
678 3250 1094 3321 γέγονα,φησὶν,
1128 3251 1185 3305 ὲν
1214 3250 1294 3321 τῷ
1332 3251 1463 3323 οἴκῳ
1496 3252 1588 3305 τοῦ
1616 3252 1929 3318 οῖνου,ὐπο-

360 3342 556 3409 τάξατε
583 3362 650 3415 με
678 3348 742 3415 τῇ
778 3346 986 3414 ἀγάπῃ,
1024 3345 1143 3415 ἦτοι
1185 3345 1379 3410 τάξατε
1408 3347 1495 3400 ἐπ’
1526 3346 1627 3416 ἐμὲ
1668 3347 1767 3419 τὴν
1793 3347 1930 3415 ἀγά-

360 3453 487 3507 πην.
509 3436 696 3500 Ὅπως
714 3436 779 3489 ἂν
812 3438 988 3508 χρήσῃ
1020 3439 1084 3507 τῇ
1119 3438 1428 3509 ἀναστροφῇ
1467 3438 1559 3492 τοῦ
1583 3439 1763 3509 λόγου,
1796 3441 1931 3493 ταύ-

359 3529 454 3582 τόν
484 3532 598 3582 ἐστι
624 3530 691 3582 δι’
716 3529 977 3600 ἑκατέρου
1008 3529 1068 3581 τὸ
1090 3529 1508 3601 σημαινόμενον,
1533 3530 1595 3583 ἐκ
1634 3548 1693 3583 τε
1712 3530 1804 3584 τοῦ
1828 3531 1931 3584 ὑπὸ

358 3620 454 3690 τὴν
503 3622 721 3693 ἀγάπην
767 3622 1050 3693 ταχθῆναι,
1097 3622 1192 3675 καὶ
1233 3621 1325 3675 τοῦ
1379 3622 1476 3693 τὴν
1529 3623 1747 3694 ἀγάπην
1793 3624 1928 3696 αὐτῇ

359 3712 734 3783 ἐπιταχθῆναι.

428 3806 498 3857 Ἢ
533 3804 673 3875 τάχα
708 3823 760 3858 τι
794 3805 886 3859 καὶ
917 3804 1092 3873 δόγμα
1122 3806 1230 3858 τῶν
1267 3806 1623 3876 ἀστειοτέρων
1672 3805 1758 3858 διά
1799 3805 1929 3859 ταύ-

357 3914 455 3967 της
482 3896 582 3966 της
610 3896 793 3966 φωνῆς
821 3896 1200 3967 διδασκόμεθα,
1229 3898 1346 3949 οἵαν
1375 3898 1680 3950 ἀνατιθέναι
1707 3898 1784 3968 τῷ
1812 3898 1931 3969 Θεῷ

358 3987 453 4059 τὴν
491 3989 709 4061 ἀγάπην
753 3990 1036 4060 προσήκει,
1084 3990 1178 4042 καὶ
1223 3990 1367 4052 ὅπως
1399 3989 1531 4060 πρὸς
1570 3989 1696 4052 τοὺς
1740 3989 1929 4054 ἄλλους

356 4081 517 4151 ἔχειν.
554 4082 616 4134 Ei
654 4081 761 4151 γὰρ
793 4081 897 4153 χρὴ
947 4081 1124 4135 πάντα
1169 4080 1307 4133 κατὰ
1332 4079 1483 4146 τάξιν
1528 4081 1621 4132 καὶ
1660 4080 1931 4150 εὐσχημό-

356 4190 461 4236 νως
484 4173 745 4242 γίνεσθαι,
774 4173 951 4244 πολλῷ
982 4173 1177 4243 μᾶλλον
1204 4175 1237 4245 ἡ
1264 4173 1413 4239 τάξις
1451 4173 1508 4224 ὲν
1535 4174 1644 4235 τοῖς
1671 4171 1930 4235 τοιούτοις

355 4264 629 4335 ἁρμόδιος.
682 4266 753 4318 Οὐ
787 4266 896 4335 γὰρ
934 4265 1000 4319 ἂν
1043 4265 1164 4318 οὔτε
1212 4266 1240 4316 6
1284 4266 1419 4319 Κάῖν
1476 4266 1568 4319 ἐπὶ
1618 4264 1695 4335 τῷ
1746 4264 1929 4328 κακῶς

352 4354 546 4409 διελεῖν
581 4356 896 4427 κατεκρίθη,
924 4358 972 4409 εί
1017 4356 1152 4427 μετά
1181 4356 1274 4409 τοῦ
1309 4356 1480 4427 ὀρθῶς
1522 4359 1924 4427 προσενεγκεῖν,

355 4445 447 4497 καὶ
479 4444 539 4497 τὸ
578 4446 785 4514 πρέπον
831 4447 889 4499 ὲν
928 4450 993 4517 τῇ
1022 4445 1169 4511 τάξει
1222 4447 1515 4517 πεφύλαχε,
1544 4448 1649 4501 τῶν
1682 4448 1828 4518 αὐτῷ
1866 4467 1926 4502 τε

2034 3257 2230 3325 inquit,
2264 3257 2319 3309 in
2350 3257 2545 3311 cellam
2579 3255 2871 3315 vinariam,
2906 3253 3166 3322 subjicite
3205 3269 3292 3309 me
3324 3253 3599 3316 charitati,

2034 3366 2129 3407 seu
2158 3350 2406 3404 ordinate
2454 3351 2507 3403 in
2566 3364 2652 3404 me
2706 3349 3056 3402 cbaritatem.
3092 3343 3596 3412 Quomodocunque

2032 3442 2179 3496 enim
2211 3443 2383 3496 utaris
2417 3441 2565 3495 verbi
2615 3441 2944 3504 inversione,
3000 3438 3143 3492 idem
3176 3447 3260 3491 est
3291 3433 3436 3504 quod
3495 3448 3591 3503 per

2032 3540 2321 3603 utrumque
2346 3533 2699 3605 signiﬁcatur,
2733 3547 2929 3602 nempe
2966 3538 3021 3585 et
3075 3545 3138 3584 ex
3180 3544 3243 3583 eo
3279 3528 3428 3598 quod
3461 3527 3595 3581 sub-

2027 3626 2169 3695 jecta
2209 3626 2282 3682 sit
2321 3626 2572 3680 charitati
2592 3665 2607 3691 ,
2639 3631 2693 3680 et
2729 3640 2796 3679 ex
2824 3638 2891 3678 eo
2926 3622 3071 3693 quod
3101 3622 3341 3677 cbaritas
3366 3620 3415 3675 ei
3445 3619 3595 3673 ordi-

2032 3724 2209 3771 netur.
2276 3752 2284 3760 -

2098 3806 2255 3861 Nunc
2280 3816 2454 3860 autem
2475 3812 2529 3861 et
2552 3806 2748 3861 scitum
2773 3804 2992 3874 aliquod
3017 3805 3210 3874 dogma
3236 3820 3300 3859 ex
3325 3804 3427 3858 hac
3462 3818 3594 3859 voce

2033 3896 2173 3953 forte
2206 3898 2485 3961 docemur,
2517 3912 2711 3965 nempe
2749 3895 3056 3964 cujusmodi
3095 3897 3167 3949 sit
3208 3894 3318 3948 Deo
3350 3894 3594 3949 tribuen-

2031 3993 2098 4047 da
2136 3991 2393 4054 cbaritas,
2423 4000 2476 4044 et
2522 3988 2978 4059 quemadmodum
3010 3990 3064 4042 in
3098 4003 3156 4041 se
3186 3988 3416 4041 invicem
3463 3986 3598 4042 aﬂ'e-

2030 4092 2147 4137 ctos
2171 4098 2292 4137 esse
2317 4090 2583 4150 oporteat.
2628 4079 2684 4134 Si
2712 4082 2857 4134 enim
2897 4087 3114 4149 oportet
3178 4079 3356 4132 omnia
3403 4078 3595 4133 ordine

2030 4180 2083 4227 et
2113 4172 2337 4226 honeste
2367 4171 2505 4231 lieri,
2547 4172 2717 4223 multo
2745 4170 2993 4239 magisin
3048 4169 3132 4223 his
3176 4177 3260 4223 est
3287 4168 3421 4223 ordo
3460 4184 3595 4224 con—

2029 4265 2272 4319 veniens.
2306 4262 2490 4333 Neque
2517 4264 2659 4316 enim
2702 4262 3098 4316 condemnatus
3127 4272 3274 4316 esset
3303 4262 3437 4317 Cain
3470 4277 3597 4331 pro-

2029 4358 2385 4428 ptereaquod
2418 4356 2556 4409 male
2587 4355 2928 4416 divideret“,
2963 4356 3007 4407 si
3033 4370 3154 4408 cum
3188 4370 3253 4409 eo
3278 4353 3423 4423 quod
3452 4362 3597 4409 recte

2028 4447 2333 4513 obtulisset,
2360 4447 2522 4500 etiam
2549 4445 2599 4499 id
2628 4446 2770 4515 quod
2803 4445 2961 4498 decet
2992 4446 3047 4498 in
3079 4446 3269 4500 ordine
3293 4453 3592 4509 servasset,

354 4534 490 4606 πρὸς
528 4536 714 4607 χρείαν
761 4537 1253 4609 καταλειπομένων,
1289 4539 1382 4591 καὶ
1418 4538 1525 4592 τῶν
1556 4539 1633 4609 τῷ
1676 4538 1792 4609 Θεῷ
1825 4540 1926 4608 ἀφ-

2031 4551 2141 4597 tam
2172 4556 2360 4596 eorum
2406 4554 2527 4607 qua:
2556 4540 2835 4593 restabant
2863 4538 2929 4597 ad
2975 4552 3156 4601 usum,
3195 4553 3357 4606 quam
3403 4551 3593 4591 eorum

356 4628 685 4698 ιερωμένων.
733 4629 860 4681 Δέον
898 4631 1003 4700 γὰρ
1052 4631 1115 4683 ἐκ
1154 4630 1261 4682 τῶν
1305 4630 1533 4703 πρώτων
1577 4632 1928 4700 γεννημάτων

352 4718 428 4790 τῷ
457 4719 576 4791 θεῷ
607 4719 703 4790 τῆς
734 4721 920 4784 θυσίας
948 4720 1312 4792 ἀπάρξασθαι,
1341 4722 1501 4785 αὐτὸς
1532 4722 1641 4775 τῶν
1676 4722 1927 4792 τιμιωτέ-

357 4830 461 4879 ρων
492 4812 840 4883 ἐμφορηθεὶς,
867 4814 956 4866 τὸν
983 4813 1112 4867 Θεὸν
1140 4817 1251 4876 τοῖς
1287 4815 1558 4885 λειψάνοις
1590 4815 1922 4879 ἐδεξιώσατο.

352 4905 468 4974 Χρὴ
501 4903 678 4957 τοίνυν
722 4905 918 4957 εἰδέναι
958 4906 1056 4976 τῆς
1109 4906 1327 4978 ἀγάπης
1377 4907 1473 4977 τὴν
1518 4906 1688 4972 τάξιν,
1728 4907 1793 4977 ἢν
1822 4907 1923 4975 ὑφ-

351 4997 561 5063 ηγεῖται
613 4992 700 5046 διὰ
728 4992 820 5046 τοῦ
854 4994 1040 5063 νόμου,
1069 4994 1185 5057 πῶς
1225 4995 1321 5064 μὲν
1356 4994 1666 5062 ἀγαπᾶσθαι
1692 4994 1796 5064 χρὴ
1826 4994 1918 5045 τὸν

351 5086 499 5149 Θεὸν,
525 5086 641 5149 πῶς
671 5085 726 5138 δὲ
756 5086 846 5138 τὸν
890 5086 1134 5154 πλησίον,
1165 5088 1258 5139 καὶ
1290 5087 1389 5156 τὴν
1413 5091 1663 5153 γυναῖκα,
1704 5088 1794 5139 καὶ
1828 5086 1918 5139 τὸν

352 5177 790 5249 ἐχθρὸνμμήποτε
820 5178 1051 5240 ἄτακτός
1079 5196 1163 5242 τις
1186 5179 1277 5231 καὶ
1306 5178 1672 5248 ἐνηλλαγμένη
1700 5179 1918 5246 γένηται

349 5269 449 5337 τῆς
468 5271 684 5339 ἀγάπης
716 5272 749 5340 ἡ
784 5271 1185 5342 ἀποπλήρωσις.
1234 5272 1324 5323 Δεῖ
1359 5271 1466 5341 γὰρ
1503 5271 1630 5323 Θεὸν
1660 5271 1753 5340 μὲν
1786 5271 1921 5338 ἀγα-

352 5360 457 5429 πᾷν
483 5360 541 5423 ἐξ
566 5360 689 5430 ὅλης
715 5362 937 5432 καρδίας
954 5380 1013 5415 τε
1047 5362 1139 5415 καὶ
1160 5360 1354 5431 ψυχῆς,
1391 5362 1482 5413 καὶ
1507 5361 1804 5429 δυνάμεως,
1828 5362 1921 5413 καὶ

350 5450 668 5518 αἰσθήσεως·
690 5450 779 5503 τὸν
805 5452 861 5504 δὲ
882 5453 1125 5523 πλησίον,
1149 5453 1220 5515 ὡς
1242 5452 1451 5504 ἑαυτόν·
1473 5450 1569 5522 τὴν
1594 5451 1648 5503 δὲ
1666 5454 1917 5519 γυναῖκα,

350 5542 397 5594 εἰ
445 5540 541 5609 μὲν
591 5539 974 5612 καθαρωτέρας
1008 5544 1125 5595 ἐστὶ
1169 5542 1365 5612 ψυχῆς,
1396 5540 1469 5605 ὡς
1502 5544 1529 5593 6
1561 5541 1793 5611 Χριστὸς
1822 5541 1921 5598 τὴν

361 5628 683 5700 Ἐκκλησίαν
703 5647 715 5660 ·
754 5632 783 5683 6
818 5631 873 5683 δὲ
906 5632 1326 5703 ἐμπαθέστερος,
1358 5633 1431 5695 ὡς
1474 5632 1535 5684 τὸ
1572 5631 1698 5685 ίδιον
1726 5630 1916 5711 σῶμας

2024 4650 2145 4706 qua:
2184 4634 2291 4687 Deo
2324 4632 2809 4686 consecrabantur.
2847 4629 2983 4683 Cum
3031 4629 3174 4683 enim
3211 4635 3489 4697 oporteret
3521 4642 3587 4681 ex

2023 4727 2089 4780 iis
2127 4739 2247 4794 quae
2286 4723 2460 4789 primo
2492 4731 2615 4775 nata
2645 4728 2824 4785 erant,
2862 4720 2970 4775 Deo
3003 4720 3219 4775 divinas
3258 4718 3457 4774 offerre
3478 4719 3594 4789 pri-

2024 4816 2222 4877 mitias,
2259 4814 2373 4882 ipse
2401 4814 2643 4882 repletus
2682 4812 2749 4866 iis
2790 4826 2911 4880 quae
2953 4820 3110 4865 erant
3132 4811 3475 4881 pretiosiora,
3509 4825 3595 4865 re-

2022 4904 2208 4971 liquiis
2268 4901 2434 4955 Deum
2490 4901 2770 4969 excipiens
2811 4908 2895 4953 est
2960 4909 3307 4969 prosecutus.
3368 4899 3594 4969 Oportet

2024 5006 2152 5059 ergo
2194 4992 2335 5044 scire
2364 4988 2639 5044 .ordiuem
2688 4989 2973 5047 eharitatis
2998 5034 3012 5055 ,
3065 5008 3227 5061 quam
3277 5007 3378 5061 per
3418 4993 3592 5063 legem

2024 5082 2265 5149 exponit.
2312 5097 2506 5150 nempe
2533 5081 2994 5151 quemadmodum
3028 5083 3196 5138 Deum
3237 5092 3485 5153 Oporteat
3509 5086 3594 5139 di-

2026 5174 2212 5243 ligere,
2247 5180 2300 5227 et
2322 5189 2570 5237 uxorem,
2596 5181 2650 5228 et
2678 5174 2983 5239 inimicum,
3012 5192 3077 5231 ne
3114 5176 3251 5230 forte
3284 5178 3590 5229 inordinata

2025 5272 2078 5317 et
2107 5264 2324 5319 inversa
2370 5266 2461 5318 ﬁat
2495 5265 2780 5320 eharitatis
2816 5267 3149 5336 adimpletio.
3189 5266 3412 5336 Oportet
3443 5268 3587 5321 enim

2026 5352 2193 5409 Deum
2231 5354 2445 5424 quidem
2478 5357 2704 5427 diligere
2759 5374 2823 5412 cx
2864 5366 2976 5411 toto
3014 5359 3176 5412 corde
3212 5367 3265 5413 et
3315 5358 3496 5411 anima
3538 5366 3591 5411 et

2021 5447 2261 5516 potentia
2291 5455 2344 5501 et
2372 5464 2575 5503 sensu:
2622 5451 2929 5518 proximum
2976 5462 3153 5504 autem
3196 5460 3454 5521 tanquam
3499 5468 3589 5506 se-

2021 5538 2195 5606 ipsum
2224 5558 2235 5593 :
2270 5546 2323 5593 ct
2356 5556 2602 5604 uxorem,
2638 5543 2683 5595 si
2713 5544 2951 5612 purioris
2989 5543 3207 5614 quidem
3249 5553 3335 5599 est
3367 5545 3583 5608 animae,

2022 5632 2161 5685 sicut
2201 5632 2453 5688 Christus
2497 5632 2836 5703 Ecclesiam;
2892 5635 2974 5689 sin
3009 5644 3191 5691 autem
3256 5645 3341 5691 est
3390 5639 3587 5692 anima:

431 5804 845 5875 "Isaltxtnﬂ.
925 5810 1354 5877 “Siloan.tv,8.
1433 5810 1841 5877 “Psalmvuﬁ.
1922 5810 2344 5875 6°Gcncs.tv,'7.
