4110 6506
565 408 665 461 847
1830 401 1888 455 S.
1923 399 2188 457 GREGOB

2179 399 2247 456 ill
2283 399 2579 456 NYSSENI
3697 393 3802 451 848

567 521 727 592 paulo
765 519 938 588 magis
958 516 1208 573 obnoxiae
1236 513 1402 570 animi
1431 512 1955 586 perturbationibus,
1979 515 2124 570 sicut
2151 522 2190 578 Α

2182 537 2197 577 ι
2223 513 2367 568 οὕτω
2394 513 2503 586 γὰρ
2531 511 2741 566 κελεύει
2773 513 2802 566 6
2831 511 2940 565 τῶν
2977 507 3229 564 τοιούτων
3248 509 3537 581 διατάκτης
3565 508 3805 573 Παῦλος.

565 626 764 682 corpus
812 611 1114 679 proprium.
1149 606 1240 662 Sic
1275 609 1421 662 enim
1451 605 1603 675 jubet
1641 604 1735 676 qui
1758 604 1872 660 haec
1909 605 2127 659 ordinat

2226 607 2330 660 T6v
2351 605 2542 677 ἐχθρὸν
2561 605 2625 658 ’δὲ
2659 605 2717 658 ἐν
2739 602 2817 674 τῷ
2845 603 2919 673 μὴ
2947 602 3117 656 κακὸν
3141 601 3444 655 ἀντιδοῦναι
3467 601 3642 671 κακῷ,
3667 601 3810 656 ἀλλά

479 751 486 756 .
567 699 769 755 Paulus
793 700 860 751 ⁸³.
898 696 1182 751 Inimicum
1216 706 1419 762 autem,
1450 697 1504 750 in
1525 710 1591 751 eo
1610 693 1758 765 quod
1794 709 1902 748 non
1934 693 2098 749 redda

2225 696 2294 749 δι’
2315 693 2630 765 εὐεργεσίας
2652 693 2750 764 τὴν
2773 691 2982 746 ἀδικίαν
3003 689 3359 762 ἀμείψασθαι.
3385 689 3501 743 Νῦν
3522 691 3580 744 δὲ
3611 708 3815 759 συγκε-

455 825 460 830 -
565 806 687 845 mus
719 789 922 843 malum
957 801 1058 856 pro
1093 786 1258 849 malo,
1309 785 1403 840 sed
1442 799 1542 854 pro
1578 783 1779 853 injuria
1823 781 2078 838 referamt

2226 785 2468 857 χυμένην
2493 785 2639 838 ἔστιν
2670 783 2795 838 ίδεῖν
2819 783 2910 836 καὶ
2939 781 3172 836 ἄτακτον
3203 781 3295 835 ἐπὶ
3332 782 3441 834 τῶν
3470 781 3682 834 πολλῶν
3713 784 3815 852 τὴν

565 880 906 936 beneficium.
939 876 1098 932 Nunc
1126 887 1307 932 autem
1360 875 1489 930 licet
1536 875 1722 931 videre
1758 873 2044 930 confusam
2073 880 2130 930 et

2227 882 2466 952 ἀγάπην,
2500 879 2585 934 διὰ
2612 882 2708 950 τῆς
2736 878 3106 950 ἀκαταλλήλου
3137 878 3502 949 ἀναρμοστίας
3528 877 3817 946 πεπλανη-

563 971 930 1027 inordinatam
971 970 1028 1024 in
1083 968 1274 1024 multis
1321 967 1668 1032 charitatem,
1708 981 1804 1036 per
1840 981 1950 1020 non
1993 979 2129 1019 con-

2231 973 2407 1041 μένως
2456 969 2872 1042 ἐνεργουμένην.
2931 970 2993 1023 Οἳ
3043 971 3296 1040 χρήματα,
3347 969 3444 1039 μὲν
3501 970 3594 1022 καὶ
3641 968 3819 1039 τιμάς

561 1073 842 1134 gruentem
900 1061 1390 1116 inconcinnitatem
1448 1059 1682 1114 erratice
1757 1057 2125 1113 incedentem.

2227 1063 2321 1116 καὶ
2371 1062 2666 1130 γυναῖκας,
2711 1059 2778 1113 ἂν
2817 1059 3020 1129 τύχωσι
3077 1057 3406 1128 θερμότερον
3454 1059 3590 1128 πρὸς
3640 1059 3822 1121 αὐτὰς

560 1153 694 1208 Nam
713 1153 880 1223 aliqui
907 1152 1125 1223 quidem
1156 1151 1439 1222 pecunias,
1462 1159 1520 1204 et
1553 1150 1812 1213 honores,
1833 1156 1887 1204 et
1905 1163 2126 1214 uxores,

2227 1153 2576 1223 διακείμενοι,
2608 1150 2665 1217 ἐξ
2695 1151 2824 1220 ὅλης
2853 1149 3031 1219 ψυχῆς
3056 1151 3150 1204 καὶ
3187 1149 3468 1218 δυνάμεως
3497 1152 3821 1219 ἀγαπῶσιν,

559 1246 614 1299 in
654 1259 748 1300 eas
798 1244 940 1300 forte
971 1242 1255 1298 ardentius
1286 1240 1488 1307 affecti,
1521 1256 1589 1296 ex
1639 1247 1756 1295 tota
1799 1240 1978 1294 anima
2003 1239 2128 1294 dili-

2228 1243 2302 1306 ὡς
2329 1244 2422 1296 καὶ
2448 1244 2548 1314 τὴν
2577 1241 2720 1312 ζωὴν
2747 1240 2813 1294 ἂν
2850 1239 2990 1312 ὑπὲρ
3017 1239 3193 1294 αὐτῶν
3221 1240 3476 1311 ἐθελῆσαι
3513 1243 3786 1313 προέσθαι
3806 1258 3821 1272 ·

559 1345 695 1406 gunt
720 1343 775 1391 et
813 1335 947 1391 totis
974 1335 1208 1398 viribus,
1241 1342 1302 1388 ut
1323 1333 1488 1387 etiam
1512 1332 1749 1386 animam
1781 1346 1906 1402 pro-
1927 1330 2007 1386 eis
2041 1346 2132 1386 ve-

2227 1334 2362 1388 Θεὸν
2389 1334 2445 1387 δὲ
2475 1331 2726 1386 τοσοῦτον
2759 1332 2882 1385 ὅσον
2915 1331 3119 1384 δοκεῖν·
3163 1329 3239 1400 τῷ
3283 1331 3339 1384 δὲ
3388 1331 3615 1401 πλησίον
3660 1332 3822 1402 μόλις

562 1427 667 1480 lint
705 1424 1073 1496 profundere:
1115 1422 1225 1480 Deo
1267 1429 1534 1493 quantum
1585 1420 1837 1476 videtur:
1882 1422 2130 1492 proximo

2227 1423 2293 1480 ἀν
2325 1425 2684 1489 ἐπιδείξαιντο
2712 1423 2811 1496 τὴν
2838 1424 2949 1485 τοῖς
2993 1422 3207 1492 ἐχθροῖς
3257 1422 3639 1492 ἀφορισθεῖσαν
3674 1424 3825 1490 ἀγά-

564 1523 746 1572 autem
794 1516 888 1569 vix
924 1522 1130 1568 tantam
1169 1511 1462 1568 ostendant
1509 1511 1834 1567 charitatem
1860 1550 1877 1578 ,
1923 1519 2128 1580 quanta

2229 1532 2359 1585 πην.
2403 1515 2470 1566 Ἠ
2515 1513 2574 1566 δὲ
2619 1512 2754 1582 πρὸς
2806 1512 2933 1575 τοὺς
2991 1508 3279 1580 μισοῦντας
3329 1508 3513 1578 σχέσις
3563 1511 3701 1571 ἐστὶ,
3742 1509 3829 1578 τῷ

562 1609 792 1662 debetur
833 1605 1094 1660 inimicis.
1147 1604 1204 1658 In
1237 1620 1331 1660 eos
1370 1611 1552 1659 autem
1591 1603 1685 1673 qui
1745 1602 1873 1658 odio
1927 1602 2130 1658 habent

2232 1604 2433 1678 μείζονι
2473 1604 2626 1675 κακῷ
2659 1603 2787 1668 τοὺς
2831 1601 3304 1674 προλελυπηκότας
3347 1599 3669 1670 ἀμύνεσθαι.
3711 1601 3830 1652 Τά-

565 1700 683 1754 lnec
720 1708 804 1754 est
844 1696 1079 1760 affectio,
1113 1703 1173 1751 ut
1216 1696 1408 1766 majori
1449 1697 1594 1749 malo
1633 1694 1976 1749 ulciscantur
2003 1709 2127 1748 eum

2230 1699 2354 1764 ξατε
2379 1693 2492 1760 οὖν,
2524 1697 2706 1767 φησὶν,
2735 1697 2820 1748 ἐπ’
2851 1693 2952 1764 ἐμὲ
2989 1693 3087 1764 τὴν
3116 1692 3354 1762 ἀγάπην,
3381 1690 3521 1744 ὥστε
3555 1691 3673 1762 Θεῷ
3711 1690 3826 1760 μὲν

565 1792 658 1860 qui
688 1789 840 1860 prior
866 1787 1046 1844 ail‘ecit
1078 1787 1300 1857 injuria.
1341 1784 1603 1842 Ordinate
1653 1799 1785 1856 ergo
1815 1785 1872 1839 in
1907 1800 2013 1850 me,
2047 1785 2130 1839 in-

2229 1789 2535 1844 ἀνατιθέναι
2578 1789 2700 1841 ὅσον
2747 1786 3039 1856 ὀφείλεται,
3086 1785 3180 1837 ἐπὶ
3229 1783 3286 1836 δὲ
3334 1782 3442 1835 τῶν
3481 1782 3655 1838 ἄλλων
3687 1783 3832 1836 ἐκά-

565 1883 705 1953 quit.
739 1880 1081 1944 cbaritatem,
1118 1888 1179 1932 ut
1217 1878 1327 1934 Deo
1360 1887 1570 1933 tantum
1600 1878 1834 1932 tribuam
1865 1887 2129 1947 quantum
2162 1881 2188 1938 Ε

2233 1899 2379 1946 στου,
2410 1879 2505 1934 τοῦ
2535 1879 2901 1952 προσήκοντος
2939 1877 3134 1948 μέτρου
3168 1875 3240 1947 μὴ
3265 1876 3579 1946 ἀστοχῆσαι.
3617 1877 3687 1928 Ἢ
3727 1877 3831 1927 καὶ

565 1976 814 2038 debetur,
848 1973 905 2028 in
945 1986 1272 2041 unoquoque
1293 1979 1472 2026 autem
1500 1971 1756 2037 aliorum,
1785 1969 1855 2024 ab
1873 1986 1936 2026 ea
1967 1986 2131 2040 quam

2233 1972 2390 2026 τοῦτο
2437 1972 2599 2042 τυχὸν
2646 1971 2790 2023 ἐστιν
2855 1969 3148 2038 ὑπονοῆσαι
3213 1966 3301 2020 διά
3351 1966 3445 2020 τοῦ
3503 1965 3688 2036 λόγου,
3739 1967 3832 2019 ὃτι

565 2081 666 2137 par
697 2060 780 2121 est
807 2079 1065 2119 mensura
1096 2079 1207 2118 non
1251 2063 1518 2118 aberrem.
1564 2064 1648 2116 An
1703 2062 1846 2117 forte
1885 2077 1981 2131 per
2029 2062 2135 2116 hoc

2233 2062 2454 2133 Ἐπειδὴ
2485 2060 2831 2132 ἀγαπηθεϊσα
2863 2059 2991 2130 περὶ
3009 2056 3106 2128 τὴν
3133 2055 3374 2128 πρώτην,
3405 2055 3492 2110 διά
3515 2057 3612 2122 τῆς
3639 2073 3834 2127 παρα-

536 2183 550 2194 ·λ
567 2164 728 2218 etiam
755 2162 882 2216 licet
924 2159 1241 2230 intelligere,
1274 2158 1420 2228 quod
1459 2156 1726 2224 Quoniam
1778 2171 1900 2225 quae
1959 2157 2136 2226 primo

2235 2156 2367 2226 κοῆς
2395 2157 2453 2207 ἐν
2476 2157 2585 2218 τοῖς
2615 2153 2827 2224 ἐχθροῖς
2856 2150 3158 2219 ἐλογίσθην,
3196 2150 3309 2202 νυνὶ
3334 2149 3391 2202 δὲ
3421 2148 3582 2202 πάλιν
3611 2149 3693 2211 είς
3720 2147 3834 2217 τὴν

571 2254 778 2307 fueram
820 2250 1037 2314 dilecta,
1089 2263 1184 2317 per
1213 2245 1638 2301 inobedientiam
1691 2245 1833 2300 inter
1883 2245 2137 2302 inimicos

2237 2247 2405 2317 αὐτὴν
2433 2245 2730 2317 ἐπανῆλθον
2755 2244 2936 2315 χάριν,
2960 2242 3026 2295 δι’
3062 2241 3283 2311 ἀγάπης
3321 2239 3400 2311 τῷ
3435 2242 3655 2311 νυμφίῳ
3691 2257 3832 2292 συν-

569 2345 646 2398 fni
677 2353 924 2413 reputata
948 2380 964 2406 ,
1000 2355 1146 2398 nunc
1179 2338 1248 2393 ad
1295 2337 1542 2394 eamdem
1574 2352 1798 2394 reversa
1856 2353 1976 2394 sum
2010 2355 2137 2409 gra-

2239 2338 2604 2412 αρμοσθεῖσα·
2654 2337 2937 2409 κυρώσατέ
2997 2355 3122 2409 μοι,
3164 2336 3317 2406 φησὶ,
3349 2335 3408 2388 τὸ
3455 2336 3554 2405 τῆς
3599 2335 3833 2404 χάριτος

570 2438 725 2498 tiam,
765 2449 858 2504 per
885 2433 1207 2488 charitatem
1261 2444 1468 2498 sponso
1524 2428 1844 2497 conjuncta,
1888 2443 1951 2482 ea
1991 2443 2140 2484 nunc

2239 2432 2443 2504 ταύτης
2471 2431 2800 2501 τεταγμένον
2844 2429 2938 2483 καὶ
2985 2428 3559 2499 ἀμετάστατον,ὐμεῖς
3586 2429 3635 2480 oi
3678 2427 3836 2495 φίλοι

571 2527 726 2590 dicit,
759 2523 1090 2580 Conﬁrmate
1128 2522 1262 2576 mihi
1294 2520 1457 2590 hujus
1483 2519 1672 2590 gratiae
1699 2520 2054 2575 stabilitatem
2087 2531 2143 2576 et

2240 2523 2334 2577 τοῦ
2362 2523 2614 2593 νυμφίου,
2649 2521 2714 2575 δι’
2741 2521 3054 2590 ἐπιμελείας
3088 2521 3180 2574 καὶ
3229 2520 3498 2591 προσοχῆς
3527 2519 3606 2589 τῷ
3639 2519 3836 2588 παγίῳ

576 2619 1092 2679 immutabilitatem,
1115 2631 1214 2670 vos
1249 2614 1414 2668 amici
1447 2613 1657 2683 sponsi,
1690 2613 1874 2669 studio
1917 2621 1973 2668 et
2015 2613 2145 2668 dili-

2022 2613 2145 2668 dili-
2246 2615 2639 2689 aqupoiivré;
2668 2632 2754 2686 μοι
2785 2615 2884 2686 τὴν
2921 2614 3056 2686 πρὸς
3082 2613 3141 2667 τὸ
3169 2615 3414 2685 κρεῖττον
3442 2614 3645 2685 ῥοπήν.

575 2712 757 2782 gentia
794 2709 928 2764 mihi
962 2715 1352 2764 conservantes
1383 2709 1809 2777 propensionem
1833 2705 1902 2761 ad
1921 2704 1976 2759 id
1997 2704 2144 2777 quod

576 2815 661 2860 est
694 2802 909 2858 melius.

649 2895 775 2949 Haec
805 2904 984 2948 autem
1035 2906 1158 2948 cum
1197 2891 1444 2955 dixisset,
1497 2891 1699 2946 transit
1747 2903 1941 2945 rursus
1991 2888 2056 2943 ad
2093 2888 2148 2944 id

2316 2893 2499 2948 Ταῦτα
2528 2893 2583 2946 δὲ
2610 2893 2856 2955 εἰποῦσα,
2890 2894 3051 2948 πάλιν
3079 2894 3214 2966 πρὸς
3245 2895 3305 2948 τὸ
3337 2879 3666 2969 ὑψηλότερον
3703 2901 3841 2969 μέτ-

581 2987 727 3058 qnod
753 2994 834 3042 est
873 2984 1169 3041 sublimius
1197 3002 1211 3038 :
1261 2982 1447 3037 fulciri
1487 2982 1687 3052 quippe
1709 2989 1866 3052 rogat
1897 2996 2149 3052 unguen-

2249 3003 2383 3040 εισιο
2415 2985 2766 3058 στηριχθῆναι
2805 2985 2912 3057 γὰρ
2941 2986 3076 3059 πρὸς
3100 2989 3198 3059 τὴν
3226 2988 3332 3042 τῶν
3360 2989 3580 3058 ἀγαθῶν
3612 2991 3839 3062 βεϐαιό-

583 3080 656 3132 tis
683 3077 749 3130 ad
776 3076 1120 3131 obtinendam
1153 3074 1424 3128 bonorum
1455 3072 1787 3128 ﬁrmitatem.
1817 3070 2025 3126 Fulcite
2046 3088 2147 3137 me,

2249 3093 2387 3148 τητα
2429 3081 2540 3140 τοῖς
2592 3076 2780 3149 μύροις
2822 3075 2992 3149 ζητεῖ.
3040 3079 3363 3148 Στηρίξατέ
3388 3098 3495 3150 με,
3535 3084 3722 3153 φησὶν,
3763 3083 3842 3137 ἐν

584 3169 784 3237 inquit,
821 3166 1116 3236 unguentis.
1149 3164 1194 3218 0
1233 3163 1581 3219 admirabiles
1601 3165 1886 3220 columnas
1930 3171 1984 3218 et
2010 3178 2150 3218 nova
2179 3211 2207 3243 τ

2221 3224 2223 3232 ν
2249 3170 2479 3238 μύροις.
2511 3169 2574 3220 Ὢ
2595 3167 2909 3238 παραδόξων
2942 3170 3036 3222 καὶ
3071 3169 3272 3223 καινῶν
3297 3172 3637 3243 ἐρεισμάτων
3665 3175 3679 3227 ε
3710 3174 3844 3238 Πῶς

585 3258 796 3312 fulcra!
838 3255 1307 3322 Quemadmodum
1367 3254 1506 3309 ﬁunt
1554 3262 1832 3327 unguenta
1887 3254 2208 3309 columnaz‘

2221 3254 2225 3271 '
2254 3257 2323 3311 τά
2364 3257 2509 3329 μύρα
2547 3257 2725 3311 στύλοι
2748 3257 2838 3311 τοῦ
2868 3259 3014 3311 οἴκου
3047 3259 3283 3328 γίνονται
3309 3278 3322 3327 ;
3361 3264 3483 3328 Πῶς
3512 3267 3578 3336 τῇ
3610 3267 3844 3339 ei;qu

585 3348 825 3405 domus?
864 3345 1325 3417 quemadmodum
1363 3345 1681 3400 ﬁrmissima
1740 3345 1870 3399 tecti
1899 3353 2157 3398 constru-

2254 3348 2316 3401 τὸ
2345 3349 2539 3416 πάγιον
2573 3350 2671 3419 τῆς
2713 3350 2805 3403 τοῦ
2852 3349 3047 3421 ὀρόφου
3093 3355 3437 3426 κατασκευῆς
3473 3356 3794 3427 διερείδεται
3825 3376 3845 3425 ;

589 3441 699 3495 ctio
757 3438 950 3493 nititur
1009 3437 1146 3492 bene
1205 3435 1437 3506 spiranti
1493 3434 1704 3489 odore?
1758 3433 1954 3488 Annon
2000 3433 2159 3502 plane

2259 3440 2328 3492 Ἢ
2351 3439 2507 3509 δῆλον
2546 3440 2760 3503 πάντως
2801 3441 2970 3507 ἐστὶν,
3015 3442 3094 3496 ὅτι
3140 3443 3200 3496 τὸ
3240 3445 3348 3498 τῶν
3396 3447 3605 3518 ἀρετῶν
3649 3451 3846 3522 χρῆμα

591 3531 940 3603 perspicuum
983 3538 1088 3593 est,
1129 3526 1275 3597 quod
1327 3541 1450 3597 quae
1496 3525 1851 3580 multifariam
1884 3538 1914 3577 a
1972 3524 2159 3579 multis

2259 3530 2548 3595 πολυειδῶς
2579 3533 2634 3584 ἐν
2661 3533 2792 3604 ἡμῖν
2825 3533 3273 3606 κατορθούμενον,
3322 3538 3460 3593 κατὰ
3505 3539 3603 3605 τάς
3647 3543 3844 3612 διαφο-

591 3629 920 3676 exercentur
984 3620 1238 3685 virtutes,
1293 3634 1398 3688 pro
1453 3618 1715 3672 varietate
1777 3615 2158 3686 operationum

2263 3621 2362 3691 ράς
2395 3621 2504 3674 τῶν
2543 3623 2927 3694 ἐνεργημάτων
2971 3625 3063 3677 καὶ
3100 3625 3455 3697 ὀνομάξεται;
3500 3632 3692 3704 Ἀρετὴ
3730 3635 3847 3705 γάρ

591 3714 756 3768 etiam
780 3711 1180 3766 nominantur?
1213 3711 1388 3766 virtus
1418 3710 1562 3766 enim
1589 3716 1672 3764 est
1711 3721 1821 3762 non
1854 3707 2032 3763 solum
2064 3706 2162 3761 bo-

2262 3715 2408 3766 ἐστιν
2438 3714 2496 3766 ού
2531 3713 2687 3784 μόνον
2713 3715 2774 3768 τὸ
2812 3715 3028 3785 βλέπειν
3056 3717 3117 3770 τὸ
3149 3719 3372 3787 ἀγαθὸν,
3404 3723 3497 3776 κα)⁸
3523 3724 3584 3776 τὸ
3615 3726 3674 3777 ἐν
3715 3744 3849 3796 μετ-

595 3821 723 3859 ιιιιιιι
753 3804 974 3866 intueri,
1008 3810 1062 3856 et
1092 3817 1214 3858 esse
1257 3801 1575 3871 participem
1603 3800 1724 3869 ejus
1755 3797 1902 3870 quod
1931 3806 2014 3854 est
2044 3813 2163 3853 me-

2262 3803 2420 3873 ουσία
2463 3801 2555 3855 τοῦ
2600 3802 2900 3874 κρείττονος
2943 3805 3211 3873 γίνεσθαι,
3240 3807 3376 3862 ἀλλά
3431 3815 3524 3868 καὶ
3551 3815 3611 3868 τὸ
3637 3816 3853 3874 ἀμετα-

595 3897 722 3959 lius,
757 3894 852 3950 sed
891 3895 1052 3949 etiam
1088 3893 1582 3948 immutabilitatem
1627 3892 1682 3946 in
1735 3893 1878 3947 bono
1928 3905 2158 3946 conser-

2267 3914 2477 3953 πτωτον
2528 3898 2585 3952 ἐν
2618 3897 2696 3969 τῷ
2748 3898 2900 3971 καλῷ
2953 3895 3335 3960 διασώζεσθαι.
3381 3899 3440 3952 Ὀ
3483 3867 3848 3974 τοίνυίστη-

594 4003 742 4042 vare.
775 3986 878 4052 Qui
908 4000 1038 4056 ergo
1080 3985 1192 4039 vult
1228 3983 1413 4038 fulciri
1471 3983 1783 4056 unguentis,
1823 3983 2021 4053 quaerit
2055 3979 2165 4038 sibi

2269 3983 2513 4056 ριχθῆναι
2572 3981 2888 4052 βουλόμενος
2943 3986 3002 4038 ἐν
3053 3990 3167 4050 τοῖς
3227 3987 3448 4060 μύροις,
3499 3990 3562 4042 τὸ
3624 3990 3846 4061 βέϐαιον

596 4080 790 4134 adesse
822 4078 1135 4132 ﬁrmitatem
1174 4077 1230 4131 in
1281 4077 1600 4132 virtutibus.
1657 4075 1847 4131 Virtus
1879 4075 2024 4130 enim
2081 4080 2166 4128 est

2265 4079 2324 4131 ἐν
2371 4079 2488 4140 ταῖς
2533 4075 2751 4146 ἀρεταῖς
2800 4075 2948 4146 αὐτῷ
2993 4079 3388 4146 προσγενέσθαι
3432 4079 3599 4152 ζητεῖ.
3646 4085 3844 4157 Ἀρετὴ

597 4179 958 4242 unguentum,
997 4170 1253 4241 quoniam
1300 4177 1385 4225 est
1432 4169 1682 4238 sejuncta
1741 4167 1810 4224 ab
1838 4167 1988 4222 omni
2023 4175 2168 4222 tetro

2265 4168 2373 4237 γάρ
2411 4167 2471 4221 τὸ
2516 4167 2704 4236 μύρον,
2748 4167 2880 4220 διότι
2912 4165 3093 4238 πάσης
3129 4169 3392 4233 δυσωδίας
3432 4173 3846 4245 ἁμαρτημάτων

599 4263 769 4316 odore
795 4270 1166 4332 peccatorum.
1204 4261 1582 4315 Admirabitur
1615 4269 1792 4314 autem
1824 4259 1988 4314 etiam
2019 4259 2170 4327 quis-

2266 4257 2611 4329 κεχώρισται.
2645 4255 2951 4327 θαυμάσειε
2987 4256 3031 4309 δ’
3065 4256 3131 4310 ἄν
3166 4274 3250 4320 τις
3284 4260 3378 4311 καὶ
3429 4261 3492 4314 τὸ
3535 4262 3644 4315 τῶν
3690 4269 3846 4335 εξρηο

599 4353 744 4423 piam
785 4353 1235 4422 consequentiam
1294 4367 1483 4406 eorum
1539 4367 1661 4420 qua:
1713 4350 1857 4406 dicta
1898 4361 2042 4414 sunt,
2074 4365 2170 4420 per

2272 4348 2448 4420 μένων
2484 4347 2791 4408 ἀκόλουθον,
2834 4345 2920 4400 διά
2969 4345 3128 4400 τίνων
3179 4349 3554 4422 στοιϐασθῆναι
3580 4354 3670 4405 τὸν
3697 4352 3849 4409 οἶκε-ν

601 4459 849 4513 quamam
881 4445 1032 4513 cupit
1058 4443 1165 4498 sibi
1201 4442 1372 4498 sterni
1425 4442 1666 4497 domum.
1720 4442 1854 4495 Nam
1917 4443 2006 4498 hic
2060 4458 2168 4496 non

2272 4439 2548 4509 ἐπιθυμεῖ.
2583 4439 2657 4493 Ού
2691 4438 2871 4508 βάτοις
2901 4439 3012 4491 τισὶ
3057 4439 3150 4493 καὶ
3191 4441 3471 4507 ἀκάνθαις,
3515 4445 3606 4497 καὶ
3648 4447 3845 4516 χόρτῳ,

601 4532 753 4586 rubis
781 4539 835 4585 et
874 4531 1070 4600 spinis,
1105 4537 1159 4584 et
1187 4531 1471 4595 stramine,
1503 4537 1559 4585 et
1592 4529 1896 4594 arundine,
1932 4539 1987 4586 et
2021 4531 2165 4595 feno,
2198 4543 2224 4598 Ῑ

2224 4545 2243 4597 )
2271 4531 2365 4584 καὶ
2399 4530 2618 4601 καλάμῃ
2657 4529 2880 4600 (μᾶλλον
2915 4529 2974 4582 δὲ
3009 4529 3190 4594 καθώς
3229 4548 3391 4600 φησιν
3433 4535 3462 4586 6
3507 4534 3847 4602 Ἀπόστολος,

603 4623 804 4694 quibus
829 4630 1224 4677 construuntur
1255 4621 1453 4677 donius
1486 4623 1786 4677 materiatae
1812 4643 1824 4677 :
1858 4624 1951 4678 sed
1973 4623 2170 4681 domus

2269 4622 2329 4674 οὑ
2364 4620 2540 4688 ξύλοις
2583 4620 2677 4674 καὶ
2723 4620 2946 4694 καλάμῃ
2991 4621 3086 4674 καὶ
3137 4622 3358 4693 χόρτῳ),
3405 4619 3486 4687 οἷς
3535 4627 3582 4678 oi
3627 4627 3848 4692 ὑλώδεις

605 4713 911 4768 sternendas
971 4713 1199 4767 materia
1256 4723 1383 4767 sunt
1416 4727 1597 4781 poma.
1657 4712 1908 4781 Sternile,
1967 4715 2170 4785 inquit,

2270 4707 2408 4766 οἶκοι
2451 4710 2974 4775 κατασκευάζονται⁹
3008 4712 3144 4767 ἀλλὰ
3193 4713 3377 4784 στοιϐὴ
3414 4718 3512 4785 τῆς
3557 4717 3650 4770 τοῦ
3697 4719 3849 4772 οἴκου

603 4805 733 4858 mihi
765 4815 938 4856 larunt
993 4804 1048 4856 in
1085 4804 1263 4860 malis.
1316 4802 1382 4858 Ut
1431 4805 1504 4860 sit
1542 4805 1767 4859 omnino
1811 4806 1858 4861 ei
1910 4805 2000 4860 hic
2053 4805 2171 4860 fru-

2273 4803 2470 4874 στέγης
2500 4802 2569 4855 τά
2600 4803 2742 4872 μῆλα
2770 4804 2996 4870 γίνεται.
3038 4804 3201 4872 Λέγει
3226 4804 3353 4876 γὰρ,
3387 4807 3752 4863 Στοιϐάσατέ
3772 4827 3849 4879 με

605 4906 750 4959 ctus,
775 4895 1148 4966 pulchritudo,
1183 4906 1542 4966 unguentum,
1574 4897 1828 4962 dulcedo,
1870 4899 2173 4954 nutrimen-

2271 4897 2342 4950 ἐν
2354 4895 2591 4965 μήλοιςσ
2611 4895 2696 4947 ἵνα
2717 4894 2935 4967 γένηται
2960 4897 3136 4950 πάντα
3162 4899 3219 4949 ἐν
3241 4900 3407 4951 πᾶσιν
3424 4900 3559 4971 αὐτῇ
3579 4902 3606 4952 6
3637 4905 3851 4975 καρπὸς

606 4996 746 5051 tum,
778 5003 874 5056 per
902 4986 1151 5040 umbram
1184 4985 1547 5057 refrigeratio,
1580 4989 1738 5044 sedes
1783 4990 1838 5043 in
1877 5004 1985 5059 qua
2017 4991 2174 5060 quie-

2274 4981 2446 5049 οὗτος,
2480 4983 2540 5037 τὸ
2565 4984 2780 5050 κάλλος,
2814 4987 2875 5038 τὸ
2907 4985 3096 5057 μύρον,
3129 4988 3158 5039 ὁ
3177 4987 3505 5058 γλυκασμδς,
3537 4991 3788 5062 ἠτροφὴ,
3817 4994 3851 5064 ἡ

609 5077 824 5141 scitur;
857 5075 1133 5141 columna,
1169 5092 1291 5147 quae
1314 5077 1561 5132 stabilit:
1597 5087 1800 5134 tectum
1830 5078 1976 5150 quod
2019 5080 2172 5149 tegit.

2274 5078 2361 5133 διά
2381 5078 2479 5145 τῆς
2502 5078 2659 5142 σκιᾶς
2677 5077 2958 5146 ἀνάψυξις,
2976 5080 3004 5130 6
3021 5079 3315 5132 ἀναπαύων
3340 5079 3546 5151 θρόνος,
3568 5083 3595 5134 6
3619 5082 3851 5152 βεϐαιῶν

611 5167 743 5222 Nam
774 5179 829 5220 ut
858 5166 1208 5235 pulchritudo
1246 5167 1464 5236 quidem
1505 5170 1746 5222 cernitur
1785 5184 1911 5223 cum
1959 5169 2177 5225 deside-

2279 5169 2497 5235 στύλος,
2524 5171 2552 5222 6
2583 5167 2966 5233 ἐπισκεπάζων
2986 5169 3200 5241 ὄροφος.
3243 5171 3332 5235 Ὦς
3357 5171 3548 5236 κάλλος
3573 5173 3680 5244 γὰρ
3717 5173 3855 5244 μετά

610 5257 712 5314 rio.
735 5263 794 5308 ut
823 5265 1158 5324 unguentum
1187 5255 1422 5310 delectat
1446 5257 1752 5321 odoratum,
1786 5267 1842 5312 ut
1873 5259 2178 5313 nutrimen-

2279 5258 2570 5330 ἐπιθυμίας
2593 5258 2804 5328 ὁρᾶται,
2833 5257 2908 5321 ὡς
2938 5257 3106 5329 μύρον
3134 5258 3314 5330 ἡδύνει
3343 5260 3438 5332 τὴν
3473 5261 3760 5333 ὄσφρησιν,
3783 5262 3856 5326 ὼς

611 5357 725 5400 tum
753 5344 1089 5416 pingnefacit
1111 5359 1332 5415 corpus,
1361 5355 1414 5401 et
1443 5347 1732 5401 dulcedine
1755 5346 1918 5401 allicit
1939 5357 2179 5418 gustum,

2280 5350 2453 5424 τροφὴ
2497 5350 2698 5403 πιαίνει
2743 5349 2804 5401 τὸ
2856 5349 3015 5419 σῶμα
3054 5351 3150 5403 καὶ
3197 5350 3473 5419 γλυκαίνει
3513 5353 3612 5424 τὴν
3646 5353 3854 5421 γεῦσιν,

612 5447 674 5490 ιιι
703 5436 896 5491 umbra
939 5435 1225 5506 refrigerat
1263 5445 1456 5491 aestum
1485 5454 1499 5491 :
1542 5445 1601 5490 ut
1636 5435 1794 5492 sedes
1848 5447 2062 5491 recreat
2096 5437 2178 5490 la-

2283 5441 2360 5505 ὡς
2401 5440 2529 5495 σκιά
2581 5439 2880 5510 καταψύχει
2927 5441 3018 5494 τὸν
3058 5440 3346 5508 καύσωνα,
3390 5443 3465 5507 ὼς
3496 5443 3686 5515 θρόνος
3725 5447 3856 5498 ἀνα-

614 5534 839 5580 tmrem:
874 5537 932 5580 ut
965 5526 1158 5583 donius
1189 5535 1393 5582 tectum
1421 5565 1438 5592 ,
1476 5527 1745 5597 inquilino
1779 5528 2179 5596 Operimentum

2288 5531 2450 5586 παύει
2481 5531 2570 5584 τὸν
2604 5530 2769 5584 κόπον
2791 5545 2804 5559 ·
2843 5529 2918 5594 ὡς
2961 5531 3125 5602 στέγη
3157 5531 3250 5585 τοῦ
3277 5534 3445 5597 οἷκου,
3472 5534 3647 5605 σκέπη
3677 5534 3755 5606 τῷ
3779 5537 3861 5587 ἐν-

616 5617 965 5687 εμρρειιῑιιιῑι
999 5628 1060 5673 ιιι
1106 5619 1359 5676 columna
1394 5618 1595 5690 praebet
1639 5620 2177 5676 immutanilitatem:

2288 5623 2522 5679 οικοῦντι
2547 5622 2783 5692 γίνεται·
2809 5621 2886 5687 ὡς
2909 5622 3098 5688 στύλος
3125 5623 3352 5696 παρέχει
3372 5627 3432 5680 τὸ
3451 5627 3856 5698 ἀμετάπτωτον·

688 5795 728 5828 ⁶¹
757 5797 956 5867 Ephcs.
978 5813 1028 5860 ν,
1047 5797 1138 5851 25.
