4110 6478
325 476 433 538 849

327 700 407 747 τις
456 684 758 753 ἐπινοήσειε
806 683 1289 755 περικαλλέστερον
1322 684 1498 756 θέαμα
1532 679 1720 751 μήλων
1765 702 1892 738 συν-

326 772 547 835 θέσεως.
582 773 709 825 ὅταν
748 771 1047 835 εύόιάθετος
1089 773 1122 842 ἡ
1169 770 1357 843 ὀπώρα
1390 772 1530 824 κατά
1572 775 1632 825 τὸ
1674 774 1894 842 συνεχὲς

327 864 412 930 ἐφ’
443 861 632 915 ὑπτίου
670 861 810 925 τινὸς
843 861 977 932 πρὸς
1009 860 1176 932 αὐτὴν
1203 860 1452 931 ἡνωμένη
1485 861 1627 915 κατά
1650 860 1747 934 τὴν
1774 862 1894 931 ὄψιν

327 954 693 1018 ποικίλλεται,
743 952 836 1006 τοῦ
897 952 1239 1023 ἐρυθήματος
1292 954 1389 1023 τῆς
1442 954 1661 1027 ὀπώρας
1723 971 1894 1008 κατα-

331 1045 655 1116 μιγνυμένου
683 1044 815 1111 πρὸς
838 1043 897 1096 τὸ
928 1043 1244 1098 ὑπόλευκον.
1268 1043 1331 1097 Εἰ
1356 1045 1531 1098 τοίνυν
1557 1045 1779 1100 δυνατὸν
1804 1040 1893 1115 ἦν,

326 1135 389 1201 ἐξ
416 1134 669 1189 ἐπιπέδου
700 1132 808 1187 τῶν
853 1133 1035 1204 μήλων
1080 1132 1224 1187 θέσιν
1272 1132 1477 1187 ἀνωθεν
1522 1134 1896 1205 ἐπαιωρουμέ-

325 1242 425 1297 νην
467 1224 730 1296 ὁρᾶσθαι,
773 1224 825 1276 τί
862 1223 927 1278 ἂν
964 1224 1063 1293 τῆς
1096 1223 1350 1293 τοιαύτης
1390 1223 1563 1293 ὅψεως
1602 1220 1670 1294 ἦν
1699 1224 1897 1294 γλαφυ-

330 1315 603 1388 ρώτερονς
633 1315 808 1387 Ὅπερ
839 1314 929 1367 ἐπὶ
968 1314 1067 1385 τῆς
1105 1312 1307 1384 νοητῶν
1347 1312 1564 1381 ἀγαθῶν
1607 1312 1899 1384 ἐπιθυμίας

328 1406 475 1460 ἐστὶν
502 1405 602 1457 οὐκ
629 1403 904 1458 ἀδύνατον.
944 1402 1018 1455 Ού
1058 1402 1164 1474 γὰρ
1198 1401 1333 1471 βαρὺ
1373 1403 1473 1472 τῆς
1514 1400 1733 1472 ὀπώρας
1755 1402 1898 1456 ἐκεί-

328 1512 426 1565 νης
455 1492 517 1546 τὸ
550 1487 705 1555 εἶδος,
743 1492 861 1545 ούδέ
898 1493 978 1556 είς
1006 1492 1107 1561 γῆν
1152 1490 1332 1561 βρίθον
1369 1492 1461 1544 καὶ
1486 1488 1897 1562 καθελκόμενον,

329 1582 462 1637 ἀλλά
492 1583 628 1652 πρὸς
664 1581 724 1634 τὸ
756 1580 887 1650 ὕψος
914 1582 1013 1651 τὴν
1045 1580 1215 1652 ῥοπήν
1243 1582 1308 1633 ὲκ
1338 1579 1550 1650 φύσεως
1577 1580 1709 1651 ἕχει.
1749 1582 1901 1635 Ἀνα-

1334 478 1397 537 IN
1435 478 2031 538 CANTICA.CANTIC.
2070 477 2352 533 HUMILIA
2391 476 2475 531 IV.

322 592 400 656 ὼς
431 589 671 661 ἐμφανὲς
706 590 870 662 μῆλον
904 591 1128 663 ώραϊζει
1175 592 1265 647 τόν
1311 593 1522 664 ὄροφον.
1569 595 1635 647 Τί
1672 593 1780 665 γάρ
1829 587 1890 645 ἄν

2002 596 2054 642 ιιι
2090 589 2289 642 malum
2320 586 2543 642 evidens
2574 585 2795 641 decorat
2830 592 3052 639 tectum.
3088 583 3373 651 Quodnam
3407 588 3553 642 enim
3648 600 3659 611 ‘

3451 472 3556 530 850

1996 688 2173 750 potest
2235 678 2537 748 excogitari
2591 676 2873 747 pulchrius
2923 678 3339 746 spectaculum,
3388 694 3551 747 quam

1994 772 2259 825 malorum
2289 769 2635 838 compositio,
2676 769 2893 838 quando
2924 769 3061 823 bene
3107 768 3408 839 dispositus
3440 770 3554 823 fru-

1994 872 2115 917 ctus
2146 862 2491 917 continenter
2522 861 2577 915 in
2611 861 2796 930 aliquo
2826 861 2947 913 loco
2985 861 3148 929 plano
3195 869 3249 915 et
3302 861 3556 929 mquabili

1995 954 2098 1010 sibi
2139 952 2347 1015 unitus,
2400 962 2627 1007 externa
2673 950 2855 1021 specie
2901 951 3162 1014 variatur,
3212 950 3408 1004 rubore
3441 949 3555 1002 l'ru-

1996 1053 2118 1100 ctus
2150 1045 2392 1098 admixto
2422 1043 2639 1098 cuidam
2671 1042 2919 1097 candori.
2968 1041 3024 1096 Si
3056 1057 3184 1111 ergo
3225 1042 3342 1096 ﬁeri
3377 1048 3561 1110 posset

1996 1146 2057 1192 ut
2080 1138 2133 1191 in
2158 1137 2447 1207 superﬁcie
2462 1136 2723 1190 collocata
2744 1135 3005 1189 malorum
3030 1134 3271 1203 positura
3288 1134 3560 1189 videretur

1996 1228 2232 1297 desuper
2264 1227 2319 1280 iu
2351 1227 2519 1280 altum
2558 1227 2794 1284 sublata.
2829 1226 2960 1291 quid
2988 1225 3093 1279 hoc
3132 1232 3354 1293 aspectu
3390 1224 3561 1278 videri

1999 1327 2185 1388 posset
2216 1317 2554 1387 elegantius}!
2575 1316 2730 1381 Quod
2763 1315 2980 1385 quidem
3014 1330 3122 1368 non
3150 1323 3233 1369 est
3266 1312 3559 1383 ejusmodi,

2000 1418 2059 1463 ut
2088 1408 2206 1462 tieri
2232 1422 2341 1461 non
2374 1408 2548 1476 possit
2596 1407 2649 1459 in
2686 1406 2961 1461 desiderio
3006 1406 3273 1461 bonorum
3313 1420 3434 1474 qua:
3467 1419 3560 1457 ca-

1998 1499 2135 1553 dunt
2156 1497 2260 1553 sub
2289 1496 2723 1567 intelligentiam.
2752 1495 2936 1567 Neque
2966 1498 3110 1552 enim
3138 1503 3221 1551 est
3238 1510 3400 1566 grave
3431 1492 3561 1547 illud

1997 1605 2169 1661 genus
2213 1589 2458 1653 fructus,
2506 1604 2682 1657 neque
2736 1589 2792 1642 in
2856 1596 3056 1644 terram
3112 1603 3342 1658 vergens
3372 1603 3435 1642 ac
3469 1588 3563 1641 de-

328 1672 470 1741 φυὴς
495 1672 602 1742 γὰρ
629 1672 661 1742 ή
685 1669 872 1742 ἀρετὴ,
917 1670 1010 1722 καὶ
1048 1669 1180 1739 πρὸς
1214 1668 1276 1721 τὸ
1318 1668 1432 1722 ἄνω
1464 1667 1666 1739 βλέπει.
1708 1668 1797 1723 Διὸ
1823 1668 1900 1741 τῷ

2002 1694 2274 1749 pressum,
2325 1676 2422 1732 sed
2452 1684 2646 1745 suapte
2678 1684 2874 1729 natura
2906 1690 3125 1731 sursum
3157 1674 3365 1729 fertur:
3401 1674 3563 1743 erigit

327 1764 514 1818 κάλλει
564 1763 672 1816 τῶν
716 1761 967 1816 τοιούτων
1003 1761 1188 1832 μήλων
1237 1760 1491 1831 ἐπιθυμεῖ
1526 1760 1772 1831 ήνύμφη
1810 1761 1900 1816 τὸν

2002 1770 2147 1824 enim
2177 1783 2297 1825 sese
2321 1769 2519 1833 virtus,
2554 1776 2608 1823 et
2644 1769 2698 1822 iu
2743 1768 2911 1821 altum
2941 1766 3157 1836 aspicit.
3188 1765 3555 1830 Quamobrem

328 1855 525 1926 ὄροφον
575 1854 669 1907 τοῦ
716 1852 842 1906 ἰδίου
889 1853 1037 1906 οἴκου
1085 1853 1487 1924 ἐνωραῒζεσθαι.
1539 1851 1611 1904 Ού
1660 1851 1765 1923 γάρ
1810 1868 1900 1921 μοι

2002 1860 2196 1915 horum
2258 1859 2526 1913 malorum
2586 1857 2997 1929 pulchritudine
3050 1856 3325 1912 desiderat
3364 1871 3565 1925 sponsa

332 1947 489 2001 τοῦτο
533 1946 677 2000 δοκεί
723 1946 860 1998 κατά
893 1945 954 1998 τὸ
996 1945 1400 2017 προηγούμενον
1442 1944 1522 2016 τῷ
1554 1944 1695 2014 λόγῳ
1738 1961 1901 1997 σπου-

2002 1966 2112 2006 sua:
2139 1950 2335 2005 domus
2386 1960 2584 2005 tectum
2619 1949 2890 2004 decorari.
2924 1947 3042 2002 Non
3075 1948 3217 2003 enim
3252 1948 3384 2000 mihi
3419 1948 3567 2000 vide~

329 2038 605 2102 δάζεσθαι,
637 2038 711 2101 ὡς
744 2036 984 2107 ἐμφανές
1033 2055 1087 2089 τι
1123 2036 1305 2107 θέαμα
1341 2036 1427 2090 διὰ
1451 2036 1549 2107 τῆς
1575 2036 1682 2089 τῶν
1712 2036 1898 2107 μήλων

334 2128 632 2191 συνθέσεως
683 2129 775 2181 ἐπὶ
825 2129 923 2199 τῆς
964 2128 1178 2199 στοιϐῆς
1226 2128 1473 2199 ὁρᾶσθαι.
1520 2127 1616 2191 Τίς
1667 2127 1774 2195 γὰρ
1831 2126 1898 2181 ἂν

329 2220 540 2290 γένοιτο
580 2220 666 2274 διὰ
698 2219 901 2274 τούτων
948 2219 1083 2290 πρὸς
1133 2218 1331 2291 ἀρετὴν
1382 2219 1592 2290 ὀδηγία,
1632 2220 1681 2272 εί
1720 2220 1794 2291 μή
1846 2236 1900 2272 τι

328 2310 508 2383 νόημα
534 2312 640 2365 τῶν
670 2310 1016 2381 ὠφελούντων
1042 2312 1190 2382 ἡμᾶς
1222 2311 1307 2382 εἴη
1341 2312 1451 2375 τοῖς
1480 2311 1784 2383 εἰρημένοις
1815 2312 1901 2364 ἐν-

326 2404 700 2478 θεωρούμενον
730 2422 747 2473 ;

397 2582 464 2636 Τί
492 2576 583 2635 οὖν
613 2582 760 2635 ἐστιν
800 2580 829 2634 δ
865 2579 1190 2651 είκάζομεν;
1237 2579 1295 2631 ’0
1332 2578 1391 2631 ἐν
1425 2576 1503 2647 τῷ
1535 2575 1773 2648 δρυμῶνι
1802 2578 1901 2649 τῆς

326 2672 541 2742 φύσεως
574 2670 733 2743 ήμῶν
777 2669 880 2723 ὑπὸ
920 2668 1325 2740 φιλανθρωπίας
1361 2667 1787 2738 ἀναϐλαστήσας,
1815 2666 1903 2720 διά

326 2764 421 2818 τοῦ
478 2765 764 2834 μετασχεῖν
813 2762 1011 2833 σαρκός
1049 2779 1107 2815 τε
1156 2762 1248 2813 καὶ
1298 2761 1543 2831 αἵματος,
1581 2757 1749 2829 μῆλον
1780 2757 1902 2827 ἐγέ-

328 2871 468 2907 νετο.
501 2853 643 2923 Πρὸς
695 2851 951 2923 ἑκάτερον
994 2850 1101 2922 γὰρ
1146 2850 1347 2903 τούτων
1392 2848 1537 2902 ἐστιν
1578 2850 1701 2902 ίδείν
1746 2849 1804 2901 ἐν
1834 2849 1900 2919 τῇ

327 2938 519 3010 ὀπώρᾳ
550 2938 717 3010 ταύτῃ
750 2938 839 2991 διὰ
864 2939 963 3008 τῆς
990 2939 1177 3009 χροιᾶς
1230 2936 1326 3008 τὴν
1368 2938 1642 3008 ὁμοίωσιν.
1688 2937 1778 3008 Τῷ
1806 2938 1903 3008 μέν

327 3031 436 3100 γὰρ
469 3031 943 3100 ύπερλευκαίνοντι
986 3032 1228 3100 μιμεῖται
1276 3029 1373 3101 τὴν
1414 3030 1512 3101 τῆς
1542 3029 1737 3099 σαρκὸς
1782 3028 1905 3081 ἰδιό-

327 3138 489 3193 τητα,
521 3122 582 3175 τὸ
606 3122 661 3175 δὲ
694 3122 1170 3192 ἐπικεχρωσμένον
1191 3120 1437 3192 ἐρύθημα
1467 3120 1738 3189 συγγενῶς
1762 3118 1904 3189 ἒχειν

330 3210 468 3283 πρὸς
497 3212 593 3283 τὴν
628 3210 721 3264 τοῦ
755 3211 983 3282 αἵματος
1011 3210 1169 3281 φύσιν
1197 3211 1280 3264 διὰ
1307 3210 1401 3263 τοῦ
1431 3210 1602 3273 εἴδους
1636 3209 1906 3281 μαρτύρε-

1998 2049 2088 2096 tur
2106 2040 2412 2112 principale
2436 2040 2589 2096 verbi
2632 2040 2734 2093 hoc
2752 2054 2875 2094 esse
2900 2038 3140 2094 studium
3162 2046 3215 2093 et
3230 2039 3565 2101 institutum,

2001 2140 2060 2187 ut
2087 2132 2309 2203 aliquod
2346 2132 2495 2187 humi
2553 2139 2783 2186 stratum
2818 2129 3141 2185 ostendatur
3195 2130 3566 2198 spectaculum

1997 2239 2097 2295 per
2142 2225 2413 2278 malorum
2463 2222 2935 2291 compositionem.
2976 2220 3233 2286 Quaenam
3292 2220 3435 2274 enim
3473 2234 3568 2288 per

1999 2315 2117 2370 haec
2147 2322 2294 2371 esset
2319 2319 2461 2370 ratio
2497 2310 2733 2368 ducendi
2785 2313 2851 2367 ad
2904 2313 3201 2376 virtutem,
3248 2312 3352 2366 nisi
3388 2311 3569 2379 aliqua

1997 2405 2160 2462 nobis
2186 2405 2476 2461 utilitatem
2505 2403 2739 2460 aﬂ‘erens
2775 2404 3140 2476 intelligentia
3184 2402 3569 2459 considerare-

1999 2502 2089 2549 tur
2116 2495 2171 2549 in
2203 2496 2271 2550 iis
2297 2509 2421 2567 quae
2456 2493 2611 2548 dicta
2641 2493 2816 2549 sunt?
2918 2508 2919 2515 ‘

2070 2584 2212 2651 Quid
2228 2593 2313 2641 est
2339 2600 2467 2653 ergo
2484 2583 2629 2654 quod
2652 2582 3013 2653 conjicimus?
3032 2579 3136 2647 Qui
3166 2581 3219 2635 in
3244 2588 3448 2637 nostrae
3476 2597 3573 2635 na-

2000 2684 2135 2731 turae
2194 2674 2330 2730 silva
2378 2674 2707 2745 germinavit
2761 2682 2984 2743 propter
3020 2686 3177 2727 suam
3208 2670 3267 2725 in
3318 2670 3573 2725 homines

2001 2765 2460 2827 benevolentiam,
2496 2780 2563 2819 ex
2593 2778 2659 2819 eo
2688 2762 2836 2833 quod
2864 2760 2968 2816 fuit
2992 2762 3266 2831 particeps
3300 2760 3487 2815 carnis
3519 2769 3574 2815 et

2001 2857 2308 2929 sanguinis,
2343 2856 2521 2911 factus
2571 2864 2655 2912 est
2684 2855 2908 2909 malum.
2965 2853 3048 2908 Ad
3097 2860 3389 2922 utrumque
3427 2851 3573 2906 enim

2002 2964 2196 3004 eorum
2224 2948 2352 3001 licet
2398 2947 2584 3001 videre
2623 2946 2675 2999 in
2713 2944 2816 2998 hoc
2846 2943 3030 2998 fructu
3066 2958 3164 3013 per
3200 2942 3449 2997 colorum
3484 2955 3576 2995 as-

2004 3040 2414 3096 similationem.
2470 3036 2605 3091 Nam
2635 3037 2876 3107 quodam
2914 3035 3133 3106 quidem
3181 3033 3422 3089 candore
3457 3033 3578 3088 imi-

2003 3140 2154 3186 tatur
2181 3130 2365 3186 carnis
2416 3130 2807 3201 proprietatem
2839 3148 2852 3183 :
2887 3129 2938 3184 ei
2974 3138 3153 3183 autem
3194 3127 3367 3181 illitus
3406 3126 3575 3181 rubor

2005 3237 2100 3291 per
2147 3236 2304 3277 suam
2345 3227 2576 3276 testatur
2621 3219 2860 3289 speciem
2913 3234 2974 3274 se
3022 3217 3315 3287 quamdam
3372 3215 3578 3270 habere

329 3319 438 3356 ται.
468 3302 635 3355 Ὅταν
663 3299 839 3353 τοίνυν
863 3302 894 3373 ή
926 3300 1241 3371 ἐντρυφῶσα
1263 3303 1373 3362 τοῖς
1406 3299 1567 3362 θείοις
1597 3299 1739 3369 ψυχὴ
1762 3298 1903 3353 κατὰ

2007 3313 2384 3384 cognationem
2411 3327 2534 3366 cum
2566 3320 2764 3365 natura
2796 3309 3103 3379 sanguinis.
3134 3306 3290 3373 Quod
3321 3322 3451 3376 ergo
3484 3320 3577 3360 re-

329 3396 429 3467 τὴν
463 3395 657 3465 στέγην
688 3392 890 3463 ταύτην
923 3391 1137 3461 βλέπειν
1163 3391 1494 3462 ἐπιθυμήσῃ,
1523 3389 1678 3443 τοῦτο
1707 3388 1784 3459 τῷ
1816 3390 1904 3441 αξ-

330 3486 556 3557 νίγματι
608 3483 992 3555 παιδευόμεθα.
1033 3483 1124 3536 Ἐκ
1156 3482 1265 3553 γὰρ
1306 3482 1399 3534 τοῦ
1449 3481 1561 3535 ἄνω
1611 3479 1905 3551 βλέποντας

330 3576 479 3647 ἡμᾶς
505 3575 791 3647 προσέχειν
823 3576 934 3637 τοῖς
974 3574 1181 3649 μήλοις,
1226 3573 1361 3644 πρὸς
1386 3571 1630 3644 οὐράνιόν
1660 3573 1773 3624 ἐστι
1806 3587 1905 3623 πο-

333 3666 533 3721 λιτείαν
560 3666 862 3738 ὀδηγεῖσθαι
898 3665 984 3719 διὰ
1005 3665 1112 3718 τῶν
1149 3663 1514 3734 εύαγγελικῶν
1541 3662 1903 3731 διδαγμάτων.

333 3760 513 3831 Ἀπερ
560 3761 587 3812 6
636 3760 837 3814 ἀνωθεν
878 3759 1183 3829 ἐρχόμενος,
1231 3758 1325 3810 καὶ
1363 3757 1543 3809 ἐπάνω
1583 3756 1796 3808 πάντων
1831 3754 1906 3806 ῶν

335 3850 609 3916 ὑπέδειξεν
643 3852 771 3921 ἡμῖν
804 3849 890 3903 διά
937 3850 1034 3919 τῆς
1073 3850 1129 3902 ἐν
1166 3849 1326 3917 σαρκὶ
1370 3844 1744 3918 φανερώσεως,
1776 3845 1908 3898 πάν-

334 3942 444 3996 τῶν
499 3940 609 3993 τῶν
665 3938 884 4008 ἀγαθῶν
934 3937 1342 4007 πολιτευμάτων
1397 3939 1454 3989 ἐν
1511 3935 1682 4006 ἐαυτῷ
1732 3935 1907 3999 δείξας

334 4033 403 4086 τά
476 4029 881 4099 ὑποδείγματα,
948 4026 1129 4089 καθώς
1207 4043 1368 4097 φησιν
1430 4027 1458 4079 6
1534 4024 1764 4096 Κύριος,
1826 4027 1907 4077 ὅτι

334 4124 562 4178 Μάθετε
593 4122 694 4176 ἀπ’
718 4121 886 4190 ἐμοῦ,
916 4119 1005 4173 ὅτι
1035 4119 1223 4187 πρᾶός
1255 4120 1370 4185 εἰμι
1402 4116 1499 4170 καὶ
1527 4114 1801 4180 ταπεινὸς
1837 4113 1906 4185 τῇ

335 4215 566 4286 καρδίᾳ.
596 4215 668 4267 Τὸ
694 4213 749 4266 δέ
763 4212 892 4266 αὐτὸ
912 4211 1067 4265 τοῦτο
1092 4213 1184 4264 καὶ
1203 4212 1231 4264 6
1254 4208 1590 4274 Ἀπόστολος,
1607 4208 1708 4278 τὴν
1728 4224 1864 4261 ταπε
1874 4226 1910 4261 ι-

335 4304 667 4378 νοφροσύνην
696 4306 823 4375 ἡμῖν
863 4301 1232 4372 ὑφηγούμενος
1250 4340 1265 4364 ,
1295 4299 1470 4368 λέγει’
1502 4298 1770 4352 Avrazdr
1798 4296 1908 4366 γὰρ

335 4399 409 4452 δι’
426 4398 563 4462 ἐνὸς
600 4394 966 4462 θεωρήματος
994 4391 1198 4447 πᾶσαν
1226 4391 1341 4459 τὴν
1373 4390 1661 4457 ἀλήθειαν
1689 4389 1908 4444 πιστώ-

334 4490 559 4543 σασθαι
587 4485 666 4550 τῷ
693 4488 871 4554 λόγῳ.
911 4486 1051 4557 Πρὸς
1074 4486 1182 4555 γὰρ
1206 4485 1330 4546 τοὺς
1354 4483 1424 4535 τά
1454 4484 1563 4537 ἄνω
1592 4481 1905 4552 βλέποντας,

340 4577 519 4634 Τοῦτο
556 4576 905 4646 φρονεισθω,
940 4576 1122 4647 φησὶν,
1145 4574 1214 4627 ἐν
1239 4573 1380 4643 ὑμῖν
1400 4572 1432 4627 ὃ
1456 4574 1554 4627 καὶ
1582 4573 1650 4626 ἐν
1675 4571 1907 4641 Χριστῷ

348 4668 562 4739 Ἰησοῦ
591 4667 659 4734 ὃς
677 4669 748 4721 ἐν
762 4665 963 4736 μορφῇ
985 4666 1129 4720 Θεοῦ
1157 4664 1440 4735 ὑπάρχων
1459 4667 1570 4732 οὐχ
1594 4665 1903 4734 ἁρπαγμὸν

337 4760 610 4833 ἡγήσατο
644 4759 710 4812 τὸ
731 4755 883 4812 εἶναι
916 4758 1020 4811 ἴσα
1049 4757 1196 4823 Θεῷ·
1227 4758 1362 4812 ἀλλ’
1393 4757 1610 4811 ἑαυτὸν
1645 4757 1903 4812 ἑκένωσε

332 4852 575 4923 μορφὴν
606 4851 830 4905 δούλου
863 4850 1094 4913 λαϐὼν,
1124 4850 1151 4901 6
1183 4849 1270 4903 διὰ
1304 4850 1501 4921 σαρκὸς
1551 4849 1645 4902 καλ⁵
1677 4850 1904 4919 αἵματος

336 4946 675 5017 ἐπιδημήσας
699 4944 775 5012 τῷ
804 4942 925 5012 βίῳ,
957 4942 1048 4994 καὶ
1076 4941 1196 4994 ἀντὶ
1224 4942 1321 5012 τῆς
1353 4942 1715 5012 προκειμένης
1757 4941 1905 5015 αύτῷ

338 5036 510 5104 χαρᾶς
552 5036 608 5087 ἐν
639 5033 897 5104 μετουσίᾳ
922 5031 1018 5101 τῆς
1048 5031 1432 5102 ταπεινότητος
1458 5031 1617 5102 ἡμῶν
1646 5033 1907 5097 ἑκουσίως

341 5127 648 5196 γενόμενος,
676 5127 771 5179 καὶ
803 5124 938 5196 μετὰ
963 5126 1063 5194 τῆς
1089 5123 1180 5176 τοῦ
1222 5123 1448 5176 θανάτου
1487 5124 1758 5179 κατελθὼν
1790 5127 1909 5180 πεί-

346 5234 465 5289 ρας.
496 5217 592 5271 Διά
629 5216 801 5271 ταύτά
837 5233 998 5287 φησιν
1031 5217 1063 5287 ἡ
1100 5214 1304 5287 νύμφη·
1335 5217 1689 5272 Στοιόάσατέ
1730 5234 1808 5288 με
1843 5219 1913 5274 ἐν

338 5308 575 5380 μήλοις,
624 5308 709 5361 ἵνα
752 5309 964 5371 πάντως
1013 5310 1089 5371 είς
1137 5307 1267 5377 ὕψος
1298 5309 1497 5380 ὁρῶσα,
1547 5308 1727 5380 βλέπω
1774 5311 1911 5384 πρὸς

341 5401 410 5456 τά
445 5400 552 5454 τῶν
584 5399 802 5467 ἀγαθῶν
833 5401 1205 5471 ὑποδείγματα
1244 5401 1312 5455 τὰ
1355 5404 1412 5454 ἐν
1447 5401 1525 5473 τῷ
1558 5405 1775 5475 νυμφίῳ
1804 5405 1912 5458 δει-

340 5508 601 5564 κνύμενα.
620 5490 762 5542 Ἐκεῖ
792 5492 1112 5563 ήπραότης·
1146 5493 1261 5545 ἐκεῖ
1292 5492 1349 5544 τὸ
1378 5492 1643 5564 ἀόργητον
1663 5507 1676 5522 ⁸
1705 5496 1820 5547 ἐκεῖ
1849 5495 1910 5548 τὸ

340 5585 478 5657 πρὸς
512 5581 739 5655 ἐχθροὺς
784 5583 1181 5653 ἁμνησίκακον,
1227 5586 1321 5637 καὶ
1366 5586 1426 5639 τὸ
1474 5587 1607 5660 πρὸς
1643 5588 1769 5651 τοὺς
1815 5586 1908 5640 λυ-

341 5675 577 5738 ποῦντας
615 5672 1007 5744 φιλάνθρωπον,
1034 5676 1126 5729 καὶ
1164 5676 1224 5729 τὸ
1258 5677 1324 5730 δι’
1357 5679 1669 5751 εὐεργεσίας
1689 5680 1786 5750 τὴν
1812 5697 1910 5733 κα-

342 5769 467 5824 κίαν
497 5763 819 5837 ἀμείϐεσθαι
840 5782 854 5795 ο
887 5766 1003 5822 ἐκεῖ
1046 5767 1107 5821 τὸ
1154 5770 1436 5841 ἐγκρατὲς,
1466 5771 1526 5824 τὸ
1559 5770 1815 5843 καθαρὸν,
1851 5773 1913 5827 τὸ

415 5953 462 5983 ιι
486 5952 675 6011 Matth.
693 5954 874 6022 “.29.
954 5954 1001 5986 ιι
1023 5952 1257 6024 Philipp.
1286 5967 1345 6019 ιι,
1379 5954 1433 6008 5.

2005 3421 2125 3460 rum
2154 3405 2465 3459 divinarum
2494 3403 2708 3458 deliciis
2727 3417 2786 3457 se
2799 3403 3085 3456 oblectans
3110 3400 3318 3461 anima,
3342 3413 3407 3452 ea
3431 3398 3578 3451 intra

2003 3500 2146 3550 tecta
2169 3494 2418 3568 aspicere
2447 3491 2867 3555 desideraverit,
2921 3492 3024 3544 hoc
3067 3489 3356 3567 aenigmate
3389 3487 3577 3541 erudi-

2004 3599 2148 3639 mur.
2176 3582 2257 3639 Ex
2282 3598 2348 3640 eo
2382 3582 2529 3639 enim
2578 3581 2725 3653 quod
2759 3597 2980 3637 sursum
3015 3581 3373 3650 aspicientes,
3418 3593 3580 3647 poma

2006 3674 2371 3739 attendamus,
2406 3673 2473 3726 ad
2501 3671 2976 3727 conversationem
3013 3671 3289 3724 caelestem
3325 3668 3450 3722 licet
3482 3667 3581 3720 de-

2005 3762 2133 3818 duci
2167 3777 2261 3834 per
2292 3762 2622 3817 documenta
2646 3760 2988 3831 evangelica.
3022 3758 3155 3825 Quae
3201 3757 3423 3828 quidem
3482 3757 3580 3826 qui

2006 3852 2242 3923 desuper
2271 3852 2445 3915 venit,
2478 3861 2533 3908 et
2578 3858 2662 3907 est
2694 3866 2859 3921 super
2883 3851 3088 3913 omnia,
3134 3849 3297 3903 nobis
3340 3848 3582 3902 ostendit

2006 3956 2102 4013 per
2127 3955 2282 3996 suam
2302 3940 2359 3994 in
2389 3955 2555 3994 carne
2587 3938 3112 3995 manit‘estationem.
3132 3943 3190 3989 ut
3210 3935 3303 4005 qui
3327 3934 3576 3989 omnium

2008 4033 2274 4086 bonorum
2306 4030 2429 4085 vita:
2453 4031 2827 4084 institutorum
2852 4037 2907 4082 et
2925 4026 3203 4081 actionum
3226 4025 3281 4078 in
3310 4039 3370 4080 se
3393 4039 3576 4079 exem-

2007 4126 2095 4195 pla
2126 4123 2408 4187 indicarit,
2445 4124 2589 4176 sicut
2647 4120 2780 4175 dicit
2830 4119 3100 4173 Dominus
3137 4137 3149 4171 :
3187 4117 3389 4171 Discite
3426 4133 3457 4169 a
3500 4132 3579 4169 me

2006 4215 2145 4283 quod
2172 4229 2287 4267 sum
2328 4213 2470 4266 mitis
2495 4222 2546 4266 et
2570 4210 2785 4264 humilis
2816 4208 2974 4264 corde
3001 4208 3070 4262 θ’.
3120 4205 3234 4261 lIoc
3262 4209 3439 4275 ipsum
3488 4220 3581 4256 au-

2007 4314 2116 4361 tem
2156 4305 2449 4376 Apostolus
2476 4317 2696 4374 quoque
2711 4302 3073 4355 humilitatem
3093 4298 3253 4353 nobis
3269 4311 3577 4366 exponens,

2008 4397 2138 4451 dicit
2172 4416 2185 4453 :
2222 4396 2326 4451 Per
2350 4412 2509 4450 unam
2537 4395 2679 4448 enim
2720 4391 3213 4461 contemplationem
3255 4388 3373 4441 licet
3438 4385 3580 4442 verbi

2008 4490 2309 4542 universam
2335 4487 2654 4556 conﬁrmare
2686 4485 2976 4539 veritatem.
3015 4482 3158 4536 Dicit
3186 4479 3332 4536 enim
3372 4478 3453 4533 eis
3485 4476 3580 4546 qui

2008 4596 2223 4636 sursum
2242 4580 2514 4651 aspiciunt
2545 4577 2698 4634 :Hoc
2733 4579 2945 4641 sentite,
2969 4575 3166 4644 inquit,
3203 4574 3257 4627 in
3280 4571 3423 4627 vobis
3441 4570 3580 4641 quod

1935 4646 1983 4707 θ
2006 4673 2060 4727 in
2088 4646 2469 4727 Christo—Iesu
2499 4672 2583 4722 ‘3:
2637 4671 2727 4740 qui
2782 4686 2900 4723 cum
2946 4669 3003 4722 in
3047 4667 3223 4734 [arma
3266 4664 3367 4717 Dei
3406 4672 3578 4727 esset,

2009 4782 2111 4819 non
2152 4765 2395 4826 rapinam
2434 4764 2722 4818 arbitratus
2765 4771 2842 4816 est
2890 4777 2943 4815 se
2981 4775 3093 4813 esse
3141 4756 3394 4825 aequalem
3435 4753 3577 4817 Deo,

2010 4856 2099 4911 sed
2133 4857 2268 4910 servi
2313 4855 2543 4925 formam
2586 4855 2819 4924 accepit,
2852 4854 2945 4922 qui
2980 4866 3076 4921 per
3107 4864 3325 4903 carnem
3366 4856 3420 4901 et
3452 4862 3581 4907 san-

2010 4951 2230 5023 guinem
2276 4958 2361 5006 est
2392 4951 2448 5005 in
2500 4951 2603 5005 hac
2634 4950 2744 5004 vita
2786 4955 3062 5013 versatus,
3116 4952 3171 5000 et
3215 4957 3315 5014 pro
3343 4956 3407 4997 ea
3458 4954 3582 5011 quae

2013 5044 2120 5101 sibi
2151 5050 2269 5098 erat
2299 5044 2584 5114 proposita
2612 5042 2827 5105 laetitia,
2881 5050 2935 5096 et
2976 5048 3182 5093 nostrae
3220 5034 3582 5091 humanitatis

2012 5137 2319 5191 voluntarie
2352 5137 2626 5207 particeps
2661 5137 2840 5191 factus
2867 5141 2973 5200 est,
3001 5141 3056 5190 et
3079 5147 3251 5204 usque
3292 5131 3361 5186 ad
3387 5130 3581 5184 mortis

2010 5229 2161 5283 venit
2188 5228 2607 5298 experientiam.
2656 5229 2952 5300 Propterea
2985 5226 3121 5282 dicit
3159 5238 3361 5296 sponsa
3389 5241 3403 5276 :
3433 5220 3582 5275 Ster-

2008 5322 2116 5377 nite
2142 5321 2270 5375 mihi
2297 5330 2469 5375 torum
2496 5322 2550 5375 in
2577 5322 2733 5377 malis
2756 5361 2771 5387 ,
2814 5329 2873 5375 ut
2902 5333 3120 5388 semper
3150 5317 3205 5370 in
3236 5314 3406 5368 altum
3434 5310 3582 5380 aspi-

2007 5413 2180 5478 ciens,
2201 5420 2407 5469 attente
2434 5420 2488 5469 et
2518 5413 2748 5469 ﬁrmiter
2780 5413 2994 5467 videam
3025 5406 3276 5476 exempla
3304 5404 3579 5459 bonorum

2013 5520 2135 5576 quae
2164 5505 2528 5561 ostenduntur
2551 5507 2606 5559 in
2648 5518 2874 5575 sponso.
2925 5500 3041 5554 Illic
3073 5504 3158 5553 est
3188 5494 3388 5551 lenitas
3424 5510 3437 5546 :
3466 5490 3582 5546 illic

2014 5596 2111 5651 ira:
2140 5597 2385 5651 vacuitas
2420 5613 2433 5649 :
2470 5596 2582 5649 illic
2609 5592 2814 5648 oblivio
2839 5589 3169 5660 iniuriarum
3217 5588 3574 5652 acceptarum

2016 5686 2086 5741 ab
2110 5685 2388 5741 inimicis:
2427 5693 2481 5740 et
2522 5684 2835 5739 humanitas
2870 5681 2925 5735 in
2970 5694 3066 5735 eos
3111 5676 3208 5748 qui
3268 5674 3578 5731 molestiam

2019 5776 2271 5845 atl‘eruut,
2299 5784 2353 5832 et
2380 5791 2481 5847 pro
2509 5775 2652 5831 malo
2677 5772 2923 5831 referunt
2953 5769 3298 5829 beneﬁcium.
3334 5766 3451 5823 lllic
3493 5776 3581 5820 est
