4116 6562
574 488 672 547 851

1793 501 1850 559 S.
1885 503 2208 559 GREGORll
2235 507 2529 566 NYSSENI
2628 552 2630 554 τ

3713 515 3821 572 852

573 614 782 676 temper
819 609 954 669 ntia.
980 610 1213 677 puritas,
1239 612 1522 681 patientia,
1550 615 1768 670 ctinani
1798 618 1970 686 gloria
1997 619 2128 672 nihil

2236 623 2603 695 μακρόθυμον,
2651 625 2711 678 τὸ
2764 626 2945 696 πάσης
2991 625 3291 691 κενοδοξίας
3341 643 3399 678 τε
3451 624 3542 679 καὶ
3587 626 3820 691 ἀπάτης

574 709 659 755 est
685 699 1032 766 permixtum,
1065 700 1366 773 fraudeque
1403 721 1526 775 quae
1559 717 1807 762 versatur
1840 711 1895 764 in
1923 711 1990 765 iis
2014 726 2133 780 qua:

576 784 643 838 ad
672 787 811 841 hanc
840 789 1007 843 vitam
1046 794 1340 860 pertinent.

642 873 772 930 Post
794 877 907 934 haec
934 880 1117 937 laudat
1145 885 1506 955 sagittarium,
1533 890 1679 959 quod
1710 905 1933 960 scopum
1986 898 2134 945 recte

574 967 823 1039 attingat,
875 981 934 1026 ut
991 975 1084 1044 qui
1122 976 1290 1031 telum
1331 979 1559 1050 pulchre
1605 982 1660 1037 in
1704 983 1878 1052 ipsam
1911 982 2129 1052 dirigat.

587 1058 894 1129 Vulnerata,
920 1063 1120 1135 inquit,
1160 1085 1279 1123 sum
1316 1087 1348 1124 a
1383 1071 1682 1128 dilectione.
1728 1072 1979 1128 Ostendit
2034 1076 2132 1128 hac

570 1152 820 1207 oratione
862 1157 1052 1224 telum,
1081 1161 1229 1230 quod
1251 1163 1405 1218 cordi
1438 1166 1544 1220 alte
1573 1165 1796 1221 insidet.
1826 1166 1928 1232 Qui
1961 1167 2127 1221 telum

570 1253 751 1298 autem
785 1245 1082 1314 jaculatur,
1124 1259 1208 1307 est
1234 1253 1455 1311 dilectio
1493 1272 1588 1311 seu
1626 1258 1889 1313 charitas.
1937 1257 2130 1312 Chari-

571 1339 738 1387 tatem
773 1343 952 1391 autem
991 1355 1114 1396 esse
1159 1339 1327 1396 Deum
1361 1343 1654 1401 didicimus
1697 1361 1726 1398 a
1784 1362 1939 1402 sacra
1975 1348 2130 1402 Scri-

569 1428 821 1493 ptura“,
858 1431 948 1499 qui
969 1431 1196 1488 electam
1229 1449 1382 1488 suam
1418 1437 1695 1507 sagittam,
1736 1453 1928 1507 nempe
1965 1438 2129 1492 Deum

575 1517 938 1588 unigenitum,
970 1525 1171 1578 emittit
1208 1525 1264 1579 in
1290 1541 1386 1582 eos
1419 1528 1513 1597 qui
1564 1538 1874 1593 servantur,
1933 1527 2130 1598 spiritu

570 1607 696 1662 vita:
725 1609 865 1664 illita
896 1614 1100 1684 triplici
1140 1618 1317 1671 aculei
1349 1619 1598 1688 cuSpide.
1645 1620 1883 1675 Aculeus
1948 1630 2129 1675 autem

571 1707 657 1754 est
691 1699 844 1766 ﬁdes,
880 1713 938 1758 ut
969 1705 1165 1775 quzein
1192 1723 1300 1778 quo
1326 1707 1511 1774 fuerit,
1558 1724 1681 1765 cum
1725 1714 1919 1782 sagitta
1967 1712 2130 1766 simul

572 1791 808 1848 adducat
838 1796 1202 1866 sagittarium,
1234 1809 1293 1854 ut
1317 1799 1450 1856 dicit
1483 1802 1746 1858 Dominus
1779 1823 1792 1857 :
1825 1802 1934 1873 Ego
1962 1802 2129 1858 etPa-

573 1891 652 1935 ter
685 1898 848 1937 unum
873 1902 1073 1952 sumus,
1099 1899 1150 1943 et
1186 1892 1466 1955 veniemus,
1515 1902 1562 1946 et
1612 1894 1937 1947 mansionem
1991 1894 2130 1961 apud

569 1989 689 2026 eum
718 1975 969 2044 faciemus
990 1979 1055 2035 ⁸⁸.
1091 1979 1248 2038 Videt
1267 1997 1397 2053 ergo
1425 1999 1545 2053 qua:
1577 2000 1674 2054 per
1703 1985 1915 2041 divinas
1937 1957 2130 2040 ascen-
2158 1957 2204 2015 Β

571 2061 754 2120 siones
783 2066 839 2120 in
871 2067 1042 2122 altum
1059 2070 1274 2125 sublata
1290 2079 1375 2127 est
1402 2073 1605 2135 anima,
1630 2071 1792 2127 dulce
1813 2074 1978 2127 telum
1997 2072 2129 2127 cha-

570 2151 772 2217 ritatis,
824 2171 934 2225 quo
961 2157 1079 2227 ipsa
1136 2160 1240 2214 fuit
1281 2163 1550 2230 sauciata,
1601 2173 1656 2219 et
1691 2165 1760 2219 de
1787 2179 1853 2219 eo
1907 2165 2130 2220 vulnere

569 2242 854 2312 gloriatur,
879 2249 1068 2306 dicens
1100 2271 1114 2306 :
1157 2252 1451 2308 Vulnerata
1480 2271 1598 2308 sum
1641 2271 1733 2326 ego
1765 2272 1798 2308 a
1828 2255 2126 2310 dilectione.

569 2335 615 2388 0
661 2336 950 2404 pulchrum
1003 2342 1202 2398 vulnus
1247 2352 1301 2399 et
1347 2344 1522 2400 dulcis
1563 2347 1718 2416 plaga
1745 2385 1759 2411 ,
1821 2363 1916 2416 per
1966 2363 2126 2417 quam

571 2428 782 2497 plagam
838 2427 948 2486 vita
1015 2435 1164 2489 subit
1229 2436 1483 2500 interna,
1554 2439 1699 2508 quod
1757 2455 1877 2509 quae
1930 2456 1960 2493 a
2020 2441 2130 2495 telo

573 2520 713 2576 facta
734 2532 818 2578 est
843 2525 1063 2588 divisio,
1105 2527 1380 2596 quoddam
1413 2530 1617 2585 ostium
1656 2540 1710 2585 et
1749 2531 1953 2585 aditum
1998 2547 2128 2601 ape-

573 2614 772 2668 ruerit!
808 2613 944 2669 Nam
981 2617 1146 2672 simul
1176 2627 1339 2690 atque
1369 2621 1536 2675 telum
1575 2623 1785 2691 accepit
1823 2623 2127 2687 charitatis,

567 2703 638 2758 ad
683 2707 981 2776 nuptialem
1026 2710 1270 2764 laetitiam
1324 2713 1574 2782 pr0tinus
1619 2721 1980 2769 transmutata
2028 2714 2130 2769 fuit

563 2795 849 2862 jaculatio.
884 2797 1044 2856 Vides
1077 2806 1222 2858 enim
1249 2805 1710 2874 quemadmodum
1729 2821 1922 2862 manus
1941 2821 2126 2861 areum

571 2895 831 2954 tractant,
883 2890 1184 2961 dispertitae
1210 2894 1277 2948 ad
1323 2910 1481 2950 usum
1519 2896 1948 2966 operationibus.
1993 2895 2126 2950 Nam

568 2977 792 3033 sinistra
820 2981 1042 3050 quidem
1076 2996 1288 3048 arcum,
1335 2983 1560 3040 dextera
1591 3001 1720 3040 vero
1773 3001 1998 3040 nervum
2061 2986 2128 3040 ad

567 3083 628 3122 se
652 3070 896 3135 attrahit,
933 3086 1031 3142 per
1059 3073 1271 3144 sagitta;
1304 3075 1702 3132 concavita‘tem
1729 3077 1896 3131 telum
1949 3077 2017 3131 ad
2069 3092 2130 3132 se

567 3162 870 3224 attrahens,
903 3162 1050 3231 quod
1081 3162 1323 3219 adhibita
1359 3180 1525 3220 manu
1552 3167 1775 3222 sinistra
1799 3167 1867 3221 ad
1897 3182 2124 3238 scopum

566 3249 840 3320 dirigitur.
885 3250 1018 3318 Quae
1047 3268 1178 3324 ergo
1208 3256 1372 3324 paulo
1411 3265 1540 3312 ante
1567 3257 1660 3312 teli
1711 3256 1852 3312 facta
1892 3265 1977 3312 est
2007 3273 2129 3313 sco-

567 3352 691 3405 pus,
727 3355 874 3396 nunc
927 3342 1165 3412 seipsam
1221 3359 1319 3413 pro
1372 3347 1482 3401 telo
1529 3347 1724 3418 aspicit
1777 3349 1832 3401 in
1877 3349 2130 3403 manibus

567 3430 861 3500 sagittarii,
912 3447 1038 3488 cum
1095 3435 1257 3489 aliter
1307 3436 1553 3502 dextera,
1604 3446 1658 3492 et
1703 3439 1860 3493 aliter
1907 3439 2131 3496 sinistra

568 3521 734 3574 telum
759 3524 1156 3591 apprehendat.
1198 3525 1305 3581 Sed
1333 3528 1593 3596 quoniam
1649 3545 1747 3598 per
1795 3540 2014 3600 tropum
2063 3547 2131 3586 ex

567 3615 917 3683 epithalamio
969 3624 1245 3688 sumptum
1279 3618 1659 3689 producuntur
1684 3636 1750 3676 ex
1771 3625 2128 3692 consequenti

568 3704 961 3761 theorematum
1013 3708 1473 3778 signiﬁcationes,
1541 3726 1650 3765 non
1695 3710 1823 3766 fecit
1877 3714 2130 3770 aculeum

567 3795 660 3850 teli
709 3798 965 3854 sustineri
1011 3815 1042 3852 a
1093 3801 1343 3867 sinistra,
1402 3817 1579 3872 neque
1622 3803 1900 3859 dexteram
1946 3813 2130 3860 tenere

568 3887 793 3942 alteram
826 3901 1060 3960 partem,
1123 3900 1183 3945 ut
1215 3893 1288 3948 sit
1321 3893 1502 3949 anima
1534 3895 1702 3950 telum
1739 3894 1793 3949 in
1840 3911 2003 3950 manu
2034 3912 2132 3967 pn-

568 3982 734 4038 tentis
760 3982 1030 4038 directum
1064 3999 1284 4040 sursum
1325 3984 1392 4039 ad
1423 4001 1673 4057 scopum,
1711 3987 1804 4046 sed
1841 3987 1973 4043 fecit
2000 3989 2134 4044 sini-

569 4081 735 4128 stram
762 4075 982 4144 quidem
1023 4076 1222 4145 subjici
1243 4077 1404 4147 capiti
1437 4093 1537 4149 pro
1569 4081 1756 4135 aculeo
1805 4099 1818 4134 :
1852 4081 2130 4138 dexteram

570 4172 751 4219 autem
787 4174 971 4221 tenere
1006 4167 1056 4221 id
1082 4169 1228 4239 quod
1261 4177 1430 4223 restat
1463 4187 1478 4224 :
1528 4178 1588 4224 ut
1624 4171 1806 4236 simul,
1830 4181 1890 4226 ut
1913 4175 2128 4242 opinor,

569 4256 777 4327 duplici
835 4260 1125 4329 :enigmate
1172 4260 1592 4330 philosophetur
1633 4264 1811 4317 oratio
1840 4263 1908 4318 de
1950 4265 2133 4319 divina

571 4350 914 4414 ascensione,
945 4349 1242 4405 ostendens
1281 4353 1430 4422 quod
1465 4353 1608 4408 idem
1661 4355 1734 4409 sit
1779 4370 2016 4424 sponsus
2076 4364 2132 4411 et

571 4442 908 4512 sagittarius.
937 4441 1125 4497 eadem
1152 4451 1343 4500 nostra
1374 4460 1581 4514 sponsa
1602 4453 1656 4500 et
1683 4448 1904 4516 sagitta,
1931 4463 2126 4519 nempe

570 4549 707 4603 pura
741 4541 899 4587 utens
925 4533 1131 4599 anima,
1163 4544 1216 4589 et
1241 4545 1502 4606 tanquam
1535 4537 1781 4603 jaculum
1829 4537 1897 4591 ad
1926 4538 2128 4592 bonum

2235 711 2489 786 βιωτικῆς
2513 717 2885 787 ἀνεπίμικτον.

2302 890 2484 944 Ταῦτα
2506 890 2754 954 εἰποῦσα,
2785 890 2996 945 ἐπαινεῖ
3018 890 3108 944 τὸν
3133 889 3350 961 τοξότην
3373 889 3470 960 τῆς
3497 889 3818 960 εὐστοχίας,

2230 981 2305 1046 ώς
2353 983 2532 1046 καλῶς
2578 985 2665 1036 ἐπ’
2715 985 2883 1053 αὐτὴν
2919 983 2981 1036 τὸ
3035 983 3186 1054 βέλος
3223 980 3535 1035 εὐθύναντα.
3593 984 3814 1047 Tarpa:-

2225 1071 2378 1140 μένη
2409 1071 2535 1142 γὰρ,
2571 1073 2754 1141 φησὶν,
2785 1071 3018 1142 ἀγάπης
3056 1070 3189 1142 ἐγώ.
3240 1072 3482 1124 Δείκνυσι
3531 1067 3615 1140 τῷ
3667 1069 3818 1138 λόγῳ

2229 1161 2291 1213 τὸ
2319 1160 2486 1230 βέλος,
2524 1160 2584 1213 τὺ
2614 1165 2678 1232 τῇ
2715 1162 2904 1235 καρδία
2932 1161 3016 1214 διὰ
3061 1161 3253 1231 βάθους
3289 1160 3628 1230 ἐγκείμενον,
3673 1159 3733 1212 '0
3758 1159 3815 1211 δὲ

2230 1251 2450 1321 τοξότης
2483 1251 2574 1305 τοῦ
2616 1252 2801 1321 βέλους
2839 1254 2871 1323 ἡ
2913 1253 3097 1323 ἀγάπη
3139 1251 3304 1305 ἐστίν.
3347 1250 3590 1322 Ἀγάπην
3624 1250 3687 1302 δέ
3720 1248 3815 1302 τὸν

2229 1343 2360 1396 Θεὸν
2412 1339 2547 1396 εἶναι
2582 1344 2730 1415 παρά
2774 1347 2874 1414 τῆς
2919 1344 3080 1412 ἁγίας
3115 1343 3334 1415 Γραφῆς
3377 1342 3812 1413 μεμαθήκαμεν,

2230 1434 2288 1499 ὃς
2317 1435 2376 1488 τὸ
2393 1435 2641 1488 ἐκλεκτὸν
2662 1435 2824 1489 αὐτοῦ
2846 1434 2997 1505 βέλος
3015 1435 3104 1487 τὸν
3131 1434 3388 1505 μονογενῆ
3412 1433 3540 1486 Υίὸν
3557 1433 3657 1484 ἐπὶ
3682 1433 3813 1494 τοὺς

2233 1525 2570 1596 σωζομένους
2602 1526 2906 1596 ἐκπέμπει,
2950 1525 3029 1595 τῷ
3071 1524 3338 1595 πνεύματι
3376 1522 3520 1592 ζωῆς
3555 1522 3661 1592 τὴν
3692 1539 3812 1592 τρι-

2231 1618 2368 1689 πλῆν
2388 1617 2488 1687 τῆς
2509 1617 2688 1680 ἀκίδος
2706 1616 2886 1688 ἀκμὴν
2907 1615 3268 1688 περιχρώσας.
3303 1616 3447 1678 ’Λκὶς
3469 1614 3523 1666 δὲ
3553 1614 3586 1684 ἡ
3620 1612 3811 1674 πίστις

2230 1709 2397 1772 ἐστὶν,
2432 1708 2517 1760 ἵνα
2549 1707 2607 1760 ἐν
2639 1701 2684 1775 ᾧ
2713 1706 2932 1776 γένηται
2979 1705 3266 1778 συνεισάγῃ
3308 1702 3443 1775 μετά
3478 1701 3570 1756 τοῦ
3616 1702 3810 1772 βέλους

2230 1798 2324 1852 καὶ
2358 1797 2448 1851 τὸν
2481 1795 2720 1868 τοξότην,
2752 1796 2826 1860 ὥς
2851 1812 3013 1866 φησιν
3043 1797 3072 1848 ό
3103 1794 3320 1862 Κύριος,
3345 1794 3426 1847 ὅτι
3461 1792 3612 1862 Ἐγὼ
3641 1791 3745 1844 καὶ
3776 1793 3811 1844 ό

2232 1889 2431 1958 Πατὴρ
2456 1889 2526 1943 ἓν
2549 1889 2753 1958 ἐσμεν,
2783 1888 2881 1942 καὶ
2904 1885 3289 1955 ἐλευσόμεθα,
3320 1884 3416 1938 καὶ
3435 1882 3644 1954 μονὴν
3667 1880 3809 1951 παρ’

2229 1980 2387 2047 αὐτῷ
2440 1981 2789 2049 ποιήσομεν.
2837 1979 2968 2050 Ὁρᾷ
3021 1979 3200 2031 τοίνυν
3251 1979 3284 2047 ἡ
3335 1975 3421 2030 διὰ
3463 1975 3576 2028 τῶν
3645 1973 3808 2027 θείων

2229 2072 2542 2128 ἀναδάσεων
2599 2071 2869 2141 ὐψωθεῖσα
2909 2070 3074 2140 ψυχὴ,
3115 2068 3175 2122 τὸ
3225 2068 3393 2137 γλυκὺ
3437 2067 3532 2138 τῆς
3579 2064 3808 2136 ἀγάπης

2232 2164 2382 2234 βέλος
2407 2164 2464 2216 ἐν
2491 2164 2676 2234 ἑαυτῇ,
2706 2155 2751 2231 ᾧ
2780 2162 3009 2234 ἐτρώθη,
3037 2161 3130 2215 καλ⁴
3159 2160 3416 2230 καύχημα
3440 2161 3680 2212 ποιεῖται
3708 2159 3806 2226 τὴν

2230 2255 2462 2324 πληγὴν,
2506 2254 2754 2322 λέγουσα,
2788 2255 2870 2307 ὃτι
2918 2251 3248 2321 Τετρωμένη
3293 2249 3522 2320 ἀγάπης
3559 2250 3702 2319 ἐγώ.
3744 2249 3807 2300 Ὢ

2231 2346 2395 2399 καλοῦ
2421 2346 2732 2418 τραύματος
2765 2346 2858 2399 καὶ.
2894 2344 3148 2415 γλυκείας
3185 2344 3416 2414 πληγῆς,
3438 2342 3504 2395 δι’
3530 2337 3601 2412 ἦς
3629 2343 3664 2412 ἡ
3693 2339 3806 2410 ζωὴ

2229 2437 2322 2492 ἐπὶ
2359 2439 2426 2491 τά
2465 2438 2611 2498 ἐντὸς
2655 2437 2952 2501 διαδύεται,
2995 2435 3182 2506 ὥσπερ
3211 2435 3329 2488 τινὰ
3367 2433 3533 2505 θύραν
3569 2434 3670 2486 καὶ
3695 2431 3806 2484 εἰσιν

2229 2529 2344 2582 οδον
2371 2528 2469 2599 τὴν
2503 2530 2566 2581 ἐκ
2597 2528 2690 2580 τοῦ
2719 2527 2901 2598 βέλους
2937 2526 3194 2597 διαίρεσιν
3230 2527 3392 2597 ἑαυτῇ
3430 2525 3800 2590 ύπανοίξασαί

2241 2617 2405 2688 Ὀμοῦ
2450 2634 2509 2669 τε
2551 2616 2658 2688 γὰρ
2702 2617 2761 2670 τὸ
2803 2618 2902 2685 τῆς
2947 2617 3166 2686 ἀγάπης
3218 2614 3370 2684 βέλος
3418 2614 3658 2679 ἐδέξατο,
3711 2615 3806 2667 καὶ

2231 2712 2564 2781 παραχρῆμα
2615 2711 2692 2772 είς
2736 2707 2974 2780 γαμικὴν
3029 2706 3289 2778 θυμηδίαν
3346 2707 3380 2776 ἡ
3438 2705 3620 2771 τοξεία
3676 2722 3802 2776 μετ-

2229 2801 2552 2871 εσκευάσθη.
2590 2800 2822 2870 Φανερὸν
2849 2799 2956 2870 γάρ
2979 2799 3092 2851 ἐστι
3121 2797 3238 2861 πῶς
3271 2798 3326 2850 αἱ
3353 2800 3529 2868 χεῖρες
3553 2799 3618 2850 τὸ
3650 2796 3804 2864 τόξον

2233 2891 2712 2964 μεταχειρίζονται,
2750 2891 3098 2963 μεριζόμεναι
3141 2889 3276 2958 πρὸς
3318 2890 3418 2960 τὴν
3451 2889 3642 2960 χρείαν
3684 2891 3801 2951 ταῖς

2229 2985 2546 3057 ἐνεργείαις.
2587 2985 2650 3037 Ἠ
2679 2984 2776 3054 μὲν
2803 2983 2908 3056 γὰρ
2929 2982 3203 3052 εὐώνυμος
3223 2981 3316 3034 τοῦ
3341 2979 3493 3044 τόξου
3523 2980 3757 3033 ἅπτεται
3784 2995 3800 3010 '

2229 3079 2263 3147 ἡ
2283 3077 2431 3142 δεξιά
2466 3076 2522 3129 δέ
2562 3074 2659 3146 τὴν
2701 3071 2897 3145 νευρὰν
2925 3072 3061 3144 πρὸς
3093 3072 3288 3142 ἑαυτὴν
3333 3073 3652 3134 ἐπισπᾶται,
3681 3087 3801 3122 συν-

2229 3168 2488 3238 ελκομένη
2509 3166 2595 3220 διὰ
2604 3166 2710 3219 τῶν
2721 3163 2986 3233 γλυφίδων
3001 3163 3059 3216 τὸ
3075 3163 3224 3234 βέλος
3237 3164 3303 3233 τῇ
3319 3161 3552 3232 προϐολῇ
3567 3161 3670 3232 τῆς
3682 3161 3800 3232 ἀρι-

2233 3261 2424 3331 στερᾶς
2449 3258 2628 3329 χειρὸς
2653 3259 2788 3328 πρὸς
2817 3257 2906 3311 τὸν
2936 3255 3132 3309 σκοπὸν
3159 3254 3611 3325 εὐθυνόμενον.Ἡ
3623 3253 3798 3307 τοίνυν

2231 3350 2336 3421 πρὸ
2367 3349 2546 3418 ὀλίγου
2580 3349 2777 3412 σκοπὸς
2802 3346 3062 3418 γενομένη
3105 3345 3198 3398 τοῦ
3241 3345 3448 3416 βέλους,
3477 3344 3571 3398 νῦν
3597 3343 3798 3414 ἑαυτὴν

2227 3440 2346 3494 ἀντὶ
2377 3439 2561 3509 βέλους
2597 3440 2654 3492 ἐν
2685 3440 2803 3502 ταῖς
2840 3438 2992 3508 χερσὶ
3023 3435 3116 3490 τοῦ
3149 3436 3360 3501 τοξότου
3393 3435 3596 3506 βλέπει,
3627 3435 3798 3495 άλλως

2227 3535 2326 3604 τῆς
2346 3531 2541 3598 δεξιᾶς,
2573 3531 2666 3584 καὶ
2691 3531 2886 3601 ἐτέρως
2909 3533 3006 3600 τῆς
3031 3528 3308 3600 εὐωνύμου
3330 3527 3798 3599 διαλαμϐανούσης

2226 3624 2287 3676 τὸ
2318 3623 2484 3693 βέλος.
2513 3622 2647 3675 Ἀλλ’
2674 3622 2858 3692 ἐπειδὴ
2887 3620 2974 3674 διὰ
3000 3623 3097 3692 τῆς
3121 3620 3484 3691 ἐπιθαλαμίου⁴
3503 3621 3715 3690 τροπῆς
3741 3618 3795 3669 al

2227 3714 2334 3768 τῶν
2357 3715 2722 3786 θεωρημάτων
2751 3715 3014 3785 ἐμφάσεις
3042 3713 3107 3766 δι’
3129 3711 3416 3766 ἀκολούθου
3441 3711 3792 3782 προάγονται,

2228 3808 2326 3861 οὐκ
2357 3807 2573 3877 ἐποίησε
2595 3806 2690 3877 τὴν
2719 3807 2879 3860 ἀκίδα
2905 3806 2996 3860 τοῦ
3028 3805 3215 3876 βέλους
3255 3803 3358 3856 ὑπὸ
3383 3803 3478 3872 τῆς
3502 3801 3793 3872 ἀριστερᾶς

2229 3898 2509 3970 ἐχομένην,
2544 3897 2663 3950 οὐδέ
2691 3897 2786 3968 τὴν
2817 3897 2992 3962 δεξιὰν
3016 3896 3075 3950 τὸ
3097 3896 3282 3967 ἕτερον
3305 3892 3792 3962 διαλαμϐάνουσαν,

2227 3991 2301 4054 ὡς
2339 3990 2405 4045 ἀν
2432 3990 2639 4059 γένοιτο
2668 3993 2700 4061 ἡ
2734 3989 2878 4061 ψυχὴ
2932 3988 3081 4058 βέλος
3113 3989 3170 4040 ἐν
3214 3987 3356 4058 χειρὶ
3403 3985 3495 4038 τοῦ
3542 3981 3787 4044 δυνατοῦ,

2231 4081 2366 4153 πρὸς
2397 4081 2489 4133 τὸν
2515 4081 2626 4134 ἀνω
2659 4080 2856 4133 σκοπὸν
2887 4078 3238 4148 εὐθυνόμενον
3261 4095 3274 4106 ·
3299 4077 3410 4130 ἀλλ’
3440 4076 3665 4144 ἐποίησε
3695 4072 3788 4143 τὴν

2234 4173 2330 4245 μὲν
2377 4169 2653 4242 εὐώνυμον
2695 4171 2814 4224 ἀντὶ
2845 4171 2943 4240 τῆς
2991 4169 3173 4231 ἀκίδος
3219 4170 3286 4238 τῇ
3321 4167 3528 4238 κεφαλῇ
3559 4163 3790 4218 ὐποδάλ-

2231 4263 2450 4317 λεσθαι⁶
2481 4261 2934 4334 διαλαμϐάνεσθαι
2981 4261 3037 4314 δὲ
3078 4263 3144 4331 τῇ
3175 4259 3324 4331 δεξιᾷ
3358 4259 3417 4312 τὸ
3453 4257 3784 4326 λειπόμενον,

2233 4357 2307 4419 ὼς
2329 4355 2414 4420 ἂν,
2444 4351 2615 4427 οἶμαι,
2647 4354 2787 4408 κατά
2826 4353 3018 4407 ταύτὸν
3044 4353 3102 4406 ἐν
3135 4355 3246 4415 τοῖς
3272 4350 3476 4414 διπλοῖς
3508 4349 3788 4420 αἰνίγμασι

2230 4449 2299 4503 τὰ
2327 4449 2453 4520 περὶ
2479 4451 2578 4519 τῆς
2609 4447 2758 4509 θείας
2787 4445 3100 4509 ἀναϐάσεως
3129 4446 3157 4498 ὁ
3181 4444 3334 4512 λόγος
3363 4443 3783 4513 φιλοσοφήσειεν,

2229 4542 2442 4605 δεικνὺς
2490 4541 2571 4593 ὅτι
2616 4540 2644 4591 ὁ
2691 4539 2852 4601 αὐτὸς
2897 4539 2990 4591 καὶ
3026 4536 3255 4608 νυμφίος
3285 4535 3377 4588 καὶ
3401 4533 3619 4604 τοξότης
3645 4532 3787 4587 ἐστὶν

570 4638 795 4692 scopum
850 4621 1093 4693 dirigens
1126 4635 1424 4694 :‘tanquam
1484 4639 1747 4694 sponsam
1784 4641 2001 4681 sursum
2035 4626 2130 4682 de-

2235 4629 2410 4703 ἡμῶν,
2445 4628 2630 4702 νύμφῃ
2668 4645 2726 4680 τε
2756 4628 2848 4680 καὶ
2887 4627 3026 4696 βέλει
3073 4628 3139 4697 τῇ
3171 4624 3554 4697 κεκαθαρμένη
3594 4637 3784 4696 κεχρη-

569 4717 780 4772 ducens
825 4713 894 4768 ad
945 4715 1415 4786 participationem
1469 4717 1815 4780 aeternitatis,
1869 4719 1925 4773 in
1969 4735 2132 4788 quam

569 4823 678 4862 non
713 4808 859 4863 cadit
912 4808 1188 4872 interitus,
1240 4808 1363 4863 vita:
1411 4808 1809 4878 longitudinem
1855 4820 1909 4866 et
1959 4827 2132 4866 annos

570 4899 697 4954 vita:
727 4915 825 4968 per
857 4899 1136 4955 dexteram
1167 4901 1460 4970 elargiens,
1493 4915 1590 4969 per
1615 4900 1894 4956 sinistram
1919 4909 2124 4964 autem,

571 4997 903 5043 mternorum
936 4989 1207 5043 bonorum
1237 4987 1458 5045 divitias
1493 4998 1546 5044 et
1573 4989 1668 5045 Dei
1698 4991 1951 5062 gloriam,
1973 4990 2132 5058 cujus

570 5095 680 5134 non
716 5087 950 5149 possunt
973 5095 1096 5134 esse
1123 5080 1443 5150 participes,
1478 5081 1571 5150 qui
1611 5090 1863 5152 qumrunt
1903 5083 2129 5151 gloriam

570 5171 784 5225 mundi.
828 5171 1123 5241 Propterea
1171 5171 1306 5226 dicit
1347 5191 1361 5226 :
1395 5171 1630 5227 Sinistra
1672 5176 1786 5242 ejus
1827 5173 1921 5227 sub
1963 5174 2134 5242 capite

570 5279 809 5332 meo,per
825 5278 988 5332 quam
1004 5263 1247 5331 jaculum
1265 5263 1510 5333 dirigitur
1545 5266 1610 5319 ad
1629 5280 1876 5336 secpum.
1901 5265 2133 5320 Dextera

574 5362 754 5409 autem
780 5356 902 5423 ejus
929 5371 1013 5410 me
1040 5356 1458 5425 apprehendens
1497 5365 1551 5411 et
1579 5357 1645 5410 ad
1670 5372 1729 5411 se
1769 5357 2015 5419 trahens,
2047 5355 2130 5414 ef-

573 5442 688 5496 ﬁcit
717 5459 801 5498 me
831 5445 1026 5504 levem,
1083 5452 1141 5497 ut
1170 5459 1388 5498 sursum
1436 5444 1602 5509 ferar,
1656 5456 1714 5498 ut
1756 5446 1884 5501 illuc
1920 5448 2130 5516 mittar,

570 5543 623 5589 et
653 5551 681 5588 a
715 5523 1002 5605 sagittario
1035 5537 1256 5590 minime
1297 5551 1540 5605 separer.
1592 5536 1740 5591 Adeo
1783 5546 1840 5592 ut
1885 5547 1938 5594 et
1969 5541 2134 5595 simul

573 5623 784 5678 feratur
814 5641 911 5694 per
951 5625 1364 5694 jaculationem,
1421 5635 1472 5681 et
1507 5628 1560 5681 in
1613 5627 1824 5683 Domini
1876 5632 2130 5687 manibus

572 5719 952 5786 conquiescat.
1013 5717 1217 5772 llarum
1263 5735 1524 5774 manuum
1583 5725 1942 5793 proprietates
2003 5725 2134 5781 dicit

645 5894 730 5948 “l
757 5895 912 5952 Joan.
950 5913 1023 5965 tv,
1055 5897 1107 5952 8.
1186 5899 1230 5930 ⁸³
1251 5898 1406 5956 Joan.
1439 5916 1547 5968 xw,
1577 5902 1665 5959 ‘25.

2239 4721 2399 4792 μένος
2451 4720 2615 4789 ψυχῇ,
2664 4719 2738 4780 ώς
2802 4716 2950 4788 βέλος
2996 4715 3130 4788 πρὸς
3161 4715 3250 4768 τὸν
3302 4714 3500 4783 ἀγαθὸν
3555 4715 3787 4767 εὐθύνων

2238 4810 2433 4862 σκοπόν
2457 4826 2469 4839 ·
2521 4809 2595 4871 ὡς
2643 4809 2859 4877 νύμφην
2911 4805 3046 4876 πρὸς
3076 4805 3362 4874 μετουσίαν
3404 4803 3786 4873 ἀναλαμόἀνων

2234 4905 2333 4973 τῆς
2361 4900 2634 4970 ἀφθάρτου
2673 4899 2992 4969 ἀῖδιότητος,
3030 4899 3199 4968 μῆκος
3247 4895 3359 4966 βίου
3392 4897 3482 4948 καὶ
3513 4895 3606 4966 ἐτη
3651 4893 3786 4960 ζωῆς

2234 4995 2322 5049 διὰ
2346 4993 2445 5065 τῆς
2474 4991 2649 5056 δεξιᾶς
2677 4991 3066 5062 χαριζόμενοςο
3113 4989 3200 5042 διά
3252 4987 3308 5040 δὲ
3354 4987 3454 5056 τῆς
3505 4985 3786 5058 ἀριστερᾶς

2236 5087 2326 5140 τὸν
2349 5087 2454 5138 τῶν
2482 5084 2712 5138 αἰωνίων
2745 5081 2964 5150 ἀγαθῶν
2991 5081 3216 5134 πλοῦτον
3243 5119 3259 5143 ,
3287 5081 3379 5132 καὶ
3403 5077 3501 5149 τὴν
3535 5077 3629 5130 τοῦ
3659 5073 3782 5128 Θεοῦ

2233 5175 2410 5240 δόξαν,
2456 5170 2522 5245 ἧς
2555 5174 2602 5225 οἱ
2649 5173 2744 5242 τὴν
2787 5171 2878 5224 τοῦ
2912 5171 3114 5241 κόσμου
3140 5168 3427 5240 ζητοῦντες
3472 5167 3626 5231 δόξαν
3656 5163 3784 5235 ἀμέ-

2235 5285 2378 5336 τοχοι
2413 5266 2666 5334 γίνονται.
2710 5262 2807 5315 Διά
2839 5261 2993 5315 τοῦτό
3036 5278 3220 5333 φησιν,
3252 5262 3573 5329 Εὐώνυμος
3609 5253 3785 5313 αὐτοῦ

2235 5356 2352 5413 ὑπὸ
2378 5356 2490 5424 τὴν
2517 5356 2788 5424 κεφαλήν
2819 5371 2959 5422 μου,
2996 5352 3061 5404 δι’
3098 5347 3167 5423 ἧς
3211 5351 3490 5404 εὐθύνεται
3539 5350 3672 5421 πρὸς
3701 5347 3784 5399 τὸν

2237 5449 2435 5505 σκοπὸν
2483 5447 2543 5500 τὸ
2587 5447 2768 5518 βέλοςο
2806 5445 2952 5509 δεξιὰ
2999 5445 3055 5498 δέ
3101 5444 3262 5498 αὐτοῦ
3308 5443 3441 5514 πρὸς
3489 5443 3684 5512 ἑαυτήν
3722 5453 3781 5508 με

2234 5539 2560 5595 διαλαϐοῦσα
2586 5542 2678 5592 καὶ
2707 5537 3137 5609 ἐφελκυσαμένη,
3171 5537 3374 5606 κούφην
3420 5553 3486 5606 με
3532 5535 3664 5606 πρὸς
3695 5530 3783 5600 τὴν

2236 5635 2348 5688 ἄνω
2377 5631 2546 5701 φορὰν
2574 5630 2959 5700 ἀπεργάζεται,
2998 5630 3156 5686 κάκεῖ
3177 5627 3550 5699 πεμπομένην,
3587 5625 3676 5678 καὶ
3697 5617 3780 5675 τοῦ

2236 5722 2446 5792 τοξότου
2489 5723 2563 5794 μὴ
2598 5724 2966 5798 χωριζομένην
2989 5741 3000 5754 ο
3053 5723 3128 5786 ώς
3159 5720 3295 5794 ὁμοῦ
3335 5739 3393 5776 τε
3422 5719 3678 5794 φέρεσθαι
3702 5713 3781 5770 διὰ
