4116 6522
298 480 406 536 853

1277 470 1343 525 ΙΝ
1390 468 1693 526 CANTICA
1714 466 1986 524 CANTIC.
2030 466 2313 522 HOMILIA
2352 465 2436 522 IV.

3460 466 3565 523 834

284 601 399 706 ιτῆς
452 595 630 668 βολῆς,
680 594 773 647 καὶ
821 594 942 656 ταῖς
994 591 1152 663 χερσὶ
1207 588 1302 644 τοῦ
1346 590 1617 645 Δεσπότου
1651 608 1882 645 συνανα-

395 688 407 704 ο
483 689 509 706 Λ
621 688 688 706 ens
734 686 782 706 ex
825 686 924 706 κε’..
954 683 1155 706 μ---9»-.
1188 682 1390 706 ---ε----λ
1428 683 1688 706 !§-_'._-__L
1724 700 1883 706 --.Α-η.

2017 592 2372 651 ’roverbium,
2426 604 2623 659 nempe
2654 586 2803 658 quod
2838 585 3129 658 longitudo
3180 590 3305 641 vitae
3349 595 3403 641 ct
3438 588 3564 640 anni

2017 685 2111 706 .2...
2151 692 2273 706 ---κα
2305 682 2525 706 ,λη-ιη-..
2552 681 2830 706 “anima-2M
2865 699 2875 706 .
2913 681 2965 706 ζ..
2990 679 3106 706 At"...
3135 687 3316 706 ...ΑΛ-ιι
3340 678 3561 706 (είηςινθηιι

282 678 591 787 ξπαύεσθαι.
621 688 702 741 Τὰ
729 686 787 740 δὲ
819 686 926 739 τῶν
953 683 1156 755 χειρῶν
1187 682 1391 736 τούτων
1427 683 1691 754 ἰδιώματά
1720 700 1884 755 φησιν

2017 685 2114 738 ita:
2149 692 2279 738 sunt
2302 682 2528 736 dextera
2551 681 2833 750 sapientiae
2864 699 2875 733 :
2913 681 2967 735 in
2987 679 3109 750 ejus
3134 687 3319 734 autem
3339 678 3565 733 sinistra

300 781 335 851 ὴ
379 780 676 851 Παροιμία.
716 778 799 831 ὅτι
852 775 1025 846 μῆκος
1075 775 1211 846 βίου,
1247 774 1342 828 καὶ
1382 774 1477 846 ἐτη
1514 775 1656 846 ζωῆς
1707 777 1765 828 ἐν
1819 779 1882 847 τῇ

300 869 450 941 δεξιᾷ
479 869 579 939 τῆς
609 868 800 939 σοφίας
823 884 837 899 ⁸
870 870 927 921 ἐν
974 868 1031 921 δὲ
1050 870 1116 939 τῇ
1146 867 1412 939 ἀριστερᾷ
1437 866 1630 937 αὐτῆς,
1660 865 1887 929 πλοῦτος

303 960 400 1011 καὶ
430 957 579 1025 δόξα.

376 1045 511 1104 Εἶτα
547 1048 685 1120 πρὸς
729 1046 828 1111 τάς
875 1047 1182 1118 θυγατέρας
1218 1046 1318 1115 τῆς
1364 1046 1475 1100 ἄνω
1535 1044 1889 1117 Ἰερουσαλὴμ

302 1144 499 1216 τρέπει
532 1142 623 1195 τὸν
650 1141 825 1209 λόγον.
870 1142 929 1194 Ὀ
973 1140 1029 1192 δὲ
1060 1139 1215 1208 λόγος
1264 1137 1609 1209 παράκλησίς
1653 1140 1798 1190 ἐστιν
1832 1138 1890 1190 ἐν

302 1236 454 1307 ὅρκῳ
516 1232 923 1304 προσαγομένη,
976 1232 1071 1285 τοῦ
1125 1232 1440 1297 πλεονάζειν
1492 1232 1587 1283 καὶ
1634 1228 1890 1296 ἐπαύξειν

304 1326 399 1380 ἀεὶ
433 1325 531 1395 τὴν
577 1324 818 1394 ἀγάπην,
870 1323 975 1386 ἕως
1024 1323 1089 1377 ἂν
1116 1322 1335 1395 ἐνεργὸν
1366 1320 1560 1375 ἐαυτοῦ
1598 1322 1795 1391 ποιήσῃ
1829 1321 1891 1373 τὸ

306 1418 542 1488 θέλημα,
570 1417 599 1467 ὁ
631 1414 799 1468 θέλων
830 1414 1035 1477 πάντας
1070 1413 1331 1483 σωθῆναι,
1363 1413 1457 1466 καὶ
1487 1413 1566 1474 εἰς
1599 1410 1891 1479 ἐπίγνωσιν

303 1510 565 1583 ἀληθείας
604 1509 799 1565 ἐλθεῖν.
846 1509 904 1562 '0
933 1509 990 1562 δὲ
1017 1508 1173 1575 λόγος
1201 1500 1358 1571 οὗτός
1389 1508 1536 1559 ἐστιν
1569 1504 1627 1557 ὃν
1660 1502 1891 1572 πεποίη-

304 1621 400 1658 ται
421 1620 435 1634 ο
486 1604 740 1671 "Opima
775 1600 929 1672 ὑμᾶς
952 1643 966 1668 ,
994 1602 1311 1671 θυγατέρες
1372 1596 1793 1667 Ἰερουσαλὴμ,
1824 1596 1895 1649 ἐν

305 1696 441 1762 ταῖς
478 1695 771 1764 δυνάμεσι
803 1695 902 1748 καί
946 1694 1017 1747 ἐν
1049 1693 1177 1760 ταῖς
1221 1692 1508 1763 ίσχύσεσι
1546 1688 1654 1744 τοῦ
1685 1687 1892 1758 ἀγροῦ,

305 1788 419 1841 ἐὰν
442 1788 704 1858 ἐγειζρητε
730 1786 825 1840 καί
858 1785 1190 1855 ἐξεγείρητε
1222 1785 1337 1853 τὴν
1381 1782 1642 1854 ἀγάπην,
1671 1782 1781 1848 ἕως
1821 1775 1895 1836 οὗ

312 1878 571 1947 θελήσῃ.
613 1878 815 1947 ’Ὅρκος
860 1878 978 1930 ἐστὶ
1008 1877 1163 1946 λόγος
1211 1876 1570 1947 πιστούμενος
1604 1876 1671 1930 δι’
1704 1872 1896 1927 ἑαυτοῦ

310 1972 412 2043 τὴν
462 1970 718 2041 ἀλήθειαν
742 1986 755 2000 '
810 1968 970 2038 διπλῆ
995 1968 1052 2022 δὲ
1082 1970 1113 2039 ἡ
1144 1967 1286 2022 κατά
1310 1967 1401 2021 τὸν
1436 1968 1599 2039 ὅρκον
1629 1965 1896 2035 ἐνέργεια.
1931 1963 1973 2018 Β

314 2065 387 2116 Ἦ
416 2062 524 2134 γὰρ
572 2061 738 2124 αὐτὸς
770 2059 1056 2114 πιστοῦται
1092 2058 1170 2130 τῷ
1199 2059 1449 2113 ἀκούοντι
1490 2056 1588 2129 τὴν
1617 2055 1893 2128 ἀλήθειαν,

311 2156 348 2227 ἢ
380 2155 560 2217 ἄλλοις
597 2154 685 2208 διὰ
713 2152 807 2207 τοῦ
838 2152 1103 2225 όρκισμοῦ
1138 2152 1236 2224 τὴν
1276 2153 1520 2222 ἀνάγκην
1565 2150 1759 2218 ἐπάγει
1805 2146 1897 2201 τοῦ

315 2249 484 2319 μηδὲν
512 2246 975 2319 παραψεύδεσθαι·
997 2241 1129 2310 οἷον,
1154 2246 1372 2315 Ὤμοσε
1403 2246 1614 2312 Κύριος
1630 2242 1709 2308 τῷ
1723 2238 1901 2294 Δαϐὶδ

313 2343 634 2411 ἀλήθειαν,
668 2340 765 2395 καί
791 2341 864 2394 οὐ
886 2339 972 2409 μὴ
1002 2337 1279 2405 ἁθετήσει
1303 2336 1497 2404 αὑτήν
1519 2352 1532 2367 ·
1564 2333 1797 2389 ἐνταῦθα
1840 2332 1901 2385 τὸ

314 2437 509 2490 πιστὸν
538 2437 637 2507 τῆς
666 2433 1012 2505 ὑποσχέσεως
1055 2428 1384 2504 ἐμπεδοῦται
1416 2429 1493 2502 τῷ
1529 2431 1698 2501 ὅρκῳ.
1734 2428 1899 2482 Ὅταν

315 2528 374 2583 δέ
400 2528 657 2599 φροντίδα
692 2525 1010 2596 ποιούμενος
1040 2526 1069 2577 ό
1108 2523 1357 2596 Ἀϐραὰμ
1386 2522 1486 2592 τῆς
1514 2519 1767 2591 εὐγενοῦς
1809 2519 1902 2572 ἐπὶ

312 2620 394 2691 τῷ
426 2621 703 2690 μονογενεί
744 2616 1022 2686 συζυγίας,
1054 2616 1373 2688 προστάσσῃ
1426 2614 1505 2685 τῷ
1542 2613 1655 2683 ίδίῳ
1690 2611 1898 2683 οἰκέτῃ.

320 2716 397 2782 μή
425 2727 545 2762 τινα
575 2709 683 2762 τῶν
715 2707 808 2761 τοῦ
840 2707 1029 2776 γένους
1056 2705 1298 2770 Χαναὰν,
1332 2704 1442 2758 τῶν
1472 2706 1536 2775 τῇ
1567 2702 1782 2773 δουλείᾳ
1800 2719 1902 2755 κα-

316 2801 790 2871 ταδεδικασμένων
838 2797 1139 2852 συνοικίσαι
1187 2794 1327 2868 πρὸς
1366 2795 1541 2866 γάμον
1574 2792 1653 2864 τῷ
1693 2792 1899 2857 Ἰσαὰκ,

318 2895 397 2958 ὡς
438 2894 503 2947 ἂν
555 2892 631 2963 μὴ
685 2890 1013 2961 λυμαίνηται
1046 2890 1112 2958 τῇ
1156 2886 1406 2957 εὐγενείᾳ
1445 2886 1546 2956 τῆς
1576 2884 1824 2955 διαδοχῆς
1867 2885 1901 2955 ἡ

317 2985 415 3040 τοῦ
451 2981 698 3038 δουλικοῦ
726 2982 917 3051 γένους
955 2978 1204 3050 ἐπιμιξία
1223 3019 1237 3043 ,
1286 2975 1400 3030 ἀλλ’
1432 2976 1497 3029 ἐκ
1519 2974 1620 3044 τῆς
1648 2973 1904 3045 πατρῴας

320 3076 487 3132 αὐτοῦ
516 3076 621 3146 γῆς
663 3076 756 3127 καὶ
788 3072 1105 3141 συγγενείας
1133 3068 1475 3141 ἁρμόσασθαι
1506 3066 1585 3139 τῷ
1617 3068 1767 3121 παιδὶ
1805 3067 1904 3136 τὴν

322 3166 587 3237 συζυγίαν
608 3208 623 3232 ,
659 3164 904 3234 ἀνάγκην
938 3163 1134 3230 ἐπάγει
1170 3159 1265 3213 τοῦ
1297 3159 1372 3230 μὴ
1418 3158 1732 3231 ρᾳθυμῆσαι
1778 3158 1905 3225 περὶ¹

322 3260 385 3313 τὸ
414 3257 742 3328 πρόσταγμα
774 3254 859 3308 διὰ
892 3252 984 3306 τοῦ
1032 3251 1248 3323 ὁρκίσαι
1296 3250 1477 3313 αὐτὸν,
1526 3251 1574 3302 εί
1629 3249 1728 3319 μὲν
1784 3250 1904 3302 sm-

327 3351 525 3420 στέλλῃ
589 3348 835 3419 ποιήσειν
901 3345 970 3398 δι’
1004 3343 1200 3406 αὐτὸν,
1253 3343 1352 3395 ὅσα
1400 3339 1526 3410 περὶ
1576 3338 1670 3392 τοῦ
1726 3338 1912 3403 παιδὸς

326 3444 669 3515 ἐδοκίμασεν.
730 3437 1039 3509 Ὀρκίζεται
1087 3434 1267 3487 τοίνυν
1322 3432 1425 3485 ὑπὸ
1472 3430 1567 3484 τοῦ
1613 3429 1914 3503 Ἀϐραὰμό

328 3536 607 3609 θεράπων,
672 3534 761 3586 ἵνα
800 3530 878 3602 τῷ
922 3529 1108 3583 Ἰσαὰκ
1153 3528 1249 3599 τὴν
1297 3525 1610 3598 πρέπουσαν
1656 3523 1917 3593 συζυγίαν

330 3628 668 3701 ἁρμόσηται.
706 3623 913 3693 Διπλῆς
944 3621 1123 3675 τοίνυν
1156 3618 1323 3689 οΰσης
1353 3617 1453 3687 τῆς
1478 3615 1620 3670 κατά
1640 3616 1729 3669 τὸν
1755 3617 1916 3687 ὅρκον

332 3720 633 3792 ἐνεργείας,
669 3714 904 3773 ἐνταῦθα
933 3717 967 3786 η
1021 3714 1156 3787 πρὸς
1208 3710 1459 3765 τοσοῦτον
1497 3707 1631 3779 ὕψος
1678 3709 1918 3780 ἀναδρα-

338 3812 515 3884 μοῦσα
550 3810 719 3880 ψυχὴ,
746 3810 871 3862 ὅσον
900 3808 959 3860 ἐν
999 3809 1113 3869 τοῖς
1152 3800 1652 3874 προεξητασμένοις
1677 3798 1918 3869 ἐθεωρὴ-

338 3919 546 3974 σαμεν,
593 3903 714 3962 ταῖς
765 3895 1235 3970 μαθητευομέναις
1282 3891 1479 3962 ψυχαῖς
1528 3889 1626 3961 τὴν
1674 3889 1810 3960 πρὸς
1857 3886 1919 3940 τὸ

337 3995 541 4049 τέλειον
574 3990 795 4064 πρόοδον
823 3986 1200 4059 ὑφηγουμένη,
1230 3984 1326 4053 οὐχ
1371 3976 1445 4036 ὧν
1485 3981 1622 4052 αῦτη
1654 3980 1919 4050 τετύχηκε

335 4088 567 4161 παρέχει
604 4088 724 4148 ταῖς
768 4080 1092 4143 ἀκουούσαις
1127 4077 1214 4130 διὰ
1248 4074 1343 4127 τοῦ
1388 4076 1553 4146 ὅρκου
1594 4072 1656 4126 τὸ
1684 4071 1922 4142 ἀναμφί-

338 4181 495 4234 6ολον
514 4195 527 4208 ·
559 4176 673 4231 ἀλλ’
720 4173 932 4238 ἐκείνας
960 4170 1047 4224 διὰ
1075 4168 1168 4222 τοῦ
1211 4164 1476 4239 όρκισμοῦ
1509 4163 1650 4236 πρὸς
1676 4162 1768 4215 τὸν
1799 4162 1919 4215 κατ’

338 4274 541 4349 ἀρετὴν
570 4269 900 4344 χειραγωγεῖ
930 4266 1063 4337 βίον,
1104 4263 1241 4335 μετά
1266 4263 1387 4315 τότε
1411 4256 1708 4328 ἀκοίμητόν
1737 4272 1797 4308 τε
1829 4257 1923 4308 καὶ

341 4365 707 4439 ἐγρηγορυῖαν
748 4361 847 4431 τὴν
884 4358 1102 4428 ἀγάπην
1149 4356 1312 4426 ἔχειν,
1359 4353 1464 4416 ἒως
1510 4352 1576 4404 ἂν
1622 4351 1701 4412 είς
1750 4348 1923 4419 πέρας

342 4435 487 4511 exeo;
532 4435 594 4508 et
627 4450 833 4521 ἀγαθὸν
879 4446 1043 4502 αὑτοῦ
1092 4446 1322 4516 θέλημα.
1373 4439 1543 4494 Τοῦτο
1596 4437 1653 4491 δέ
1702 4438 1817 4490 ἐστι
1863 4435 1925 4487 τδ

341 4551 551 4612 πάντας
584 4545 845 4615 σωθῆναι,
876 4541 970 4595 καὶ
998 4542 1077 4602 είς
1102 4537 1393 4606 ἐπίγνωσιν
1423 4530 1681 4603 ἀληθείας
1727 4528 1919 4582 ἐλθεῖν.

354 4641 415 4695 Ὀ
458 4638 515 4692 δέ
548 4634 811 4708 όρκισμὸς
843 4630 1030 4702 ὥσπερ
1076 4630 1193 4681 ἐκεῖ
1239 4626 1297 4678 ἐν
1337 4624 1415 4693 τῷ
1470 4620 1631 4694 μηρῷ
1683 4618 1776 4674 τοῦ
1812 4635 1920 4671 πα-

342 4731 605 4805 τριάρχου
636 4725 870 4797 ἐγένετο,
898 4722 1068 4784 οὕτως
1096 4717 1329 4773 ἐνταῦθα
1356 4718 1413 4769 ἐν
1451 4714 1715 4784 δυνάμεσι
1744 4711 1837 4763 καὶ
1866 4711 1949 4791 ἐν.

348 4802 594 4894 ἰσχύσεσι
620 4817 712 4871 τοῦ
740 4812 909 4887 ἀγροῦ
933 4854 947 4879 ,
972 4812 1142 4874 οὕτως
1171 4808 1413 4871 εἰπόντος
1438 4805 1529 4860 τοῦ
1562 4805 1720 4873 λόγου
1751 4818 1765 4832 ’
1794 4802 1926 4869 Ὤρ-

347 4929 494 4969 κισα
522 4910 699 4983 ὑμᾶς,
726 4905 1047 4978 θυγατέρες
1080 4899 1498 4971 Ἰερουσαλὴμ,
1524 4898 1593 4951 ἐν
1610 4893 1924 4963 δυνάμεσι,

348 5007 451 5063 καί
498 5006 568 5059 ἐν
615 5004 900 5072 ίσχύσεσι
936 4997 1044 5052 τοῦ
1088 4994 1295 5065 ἀγροῦ,
1347 4993 1455 5046 ἐὰν
1505 4990 1768 5060 ἐγείρητε
1830 4984 1929 5039 καὶ

347 5100 683 5169 ἐξεγείρητε
715 5092 830 5160 τὴν
860 5089 1099 5160 ἀγάπην
1131 5086 1241 5152 ἕως
1288 5079 1359 5140 οὗ
1406 5080 1659 5149 θελήσῃ.
1714 5079 1931 5148 Θεωρη-

350 5194 473 5268 τέον
514 5190 693 5243 τοίνυν
735 5186 793 5238 ἐν
838 5182 1068 5248 τούτοις,
1122 5180 1335 5251 πρῶτον
1386 5177 1484 5247 μὲν
1524 5174 1609 5236 τίς
1650 5174 1680 5226 ὁ
1728 5170 1931 5242 ἀγρός.

352 5264 545 5338 ἔπειτα
575 5280 659 5343 τίς
705 5279 738 5349 ἡ
771 5275 924 5347 ίσχὺς
955 5272 1049 5327 τοῦ
1080 5270 1252 5343 ἀγροῦ
1292 5269 1387 5323 καὶ
1413 5271 1446 5338 ἡ
1477 5267 1726 5336 δύναμις,
1762 5262 1857 5315 καὶ
1886 5261 1935 5313 εί

352 5374 614 5445 διαφορὰν
660 5370 772 5441 ἔχει
812 5367 983 5421 ταῦτα
1009 5364 1145 5440 πρρς
1180 5361 1405 5433 ἄλληλα,
1437 5359 1470 5431 ἢ
1509 5358 1567 5413 ἓν
1593 5357 1659 5411 δι’
1691 5352 1933 5426 ἀμφοτέ-

358 5483 469 5540 ρων
501 5465 617 5517 ἐστὶ
644 5462 704 5516 τὸ
738 5458 1133 5531 σημαινόμενον
1153 5472 1166 5486 ο
1199 5454 1334 5525 πρὸς
1364 5450 1593 5515 τούτοις,
1620 5449 1672 5502 τί
1697 5448 1759 5501 τὺ
1799 5445 1937 5514 ἐγεί-

361 5537 571 5631 ρεσθαι,
612 5555 705 5608 καὶ
726 5553 781 5607 τί
812 5552 873 5604 τὸ
902 5546 1269 5619 ἐξεγείρεσθαι
1294 5545 1392 5617 τὴν
1419 5544 1659 5614 ἀγάπην.
1690 5540 1763 5592 Τὸ
1788 5537 1931 5608 γὰρ.

360 5629 511 5716 Ἕως
557 5642 629 5704 οὗ
675 5642 941 5712 θελήσῃ,
992 5640 1080 5695 διὰ
1127 5639 1237 5694 τῶν
1284 5638 1589 5710 εἰρημένων
1631 5629 1935 5705 προαποδέ-

360 5743 532 5797 δοται.

438 5923 658 5979 “Prov.
696 5938 778 5988 ιιι,
823 5921 907 5975 lG.
997 5921 1037 5949 θ’
1062 5916 1083 5972 ι
1113 5914 1349 5973 Timoth.
1396 5928 1454 5979 ll,
1480 5911 1533 5966 ι.

1623 5909 1666 5940 ⁸⁸
1689 5906 1830 5964 Psal.
1860 5920 2047 5971 cun,
2106 5902 2191 5957 Η.

1992 776 2197 831 divitiae
2225 784 2279 831 et
2304 774 2479 846 gloria
2498 774 2563 826 ηδ.

2066 1060 2274 1117 Deinde
2327 1056 2601 1115 convertit
2646 1054 2953 1111 orationem
3006 1053 3077 1108 ad
3138 1053 3277 1109 ﬁlias
3321 1067 3571 1122 superna:

1994 1148 2321 1208 Jerusalem.
2376 1149 2473 1204 Est
2508 1156 2691 1203 autem
2732 1145 2912 1200 oratio
2943 1142 3255 1198 adhortatio
3313 1159 3433 1214 quae
3475 1143 3571 1196 ad—

1996 1245 2217 1300 hibetur
2270 1257 2394 1297 cum
2434 1239 2803 1309 adjuratione,
2852 1243 2912 1290 ut
2946 1235 3344 1304 multiplicetur
3381 1242 3437 1288 et
3474 1249 3573 1288 au-

1999 1348 2189 1409 geatur
2211 1350 2431 1406 semper
2458 1334 2724 1393 Charitas,
2778 1330 2954 1384 donec
2985 1328 3052 1382 ad
3102 1326 3356 1381 etlectum
3412 1341 3572 1381 suam

1999 1430 2287 1487 deduxerit
2325 1428 2687 1487 voluntatem,
2709 1423 2802 1493 qui
2833 1423 2950 1478 vult
2979 1436 3171 1475 omnes
3191 1418 3441 1474 homines
3459 1418 3573 1471 sal-

2000 1539 2099 1578 vos
2150 1522 2287 1584 ﬁeri,
2347 1526 2403 1574 et
2449 1518 2517 1573 ad
2573 1516 2909 1586 agnitionem
2968 1515 3161 1567 venire
3234 1508 3570 1564 veritatis”.

2002 1613 2129 1668 Haec
2163 1621 2293 1667 sunt
2336 1617 2517 1665 autem
2565 1608 2687 1677 ejus
2726 1607 2894 1662 verba
2933 1624 2945 1658 :
2987 1603 3248 1672 Adjuravi
3291 1618 3403 1663 vos,
3448 1600 3575 1669 ﬁlia:

2001 1705 2333 1768 Jerusalem,
2382 1704 2440 1756 in
2494 1699 2847 1771 potestatibus
2903 1709 2952 1752 et
3009 1695 3292 1749 virtutibus
3359 1693 3496 1763 agri,
3529 1691 3577 1745 si

2002 1798 2235 1853 excitetis
2272 1804 2323 1850 et
2361 1792 2654 1863 expergisci
2690 1789 2903 1860 faciatis
2932 1787 3265 1841 charitatem.
3294 1782 3579 1852 Jusjuran-

2004 1891 2133 1945 dum
2168 1896 2252 1943 est
2294 1888 2473 1941 oratio
2506 1901 2601 1955 per
2646 1898 2707 1939 se
2744 1881 3083 1937 conlirmans
3119 1878 3427 1932 veritatem.
3480 1872 3579 1926 Est

2007 1990 2193 2037 autem
2220 1979 2428 2049 duplex
2458 1974 2757 2048 juramenti
2792 1972 3081 2042 operatio;
3117 1978 3211 2024 aut
3247 1968 3394 2023 enim
3425 1965 3579 2035 quis-

2007 2076 2150 2146 piam
2174 2074 2223 2128 ei
2255 2073 2348 2143 qui
2392 2071 2543 2125 audit
2572 2068 2753 2123 ﬁrmat
2793 2066 2952 2120 ﬁdem
2983 2063 3251 2124 veritatis,
3304 2068 3399 2113 aut
3436 2056 3580 2111 alius

2007 2184 2104 2240 per
2145 2168 2521 2236 juramentum
2568 2160 2723 2215 aﬂert
2782 2157 3169 2213 necessitatem
3241 2160 3299 2205 nt
3353 2149 3581 2203 minime

2008 2260 2329 2321 mentiatur,
2372 2266 2431 2310 ut
2470 2275 2483 2309 :
2515 2253 2726 2307 Juravit
2778 2251 3036 2305 Dominus
3080 2244 3247 2300 David
3281 2244 3579 2301 veritatem,

2006 2363 2055 2407 et
2082 2369 2184 2406 non
2204 2347 2554 2420 frustrabitur
2580 2361 2696 2399 eam
2721 2343 2801 2397 ‘“:
2831 2342 2919 2396 hic
2942 2340 3076 2394 ﬁdes
3096 2336 3350 2409 promissi
3380 2334 3584 2387 conﬁr-

2006 2453 2188 2499 matur
2228 2439 2613 2514 jurejurando.
2646 2434 2879 2503 Quando
2912 2440 3094 2486 autem
3147 2442 3338 2483 curam
3384 2440 3584 2496 gerens

2007 2535 2284 2589 Abraham
2314 2531 2517 2587 nobilis
2569 2526 2813 2597 conjugii
2862 2524 2935 2578 tili
2984 2524 3067 2577 sui
3120 2519 3290 2584 unici,
3350 2517 3584 2587 imperat

2010 2642 2169 2683 servo
2195 2641 2298 2682 suo
2320 2641 2389 2680 ne
2414 2624 2651 2693 aliquam
2680 2619 2834 2674 exiis
2852 2617 2945 2686 qui
2973 2622 3190 2668 suntex
3211 2625 3411 2681 genere
3434 2608 3581 2661 Cha-

2008 2736 2193 2783 naam,
2225 2718 2319 2789 qui
2348 2715 2591 2773 damnati
2640 2719 2769 2767 sunt
2803 2709 2871 2763 ad
2906 2707 3251 2769 servitutem,
3289 2700 3588 2769 conjungat

2008 2813 2361 2869 matrimonio
2384 2827 2511 2866 cum
2553 2810 2664 2863 ﬁlio
2692 2806 2866 2870 Isaac,
2895 2819 2963 2859 ne
2995 2798 3372 2859 successionis
3416 2810 3587 2863 gene-

2009 2910 2088 2964 ris
2107 2906 2368 2962 nobilitas
2398 2907 2789 2970 corrumpatur
2814 2896 3075 2952 mistione
3087 2892 3308 2949 servilis
3326 2887 3546 2958 generis
3570 2898 3587 2936 :

2012 2999 2108 3057 sed
2145 3015 2210 3053 ex
2236 2996 2415 3067 patria
2445 3008 2545 3049 sua
2579 3001 2722 3046 terra
2750 2997 2803 3045 et
2823 2987 3152 3058 cognatione
3173 2982 3285 3037 ﬁlio
3306 2996 3407 3035 suo
3436 2981 3587 3032 acci-

2012 3092 2127 3163 piat
2143 3088 2434 3158 conjugcm
2454 3086 2524 3147 ⁸⁸,
2548 3084 2707 3139 affert
2726 3080 3128 3141 necessitatem,
3156 3092 3223 3130 ne
3249 3077 3299 3128 in
3318 3072 3474 3140 jussu
3499 3084 3591 3122 ex-

2014 3182 2293 3255 sequendo
2324 3180 2396 3235 sit
2427 3177 2730 3249 negligens,
2762 3180 3055 3244 propterea
3081 3167 3230 3238 quod
3267 3180 3389 3219 eum
3428 3167 3589 3233 adju-

2014 3273 2239 3336 raverit,
2278 3272 2322 3326 si
2359 3284 2483 3325 eum
2521 3268 2723 3330 mittat,
2769 3271 2994 3335 propter
3024 3262 3209 3330 ipsum
3239 3272 3365 3311 esse
3413 3255 3592 3310 factu-

2020 3381 2141 3421 rum
2173 3378 2295 3434 quae
2322 3360 2537 3417 censuit
2575 3358 2645 3413 de
2679 3356 2813 3410 ﬁlio.
2869 3352 3176 3422 Adjuratur
3197 3364 3328 3431 ergo
3356 3350 3595 3402 famulus

2022 3459 2092 3512 ab
2126 3420 2460 3516 Abrahamo,
2486 3459 2546 3505 ut
2576 3448 2749 3513 Isaac,
2798 3420 2968 3516 quam
3012 3459 3110 3514 par
3157 3420 3593 3508 estfomnjugem

2023 3548 2278 3619 accipiat.
2312 3545 2453 3613 Ergo
2481 3558 2606 3597 cum
2624 3536 2991 3611 jurisjurandi
3010 3535 3208 3604 duplex
3233 3532 3592 3602 sitoperatin,

2023 3643 2112 3696 hic
2167 3637 2349 3692 anima
2398 3633 2465 3688 ad
2519 3640 2726 3685 tantam
2780 3624 3163 3682 conscendens
3222 3620 3596 3679 altitudinem,

2023 3738 2284 3804 quantam
2337 3722 2695 3793 contemplati
2746 3734 2941 3775 sumus
2996 3717 3052 3770 in
3103 3714 3170 3768 iis
3204 3728 3324 3783 quae
3376 3712 3598 3765 l'uerimt

2024 3825 2178 3897 prius
2207 3820 2541 3881 examinata,
2574 3812 2866 3868 animabus
2892 3824 3013 3880 qtae
3045 3807 3269 3862 discunt
3311 3817 3596 3872 exponens

2025 3896 2375 3987 progressum
2407 3906 2476 3962 ad
2524 3905 2577 3960 id
2613 3902 2757 3973 quod
2792 3907 2876 3955 est
2923 3896 3249 3968 perfectum,
3314 3906 3420 3944 non
3459 3905 3601 3957 prae-

2024 3984 2116 4061 bet
2138 3984 2506 4057 audientibus
2545 4010 2640 4065 per
2678 3994 3076 4062 juramentum,
3127 3996 3187 4038 ut
3221 3984 3331 4038 sint
3373 3992 3601 4035 remoue

2027 4098 2097 4151 ab
2126 4093 2274 4148 omni
2302 4087 2649 4145 dubitatione
2676 4084 2743 4137 de
2778 4083 2847 4137 iis
2876 4095 2996 4151 qua:
3026 4078 3145 4148 ipsa
3175 4085 3258 4129 est
3285 4079 3544 4127 assecuta
3583 4094 3594 4126 :

2029 4185 2125 4243 sed
2153 4194 2207 4241 et
2235 4183 2357 4237 illas
2384 4178 2608 4235 deducit
2636 4175 2703 4229 ad
2742 4175 2910 4228 vitam
2946 4187 3011 4225 ex
3056 4168 3262 4223 virtute
3295 4164 3600 4235 degendam

2030 4292 2127 4349 per
2155 4270 2578 4343 adjurationem,
2611 4273 2666 4320 et
2708 4271 2767 4317 ut
2814 4275 3060 4329 eousque
3111 4258 3408 4326 insopitam
3438 4263 3494 4307 et
3524 4253 3603 4306 vi-

2030 4346 2288 4439 gilantem
2318 4362 2514 4415 habeat
2543 4356 2893 4415 charitatem,
2928 4350 3105 4405 donec
3143 4347 3209 4400 ad
3245 4346 3405 4399 ﬁnem
3434 4358 3602 4397 vene-

2030 4463 2102 4515 rit
2136 4459 2277 4513 bona
2304 4453 2424 4524 ejus
2448 4450 2726 4504 voluntas.
2750 4442 2825 4497 Ea
2852 4451 3035 4496 autem
3061 4446 3174 4501 est,
3197 4444 3255 4490 ut
3287 4449 3481 4490 omnes
3506 4433 3606 4485 ho-

2030 4553 2207 4607 mines
2225 4546 2365 4603 salvi
2391 4544 2543 4606 ﬁant,
2584 4548 2638 4595 et
2696 4536 2763 4592 ad
2809 4533 3150 4604 agnitionem
3196 4528 3424 4582 veniant
3465 4523 3607 4579 veri-

2032 4646 2179 4701 tatis.
2207 4637 2491 4710 Adjuratio
2521 4642 2700 4688 autem
2739 4631 2879 4684 sicut
2902 4627 3015 4679 illic
3038 4625 3177 4677 facta
3200 4629 3283 4675 est
3313 4620 3368 4673 in
3402 4617 3608 4672 femore

2033 4734 2382 4809 patriarchae,
2434 4729 2510 4783 ita
2557 4726 2645 4779 hic
2695 4725 2750 4776 in
2801 4719 3168 4791 potestatibus
3209 4722 3263 4769 et
3309 4710 3607 4765 virtutibus

2034 4802 2184 4901 agri,
2223 4825 2393 4880 verbo
2422 4822 2504 4876 sic
2541 4818 2761 4872 dicente
2793 4833 2806 4868 :
2838 4811 3098 4880 Adjuravi
3128 4825 3237 4871 vos,
3284 4805 3411 4875 ﬁlia:
3450 4802 3611 4856 Jeru-

2033 4895 2218 4983 salem,
2254 4918 2311 4970 in
2348 4907 2698 4982 potestatibus
2728 4913 2777 4960 et
2800 4901 3079 4959 virtutibus
3114 4899 3255 4969 agri,
3299 4898 3345 4951 si
3372 4895 3607 4950 excitetis

2035 5022 2085 5066 et
2114 5005 2409 5078 expergisci
2439 5000 2654 5071 faciatis
2690 4997 3030 5058 charitatem,
3050 4993 3212 5047 donec
3244 4990 3387 5044 velit.
3424 4988 3479 5041 ln
3523 4986 3608 5039 his

2036 5103 2275 5176 primum
2312 5091 2783 5152 considerandum
2817 5096 2900 5145 est
2936 5087 3062 5159 quis
3093 5086 3165 5139 sit
3196 5098 3325 5153 ager
3362 5100 3375 5135 :
3412 5076 3610 5133 deinde

2035 5173 2157 5267 qua:
2187 5192 2258 5248 sit
2292 5190 2469 5245 virtus
2504 5197 2561 5242 et
2584 5194 2828 5257 potestas
2859 5184 3068 5252 agri,et
3103 5193 3171 5231 an
3209 5179 3323 5229 haec
3371 5173 3511 5227 inter
3551 5186 3611 5225 se

2035 5264 2312 5348 differant,
2378 5290 2473 5335 aut
2515 5281 2562 5335 si
2640 5292 2812 5331 unum
2868 5272 3157 5341 utriusque
3219 5264 3609 5336 signiﬁcatum.

2036 5378 2305 5433 Prteterea
2346 5373 2477 5445 quid
2514 5373 2587 5428 sit
2618 5370 2892 5432 excitare,
2939 5373 2993 5420 et
3023 5362 3155 5434 quid
3185 5356 3494 5429 expergisci
3536 5353 3613 5407 fa-

2037 5487 2163 5529 cere
2185 5469 2526 5526 charitatem.
2586 5462 2723 5518 Illud
2775 5461 2919 5517 enim
2960 5479 2973 5513 :
3021 5457 3196 5511 Donec
3261 5451 3404 5516 velit,
3460 5450 3613 5519 prius

2041 5564 2146 5620 iuit
2172 5561 2489 5632 explicitum
2521 5571 2617 5627 per
2660 5570 2724 5610 ea
2775 5567 2896 5623 quae
2926 5550 3072 5606 dicta
3105 5551 3252 5602 sunt.

2290 5898 2333 5930 ⁵⁸
2364 5896 2500 5952 Gcn.
2530 5906 2675 5958 μιν,
2701 5889 2735 5941 9.
2766 5902 2883 5955 sqq.
