4110 6512
625 411 728 466 855

629 614 751 670 ﬁcet
785 631 892 670 vox
927 614 1163 675 Domini,
1194 631 1260 669 ex
1291 613 1601 685 Evangeliis
1635 616 1812 671 cuivis
1856 626 1942 674 est
1976 620 2196 689 perspi-

627 721 813 762 cuum.
850 707 1006 774 Quod
1037 717 1214 761 autem
1267 716 1518 762 transeat
1553 708 1726 779 ﬁgura
1780 710 1972 765 mundi
2010 711 2196 781 hujus.

625 809 682 854 et
720 800 866 870 quod
900 801 953 853 in
986 808 1184 854 natura
1219 801 1460 855 instabili
1502 801 1643 855 nihil
1676 801 1894 857 ﬁrmum
1938 804 2200 859 ostenda-

629 901 722 944 tur
757 899 810 946 et
853 892 1072 953 stabile,
1109 900 1194 947 est
1243 892 1470 948 evidens
1504 910 1569 948 ex
1611 909 1808 964 magna
1862 903 1918 950 et
1977 897 2200 951 sublimi

627 1000 761 1038 voce
794 983 1160 1048 Ecclesiastte,
1191 986 1283 1054 qui
1317 986 1587 1055 quidquid
1634 995 1860 1056 apparet
1889 995 1944 1042 et
1969 989 2196 1054 transit,

629 1073 772 1126 inter
804 1088 870 1128 ea
900 1089 1022 1143 qua:
1047 1083 1176 1129 sunt
1209 1089 1345 1127 vana
1393 1077 1798 1132 annumeravit.
1828 1075 2088 1143 Quaenam
2118 1087 2202 1134 est

627 1180 758 1232 ergo
792 1171 1040 1234 potestas
1066 1165 1230 1236 hujus
1259 1167 1374 1234 agri
1400 1167 1492 1236 qui
1525 1174 1612 1221 est
1637 1168 1908 1224 mundus?
1951 1177 2046 1222 aut
2078 1185 2201 1239 quae

629 1253 804 1309 virtus
835 1270 1298 1324 eorum,quorunt
1339 1257 1602 1310 memoria
1644 1255 1806 1311 ellicit
1854 1257 2071 1314 ﬁliabus
2107 1257 2200 1314 Je-

629 1345 867 1399 rusalem
921 1352 982 1398 ut
1037 1361 1148 1399 non
1203 1346 1275 1398 sit
1324 1345 1745 1400 transiliendum
1806 1350 2200 1417 praeceptum?

629 1431 764 1487 Nam
800 1435 846 1488 si
878 1434 944 1488 ad
981 1449 1043 1488 ea
1075 1449 1194 1503 quae
1225 1443 1485 1503 apparent
1518 1435 1874 1504 aspiciamus,
1921 1437 2062 1493 hanc
2091 1439 2204 1493 exi-

633 1520 1006 1576 stimationcm
1038 1521 1216 1589 rejicit
1247 1521 1628 1586 Ecclesiastes,
1655 1525 1808 1592 quasi
1858 1525 1914 1578 in
1959 1527 2040 1582 eis
2068 1543 2206 1581 non-

631 1613 780 1667 nulla
813 1614 886 1667 sit
912 1613 996 1668 vis
1034 1614 1346 1683 potestatis,
1373 1630 1574 1669 vanum
1611 1617 1904 1672 nominans
1941 1619 2207 1688 quidquid

633 1705 690 1757 in
733 1704 818 1758 eis
855 1704 1184 1766 ostenditur,
1233 1713 1288 1759 et
1321 1705 1376 1759 in
1411 1705 1557 1775 quod
1611 1707 1851 1761 studium
1898 1708 2202 1764 confertur.

630 1793 766 1847 Nam
798 1795 943 1863 quod
975 1804 1062 1850 est
1091 1810 1314 1859 vanum,
1365 1812 1475 1851 non
1509 1798 1786 1854 consistit.
1831 1799 1988 1866 Quod
2023 1813 2202 1857 autem

1834 415 1875 468 S
1917 413 2245 472 GREGORII
2277 413 2571 472 NYSSE‘NI
3771 425 3856 480 856

695 524 876 593 Atque
908 521 1057 593 quod
1089 537 1186 592 per
1223 536 1412 592 agrum
1446 521 1668 594 quidem
1717 524 1980 580 mundum
2023 527 2194 597 signi-
2223 531 2274 591 Α

2371 530 2494 584 Ὀτι
2543 531 2641 600 μὲν
2683 529 2772 584 διὰ
2811 529 2904 585 τοῦ
2951 529 3124 603 ἀγροῦ
3161 528 3253 583 τὸν
3291 531 3497 602 κόσμον
3534 535 3788 604 σημαίνει
3829 543 3854 612 ἡ

2299 619 2394 673 106
2420 622 2690 674 Δεσπότου
2719 621 2892 694 φωνὴ,
2923 625 3084 675 παντὶ
3106 621 3264 692 δῆλον
3289 624 3355 676 ἐκ
3385 622 3494 676 τῶν
3523 625 3858 692 Εὐαγγελίυιν

2300 713 2448 767 ἐστίν
2473 730 2486 744 ⁸
2518 713 2599 768 ὅτι
2631 714 2688 768 δὲ
2730 715 2969 786 παράγει
2998 716 3061 768 τὸ
3096 718 3284 786 σχῆμα
3305 715 3401 768 τοῦ
3425 715 3639 786 κόσμου
3667 718 3856 786 τούτου,

2302 804 2396 857 καὶ
2427 804 2578 857 οὐδὲν
2621 804 2816 873 πάγιον
2852 805 3126 858 δείκνυται
3154 806 3212 857 ἐν
3247 806 3316 874 τῇ
3349 804 3663 875 ἀστατούσῃ
3704 807 3858 874 φύσει,

2300 893 2458 965 δῆλον
2484 896 2549 947 ἐκ
2575 895 2672 965 τῆς
2695 895 2788 948 τοῦ
2823 893 3246 966 Ἐκκλησιαστοῦ
3274 895 3692 965 μεγαλοφωνίας
3715 899 3858 963 ἐστὶν,

2301 982 2360 1046 ὃς
2391 985 2499 1037 πᾶν
2521 985 2839 1054 φαινόμενόν
2867 1002 2932 1051 τε,
2953 987 3048 1039 καὶ
3078 987 3506 1058 παρερχόμενον,
3540 989 3605 1040 ἐν
3638 992 3860 1058 ματαίας

2302 1071 2626 1144 ἠρίθμησεν.
2662 1074 2757 1137 Τίς
2789 1069 2882 1127 οὖν
2915 1075 2948 1143 ἠ
2986 1074 3214 1146 δύναμις
3243 1074 3337 1128 τοῦ
3357 1076 3603 1131 τοιούτου
3631 1078 3863 1147 ἀγροῦ,ὁ

2304 1165 2451 1218 ἐστιν
2481 1167 2510 1218 ὁ
2535 1165 2772 1235 κόσμος;
2805 1166 2874 1217 Ἢ
2902 1165 2983 1228 τίς
3016 1165 3049 1236 ή
3082 1167 3254 1239 ίσχὺς.
3283 1159 3358 1218 ὧν
3386 1168 3421 1237 ή
3451 1167 3644 1237 μνήμη
3672 1169 3863 1239 ἀπαράο

2305 1254 2467 1308 ϐατον
2497 1259 2642 1308 ποιεῖ
2679 1255 2768 1309 διά
2799 1254 2894 1309 106
2939 1256 3202 1327 ὀρκισμοῦ
3247 1259 3369 1321 ταῖς
3406 1257 3743 1330 θυγατράσιν
3786 1263 3864 1314 Ἰε-

2311 1346 2588 1418 ρουσαλὴμ
2615 1348 2676 1400 τὸ
2710 1347 3106 1418 παράγγελμα;
3135 1349 3197 1400 Εἰ
3223 1348 3322 1418 μὲν
3351 1350 3460 1420 γάρ
3496 1350 3641 1420 πρὸς
3661 1350 3730 1403 τά
3757 1369 3861 1419 φαι·

2308 1437 2510 1508 νόμενα
2552 1438 2843 1508 βλέπομεν,
2888 1439 2964 1502 ὡς
2994 1437 3159 1508 οὔσης
3199 1439 3344 1501 τινὸς
3374 1441 3431 1492 ἐν
3468 1439 3687 1502 τούτοις
3725 1440 3862 1494 δυνά-

2313 1544 2488 1598 μεως,
2563 1529 2982 1599 παραγράφεται
3045 1526 3142 1598 τὴν
3209 1529 3462 1599 τοιαύτην
3520 1529 3790 1600 ὑπόληψιν
3839 1535 3862 1584 ὁ

2322 1621 2769 1693 Ἐκκλησιαστὴς,
2823 1621 3050 1690 μάταιον
3097 1619 3376 1690 ὀνομάζων
3420 1623 3526 1676 πᾶν
3567 1623 3628 1674 ἐν
3677 1622 3862 1685 10610:;

2308 1710 2651 1782 δεικνύμενόν
2676 1728 2736 1765 τε
2767 1712 2862 1764 καὶ
2901 1709 3352 1780 σπουδαζόμενον.
3402 1709 3476 1763 Τὸ
3516 1709 3632 1781 γὰρ
3660 1712 3860 1781 μάταιον

2310 1804 2409 1874 οὐχ
2440 1802 2730 1872 ὑφέστηκε.
2779 1803 2853 1855 Τὸ
2879 1803 2936 1856 δὲ
2987 1804 3061 1873 μὴ
3110 1802 3337 1870 ύφεστὸς
3369 1800 3509 1855 κατά
3544 1801 3649 1872 τὴν
3677 1802 3860 1865 οὐσίαν,

633 1887 688 1941 in
727 1887 961 1942 essentia
994 1903 1105 1942 non
1147 1889 1426 1952 consistit,
1464 1905 1573 1944 non
1611 1891 1777 1946 habet
1812 1894 2087 1949 virtutem.
2119 1895 2201 1949 An

2309 1895 2460 1964 ἰσχὺν
2489 1894 2590 1947 οὐκ
2631 1895 2762 1964 ἔχει.
2792 1894 2862 1946 Ἢ
2892 1892 3032 1963 τάχα
3059 1891 3146 1946 διὰ
3173 1893 3271 1962 τῆς
3301 1889 3673 1961 πληθυντικῆς
3705 1908 3858 1961 σημαο

634 1980 776 2034 forte
804 1995 901 2051 per
929 1980 1192 2049 pluralem
1222 1980 1671 2050 signiﬁcationem
1698 1983 1864 2052 hujus
1890 1989 2204 2054 potestatis,

634 2073 866 2127 inveniri
899 2081 1077 2140 potest
1121 2073 1302 2142 aliqua
1344 2089 1540 2128 sensus
1573 2075 1925 2142 conjectura?
1960 2077 2020 2130 In
2050 2093 2208 2132 sacra

631 2165 775 2219 enim
808 2164 1093 2232 Scriptura
1125 2164 1286 2218 talem
1317 2164 1558 2220 nominis
1589 2164 1954 2221 diﬁ‘erentiam
2004 2168 2058 2222 in
2109 2170 2212 2223 hu-

628 2255 870 2325 jusmodi
916 2257 1191 2318 novimus,
1237 2263 1297 2308 ut
1344 2254 1564 2324 quando
1620 2257 1974 2328 singulariter
2008 2260 2211 2314 dicitur

633 2346 809 2401 virtus
832 2347 902 2408 ",
945 2345 1011 2399 ad
1060 2345 1231 2400 Deum
1281 2345 1551 2400 referatur
1599 2351 1867 2404 sententia
1907 2346 2074 2419 hujus
2114 2367 2211 2405 vo-

633 2435 714 2490 cis
743 2455 755 2490 :
787 2436 1009 2505 quando
1047 2445 1229 2490 autem
1267 2451 1365 2505 per
1398 2435 1629 2506 ﬁguram
1657 2439 1923 2507 pluralem
1955 2445 2212 2495 enuntia-

637 2538 747 2592 tur,
778 2529 1016 2583 ostendit
1044 2537 1298 2582 naturam
1344 2528 1670 2599 angelicam,
1709 2538 1788 2594 ut,
1822 2531 2067 2586 Christus
2114 2531 2212 2586 Dei

635 2620 824 2682 virtus,
855 2629 902 2674 et
942 2619 1041 2673 Dei
1081 2619 1343 2688 sapientia
1373 2621 1449 2686 '“;
1489 2619 1580 2673 hic
1620 2621 1888 2691 singulari
1939 2624 2106 2677 Deum
2143 2623 2214 2677 si-

637 2709 878 2779 gniﬁcat.
920 2709 1162 2764 Laudato
1197 2708 1509 2776 Dominum,
1538 2726 1716 2765 omnes
1752 2712 1968 2766 virtutes
2002 2715 2116 2782 ejus
2139 2713 2208 2766 τ’.

637 2799 737 2855 Ξίίο
775 2801 988 2872 plurale
1031 2800 1296 2854 virtutum
1363 2799 1572 2854 indicat
1621 2801 2073 2871 signiﬁcationem
2109 2817 2210 2856 na-

639 2900 779 2946 turae
845 2892 1188 2962 angelorum,
1240 2907 1362 2961 quae
1409 2891 1557 2946 cadit
1604 2893 1709 2947 sub
1772 2893 2209 2962 intelligentiam.

636 2984 846 3039 Nomen
883 2991 1063 3038 autent
1097 2985 1386 3054 potestatis
1419 2984 1584 3038 simul
1626 2993 1911 3055 acceptum
1943 2999 2069 3039 cum
2097 2991 2211 3040 vir-

638 3084 755 3132 tute
789 3077 954 3131 habet
995 3075 1286 3131 clariorem
1321 3075 1607 3130 sententia:
1647 3075 2090 3144 expressionem;
2131 3076 2211 3130 sic

640 3164 924 3235 Scriptura
962 3180 1057 3236 per
1092 3164 1340 3220 iteratam
1370 3164 1748 3235 repetitionem
1775 3166 2062 3220 verborum
2093 3181 2213 3236 quae

638 3257 840 3313 habent
878 3258 1123 3313 eamdem
1155 3257 1288 3324 vim,
1341 3256 1551 3313 ﬁrmius
1581 3271 1646 3312 ac
1673 3257 1924 3313 stabilius
1973 3258 2026 3311 id
2065 3259 2211 3328 quod

640 3352 777 3416 vult,
827 3352 1191 3422 exprimente,
1239 3360 1298 3406 ιιι
1358 3352 1518 3412 illud.
1563 3351 1823 3404 Dominus
1872 3352 2036 3406 virtus
2073 3369 2211 3418 mea,

643 3443 897 3498 Dominus
950 3445 1341 3512 ﬁrmamentum
1389 3459 1561 3496 meum
1585 3442 1653 3498 ⁷⁸.
1709 3441 1854 3496 Idem
1905 3443 2050 3496 enim
2107 3453 2211 3507 est,

641 3537 782 3606 quod
814 3553 912 3606 per
938 3544 1233 3605 utrumque
1261 3534 1490 3589 verbum
1527 3533 1893 3604 signiﬁcatur.
1926 3532 2032 3588 Sed
2061 3548 2216 3588 com-

641 3629 844 3698 positio
900 3641 1089 3682 eorum
1141 3641 1262 3697 qua:
1317 3641 1501 3695 parem
1559 3626 1666 3679 vim
1727 3625 1961 3688 habent,
2012 3625 2217 3680 indicat

641 3718 1008 3775 intensionem
1058 3716 1178 3785 ejus
1215 3717 1362 3787 quod
1400 3715 1762 3786 signiﬁcatur.
1809 3715 2046 3770 Pluralis
2084 3731 2216 3786 ergo

641 3812 906 3864 virtutum
942 3807 1292 3879 signiﬁcatio,
1337 3816 1393 3861 et
1427 3807 1593 3862 simili
1632 3807 1794 3862 modo
1833 3808 2036 3862 mentio
2065 3817 2218 3878 pote-

643 3909 869 3966 statum,
920 3899 1136 3954 videtur
1183 3905 1418 3953 mentem
1463 3898 1772 3952 auditorum
1830 3897 2102 3953 deducere
2148 3898 2216 3952 ad

643 3993 942 4063 angelicam
990 3999 1264 4045 naturam.
1325 3988 1446 4055 Quo
1489 3989 1548 4044 ﬁt
1589 3997 1648 4043 ut
1691 3989 1986 4060 adjuratio,
2031 4005 2153 4059 quae
2185 4004 2214 4042 a

644 4086 911 4156 magistro
967 4082 1257 4138 adhibetur
1301 4083 1590 4138 animabus
1645 4099 1768 4152 qua:
1834 4084 2090 4148 discunt,
2148 4084 2215 4136 ad

643 4175 1114 4230 conﬁrrnationem
1165 4188 1352 4228 eorum
1399 4188 1520 4242 quae
1567 4182 1692 4227 sunt
1738 4173 2052 4242 diiudicata,
2107 4190 2216 4228 non

645 4272 715 4326 sit
735 4269 999 4323 adversus
1021 4269 1164 4321 hunc
1178 4266 1439 4321 mundum
1457 4266 1548 4335 qui
1568 4268 1827 4335 praeterit,
1843 4267 1936 4320 sed
1956 4267 2216 4322 adversus

645 4375 859 4429 semper
887 4365 1294 4429 permanentem
1326 4356 1640 4426 angelorum
1676 4365 1948 4421 naturam,
1989 4356 2055 4409 ad
2081 4372 2218 4426 quos

641 4426 1178 4522 iube—tur'aspicere,
1224 4457 1282 4502 ut
1327 4447 1612 4503 conﬁrmet
1658 4449 1908 4516 exemplo
1950 4426 2224 4502 stabilita-6

2310 1982 2428 2045 σίας
2452 1981 2551 2052 τῆς
2587 1983 2728 2035 κατά
2759 1981 2856 2052 τὴν
2887 1980 3133 2051 δύναμιν,
3169 1978 3282 2031 ἔστι
3310 1977 3432 2031 τινὰ
3461 1978 3766 2048 στοχασμὸν
3789 1981 3861 2031 εὑ-

2311 2076 2423 2144 ρεῖν
2456 2071 2550 2126 τοῦ
2581 2073 2891 2144 νοήματος;
2923 2069 3191 2139 Τοιαύτην
3224 2068 3333 2140 γάρ
3361 2068 3612 2139 ἔγνωμεν
3642 2067 3784 2139 παρά
3806 2070 3857 2137 τῇ

2307 2164 2441 2235 ἁγίᾳ.
2485 2163 2671 2235 Γραφῇ
2701 2162 2960 2233 διαφορὰν
2992 2162 3085 2214 ἐπὶ
3114 2160 3223 2214 τῶν
3256 2158 3512 2213 τοιούτων
3553 2156 3856 2228 ὀνομάτωνο

2308 2257 2435 2309 ὅταν
2466 2256 2564 2327 μὲν
2591 2254 2890 2327 μοναδικῶς
2913 2256 2947 2324 ὴ
2973 2253 3200 2323 δύναμις
3214 2252 3450 2322 λέγεται,
3474 2251 3616 2324 πρὸς
3646 2251 3706 2303 τὺ
3724 2249 3858 2302 Θεῖον

2309 2348 2686 2419 ἀναπέμπεται
2713 2346 2801 2399 διὰ
2826 2346 2925 2417 τῆς
2951 2345 3202 2412 τοιαύτης
3228 2345 3462 2415 φωνῆςὴ
3487 2343 3697 2398 διάνοια
3713 2362 3724 2373 ·
3753 2345 3858 2396 ὅταν

2308 2438 2365 2491 δὲ
2397 2437 2485 2492 διὰ
2527 2437 2621 2491 τοῦ
2674 2435 3038 2508 πληθυντικοῦ
3074 2436 3351 2507 σχήματος
3391 2436 3736 2503 ἐκφωνεῖται,
3780 2434 3858 2502 τὴν

2310 2529 2602 2600 ἀγγελικὴν
2623 2528 2783 2598 φύσιν
2803 2528 2881 2598 τῷ
2895 2528 3039 2598 λόγῳ
3060 2527 3386 2598 παρίστησιν
3411 2543 3426 2557 ν
3444 2519 3583 2589 οἷον,
3611 2525 3857 2592 Χριστὸς,

2313 2615 2460 2669 Θεοῦ
2491 2614 2744 2683 δύναμις
2775 2615 2875 2668 καὶ
2924 2616 3130 2684 σοφία,
3161 2614 3393 2668 ἐνταῦθα
3423 2613 3499 2685 τῷ
3533 2613 3794 2685 μοναδικῴ
3812 2614 3858 2666 τὸ

2311 2707 2465 2760 Θεῖον
2488 2705 2799 2777 ἐγνώρισεν.
2829 2705 3147 2775 Εὐλογεῖτε
3174 2705 3283 2759 τὸν
3314 2705 3535 2772 Κύριον
3558 2746 3574 2770 ,
3603 2703 3783 2758 πᾶσαι
3811 2705 3858 2757 al

2310 2801 2591 2871 δυνάμεις
2636 2801 2843 2855 αὑτοῦ.
2896 2797 3026 2854 Ὧδε
3071 2801 3132 2854 τὸ
3176 2799 3535 2871 πληθυντικὸν
3582 2799 3692 2852 τῶν
3728 2799 3860 2852 δυνά-

2315 2910 2460 2964 μεων
2485 2892 2584 2962 τῆς
2609 2891 2803 2961 νοητῆς
2835 2889 2942 2944 τῶν
2972 2890 3217 2960 ἀγγέλων
3247 2889 3456 2960 φύσεως
3480 2889 3583 2961 τὴν
3615 2887 3859 2958 σημασίαν

2311 2985 2668 3040 ἐνδείκνυται.
2700 2983 2774 3038 Τὸ
2801 2983 2859 3037 δὲ
2882 2985 2982 3054 τῆς
3012 2983 3194 3054 ἰσχύος
3221 2983 3390 3054 ὄνομα
3421 2980 3860 3052 συμπαραληφθὲν

2315 3077 2452 3147 μετὰ
2477 3076 2573 3147 τῆς
2601 3075 2880 3147 δυνάμεως
2899 3115 2915 3141 ,
2946 3074 3194 3128 ἐπίτασιν
3214 3073 3325 3143 ιτῆς
3363 3072 3455 3127 106
3491 3074 3757 3144 νοήματος
3781 3074 3859 3141 ip.-

2314 3169 2530 3235 φάσεως
2561 3169 2672 3240 ἔχει
2690 3187 2703 3200 ’
2735 3168 2876 3222 οὕτω
2903 3170 2999 3236 τῆς
3029 3167 3250 3238 Γραφῆς
3279 3166 3365 3220 διὰ
3385 3167 3482 3238 τῆς
3503 3164 3858 3236 ἐπαναλήψεως

2315 3263 2423 3317 τῶν
2457 3261 2918 3333 ἰσοδυναμούντων
2937 3261 3194 3332 ῥημάτων
3227 3258 3569 3329 βεϐαιότερον
3595 3255 3857 3328 ἐμφαινού-

2316 3370 2415 3426 σὴς
2445 3353 2474 3407 ὃ
2512 3351 2791 3422 βούλεται·
2840 3351 2916 3414 ὡς
2953 3350 3032 3416 τὸ,
3090 3351 3288 3418 Κύριε,
3324 3349 3364 3416 ἠ
3395 3349 3576 3418 ίσχύς
3621 3364 3738 3417 μου
3781 3344 3859 3396 καί

2315 3442 2617 3513 στερέωμά
2641 3461 2782 3512 μου.
2818 3441 3025 3496 Ταύτδν
3051 3441 3160 3512 γάρ
3193 3441 3450 3510 ἑκάτερον
3487 3438 3600 3491 τῶν
3629 3436 3857 3509 ῥημάτων

2313 3537 2374 3590 τὺ
2416 3535 2847 3608 σημαινόμενονο
2896 3533 3008 3587 ἀλλ’
3043 3534 3078 3604 ἡ
3112 3532 3222 3586 τῶν
3259 3529 3718 3601 ἰσοδυναμούντων
3755 3544 3857 3580 συνο

2317 3627 2456 3700 θήκη
2490 3627 2710 3693 ἔνδειξιν
2758 3625 2989 3678 ποιεῖται
3042 3623 3140 3694 τῆς
3195 3623 3336 3676 κατά
3377 3622 3437 3675 τὸ
3492 3620 3858 3691 σημαινόμενον

2315 3719 2635 3778 ἐπιτάσεως.
2676 3718 2738 3770 Ἡ
2766 3719 2944 3770 τοίνυν
2975 3714 3084 3768 τῶν
3111 3714 3391 3784 δυνάμεων
3417 3710 3749 3782 πληθυντικὴ
3778 3726 3855 3778 ση-

2320 3813 2512 3884 μασία,
2545 3810 2639 3864 καὶ
2676 3811 2710 3880 ἡ
2739 3809 3093 3880 ὁμοιότροπος
3133 3806 3242 3860 τῶν
3286 3805 3483 3878 ίσχύων
3515 3806 3723 3875 μνήμη,
3747 3801 3858 3873 πρὸς

2314 3904 2414 3976 τὴν
2441 3901 2736 3974 ἀγγελικὴν
2785 3901 2926 3954 ἔοικε
2958 3898 3116 3970 φύσιν
3163 3898 3396 3968 ἀπάγειν
3436 3897 3546 3950 τῶν
3588 3895 3857 3949 ἀκουόντων

2314 3995 2412 4067 τὴν
2445 3994 2680 4048 ἔννοιαν·
2735 3991 2877 4046 ὥστε
2919 3992 3010 4044 τὸν
3036 3990 3298 4062 ὁρκισμὺν
3341 3989 3431 4041 τὸν
3478 3989 3572 4040 ἐπὶ
3605 3983 3854 4057 βεϐαιώσει

2315 4087 2425 4141 τῶν
2461 4084 2799 4157 κεκριμένων
2844 4082 2994 4153 παρὰ
3020 4081 3121 4152 τῆς
3163 4080 3526 4148 διδασκαλίας,
3555 4082 3675 4142 ταῖς
3709 4075 3856 4149 μαθηο

2317 4179 2630 4248 τευομέναις
2657 4176 2852 4247 ψυχαῖς
2882 4173 3309 4246 προσαγόμενον,
3337 4169 3426 4243 *μὴ
3453 4171 3599 4225 κατά
3620 4169 3710 4223 106
3742 4182 3855 4236 παρ·

2322 4275 2543 4342 ἀγοντος
2579 4269 2822 4339 γίνεσθαι
2855 4268 3062 4337 κόσμου
3087 4309 3102 4330 ,
3131 4265 3264 4319 ἀλλά
3291 4265 3431 4318 κατά
3479 4263 3578 4334 τῆς
3609 4262 3853 4329 ἐπιδιαμε-

2319 4365 2513 4434 νούσης
2550 4363 2723 4416 εἰσαεὶ
2767 4360 2981 4429 φύσεως
3014 4358 3124 4412 τῶν
3170 4358 3438 4426 ἀγγέλων,
3465 4357 3605 4428 πρὸς
3645 4354 3730 4417 οὒς
3759 4351 3854 4423 βλέ-

2320 4475 2442 4510 πειν
2472 4454 2855 4519 διακελεύεται,
2905 4453 2991 4505 ἵνα
3024 4450 3086 4504 τὸ
3129 4449 3322 4518 πάγιόν
3375 4466 3434 4502 τε
3480 4449 3575 4502 καὶ
3630 4448 3854 4513 στάσιμον

647 4553 755 4599 tem
791 4554 846 4598 et
891 4541 1256 4597 constantiam
1313 4540 1438 4594 vita:
1475 4554 1598 4608 quae
1646 4555 1711 4593 ex
1769 4539 1971 4593 virtute
2013 4540 2211 4608 agitur.

2319 4550 2416 4621 τῆς
2440 4550 2558 4602 κατ’
2587 4546 2785 4618 ἀρετὴν
2813 4544 3084 4607 πολιτείας
3116 4541 3388 4614 βεϐαιώσῃ
3414 4541 3490 4612 τῷ
3510 4540 3850 4607 ὑποδείγματι.

646 4636 780 4691 Nam
811 4636 1069 4707 quoniam
1102 4633 1269 4686 vitam
1311 4640 1435 4701 post
1465 4632 1923 4686 resurrectionem
1960 4631 2218 4700 angelica:

646 4736 859 4782 natura:
918 4727 1154 4781 similem
1219 4724 1458 4778 futuram
1515 4731 1600 4777 est
1641 4722 1918 4791 pollicitus
1951 4722 2082 4792 (non
2135 4731 2218 4776 est

647 4828 826 4872 autem
853 4815 1084 4872 mendax
1116 4815 1161 4869 is
1194 4815 1285 4884 qui
1328 4813 1624 4884 promisit),
1657 4828 2000 4882 coasequens
2029 4814 2214 4875 fuerit,

645 4911 808 4964 etiam
838 4925 959 4964 eam
1003 4924 1124 4978 quae
1154 4916 1239 4963 est
1280 4909 1333 4961 in
1369 4906 1574 4961 mundo
1605 4906 1772 4960 vitam
1817 4907 2113 4976 praeparari
2149 4907 2217 4961 ad

645 5020 764 5057 eam
804 5018 924 5073 qua”:
967 5010 1155 5072 postea
1203 5011 1287 5057 est
1337 5001 1545 5066 futura,
1581 5009 1641 5052 ut
1686 4999 1778 5069 qui
1831 4999 1887 5053 in
1933 5015 2099 5055 carne
2135 5003 2217 5054 vi-

646 5105 803 5160 vunt,
826 5098 881 5150 in
903 5111 1035 5167 agro
1057 5095 1243 5150 mundi
1275 5095 1535 5165 degentes
1561 5109 1669 5147 non
1700 5094 1886 5148 vivant
1914 5093 2214 5148 secundum

647 5204 904 5251 carnem,
952 5203 1128 5258 neque
1176 5186 1594 5242 conformentur
1646 5185 1775 5240 huic
1835 5185 2071 5251 mundo,
2118 5187 2216 5241 sed

647 5281 1091 5350 prtcmeditentur
1131 5294 1252 5334 eam
1297 5280 1466 5332 vitam
1511 5294 1632 5348 quae
1683 5285 1957 5346 speratur,
2000 5294 2096 5347 per
2136 5279 2217 5331 vi-

649 5382 758 5425 tam
797 5388 920 5443 quae
963 5372 1145 5442 agitur
1171 5372 1224 5425 in
1277 5373 1380 5426 hoc
1411 5371 1634 5424 mundo.
1682 5368 1976 5439 Propterea
2016 5385 2216 5439 sponsa

651 5462 807 5521 aifert
847 5464 1047 5518 animis
1089 5478 1278 5518 eorum
1325 5463 1418 5530 qui
1461 5461 1682 5516 discunt
1722 5461 1864 5515 hanc
1907 5477 2003 5530 per
2036 5461 2218 5530 jusju-

655 5557 883 5611 randum
917 5557 1411 5620 conﬁrmatiouem,
1447 5562 1505 5607 ut
1529 5568 1716 5608 eorum
1742 5553 1854 5607 vita
1881 5568 2001 5622 qua:
2033 5554 2084 5606 in
2112 5553 2216 5607 hoc

651 5661 786 5720 agro
820 5658 970 5703 recte
1007 5647 1245 5718 degitur,
1277 5647 1510 5716 aspiciat
1541 5645 1605 5700 ad
1633 5644 1885 5710 virtutes,
1924 5661 2018 5715 per
2046 5645 2217 5715 impa-

721 5824 770 5858 “
794 5824 950 5879 Rom.
988 5839 1026 5892 ι,
1062 5825 1145 5881 16.
1231 5826 1272 5858 ⁷¹
1302 5823 1318 5879 1
1352 5826 1477 5880 Cor.
1528 5840 1565 5890 ι,
1597 5823 1684 5878 2i.

2333 4640 2549 4710 Ἐπειδὴ
2595 4637 2702 4709 γὰρ
2739 4637 2828 4689 τὸν
2883 4634 3019 4704 μετά
3064 4634 3162 4704 τὴν
3211 4631 3506 4686 ἀνάστασιν
3550 4630 3661 4700 βίον
3703 4629 3853 4696 ὅμοιον

2320 4731 2650 4803 ἐπήγγελται
2671 4732 2734 4800 τῇ
2763 4727 3090 4781 καταστάσει
3116 4723 3222 4777 τῶν
3248 4722 3547 4795 ἀνθρώπων
3568 4716 3852 4791 γενήπσθςιι

2323 4821 2578 4892 (ἀψευδὴς
2615 4819 2723 4891 γὰρ
2768 4823 2795 4872 ὁ
2823 4816 3331 4887 ἐπαγγειλάμενος),
3381 4814 3668 4868 ἀκόλουθον
3697 4811 3754 4864 ἂν
3785 4807 3850 4874 εἴη

2321 4917 2418 4968 καὶ
2445 4915 2544 4984 τὴν
2577 4915 2634 4966 ἐν
2678 4911 2756 4983 τῷ
2785 4911 2974 4982 κόσμῳ
3026 4908 3170 4980 ζωὴν
3218 4907 3353 4980 πρὸς
3393 4908 3492 4979 τὴν
3533 4901 3852 4974 ἐλπιζομένην

2325 5006 2464 5078 μετά
2499 5003 2669 5058 ταῦτα
2716 5000 3247 5072 παρασκευάζεσθαι,
3293 4998 3433 5052 ὥστε
3467 5001 3524 5051 ἐν
3559 4995 3716 5068 σαρκὶ
3743 4991 3850 5056 ζῶν-

2321 5116 2441 5163 τας,
2485 5099 2578 5151 καὶ
2609 5099 2666 5151 ἐν
2699 5095 2854 5168 ἀγρῷ
2883 5095 2976 5149 τοῦ
3007 5095 3210 5163 κόσμου
3243 5091 3432 5146 τούτου
3467 5091 3756 5158 διάγοντας,
3793 5082 3848 5151 μὴ

2323 5189 2464 5244 κατά
2510 5189 2688 5259 σάρκα
2738 5188 2857 5259 ζῇν,
2912 5187 3046 5258 μηδέ
3091 5182 3584 5256 συσχηματίζεσθαι
3616 5179 3689 5249 τῷ
3724 5174 3848 5229 αἰῶνι

2322 5281 2516 5352 τούτῳ,
2556 5279 2692 5334 ἀλλά
2740 5278 3078 5350 προμελετᾷν
3124 5276 3214 5329 τὸν
3261 5273 3610 5344 ἐλπιζόμενον
3660 5270 3758 5341 βίον
3781 5263 3849 5318 διὰ

2323 5375 2418 5445 τῆς
2447 5375 2504 5426 ὲν
2538 5372 2616 5443 τῷ
2656 5372 2844 5442 κόσμῳ
2873 5370 3038 5440 ζωῆς.
3071 5367 3169 5422 Διά
3189 5365 3345 5420 τοῦτο
3368 5366 3467 5436 τὴν
3495 5366 3580 5418 διὰ
3612 5362 3697 5416 τοῦ
3719 5361 3847 5428 ὅρκον

2326 5465 2614 5536 βεϐαίωσιν
2659 5466 2878 5534 ἐμποιεῖ
2920 5463 3036 5525 ταῖς
3069 5460 3267 5530 ψυχαῖς
3295 5457 3402 5511 τῶν
3437 5450 3847 5528 μαθητευομένων

2324 5560 2356 5629 ή
2402 5557 2615 5626 νύμφη,
2648 5554 2788 5608 ὥστε
2833 5555 2930 5624 τὴν
2963 5552 3108 5622 ζωὴν
3138 5550 3316 5603 αὐτῶν
3370 5549 3467 5620 τὴν
3513 5549 3571 5600 ἐν
3611 5544 3684 5614 τῷ
3725 5536 3845 5606 ἀγρῷ

2324 5665 2495 5718 τούτῳ
2542 5645 2980 5718 κατορθουμένην
3032 5643 3168 5715 πρὸς
3209 5640 3309 5706 τὰς
3351 5639 3600 5710 δυνάμεις
3647 5633 3842 5706 βλέπειν.

1765 5824 1808 5855 *³
1834 5821 1980 5878 Psal.
2019 5838 2242 5886 cxum,
2276 5823 2328 5876 ‘2.
2408 5821 2452 5853 ⁷³
2479 5820 2620 5877 Psal.
2655 5837 2786 5889 xvtt,
2816 5821 2870 5874 2.
