4110 6474
268 444 375 503 357

1319 443 1385 499 IN
1420 441 1719 501 CANTICA
1765 445 2034 502 CANTIC.
2073 443 2358 501 llOMlLlA
2400 443 2465 499 V.

3401 438 3507 495 858

271 552 615 630 μιμουμένην
646 550 735 608 διὰ
763 555 861 627 τῆς
892 552 1159 620 ἀπαθείας
1197 552 1293 628 τὴν
1332 557 1626 629 ἀγγελικὴν
1669 557 1837 613 καθαο

1953 556 2246 613 ibilitatem
2297 556 2465 611 vitam
2520 552 2744 609 imitans
2798 546 3121 624 angelicam.
3206 550 3298 609 Sic
3358 556 3506 609 enim

271 649 494 721 ρότητα.
551 646 708 701 Οὕτω
758 648 868 720 γὰρ
919 648 1269 721 ἐγειρομένης
1323 650 1425 720 τῆς
1477 650 1695 722 ἀγάπης
1742 652 1836 705 καὶ

1953 650 2169 706 :xcitata
2214 656 2270 704 et
2312 655 2629 718 experrecta
2677 646 2966 707 charitate.
2998 645 3055 700 id
3103 653 3208 714 est,
3240 646 3299 701 in
3337 647 3509 701 altum

270 739 704 811 ὲξεγειρομένης,
733 739 871 812 ὅπερ
900 739 1045 793 ἐστὶν
1077 741 1386 813 ὑψουμένης
1413 758 1473 795 τε
1505 742 1601 796 καὶ
1638 743 1724 796 ἀεὶ
1750 743 1839 797 διὰ

272 830 591 902 προσθήκης
631 830 766 903 πρὸς
802 831 864 884 τὸ
903 829 1084 902 μεῖξον
1115 833 1508 907 ὲπαυξομένης,
1539 835 1599 889 τὸ
1636 834 1839 906 ἀγαθὸν

271 919 392 976 εἷπε
423 922 636 994 θέλημα
666 923 757 978 τοῦ
796 923 930 977 Θεοῦ
954 924 1288 980 τελειοῦσθαι
1318 927 1393 991 ὡς
1425 930 1482 981 ὲν
1508 928 1718 1002 οὐρανῷ
1745 929 1840 983 καὶ

272 1016 365 1069 ἐπὶ
394 1015 515 1085 γῆς,
552 1016 650 1086 τῆς
699 1016 996 1089 ἀγγελικῆς
1025 1018 1293 1084 ἀπαθείας
1327 1021 1419 1074 καὶ
1464 1022 1523 1075 ὲν
1569 1023 1701 1094 ἡμῖν
1743 1040 1841 1076 κα-

273 1106 661 1178 τορθουμένης.
695 1106 878 1160 Ταῦτα
921 1111 1324 1182 κατενοήσαμεν
1351 1113 1430 1175 είς
1471 1112 1552 1177 τὸ,
1591 1113 1843 1182 Ὤρκισα

273 1196 449 1267 ὑμᾶς,
471 1199 785 1269 θυγατέρες
830 1201 1243 1271 Ἰερουσαλὴμ,
1290 1204 1359 1258 ἐν
1387 1204 1698 1275 δυνάμεσι,
1741 1207 1840 1261 καί

273 1290 346 1343 ἐν
375 1292 657 1360 ίσχύσεσι
690 1292 797 1347 τοῦ
823 1294 1008 1363 ἀγροῦ
1028 1313 1040 1328 ·
1070 1297 1178 1350 ἐὰν
1210 1297 1473 1367 ἐγείρητε
1500 1298 1599 1353 καί
1628 1299 1844 1369 ἐξεγεί-

267 1399 415 1451 ρητε
445 1382 559 1449 τὴν
600 1383 859 1453 ἀγάπην,
885 1386 996 1451 ἕως
1041 1384 1113 1444 οὗ
1148 1390 1401 1459 θελήσῃ.
1439 1390 1500 1443 Ei
1543 1390 1601 1444 δέ
1636 1409 1721 1455 τις
1751 1394 1843 1446 εὑ-

280 1471 457 1543 ρεθείη
485 1471 639 1540 λόγος
664 1473 847 1547 ἕτερος
888 1476 1086 1547 μᾶλλον
1116 1480 1487 1550 προσεγγίζων
1520 1482 1583 1551 τῇ
1616 1480 1845 1552 ἀληθείᾳ

274 1561 383 1614 τῶν
406 1560 767 1632 ζητουμένων,
792 1565 1052 1634 δεξόμεθα
1076 1567 1174 1637 τὴν
1194 1568 1372 1638 χάριν,
1400 1568 1495 1623 καὶ
1526 1570 1844 1641 εὐχαριστή-

277 1668 441 1723 σομεν
474 1653 553 1724 τῷ
588 1655 1023 1710 ἀποκαλύπτοντι
1064 1658 1133 1711 τὰ
1176 1660 1532 1730 κεκρυμμένα
1573 1662 1846 1734 μυστήρια

273 1737 505 1795 διά’τοῦ
566 1744 721 1810 ἁγίου
769 1745 1102 1817 Πνεύματος,
1151 1749 1209 1801 ὲν
1260 1748 1480 1821 Χριστῷ
1543 1751 1717 1822 Ἰησοῦ
1768 1751 1845 1823 τῷ

277 1833 466 1905 Κυρίῳ
495 1835 669 1905 ἡμῶν,
696 1830 740 1903 ᾧ
772 1838 968 1909 πρέπει
1007 1840 1041 1910 ἡ
1088 1840 1212 1908 δόξα
1241 1843 1320 1904 είς
1348 1844 1473 1907 τοὺς
1503 1842 1705 1909 αἰῶνας
1736 1843 1846 1899 τῶν

278 1922 506 1979 αἰώνων.
552 1926 743 1997 Ἀμήν.

885 2018 1128 2075 ΟΜΙΛΙΑ
1161 2023 1237 2078 Ε’.

352 2108 524 2174 Φωνὴ
552 2106 876 2188 ἀδελφιδοῦ
907 2129 1048 2180 μου.
1080 2112 1229 2167 Ἰδοὺ
1267 2109 1445 2183 οὗτος
1472 2115 1603 2185 ἥκει
1637 2118 1847 2188 πηδῶν

276 2196 379 2249 έπι
421 2197 494 2251 τὰ
528 2186 654 2266 δρη,
693 2199 1087 2271 διαλλόμενος
1117 2204 1215 2258 ἐπὶ
1258 2205 1399 2272 τοὺς
1418 2186 1716 2275 βουνούς.
1739 2210 1844 2264 Ὀ-

274 2288 446 2355 μοιός
471 2288 642 2342 ἐστιν
672 2289 994 2360 ἀδελφιδός
1033 2311 1151 2362 μου
1191 2292 1265 2363 τῇ
1296 2294 1557 2364 δορκάδι,
1588 2298 1627 2368 ἢ
1660 2298 1847 2368 νεϐρῷ

277 2378 521 2448 ἐλάφων
548 2380 646 2434 ἐπὶ
672 2382 744 2436 τὰ
788 2382 895 2451 ὄρη
936 2384 1178 2452 Βαιθήλ.
1229 2386 1383 2440 Ἰδοὺ
1433 2384 1610 2455 οὗτος
1656 2390 1847 2444 ὀπίσω

278 2471 385 2525 τοῦ
413 2473 616 2542 τοίχου
655 2473 842 2543 ήμῶν,
870 2478 1273 2544 παρακύπτων
1298 2477 1396 2533 διὰ
1420 2477 1539 2533 τῶν
1572 2480 1845 2549 θυρίδων,

274 2562 586 2618 ἐκκύπτων
610 2564 706 2619 διὰ
742 2565 861 2620 τῶν
901 2567 1176 2625 δικτύων.
1236 2572 1637 2641 Ἀποκρίνεται
1671 2573 1847 2630 ἀδελ-

275 2655 450 2724 φιδός
483 2673 620 2726 μου,
650 2657 746 2712 καί
771 2658 931 2728 λέγει
944 2678 1046 2730 μοι
1067 2677 1079 2690 ·
1134 2662 1411 2729 Ἀνάστα,
1433 2664 1592 2730 ἐλθὲ,
1624 2666 1663 2734 ἠ
1691 2670 1848 2736 πλη-

277 2748 418 2800 σίον
441 2765 579 2816 μου,
614 2749 770 2818 καλή
805 2768 945 2820 μου,
988 2754 1305 2822 περιστερά
1328 2772 1468 2824 μου.
1501 2757 1628 2811 Ὅτι
1659 2758 1789 2813 ἰδοὺ
1815 2762 1849 2813 ὁ

278 2839 500 2907 χειμὼν
546 2840 875 2909 παρῆλθεν,
926 2846 959 2897 ό
1008 2845 1184 2911 ὑετὸς
1217 2845 1506 2915 ἀπῆλθεν,
1555 2849 1847 2921 ἐπορεύθη

278 2927 489 2995 ἐαυτῷ.
513 2931 588 2984 Τὰ
610 2931 759 3001 ἄνθη
788 2934 952 3002 ὤφθη
982 2934 1050 2987 ἐν
1078 2934 1152 3005 τῇ
1172 2936 1269 3006 τῇ.
1305 2940 1508 3007 καιρὸς
1530 2940 1641 3009 τῆς
1662 2941 1849 3011 τομῆς

279 3016 519 3085 ἔφθακε,
556 3019 726 3089 φωνὴ
764 3022 876 3090 τῆς
920 3026 1208 3093 τρυγόνος
1248 3028 1519 3097 ἠκούσθη
1563 3032 1633 3084 ὲν
1668 3032 1745 3102 τῇ
1772 3033 1850 3103 γῇ

278 3108 466 3178 ἡμῶν.
523 3111 591 3165 Ἡ
617 3112 779 3180 συκῆ
824 3114 1152 3184 ἐξήνεγκεν
1192 3119 1490 3188 ὀλύνθους
1517 3122 1744 3192 αὐτῆςο
1789 3127 1851 3179 αἱ

277 3200 534 3268 ἄμπελοι
565 3205 972 3274 κυπρίζουσιν,
1021 3208 1254 3265 ἔδωκαν
1294 3212 1512 3282 ὀσμήν.
1578 3216 1847 3284 Ἀνάστα,

1937 743 2173 806 sublata,
2228 750 2280 796 et
2333 755 2549 809 semper
2589 754 2689 809 per
2738 737 3072 794 additionem
3129 739 3197 793 ad
3243 739 3510 808 majorem

1938 844 2097 890 aucta
2141 832 2582 904 amplitudinem,
2621 831 2819 886 bonam
2864 830 2958 885 Dei
2992 829 3132 885 dixit
3170 830 3509 885 voluntatem

1939 926 2145 998 perllci,
2199 925 2345 981 sicut
2391 925 2446 979 in
2499 924 2641 979 cmlo
2678 930 2731 979 et
2767 922 2822 976 in
2868 932 3035 986 terra,
3090 938 3215 979 cum
3268 924 3510 994 angelica

1938 1019 2320 1089 impatibilitas
2348 1018 2402 1071 in
2433 1015 2593 1071 nobis
2634 1029 2854 1085 quoque
2880 1014 3123 1084 perfecta
3156 1014 3342 1069 fuerit.
3386 1015 3511 1070 llaec

1938 1111 2368 1183 excogitavimus
2405 1109 2460 1163 in
2499 1108 2664 1162 illud:
2698 1106 2956 1176 Adjuravi
2996 1124 3109 1170 vos,
3142 1107 3272 1176 ﬁlia:
3291 1106 3514 1162 Jerusa-

1942 1207 2061 1267 lem,
2102 1203 2157 1256 in
2194 1200 2562 1268 potestatibus,
2606 1209 2654 1254 et
2686 1198 2964 1253 virtutibus
3000 1198 3136 1268 agri,
3182 1199 3230 1253 si
3277 1201 3513 1253 excitetis

1940 1304 1990 1350 et
2033 1295 2324 1364 expergisci
2361 1293 2579 1362 faciatis
2624 1292 2960 1357 charitatem,
2984 1289 3147 1344 donec
3177 1292 3319 1345 velit.
3359 1292 3515 1357 Quod

1944 1389 1990 1443 si
2017 1388 2199 1456 aliqua
2236 1386 2342 1441 alia
2387 1385 2700 1440 inveniatur
2729 1383 3020 1448 sententia,
3057 1399 3181 1453 quae
3210 1385 3385 1454 magis
3425 1400 3519 1439 ac-

1944 1478 2102 1537 cedat
2133 1480 2198 1534 ad
2230 1478 2515 1535 veritatem
2545 1493 2735 1534 eorum
2765 1491 2886 1547 qua“:
2912 1484 3256 1547 quaeruntur,
3292 1488 3519 1548 accepta

1942 1572 2050 1626 erit
2090 1571 2287 1642 gratia,
2327 1577 2381 1625 et
2414 1570 2621 1641 gratias
2672 1583 2897 1639 agemus
2930 1569 2978 1623 ei
3029 1568 3123 1638 qui
3167 1569 3375 1623 revelat
3416 1584 3515 1622 oc-

1945 1664 2091 1718 culta
2122 1662 2383 1733 mysteria
2430 1677 2528 1731 per
2555 1668 2809 1715 sanctum
2861 1657 3150 1729 Spiritum,
3198 1658 3253 1713 in
3290 1658 3519 1714 Christo

1943 1756 2096 1820 Jesu,
2154 1770 2317 1826 quem
2366 1754 2525 1811 decet
2579 1753 2752 1826 gloria
2794 1753 2854 1807 in
2911 1753 3113 1809 sacula
3166 1753 3516 1809 saeculorum.

1947 1850 2143 1901 Amen.

2537 2018 2821 2076 HOMILIA
2858 2019 2929 2077 Ὺ.

2018 2116 2148 2171 CAP.
2184 2130 2253 2179 ll,
2289 2116 2343 2185 ᾗ.
2380 2113 2432 2169 8.
2472 2112 2588 2167 V0.1:
2624 2112 2881 2181 patruelis
2923 2111 3045 2167 mei.
3090 2110 3225 2166 Ecce
3258 2112 3342 2165 hic
3382 2114 3521 2167 venit

1947 2207 2153 2263 saltans
2173 2222 2337 2276 supra
2356 2215 2577 2272 montes,
2603 2216 2652 2260 et
2681 2221 2774 2274 per
2804 2203 2964 2259 colles
2993 2205 3321 2257 transiliens.
3350 2205 3403 2260 9.
3434 2204 3523 2259 Si-

1946 2299 2090 2354 milis
2123 2306 2201 2353 est
2230 2297 2486 2367 patruelis
2531 2313 2676 2351 meus
2710 2311 2935 2364 caprew,
2973 2303 3066 2348 aut
3104 2296 3322 2350 hinnulo
3348 2312 3524 2350 cerro-

1947 2408 2087 2457 rum,
2112 2407 2266 2460 super
2289 2399 2488 2444 montes
2524 2388 2745 2443 Baethel.
2778 2387 2915 2441 Ecce
2959 2387 3042 2440 llic
3072 2396 3179 2440 stat
3207 2396 3323 2456 post
3347 2390 3523 2456 parie-

1951 2494 2053 2539 tem
2111 2500 2319 2549 meum,
2382 2481 2706 2552 prospiciens
2765 2496 2858 2549 per
2913 2480 3203 2549 fenestras,
3265 2497 3522 2549 apparens

1946 2591 2038 2647 per
2089 2574 2371 2631 cancellos.
2443 2572 2531 2627 10.
2580 2572 2874 2640 Respondet
2932 2573 3228 2641 patruelis,
3284 2581 3334 2625 et
3396 2571 3525 2625 dicit

1948 2671 2122 2725 mihi:
2166 2668 2366 2739 Surge,
2405 2667 2552 2732 veni,
2601 2666 2896 2734 propinqua
2922 2680 3036 2718 mea
3062 2702 3076 2727 ,
3115 2663 3337 2732 pulchra
3384 2680 3521 2728 mea,

1948 2759 2190 2815 columba
2240 2774 2373 2812 mea.
2429 2757 2519 2811 il.
2570 2754 2836 2821 Quoniam
2882 2768 2997 2808 ecce
3033 2754 3199 2807 hiems
3229 2755 3522 2822 praeteriit,

1949 2848 2115 2902 imber
2164 2846 2297 2901 abiit
2338 2854 2388 2899 et
2432 2860 2486 2898 se
2532 2842 2745 2909 recepit.
2799 2840 2886 2894 12.
2930 2839 3115 2895 Flores
3156 2841 3255 2894 visi
3303 2852 3427 2895 sunt
3472 2843 3527 2896 in

1951 2948 2113 3002 terra,
2142 2946 2341 3005 tempus
2366 2933 2656 3005 putationis
2680 2930 2908 2984 advenit.
2944 2926 3056 2983 Vox
3090 2931 3312 2984 turturis
3343 2931 3526 2985 audita

1948 3037 2026 3083 est
2080 3028 2136 3080 in
2189 3037 2331 3081 terra
2394 3032 2598 3077 nostra.
2668 3020 2755 3073 15.
2832 3016 2995 3070 Ficus
3055 3018 3276 3087 protulit
3318 3034 3526 3089 grass-os

1950 3136 2093 3174 suos.
2140 3116 2281 3171 Vites
2322 3116 2535 3184 ﬂorent,
2568 3111 2823 3165 dederunt
2858 3109 3093 3164 odorem.
3143 3108 3343 3179 Surge,
3374 3111 3523 3172 veni,

1949 3212 2238 3280 propinqua
2295 3224 2444 3267 mea,
2490 3202 2713 3273 pulchra
2757 3218 2894 3256 mea.
2953 3201 3042 3257 14.
3075 3199 3332 3257 Columba
3372 3218 3486 3254 mea
3512 3243 3527 3265 ,

276 3293 440 3358 ἐλθὲ,
461 3296 499 3363 si
535 3298 804 3365 πλησίον
822 3316 963 3369 μου,
998 3302 1154 3369 καλή
1179 3322 1323 3372 μου,
1350 3308 1671 3377 περιστερά
1704 3328 1845 3378 μου.

1953 3307 2007 3358 in
2058 3302 2278 3373 tegmine
2320 3308 2482 3368 petra:
2527 3296 2693 3366 juxta
2758 3293 3227 3364 propugnaculum.
3305 3292 3532 3346 Ostende

294 3384 398 3440 Ἐν
408 3387 602 3456 σκέπῃ
623 3388 727 3457 τῆς
747 3391 985 3459 πέτρας,
1013 3393 1270 3462 ἐχόμενα
1292 3397 1397 3452 τοῦ
1426 3401 1847 3471 προτειχίσμα-

280 3492 404 3543 τος,
444 3476 646 3542 δεῖξόν
677 3497 777 3549 μοι
808 3480 921 3549 τὴν
957 3482 1101 3551 ὄψιν
1127 3499 1264 3553 σου,
1287 3487 1384 3541 καὶ
1412 3489 1737 3544 ἀκούτισόν
1774 3509 1851 3561 με

281 3568 398 3637 τὴν
428 3570 636 3638 φωνήν
665 3586 800 3637 σου,
847 3572 936 3627 ὅτι
968 3574 1007 3642 ἡ
1040 3576 1208 3646 φωνή
1250 3593 1367 3633 σου
1400 3578 1589 3648 ἡδεῖα,
1629 3583 1667 3651 ἡ
1713 3582 1851 3651 ὄψις

280 3676 401 3715 σου
456 3663 657 3731 ὡραία.
718 3664 979 3720 Πιάσατε
1038 3668 1183 3737 ἡμῖν
1231 3669 1544 3739 ἀλώπεκας
1599 3676 1855 3743 μικροὺς

281 3751 677 3820 ἀφανίζοντας
719 3755 1097 3825 ἀμπελῶνας.
1149 3759 1258 3813 Καὶ
1300 3764 1360 3814 αἱ
1398 3761 1652 3831 ἄμπελοι
1685 3764 1856 3835 ἡμῶν

283 3841 691 3910 κυπρίζουσαι.
758 3845 1103 3916 Ἀδελςριδός
1134 3867 1254 3917 μου
1296 3850 1446 3920 ἐμοὶ,
1485 3852 1647 3923 κάγὼ
1673 3854 1851 3921 αὐτῷ,

285 3937 319 3988 ὀ
348 3937 676 4003 ποιμαίνων
713 3938 784 3991 ἐν
809 3939 933 4004 τοῖς
977 3942 1220 4009 κρίνοις,
1264 3943 1375 4008 ἕως
1408 3940 1480 4000 οὗ
1518 3945 1855 4018 διαπνεύση

285 4025 510 4095 ἡμέρα,
554 4029 652 4082 καί
702 4031 1032 4100 κινηθῶσιν
1079 4035 1140 4088 al
1189 4037 1375 4091 σκιαί.
1432 4038 1854 4108 Ἀπόστρεψον,

286 4118 597 4187 ὁμοιὼθητι
621 4120 723 4184 σὺ,
742 4122 1024 4193 ἀδελφιδέ
1051 4144 1191 4195 μου,
1215 4126 1295 4193 τῷ
1321 4128 1591 4199 δόρκωνι,
1613 4132 1652 4200 ἣ
1672 4134 1859 4201 νεϐρῷ

285 4209 529 4279 ἐλάφων
552 4212 650 4265 ἐπὶ
674 4213 777 4282 ὄρη
804 4216 1200 4285 κοιλωμάτων.

360 4301 443 4354 Τὰ
468 4301 563 4355 νῦν
604 4305 933 4373 προτεθέντα
964 4307 1051 4361 διά
1084 4309 1183 4379 τῆς
1222 4310 1578 4381 ἀναγνώσεως
1616 4315 1747 4384 ἡμῖν
1797 4317 1860 4369 ἐκ

288 4395 388 4466 τῆς
417 4393 510 4446 τοῦ
541 4394 814 4466 ¹’ᾼσματος
841 4398 947 4451 τῶν
989 4401 1249 4471 ᾀσμάτων
1294 4404 1630 4473 φιλοσοφίας,
1660 4408 1752 4460 καὶ
1783 4410 1863 4470 είς

289 4484 585 4555 ἐπιθυμίαν
614 4485 737 4553 ἄγει
766 4488 867 4557 τῆς
896 4488 1004 4542 τῶν
1037 4491 1445 4563 ὑπερκειμένων
1474 4495 1693 4564 ἀγαθῶν
1726 4497 1864 4550 θεω-

292 4576 439 4646 ρίας,
479 4576 576 4630 καὶ
608 4576 782 4648 λύπην
816 4581 1088 4651 ἐντίθησιν
1137 4584 1295 4655 ἡμῶν
1324 4588 1443 4650 ταῖς
1474 4586 1699 4658 ψυχαῖς,
1725 4590 1863 4643 ἀπό-

1956 3394 2083 3449 mihi
2117 3393 2306 3462 faciem
2349 3400 2495 3442 tuam
2520 3428 2535 3451 ,
2583 3395 2633 3441 et
2682 3386 2769 3455 fac
2814 3401 2895 3438 me
2928 3384 3113 3437 audire
3148 3398 3321 3437 vocem
3360 3392 3529 3437 tuam.

1965 3488 2078 3542 Vox
2126 3486 2264 3540 enim
2306 3492 2397 3537 tua
2448 3488 2527 3535 est
2588 3478 2761 3532 dulcis
2789 3516 2806 3541 ,
2866 3486 2917 3532 et
2964 3476 3127 3545 facies
3188 3484 3283 3528 tua
3319 3474 3529 3528 decora.

1958 3580 2046 3636 15.
2099 3577 2281 3642 Capite
2322 3574 2471 3629 nobis
2509 3572 2686 3642 vulpes
2713 3611 2728 3635 ,
2777 3586 2894 3641 qua:
2923 3578 3047 3623 sunt
3091 3567 3298 3640 quidem
3333 3582 3531 3636 parum,

1958 3670 2313 3727 demoliuntur
2375 3674 2553 3719 autem
2616 3665 2790 3717 vineas
2848 3677 2866 3715 :
2924 3662 3114 3730 ﬂorent
3173 3661 3311 3715 enim
3376 3660 3536 3713 vinea:

1956 3773 2171 3818 nostrae.
2235 3759 2321 3813 16.
2373 3756 2475 3814 Sed
2530 3757 2787 3825 patruelis
2838 3771 2979 3808 meus
3026 3752 3192 3818 mihi,
3228 3762 3280 3806 et
3320 3768 3410 3820 ego
3446 3751 3533 3815 ei,

1959 3854 2049 3925 qui
2092 3851 2262 3922 pascit
2315 3851 2452 3903 inter
2493 3848 2628 3901 lilia.
2675 3845 2762 3898 17.
2806 3844 2978 3896 Donec
3028 3843 3343 3911 perspirarit
3398 3840 3533 3905 dies,

1961 3954 2011 3998 et
2074 3953 2229 3997 motae
2298 3940 2496 4009 fuerint
2571 3937 2791 3990 umbrte.
2856 3934 3124 3988 Revertere
3177 3934 3317 3997 cito,
3380 3949 3408 3985 ο
3451 3948 3539 3999 pn-

1965 4034 2182 4095 truelis,
2233 4032 2307 4085 sis
2345 4029 2538 4084 similis
2575 4043 2778 4096 caprea:
2803 4066 2819 4091 ,
2871 4035 2965 4079 aut
3016 4025 3236 4079 hinnulo
3272 4041 3538 4078 cervorum

1963 4142 2126 4197 διῳνα
2160 4132 2359 4178 montes
2387 4136 2664 4177 σοηεαυοε.

2036 4298 2168 4365 Qua:
2219 4312 2316 4367 per
2366 4294 2658 4350 lectionem
2699 4305 2845 4346 nunc
2884 4290 3047 4345 nobis
3094 4298 3224 4346 sunt
3257 4290 3535 4360 proposita

1965 4406 2029 4445 ex
2051 4388 2399 4461 phiIOSOphia
2432 4385 2643 4441 Cantici
2667 4385 3034 4447 canticorum,
3069 4383 3349 4437 adducunt
3376 4383 3542 4437 etiam

1967 4482 2129 4538 nobis
2162 4480 2497 4536 desiderium
2533 4476 3015 4547 contemplationis
3041 4490 3231 4528 eorum
3268 4475 3537 4527 bonorum

1966 4591 2088 4646 qua:
2134 4586 2299 4644 supra
2352 4578 2502 4633 sunt,
2544 4577 2599 4624 et
2649 4569 2847 4622 animis
2896 4565 3107 4621 nostris
3165 4564 3565 4633 aegritudinem

293 4682 494 4734 γνωσιν
538 4667 869 4737 ἐμποιοῦντα
911 4672 1110 4741 τρόπον
1158 4674 1279 4727 τινὰ
1323 4678 1421 4747 τῆς
1456 4677 1565 4731 τῶν
1611 4677 1851 4749 ἀλήπτωι

1972 4667 2228 4728 all‘erunt,
2262 4680 2385 4736 quae
2430 4663 2599 4718 efﬁcit
2646 4668 2705 4715 ut
2742 4658 3150 4727 quodammodo
3194 4658 3544 4727 desperemus

295 4760 695 4830 κατανοήσεως.
724 4761 847 4827 Πῶς
876 4763 984 4835 γὰρ
1006 4765 1073 4819 ἄν
1097 4782 1180 4829 τις
1204 4767 1423 4831 ἀλύπως
1449 4768 1718 4842 διατεθείη
1746 4788 1869 4824 σκο-

295 4852 433 4917 πῶν,
468 4853 550 4906 ὃτι
591 4854 649 4906 ἐν
677 4854 964 4919 τοσαύταις
1002 4857 1209 4921 ἀνόδοις
1239 4859 1511 4929 ὑψωθεῖσα
1548 4860 1614 4914 δι’
1649 4862 1869 4935 ἀγάπης

298 4945 433 5011 πρὸς
459 4945 557 5017 τὴν
581 4946 674 4999 τοῦ
696 4947 902 5015 ἀγαθοῦ
927 4950 1214 5019 μετουσίαν
1240 4954 1273 5022 ἡ
1298 4953 1679 5025 κεκαθαρμένη
1698 4954 1863 5027 ψυχὴ,

294 5034 467 5099 οὔπω,
495 5036 676 5101 καθώς
710 5056 874 5111 φησιν
913 5042 941 5093 ὁ
990 5043 1306 5108 Ἀπόστολος
1326 5087 1341 5110 ,
1372 5048 1757 5119 κατειληφέναι
1782 5050 1868 5104 δοτ-

298 5126 387 5176 κεῖ
434 5124 495 5177 τὺ
543 5124 905 5199 ξητούμενον;
960 5130 1149 5185 Καίτοι
1202 5150 1266 5201 γε
1306 5135 1441 5206 πρὸς
1494 5136 1589 5199 τὰς
1650 5136 1869 5201 ἀνόδους

302 5215 514 5278 ὲκείνας
568 5217 813 5286 βλέπων,
859 5222 958 5286 τὰς
1005 5224 1472 5295 προδιηνυσμένας
1517 5228 1574 5279 ὲν
1622 5229 1731 5290 τοῖς
1764 5228 1871 5298 πρὸ

302 5304 506 5357 τούτων
523 5306 720 5376 λόγοις,
748 5313 1082 5385 ἐμακάριζον
1111 5317 1279 5389 αὐτὴν
1301 5316 1401 5386 τῆς
1428 5316 1765 5382 ἀναϐάσεως,
1782 5320 1871 5372 ὅτε

1975 4759 2041 4814 de
2073 4758 2143 4813 iis
2183 4765 2368 4811 mente
2416 4751 2785 4825 percipiendis
2826 4765 2947 4819 qua:
2977 4765 3083 4803 non
3117 4757 3348 4820 possunt
3393 4762 3544 4801 com-

1976 4850 2263 4921 prehendi.
2326 4843 2799 4914 Quemadmodum
2851 4842 2996 4896 enim
3053 4857 3161 4895 non
3208 4855 3350 4909 aegre
3409 4838 3549 4891 ferat

1973 4943 2269 5015 quispiam,
2328 4940 2374 4995 si
2423 4936 2761 5007 consideret,
2797 4933 3027 5005 quodin
3058 4933 3228 4987 tantis
3287 4932 3342 4985 in
3378 4932 3545 4983 altum

1975 5037 2191 5093 sublata
2218 5032 2639 5089 ascensionibus
2673 5045 2773 5101 per
2791 5030 3141 5088 charitatem.
3168 5026 3235 5081 ad
3260 5025 3388 5079 boni
3420 5039 3547 5092 par-

1972 5126 2367 5197 ticipationem,
2404 5130 2631 5194 purgata
2673 5121 2877 5185 anima,
2923 5118 3192 5178 nondum,
3241 5115 3384 5170 sicut
3414 5114 3549 5166 dicit

1966 5220 2262 5291 Apostolus
2290 5218 2357 5281 ⁷⁵,
2383 5212 2867 5285 comprehendisse
2890 5210 3106 5265 videtur
3140 5207 3193 5262 id
3223 5205 3367 5276 quod
3399 5218 3549 5273 quae-

1969 5314 2156 5369 ritur?
2210 5323 2525 5383 quanquam
2559 5304 2838 5375 aspiciens
2868 5303 3091 5373 quidem
3125 5308 3275 5354 certe
3306 5298 3371 5350 ad
3411 5297 3534 5349 illas
3624 5312 3647 5319 κ

301 5395 367 5450 τὸ
411 5396 579 5464 γλυκὺ
630 5402 794 5472 μῆλον
834 5406 1047 5474 ἐπέγνω
1083 5408 1183 5480 τῆς
1222 5409 1501 5480 ἀκαρπίας
1540 5410 1634 5463 τοῦ
1664 5410 1851 5482 δρυμοί

1973 5406 2328 5461 εεςεηεὶοιιεε
2377 5415 2499 5471 qua:
2567 5399 2789 5452 fuerunt
2860 5401 3095 5465 peracta
3156 5392 3209 5445 in
3272 5389 3547 5460 prioribus

301 5488 648 5559 διακρίνασα,
708 5496 802 5548 καὶ
853 5496 928 5561 ὡς
977 5500 1321 5575 ἐπιθυμητὴν
1364 5502 1529 5556 αὐτοῦ
1566 5504 1667 5575 τὴν
1698 5479 1851 5557 ’σκιάε

1976 5498 2043 5553 de
2082 5509 2321 5566 superno
2350 5504 2585 5548 ascensu
2605 5504 2724 5545 eam
2751 5487 3018 5542 ducebam
3042 5486 3280 5544 beatam,
3328 5479 3552 5549 quando

303 5582 620 5651 ἐποιήσατο,
653 5586 745 5667 κςιὶ
776 5588 853 5659 τῷ
884 5592 1079 5664 καρπῷ
1113 5596 1637 5665 καταγλυκανθείσα,
1674 5597 1731 5649 ὲν
1762 5598 1851 5647 τοί·

1980 5590 2203 5663 agnovit
2237 5588 2397 5643 dulce
2428 5585 2655 5645 malum.
2690 5583 2872 5652 ipsum
2904 5591 3165 5647 separans
3193 5590 3222 5627 a
3262 5574 3412 5629 silvae
3439 5580 3551 5625 ste-

300 5673 572 5745 ταμιείοις
596 5663 701 5747 τῆς
716 5663 1058 5755 εὐφροσύνης
1079 5663 1292 5755 ἐγένετο
1309 5725 1326 5745 .
1358 5683 1512 5743 Οἶνον
1537 5688 1595 5742 δὲ
1618 5688 1847 5760 ὀνομάξε

1980 5685 2204 5748 rilitate,
2252 5688 2307 5737 et
2341 5686 2600 5750 tanquam
2642 5668 3145 5743 concupiscendam
3173 5666 3295 5737 ejus
3325 5663 3550 5735 putabat

376 5852 423 5883 ⁷⁵
445 5850 645 5925 Ephes.
676 5871 755 5924 Ill,
800 5856 885 5912 12.
