4116 6550
556 416 660 476 859

1811 420 1871 480 S.
1914 420 2238 479 GREGORII
2276 418 2570 476 NYSSENI

3690 409 3794 467 860

555 529 680 568 esse
725 515 1014 582 umbram;
1061 519 1116 570 et
1160 512 1375 573 fructus
1408 513 1701 574 dulcedine
1734 518 1952 580 allecto.
2001 527 2111 573 erat

2229 516 2323 588 τὴν
2347 515 2714 588 εὐφροσύνην,
2734 506 2778 581 ᾧ
2807 514 2840 585 ἡ
2867 511 3059 583 καρδία
3080 511 3190 565 τῶν
3216 507 3550 582 μετεχόντων
3570 504 3792 576 εὐφραί-

557 603 613 658 in
670 607 869 662 laetitia
917 606 1312 677 penetralibus.
1367 606 1567 662 Vinum
1637 618 1819 667 autem
1874 617 2122 673 nominat

555 698 822 764 lmtitiam,
855 699 1000 770 quod
1053 699 1288 754 laetiﬁcat
1326 715 1422 755 cor
1464 716 1654 756 eorum
1696 704 1789 773 qui
1833 715 1964 761 sunt
1996 707 2118 778 ejus

553 789 866 858 participes,
915 797 968 845 et
1002 797 1262 861 tanquam
1295 790 1352 845 in
1386 792 1654 848 charitate
1691 795 1976 861 collocata,
2015 799 2120 854 ful-

552 879 694 930 citur
720 881 1037 948 unguentis,
1078 896 1366 950 pomorum
1393 881 1736 952 operimento
1773 885 2029 951 vallatur,
2061 896 2116 944 et

550 976 810 1039 tanquam
847 971 903 1026 in
938 972 1104 1028 corde
1138 982 1360 1044 accepta
1393 975 1679 1030 charitatis
1729 977 1949 1047 sagitta,
1991 995 2118 1034 rur-

550 1075 648 1116 sus
676 1062 794 1132 ipsa
821 1079 1039 1134 quoque
1059 1065 1112 1118 in
1138 1066 1389 1119 manibus
1417 1066 1682 1136 sagittarii
1711 1066 2025 1137 ﬁtjaculum
2050 1072 2115 1126 ad

549 1166 777 1221 scopum
811 1155 1059 1210 veritatis
1093 1155 1359 1211 directum
1395 1157 1448 1210 in
1491 1159 1745 1214 manibus
1778 1163 2014 1228 potentis
2047 1165 2112 1218 ⁷⁸.

548 1241 675 1299 Haec
718 1252 773 1300 et
818 1262 940 1316 quae
973 1253 1104 1300 sunt
1151 1246 1467 1314 liujusmodi
1503 1248 1801 1317 aspiciens,
1829 1251 2116 1306 existima-

548 1333 673 1388 bam
729 1351 872 1400 eam,
918 1352 1040 1407 quae
1089 1346 1208 1392 erat
1257 1337 1394 1390 adeo
1435 1336 1647 1392 sublata
1690 1342 1745 1392 in
1785 1341 1976 1408 altum,
2023 1359 2118 1413 ap-

551 1427 915 1496 prehendisse
940 1445 1214 1483 summum
1237 1429 1614 1484 beatitudinis.
1640 1429 1768 1497 Sed,
1789 1443 1847 1488 ut
1878 1435 2113 1502 videtur,

546 1535 670 1590 quae
704 1521 857 1590 prius
903 1527 1030 1574 sunt
1061 1530 1302 1591 peracta,
1357 1530 1484 1576 sunt
1515 1522 1692 1576 adhuc
1732 1529 1993 1594 prooemia
2028 1544 2117 1585 as-

545 1623 769 1663 census.
825 1609 1027 1665 Omnes
1071 1609 1216 1664 enim
1255 1610 1378 1665 illas
1427 1612 1802 1676 ascensiones,
1853 1631 1962 1670 non
2014 1634 2115 1679 no-

548 1700 720 1754 minat
745 1703 1260 1770 contemplationem
1286 1709 1340 1755 et
1367 1703 1670 1758 evidentem
1696 1706 1944 1761 veritatis
1967 1723 2114 1762 com-

457 1848 459 1850 η
547 1787 982 1856 preliensionem,
1031 1788 1126 1843 sed
1173 1803 1362 1842 vocem
1430 1789 1551 1859 ejus
1599 1792 1692 1862 qui
1744 1793 2110 1864 desideratur,

2223 625 2390 673 νεται,
2411 608 2504 659 καί
2521 606 2596 669 ὡς
2617 607 2674 660 ἐν
2695 607 2760 675 τῇ
2780 603 2966 672 ἀγάπῃ
2989 599 3245 671 ταχθεῖσα
3263 600 3373 660 τοῖς
3396 594 3585 666 μύροις
3611 591 3793 661 στηρί-

2224 697 2394 762 ζεται,
2412 695 2766 766 διαληφθεῖσα
2780 695 2844 764 τῇ
2861 692 2966 745 τῶν
2989 690 3172 762 μήλων
3193 686 3471 760 περιϐολῇ,
3491 686 3588 738 καὶ
3607 684 3683 747 ὼς
3695 684 3790 752 ἐγο

2224 790 2441 861 κάρδιον
2489 787 2754 858 δεξαμένη
2805 785 2904 855 τῆς
2955 783 3176 854 ἀγάπης
3207 781 3270 835 τὸ
3317 779 3496 850 βέλος,
3529 777 3692 831 πάλιν
3730 778 3789 830 ἐν

2191 889 2203 907 ⁸
2222 885 2342 946 ταῖς
2369 880 2525 953 χερσὶ
2556 879 2651 932 τοῦ
2678 877 2891 942 τοξότου
2933 876 3028 930 καὶ
3054 873 3190 944 αύτὴ
3234 871 3384 942 βέλος
3414 869 3624 938 γίνεται
3653 866 3788 938 πρὸς

2221 973 2313 1026 τὸν
2343 973 2442 1042 τῆς
2470 969 2724 1041 ἀληθείας
2769 965 2988 1032 σκοπὸν,
3018 966 3076 1017 ἐν
3105 965 3224 1026 ταῖς
3253 961 3408 1032 χερσὶ
3439 958 3533 1012 τοῦ
3561 954 3786 1011 δυνατοῦ

2223 1063 2574 1133 εὐθυνομένη.
2631 1060 2814 1114 Ταῦτα
2870 1059 2964 1112 καὶ
3010 1056 3079 1110 τὰ
3125 1054 3350 1108 τοιαῦτα
3400 1051 3642 1122 βλέπων,
3687 1047 3783 1102 τοῦ

2223 1154 2524 1225 ἀκροτάτου
2580 1155 2679 1224 τῆς
2729 1150 3124 1222 μακαριότητος
3168 1144 3492 1215 ἐπειλῆφθαι
3542 1142 3641 1213 τὴν
3692 1140 3784 1194 διὰ

2221 1243 2487 1298 τοσούτων
2515 1241 2816 1311 ὑψωθεῖσαν
2839 1237 3158 1318 ἐλογιζόμην
3178 1252 3191 1267 ⁸
3214 1236 3351 1300 ἀλλ’,
3383 1237 3457 1298 ὡς
3479 1232 3674 1297 ἔοικεν,
3701 1232 3784 1285 ἐτι

2220 1335 2483 1405 προοίμια
2517 1334 2615 1403 τῆς
2647 1333 2830 1386 ἀνόδου
2863 1330 2933 1384 τὰ
2959 1327 3392 1401 προδιηνυσμένα
3422 1327 3558 1379 ἐστί.
3597 1325 3774 1379 Πάσακ

2221 1425 2329 1497 γὰρ
2350 1425 2447 1489 τὰς
2465 1423 2751 1486 ἀναϐάσεις
2779 1421 2986 1486 ἐκείνας
3005 1422 3065 1474 ού
3089 1420 3318 1492 θεωρίαν
3346 1418 3466 1472 τινὰ
3493 1417 3587 1471 καὶ
3614 1417 3787 1471 κατά-

2219 1518 2374 1586 λογον
2405 1516 2610 1587 ἐναργῆ
2649 1519 2747 1587 τῆς
2782 1514 3065 1585 ἀληθείας,
3097 1513 3231 1567 ἀλλὰ
3260 1512 3441 1583 φωνὴν
3467 1509 3560 1563 τοῦ
3585 1508 3782 1562 ποθου-

2222 1609 2382 1680 μένου
2415 1605 2788 1677 κατονομάζει,
2813 1606 2900 1659 διὰ
2917 1605 3017 1674 τῆς
3047 1604 3212 1674 ἀκοῆς
3240 1601 3785 1674 χαρακτηριζομένην

2217 1697 2326 1759 τοῖς
2364 1694 2661 1764 ἰδιώμασιν,
2697 1693 2756 1746 οὐ
2797 1693 2885 1746 διὰ
2915 1693 3012 1764 τῆς
3043 1694 3417 1762 κατανοήσεως
3449 1691 3788 1759 γινωσκομέο

2219 1804 2314 1858 νην
2349 1787 2442 1840 καὶ
2471 1786 2880 1857 εὐφραίνουσαν.
2915 1786 2978 1838 Εἰ
3014 1781 3106 1838 οὖν
3137 1785 3316 1854 ἐκείνη
3357 1783 3604 1837 τοσοῦτον
3631 1782 3784 1852 ὑψω-

544 1890 668 1944 qum
727 1891 823 1944 per
869 1875 1113 1931 auditum
1169 1877 1493 1946 exprimitur
1543 1879 1597 1933 in
1643 1883 2111 1972 proprietatibus:

2219 1877 2390 1940 θεῖσα,
2418 1875 2600 1939 καθὼς
2632 1878 2758 1948 περὶ
2782 1875 2875 1929 τοῦ
2911 1875 3143 1946 μεγάλου
3167 1874 3379 1928 Παύλου
3417 1873 3782 1944 μανθάνομεν,

449 1995 453 2015 τ
545 1982 654 2030 non
691 1978 870 2021 autem
920 1968 1118 2023 mentis
1150 1968 1666 2040 compreliensione'
1687 1979 2036 2044 cognoscitur
2063 1988 2117 2034 et

545 2059 784 2114 laetificat
814 2058 964 2114 ".'Si
989 2076 1120 2131 ergo
1144 2061 1233 2115 illa
1267 2061 1322 2115 in
1349 2063 1517 2116 altum
1550 2080 1723 2134 usque
1751 2069 1885 2122 adeo
1905 2079 2112 2135 evecta,

545 2152 689 2206 sicut
737 2151 1002 2206 discimus
1059 2152 1127 2206 de
1174 2167 1373 2222 magno
1424 2153 1614 2220 Paulo,
1663 2157 1756 2228 qui
1795 2174 1959 2229 super
2002 2168 2116 2218 tres

543 2245 714 2298 cmlos
769 2243 869 2298 fuit
919 2243 1200 2308 sublatus,
1247 2245 1487 2299 nondum
1551 2257 1806 2304 accurate
1870 2264 2116 2322 compre-

545 2333 804 2390 hendisse
856 2334 1166 2402 ostenditur
1214 2334 1269 2388 id
1321 2335 1466 2405 quod
1509 2337 1936 2395 consideratur:
1984 2343 2114 2411 quid

545 2433 981 2480 consentaneum
1017 2431 1100 2480 est
1131 2425 1290 2480 nobis
1332 2429 1644 2492 usuvenire,
1683 2439 1776 2484 aut
1804 2432 1858 2484 in
1893 2433 2116 2502 quibus-

545 2531 670 2569 nam
688 2531 809 2570 esse
838 2531 936 2571 nos
963 2523 1236 2586 reputare,
1267 2517 1360 2586 qui
1382 2518 1450 2573 ad
1472 2519 1757 2590 adytorum
1781 2525 2114 2594 contempla-

542 2608 708 2661 tionis
749 2607 1014 2662 vestibula
1066 2607 1308 2661 nondum
1340 2623 1508 2678 prepe
1552 2611 1929 2667 accessimus?
1961 2613 2114 2670 Licet

542 2712 723 2756 autem
753 2717 848 2772 per
875 2717 937 2756 ea
985 2718 1106 2772 quae
1134 2703 1202 2758 ab
1226 2703 1342 2773 ipsa
1374 2705 1518 2758 dicta
1549 2714 1680 2759 sunt
1717 2707 1903 2763 videre
1944 2725 2110 2780 quam

543 2793 614 2847 sit
659 2794 1027 2863 contemplatu
1063 2793 1286 2849 difﬁcile
1333 2795 1477 2864 quod
1535 2797 1817 2865 quaeritur.
1879 2799 1990 2853 Vox
2024 2815 2115 2868 pa-

543 2884 729 2937 truelis
773 2885 894 2950 mei,
943 2885 1140 2955 inquit,
1194 2901 1302 2940 non
1355 2886 1548 2950 forma,
1601 2903 1711 2942 non
1767 2889 1952 2956 facies,
2001 2908 2111 2948 non

543 2971 716 3034 figura
761 2989 1076 3044 expressam
1127 2978 1422 3032 ostendens
1481 2989 1729 3034 naturam
1790 2981 1910 3049 ejus
1965 2972 2128 3053 quod»

539 3069 826 3134 quaeritur,
894 3067 988 3120 sed
1039 3083 1165 3132 vox,
1223 3069 1398 3138 magis
1443 3067 1675 3125 aﬁ'ercns
1716 3073 2108 3142 conjecturam,

540 3171 703 3226 quam
732 3157 944 3212 ﬁrmam
976 3159 1361 3230 cognitionem,
1389 3159 1514 3228 quis
1543 3160 1614 3215 sit
1645 3162 1690 3215 is
1723 3164 1815 3233 qui
1847 3165 2106 3235 loquitur.

2216 1968 2309 2021 τοῦ
2338 1968 2441 2031 ἕως
2467 1966 2632 2040 τριῶν
2669 1965 2910 2038 οὐρανῶν
2958 1967 3383 2038 ὑπεραρθέντος,
3415 1965 3565 2018 οὔπω
3593 1980 3781 2018 κατει-

2216 2059 2444 2129 ληφέναι
2477 2059 2538 2112 τὸ
2581 2051 2932 2132 προκείμενον
2977 2060 3042 2112 δι’
3092 2058 3374 2130 ἀκριϐείας
3411 2057 3779 2110 ἐνδείκνυταιο

2215 2150 2268 2204 τί
2297 2149 2488 2204 παθεῖν
2525 2150 2669 2212 εἰκὸς
2708 2151 2875 2221 ἡμᾶς,
2922 2151 2955 2220 ἢ
2991 2152 3048 2204 ἐν
3088 2151 3229 2204 τίσιν
3259 2145 3397 2204 εἷναι
3439 2147 3779 2217 λογίσασθαι,

2215 2243 2340 2306 τοὺς
2371 2243 2536 2314 μήπω
2571 2244 2682 2305 τοῖς
2715 2242 3002 2314 προθύροις
3042 2243 3149 2296 τῶν
3179 2243 3387 2296 ἀδύτων
3413 2242 3513 2311 τῆς
3545 2239 3782 2310 θεωρίας

2216 2334 2566 2402 ἐγγίσανταςς
2609 2334 2824 2400 Ἔξεστι
2871 2335 2927 2387 δὲ
2963 2334 3070 2388 τῶν
3118 2335 3184 2388 δι’
3231 2336 3398 2405 αὐτῆς
3440 2335 3776 2403 εἰρημένων,

2216 2424 2448 2477 κατιδεῖν
2472 2423 2580 2476 τῶν
2603 2423 2946 2494 ζητουμένων
2971 2425 3032 2477 τὸ
3051 2424 3442 2496 δυσθεώρητον.
3471 2423 3641 2490 Φωνὴ
3670 2421 3780 2476 τοῦ

2213 2513 2535 2582 ἀδελφιδοῦ
2568 2533 2708 2583 μου,
2741 2517 2924 2586 φησὶν,
2954 2516 3053 2570 οὐκ
3092 2513 3250 2583 εἶδος,
3286 2516 3346 2568 ού
3379 2514 3686 2587 πρόσωπον,
3714 2515 3775 2567 ού

2214 2603 2496 2677 χαρακτὴρ
2521 2605 2797 2675 ἐμφαίνων
2827 2605 2920 2660 τοῦ
2951 2605 3276 2677 ζητουμένου
3309 2604 3405 2676 τὴν
3432 2605 3612 2672 φύσιν,
3641 2603 3780 2657 ἀλλὰ

2214 2699 2385 2770 φωνὴ,
2419 2698 2717 2769 στοχασμὸν
2750 2699 2907 2768 μόνον
2934 2696 3254 2769 ἐμποιοῦσα,
3286 2697 3319 2767 ἢ
3355 2695 3640 2766 βεϐαίωσιν
3681 2695 3776 2749 τοῦ

2214 2790 2602 2861 φθεγγομένου,
2633 2791 2780 2853 ὅστις
2813 2790 2976 2844 ἐστίν.
3010 2777 3132 2844 Ὅτι
3160 2789 3268 2861 γὰρ
3305 2789 3550 2860 εἰκασμῷ
3578 2789 3776 2858 μᾶλλον

2212 2883 2353 2938 ἔοικε
2395 2884 2457 2937 τὸ
2495 2884 2816 2955 λεγόμενον,
2847 2885 2940 2938 καὶ
2968 2884 3085 2954 οὐχὶ
3123 2883 3475 2953 ἁναμφιϐὁλῳ
3507 2883 3614 2935 τινὶ
3641 2882 3773 2952 πλη·

2214 2976 2441 3047 ροφορίᾳ
2465 2976 2564 3046 τῆς
2589 2975 2961 3047 καταλήψεως,
2985 2975 3141 3046 δῆλόν
3165 2976 3309 3027 ἐστιν
3336 2977 3398 3027 ἐκ
3423 2973 3515 3026 τοῦ
3546 2975 3642 3043 μιᾷ
3670 2991 3775 3026 τινι

2211 3068 2414 3138 διανοίᾳ
2458 3070 2798 3138 προσφυῆναι
2841 3068 2932 3120 τὸν
2964 3066 3153 3136 λόγον,
3193 3066 3325 3138 μηδὲ
3367 3066 3501 3137 πρὸς
3548 3065 3605 3117 ἓν
3641 3060 3776 3126 εἶδος

2212 3158 2361 3229 ὁρᾷν,
2401 3156 2514 3210 ἀλλ’
2548 3157 2640 3209 ἐπὶ
2668 3156 2836 3212 πολλά
2872 3156 3127 3227 φέρεσθαι
3157 3159 3276 3220 ταῖς
3307 3155 3610 3220 ὀπτασίαις,
3649 3155 3777 3209 ἄλλο

538 3245 696 3314 Quod
735 3247 880 3302 enim
941 3249 994 3304 id
1046 3249 1194 3319 quod
1245 3248 1448 3302 dicitur
1483 3249 1707 3320 propius
1781 3255 2004 3309 accedat
2041 3255 2110 3310 ad

2212 3264 2269 3300 τε
2301 3247 2514 3317 βλέπειν
2539 3246 2809 3318 οἰομένην,
2838 3249 2930 3301 καὶ
2967 3248 3028 3300 ού
3060 3247 3285 3300 πάντοτε
3314 3247 3390 3317 τῷ
3426 3247 3571 3316 αὐτῷ
3603 3263 3776 3316 παραο

538 3338 938 3408 conjecturam,
971 3357 1134 3410 quam
1167 3341 1234 3395 ad
1265 3352 1466 3397 certam
1499 3352 1553 3396 et
1573 3342 1932 3402 indubitatam
1964 3364 2112 3405 com-

538 3429 980 3498 prehensionem,
1021 3447 1085 3485 ex
1139 3431 1243 3487 hoc
1278 3436 1624 3504 perspicuum
1661 3446 1766 3502 est,
1819 3438 1966 3508 quod
2003 3455 2111 3495 non

540 3521 595 3575 in
646 3535 752 3573 una
792 3520 1046 3590 quapiam
1101 3523 1309 3579 haereat
1345 3529 1493 3584 verbi
1547 3531 1897 3601 cogitatione,
1935 3549 2113 3603 neque

539 3625 702 3664 unam
739 3609 967 3679 aspiciat
1011 3611 1262 3681 formam,
1302 3617 1395 3671 sed
1453 3618 1520 3672 ad
1551 3619 1748 3674 multas
1783 3619 1992 3676 feratur
2021 3623 2104 3678 vi-

537 3703 744 3767 siones,
793 3705 956 3758 modo
1004 3705 1106 3758 hoc
1163 3706 1324 3760 modo
1385 3708 1514 3764 illud
1566 3726 1625 3765 se
1682 3711 1865 3766 videre
1915 3713 2108 3770 existi-

538 3809 717 3859 mans,
768 3804 822 3849 et
864 3811 971 3850 non
1011 3812 1225 3867 semper
1254 3798 1308 3852 in
1351 3801 1539 3855 eadem
1587 3813 1900 3872 permaneat
1939 3804 2110 3876 ﬁgura

535 3885 658 3952 ejus
703 3887 848 3956 quod
882 3897 965 3942 est
1015 3891 1493 3959 comprehensum,
1546 3891 1680 3947 Ecce
1715 3895 1874 3961 enim,
1912 3895 2108 3968 inquit,

534 3976 621 4031 hic
650 3979 805 4042 venit,
871 3994 980 4034 non
1027 3987 1202 4044 stans.
1262 3997 1440 4053 neque
1485 3999 1834 4053 permanens,
1895 3996 1956 4041 ut
2015 4005 2112 4059 per

535 4068 848 4124 diuturnam
896 4074 1233 4128 mansionem
1294 4076 1470 4144 possit
1520 4079 1744 4147 agnosci
1801 4080 1868 4132 ab
1901 4096 1965 4135 eo
2011 4082 2104 4152 qui

537 4160 660 4214 fixis
705 4162 947 4217 intuetur
984 4164 1180 4229 oculis,
1233 4165 1328 4220 sed
1378 4181 1437 4247 se
1471 4167 1538 4221 ab
1569 4169 1745 4223 oculis
1780 4172 2104 4240 surripiens,

533 4251 855 4320 priusquam
891 4253 957 4307 ad
990 4253 1287 4324 perfectam
1322 4257 1505 4311 veniat
1562 4247 2106 4328 cognitionem:Sal-

537 4351 654 4396 tans
683 4341 849 4409 enim,
874 4342 1072 4412 inquit,
1101 4361 1257 4414 super
1291 4357 1492 4402 montes
1515 4357 1565 4401 et
1592 4348 1898 4404 transiliens
1928 4352 2106 4406 colles.

2213 3340 2474 3411 μένουσαν
2499 3339 2802 3411 χαρακτῆρι
2819 3339 2912 3392 τοῦ
2936 3339 3388 3411 καταληφθέντος,
3411 3339 3567 3409 δῆλον
3587 3340 3651 3392 ἐκ
3669 3339 3775 3392 τῶν

2209 3429 2510 3501 λεγομένων
2563 3430 2729 3484 ἐστίν.
2783 3430 2928 3484 Ἰδοὺ
2975 3433 3120 3500 γὰρ,
3153 3433 3345 3502 φησὶν,
3392 3427 3568 3497 οὗτος
3605 3431 3771 3499 ἥκει,

2210 3522 2328 3575 οὐδὲ
2372 3522 2560 3588 ἑστὼς,
2605 3524 2724 3576 οὐδὲ
2761 3525 3116 3594 παραμένων,
3149 3524 3224 3587 ὼς
3265 3524 3351 3578 διὰ
3387 3525 3483 3594 τῆς
3513 3523 3774 3593 ἐπιμονῆς

2209 3613 2566 3683 γνωρίζεσθαι
2617 3613 2696 3683 τῷ
2745 3613 3074 3678 ἀτενίζοντι,
3122 3614 3233 3666 ἀλλ’
3267 3612 3603 3684 ἀφαρπάζων
3651 3615 3774 3665 ἐαυ-

2209 3703 2300 3756 τὸν
2338 3703 2444 3755 τῶν
2500 3703 2710 3773 ὄψεων,
2757 3704 2887 3774 πρὶν
2931 3706 3008 3768 εἰς
3052 3705 3261 3758 τελείαν
3316 3705 3515 3774 γνῶσιν
3563 3704 3769 3758 ἐλθεῖν·

2206 3793 2421 3863 Πηδῶν
2451 3795 2580 3867 γὰρ,
2622 3796 2804 3865 φησὶν,
2834 3797 2932 3849 ἐπὶ
2964 3797 3035 3850 τὰ
3069 3797 3196 3865 ὄρη,
3227 3797 3324 3851 καί
3367 3797 3490 3862 τοῖς
3525 3797 3773 3861 βουνοῖς

2205 3885 2635 3954 ἐφαλλόμενος.
2662 3885 2770 3938 Καὶ
2790 3884 2884 3937 νῦν
2911 3886 3010 3955 μὲν
3030 3885 3227 3957 δορκάς
3247 3885 3587 3955 γνωρίζεται,
3612 3885 3774 3939 πάλιν

2207 3975 2265 4028 δὲ
2293 3975 2471 4048 νεϐρῷ
2503 3974 2942 4046 προσεικάζεται.
2979 3977 3210 4044 Ὅμοιος
3233 3975 3359 4046 γὰρ,
3391 3976 3575 4045 φησὶν,
3597 3975 3774 4029 ἁδελ-

2209 4063 2382 4132 φιδός
2405 4082 2523 4134 μου
2547 4065 2677 4118 ἑστί
2711 4063 2784 4132 τῇ
2816 4063 3086 4133 δορκάδι,
3128 4063 3165 4132 ἢ
3195 4063 3378 4132 νεϐρῷ
3407 4064 3643 4132 ἐλάφων
3673 4063 3772 4116 ἐπὶ

2209 4154 2290 4220 τῷ
2322 4155 2440 4223 ὄρει
2475 4154 2722 4221 Βαιθήλ.
2765 4153 2948 4217 Οὕτως
2982 4153 3045 4207 τὸ
3077 4155 3164 4208 ἀεὶ
3207 4155 3769 4225 καταλαμϐανόμενον,

2210 4245 2395 4302 ἄλλοτε
2427 4245 2582 4310 ἄλλος
2616 4246 2732 4300 ἐστί
2761 4247 3065 4317 χαρακτήρ.

533 4431 601 4484 Ει
631 4448 777 4488 nunc
811 4434 1028 4504 quidem
1072 4436 1418 4492 existimatur
1489 4454 1719 4509 caprea,
1777 4456 1971 4497 rursus
2013 4453 2191 4498 autem
2229 4446 2559 4503 assimilatur
2609 4447 2837 4501 hinnulo
2881 4460 3190 4502 cervorum.
3248 4445 3454 4502 Similis
3485 4453 3565 4500 est
3602 4443 3767 4508 enim,

533 4527 728 4596 inquit,
754 4527 1009 4597 patruelis
1039 4546 1183 4585 meus
1206 4548 1428 4600 capreae,
1463 4543 1556 4588 aut
1593 4533 1814 4588 hinnulo
1873 4552 2140 4590 cervorum
2212 4555 2367 4608 super
2413 4549 2612 4594 montes
2640 4540 2856 4597 Bwthel.
2887 4540 2963 4594 Ita
2991 4543 3134 4610 quod
3171 4555 3384 4610 semper
3419 4539 3772 4608 comprehen-

534 4619 702 4685 ditur,
747 4629 832 4674 est
876 4619 1012 4675 alias
1074 4621 1182 4676 alia
1234 4622 1425 4695 ﬁgura.

605 4709 732 4764 Haec
786 4721 915 4766 sunt
974 4727 1095 4782 quae
1150 4715 1285 4769 mihi
1339 4732 1402 4772 ex
1449 4733 1514 4774 eo
1569 4735 1733 4776 sensu
1789 4721 1881 4790 qui
1916 4728 2001 4777 est
2051 4722 2105 4776 in

2281 4719 2464 4773 Ταῦτά
2489 4722 2634 4773 ἐστιν
2667 4719 2702 4773 ἆ
2735 4737 2802 4791 με
2831 4719 2972 4773 κατὰ
3001 4720 3099 4791 τὴν
3132 4720 3418 4792 πρόχειρον
3450 4721 3654 4776 ἔννοιαν
3690 4725 3771 4788 εἰς

533 4809 812 4872 promptu,
853 4801 1087 4858 afferunt
1119 4806 1448 4876 molestiam,
1471 4820 1526 4866 et
1553 4812 1794 4867 efﬁciunt
1829 4822 1887 4868 ut
1917 4812 2109 4882 despe-

531 4908 648 4947 rem
697 4893 857 4962 plene
907 4902 962 4948 et
1022 4896 1262 4965 perfecte
1289 4915 1452 4971 posse
1503 4906 1722 4972 assequi
1753 4903 2108 4973 comprehen-

533 4982 743 5038 sionem
787 4999 976 5039 eorum
1021 5002 1142 5057 qua}
1190 5004 1358 5060 supra
1415 5002 1565 5048 sunt.
1607 4977 2108 5050 'Verumenimvero

532 5075 853 5130 tentandum
909 5088 1014 5141 est,
1062 5081 1114 5135 in
1163 5080 1335 5136 Deum
1381 5100 1479 5155 spe
1529 5087 1818 5152 collocata,
1870 5088 1963 5155 qui
2012 5087 2106 5142 dat

531 5167 758 5222 verbum
776 5171 1285 5240 evangelizantibus
1315 5175 1516 5231 virtute
1547 5177 1713 5230 multa
1774 5179 1842 5245 ⁷⁷,
1873 5179 1927 5232 in
1962 5179 2105 5234 serie

533 5259 715 5328 aliqua
764 5276 858 5331 per
897 5279 1242 5333 consequens
1276 5266 1538 5336 adaptare
1591 5270 2102 5339 contemplationem

533 5353 602 5408 iis
641 5368 762 5422 quae
814 5357 1209 5425 comprehensa
1263 5368 1392 5416 sunt
1429 5359 1811 5431 intelligentia.
1860 5359 1969 5416 Vox
2006 5379 2105 5431 pa-

534 5446 721 5500 truelis
765 5449 888 5512 mei,
939 5450 1132 5519 inquit.
1163 5451 1230 5506 Et
1273 5453 1458 5509 statim
1487 5453 1772 5523 subjunxit
1815 5472 1827 5509 :
1863 5453 1996 5508 Ecce
2024 5453 2106 5507 hic

537 5538 694 5592 venit.
745 5536 887 5603 Quid
927 5555 1060 5609 ergo
1125 5542 1181 5596 in
1238 5543 1322 5599 his
1362 5543 1762 5617 intelligimus?
1803 5543 2108 5599 Praevidcnt

539 5628 776 5685 fortasse
802 5645 924 5699 quae
957 5630 1102 5687 dicta
1127 5643 1254 5690 sunt
1275 5651 1371 5706 per
1406 5636 1754 5707 Evangelium
1790 5634 2100 5691 manifesta-

2206 4809 2382 4882 λύπην
2408 4811 2550 4878 ἄγει,
2574 4811 2883 4880 ἀπόγνωσιν
2910 4812 3240 4881 ἐμποιοῦντα
3262 4814 3360 4881 τῆς
3384 4815 3642 4886 ἀκριϐοῦς
3662 4816 3769 4868 τῶν

2206 4901 2617 4972 ὑπερκειμένων
2662 4904 3060 4974 κατανοήσεως.
3110 4904 3432 4975 Πλὴνοάλλά
3483 4909 3768 4979 πειρατέον

2203 4992 2500 5055 ἀναθέντας
2519 4991 2598 5061 τῷ
2632 4993 2751 5064 Θεῷ
2778 4993 2875 5065 τὴν
2902 4994 3113 5059 ἐλπίδα,
3152 4994 3230 5066 τῷ
3256 4996 3451 5050 διδόντι
3481 4998 3634 5069 ῥῆμα
3659 5001 3770 5062 τοῖς

2205 5084 2705 5156 εύαγγελιζομένοις
2739 5087 2961 5158 δυνάμει
3011 5089 3198 5159 πολλῇ,
3236 5091 3613 5162 προσαρμόσαι
3658 5095 3768 5155 τοῖς

2205 5179 2793 5250 προκατανενοημένοις
2828 5181 2886 5233 ἐν
2916 5181 3092 5253 εῖρμῷ
3124 5198 3225 5235 τινι
3256 5183 3325 5234 δι’
3351 5183 3642 5237 ἀκολούθου
3671 5185 3766 5255 τὴν

2205 5269 2453 5342 θεωρίαν.
2487 5269 2656 5339 Φωνὴ
2681 5270 2786 5324 τοῦ
2817 5272 3139 5340 ἀδελφιδοῦ
3166 5291 3301 5342 μου,
3326 5275 3508 5345 φησίν,
3539 5277 3648 5329 Καὶ
3675 5278 3765 5329 εύ-

2205 5361 2301 5425 θὺς
2340 5362 2640 5432 ἐπήγαγεν·
2687 5362 2840 5417 Ἰδοὺ
2869 5358 3044 5428 οὗτος
3074 5363 3226 5431 ἣκει.
3257 5365 3322 5417 Τί
3349 5362 3441 5419 οὖν
3470 5370 3526 5419 ἐν
3558 5367 3764 5430 τούτοις

2207 5453 2612 5522 ὑπενοήσαμεν;
2644 5452 2946 5522 Προϐλέπει
2977 5453 3117 5523 τάχα
3149 5454 3246 5526 τὴν
3275 5455 3366 5509 διὰ
3392 5455 3487 5508 τοῦ
3525 5457 3767 5525 Εὑαγγε-

2207 5542 2320 5596 λίου
2361 5542 2762 5614 φανερωθεῖσαν
2790 5545 2920 5613 ἡμῖν
2952 5542 3046 5595 τοῦ
3082 5543 3217 5597 Θεοῦ
3252 5546 3422 5613 Λόγου
3457 5547 3764 5617 οἰκονομίαν

2204 5635 2270 5689 τὰ
2314 5636 2611 5708 εἰρημένα,
2649 5634 2745 5706 τὴν
2785 5635 3352 5707 προκαταγγελθεῖσαν
3397 5638 3494 5710 μὲν
3532 5638 3618 5693 διὰ
3660 5635 3766 5688 τῶν

612 5818 659 5851 ⁷⁵
684 5817 827 5874 Psal.
853 5834 1034 5885 cum,
1065 5821 1115 5875 4.
1195 5822 1303 5875 "ll
1344 5820 1471 5876 Cor.
1507 5838 1597 5886 xu,
1661 5821 1711 5876 2.
1790 5824 1832 5853 ⁷⁷
1858 5821 1997 5877 Ρεοί.
2043 5838 2208 5886 van,
2251 5821 2332 5876 τε.
