4110 6510
608 456 718 513 855

1819 466 1890 539 _s.
1928 465 2254 524 GREGORII
2291 464 2582 524 NYSSENI

3739 456 3833 520 864

613 573 791 642 gngis,
847 579 940 626 ant
995 572 1047 627 in
1101 575 1319 646 regione
1372 577 1794 648 Gerasenorum,
1844 584 2022 639 autin
2053 586 2175 641 aliis

2282 587 2334 640 ὲν
2354 587 2474 648 ταῖς
2493 581 2832 652 συναγωγαῖς
2854 573 2944 649 ἦν,
2965 576 2998 648 ἢ
3027 578 3084 630 ὲν
3103 576 3169 647 τῇ
3193 573 3345 646 χώρᾳ
3364 570 3472 627 τῶν
3493 571 3830 645 Γερασηνῶν,

608 667 798 722 multis
826 666 1898 738 locis,quierigebantnretextollebantur
1913 677 2178 734 adversus

611 755 907 810 humanam
938 766 1213 814 naturam.
1247 757 1326 813 Ex
1359 759 1426 816 iis
1455 769 1585 816 sunt
1608 770 1661 818 et
1685 765 1853 821 colles
1881 777 1935 822 et
1965 775 2178 823 montes

609 848 939 904 excellentes
988 856 1042 903 et
1096 849 1404 906 inferiores.
1454 853 1561 909 Sed
1600 856 1865 913 hinnulus
1892 873 2177 913 cervorum

611 937 702 1006 qui
744 937 1020 993 consumit
1068 949 1370 1011 serpentes,
1418 951 1472 998 et
1529 946 1620 1014 qui
1662 947 1824 1000 etiam
1880 947 2180 1019 discipulos

611 1029 821 1099 perficit
857 1030 911 1084 in
971 1039 1220 1087 naturam
1273 1049 1584 1103 cervorum,
1628 1053 1750 1092 cum
1803 1040 1937 1094 dicit
1995 1040 2181 1095 :Dedi

611 1119 752 1172 vobis
799 1129 1110 1188 potestatem
1163 1123 1407 1177 calcandi
1439 1141 1597 1192 super
1649 1139 1908 1196 serpentes
1947 1139 1997 1182 et
2032 1146 2179 1184 scor-

609 1207 724 1275 pios
752 1207 799 1238 ⁸³
828 1248 842 1272 ,
895 1209 950 1262 in
991 1224 1183 1264 omnes
1217 1226 1280 1265 ex
1312 1227 1469 1282 aequo
1494 1215 1732 1282 plantam
1769 1217 2031 1284 immittit,
2067 1218 2180 1272 hac

612 1302 667 1350 et
697 1294 914 1366 fugans,
949 1305 1002 1351 et
1035 1298 1104 1353 ab
1139 1299 1222 1354 his
1259 1300 1324 1354 ad
1357 1303 1461 1356 alia
1497 1305 1833 1366 transiliens.
1861 1314 1918 1358 ut
1951 1322 2044 1376 per
2070 1307 2182 1363 haec

612 1395 872 1456 appareat
916 1391 1237 1461 magnitudo
1269 1407 1455 1448 eorum
1485 1396 1578 1464 qui
1611 1396 1663 1449 in
1707 1398 1879 1450 altum
1917 1399 2183 1453 tolluntur

611 1491 676 1531 ex
732 1479 954 1545 virtute,
990 1498 1098 1537 non
1126 1483 1360 1554 amplius
1393 1485 1684 1541 obscurata
1715 1503 1747 1543 a
1778 1489 2011 1546 collibus
2043 1492 2178 1546 vitii.

612 1564 881 1624 Videntur
925 1572 1069 1627 enim
1119 1587 1333 1630 montes
1381 1575 1568 1633 Bethel
1614 1594 1681 1633 ex
1728 1580 2181 1652 interpretatione

614 1659 876 1724 nominis,
915 1664 1204 1720 ostendere
1249 1667 1521 1722 excelsam
1565 1676 1621 1724 et
1666 1671 1942 1727 ccelestem
1991 1674 2180 1729 vitam.

613 1747 747 1804 Nam
800 1751 1021 1808 domum
1069 1756 1158 1811 Dei
1213 1756 1354 1812 hanc
1391 1759 1703 1829 signiﬁcare
1753 1764 2068 1830 dictionem,
2100 1765 2183 1820 di-

612 1851 746 1897 cunt
776 1844 811 1897 ii
839 1848 931 1916 qui
969 1849 1150 1903 sciunt
1179 1850 1416 1920 linguam
1456 1853 1760 1910 llehraeam.
1806 1857 1945 1912 Dicit
1976 1860 2178 1929 itaque,

2279 678 2312 748 ἢ
2349 678 2406 729 ὲν
2441 675 2647 746 ἑτέροις
2685 673 2869 735 τόποις
2906 669 3149 732 πολλοῖς,
3180 665 3319 721 κατὰ
3357 664 3457 736 τῆς
3502 665 3833 738 ἀνθρωπίνης

2282 773 2495 842 φύσεως
2524 769 2801 840 ὑψούμενά
2844 784 2903 820 τε
2945 767 3040 820 καὶ
3071 762 3470 836 κορυφούμενα.
3519 762 3614 815 Ἐκ
3641 761 3832 817 τούτων

2280 859 2422 934 ἦσαν
2452 861 2628 932 βουνοί
2655 860 2748 914 καὶ
2769 859 2868 930 ὅρη
2895 854 3249 927 ὑπερέχοντές
3273 870 3332 906 τε
3354 852 3448 906 καὶ
3472 849 3830 920 ὑποκείμενον.⁸

2281 958 2394 1012 ἀλλ’
2425 958 2453 1010 6
2483 955 2670 1027 νεϐρὸς
2697 952 2806 1008 τῶν
2833 952 3066 1019 ἐλάφων,
3095 949 3124 1002 6
3155 947 3483 1010 ἀναλωτικδς
3508 945 3617 998 τῶν
3648 945 3831 1013 όφεων,

2280 1048 2309 1101 6
2337 1047 2432 1099 ml.
2464 1046 2589 1108 τοὺς
2627 1041 2870 1114 μαθητὰς
2903 1042 2983 1102 εἰς
3023 1038 3122 1108 τὴν
3151 1036 3257 1090 τῶν
3281 1036 3494 1105 ἐλάφων
3525 1035 3836 1104 καταρτιζό-

2285 1153 2443 1208 μενος
2486 1134 2668 1204 φύσιν,
2706 1134 2764 1186 ἐν
2800 1125 2881 1194 οἷς
2920 1127 3098 1196 λέγει,
3134 1127 3214 1179 ὅτι
3244 1124 3477 1178 Δέδωκας
3505 1122 3651 1192 ὑμῖν
3681 1122 3834 1187 ἐξου-

2281 1231 2427 1284 σίαν
2447 1227 2552 1282 τοῦ
2581 1224 2790 1280 πατεῖν
2815 1221 3012 1276 ἐπάνω
3037 1217 3155 1272 τῶν
3181 1217 3372 1287 ὄφεων
3397 1216 3494 1270 καί
3523 1215 3834 1283 σκορπίων,

2284 1324 2449 1376 πᾶσιν
2495 1320 2688 1390 ἐπίσης
2721 1314 2998 1370 ἐπιϐάλλει
3040 1312 3101 1366 τὸ
3139 1312 3318 1381 ἴχνος,
3353 1308 3526 1361 ταῦτά
3571 1324 3631 1360 τε
3673 1324 3835 1375 φυγα-

2281 1412 2472 1474 δεύων,
2507 1409 2602 1466 καὶ
2618 1406 3012 1480 μεθαλλόμενος
3039 1403 3145 1457 ἀπὸ
3174 1401 3375 1456 τούτων
3403 1399 3538 1470 πρὸς
3565 1398 3747 1468 ἕτερα,
3773 1398 3837 1460 ὡς

2285 1504 2376 1558 διὰ
2407 1501 2609 1556 τούτων
2645 1498 2706 1553 τὸ
2743 1497 2968 1570 μέγεθος
3006 1494 3113 1549 τῶν
3151 1495 3268 1548 κατ’
3302 1491 3500 1564 ἀρετὴν
3531 1491 3837 1561 ὕψουμένων

2283 1594 2640 1665 ἀναφανῆναι,
2683 1589 2876 1662 μηκέτι
2902 1589 3014 1651 τοῖς
3042 1584 3336 1655 γεωλόφοις
3369 1583 3470 1653 τῆς
3499 1582 3698 1644 κακίας
3725 1582 3836 1634 ὲπι-

2285 1685 2660 1757 σκοτούμενον.
2690 1682 2769 1736 Τὰ
2798 1681 2906 1752 γὰρ
2933 1680 3034 1751 ὅρη
3071 1676 3274 1747 Βαιθὴλ
3323 1675 3497 1728 ἔοικεν
3523 1677 3589 1728 ὲκ
3621 1671 3716 1726 τοῦ
3743 1673 3840 1726 ὀνό-

2289 1795 2456 1851 ματος
2487 1777 2586 1848 τῆς
2617 1772 2942 1847 ἑρμηνείας,
2975 1771 3066 1825 τὸν
3106 1768 3306 1839 ὑψηλὸν
3341 1766 3436 1822 καὶ
3474 1765 3723 1836 οὐράνιον
3760 1764 3837 1816 ἐν·

2283 1870 2589 1926 δείκνυσθαι
2615 1869 2748 1940 βίον.
2785 1862 2945 1921 Οἷκον
2975 1863 3081 1935 γάρ
3108 1861 3242 1916 Θεοῦ
3274 1858 3560 1932 σημαίνειν
3583 1856 3684 1926 τὴν
3711 1854 3839 1920 λέξιν

615 1933 783 2004 Super
825 1949 1022 1994 montes
1068 1941 1271 1997 Bel/rel.
1321 1944 1428 1999 Eos
1473 1946 1609 2000 vidit
1657 1959 1922 2018 purgatus
1963 1961 2018 2006 et
2055 1969 2179 2023 per-

2282 1963 2484 2033 ταύτην
2523 1933 2776 2030 φασὶνοί
2806 1958 2905 2028 τῆς
2954 1933 3217 2025 Ἐϐραίων
3244 1950 3427 2033 φωνῆς
3466 1946 3835 2017 ἐπιστήμονες.

613 2026 802 2094 spicax
833 2027 1028 2083 animae
1055 2032 1268 2096 oculus,
1305 2034 1398 2103 qui
1431 2049 1555 2088 cum
1582 2034 1785 2093 divinis
1815 2038 1922 2094 illis
1949 2041 2180 2098 saltibus

611 2116 706 2185 qui
756 2115 891 2172 linnt
939 2119 1204 2177 adversus
1249 2123 1510 2180 adversos
1567 2128 1758 2192 colles,
1808 2130 1973 2184 simul
2027 2139 2180 2188 tran~

614 2208 756 2275 silit;
823 2219 878 2266 et
945 2212 1014 2268 de
1044 2224 1288 2285 tempore
1340 2223 1485 2287 quod
1537 2227 1726 2288 postea
1775 2227 1859 2277 est
1910 2221 2179 2295 futurum,

613 2307 871 2372 tanquam
914 2303 981 2359 de
1019 2320 1130 2374 1am
1169 2318 1436 2376 praesente
1479 2310 1641 2363 verba
1693 2309 1860 2365 facit:
1895 2323 2179 2384 propterea

613 2393 760 2460 quod
793 2392 864 2448 sit
893 2402 1042 2449 certa
1066 2403 1120 2451 et
1170 2398 1474 2453 indubitata
1533 2416 1654 2470 quae
1702 2411 1956 2470 speratur
1983 2407 2180 2476 gratia,

614 2495 766 2548 spem
821 2490 1078 2552 tanquam
1128 2499 1266 2554 opus
1318 2485 1422 2547 iam
1470 2484 1670 2542 factum
1729 2489 1968 2546 intuens.

684 2677 828 2733 Dicit
885 2679 1054 2743 enim,
1112 2682 1261 2750 quod
1313 2681 1634 2752 qui,nohili
1684 2684 1965 2741 celeritate
2018 2689 2183 2744 saltat

613 2769 878 2826 adversus
925 2777 1177 2835 montes,
1232 2777 1287 2825 et
1341 2786 1372 2825 a
1422 2771 1657 2828 collibus
1712 2773 1767 2827 in
1806 2775 1974 2831 colles
2031 2785 2182 2832 tran-

614 2864 759 2927 silit,
795 2866 1034 2932 seipsum
1077 2863 1314 2917 ostendit
1354 2862 1708 2928 immobilem,
1755 2875 1877 2934 post
1919 2868 2179 2936 parietem

617 2970 864 3018 manens,
907 2964 963 3010 et
998 2971 1064 3010 ex
1110 2957 1371 3010 cancellis
1407 2957 1567 3010 verba
1611 2957 1836 3013 faciens.
1877 2960 1968 3014 Sic
1999 2975 2180 3017 autem

613 3046 780 3100 habet
821 3045 1190 3102 textus:Ecce
1235 3047 1315 3100 hic
1373 3057 1483 3101 stat
1531 3058 1646 3116 post
1681 3050 1936 3118 parietem
1983 3069 2179 3116 meum,

611 3138 931 3207 prospiciens
985 3154 1074 3203 per
1115 3138 1392 3207 fenestras,
1442 3153 1698 3206 apparens
1749 3157 1839 3210 per
1899 3142 2179 3197 cancellos.

611 3227 790 3296 Atque
848 3227 994 3297 quod
1064 3229 1422 3299 corporaliter
1470 3229 1687 3298 quidem
1735 3231 2066 3286 describitur
2115 3233 2184 3287 ab

611 3319 879 3381 oratione,
929 3328 1012 3375 est
1053 3319 1360 3390 ejusmodi:
1389 3319 1523 3374 Cum
1573 3337 1774 3392 sponsa
1807 3323 1956 3377 intus
2000 3332 2186 3378 custo-

611 3413 794 3467 diente
848 3411 1101 3476 domum,
1165 3428 1260 3482 per
1317 3411 1585 3468 fenestras
1655 3421 1867 3467 amator
1920 3415 2180 3480 disserit,

610 3507 666 3554 et
717 3500 926 3570 pariete
979 3501 1304 3556 intermetlio
1365 3510 1659 3573 utrumque
1732 3513 1984 3571 arcente,
2046 3507 2182 3562 citra

612 3593 782 3647 ullum
845 3593 1330 3663 impedimentum,
1385 3593 1444 3649 lit
1495 3597 1763 3650 sermonis
1810 3599 2184 3652 communica-

611 3686 710 3747 tio,
742 3700 839 3754 per
881 3683 1148 3740 fenestras
1175 3685 1392 3755 quidem
1421 3701 1479 3741 se
1503 3687 1822 3741 demittente
1853 3688 2054 3758 capite,
2088 3706 2183 3759 per

609 3777 883 3832 cancellos
928 3784 1106 3831 autem
1169 3777 1261 3847 qui
1325 3788 1452 3832 sunt
1513 3779 1567 3832 in
1627 3778 1902 3844 fenestris,
1952 3782 2202 3838 interius

607 3869 769 3922 oculo
797 3868 1149 3938 despiciente.
1192 3869 1503 3940 Anagogica
1545 3879 1726 3926 autem
1773 3875 2181 3943 comtemplatio

609 3961 856 4031 sequitur
875 3977 1095 4016 sensum
1132 3962 1284 4032 prius
1307 3963 1695 4018 examinatum.
1734 3963 1832 4018 Via
1863 3966 2008 4020 enim
2042 3982 2179 4022 con-

607 4053 905 4123 sequentia:
984 4053 1276 4107 humanam
1335 4062 1587 4108 naturam
1660 4054 1772 4111 Deo
1825 4058 2177 4128 conjunctam

607 4145 786 4200 reddit
848 4147 1045 4209 oratio,
1099 4146 1333 4216 primum
1384 4147 1604 4218 quidem
1670 4148 1845 4218 ipsam
1899 4151 2178 4208 illustrans

608 4252 702 4308 per
730 4238 1024 4308 prophetas
1047 4251 1100 4294 et
1127 4249 1392 4309 praecepta
1422 4240 1574 4311 legis.
1609 4239 1700 4294 Sic
1736 4241 1880 4295 enim
1917 4242 2178 4312 intelligi-

607 4345 751 4395 mus,
785 4329 1053 4386 fenestras
1081 4333 1298 4402 quidem
1347 4333 1663 4403 prophetas,
1721 4333 1818 4402 qui
1846 4333 2026 4389 lumen
2085 4335 2176 4388 in-

608 4421 946 4476 troducunt:
1004 4423 1278 4478 cancellos
1309 4429 1514 4486 autem,
1573 4423 1827 4492 legalium
1880 4431 2178 4493 praecepto-

608 4528 728 4568 rum
775 4513 1219 4568 connexionem:
1285 4528 1380 4583 per
1435 4529 1555 4583 quae
1602 4515 1764 4569 ambo
1822 4515 1966 4570 intro
2031 4516 2176 4570 subit

2286 2054 2376 2107 Διό
2409 2032 2596 2122 φησιν,
2645 2048 2767 2100 Ἐπί
2801 2047 2874 2100 τὰ
2905 2044 3011 2113 ὅρη
3039 2039 3286 2106 Βαιθήλ.
3326 2032 3449 2091 Εἶδε
3483 2034 3662 2089 ταῦτα
3701 2034 3729 2085 6
3762 2051 3839 2087 κε-

2286 2143 2630 2214 καθαρμένος
2666 2138 2762 2192 καλ⁸
2795 2134 3097 2207 διορατικὺς
3134 2135 3233 2203 τῆς
3263 2128 3444 2201 ψυχῆς
3486 2125 3758 2196 ὀφθαλμὸς
3778 2165 3791 2190 ,
3813 2129 3839 2179 6

2283 2240 2396 2300 τοῖς
2419 2235 2580 2297 θείοις
2610 2230 2836 2292 ἐκείνοις
2869 2226 3073 2297 ἆλμασι
3091 2225 3203 2287 τοῖς
3241 2219 3382 2276 κατά
3408 2219 3517 2273 τῶν
3546 2216 3840 2286 ἀντικειμέ-

2285 2348 2391 2384 νων
2410 2326 2700 2397 γεωλόφων
2722 2318 3025 2390 γινομένοις
3055 2310 3583 2386 συμμεθαλλόμενος·
3610 2310 3702 2362 καὶ
3725 2309 3838 2378 περὶ

2285 2421 2377 2476 τοῦ
2409 2419 2601 2491 χρόνου
2643 2414 2868 2484 ὕστερον
2905 2406 3299 2479 γενησομένου,
3336 2403 3411 2467 ὡς
3447 2401 3547 2472 ῆδη
3593 2401 3838 2471 παρόντος

2287 2490 2516 2565 ποιεῖται
2537 2507 2626 2560 τὸν
2646 2505 2801 2572 λόγον
2820 2518 2834 2533 ο
2866 2500 2956 2554 διὰ
2987 2499 3048 2553 τὸ
3076 2496 3262 2550 πιστόν
3291 2511 3351 2547 τε
3371 2493 3464 2547 καὶ
3488 2490 3838 2562 ἀναμφίὸολον
3939 2565 3942 2568 γ

2281 2603 2380 2674 τῆς
2399 2597 2756 2668 ἐλπιζομένης
2776 2594 3016 2665 χάριτος,
3034 2590 3109 2654 ὡς
3125 2588 3282 2660 ἔργον
3297 2585 3394 2657 τὴν
3415 2583 3606 2674 ἐλπίδα
3623 2581 3834 2674 βλέπων.

2351 2687 2489 2758 Φησὶ
2517 2685 2646 2756 γὰρ,
2676 2684 2757 2736 ὅτι
2788 2685 2816 2736 6
2847 2677 2990 2735 κατά
3017 2678 3124 2733 τῶν
3158 2677 3326 2748 ὀρέων
3369 2673 3553 2745 πηδῶν
3587 2673 3838 2742 εὑκινῆτῳ

2285 2780 2362 2852 τῷ
2392 2781 2566 2849 τάχει,
2618 2775 2712 2830 καὶ
2747 2775 2827 2837 είς
2874 2771 3094 2842 βουνοὺς
3135 2767 3243 2821 ἀπὸ
3286 2766 3488 2838 βουνῶν
3522 2765 3838 2837 μεθαλλόμεο

2285 2890 2394 2935 νος,
2430 2870 2690 2938 στάσιμον
2729 2865 2995 2918 δείκνυσιν
3033 2859 3222 2914 ἑαυτὸν
3269 2859 3498 2912 κατόπιν
3533 2857 3632 2910 τοῦ
3674 2857 3836 2926 τοίχου

2288 2965 2592 3035 γενόμενος,
2617 2959 2708 3013 καὶ
2736 2959 2800 3011 ἐκ
2828 2955 2936 3010 τῶν
2964 2953 3193 3009 δικτύων
3220 2952 3326 3006 τῶν
3357 2951 3586 3022 θυρίδων
3613 2950 3836 3018 διαλεγό-

2292 3073 2466 3128 μενος.
2497 3054 2648 3122 Ἔχει
2668 3051 2724 3105 δὲ
2751 3049 2921 3112 οὕτως
2954 3046 3179 3117 ὴλέξιςο
3221 3043 3374 3098 Ἰδοὺ
3398 3039 3578 3110 οὗτος
3603 3043 3839 3108 ἕστηκεν

2289 3149 2479 3201 ὀπίσω
2506 3145 2610 3198 τοῦ
2637 3144 2838 3211 τοίχου
2861 3139 3047 3210 ἡμῶν,
3071 3137 3470 3206 παρακύπτων
3490 3134 3589 3188 διὰ
3614 3135 3729 3187 τῶν
3753 3137 3840 3187 θυ-

2279 3238 2501 3308 ρίδων,
2540 3236 2849 3289 ἐκκύπτων
2892 3231 2988 3285 διὰ
3028 3228 3146 3284 τῶν
3187 3228 3458 3282 δικτύων.
3506 3227 3581 3280 Τὸ
3627 3227 3722 3298 μὲν
3759 3222 3839 3279 οὖν

2287 3327 2612 3401 σωματικῶς
2675 3328 2731 3378 ὲν
2788 3323 2866 3394 τῷ
2927 3323 3071 3393 λόγῳ
3129 3319 3610 3391 ὑπογραφόμενον,
3680 3315 3838 3370 τοιοῦ-

2284 3422 2373 3475 τόν
2427 3422 2572 3472 ἐστιν
2598 3434 2610 3446 ·
2657 3417 2740 3469 ὅτι
2781 3415 2925 3467 ἔνδον
2961 3410 3318 3483 οἰκουροῦσαν
3359 3410 3456 3479 τὴν
3492 3408 3711 3479 νύμφην
3764 3405 3839 3459 διὰ

2283 3511 2392 3565 τῶν
2434 3507 2661 3580 θυρίδων
2701 3508 2729 3559 6
2770 3503 3002 3575 ἐραστὴς
3035 3503 3374 3570 διαλέγεται,
3420 3501 3515 3553 καὶ
3551 3498 3648 3552 τοῦ
3677 3497 3836 3566 τοίχου

2283 3601 2427 3658 κατὰ
2469 3600 2532 3654 τὸ
2576 3598 2738 3670 μέσον
2788 3596 3127 3666 ἀμφοτέρους
3167 3593 3526 3665 διείργοντος,
3565 3589 3838 3660 ἀνεμπόδιο

2285 3712 2408 3757 στος
2458 3694 2667 3762 γίνεται
2723 3688 2817 3743 τοῦ
2861 3688 3088 3759 λόγουή
3138 3685 3421 3748 κοινωνία,
3473 3683 3561 3736 διὰ
3616 3683 3711 3754 μὲν
3758 3680 3838 3733 θυ-

2285 3787 2444 3860 ρίδων
2500 3785 2598 3855 τῆς
2649 3782 2888 3852 κεφαλῆς
2942 3777 3434 3851 παρακυπτούσης,
3492 3775 3580 3829 διὰ
3636 3775 3692 3827 δὲ
3744 3773 3837 3826 τῶν

2281 3877 2510 3932 δικτύων
2569 3876 2677 3926 τῶν
2707 3875 2764 3926 ὲν
2821 3874 2942 3934 ταῖς
3003 3869 3182 3940 θυρίσι
3237 3869 3372 3940 πρὸς
3428 3866 3498 3920 τὰ
3547 3866 3697 3930 ἐντὸς
3755 3862 3835 3916 τοῦ

2281 3966 2557 4038 ὀφθαλμοῦ
2584 3964 2993 4026 διακόπτοντος.
3037 3963 3100 4015 Ἦ
3128 3961 3185 4014 δὲ
3216 3959 3359 4014 κατὰ
3387 3958 3682 4028 ἀναγωγὴν
3715 3955 3833 4009 θεω-

2282 4060 2374 4131 ρία
2434 4061 2532 4130 τῆς
2566 4054 3042 4128 προεξητασμένης
3066 4053 3244 4123 ἔχεται
3269 4049 3527 4113 διανοίας.
3578 4048 3714 4120 Ὀδῷ
3740 4047 3833 4117 γάρ

2280 4153 2373 4206 καλ⁵
2409 4149 2696 4218 ἀκολουθίᾳ
2737 4146 3068 4217 προσοικειοῖ
3109 4143 3186 4214 τῷ
3225 4140 3342 4212 Θεῷ
3379 4141 3477 4211 τὴν
3507 4138 3834 4212 ἀνθρωπίνην

2279 4242 2441 4312 φύσιν
2470 4243 2500 4294 6
2525 4240 2705 4308 λόγος,
2737 4238 2952 4309 πρῶτον
2984 4236 3080 4308 μὲν
3112 4234 3281 4305 αὐτὴν
3310 4231 3398 4286 διὰ
3424 4231 3533 4285 τῶν
3559 4230 3832 4302 προφητῶν

2285 4329 2643 4400 καταυγάζων
2675 4330 2768 4382 καὶ
2806 4327 2914 4380 τῶν
2946 4325 3182 4396 νομικῶν
3210 4322 3704 4395 παραγγελμάτων.
3738 4318 3830 4374 Οὖ-

2276 4443 2384 4489 τως
2429 4424 2537 4496 γὰρ
2585 4420 2832 4492 νοοῦμεν,
2873 4418 3090 4490 θυρίδας
3135 4417 3231 4487 μὲν
3257 4416 3382 4479 τοὺς
3411 4415 3694 4486 προφήτας
3722 4413 3830 4473 τοὺς

2278 4517 2339 4570 τὸ
2368 4514 2483 4586 φῶς
2512 4515 2828 4582 εἰσάγοντας
2853 4529 2865 4541 ·
2894 4511 3084 4564 δίκτυα
3123 4508 3178 4561 δὲ
3203 4506 3299 4578 τὴν
3327 4505 3437 4559 τῶν
3465 4505 3708 4575 νομίμων
3747 4517 3832 4554 πα-

606 4605 866 4676 splendor
886 4604 998 4659 veri
1025 4605 1266 4660 luminis.
1293 4603 1427 4660 Post
1466 4605 1580 4659 haec
1609 4613 1788 4659 autem
1815 4615 1898 4662 est
1936 4607 2173 4676 perfecta

2284 4609 2676 4683 ραγγελμάτων
2703 4607 2908 4677 πλοκήν
2930 4621 2945 4637 ’
2977 4604 3043 4658 δι’
3071 4596 3146 4656 ὧν
3173 4601 3495 4672 ἀμφοτέρων
3528 4601 3560 4669 ὴ
3586 4597 3724 4668 αὐγὴ
3748 4593 3828 4646 τοῦ

607 4698 747 4754 lucis
781 4696 1131 4761 illuminatio,
1174 4697 1394 4766 quando
1425 4695 1676 4765 apparuit
1707 4713 1835 4752 vera
1866 4697 1958 4751 lux
1992 4699 2060 4755 iis
2085 4703 2179 4770 qui

2282 4701 2531 4773 ἀληθινοῦ
2571 4697 2746 4770 φωτὸς
2788 4697 2881 4750 ἐπὶ
2913 4696 2980 4750 τὰ
3033 4694 3182 4757 ἐντὸς
3236 4692 3640 4764 παρεισδύεται.
3694 4688 3830 4744 Μετὰ

606 4791 797 4847 sedent
841 4790 896 4843 in
932 4789 1171 4844 tenebris
1203 4797 1259 4843 et
1309 4789 1362 4842 in
1411 4789 1606 4843 umbra
1653 4788 1868 4854 mortis,
1925 4804 2020 4859 per
2049 4805 2182 4845 con-

608 4882 1058 4952 temperationem
1133 4895 1257 4934 cum
1320 4889 1510 4935 nostra
1565 4888 1781 4934 natura.
1843 4881 2003 4938 Prius
2049 4900 2179 4955 ergo

607 4975 926 5046 splendores
954 4973 1393 5044 prOpheticarum
1447 4975 1933 5044 intelligentiarum
1987 4977 2180 5032 animm

609 5069 1011 5134 illucescentes,
1053 5082 1149 5138 per
1179 5082 1210 5120 a
1249 5068 1405 5122 nobis
1453 5075 1635 5124 mente
1685 5067 1986 5124 intellectas
2031 5067 2181 5123 fene-

606 5169 752 5218 stras
809 5168 864 5216 et
902 5160 1200 5224 cancellos,
1250 5159 1545 5216 immittunt
1599 5157 1930 5214 desiderium
1960 5159 2179 5215 videndi

606 5251 776 5308 solem
798 5249 901 5305 sub
932 5249 1044 5304 dio.
1082 5249 1286 5305 Deinde
1315 5249 1396 5303 sic
1421 5247 1474 5302 id
1505 5247 1652 5318 quod
1683 5247 2026 5304 desideratur
2053 5263 2178 5318 pro-

603 5344 748 5399 cedit
781 5343 846 5397 ad
870 5341 1142 5398 etl'ectum.

671 5525 972 5581 Audiamus
988 5533 1169 5580 autem
1189 5536 1435 5595 quamam
1453 5521 1582 5577 dicit
1597 5520 1852 5576 Ecclesiae
1866 5519 1913 5577 is
1930 5521 2022 5592 qui
2042 5536 2174 5577 non-

602 5618 730 5674 dum
745 5628 828 5673 est
843 5619 981 5674 intra
995 5615 1376 5690 parietem,sed
1386 5622 1492 5671 stat
1507 5630 1599 5684 pcr
1613 5613 1876 5669 fenestras
1891 5614 2037 5668 illam
2051 5615 2179 5668 allo-

602 5725 794 5782 quens.
815 5709 1108 5778 Respondet
1121 5726 1279 5774 enim,
1307 5705 1500 5775 inquit,
1516 5705 1769 5776 patruelis
1798 5721 1962 5772 meus,
1983 5715 2031 5760 et
2044 5705 2174 5762 dicit

677 5915 720 5945 "
745 5911 877 5966 Luc.
917 5929 969 5979 κ,
1001 5913 1084 5970 l9.

2277 4794 2452 4847 ταῦτα
2505 4792 2562 4844 δὲ
2613 4793 2646 4862 ἡ
2702 4788 2882 4842 τελεία
2922 4787 3014 4839 τοῦ
3055 4785 3230 4855 φωτὸς
3285 4783 3549 4855 ἕλλαμψις
3610 4783 3826 4852 γίνεται,

2276 4890 2404 4943 ὅταν
2439 4885 2672 4954 ἐπιφανῇ
2702 4881 2763 4933 τὸ
2800 4879 2914 4950 φῶς
2939 4879 2998 4932 τὸ
3025 4877 3273 4950 ἀληθινὸν
3305 4880 3414 4940 τοῖς
3443 4878 3501 4929 ἐν
3543 4877 3718 4929 σκότει
3749 4873 3829 4926 καὶ

2281 4980 2407 5050 σκιᾷ
2433 4975 2781 5046 καθημένοις,
2805 4971 2892 5027 διὰ
2918 4971 3018 5042 τῆς
3052 4970 3187 5043 πρὸς
3211 4971 3310 5041 τὴν
3337 4971 3499 5040 φύσιν
3536 4970 3690 5041 ἡμῶν
3724 4983 3828 5022 συν-

2281 5069 2649 5140 ανακράσεως.
2702 5063 2970 5135 Πρότερον
3011 5057 3118 5130 οὖν,
3149 5062 3204 5114 αί
3245 5061 3407 5129 αὐγαὶ
3435 5059 3545 5113 τῶν
3581 5075 3828 5130 προφητιο

2281 5163 2391 5219 κῶν
2421 5179 2480 5214 τε
2508 5160 2601 5214 καὶ
2629 5157 2868 5228 νομικῶν
2899 5155 3180 5226 νοημάτων
3207 5153 3578 5224 ἐλλάμπουσαι
3607 5156 3671 5224 τῇ
3697 5151 3823 5220 ψυχῇ

2278 5253 2366 5310 διὰ
2411 5251 2518 5306 τῶν
2567 5248 2856 5322 νοηθεισῶν
2906 5249 3034 5318 ἡμῖν
3070 5245 3298 5314 θυρίδων
3346 5262 3403 5298 τε
3453 5245 3548 5297 καὶ
3592 5243 3824 5304 δικτύων,

2279 5343 2572 5414 ἐπιθυμίαν
2595 5338 2882 5412 ἐμποιοῦσι
2911 5337 3002 5390 τοῦ
3035 5337 3162 5390 ἰδεῖν
3184 5337 3241 5388 ὲν
3271 5334 3519 5407 ὑπαίθρῳ
3549 5334 3636 5388 τὸν
3668 5335 3823 5404 ἥλιον.

2281 5433 2390 5491 Εἶθ’
2419 5434 2588 5497 οὕτως
2608 5432 2669 5486 τὸ
2699 5431 3025 5501 ποθούμενον
3063 5429 3140 5492 είς
3172 5427 3330 5498 ἔργον
3360 5427 3700 5498 προέρχεται.

2367 5526 2705 5596 Ἀκούσωμεν
2739 5524 2796 5578 δὲ
2823 5519 2911 5576 οἷα
2959 5521 3094 5593 πρὸς
3125 5521 3223 5591 τὴν
3281 5519 3599 5590 Ἐκκλησίαν
3628 5518 3770 5570 λαλεῖ
3801 5516 3825 5568 6

2286 5621 2451 5693 μήπω
2481 5618 2629 5680 ἐντὸς
2656 5614 2749 5670 τοῦ
2771 5613 2947 5684 τοίχου
2972 5611 3258 5682 γενόμενος
3279 5652 3293 5673 ,
3323 5611 3438 5665 ἀλλ’
3469 5610 3594 5681 ἔστη
3624 5609 3711 5663 διὰ
3730 5606 3824 5660 τῶν

2283 5709 2628 5785 φωταγωγῶν
2676 5708 2813 5779 αὐτῇ
2865 5702 3394 5778 προσφθεγγόμενος,
3453 5701 3824 5770 Ἀποκρίνεται
