  <div class='ocr_page' id='page_1' title='image "/cluster/home/n/w/nwhite01/storage/ocr_20150623/44/hvd.32044012542270/442.png"; bbox 0 0 4110 6492; ppageno 0'>
   <div class='ocr_carea' id='block_1_1' title="bbox 336 412 443 467">
    <p class='ocr_par' dir='ltr' id='par_1_1' title="bbox 336 412 443 467">
     <span class='ocr_line' id='line_1_1' title="bbox 336 412 443 467; baseline -0.009 0"><span class='ocrx_word' id='word_1_1' title='bbox 336 412 443 467; x_wconf 75' lang='grc' dir='ltr'><strong>8θὸ</strong></span> 
     </span>
    </p>
   </div>
   <div class='ocr_carea' id='block_1_2' title="bbox 1382 406 2535 469">
    <p class='ocr_par' dir='ltr' id='par_1_2' title="bbox 1382 406 2535 469">
     <span class='ocr_line' id='line_1_2' title="bbox 1382 406 2535 469; baseline 0.003 -3"><span class='ocrx_word' id='word_1_2' title='bbox 1382 413 1448 467; x_wconf 85' lang='lat' dir='ltr'><strong>lN</strong></span> <span class='ocrx_word' id='word_1_3' title='bbox 1484 407 1783 468; x_wconf 76' lang='lat' dir='ltr'><strong>CANTICA</strong></span> <span class='ocrx_word' id='word_1_4' title='bbox 1820 406 2088 463; x_wconf 80' lang='lat' dir='ltr'><strong>CANTIC.</strong></span> <span class='ocrx_word' id='word_1_5' title='bbox 2144 409 2425 468; x_wconf 79' lang='lat' dir='ltr'><strong>HOMILIA</strong></span> <span class='ocrx_word' id='word_1_6' title='bbox 2470 416 2535 469; x_wconf 80' lang='grc' dir='ltr'>γ.</span> 
     </span>
    </p>
   </div>
   <div class='ocr_carea' id='block_1_3' title="bbox 3474 419 3578 476">
    <p class='ocr_par' dir='ltr' id='par_1_3' title="bbox 3474 419 3578 476">
     <span class='ocr_line' id='line_1_3' title="bbox 3474 419 3578 476; baseline -0.058 0"><span class='ocrx_word' id='word_1_7' title='bbox 3474 419 3578 476; x_wconf 73' lang='lat'>866</span> 
     </span>
    </p>
   </div>
   <div class='ocr_carea' id='block_1_4' title="bbox 334 522 1904 607">
    <p class='ocr_par' dir='ltr' id='par_1_4' title="bbox 334 522 1904 606">
     <span class='ocr_line' id='line_1_4' title="bbox 334 522 1904 606; baseline -0.004 -17"><span class='ocrx_word' id='word_1_8' title='bbox 334 536 464 605; x_wconf 70' lang='grc' dir='ltr'>γὰρ,</span> <span class='ocrx_word' id='word_1_9' title='bbox 493 533 677 606; x_wconf 76' lang='grc' dir='ltr'>φησὶν,</span> <span class='ocrx_word' id='word_1_10' title='bbox 710 537 743 588; x_wconf 80' lang='grc' dir='ltr'><em>ό</em></span> <span class='ocrx_word' id='word_1_11' title='bbox 768 535 1088 605; x_wconf 69' lang='grc' dir='ltr'>ἀδελφιδός</span> <span class='ocrx_word' id='word_1_12' title='bbox 1103 554 1250 605; x_wconf 81' lang='grc' dir='ltr'>μου,</span> <span class='ocrx_word' id='word_1_13' title='bbox 1275 552 1372 589; x_wconf 80' lang='grc' dir='ltr'><strong>και</strong></span> <span class='ocrx_word' id='word_1_14' title='bbox 1399 536 1558 604; x_wconf 80' lang='grc' dir='ltr'><em>λέγει</em></span> <span class='ocrx_word' id='word_1_15' title='bbox 1575 532 1704 601; x_wconf 78' lang='grc' dir='ltr'><strong>μοι·</strong></span> <span class='ocrx_word' id='word_1_16' title='bbox 1742 522 1904 585; x_wconf 73' lang='grc' dir='ltr'><strong>’Ᾰνά-</strong></span> 
     </span>
    </p>
   </div>
   <div class='ocr_carea' id='block_1_5' title="bbox 2003 522 3580 607">
    <p class='ocr_par' dir='ltr' id='par_1_5' title="bbox 2010 531 3580 607">
     <span class='ocr_line' id='line_1_5' title="bbox 2010 531 3580 607; baseline 0.004 -24"><span class='ocrx_word' id='word_1_17' title='bbox 2010 531 2139 584; x_wconf 84' lang='lat' dir='ltr'><strong>mihi</strong></span> <span class='ocrx_word' id='word_1_18' title='bbox 2170 547 2188 586; x_wconf 90' lang='lat'><em>:</em></span> <span class='ocrx_word' id='word_1_19' title='bbox 2216 532 2404 604; x_wconf 82' lang='lat' dir='ltr'><strong>Surge,</strong></span> <span class='ocrx_word' id='word_1_20' title='bbox 2432 535 2564 598; x_wconf 83' lang='lat' dir='ltr'><strong>veni,</strong></span> <span class='ocrx_word' id='word_1_21' title='bbox 2594 537 2887 607; x_wconf 80' lang='lat' dir='ltr'><strong>propinqua</strong></span> <span class='ocrx_word' id='word_1_22' title='bbox 2912 552 3045 599; x_wconf 84' lang='lat' dir='ltr'><strong>mea,</strong></span> <span class='ocrx_word' id='word_1_23' title='bbox 3071 535 3291 604; x_wconf 78' lang='lat' dir='ltr'><strong>pulchra</strong></span> <span class='ocrx_word' id='word_1_24' title='bbox 3326 551 3459 603; x_wconf 89' lang='lat' dir='ltr'><strong>mea,</strong></span> <span class='ocrx_word' id='word_1_25' title='bbox 3490 554 3580 590; x_wconf 85' lang='lat' dir='ltr'><strong>co-</strong></span> 
     </span>
    </p>
   </div>
   <div class='ocr_carea' id='block_1_6' title="bbox 337 621 1908 696">
    <p class='ocr_par' dir='ltr' id='par_1_6' title="bbox 337 621 1908 696">
     <span class='ocr_line' id='line_1_6' title="bbox 337 621 1908 696; baseline -0.005 -14"><span class='ocrx_word' id='word_1_26' title='bbox 337 642 474 689; x_wconf 79' lang='grc' dir='ltr'>στα,</span> <span class='ocrx_word' id='word_1_27' title='bbox 499 626 658 689; x_wconf 77' lang='grc' dir='ltr'>ἐλθὲ,</span> <span class='ocrx_word' id='word_1_28' title='bbox 699 628 738 694; x_wconf 77' lang='grc' dir='ltr'>ἡ</span> <span class='ocrx_word' id='word_1_29' title='bbox 773 628 1039 695; x_wconf 78' lang='grc' dir='ltr'><strong>πλησίον</strong></span> <span class='ocrx_word' id='word_1_30' title='bbox 1062 645 1201 696; x_wconf 83' lang='grc' dir='ltr'>μου,</span> <span class='ocrx_word' id='word_1_31' title='bbox 1228 626 1384 693; x_wconf 72' lang='grc' dir='ltr'>καλή</span> <span class='ocrx_word' id='word_1_32' title='bbox 1419 644 1557 696; x_wconf 82' lang='grc' dir='ltr'>μου,</span> <span class='ocrx_word' id='word_1_33' title='bbox 1592 621 1908 693; x_wconf 78' lang='grc' dir='ltr'>περιστερά</span> 
     </span>
    </p>
   </div>
   <div class='ocr_carea' id='block_1_7' title="bbox 330 713 1906 789">
    <p class='ocr_par' dir='ltr' id='par_1_7' title="bbox 330 713 1906 789">
     <span class='ocr_line' id='line_1_7' title="bbox 330 713 1906 789; baseline -0.004 -16"><span class='ocrx_word' id='word_1_34' title='bbox 330 735 471 789; x_wconf 65' lang='lat' dir='ltr'><strong>you.</strong></span> <span class='ocrx_word' id='word_1_35' title='bbox 506 719 635 771; x_wconf 86' lang='grc' dir='ltr'>Ὅτι</span> <span class='ocrx_word' id='word_1_36' title='bbox 669 718 797 771; x_wconf 80' lang='grc' dir='ltr'>ιδοὺ</span> <span class='ocrx_word' id='word_1_37' title='bbox 828 722 860 773; x_wconf 81' lang='grc' dir='ltr'><strong>ό</strong></span> <span class='ocrx_word' id='word_1_38' title='bbox 876 718 1094 787; x_wconf 77' lang='grc' dir='ltr'>χειμὼν</span> <span class='ocrx_word' id='word_1_39' title='bbox 1113 716 1439 785; x_wconf 75' lang='grc' dir='ltr'><strong>παρῆλθεν,</strong></span> <span class='ocrx_word' id='word_1_40' title='bbox 1467 720 1497 769; x_wconf 84' lang='grc' dir='ltr'><strong>ό</strong></span> <span class='ocrx_word' id='word_1_41' title='bbox 1518 716 1692 781; x_wconf 81' lang='grc' dir='ltr'><em>ὑετὸς</em></span> <span class='ocrx_word' id='word_1_42' title='bbox 1709 713 1906 782; x_wconf 74' lang='grc' dir='ltr'><strong>ἀπῆλ-</strong></span> 
     </span>
    </p>
   </div>
   <div class='ocr_carea' id='block_1_8' title="bbox 337 804 1907 879">
    <p class='ocr_par' dir='ltr' id='par_1_8' title="bbox 337 804 1907 879">
     <span class='ocr_line' id='line_1_8' title="bbox 337 804 1907 879; baseline -0.005 -14"><span class='ocrx_word' id='word_1_43' title='bbox 337 814 459 874; x_wconf 73' lang='grc' dir='ltr'>θεν,</span> <span class='ocrx_word' id='word_1_44' title='bbox 481 811 771 879; x_wconf 79' lang='grc' dir='ltr'>ἐπορεύθη</span> <span class='ocrx_word' id='word_1_45' title='bbox 795 809 985 874; x_wconf 82' lang='grc' dir='ltr'>ἐαυτῷ</span> <span class='ocrx_word' id='word_1_46' title='bbox 1006 847 1020 862; x_wconf 93' lang='grc'><strong>.</strong></span> <span class='ocrx_word' id='word_1_47' title='bbox 1046 810 1121 863; x_wconf 83' lang='grc' dir='ltr'><em>Τὰ</em></span> <span class='ocrx_word' id='word_1_48' title='bbox 1156 810 1306 876; x_wconf 78' lang='grc' dir='ltr'><em>ἄνθη</em></span> <span class='ocrx_word' id='word_1_49' title='bbox 1334 809 1499 877; x_wconf 65' lang='grc' dir='ltr'><em>ὤφθη</em></span> <span class='ocrx_word' id='word_1_50' title='bbox 1540 808 1608 860; x_wconf 83' lang='grc' dir='ltr'><strong>ἐν</strong></span> <span class='ocrx_word' id='word_1_51' title='bbox 1644 805 1717 875; x_wconf 77' lang='grc' dir='ltr'>τῇ</span> <span class='ocrx_word' id='word_1_52' title='bbox 1742 804 1841 874; x_wconf 77' lang='grc' dir='ltr'><strong>γῇ,</strong></span> <span class='ocrx_word' id='word_1_53' title='bbox 1873 808 1907 857; x_wconf 89' lang='grc' dir='ltr'><strong>ό</strong></span> 
     </span>
    </p>
   </div>
   <div class='ocr_carea' id='block_1_9' title="bbox 337 899 1907 973">
    <p class='ocr_par' dir='ltr' id='par_1_9' title="bbox 337 899 1907 973">
     <span class='ocr_line' id='line_1_9' title="bbox 337 899 1907 973; baseline -0.004 -16"><span class='ocrx_word' id='word_1_54' title='bbox 337 903 539 973; x_wconf 79' lang='grc' dir='ltr'>καιρὸς</span> <span class='ocrx_word' id='word_1_55' title='bbox 588 902 699 970; x_wconf 83' lang='grc' dir='ltr'><strong>τῆς</strong></span> <span class='ocrx_word' id='word_1_56' title='bbox 740 901 925 971; x_wconf 80' lang='grc' dir='ltr'><em>τομῆς</em></span> <span class='ocrx_word' id='word_1_57' title='bbox 954 902 1193 970; x_wconf 71' lang='grc' dir='ltr'>ἔφθακε.</span> <span class='ocrx_word' id='word_1_58' title='bbox 1243 902 1414 969; x_wconf 73' lang='grc' dir='ltr'>φωνὴ</span> <span class='ocrx_word' id='word_1_59' title='bbox 1459 901 1571 968; x_wconf 84' lang='grc' dir='ltr'><strong>τῆς</strong></span> <span class='ocrx_word' id='word_1_60' title='bbox 1622 899 1907 967; x_wconf 76' lang='grc' dir='ltr'><strong>τρυγόνος</strong></span> 
     </span>
    </p>
   </div>
   <div class='ocr_carea' id='block_1_10' title="bbox 334 987 1906 1061">
    <p class='ocr_par' dir='ltr' id='par_1_10' title="bbox 334 987 1906 1061">
     <span class='ocr_line' id='line_1_10' title="bbox 334 987 1906 1061; baseline -0.004 -15"><span class='ocrx_word' id='word_1_61' title='bbox 334 995 605 1061; x_wconf 76' lang='grc' dir='ltr'><strong>ἠκούσθη</strong></span> <span class='ocrx_word' id='word_1_62' title='bbox 636 994 704 1046; x_wconf 83' lang='grc' dir='ltr'><strong>ἐν</strong></span> <span class='ocrx_word' id='word_1_63' title='bbox 741 990 815 1060; x_wconf 77' lang='grc' dir='ltr'>τῇ</span> <span class='ocrx_word' id='word_1_64' title='bbox 848 991 926 1061; x_wconf 72' lang='grc' dir='ltr'>γῇ</span> <span class='ocrx_word' id='word_1_65' title='bbox 951 990 1136 1060; x_wconf 73' lang='grc' dir='ltr'>ἡμῶν.</span> <span class='ocrx_word' id='word_1_66' title='bbox 1176 992 1235 1044; x_wconf 85' lang='grc' dir='ltr'>Ἠ</span> <span class='ocrx_word' id='word_1_67' title='bbox 1259 991 1419 1058; x_wconf 78' lang='grc' dir='ltr'>συκῆ</span> <span class='ocrx_word' id='word_1_68' title='bbox 1450 990 1733 1058; x_wconf 72' lang='grc' dir='ltr'><strong>ἐξήνεγκε</strong></span> <span class='ocrx_word' id='word_1_69' title='bbox 1761 987 1906 1053; x_wconf 88' lang='grc' dir='ltr'>τοὺς</span> 
     </span>
    </p>
   </div>
   <div class='ocr_carea' id='block_1_11' title="bbox 336 1078 1902 1152">
    <p class='ocr_par' dir='ltr' id='par_1_11' title="bbox 336 1078 1902 1152">
     <span class='ocr_line' id='line_1_11' title="bbox 336 1078 1902 1152; baseline -0.004 -15"><span class='ocrx_word' id='word_1_70' title='bbox 336 1087 630 1150; x_wconf 73' lang='grc' dir='ltr'><em>ὀλύνθους</em></span> <span class='ocrx_word' id='word_1_71' title='bbox 661 1082 868 1151; x_wconf 82' lang='grc' dir='ltr'>αὐτῆς.</span> <span class='ocrx_word' id='word_1_72' title='bbox 903 1087 972 1137; x_wconf 77' lang='lat' dir='ltr'><strong>At</strong></span> <span class='ocrx_word' id='word_1_73' title='bbox 1014 1084 1267 1152; x_wconf 78' lang='grc' dir='ltr'>ἄμπελοι</span> <span class='ocrx_word' id='word_1_74' title='bbox 1301 1082 1469 1152; x_wconf 77' lang='grc' dir='ltr'><strong>ἡμῶν</strong></span> <span class='ocrx_word' id='word_1_75' title='bbox 1497 1078 1902 1148; x_wconf 79' lang='grc' dir='ltr'>κυπρίζουσιν,</span> 
     </span>
    </p>
   </div>
   <div class='ocr_carea' id='block_1_12' title="bbox 336 1168 1903 1245">
    <p class='ocr_par' dir='ltr' id='par_1_12' title="bbox 336 1168 1903 1245">
     <span class='ocr_line' id='line_1_12' title="bbox 336 1168 1903 1245; baseline -0.006 -15"><span class='ocrx_word' id='word_1_76' title='bbox 336 1177 564 1231; x_wconf 76' lang='grc' dir='ltr'>ἔδωκαν</span> <span class='ocrx_word' id='word_1_77' title='bbox 597 1175 815 1245; x_wconf 77' lang='grc' dir='ltr'><strong>ὀσμήν.</strong></span> <span class='ocrx_word' id='word_1_78' title='bbox 863 1175 952 1237; x_wconf 82' lang='grc' dir='ltr'>Ὠς</span> <span class='ocrx_word' id='word_1_79' title='bbox 986 1173 1276 1245; x_wconf 74' lang='grc' dir='ltr'><strong>γλαφυρῶς</strong></span> <span class='ocrx_word' id='word_1_80' title='bbox 1310 1176 1442 1243; x_wconf 81' lang='grc' dir='ltr'>ἡμῖν</span> <span class='ocrx_word' id='word_1_81' title='bbox 1471 1172 1776 1241; x_wconf 84' lang='grc' dir='ltr'><strong>ὑπογράφει</strong></span> <span class='ocrx_word' id='word_1_82' title='bbox 1806 1168 1903 1239; x_wconf 80' lang='grc' dir='ltr'>τὴν</span> 
     </span>
    </p>
   </div>
   <div class='ocr_carea' id='block_1_13' title="bbox 335 1263 1901 1341">
    <p class='ocr_par' dir='ltr' id='par_1_13' title="bbox 335 1263 1901 1341">
     <span class='ocr_line' id='line_1_13' title="bbox 335 1263 1901 1341; baseline -0.007 -18"><span class='ocrx_word' id='word_1_83' title='bbox 335 1270 427 1323; x_wconf 79' lang='grc' dir='ltr'>τοῦ</span> <span class='ocrx_word' id='word_1_84' title='bbox 460 1270 617 1341; x_wconf 80' lang='grc' dir='ltr'>ἔαρος</span> <span class='ocrx_word' id='word_1_85' title='bbox 646 1268 804 1337; x_wconf 84' lang='grc' dir='ltr'>χάριν</span> <span class='ocrx_word' id='word_1_86' title='bbox 833 1268 861 1320; x_wconf 98' lang='lat'><strong>6</strong></span> <span class='ocrx_word' id='word_1_87' title='bbox 892 1266 1135 1336; x_wconf 81' lang='grc' dir='ltr'><strong>πλάστης</strong></span> <span class='ocrx_word' id='word_1_88' title='bbox 1154 1265 1247 1318; x_wconf 77' lang='grc' dir='ltr'><strong>τοῦ</strong></span> <span class='ocrx_word' id='word_1_89' title='bbox 1280 1265 1461 1335; x_wconf 83' lang='grc' dir='ltr'>ἔαρος,</span> <span class='ocrx_word' id='word_1_90' title='bbox 1494 1264 1625 1333; x_wconf 76' lang='grc' dir='ltr'>πρὸς</span> <span class='ocrx_word' id='word_1_91' title='bbox 1648 1263 1706 1314; x_wconf 85' lang='grc' dir='ltr'>ὃν</span> <span class='ocrx_word' id='word_1_92' title='bbox 1737 1276 1901 1330; x_wconf 86' lang='grc' dir='ltr'>φησιν</span> 
     </span>
    </p>
   </div>
   <div class='ocr_carea' id='block_1_14' title="bbox 334 1352 1901 1427">
    <p class='ocr_par' dir='ltr' id='par_1_14' title="bbox 334 1352 1901 1427">
     <span class='ocr_line' id='line_1_14' title="bbox 334 1352 1901 1427; baseline -0.008 -12"><span class='ocrx_word' id='word_1_93' title='bbox 334 1364 363 1415; x_wconf 92' lang='lat'><strong>6</strong></span> <span class='ocrx_word' id='word_1_94' title='bbox 387 1358 569 1424; x_wconf 75' lang='grc' dir='ltr'>Δαϐὶδ,</span> <span class='ocrx_word' id='word_1_95' title='bbox 591 1362 675 1413; x_wconf 85' lang='grc' dir='ltr'><strong>ὅτι</strong></span> <span class='ocrx_word' id='word_1_96' title='bbox 711 1358 890 1427; x_wconf 81' lang='grc' dir='ltr'><em>Θέρος</em></span> <span class='ocrx_word' id='word_1_97' title='bbox 914 1359 1013 1412; x_wconf 79' lang='grc' dir='ltr'>καὶ</span> <span class='ocrx_word' id='word_1_98' title='bbox 1040 1360 1168 1427; x_wconf 77' lang='grc' dir='ltr'>ἔαρ,</span> <span class='ocrx_word' id='word_1_99' title='bbox 1191 1358 1271 1411; x_wconf 89' lang='grc' dir='ltr'><strong>σὺ</strong></span> <span class='ocrx_word' id='word_1_100' title='bbox 1293 1358 1565 1421; x_wconf 74' lang='grc' dir='ltr'>ἔπλασας</span> <span class='ocrx_word' id='word_1_101' title='bbox 1592 1354 1762 1408; x_wconf 51' lang='lat' dir='ltr'><strong>autc?</strong></span> <span class='ocrx_word' id='word_1_102' title='bbox 1787 1352 1901 1404; x_wconf 89' lang='grc' dir='ltr'>λύει</span> 
     </span>
    </p>
   </div>
   <div class='ocr_carea' id='block_1_15' title="bbox 334 1442 1901 1523">
    <p class='ocr_par' dir='ltr' id='par_1_15' title="bbox 334 1442 1901 1523">
     <span class='ocr_line' id='line_1_15' title="bbox 334 1442 1901 1523; baseline -0.007 -18"><span class='ocrx_word' id='word_1_103' title='bbox 334 1452 431 1523; x_wconf 74' lang='grc' dir='ltr'>τὴν</span> <span class='ocrx_word' id='word_1_104' title='bbox 460 1450 551 1503; x_wconf 81' lang='grc' dir='ltr'>τοῦ</span> <span class='ocrx_word' id='word_1_105' title='bbox 591 1450 857 1521; x_wconf 84' lang='grc' dir='ltr'>χειμῶνος</span> <span class='ocrx_word' id='word_1_106' title='bbox 904 1451 1235 1518; x_wconf 79' lang='grc' dir='ltr'><strong>κατήφειαν,</strong></span> <span class='ocrx_word' id='word_1_107' title='bbox 1267 1445 1697 1518; x_wconf 80' lang='grc' dir='ltr'><strong>παρεληλυθέναι</strong></span> <span class='ocrx_word' id='word_1_108' title='bbox 1729 1442 1901 1511; x_wconf 78' lang='grc' dir='ltr'>λέγων</span> 
     </span>
    </p>
   </div>
   <div class='ocr_carea' id='block_1_16' title="bbox 331 1534 1901 1616">
    <p class='ocr_par' dir='ltr' id='par_1_16' title="bbox 331 1534 1901 1616">
     <span class='ocr_line' id='line_1_16' title="bbox 331 1534 1901 1616; baseline -0.007 -19"><span class='ocrx_word' id='word_1_109' title='bbox 331 1547 433 1616; x_wconf 80' lang='grc' dir='ltr'>τὴν</span> <span class='ocrx_word' id='word_1_110' title='bbox 468 1544 782 1614; x_wconf 84' lang='grc' dir='ltr'>χειμερινὴν</span> <span class='ocrx_word' id='word_1_111' title='bbox 823 1540 1286 1612; x_wconf 84' lang='grc' dir='ltr'>σκυθρωπότητα,</span> <span class='ocrx_word' id='word_1_112' title='bbox 1315 1541 1409 1593; x_wconf 72' lang='grc' dir='ltr'><strong>καὶ</strong></span> <span class='ocrx_word' id='word_1_113' title='bbox 1457 1539 1557 1609; x_wconf 82' lang='grc' dir='ltr'>τὴν</span> <span class='ocrx_word' id='word_1_114' title='bbox 1586 1538 1695 1589; x_wconf 80' lang='grc' dir='ltr'><strong>τῶν</strong></span> <span class='ocrx_word' id='word_1_115' title='bbox 1731 1534 1901 1588; x_wconf 84' lang='grc' dir='ltr'>ὑετῶν</span> 
     </span>
    </p>
   </div>
   <div class='ocr_carea' id='block_1_17' title="bbox 333 1628 1901 1711">
    <p class='ocr_par' dir='ltr' id='par_1_17' title="bbox 333 1628 1901 1711">
     <span class='ocr_line' id='line_1_17' title="bbox 333 1628 1901 1711; baseline -0.008 -18"><span class='ocrx_word' id='word_1_116' title='bbox 333 1638 544 1711; x_wconf 84' lang='grc' dir='ltr'><strong>ἀηδίαν.</strong></span> <span class='ocrx_word' id='word_1_117' title='bbox 572 1636 857 1707; x_wconf 85' lang='grc' dir='ltr'>Λειμῶνας</span> <span class='ocrx_word' id='word_1_118' title='bbox 884 1635 1120 1687; x_wconf 87' lang='grc' dir='ltr'>δείκνυσι</span> <span class='ocrx_word' id='word_1_119' title='bbox 1163 1633 1423 1704; x_wconf 86' lang='grc' dir='ltr'>βρύοντας</span> <span class='ocrx_word' id='word_1_120' title='bbox 1468 1632 1563 1684; x_wconf 79' lang='grc' dir='ltr'><strong>καὶ</strong></span> <span class='ocrx_word' id='word_1_121' title='bbox 1598 1628 1901 1701; x_wconf 76' lang='grc' dir='ltr'>ὡραϊζομέ-</span> 
     </span>
    </p>
   </div>
   <div class='ocr_carea' id='block_1_18' title="bbox 332 1717 1899 1797">
    <p class='ocr_par' dir='ltr' id='par_1_18' title="bbox 332 1717 1899 1797">
     <span class='ocr_line' id='line_1_18' title="bbox 332 1717 1899 1797; baseline -0.009 -11"><span class='ocrx_word' id='word_1_122' title='bbox 332 1750 458 1797; x_wconf 90' lang='grc' dir='ltr'>νους</span> <span class='ocrx_word' id='word_1_123' title='bbox 496 1734 605 1793; x_wconf 84' lang='grc' dir='ltr'>τοῖς</span> <span class='ocrx_word' id='word_1_124' title='bbox 643 1727 846 1783; x_wconf 81' lang='grc' dir='ltr'>ἄνθεσι.</span> <span class='ocrx_word' id='word_1_125' title='bbox 879 1727 960 1779; x_wconf 85' lang='grc' dir='ltr'><strong>Τὰ</strong></span> <span class='ocrx_word' id='word_1_126' title='bbox 1008 1725 1063 1778; x_wconf 85' lang='grc' dir='ltr'>δὲ</span> <span class='ocrx_word' id='word_1_127' title='bbox 1094 1725 1225 1795; x_wconf 79' lang='grc' dir='ltr'>ἄνθη</span> <span class='ocrx_word' id='word_1_128' title='bbox 1262 1728 1319 1778; x_wconf 83' lang='grc' dir='ltr'>ὲν</span> <span class='ocrx_word' id='word_1_129' title='bbox 1356 1725 1507 1793; x_wconf 86' lang='grc' dir='ltr'>ἀκμῇ</span> <span class='ocrx_word' id='word_1_130' title='bbox 1552 1717 1687 1774; x_wconf 83' lang='grc' dir='ltr'>εἶναι</span> <span class='ocrx_word' id='word_1_131' title='bbox 1731 1720 1899 1788; x_wconf 81' lang='grc' dir='ltr'><strong>λέγει,</strong></span> 
     </span>
    </p>
   </div>
   <div class='ocr_carea' id='block_1_19' title="bbox 333 1813 1899 1895">
    <p class='ocr_par' dir='ltr' id='par_1_19' title="bbox 333 1813 1899 1895">
     <span class='ocr_line' id='line_1_19' title="bbox 333 1813 1899 1895; baseline -0.011 -14"><span class='ocrx_word' id='word_1_132' title='bbox 333 1827 428 1882; x_wconf 63' lang='grc' dir='ltr'>καὶ</span> <span class='ocrx_word' id='word_1_133' title='bbox 459 1825 593 1895; x_wconf 82' lang='grc' dir='ltr'>πρὸς</span> <span class='ocrx_word' id='word_1_134' title='bbox 624 1822 796 1893; x_wconf 83' lang='grc' dir='ltr'>τομὴν</span> <span class='ocrx_word' id='word_1_135' title='bbox 846 1818 1163 1891; x_wconf 78' lang='grc' dir='ltr'><strong>ἐπιτηδείως</strong></span> <span class='ocrx_word' id='word_1_136' title='bbox 1209 1817 1370 1888; x_wconf 79' lang='grc' dir='ltr'>ἔχειν,</span> <span class='ocrx_word' id='word_1_137' title='bbox 1406 1817 1482 1880; x_wconf 85' lang='grc' dir='ltr'><strong>ὡς</strong></span> <span class='ocrx_word' id='word_1_138' title='bbox 1529 1817 1586 1878; x_wconf 78' lang='grc' dir='ltr'>ἐς</span> <span class='ocrx_word' id='word_1_139' title='bbox 1637 1813 1899 1883; x_wconf 84' lang='grc' dir='ltr'>στεφάνου</span> 
     </span>
    </p>
   </div>
   <div class='ocr_carea' id='block_1_20' title="bbox 2009 623 3577 699">
    <p class='ocr_par' dir='ltr' id='par_1_20' title="bbox 2009 623 3577 699">
     <span class='ocr_line' id='line_1_20' title="bbox 2009 623 3577 699; baseline 0.003 -23"><span class='ocrx_word' id='word_1_140' title='bbox 2009 623 2186 677; x_wconf 85' lang='lat' dir='ltr'><strong>lumbo</strong></span> <span class='ocrx_word' id='word_1_141' title='bbox 2207 642 2340 680; x_wconf 86' lang='lat' dir='ltr'><strong>mea.</strong></span> <span class='ocrx_word' id='word_1_142' title='bbox 2377 627 2637 693; x_wconf 76' lang='lat' dir='ltr'><strong>Quoniam</strong></span> <span class='ocrx_word' id='word_1_143' title='bbox 2697 645 2812 682; x_wconf 85' lang='lat' dir='ltr'><strong>ecce</strong></span> <span class='ocrx_word' id='word_1_144' title='bbox 2865 628 3027 682; x_wconf 82' lang='lat' dir='ltr'><strong>hiems</strong></span> <span class='ocrx_word' id='word_1_145' title='bbox 3084 628 3360 699; x_wconf 75' lang='lat' dir='ltr'><strong>prceteriit,</strong></span> <span class='ocrx_word' id='word_1_146' title='bbox 3413 629 3577 682; x_wconf 83' lang='lat' dir='ltr'><strong>imber</strong></span> 
     </span>
    </p>
   </div>
   <div class='ocr_carea' id='block_1_21' title="bbox 2006 714 3574 788">
    <p class='ocr_par' dir='ltr' id='par_1_21' title="bbox 2006 714 3574 788">
     <span class='ocr_line' id='line_1_21' title="bbox 2006 714 3574 788; baseline 0.003 -22"><span class='ocrx_word' id='word_1_147' title='bbox 2006 714 2157 778; x_wconf 82' lang='lat' dir='ltr'><strong>abiit,</strong></span> <span class='ocrx_word' id='word_1_148' title='bbox 2189 724 2237 769; x_wconf 87' lang='lat' dir='ltr'><strong>et</strong></span> <span class='ocrx_word' id='word_1_149' title='bbox 2260 733 2314 771; x_wconf 81' lang='lat' dir='ltr'><strong>se</strong></span> <span class='ocrx_word' id='word_1_150' title='bbox 2342 720 2553 786; x_wconf 76' lang='lat' dir='ltr'><strong>recepit.</strong></span> <span class='ocrx_word' id='word_1_151' title='bbox 2594 716 2781 772; x_wconf 84' lang='lat' dir='ltr'><strong>Flores</strong></span> <span class='ocrx_word' id='word_1_152' title='bbox 2809 719 2904 772; x_wconf 80' lang='lat' dir='ltr'><strong>visi</strong></span> <span class='ocrx_word' id='word_1_153' title='bbox 2932 729 3053 772; x_wconf 82' lang='lat' dir='ltr'><strong>sunt</strong></span> <span class='ocrx_word' id='word_1_154' title='bbox 3091 721 3143 771; x_wconf 89' lang='lat' dir='ltr'><strong>in</strong></span> <span class='ocrx_word' id='word_1_155' title='bbox 3171 729 3331 782; x_wconf 90' lang='lat' dir='ltr'><strong>terra,</strong></span> <span class='ocrx_word' id='word_1_156' title='bbox 3372 730 3574 788; x_wconf 82' lang='lat' dir='ltr'><strong>tempus</strong></span> 
     </span>
    </p>
   </div>
   <div class='ocr_carea' id='block_1_22' title="bbox 2004 808 3573 874">
    <p class='ocr_par' dir='ltr' id='par_1_22' title="bbox 2004 808 3573 874">
     <span class='ocr_line' id='line_1_22' title="bbox 2004 808 3573 874; baseline 0.003 -15"><span class='ocrx_word' id='word_1_157' title='bbox 2004 808 2292 874; x_wconf 79' lang='lat' dir='ltr'><strong>putationis</strong></span> <span class='ocrx_word' id='word_1_158' title='bbox 2339 808 2569 865; x_wconf 85' lang='lat' dir='ltr'><strong>advenit.</strong></span> <span class='ocrx_word' id='word_1_159' title='bbox 2626 808 2739 863; x_wconf 76' lang='lat' dir='ltr'><strong>Vox</strong></span> <span class='ocrx_word' id='word_1_160' title='bbox 2774 813 2994 865; x_wconf 85' lang='lat' dir='ltr'><strong>turturis</strong></span> <span class='ocrx_word' id='word_1_161' title='bbox 3033 812 3217 865; x_wconf 85' lang='lat' dir='ltr'><strong>audita</strong></span> <span class='ocrx_word' id='word_1_162' title='bbox 3250 821 3325 865; x_wconf 84' lang='lat' dir='ltr'><strong>est</strong></span> <span class='ocrx_word' id='word_1_163' title='bbox 3355 812 3406 864; x_wconf 86' lang='lat' dir='ltr'><strong>in</strong></span> <span class='ocrx_word' id='word_1_164' title='bbox 3434 820 3573 864; x_wconf 88' lang='lat' dir='ltr'><strong>terra</strong></span> 
     </span>
    </p>
   </div>
   <div class='ocr_carea' id='block_1_23' title="bbox 2004 897 3569 972">
    <p class='ocr_par' dir='ltr' id='par_1_23' title="bbox 2004 897 3569 972">
     <span class='ocr_line' id='line_1_23' title="bbox 2004 897 3569 972; baseline 0.004 -23"><span class='ocrx_word' id='word_1_165' title='bbox 2004 906 2205 951; x_wconf 85' lang='lat' dir='ltr'><strong>nostra.</strong></span> <span class='ocrx_word' id='word_1_166' title='bbox 2232 897 2395 953; x_wconf 82' lang='lat' dir='ltr'><strong>Ficus</strong></span> <span class='ocrx_word' id='word_1_167' title='bbox 2424 902 2645 970; x_wconf 84' lang='lat' dir='ltr'><strong>protulit</strong></span> <span class='ocrx_word' id='word_1_168' title='bbox 2662 918 2871 972; x_wconf 79' lang='lat' dir='ltr'><strong>gressus</strong></span> <span class='ocrx_word' id='word_1_169' title='bbox 2894 920 3037 955; x_wconf 75' lang='lat' dir='ltr'><strong>suos.</strong></span> <span class='ocrx_word' id='word_1_170' title='bbox 3073 900 3211 955; x_wconf 84' lang='lat' dir='ltr'><strong>Vites</strong></span> <span class='ocrx_word' id='word_1_171' title='bbox 3232 903 3445 970; x_wconf 81' lang='lat' dir='ltr'><strong>ﬂorent,</strong></span> <span class='ocrx_word' id='word_1_172' title='bbox 3485 902 3569 956; x_wconf 85' lang='lat' dir='ltr'><strong>de-</strong></span> 
     </span>
    </p>
   </div>
   <div class='ocr_carea' id='block_1_24' title="bbox 2003 990 3576 1066">
    <p class='ocr_par' dir='ltr' id='par_1_24' title="bbox 2003 990 3576 1066">
     <span class='ocr_line' id='line_1_24' title="bbox 2003 990 3576 1066; baseline 0.004 -24"><span class='ocrx_word' id='word_1_173' title='bbox 2003 990 2191 1044; x_wconf 83' lang='lat' dir='ltr'><strong>derunt</strong></span> <span class='ocrx_word' id='word_1_174' title='bbox 2234 993 2465 1048; x_wconf 86' lang='lat' dir='ltr'><strong>odorem.</strong></span> <span class='ocrx_word' id='word_1_175' title='bbox 2509 993 2554 1049; x_wconf 91' lang='grc' dir='ltr'><strong>Ο</strong></span> <span class='ocrx_word' id='word_1_176' title='bbox 2597 1010 2758 1063; x_wconf 89' lang='lat' dir='ltr'><strong>quam</strong></span> <span class='ocrx_word' id='word_1_177' title='bbox 2798 996 3070 1066; x_wconf 83' lang='lat' dir='ltr'><strong>eleganter</strong></span> <span class='ocrx_word' id='word_1_178' title='bbox 3108 996 3267 1051; x_wconf 87' lang='lat' dir='ltr'><strong>nobis</strong></span> <span class='ocrx_word' id='word_1_179' title='bbox 3315 995 3576 1050; x_wconf 86' lang='lat' dir='ltr'><strong>describit</strong></span> 
     </span>
    </p>
   </div>
   <div class='ocr_carea' id='block_1_25' title="bbox 2004 1082 3567 1151">
    <p class='ocr_par' dir='ltr' id='par_1_25' title="bbox 2004 1082 3567 1151">
     <span class='ocr_line' id='line_1_25' title="bbox 2004 1082 3567 1151; baseline 0.003 -16"><span class='ocrx_word' id='word_1_180' title='bbox 2004 1082 2147 1137; x_wconf 87' lang='lat' dir='ltr'><strong>veris</strong></span> <span class='ocrx_word' id='word_1_181' title='bbox 2175 1086 2545 1138; x_wconf 64' lang='lat' dir='ltr'><strong>amoenitatem</strong></span> <span class='ocrx_word' id='word_1_182' title='bbox 2588 1087 2813 1142; x_wconf 83' lang='lat' dir='ltr'><strong>Greater</strong></span> <span class='ocrx_word' id='word_1_183' title='bbox 2844 1086 3012 1151; x_wconf 77' lang='lat' dir='ltr'><strong>veris,</strong></span> <span class='ocrx_word' id='word_1_184' title='bbox 3052 1085 3142 1139; x_wconf 91' lang='lat' dir='ltr'><strong>cui</strong></span> <span class='ocrx_word' id='word_1_185' title='bbox 3182 1085 3318 1139; x_wconf 91' lang='lat' dir='ltr'><strong>dicit</strong></span> <span class='ocrx_word' id='word_1_186' title='bbox 3359 1084 3567 1140; x_wconf 84' lang='lat' dir='ltr'><strong>David:</strong></span> 
     </span>
    </p>
   </div>
   <div class='ocr_carea' id='block_1_26' title="bbox 2002 1172 3572 1245">
    <p class='ocr_par' dir='ltr' id='par_1_26' title="bbox 2002 1172 3572 1245">
     <span class='ocr_line' id='line_1_26' title="bbox 2002 1172 3572 1245; baseline 0.004 -20"><span class='ocrx_word' id='word_1_187' title='bbox 2002 1172 2266 1228; x_wconf 57' lang='lat' dir='ltr'><strong>IEstatem</strong></span> <span class='ocrx_word' id='word_1_188' title='bbox 2287 1185 2335 1230; x_wconf 84' lang='lat' dir='ltr'><strong>et</strong></span> <span class='ocrx_word' id='word_1_189' title='bbox 2360 1193 2466 1242; x_wconf 80' lang='lat' dir='ltr'><strong>ver,</strong></span> <span class='ocrx_word' id='word_1_190' title='bbox 2490 1186 2543 1229; x_wconf 86' lang='lat' dir='ltr'><strong>tu</strong></span> <span class='ocrx_word' id='word_1_191' title='bbox 2573 1178 2772 1245; x_wconf 73' lang='lat' dir='ltr'><strong>ﬁnxisti</strong></span> <span class='ocrx_word' id='word_1_192' title='bbox 2801 1194 2863 1231; x_wconf 89' lang='lat' dir='ltr'><strong>ea</strong></span> <span class='ocrx_word' id='word_1_193' title='bbox 2882 1178 2949 1232; x_wconf 81' lang='grc'><strong>⁸³.</strong></span> <span class='ocrx_word' id='word_1_194' title='bbox 2972 1177 3143 1232; x_wconf 88' lang='lat' dir='ltr'><strong>Solvit</strong></span> <span class='ocrx_word' id='word_1_195' title='bbox 3172 1178 3370 1232; x_wconf 91' lang='lat' dir='ltr'><strong>hiemis</strong></span> <span class='ocrx_word' id='word_1_196' title='bbox 3401 1177 3572 1233; x_wconf 83' lang='lat' dir='ltr'><strong>tristi—</strong></span> 
     </span>
    </p>
   </div>
   <div class='ocr_carea' id='block_1_27' title="bbox 2001 1266 3571 1335">
    <p class='ocr_par' dir='ltr' id='par_1_27' title="bbox 2001 1266 3571 1335">
     <span class='ocr_line' id='line_1_27' title="bbox 2001 1266 3571 1335; baseline 0.004 -17"><span class='ocrx_word' id='word_1_197' title='bbox 2001 1266 2157 1331; x_wconf 87' lang='lat' dir='ltr'><strong>tiam,</strong></span> <span class='ocrx_word' id='word_1_198' title='bbox 2184 1268 2373 1323; x_wconf 82' lang='lat' dir='ltr'><strong>dicens</strong></span> <span class='ocrx_word' id='word_1_199' title='bbox 2408 1270 2694 1326; x_wconf 88' lang='lat' dir='ltr'><strong>transiisse</strong></span> <span class='ocrx_word' id='word_1_200' title='bbox 2724 1269 3003 1324; x_wconf 81' lang='lat' dir='ltr'><strong>hibernam</strong></span> <span class='ocrx_word' id='word_1_201' title='bbox 3024 1270 3361 1335; x_wconf 71' lang='lat' dir='ltr'><strong>mmstitiam,</strong></span> <span class='ocrx_word' id='word_1_202' title='bbox 3387 1278 3439 1325; x_wconf 91' lang='lat' dir='ltr'><strong>et</strong></span> <span class='ocrx_word' id='word_1_203' title='bbox 3467 1271 3571 1324; x_wconf 89' lang='lat' dir='ltr'><strong>im-</strong></span> 
     </span>
    </p>
   </div>
   <div class='ocr_carea' id='block_1_28' title="bbox 2002 1356 3573 1431">
    <p class='ocr_par' dir='ltr' id='par_1_28' title="bbox 2002 1356 3573 1431">
     <span class='ocr_line' id='line_1_28' title="bbox 2002 1356 3573 1431; baseline 0.003 -20"><span class='ocrx_word' id='word_1_204' title='bbox 2002 1356 2179 1412; x_wconf 82' lang='lat' dir='ltr'><strong>brium</strong></span> <span class='ocrx_word' id='word_1_205' title='bbox 2208 1360 2534 1415; x_wconf 79' lang='lat' dir='ltr'><strong>molestiam.</strong></span> <span class='ocrx_word' id='word_1_206' title='bbox 2565 1359 2812 1415; x_wconf 73' lang='lat' dir='ltr'><strong>Ostendit</strong></span> <span class='ocrx_word' id='word_1_207' title='bbox 2844 1370 2994 1431; x_wconf 88' lang='lat' dir='ltr'><strong>prata</strong></span> <span class='ocrx_word' id='word_1_208' title='bbox 3028 1363 3291 1415; x_wconf 87' lang='lat' dir='ltr'><strong>scatentia</strong></span> <span class='ocrx_word' id='word_1_209' title='bbox 3325 1369 3378 1415; x_wconf 89' lang='lat' dir='ltr'><strong>et</strong></span> <span class='ocrx_word' id='word_1_210' title='bbox 3408 1362 3573 1415; x_wconf 91' lang='lat' dir='ltr'><strong>deco-</strong></span> 
     </span>
    </p>
   </div>
   <div class='ocr_carea' id='block_1_29' title="bbox 2000 1450 3571 1523">
    <p class='ocr_par' dir='ltr' id='par_1_29' title="bbox 2000 1450 3571 1523">
     <span class='ocr_line' id='line_1_29' title="bbox 2000 1450 3571 1523; baseline 0.003 -20"><span class='ocrx_word' id='word_1_211' title='bbox 2000 1460 2118 1503; x_wconf 92' lang='lat' dir='ltr'><strong>rata</strong></span> <span class='ocrx_word' id='word_1_212' title='bbox 2144 1450 2389 1507; x_wconf 82' lang='lat' dir='ltr'><strong>ﬂoribus.</strong></span> <span class='ocrx_word' id='word_1_213' title='bbox 2411 1451 2597 1507; x_wconf 89' lang='lat' dir='ltr'><strong>Flores</strong></span> <span class='ocrx_word' id='word_1_214' title='bbox 2628 1461 2807 1509; x_wconf 84' lang='lat' dir='ltr'><strong>autem</strong></span> <span class='ocrx_word' id='word_1_215' title='bbox 2837 1452 2965 1507; x_wconf 90' lang='lat' dir='ltr'><strong>dicit</strong></span> <span class='ocrx_word' id='word_1_216' title='bbox 3002 1468 3123 1508; x_wconf 89' lang='lat' dir='ltr'><strong>esse</strong></span> <span class='ocrx_word' id='word_1_217' title='bbox 3158 1453 3212 1506; x_wconf 89' lang='lat' dir='ltr'><strong>in</strong></span> <span class='ocrx_word' id='word_1_218' title='bbox 3242 1468 3341 1506; x_wconf 89' lang='lat' dir='ltr'><strong>suo</strong></span> <span class='ocrx_word' id='word_1_219' title='bbox 3368 1455 3571 1523; x_wconf 79' lang='lat' dir='ltr'><strong>vigore,</strong></span> 
     </span>
    </p>
   </div>
   <div class='ocr_carea' id='block_1_30' title="bbox 2000 1542 3573 1614">
    <p class='ocr_par' dir='ltr' id='par_1_30' title="bbox 2000 1542 3573 1614">
     <span class='ocr_line' id='line_1_30' title="bbox 2000 1542 3573 1614; baseline 0.002 -18"><span class='ocrx_word' id='word_1_220' title='bbox 2000 1542 2187 1612; x_wconf 75' lang='lat' dir='ltr'><strong>etiam</strong></span> <span class='ocrx_word' id='word_1_221' title='bbox 2216 1559 2340 1599; x_wconf 89' lang='lat' dir='ltr'><strong>esse</strong></span> <span class='ocrx_word' id='word_1_222' title='bbox 2379 1544 2730 1614; x_wconf 84' lang='lat' dir='ltr'><strong>tempestivos</strong></span> <span class='ocrx_word' id='word_1_223' title='bbox 2762 1544 2827 1597; x_wconf 88' lang='lat' dir='ltr'><strong>ad</strong></span> <span class='ocrx_word' id='word_1_224' title='bbox 2859 1544 3158 1614; x_wconf 81' lang='lat' dir='ltr'><strong>putandum</strong></span> <span class='ocrx_word' id='word_1_225' title='bbox 3193 1564 3206 1600; x_wconf 90' lang='lat'><strong>:</strong></span> <span class='ocrx_word' id='word_1_226' title='bbox 3244 1546 3473 1614; x_wconf 84' lang='lat' dir='ltr'><strong>perinde</strong></span> <span class='ocrx_word' id='word_1_227' title='bbox 3509 1560 3573 1599; x_wconf 89' lang='lat' dir='ltr'><strong>ac</strong></span> 
     </span>
    </p>
   </div>
   <div class='ocr_carea' id='block_1_31' title="bbox 2001 1635 3571 1707">
    <p class='ocr_par' dir='ltr' id='par_1_31' title="bbox 2001 1635 3571 1707">
     <span class='ocr_line' id='line_1_31' title="bbox 2001 1635 3571 1707; baseline 0.001 -18"><span class='ocrx_word' id='word_1_228' title='bbox 2001 1636 2048 1689; x_wconf 87' lang='lat' dir='ltr'><strong>si</strong></span> <span class='ocrx_word' id='word_1_229' title='bbox 2110 1635 2329 1705; x_wconf 82' lang='lat' dir='ltr'><strong>plexum</strong></span> <span class='ocrx_word' id='word_1_230' title='bbox 2381 1652 2596 1692; x_wconf 80' lang='lat' dir='ltr'><strong>coronae</strong></span> <span class='ocrx_word' id='word_1_231' title='bbox 2651 1646 2744 1690; x_wconf 91' lang='lat' dir='ltr'><strong>aut</strong></span> <span class='ocrx_word' id='word_1_232' title='bbox 2802 1637 3061 1707; x_wconf 83' lang='lat' dir='ltr'><strong>unguenti</strong></span> <span class='ocrx_word' id='word_1_233' title='bbox 3119 1638 3571 1705; x_wconf 86' lang='lat' dir='ltr'><strong>compositionem</strong></span> 
     </span>
    </p>
   </div>
   <div class='ocr_carea' id='block_1_32' title="bbox 2001 1726 3571 1798">
    <p class='ocr_par' dir='ltr' id='par_1_32' title="bbox 2001 1726 3571 1798">
     <span class='ocr_line' id='line_1_32' title="bbox 2001 1726 3571 1798; baseline 0.001 -20"><span class='ocrx_word' id='word_1_234' title='bbox 2001 1726 2222 1781; x_wconf 86' lang='lat' dir='ltr'><strong>omnino</strong></span> <span class='ocrx_word' id='word_1_235' title='bbox 2254 1727 2445 1782; x_wconf 86' lang='lat' dir='ltr'><strong>tollant</strong></span> <span class='ocrx_word' id='word_1_236' title='bbox 2477 1728 2513 1781; x_wconf 87' lang='lat' dir='ltr'><strong>ii</strong></span> <span class='ocrx_word' id='word_1_237' title='bbox 2548 1728 2637 1797; x_wconf 90' lang='lat' dir='ltr'><strong>qui</strong></span> <span class='ocrx_word' id='word_1_238' title='bbox 2679 1729 2857 1798; x_wconf 86' lang='lat' dir='ltr'><strong>legunt</strong></span> <span class='ocrx_word' id='word_1_239' title='bbox 2887 1728 3072 1784; x_wconf 87' lang='lat' dir='ltr'><strong>ﬂores.</strong></span> <span class='ocrx_word' id='word_1_240' title='bbox 3109 1728 3347 1798; x_wconf 82' lang='lat' dir='ltr'><strong>Tempus</strong></span> <span class='ocrx_word' id='word_1_241' title='bbox 3392 1736 3571 1784; x_wconf 88' lang='lat' dir='ltr'><strong>autem</strong></span> 
     </span>
    </p>
   </div>
   <div class='ocr_carea' id='block_1_33' title="bbox 2001 1816 3573 1891">
    <p class='ocr_par' dir='ltr' id='par_1_33' title="bbox 2001 1816 3573 1891">
     <span class='ocr_line' id='line_1_33' title="bbox 2001 1816 3573 1891; baseline 0.001 -21"><span class='ocrx_word' id='word_1_242' title='bbox 2001 1816 2176 1873; x_wconf 61' lang='lat' dir='ltr'><strong>laetius</strong></span> <span class='ocrx_word' id='word_1_243' title='bbox 2205 1819 2381 1874; x_wconf 86' lang='lat' dir='ltr'><strong>reddit</strong></span> <span class='ocrx_word' id='word_1_244' title='bbox 2419 1822 2615 1883; x_wconf 85' lang='lat' dir='ltr'><strong>oratio,</strong></span> <span class='ocrx_word' id='word_1_245' title='bbox 2649 1820 2829 1873; x_wconf 86' lang='lat' dir='ltr'><strong>avium</strong></span> <span class='ocrx_word' id='word_1_246' title='bbox 2860 1835 3078 1891; x_wconf 88' lang='lat' dir='ltr'><strong>quoque</strong></span> <span class='ocrx_word' id='word_1_247' title='bbox 3102 1821 3355 1875; x_wconf 82' lang='lat' dir='ltr'><strong>cantibus</strong></span> <span class='ocrx_word' id='word_1_248' title='bbox 3392 1820 3449 1874; x_wconf 90' lang='lat' dir='ltr'><strong>in</strong></span> <span class='ocrx_word' id='word_1_249' title='bbox 3480 1819 3573 1874; x_wconf 92' lang='lat' dir='ltr'><strong>sil-</strong></span> 
     </span>
    </p>
   </div>
   <div class='ocr_carea' id='block_1_34' title="bbox 333 1892 1904 1989">
    <p class='ocr_par' dir='ltr' id='par_1_34' title="bbox 333 1892 1901 1989">
     <span class='ocr_line' id='line_1_34' title="bbox 333 1892 1901 1989; baseline -0.009 -16"><span class='ocrx_word' id='word_1_250' title='bbox 333 1892 561 1989; x_wconf 71' lang='grc' dir='ltr'>πλοκην,</span> <span class='ocrx_word' id='word_1_251' title='bbox 598 1917 628 1985; x_wconf 82' lang='grc' dir='ltr'>ἢ</span> <span class='ocrx_word' id='word_1_252' title='bbox 667 1892 853 1986; x_wconf 86' lang='grc' dir='ltr'>μύρων</span> <span class='ocrx_word' id='word_1_253' title='bbox 904 1913 1244 1984; x_wconf 83' lang='grc' dir='ltr'>κατασκευὴν</span> <span class='ocrx_word' id='word_1_254' title='bbox 1291 1909 1629 1982; x_wconf 83' lang='grc' dir='ltr'>ἀναιρεῖσθαι</span> <span class='ocrx_word' id='word_1_255' title='bbox 1687 1908 1901 1969; x_wconf 86' lang='grc' dir='ltr'>πάντως</span> 
     </span>
    </p>
   </div>
   <div class='ocr_carea' id='block_1_35' title="bbox 2003 1892 3571 1989">
    <p class='ocr_par' dir='ltr' id='par_1_35' title="bbox 2003 1911 3571 1974">
     <span class='ocr_line' id='line_1_35' title="bbox 2003 1911 3571 1974; baseline 0.002 -9"><span class='ocrx_word' id='word_1_256' title='bbox 2003 1911 2083 1965; x_wconf 85' lang='lat' dir='ltr'><strong>vis</strong></span> <span class='ocrx_word' id='word_1_257' title='bbox 2119 1912 2526 1974; x_wconf 87' lang='lat' dir='ltr'><strong>resonantibus,</strong></span> <span class='ocrx_word' id='word_1_258' title='bbox 2587 1913 2739 1967; x_wconf 86' lang='lat' dir='ltr'><strong>suavi</strong></span> <span class='ocrx_word' id='word_1_259' title='bbox 2766 1930 2900 1968; x_wconf 83' lang='lat' dir='ltr'><strong>voce</strong></span> <span class='ocrx_word' id='word_1_260' title='bbox 2943 1921 3219 1967; x_wconf 89' lang='lat' dir='ltr'><strong>turturum</strong></span> <span class='ocrx_word' id='word_1_261' title='bbox 3250 1926 3478 1968; x_wconf 87' lang='lat' dir='ltr'><strong>sonante</strong></span> <span class='ocrx_word' id='word_1_262' title='bbox 3518 1915 3571 1968; x_wconf 92' lang='lat' dir='ltr'><strong>in</strong></span> 
     </span>
    </p>
   </div>
   <div class='ocr_carea' id='block_1_36' title="bbox 333 1998 1901 2077">
    <p class='ocr_par' dir='ltr' id='par_1_36' title="bbox 333 1998 1901 2077">
     <span class='ocr_line' id='line_1_36' title="bbox 333 1998 1901 2077; baseline -0.01 -10"><span class='ocrx_word' id='word_1_263' title='bbox 333 2014 459 2074; x_wconf 81' lang='grc' dir='ltr'>τοὺς</span> <span class='ocrx_word' id='word_1_264' title='bbox 496 2010 846 2077; x_wconf 86' lang='grc' dir='ltr'>ἀνθολόγους·</span> <span class='ocrx_word' id='word_1_265' title='bbox 882 2008 1061 2077; x_wconf 79' lang='grc' dir='ltr'>ἡδύνει</span> <span class='ocrx_word' id='word_1_266' title='bbox 1098 2006 1154 2058; x_wconf 83' lang='grc' dir='ltr'><strong>δὲ</strong></span> <span class='ocrx_word' id='word_1_267' title='bbox 1188 2005 1278 2057; x_wconf 84' lang='grc' dir='ltr'><strong>τὸν</strong></span> <span class='ocrx_word' id='word_1_268' title='bbox 1315 2003 1505 2072; x_wconf 77' lang='grc' dir='ltr'>καιρὸν</span> <span class='ocrx_word' id='word_1_269' title='bbox 1534 2004 1561 2055; x_wconf 93' lang='lat'><strong>6</strong></span> <span class='ocrx_word' id='word_1_270' title='bbox 1588 2002 1766 2069; x_wconf 87' lang='grc' dir='ltr'>λόγος,</span> <span class='ocrx_word' id='word_1_271' title='bbox 1807 1998 1901 2051; x_wconf 75' lang='grc' dir='ltr'><strong>καὶ</strong></span> 
     </span>
    </p>
   </div>
   <div class='ocr_carea' id='block_1_37' title="bbox 333 2090 1902 2172">
    <p class='ocr_par' dir='ltr' id='par_1_37' title="bbox 333 2090 1902 2172">
     <span class='ocr_line' id='line_1_37' title="bbox 333 2090 1902 2172; baseline -0.01 -15"><span class='ocrx_word' id='word_1_272' title='bbox 333 2105 455 2167; x_wconf 82' lang='grc' dir='ltr'>ταῖς</span> <span class='ocrx_word' id='word_1_273' title='bbox 491 2101 596 2155; x_wconf 86' lang='grc' dir='ltr'><strong>τῶν</strong></span> <span class='ocrx_word' id='word_1_274' title='bbox 625 2099 850 2172; x_wconf 79' lang='grc' dir='ltr'><strong>ὀρνίθων</strong></span> <span class='ocrx_word' id='word_1_275' title='bbox 878 2098 1043 2168; x_wconf 83' lang='grc' dir='ltr'>ᾠδαῖς</span> <span class='ocrx_word' id='word_1_276' title='bbox 1084 2097 1223 2151; x_wconf 81' lang='grc' dir='ltr'><strong>κατά</strong></span> <span class='ocrx_word' id='word_1_277' title='bbox 1271 2096 1339 2148; x_wconf 78' lang='grc' dir='ltr'>τὰ</span> <span class='ocrx_word' id='word_1_278' title='bbox 1367 2095 1502 2164; x_wconf 79' lang='grc' dir='ltr'>ἄλση</span> <span class='ocrx_word' id='word_1_279' title='bbox 1536 2090 1902 2162; x_wconf 85' lang='grc' dir='ltr'>περιηχούμε-</span> 
     </span>
    </p>
   </div>
   <div class='ocr_carea' id='block_1_38' title="bbox 334 2184 1902 2263">
    <p class='ocr_par' dir='ltr' id='par_1_38' title="bbox 334 2184 1902 2263">
     <span class='ocr_line' id='line_1_38' title="bbox 334 2184 1902 2263; baseline -0.011 -13"><span class='ocrx_word' id='word_1_280' title='bbox 334 2213 443 2259; x_wconf 88' lang='grc' dir='ltr'>νον,</span> <span class='ocrx_word' id='word_1_281' title='bbox 490 2194 590 2263; x_wconf 84' lang='grc' dir='ltr'>τῆς</span> <span class='ocrx_word' id='word_1_282' title='bbox 638 2191 818 2263; x_wconf 79' lang='grc' dir='ltr'>ἡδείας</span> <span class='ocrx_word' id='word_1_283' title='bbox 864 2189 973 2243; x_wconf 82' lang='grc' dir='ltr'><strong>τῶν</strong></span> <span class='ocrx_word' id='word_1_284' title='bbox 1014 2188 1291 2260; x_wconf 78' lang='grc' dir='ltr'>τρυγόνων</span> <span class='ocrx_word' id='word_1_285' title='bbox 1339 2185 1520 2254; x_wconf 82' lang='grc' dir='ltr'>φωνῆς</span> <span class='ocrx_word' id='word_1_286' title='bbox 1554 2186 1672 2246; x_wconf 83' lang='grc' dir='ltr'>ταῖς</span> <span class='ocrx_word' id='word_1_287' title='bbox 1712 2184 1902 2243; x_wconf 83' lang='grc' dir='ltr'><strong>ἀκοαῖς</strong></span> 
     </span>
    </p>
   </div>
   <div class='ocr_carea' id='block_1_39' title="bbox 334 2272 1900 2358">
    <p class='ocr_par' dir='ltr' id='par_1_39' title="bbox 334 2272 1900 2358">
     <span class='ocr_line' id='line_1_39' title="bbox 334 2272 1900 2358; baseline -0.011 -18"><span class='ocrx_word' id='word_1_288' title='bbox 334 2284 730 2358; x_wconf 72' lang='grc' dir='ltr'><em>προσηκούσης.</em></span> <span class='ocrx_word' id='word_1_289' title='bbox 762 2283 938 2352; x_wconf 83' lang='grc' dir='ltr'>Συκῆν</span> <span class='ocrx_word' id='word_1_290' title='bbox 980 2281 1033 2333; x_wconf 85' lang='grc' dir='ltr'><strong>δὲ</strong></span> <span class='ocrx_word' id='word_1_291' title='bbox 1080 2280 1229 2348; x_wconf 85' lang='grc' dir='ltr'>λέγει</span> <span class='ocrx_word' id='word_1_292' title='bbox 1260 2279 1353 2331; x_wconf 72' lang='grc' dir='ltr'><strong>καὶ</strong></span> <span class='ocrx_word' id='word_1_293' title='bbox 1381 2276 1640 2346; x_wconf 83' lang='grc' dir='ltr'><strong>ἄμπελον,</strong></span> <span class='ocrx_word' id='word_1_294' title='bbox 1673 2273 1770 2345; x_wconf 76' lang='grc' dir='ltr'>τὴν</span> <span class='ocrx_word' id='word_1_295' title='bbox 1807 2272 1900 2325; x_wconf 80' lang='grc' dir='ltr'>ἀπ’</span> 
     </span>
    </p>
   </div>
   <div class='ocr_carea' id='block_1_40' title="bbox 330 2366 1903 2443">
    <p class='ocr_par' dir='ltr' id='par_1_40' title="bbox 330 2366 1903 2443">
     <span class='ocr_line' id='line_1_40' title="bbox 330 2366 1903 2443; baseline -0.011 -13"><span class='ocrx_word' id='word_1_296' title='bbox 330 2376 509 2430; x_wconf 74' lang='grc' dir='ltr'>αὐτῶν</span> <span class='ocrx_word' id='word_1_297' title='bbox 540 2372 906 2443; x_wconf 78' lang='grc' dir='ltr'><strong>γενησομένην</strong></span> <span class='ocrx_word' id='word_1_298' title='bbox 934 2369 1162 2441; x_wconf 85' lang='grc' dir='ltr'>τρυφὴν,</span> <span class='ocrx_word' id='word_1_299' title='bbox 1203 2370 1313 2427; x_wconf 81' lang='grc' dir='ltr'>τοῖς</span> <span class='ocrx_word' id='word_1_300' title='bbox 1341 2366 1682 2435; x_wconf 76' lang='grc' dir='ltr'>φαινομένοις</span> <span class='ocrx_word' id='word_1_301' title='bbox 1717 2378 1903 2433; x_wconf 85' lang='grc' dir='ltr'>προοι-</span> 
     </span>
    </p>
   </div>
   <div class='ocr_carea' id='block_1_41' title="bbox 335 2454 1897 2539">
    <p class='ocr_par' dir='ltr' id='par_1_41' title="bbox 335 2454 1897 2539">
     <span class='ocr_line' id='line_1_41' title="bbox 335 2454 1897 2539; baseline -0.01 -20"><span class='ocrx_word' id='word_1_302' title='bbox 335 2466 654 2539; x_wconf 69' lang='grc' dir='ltr'><strong>μιεὶιζζεσθαι⁹</strong></span> <span class='ocrx_word' id='word_1_303' title='bbox 712 2464 809 2533; x_wconf 86' lang='grc' dir='ltr'>τὴν</span> <span class='ocrx_word' id='word_1_304' title='bbox 866 2463 964 2532; x_wconf 84' lang='grc' dir='ltr'><strong>μὲν</strong></span> <span class='ocrx_word' id='word_1_305' title='bbox 1014 2463 1139 2524; x_wconf 78' lang='grc' dir='ltr'>τοὺς</span> <span class='ocrx_word' id='word_1_306' title='bbox 1212 2457 1464 2520; x_wconf 78' lang='grc' dir='ltr'><strong>ὀλύνθους</strong></span> <span class='ocrx_word' id='word_1_307' title='bbox 1530 2454 1897 2525; x_wconf 79' lang='grc' dir='ltr'>ἐκφέρουσαν,</span> 
     </span>
    </p>
   </div>
   <div class='ocr_carea' id='block_1_42' title="bbox 329 2544 1901 2631">
    <p class='ocr_par' dir='ltr' id='par_1_42' title="bbox 329 2544 1901 2631">
     <span class='ocr_line' id='line_1_42' title="bbox 329 2544 1901 2631; baseline -0.01 -20"><span class='ocrx_word' id='word_1_308' title='bbox 329 2560 430 2631; x_wconf 83' lang='grc' dir='ltr'>τὴν</span> <span class='ocrx_word' id='word_1_309' title='bbox 466 2558 523 2611; x_wconf 83' lang='grc' dir='ltr'>δὲ</span> <span class='ocrx_word' id='word_1_310' title='bbox 547 2556 626 2626; x_wconf 82' lang='grc' dir='ltr'>τῷ</span> <span class='ocrx_word' id='word_1_311' title='bbox 671 2554 821 2609; x_wconf 86' lang='grc' dir='ltr'>ἄνθει</span> <span class='ocrx_word' id='word_1_312' title='bbox 865 2552 1242 2624; x_wconf 75' lang='grc' dir='ltr'>κυπρίζουσαν</span> <span class='ocrx_word' id='word_1_313' title='bbox 1266 2591 1281 2615; x_wconf 94' lang='grc'><strong>,</strong></span> <span class='ocrx_word' id='word_1_314' title='bbox 1312 2550 1387 2614; x_wconf 84' lang='grc' dir='ltr'>ὡς</span> <span class='ocrx_word' id='word_1_315' title='bbox 1428 2547 1776 2616; x_wconf 83' lang='grc' dir='ltr'>κατατρυφᾷν</span> <span class='ocrx_word' id='word_1_316' title='bbox 1801 2544 1901 2613; x_wconf 81' lang='grc' dir='ltr'><strong>τῆς</strong></span> 
     </span>
    </p>
   </div>
   <div class='ocr_carea' id='block_1_43' title="bbox 332 2637 1897 2718">
    <p class='ocr_par' dir='ltr' id='par_1_43' title="bbox 332 2637 1897 2718">
     <span class='ocr_line' id='line_1_43' title="bbox 332 2637 1897 2718; baseline -0.009 -16"><span class='ocrx_word' id='word_1_317' title='bbox 332 2649 558 2711; x_wconf 81' lang='grc' dir='ltr'>εὐωδίας</span> <span class='ocrx_word' id='word_1_318' title='bbox 597 2647 695 2718; x_wconf 84' lang='grc' dir='ltr'><strong>τὴν</strong></span> <span class='ocrx_word' id='word_1_319' title='bbox 741 2646 1025 2716; x_wconf 70' lang='grc' dir='ltr'>ὄσφρησιν.</span> <span class='ocrx_word' id='word_1_320' title='bbox 1062 2643 1218 2697; x_wconf 81' lang='grc' dir='ltr'>Οὕτω</span> <span class='ocrx_word' id='word_1_321' title='bbox 1258 2642 1355 2712; x_wconf 81' lang='grc' dir='ltr'><strong>μὲν</strong></span> <span class='ocrx_word' id='word_1_322' title='bbox 1388 2637 1478 2695; x_wconf 82' lang='grc' dir='ltr'><strong>οὖν</strong></span> <span class='ocrx_word' id='word_1_323' title='bbox 1513 2638 1803 2709; x_wconf 84' lang='grc' dir='ltr'>ἁϐρύνεται</span> <span class='ocrx_word' id='word_1_324' title='bbox 1832 2639 1897 2707; x_wconf 82' lang='grc' dir='ltr'>τῇ</span> 
     </span>
    </p>
   </div>
   <div class='ocr_carea' id='block_1_44' title="bbox 332 2729 1900 2811">
    <p class='ocr_par' dir='ltr' id='par_1_44' title="bbox 332 2729 1900 2811">
     <span class='ocr_line' id='line_1_44' title="bbox 332 2729 1900 2811; baseline -0.009 -16"><span class='ocrx_word' id='word_1_325' title='bbox 332 2743 624 2811; x_wconf 76' lang='grc' dir='ltr'>ὑπογραφῇ</span> <span class='ocrx_word' id='word_1_326' title='bbox 652 2740 749 2810; x_wconf 81' lang='grc' dir='ltr'>τῆς</span> <span class='ocrx_word' id='word_1_327' title='bbox 778 2738 1002 2809; x_wconf 74' lang='grc' dir='ltr'>ἐαρινῆς</span> <span class='ocrx_word' id='word_1_328' title='bbox 1038 2736 1182 2807; x_wconf 82' lang='grc' dir='ltr'>ὧρας</span> <span class='ocrx_word' id='word_1_329' title='bbox 1210 2737 1238 2788; x_wconf 98' lang='lat'><strong>6</strong></span> <span class='ocrx_word' id='word_1_330' title='bbox 1264 2736 1420 2802; x_wconf 87' lang='grc' dir='ltr'>λόγος</span> <span class='ocrx_word' id='word_1_331' title='bbox 1443 2773 1457 2797; x_wconf 95' lang='grc'>,</span> <span class='ocrx_word' id='word_1_332' title='bbox 1483 2732 1543 2785; x_wconf 88' lang='grc' dir='ltr'><strong>τό</strong></span> <span class='ocrx_word' id='word_1_333' title='bbox 1562 2748 1619 2784; x_wconf 87' lang='grc' dir='ltr'><strong>τε</strong></span> <span class='ocrx_word' id='word_1_334' title='bbox 1654 2729 1900 2799; x_wconf 81' lang='grc' dir='ltr'>σκυθρω-</span> 
     </span>
    </p>
   </div>
   <div class='ocr_carea' id='block_1_45' title="bbox 332 2817 1901 2893">
    <p class='ocr_par' dir='ltr' id='par_1_45' title="bbox 332 2817 1901 2893">
     <span class='ocr_line' id='line_1_45' title="bbox 332 2817 1901 2893; baseline -0.01 -8"><span class='ocrx_word' id='word_1_335' title='bbox 332 2832 432 2885; x_wconf 73' lang='grc' dir='ltr'>πὸν</span> <span class='ocrx_word' id='word_1_336' title='bbox 466 2829 803 2892; x_wconf 86' lang='grc' dir='ltr'>ἀποϐάλλων,</span> <span class='ocrx_word' id='word_1_337' title='bbox 845 2828 937 2879; x_wconf 73' lang='grc' dir='ltr'><strong>καὶ</strong></span> <span class='ocrx_word' id='word_1_338' title='bbox 977 2828 1089 2888; x_wconf 85' lang='grc' dir='ltr'>τοῖς</span> <span class='ocrx_word' id='word_1_339' title='bbox 1134 2823 1486 2893; x_wconf 82' lang='grc' dir='ltr'>γλυκυτέροις</span> <span class='ocrx_word' id='word_1_340' title='bbox 1514 2817 1901 2890; x_wconf 81' lang='grc' dir='ltr'>ὲμφιλοχωρῶν</span> 
     </span>
    </p>
   </div>
   <div class='ocr_carea' id='block_1_46' title="bbox 330 2911 1903 2993">
    <p class='ocr_par' dir='ltr' id='par_1_46' title="bbox 330 2911 1903 2993">
     <span class='ocr_line' id='line_1_46' title="bbox 330 2911 1903 2993; baseline -0.008 -17"><span class='ocrx_word' id='word_1_341' title='bbox 330 2924 648 2993; x_wconf 72' lang='grc' dir='ltr'>διηγήμασι.</span> <span class='ocrx_word' id='word_1_342' title='bbox 682 2919 802 2991; x_wconf 76' lang='grc' dir='ltr'>Χρὴ</span> <span class='ocrx_word' id='word_1_343' title='bbox 840 2918 928 2981; x_wconf 84' lang='grc' dir='ltr'><strong>δὲ,</strong></span> <span class='ocrx_word' id='word_1_344' title='bbox 959 2914 1111 2987; x_wconf 80' lang='grc' dir='ltr'>οἶμαι</span> <span class='ocrx_word' id='word_1_345' title='bbox 1132 2956 1145 2978; x_wconf 93' lang='grc'><strong>,</strong></span> <span class='ocrx_word' id='word_1_346' title='bbox 1184 2916 1256 2986; x_wconf 86' lang='grc' dir='ltr'><strong>μὴ</strong></span> <span class='ocrx_word' id='word_1_347' title='bbox 1283 2915 1614 2985; x_wconf 83' lang='grc' dir='ltr'>παραμεῖναι</span> <span class='ocrx_word' id='word_1_348' title='bbox 1657 2912 1754 2979; x_wconf 77' lang='grc' dir='ltr'><strong>τὴν</strong></span> <span class='ocrx_word' id='word_1_349' title='bbox 1787 2911 1903 2963; x_wconf 84' lang='grc' dir='ltr'>διά-</span> 
     </span>
    </p>
   </div>
   <div class='ocr_carea' id='block_1_47' title="bbox 330 3001 1902 3086">
    <p class='ocr_par' dir='ltr' id='par_1_47' title="bbox 330 3001 1902 3086">
     <span class='ocr_line' id='line_1_47' title="bbox 330 3001 1902 3086; baseline -0.01 -17"><span class='ocrx_word' id='word_1_350' title='bbox 330 3033 478 3069; x_wconf 90' lang='grc' dir='ltr'>νοιαν</span> <span class='ocrx_word' id='word_1_351' title='bbox 514 3018 580 3086; x_wconf 82' lang='grc' dir='ltr'>τῇ</span> <span class='ocrx_word' id='word_1_352' title='bbox 620 3014 729 3067; x_wconf 82' lang='grc' dir='ltr'><strong>τῶν</strong></span> <span class='ocrx_word' id='word_1_353' title='bbox 768 3009 1061 3080; x_wconf 84' lang='grc' dir='ltr'>γλαφυρῶν</span> <span class='ocrx_word' id='word_1_354' title='bbox 1093 3008 1295 3061; x_wconf 89' lang='grc' dir='ltr'>τούτων</span> <span class='ocrx_word' id='word_1_355' title='bbox 1324 3006 1638 3075; x_wconf 82' lang='grc' dir='ltr'>ὑπογραφῇ,</span> <span class='ocrx_word' id='word_1_356' title='bbox 1669 3002 1804 3056; x_wconf 82' lang='grc' dir='ltr'>ἀλλὰ</span> <span class='ocrx_word' id='word_1_357' title='bbox 1836 3001 1902 3054; x_wconf 84' lang='grc' dir='ltr'>δι’</span> 
     </span>
    </p>
   </div>
   <div class='ocr_carea' id='block_1_48' title="bbox 328 3094 1901 3177">
    <p class='ocr_par' dir='ltr' id='par_1_48' title="bbox 328 3094 1901 3177">
     <span class='ocr_line' id='line_1_48' title="bbox 328 3094 1901 3177; baseline -0.011 -16"><span class='ocrx_word' id='word_1_358' title='bbox 328 3108 507 3161; x_wconf 78' lang='grc' dir='ltr'>αὐτῶν</span> <span class='ocrx_word' id='word_1_359' title='bbox 537 3105 866 3177; x_wconf 83' lang='grc' dir='ltr'>όδηγηθῆναι</span> <span class='ocrx_word' id='word_1_360' title='bbox 889 3103 1024 3173; x_wconf 77' lang='grc' dir='ltr'>πρὸς</span> <span class='ocrx_word' id='word_1_361' title='bbox 1056 3099 1125 3153; x_wconf 81' lang='grc' dir='ltr'>τὰ</span> <span class='ocrx_word' id='word_1_362' title='bbox 1146 3098 1443 3169; x_wconf 87' lang='grc' dir='ltr'>δηλούμενα</span> <span class='ocrx_word' id='word_1_363' title='bbox 1470 3097 1556 3150; x_wconf 85' lang='grc' dir='ltr'>διὰ</span> <span class='ocrx_word' id='word_1_364' title='bbox 1578 3095 1685 3148; x_wconf 81' lang='grc' dir='ltr'><strong>τῶν</strong></span> <span class='ocrx_word' id='word_1_365' title='bbox 1709 3094 1901 3161; x_wconf 86' lang='grc' dir='ltr'>λογίων</span> 
     </span>
    </p>
   </div>
   <div class='ocr_carea' id='block_1_49' title="bbox 328 3183 1969 3289">
    <p class='ocr_par' dir='ltr' id='par_1_49' title="bbox 328 3183 1969 3289">
     <span class='ocr_line' id='line_1_49' title="bbox 328 3183 1969 3289; baseline -0.012 -35"><span class='ocrx_word' id='word_1_366' title='bbox 328 3200 531 3253; x_wconf 81' lang='grc' dir='ltr'>τούτων</span> <span class='ocrx_word' id='word_1_367' title='bbox 563 3198 857 3269; x_wconf 85' lang='grc' dir='ltr'>μυστήρια,</span> <span class='ocrx_word' id='word_1_368' title='bbox 882 3194 1022 3246; x_wconf 84' lang='grc' dir='ltr'>ὥστε</span> <span class='ocrx_word' id='word_1_369' title='bbox 1044 3190 1488 3259; x_wconf 79' lang='grc' dir='ltr'>ἀνακαλυφθῆναι</span> <span class='ocrx_word' id='word_1_370' title='bbox 1515 3187 1603 3240; x_wconf 83' lang='grc' dir='ltr'><strong>τὸν</strong></span> <span class='ocrx_word' id='word_1_371' title='bbox 1631 3183 1900 3289; x_wconf 49' lang='grc' dir='ltr'>θηοαυρὶν</span> <span class='ocrx_word' id='word_1_372' title='bbox 1926 3230 1969 3289; x_wconf 76' lang='lat' dir='ltr'><strong>C</strong></span> 
     </span>
    </p>
   </div>
   <div class='ocr_carea' id='block_1_50' title="bbox 328 3277 1900 3361">
    <p class='ocr_par' dir='ltr' id='par_1_50' title="bbox 328 3277 1900 3361">
     <span class='ocr_line' id='line_1_50' title="bbox 328 3277 1900 3361; baseline -0.011 -15"><span class='ocrx_word' id='word_1_373' title='bbox 328 3292 439 3346; x_wconf 85' lang='grc' dir='ltr'><strong>τῶν</strong></span> <span class='ocrx_word' id='word_1_374' title='bbox 461 3290 771 3361; x_wconf 88' lang='grc' dir='ltr'>νοημάτων,</span> <span class='ocrx_word' id='word_1_375' title='bbox 823 3286 913 3339; x_wconf 77' lang='grc' dir='ltr'><strong>τὸν</strong></span> <span class='ocrx_word' id='word_1_376' title='bbox 948 3282 1398 3354; x_wconf 77' lang='grc' dir='ltr'>ἐγκεκρυμμένον</span> <span class='ocrx_word' id='word_1_377' title='bbox 1435 3281 1547 3342; x_wconf 83' lang='grc' dir='ltr'>τοῖς</span> <span class='ocrx_word' id='word_1_378' title='bbox 1578 3279 1806 3349; x_wconf 77' lang='grc' dir='ltr'>ῥήμασι.</span> <span class='ocrx_word' id='word_1_379' title='bbox 1835 3277 1900 3329; x_wconf 84' lang='grc' dir='ltr'>Τί</span> 
     </span>
    </p>
   </div>
   <div class='ocr_carea' id='block_1_51' title="bbox 329 3370 1902 3453">
    <p class='ocr_par' dir='ltr' id='par_1_51' title="bbox 329 3370 1902 3453">
     <span class='ocr_line' id='line_1_51' title="bbox 329 3370 1902 3453; baseline -0.013 -10"><span class='ocrx_word' id='word_1_380' title='bbox 329 3384 424 3443; x_wconf 77' lang='grc' dir='ltr'><strong>οὖν</strong></span> <span class='ocrx_word' id='word_1_381' title='bbox 452 3389 597 3441; x_wconf 76' lang='grc' dir='ltr'>ἐστιν</span> <span class='ocrx_word' id='word_1_382' title='bbox 635 3386 662 3439; x_wconf 84' lang='grc' dir='ltr'><strong>ὃ</strong></span> <span class='ocrx_word' id='word_1_383' title='bbox 696 3398 907 3453; x_wconf 84' lang='grc' dir='ltr'>φαμεν;</span> <span class='ocrx_word' id='word_1_384' title='bbox 940 3381 1183 3449; x_wconf 86' lang='grc' dir='ltr'>Πεπήγει</span> <span class='ocrx_word' id='word_1_385' title='bbox 1230 3376 1358 3429; x_wconf 83' lang='grc' dir='ltr'>ποτὲ</span> <span class='ocrx_word' id='word_1_386' title='bbox 1388 3374 1466 3445; x_wconf 83' lang='grc' dir='ltr'><strong>τῷ</strong></span> <span class='ocrx_word' id='word_1_387' title='bbox 1498 3374 1593 3444; x_wconf 79' lang='grc' dir='ltr'>τῆς</span> <span class='ocrx_word' id='word_1_388' title='bbox 1624 3370 1902 3425; x_wconf 78' lang='grc' dir='ltr'>εἰδωλολα-</span> 
     </span>
    </p>
   </div>
   <div class='ocr_carea' id='block_1_52' title="bbox 329 3463 1901 3551">
    <p class='ocr_par' dir='ltr' id='par_1_52' title="bbox 329 3463 1901 3551">
     <span class='ocr_line' id='line_1_52' title="bbox 329 3463 1901 3551; baseline -0.012 -18"><span class='ocrx_word' id='word_1_389' title='bbox 329 3479 514 3551; x_wconf 86' lang='grc' dir='ltr'>τρείας</span> <span class='ocrx_word' id='word_1_390' title='bbox 548 3474 743 3548; x_wconf 82' lang='grc' dir='ltr'>κρυμῷ</span> <span class='ocrx_word' id='word_1_391' title='bbox 780 3474 840 3526; x_wconf 81' lang='grc' dir='ltr'><strong>τὸ</strong></span> <span class='ocrx_word' id='word_1_392' title='bbox 866 3470 1222 3543; x_wconf 86' lang='grc' dir='ltr'>ἀνθρώπινον,</span> <span class='ocrx_word' id='word_1_393' title='bbox 1252 3469 1349 3538; x_wconf 79' lang='grc' dir='ltr'><strong>τῆς</strong></span> <span class='ocrx_word' id='word_1_394' title='bbox 1382 3467 1661 3536; x_wconf 82' lang='grc' dir='ltr'>εύκινήτου</span> <span class='ocrx_word' id='word_1_395' title='bbox 1688 3463 1901 3534; x_wconf 85' lang='grc' dir='ltr'>φύσεως</span> 
     </span>
    </p>
   </div>
   <div class='ocr_carea' id='block_1_53' title="bbox 330 3555 1901 3639">
    <p class='ocr_par' dir='ltr' id='par_1_53' title="bbox 330 3555 1901 3639">
     <span class='ocr_line' id='line_1_53' title="bbox 330 3555 1901 3639; baseline -0.011 -14"><span class='ocrx_word' id='word_1_396' title='bbox 330 3572 442 3624; x_wconf 84' lang='grc' dir='ltr'><strong>τῶν</strong></span> <span class='ocrx_word' id='word_1_397' title='bbox 483 3566 784 3639; x_wconf 85' lang='grc' dir='ltr'>ἀνθρώπων</span> <span class='ocrx_word' id='word_1_398' title='bbox 811 3564 947 3636; x_wconf 71' lang='grc' dir='ltr'>πρὸς</span> <span class='ocrx_word' id='word_1_399' title='bbox 985 3561 1085 3632; x_wconf 83' lang='grc' dir='ltr'>τὴν</span> <span class='ocrx_word' id='word_1_400' title='bbox 1109 3560 1217 3613; x_wconf 84' lang='grc' dir='ltr'><strong>τῶν</strong></span> <span class='ocrx_word' id='word_1_401' title='bbox 1245 3560 1514 3629; x_wconf 81' lang='grc' dir='ltr'>ἀκινήτων</span> <span class='ocrx_word' id='word_1_402' title='bbox 1545 3555 1901 3626; x_wconf 85' lang='grc' dir='ltr'>σεϐασμάτων</span> 
     </span>
    </p>
   </div>
   <div class='ocr_carea' id='block_1_54' title="bbox 333 3645 1901 3731">
    <p class='ocr_par' dir='ltr' id='par_1_54' title="bbox 333 3645 1901 3731">
     <span class='ocr_line' id='line_1_54' title="bbox 333 3645 1901 3731; baseline -0.013 -14"><span class='ocrx_word' id='word_1_403' title='bbox 333 3663 493 3731; x_wconf 85' lang='grc' dir='ltr'>φύσιν</span> <span class='ocrx_word' id='word_1_404' title='bbox 520 3656 964 3731; x_wconf 82' lang='grc' dir='ltr'>μεταϐληθείσης.</span> <span class='ocrx_word' id='word_1_405' title='bbox 981 3654 1208 3723; x_wconf 84' lang='grc' dir='ltr'>’Ὅμοιοι</span> <span class='ocrx_word' id='word_1_406' title='bbox 1226 3650 1355 3720; x_wconf 81' lang='grc' dir='ltr'>γὰρ,</span> <span class='ocrx_word' id='word_1_407' title='bbox 1380 3649 1531 3719; x_wconf 77' lang='grc' dir='ltr'>φησὶ,</span> <span class='ocrx_word' id='word_1_408' title='bbox 1553 3646 1821 3717; x_wconf 79' lang='grc' dir='ltr'><strong>γένοιντο</strong></span> <span class='ocrx_word' id='word_1_409' title='bbox 1847 3645 1901 3697; x_wconf 85' lang='grc' dir='ltr'>οι</span> 
     </span>
    </p>
   </div>
   <div class='ocr_carea' id='block_1_55' title="bbox 335 3737 1901 3815">
    <p class='ocr_par' dir='ltr' id='par_1_55' title="bbox 335 3737 1901 3815">
     <span class='ocr_line' id='line_1_55' title="bbox 335 3737 1901 3815; baseline -0.011 -10"><span class='ocrx_word' id='word_1_410' title='bbox 335 3750 645 3815; x_wconf 76' lang='grc' dir='ltr'>ποιοῦντες</span> <span class='ocrx_word' id='word_1_411' title='bbox 684 3747 870 3811; x_wconf 85' lang='grc' dir='ltr'>αὐτὰ,</span> <span class='ocrx_word' id='word_1_412' title='bbox 924 3744 1023 3799; x_wconf 79' lang='grc' dir='ltr'>καὶ</span> <span class='ocrx_word' id='word_1_413' title='bbox 1065 3742 1287 3807; x_wconf 76' lang='grc' dir='ltr'>πάντες</span> <span class='ocrx_word' id='word_1_414' title='bbox 1336 3745 1388 3795; x_wconf 75' lang='grc' dir='ltr'><strong>οἱ</strong></span> <span class='ocrx_word' id='word_1_415' title='bbox 1430 3740 1776 3803; x_wconf 80' lang='grc' dir='ltr'>πεποιθότες</span> <span class='ocrx_word' id='word_1_416' title='bbox 1808 3737 1901 3789; x_wconf 82' lang='grc' dir='ltr'><strong>ἐπ’</strong></span> 
     </span>
    </p>
   </div>
   <div class='ocr_carea' id='block_1_56' title="bbox 334 3824 1903 3906">
    <p class='ocr_par' dir='ltr' id='par_1_56' title="bbox 334 3824 1903 3906">
     <span class='ocr_line' id='line_1_56' title="bbox 334 3824 1903 3906; baseline -0.011 -10"><span class='ocrx_word' id='word_1_417' title='bbox 334 3841 558 3906; x_wconf 86' lang='grc' dir='ltr'>αὐτοῖς.</span> <span class='ocrx_word' id='word_1_418' title='bbox 594 3839 703 3892; x_wconf 71' lang='grc' dir='ltr'>Καὶ</span> <span class='ocrx_word' id='word_1_419' title='bbox 730 3837 791 3889; x_wconf 81' lang='grc' dir='ltr'><strong>τὸ</strong></span> <span class='ocrx_word' id='word_1_420' title='bbox 830 3836 976 3899; x_wconf 81' lang='grc' dir='ltr'>εἰκὸς</span> <span class='ocrx_word' id='word_1_421' title='bbox 1002 3836 1061 3887; x_wconf 84' lang='grc' dir='ltr'>ὲν</span> <span class='ocrx_word' id='word_1_422' title='bbox 1098 3835 1211 3896; x_wconf 84' lang='grc' dir='ltr'>τοῖς</span> <span class='ocrx_word' id='word_1_423' title='bbox 1236 3830 1546 3901; x_wconf 83' lang='grc' dir='ltr'>γενομένοις</span> <span class='ocrx_word' id='word_1_424' title='bbox 1570 3824 1659 3901; x_wconf 80' lang='grc' dir='ltr'>ἦν.</span> <span class='ocrx_word' id='word_1_425' title='bbox 1692 3829 1903 3899; x_wconf 84' lang='grc' dir='ltr'>Ὥσπερ</span> 
     </span>
    </p>
   </div>
   <div class='ocr_carea' id='block_1_57' title="bbox 335 3918 1903 4003">
    <p class='ocr_par' dir='ltr' id='par_1_57' title="bbox 335 3918 1903 4003">
     <span class='ocr_line' id='line_1_57' title="bbox 335 3918 1903 4003; baseline -0.01 -17"><span class='ocrx_word' id='word_1_426' title='bbox 335 3934 443 4003; x_wconf 75' lang='grc' dir='ltr'><strong>γὰρ</strong></span> <span class='ocrx_word' id='word_1_427' title='bbox 489 3934 536 3984; x_wconf 83' lang='grc' dir='ltr'><strong>οἱ</strong></span> <span class='ocrx_word' id='word_1_428' title='bbox 584 3930 682 4000; x_wconf 80' lang='grc' dir='ltr'>τὴν</span> <span class='ocrx_word' id='word_1_429' title='bbox 743 3924 1002 3997; x_wconf 82' lang='grc' dir='ltr'>ἀληθινὴν</span> <span class='ocrx_word' id='word_1_430' title='bbox 1039 3918 1279 3993; x_wconf 83' lang='grc' dir='ltr'>Θεότητα</span> <span class='ocrx_word' id='word_1_431' title='bbox 1315 3920 1631 3991; x_wconf 75' lang='grc' dir='ltr'>βλέποντες,</span> <span class='ocrx_word' id='word_1_432' title='bbox 1663 3920 1747 3989; x_wconf 77' lang='grc' dir='ltr'><strong>ἐφ’</strong></span> <span class='ocrx_word' id='word_1_433' title='bbox 1779 3921 1903 3972; x_wconf 76' lang='grc' dir='ltr'>εαυ-</span> 
     </span>
    </p>
   </div>
   <div class='ocr_carea' id='block_1_58' title="bbox 332 4012 1904 4093">
    <p class='ocr_par' dir='ltr' id='par_1_58' title="bbox 332 4012 1904 4093">
     <span class='ocr_line' id='line_1_58' title="bbox 332 4012 1904 4093; baseline -0.008 -16"><span class='ocrx_word' id='word_1_434' title='bbox 332 4025 440 4078; x_wconf 80' lang='grc' dir='ltr'><strong>τῶν</strong></span> <span class='ocrx_word' id='word_1_435' title='bbox 477 4024 716 4093; x_wconf 85' lang='grc' dir='ltr'>δέχονται</span> <span class='ocrx_word' id='word_1_436' title='bbox 754 4019 823 4073; x_wconf 84' lang='grc' dir='ltr'>τὰ</span> <span class='ocrx_word' id='word_1_437' title='bbox 850 4018 947 4089; x_wconf 86' lang='grc' dir='ltr'>τῆς</span> <span class='ocrx_word' id='word_1_438' title='bbox 972 4015 1119 4077; x_wconf 86' lang='grc' dir='ltr'>θείας</span> <span class='ocrx_word' id='word_1_439' title='bbox 1158 4013 1369 4083; x_wconf 88' lang='grc' dir='ltr'>φύσεως</span> <span class='ocrx_word' id='word_1_440' title='bbox 1398 4012 1688 4083; x_wconf 75' lang='grc' dir='ltr'>ἱδιώματα’</span> <span class='ocrx_word' id='word_1_441' title='bbox 1732 4012 1904 4075; x_wconf 74' lang='grc' dir='ltr'>οὕτως</span> 
     </span>
    </p>
   </div>
   <div class='ocr_carea' id='block_1_59' title="bbox 336 4105 1905 4187">
    <p class='ocr_par' dir='ltr' id='par_1_59' title="bbox 336 4105 1905 4187">
     <span class='ocr_line' id='line_1_59' title="bbox 336 4105 1905 4187; baseline -0.009 -18"><span class='ocrx_word' id='word_1_442' title='bbox 336 4118 364 4169; x_wconf 82' lang='grc' dir='ltr'><strong>ὁ</strong></span> <span class='ocrx_word' id='word_1_443' title='bbox 393 4120 460 4187; x_wconf 80' lang='grc' dir='ltr'>τῇ</span> <span class='ocrx_word' id='word_1_444' title='bbox 492 4114 810 4185; x_wconf 85' lang='grc' dir='ltr'>ματαιότητι</span> <span class='ocrx_word' id='word_1_445' title='bbox 832 4111 941 4164; x_wconf 83' lang='grc' dir='ltr'><strong>τῶν</strong></span> <span class='ocrx_word' id='word_1_446' title='bbox 971 4108 1203 4161; x_wconf 76' lang='grc' dir='ltr'>εἰδώλων</span> <span class='ocrx_word' id='word_1_447' title='bbox 1230 4105 1596 4177; x_wconf 85' lang='grc' dir='ltr'>προσανέχων,</span> <span class='ocrx_word' id='word_1_448' title='bbox 1625 4120 1905 4175; x_wconf 80' lang='grc' dir='ltr'>μετεστοι-</span> 
     </span>
    </p>
   </div>
   <div class='ocr_carea' id='block_1_60' title="bbox 337 4194 1905 4277">
    <p class='ocr_par' dir='ltr' id='par_1_60' title="bbox 337 4194 1905 4277">
     <span class='ocr_line' id='line_1_60' title="bbox 337 4194 1905 4277; baseline -0.008 -18"><span class='ocrx_word' id='word_1_449' title='bbox 337 4206 546 4277; x_wconf 78' lang='grc' dir='ltr'>χειοῦτο</span> <span class='ocrx_word' id='word_1_450' title='bbox 572 4204 707 4274; x_wconf 74' lang='grc' dir='ltr'>πρὸς</span> <span class='ocrx_word' id='word_1_451' title='bbox 729 4203 789 4255; x_wconf 82' lang='grc' dir='ltr'>τὸ</span> <span class='ocrx_word' id='word_1_452' title='bbox 814 4201 1161 4273; x_wconf 84' lang='grc' dir='ltr'>βλεπόμενον,</span> <span class='ocrx_word' id='word_1_453' title='bbox 1187 4195 1331 4259; x_wconf 88' lang='grc' dir='ltr'>λίθος</span> <span class='ocrx_word' id='word_1_454' title='bbox 1355 4194 1414 4261; x_wconf 79' lang='grc' dir='ltr'>ἐξ</span> <span class='ocrx_word' id='word_1_455' title='bbox 1438 4194 1726 4267; x_wconf 84' lang='grc' dir='ltr'>ἀνθρώπου</span> <span class='ocrx_word' id='word_1_456' title='bbox 1761 4194 1905 4263; x_wconf 82' lang='grc' dir='ltr'>γινό-</span> 
     </span>
    </p>
   </div>
   <div class='ocr_carea' id='block_1_61' title="bbox 341 4284 1902 4369">
    <p class='ocr_par' dir='ltr' id='par_1_61' title="bbox 341 4284 1902 4369">
     <span class='ocr_line' id='line_1_61' title="bbox 341 4284 1902 4369; baseline -0.009 -19"><span class='ocrx_word' id='word_1_457' title='bbox 341 4315 517 4369; x_wconf 87' lang='grc' dir='ltr'>μενος.</span> <span class='ocrx_word' id='word_1_458' title='bbox 582 4294 797 4365; x_wconf 78' lang='grc' dir='ltr'>Ἐπειδὴ</span> <span class='ocrx_word' id='word_1_459' title='bbox 844 4293 1021 4346; x_wconf 88' lang='grc' dir='ltr'>τοίνυν</span> <span class='ocrx_word' id='word_1_460' title='bbox 1063 4289 1458 4345; x_wconf 85' lang='grc' dir='ltr'>ἀπολιθωθεῖσα</span> <span class='ocrx_word' id='word_1_461' title='bbox 1507 4285 1597 4339; x_wconf 80' lang='grc' dir='ltr'><strong>διὰ</strong></span> <span class='ocrx_word' id='word_1_462' title='bbox 1647 4288 1747 4355; x_wconf 83' lang='grc' dir='ltr'><strong>τῆς</strong></span> <span class='ocrx_word' id='word_1_463' title='bbox 1792 4284 1902 4337; x_wconf 87' lang='grc' dir='ltr'><strong>τῶν</strong></span> 
     </span>
    </p>
   </div>
   <div class='ocr_carea' id='block_1_62' title="bbox 333 4377 1902 4457">
    <p class='ocr_par' dir='ltr' id='par_1_62' title="bbox 333 4377 1902 4457">
     <span class='ocr_line' id='line_1_62' title="bbox 333 4377 1902 4457; baseline -0.01 -14"><span class='ocrx_word' id='word_1_464' title='bbox 333 4390 565 4443; x_wconf 85' lang='grc' dir='ltr'>εἰδώλων</span> <span class='ocrx_word' id='word_1_465' title='bbox 590 4387 846 4457; x_wconf 87' lang='grc' dir='ltr'>λατρείας</span> <span class='ocrx_word' id='word_1_466' title='bbox 868 4426 884 4451; x_wconf 91' lang='grc'><strong>,</strong></span> <span class='ocrx_word' id='word_1_467' title='bbox 918 4383 1174 4452; x_wconf 83' lang='grc' dir='ltr'>ἀκίνητος</span> <span class='ocrx_word' id='word_1_468' title='bbox 1210 4377 1278 4452; x_wconf 78' lang='grc' dir='ltr'>ἦν</span> <span class='ocrx_word' id='word_1_469' title='bbox 1307 4381 1443 4450; x_wconf 87' lang='grc' dir='ltr'>πρὸς</span> <span class='ocrx_word' id='word_1_470' title='bbox 1482 4379 1544 4432; x_wconf 85' lang='grc' dir='ltr'>τὸ</span> <span class='ocrx_word' id='word_1_471' title='bbox 1589 4381 1836 4449; x_wconf 84' lang='grc' dir='ltr'>κρεῖττον</span> <span class='ocrx_word' id='word_1_472' title='bbox 1868 4378 1902 4448; x_wconf 82' lang='grc' dir='ltr'>ὴ</span> 
     </span>
    </p>
   </div>
   <div class='ocr_carea' id='block_1_63' title="bbox 334 4466 1901 4544">
    <p class='ocr_par' dir='ltr' id='par_1_63' title="bbox 334 4466 1901 4544">
     <span class='ocr_line' id='line_1_63' title="bbox 334 4466 1901 4544; baseline -0.006 -16"><span class='ocrx_word' id='word_1_473' title='bbox 334 4476 527 4544; x_wconf 80' lang='grc' dir='ltr'>φύσις,</span> <span class='ocrx_word' id='word_1_474' title='bbox 581 4474 860 4542; x_wconf 82' lang='grc' dir='ltr'>πεπηγυῖα</span> <span class='ocrx_word' id='word_1_475' title='bbox 905 4471 982 4542; x_wconf 80' lang='grc' dir='ltr'>τῷ</span> <span class='ocrx_word' id='word_1_476' title='bbox 1032 4472 1131 4542; x_wconf 84' lang='grc' dir='ltr'><strong>τῆς</strong></span> <span class='ocrx_word' id='word_1_477' title='bbox 1179 4468 1617 4539; x_wconf 83' lang='grc' dir='ltr'>είδωλολατρείας</span> <span class='ocrx_word' id='word_1_478' title='bbox 1671 4466 1901 4538; x_wconf 82' lang='grc' dir='ltr'>κρυμῷ,</span> 
     </span>
    </p>
   </div>
   <div class='ocr_carea' id='block_1_64' title="bbox 2000 1999 3573 2072">
    <p class='ocr_par' dir='ltr' id='par_1_64' title="bbox 2000 1999 3573 2072">
     <span class='ocr_line' id='line_1_64' title="bbox 2000 1999 3573 2072; baseline 0.003 -18"><span class='ocrx_word' id='word_1_479' title='bbox 2000 2000 2244 2055; x_wconf 86' lang='lat' dir='ltr'><strong>auribus.</strong></span> <span class='ocrx_word' id='word_1_480' title='bbox 2279 1999 2468 2056; x_wconf 88' lang='lat' dir='ltr'><strong>Ficum</strong></span> <span class='ocrx_word' id='word_1_481' title='bbox 2520 2010 2701 2056; x_wconf 88' lang='lat' dir='ltr'><strong>autem</strong></span> <span class='ocrx_word' id='word_1_482' title='bbox 2734 2002 2868 2057; x_wconf 90' lang='lat' dir='ltr'><strong>dicit</strong></span> <span class='ocrx_word' id='word_1_483' title='bbox 2888 2013 2942 2057; x_wconf 91' lang='lat' dir='ltr'><strong>et</strong></span> <span class='ocrx_word' id='word_1_484' title='bbox 2973 2005 3161 2069; x_wconf 85' lang='lat' dir='ltr'><strong>vitem,</strong></span> <span class='ocrx_word' id='word_1_485' title='bbox 3224 2019 3345 2072; x_wconf 70' lang='lat' dir='ltr'><strong>qum</strong></span> <span class='ocrx_word' id='word_1_486' title='bbox 3393 2019 3458 2058; x_wconf 85' lang='lat' dir='ltr'><strong>ex</strong></span> <span class='ocrx_word' id='word_1_487' title='bbox 3492 2004 3573 2058; x_wconf 85' lang='lat' dir='ltr'><strong>eis</strong></span> 
     </span>
    </p>
   </div>
   <div class='ocr_carea' id='block_1_65' title="bbox 1999 2091 3568 2164">
    <p class='ocr_par' dir='ltr' id='par_1_65' title="bbox 1999 2091 3568 2164">
     <span class='ocr_line' id='line_1_65' title="bbox 1999 2091 3568 2164; baseline 0.003 -18"><span class='ocrx_word' id='word_1_488' title='bbox 1999 2091 2194 2147; x_wconf 62' lang='lat' dir='ltr'><strong>futurae</strong></span> <span class='ocrx_word' id='word_1_489' title='bbox 2234 2102 2361 2148; x_wconf 89' lang='lat' dir='ltr'><strong>sunt</strong></span> <span class='ocrx_word' id='word_1_490' title='bbox 2382 2093 2604 2148; x_wconf 87' lang='lat' dir='ltr'><strong>delicias</strong></span> <span class='ocrx_word' id='word_1_491' title='bbox 2637 2097 2691 2147; x_wconf 89' lang='lat' dir='ltr'><strong>in</strong></span> <span class='ocrx_word' id='word_1_492' title='bbox 2718 2094 2785 2147; x_wconf 92' lang='lat' dir='ltr'><strong>iis</strong></span> <span class='ocrx_word' id='word_1_493' title='bbox 2806 2110 2926 2163; x_wconf 72' lang='lat' dir='ltr'><strong>qua:</strong></span> <span class='ocrx_word' id='word_1_494' title='bbox 2976 2103 3240 2164; x_wconf 85' lang='lat' dir='ltr'><strong>apparent</strong></span> <span class='ocrx_word' id='word_1_495' title='bbox 3288 2095 3528 2150; x_wconf 82' lang='lat' dir='ltr'><strong>exordiis</strong></span> <span class='ocrx_word' id='word_1_496' title='bbox 3556 2115 3568 2149; x_wconf 88' lang='lat'>:</span> 
     </span>
    </p>
   </div>
   <div class='ocr_carea' id='block_1_66' title="bbox 2002 2184 3569 2254">
    <p class='ocr_par' dir='ltr' id='par_1_66' title="bbox 2002 2184 3569 2254">
     <span class='ocr_line' id='line_1_66' title="bbox 2002 2184 3569 2254; baseline 0 -17"><span class='ocrx_word' id='word_1_497' title='bbox 2002 2184 2147 2237; x_wconf 82' lang='lat' dir='ltr'><strong>illam</strong></span> <span class='ocrx_word' id='word_1_498' title='bbox 2200 2185 2417 2254; x_wconf 84' lang='lat' dir='ltr'><strong>quidem</strong></span> <span class='ocrx_word' id='word_1_499' title='bbox 2478 2200 2698 2254; x_wconf 83' lang='lat' dir='ltr'><strong>grossos</strong></span> <span class='ocrx_word' id='word_1_500' title='bbox 2740 2186 3151 2254; x_wconf 84' lang='lat' dir='ltr'><strong>producentem,</strong></span> <span class='ocrx_word' id='word_1_501' title='bbox 3218 2186 3357 2241; x_wconf 87' lang='lat' dir='ltr'><strong>hanc</strong></span> <span class='ocrx_word' id='word_1_502' title='bbox 3391 2198 3569 2241; x_wconf 86' lang='lat' dir='ltr'><strong>autem</strong></span> 
     </span>
    </p>
   </div>
   <div class='ocr_carea' id='block_1_67' title="bbox 2000 2272 3572 2346">
    <p class='ocr_par' dir='ltr' id='par_1_67' title="bbox 2000 2272 3572 2346">
     <span class='ocr_line' id='line_1_67' title="bbox 2000 2272 3572 2346; baseline 0.003 -20"><span class='ocrx_word' id='word_1_503' title='bbox 2000 2272 2242 2327; x_wconf 87' lang='lat' dir='ltr'><strong>edentem</strong></span> <span class='ocrx_word' id='word_1_504' title='bbox 2271 2273 2451 2341; x_wconf 84' lang='lat' dir='ltr'><strong>ﬂores,</strong></span> <span class='ocrx_word' id='word_1_505' title='bbox 2492 2284 2548 2327; x_wconf 91' lang='lat' dir='ltr'><strong>ut</strong></span> <span class='ocrx_word' id='word_1_506' title='bbox 2577 2291 2640 2327; x_wconf 85' lang='lat' dir='ltr'><strong>ex</strong></span> <span class='ocrx_word' id='word_1_507' title='bbox 2672 2276 2813 2328; x_wconf 89' lang='lat' dir='ltr'><strong>bono</strong></span> <span class='ocrx_word' id='word_1_508' title='bbox 2866 2275 3032 2330; x_wconf 90' lang='lat' dir='ltr'><strong>odore</strong></span> <span class='ocrx_word' id='word_1_509' title='bbox 3081 2278 3412 2346; x_wconf 85' lang='lat' dir='ltr'><strong>voluptatem</strong></span> <span class='ocrx_word' id='word_1_510' title='bbox 3442 2277 3572 2331; x_wconf 74' lang='lat' dir='ltr'><strong>alla-</strong></span> 
     </span>
    </p>
   </div>
   <div class='ocr_carea' id='block_1_68' title="bbox 2001 2365 3573 2439">
    <p class='ocr_par' dir='ltr' id='par_1_68' title="bbox 2001 2365 3573 2439">
     <span class='ocr_line' id='line_1_68' title="bbox 2001 2365 3573 2439; baseline 0.006 -22"><span class='ocrx_word' id='word_1_511' title='bbox 2001 2365 2096 2417; x_wconf 91' lang='lat' dir='ltr'><strong>tim</strong></span> <span class='ocrx_word' id='word_1_512' title='bbox 2124 2366 2383 2435; x_wconf 87' lang='lat' dir='ltr'><strong>percipiat</strong></span> <span class='ocrx_word' id='word_1_513' title='bbox 2424 2367 2705 2420; x_wconf 85' lang='lat' dir='ltr'><strong>odoratus.</strong></span> <span class='ocrx_word' id='word_1_514' title='bbox 2749 2368 2919 2436; x_wconf 88' lang='lat' dir='ltr'><strong>Atque</strong></span> <span class='ocrx_word' id='word_1_515' title='bbox 2957 2370 3036 2423; x_wconf 92' lang='lat' dir='ltr'><strong>sic</strong></span> <span class='ocrx_word' id='word_1_516' title='bbox 3086 2371 3303 2439; x_wconf 86' lang='lat' dir='ltr'><strong>quidem</strong></span> <span class='ocrx_word' id='word_1_517' title='bbox 3332 2371 3573 2427; x_wconf 79' lang='lat' dir='ltr'><strong>luxuriat</strong></span> 
     </span>
    </p>
   </div>
   <div class='ocr_carea' id='block_1_69' title="bbox 2000 2458 3568 2531">
    <p class='ocr_par' dir='ltr' id='par_1_69' title="bbox 2000 2458 3568 2531">
     <span class='ocr_line' id='line_1_69' title="bbox 2000 2458 3568 2531; baseline 0.004 -20"><span class='ocrx_word' id='word_1_518' title='bbox 2000 2467 2178 2511; x_wconf 77' lang='lat' dir='ltr'><strong>oratio</strong></span> <span class='ocrx_word' id='word_1_519' title='bbox 2205 2458 2258 2510; x_wconf 92' lang='lat' dir='ltr'><strong>in</strong></span> <span class='ocrx_word' id='word_1_520' title='bbox 2292 2458 2654 2513; x_wconf 86' lang='lat' dir='ltr'><strong>describendo</strong></span> <span class='ocrx_word' id='word_1_521' title='bbox 2701 2475 2866 2513; x_wconf 88' lang='lat' dir='ltr'><strong>verno</strong></span> <span class='ocrx_word' id='word_1_522' title='bbox 2917 2469 3183 2531; x_wconf 86' lang='lat' dir='ltr'><strong>tempore,</strong></span> <span class='ocrx_word' id='word_1_523' title='bbox 3215 2474 3268 2517; x_wconf 90' lang='lat' dir='ltr'><strong>et</strong></span> <span class='ocrx_word' id='word_1_524' title='bbox 3295 2466 3568 2519; x_wconf 83' lang='lat' dir='ltr'><strong>tristitiam</strong></span> 
     </span>
    </p>
   </div>
   <div class='ocr_carea' id='block_1_70' title="bbox 2001 2548 3571 2621">
    <p class='ocr_par' dir='ltr' id='par_1_70' title="bbox 2001 2548 3571 2621">
     <span class='ocr_line' id='line_1_70' title="bbox 2001 2548 3571 2621; baseline 0.004 -20"><span class='ocrx_word' id='word_1_525' title='bbox 2001 2548 2289 2617; x_wconf 83' lang='lat' dir='ltr'><strong>repellens,</strong></span> <span class='ocrx_word' id='word_1_526' title='bbox 2328 2557 2381 2603; x_wconf 90' lang='lat' dir='ltr'><strong>et</strong></span> <span class='ocrx_word' id='word_1_527' title='bbox 2408 2548 2658 2603; x_wconf 82' lang='lat' dir='ltr'><strong>lubenter</strong></span> <span class='ocrx_word' id='word_1_528' title='bbox 2708 2566 2933 2605; x_wconf 88' lang='lat' dir='ltr'><strong>versans</strong></span> <span class='ocrx_word' id='word_1_529' title='bbox 2973 2552 3026 2605; x_wconf 90' lang='lat' dir='ltr'><strong>in</strong></span> <span class='ocrx_word' id='word_1_530' title='bbox 3063 2553 3324 2621; x_wconf 89' lang='lat' dir='ltr'><strong>jucundis</strong></span> <span class='ocrx_word' id='word_1_531' title='bbox 3378 2571 3571 2610; x_wconf 87' lang='lat' dir='ltr'><strong>narra-</strong></span> 
     </span>
    </p>
   </div>
   <div class='ocr_carea' id='block_1_71' title="bbox 2001 2640 3573 2718">
    <p class='ocr_par' dir='ltr' id='par_1_71' title="bbox 2001 2640 3573 2718">
     <span class='ocr_line' id='line_1_71' title="bbox 2001 2640 3573 2718; baseline 0.006 -25"><span class='ocrx_word' id='word_1_532' title='bbox 2001 2641 2263 2696; x_wconf 84' lang='lat' dir='ltr'><strong>tionibus.</strong></span> <span class='ocrx_word' id='word_1_533' title='bbox 2295 2640 2413 2695; x_wconf 87' lang='lat' dir='ltr'><strong>Non</strong></span> <span class='ocrx_word' id='word_1_534' title='bbox 2468 2650 2684 2711; x_wconf 89' lang='lat' dir='ltr'><strong>oportet</strong></span> <span class='ocrx_word' id='word_1_535' title='bbox 2712 2653 2914 2709; x_wconf 88' lang='lat' dir='ltr'><strong>autem,</strong></span> <span class='ocrx_word' id='word_1_536' title='bbox 2955 2653 3016 2698; x_wconf 91' lang='lat' dir='ltr'><strong>ut</strong></span> <span class='ocrx_word' id='word_1_537' title='bbox 3068 2646 3330 2711; x_wconf 88' lang='lat' dir='ltr'><strong>arbitror,</strong></span> <span class='ocrx_word' id='word_1_538' title='bbox 3359 2650 3573 2718; x_wconf 81' lang='lat' dir='ltr'><strong>cogita-</strong></span> 
     </span>
    </p>
   </div>
   <div class='ocr_carea' id='block_1_72' title="bbox 2005 2732 3570 2808">
    <p class='ocr_par' dir='ltr' id='par_1_72' title="bbox 2005 2732 3570 2808">
     <span class='ocr_line' id='line_1_72' title="bbox 2005 2732 3570 2808; baseline 0.007 -25"><span class='ocrx_word' id='word_1_539' title='bbox 2005 2733 2206 2786; x_wconf 88' lang='lat' dir='ltr'><strong>tionem</strong></span> <span class='ocrx_word' id='word_1_540' title='bbox 2240 2746 2562 2801; x_wconf 87' lang='lat' dir='ltr'><strong>permanere</strong></span> <span class='ocrx_word' id='word_1_541' title='bbox 2591 2733 2643 2786; x_wconf 91' lang='lat' dir='ltr'><strong>in</strong></span> <span class='ocrx_word' id='word_1_542' title='bbox 2671 2732 2755 2787; x_wconf 91' lang='lat' dir='ltr'><strong>his</strong></span> <span class='ocrx_word' id='word_1_543' title='bbox 2778 2734 3065 2791; x_wconf 89' lang='lat' dir='ltr'><strong>luculentis</strong></span> <span class='ocrx_word' id='word_1_544' title='bbox 3089 2738 3570 2808; x_wconf 88' lang='lat' dir='ltr'><strong>descriptionibus,</strong></span> 
     </span>
    </p>
   </div>
   <div class='ocr_carea' id='block_1_73' title="bbox 2002 2822 3574 2900">
    <p class='ocr_par' dir='ltr' id='par_1_73' title="bbox 2002 2822 3574 2900">
     <span class='ocr_line' id='line_1_73' title="bbox 2002 2822 3574 2900; baseline 0.004 -21"><span class='ocrx_word' id='word_1_545' title='bbox 2002 2822 2096 2879; x_wconf 86' lang='lat' dir='ltr'><strong>sed</strong></span> <span class='ocrx_word' id='word_1_546' title='bbox 2130 2839 2225 2892; x_wconf 89' lang='lat' dir='ltr'><strong>per</strong></span> <span class='ocrx_word' id='word_1_547' title='bbox 2282 2838 2375 2878; x_wconf 89' lang='lat' dir='ltr'><strong>eas</strong></span> <span class='ocrx_word' id='word_1_548' title='bbox 2404 2823 2596 2878; x_wconf 90' lang='lat' dir='ltr'><strong>deduci</strong></span> <span class='ocrx_word' id='word_1_549' title='bbox 2634 2826 2698 2878; x_wconf 88' lang='lat' dir='ltr'><strong>ad</strong></span> <span class='ocrx_word' id='word_1_550' title='bbox 2727 2841 2790 2879; x_wconf 89' lang='lat' dir='ltr'><strong>ea</strong></span> <span class='ocrx_word' id='word_1_551' title='bbox 2820 2842 2939 2894; x_wconf 72' lang='lat' dir='ltr'><strong>qum</strong></span> <span class='ocrx_word' id='word_1_552' title='bbox 2967 2843 3063 2896; x_wconf 89' lang='lat' dir='ltr'><strong>per</strong></span> <span class='ocrx_word' id='word_1_553' title='bbox 3103 2828 3216 2882; x_wconf 61' lang='lat' dir='ltr'><strong>haec</strong></span> <span class='ocrx_word' id='word_1_554' title='bbox 3247 2832 3462 2900; x_wconf 77' lang='lat' dir='ltr'><strong>eloquia</strong></span> <span class='ocrx_word' id='word_1_555' title='bbox 3499 2833 3574 2887; x_wconf 90' lang='lat' dir='ltr'><strong>si-</strong></span> 
     </span>
    </p>
   </div>
   <div class='ocr_carea' id='block_1_74' title="bbox 2002 2917 3576 2988">
    <p class='ocr_par' dir='ltr' id='par_1_74' title="bbox 2002 2917 3576 2988">
     <span class='ocr_line' id='line_1_74' title="bbox 2002 2917 3576 2988; baseline 0.005 -17"><span class='ocrx_word' id='word_1_556' title='bbox 2002 2917 2330 2985; x_wconf 72' lang='lat' dir='ltr'><strong>gnificantur</strong></span> <span class='ocrx_word' id='word_1_557' title='bbox 2369 2918 2647 2988; x_wconf 81' lang='lat' dir='ltr'><strong>mysteria,</strong></span> <span class='ocrx_word' id='word_1_558' title='bbox 2700 2927 2758 2971; x_wconf 91' lang='lat' dir='ltr'><strong>ut</strong></span> <span class='ocrx_word' id='word_1_559' title='bbox 2807 2920 3082 2988; x_wconf 86' lang='lat' dir='ltr'><strong>aperiatur</strong></span> <span class='ocrx_word' id='word_1_560' title='bbox 3143 2921 3441 2978; x_wconf 84' lang='lat' dir='ltr'><strong>thesaurus</strong></span> <span class='ocrx_word' id='word_1_561' title='bbox 3487 2924 3576 2978; x_wconf 87' lang='lat' dir='ltr'><strong>in-</strong></span> 
     </span>
    </p>
   </div>
   <div class='ocr_carea' id='block_1_75' title="bbox 2003 3007 3571 3079">
    <p class='ocr_par' dir='ltr' id='par_1_75' title="bbox 2003 3007 3571 3079">
     <span class='ocr_line' id='line_1_75' title="bbox 2003 3007 3571 3079; baseline 0.006 -19"><span class='ocrx_word' id='word_1_562' title='bbox 2003 3007 2443 3078; x_wconf 83' lang='lat' dir='ltr'><strong>telligentiarum,</strong></span> <span class='ocrx_word' id='word_1_563' title='bbox 2482 3009 2574 3077; x_wconf 89' lang='lat' dir='ltr'><strong>qui</strong></span> <span class='ocrx_word' id='word_1_564' title='bbox 2630 3009 2939 3063; x_wconf 89' lang='lat' dir='ltr'><strong>occultatur</strong></span> <span class='ocrx_word' id='word_1_565' title='bbox 2982 3011 3037 3064; x_wconf 91' lang='lat' dir='ltr'><strong>in</strong></span> <span class='ocrx_word' id='word_1_566' title='bbox 3086 3013 3289 3067; x_wconf 86' lang='lat' dir='ltr'><strong>verbis.</strong></span> <span class='ocrx_word' id='word_1_567' title='bbox 3312 3013 3452 3079; x_wconf 84' lang='lat' dir='ltr'><strong>Quid</strong></span> <span class='ocrx_word' id='word_1_568' title='bbox 3487 3023 3571 3069; x_wconf 89' lang='lat' dir='ltr'><strong>est</strong></span> 
     </span>
    </p>
   </div>
   <div class='ocr_carea' id='block_1_76' title="bbox 2003 3100 3574 3177">
    <p class='ocr_par' dir='ltr' id='par_1_76' title="bbox 2003 3100 3574 3177">
     <span class='ocr_line' id='line_1_76' title="bbox 2003 3100 3574 3177; baseline 0.008 -26"><span class='ocrx_word' id='word_1_569' title='bbox 2003 3115 2131 3170; x_wconf 86' lang='lat' dir='ltr'><strong>ergo</strong></span> <span class='ocrx_word' id='word_1_570' title='bbox 2162 3102 2305 3169; x_wconf 91' lang='lat' dir='ltr'><strong>quod</strong></span> <span class='ocrx_word' id='word_1_571' title='bbox 2351 3100 2625 3154; x_wconf 83' lang='lat' dir='ltr'><strong>dicimus?</strong></span> <span class='ocrx_word' id='word_1_572' title='bbox 2664 3101 2887 3171; x_wconf 80' lang='lat' dir='ltr'><strong>Frigore</strong></span> <span class='ocrx_word' id='word_1_573' title='bbox 2916 3101 3235 3159; x_wconf 73' lang='lat' dir='ltr'><strong>idololatria:</strong></span> <span class='ocrx_word' id='word_1_574' title='bbox 3279 3107 3574 3177; x_wconf 85' lang='lat' dir='ltr'><strong>aliquando</strong></span> 
     </span>
    </p>
   </div>
   <div class='ocr_carea' id='block_1_77' title="bbox 2003 3192 3574 3260">
    <p class='ocr_par' dir='ltr' id='par_1_77' title="bbox 2003 3192 3574 3260">
     <span class='ocr_line' id='line_1_77' title="bbox 2003 3192 3574 3260; baseline 0.005 -15"><span class='ocrx_word' id='word_1_575' title='bbox 2003 3201 2353 3246; x_wconf 87' lang='lat' dir='ltr'><strong>concreverat</strong></span> <span class='ocrx_word' id='word_1_576' title='bbox 2382 3207 2551 3260; x_wconf 84' lang='lat' dir='ltr'><strong>genus</strong></span> <span class='ocrx_word' id='word_1_577' title='bbox 2600 3192 2919 3257; x_wconf 90' lang='lat' dir='ltr'><strong>humanum,</strong></span> <span class='ocrx_word' id='word_1_578' title='bbox 2954 3194 3138 3248; x_wconf 90' lang='lat' dir='ltr'><strong>mobili</strong></span> <span class='ocrx_word' id='word_1_579' title='bbox 3165 3196 3444 3252; x_wconf 86' lang='lat' dir='ltr'><strong>hominum</strong></span> <span class='ocrx_word' id='word_1_580' title='bbox 3474 3214 3574 3253; x_wconf 87' lang='lat' dir='ltr'><strong>na—</strong></span> 
     </span>
    </p>
   </div>
   <div class='ocr_carea' id='block_1_78' title="bbox 2003 3284 3575 3345">
    <p class='ocr_par' dir='ltr' id='par_1_78' title="bbox 2003 3284 3575 3345">
     <span class='ocr_line' id='line_1_78' title="bbox 2003 3284 3575 3345; baseline 0.005 -8"><span class='ocrx_word' id='word_1_581' title='bbox 2003 3291 2123 3337; x_wconf 84' lang='lat' dir='ltr'><strong>tura</strong></span> <span class='ocrx_word' id='word_1_582' title='bbox 2152 3298 2415 3338; x_wconf 84' lang='lat' dir='ltr'><strong>conversa</strong></span> <span class='ocrx_word' id='word_1_583' title='bbox 2449 3284 2514 3338; x_wconf 86' lang='lat' dir='ltr'><strong>ad</strong></span> <span class='ocrx_word' id='word_1_584' title='bbox 2549 3286 2754 3339; x_wconf 91' lang='lat' dir='ltr'><strong>cultum</strong></span> <span class='ocrx_word' id='word_1_585' title='bbox 2788 3302 2969 3341; x_wconf 87' lang='lat' dir='ltr'><strong>rerum</strong></span> <span class='ocrx_word' id='word_1_586' title='bbox 2994 3287 3376 3343; x_wconf 86' lang='lat' dir='ltr'><strong>immobilium.</strong></span> <span class='ocrx_word' id='word_1_587' title='bbox 3410 3289 3575 3345; x_wconf 82' lang='lat' dir='ltr'><strong>Simi-</strong></span> 
     </span>
    </p>
   </div>
   <div class='ocr_carea' id='block_1_79' title="bbox 2000 3376 3575 3451">
    <p class='ocr_par' dir='ltr' id='par_1_79' title="bbox 2000 3376 3575 3451">
     <span class='ocr_line' id='line_1_79' title="bbox 2000 3376 3575 3451; baseline 0.006 -22"><span class='ocrx_word' id='word_1_588' title='bbox 2000 3376 2071 3429; x_wconf 79' lang='lat' dir='ltr'><strong>les</strong></span> <span class='ocrx_word' id='word_1_589' title='bbox 2103 3376 2271 3440; x_wconf 91' lang='lat' dir='ltr'><strong>enim,</strong></span> <span class='ocrx_word' id='word_1_590' title='bbox 2305 3376 2506 3445; x_wconf 87' lang='lat' dir='ltr'><strong>inquit,</strong></span> <span class='ocrx_word' id='word_1_591' title='bbox 2537 3377 2692 3444; x_wconf 83' lang='lat' dir='ltr'><strong>ﬁant,</strong></span> <span class='ocrx_word' id='word_1_592' title='bbox 2729 3379 2818 3448; x_wconf 85' lang='lat' dir='ltr'><strong>qui</strong></span> <span class='ocrx_word' id='word_1_593' title='bbox 2840 3378 3041 3447; x_wconf 74' lang='lat' dir='ltr'><strong>faciunt</strong></span> <span class='ocrx_word' id='word_1_594' title='bbox 3069 3379 3260 3445; x_wconf 84' lang='lat' dir='ltr'><strong>illa,et</strong></span> <span class='ocrx_word' id='word_1_595' title='bbox 3276 3399 3453 3437; x_wconf 83' lang='lat' dir='ltr'><strong>omnes</strong></span> <span class='ocrx_word' id='word_1_596' title='bbox 3482 3383 3575 3451; x_wconf 76' lang='lat' dir='ltr'><strong>qui</strong></span> 
     </span>
    </p>
   </div>
   <div class='ocr_carea' id='block_1_80' title="bbox 1999 3469 3571 3537">
    <p class='ocr_par' dir='ltr' id='par_1_80' title="bbox 1999 3469 3571 3537">
     <span class='ocr_line' id='line_1_80' title="bbox 1999 3469 3571 3537; baseline 0.003 -16"><span class='ocrx_word' id='word_1_597' title='bbox 1999 3470 2267 3537; x_wconf 81' lang='lat' dir='ltr'><strong>conﬁdunt</strong></span> <span class='ocrx_word' id='word_1_598' title='bbox 2302 3471 2354 3522; x_wconf 89' lang='lat' dir='ltr'><strong>in</strong></span> <span class='ocrx_word' id='word_1_599' title='bbox 2398 3471 2472 3523; x_wconf 80' lang='lat' dir='ltr'><strong>eis</strong></span> <span class='ocrx_word' id='word_1_600' title='bbox 2504 3470 2570 3523; x_wconf 76' lang='grc'><strong>³⁸.</strong></span> <span class='ocrx_word' id='word_1_601' title='bbox 2632 3469 3070 3525; x_wconf 88' lang='lat' dir='ltr'><strong>Consentaneum</strong></span> <span class='ocrx_word' id='word_1_602' title='bbox 3103 3483 3287 3527; x_wconf 89' lang='lat' dir='ltr'><strong>autem</strong></span> <span class='ocrx_word' id='word_1_603' title='bbox 3314 3488 3428 3528; x_wconf 86' lang='lat' dir='ltr'><strong>erat</strong></span> <span class='ocrx_word' id='word_1_604' title='bbox 3458 3474 3571 3528; x_wconf 64' lang='lat' dir='ltr'><strong>hate</strong></span> 
     </span>
    </p>
   </div>
   <div class='ocr_carea' id='block_1_81' title="bbox 2000 3558 3577 3631">
    <p class='ocr_par' dir='ltr' id='par_1_81' title="bbox 2000 3558 3577 3631">
     <span class='ocr_line' id='line_1_81' title="bbox 2000 3558 3577 3631; baseline 0.003 -18"><span class='ocrx_word' id='word_1_605' title='bbox 2000 3561 2069 3615; x_wconf 88' lang='lat' dir='ltr'><strong>ita</strong></span> <span class='ocrx_word' id='word_1_606' title='bbox 2102 3558 2239 3613; x_wconf 83' lang='lat' dir='ltr'><strong>ﬁeri.</strong></span> <span class='ocrx_word' id='word_1_607' title='bbox 2271 3558 2554 3625; x_wconf 85' lang='lat' dir='ltr'><strong>Quomodo</strong></span> <span class='ocrx_word' id='word_1_608' title='bbox 2592 3561 2738 3615; x_wconf 90' lang='lat' dir='ltr'><strong>enim</strong></span> <span class='ocrx_word' id='word_1_609' title='bbox 2789 3562 2880 3631; x_wconf 85' lang='lat' dir='ltr'><strong>qui</strong></span> <span class='ocrx_word' id='word_1_610' title='bbox 2909 3577 3089 3615; x_wconf 87' lang='lat' dir='ltr'><strong>veram</strong></span> <span class='ocrx_word' id='word_1_611' title='bbox 3128 3562 3577 3631; x_wconf 82' lang='lat' dir='ltr'><strong>aspiciuntDivi-</strong></span> 
     </span>
    </p>
   </div>
   <div class='ocr_carea' id='block_1_82' title="bbox 1998 3653 3577 3725">
    <p class='ocr_par' dir='ltr' id='par_1_82' title="bbox 1998 3653 3577 3725">
     <span class='ocr_line' id='line_1_82' title="bbox 1998 3653 3577 3725; baseline 0.002 -18"><span class='ocrx_word' id='word_1_612' title='bbox 1998 3653 2262 3719; x_wconf 87' lang='lat' dir='ltr'><strong>nitatem,</strong></span> <span class='ocrx_word' id='word_1_613' title='bbox 2314 3653 2369 3706; x_wconf 91' lang='lat' dir='ltr'><strong>in</strong></span> <span class='ocrx_word' id='word_1_614' title='bbox 2416 3668 2473 3707; x_wconf 90' lang='lat' dir='ltr'><strong>se</strong></span> <span class='ocrx_word' id='word_1_615' title='bbox 2518 3654 2791 3723; x_wconf 88' lang='lat' dir='ltr'><strong>accipiunt</strong></span> <span class='ocrx_word' id='word_1_616' title='bbox 2837 3653 3033 3707; x_wconf 60' lang='lat' dir='ltr'><strong>divina</strong></span> <span class='ocrx_word' id='word_1_617' title='bbox 3087 3664 3297 3709; x_wconf 70' lang='lat' dir='ltr'><strong>natura:</strong></span> <span class='ocrx_word' id='word_1_618' title='bbox 3330 3656 3577 3725; x_wconf 84' lang='lat' dir='ltr'><strong>proprie-</strong></span> 
     </span>
    </p>
   </div>
   <div class='ocr_carea' id='block_1_83' title="bbox 2001 3740 3579 3811">
    <p class='ocr_par' dir='ltr' id='par_1_83' title="bbox 2001 3740 3579 3811">
     <span class='ocr_line' id='line_1_83' title="bbox 2001 3740 3579 3811; baseline 0.003 -16"><span class='ocrx_word' id='word_1_619' title='bbox 2001 3751 2142 3796; x_wconf 87' lang='lat' dir='ltr'><strong>tates</strong></span> <span class='ocrx_word' id='word_1_620' title='bbox 2179 3761 2193 3796; x_wconf 91' lang='lat'><strong>:</strong></span> <span class='ocrx_word' id='word_1_621' title='bbox 2257 3740 2330 3795; x_wconf 90' lang='lat' dir='ltr'><strong>ita</strong></span> <span class='ocrx_word' id='word_1_622' title='bbox 2357 3743 2449 3811; x_wconf 89' lang='lat' dir='ltr'><strong>qui</strong></span> <span class='ocrx_word' id='word_1_623' title='bbox 2488 3742 2908 3796; x_wconf 87' lang='lat' dir='ltr'><strong>simulacrorum</strong></span> <span class='ocrx_word' id='word_1_624' title='bbox 2955 3743 3270 3797; x_wconf 87' lang='lat' dir='ltr'><strong>attendebat</strong></span> <span class='ocrx_word' id='word_1_625' title='bbox 3320 3746 3579 3808; x_wconf 73' lang='lat' dir='ltr'><strong>vanitati,</strong></span> 
     </span>
    </p>
   </div>
   <div class='ocr_carea' id='block_1_84' title="bbox 2000 3831 3584 3907">
    <p class='ocr_par' dir='ltr' id='par_1_84' title="bbox 2000 3831 3584 3907">
     <span class='ocr_line' id='line_1_84' title="bbox 2000 3831 3584 3907; baseline 0.004 -21"><span class='ocrx_word' id='word_1_626' title='bbox 2000 3831 2494 3886; x_wconf 80' lang='lat' dir='ltr'><strong>transformabatur</strong></span> <span class='ocrx_word' id='word_1_627' title='bbox 2550 3832 2605 3886; x_wconf 92' lang='lat' dir='ltr'><strong>in</strong></span> <span class='ocrx_word' id='word_1_628' title='bbox 2668 3832 2720 3886; x_wconf 91' lang='lat' dir='ltr'><strong>id</strong></span> <span class='ocrx_word' id='word_1_629' title='bbox 2772 3832 2917 3901; x_wconf 89' lang='lat' dir='ltr'><strong>quod</strong></span> <span class='ocrx_word' id='word_1_630' title='bbox 2971 3833 3376 3902; x_wconf 82' lang='lat' dir='ltr'><strong>aspiciebatur,</strong></span> <span class='ocrx_word' id='word_1_631' title='bbox 3435 3837 3584 3907; x_wconf 82' lang='lat' dir='ltr'><strong>lapis</strong></span> 
     </span>
    </p>
   </div>
   <div class='ocr_carea' id='block_1_85' title="bbox 2001 3921 3565 3993">
    <p class='ocr_par' dir='ltr' id='par_1_85' title="bbox 2001 3921 3565 3993">
     <span class='ocr_line' id='line_1_85' title="bbox 2001 3921 3565 3993; baseline 0.003 -17"><span class='ocrx_word' id='word_1_632' title='bbox 2001 3922 2178 3977; x_wconf 82' lang='lat' dir='ltr'><strong>factus</strong></span> <span class='ocrx_word' id='word_1_633' title='bbox 2217 3938 2282 3976; x_wconf 83' lang='lat' dir='ltr'><strong>ex</strong></span> <span class='ocrx_word' id='word_1_634' title='bbox 2321 3922 2554 3976; x_wconf 89' lang='lat' dir='ltr'><strong>homine.</strong></span> <span class='ocrx_word' id='word_1_635' title='bbox 2595 3921 2862 3988; x_wconf 85' lang='lat' dir='ltr'><strong>Quoniam</strong></span> <span class='ocrx_word' id='word_1_636' title='bbox 2905 3939 3034 3992; x_wconf 83' lang='lat' dir='ltr'><strong>ergo</strong></span> <span class='ocrx_word' id='word_1_637' title='bbox 3066 3939 3188 3993; x_wconf 74' lang='lat' dir='ltr'><strong>qua:</strong></span> <span class='ocrx_word' id='word_1_638' title='bbox 3217 3940 3314 3993; x_wconf 90' lang='lat' dir='ltr'><strong>per</strong></span> <span class='ocrx_word' id='word_1_639' title='bbox 3355 3927 3565 3981; x_wconf 88' lang='lat' dir='ltr'><strong>cultum</strong></span> 
     </span>
    </p>
   </div>
   <div class='ocr_carea' id='block_1_86' title="bbox 2002 4012 3581 4085">
    <p class='ocr_par' dir='ltr' id='par_1_86' title="bbox 2002 4012 3581 4085">
     <span class='ocr_line' id='line_1_86' title="bbox 2002 4012 3581 4085; baseline 0.004 -17"><span class='ocrx_word' id='word_1_640' title='bbox 2002 4014 2269 4068; x_wconf 90' lang='lat' dir='ltr'><strong>idolorum</strong></span> <span class='ocrx_word' id='word_1_641' title='bbox 2328 4012 2650 4083; x_wconf 87' lang='lat' dir='ltr'><strong>lapiduerat,</strong></span> <span class='ocrx_word' id='word_1_642' title='bbox 2683 4013 2750 4066; x_wconf 91' lang='lat' dir='ltr'><strong>ad</strong></span> <span class='ocrx_word' id='word_1_643' title='bbox 2804 4014 2857 4069; x_wconf 93' lang='lat' dir='ltr'><strong>id</strong></span> <span class='ocrx_word' id='word_1_644' title='bbox 2909 4015 3056 4085; x_wconf 89' lang='lat' dir='ltr'><strong>quod</strong></span> <span class='ocrx_word' id='word_1_645' title='bbox 3105 4024 3189 4071; x_wconf 90' lang='lat' dir='ltr'><strong>est</strong></span> <span class='ocrx_word' id='word_1_646' title='bbox 3219 4017 3415 4072; x_wconf 89' lang='lat' dir='ltr'><strong>melius</strong></span> <span class='ocrx_word' id='word_1_647' title='bbox 3450 4028 3581 4075; x_wconf 75' lang='lat' dir='ltr'><strong>erat</strong></span> 
     </span>
    </p>
   </div>
   <div class='ocr_carea' id='block_1_87' title="bbox 2002 4105 3573 4178">
    <p class='ocr_par' dir='ltr' id='par_1_87' title="bbox 2002 4105 3573 4178">
     <span class='ocr_line' id='line_1_87' title="bbox 2002 4105 3573 4178; baseline 0.004 -19"><span class='ocrx_word' id='word_1_648' title='bbox 2002 4105 2297 4159; x_wconf 87' lang='lat' dir='ltr'><strong>immobilis</strong></span> <span class='ocrx_word' id='word_1_649' title='bbox 2348 4116 2565 4166; x_wconf 86' lang='lat' dir='ltr'><strong>natura.</strong></span> <span class='ocrx_word' id='word_1_650' title='bbox 2620 4114 2873 4159; x_wconf 86' lang='lat' dir='ltr'><strong>concreta</strong></span> <span class='ocrx_word' id='word_1_651' title='bbox 2924 4106 3124 4178; x_wconf 81' lang='lat' dir='ltr'><strong>frigore</strong></span> <span class='ocrx_word' id='word_1_652' title='bbox 3168 4109 3492 4165; x_wconf 68' lang='lat' dir='ltr'><strong>idololatriae</strong></span> <span class='ocrx_word' id='word_1_653' title='bbox 3556 4130 3573 4166; x_wconf 90' lang='lat'><strong>:</strong></span> 
     </span>
    </p>
   </div>
   <div class='ocr_carea' id='block_1_88' title="bbox 2002 4196 3581 4266">
    <p class='ocr_par' dir='ltr' id='par_1_88' title="bbox 2002 4196 3581 4266">
     <span class='ocr_line' id='line_1_88' title="bbox 2002 4196 3581 4266; baseline 0.004 -16"><span class='ocrx_word' id='word_1_654' title='bbox 2002 4210 2063 4250; x_wconf 90' lang='lat' dir='ltr'><strong>ea</strong></span> <span class='ocrx_word' id='word_1_655' title='bbox 2100 4196 2167 4250; x_wconf 91' lang='lat' dir='ltr'><strong>de</strong></span> <span class='ocrx_word' id='word_1_656' title='bbox 2188 4211 2356 4249; x_wconf 82' lang='lat' dir='ltr'><strong>causa</strong></span> <span class='ocrx_word' id='word_1_657' title='bbox 2391 4204 2615 4266; x_wconf 87' lang='lat' dir='ltr'><strong>propter</strong></span> <span class='ocrx_word' id='word_1_658' title='bbox 2643 4210 2887 4264; x_wconf 89' lang='lat' dir='ltr'><strong>asperam</strong></span> <span class='ocrx_word' id='word_1_659' title='bbox 2941 4197 3083 4252; x_wconf 92' lang='lat' dir='ltr'><strong>hanc</strong></span> <span class='ocrx_word' id='word_1_660' title='bbox 3131 4199 3363 4253; x_wconf 86' lang='lat' dir='ltr'><strong>hiemem</strong></span> <span class='ocrx_word' id='word_1_661' title='bbox 3402 4202 3581 4255; x_wconf 90' lang='lat' dir='ltr'><strong>oritur</strong></span> 
     </span>
    </p>
   </div>
   <div class='ocr_carea' id='block_1_89' title="bbox 2003 4287 3581 4357">
    <p class='ocr_par' dir='ltr' id='par_1_89' title="bbox 2003 4287 3581 4357">
     <span class='ocr_line' id='line_1_89' title="bbox 2003 4287 3581 4357; baseline 0.004 -15"><span class='ocrx_word' id='word_1_662' title='bbox 2003 4288 2349 4357; x_wconf 83' lang='lat' dir='ltr'><strong>soljustitiae,</strong></span> <span class='ocrx_word' id='word_1_663' title='bbox 2380 4297 2432 4342; x_wconf 91' lang='lat' dir='ltr'><strong>et</strong></span> <span class='ocrx_word' id='word_1_664' title='bbox 2456 4304 2549 4342; x_wconf 87' lang='lat' dir='ltr'><strong>ver</strong></span> <span class='ocrx_word' id='word_1_665' title='bbox 2572 4287 2751 4351; x_wconf 79' lang='lat' dir='ltr'><strong>efﬁcit,</strong></span> <span class='ocrx_word' id='word_1_666' title='bbox 2772 4288 3071 4345; x_wconf 89' lang='lat' dir='ltr'><strong>meridiano</strong></span> <span class='ocrx_word' id='word_1_667' title='bbox 3101 4301 3265 4346; x_wconf 87' lang='lat' dir='ltr'><strong>vento</strong></span> <span class='ocrx_word' id='word_1_668' title='bbox 3289 4293 3430 4347; x_wconf 90' lang='lat' dir='ltr'><strong>hanc</strong></span> <span class='ocrx_word' id='word_1_669' title='bbox 3461 4295 3581 4349; x_wconf 85' lang='lat' dir='ltr'><strong>sol-</strong></span> 
     </span>
    </p>
   </div>
   <div class='ocr_carea' id='block_1_90' title="bbox 2002 4380 3578 4448">
    <p class='ocr_par' dir='ltr' id='par_1_90' title="bbox 2002 4380 3578 4448">
     <span class='ocr_line' id='line_1_90' title="bbox 2002 4380 3578 4448; baseline 0.006 -16"><span class='ocrx_word' id='word_1_670' title='bbox 2002 4388 2162 4435; x_wconf 87' lang='lat' dir='ltr'><strong>vente</strong></span> <span class='ocrx_word' id='word_1_671' title='bbox 2198 4380 2451 4448; x_wconf 81' lang='lat' dir='ltr'><strong>glaciem.</strong></span> <span class='ocrx_word' id='word_1_672' title='bbox 2505 4381 2663 4436; x_wconf 88' lang='lat' dir='ltr'><strong>simul</strong></span> <span class='ocrx_word' id='word_1_673' title='bbox 2694 4396 2817 4433; x_wconf 91' lang='lat' dir='ltr'><strong>cum</strong></span> <span class='ocrx_word' id='word_1_674' title='bbox 2866 4389 2988 4435; x_wconf 90' lang='lat' dir='ltr'><strong>ortu</strong></span> <span class='ocrx_word' id='word_1_675' title='bbox 3035 4383 3314 4437; x_wconf 89' lang='lat' dir='ltr'><strong>radiorum</strong></span> <span class='ocrx_word' id='word_1_676' title='bbox 3359 4385 3578 4441; x_wconf 79' lang='lat' dir='ltr'><strong>foventc</strong></span> 
     </span>
    </p>
   </div>
   <div class='ocr_carea' id='block_1_91' title="bbox 2005 4470 3576 4549">
    <p class='ocr_par' dir='ltr' id='par_1_91' title="bbox 2005 4470 3576 4549">
     <span class='ocr_line' id='line_1_91' title="bbox 2005 4470 3576 4549; baseline 0.006 -25"><span class='ocrx_word' id='word_1_677' title='bbox 2005 4470 2271 4543; x_wconf 89' lang='lat' dir='ltr'><strong>quidquid</strong></span> <span class='ocrx_word' id='word_1_678' title='bbox 2295 4482 2379 4527; x_wconf 86' lang='lat' dir='ltr'><strong>est</strong></span> <span class='ocrx_word' id='word_1_679' title='bbox 2406 4472 2736 4542; x_wconf 82' lang='lat' dir='ltr'><strong>subjectum,</strong></span> <span class='ocrx_word' id='word_1_680' title='bbox 2768 4482 2826 4527; x_wconf 92' lang='lat' dir='ltr'><strong>ut</strong></span> <span class='ocrx_word' id='word_1_681' title='bbox 2868 4474 3062 4543; x_wconf 88' lang='lat' dir='ltr'><strong>spiritu</strong></span> <span class='ocrx_word' id='word_1_682' title='bbox 3093 4477 3461 4535; x_wconf 83' lang='lat' dir='ltr'><strong>excalefactus</strong></span> <span class='ocrx_word' id='word_1_683' title='bbox 3481 4480 3576 4549; x_wconf 87' lang='lat' dir='ltr'><strong>qui</strong></span> 
     </span>
    </p>
   </div>
   <div class='ocr_carea' id='block_1_92' title="bbox 334 4558 1904 4635">
    <p class='ocr_par' dir='ltr' id='par_1_92' title="bbox 334 4558 1901 4635">
     <span class='ocr_line' id='line_1_92' title="bbox 334 4558 1901 4635; baseline -0.006 -15"><span class='ocrx_word' id='word_1_684' title='bbox 334 4568 525 4620; x_wconf 84' lang='grc' dir='ltr'>τούτου</span> <span class='ocrx_word' id='word_1_685' title='bbox 555 4564 715 4635; x_wconf 84' lang='grc' dir='ltr'>χάριν</span> <span class='ocrx_word' id='word_1_686' title='bbox 750 4561 1098 4617; x_wconf 79' lang='grc' dir='ltr'>ὲπανατέλλει</span> <span class='ocrx_word' id='word_1_687' title='bbox 1126 4560 1204 4631; x_wconf 81' lang='grc' dir='ltr'>τῷ</span> <span class='ocrx_word' id='word_1_688' title='bbox 1225 4559 1447 4630; x_wconf 84' lang='grc' dir='ltr'>χαλεπῷ</span> <span class='ocrx_word' id='word_1_689' title='bbox 1471 4558 1644 4629; x_wconf 87' lang='grc' dir='ltr'>τούτῳ</span> <span class='ocrx_word' id='word_1_690' title='bbox 1673 4558 1901 4629; x_wconf 88' lang='grc' dir='ltr'>χειμῶνι</span> 
     </span>
    </p>
   </div>
   <div class='ocr_carea' id='block_1_93' title="bbox 2003 4558 3574 4635">
    <p class='ocr_par' dir='ltr' id='par_1_93' title="bbox 2005 4563 3574 4634">
     <span class='ocr_line' id='line_1_93' title="bbox 2005 4563 3574 4634; baseline 0.004 -17"><span class='ocrx_word' id='word_1_691' title='bbox 2005 4579 2100 4634; x_wconf 88' lang='lat' dir='ltr'><strong>per</strong></span> <span class='ocrx_word' id='word_1_692' title='bbox 2147 4563 2267 4633; x_wconf 83' lang='lat' dir='ltr'><strong>gelu</strong></span> <span class='ocrx_word' id='word_1_693' title='bbox 2334 4565 2497 4618; x_wconf 89' lang='lat' dir='ltr'><strong>homo</strong></span> <span class='ocrx_word' id='word_1_694' title='bbox 2526 4563 2828 4632; x_wconf 89' lang='lat' dir='ltr'><strong>lapiduerat</strong></span> <span class='ocrx_word' id='word_1_695' title='bbox 2854 4602 2868 4626; x_wconf 95' lang='lat'><strong>,</strong></span> <span class='ocrx_word' id='word_1_696' title='bbox 2905 4574 2958 4619; x_wconf 87' lang='lat' dir='ltr'><strong>et</strong></span> <span class='ocrx_word' id='word_1_697' title='bbox 2997 4564 3141 4621; x_wconf 84' lang='lat' dir='ltr'><strong>fotus</strong></span> <span class='ocrx_word' id='word_1_698' title='bbox 3176 4569 3330 4621; x_wconf 85' lang='lat' dir='ltr'><strong>radio</strong></span> <span class='ocrx_word' id='word_1_699' title='bbox 3366 4567 3574 4633; x_wconf 81' lang='lat' dir='ltr'><strong>Verbi,</strong></span> 
     </span>
    </p>
   </div>
   <div class='ocr_carea' id='block_1_94' title="bbox 334 4647 1899 4725">
    <p class='ocr_par' dir='ltr' id='par_1_94' title="bbox 334 4647 1899 4725">
     <span class='ocr_line' id='line_1_94' title="bbox 334 4647 1899 4725; baseline -0.007 -15"><span class='ocrx_word' id='word_1_700' title='bbox 334 4660 362 4710; x_wconf 88' lang='lat'><strong>6</strong></span> <span class='ocrx_word' id='word_1_701' title='bbox 401 4655 501 4725; x_wconf 77' lang='grc' dir='ltr'>τῆς</span> <span class='ocrx_word' id='word_1_702' title='bbox 531 4651 873 4721; x_wconf 83' lang='grc' dir='ltr'>δικαιοσύνης</span> <span class='ocrx_word' id='word_1_703' title='bbox 901 4650 1069 4722; x_wconf 70' lang='grc' dir='ltr'>ἥλιος,</span> <span class='ocrx_word' id='word_1_704' title='bbox 1099 4650 1193 4702; x_wconf 75' lang='grc' dir='ltr'>καὶ</span> <span class='ocrx_word' id='word_1_705' title='bbox 1216 4650 1316 4719; x_wconf 77' lang='grc' dir='ltr'>ἔαρ</span> <span class='ocrx_word' id='word_1_706' title='bbox 1343 4652 1515 4712; x_wconf 77' lang='grc' dir='ltr'>ποιεῖ,</span> <span class='ocrx_word' id='word_1_707' title='bbox 1547 4647 1642 4701; x_wconf 78' lang='grc' dir='ltr'><strong>τοῦ</strong></span> <span class='ocrx_word' id='word_1_708' title='bbox 1685 4665 1899 4719; x_wconf 83' lang='grc' dir='ltr'>μεσημ-</span> 
     </span>
    </p>
   </div>
   <div class='ocr_carea' id='block_1_95' title="bbox 336 4738 1899 4820">
    <p class='ocr_par' dir='ltr' id='par_1_95' title="bbox 336 4738 1899 4820">
     <span class='ocr_line' id='line_1_95' title="bbox 336 4738 1899 4820; baseline -0.004 -21"><span class='ocrx_word' id='word_1_709' title='bbox 336 4747 520 4820; x_wconf 75' lang='grc' dir='ltr'>ϐρινοῦ</span> <span class='ocrx_word' id='word_1_710' title='bbox 542 4744 872 4815; x_wconf 86' lang='grc' dir='ltr'>πνεύματος,</span> <span class='ocrx_word' id='word_1_711' title='bbox 895 4742 989 4796; x_wconf 81' lang='grc' dir='ltr'><strong>τοῦ</strong></span> <span class='ocrx_word' id='word_1_712' title='bbox 1006 4742 1104 4813; x_wconf 79' lang='grc' dir='ltr'><strong>τὴν</strong></span> <span class='ocrx_word' id='word_1_713' title='bbox 1126 4742 1377 4811; x_wconf 87' lang='grc' dir='ltr'>τοιαύτην</span> <span class='ocrx_word' id='word_1_714' title='bbox 1391 4740 1695 4804; x_wconf 87' lang='grc' dir='ltr'>διαλύοντος</span> <span class='ocrx_word' id='word_1_715' title='bbox 1718 4738 1899 4811; x_wconf 83' lang='grc' dir='ltr'>πῆξιν,</span> 
     </span>
    </p>
   </div>
   <div class='ocr_carea' id='block_1_96' title="bbox 337 4832 1903 4910">
    <p class='ocr_par' dir='ltr' id='par_1_96' title="bbox 337 4832 1903 4910">
     <span class='ocr_line' id='line_1_96' title="bbox 337 4832 1903 4910; baseline -0.005 -17"><span class='ocrx_word' id='word_1_716' title='bbox 337 4841 451 4910; x_wconf 76' lang='grc' dir='ltr'><strong>ἅμα</strong></span> <span class='ocrx_word' id='word_1_717' title='bbox 480 4841 546 4910; x_wconf 82' lang='grc' dir='ltr'>τῇ</span> <span class='ocrx_word' id='word_1_718' title='bbox 578 4836 806 4906; x_wconf 82' lang='grc' dir='ltr'>ἀνατολῇ</span> <span class='ocrx_word' id='word_1_719' title='bbox 840 4834 948 4888; x_wconf 85' lang='grc' dir='ltr'>τῶν</span> <span class='ocrx_word' id='word_1_720' title='bbox 984 4834 1216 4887; x_wconf 86' lang='grc' dir='ltr'>ἀκτίνων</span> <span class='ocrx_word' id='word_1_721' title='bbox 1247 4832 1633 4896; x_wconf 79' lang='grc' dir='ltr'>ὲπιθάλποντος</span> <span class='ocrx_word' id='word_1_722' title='bbox 1662 4834 1807 4886; x_wconf 84' lang='grc' dir='ltr'>ᾶπαν</span> <span class='ocrx_word' id='word_1_723' title='bbox 1841 4833 1903 4885; x_wconf 85' lang='grc' dir='ltr'>τὸ</span> 
     </span>
    </p>
   </div>
   <div class='ocr_carea' id='block_1_97' title="bbox 339 4921 1906 4999">
    <p class='ocr_par' dir='ltr' id='par_1_97' title="bbox 339 4921 1906 4999">
     <span class='ocr_line' id='line_1_97' title="bbox 339 4921 1906 4999; baseline -0.004 -15"><span class='ocrx_word' id='word_1_724' title='bbox 339 4930 728 4999; x_wconf 57' lang='grc' dir='ltr'>ὑποκείμενον</span> <span class='ocrx_word' id='word_1_725' title='bbox 766 4928 850 4980; x_wconf 83' lang='grc' dir='ltr'>ἵνα</span> <span class='ocrx_word' id='word_1_726' title='bbox 882 4923 1291 4996; x_wconf 72' lang='grc' dir='ltr'>διαθερμανθεὶς</span> <span class='ocrx_word' id='word_1_727' title='bbox 1330 4921 1406 4992; x_wconf 82' lang='grc' dir='ltr'>τῷ</span> <span class='ocrx_word' id='word_1_728' title='bbox 1441 4923 1710 4995; x_wconf 85' lang='grc' dir='ltr'>πνεύματι</span> <span class='ocrx_word' id='word_1_729' title='bbox 1747 4924 1776 4976; x_wconf 88' lang='lat'><strong>6</strong></span> <span class='ocrx_word' id='word_1_730' title='bbox 1818 4922 1906 4977; x_wconf 81' lang='grc' dir='ltr'>διὰ</span> 
     </span>
    </p>
   </div>
   <div class='ocr_carea' id='block_1_98' title="bbox 337 5015 1906 5090">
    <p class='ocr_par' dir='ltr' id='par_1_98' title="bbox 337 5015 1906 5090">
     <span class='ocr_line' id='line_1_98' title="bbox 337 5015 1906 5090; baseline -0.003 -16"><span class='ocrx_word' id='word_1_731' title='bbox 337 5020 430 5074; x_wconf 82' lang='grc' dir='ltr'>τοῦ</span> <span class='ocrx_word' id='word_1_732' title='bbox 464 5019 662 5090; x_wconf 87' lang='grc' dir='ltr'>κρύους</span> <span class='ocrx_word' id='word_1_733' title='bbox 695 5016 1048 5079; x_wconf 74' lang='grc' dir='ltr'>ἀπολιθωθεὶς</span> <span class='ocrx_word' id='word_1_734' title='bbox 1078 5015 1358 5088; x_wconf 80' lang='grc' dir='ltr'>ἄνθρωπος</span> <span class='ocrx_word' id='word_1_735' title='bbox 1376 5056 1392 5080; x_wconf 93' lang='grc'>,</span> <span class='ocrx_word' id='word_1_736' title='bbox 1424 5016 1515 5070; x_wconf 69' lang='grc' dir='ltr'>καὶ</span> <span class='ocrx_word' id='word_1_737' title='bbox 1543 5015 1906 5086; x_wconf 79' lang='grc' dir='ltr'>ὑποθαλφθεὶς</span> 
     </span>
    </p>
   </div>
   <div class='ocr_carea' id='block_1_99' title="bbox 339 5107 1905 5182">
    <p class='ocr_par' dir='ltr' id='par_1_99' title="bbox 339 5107 1905 5182">
     <span class='ocr_line' id='line_1_99' title="bbox 339 5107 1905 5182; baseline -0.002 -19"><span class='ocrx_word' id='word_1_738' title='bbox 339 5113 405 5182; x_wconf 82' lang='grc' dir='ltr'>τῆ</span> <span class='ocrx_word' id='word_1_739' title='bbox 434 5112 609 5165; x_wconf 85' lang='grc' dir='ltr'>ἀκτῖνι</span> <span class='ocrx_word' id='word_1_740' title='bbox 633 5110 728 5163; x_wconf 83' lang='grc' dir='ltr'><strong>τοῦ</strong></span> <span class='ocrx_word' id='word_1_741' title='bbox 762 5109 937 5178; x_wconf 85' lang='grc' dir='ltr'>Λόγου</span> <span class='ocrx_word' id='word_1_742' title='bbox 963 5149 976 5171; x_wconf 86' lang='grc'><strong>,</strong></span> <span class='ocrx_word' id='word_1_743' title='bbox 1006 5107 1167 5161; x_wconf 85' lang='grc' dir='ltr'>πάλιν</span> <span class='ocrx_word' id='word_1_744' title='bbox 1195 5108 1419 5179; x_wconf 85' lang='grc' dir='ltr'>γένηται</span> <span class='ocrx_word' id='word_1_745' title='bbox 1440 5109 1582 5179; x_wconf 75' lang='grc' dir='ltr'>ὕδωρ</span> <span class='ocrx_word' id='word_1_746' title='bbox 1614 5109 1905 5179; x_wconf 87' lang='grc' dir='ltr'>ἀλλόμενον</span> 
     </span>
    </p>
   </div>
   <div class='ocr_carea' id='block_1_100' title="bbox 342 5199 1908 5272">
    <p class='ocr_par' dir='ltr' id='par_1_100' title="bbox 342 5199 1908 5272">
     <span class='ocr_line' id='line_1_100' title="bbox 342 5199 1908 5272; baseline -0.002 -17"><span class='ocrx_word' id='word_1_747' title='bbox 342 5205 422 5265; x_wconf 85' lang='grc' dir='ltr'>εἰς</span> <span class='ocrx_word' id='word_1_748' title='bbox 452 5202 595 5272; x_wconf 83' lang='grc' dir='ltr'>ζωὴν</span> <span class='ocrx_word' id='word_1_749' title='bbox 627 5201 860 5257; x_wconf 80' lang='grc' dir='ltr'>αἰώνιον.</span> <span class='ocrx_word' id='word_1_750' title='bbox 902 5202 1158 5256; x_wconf 81' lang='grc' dir='ltr'>Πνεύσει</span> <span class='ocrx_word' id='word_1_751' title='bbox 1194 5201 1302 5272; x_wconf 78' lang='grc' dir='ltr'>γὰρ</span> <span class='ocrx_word' id='word_1_752' title='bbox 1324 5241 1338 5263; x_wconf 96' lang='grc'>,</span> <span class='ocrx_word' id='word_1_753' title='bbox 1371 5202 1537 5271; x_wconf 74' lang='grc' dir='ltr'>φησὶ,</span> <span class='ocrx_word' id='word_1_754' title='bbox 1565 5202 1631 5255; x_wconf 89' lang='grc' dir='ltr'>τὸ</span> <span class='ocrx_word' id='word_1_755' title='bbox 1672 5199 1908 5269; x_wconf 78' lang='grc' dir='ltr'>πνεῦμα</span> 
     </span>
    </p>
   </div>
   <div class='ocr_carea' id='block_1_101' title="bbox 342 5291 1909 5363">
    <p class='ocr_par' dir='ltr' id='par_1_101' title="bbox 342 5291 1909 5363">
     <span class='ocr_line' id='line_1_101' title="bbox 342 5291 1909 5363; baseline -0.001 -16"><span class='ocrx_word' id='word_1_756' title='bbox 342 5293 548 5357; x_wconf 82' lang='grc' dir='ltr'>αὑτοῦ,</span> <span class='ocrx_word' id='word_1_757' title='bbox 579 5294 672 5346; x_wconf 77' lang='grc' dir='ltr'>καὶ</span> <span class='ocrx_word' id='word_1_758' title='bbox 693 5294 985 5361; x_wconf 79' lang='grc' dir='ltr'>ρυήσεται</span> <span class='ocrx_word' id='word_1_759' title='bbox 1007 5292 1195 5347; x_wconf 83' lang='grc' dir='ltr'>ὕδατα</span> <span class='ocrx_word' id='word_1_760' title='bbox 1231 5294 1641 5363; x_wconf 70' lang='grc' dir='ltr'>στρεφομένης</span> <span class='ocrx_word' id='word_1_761' title='bbox 1674 5292 1785 5362; x_wconf 84' lang='grc' dir='ltr'><strong>τῆς</strong></span> <span class='ocrx_word' id='word_1_762' title='bbox 1807 5291 1909 5345; x_wconf 88' lang='grc' dir='ltr'><strong>πέ-</strong></span> 
     </span>
    </p>
   </div>
   <div class='ocr_carea' id='block_1_102' title="bbox 343 5384 1911 5455">
    <p class='ocr_par' dir='ltr' id='par_1_102' title="bbox 343 5384 1911 5455">
     <span class='ocr_line' id='line_1_102' title="bbox 343 5384 1911 5455; baseline 0 -18"><span class='ocrx_word' id='word_1_763' title='bbox 343 5400 486 5452; x_wconf 82' lang='grc' dir='ltr'>τρας</span> <span class='ocrx_word' id='word_1_764' title='bbox 515 5386 600 5449; x_wconf 79' lang='grc' dir='ltr'><strong>εὶς</strong></span> <span class='ocrx_word' id='word_1_765' title='bbox 636 5385 854 5453; x_wconf 71' lang='grc' dir='ltr'>λίμνας</span> <span class='ocrx_word' id='word_1_766' title='bbox 881 5385 1141 5451; x_wconf 75' lang='grc' dir='ltr'>ὑδάτων,</span> <span class='ocrx_word' id='word_1_767' title='bbox 1177 5386 1277 5440; x_wconf 80' lang='grc' dir='ltr'>καὶ</span> <span class='ocrx_word' id='word_1_768' title='bbox 1302 5384 1412 5453; x_wconf 85' lang='grc' dir='ltr'><strong>τῆς</strong></span> <span class='ocrx_word' id='word_1_769' title='bbox 1454 5386 1786 5455; x_wconf 79' lang='grc' dir='ltr'>ἁκροτόμου</span> <span class='ocrx_word' id='word_1_770' title='bbox 1823 5386 1911 5450; x_wconf 84' lang='grc' dir='ltr'><strong>εὶς</strong></span> 
     </span>
    </p>
   </div>
   <div class='ocr_carea' id='block_1_103' title="bbox 342 5473 1910 5550">
    <p class='ocr_par' dir='ltr' id='par_1_103' title="bbox 342 5473 1910 5550">
     <span class='ocr_line' id='line_1_103' title="bbox 342 5473 1910 5550; baseline -0.001 -21"><span class='ocrx_word' id='word_1_771' title='bbox 342 5477 541 5543; x_wconf 76' lang='grc' dir='ltr'><em>πηγὰς</em></span> <span class='ocrx_word' id='word_1_772' title='bbox 566 5473 819 5530; x_wconf 73' lang='grc' dir='ltr'>ὑδάτων.</span> <span class='ocrx_word' id='word_1_773' title='bbox 855 5477 1027 5549; x_wconf 88' lang='grc' dir='ltr'>Ὅπερ</span> <span class='ocrx_word' id='word_1_774' title='bbox 1070 5478 1399 5549; x_wconf 86' lang='grc' dir='ltr'>γυμνότερον</span> <span class='ocrx_word' id='word_1_775' title='bbox 1443 5478 1580 5550; x_wconf 77' lang='grc' dir='ltr'>πρὸς</span> <span class='ocrx_word' id='word_1_776' title='bbox 1614 5478 1740 5541; x_wconf 76' lang='grc' dir='ltr'>τοὺς</span> <span class='ocrx_word' id='word_1_777' title='bbox 1781 5477 1910 5529; x_wconf 82' lang='grc' dir='ltr'><strong>Ἰου-</strong></span> 
     </span>
    </p>
   </div>
   <div class='ocr_carea' id='block_1_104' title="bbox 341 5565 1911 5641">
    <p class='ocr_par' dir='ltr' id='par_1_104' title="bbox 341 5565 1911 5641">
     <span class='ocr_line' id='line_1_104' title="bbox 341 5565 1911 5641; baseline -0.001 -19"><span class='ocrx_word' id='word_1_778' title='bbox 341 5566 525 5628; x_wconf 66' lang='lat' dir='ltr'><strong>Galea;</strong></span> <span class='ocrx_word' id='word_1_779' title='bbox 565 5567 595 5619; x_wconf 93' lang='lat'><strong>6</strong></span> <span class='ocrx_word' id='word_1_780' title='bbox 638 5565 943 5631; x_wconf 66' lang='lat' dir='ltr'><strong>Bamzeth;</strong></span> <span class='ocrx_word' id='word_1_781' title='bbox 990 5568 1280 5641; x_wconf 81' lang='grc' dir='ltr'>ἀνεϐόησε,</span> <span class='ocrx_word' id='word_1_782' title='bbox 1337 5570 1511 5640; x_wconf 83' lang='grc' dir='ltr'>λέγων</span> <span class='ocrx_word' id='word_1_783' title='bbox 1556 5571 1682 5634; x_wconf 81' lang='grc' dir='ltr'>τοὺς</span> <span class='ocrx_word' id='word_1_784' title='bbox 1731 5568 1911 5632; x_wconf 87' lang='grc' dir='ltr'>λίθους</span> 
     </span>
    </p>
   </div>
   <div class='ocr_carea' id='block_1_105' title="bbox 414 5764 1011 5831">
    <p class='ocr_par' dir='ltr' id='par_1_105' title="bbox 414 5764 1011 5831">
     <span class='ocr_line' id='line_1_105' title="bbox 414 5764 1011 5831; baseline 0.005 -14"><span class='ocrx_word' id='word_1_785' title='bbox 414 5764 462 5797; x_wconf 82' lang='grc'><strong>⁸⁸</strong></span> <span class='ocrx_word' id='word_1_786' title='bbox 503 5764 648 5819; x_wconf 90' lang='lat' dir='ltr'><strong>Psal.</strong></span> <span class='ocrx_word' id='word_1_787' title='bbox 684 5781 877 5831; x_wconf 76' lang='lat' dir='ltr'><strong>Lxxm,</strong></span> <span class='ocrx_word' id='word_1_788' title='bbox 930 5768 1011 5820; x_wconf 84' lang='lat' dir='ltr'><strong>l7.</strong></span> 
     </span>
    </p>
   </div>
   <div class='ocr_carea' id='block_1_106' title="bbox 1116 5769 1650 5838">
    <p class='ocr_par' dir='ltr' id='par_1_106' title="bbox 1116 5769 1650 5838">
     <span class='ocr_line' id='line_1_106' title="bbox 1116 5769 1650 5838; baseline 0.006 -15"><span class='ocrx_word' id='word_1_789' title='bbox 1116 5770 1162 5803; x_wconf 74' lang='grc'><strong>⁸⁸</strong></span> <span class='ocrx_word' id='word_1_790' title='bbox 1200 5769 1344 5827; x_wconf 83' lang='lat' dir='ltr'><strong>Psal.</strong></span> <span class='ocrx_word' id='word_1_791' title='bbox 1382 5786 1543 5838; x_wconf 80' lang='lat' dir='ltr'><strong>cxm,</strong></span> <span class='ocrx_word' id='word_1_792' title='bbox 1597 5770 1650 5826; x_wconf 91' lang='lat'><strong>8.</strong></span> 
     </span>
    </p>
   </div>
   <div class='ocr_carea' id='block_1_107' title="bbox 347 5835 843 5904">
    <p class='ocr_par' dir='ltr' id='par_1_107' title="bbox 347 5835 843 5904">
     <span class='ocr_line' id='line_1_107' title="bbox 347 5835 843 5904; baseline 0 -12"><span class='ocrx_word' id='word_1_793' title='bbox 347 5836 396 5869; x_wconf 78' lang='lat'><strong>&#39;-‘</strong></span> <span class='ocrx_word' id='word_1_794' title='bbox 431 5835 627 5894; x_wconf 80' lang='lat' dir='ltr'><strong>Matth.</strong></span> <span class='ocrx_word' id='word_1_795' title='bbox 670 5850 753 5904; x_wconf 88' lang='grc' dir='ltr'>ιιι,</span> <span class='ocrx_word' id='word_1_796' title='bbox 789 5836 843 5892; x_wconf 90' lang='lat'><strong>9.</strong></span> 
     </span>
    </p>
   </div>
   <div class='ocr_carea' id='block_1_108' title="bbox 1753 5769 2245 5839">
    <p class='ocr_par' dir='ltr' id='par_1_108' title="bbox 1753 5769 2245 5839">
     <span class='ocr_line' id='line_1_108' title="bbox 1753 5769 2245 5839; baseline 0.004 -13"><span class='ocrx_word' id='word_1_797' title='bbox 1753 5771 1798 5803; x_wconf 82' lang='grc'><strong>⁸⁸</strong></span> <span class='ocrx_word' id='word_1_798' title='bbox 1836 5769 1993 5826; x_wconf 77' lang='lat' dir='ltr'><strong>Joan.</strong></span> <span class='ocrx_word' id='word_1_799' title='bbox 2042 5787 2116 5839; x_wconf 83' lang='lat' dir='ltr'><strong>tv,</strong></span> <span class='ocrx_word' id='word_1_800' title='bbox 2160 5774 2245 5828; x_wconf 73' lang='grc' dir='ltr'>Η.</span> 
     </span>
    </p>
   </div>
   <div class='ocr_carea' id='block_1_109' title="bbox 2006 4656 3579 4727">
    <p class='ocr_par' dir='ltr' id='par_1_109' title="bbox 2006 4656 3579 4727">
     <span class='ocr_line' id='line_1_109' title="bbox 2006 4656 3579 4727; baseline 0.004 -16"><span class='ocrx_word' id='word_1_801' title='bbox 2006 4672 2199 4712; x_wconf 88' lang='lat' dir='ltr'><strong>rursus</strong></span> <span class='ocrx_word' id='word_1_802' title='bbox 2231 4656 2323 4710; x_wconf 85' lang='lat' dir='ltr'><strong>ﬁat</strong></span> <span class='ocrx_word' id='word_1_803' title='bbox 2350 4673 2490 4727; x_wconf 72' lang='lat' dir='ltr'><strong>aqua</strong></span> <span class='ocrx_word' id='word_1_804' title='bbox 2517 4657 2719 4711; x_wconf 87' lang='lat' dir='ltr'><strong>saliens</strong></span> <span class='ocrx_word' id='word_1_805' title='bbox 2754 4657 2807 4710; x_wconf 93' lang='lat' dir='ltr'><strong>in</strong></span> <span class='ocrx_word' id='word_1_806' title='bbox 2829 4657 2992 4710; x_wconf 86' lang='lat' dir='ltr'><strong>vitam</strong></span> <span class='ocrx_word' id='word_1_807' title='bbox 3014 4670 3271 4714; x_wconf 85' lang='lat' dir='ltr'><strong>aeternam</strong></span> <span class='ocrx_word' id='word_1_808' title='bbox 3290 4661 3356 4717; x_wconf 82' lang='grc'><strong>⁸⁵.</strong></span> <span class='ocrx_word' id='word_1_809' title='bbox 3397 4661 3579 4717; x_wconf 81' lang='lat' dir='ltr'><strong>Flabit</strong></span> 
     </span>
    </p>
   </div>
   <div class='ocr_carea' id='block_1_110' title="bbox 1999 4745 3576 4817">
    <p class='ocr_par' dir='ltr' id='par_1_110' title="bbox 1999 4745 3576 4817">
     <span class='ocr_line' id='line_1_110' title="bbox 1999 4745 3576 4817; baseline 0.001 -15"><span class='ocrx_word' id='word_1_810' title='bbox 1999 4748 2145 4802; x_wconf 81' lang='lat' dir='ltr'><strong>enim</strong></span> <span class='ocrx_word' id='word_1_811' title='bbox 2179 4747 2395 4815; x_wconf 75' lang='lat' dir='ltr'><strong>spiritus</strong></span> <span class='ocrx_word' id='word_1_812' title='bbox 2436 4745 2570 4814; x_wconf 87' lang='lat' dir='ltr'><strong>ejus,</strong></span> <span class='ocrx_word' id='word_1_813' title='bbox 2618 4746 2815 4815; x_wconf 90' lang='lat' dir='ltr'><strong>inquit,</strong></span> <span class='ocrx_word' id='word_1_814' title='bbox 2854 4754 2904 4799; x_wconf 87' lang='lat' dir='ltr'><strong>et</strong></span> <span class='ocrx_word' id='word_1_815' title='bbox 2951 4746 3114 4814; x_wconf 80' lang='lat' dir='ltr'><strong>ﬂuent</strong></span> <span class='ocrx_word' id='word_1_816' title='bbox 3156 4764 3307 4817; x_wconf 67' lang='lat' dir='ltr'><strong>aqua?</strong></span> <span class='ocrx_word' id='word_1_817' title='bbox 3346 4749 3414 4814; x_wconf 78' lang='lat'><strong>“,</strong></span> <span class='ocrx_word' id='word_1_818' title='bbox 3451 4749 3576 4803; x_wconf 79' lang='lat' dir='ltr'><strong>cmi-</strong></span> 
     </span>
    </p>
   </div>
   <div class='ocr_carea' id='block_1_111' title="bbox 1999 4836 3567 4916">
    <p class='ocr_par' dir='ltr' id='par_1_111' title="bbox 1999 4836 3567 4916">
     <span class='ocr_line' id='line_1_111' title="bbox 1999 4836 3567 4916; baseline 0.004 -26"><span class='ocrx_word' id='word_1_819' title='bbox 1999 4854 2149 4891; x_wconf 72' lang='lat' dir='ltr'><strong>rersa</strong></span> <span class='ocrx_word' id='word_1_820' title='bbox 2193 4848 2341 4905; x_wconf 86' lang='lat' dir='ltr'><strong>petra</strong></span> <span class='ocrx_word' id='word_1_821' title='bbox 2390 4836 2443 4889; x_wconf 82' lang='lat' dir='ltr'><strong>in</strong></span> <span class='ocrx_word' id='word_1_822' title='bbox 2487 4836 2633 4916; x_wconf 60' lang='lat' dir='ltr'><strong>{acus</strong></span> <span class='ocrx_word' id='word_1_823' title='bbox 2684 4854 2966 4907; x_wconf 84' lang='lat' dir='ltr'><strong>aquarum,</strong></span> <span class='ocrx_word' id='word_1_824' title='bbox 3017 4849 3066 4893; x_wconf 88' lang='lat' dir='ltr'><strong>et</strong></span> <span class='ocrx_word' id='word_1_825' title='bbox 3110 4857 3234 4906; x_wconf 85' lang='lat' dir='ltr'><strong>rupe</strong></span> <span class='ocrx_word' id='word_1_826' title='bbox 3286 4844 3340 4895; x_wconf 85' lang='lat' dir='ltr'><strong>in</strong></span> <span class='ocrx_word' id='word_1_827' title='bbox 3397 4844 3567 4913; x_wconf 70' lang='lat' dir='ltr'><strong>fon&#39;es</strong></span> 
     </span>
    </p>
   </div>
   <div class='ocr_carea' id='block_1_112' title="bbox 2003 4926 3573 5006">
    <p class='ocr_par' dir='ltr' id='par_1_112' title="bbox 2003 4926 3573 5006">
     <span class='ocr_line' id='line_1_112' title="bbox 2003 4926 3573 5006; baseline 0.006 -25"><span class='ocrx_word' id='word_1_828' title='bbox 2003 4944 2262 4998; x_wconf 87' lang='lat' dir='ltr'><strong>aquarum</strong></span> <span class='ocrx_word' id='word_1_829' title='bbox 2295 4926 2552 4992; x_wconf 60' lang='lat' dir='ltr'><strong>&quot;nQuod</strong></span> <span class='ocrx_word' id='word_1_830' title='bbox 2582 4928 2801 4997; x_wconf 88' lang='lat' dir='ltr'><strong>quidem</strong></span> <span class='ocrx_word' id='word_1_831' title='bbox 2831 4932 3074 5000; x_wconf 86' lang='lat' dir='ltr'><strong>apertius</strong></span> <span class='ocrx_word' id='word_1_832' title='bbox 3102 4931 3305 4989; x_wconf 59' lang='lat' dir='ltr'><strong>ludatis</strong></span> <span class='ocrx_word' id='word_1_833' title='bbox 3330 4937 3573 5006; x_wconf 54' lang='lat' dir='ltr'><strong>Baptista</strong></span> 
     </span>
    </p>
   </div>
   <div class='ocr_carea' id='block_1_113' title="bbox 2014 5021 3580 5091">
    <p class='ocr_par' dir='ltr' id='par_1_113' title="bbox 2014 5021 3580 5091">
     <span class='ocr_line' id='line_1_113' title="bbox 2014 5021 3580 5091; baseline 0.004 -15"><span class='ocrx_word' id='word_1_834' title='bbox 2014 5022 2285 5086; x_wconf 88' lang='lat' dir='ltr'><strong>clamavit,</strong></span> <span class='ocrx_word' id='word_1_835' title='bbox 2307 5021 2514 5083; x_wconf 87' lang='lat' dir='ltr'><strong>dicens,</strong></span> <span class='ocrx_word' id='word_1_836' title='bbox 2543 5022 2748 5091; x_wconf 85' lang='lat' dir='ltr'><strong>lapides</strong></span> <span class='ocrx_word' id='word_1_837' title='bbox 2765 5038 2884 5078; x_wconf 84' lang='lat' dir='ltr'><strong>esse</strong></span> <span class='ocrx_word' id='word_1_838' title='bbox 2904 5027 3277 5087; x_wconf 80' lang='lat' dir='ltr'><strong>suscitandas.</strong></span> <span class='ocrx_word' id='word_1_839' title='bbox 3303 5035 3360 5082; x_wconf 92' lang='lat' dir='ltr'><strong>ut</strong></span> <span class='ocrx_word' id='word_1_840' title='bbox 3390 5028 3580 5082; x_wconf 76' lang='lat' dir='ltr'><strong>ﬁerent</strong></span> 
     </span>
    </p>
   </div>
   <div class='ocr_carea' id='block_1_114' title="bbox 2015 5113 3581 5186">
    <p class='ocr_par' dir='ltr' id='par_1_114' title="bbox 2015 5113 3581 5186">
     <span class='ocr_line' id='line_1_114' title="bbox 2015 5113 3581 5186; baseline 0.003 -18"><span class='ocrx_word' id='word_1_841' title='bbox 2015 5115 2108 5169; x_wconf 84' lang='lat' dir='ltr'><strong>lilii</strong></span> <span class='ocrx_word' id='word_1_842' title='bbox 2165 5114 2485 5184; x_wconf 67' lang='lat' dir='ltr'><strong>patriarchae</strong></span> <span class='ocrx_word' id='word_1_843' title='bbox 2520 5113 2748 5167; x_wconf 64' lang='lat' dir='ltr'><strong>Abrahae</strong></span> <span class='ocrx_word' id='word_1_844' title='bbox 2784 5114 2829 5145; x_wconf 80' lang='grc'><strong>⁸⁸</strong></span> <span class='ocrx_word' id='word_1_845' title='bbox 2860 5115 2908 5169; x_wconf 90' lang='lat' dir='ltr'><strong>ei</strong></span> <span class='ocrx_word' id='word_1_846' title='bbox 2947 5117 3232 5171; x_wconf 88' lang='lat' dir='ltr'><strong>assimilati</strong></span> <span class='ocrx_word' id='word_1_847' title='bbox 3277 5134 3372 5186; x_wconf 87' lang='lat' dir='ltr'><strong>per</strong></span> <span class='ocrx_word' id='word_1_848' title='bbox 3402 5119 3581 5172; x_wconf 68' lang='lat' dir='ltr'><strong>virtu~</strong></span> 
     </span>
    </p>
   </div>
   <div class='ocr_carea' id='block_1_115' title="bbox 2012 5204 3581 5279">
    <p class='ocr_par' dir='ltr' id='par_1_115' title="bbox 2012 5204 3581 5279">
     <span class='ocr_line' id='line_1_115' title="bbox 2012 5204 3581 5279; baseline 0.001 -19"><span class='ocrx_word' id='word_1_849' title='bbox 2012 5216 2143 5263; x_wconf 88' lang='lat' dir='ltr'><strong>tem.</strong></span> <span class='ocrx_word' id='word_1_850' title='bbox 2189 5205 2313 5260; x_wconf 68' lang='lat' dir='ltr'><strong>Haec</strong></span> <span class='ocrx_word' id='word_1_851' title='bbox 2360 5222 2490 5276; x_wconf 83' lang='lat' dir='ltr'><strong>ergo</strong></span> <span class='ocrx_word' id='word_1_852' title='bbox 2531 5222 2560 5259; x_wconf 92' lang='lat' dir='ltr'><strong>a</strong></span> <span class='ocrx_word' id='word_1_853' title='bbox 2590 5204 2770 5261; x_wconf 84' lang='lat' dir='ltr'><strong>Verbo</strong></span> <span class='ocrx_word' id='word_1_854' title='bbox 2796 5207 2945 5261; x_wconf 88' lang='lat' dir='ltr'><strong>audit</strong></span> <span class='ocrx_word' id='word_1_855' title='bbox 2979 5208 3220 5262; x_wconf 85' lang='lat' dir='ltr'><strong>Ecclesia</strong></span> <span class='ocrx_word' id='word_1_856' title='bbox 3244 5251 3257 5274; x_wconf 94' lang='lat'><strong>,</strong></span> <span class='ocrx_word' id='word_1_857' title='bbox 3304 5225 3400 5279; x_wconf 85' lang='lat' dir='ltr'><strong>per</strong></span> <span class='ocrx_word' id='word_1_858' title='bbox 3433 5209 3581 5264; x_wconf 80' lang='lat' dir='ltr'><strong>lene-</strong></span> 
     </span>
    </p>
   </div>
   <div class='ocr_carea' id='block_1_116' title="bbox 2015 5296 3583 5369">
    <p class='ocr_par' dir='ltr' id='par_1_116' title="bbox 2015 5296 3583 5369">
     <span class='ocr_line' id='line_1_116' title="bbox 2015 5296 3583 5369; baseline 0.003 -18"><span class='ocrx_word' id='word_1_859' title='bbox 2015 5304 2158 5352; x_wconf 82' lang='lat' dir='ltr'><strong>stras</strong></span> <span class='ocrx_word' id='word_1_860' title='bbox 2216 5296 2561 5366; x_wconf 73' lang='lat' dir='ltr'><strong>propheticus</strong></span> <span class='ocrx_word' id='word_1_861' title='bbox 2604 5305 2660 5351; x_wconf 79' lang='lat' dir='ltr'><strong>et</strong></span> <span class='ocrx_word' id='word_1_862' title='bbox 2715 5298 2915 5369; x_wconf 78' lang='lat' dir='ltr'><strong>legales</strong></span> <span class='ocrx_word' id='word_1_863' title='bbox 2976 5301 3248 5354; x_wconf 82' lang='lat' dir='ltr'><strong>cancellos</strong></span> <span class='ocrx_word' id='word_1_864' title='bbox 3305 5302 3583 5369; x_wconf 88' lang='lat' dir='ltr'><strong>accipiens</strong></span> 
     </span>
    </p>
   </div>
   <div class='ocr_carea' id='block_1_117' title="bbox 2017 5388 3583 5459">
    <p class='ocr_par' dir='ltr' id='par_1_117' title="bbox 2017 5388 3583 5459">
     <span class='ocr_line' id='line_1_117' title="bbox 2017 5388 3583 5459; baseline 0 -15"><span class='ocrx_word' id='word_1_865' title='bbox 2017 5388 2358 5459; x_wconf 89' lang='lat' dir='ltr'><strong>splendorem</strong></span> <span class='ocrx_word' id='word_1_866' title='bbox 2418 5389 2667 5444; x_wconf 86' lang='lat' dir='ltr'><strong>veritatis</strong></span> <span class='ocrx_word' id='word_1_867' title='bbox 2708 5408 2721 5444; x_wconf 87' lang='lat'><strong>:</strong></span> <span class='ocrx_word' id='word_1_868' title='bbox 2770 5405 2892 5444; x_wconf 87' lang='lat' dir='ltr'><strong>cum</strong></span> <span class='ocrx_word' id='word_1_869' title='bbox 2953 5391 3281 5446; x_wconf 84' lang='lat' dir='ltr'><strong>consisteret</strong></span> <span class='ocrx_word' id='word_1_870' title='bbox 3321 5390 3583 5444; x_wconf 77' lang='lat' dir='ltr'><strong>doctrina.-</strong></span> 
     </span>
    </p>
   </div>
   <div class='ocr_carea' id='block_1_118' title="bbox 2016 5479 3584 5551">
    <p class='ocr_par' dir='ltr' id='par_1_118' title="bbox 2016 5479 3584 5551">
     <span class='ocr_line' id='line_1_118' title="bbox 2016 5479 3584 5551; baseline 0.001 -18"><span class='ocrx_word' id='word_1_871' title='bbox 2016 5479 2196 5548; x_wconf 89' lang='lat' dir='ltr'><strong>paries</strong></span> <span class='ocrx_word' id='word_1_872' title='bbox 2231 5480 2479 5550; x_wconf 88' lang='lat' dir='ltr'><strong>typicus,</strong></span> <span class='ocrx_word' id='word_1_873' title='bbox 2530 5479 2653 5542; x_wconf 78' lang='lat' dir='ltr'><strong>lex,</strong></span> <span class='ocrx_word' id='word_1_874' title='bbox 2717 5480 2973 5551; x_wconf 87' lang='lat' dir='ltr'><strong>inquam,</strong></span> <span class='ocrx_word' id='word_1_875' title='bbox 3032 5497 3152 5550; x_wconf 62' lang='lat' dir='ltr'><strong>qua:</strong></span> <span class='ocrx_word' id='word_1_876' title='bbox 3196 5480 3428 5535; x_wconf 76' lang='lat' dir='ltr'><strong>faciebat</strong></span> <span class='ocrx_word' id='word_1_877' title='bbox 3462 5499 3584 5534; x_wconf 81' lang='grc' dir='ltr'>ιιιιι-</span> 
     </span>
    </p>
   </div>
   <div class='ocr_carea' id='block_1_119' title="bbox 2017 5571 3584 5638">
    <p class='ocr_par' dir='ltr' id='par_1_119' title="bbox 2017 5571 3584 5638">
     <span class='ocr_line' id='line_1_119' title="bbox 2017 5571 3584 5638; baseline -0.001 -11"><span class='ocrx_word' id='word_1_878' title='bbox 2017 5572 2166 5627; x_wconf 87' lang='lat' dir='ltr'><strong>bram</strong></span> <span class='ocrx_word' id='word_1_879' title='bbox 2198 5571 2505 5628; x_wconf 80' lang='lat' dir='ltr'><strong>futurorum</strong></span> <span class='ocrx_word' id='word_1_880' title='bbox 2553 5572 2844 5638; x_wconf 85' lang='lat' dir='ltr'><strong>honorum,</strong></span> <span class='ocrx_word' id='word_1_881' title='bbox 2887 5588 2996 5628; x_wconf 87' lang='lat' dir='ltr'><strong>non</strong></span> <span class='ocrx_word' id='word_1_882' title='bbox 3036 5583 3215 5627; x_wconf 86' lang='lat' dir='ltr'><strong>autem</strong></span> <span class='ocrx_word' id='word_1_883' title='bbox 3256 5572 3584 5628; x_wconf 84' lang='lat' dir='ltr'><strong>ostendebat</strong></span> 
     </span>
    </p>
   </div>
   <div class='ocr_carea' id='block_1_120' title="bbox 2343 5769 3582 5838">
    <p class='ocr_par' dir='ltr' id='par_1_120' title="bbox 2343 5769 3582 5838">
     <span class='ocr_line' id='line_1_120' title="bbox 2343 5769 3582 5838; baseline -0.001 -11"><span class='ocrx_word' id='word_1_884' title='bbox 2343 5774 2388 5806; x_wconf 81' lang='grc'>³⁸</span> <span class='ocrx_word' id='word_1_885' title='bbox 2425 5772 2569 5829; x_wconf 83' lang='lat' dir='ltr'><strong>Psal.</strong></span> <span class='ocrx_word' id='word_1_886' title='bbox 2613 5789 2814 5838; x_wconf 77' lang='lat' dir='ltr'><strong>chvu,</strong></span> <span class='ocrx_word' id='word_1_887' title='bbox 2870 5772 2956 5827; x_wconf 73' lang='grc'><strong>18.</strong></span> <span class='ocrx_word' id='word_1_888' title='bbox 3061 5773 3103 5804; x_wconf 80' lang='grc'><strong>⁸⁷</strong></span> <span class='ocrx_word' id='word_1_889' title='bbox 3145 5772 3287 5828; x_wconf 78' lang='lat' dir='ltr'><strong>Psal.</strong></span> <span class='ocrx_word' id='word_1_890' title='bbox 3343 5786 3497 5837; x_wconf 79' lang='lat' dir='ltr'><strong>cxut,</strong></span> <span class='ocrx_word' id='word_1_891' title='bbox 3528 5769 3582 5826; x_wconf 92' lang='lat'><strong>8.</strong></span> 
     </span>
    </p>
   </div>
  </div>
