3932 6518
399 371 506 428 867

1645 377 1702 432 S.
1743 376 2077 436 GREGOBII
2117 376 2412 435 NYSSENI

3538 377 3648 431 868

400 489 576 558 ipsam
612 503 794 543 rerum
821 487 1134 559 imaginem,
1184 497 1308 559 post
1336 505 1501 562 quam
1552 493 1734 549 stabat
1771 495 1968 549 veritas

2077 495 2300 558 τούτους
2329 493 2640 566 ἐγείρεσθαι
2659 532 2675 558 ,
2715 493 2795 557 είς
2826 493 2889 547 τὸ
2916 493 3169 562 γενέσθαι
3204 492 3370 546 τέκνα
3405 493 3500 546 τοῦ
3533 495 3642 546 Πα-

401 581 612 638 bereus
646 581 852 653 figurae,
885 581 1124 652 primum
1150 583 1372 652 quidem
1397 599 1494 654 per
1520 588 1812 656 prophetas
1846 586 1980 641 Ver-

399 673 529 729 bum
556 674 839 729 illustrans
858 671 1114 728 Ecclesia:
1133 691 1147 728 :
1165 685 1352 744 postea
1367 685 1550 732 autem
1573 677 1846 750 Evangelii
1871 695 1983 734 ma-

398 766 754 822 nifestatione
773 775 1132 823 consumente
1163 784 1380 826 omnem
1404 771 1769 827 umbraticam
1793 772 1978 842 figura:

396 859 792 928 visionem,per
807 875 966 930 quam
989 860 1290 916 destruitur
1302 863 1520 932 quidem
1535 865 1716 935 paries
1732 867 1982 922 interme-

398 950 544 1016 dius,
564 951 916 1022 conjungitur
933 961 1113 1008 autem
1129 955 1221 1024 qui
1238 963 1322 1011 est
1341 957 1393 1011 in
1407 955 1569 1010 domo
1584 971 1677 1013 aer
1690 958 1796 1014 luci
1815 959 1979 1016 aethe-

396 1058 526 1107 reae,
560 1043 696 1098 adeo
731 1051 790 1098 ut
823 1060 933 1100 non
963 1047 1199 1116 amplius
1228 1063 1366 1118 opus
1392 1049 1606 1116 habeat,
1649 1058 1709 1104 ut
1743 1051 1796 1106 ei
1854 1051 1974 1106 illu-

396 1142 582 1188 cescat
609 1150 705 1204 per
733 1133 1026 1200 fenestras,
1064 1152 1188 1192 cum
1227 1137 1341 1207 ipsa
1368 1139 1459 1192 lux
1489 1154 1615 1194 vera
1651 1154 1747 1209 per
1785 1140 1970 1197 radios

397 1227 747 1296 evangelicos
777 1228 960 1282 omnia
1000 1244 1121 1299 quae
1153 1238 1281 1284 sunt
1333 1231 1621 1287 illuminet.
1679 1230 1969 1302 Propterea

397 1315 636 1372 Verbum
697 1319 898 1373 clamat
946 1321 1204 1375 Ecclesiae
1262 1337 1357 1391 per
1411 1320 1698 1385 fenestras,
1747 1321 1965 1392 erigens

397 1407 588 1472 elisos,
620 1415 674 1462 et
705 1407 896 1463 dicens
927 1427 939 1463 :
980 1409 1154 1480 Surge
1195 1426 1314 1479 quae
1349 1412 1499 1480 lapsa
1533 1426 1593 1466 es
1651 1411 1708 1463 in
1755 1410 1967 1466 lubrico

399 1500 608 1568 peccati
646 1515 830 1564 coeno,
869 1517 988 1570 quae
1018 1516 1046 1554 a
1101 1510 1351 1570 serpente
1394 1501 1544 1556 fuisti
1593 1501 1871 1570 impedita,
1915 1510 1969 1557 et

399 1590 646 1645 cecidisti
679 1590 735 1645 in
765 1601 998 1658 terram,
1032 1601 1084 1646 et
1110 1592 1260 1647 fuisti
1296 1593 1350 1646 in
1378 1593 1531 1662 lapsu
1568 1591 1967 1660 inobedientiaz,

398 1696 582 1751 surge.

2072 589 2351 660 τριάρχου,
2369 585 2437 640 δι’
2458 586 2660 656 ἀρετῆς
2683 585 3030 656 ὁμοιούμενα.
3057 585 3240 637 Ταῦτα
3258 584 3436 637 τοίνυν
3460 583 3653 637 ἀκούει

2073 676 2169 731 τοῦ
2200 677 2374 746 Λόγου
2417 677 2451 748 ἡ
2496 675 2812 747 Ἐκκλησία,
2848 674 2936 728 διὰ
2966 675 3074 728 τῶν
3114 673 3463 746 προφητικῶν
3495 674 3653 745 θυρίυ

2077 770 2183 823 δων
2227 769 2323 822 καὶ
2352 768 2462 822 τῶν
2515 767 2754 838 νομικῶν
2798 767 3033 821 δικτύων
3091 765 3354 837 δεχομένη
3397 766 3497 837 τὴν
3545 766 3654 836 τῆς

2079 861 2334 933 ἀληθείας
2366 862 2560 934 αὐγὴν,
2589 861 2668 914 ἔτι
2697 860 3027 923 συνεστῶτος
3049 859 3145 912 τοῦ
3185 858 3415 913 τυπικοῦ
3445 859 3548 929 τῆς
3570 859 3654 912 δι.-

2082 952 2378 1015 δασκαλίας
2409 952 2613 1022 τοίχου,
2655 951 2749 1004 τοῦ
2795 951 2960 1021 νόμου
2997 949 3173 1019 λέγω,
3217 949 3314 1003 τοῦ
3355 949 3455 1021 τὴν
3489 951 3654 1003 σκιὰν

2079 1045 2359 1108 ποιοῦντος
2391 1044 2499 1098 τῶν
2519 1045 2818 1115 μελλόντων
2851 1043 3094 1113 ἀγαθῶν,
3123 1043 3221 1097 ούκ
3259 1043 3427 1115 αὐτὴν
3453 1045 3553 1116 τὴν
3578 1046 3656 1097 sl—

2078 1136 2211 1190 κόνα
2241 1135 2350 1188 τῶν
2381 1135 2725 1206 πραγμάτων
2767 1133 3120 1199 δεικνύοντος,
3153 1128 3213 1188 οῦ
3241 1133 3468 1186 κατόπιν
3499 1135 3655 1187 ἵστα-

2072 1246 2161 1282 ται
2195 1229 2229 1298 ἡ
2267 1225 2492 1298 ἀλήθεια
2531 1226 2766 1297 ἐχομένη
2800 1224 2895 1278 τοῦ
2927 1223 3128 1278 τύπου·
3177 1223 3392 1296 πρῶτον
3427 1223 3522 1295 μὲν
3559 1223 3653 1277 διὰ

2071 1320 2178 1373 τῶν
2195 1319 2488 1392 προφητῶν
2508 1317 2880 1386 ὲναυγάζουσα
2901 1320 2967 1388 τῇ
3010 1315 3304 1386 Ἐκκλησία
3327 1315 3417 1368 τὸν
3443 1315 3615 1383 Λόγον
3630 1331 3648 1343 ο

2075 1414 2211 1484 μετά
2244 1411 2417 1465 ταῦτα
2459 1412 2517 1465 δὲ
2553 1414 2618 1482 τῇ
2670 1409 2974 1482 φανερώσει
3022 1408 3116 1462 τοῦ
3175 1407 3505 1476 Εὑαγγελίου
3539 1408 3652 1460 επεὶ.⁴

2073 1523 2172 1559 σαν
2197 1505 2290 1559 τοῦ
2307 1505 2477 1558 τύπου
2499 1504 2597 1575 τὴν
2614 1502 2850 1572 σκιοειδῆ
2879 1500 3176 1570 φαντασίαν
3197 1499 3646 1565 ἐξαναλίσκουσα,

2071 1596 2137 1648 δι’
2167 1591 2234 1666 ἧς
2267 1594 2610 1666 καθαιρεῖται
2661 1593 2757 1664 μὲν
2801 1591 2864 1644 τὸ
2919 1591 3262 1660 μεσότοιχον’
3317 1590 3648 1644 συνάπτεται

2077 1685 2134 1738 δὲ
2160 1687 2188 1739 ὁ
2224 1688 2281 1739 ἐν
2326 1685 2405 1756 τῷ
2437 1685 2569 1754 οἴκῳ
2594 1684 2702 1756 ἀὴρ
2731 1683 2866 1754 πρὸς
2890 1683 2952 1734 τδ
2983 1681 3223 1753 αἰθέριον
3252 1681 3369 1750 φῶς
3389 1721 3404 1746 ν
3430 1681 3506 1744 ὡς
3539 1698 3648 1751 μη-

400 1773 518 1826 κέτι
559 1774 648 1827 διὰ
685 1773 794 1827 τῶν
825 1773 1058 1846 θυρίδων
1096 1775 1285 1848 χρείαν
1359 1776 1502 1846 ἔχειν
1568 1776 2056 1848 περιαυγάζεσθαι,
2096 1779 2262 1832 αὑτοῦ
2288 1779 2382 1832 τοῦ
2417 1777 2670 1848 ἀληθινοῦ
2702 1777 2875 1846 φωτὸς
2897 1775 2987 1830 διὰ
3023 1774 3132 1828 τῶν
3153 1774 3520 1844 εύαγγελικῶν
3551 1773 3647 1828 ἀκο

395 1865 558 1920 τίνων
638 1867 708 1921 τὰ
754 1867 900 1922 ἔνδον
957 1870 1132 1922 πάντα
1168 1870 1657 1938 καταφωτίζοντος.
1705 1870 1804 1924 Διὰ
1879 1870 2038 1924 τοῦτο
2077 1871 2252 1942 ἐμϐοᾷ
2271 1873 2359 1926 διὰ
2385 1872 2492 1925 τῶν
2521 1869 2869 1941 φωταγωγῶν
2893 1871 2957 1939 τῇ
3004 1868 3299 1940 Ἐκκλησία
3323 1870 3352 1922 ὁ
3377 1868 3548 1935 Λόγος
3571 1907 3588 1932 ν
3615 1864 3644 1914 ὁ

397 1959 636 2032 ἀνορθῶν
667 1962 791 2024 τοὺς
823 1963 1317 2034 κατερῥαγμένους,
1390 1963 1564 2034 λέγων
1589 1981 1602 1995 ο
1655 1967 1966 2038 Ἀνάστηθι,
1997 1967 2198 2038 δηλαδὴ
2226 1968 2290 2020 ὲκ
2324 1967 2419 2020 τοῦ
2450 1965 2770 2036 πτώματος,
2802 1966 2834 2034 ἡ
2863 1963 2942 2033 τῷ
2979 1962 3186 2034 αίσχρῷ
3241 1963 3342 2033 τῆς
3373 1961 3642 2034 ἁμαρτίας

396 2051 786 2121 ὲνολισθήσασα
809 2093 824 2116 ,
867 2054 900 2122 ἡ
932 2054 1356 2123 συμποδισθεῖσα
1395 2055 1481 2110 διὰ
1509 2055 1604 2109 τοῦ
1635 2058 1810 2127 ὄφεως
1830 2097 1845 2122 ,
1875 2059 1970 2113 καὶ
2007 2060 2088 2123 είς
2124 2060 2228 2131 γῆν
2255 2059 2516 2124 πεσοῦσα,
2551 2057 2646 2112 καὶ
2678 2059 2737 2110 ἐν
2769 2056 2848 2126 τῷ
2874 2055 3125 2127 πτώματι
3195 2055 3294 2125 τῆς
3359 2054 3647 2126 παρακοῆς

397 2145 686 2217 γενομένη,
716 2146 945 2202 ἀνάστα.

463 2327 582 2382 Non
610 2337 789 2382 autem
828 2327 923 2382 tibi
976 2327 1195 2393 sufﬁcit,
1245 2333 1444 2404 inquit,
1483 2350 1513 2388 a
1573 2337 1731 2408 lapsu
1787 2341 1964 2394 solum

2144 2333 2259 2386 Οὐκ
2305 2333 2465 2402 ἀρκεῖ
2494 2330 2551 2384 δέ
2595 2347 2677 2383 σοι
2705 2329 2767 2382 τὸ
2796 2327 3187 2400 ἀνορθωθῆναι,
3222 2327 3406 2398 φησὶν,
3456 2329 3519 2381 ὲκ
3547 2328 3642 2382 τοῦ

393 2422 566 2492 erigi,
601 2421 697 2476 sed
746 2422 907 2476 etiam
957 2424 1285 2493 progredere
1333 2442 1430 2495 per
1473 2429 1738 2484 virtutum
1790 2432 1971 2502 profe-

396 2523 569 2576 ctum,
609 2529 834 2568 cursum
877 2529 1144 2584 peragens
1176 2517 1230 2570 in
1282 2517 1502 2574 virtute.
1545 2519 1699 2586 Quod
1749 2525 1968 2592 quidem

396 2606 696 2660 didicimus
723 2607 779 2659 in
825 2607 1150 2677 paralytico.
1207 2607 1327 2662 Non
1383 2611 1560 2664 solum
1610 2613 1755 2667 enim
1809 2614 1971 2669 efﬁcit

394 2696 630 2752 Verbum
675 2708 732 2749 ut
801 2699 960 2752 tollat
989 2713 1128 2754 onus
1151 2700 1284 2754 illud
1309 2701 1456 2764 lecti,
1477 2702 1570 2757 sed
1594 2705 1758 2758 etiam
1791 2705 1968 2775 ipsum

392 2788 550 2858 jubet
587 2790 957 2845 ambulare".
998 2790 1116 2857 Quo
1175 2792 1302 2846 mihi
1363 2793 1583 2848 videtur
1639 2795 1964 2866 Scriptura,

399 2898 494 2951 per
522 2884 860 2937 transeuntis
894 2890 1122 2948 motum,
1169 2885 1482 2954 significare
1533 2901 1882 2956 progressum
1913 2897 1969 2944 et

396 2982 747 3042 augmentum
779 2974 833 3027 in
870 2975 1016 3028 bono
1039 2975 1106 3028 9°.
1145 2975 1330 3046 Surge,
1366 2979 1564 3047 inquit,
1588 2989 1635 3034 et
1659 2983 1791 3034 veni.
1815 2979 1859 3035 Ο
1887 2981 1968 3036 vis

398 3065 584 3123 iussus
629 3075 682 3118 et
720 3065 933 3134 imperii
965 3065 1040 3118 9‘!
1079 3065 1175 3121 Est
1222 3084 1408 3123 revera
1447 3085 1548 3123 vox
1595 3071 1812 3125 virtutis
1863 3087 1968 3126 vox

397 3155 514 3219 llei,
549 3163 608 3208 ut
636 3155 814 3224 inquit
835 3155 1123 3210 Psalmista
1150 3175 1163 3209 τ
1191 3157 1454 3223 Quoniam
1480 3176 1594 3214 ecce
1622 3161 1773 3214 dabit
1795 3179 1968 3216 vocem

394 3266 570 3312 suam,
599 3264 771 3301 vocem
807 3249 1015 3302 virtuti:
1041 3265 1058 3300 :
1097 3258 1174 3311 et,
1212 3248 1334 3318 Ipse
1383 3252 1518 3305 dixit
1545 3261 1594 3306 et
1635 3253 1782 3322 facta
1823 3265 1966 3319 sunt,

397 3343 505 3409 ipse
534 3341 807 3395 mandavit
854 3349 905 3394 et
945 3351 1127 3396 creata
1147 3352 1291 3412 sunt.
1353 3345 1494 3398 Ecce
1542 3360 1692 3399 nunc
1747 3361 1968 3415 quoque

397 3433 536 3486 dixit
563 3433 809 3502 jacenti:
843 3433 1010 3502 Surge
1037 3442 1088 3486 et
1121 3435 1234 3486 veni
1258 3448 1276 3485 :
1311 3442 1364 3487 et
1396 3434 1580 3488 statim
1613 3435 1680 3488 ad
1702 3449 1840 3504 opus
1872 3435 1968 3489 de-

397 3523 618 3576 ducitur
644 3521 790 3590 quod
817 3522 1059 3588 jubetur.
1080 3521 1213 3575 Nam
1248 3522 1411 3577 simul
1432 3531 1596 3593 atque
1619 3525 1829 3594 accepit
1857 3524 1966 3578 vim

403 3611 586 3674 Verbi,
621 3619 730 3666 stat
763 3620 817 3665 et
849 3610 1083 3672 assistit,
1115 3621 1169 3666 et
1201 3612 1268 3665 ad
1308 3613 1488 3667 lumen
1541 3628 1708 3682 prope
1734 3613 1964 3675 accedit,

2072 2423 2379 2496 πτώματος,
2424 2422 2560 2476 ἀλλὰ
2585 2424 2679 2476 καὶ
2710 2421 2972 2493 πρόσελθε
3004 2421 3094 2474 διὰ
3138 2423 3237 2492 τῆς
3279 2421 3387 2474 τῶν
3425 2420 3644 2489 ἀγαθῶν

2071 2516 2371 2587 mgf};
2407 2515 2499 2568 τὸν
2524 2517 2581 2567 ὲν
2610 2515 2775 2586 ἀρετῇ
2813 2511 3102 2566 διανύουσα
3125 2512 3345 2583 δρόμον.
3377 2512 3554 2583 Ὅπερ
3577 2512 3644 2583 δὴ

2070 2610 2164 2663 καὶ
2210 2608 2306 2660 ἐπὶ
2353 2606 2446 2660 τοῦ
2507 2605 2878 2678 παραλυτικοῦ
2932 2604 3354 2676 μεμαθήκαμεν.
3405 2603 3485 2658 Οὐ
3533 2604 3643 2676 γὰρ

2068 2702 2366 2773 διανίστησι
2429 2701 2586 2772 μόνον
2653 2702 2682 2754 ὁ
2733 2700 2906 2768 Λόγος
2957 2699 3017 2752 τὸ
3070 2698 3418 2751 ὲπικλινίδιον
3478 2697 3644 2768 ἄχθος

2070 2795 2264 2860 ἐκεῖνο,
2291 2793 2424 2847 ἀλλά
2463 2792 2557 2845 καὶ
2589 2793 2911 2862 περιπατεῖν
2941 2788 3307 2858 ὲγκελεύεται.
3335 2790 3508 2858 Ὅπερ
3552 2805 3642 2858 μοι

2068 2883 2213 2935 δοκεί
2245 2883 2346 2953 τὴν
2391 2881 2528 2954 πρὸς
2552 2881 2614 2934 τὸ
2645 2883 2890 2951 κρεῖττον
2918 2879 3146 2950 πρόοδόν
3175 2896 3236 2931 τε
3280 2879 3376 2932 καὶ
3416 2878 3644 2948 αὔξησιν

2067 2975 2153 3028 διὰ
2201 2975 2301 3044 τῆς
2338 2973 2703 3044 μεταϐατικῆς
2751 2974 3016 3044 κινήσεως
3067 2970 3353 3042 σημαίνειν
3395 2974 3423 3025 ὁ
3463 2967 3640 3040 λόγος.

2081 3064 2331 3118 Ἀνάστα
2371 3060 2484 3128 οὖν,
2527 3063 2680 3134 φησὶ,
2711 3063 2809 3118 καὶ
2853 3062 3079 3127 ἔξελθε.
3135 3063 3198 3115 Ὦ
3227 3061 3642 3134 προστάγματος

2067 3157 2327 3227 δύναμιςί
2378 3157 2546 3220 ὅντως
2585 3155 2735 3226 φωνὴ
2785 3154 3064 3225 δυνάμεώς
3111 3154 3259 3209 ἐστιν
3294 3155 3327 3224 ἡ
3363 3153 3515 3224 φωνὴ
3544 3153 3640 3206 τοῦ

2067 3249 2223 3314 Θεοῦ,
2247 3248 2425 3312 καθὼς
2447 3251 2478 3319 ἡ
2501 3247 2788 3319 ψαλμῳδία
2812 3247 2973 3317 φησὶν
2995 3289 3009 3312 ,
3043 3246 3125 3299 ὅτι
3161 3245 3304 3300 Ἰδοὺ
3333 3244 3508 3298 δώσει
3529 3245 3645 3313 τὴν

2066 3341 2276 3409 φωνὴν
2303 3340 2508 3404 αὐτοῦ,
2533 3338 2742 3409 φωνὴν
2771 3337 3095 3407 δυνάμεως.
3126 3338 3256 3401 Καὶ,
3283 3338 3470 3403 Αὐτὸς
3491 3332 3640 3402 εἶπε,

2067 3434 2165 3487 καὶ
2229 3433 2605 3503 ἐγενήθησαν
2629 3449 2642 3462 ’
2695 3430 2873 3496 αὐτὸς
2922 3430 3278 3495 ἐνετείλατο,
3339 3429 3436 3482 καὶ
3485 3429 3641 3483 ἐκτί-

2068 3529 2330 3591 σθησαν.
2390 3524 2520 3578 Ἰδοὺ
2575 3523 2666 3576 καὶ
2714 3521 2810 3575 νῦν
2857 3515 2978 3574 εἷπε
3005 3521 3166 3598 πρὸς
3211 3520 3310 3592 τὴν
3347 3521 3641 3592 κειμένην,

2069 3617 2150 3668 ὃτι
2194 3615 2504 3682 Ἀνάστηθι
2523 3632 2536 3645 ’
2573 3616 2686 3682 καὶ,
2711 3615 2792 3668 ὅτι
2817 3615 3147 3682 Πρόσελθε·
3179 3616 3272 3669 καὶ
3294 3615 3452 3678 εὐθὺς
3484 3616 3640 3685 ἔργον

401 3714 458 3756 ιιι
491 3712 722 3757 testatus
754 3712 839 3756 est
882 3703 998 3770 ipse
1047 3703 1141 3772 qui
1169 3718 1286 3757 eam
1326 3702 1575 3769 vocavit,
1611 3719 1733 3758 cum
1770 3705 1851 3758 sic
1883 3703 1968 3758 di—

2070 3707 2130 3759 τὸ
2173 3705 2499 3777 πρόσταγμα
2549 3704 2777 3773 γίνεται.
2836 3681 3000 3774 Ὁμοῦ
3034 3705 3140 3777 γὰρ
3171 3706 3231 3758 τὸ
3263 3681 3526 3769 δέξασθαι
3543 3681 3636 3758 τοῦ

399 3795 567 3849 xisset
591 3795 820 3848 Verbum
839 3795 1051 3864 :Surge,
1081 3794 1216 3856 veni,
1245 3796 1538 3864 propinqua
1569 3811 1703 3861 mea,
1726 3793 1968 3848 columba

2070 3797 2237 3865 Λόγου
2256 3799 2356 3870 τὴν
2383 3797 2629 3870 δύναμιν,
2660 3797 2753 3851 καὶ
2783 3798 3016 3862 ἵσταται,
3045 3797 3140 3851 καὶ
3170 3799 3520 3870 παρίσταται,
3544 3797 3639 3851 καὶ

398 3905 532 3942 mea.
572 3887 706 3954 Quis
736 3895 820 3942 est
853 3888 942 3942 hic
975 3886 1110 3941 ordo
1142 3887 1460 3940 sermonis?
1506 3887 1968 3957 quemadmodum

397 3983 634 4039 cohaeret
665 3982 896 4036 alterum
925 3980 1080 4034 alteri
1111 3981 1133 4033 ?
1170 3979 1634 4050 quemadmodum
1674 3995 1970 4036 conserva—

400 4081 489 4125 tur
519 4087 615 4141 per
639 4071 858 4134 seriem,
884 4077 1145 4140 tanquam
1171 4070 1226 4123 in
1250 4070 1436 4140 aliquo
1461 4079 1676 4140 torque,
1708 4084 1967 4125 sensuum

399 4163 840 4232 consequentia?
880 4163 1047 4216 Audit
1090 4163 1345 4230 jussum:
1389 4163 1556 4216 verbo
1614 4161 1971 4216 confirmatur

402 4272 465 4311 ac
520 4256 830 4318 roboratur,
887 4254 1177 4316 excitatur,
1233 4254 1476 4319 accedit,
1536 4253 1966 4323 appropinquat.

400 4348 628 4418 pulchra
663 4345 932 4410 redditur,
994 4345 1248 4399 columba
1285 4347 1620 4398 nominatur.
1683 4343 1970 4410 Quomodo

398 4438 544 4492 enim
576 4444 754 4507 potest
788 4436 904 4490 ﬁeri
952 4451 1010 4488 ut
1046 4436 1102 4490 in
1134 4437 1360 4505 speculo
1422 4436 1649 4505 pulcher
1681 4438 1752 4489 sit
1805 4449 1967 4505 aspe-

397 4540 542 4592 ctus,
575 4531 619 4585 si
657 4546 766 4583 non
796 4529 1039 4598 pulchrae
1069 4529 1304 4596 alicujus
1336 4527 1523 4584 formae
1569 4527 1843 4597 acceperit
1887 4526 1968 4581 sic

399 4623 747 4679 mulacrum?
777 4621 919 4692 Ergo
976 4621 1226 4675 humana:
1260 4636 1480 4691 quoque
1528 4626 1739 4672 natura:
1770 4632 1965 4687 specu-

400 4717 507 4768 lum
563 4730 671 4767 non
729 4714 882 4782 prius
915 4713 1088 4767 evasit
1142 4712 1457 4782 pulchrum,
1518 4725 1680 4780 quam
1737 4708 1967 4778 pulchro

399 4805 875 4874 appropinquavit,
912 4811 964 4858 et
988 4802 1339 4856 informatum
1377 4801 1479 4855 fuit
1508 4801 1745 4871 imagine
1768 4800 1966 4854 divinae

399 4897 840 4966 pulchritudinis.
886 4896 1171 4961 Quomodo
1233 4896 1378 4950 enim
1442 4894 1713 4964 serpentis
1775 4891 1966 4946 habuit

398 4989 634 5058 speciem
675 4984 916 5058 quandiu
943 4987 1092 5041 humi
1122 4987 1314 5056 jacuit,
1349 4995 1401 5041 et
1425 4985 1492 5040 ad
1516 4987 1692 5056 ipsum
1713 4985 1960 5055 aspexit:
1996 5019 2039 5075 ι,

397 5079 584 5132 eodem
610 5079 770 5132 modo
795 5088 1080 5147 postquam
1103 5080 1364 5142 surrexit,
1398 5085 1451 5131 et
1476 5077 1675 5130 bonum
1708 5077 1812 5130 sibi
1836 5083 1962 5131 ante

397 5168 589 5221 oculos
621 5169 822 5236 posuit,
849 5177 1008 5237 atque
1035 5168 1166 5221 vitio
1198 5175 1346 5237 terga
1373 5167 1556 5232 vertit,
1589 5165 1961 5221 conformatur

395 5260 561 5313 etiam
599 5258 674 5311 illi
702 5256 770 5311 ad
801 5257 945 5328 quod
983 5257 1199 5327 aspicit.
1231 5257 1440 5326 Aspicit
1464 5264 1644 5312 autem
1669 5257 1737 5312 ad
1759 5257 1963 5326 prima-

395 5351 532 5406 riam
592 5359 644 5404 et
702 5349 1063 5418 exemplarem
1122 5348 1634 5418 pulchritudinem:
1699 5357 1958 5404 caeterum

394 5442 646 5499 columba
677 5440 1027 5510 pulchritudo
1058 5448 1162 5494 est.
1195 5439 1488 5509 Propterea
1537 5453 1660 5494 cum
1713 5439 1818 5494 luci
1861 5453 1959 5510 ap-

394 5532 790 5602 pr0pinquarit,
825 5532 915 5585 lux
947 5530 1194 5585 edicitur.
1225 5529 1284 5584 In
1313 5530 1433 5586 luce
1472 5537 1651 5585 autem
1697 5537 1960 5600 tanquam

392 5625 571 5695 i.-iago
599 5623 953 5694 effingebatur
992 5623 1203 5694 species
1226 5622 1510 5688 columbae,
1541 5622 1710 5691 illius,
1736 5622 1959 5693 inquam

2071 3890 2296 3960 πλησίον
2321 3891 2527 3958 γίνεται
2559 3889 2653 3943 τοῦ
2702 3889 2898 3959 φωτὸς,
2936 3890 3010 3955 ὡς
3037 3891 3128 3943 ὑπ’
3161 3891 3326 3944 αὑτοῦ
3353 3890 3446 3944 τοῦ
3475 3890 3638 3944 καλέ-

2071 3998 2260 4046 σαντος
2304 3981 2473 4052 αὐτὴν
2537 3981 2996 4053 μεμαρτύρηται,
3043 3981 3216 4045 οῦτως
3263 3981 3503 4044 εἰπόντος
3541 3980 3635 4033 τοῦ

2071 4074 2267 4141 Λόγου’
2306 4073 2573 4136 Ἀνάστα,
2604 4071 2765 4137 ἐλθὲ,
2801 4072 2837 4138 ή
2869 4073 3136 4139 πλησίον
3155 4091 3294 4142 μου,
3323 4073 3478 4138 καλή
3495 4091 3634 4142 μου,

2069 4165 2382 4235 περιστερά
2407 4183 2544 4234 μου.
2576 4164 2670 4228 Τίς
2711 4165 2744 4234 ἡ
2789 4163 2939 4228 τάξις
2971 4164 3108 4233 αὕτη
3140 4164 3234 4217 τοῦ
3274 4163 3464 4233 λόγου;
3513 4165 3637 4228 Πῶς

2067 4257 2250 4326 ἔχεται
2293 4256 2354 4309 τὸ
2396 4256 2581 4326 ἕτερον
2629 4255 2722 4308 τοῦ
2771 4256 3003 4327 ὲτέρου;
3065 4257 3190 4320 Πῶς
3237 4256 3467 4321 σώζεται
3511 4257 3633 4310 καθ’

2068 4351 2256 4421 εἱρμὸν
2280 4350 2466 4420 ὥσπερ
2506 4351 2563 4402 ὲν
2602 4349 2788 4402 ἁλύσει
2819 4351 2926 4402 τινὶ
2959 4349 3020 4402 τὸ
3058 4347 3166 4402 τῶν
3199 4350 3484 4420 νοημάτων
3509 4348 3638 4402 ἀκό-

2067 4441 2282 4505 λουθον;
2317 4441 2529 4493 Ἀκούει
2549 4439 2646 4492 τοῦ
2673 4441 3094 4510 προστάγματος
3114 4458 3126 4471 ·
3149 4439 3537 4509 ὲνδυναμοῦται
3557 4438 3638 4508 τῷ

2067 4533 2242 4604 λόγῳ,
2293 4532 2599 4604 ἐγείρεται,
2648 4530 3049 4602 προσέρχεται,
3109 4529 3433 4602 πλησιάζει,
3497 4529 3635 4601 καλὴ

2066 4624 2293 4693 γίνεται,
2317 4641 2539 4694 περιστε
2549 4622 2616 4694 ρὰ
2634 4623 2976 4693 ὀνομάζεται.
3005 4622 3128 4686 Πῶς
3149 4623 3257 4692 γάρ
3275 4623 3390 4674 ἐστι
3412 4620 3636 4675 δυνατὸν

2067 4713 2236 4782 καλὴν
2255 4712 2376 4781 ὄψιν
2407 4714 2463 4764 ἐν
2506 4712 2796 4782 κατόπτρῳ
2829 4711 2954 4764 ἰδεῖν
2979 4752 2994 4774 ,
3027 4711 3101 4781 μὴ
3137 4709 3306 4781 καλῆς
3332 4723 3476 4772 τινος
3504 4727 3637 4780 μορ-

2068 4806 2174 4873 φῆς
2204 4801 2498 4872 δεξαμένου
2525 4801 2623 4872 τὴν
2655 4801 2891 4872 ἔμφασιν
2915 4819 2929 4867 ;
2966 4799 3174 4856 Οὐκοῦν
3204 4801 3298 4854 καὶ
3322 4803 3383 4853 τὸ
3411 4801 3512 4870 τῆς
3540 4803 3637 4855 ἀν-

2068 4893 2343 4964 θρωπίνης
2384 4891 2598 4962 φύσεως
2643 4894 2967 4964 κάτοπτρον,
3009 4894 3071 4946 οὐ
3117 4893 3380 4964 πρότερον
3421 4893 3636 4961 ἐγένετο

2067 4985 2248 5048 καλὸν,
2292 4984 2406 5037 ἀλλ’
2435 4985 2524 5036 ὅτε
2562 4983 2640 5054 τῷ
2672 4983 2822 5054 καλῷ
2869 4984 3186 5056 ἐπλησίασε,
3221 4985 3313 5038 καί
3357 4987 3424 5055 τῇ
3466 4984 3634 5037 εἰκόνι

2065 5072 2158 5128 τοῦ
2187 5072 2329 5127 θείου
2379 5073 2607 5138 κάλλους
2636 5075 3015 5146 ἐνεμορφὼθη.
3046 5077 3259 5147 Ὥσπερ
3288 5075 3400 5146 γὰρ
3437 5075 3498 5129 τὸ
3537 5075 3635 5130 τοῦ

2065 5165 2240 5234 ὄφεως
2272 5160 2414 5235 εἶχεν
2459 5161 2595 5229 εἶδος
2638 5166 2744 5230 ἕως
2769 5166 2947 5220 ἔκειτο
2973 5167 3065 5220 ἐπὶ
3091 5167 3190 5237 τῆς
3224 5167 3347 5238 γῆς,
3378 5167 3469 5220 καὶ
3499 5167 3634 5235 πρὸς

2066 5256 2228 5310 αὐτὸν
2263 5255 2518 5328 ἀφεώρα·
2563 5257 2704 5311 κατά
2743 5257 2832 5310 τὸν
2865 5258 3028 5312 αὐτὸν
3067 5259 3287 5328 τρόπον,
3325 5257 3512 5326 ἐπειδὴ
3540 5259 3634 5310 ἀν-

2066 5351 2218 5419 έστη,
2268 5349 2361 5404 καὶ
2404 5350 2465 5402 τὸ
2505 5350 2705 5419 ἀγαθὸν
2747 5351 2948 5416 ἔδειξεν
2979 5350 3177 5421 ἑαυτὴν
3199 5350 3629 5421 ἀντιπρόσωπον,

2066 5439 2206 5493 κατὰ
2233 5439 2401 5494 νώτου
2438 5439 2534 5512 τὴν
2569 5441 2767 5495 κακίαν
2796 5442 3161 5513 ποιησαμένη,
3199 5440 3333 5513 πρὸς
3365 5441 3393 5493 ὃ
3423 5439 3630 5510 βλέπει.

2066 5531 2184 5583 κατ’
2227 5531 2401 5585 ἐκεῖνο
2445 5533 2539 5584 καὶ
2587 5531 2998 5604 σχηματίζεται.
3051 5532 3244 5586 Βλέπει
3293 5532 3348 5585 δὲ
3402 5531 3538 5603 πρὸς
3573 5530 3632 5582 τὸ

2067 5621 2369 5693 ἀρχέτυπον
2411 5622 2604 5686 κάλλος
2636 5640 2650 5655 ο
2707 5623 3002 5695 περιστερά
3046 5621 3104 5677 δὲ
3151 5622 3212 5674 τὺ
3265 5623 3476 5686 κάλλος.
3531 5617 3630 5674 Διά

468 5803 512 5833 ⁸⁶
553 5801 743 5858 Matth.
802 5819 878 5868 Ix,
928 5803 996 5873 6;
1041 5801 1205 5861 Marc.
1245 5819 1306 5870 ιι,
1365 5804 1446 5859 ιι.
1520 5803 1567 5837 ⁸ο
1606 5802 1751 5861 Psal.
1785 5819 1951 5870 van,

2070 5837 2095 5858 ι.
2173 5803 2214 5834 ⁹¹
2275 5803 2416 5860 Psal.
2457 5821 2627 5872 xxx",
2659 5805 2711 5862 9.
