3932 6454
265 388 372 447 869

1311 382 1380 437 IN
1412 382 1715 439 CANTICA
1757 379 2029 438 CANTIC.
2066 379 2354 435 IlOMlLIA
2395 378 2457 433 V.

3407 378 3513 435 87o

263 502 420 556 τοῦτο
466 500 544 573 τῷ
568 499 708 569 φωτὶ
753 495 1195 569 προσεγγίσασα,
1229 494 1346 564 φῶς
1384 496 1615 563 γίνεται.
1665 493 1754 563 Τῷ
1785 494 1840 547 δὲ

1954 492 2232 556 columbae,
2261 492 2422 562 cujus
2446 490 2658 561 species
2683 490 3007 560 signiﬁcavit
3023 489 3311 547 adventum
3338 494 3513 550 sancti

266 591 406 660 φωτὶ
432 590 495 642 τὸ
540 588 703 642 καλὸν
742 587 843 656 τῆς
891 587 1217 657 περιστερᾶς
1259 580 1398 649 εἶδος
1437 584 1836 649 ἐνεικονίςεται,

269 679 482 748 ἐκείνης
520 678 663 743 λέγω
703 675 803 745 τῆς
855 676 1204 744 περιστερᾶς,
1236 668 1305 745 ἧς
1351 674 1410 727 τὸ
1452 670 1589 738 εἶδος
1622 674 1717 744 τὴν
1747 673 1837 727 τοῦ

268 771 423 839 ἁγίου
455 768 771 839 Πνεύματος
801 770 1101 839 παρουσίαν
1130 766 1443 837 ἐγνώρισεν.
1600 790 1605 793 ·

351 860 509 914 Οὕτω
552 860 728 914 τοίνυν
775 861 909 931 αὐτῇ
963 860 1365 931 προσφωνήσας
1417 860 1445 911 6
1497 858 1690 926 λόγος,
1747 857 1841 911 καὶ

271 954 541 1022 ὀνομάσας
585 953 774 1022 αὐτὴν,
827 952 995 1023 καλὴν
1032 952 1130 1021 μὲν
1178 951 1266 1004 διά
1295 952 1356 1004 τὸ
1406 951 1652 1020 πλησίον,
1694 967 1842 1021 περι-

275 1042 469 1112 στερὰν
501 1041 557 1093 δὲ
584 1041 671 1094 διὰ
700 1040 759 1093 τὸ
787 1040 1001 1106 κάλλος,
1034 1041 1129 1093 καὶ
1166 1039 1234 1093 τὰ
1263 1039 1461 1109 ἐφεξῆς
1488 1038 1839 1110 διεξέρχεται,

272 1134 454 1189 οὐκέτι
484 1132 657 1201 λέγων
698 1134 921 1203 κρατεῖν
965 1132 1057 1185 τοῦ
1093 1133 1357 1203 χειμῶνος
1384 1131 1491 1185 τῶν
1528 1131 1712 1201 ψυχῶν
1745 1130 1841 1202 τὴν

275 1228 592 1296 κατήφειαν.
655 1226 730 1278 Οὐ
780 1225 886 1297 γάρ
941 1227 1155 1296 ἀντέχει
1210 1225 1344 1296 πρὸς
1391 1224 1487 1296 τὴν
1536 1226 1732 1279 ἀκτῖνα
1782 1223 1841 1275 τὸ

274 1321 459 1389 κρύος.
508 1315 683 1381 Ἰδοὺ,
714 1317 896 1387 φησιν,
929 1320 962 1370 ὁ
998 1317 1216 1386 χειμὼν
1244 1315 1571 1384 παρῆλθεν,
1607 1320 1640 1370 ὀ
1667 1318 1842 1384 ὑετὸς

275 1408 567 1476 ἀπῆλθεν,
615 1409 903 1477 ἐπορεύθη
948 1408 1154 1475 ἑαυτῷ.
1204 1408 1559 1481 Πολυώνυμον
1604 1413 1747 1463 ποιεῖ
1780 1410 1842 1464 τὸ

277 1502 465 1566 κακὸν,
495 1503 635 1556 κατά
656 1503 752 1566 τὰς
785 1502 1044 1574 διαφορὰς
1073 1503 1180 1555 τῶν
1220 1504 1605 1575 ἐνεργημάτων
1647 1506 1842 1575 ὀνομα-

275 1593 516 1664 ζόμενον.
566 1596 624 1647 '0
674 1594 835 1659 αὐτὸς
879 1595 985 1666 γὰρ
1036 1596 1129 1649 καὶ
1160 1596 1387 1666 χειμὼν,
1418 1597 1512 1650 καὶ
1543 1597 1714 1661 ὑετὸς,
1747 1597 1842 1652 καὶ

277 1686 569 1755 σταγόνες,
602 1686 725 1740 καθ’
761 1687 989 1740 ἕκαστον
1030 1686 1139 1740 τῶν
1192 1688 1472 1759 ὀνομάτων
1533 1689 1840 1761 πειρασμοῦ

273 1795 419 1841 τινος
464 1777 604 1831 κατά
654 1778 714 1831 τὸ
764 1777 962 1840 ἰδιάζον
1015 1780 1433 1851 σημαινομένου.
1494 1780 1580 1833 Ἐν
1613 1779 1720 1852 γὰρ
1763 1780 1842 1851 τῷ

276 1869 522 1941 χειμῶνι,
544 1870 610 1924 τὰ
634 1870 894 1941 τεθηλότα
919 1872 1255 1944 μαραίνεται,
1284 1873 1344 1926 τὸ
1366 1874 1456 1926 ἐπὶ
1478 1874 1584 1927 τῶν
1609 1872 1842 1945 δένδρων

278 1963 491 2027 κάλλος,
521 1962 549 2015 ὃ
575 1962 663 2016 διὰ
692 1962 799 2017 τῶν
824 1963 1037 2033 φύλλων
1066 1965 1307 2035 φυσικῶς
1339 1966 1651 2031 ὡραῖζεται,
1680 1967 1846 2039 ἀπορ-

282 2057 367 2128 ρεῖ
388 2055 495 2107 τῶν
527 2053 755 2117 κλάδων,
786 2056 879 2108 καὶ¹
912 2059 978 2127 τῇ
1010 2059 1081 2127 γῇ
1118 2056 1535 2127 καταμίγνυται.
1572 2059 1709 2129 Σιγᾷ
1735 2058 1844 2112 τῶν

284 2146 557 2217 μουσικῶν
585 2145 811 2217 ὀρνίθων
832 2148 865 2217 ἡ
891 2146 1142 2217 μελῳδία,
1177 2147 1365 2215 φεύγει
1390 2149 1424 2218 ή
1447 2146 1646 2219 ἀηδὼν,
1668 2149 1844 2219 ναρκᾷ

279 2242 314 2311 ή
341 2238 577 2309 χελιδὼν,
627 2238 976 2303 ἀποξενοῦται
1013 2239 1111 2309 τῆς
1142 2238 1333 2302 καλιᾶς
1371 2241 1404 2310 ή
1450 2238 1662 2308 τρυγών
1690 2258 1703 2271 ·
1754 2257 1844 2310 μι-

284 2333 464 2402 μεῖται
491 2331 666 2385 πάντα
689 2331 788 2400 τὴν
817 2329 909 2383 τοῦ
942 2330 1168 2384 θανάτου
1204 2332 1523 2400 κατήφειαν,
1560 2330 1843 2401 νεκροῦται

278 2425 307 2476 ὀ
341 2424 584 2494 βλαστὸς,
617 2424 948 2495 ἀποθνήσκει
982 2425 1014 2494 ἡ
1041 2424 1166 2477 πόα.
1203 2423 1309 2477 Καὶ
1329 2424 1515 2494 ῶσπερ
1546 2424 1707 2477 ὀστέα
1739 2424 1845 2478 τῶν

279 2516 498 2587 σαρκῶν
544 2516 940 2586 κεχωρισμένα,
976 2514 1148 2578 οὕτως
1180 2516 1229 2568 οί
1276 2516 1458 2569 κλάδοι
1490 2515 1598 2569 τῶν
1632 2515 1844 2585 φύλλων

278 2607 675 2679 γυμνωθέντες,
737 2607 971 2676 εἰδεχθὲς
1018 2606 1197 2676 θέαμα
1248 2607 1527 2674 γίνονται,
1580 2608 1701 2662 ἀντὶ
1746 2607 1846 2676 τῆς

279 2698 587 2769 προσούσης
615 2698 796 2761 αὐτοῖς
824 2699 888 2750 ἐκ
915 2697 1022 2749 τῶν
1050 2697 1291 2767 βλαστῶν
1328 2697 1576 2766 ἀγλαΐας.
1610 2697 1673 2749 Τί
1709 2697 1752 2750 δ’
1781 2697 1845 2750 ἀν

277 2809 361 2855 τις
392 2791 634 2860 λέγοιτά
662 2791 802 2845 κατά
847 2791 1118 2845 θάλασσαν
1147 2791 1314 2862 πάθη,
1357 2791 1425 2843 τὰ
1467 2791 1555 2845 διὰ
1595 2790 1688 2843 τοῦ
1730 2808 1845 2861 χει-

284 2884 458 2955 μῶνος
487 2884 775 2955 γινομενας
822 2883 946 2946 Πῶς
980 2885 1044 2936 ἐκ
1074 2883 1248 2953 βυθῶν
1285 2881 1730 2953 ἀναστρεφομένη
1755 2882 1848 2935 καὶ

280 2978 633 3032 διοιδαίνουσα
665 2977 957 3040 σκοπέλους
988 2978 1083 3029 καὶ
1126 2976 1225 3047 ὀρη
1275 2977 1552 3045 μιμεῖται,
1603 2974 1738 3044 πρὸς
1786 2972 1848 3025 τὸ

281 3069 460 3141 ὄρθιον
490 3070 673 3139 σχῆμα
716 3067 1094 3139 κορυφουμένη
1136 3067 1214 3137 τῷ
1248 3066 1433 3131 ὕδατι;
1474 3065 1598 3128 Πῶς
1634 3066 1849 3136 ὲφορμᾷ

1943 582 2203 653 Spiritus.

2010 855 2149 911 Cum
2179 871 2309 928 ergo
2334 856 2416 912 sic
2441 870 2560 911 eam
2587 856 2825 911 allocuta
2850 866 2999 912 esset
3027 858 3224 922 oratio,
3258 865 3310 913 et
3338 859 3512 929 ipsam

1942 947 2162 1019 quidem
2196 949 2537 1005 nominasset
2579 948 2866 1018 pulchram
2914 958 3141 1019 propter
3192 952 3514 1020 propinqui-

1940 1046 2127 1105 tatem,
2159 1040 2465 1094 columbam
2498 1049 2677 1095 autem
2714 1048 2938 1111 propter
2992 1042 3454 1110 pulchritudinem
3494 1085 3509 1108 ,

1940 1132 2293 1203 persequitur
2322 1130 2374 1185 id
2407 1132 2552 1201 quod
2576 1130 2836 1201 deinceps
2869 1132 3133 1201 sequitur,
3173 1132 3362 1187 dicens
3404 1147 3511 1186 non

1941 1223 2176 1293 amplius
2205 1222 2477 1278 dominari
2507 1224 2702 1279 hiemis
2731 1223 3038 1278 animarum
3076 1224 3377 1279 tristitiam.
3410 1222 3515 1279 Ne-

1941 1329 2048 1385 que
2077 1313 2222 1368 enim
2254 1312 2429 1384 frigus
2472 1313 2898 1369 resistit-radio.
2933 1317 3067 1368 Ecce
3107 1308 3274 1374 enim,
3314 1314 3512 1385 inquit,

1940 1406 2106 1461 hiems
2128 1407 2406 1476 praeteriit,
2427 1404 2594 1459 imber
2617 1406 2746 1458 abiit
2770 1415 2817 1459 et
2849 1422 2903 1460 se
2931 1407 3142 1475 recepit.
3173 1406 3315 1462 Malo
3342 1407 3513 1460 multa

1942 1499 2136 1554 tribuit
2161 1500 2405 1561 nomina,
2447 1505 2507 1552 ut
2539 1497 2684 1568 quod
2720 1499 3033 1553 nominetur
3090 1513 3156 1551 ex
3196 1498 3513 1553 differentiis

1941 1592 2341 1661 operationum.
2363 1589 2504 1645 idem
2526 1590 2671 1645 enim
2702 1598 2755 1642 et
2780 1589 2955 1644 hiems
2973 1590 3216 1644 etimber
3248 1598 3301 1643 et
3330 1590 3511 1651 stillae,

1941 1691 1997 1736 et
2019 1682 2404 1736 convenienter
2430 1680 2725 1749 unicuique
2754 1681 2961 1734 nomini
2999 1681 3297 1735 tentatione
3333 1680 3513 1750 aliqua

1943 1787 2009 1828 ex
2044 1772 2375 1842 proprietate
2414 1771 2738 1841 significata,
2788 1770 2989 1823 dicitur
3027 1770 3222 1829 hiems.
3288 1779 3513 1841 propter

1945 1865 2297 1933 multiplicem
2330 1865 2593 1917 malorum
2639 1864 3116 1933 significationem.
3164 1862 3299 1916 Nam
3338 1863 3516 1916 hieme

1943 1964 1997 2011 et
2027 1971 2148 2025 quae
2176 1955 2549 2024 germinarant
2594 1961 2977 2019 marcescunt,
3011 1962 3065 2008 et
3100 1954 3357 2007 arborum
3392 1953 3513 2023 pul-

1944 2048 2220 2112 chritudo,
2250 2064 2369 2117 quae
2396 2048 2718 2102 naturaliter
2748 2063 2901 2102 suam
2945 2054 3286 2101 venustatem
3326 2062 3391 2101 ac
3424 2047 3517 2099 de—

1943 2150 2128 2190 corem
2159 2137 2369 2205 accepit
2404 2151 2431 2189 a
2472 2135 2650 2198 foliis,
2684 2135 2885 2189 excidit
2919 2150 2947 2188 a
2977 2134 3123 2190 foliis
3152 2146 3205 2189 et
3257 2136 3519 2188 miscetur

1945 2237 2139 2290 terrae;
2187 2227 2520 2280 musicarum
2577 2227 2758 2279 avium
2815 2226 2936 2281 si-let
2993 2233 3337 2280 concentus:
3381 2224 3518 2293 fugit

1945 2316 2203 2379 luscinia,
2241 2324 2421 2385 torpet
2454 2316 2713 2381 hirundo,
2745 2331 2772 2370 a
2807 2316 2959 2369 nido.
2984 2316 3365 2385 peregrinatur
3402 2324 3520 2369 tur-

1947 2410 2371 2471 tur;imitantur
2404 2409 2586 2463 omnia
2623 2409 2903 2464 tristitiam
2934 2410 3146 2474 mortis,
3177 2409 3365 2463 interit
3399 2423 3520 2477 ger-

1944 2514 2091 2561 men,
2125 2500 2359 2554 moritur
2387 2500 2549 2554 herba
2579 2513 2595 2551 :
2628 2505 2682 2554 et
2707 2513 2818 2569 quo
2844 2499 3005 2553 modo
3038 2514 3164 2554 ossa
3208 2508 3457 2570 separata
3490 2515 3516 2551 a

1945 2591 2227 2655 carnibus,
2260 2591 2333 2645 ita
2363 2591 2500 2645 rami
2532 2591 2724 2645 nudati
2780 2590 2927 2646 foliis
2976 2591 3220 2646 deforme
3284 2592 3521 2646 evadunt

1947 2683 2344 2752 spectaculum,
2387 2698 2485 2752 pro
2514 2684 2696 2752 specie
2738 2698 2803 2736 ac
2836 2682 3034 2737 decore
3063 2682 3158 2751 qui
3198 2682 3279 2736 eis
3333 2684 3521 2738 aderat

1946 2790 2011 2829 ex
2045 2774 2405 2844 germinibus.
2433 2774 2574 2840 Quid
2606 2785 2786 2828 autem
2830 2788 3264 2827 commemorare
3319 2776 3516 2829 attinet

1946 2882 2009 2922 ea
2043 2883 2164 2936 quae
2216 2867 2272 2920 in
2308 2868 2443 2920 mari
2488 2867 2663 2922 hieme
2727 2865 3005 2928 accidunt,
3062 2867 3519 2935 quemadmodum

1949 2961 2016 3015 ab
2052 2961 2160 3013 imo
2187 2975 2439 3014 eversum
2474 2966 2528 3013 et
2574 2958 2929 3012 tumefactum
2990 2959 3245 3026 scopulos
3278 2958 3520 3013 imitatur

1948 3060 2003 3106 et
2031 3061 2266 3113 montes,
2324 3050 2380 3103 in
2417 3058 2622 3104 rectam
2660 3049 2887 3117 ﬁguram
2922 3050 3096 3102 instar
3126 3050 3350 3103 verticis
3381 3066 3521 3120 aqua

283 3140 530 3232 καθάπερ
574 3160 805 3231 πολεμία
851 3162 916 3230 τῇ
964 3160 1071 3230 γῇ,
1115 3158 1254 3229 ὑπὲρ
1300 3158 1401 3222 τάς
1446 3159 1612 3229 μονὰς
1655 3157 1848 3228 ἑαυτὴν

1954 3141 2273 3210 fastigiata?
2322 3141 2781 3211 quemadmodum
2830 3140 2884 3194 in
2941 3149 3143 3195 terram
3177 3141 3355 3199 irruit.
3412 3156 3521 3195 non

287 3252 723 3316 ἐπεκϐάλλουσα,
770 3252 862 3305 καὶ
902 3253 1020 3315 ταῖς
1070 3250 1385 3321 ἐπαλλήλοις
1433 3249 1542 3303 τῶν
1589 3248 1848 3320 κυμάτων

287 3346 521 3416 πληγαῖς
553 3342 662 3398 οἷόν
711 3362 820 3397 τισι
865 3343 1271 3415 μηχανημάτων
1317 3342 1641 3414 προσϐολαῖς
1681 3341 1849 3413 αὐτὴν

286 3439 668 3493 κατασείουσα.
721 3436 881 3490 Ἀλλά
906 3454 994 3507 μοι
1024 3436 1132 3489 νόει
1170 3434 1239 3489 τὰ
1265 3434 1358 3488 τοῦ
1389 3434 1652 3505 χειμῶνος
1678 3432 1845 3503 πάθη,

283 3531 455 3584 ταῦτα
491 3530 585 3584 καὶ
612 3528 681 3582 τὰ
707 3527 929 3581 τοιαῦτα
954 3527 1130 3581 πάντα
1160 3526 1590 3598 μεταλαμϐάνων
1617 3528 1695 3589 είς
1721 3543 1849 3596 τρο-

285 3620 451 3692 πικὴν
482 3620 775 3690 σημασίαν.
809 3618 873 3671 Τί
902 3618 1049 3671 ἐστιν
1074 3618 1131 3669 ἐν
1152 3615 1379 3687 χειμῶνι
1408 3615 1467 3669 τὸ
1495 3614 1765 3669 ἀπανθοῦν
1788 3631 1848 3666 τε

287 3711 381 3765 καὶ
412 3709 831 3781 μαραινόμενον;
880 3708 945 3761 Τί
974 3707 1035 3760 τὸ
1077 3709 1155 3770 εἰς
1181 3708 1284 3777 γῆν
1311 3708 1375 3760 ἐκ
1398 3706 1506 3759 τῶν
1534 3705 1849 3777 ἀκρεμόνων

287 3802 680 3872 ἁναλυόμενον;
734 3801 829 3864 Τίς
874 3801 906 3869 ἡ
956 3798 1214 3852 σιωπῶσα
1244 3798 1352 3852 τῶν
1388 3798 1595 3868 ᾠδικῶν
1623 3797 1850 3868 ὀρνίθων

290 3894 469 3963 φωνή;
518 3892 613 3954 Τίς
636 3894 668 3960 ἡ
701 3890 942 3944 θάλασσα
975 3891 1007 3959 ἡ
1042 3888 1393 3959 ἐπωρυομένη
1419 3891 1528 3950 τοῖς
1559 3888 1747 3951 ὓδασι;
1786 3888 1851 3940 Τί

289 3986 381 4038 ἐπί
411 3983 620 4046 τούτοις
651 3984 679 4036 6
711 3981 892 4047 ὑετός;
942 3980 1097 4042 Τίνες
1139 3979 1232 4032 τοῦ
1272 3979 1426 4032 ὑετοῦ
1463 3981 1516 4033 αἱ
1556 3982 1848 4048 σταγόνες;

289 4077 415 4138 Πῶς
440 4074 616 4144 ἐαυτῷ
647 4073 939 4145 πορεύεται
965 4074 993 4125 ό
1022 4071 1174 4134 ὑετός
1208 4088 1222 4138 ;
1275 4070 1371 4123 Διά
1414 4070 1601 4123 τούτου
1633 4071 1761 4141 γὰρ,
1792 4070 1851 4123 τὸ

293 4168 530 4238 ἔμψυχόν
558 4184 617 4219 τε
656 4167 750 4219 καὶ
778 4163 1155 4237 προαιρετικὸν
1182 4162 1276 4216 τοῦ
1309 4162 1549 4216 τοιούτου
1589 4163 1852 4234 χειμῶνος

294 4257 655 4327 ὑποσημαίνει
676 4256 736 4308 τὸ
762 4254 1007 4323 αἴνιγμα.

360 4414 512 4482 Τάχα
546 4409 652 4479 γὰρ
683 4407 784 4461 κᾶν
818 4408 892 4478 μὴ
920 4407 1061 4460 ’καθ’
1106 4407 1334 4460 ἕκαστον
1370 4406 1679 4480 διασαφήσῃ
1709 4409 1737 4461 ὀ
1765 4407 1853 4460 λό-

292 4524 407 4577 γος,
436 4502 698 4574 πρόδηλός
736 4504 851 4553 ἐστι
883 4500 962 4571 τῷ
1010 4498 1299 4554 ἀκούσαντι
1327 4502 1359 4571 ἡ
1390 4501 1617 4554 ἑκάστου
1653 4500 1854 4554 τούτων

292 4596 672 4669 ἐμφαινομένη
699 4593 905 4645 διάνοια
939 4608 953 4622 ’
1006 4592 1122 4656 πῶς
1156 4592 1395 4663 ἐτεθήλει
1430 4593 1488 4646 τὸ
1514 4592 1790 4663 καταρχὰς
1824 4595 1857 4662 ἡ

294 4687 606 4760 ἀνθρωπίνη
642 4685 822 4755 φύσις,
856 4685 960 4747 ἕως
998 4686 1054 4738 ἐν
1085 4684 1161 4755 τῷ
1192 4686 1504 4757 παραδείσῳ
1530 4682 1618 4757 ἦν,
1657 4686 1735 4756 τῷ
1760 4687 1859 4756 τῆς

293 4780 474 4849 πηγῆς
523 4776 737 4846 ἐκείνης
786 4774 936 4827 ὕδατι
966 4776 1284 4847 πιαινομένη
1314 4778 1406 4829 καὶ
1435 4776 1696 4830 θάλλουσα
1720 4817 1736 4839 ,
1771 4777 1856 4830 ὅτε

291 4867 360 4942 ἦν
408 4871 526 4924 ἀντὶ
576 4869 787 4939 φύλλων
820 4850 855 4920 ό
873 4867 970 4937 τῆς
998 4868 1292 4930 ἀθανασίας
1326 4868 1568 4937 βλαστὸς,
1609 4869 1858 4939 ὡραΐζων

294 4963 391 5034 τὴν
422 4962 609 5031 φύσιν’
649 4958 784 5014 ἀλλά
834 4958 928 5011 τοῦ
979 4960 1246 5030 χειμῶνος
1296 4964 1392 5033 τῆς
1432 4964 1718 5032 παρακοῆς
1760 4962 1858 5033 τὴν

297 5054 449 5124 ῥίζαν
482 5053 920 5124 ἀποξηράναντος
938 5093 953 5117 ,
1003 5052 1331 5123 ἀπετινάχθη
1361 5053 1420 5105 τὸ
1449 5053 1624 5117 ἄνθος,
1658 5053 1751 5107 καὶ
1779 5056 1858 5117 είς

296 5147 397 5216 γῆν
461 5146 690 5215 ἀνελύθη
718 5185 732 5205 ,
806 5144 899 5197 καὶ
964 5143 1251 5214 ἐγυμνώθη
1318 5144 1410 5197 τοῦ
1475 5146 1701 5208 κάλλους
1759 5147 1859 5217 τῆς

298 5237 587 5299 ἀθανασίας
622 5238 649 5289 6
681 5236 985 5307 ἄνθρωπος,
1011 5236 1105 5288 καὶ
1145 5237 1178 5306 ἡ
1220 5234 1326 5288 τῶν
1363 5236 1571 5308 ἀρετῶν
1604 5236 1707 5289 πόα
1730 5254 1858 5289 κατ-

297 5326 565 5397 εξηράνθη
588 5365 603 5389 ,
648 5326 746 5396 τῆς
790 5327 923 5397 πρὸς
967 5327 1056 5380 τὸν
1098 5326 1228 5379 Θεὸν
1260 5326 1477 5396 ἀγάπης
1517 5326 1605 5380 διὰ
1637 5327 1698 5379 τὸ
1726 5327 1858 5398 πληο
1890 5308 1934 5364 υ

298 5418 555 5487 θυνθῆναι
600 5418 695 5489 τὴν
734 5420 959 5490 ἀνομίαν
1005 5419 1443 5490 καταψυχούσης,
1489 5418 1608 5471 ὅθεν
1633 5418 1701 5473 τὰ
1734 5436 1854 5472 ποι-

296 5510 421 5565 κίλα
471 5508 616 5579 πάθη
676 5512 789 5571 τοῖς
852 5510 1240 5580 ἀντικειμένοις
1282 5510 1586 5579 πνεύμασιν
1627 5509 1685 5561 ἐν
1727 5510 1857 5579 ἡμῖν

296 5599 637 5673 ἐκορυφῶθη,
673 5600 742 5651 δι’
779 5593 852 5653 ῶν
895 5602 961 5655 τά
1010 5602 1222 5671 πονηρὰ
1264 5600 1364 5670 τῆς
1409 5600 1585 5671 ψυχῆς
1628 5599 1859 5673 ναυάγια

294 5693 521 5761 γίνεται.
561 5692 699 5746 Ἀλλ’
727 5692 965 5756 ἐλθόντος
992 5692 1085 5745 τοῦ
1127 5692 1187 5745 τὸ
1217 5691 1313 5762 ἕαρ
1340 5692 1446 5746 τῶν
1473 5690 1659 5760 ψυχῶν
1699 5691 1855 5761 ἡμῶν

295 5785 713 5856 ἐμποιήσαντος,
740 5782 819 5849 ὃς,
855 5780 947 5835 τοῦ
974 5779 1211 5853 πονηροῦ
1233 5781 1434 5851 ἀνέμου
1468 5780 1566 5851 τὴν
1587 5779 1857 5835 θάλασσάν

1955 3248 2115 3289 secus
2145 3240 2309 3301 atque
2342 3230 2516 3285 hostis
2543 3245 2840 3299 erumpens
2875 3230 3016 3282 ultra
3048 3230 3184 3284 lines
3216 3245 3328 3283 sua:
3363 3229 3522 3284 habi-

1954 3324 2200 3387 tationis,
2229 3331 2283 3379 et
2311 3322 2677 3391 frequentium
2712 3321 2979 3374 undarum
3017 3321 3241 3384 ictibus,
3265 3330 3521 3390 tanquam

1954 3416 2233 3484 aliquibus
2259 3414 2637 3467 machinarum
2676 3412 2997 3475 insultibus,
3027 3413 3199 3482 ipsam
3233 3413 3525 3482 quatiens?

1956 3507 2063 3563 Sed
2100 3508 2200 3561 has
2234 3514 2287 3560 et
2322 3521 2444 3575 quae
2472 3515 2599 3559 sunt
2630 3504 2943 3573 hujusmodi
2982 3504 3178 3558 hiemis
3210 3503 3524 3559 affectiones

1954 3617 2146 3657 omnes
2166 3600 2297 3653 mihi
2320 3608 2500 3653 mente
2534 3612 2693 3652 versa
2732 3597 2797 3651 ad
2845 3596 3113 3666 tr0picam
3145 3597 3421 3652 deducens
3451 3598 3524 3652 si-

1955 3691 2378 3761 gnificationem.
2414 3686 2554 3753 Quid
2597 3688 2668 3741 sit
2708 3686 2853 3755 quod
2906 3686 3081 3739 hieme
3118 3684 3429 3739 deﬂorescit
3472 3694 3525 3739 et

1957 3776 2281 3832 marcescit?
2304 3775 2442 3840 Quid
2472 3776 2543 3830 sit
2577 3775 2717 3842 quod
2754 3774 2808 3827 in
2831 3782 3031 3827 terram
3062 3788 3127 3826 ex
3159 3775 3326 3828 ramis
3358 3775 3527 3828 resol-

1956 3870 2136 3923 vitur?
2153 3868 2409 3933 Qumnam
2434 3867 2505 3919 sit
2523 3881 2627 3919 vox
2650 3881 2768 3933 qua:
2798 3866 2922 3918 silet
2951 3880 3280 3917 canorarum
3306 3867 3525 3919 avium?

1956 3961 2228 4031 quodnam
2274 3960 2344 4012 sit
2385 3974 2533 4010 mare
2582 3958 2726 4025 quod
2759 3958 2903 4025 rugit
2942 3956 3235 4011 fluctibus?
3263 3956 3523 4021 Quisnam

1956 4054 2152 4107 deinde
2190 4053 2260 4107 sit
2294 4052 2508 4105 imber?
2535 4051 2665 4115 Quae
2683 4052 2792 4105 sint
2814 4051 3005 4105 imbris
3032 4053 3227 4106 stillae?
3257 4052 3526 4117 Quemad-

1956 4144 2174 4197 modum
2215 4142 2390 4195 imber
2421 4141 2577 4195 abeat
2612 4151 2664 4195 et
2706 4156 2764 4196 se
2785 4140 3010 4208 recipiat
3032 4141 3054 4192 ?
3080 4140 3181 4194 Per
3214 4142 3317 4195 hoc
3355 4145 3522 4207 enim,

1959 4236 2011 4290 id
2041 4233 2184 4304 quod
2222 4242 2305 4286 est
2341 4233 2639 4286 animatum
2671 4240 2724 4287 et
2759 4232 2927 4286 lihero
2957 4232 3183 4286 arbitrio
3213 4235 3520 4302 prteditum,

1960 4328 2123 4381 tacite
2158 4325 2427 4395 significat
2467 4326 2696 4394 :cnigma
2735 4325 2900 4394 hujus
2918 4325 3134 4378 hiemis.

2030 4416 2192 4471 Forte
2225 4416 2368 4469 enim
2423 4417 2524 4469 etsi
2581 4417 2791 4486 singula
2825 4432 2931 4469 non
2973 4415 3261 4483 explicarit
3314 4417 3521 4481 Oratio,

1961 4506 2196 4563 auditori
2236 4508 2342 4559 erit
2376 4504 2667 4559 manifesta
2715 4504 2984 4558 sententia
3021 4519 3140 4572 quae
3193 4520 3250 4558 se
3288 4506 3526 4559 ostendit

1961 4601 2013 4653 in
2055 4612 2385 4667 unoquoque
2415 4611 2603 4650 eorum
2633 4614 2644 4648 :
2678 4595 3133 4664 quemadmodum
3166 4596 3217 4647 in
3248 4596 3398 4649 initio
3428 4597 3528 4648 hu-

1960 4704 2121 4744 mana
2155 4688 2481 4759 germinavit
2517 4696 2734 4751 natura,
2766 4687 3006 4756 quandiu
3042 4686 3217 4739 fuitin
3248 4688 3523 4755 paradiso,

1959 4795 2101 4850 aqua
2165 4779 2314 4833 illius
2347 4777 2513 4833 fontis
2545 4778 2768 4848 irrigata
2802 4787 2856 4831 et
2910 4778 3228 4845 germinans
3257 4793 3270 4829 :
3307 4780 3527 4847 quando

1959 4881 2077 4929 erat
2112 4886 2210 4941 pro
2244 4870 2390 4924 foliis
2427 4885 2647 4940 germen
2681 4869 3130 4935 immortalitatis,
3160 4876 3408 4923 naturam
3440 4871 3527 4924 deo

1959 4961 2301 5025 corans;sed
2342 4975 2465 5014 cum
2509 4960 2685 5015 hiems
2724 4958 3109 5014 inobedientia'
3157 4959 3395 5013 radicem
3434 4973 3526 5013 ex-

1959 5053 2244 5116 siccasset,
2273 5050 2372 5105 flos
2402 5052 2456 5104 in
2495 5060 2695 5105 terram
2732 5066 3000 5106 excussus
3053 5058 3173 5113 est,
3204 5050 3523 5113 dissolutus,

1956 5154 2011 5201 et
2039 5144 2276 5198 nudatus
2316 5143 2423 5197 fuit
2452 5144 2614 5199 homo
2653 5159 2681 5197 a
2737 5142 3145 5214 pulchritudine
3204 5143 3525 5196 immortali-

1957 5237 2109 5299 tatis,
2145 5243 2197 5288 et
2234 5234 2508 5289 exsiccata
2544 5234 2647 5289 fuit
2674 5236 2842 5290 herba
2885 5236 3171 5297 virtutum,
3205 5233 3522 5302 refrigerata

1961 5328 2018 5382 in
2053 5327 2219 5382 Deum
2272 5323 2591 5388 'cliaritate,
2629 5334 2913 5393 propterea
2989 5326 3134 5396 quod
3192 5323 3524 5377 abundasset

1962 5419 2246 5489 iniquitas,
2280 5418 2424 5473 unde
2462 5417 2628 5472 varia:
2656 5418 2969 5473 affectiones
3015 5415 3263 5469 adversis
3306 5412 3525 5467 flatibus

1962 5512 2019 5565 in
2051 5511 2208 5565 nobis
2266 5517 2394 5565 sunt
2428 5510 2483 5563 in
2516 5511 2686 5563 altum
2734 5509 3011 5572 excitatae,
3068 5522 3165 5576 per
3216 5521 3353 5575 quas
3394 5506 3526 5559 fiunt

1964 5602 2105 5655 mala
2139 5601 2333 5655 animae
2368 5600 2673 5669 naufragia.
2709 5598 2814 5655 Sed
2844 5616 2966 5653 cum
3023 5598 3266 5653 venisset
3294 5599 3386 5667 qui
3434 5613 3530 5653 ver

1964 5692 2016 5746 in
2054 5693 2258 5747 nostris
2292 5692 2488 5747 animis
2530 5692 2727 5745 indidit
2780 5706 2843 5744 ac
2878 5690 3202 5760 procreavit,
3250 5690 3365 5761 qui,
3402 5705 3525 5743 cum

1963 5785 2138 5841 malus
2176 5792 2367 5841 ventus
2400 5798 2550 5840 mare
2587 5783 2880 5853 aliquando
2902 5783 3197 5839 excitasset
3249 5790 3304 5839 et
3337 5788 3528 5838 ventos
