3932 6518
433 409 532 465 871

1631 406 1690 460 S.
1719 403 2045 461 GREGORll
2075 403 2369 460 NYSSENI

3561 399 3673 456 872

435 529 718 596 increpat,
763 531 818 581 et
854 522 1211 578 dicit-mari:
1268 523 1437 589 Tace,
1476 522 1809 578 obmutesce:
1854 531 1907 578 ct
1932 523 1998 578 ad

2109 539 2231 575 ποτε
2263 519 2645 590 διεγείραντος,
2677 517 2770 572 καὶ
2813 519 2924 582 τοῖς
2967 515 3272 589 πνεύμασιν
3298 517 3543 590 ἐπιτιμᾷ,
3575 523 3674 573 καὶ

435 619 783 674 serenitatem
810 624 864 671 et
895 615 1344 686 tranquillitatem
1381 616 1601 670 redacta
1630 621 1759 669 sunt
1791 615 1994 680 omnia,

433 717 489 760 et
527 723 724 762 rursus
787 705 978 774 incipit
1034 713 1222 760 nostra
1275 713 1470 759 natura
1524 705 1762 775 propriis
1813 706 1996 761 ornari

434 799 704 863 ﬂoribus;
745 798 872 851 vitae
901 807 1084 851 autem
1139 805 1341 851 nostrae
1371 796 1529 852 ﬂores
1562 797 1815 861 virtutes,
1852 813 1999 852 nunc

434 887 654 956 quidem
694 886 908 952 ﬂorent,
948 901 1107 941 suum
1138 895 1318 942 autem
1352 886 1592 941 fructum
1618 887 1860 957 praebent
1897 902 2000 944 suo

435 987 699 1049 tempore.
752 978 1048 1049 Propterea
1075 978 1208 1034 dicit
1256 978 1556 1048 Scriptura:
1586 985 1787 1044 textus,
1816 981 1998 1034 Hiems

433 1070 713 1136 praeteriit,
736 1068 904 1122 imber
925 1068 1082 1132 abiit,
1110 1085 1165 1123 se
1193 1069 1404 1138 rerepit.
1428 1067 1615 1123 Flores
1652 1070 1748 1123 visi
1777 1079 1899 1123 sunt
1941 1070 1999 1123 in

437 1173 602 1224 terra,
627 1170 825 1228 tempus
854 1162 1145 1228 putationis
1180 1160 1409 1214 advenit.
1437 1159 1625 1226 Vides,
1657 1160 1850 1230 inquit,
1877 1175 2001 1230 pra-

435 1261 552 1307 tum
586 1253 787 1306 ﬂorens
819 1251 1154 1306 virtutibus?
1193 1250 1356 1306 Vides
1406 1251 1842 1321 temperantiam,
1897 1252 2000 1304 hoc

433 1351 519 1400 est
544 1343 887 1414 splendidum
918 1355 970 1399 et
1010 1345 1149 1398 bene
1177 1345 1332 1399 olens
1370 1343 1543 1397 lilium
1571 1344 1595 1397 ‘i
1629 1343 1790 1398 Vides
1827 1343 2002 1412 pudo-

437 1451 572 1500 rem,
613 1435 836 1490 rosam?
861 1435 1022 1490 Vides
1040 1432 1259 1498 violam,
1281 1436 1482 1490 Christi
1511 1436 1713 1492 bonum
1741 1433 2002 1490 odorem?

436 1526 548 1578 Cur
605 1541 734 1596 ergo
793 1541 893 1595 per
938 1526 1053 1580 hazc
1087 1541 1193 1579 non
1241 1525 1382 1580 texis
1412 1527 1713 1581 coronam?
1764 1525 1880 1581 Hoc
1918 1533 2003 1581 est

436 1625 651 1686 tempus
698 1617 752 1670 in
793 1631 902 1686 quo
963 1617 1051 1671 his
1114 1616 1360 1672 collectis
1417 1624 1633 1686 oportet
1693 1617 2002 1687 hujusmodi

435 1711 657 1764 coronis
713 1710 920 1764 ornari.
987 1709 1211 1777 Tempus
1261 1711 1548 1778 putationis
1606 1709 1838 1767 advenit.
1889 1709 2004 1766 lloc

434 1803 766 1858 testificatur
792 1817 895 1857 vox
931 1802 1183 1863 turturis.
1213 1803 1267 1856 id
1312 1809 1416 1866 est,
1453 1818 1559 1856 vox
1603 1804 1894 1860 clamantis
1944 1805 2002 1856 in

2100 615 2168 684 τῇ
2199 609 2439 682 θαλάσσῃ
2470 610 2636 680 λέγει,
2669 611 2886 677 Σιώπα,
2903 610 3231 680 πεφίμωσο,
3260 610 3438 664 πάντα
3465 612 3544 674 εἰς
3571 629 3674 679 γα-

2102 704 2290 775 λήνην,
2334 703 2428 758 καί
2463 703 2723 774 νηνεμίαν
2769 702 3193 774 μετεσκευάσθη.
3224 702 3318 756 καὶ
3343 704 3506 757 πάλιν
3539 705 3672 758 ἀνα-

2103 794 2315 848 θάλλειν
2362 793 2607 864 ἄρχεται,
2656 794 2750 847 καὶ
2795 795 2907 857 τοῖς
2950 792 3102 857 ἰδίοις
3164 793 3379 847 ἄνθεσιν
3434 796 3468 864 ὴ
3509 795 3672 865 φύσις

2102 886 2260 957 ἡμῶν
2287 885 2579 958 ὼραῒζεται
2599 901 2613 916 °
2643 883 2776 956 ἄνθη
2804 884 2862 938 δὲ
2889 885 2988 956 τῆς
3015 884 3160 957 ζωῆς
3185 886 3343 956 ἡμῶν
3370 887 3425 939 αἰ
3455 889 3670 958 ἀρεταὶ,

2102 979 2199 1034 νῦν
2227 978 2324 1049 μὲν
2351 977 2628 1040 άνθοῦσαι,
2654 978 2745 1031 τὸν
2772 977 2828 1030 δὲ
2852 978 3062 1050 καρπὸν
3088 979 3267 1033 αὐτῶν
3289 979 3367 1050 τῷ
3394 979 3508 1050 ἰδίῳ
3531 997 3674 1050 παρ-

2103 1069 2356 1140 εχόμεναι
2385 1069 2580 1141 καιρῷ.
2614 1068 2711 1122 Διὰ
2734 1067 2891 1122 τοῦτό
2911 1087 3073 1140 φησιν
3101 1071 3128 1123 6
3156 1069 3330 1138 λόγος,
3366 1071 3421 1122 Ὁ
3452 1071 3674 1140 χειμὼν

2104 1159 2432 1228 παρῆλθεν,
2465 1162 2498 1214 ό
2529 1160 2702 1226 ὑετὸς
2726 1159 3019 1229 ἀπῆλθεν,
3047 1160 3337 1229 ἐπορεύθη
3361 1161 3572 1226 ἐαυτῷ⁶
3600 1163 3674 1216 τὰ

2103 1251 2255 1320 ἄνθη
2279 1251 2444 1321 ὤφθη
2475 1252 2546 1306 ἐν
2576 1250 2651 1320 τῇ
2673 1249 2768 1321 γῇ,
2797 1252 3002 1320 καιρὸς
3032 1250 3143 1320 τῆς
3172 1251 3357 1320 τομῆς
3387 1252 3667 1321 ἔφθακεν.

2116 1341 2299 1413 Ὁρᾷς,
2347 1343 2500 1413 φησι,
2543 1343 2636 1396 τὸν
2666 1341 2904 1413 λειμῶνα
2952 1341 3044 1395 τὸν
3078 1342 3165 1395 διὰ
3196 1342 3306 1396 τῶν
3337 1341 3545 1413 ἀρετῶν
3579 1343 3672 1395 άν-

2105 1431 2334 1499 θοῦντα;
2372 1433 2534 1503 Ὁρᾷς
2558 1431 2656 1503 τὴν
2696 1431 3050 1503 σωφροσύνην
3068 1473 3084 1499 ,
3114 1431 3270 1486 τοῦτό
3296 1434 3410 1486 ἐστι
3439 1432 3499 1485 τὺ
3527 1433 3672 1503 λαμο

2104 1524 2241 1594 πρόν
2265 1539 2324 1576 τε
2346 1524 2440 1577 καὶ
2461 1523 2659 1586 εὑῶδες
2678 1523 2860 1593 κρίνον
2881 1539 2896 1587 ;
2928 1523 3090 1595 Ὁρᾷς
3106 1523 3205 1595 τὴν
3226 1524 3376 1587 αἰδὼ,
3397 1524 3459 1576 τὸ
3481 1525 3633 1596 ῥόδον
3651 1540 3668 1589 ;

2103 1614 2165 1666 τὸ
2193 1615 2270 1668 Iov
2289 1655 2304 1677 ,
2328 1614 2422 1667 τοῦ
2452 1615 2686 1687 Χριστοῦ
2720 1615 2820 1688 τὴν
2835 1615 3093 1682 εὐωδίαν;
3121 1616 3185 1669 Τί
3209 1611 3301 1670 οῦν
3326 1617 3386 1668 οὐ
3411 1632 3671 1684 στεφανο⁶

2106 1704 2327 1768 πλοκείς
2357 1704 2444 1758 διὰ
2472 1705 2710 1770 τούτων;
2750 1698 2919 1771 Οὗτός
2950 1707 3097 1760 ἐστιν
3124 1707 3154 1759 6
3185 1707 3374 1776 καιρὸς
3398 1707 3456 1760 ὲν
3491 1701 3539 1774 ᾧ
3561 1708 3668 1778 χρὴ

2105 1794 2441 1865 δρεψάμενον
2463 1799 2528 1868 τῇ
2557 1797 2730 1868 πλοκῇ
2758 1797 2866 1851 τῶν
2892 1797 3143 1851 τοιούτων
3174 1797 3452 1867 στεφάνων
3473 1799 3672 1866 ἐγκαλ-

434 1896 654 1948 deserto
676 1895 744 1947 θ’.
772 1893 1009 1950 Joannes
1034 1894 1178 1949 enim
1212 1902 1294 1949 est
1321 1903 1524 1950 turtur.
1563 1894 1616 1950 ls
1647 1903 1732 1951 est
1760 1910 2000 1966 praecur-

2109 1889 2462 1945 λωπίσασθαι.
2518 1891 2575 1944 Ὁ
2603 1891 2806 1960 καιρὸς
2845 1892 2958 1961 τῆς
2993 1893 3183 1962 τομῆς
3209 1895 3450 1962 ἔφθακε.
3499 1893 3671 1947 Τοῦτό

435 2001 529 2040 sor
563 1986 810 2056 praeclari
851 1985 1017 2053 hujus
1066 1985 1234 2049 veris,
1273 1987 1366 2055 qui
1417 1987 1661 2042 ostendit
1691 1985 2003 2041 hominibus

435 2077 695 2145 pulchros
727 2075 887 2131 ﬂores
920 2077 1158 2140 virtutis,
1205 2083 1258 2130 et
1288 2078 1515 2147 porrigit
1550 2079 1617 2132 iis
1675 2077 1769 2146 qui
1809 2077 2005 2132 volunt

433 2164 595 2218 ﬂores
651 2164 945 2232 colligere:
1005 2181 1102 2234 per
1131 2181 1268 2235 quos
1329 2166 1653 2222 ostendebat
1683 2165 1870 2221 ﬂorem
1906 2166 2000 2236 qui

433 2259 546 2311 exit
578 2273 609 2312 e
638 2257 820 2311 radice
866 2255 1042 2319 Jesse,
1091 2273 1285 2327 nempe
1340 2257 1553 2328 Agnum
1595 2257 1691 2314 Dei
1745 2258 1839 2329 qui
1897 2258 2003 2312 tol-

434 2349 498 2402 lit
527 2357 747 2419 peccata
773 2350 992 2406 mundi.
1021 2355 1073 2402 et
1099 2349 1424 2419 suggerebat
1451 2351 1517 2404 de
1549 2349 1709 2404 malis
1738 2349 2004 2419 paeniten-

435 2441 590 2503 tiam,
627 2449 681 2496 et
710 2443 877 2496 vitam
909 2438 1215 2509 degendam
1247 2455 1312 2496 ex
1347 2439 1581 2496 virtute.

2108 1997 2189 2033 σοι
2221 1979 2643 2052 διαμαρτύρεται
2679 1982 2712 2052 ἡ
2748 1981 2899 2052 φωνὴ
2925 1984 3026 2053 τῆς
3056 1982 3348 2052 τρυγόνος,
3393 1983 3670 2036 τουτέστιν

2107 2073 2142 2142 ἠ
2174 2071 2323 2144 φωνὴ
2345 2071 2439 2125 τοῦ
2475 2071 2702 2143 βοῶντος
2743 2073 2801 2127 ὲν
2829 2075 2894 2143 τῇ
2926 2074 3136 2144 ἐρήμῳ.
3181 2074 3432 2144 Ἰωάννης
3457 2075 3604 2128 ἐστὶν
3636 2077 3670 2143 ὴ

2106 2164 2340 2236 τρυγών.
2385 2158 2552 2228 Οὗτος
2579 2166 2608 2218 6
2631 2163 2726 2217 τοῦ
2751 2164 2976 2236 φαιδροῦ
3009 2164 3168 2235 ἔαρος
3193 2166 3514 2236 πρόδρομος,
3541 2168 3569 2219 6
3602 2165 3673 2218 τά

2107 2255 2245 2309 καλὰ
2268 2255 2368 2324 τῆς
2392 2255 2593 2326 ἀρετῆς
2633 2253 2766 2326 ἄνθη
2792 2257 2903 2318 τοῖς
2941 2254 3244 2326 ἀνθρώποις
3273 2254 3550 2318 δεικνύων,
3575 2255 3672 2307 καὶ

2105 2348 2218 2410 τοῖς
2287 2346 2629 2417 βουλομένοις
2687 2345 2992 2414 ἀνθολογεῖν
3060 2345 3354 2417 προτείνων
3390 2361 3404 2374 ·
3471 2346 3539 2398 δι’
3591 2339 3672 2398 ὧν

2105 2438 2423 2493 ὑπεδείκνυε
2465 2439 2526 2491 τὸ
2567 2439 2632 2492 ὲκ
2657 2438 2756 2508 τῆς
2782 2437 2935 2509 ῥίζης
2964 2435 3057 2491 τοῦ
3111 2438 3308 2490 Ἰεσσαί¹
3356 2436 3533 2502 ἄνθος,
3578 2437 3673 2491 τὸν

435 2533 607 2603 ἀμνὸν
639 2531 734 2585 τοῦ
758 2531 893 2585 Θεοῦ
934 2531 1024 2584 τὸν
1051 2532 1273 2603 αἴροντα
1313 2532 1412 2604 τὴν
1453 2531 1727 2604 ἁμαρτίαν
1755 2531 1851 2586 τοῦ
1909 2531 2141 2603 κόσμου,
2188 2532 2284 2586 καὶ
2331 2531 2616 2586 ὑπετίθετο
2663 2531 2764 2602 τὴν
2805 2531 2872 2584 ὲκ
2901 2529 3009 2585 τῶν
3037 2530 3222 2584 κακῶν
3257 2529 3545 2600 μετάνοιαν
3575 2531 3672 2584 καὶ

433 2627 531 2699 τὴν
557 2629 674 2680 κατ’
707 2627 906 2699 ἀρετὴν
936 2625 1231 2680 πολιτείαν.

507 2718 706 2771 Audita
752 2727 827 2771 est
867 2715 1043 2783 enim,
1105 2717 1301 2788 inquit,
1333 2733 1432 2772 vox
1489 2719 1711 2772 turturis
1765 2721 1821 2772 in
1862 2728 2004 2774 terra

439 2818 641 2862 nostra.
693 2805 919 2860 Terram
963 2803 1102 2861 forte
1136 2806 1386 2860 nominat
1431 2821 1528 2862 eos
1580 2808 1675 2877 qui
1730 2816 1860 2863 sunt
1904 2808 2004 2862 da-

440 2899 608 2952 mnati
645 2897 698 2952 in
729 2897 883 2964 vitio,
917 2911 1058 2968 quos
1089 2898 1414 2968 publicanos
1441 2908 1496 2952 et
1524 2899 1844 2954 meretrices
1872 2897 2005 2954 dicit

440 2988 819 3058 livangelium,
853 3002 883 3041 a
907 2987 1111 3057 quibus
1133 2988 1380 3043 auditum
1405 2995 1488 3044 est
1509 2989 1730 3044 verbum
1754 2987 2003 3055 Joannis,

437 3095 564 3133 cum
610 3078 809 3149 reliqui
860 3079 1086 3134 minime
1143 3079 1495 3136 admisissent
1539 3080 2003 3150 praedicationem.

440 3170 595 3236 Quod
636 3177 818 3270 autem
850 3170 1056 3270 dictum
1087 3178 1173 3226 est
1226 3171 1294 3226 de
1321 3169 1427 3227 ﬁcu
1458 3188 1476 3228 :
1517 3169 1749 3226 Protulit
1794 3189 2004 3244 grossae
2033 3208 2078 3270 ϐ

438 3276 584 3325 suos,
640 3259 857 3316 ratione
888 3261 972 3316 sic
1024 3260 1428 3332 intelligamus:
1451 3261 1616 3318 Ficus
1644 3263 1714 3318 ob
1744 3265 2006 3333 calorem,

438 3360 525 3408 est
557 3353 785 3423 praedita
815 3353 868 3409 vi
903 3352 1107 3424 insigni
1139 3353 1452 3409 attrahendi
1486 3354 1732 3411 humoris
1781 3370 1850 3410 ex
1879 3371 2008 3427 pro-

442 3444 631 3500 fundo.
662 3445 796 3499 Cum
834 3451 1015 3499 autem
1046 3444 1253 3500 multus
1278 3445 1477 3500 humor
1501 3447 1770 3502 consistat
1805 3448 1860 3502 in
1892 3463 2010 3504 me-

440 3537 614 3600 dulla,
653 3536 970 3590 necessario
996 3544 1191 3590 natura
1235 3550 1333 3605 per
1372 3535 1664 3591 bumorum
1696 3540 2011 3595 concoctio-

442 3641 565 3681 nem
587 3628 644 3680 in
678 3627 880 3697 planta,
906 3627 1133 3696 expellit
1161 3643 1230 3682 ex
1262 3629 1430 3684 ramis
1465 3629 1712 3684 inutilem
1740 3637 1796 3684 et
1833 3640 2010 3688 terre-

443 3729 612 3774 strem
643 3718 947 3774 humorem.
979 3720 1147 3790 ldque
1173 3735 1318 3791 saepe
1345 3720 1495 3788 facit,
1524 3720 1702 3778 donec
1728 3724 2007 3781 sincerum

440 3819 498 3863 et
525 3811 594 3864 ad
633 3809 987 3865 nutriendum
1028 3820 1210 3882 aptum
1268 3813 1552 3869 humorem
1605 3821 1733 3885 apto
1766 3815 2011 3885 proferat

444 3913 712 3973 tempore,
769 3901 839 3958 ab
901 3903 1082 3959 inutili
1121 3913 1484 3976 expurgatum
1524 3909 1806 3977 qualitate.
1853 3907 2011 3975 Quod

441 4010 574 4066 ergo
603 4007 731 4051 ante
759 3995 977 4051 dulcem
1008 4005 1063 4052 et
1087 3995 1392 4066 perfectum
1425 3996 1688 4064 fructum,
1725 4014 1754 4052 a
1793 3997 1897 4054 ﬁcu
1928 4002 2012 4054 in-

444 4097 562 4142 star
606 4087 816 4144 fructus
873 4087 1228 4158 producitur,
1295 4103 1524 4159 grossus
1580 4089 1804 4156 dicitur,
1865 4090 2009 4161 quod

446 4177 663 4248 quidem
717 4185 804 4233 est
851 4178 1030 4248 ipsum
1082 4194 1300 4250 quoque
1353 4181 1695 4236 esculentum
1755 4195 2012 4236 nonnun-

447 4285 607 4338 quam
637 4271 951 4327 volentibus
983 4289 998 4326 :
1038 4262 1146 4325 non
1181 4279 1268 4327 est
1295 4283 1480 4328 tamen
1514 4274 1606 4328 ille
1638 4273 1870 4339 fructus,
1913 4273 2010 4330 sed

449 4366 658 4416 fructus
691 4363 1038 4432 prommium.
1061 4362 1166 4429 Qui
1194 4379 1322 4436 ergo
1347 4381 1412 4420 ea
1434 4365 1591 4428 vidit,
1619 4365 1855 4420 fructum
1884 4378 2011 4421 mox

448 4454 691 4518 futurum
725 4454 949 4506 omnino
980 4463 1282 4524 exspectat.
1328 4453 1466 4510 Sunt
1507 4456 1651 4510 enim
1679 4457 1894 4527 signum
1945 4457 2010 4511 ﬂ-

2187 2719 2478 2788 Ἠκούσθη
2507 2719 2636 2791 γὰρ,
2665 2720 2818 2792 φησὶ,
2845 2720 3012 2791 φωνὴ
3035 2721 3146 2792 τῆς
3176 2722 3463 2793 τρυγόνος
3495 2723 3566 2776 ἐν
3594 2722 3671 2794 τῇ

2106 2811 2184 2883 γῇ
2211 2811 2398 2882 ἡμῶν.
2444 2813 2595 2883 Τάχα
2623 2814 2726 2884 γῆν
2754 2815 2878 2877 τοὺς
2910 2815 3389 2885 κατεγνωσμένους
3417 2817 3474 2868 ὲν
3502 2817 3672 2888 κακία

2107 2904 2487 2976 κατονομάζει,
2535 2903 2628 2968 οὓς
2669 2905 2902 2970 τελώνας
2945 2924 3003 2959 τε
3044 2907 3138 2960 καὶ
3180 2907 3384 2979 πόρνας
3419 2906 3568 2975 λέγει
3608 2907 3671 2960 τὸ

2107 2996 2458 3065 Εὐαγγέλιον,
2493 2999 2550 3051 ὲν
2592 2995 2674 3060 οἷς
2705 2996 2942 3069 ἠκούσθη
2995 2997 3089 3050 τοῦ
3133 2997 3376 3052 Ἰωάννου
3423 2998 3452 3050 6
3490 2997 3670 3066 λόγος,

2106 3088 2216 3142 τῶν
2242 3089 2446 3142 λοιπῶν
2475 3090 2537 3142 οὐ
2569 3090 3028 3162 παραδεξαμένων
3065 3091 3126 3144 τὸ
3169 3091 3450 3161 κήρυγμα.
3501 3091 3575 3144 T6
3611 3091 3671 3143 δὲ

2107 3179 2238 3251 περὶ
2285 3180 2385 3251 τῆς
2431 3182 2601 3252 συκῆς
2650 3183 2976 3254 εἰρημένον,
3036 3185 3117 3238 ὅτι
3172 3183 3485 3255 Ἐξήνεγκε
3529 3185 3674 3253 τοὺξι

2108 3272 2406 3340 ὀλύνθους
2432 3273 2642 3342 αὐτῆς,
2685 3274 2881 3328 οὑτωσὶ
2928 3275 3004 3346 τῷ
3029 3275 3172 3346 λόγῳ
3209 3279 3630 3348 κατανοήσωμεν
3651 3293 3670 3311 ο

2121 3364 2372 3436 Ἐλκτικὴ
2413 3365 2515 3435 τῆς
2545 3365 2604 3419 ὲν
2634 3365 2714 3436 τῷ
2755 3365 2910 3436 βάθει
2937 3365 3137 3431 νοτίδος
3177 3367 3537 3440 διαφερόντως
3566 3367 3674 3422 ὑπί)

2109 3456 2439 3528 θερμότητός
2471 3457 2618 3511 ἐστιν
2649 3459 2684 3529 ἠ
2727 3459 2887 3530 συκῆ.
2935 3458 3142 3530 Πολλῆς
3189 3459 3246 3512 δὲ
3290 3460 3430 3514 κατά
3457 3461 3554 3524 τάς
3581 3463 3674 3514 sv-

2107 3549 2368 3622 τεριώνας
2411 3551 2510 3621 τῆς
2562 3550 2784 3622 ἰκμάδος
2828 3551 3259 3622 συνισταμένης,
3296 3551 3602 3620 ἀναγκαίως
3635 3555 3675 3625 ἠ

2111 3641 2271 3712 φύσις
2301 3641 2391 3695 διὰ
2427 3641 2528 3712 τῆς
2573 3640 2680 3694 τῶν
2726 3640 2907 3712 ὑγρῶν
2940 3642 3154 3711 πέψεως
3197 3642 3296 3712 τῆς
3325 3643 3383 3695 ὲν
3419 3643 3496 3714 τῷ
3519 3643 3674 3714 φυτῷ

2110 3733 2402 3806 γινομένης
2433 3733 2496 3787 τὸ
2526 3733 2742 3806 άχρεῖόν
2785 3751 2844 3788 τε
2889 3735 2984 3789 καὶ
3013 3735 3210 3804 γεῶδες
3235 3735 3333 3804 τῆς
3361 3737 3581 3806 ἰκμάδος
3606 3737 3674 3790 ὲκ

2109 3826 2217 3880 τῶν
2243 3825 2560 3897 ἀκρεμόνων
2588 3825 3045 3891 άποσκευάζεται.
3077 3828 3187 3881 Καὶ
3221 3827 3479 3891 πολλάκις
3515 3828 3675 3882 τοῦτο

2111 3922 2273 3985 ποιεῖ,
2297 3918 2373 3982 ὡς
2395 3919 2462 3973 ἄν
2488 3918 2549 3971 τὸ
2574 3917 2864 3992 εἰλικρινές
2889 3935 2947 3972 τε
2977 3919 3071 3972 καὶ
3099 3919 3361 3991 τρόφιμον
3389 3922 3447 3973 έν
3473 3921 3550 3991 τῷ
3573 3938 3670 3974 και

2111 4005 2328 4078 θήκοντι
2375 4005 2554 4077 καιρῷ
2594 4005 2893 4079 προϐάλλῃ,
2930 4007 3336 4080 κεκαθαρμένον
3367 4009 3463 4078 τῆς
3499 4010 3673 4081 ἀχρή-

2113 4114 2237 4151 στου
2261 4097 2559 4168 ποιότητος.
2588 4097 2758 4150 Τοῦτο
2785 4098 2963 4151 τοίνυν
2991 4098 3097 4170 πρὸ
3119 4099 3212 4154 τοῦ
3235 4100 3480 4169 γλυκέως
3497 4119 3553 4154 τε
3579 4103 3676 4156 καὶ

2109 4189 2315 4245 τελείου
2343 4188 2556 4261 καρποῦ
2587 4189 2693 4242 ὑπὸ
2721 4191 2818 4260 τῆς
2847 4190 3014 4260 συκῆς
3045 4192 3101 4242 ὲν
3132 4191 3361 4263 καρπῶν
3389 4193 3519 4246 εῖδει
3543 4210 3678 4264 προ-

2111 4281 2468 4352 ϐαλλόμενον,
2519 4281 2734 4345 δλυνθος
2785 4282 3037 4350 λέγεται·
3085 4285 3221 4355 ὅπερ
3257 4285 3351 4337 καί
3401 4285 3529 4339 αὐτὸ
3575 4285 3676 4355 μὲν

2110 4370 2368 4440 ἐδώδιμον
2407 4371 2517 4426 ἔσθ’
2569 4372 2657 4426 ὅτε
2705 4375 2816 4436 τοῖς
2852 4371 3194 4444 βουλομένοις
3237 4375 3417 4428 ἐστίν·
3463 4376 3523 4429 οὑ
3565 4376 3676 4447 μὴν

2111 4464 2284 4517 ἐκεῖνό
2308 4466 2453 4518 ἐστιν
2479 4465 2508 4519 6
2541 4463 2769 4538 καρπὸς,
2821 4464 2958 4518 ἀλλὰ
2990 4464 3082 4518 τοῦ
3132 4467 3344 4537 καρποῦ
3391 4467 3674 4538 προοίμιον

445 4557 612 4596 cuum
642 4545 1046 4598 esculentarum
1075 4544 1275 4614 grossi,
1313 4561 1453 4615 quos
1481 4545 1612 4601 dicit
1640 4546 1800 4602 ﬂcum
1827 4559 2006 4616 protu-

2109 4557 2336 4624 γίνεται.
2373 4557 2431 4610 'O
2455 4556 2628 4613 ταῦτα
2651 4559 2826 4613 τοίνυν
2860 4560 3209 4633 θεασάμενος,
3233 4565 3437 4618 καὶτὸν
3465 4565 3674 4636 καρπὸν

448 4629 600 4684 lisse.
631 4629 769 4695 Quia
814 4631 959 4685 enim
1022 4649 1114 4686 ver
1164 4634 1449 4702 spirituale
1499 4651 1715 4705 sponsae
1741 4636 2007 4692 describit

447 4722 658 4777 oratio;
691 4731 776 4778 est
806 4731 990 4778 autem
1020 4725 1122 4779 hoc
1149 4733 1364 4795 tempus
1411 4728 1468 4781 in
1497 4729 1740 4785 conﬁnio
1771 4731 2006 4787 duorum

447 4822 775 4882 temporum,
821 4829 1014 4884 nempe
1070 4823 1124 4870 et
1164 4815 1401 4871 tristitia:
1464 4818 1747 4886 hiemalis,
1781 4832 1836 4878 et
1892 4822 2011 4877 fru-

448 4912 658 4970 ctuum,
711 4905 807 4975 qui
864 4906 1197 4976 colliguntur
1244 4916 1453 4972 aestate,
1522 4913 2004 4984 participationis:

448 5003 738 5065 propterea
762 4996 904 5050 mala
933 4999 1150 5068 quidem
1179 5000 1504 5068 praeteriisse
1533 5002 1774 5060 dilucide
1799 5021 2010 5060 annun-

448 5089 584 5153 tiat,
645 5087 917 5158 perfectos
978 5100 1159 5146 autem
1218 5091 1425 5149 fructus
1475 5095 1695 5153 virtutis
1764 5097 2008 5153 nondum

448 5190 635 5250 aperte
659 5180 917 5236 ostendit.
945 5180 1049 5236 Sed
1075 5183 1175 5239 hos
1206 5184 1426 5254 quidem
1453 5189 1702 5244 recondit
1735 5204 1799 5244 ac
1831 5204 2012 5246 reser-

447 5279 536 5325 vat
595 5271 649 5325 in
680 5279 896 5342 tempus
926 5283 1318 5343 opportunum,
1353 5279 1575 5346 quando
1605 5287 1767 5335 aestas
1799 5281 2011 5337 instite-

448 5363 538 5417 rit.
579 5362 703 5418 Scis
733 5376 913 5418 autem
945 5366 1168 5420 omnino
1199 5368 1329 5436 quid
1356 5369 1696 5438 signiﬁcetur
1730 5387 1823 5439 per
1847 5382 2008 5428 easta-

447 5461 554 5510 tem
584 5470 647 5510 ex
674 5471 806 5511 voce
835 5456 1075 5523 Domini,
1110 5473 1305 5528 nempe
1351 5460 1501 5529 quod
1566 5458 1758 5517 Messi:
1791 5471 1870 5517 est
1909 5479 2016 5520 ειε-

443 5546 549 5598 culi
565 5545 949 5599 consummatio
996 5548 1080 5616 ";
1113 5565 1260 5604 nunc
1287 5558 1466 5604 autem
1494 5551 1733 5606 OStendit
1758 5553 2012 5610 ﬂorentes

447 5653 572 5708 spes
599 5648 887 5705 Virtutum,
917 5656 1149 5712 quarum
1177 5641 1410 5710 ﬂuctus,
1450 5653 1512 5698 ut
1557 5643 1690 5700 dicit
1719 5645 2012 5717 Propheta,

2115 4649 2239 4702 ὅσον
2280 4648 2488 4703 οὐδέπω
2539 4651 2754 4714 πάντως
2801 4653 3097 4724 ἐκδέχεται.
3147 4656 3377 4727 Σημεῖον
3417 4656 3523 4728 γάρ
3564 4657 3674 4710 τῶν

2114 4739 2390 4810 ἐδωδίμων
2417 4739 2594 4794 σύκων
2619 4743 2667 4794 οξ
2693 4741 2904 4795 ὄλυνθοι
2940 4744 3198 4812 γίνονται,
3239 4745 3332 4810 οὒς
3366 4735 3674 4816 ἐξενηνοχέ-

2114 4849 2201 4884 ναι
2245 4833 2378 4902 φησί
2424 4834 2524 4904 τὴν
2570 4834 2760 4902 συκῆν.
2811 4835 3026 4907 Ἐπειδὴ
3058 4837 3165 4910 γὰρ
3213 4837 3275 4891 τὸ
3311 4840 3676 4910 πνευματικὸν

2116 4922 2215 4994 ἔαρ
2243 4923 2548 4994 ὑπογράφει
2573 4928 2638 4996 τῇ
2669 4925 2852 4997 νύμφῃ
2878 4929 2906 4980 6
2934 4927 3089 4996 λόγος
3109 4944 3122 4958 °
3164 4930 3192 4982 6
3215 4929 3270 4982 δὲ
3305 4929 3491 5000 καιρὸς
3523 4925 3675 4993 οὗτος

2117 5014 2365 5086 μεθόριός
2409 5016 2524 5068 ἐστι
2561 5015 2653 5070 δύο
2679 5017 2909 5089 καιρῶν,
2946 5019 3047 5088 τῆς
3074 5037 3132 5073 τε
3163 5021 3476 5092 χειμερινῆς
3506 5038 3674 5090 κατηο

2114 5106 2288 5174 φείας,
2322 5107 2416 5160 καί
2447 5108 2548 5179 τῆς
2589 5110 2647 5162 ὲν
2682 5110 2758 5181 τῷ
2785 5109 2930 5181 θέρει
2954 5111 3060 5164 τῶν
3086 5111 3314 5183 καρπῶν
3348 5111 3628 5183 μετουσίας
3652 5127 3669 5141 ’

2111 5195 2200 5249 διὰ
2225 5196 2382 5250 τοῦτο
2425 5197 2487 5251 τὸ
2530 5199 2629 5270 μὲν
2659 5201 3043 5273 παρῳχηκέναι
3072 5202 3140 5255 τὰ
3178 5203 3343 5266 κακὰ,
3376 5202 3675 5275 διαρρήδην

2111 5285 2518 5356 εὐαγγελίζεται
2546 5306 2562 5322 ’
2614 5291 2742 5355 τοὺς
2784 5292 2840 5346 δὲ
2873 5295 3116 5365 καρποὺς
3161 5295 3258 5364 τῆς
3296 5295 3495 5366 ἀρετῆς
3523 5293 3672 5348 ούπω

2111 5379 2328 5444 τελείως
2361 5382 2734 5451 προδείκνυσιν
2753 5426 2769 5450 ,
2791 5376 2796 5384 ’
2816 5385 2952 5438 ἀλλὰ
2971 5387 3190 5452 τούτους
3236 5387 3336 5458 μὲν
3384 5388 3443 5442 ὲν
3472 5388 3548 5457 τῷ
3577 5404 3674 5440 κα-

2111 5471 2328 5544 θήκοντι
2356 5475 2532 5548 καιρῷ
2563 5478 2916 5549 ταμιεύεται,
2947 5481 3074 5534 ὅταν
3103 5484 3199 5552 στῇ
3225 5480 3284 5534 τὸ
3307 5480 3485 5552 θέρος.
3513 5478 3669 5542 Οἶδας

2107 5563 2166 5618 δὲ
2195 5564 2410 5631 πάντως
2440 5568 2502 5622 τὸ
2543 5568 2630 5622 διὰ
2669 5569 2764 5622 τοῦ
2797 5569 2988 5642 θέρους
3017 5571 3342 5644 δηλούμενον
3366 5573 3430 5626 ἐκ
3463 5573 3560 5644 τῆς
3580 5570 3670 5624 τοῦ

2108 5655 2314 5728 Κυρίου
2336 5659 2539 5731 φωνῆς,
2565 5661 2600 5730 ἢ
2634 5659 2789 5714 τοῦτό
2817 5678 2998 5734 φησιν,
3024 5664 3105 5717 ὃτι
3148 5663 3211 5718 ’0
3236 5665 3510 5735 θερισμός
3530 5679 3674 5718 auro

518 5817 565 5850 ⁸³
614 5817 800 5872 Matth.
845 5834 924 5884 nt,
973 5819 1052 5886 ὅς
1119 5819 1283 5874 Marc.
1319 5837 1358 5884 ι,
1391 5821 1446 5878 5.
1522 5822 1569 5856 ’³
1619 5822 1807 5879 Matth.
1853 5839 1972 5891 un,
2021 5827 2111 5882 φο.
