4116 6496
277 423 389 483 875

1289 420 1355 477 IN
1387 419 1686 478 CANTICA
1718 417 1990 477 CANTIC.
2047 419 2330 476 HOMlLlA
2370 418 2438 474 ν,

3402 413 3506 468 8Ἱιί

280 545 480 600 ruma
515 541 622 598 τοῦ
657 542 871 609 αἰῶνός
911 543 1040 598 ἐστι
1061 560 1076 575 ο
1131 542 1225 598 νῦν
1271 543 1330 600 δὲ
1369 545 1467 610 τὰς
1494 544 1713 610 ἐλπίδας
1739 544 1846 600 δεί-

1949 551 2172 615 apparet
2224 545 2279 599 in
2330 529 2734 614 temporelsuo
2758 542 2830 602 “.
2871 541 3010 600 Cum
3060 545 3228 616 igitur
3268 545 3510 603 humana

278 653 438 690 κνυσι
460 634 548 692 διὰ
571 633 678 688 τῶν
708 632 917 705 ἀρετῶν
943 634 1227 702 ἀνθούσας,
1253 628 1328 689 ὧν
1354 637 1384 692 6
1411 636 1643 707 καρπὸς,
1664 635 1844 701 καθώς

279 745 447 800 φησιν
463 729 492 783 6
513 727 822 797 Προφήτης,
851 727 910 780 ἐν
935 725 1013 797 τῷ
1035 726 1212 798 καιρῷ
1231 727 1310 799 τῷ
1335 727 1456 799 ίδίῳι
1468 727 1842 800 προφαίνεται.

281 819 398 891 Τῆς
423 819 603 879 τοίνυν
627 817 971 889 ἀνθρωπίνης
1008 817 1221 888 φύσεως
1250 820 1392 876 κατὰ
1421 822 1521 894 τὴν
1553 837 1848 893 μνημονευ-

277 911 474 965 θεϊσαν
491 910 724 965 ἐνταῦθα
747 909 934 979 συκῆν,
967 910 1164 981 πολλὴν
1184 911 1273 966 διὰ
1299 913 1393 967 τοῦ
1415 913 1695 984 νοηθέντος
1714 915 1848 984 ἡμῖν

279 1001 548 1072 χειμῶνος
593 1000 770 1075 κακὴν
802 1001 1002 1072 ἰκμάδα
1045 1001 1441 1074 συλλεξαμένης
1465 1044 1481 1069 ,
1527 1005 1704 1066 καλῶς
1731 1008 1760 1058 6
1786 1005 1848 1058 τὸ

273 1090 514 1163 ’ψυχικὸν
529 1091 628 1162 ἔαρ
651 1095 779 1164 ἡμῖν
792 1093 1170 1165 ἐργαζόμενος,
1193 1094 1284 1148 καὶ
1304 1097 1372 1164 τῇ
1392 1095 1706 1169 καθηκούσῃ
1727 1112 1848 1164 γεο-

280 1183 445 1256 πονίᾳ.
485 1184 812 1256 φυτηκομῶν
855 1185 916 1238 τὸ
957 1185 1313 1255 ἀνθρώπινον.
1365 1187 1578 1258 πρῶτον
1617 1187 1714 1258 μὲν
1753 1188 1846 1240 ὲκ-

279 1273 465 1332 6ἀλλει
484 1275 581 1342 τῆς
604 1273 816 1342 φύσεως
837 1276 943 1328 πᾶν
959 1275 1082 1328 ὅσον
1105 1276 1305 1344 γεῶδες
1325 1278 1418 1332 καὶ
1444 1277 1708 1350 ἄχρηστον
1728 1279 1848 1332 ἀντὶ

280 1363 618 1435 ἀκρεμόνων,
634 1365 701 1420 δι’
723 1363 1157 1437 ἐξομολογήσεως
1177 1368 1564 1434 ἀποσκευάζων
1585 1369 1652 1422 τὰ
1673 1385 1850 1441 περιτ-

273 1456 524 1526 τώματα.
551 1453 664 1509 Εἶθ’
685 1454 856 1519 οὕτως
875 1458 1197 1528 χαρακτῆρα
1217 1476 1337 1512 τινα
1368 1459 1466 1529 τῆς
1491 1459 1848 1530 ἐλπιζομένης

278 1545 706 1619 μακαριότητος,
743 1548 832 1604 διά
857 1549 956 1618 τῆς
997 1547 1342 1622 ἀστειοτέρας
1379 1551 1524 1621 ζωῆς
1548 1550 1848 1606 ἐπιϐάλλων

273 1637 359 1708 τῷ
385 1637 505 1709 βίῳ,
527 1633 636 1692 οἷόν
660 1655 803 1692 τισιν
830 1638 1070 1704 ὁλύνθοις
1095 1639 1193 1712 τὴν
1221 1640 1514 1711 μέλλουσαν
1541 1641 1850 1712 γλυκύτητα

274 1727 389 1780 τῶν
408 1726 588 1781 συκῶν
605 1727 1030 1796 εὐαγγελίζεται.
1048 1729 1155 1783 Καὶ
1167 1729 1320 1784 τοῦτό
1337 1732 1450 1786 ἐστι
1465 1733 1526 1786 τὸ
1539 1732 1845 1803 λεγόμενον,

278 1821 364 1874 ὅτι
403 1819 464 1874 Ἠ
489 1818 650 1889 συκῆ
669 1821 955 1892 ἐξήνεγκε
975 1822 1117 1888 τοὺς
1137 1822 1432 1890 ὀλύνθους
1457 1824 1666 1892 αὐτῆς.
1694 1825 1848 1879 Οὕτω

1944 643 2160 698 natura,
2186 643 2549 706 congruenter
2591 633 2754 700 ilcui,
2786 634 2864 690 de.
2883 651 2992 706 qua
3049 635 3140 692 hic
3175 637 3233 692 lit
3277 640 3504 706 mentio,

1943 745 2040 801 per
2071 727 2400 786 intellectam
2445 741 2475 780 a
2518 726 2680 784 nobis
2714 727 2954 786 hiemem.
2982 730 3186 786 malum
3231 731 3510 803 collegerit

1946 822 2250 885 humorem,
2288 827 2435 874 recte
2462 818 2558 888 qui
2595 818 2792 873 anima:
2820 834 2916 874 ver
2959 818 3015 880 in
3050 821 3210 876 nobis
3239 821 3418 890 allicit,
3455 830 3514 880 et

1945 910 2290 971 convenieuti
2343 910 2675 980 agricultura
2711 910 2768 969 in
2799 911 2959 970 nobis
3017 913 3225 982 plantat
3279 915 3330 970 id
3365 916 3514 986 quod

1945 1011 2030 1060 est
2062 1003 2379 1067 humanum,
2431 1003 2664 1072 primum
2704 1003 2922 1072 quidem
2977 1019 3010 1058 a
3044 1013 3241 1062 natura
3291 1008 3514 1078 expellit

1945 1095 2215 1167 quidquid
2268 1101 2354 1150 est
2396 1101 2674 1151 terrenum
2706 1104 2760 1152 et
2792 1095 3003 1161 inutile,
3032 1111 3309 1156 ramorum
3367 1101 3514 1164 loco,

1947 1203 2044 1258 per
2089 1186 2492 1244 confessionem
2547 1188 2824 1258 expellens
2885 1200 3256 1248 excrementa.
3307 1190 3515 1252 Deinde

1947 1279 2306 1336 beatitudinis
2341 1294 2462 1350 qua:
2496 1287 2780 1350 speratur,
2811 1280 3100 1349 quemdam
3139 1282 3514 1341 characterem
3609 1342 3614 1346 ,

1947 1388 2044 1444 per
2069 1373 2440 1429 honestiorem
2479 1372 2696 1428 vivendi
2728 1374 2998 1429 rationem
3042 1373 3297 1444 injiciens
3341 1377 3516 1432 homi-

1947 1468 2132 1534 nibus,
2199 1468 2366 1523 veluti
2404 1467 2737 1539 quibusdam
2771 1469 3003 1540 grossis,
3045 1469 3329 1526 fructuum
3363 1472 3516 1528 futu-

1947 1575 2064 1616 ram
2102 1560 2388 1616 annuntiat
2419 1559 2783 1616 dulcedinem.
2822 1559 2889 1615 Et
2929 1563 3038 1617 hoc
3075 1571 3160 1619 est
3194 1564 3341 1635 quod
3379 1565 3515 1620 dici-

1946 1661 2058 1717 tur,
2087 1653 2251 1708 Ficus
2287 1652 2512 1722 protulit
2539 1668 2752 1724 graues
2784 1670 2926 1709 suos.
2973 1653 3053 1710 lta
3091 1655 3227 1710 mihi
3274 1656 3516 1728 intelligo

1945 1747 2107 1802 etiam
2141 1746 2423 1802 ﬂorentem
2461 1745 2650 1814 vitem,
2686 1747 2846 1817 cujus
2888 1747 3075 1803 vinum
3117 1749 3336 1820 quidem
3369 1753 3515 1822 quod

1949 1838 2194 1894 laetificat
2247 1852 2346 1893 cor
2395 1839 2659 1903 hominis,
2715 1840 2962 1910 implebit
3015 1841 3194 1912 ipsum
3245 1840 3514 1900 craterem

284 1911 380 1976 μοὶ
399 1911 590 1982 νόησον
611 1913 705 1966 καὶ
725 1913 823 1982 τὴν
846 1914 1218 1985 κυπρίζουσαν
1239 1915 1498 1987 ἄμπελον,
1516 1910 1583 1988 ἧς
1608 1919 1637 1972 6
1661 1917 1758 1988 μὲν
1779 1914 1849 1972 οἶ·

1951 1929 2272 1999 sapieutiaa:
2314 1936 2369 1984 et
2396 1937 2736 2001 proponetur
2783 1898 3052 1988 convivis'
3081 1940 3144 1987 ut
3191 1949 3260 1989 ex
3296 1935 3512 1991 sublimi

277 2019 394 2066 νος.
415 2005 446 2058 6
461 2003 562 2074 τὴν
577 2004 802 2074 καρδίαν
823 2006 1149 2077 εὐφραίνων,
1181 2009 1457 2081 πληρώσει
1490 2009 1620 2069 ποτὲ
1647 2010 1736 2066 τὸν
1750 2012 1851 2078 τῆς

282 2093 474 2162 σοφίας
507 2097 779 2168 κρατῆρα·
808 2096 904 2155 καὶ
930 2099 1278 2170 προκείσεται
1309 2103 1422 2163 τοῖς
1453 2101 1756 2170 συμπόταις
1787 2101 1851 2155 ὲκ

275 2185 377 2240 τοῦ
410 2184 612 2257 ὑψηλοῦ
641 2187 993 2260 κηρύγματος
1020 2190 1142 2244 κατ’
1170 2191 1418 2258 ἐξουσίαν
1443 2191 1745 2262 ἀρύσασθαι
1772 2194 1852 2257 είς

280 2277 496 2349 ἀγαθὴν
524 2293 582 2332 τε
617 2280 714 2334 καὶ
740 2280 999 2349 νηφάλιον
1041 2281 1232 2352 μέθην.
1284 2281 1532 2353 Ἑκείνην
1569 2282 1710 2352 λέγω
1752 2283 1852 2354 τὴν

284 2369 476 2438 μέθην,
504 2369 570 2423 δι’
597 2364 665 2442 ἧς
700 2372 812 2434 τοῖς
834 2370 1142 2442 ἀνθρώποις
1177 2374 1240 2427 ἐκ
1265 2372 1375 2426 τῶν
1399 2360 1600 2428 ὑλικῶν
1626 2373 1762 2444 πρὸς
1791 2373 1852 2428 τὸ

278 2458 557 2530 θειότερον
582 2462 616 2532 η
648 2461 868 2524 ἔκτασις
891 2463 1117 2532 γίνεται.

353 2549 466 2604 Νῦν
511 2551 610 2621 μὲν
655 2553 904 2624 κυπρίζει
933 2553 1022 2610 διὰ
1041 2555 1136 2608 τοῦ
1165 2555 1359 2620 ἄνθους
1385 2559 1418 2628 ἡ
1456 2557 1719 2626 ἄμπελος,
1755 2557 1850 2613 καί

274 2654 368 2706 ’τις
398 2641 663 2699 ἐκδίδοται
688 2645 818 2717 παρ’
846 2645 1018 2714 αὐτῆς
1044 2647 1218 2718 ἀτμὸς
1246 2648 1571 2714 εύωδιάζων,
1604 2649 1736 2720 ἡδὺς
1759 2651 1854 2704 καὶ

274 2732 589 2801 προσηνὴς,
626 2733 762 2799 πρὸς
788 2733 849 2787 τὺ
895 2735 1147 2806 περιέχον
1195 2737 1412 2808 πνεῦμα
1444 2740 1850 2810 κατακιρνάμε-

279 2839 393 2887 νος.
426 2817 588 2886 Οίδας
617 2823 674 2876 δὲ
695 2823 757 2878 τὸ
781 2823 1256 2895 πνεῦμα-πάντως,
1286 2828 1314 2880 δ
1342 2828 1440 2894 τὴν
1467 2829 1696 2904 εὐωδίαν
1718 2830 1850 2884 ταύο

274 2929 383 2981 την
421 2913 536 2975 τοῖς
578 2911 901 2982 σωζομένοις
943 2913 1231 2983 ἐργάζεται
1254 2956 1270 2979 ,
1307 2917 1457 2987 παρά
1494 2917 1587 2971 τοῦ
1638 2917 1850 2971 Παύλου

278 3004 492 3076 μαθών.
531 3003 715 3061 Ταῦτα
749 3005 1092 3076 προδείκνυσι
1135 3011 1201 3079 τῇ
1231 3007 1416 3081 νύμφῃ
1462 3010 1491 3062 6
1533 3010 1708 3078 λόγος,
1755 3009 1850 3064 τοῦ

279 3095 450 3152 καλοῦ
471 3096 580 3150 τῶν
597 3095 782 3167 ψυχῶν
803 3095 962 3168 ἔαρος
979 3097 1048 3154 τὰ
1072 3098 1446 3169 γνωρίσματα.
1473 3101 1566 3156 καὶ
1597 3100 1853 3155 ἐπισπεύ-

279 3185 362 3242 δει
394 3187 531 3260 πρὸς
561 3189 661 3259 τὴν
690 3189 796 3242 τῶν
827 3190 1204 3260 προκειμένων
1237 3190 1555 3251 ἀπόλαυσιν,
1575 3191 1856 3263 διεγείρων

277 3281 454 3353 αὐτὴν
475 3281 552 3352 τῷ
588 3281 750 3353 λόγῳ.
784 3281 1036 3337 Ἀνάστα
1060 3324 1074 3347 ,
1099 3282 1272 3350 λέγων
1291 3322 1305 3346 ,
1345 3281 1505 3345 ἐλθὲ,
1527 3283 1566 3350 ἠ
1589 3283 1854 3350 πλησίον

276 3392 423 3443 μου,
452 3375 608 3443 καλή
631 3393 772 3444 μου,
823 3373 1140 3444 περιστερά
1161 3393 1302 3444 μου.
1337 3376 1476 3429 Ὅσα
1513 3376 1755 3447 δόγματα
1783 3377 1851 3432 δι’

281 3464 479 3533 ὀλίγων
507 3467 564 3519 ὲν
589 3467 701 3532 τοῖς
740 3468 946 3538 ῥήμασι
983 3467 1193 3530 τούτοις
1221 3468 1249 3520 6
1276 3467 1447 3536 Λόγος
1478 3469 1608 3538 ἡμῖν
1641 3469 1853 3524 ὑποδείό

280 3557 502 3610 κνυσινί
536 3557 610 3610 υύ
632 3557 738 3628 γὰρ
761 3556 902 3611 κατά
927 3574 1046 3610 τινα
1074 3555 1446 3628 παρέλκουσαν
1470 3556 1852 3626 ματαιολογίαν

280 3648 396 3710 τοῖς
426 3647 608 3711 αὐτοῖς
659 3650 894 3719 ῥήμασιν
927 3647 1317 3719 ὲμφιλοχωρεῖν
1368 3646 1466 3717 τὴν
1499 3647 1850 3702 θεόπνευστον

277 3738 631 3792 διδασκαλίαν
660 3739 808 3792 ἐστὶν
833 3738 998 3802 είκὸς.
1039 3737 1200 3792 Ἀλλά
1230 3755 1284 3791 τι
1319 3737 1461 3809 μέγα
1498 3739 1592 3792 καὶ
1624 3739 1851 3812 θεοπρε-

279 3829 384 3894 πὲς
417 3831 593 3901 νόημα
621 3831 706 3884 διὰ
751 3831 850 3901 τῆς
895 3828 1243 3898 ⁸ιιιιαλιλλογίας
1284 3830 1414 3899 ἡμῖν
1452 3830 1848 3886 ύποδείκνυται.

276 3922 359 3976 Τὸ
379 3922 437 3976 δὲ
473 3922 761 3991 λεγόμενον
785 3921 1024 3976 τοιοῦτόν
1068 3923 1245 3976 ἐστιν·
1279 3922 1341 3974 Ἥ
1372 3922 1619 3992 μακαρία
1646 3923 1738 3976 καὶ
1764 3923 1851 3976 ατη

279 4012 390 4075 διος
413 4013 508 4066 καὶ
528 4013 704 4066 πάντα
728 4012 851 4066 νοῦν
874 4011 1216 4082 ὑπερέχουσα
1237 4009 1416 4078 φύσις,
1440 4011 1616 4066 πάντα
1633 4010 1700 4064 τὰ
1723 4011 1850 4066 ὅντα

279 4105 340 4157 tv
382 4104 546 4173 ἑαυτῇ
587 4103 938 4176 περιέχουσα.
971 4104 1062 4157 ὑπ’
1091 4101 1304 4164 οὐδενὸς
1351 4102 1664 4172 περιέχεται
1697 4104 1846 4174 ὅρον.

279 4195 448 4250 οὐδὲν
476 4197 584 4268 γάρ
612 4198 728 4250 ἐστι
767 4196 894 4265 περὶ
925 4195 1093 4266 αὐτὴν
1125 4194 1516 4268 θεωρούμενον,
1543 4194 1606 4248 ού
1640 4195 1852 4265 χρόνος,

275 4287 344 4340 ού
366 4287 549 4350 τόπος,
571 4288 633 4341 ού
667 4287 887 4358 χρῶμα,
914 4288 975 4341 ού
1005 4287 1210 4358 σχῆμα,
1239 4288 1339 4341 οὐκ
1358 4283 1516 4350 εἶδος,
1546 4287 1644 4341 ούκ
1665 4286 1853 4356 δγκοςε

277 4379 348 4434 ού
381 4380 708 4451 πηλικότης,
741 4380 802 4432 ού
833 4379 1126 4448 διάστημα.
1160 4379 1280 4434 οὐδὲ
1313 4379 1442 4434 ἄλλο
1472 4395 1524 4432 τι
1552 4376 1660 4432 τῶν
1694 4395 1854 4450 περι-

278 4477 604 4548 γραπτικῶν
648 4476 838 4546 ὄνομα,
886 4475 920 4545 ἢ
968 4476 1218 4544 πρᾶγμα,
1252 4473 1287 4544 ἢ
1335 4474 1532 4544 νόημα,
1577 4473 1712 4527 ἀλλὰ
1741 4474 1850 4526 πᾶν

275 4566 411 4638 περὶ
437 4568 605 4638 αὐτὴν
637 4565 925 4636 νοούμενον
951 4563 1156 4633 ἀγαθὸν
1197 4564 1278 4627 είς
1317 4562 1544 4633 ἄπειρόν
1569 4579 1630 4621 τε
1662 4564 1755 4617 καὶ
1781 4564 1846 4618 ἀο
1874 4582 1920 4638 ι)

276 4658 495 4728 ὄριστον
521 4657 784 4728 πρόεισιν.
821 4658 995 4711 Ὅπου
1026 4655 1136 4728 γάρ
1171 4655 1339 4710 κακία
1369 4654 1551 4726 χώραν
1581 4655 1680 4711 οὐκ
1712 4654 1844 4725 ἔχει,

277 4748 486 4818 ἀγαθοῦ
518 4749 688 4821 πέρας
723 4751 869 4804 ἐστὶν
901 4749 1073 4804 οὐδέν.
1117 4749 1238 4802 Ἐπὶ
1268 4747 1377 4820 γὰρ
1407 4748 1505 4819 τῆς
1547 4747 1845 4820 τρετσιικῆς

277 4841 514 4910 φύσεως.
545 4841 630 4895 διὰ
649 4842 711 4895 τὸ
739 4842 858 4911 ίσην
885 4840 1164 4910 ἐγκεῖσθαι
1191 4838 1288 4912 τὴν
1313 4839 1539 4910 δύναμιν
1565 4841 1631 4910 τῇ
1663 4856 1848 4909 προαιο

281 4933 431 5004 ρὲσει
454 4934 588 5004 πρὸς
611 4934 709 5005 τὴν
735 4935 818 5003 ἐφ’
866 4934 1102 5004 ἑκάτερα
1127 4932 1236 4986 τῶν
1268 4931 1523 4987 ἐναντίων
1564 4929 1754 5002 ῥοπὴν,
1785 4929 1847 4984 τό

271 5040 337 5077 τε
374 5024 573 5091 ἀγαθὸν
609 5025 670 5079 τὺ
707 5026 766 5078 ὲν
797 5028 949 5096 ἡμῖν,
988 5025 1079 5078 καὶ
1115 5025 1174 5077 τδ
1211 5024 1379 5078 κακὸν
1413 5025 1532 5088 ταῖς
1577 5022 1845 5092 διαδοχαῖς

275 5112 526 5182 ἀλλήλων
566 5114 888 5182 ὲναπολήγει
908 5153 924 5178 ,
958 5114 1052 5166 καὶ
1082 5113 1290 5181 γίνεται
1320 5111 1415 5164 τοῦ
1463 5109 1669 5178 ἀγαθοῦ
1720 5109 1843 5178 ὅρος

273 5204 311 5273 ἡ
351 5203 701 5274 ὲπιγινομένη
731 5203 915 5265 κακία,
939 5203 1032 5258 καὶ
1053 5202 1228 5256 πάντα
1249 5201 1315 5256 τὰ
1342 5200 1454 5264 τῶν
1477 5199 1662 5270 ψυχῶν
1688 5197 1843 5269 ἡμῶν

273 5293 706 5363 ἐπιτηδεύματα,
741 5294 841 5348 ὅσα
869 5293 1010 5346 κατά
1040 5292 1101 5346 τὸ
1137 5292 1378 5346 ἐναντίον
1415 5289 1666 5360 ἀλλήλοις
1697 5289 1844 5342 ἀντι-

271 5385 638 5454 καθέστηκεν,
674 5385 752 5448 είς
781 5384 983 5455 ἄλληλα
1008 5383 1183 5455 λήγει,
1220 5383 1311 5438 καὶ
1342 5382 1432 5435 ὑπ’
1466 5381 1709 5452 ἀλλήλων
1730 5380 1845 5452 δρί-

273 5476 448 5538 ζεται.
496 5473 557 5528 Ἦ
605 5474 662 5528 δὲ
704 5475 848 5546 ἁπλῆ
887 5475 980 5531 καὶ
1018 5473 1236 5545 καθαρὰ
1284 5475 1379 5528 καὶ
1429 5472 1704 5544 μονοειδὴς
1748 5471 1843 5524 καὶ

271 5567 544 5636 ἄτρεπτος
559 5567 654 5622 καὶ
673 5566 1026 5630 ἀναλλοίωτος
1042 5569 1222 5636 φύσις,
1248 5565 1334 5620 ἀεὶ
1347 5564 1603 5628 ὡσαύτως
1624 5564 1840 5635 ἔχουσα,

272 5657 371 5710 καὶ
401 5655 654 5710 οὐδέποτε
675 5655 870 5725 ἑαυτῆς
895 5653 1238 5726 ἑξισταμένη,
1273 5653 1362 5707 διὰ
1388 5653 1448 5708 τὸ
1473 5653 1841 5724 ἀπαράδεκτος

342 5836 398 5874 ⁸⁵
445 5835 594 5894 Psal.
631 5852 673 5903 ι,
708 5835 764 5892 3.
839 5834 884 5867 "
935 5833 980 5890 ll
1009 5832 1135 5890 Cor.
1189 5848 1250 5900 ιι,
1285 5833 1372 5888 l6.

599 5924 871 5983 ΡΑτιιοι..
907 5921 1023 5979 (in.
1072 5921 1119 5977 Χ
1135 5917 1282 5976 LIV.

1950 2021 2342 2092 praedicatione
2397 2024 2567 2079 libere
2621 2023 2923 2080 misceatur
2968 2023 3037 2080 ad
3079 2025 3278 2082 bonam
3324 2035 3380 2083 et
3427 2044 3541 2084 εον

1953 2115 2131 2170 briam
2148 2115 2492 2172 ebrietatem.
2518 2115 2666 2172 illam
2689 2117 2835 2178 dico.
2877 2133 2976 2190 per
3005 2134 3170 2190 quam
3202 2121 3507 2179 hominibus

1951 2223 2017 2264 ex
2058 2209 2223 2265 rebus
2255 2209 2634 2266 materialibus
2666 2212 2725 2266 iit
2760 2215 3150 2270 transmutatio
3178 2215 3251 2271 ad
3278 2215 3330 2270 id
3370 2218 3527 2288 quod.

1952 2307 2036 2355 est
2061 2299 2322 2356 divinius.

2020 2554 2175 2612 Nunc
2213 2555 2432 2626 quidem
2480 2555 2638 2613 ﬂoret
2684 2556 2834 2623 vitis,
2874 2566 2928 2614 et
2959 2573 3028 2614 ex
3072 2573 3136 2616 ea
3183 2575 3280 2629 per
3325 2560 3518 2618 liorem

1951 2647 2222 2702 emittitur
2245 2661 2414 2718 vapor
2441 2647 2668 2718 quidam.
2691 2649 2829 2705 bene
2853 2651 3008 2707 olens
3051 2658 3107 2708 et
3149 2651 3358 2717 suavis,
3380 2668 3501 2710 con

1952 2755 2284 2818 temperatus
2334 2763 2462 2804 cum
2512 2749 2786 2805 ambiente
2839 2751 3058 2820 spiritu.
3117 2751 3276 2808 Nosti
3333 2765 3524 2814 autem

1950 2841 2176 2894 omnino
2213 2840 2486 2910 spiritum,
2538 2843 2632 2912 qui
2662 2841 2825 2896 elIicit
2868 2844 3013 2899 hunc
3059 2846 3261 2902 bonum
3294 2850 3520 2906 odorem

1953 2931 2022 2986 iis
2047 2932 2139 3001 qui
2171 2932 2307 2987 salvi
2349 2932 2506 2995 fiunt,
2540 2940 2599 2987 ut
2633 2935 2725 3003 qui
2765 2935 2867 2990 hoc
2909 2935 3172 2994 didiceris
3193 2954 3224 2992 a
3251 2938 3423 2996 Paulo
3446 2943 3515 2998 “..

1952 3024 2078 3080 llaec
2108 3041 2323 3096 sponsae
2349 3027 2527 3081 oratio
2555 3029 2708 3096 prius
2744 3029 2990 3083 ostendit
3014 3029 3215 3085 indicia
3261 3041 3316 3087 et
3357 3043 3522 3092 notas

1952 3119 2078 3174 boui
2108 3119 2251 3176 veris
2278 3121 2608 3188 animarum,
2634 3131 2688 3176 et
2719 3135 2842 3176 eam
2875 3122 3066 3176 incitat
3090 3133 3149 3179 ut
3197 3123 3414 3181 fruatur
3449 3127 3518 3182 iis

1952 3226 2072 3281 qua:
2100 3221 2228 3267 sunt
2268 3212 2571 3282 proposita,
2619 3213 2802 3269 verbis
2844 3229 2966 3269 eam
3011 3216 3283 3281 excitans,
3325 3216 3516 3288 Surge,

1952 3303 2164 3365 dicens,
2193 3305 2330 3367 ueni,
2356 3304 2650 3374 propinqua
2673 3320 2810 3368 nica,
2850 3304 3076 3374 pulchra
3103 3323 3240 3372 mea,
3270 3307 3517 3365 columba

1951 3423 2087 3460 mea.
2113 3407 2285 3472 Quam
2317 3406 2487 3459 multa
2515 3415 2692 3460 autem
2723 3406 2977 3476 dogmata
3007 3409 3196 3478 paucis
3225 3408 3312 3464 his
3333 3412 3514 3467 verbis
3584 3435 3589 3444 ί

1950 3505 2109 3561 nobis
2138 3505 2378 3560 ostendit
2404 3501 2672 3559 Verbum!
2726 3519 2834 3558 non
2878 3505 3021 3560 enim
3055 3506 3202 3561 inani
3248 3508 3430 3578 aliqua
3462 3516 3513 3564 et

1953 3612 2356 3668 supervacanea
2395 3597 2642 3652 oratione
2691 3598 2747 3652 in
2807 3597 2996 3653 iisdem
3034 3599 3218 3656 verbis
3266 3601 3514 3657 lubenter

1950 3690 2230 3746 immorari
2264 3690 2525 3746 divinitus
2559 3691 2878 3760 inspiratam
2913 3691 3217 3747 doctrinam
3261 3700 3346 3749 est
3377 3709 3515 3750 con-

1950 3800 2292 3848 sentaneum.
2329 3789 2435 3846 Sed
2489 3806 2685 3861 magna
2727 3791 2908 3862 aliqua
2940 3799 2994 3846 et
3041 3790 3152 3847 Deo
3180 3795 3515 3851 conveniens

1949 3883 2308 3956 intelligentia
2355 3883 2661 3937 ostenditur
2708 3882 2868 3937 nobis
2925 3897 3022 3952 per
3057 3883 3199 3937 hanc
3226 3886 3513 3956 repetitam

1950 3977 2297 4034 sententiam.
2351 3977 2507 4044 Quod
2572 3979 2753 4030 autem
2799 3975 3000 4029 dicitur
3054 3974 3139 4022 est
3165 3968 3512 4039 huiusmodi:

1948 4070 2111 4125 Beata
2141 4077 2196 4124 et
2230 4078 2433 4124 aeterna
2464 4074 2518 4123 et
2553 4082 2768 4122 omnem
2803 4067 3213 4138 intelligentiam
3243 4066 3514 4123 excedens

1949 4174 2166 4226 natura,
2196 4161 2380 4215 omnia
2405 4175 2531 4230 quae
2554 4167 2682 4214 sunt
2711 4159 2765 4213 in
2793 4160 2969 4229 seipsa
2997 4174 3280 4225 coercens,
3309 4174 3338 4213 a
3364 4159 3515 4214 nullo.

1948 4254 2182 4310 termino
2206 4251 2599 4308 circumdatur.
2648 4249 2796 4304 Nihil
2849 4259 2932 4306 est
2988 4250 3135 4305 enim
3191 4249 3334 4320 quod
3366 4251 3512 4306 circa

1947 4349 2123 4418 ipsam
2155 4345 2556 4408 consideratur,
2589 4359 2698 4400 non
2747 4353 2992 4414 tempus,
3011 4358 3119 4398 non
3177 4344 3352 4408 locus,
3403 4359 3512 4401 non

1947 4439 2122 4505 color,
2151 4453 2260 4493 non
2289 4437 2482 4509 figura,
2511 4451 2618 4491 non
2665 4435 3004 4508 magnitudo,
3047 4451 3158 4492 non
3211 4437 3513 4508 quantitas,

1947 4546 2057 4590 non
2079 4531 2445 4593 intervallum,
2464 4544 2641 4599 neque
2662 4528 2830 4584 ullum
2849 4529 2994 4584 aliud
3014 4543 3214 4584 nomen
3233 4529 3513 4600 pertinens

1951 4626 2018 4683 ad
2048 4624 2650 4696 circumscriptionem,
2699 4631 2796 4677 aut
2827 4639 2916 4679 res
2938 4664 2952 4685 .
2998 4634 3092 4677 aut
3133 4624 3514 4696 intelligentia,

1950 4720 2045 4778 sed
2076 4733 2240 4776 omne
2265 4718 2468 4773 bonum
2495 4715 2640 4788 quod
2665 4717 2812 4772 circa
2837 4715 3010 4786 ipsam
3043 4715 3365 4786 intelligitur
3386 4731 3511 4786 pro-

1949 4811 2096 4870 cedit
2122 4813 2177 4867 in
2206 4811 2502 4875 infinitum,
2538 4817 2593 4864 et
2626 4807 2849 4864 minime
2882 4807 3378 4863 circumscribitur.
3405 4805 3511 4864 Ubi

1948 4905 2094 4960 enim
2126 4903 2262 4957 vitio
2291 4903 2478 4957 nullus
2507 4909 2594 4956 est
2629 4900 2804 4964 locus,
2829 4899 3015 4960 nullus
3063 4907 3148 4956 est
3191 4899 3320 4956 boni
3365 4901 3511 4958 linis.

1949 4997 2008 5054 In
2050 4995 2300 5052 mutabili
2327 4994 2474 5049 enim
2520 5001 2737 5058 natura,
2789 5001 3075 5062 propterea
3117 4991 3265 5061 quod
3309 4993 3510 5062 pariter

1949 5089 2093 5145 inest
2117 5092 2358 5157 potestas
2401 5092 2454 5139 et
2484 5082 2656 5138 libera
2689 5082 2923 5154 eligendi
2972 5080 3227 5138 voluntas
3257 5081 3324 5136 ad
3355 5081 3509 5136 incli-

1948 5181 2219 5235 nationem
2269 5192 2333 5232 ac
2378 5173 2797 5247 propensionem
2839 5173 2905 5228 ad
2936 5181 3166 5244 utraque
3211 5172 3512 5236 contraria,

1947 5277 2092 5351 quod
2126 5283 2210 5330 est
2245 5275 2300 5328 in
2331 5271 2487 5328 nobis
2535 5270 2746 5326 bonum
2780 5279 2834 5326 et
2877 5268 3079 5322 malum
3121 5266 3196 5321 ita
3228 5265 3552 5338 desinunt,§

1949 5378 2009 5426 ut
2042 5368 2145 5424 sibi
2177 5366 2412 5422 invicem
2457 5365 2796 5420 succedant:
2844 5369 2898 5416 et
2935 5357 3065 5414 boni
3110 5363 3196 5413 est
3241 5355 3510 5411 terminus

1947 5463 2136 5517 vitium
2167 5458 2460 5516 adveniam
2494 5475 2508 5511 :
2543 5462 2598 5511 et
2624 5452 2812 5514 omnia
2847 5451 3156 5512 animarum
3193 5453 3512 5502 nostrarum

1947 5554 2130 5612 studia
2156 5561 2210 5609 et
2237 5550 2508 5614 instituta,
2543 5561 2666 5618 qua:
2706 5545 2808 5602 sibi
2842 5543 3076 5606 invicem
3127 5537 3508 5600 adversantur,

1947 5649 2002 5706 in
2033 5664 2091 5707 se
2114 5647 2346 5704 invicem
2366 5641 2648 5710 desinunt,
2668 5647 2722 5698 et
2740 5654 2772 5695 a
2793 5652 2853 5695 se
2871 5634 3110 5692 invicem
3120 5629 3508 5690 terminantur.

3185 5900 3266 5963 ‘28
