3932 6448
549 392 657 454 8³18

1770 391 1825 446 S.
1863 390 2189 448 GREGORII
2223 387 2518 446 NYSSENI

3677 391 3786 446 876

552 507 787 578 Simplex
818 513 995 559 autem
1025 513 1078 558 et
1107 519 1242 573 pura
1273 511 1327 558 et
1354 505 1640 561 uniformis
1672 515 1725 560 et
1752 507 2105 561 immutabilis

2212 500 2343 559 εἶναι
2374 509 2471 576 τῆς
2502 506 2636 577 πρὸς
2665 523 2724 558 το
2753 505 2920 558 κακὸν
2951 499 3253 568 κοινωνίας,
3297 500 3548 576 ἀόριστος
3591 506 3655 558 ἐν
3701 505 3785 574 τῷ

551 609 604 654 ct
633 595 1010 658 inalterabilis,
1035 601 1090 648 et
1131 609 1254 665 qua:
1294 611 1508 666 semper
1538 598 1789 653 similiter
1831 606 1884 652 et
1913 597 2102 652 eodem

2212 597 2392 669 ἀγαθῷ
2441 599 2623 668 μένει,
2670 598 2790 651 οὑδὲ
2827 598 2996 668 αὑτῆς
3047 597 3317 668 βλέπουσα
3363 599 3554 669 πέρας,
3595 597 3692 651 διὰ
3718 601 3786 651 τὸ

551 689 712 744 modo
733 703 791 742 se
807 686 970 741 habet
988 692 1210 750 natura,
1228 693 1282 740 et
1303 701 1334 740 a
1353 688 1530 757 seipsa
1553 702 1828 758 nunquam
1851 687 2064 742 excedit
2087 705 2102 742 :

553 788 839 851 prapterea
873 777 1019 847 quod
1049 791 1156 832 non
1185 778 1256 832 sit
1283 793 1454 848 capax
1478 779 1756 834 societatis
1793 795 1914 833 cum
1940 779 2104 842 malo,

551 880 730 924 manet
755 869 808 922 in
841 869 984 923 bono
1013 867 1237 922 minime
1258 867 1692 938 circumscripta,
1723 869 1777 922 in
1809 885 1868 924 se
1898 869 2106 923 nullum

546 961 735 1014 videns
767 958 948 1022 ﬁnem,
981 965 1269 1028 propterea
1296 957 1440 1024 quod
1474 958 1530 1012 in
1584 973 1643 1012 se
1672 957 1878 1011 nullum
1929 957 2109 1013 videat

547 1051 907 1106 contrarium.
941 1049 1170 1116 Quando
1194 1065 1322 1120 ergo
1357 1049 1525 1103 trahit
1551 1051 1841 1104 humanam
1870 1049 2107 1103 animam

548 1143 614 1197 ad
641 1143 724 1198 sui
751 1141 1244 1213 participationem,
1278 1141 1472 1211 aequali
1503 1155 1715 1210 semper
1753 1154 2028 1204 mensura,
2052 1139 2105 1194 in

546 1249 609 1290 ea
635 1249 756 1303 quae
797 1233 864 1287 ad
899 1233 953 1288 id
999 1235 1142 1302 quod
1174 1240 1258 1287 est
1304 1232 1500 1286 melius
1541 1247 1605 1286 ac
1653 1232 2003 1301 praestantius
2047 1231 2104 1285 fit

497 1317 502 1322 ’
547 1326 987 1394 exsuperatione,
1021 1324 1260 1393 assurgit
1287 1336 1454 1392 supra
1500 1337 1618 1376 eam
1645 1337 1766 1392 qua:
1800 1331 1884 1376 est
1930 1322 2103 1392 parti-

547 1433 698 1488 ceps.
727 1416 860 1470 Nam
882 1417 1061 1470 anima
1092 1414 1311 1485 quidem
1345 1413 1526 1483 seipsa
1571 1428 1784 1482 semper
1819 1411 1878 1464 ﬁt
1907 1413 2100 1481 major,

2209 687 2374 758 μηδὲν
2399 687 2508 741 τῶν
2534 689 2789 742 ἐναντίων
2811 688 3046 759 βλέπειν.
3077 690 3242 742 Ὅταν
3267 689 3445 743 τοίνυν
3471 691 3784 760 ἐφέλκηται

2207 777 2341 848 πρὸς
2372 777 2656 846 μετουσίαν
2684 780 2880 848 ἑαυτῆς
2897 778 2993 850 τὴν
3013 778 3356 848 ἀνθρωπίνην
3375 779 3571 849 ψυχὴν,
3591 780 3687 830 ἀεὶ
3701 777 3786 849 τῷ

2207 871 2307 939 ίσῳ
2327 869 2506 940 μέτρῳ
2521 870 2659 923 κατὰ
2671 870 2770 944 τὴν
2793 872 2849 934 ὲς
2863 872 2920 924 τὸ
2939 874 3183 942 κρεῖττον
3200 871 3468 942 ὑπεροχὴν
3491 871 3594 941 τῆς
3615 888 3783 942 tte-:5-

2211 959 2410 1030 χούσης
2430 961 2882 1032 ὑπερανέστηκεν.
2925 963 2986 1015 Ἦ
3020 963 3116 1034 μὲν
3142 963 3250 1034 γάρ
3274 963 3417 1034 ψυχὴ
3449 963 3658 1034 μείζων
3682 964 3788 1016 αὑ.

2210 1054 2306 1124 τῆς
2334 1054 2560 1107 πάντοτε
2589 1054 2675 1107 διά
2697 1056 2794 1126 τῆς
2817 1054 2910 1108 τοῦ
2933 1057 3284 1128 ὑπερέχοντος
3309 1057 3596 1127 μετουσίας
3627 1056 3786 1123 γίνεο

2208 1161 2318 1208 ται,
2349 1148 2443 1200 καὶ
2471 1149 2808 1220 αὐξανομένη
2843 1149 2939 1219 οὑχ
2987 1150 3239 1202 ἵσταται·
3277 1149 3338 1202 τὸ
3379 1150 3437 1202 δὲ
3473 1149 3788 1220 μετεχόμε-

2209 1253 2297 1290 νον
2325 1237 2522 1304 ἀγαθὸν
2548 1241 2605 1291 ὲν
2631 1238 2729 1308 ίσῳ
2756 1239 2899 1310 μένει
2923 1238 3199 1302 ὡσαύτως,
3228 1239 3333 1292 ὑπὸ
3349 1241 3446 1310 τῆς
3467 1240 3562 1291 ἐπὶ
3587 1239 3787 1291 πλεῖον

2209 1328 2295 1380 ἀεὶ
2330 1329 2658 1402 μετεχούσης
2692 1332 2750 1383 ὲν
2782 1332 2869 1402 ἴση
2901 1332 3127 1385 πάντοτε
3153 1333 3219 1402 τῇ
3244 1331 3478 1402 tim-pom
3515 1330 3784 1401 εὑρισκό-

2213 1432 2391 1485 μενον.

546 1521 600 1567 et
633 1519 861 1582 augetur
885 1525 978 1581 per
1014 1509 1484 1579 participationem
1513 1508 1631 1576 ejus
1665 1507 1807 1578 quod
1841 1518 2150 1579 exsuperat,
2191 1524 2366 1580 neque
2396 1510 2598 1566 desinit
2644 1513 2828 1584 augeri
2857 1532 2870 1568 :
2902 1512 3103 1567 bonum
3154 1521 3332 1567 autem
3371 1510 3513 1582 quod
3549 1510 3788 1582 partici—

547 1611 725 1673 patur,
757 1616 970 1672 semper
995 1607 1174 1654 manet
1206 1599 1259 1653 in
1285 1599 1611 1670 aequalitate,
1655 1607 1714 1652 ut
1766 1600 1909 1670 quod
1951 1600 2019 1654 ab
2085 1615 2149 1656 ca

504 1679 512 1697 ’
549 1698 729 1750 niatur
753 1697 804 1747 in
829 1693 1021 1763 aequali
1046 1692 1479 1760 exsuperatione.

621 1779 878 1842 Videmus
908 1800 1038 1855 ergo
1066 1793 1329 1854 tanquam
1361 1785 1416 1838 in
1442 1785 1717 1839 scalarum
1751 1799 1984 1840 ascensu
2012 1799 2110 1852 per
2141 1792 2182 1846 Β

547 1879 766 1936 virtutis
831 1878 1180 1933 ascensiones
1239 1891 1498 1946 sponsam
1564 1892 1593 1930 a
1658 1875 1837 1931 Verbo
1889 1875 2106 1931 deduci.

549 1971 793 2024 ltnmitlit
823 1970 995 2039 primo
1028 1967 1265 2024 Verbum
1295 1969 1506 2023 radium
1535 1984 1632 2039 per
1677 1967 1945 2023 fenestras
1985 1982 2109 2039 pro-

548 2065 816 2137 pheticas,
844 2071 938 2116 aut
968 2062 1240 2116 cancellos
1272 2069 1662 2132 praeceptorum
1714 2060 1869 2131 legis,
1913 2066 1967 2114 et
1989 2075 2108 2114 eam

551 2158 779 2210 advocat
807 2162 866 2207 ut
900 2153 1299 2222 appropinquet
1323 2152 1454 2213 lttci,
1484 2159 1538 2206 et
1566 2151 1794 2222 pulchra
1820 2150 1911 2204 ﬁat
1936 2151 2110 2205 instar

551 2245 812 2300 columba:
835 2241 1066 2298 formata
1101 2241 1154 2294 in
1192 2243 1332 2296 luce.
1367 2239 1571 2296 Deinde
1615 2256 1736 2297 cum
1779 2256 1960 2296 rerum
1995 2240 2111 2310 pul-

551 2339 807 2390 chrat'um
836 2341 1047 2388 tantum
1093 2332 1308 2397 fuisset,
1357 2340 1628 2402 quantum
1673 2333 1845 2402 potuit
1892 2347 2106 2403 capere,

553 2429 842 2498 particeps,
857 2443 1049 2482 rursus
1064 2427 1130 2482 de
1167 2429 1397 2500 integro,
1420 2433 1480 2480 ut
1499 2441 1619 2495 quae
1638 2425 1908 2480 bonorum
1929 2426 2108 2480 adhuc

551 2536 658 2574 non
681 2525 825 2574 esset
843 2517 1133 2588 particeps,
1156 2530 1276 2570 eam
1301 2516 1525 2571 attrahit
1547 2516 1614 2570 ad
1636 2516 2108 2586 participationem

551 2611 678 2666 boni
706 2608 1183 2680 supereminentis,
1206 2607 1343 2662 adeo
1366 2615 1424 2661 ut
1451 2609 1501 2662 id
1525 2609 1703 2678 ipsum
1723 2608 1868 2680 quod
1895 2625 2110 2679 semper

552 2709 777 2772 apparet
811 2707 1176 2770 congruenter
1226 2700 1561 2769 proportioni
1611 2699 1911 2770 profectus,
1947 2701 2108 2756 simul

553 2795 720 2849 etiam
761 2792 1000 2847 attrahat
1026 2791 1377 2853 desiderium,
1411 2801 1467 2846 et
1490 2801 1712 2862 propter
1738 2793 2110 2862 exsuperatio-

551 2901 675 2942 nem
713 2886 976 2940 bonorum
1044 2900 1164 2954 quae
1212 2899 1427 2954 semper
1475 2885 1900 2940 considerantur
1945 2886 2003 2940 in
2043 2901 2110 2942 eo

552 2975 698 3047 quod
714 2975 1354 3046 supereminet,videatur
1373 2975 1547 3044 primo
1564 2984 1785 3046 tangere
1801 2991 2105 3034 ascensum.

553 3068 848 3138 Pr0pterea
875 3082 1005 3137 ergo
1028 3068 1078 3122 ei
1123 3066 1372 3120 excitata:
1413 3081 1606 3122 rursus
1651 3067 1805 3134 dicit,
1841 3067 2028 3139 Surge,
2057 3079 2109 3124 et

557 3159 609 3215 ci
633 3173 757 3212 cum
787 3156 1025 3212 venisset
1049 3156 1201 3219 dicit,
1235 3155 1382 3211 Veni.
1408 3155 1594 3226 Neque
1615 3159 1758 3212 enim
1783 3159 1830 3213 ei
1859 3160 1951 3228 qui
1981 3175 2110 3214 vere

556 3250 733 3320 surgit
765 3263 1004 3318 unquam
1047 3247 1220 3302 deerit
1267 3263 1480 3318 semper
1524 3263 1788 3318 surgere;
1840 3265 2016 3320 neque
2059 3251 2109 3304 ei

555 3339 646 3411 qui
699 3337 873 3390 currit
934 3335 1002 3390 ad
1063 3333 1396 3398 Dominum,
1463 3352 1702 3407 unquam
1760 3346 2111 3393 consumetur

553 3429 793 3499 amplum
849 3435 903 3481 et
953 3425 1123 3480 latum
1191 3426 1370 3496 campi
1435 3428 1670 3497 spatium
1733 3427 1802 3482 ad
1863 3429 2110 3484 divinum

555 3533 776 3574 cursum
799 3516 1219 3573 conﬁciendum.
1245 3516 1472 3586 Oportet
1490 3517 1633 3572 enim
1657 3534 1870 3588 semper
1889 3536 2112 3592 surgere

554 3617 608 3666 et
653 3609 899 3674 excitari,
943 3615 999 3664 et
1044 3623 1141 3679 per
1179 3623 1404 3663 cursum
1449 3609 1931 3679 appropinquando
1972 3627 2113 3665 nun-

555 3716 716 3772 quam
743 3714 979 3756 cessare.
1011 3698 1377 3765 Quamobrem
1409 3699 1623 3767 quoties
1646 3699 1776 3754 dicit
1801 3717 1816 3754 :
1867 3699 2033 3770 Surge
2054 3707 2109 3754 ct

557 3791 708 3854 Veni,
733 3788 894 3843 toties
922 3790 1152 3861 largitur
1185 3789 1498 3845 facultatem
1537 3790 1604 3844 ad
1645 3790 1699 3844 id
1726 3791 1871 3861 quod
1914 3793 2111 3848 melius
2147 3820 2150 3822 η

552 3889 639 3940 est
687 3881 1036 3938 ascendendi.
1094 3878 1188 3936 Sic
1245 3881 1484 3952 intellige
1536 3897 1656 3952 quae
1716 3891 2018 3953 sequuntur
2055 3885 2110 3938 in

554 3981 724 4026 textu.
758 3969 892 4026 Nam
944 3972 1037 4041 qui
1073 3970 1359 4041 pulchram
1411 3987 1476 4027 ex
1510 3973 1738 4042 pulchra
1773 3973 1929 4044 jubet
1971 3976 2109 4042 ﬁeri,

551 4072 735 4133 aperte
779 4061 1034 4117 admonet
1079 4072 1144 4117 'et
1192 4063 1436 4133 suggerit
1494 4063 1628 4118 illud
1692 4065 2108 4135 Apostolicum,

549 4153 748 4223 jubens
777 4154 1021 4209 eamdem
1045 4153 1336 4223 imaginem
1367 4169 1398 4207 a
1448 4154 1618 4225 gloria
1647 4156 2026 4214 transformari
2055 4160 2110 4214 in

553 4246 777 4316 gloriam
800 4245 868 4307 ”,
897 4243 1032 4300 adeo
1059 4253 1117 4299 ut
1141 4260 1357 4314 semper
1370 4244 1620 4301 videatur
1637 4261 1758 4303 esse
1778 4250 1947 4317 gloria
1963 4251 2109 4320 quod

553 4335 841 4408 accipitur,
869 4346 930 4399 et
951 4335 1096 4404 quod
1144 4351 1358 4404 semper
1409 4336 1708 4402 invenitur,
1741 4347 1795 4393 et
1855 4340 1982 4395 licet
2039 4342 2110 4397 sit

2134 3117 2176 3176 C

2219 1618 2339 1672 qua:
2363 1619 2575 1673 semper
2622 1613 2705 1661 est
2750 1606 2981 1675 amplius
3019 1605 3308 1676 particeps,
3357 1619 3575 1674 semper
3627 1605 3788 1658 inve-

2291 1786 2535 1857 Ὀρῶμεν
2572 1789 2748 1840 τοίνυν
2780 1788 2966 1860 ὥσπερ
3005 1789 3062 1853 έν
3105 1787 3327 1858 βαθμῶν
3356 1788 3620 1856 ἀναϐάσει
3665 1806 3782 1858 χει-

2214 1867 2631 1948 ραγωγόὑμένην
2661 1859 3023 1956 διάτῆς
3077 1878 3514 1950 ἀρετῆς,,ἀνόδιυν
3566 1878 3667 1931 ἐπὶ
3712 1879 3781 1933 τὰ

2211 1966 2316 2039 ὕψη
2349 1969 2497 2038 παρά
2519 1967 2612 2021 τοῦ
2631 1949 2927 2044 Adii?»
2954 1949 3015 2021 νύ
3024 1949 3302 2040 μφην.τΗν
3327 1971 3346 1990 ⁴
3363 1968 3534 2038 ἐνίησι
3556 1967 3784 2037 πρῶτον

2207 2060 2296 2114 διὰ
2335 2060 2442 2114 τῶν
2475 2061 2767 2132 προφητῶν
2806 2061 3055 2133 θυρίδων,
3104 2062 3198 2115 καὶ
3244 2060 3350 2115 τῶν
3389 2061 3629 2115 δικτύων
3671 2063 3783 2114 τῶν

2208 2145 2302 2200 τοῦ
2331 2147 2493 2216 νόμου
2523 2149 2996 2220 παραγγελμάτων
3021 2149 3117 2220 τὴν
3155 2150 3350 2204 ἀκτῖνα
3378 2152 3406 2204 ό
3450 2151 3648 2219 Λόγος,
3686 2152 3782 2203 καὶ

2211 2239 2552 2309 προσ-καλεῖτ’
2577 2240 2741 2311 αὑτὴν
2770 2241 2982 2308 ἐγγίσαι
3010 2241 3170 2309 φωτὶ,
3198 2242 3292 2296 καὶ
3322 2242 3492 2313 καλὴν
3518 2242 3782 2311 γενέσθαι

2210 2331 2344 2400 πρὸς
2375 2331 2434 2382 τὸ
2461 2326 2598 2394 εἶδος
2625 2329 2724 2401 τῆς
2757 2334 3082 2403 περιστερᾶς
3106 2333 3164 2384 ἐν
3187 2332 3266 2402 τῷ
3300 2333 3436 2402 φωτὶ
3463 2334 3781 2404 μορφωθεῖ-

2211 2441 2329 2476 σαν.
2368 2419 2496 2475 Εἶτα
2528 2423 2901 2493 μετασχοῦσαν
2943 2425 3052 2476 τῶν
3098 2425 3296 2489 καλῶν,
3336 2427 3460 2479 ὅσον
3492 2427 3771 2499 ἐχώρηπ,

2209 2515 2368 2568 πάλιν
2403 2513 2461 2578 ἐξ
2494 2517 2762 2585 ὑπαρχῆς,
2787 2514 2862 2578 ὡς
2896 2515 2974 2568 ἔτι
3005 2515 3112 2568 τῶν
3144 2516 3323 2570 καλῶν
3365 2513 3528 2570 οὖσαν
3568 2520 3777 2589 ἀμέτο-

2209 2623 2321 2676 χον,
2352 2605 2484 2674 πρὸς
2503 2603 2597 2656 τοῦ
2621 2605 3012 2675 ὑπερκειμένου
3036 2605 3264 2669 κάλλους
3296 2606 3583 2675 μετουσίαν
3622 2607 3782 2674 ἐφέλ-

2210 2714 2382 2757 κεται,
2414 2694 2552 2748 ὥστε
2583 2695 2718 2765 αὑτῇ
2745 2693 2886 2748 κατά
2914 2694 3013 2766 τὴν
3044 2694 3333 2763 ἀναλογίαν
3366 2696 3462 2765 τῆς
3488 2696 3782 2765 προκοπῆς

2209 2787 2346 2858 πρὸς
2364 2785 2424 2839 τδ
2455 2786 2543 2839 ἀεὶ
2563 2786 2988 2857 προφαινόμενον
3018 2787 3110 2839 καὶ
3135 2785 3234 2856 τὴν
3253 2785 3547 2856 ἐπιθυμίαν
3580 2789 3781 2840 συναύ-

2210 2874 2414 2939 ξεσθαι,
2443 2875 2536 2928 καὶ
2558 2874 2646 2927 διὰ
2677 2874 2776 2945 τὴν
2801 2874 3105 2945 ὑπερϐολὴν
3130 2875 3238 2928 τῶν
3268 2875 3497 2928 πάντοτε
3536 2877 3688 2929 κατά
3720 2877 3787 2931 τδ

2209 2965 2601 3038 ὑπερκείμενον
2638 2965 3036 3037 εὑρισκομένων
3073 2965 3311 3033 ἀγαθῶν,
3342 2965 3574 3036 πρώτως
3603 2966 3779 3019 ἄπτε-

2211 3059 2333 3113 σθαι
2367 3059 2465 3129 τῆς
2504 3058 2692 3112 ἀνόδου
2720 3058 2909 3112 δοκεῖν.
2945 3060 3042 3111 Διά
3070 3059 3228 3112 τοῦτό
3253 3075 3384 3128 φησι
3426 3059 3592 3111 πάλιν
3640 3058 3781 3129 πρὸς

2209 3152 2305 3223 τὴν
2325 3153 2488 3222 ὲγηγε
2497 3151 2698 3222 ρμένην
2717 3151 2745 3204 ό
2759 3150 2945 3218 Λόγος,
2962 3151 3042 3203 ὅτι
3072 3149 3395 3217 Ἀνάστηθι,
3413 3151 3662 3221 καὶπρὸς
3680 3152 3786 3221 τὴν

2210 3243 2486 3307 ἐλθοῦσαν,
2511 3245 2592 3297 ὅτι
2628 3243 2810 3300 Ἐλθέ.
2839 3242 2974 3296 Οὑτε
3008 3243 3117 3313 γάρ
3141 3241 3218 3312 τῷ
3237 3243 3402 3306 ὅντως
3430 3241 3786 3312 ἀνισταμένῳ

2208 3335 2380 3403 λείψει
2410 3334 2538 3386 ποτὲ
2580 3335 2668 3388 ἀεὶ
2711 3334 3030 3388 ἀνίστασθαι
3051 3377 3064 3397 ,
3099 3332 3222 3386 οὔτε
3250 3332 3328 3402 τῷ
3363 3333 3611 3405 τρέχοντι
3643 3333 3784 3402 πρὸς

2208 3427 2299 3479 τὸν
2331 3426 2552 3498 Κύριον,
2587 3427 2619 3496 ἡ
2649 3425 2782 3496 πρὸς
2813 3425 2904 3478 τὸν
2933 3426 3074 3478 θεῖον
3101 3425 3298 3495 δρόμον
3340 3425 3652 3494 εὐρυχωρία
3683 3424 3780 3477 δα-

2211 3518 2600 3588 πανηθήσεται.
2649 3517 2758 3569 ‘Ast
2797 3533 2855 3569 τε
2899 3517 3007 3586 γὰρ
3042 3515 3352 3587 ἐγείρεσθαι
3385 3517 3512 3587 χρὴ,
3551 3517 3648 3569 καί
3677 3534 3786 3585 μη-

2211 3609 2399 3662 δέποτε
2435 3605 2524 3659 διὰ
2566 3605 2663 3658 τοῦ
2703 3605 2902 3676 δρόμου
2940 3603 3396 3676 προσεγγίζοντας
3439 3603 3783 3657 παύσασθαι.

2215 3702 2293 3766 ὡς
2348 3699 2534 3760 ὁσάκις
2573 3697 2639 3750 ἂν
2675 3697 2821 3765 λέγει
2853 3697 2914 3750 τὸ
2965 3695 3278 3764 Ἀνάστηθι
3301 3712 3314 3726 ·
3351 3697 3444 3750 καὶ
3474 3696 3534 3749 τὸ
3578 3697 3784 3750 Ἐλθέο

2211 3790 2430 3852 τοσάκις
2452 3790 2552 3859 τῆς
2575 3789 2709 3860 πρὸς
2731 3789 2791 3842 τὸ
2814 3791 3061 3860 κρεῖττον
3082 3787 3396 3851 ἀνασάσεως
3422 3787 3519 3857 τὴν
3545 3787 3784 3857 δύναμιν

2209 3882 2438 3936 δίδωσιν.
2493 3880 2651 3934 Οὕτω
2689 3881 2796 3934 νόει
2835 3881 2928 3934 καὶ
2969 3880 3038 3934 τὰ
3081 3881 3280 3951 ἑφεξῆς
3309 3880 3643 3950 προκείμενα
3679 3879 3782 3933 τοῦ

2209 3972 2388 4042 λόγου.
2428 3974 2488 4026 '0
2526 3972 2634 4043 γὰρ
2665 3972 2836 4043 καλὴν
2862 3973 2926 4025 ἐκ
2965 3972 3140 4042 καλῆς
3162 3971 3409 4040 γενέσθαι
3432 3970 3691 4030 κελεύων,
3717 3971 3784 4024 τδ

2209 4063 2562 4117 ἀποστολικδν
2605 4063 2858 4133 ἄντικρυς
2891 4061 3225 4126 ὑποτίθεται,
3253 4061 3352 4131 τὴν
3392 4061 3561 4131 αὑτὴν
3591 4062 3783 4115 εἰκόνα

2211 4156 2565 4228 προστάσσων
2603 4155 2710 4208 ἀπὸ
2748 4153 2904 4224 δόξης
2938 4156 3021 4216 είς
3058 4153 3214 4218 δόξαν
3263 4153 3778 4225 μεταμορφοῦσθαιο

2217 4249 2294 4314 ὡς
2343 4247 2568 4301 πάντοτε
2611 4245 2767 4312 δόξαν
2817 4241 2953 4300 εἶναι
3003 4245 3412 4317 λαμϐανόμενον
3453 4245 3548 4298 καὶ
3575 4245 3640 4298 τὸ
3687 4246 3781 4298 ἀεὶ

2210 4341 2612 4410 εὑρισκόμενον,
2639 4339 2742 4393 κᾶν
2778 4339 2858 4391 ὅτι
2892 4339 3125 4408 μάλιστα
3159 4338 3300 4408 μέγα
3329 4353 3382 4390 τι
3426 4339 3518 4392 καὶ
3549 4338 3783 4409 ὑψηλὸν,

553 4440 808 4497 magnum
838 4437 891 4481 et
912 4427 1214 4490 excelsum,
1243 4426 1500 4480 credatur
1528 4442 1652 4483 esse
1673 4429 1854 4485 minus
1876 4446 1942 4486 eo
1963 4446 2106 4502 quou

2212 4431 2247 4502 ἦ
2276 4432 2594 4502 μικρότερον
2615 4429 2752 4484 εἶναι
2771 4430 2864 4482 τοῦ
2885 4429 3235 4500 ἐλπιζομένου
3263 4429 3592 4482 πιστεύεται.
3621 4430 3782 4484 οὑτω

553 4523 824 4586 speratur.
853 4515 944 4569 Sic
964 4530 1094 4586 ergo
1118 4530 1241 4570 cum
1265 4525 1410 4571 esset
1439 4517 1689 4573 columba
1725 4519 1792 4575 iis
1818 4537 1936 4591 qua:
1959 4524 2111 4593 prius

2212 4524 2391 4577 τοίνυν
2417 4523 2741 4595 περιστερὰν
2765 4517 2930 4576 οὖσαν
2962 4523 3020 4575 ὲν
3048 4525 3160 4586 τοῖς
3192 4522 3776 4593 προκατωρθωμένοις,

550 4615 700 4661 recte
725 4607 1008 4676 gessisset,
1039 4607 1398 4664 nihilominus
1425 4624 1544 4664 eam
1574 4625 1770 4668 rursus
1813 4611 1967 4682 jubet
1993 4615 2109 4670 ﬁeri

2212 4614 2364 4667 οὑδὲν
2383 4610 2542 4686 ἦττον
2564 4613 2888 4684 περιστερὰν
2920 4611 3087 4683 αὐτὴν
3117 4612 3277 4666 πάλιν
3313 4612 3400 4666 διὰ
3426 4613 3526 4682 τῆς
3555 4614 3693 4681 πρὸς
3715 4614 3783 4666 es

549 4697 880 4760 columbam,
913 4713 1008 4766 per
1050 4697 1590 4756 transformationem
1626 4702 1682 4756 in
1729 4703 1783 4759 id
1835 4705 1981 4774 quod
2026 4715 2110 4763 est

2212 4710 2456 4779 κρεῖττον
2479 4703 2950 4775 μεταμορφώσεως
2975 4704 3224 4772 γενέσθαι
3248 4704 3639 4758 διακελεύεται.
3666 4709 3778 4760 Καὶ

550 4788 766 4842 melius.
798 4789 864 4841 Et
889 4789 934 4844 si
970 4789 1072 4843 hoc
1103 4789 1303 4844 factum
1341 4791 1528 4857 fuerit,
1570 4793 1828 4867 deinceps
1855 4797 2108 4853 ostendet

2214 4801 2262 4852 εί
2285 4797 2442 4851 τοῦτο
2463 4799 2691 4866 γένδιτο,
2709 4796 2768 4849 τὸ
2791 4796 2928 4866 ὑπὲρ
2949 4794 3106 4848 τοῦτο
3128 4795 3287 4848 πάλιν
3305 4797 3333 4850 ὁ
3357 4795 3513 4864 λόγος
3535 4797 3776 4868 καθεξῆς

548 4878 724 4934 oratio
751 4894 848 4949 per
875 4893 1072 4935 nomen
1110 4881 1162 4934 id
1188 4883 1331 4951 quod
1357 4894 1438 4939 est
1469 4886 1742 4955 superius.

2213 4891 2298 4945 διὰ
2335 4889 2427 4943 τοῦ
2457 4889 2715 4959 ὀνόματος
2745 4887 3027 4952 ὑποδείξει.

622 4969 762 5024 Dicit
805 4971 988 5025 enim:
1036 4970 1104 5024 Et
1142 4972 1240 5026 huc
1279 4975 1410 5037 veni,
1461 4977 1702 5032 cotumba
1753 4995 1888 5043 mea,
1934 4983 1992 5035 in
2033 4990 2107 5036 te-

2283 4983 2442 5049 Λέγει
2475 4981 2602 5050 γάρ’
2640 4981 2820 5047 Δεῦρο
2859 4979 3115 5047 σεαυτὴ,
3154 4979 3469 5047 περιστερά
3503 4997 3655 5049 μου,
3703 4981 3776 5034 ἐν

547 5061 716 5130 gmine
750 5071 910 5127 petra:
947 5063 1108 5129 juxta
1161 5065 1630 5133 propugnaculum.
1680 5068 1814 5132 Quis
1857 5078 1940 5125 est
1977 5087 2108 5142 ergo

2213 5073 2412 5141 σκέπῃ
2439 5072 2546 5140 τῆς
2572 5073 2790 5140 πέτρας
2834 5072 3088 5141 ἐχομένη
3118 5071 3222 5125 τοῦ
3259 5073 3772 5140 προτειχίσματος.

548 5167 810 5207 ascensus
858 5151 923 5205 ad
976 5152 1392 5221 perfectionem,
1433 5156 1528 5226 qui
1566 5159 1904 5226 signiﬁcetur
1948 5162 2000 5215 in
2045 5165 2112 5218 iis

2212 5165 2307 5228 Τίς
2337 5161 2428 5218 οὖν
2456 5167 2489 5235 ἡ
2513 5165 2648 5234 πρὸς
2670 5164 2731 5216 τὸ
2756 5163 2956 5217 τέλειον
2979 5163 3183 5225 ἄνοδος,
3218 5163 3339 5233 ἥτις
3374 5166 3484 5227 τοῖς
3518 5182 3602 5216 ιυν
3631 5167 3776 5236 etp;-

546 5257 667 5313 qua!
722 5258 866 5296 nunc
917 5243 1062 5299 dicta
1109 5245 1280 5300 sunt?
1316 5243 1433 5299 Non
1477 5249 1710 5318 amplius
1757 5253 2000 5321 aspicere
2043 5253 2110 5308 ad

2215 5256 2392 5326 μένοις
2421 5255 2773 5324 ὲμφαίνεται;
2801 5254 2874 5307 Τὸ
2906 5255 3099 5324 μηκέτι
3133 5254 3269 5326 πρὸς
3295 5254 3390 5325 τὴν
3413 5256 3520 5307 τῶν
3543 5258 3772 5324 ἐφελκο-

547 5332 789 5388 studium
819 5347 1010 5387 eorum
1046 5349 1167 5404 qua:
1201 5334 1510 5400 attrahunt,
1550 5339 1646 5392 sed
1677 5339 1742 5393 ad
1771 5340 1824 5394 id
1856 5342 2002 5411 quod
2027 5349 2111 5398 est

2214 5345 2389 5414 μένων
2417 5342 2632 5413 βλέπειν
2673 5343 2926 5413 σπουδὴν,
2953 5342 3064 5395 ἀλλ’
3097 5342 3285 5412 ὁδηγὸν
3315 5344 3451 5414 πρὸς
3489 5344 3549 5396 τὸ
3585 5348 3770 5415 κρεῖτ-

545 5424 745 5478 melius
785 5424 978 5478 ducem
1010 5423 1212 5480 habere
1245 5426 1523 5495 pr0priam
1561 5429 1935 5498 cupiditatem.
1969 5431 2106 5497 Huc,

2212 5453 2299 5490 τον
2343 5435 2439 5506 τὴν
2485 5435 2618 5490 ἰδίαν
2675 5435 2966 5505 ἐπιθυμίαν
3011 5420 3388 5507 ἔχεῖῗῖεῦρο
3429 5437 3558 5506 γὰρ,
3607 5438 3763 5506 φησι,

543 5515 719 5584 inquit
764 5515 890 5586 ipsi,
940 5515 1105 5571 veni:
1141 5533 1249 5572 non
1281 5533 1346 5572 ex
1381 5517 1719 5588 aegritudine,
1761 5532 1854 5577 aut
1899 5540 1964 5579 ex
2007 5539 2106 5581 ne-

2215 5527 2436 5596 σεαυτὴ,
2495 5526 2567 5597 μὴ
2599 5528 2661 5579 ἐκ
2689 5525 2886 5597 λύπης,
2916 5526 2948 5597 ἢ
2983 5526 3040 5592 ἐξ
3078 5526 3340 5594 ἀνάγκης,
3383 5526 3515 5579 ἀλλὰ
3543 5529 3765 5598 σεαυτὴ,

544 5608 818 5675 cessitate,
870 5607 965 5663 sed
996 5609 1232 5680 propriis
1267 5610 1375 5667 tuis
1424 5611 1728 5670 rationibus
1775 5615 2104 5674 conﬁrmans

2212 5620 2323 5684 τοῖς
2344 5619 2492 5682 ἰδίοις
2515 5619 2789 5691 λογισμοῖς
2812 5622 2910 5694 τὴν
2939 5616 3242 5691 προθυμίαν
3265 5619 3322 5672 ὲν
3341 5615 3420 5688 τῷ
3437 5615 3587 5685 καλῷ
3604 5617 3766 5685 ὲπιῤ-

517 5771 520 5774 ’
613 5780 661 5813 ⁸⁸
706 5777 753 5834 ll
782 5781 932 5849 Cor.,
966 5795 1051 5851 ιιι,
1084 5783 1172 5841 18.
