3932 6482
216 478 322 545 877

1255 482 1320 544 ΙΝ
1360 483 1654 549 CANTICA
1714 494 1975 550 CANTIC.
2022 495 2298 554 IIOMILIA
2339 500 2403 553 ν.

3335 499 3441 560 878

216 603 469 672 ρὡασα,
521 603 615 655 οὐκ
674 605 913 673 ἀνάγκης
967 602 1407 676 καθηγουμένης.
1470 607 1762 660 ῗΑδέσποτοι

1882 608 2231 677 cupiditatem
2262 611 2329 665 ad
2360 611 2410 665 id
2447 611 2589 682 quod
2620 621 2703 668 cst
2728 614 3037 679 honestum,
3068 629 3176 670 non
3210 615 3442 672 ducenta

214 694 321 765 γὰρ
349 697 381 765 ἡ
409 694 595 765 ἀρετὴ.
626 696 719 749 καὶ
745 697 1006 759 ἑκούσιον,
1038 698 1131 749 καὶ
1153 696 1399 765 ἀνάγκης
1424 698 1603 769 πάσης
1626 697 1774 769 ἔλειξ-

200 788 387 868 MV.
424 787 672 851 Τοιοῦτος
711 782 779 857 ἦν
817 786 1010 850 Δαϐὶδ,
1049 789 1079 840 6
1125 787 1195 841 τὰ
1238 788 1462 844 ἑκούσια
1504 767 1775 859 μόνῖἶῖἷῖν

213 876 344 949 παρ’
385 879 547 932 αὐτοῦ
577 879 873 949 γινομένων
911 878 1263 950 εὐδοκηθῖψαι
1290 880 1371 951 τῷ
1400 880 1519 951 Θεῷ
1545 895 1775 953 προσευ-

214 970 459 1041 χόμενος,
484 970 577 1023 καὶ
602 970 861 1034 ἑκουσίως
893 970 1042 1023 θύειν
1070 972 1560 1042 ἐπαγγελλόμενος.
1590 973 1775 1025 Τοιοῦο

209 1069 302 1125 τος
327 1062 554 1125 ἕκαστος
590 1060 694 1114 τῶν
724 1062 912 1129 ἁγίων,
943 1061 1131 1115 ἑαυτὸν
1181 1063 1259 1131 τῷ
1300 1062 1420 1133 Θεῷ
1461 1064 1769 1134 προσάγων,

211 1154 309 1207 οὐκ
341 1152 400 1217 ὲξ
427 1152 669 1222 ἀνάγκης
701 1150 983 1222 ἀγόμενος.
1022 1153 1131 1207 Καὶ
1164 1154 1228 1206 σὺ
1263 1153 1440 1206 τοίνυν
1466 1153 1637 1218 δεῖξον
1676 1155 1772 1225 τὴν

208 1244 419 1298 τελείαν
441 1243 769 1298 κατάστασιν
794 1242 887 1297 τοῦ
921 1246 1118 1315 σεαυτῇ
1152 1243 1255 1314 τῆς
1286 1245 1420 1316 πρὸς
1443 1245 1502 1298 τὸ
1530 1248 1772 1315 κρεῖττον

210 1337 393 1391 ἀνόδου
427 1337 525 1406 τὴν
560 1334 853 1405 ἐπιθυμίαν
886 1335 1086 1388 λαϐεῖν.
1120 1336 1354 1407 Τοιαύτη
1394 1337 1451 1389 δὲ
1484 1338 1768 1407 γενομένη,

209 1429 392 1499 φησιν,
422 1428 571 1499 ἥξεις
592 1428 682 1480 ἐπὶ
704 1426 800 1497 τὴν
826 1430 1031 1497 σκέπην
1061 1427 1159 1497 τῆς
1186 1427 1392 1494 πέτρας
1416 1428 1646 1498 ἐχομένη
1674 1428 1768 1481 τοῦ

207 1519 674 1592 προτειχίσματος.
706 1517 779 1570 Τὸ
796 1517 851 1571 δὲ
872 1517 1163 1587 λεγόμενον
1193 1517 1429 1570 τοιοῦτόν
1453 1519 1618 1572 ἐστιν.
1649 1519 1769 1592 Χρὴ

207 1612 312 1682 γὰρ
343 1610 694 1681 μεταϐάλλειν
714 1609 804 1664 τὸν
829 1609 981 1677 λόγον
1003 1610 1109 1662 ἀπὸ
1138 1610 1243 1663 τῶν
1271 1611 1605 1680 αἰνιγμάτων
1633 1610 1767 1681 πρὸς

206 1705 264 1759 τὸ
288 1705 635 1775 σαφέστερον.
664 1703 778 1756 Μία
811 1703 985 1774 σκέπη
1017 1702 1113 1772 τῆς
1145 1701 1494 1773 ἀνθρωπίνης
1524 1703 1638 1755 ἐστὶ
1667 1703 1767 1771 ψυ-

205 1795 301 1864 χῆς
324 1835 337 1851 .
384 1794 445 1847 τὸ
497 1793 697 1864 ὑψηλὸν
732 1789 1081 1861 Εὑαγγέλιον,
1131 1792 1186 1843 ἐν
1217 1785 1259 1859 ᾧ
1288 1794 1316 1844 6
1342 1792 1628 1861 γενόμενος
1667 1792 1765 1861 τῆς

206 1886 461 1950 σκιώδους
487 1884 827 1948 διδασκαλίας
868 1884 954 1938 διὰ
990 1885 1095 1938 τῶν
1126 1884 1368 1939 τυπικῶν
1398 1901 1458 1937 τε
1507 1885 1602 1938 καὶ
1631 1901 1765 1955 συμ-

1882 700 2228 755 necessitate.
2276 699 2505 757 Domino
2540 705 2683 759 enim
2718 714 2868 760 caret
2909 709 3106 774 virtus,
3148 714 3204 763 et
3230 715 3314 763 est
3341 723 3442 764 vo-

1881 790 2137 856 luntaria,
2168 799 2221 847 et
2258 793 2325 847 ab
2353 794 2502 847 omni
2542 799 2868 853 necessitate
2911 799 3100 854 libera.
3137 800 3287 855 Talis
3323 806 3441 856 erat

1884 882 2070 943 David.
2102 886 2195 953 qui
2225 900 2292 939 ex
2333 886 2400 941 iis
2430 902 2550 957 quae
2580 889 2648 942 ab
2689 889 2811 959 ipso
2854 890 2993 946 facta
3022 899 3198 953 erant,
3230 905 3292 944 ea
3324 892 3441 947 sola

1878 986 1999 1026 esse
2042 972 2151 1029 Deo
2193 987 2343 1046 grata
2384 986 2437 1032 et
2504 979 2731 1046 probata
2779 982 3272 1048 animadvertebat,
3321 999 3440 1053 qua!

1877 1070 2033 1116 erant
2083 1065 2406 1131 voluntaria,
2448 1076 2502 1122 et
2558 1084 2618 1124 se
2655 1071 2960 1127 voluntarie
3008 1074 3441 1128 sacrificaturum

1877 1157 2224 1224 promittebat
2244 1160 2310 1214 ⁸⁷.
2354 1161 2501 1217 Talis
2541 1173 2624 1218 est
2658 1166 3036 1235 unusquisque
3082 1175 3305 1223 sanctus
3345 1170 3440 1237 qui

1877 1259 1937 1299 se
1969 1243 2081 1300 Deo
2127 1247 2305 1310 offert,
2352 1266 2458 1305 non
2511 1262 2668 1309 actus
2712 1258 3063 1313 necessitate.
3113 1258 3178 1315 Et
3216 1268 3273 1314 tu
3311 1277 3440 1332 ergo

1876 1336 2103 1391 ostende
2129 1336 2423 1407 perfectam
2472 1340 2526 1395 in
2563 1350 2615 1397 te
2655 1346 2932 1414 accepisse
2970 1350 3437 1414 constitutionem,

1874 1428 2227 1499 cupiditatem
2272 1447 2538 1489 ascensus
2579 1436 2647 1490 ad
2676 1435 2729 1489 id
2774 1438 2919 1506 quod
2949 1446 3033 1493 est
3059 1440 3275 1496 melius.
3301 1441 3437 1494 Cum

1874 1526 2051 1575 autem
2104 1522 2249 1584 talis,
2297 1523 2507 1594 inquit,
2566 1530 2838 1592 evaseris,
2884 1532 3066 1585 venies
3111 1531 3176 1584 ad
3226 1539 3436 1600 petram

1872 1612 2128 1681 tegminis
2166 1612 2321 1682 juxta
2368 1620 2858 1688 pr‘0pugnaculum.
2902 1620 3055 1687 Quod
3090 1630 3271 1677 autem
3305 1623 3441 1677 dicit

1872 1710 1955 1757 est
1986 1702 2279 1772 ejusmodi.
2314 1704 2543 1778 Oportet
2579 1710 2723 1765 enim
2765 1713 2832 1767 ab
2860 1712 3237 1783 aanigmatibus
3266 1714 3439 1768 abdu-

1872 1802 2015 1847 ctam
2046 1795 2348 1851 orationem
2384 1808 2621 1857 tractare
2649 1802 2963 1860 dilucidius.
2997 1805 3177 1862 Unum
3218 1814 3434 1878 tegmen

1871 1885 2127 1943 humana:
2176 1890 2371 1945 animae
2409 1900 2493 1948 est
2539 1895 2770 1951 sublime
2817 1896 3191 1968 Evangelium,
3232 1898 3284 1952 in
3325 1914 3436 1967 quo

205 1976 432 2029 ϐολικῶν
479 1977 763 2046 νοημάτων
804 1975 988 2027 οὐκέτι
1042 1973 1762 2046 προσδέεται,,φανερούσης

1871 1992 1996 2031 cum
2026 1976 2191 2034 fuerit
2234 1982 2489 2039 umbrosa
2538 1985 2789 2041 doctrina
2822 2003 2919 2057 per
2953 1990 3162 2059 typicas
3204 1996 3257 2044 et
3286 2004 3435 2059 sym-

214 2069 301 2137 τῆς
349 2067 602 2139 ἀληθείας
649 2068 715 2121 τά
762 2067 1150 2138 κεκαλυμμένα
1191 2067 1297 2120 τῶν
1332 2068 1766 2138 προσταγμάτων

202 2158 517 2230 αἰνίγματα.
550 2158 760 2230 Πέτραν
786 2160 844 2212 δὲ
885 2159 982 2230 τὴν
1013 2159 1367 2230 εὐαγγελικὴν
1409 2158 1767 2229 ὀνομάζεσθαι

203 2250 383 2323 χάριν,
421 2250 592 2313 οὐδεὶς
617 2250 857 2303 ἀντείποι
888 2251 995 2303 τῶν
1019 2252 1110 2305 καὶ
1145 2249 1392 2304 ὁπωσοῦν
1431 2252 1764 2321 μετεχόντων

201 2342 300 2412 τῆς
328 2342 579 2405 πίστεως⁸
618 2341 943 2411 πολλαχόθεν
972 2346 1081 2413 γὰρ
1114 2341 1260 2402 ἔστιν
1305 2343 1371 2395 ἐκ
1405 2343 1503 2412 τῆς
1546 2342 1767 2414 Γραφῆς

201 2432 356 2486 τοῦτο
386 2432 596 2502 μαθεῖν,
625 2433 685 2486 τὸ
710 2434 914 2504 πέτραν
940 2429 1079 2486 εἶναι
1109 2434 1459 2502 Εὑαγγέλιον.
1495 2434 1569 2486 Τὸ
1588 2434 1767 2488 τοίνυν

200 2522 486 2594 λεγόμενον
524 2524 762 2577 τοιοῦτόν
786 2525 963 2578 ἐστιν’
987 2526 1051 2578 Et
1078 2524 1501 2597 ὲνεγυμνάσθης,
1527 2520 1571 2579 ὦ
1598 2525 1765 2596 ψυχὴ,

201 2613 277 2685 τῷ
299 2615 467 2686 νόμῳ,
506 2617 552 2668 εἰ
577 2616 675 2679 τὰς
702 2616 788 2670 διά
812 2617 921 2669 τῶν
958 2617 1309 2689 προφητικῶν
1336 2618 1565 2688 θυρίδων
1594 2618 1766 2685 αὐγὰς

198 2710 263 2779 τῇ
294 2708 499 2779 διανοίᾳ
520 2708 790 2771 τεθέασαι,
825 2711 1021 2781 μηκέτ.
1048 2709 1152 2764 ὑπὸ
1172 2711 1268 2781 τὴν
1289 2698 1628 2781 τοῦ’νομικοῦ
1660 2711 1767 2764 τοί-

200 2816 294 2869 χου
331 2799 487 2854 σκιάν
518 2801 666 2870 μένε.
708 2801 873 2854 Σκιάν
899 2816 1006 2874 γαρ
1039 2805 1067 2855 6
1105 2806 1282 2873 τοῖχος
1312 2802 1456 2856 ποιεῖ
1490 2802 1596 2855 τῶν
1639 2803 1767 2873 μελ-

200 2892 395 2946 λόντων
425 2893 677 2961 ἀγαθῶν,
696 2895 795 2948 οὐκ
819 2894 987 2965 αὐτὴν
1027 2895 1125 2966 τὴν
1160 2895 1339 2948 εἰκόνα
1363 2894 1471 2948 τῶν
1510 2894 1766 2966 πραγμά-

199 2998 322 3038 τωνο
350 2986 463 3039 ἀλλ’
492 2987 583 3039 ἐπὶ
624 2986 722 3058 τὴν
761 2986 964 3056 πέτραν
1011 2989 1075 3039 ὲκ
1114 2987 1207 3039 τοῦ
1239 2986 1500 3056 σύνεγγυς
1538 2988 1644 3042 ἀπὸ
1671 2987 1764 3042 τοῦ

200 3074 376 3145 τοίχου
412 3076 695 3147 μετάϐηθι.
734 3077 954 3149 Ἔχεται
994 3078 1165 3149 γὰρὴ
1212 3077 1383 3149 πέτρα
1414 3078 1506 3133 τοῦ
1552 3090 1765 3152 προτει-

197 3167 473 3238 χίσματοςο
510 3167 694 3240 ἐπειδὴ
735 3169 833 3239 τῆς
868 3169 1226 3239 εὐαγγελικῆς
1256 3169 1489 3234 πίστεως
1531 3173 1560 3224 ὀ
1592 3173 1761 3242 νόμος

198 3259 551 3330 προτείχισμα
583 3260 789 3328 γέγονεο
819 3261 913 3313 καὶ
941 3259 1120 3330 ἔχεται
1146 3260 1388 3331 ἀλλήλων
1407 3262 1475 3314 τὰ
1495 3260 1758 3333 δόγματα,

196 3351 504 3418 γειτνιῶντα
527 3352 667 3405 κατά
695 3353 792 3422 τὴν
818 3352 1060 3421 δύναμιν.
1090 3352 1154 3405 Τί
1189 3353 1296 3423 γὰρ
1335 3352 1632 3424 ἐγγύτερον
1661 3356 1756 3409 τοῦ

196 3443 289 3509 Μὴ
306 3443 641 3513 μοιχεῦσαι,
670 3443 732 3497 τὸ
760 3444 835 3515 μὴ
881 3443 1313 3512 Ἐπιθυμῆσαι;
1343 3445 1437 3499 καὶ
1467 3447 1560 3499 τοῦ
1595 3447 1761 3502 καθα-

1867 2067 2073 2124 bolicas
2128 2070 2549 2142 intelligentias,
2612 2091 2718 2129 non
2782 2078 3017 2148 amplius
3077 2094 3214 2148 opus
3272 2079 3435 2133 habet

1866 2162 2116 2227 veritate,
2176 2178 2299 2233 quae
2355 2166 2562 2234 aperiat
2615 2178 2804 2235 operta
2853 2177 3245 2238 praeceptorum
3301 2169 3433 2222 aeni-

1865 2263 2067 2323 gmata.
2109 2254 2324 2310 Petram
2365 2264 2545 2312 autem
2582 2259 2811 2329 gratiam
2858 2261 3126 2313 nominari
3159 2260 3433 2329 evangeli«

1865 2358 2005 2407 cam,
2042 2360 2202 2400 nemo
2245 2346 2640 2403 contradixerit
2674 2364 2741 2403 ex
2777 2348 2844 2404 iis
2874 2351 2967 2419 qui
3004 2357 3131 2405 sunt
3155 2358 3434 2420 utcunque

1850 2433 1989 2489 fidei
2042 2436 2340 2506 participes
2374 2453 2480 2492 :ex
2533 2439 2718 2494 multis
2763 2439 2908 2493 enim
2952 2441 3087 2496 locis
3135 2438 3431 2509 Scriptura:

1865 2526 1972 2581 dici
2023 2536 2202 2596 potest
2242 2536 2454 2598 petram
2505 2545 2629 2585 esse
2678 2531 3050 2603 Evangelium.
3099 2532 3253 2598 Quod
3300 2545 3432 2601 ergo

1864 2619 2065 2675 dicitur
2109 2630 2190 2676 est
2232 2622 2534 2690 ejusmodi:
2570 2622 2627 2677 Si
2674 2625 2728 2678 in
2765 2625 2883 2696 lege
2924 2624 3074 2681 fuisti
3108 2624 3427 2689 exercitata,

1864 2725 1897 2763 ο
1927 2714 2130 2777 anima,
2171 2721 2225 2767 et
2268 2728 2364 2783 per
2406 2713 2674 2771 fenestras
2723 2717 3075 2786 pr0pheticas
3113 2716 3430 2784 splendores

1864 2813 2046 2856 mente
2085 2804 2369 2873 aspexisti,
2416 2819 2486 2858 ne
2537 2818 2761 2861 maneas
2809 2807 3042 2876 amplius
3087 2807 3189 2862 sub
3234 2806 3429 2861 umbra

1863 2891 2004 2945 muri
2038 2892 2257 2963 legalis;
2296 2909 2486 2950 murus
2508 2895 2652 2949 enim
2677 2896 2808 2951 facit
2845 2899 3090 2953 umbram
3118 2897 3429 2953 futurorum

1864 2983 2152 3048 bonorum,
2191 3000 2299 3038 non
2340 2985 2511 3055 ipsam
2543 3002 2724 3041 rerum
2768 2989 3055 3061 imaginem
3086 3010 3100 3045 :
3137 2991 3328 3046 sed-ex
3360 3006 3431 3046 eo

1863 3073 2010 3142 quod
2058 3084 2141 3128 est
2179 3089 2346 3145 prope
2403 3092 2616 3132 murum
2665 3082 2834 3136 transi
2879 3082 2946 3136 ad
2988 3092 3217 3151 petram.
3264 3081 3428 3139 Petra

1862 3164 2007 3219 enim
2040 3173 2124 3220 est
2153 3168 2457 3237 propinqua
2486 3173 2894 3241 propugnaculo
2933 3188 3028 3227 seu
3058 3176 3381 3229 antemurali
3408 3192 3425 3230 :

1861 3259 2302 3328 quandoquidem
2346 3260 2430 3315 lex
2462 3260 2565 3315 fuit
2612 3267 3077 3333 propugnaculum
3129 3282 3224 3321 seu
3270 3278 3427 3323 ante-

1862 3350 2068 3403 niurale
2098 3349 2221 3405 fidei
2264 3353 2589 3422 evangelica:
2616 3372 2627 3406 :
2654 3364 2709 3409 et
2750 3355 2855 3410 sibi
2882 3357 3024 3412 inter
3052 3374 3111 3413 se
3147 3360 3426 3415 cohaerent

1861 3439 2135 3510 dogmata,
2192 3451 2252 3495 ut
2298 3458 2419 3513 quae
2467 3444 2669 3500 virtute
2721 3455 2851 3501 sunt
2892 3449 3215 3519 propinqua.
3279 3450 3425 3518 Quid

197 3552 374 3605 ρευειν
405 3537 511 3589 ἀπὸ
531 3536 713 3606 φόνου,
744 3536 822 3600 τὸ,
850 3537 984 3607 μηδὲ
1011 3538 1146 3607 ὀργῇ
1169 3537 1265 3608 τὴν
1289 3538 1513 3610 καρδίαν
1549 3539 1761 3619 pagg};-

1863 3533 2001 3585 enim
2050 3542 2339 3603 praecepto,
2373 3533 2501 3599 Non,
2535 3536 2894 3602 mmchaberis,
2930 3548 3012 3593 est
3044 3540 3421 3610 propinquius.

195 3627 344 3693 σθαι;
381 3627 530 3681 Ἐπεὶ
540 3623 630 3680 οὖν
649 3627 826 3696 ἔχεται
842 3626 933 3680 τοῦ
951 3627 1451 3699 προτειχίσματοςὴ
1473 3630 1647 3699 σκέπη
1664 3631 1761 3703 τῆς

1863 3621 1985 3677 Νοη
2022 3625 2397 3693 concupisces?
2426 3633 2480 3680 et
2508 3636 2798 3698 praecepto,
2827 3629 2970 3698 quod
3001 3629 3154 3699 jubet
3186 3646 3244 3686 se
3276 3633 3426 3687 caede

194 3720 416 3790 πέτρας,
449 3718 763 3781 ἀδιάστατός
792 3717 907 3771 ἐστί
936 3736 1017 3771 σοι
1044 3719 1078 3789 ἡ
1100 3717 1318 3772 ἀπὸτοῦ
1338 3718 1518 3789 τοίχου
1549 3721 1638 3774 ἐπὶ
1662 3721 1760 3792 τὴν

194 3809 400 3880 πέτραν
435 3810 780 3877 μετάστασις.
816 3811 1093 3881 Περιτομὴ
1127 3811 1186 3862 ὲν
1218 3810 1297 3881 τῷ
1332 3812 1517 3882 τοίχω,
1545 3814 1641 3867 καὶ
1664 3832 1761 3867 πε-

198 3902 389 3973 ριτομὴ
420 3903 477 3955 έν
505 3905 567 3972 τῇ
599 3904 772 3973 πέτρᾳ
791 3942 806 3965 ,
840 3902 1108 3973 πρόϐατον
1154 3903 1248 3955 καὶ
1280 3903 1570 3977 πρόϐατον,
1623 3900 1761 3976 αἷμα

194 3995 287 4048 καὶ
314 3989 486 4065 αἷμα,
526 3994 709 4064 πάσχα
746 3993 839 4048 καὶ
873 3994 1084 4067 πάσχα,
1110 3994 1202 4047 καὶ
1252 3994 1426 4048 πάντα
1466 3996 1652 4066 σχεδὸν
1685 3997 1757 4050 τὰ

193 4084 351 4147 αὐτὰ,
370 4087 462 4138 καὶ
478 4084 563 4138 διὰ
588 4084 695 4137 τῶν
717 4083 901 4137 αὐτῶν
926 4083 1170 4154 ἀλλήλων
1193 4084 1445 4153 ἐχόμενα,
1474 4085 1613 4155 πλὴν
1638 4087 1759 4139 ὅσον

192 4175 535 4249 πνευματικὴ
572 4178 667 4246 μὲν
696 4178 730 4247 ἡ
757 4175 930 4247 πέτρα
952 4215 965 4237 ,
994 4176 1175 4244 χοῖκὸς
1198 4173 1242 4228 δ’
1276 4175 1306 4226 6
1328 4177 1525 4244 τοῖχος,
1564 4169 1609 4243 ᾧ
1635 4193 1759 4229 συν-

192 4266 599 4321 αναπέπλασται
637 4265 698 4317 τὸ
738 4263 1047 4331 σωματικὸν
1082 4261 1299 4330 γεῶδες.
1363 4262 1425 4313 Ἦ
1455 4261 1498 4314 δ’
1528 4261 1758 4329 εὐαγγε-

191 4357 315 4427 λικὴ
343 4357 515 4427 πέτρα
536 4396 550 4417 ,
580 4355 669 4408 τὸν
696 4352 946 4424 σαρκώδη
996 4353 1104 4405 τῶν
1128 4352 1411 4422 νοημάτων
1456 4351 1625 4420 πηλὸν
1661 4352 1759 4405 οὐκ

191 4448 324 4519 ἔχει.
365 4447 525 4500 Ἀλλά
549 4447 642 4499 καὶ
673 4445 968 4515 περιτομὴν
989 4444 1255 4514 λαμϐάνει
1277 4446 1304 4496 6
1333 4443 1634 4517 ἄνθρωπος,
1666 4444 1759 4495 καὶ

191 4542 312 4604 ὅλος
346 4538 502 4609 ὑγιὴς
544 4538 712 4608 μένει,
750 4536 1015 4608 μηδεμιᾶς
1044 4534 1223 4603 λώϐης
1261 4530 1756 4604 ἀκροτηριαζούσης

1861 3733 1969 3772 non
2012 3720 2407 3784 contaminare,
2449 3735 2635 3795 quam,
2661 3736 2729 3776 ne
2777 3721 2856 3776 ira
2902 3723 3121 3792 quidem
3154 3740 3247 3779 cor
3295 3726 3423 3781 inft-

1859 3811 2021 3867 cere?
2042 3811 2309 3878 Quoniam
2342 3827 2472 3881 ergo
2500 3812 2737 3868 cohaeret
2770 3816 3178 3884 propugnaculo
3210 3825 3423 3886 tegmen

1859 3912 2044 3973 petrae,
2074 3911 2157 3958 est
2182 3904 2288 3957 tibi
2317 3903 2654 3959 indubitatus
2684 3903 2951 3960 transitus
2981 3919 3009 3958 a
3050 3920 3207 3960 muro
3231 3905 3298 3959 ad
3328 3921 3423 3975 pe~

1859 4005 2019 4051 tram.
2054 3995 2414 4051 Circumcisio
2438 4002 2522 4049 est
2558 3995 2611 4048 in
2639 4010 2818 4057 muro,
2864 4007 2917 4050 et
2945 3996 3299 4051 circumcisio
3334 4003 3422 4051 est

1859 4089 1913 4140 in
1953 4095 2129 4155 petra,
2160 4087 2279 4142 ovis
2312 4093 2368 4141 et
2406 4088 2547 4151 ovis,
2586 4086 2811 4157 sanguis
2839 4095 2895 4141 et
2930 4087 3173 4157 sanguis.
3212 4088 3420 4157 pascha

1858 4187 1913 4233 et
1945 4179 2167 4249 pascha,
2200 4186 2255 4232 et
2298 4178 2485 4232 eadem
2524 4177 2637 4232 fere
2675 4178 2880 4242 omnia,
2919 4178 3023 4233 sibi
3058 4178 3287 4234 invicem
3322 4192 3420 4234 co-

1859 4272 2141 4334 haerentia,
2185 4270 2290 4325 nisi
2321 4270 2465 4339 quod
2513 4279 2666 4340 petra
2717 4270 2935 4341 quidem
2967 4280 3052 4326 est
3093 4271 3418 4341 spiritualis,

1859 4378 2049 4418 murus
2076 4370 2255 4416 autem
2294 4367 2379 4417 est
2419 4370 2693 4422 terrenus,
2725 4362 2870 4430 quod
2909 4360 3072 4416 simul
3124 4375 3248 4415 cum
3291 4375 3420 4415 cor-

1858 4456 2029 4525 porali
2058 4464 2333 4509 terrenum
2379 4469 2595 4523 quoque
2629 4461 2715 4507 est
2744 4451 2996 4506 effictum.
3038 4450 3196 4507 Petra
3234 4460 3418 4507 autem

1855 4547 2167 4617 evangelica
2198 4560 2307 4600 non
2345 4545 2506 4599 habet
2538 4543 2756 4598 carnale
2792 4545 2965 4597 lutum
3000 4542 3415 4598 sententiarum.

192 4634 252 4687 τὸ
288 4632 510 4700 πλάσμα
536 4630 632 4700 τῆς
663 4628 893 4696 φύσεως.
926 4628 1036 4680 Καὶ
1060 4625 1320 4695 φυλάσσει
1348 4627 1405 4678 ὲν
1430 4628 1495 4696 τῇ
1525 4624 1632 4677 τῶν
1660 4640 1754 4678 κα-

1863 4638 2159 4706 Quinetiam
2209 4637 2407 4707 accipit
2445 4636 2610 4690 homo
2644 4634 3139 4696 circutncisionem,
3174 4643 3229 4687 et
3269 4640 3419 4687 totus

189 4726 303 4780 κῶν
343 4722 583 4795 ἀπραξίᾳ
625 4716 686 4773 τὸ
722 4718 1016 4780 Σάϐϐατον,
1058 4717 1151 4770 καὶ
1195 4716 1291 4786 τὴν
1326 4716 1456 4787 πρὸς
1494 4715 1554 4767 τὸ
1592 4714 1753 4769 καλὸν

188 4818 382 4889 ἀργίαν
404 4815 463 4868 οὐ
489 4812 872 4885 παραδέχεται,
895 4808 1077 4879 μαθὼν
1102 4810 1181 4862 ὅτι
1204 4808 1376 4873 ἔξεστι
1397 4808 1473 4878 τῷ
1496 4807 1754 4878 Σαϐϐάτῳ

190 4911 353 4967 καλὸν
380 4910 575 4971 ποιεῖν,
606 4906 700 4960 καὶ
726 4904 1032 4972 ἀδιάκριτον
1057 4904 1285 4955 ποιεῖται
1308 4901 1404 4970 τῆς
1428 4901 1630 4969 τροφῆς
1657 4899 1754 4967 τὴν

196 5000 501 5074 μετουσίαν,
551 4999 646 5053 καὶ
682 4996 988 5065 ἀκαθάρτου
1021 4995 1117 5063 οὐχ
1162 4993 1410 5047 ἅπτεται.
1448 4992 1615 5045 Οὐδὲν
1647 4991 1755 5061 γάρ

192 5094 302 5147 τῶν
320 5093 708 5164 εἰσερχομένων
729 5088 817 5141 διὰ
839 5087 931 5141 τοῦ
960 5087 1221 5155 στόματος
1242 5085 1416 5137 κοινὸν
1440 5080 1573 5136 εἶναι
1605 5084 1754 5154 παρά

192 5183 292 5253 τῆς
320 5185 519 5253 πέτρας
546 5181 857 5245 παιδεύεται
880 5196 891 5208 ’
925 5179 1060 5233 ἀλλά
1088 5178 1175 5231 διὰ
1200 5180 1412 5230 πάντων
1440 5176 1539 5240 τὰς
1570 5194 1757 5248 σωμα-

193 5273 351 5336 τικάς
381 5272 472 5325 τοῦ
508 5272 672 5342 νόμου
719 5271 1126 5341 παρατηρήσεις
1153 5267 1494 5338 ἀποθεμένη,
1527 5269 1660 5338 πρὸς
1698 5269 1758 5321 τὸ

195 5364 562 5435 πνευματικόν
586 5381 644 5417 τε
672 5365 766 5417 καὶ
797 5363 983 5434 νοητὸν
1017 5361 1417 5432 μεταλαμϐάνει
1445 5360 1550 5413 τῶν
1581 5363 1646 5432 ρη
1658 5361 1758 5432 μά-

192 5472 302 5511 των
340 5458 436 5525 τὴν
485 5455 738 5515 διάνοιαν,
781 5456 951 5517 οὕτως
986 5455 1228 5515 εἰπόντος
1256 5453 1349 5505 τοῦ
1382 5452 1617 5514 Παύλου,
1671 5454 1751 5505 ὅτι

205 5549 269 5603 '0
298 5550 480 5618 νόμος
521 5548 912 5615 πνευματικός
933 5547 1122 5599 ἐστιν.
1172 5546 1228 5598 Ὀ
1256 5544 1364 5613 γὰρ
1394 5528 1563 5607 ὅντως
1586 5544 1751 5598 ἐκϐα-

192 5640 302 5696 λὼν
335 5640 424 5694 τὸν
448 5639 629 5710 νόμον,
665 5636 771 5691 ὑπὸ
796 5638 894 5705 τὴν
923 5638 1128 5706 σκέπην
1159 5636 1260 5705 τῆς
1290 5634 1645 5703 εὐαγγελικῆς
1673 5636 1753 5703 γί-

196 5749 347 5787 νεται
372 5734 607 5805 πέτρας,
636 5730 734 5802 τὴν
765 5730 1027 5801 ἐχομένην
1055 5727 1149 5782 τοῦ
1198 5725 1504 5798 σωματικοῦ
1541 5743 1755 5796 προτει-

197 5826 480 5899 χίσματος.

1855 4744 2024 4787 sanus
2048 4738 2350 4798 permanet,
2379 4728 2632 4796 figmento
2654 4734 2860 4779 natura!
2885 4724 3089 4778 nullam
3113 4723 3418 4793 accipiente

1854 4821 2275 4876 mutilationem.
2320 4817 2586 4872 Observat
2625 4830 2843 4887 quoque
2872 4815 3169 4870 Sabbatum
3201 4830 3230 4868 a
3257 4816 3417 4869 malis

1853 4912 2198 4973 cessatione,
2263 4919 2316 4963 et
2379 4924 2487 4962 non
2562 4908 2799 4962 admittit
2861 4908 3099 4978 quietem
3156 4922 3187 4960 a
3235 4908 3414 4973 bonis,

1855 5018 1981 5057 cum
2023 5000 2275 5057 didicerit
2306 5001 2449 5068 quod
2491 5000 2732 5054 Sabbato
2785 5000 2909 5054 licet
2959 4999 3160 5053 bonum
3212 4996 3415 5052 facere.

1855 5094 2007 5149 Facit
2045 5094 2205 5148 etiam
2256 5093 2624 5148 indistinctam
2659 5092 2765 5153 cibi
2821 5090 3319 5162 participationem.
3359 5095 3417 5142 et

1852 5183 2191 5239 immundum
2256 5197 2365 5236 non
2418 5183 2610 5251 tangit.
2663 5182 2832 5237 Docet
2869 5182 3014 5236 enim
3066 5191 3218 5250 petra
3276 5180 3416 5234 nihil

1852 5287 1973 5328 esse
2006 5271 2342 5325 immundum
2373 5287 2438 5327 ex
2474 5272 2540 5328 iis
2563 5287 2682 5342 qua:
2710 5288 2805 5343 per
2832 5287 2895 5326 os
2922 5270 3303 5341 ingrediuntur
3325 5270 3412 5322 ’κς

1855 5365 1946 5419 sed
1976 5363 2351 5433 corporalibus
2386 5364 2609 5418 omnino
2651 5363 2869 5433 rejectis
2912 5362 3411 5423 observationibus,

1856 5456 2095 5510 traducit
2125 5455 2416 5510 verborum
2469 5456 2793 5511 sententiam
2828 5455 2892 5508 ad
2946 5454 2998 5509 id
3039 5453 3182 5524 quod
3223 5462 3305 5506 est
3339 5452 3415 5504 in-

1857 5566 2198 5620 corporeum,
2246 5559 2300 5605 et
2330 5551 2474 5617 quod
2508 5551 2654 5605 cadit
2700 5550 2803 5605 sub
2845 5548 3282 5616 intelligentiam,
3328 5546 3414 5601 sic

1857 5639 2071 5695 dicente
2102 5639 2291 5702 Paulo,
2324 5640 2431 5694 Lex
2461 5648 2537 5695 est
2576 5640 2869 5707 spiritualis
2891 5640 2956 5691 ’9.
2994 5637 3124 5692 Nam
3160 5638 3252 5708 qui
3285 5650 3415 5692 vero

1863 5732 2032 5801 legem
2057 5732 2236 5800 ejecit,
2270 5733 2316 5787 is
2355 5732 2458 5786 sub
2486 5742 2694 5802 tegmen
2724 5740 2891 5803 petra:
2913 5731 3236 5801 evangelicae
3270 5729 3413 5783 recl-

1868 5821 2032 5889 pitur,
2080 5836 2201 5891 quae
2251 5829 2336 5878 est
2370 5823 2613 5893 proxima
2669 5822 2939 5895 corporali
2977 5818 3431 5904 propugnaculo‘

270 5939 314 5969 ‘7
355 5926 495 5992 Psal-
554 5955 643 6006 LV,
695 5939 748 5994 8.
823 5936 870 5972 “
932 5934 1123 5992 Matth.
1177 5951 1265 5999 xv,
1322 5933 1411 5989 18.
1488 5931 1532 5965 ”
1595 5929 1749 5989 Rom.
1812 5943 1904 6001 Vn,
1942 5933 2024 5988 Η.
