3932 6458
621 471 724 530 879

1855 457 1912 513 S.
1943 451 2266 511 GREGORII
2298 451 2587 510 NYSSENI
3708 455 3782 513 830

693 587 825 640 Cum
858 583 1097 639 V'erbum
1127 581 1208 639 sic
1232 581 1281 636 ei
1320 581 1610 636 clamasset
1632 593 1728 650 per
1749 576 2038 639 fenestras,
2063 571 2183 643 pul-

2355 572 2536 628 Ταῦτα
2560 572 2654 628 τοῦ
2683 571 2856 642 Λόγου
2881 573 2969 628 διὰ
2993 572 3102 628 τῶν
3129 573 3357 642 θυρίδων
3386 539 3518 643 αὐτῇ
3541 572 3782 644 ἐμϐοήσαν-

623 681 753 737 chre
782 675 1075 747 respondet
1103 674 1378 739 columba,
1415 671 1718 726 illuminata
1765 667 2060 740 splendore
2095 666 2180 718 in—

622 767 1067 838 telligentiarum,
1109 775 1163 821 et
1192 774 1396 835 petram
1426 761 1733 832 intelligens
1771 775 1894 830 qua:
1926 765 2012 814 est
2035 757 2184 812 Chri-

623 869 764 918 stus.
789 858 929 912 Dicit
978 857 1122 913 enim
1161 876 1173 910 :
1214 854 1440 911 Ostende
1484 854 1612 906 mihi
1654 853 1843 922 faciem
1899 861 2066 914 tuam,
2133 856 2183 903 et

622 951 711 1019 {ac
740 965 821 1004 me
855 949 1039 1003 audire
1069 964 1242 1002 vocem
1264 955 1431 999 tuam.
1472 944 1582 1000 Vox
1607 945 1746 998 enim
1776 954 1868 996 tua
1889 952 1966 997 est
1988 941 2180 1006 dulcis,

620 1053 670 1098 et
709 1043 873 1112 facies
923 1051 1014 1094 tua
1049 1040 1262 1095 decora.
1311 1038 1467 1104 Quod
1507 1044 1686 1091 autem
1734 1035 1867 1091 dicit
1907 1042 1990 1089 est
2035 1033 2182 1102 ejus-

619 1136 769 1190 modi
799 1154 814 1190 :
843 1133 960 1189 Non
1013 1133 1247 1204 amplius
1287 1131 1420 1185 mihi
1465 1131 1682 1200 loquere
1724 1144 1820 1200 per
1865 1141 2176 1184 sermonem

619 1229 1069 1284 documentorum
1103 1225 1544 1296 propheticorum
1577 1230 1632 1277 et
1673 1220 1954 1292 legalium,
1991 1219 2087 1274 sed
2123 1229 2182 1272 ut

618 1334 845 1391 possum
888 1318 1092 1380 videre,
1133 1318 1206 1371 ita
1245 1315 1478 1386 teipsum
1517 1314 1648 1368 mihi
1699 1320 1886 1383 aperte
1932 1309 2181 1374 ostende,

617 1422 680 1466 ut
710 1413 812 1467 sim
847 1411 989 1466 intra
1019 1419 1224 1480 petram
1267 1407 1656 1478 evangelicam,
1691 1406 1884 1461 relicto
1926 1405 2059 1475 legis
2085 1419 2181 1458 an-

618 1505 891 1567 temurali,
924 1511 1040 1569 aut,
1074 1511 1132 1555 ut
1169 1517 1301 1556 mea:
1330 1501 1555 1570 capiunt
1593 1513 1776 1559 aures,
1819 1497 1893 1550 ita
1919 1495 2180 1562 concede,

619 1605 682 1648 ut
731 1610 837 1649 vox
888 1602 980 1648 tua
1031 1593 1167 1650 meis
1213 1593 1438 1647 auribus
1495 1593 1730 1646 insonet.
1787 1587 1844 1642 Si
1887 1587 2032 1642 enim
2078 1602 2183 1641 vos

617 1699 738 1754 quae
770 1682 1036 1736 emittitur
1063 1671 1158 1752 per
1188 1680 1459 1737 fenestras
1493 1685 1577 1734 est
1612 1677 1745 1732 adeo
1773 1677 1974 1740 dulcis,
2011 1676 2184 1730 multo

617 1776 792 1847 magis
831 1785 920 1829 tua
974 1775 1028 1829 in
1080 1784 1376 1843 conspectu
1423 1773 1715 1842 praesentia
1763 1772 1868 1826 erit
1906 1768 2180 1845 amabilis.

618 1865 743 1922 Hac
791 1865 926 1920 dicit
977 1880 1200 1935 sponsa,
1271 1878 1394 1917 cum
1453 1863 1808 1917 intellexisset
1859 1860 2179 1932 mysterium

618 1957 764 2028 quod
793 1964 878 2013 est
905 1958 960 2011 in
995 1965 1144 2026 petra
1172 1957 1503 2026 evangelica,
1539 1955 1606 2009 ad
1640 1955 1784 2026 quod
1813 1970 1932 2010 eam
1960 1953 2184 2008 deduxit

623 2047 881 2111 Verbum,
909 2045 1055 2118 quod
1095 2046 1449 2100 multifariam
1480 2047 1777 2116 multisque
1801 2044 1985 2100 modis
2014 2043 2186 2099 exsti-

620 2140 685 2194 tit
722 2140 778 2194 in
810 2138 1101 2201 fenestris;
1131 2149 1184 2194 et
1215 2146 1428 2202 tenetur
1454 2138 1726 2193 desiderio
1760 2137 1882 2207 ejus
1918 2135 2186 2190 adventus

618 2233 676 2288 in
715 2240 902 2296 carne,
941 2247 1137 2303 nempe
1165 2240 1225 2286 ut
1263 2231 1498 2286 Verbum
1547 2231 1637 2285 flat
1668 2246 1820 2293 caro,
1865 2237 1921 2285 et
1947 2227 2092 2284 Deus
2130 2228 2185 2282 in

619 2339 787 2380 carne
833 2333 1110 2394 appareat,
1150 2331 1203 2379 ct
1239 2323 1452 2377 divinas
1493 2339 1656 2378 voces
1709 2322 1916 2378 nostris
1961 2321 2188 2375 auribus

619 2415 909 2478 exhibeat,
970 2430 1089 2484 qua:
1149 2414 1332 2484 dignis
1388 2415 1714 2484 promittunt
1768 2411 2185 2468 beatitudinem.

620 2503 788 2561 Vides
829 2504 1288 2575 quemadmodum
1317 2515 1444 2559 voto
1482 2522 1698 2576 sponsa
1730 2506 2066 2561 conveniunt
2089 2521 2188 2560 vo-

621 2610 713 2650 ces
745 2595 1048 2660 Simeonis,
1081 2594 1238 2650 Nunc
1265 2595 1489 2652 dimittis
1517 2613 1721 2652 servam
1749 2609 1918 2663 tuum,
1942 2598 2184 2662 Domine,

621 2687 907 2741 secundum
967 2687 1174 2742 verbum
1236 2697 1379 2740 tuum
1442 2690 1494 2742 in
1545 2705 1692 2757 pace.
1753 2690 1894 2757 Quia
1947 2689 2187 2744 viderant

623 2780 763 2834 oculi
807 2780 908 2834 mei
951 2781 1189 2834 salutare
1244 2789 1390 2833 tuum
1417 2781 1456 2832 ¹.
1498 2781 1593 2836 llle
1635 2783 1779 2836 enim
1820 2783 1954 2836 vidit
1983 2783 2186 2854 ipsum,

622 2880 684 2927 ut
716 2872 1047 2928 desideravit
1091 2872 1298 2929 videre.
1349 2873 1568 2928 Dulcem
1619 2884 1799 2930 autem
1846 2875 1967 2944 ejus
1997 2891 2186 2931 vocem

623 2970 949 3033 agnoscunt,
981 2962 1072 3032 qui
1119 2974 1451 3034 acceperunt
1478 2965 1708 3032 gratiam
1760 2966 2058 3038 Evangelii,
2093 2970 2189 3038 qui

621 3056 898 3116 dixerunt.
951 3056 1120 3110 Verba
1154 3058 1273 3112 vita:
1307 3069 1516 3113 auertite
1550 3058 1766 3114 habes’.

692 3324 985 3394 Pr0pterea
1031 3325 1239 3394 justum
1272 3340 1489 3395 sponsae
1515 3334 1697 3380 votum
1730 3327 1961 3396 suscipit
2015 3343 2184 3396 purus

623 3432 885 3487 sponsus,
934 3423 988 3471 et
1038 3417 1282 3486 seipsum
1317 3424 1502 3487 aperte
1539 3426 1889 3481 ostensurus,
1945 3419 2184 3490 primum

624 3511 816 3564 incitat
842 3516 1130 3564 venatores
1178 3509 1246 3563 ad
1279 3509 1554 3564 venandas
1584 3510 1794 3580 vulpes,
1840 3525 1909 3565 ne
1957 3513 2188 3580 amplius

625 3601 695 3655 ab
720 3601 800 3657 eis
829 3600 1156 3669 impediatur
1172 3602 1349 3664 vinea,
1382 3616 1492 3671 quo
1511 3600 1692 3656 minus
1715 3600 1928 3663 floreat.
1957 3600 2185 3660 dicens:

625 3690 814 3762 Capite
836 3691 986 3746 nobis
1023 3691 1217 3760 uulpes,
1249 3708 1364 3762 qua
1399 3701 1518 3746 sunt
1539 3692 1744 3761 quidem
1778 3710 1974 3762 parm,
2007 3693 2188 3748 demo-

625 3782 829 3834 tiuntar
879 3789 1052 3836 autem
1089 3782 1284 3837 vineas.
1330 3781 1623 3836 Florebunt
1665 3783 1809 3837 enim
1843 3783 2033 3849 vineae,
2061 3784 2190 3838 siea

627 3874 912 3937 tollantur,
950 3888 980 3927 a
1003 3873 1203 3944 quibus
1241 3881 1546 3930 vastantur.
1605 3874 1789 3944 Capite
1821 3875 1970 3930 nobis
2013 3875 2191 3945 vulpes

624 3978 843 4033 parvas,
867 3979 984 4033 qua:
1009 3963 1365 4018 demetiuntur
1395 3965 1591 4020 vineas.
1623 3964 1842 4020 Floreat
1868 3966 2008 4020 enim
2033 3967 2194 4020 vineta

628 4065 843 4110 nostra.
880 4055 1096 4112 Fierine
1121 4065 1302 4127 potest
1327 4065 1388 4110 ut
1425 4073 1523 4128 pro
1543 4058 1808 4129 dignitate
1835 4073 2195 4128 assequamur

626 4147 968 4216 majestatem
989 4149 1408 4213 sententiarum,
1442 4156 1498 4203 et
1545 4148 1747 4205 divinae
1799 4150 2194 4220 magnitudinis

626 4237 953 4292 miraculum
987 4239 1136 4309 quod
1176 4242 1423 4296 continet
1450 4242 1648 4306 oratio,
1673 4251 1730 4297 et
1760 4250 2020 4313 quantam
2056 4243 2196 4298 divi-

626 4345 712 4384 na:
758 4331 979 4386 virtutis
1013 4333 1386 4388 excellentiam
1441 4335 1709 4404 significat
1768 4351 1964 4392 sensus
2003 4353 2193 4393 eorum

627 4441 749 4496 quae
785 4425 929 4480 dicta
961 4437 1127 4491 sunt?
1161 4443 1354 4497 nempe
1371 4430 1822 4498 quemadmodum
1846 4433 1934 4488 ille
1983 4433 2050 4489 de
2083 4451 2195 4505 quo

628 4514 743 4570 haec
775 4514 1056 4581 dicuntur,
1088 4517 1377 4582 homicida,
1407 4521 1495 4588 qui
1530 4532 1722 4590 potens
1747 4530 1830 4577 est
1871 4523 1926 4576 in
1965 4525 2192 4592 malitia,

2282 679 2404 731 τος,
2436 663 2617 728 καλῶς
2661 665 3017 737 ἀποκρίνεται
3062 668 3096 736 ἡ
3141 665 3455 736 περιστερὰ,
3503 666 3536 736 ἡ
3572 667 3782 734 περιλαμ-

2283 753 2477 824 φθεῖσα
2505 755 2594 811 διὰ
2613 757 2712 826 τῆς
2735 757 2844 811 τῶν
2870 756 3156 828 νοημάτων
3184 757 3374 826 αὐγῆς,
3399 757 3491 809 καὶ
3523 755 3612 824 τὴν
3632 758 3784 828 πέτραν

2284 849 2541 919 νοήσασα,
2561 851 2683 921 ἥτις
2705 847 2860 904 ἐστὶν
2874 850 2902 903 6
2920 849 3170 922 Χριστός.
3196 849 3357 915 Λέγει
3382 845 3608 918 γὰρ,ὄτι
3630 851 3785 913 Δεῑξόν

2277 958 2376 1010 μοι
2404 940 2519 1008 τὴν
2548 941 2692 1010 ὄψιν
2721 943 2857 1005 σοῦ,
2892 942 2988 997 καὶ
3017 941 3342 996 ἁκσύτισόν
3364 957 3462 1009 μοι
3495 939 3606 1007 τὴν
3630 947 3787 1012 φωνήν

2283 1046 2420 1086 σου·
2450 1031 2538 1086 ὅτι
2561 1033 2598 1100 ἡ
2628 1032 2795 1102 φωνή
2823 1049 2939 1087 σου
2985 1033 3174 1101 ἡδεῖα,
3198 1032 3296 1086 καὶ
3325 1031 3464 1100 ὄψις
3490 1030 3602 1084 σοῦ

2283 1125 2356 1178 Τὸ
2387 1125 2443 1178 δὲ
2478 1125 2769 1196 λεγόμενον
2796 1125 3034 1179 τοιοῦτόν
3067 1127 3200 1178 ἐστι’
3237 1111 3450 1194 Μηκέτι
3481 1129 3568 1194 μοὶ
3592 1123 3786 1192 διαλέγου

2280 1214 2371 1270 διὰ
2411 1216 2518 1270 τῶν
2554 1218 2905 1288 προφητικῶν
2951 1234 3010 1270 τε
3054 1218 3149 1270 καὶ
3194 1215 3432 1286 νομικῶν
3481 1217 3786 1285 αἰνιγμάτων,

2285 1307 2398 1361 ἀλλ’
2451 1309 2526 1373 ὡς
2587 1309 2714 1362 ἰδεῖν
2762 1308 3030 1380 δύναμαι,
3081 1307 3224 1363 οὕτω
3277 1309 3368 1378 μοι
3423 1304 3590 1370 δεῖξον
3645 1307 3789 1360 σαυτὸν

2283 1398 2560 1468 ἐμφανῶς,
2582 1400 2670 1452 ἴνα
2687 1399 2836 1463 ἐντὸς
2857 1399 3102 1470 γένωμαι
3123 1399 3220 1470 τῆς
3241 1396 3595 1467 εὒαηελικῆς
3612 1396 3788 1468 πέτρας,

2283 1489 2651 1542 καταλιποῦσα
2679 1488 2740 1542 τὸ
2777 1488 2871 1542 τοῦ
2909 1489 3072 1560 νόμου
3105 1489 3484 1560 προτείχισμαο
3516 1487 3604 1541 καὶ
3628 1485 3692 1550 ὡς
3713 1505 3789 1557 χω-

2284 1580 2426 1650 ρεῖή
2455 1579 2591 1650 ἀκοή
2621 1596 2744 1648 μου,
2775 1577 2916 1632 οὕτω
2944 1579 3033 1642 δὸς
3063 1579 3162 1650 τὴν
3187 1579 3371 1648 φωνήν
3404 1595 3497 1630 σου
3527 1579 3582 1630 ὲν
3609 1579 3705 1640 soi;
3721 1579 3791 1630 ὠεί

2287 1687 2388 1739 μου
2415 1671 2688 1736 γενέσθαι.
2717 1671 2780 1726 Εἰ
2808 1671 2916 1743 γὰρ
2947 1673 2981 1743 ἡ
3022 1671 3110 1725 διὰ
3147 1670 3254 1724 τῶν
3276 1669 3506 1742 θυρίδων
3535 1669 3675 1740 φωνή
3701 1687 3791 1722 tos.

2283 1762 2435 1816 οῦτόν
2472 1765 2619 1817 ἐστιν
2669 1763 2820 1834 ἡδεῖα
2841 1803 2856 1827 ,
2905 1765 3039 1818 πολὺ
3077 1763 3276 1834 μᾶλλον
3313 1763 3347 1832 ὴ
3384 1761 3529 1814 κατὰ
3559 1762 3792 1832 πρόσωών

2288 1872 2380 1909 σου
2406 1857 2676 1928 ἐμφάνεια
2693 1857 2753 1910 τὸ
2773 1857 3035 1929 ἐράσμιον
3054 1857 3188 1921 ἕξει.
3211 1855 3396 1910 Ταῦτα
3413 1855 3563 1923 λέγει
3585 1853 3789 1925 ηνύμφη,

2286 1950 2525 2018 νοήσασα
2545 1949 2606 2002 τὸ
2627 1950 2766 2003 κατὰ
2793 1949 2890 2019 τὴν
2913 1949 3271 2019 εὐαγγελικὴν
3299 1948 3509 2019 πέτραν
3535 1947 3791 2017 μυστήριον,

2285 2044 2366 2107 εἰς
2397 2045 2532 2114 ὅπερ
2559 2041 2727 2113 αὐτὴν
2747 2045 2776 2096 6
2801 2041 3121 2113 πολυμερῶς
3149 2042 3241 2095 καὶ
3273 2040 3623 2112 πολυτρόπως
3644 2040 3694 2092 ὲν
3711 2041 3792 2102 ταῖς

2287 2131 2466 2203 θυρίσι
2496 2131 2787 2203 γενόμενος
2821 2132 2989 2200 Λόγος
3055 2129 3486 2202 ὲχειραγὼγησεο
3521 2129 3611 2182 καὶ
3635 2131 3684 2182 ὲν
3709 2130 3792 2180 ir:-

2289 2221 2455 2292 θυμία
2497 2222 2788 2292 γεγένηται
2818 2222 2918 2293 τῆς
2966 2221 3052 2275 διὰ
3088 2223 3288 2293 σαρκὸς
3333 2220 3674 2290 θεοφανείας,
3698 2219 3795 2272 ὥστε

2287 2315 2377 2368 τὸν
2408 2316 2577 2384 Λόγον
2601 2314 2854 2384 γενέσθαι
2899 2316 3106 2387 σάρκα,
3143 2317 3238 2370 καὶ
3274 2315 3369 2368 τὸν
3412 2314 3548 2368 Θεὸν
3587 2315 3641 2366 ὲν
3681 2314 3796 2384 σαρκὶ

2288 2404 2690 2475 φανερωθῆναι,
2725 2405 2819 2459 καὶ
2848 2405 3188 2476 παραθέσθαι
3211 2409 3331 2470 ταῖς
3360 2407 3552 2470 ἀκοαῖς
3575 2406 3710 2477 ἡμῶν
3731 2408 3797 2468 τὰς
3874 2425 3875 2477 1

2289 2496 2438 2558 θείας
2464 2497 2645 2566 φωνὰς
2671 2497 2768 2562 τὰς
2793 2497 3266 2569 ὲπαγγελλομένας
3284 2501 3394 2561 τοῖς
3410 2498 3580 2563 ἀξίοις
3601 2499 3686 2570 τὴν
3707 2499 3798 2551 αἰώ-

2289 2605 2398 2642 νιον
2437 2590 2840 2662 μακαριότητα.
2866 2591 2991 2654 Πῶς
3015 2590 3071 2644 δὲ
3106 2590 3457 2670 συμϐαίνουσι
3499 2594 3562 2662 τῇ
3598 2592 3711 2660 εὐχῇ
3733 2591 3799 2659 τῆς

2290 2683 2506 2755 νύμφης
2531 2682 2696 2738 αἰτοῦ
2723 2683 3007 2754 Συμεῶνος
3024 2687 3218 2753 φωναὶ,
3237 2687 3295 2748 ὃς
3319 2701 3508 2757 φησιν·
3543 2687 3800 2747 Ἀπολύιχν

2289 2775 2406 2830 νῦν
2431 2776 2538 2829 τὸν
2559 2775 2782 2831 δοῦλόν
2799 2793 2937 2843 σου,
2963 2776 3252 2840 Δέσποτα,
3274 2777 3426 2832 κατὰ
3457 2777 3527 2830 τὸ
3553 2773 3700 2845 ῥῆμά
3720 2791 3799 2828 σου

2288 2867 2358 2924 ἐν
2375 2867 2604 2938 εἰρήνῃ.
2635 2869 2763 2922 Ὅτι
2779 2865 2942 2924 elder
2954 2872 3008 2924 οι
3031 2868 3326 2940 ὀφθαλμοί
3336 2887 3456 2939 μου
3485 2871 3548 2923 τὸ
3567 2868 3803 2934 σωτήριόν

2289 2975 2427 3027 σου,
2464 2960 2568 3014 Ἴδε
2602 2960 2710 3030 γὰρ
2741 2962 2976 3025 ἐκεῖνος,
3015 2961 3092 3026 ῶς
3133 2961 3261 3016 ἰδεῖν
3311 2962 3646 3031 ὲπεπόθησεν
3685 2960 3797 3028 αὕτη.

2289 3052 2401 3122 Τὴν
2445 3050 2502 3105 δὲ
2549 3051 2734 3123 φωνὴν
2781 3051 2946 3105 αὐτοῦ
2991 3051 3089 3123 τὴν
3135 3053 3316 3124 ἡδεῖαν
3356 3055 3406 3106 οἰ
3441 3053 3712 3123 δεξάμενοι
3737 3051 3801 3104 τοῦ

2287 3145 2623 3215 Εύαγγελίου
2668 3146 2767 3216 τὴν
2818 3146 2978 3218 χάριν
3022 3146 3493 3216 ἐπιγινώσκουσιν,
3521 3146 3571 3199 οἱ
3593 3139 3798 3196 εἰπόντες,

2292 3236 2375 3290 ὃτι
2415 3235 2675 3306 Ῥήματα
2709 3234 2857 3304 ᾶυῆς
2879 3237 3118 3290 αἰωνίου
3145 3235 3326 3305 ἔχεις.

2359 3328 2460 3382 Διά
2473 3327 2646 3383 ταῦτα
2667 3327 2878 3398 δέχεται
2897 3328 3061 3398 εὐχὴν
3091 3331 3190 3398 τῆς
3217 3329 3439 3400 νύμφης
3457 3327 3664 3382 δικαίαν
3687 3323 3804 3380 οὖσαν

2289 3420 2319 3474 6
2339 3419 2577 3490 καθαρὸς
2606 3419 2858 3490 νυμφίος,
2888 3421 2983 3473 καὶ
3022 3419 3231 3490 μέλλων
3259 3419 3528 3474 δεικνύειν
3554 3420 3723 3475 ἑαυτὸν
3740 3422 3805 3487 ἐμ-

2290 3510 2497 3580 φανῶς,
2531 3508 2744 3582 πρῶτον
2798 3510 2922 3572 τοὺς
2974 3508 3242 3579 θηρευτὰς
3272 3511 3536 3580 παρορμᾷ
3596 3508 3713 3580 πρὸς
3740 3509 3807 3576 τὴν

2291 3600 2466 3672 ἄγραν
2496 3599 2605 3654 τῶν
2637 3599 2956 3663 ἀλωπέκων,
3003 3597 3079 3662 ὡς
3110 3599 3318 3677 μϊικέτι⁸
3342 3599 3434 3652 τὸν
3465 3598 3740 3670 ἀμπελῶνα
3761 3594 3805 3649 δι’

2291 3692 2472 3746 αὐτῶν
2524 3691 2662 3763 πρὸς
2709 3690 2800 3744 τὸν
2841 3690 3152 3763 κυπρισμὸν
3193 3690 3611 3762 ἐμποδίζεσθαι,
3652 3688 3805 3757 λέγων·

2293 3782 2555 3839 Πιάσατε
2603 3783 2753 3857 ἡμῖν
2805 3785 3151 3851 ἀλώπεκας,
3204 3785 3455 3854 μικροὺς
3502 3786 3618 3856 μὲν
3657 3783 3805 3844 ὄντος.

2293 3877 2729 3952 ἀφανιστικοὺς
2754 3875 2822 3932 δὲ
2851 3875 2971 3931 τῶν
2988 3877 3373 3948 ἀμπελώνων.
3411 3879 3712 3950 Ἀνθήσουσι
3733 3874 3808 3942 γὰρ

2293 3972 2348 4023 αἰ
2380 3970 2632 4041 ἄμπελοι,
2667 3971 2716 4024 εί
2745 3975 2944 4042 μηκέτι
2975 3970 3062 4041 εἴη
3085 3969 3156 4024 τὰ
3183 3970 3575 4042 λυμαινόμενα.
3606 3967 3806 4025 Πιὰσατι

2294 4061 2440 4132 ἡμῖν
2473 4061 2788 4128 ἀλώπεκας
2814 4061 3102 4132 μικροὺς,
3153 4059 3548 4131 ἀφανίζοντας
3581 4059 3701 4125 τοὺς
3736 4057 3806 4124 ἁμα

2295 4151 2590 4220 πελῶνας,
2618 4154 2716 4208 καὶ
2742 4157 2801 4208 αι
2827 4153 3082 4223 ἄμπελοι
3101 4152 3272 4223 ἡμῶν
3293 4151 3690 4222 κυπρίζῢυσιν.
3705 4145 3807 4216 ’Ἆρά

2294 4246 2412 4298 ἐπι
2441 4245 2664 4299 δυνατὸν
2707 4245 2824 4299 κατ’
2856 4245 3012 4311 ἀξίαν
3054 4245 3338 4314 ἐφικέσθαι
3364 4246 3460 4314 τῆς
3500 4243 3808 4316 μεγαλοφυῖις

2293 4337 2403 4390 τῶν
2425 4335 2744 4407 νοημάτωνς
2796 4336 2961 4389 ’Ὀπον
2996 4335 3181 4405 θαῦμα
3208 4337 3308 4404 τῆς
3339 4335 3488 4399 θείας
3519 4332 3807 4406 μεγαλειάιηο

2293 4447 2382 4493 τος
2406 4428 2648 4502 περιέχει
2687 4431 2715 4482 6
2748 4428 2938 4497 λόγοςς
2988 4428 3160 4498 ’Ὀσην
3183 4427 3435 4498 ἐμφαίνει
3462 4427 3564 4496 τῆς
3587 4425 3808 4492 δυνάμεως

2293 4521 2386 4574 τοῦ
2425 4520 2558 4574 Θεοῦ
2606 4521 2705 4592 τὴν
2732 4517 3035 4591 ὑπερϐολὴν
3064 4520 3097 4588 ὴ
3144 4517 3254 4570 τῶν
3295 4517 3598 4588 εἰρημένων
3624 4515 3806 4594 διάνοιας

625 4607 785 4676 cujus
816 4607 997 4677 lingua
1029 4618 1289 4677 tanquam
1319 4610 1584 4665 novacula
1614 4620 1792 4676 acuta,
1821 4613 1888 4668 de
1917 4628 2027 4682 quo
2057 4613 2187 4668 dicit

2299 4612 2422 4676 Πῶς
2448 4614 2674 4676 ἐκεῖνος.
2699 4612 2826 4680 περ)⁸
2853 4605 2913 4664 οὗ
2939 4609 3008 4662 τὰ
3026 4608 3326 4680 τηλικαῦτα
3347 4609 3584 4676 λέγεται,
3609 4608 3635 4660 6
3659 4604 3807 4672 ἁνθρω

623 4697 914 4768 Propheta.
965 4698 1187 4770 Sagittae
1237 4703 1462 4770 potentis
1522 4714 1692 4758 acuta:
1721 4721 1837 4758 cum
1871 4707 2188 4762 carbonibus

624 4790 958 4844 desolatoriis
983 4791 1034 4857 ³;
1064 4799 1140 4858 et,
1166 4791 1462 4848 Insidiatur
1486 4805 1736 4865 tanquam
1761 4797 1840 4851 leo
1866 4799 1919 4851 in
1942 4798 2190 4865 spelunca

625 4897 725 4935 ,αα
738 4881 782 4942 ι,
801 4881 973 4937 Draco
991 4883 1083 4938 me
1100 4899 1353 4953 magnus,
1369 4879 1912 4949 apostata,infernus;
1951 4889 2190 4947 dilatans

624 4989 689 5028 os
717 4987 899 5040 suum,
959 4983 1142 5029 rector
1194 4976 1356 5047 hujus
1394 4977 1681 5033 mundanae
1718 4981 2003 5048 potestatis
2040 4990 2190 5038 tene-

627 5065 873 5129 brarum,
906 5065 999 5135 qui
1053 5066 1216 5123 habet
1261 5068 1545 5138 imperium
1602 5071 1814 5136 mortis,
1848 5083 1899 5127 et
1931 5087 2190 5143 quaecun-

627 5170 733 5225 que
765 5170 832 5211 ex
853 5169 1085 5225 persona
1135 5158 1256 5226 ejus
1304 5169 1489 5213 narrat
1519 5162 1822 5230 prophetia.
1878 5163 1979 5230 Qui
2014 5164 2192 5220 aufert

625 5246 891 5303 terminos
931 5249 1196 5318 gentium,
1233 5264 1371 5318 quos
1400 5252 1722 5318 constituit,
1753 5269 1944 5323 nempe
1978 5255 2194 5310 Altissi-

626 5354 750 5394 mus
768 5386 781 5404 ,
819 5353 920 5410 pro
947 5354 1175 5396 numero
1197 5341 1509 5409 angelorum
1531 5357 1793 5411 suorum;
1821 5346 1912 5414 qui
1941 5361 2193 5418 compre-

628 5431 820 5486 hendit
853 5432 1040 5488 orbem
1070 5439 1230 5488 terra
1261 5435 1402 5489 sicut
1429 5435 1638 5500 nidum,
1661 5444 1714 5491 et
1752 5452 1870 5490 eam
1901 5439 2042 5494 tollit
2067 5447 2192 5493 tan-

588 5513 594 5522 ’
629 5537 793 5592 quam
813 5537 914 5578 ova
937 5509 1228 5593 derelicta;
1253 5529 1344 5597 qui
1369 5526 1502 5580 dicit
1529 5542 1588 5582 se
1609 5527 1911 5598 positurum
1937 5529 2192 5585 thronum

631 5627 790 5666 suum
825 5628 989 5684 super
1016 5615 1191 5672 nubes
1213 5655 1228 5681 ,
1288 5620 1343 5670 et
1360 5609 1600 5664 futurum
1618 5610 1848 5672 similem
1875 5618 2192 5686 Altissimo,

629 5712 684 5758 et
715 5720 1056 5778 quaecunque
1090 5707 1371 5780 Scriptura
1405 5709 1474 5766 de
1505 5725 1571 5766 eo
1599 5713 1948 5782 persequitur
1983 5715 2039 5768 in
2065 5711 2188 5780 Job,

2297 4705 2573 4768 ποκτόνος,
2627 4706 2656 4758 6
2697 4706 2754 4756 ὲν
2801 4703 2966 4774 κακίᾳ
3001 4703 3225 4765 δυνατὸς
3244 4742 3257 4762 ,
3299 4695 3360 4754 οὗ
3401 4703 3432 4772 ή
3477 4699 3684 4768 γλῶσσα
3715 4692 3805 4744 (basi

2299 4795 2455 4868 ξυρὸν
2469 4797 2802 4867 ἠκονημένον
2820 4795 2970 4867 [περί
2986 4789 3046 4847 οὖ
3069 4811 3200 4864 φησι
3221 4796 3248 4846 6
3271 4793 3582 4864 Προφήτης
3611 4790 3678 4844 Τὰ
3691 4785 3807 4850 ,ϐέλη

2293 4889 2401 4943 τοῦ
2446 4887 2707 4942 δυνατοῦ
2743 4886 3106 4958 ἠκονημένα]
3146 4887 3268 4940 σὺν
3294 4885 3419 4951 τοῖς
3443 4883 3682 4951 ἄνθραξι
3721 4877 3806 4938 τοῖς

2293 4982 2607 5052 ἐρημικοῒςο
2637 4982 2750 5045 καὶ,
2789 4981 3112 5050 Ἐνεδρεύει
3135 4981 3214 5046 ὡς
3245 4979 3402 5034 λέων
3429 4979 3500 5032 ἐν
3534 4975 3608 5046 τῇ
3627 4971 3805 5046 μάνδρῐτ

2298 5074 2502 5138 αὐτοῦ,
2537 5076 2566 5127 6
2606 5074 2852 5146 Δράκων.
2892 5075 2922 5126 6
2964 5074 3152 5144 μέγας,
3182 5075 3211 5125 6
3241 5071 3574 5142 ἀποστάτης,
3604 5071 3632 5122 6
3653 5061 3805 5138 ᾅδηςιδ

2299 5165 2582 5220 πλατύνων
2622 5166 2688 5220 τὸ
2729 5166 2902 5236 στόμα
2939 5165 3120 5228 αὑτοῦ,
3153 5167 3181 5218 6
3212 5164 3604 5236 κοσμοκράτωρ
3633 5164 3719 5230 τῆς
3746 5153 3805 5217 ἰξ-

2297 5259 2482 5322 ουσίας
2519 5258 2613 5311 τοῦ
2659 5256 2899 5323 σκότους,
2947 5260 2977 5312 6
3025 5258 3160 5328 ἔχων
3201 5257 3294 5312 τοῦ
3342 5257 3571 5313 θανᾶτου
3621 5257 3674 5308 τὸ
3710 5250 3805 5322 κρά-

2295 5367 2425 5414 τος,
2495 5351 2589 5403 καὶ
2645 5350 2870 5418 6616):
2931 5349 3220 5420 προσώπου
3286 5349 3449 5402 αὐτού
3507 5341 3804 5419 διηγεῖταιὴ

2298 5442 2618 5513 προφητεία.
2657 5441 2714 5495 '0
2733 5427 3137 5512 ἀφαιρούμενος
3181 5441 3301 5510 ὅρια
3348 5440 3511 5493 ἐθνῶν
3557 5439 3592 5492 ἃ
3638 5439 3803 5501 ἔστησε.

2298 5534 2538 5605 δηλονότι
2595 5535 2626 5586 6
2667 5532 2958 5602 ⁸Υψιστος,
3007 5532 3130 5585 κατ’
3195 5530 3426 5602 ἀριθμὸν
3468 5529 3697 5599 ἀλλήλων
3733 5527 3805 5578 αὐ·

2296 5624 2390 5678 τού
2424 5664 2440 5689 ,
2503 5626 2532 5678 6
2595 5621 3018 5693 καταλαμϐάνων
3081 5621 3177 5692 τὴν
3227 5621 3545 5691 οἰκουμένην
3593 5618 3664 5680 ὡς
3707 5626 3804 5666 νοσ-

2303 5715 2443 5779 σιὰν,
2480 5715 2571 5768 καὶ
2615 5714 2691 5777 ὼς
2739 5711 3163 5782 καταλελειμένα
3219 5709 3301 5764 ibi
3393 5720 3562 5785 αῐρων
3593 5704 3730 5766 αὑτάο
3786 5701 3804 5750 6

704 5883 728 5944 ε
761 5882 896 5942 Luc.
933 5885 1106 5955 11,29,
1159 5886 1247 5941 50.
1321 5889 1341 5921 ⁸
1371 5885 1526 5944 Joan.
1556 5903 1631 5957 vr,
1666 5889 1755 5944 69.
1833 5891 1853 5924 ³
1887 5888 2035 5950 Psal.
2076 5906 2187 5950 εει]

2289 5926 2310 5951 ι.
2386 5895 2408 5926 ⁸
2437 5892 2582 5950 Psal.
2615 5908 2672 5962 ι,
2699 5891 2730 5948 9
2760 5905 2869 5948 sec.
2903 5885 3064 5944 llebr.
