3932 6470
248 409 346 466 881
1338 409 1406 464 IN
1434 407 1726 466 CANTICA
1750 405 2023 463 CANTIC.
2062 408 2349 465 HOMILI’A
2390 405 2453 463 V.
3366 389 3471 449 882

246 527 421 597 λέγων
490 530 699 583 τιθέναι
763 529 948 584 ὲπάνω
999 527 1107 583 τῶν
1158 530 1396 599 νεφελῶν
1459 532 1549 585 τὸν
1620 530 1799 603 θρόνον

1917 543 2026 598 quae
2096 529 2257 600 plane
2307 533 2438 583 sunt
2492 521 2782 585 terribilia,
2838 517 2997 589 cuius
3025 516 3192 569 latera
3253 509 3470 603 quidem

242 621 429 682 αὑτοῦ,
492 621 587 674 καὶ
640 623 825 691 ὅμοιος
874 620 1117 689 γίνεσθαι
1168 621 1246 673 τῶ
1272 622 1537 693 ’Υψίστῳ,
1573 602 1667 675 κα).
1708 622 1795 674 ὅσα

1921 631 2034 675 ιιιηι
2089 635 2259 686 aenea,
2317 632 2508 672 aurum
2563 622 2743 668 autem
2774 611 2935 667 fusile
2966 610 3156 680 spina;
3214 602 3474 658 intestina

240 714 300 766 ὲν
324 712 399 783 τῷ
415 711 532 765 Ἰὼϐ
555 715 585 766 6
619 712 778 782 λόγος
802 714 929 785 περὶ
956 713 1118 767 αὐτοῦ
1136 713 1487 787 διεξέρχεται,
1513 714 1581 768 τὰ
1604 714 1793 786 φοϐερᾶ

1920 721 2084 768 intem
2106 713 2223 783 ejus
2277 711 2414 781 lapis
2447 708 2740 779 smyrites:
2774 713 2828 761 et
2848 715 3183 775 quaecunque
3208 704 3335 753 sunt
3370 694 3473 749 bu-

240 803 335 857 καὶ
366 802 631 876 φρικώδη,
675 799 737 858 οὗ
767 806 964 875 χαλκαῖ
991 805 1090 876 μὲν
1131 807 1188 861 αἱ
1216 806 1467 877 πλευραὶ,
1512 806 1723 878 σίδηρος
1752 805 1793 858 δὲ

1920 803 2165 866 lusmodi,
2206 817 2301 871 per
2329 815 2449 871 qua:
2503 797 2801 853 terribilem
2862 795 3009 849 illam
3073 798 3325 845 naturam
3377 786 3473 839 de—

241 895 399 967 χυτδς
432 897 465 965 ἡ
498 894 673 966 ῥάχις,
703 895 905 964 ἔγκατα
926 897 983 950 δὲ
1014 895 1179 951 αὑτοῦ
1208 898 1475 969 σμυρίτης
1499 896 1643 959 λίθος
1667 913 1682 928 ·
1713 896 1794 949 xui

1920 895 2096 950 scribit
2128 892 2432 963 Scriptura.
2456 888 2562 943 ‘Ilic
2595 903 2725 959 ergo
2758 888 2884 942 talis
2922 893 2977 941 et
3008 891 3198 936 tantus
3233 880 3473 948 impera-

242 988 421 1041 πάντα
466 987 707 1052 τοιαῦτα,
753 987 820 1040 δι’
860 982 934 1040 ὧν
964 988 1065 1057 τὴν
1107 987 1341 1058 φοϐερὰν
1383 986 1544 1057 φύσιν
1594 987 1795 1057 ἐκείνην.

1931 1002 1994 1040 or
2027 986 2294 1055 legionum
2324 986 2651 1043 dmmonum,
2682 975 3145 1049 quemadmodum
3170 987 3201 1025 a
3249 984 3375 1026 vera
3424 975 3483 1044 et.

242 1077 548 1149 ὑπογράφει
579 1080 610 1131 6
656 1076 834 1147 λόγος.
859 1070 1029 1141 Οὗτος
1055 1073 1148 1130 οῦν
1166 1078 1196 1130 6
1218 1075 1476 1142 τοιοῦτος,
1491 1080 1519 1132 6
1535 1076 1795 1142 τοσοῦτος,

1925 1079 2024 1134 sola
2053 1085 2319 1147 potestate
2348 1072 2894 1140 nominatur?parva
2922 1068 3115 1137 vulpes
3152 1085 3166 1120 :
3198 1074 3251 1119 et
3289 1076 3478 1117 omnes

239 1172 269 1223 6
300 1171 601 1241 στρατηγὸς
630 1170 738 1223 τῶν
766 1172 824 1224 ὲν
853 1172 964 1233 τοῖς
990 1168 1203 1239 δαίμοσι
1228 1167 1527 1237 λεγεώνων,
1557 1169 1671 1231 πῶς
1688 1169 1792 1221 ὀνο·

1927 1172 2001 1240 [ui
2023 1184 2147 1224 eum
2168 1166 2599 1227 circumsistunt,
2622 1170 2674 1217 et
2703 1160 2994 1215 universus
3016 1156 3109 1225 qui
3130 1163 3213 1210 est
3232 1151 3336 1207 sub
3360 1149 3480 1218 ejus

244 1262 473 1332 μάςεται
504 1261 657 1333 παρὰ
683 1261 781 1332 τῆς
809 1260 1069 1331 ἀληθινῆς
1096 1278 1155 1313 τε
1181 1260 1274 1315 καὶ
1303 1260 1467 1331 μόνης
1494 1259 1797 1330 δυνάμεως

1925 1266 2176 1332 potestate
2204 1258 2497 1316 exercitus,
2544 1267 2734 1308 omnes
2767 1266 2835 1304 ex
2871 1264 3028 1319 inquo
3062 1244 3341 1314 despectui
3378 1241 3478 1295 ha-

241 1350 450 1420 Μικρὸν
472 1350 793 1405 ἀλωπέκιον.
828 1351 936 1403 Καὶ
960 1352 1007 1403 οἱ
1035 1350 1164 1421 περὶ
1192 1350 1352 1403 αὑτὸν
1374 1350 1593 1413 πάντες,
1625 1351 1657 1419 ἡ
1682 1350 1794 1402 ὑπο

1927 1354 2008 1409 ιὶιί
2042 1352 2391 1406 nominantur
2422 1345 2723 1417 vulpeculae
2767 1343 2835 1397 ab
2880 1356 2945 1396 eo
2977 1339 3070 1409 qui
3099 1338 3289 1391 incitat
3316 1346 3480 1388 vena-

247 1442 449 1512 χείριος
489 1440 639 1512 αύτῷ
672 1440 919 1513 στρατιὰ,
965 1442 1163 1503 πάντες
1192 1440 1331 1493 κατὰ
1358 1441 1418 1493 τὸ
1452 1441 1563 1493 ἴσον
1602 1440 1800 1504 ἐξευτε-

1928 1462 2056 1502 ,οι-εε
2081 1446 2148 1500 ad
2177 1460 2272 1500 eos
2300 1443 2599 1499 venandos.
2632 1438 2670 1491 li
2705 1444 2885 1491 autem
2923 1434 3064 1489 forte
3095 1430 3299 1484 fuerint
3321 1440 3481 1494 ange-

246 1532 519 1598 λισθέντες
571 1535 1024 1605 κατονομάζονται
1074 1534 1227 1603 παρά
1270 1531 1364 1586 τοῦ
1420 1532 1799 1604 παρορμῶντος

1936 1540 2032 1593 ica:
2065 1542 2387 1607 potestates,
2430 1548 2552 1603 qua:
2603 1532 2658 1585 in
2688 1529 2922 1583 adventu
2950 1523 3158 1579 Domini
3190 1521 3245 1574 in
3285 1528 3484 1574 terram

243 1622 383 1695 πρὸς
427 1623 528 1693 τὴν
565 1624 685 1678 κατ’
713 1625 890 1678 αὐτῶν
924 1624 1097 1695 ἄγραν
1125 1625 1250 1686 τοὺς
1282 1623 1568 1694 θηρευτάς.
1610 1619 1733 1677 Εἶεν
1755 1624 1796 1677 δὲ

1934 1631 2184 1685 [educunt
2224 1627 2402 1697 ipsum
2452 1638 2632 1694 regem
2673 1620 2879 1691 gloriae,
2927 1618 2984 1672 in
3016 1613 3279 1670 mundum
3319 1607 3487 1662 addu-

243 1714 311 1767 ἂν
334 1708 479 1769 οὗτοι
505 1715 647 1786 τάχα
686 1717 784 1786 μὲν
817 1718 872 1769 αἱ
900 1716 1189 1785 ἁγγελικαὶ
1215 1714 1489 1786 δυνάμεις,
1518 1717 1577 1769 αἱ
1600 1718 1697 1788 τῆς
1731 1717 1796 1770 δε·

1933 1729 2129 1780 :entes,
2181 1726 2235 1771 et
2294 1717 2473 1784 ipsum
2507 1710 2857 1767 ostendentes
2892 1703 3313 1779 ignorantibus:
3354 1698 3486 1764 Quis

243 1807 508 1878 σποτικῆς
526 1810 824 1881 παρουσίας
844 1810 934 1862 ἐπὶ
951 1808 1047 1880 τὴν
1066 1809 1170 1879 γῆν
1189 1808 1698 1879 προπομπεύουσαι,
1718 1813 1796 1864 κοῦ

1794 1813 1813 1865 ι
1913 1822 1990 1868 est
2025 1811 2123 1864 iste
2146 1808 2257 1862 Rea:
2270 1806 2494 1877 gloria?
2518 1802 2700 1858 Fortis
2725 1811 2774 1856 et
2803 1809 2981 1869 potens
3018 1798 3070 1850 in
3100 1794 3281 1864 praelia
3305 1792 3347 1846 ⁸.

242 1900 334 1953 τὸν
376 1874 732 1970 βαάιλέαττῆς
778 1899 937 1971 δόξης
1184 1874 1279 1952 τοῦ
1328 1874 1442 1969 βίου
1481 1901 1847 1973 παράγουσαι,
1884 1906 1975 1959 καὶ
2012 1904 2124 1966 τοῖς
2160 1874 2446 1968 ἀγνοοῦσιν
2475 1892 2929 1949 ἐπιδεικνύουσαι.
2979 1889 3075 1955 Τις
3104 1887 3271 1940 ἐστιν
3309 1874 3489 1941 οὗτος

246 1994 282 2046 ὀ
311 1993 610 2059 ,βασιλεὺς
638 1992 747 2061 τῆς
775 1993 959 2061 δόξης
982 2010 1002 2057 ;
1043 1993 1098 2046 '0
1122 1995 1399 2062 κραταιὸς
1432 1995 1530 2047 καὶ
1563 1994 1819 2065 δυνατὸς
1854 2001 1923 2054 ἐν
1947 1996 2202 2066 πολέμῳ.

323 2089 481 2149 Ἴσως
506 2087 551 2140 δ’
572 2089 636 2142 ἀν
654 2104 738 2151 τις
766 2088 907 2141 εἴποι
940 2088 1034 2142 καὶ
1059 2088 1127 2141 τὰ
1156 2089 1503 2158 λειτουργικὰ
1533 2089 1817 2160 πνεύματα
1847 2104 1876 2159 Ε

2055 2100 2150 2145 ινιθ
2170 2096 2351 2143 autem
2387 2085 2586 2141 dixerit
2620 2081 2891 2152 quispiam
2919 2077 3083 2133 etiam
3132 2072 3361 2144 spiritus
3392 2080 3488 2124 au-
3596 2088 3608 2107 -

245 2177 317 2232 τὰ
350 2182 429 2242 είς
460 2179 730 2233 διακονίαν
772 2178 1208 2250 ἀποστελλόμενα
1244 2180 1331 2233 διὰ
1364 2181 1490 2241 τοὺς
1530 2179 1798 2250 μέλλοντας

1940 2182 2366 2242 ninistratorios,
2387 2179 2479 2248 qui
2503 2177 2793 2230 mittuntur
2808 2172 2874 2226 ad
2895 2167 3254 2224 ministerium
3274 2169 3493 2233 propter

247 2270 599 2340 κληρονομεῖν
632 2271 921 2341 σωτηρίαν.
975 2271 1125 2340 Τάχα
1153 2270 1210 2323 δὲ
1243 2271 1511 2343 θηρευτὰς
1553 2272 1696 2325 εἴποι
1732 2289 1800 2336 τις

1939 2292 2016 2331 :os
2051 2274 2141 2345 qui
2209 2280 2338 2327 sunt
2394 2269 2562 2322 futuri
2629 2264 2870 2319 haarcdes
2905 2260 3098 2316 salutis
3132 2259 3174 2311 ⁸.
3236 2256 3492 2310 Fortasse

249 2361 318 2413 ἂν
350 2361 441 2415 καὶ
472 2360 598 2424 τοὺς
636 2361 962 2424 ἀποστόλους
1001 2357 1171 2427 εἶναι,
1219 2364 1345 2425 τοὺς
1388 2365 1466 2426 είς
1498 2363 1595 2433 τὴν
1645 2365 1802 2435 ἄγραι

1941 2367 2080 2421 :tiam
2119 2371 2298 2417 autem
2353 2359 2551 2415 dixerit
2579 2356 2854 2427 quispiam
2901 2360 3191 2406 venatores
3211 2362 3333 2425 esse
3369 2360 3494 2400 sano

247 2452 357 2505 τῶν
391 2452 594 2524 θηρίων
626 2452 830 2507 τούτων
861 2456 1330 2525 ὲκπεμπομένους,
1361 2455 1494 2525 πρὸς
1528 2455 1619 2517 οὓς
1644 2453 1795 2508 εἶπεν

1942 2467 2043 2511 :tos
2082 2454 2379 2525 apostolos,
2419 2451 2512 2522 qui
2546 2450 2837 2503 mittuntur
2890 2444 2955 2498 ad
2987 2445 3085 2497 bas
3124 2441 3265 2495 feras
3294 2452 3495 2492 venane

246 2543 330 2595 ὅτι
360 2543 600 2612 Ποιήσω
626 2543 779 2612 ὑμᾶς
801 2544 989 2609 ἀλιεῖς
1015 2543 1133 2598 τῶν
1155 2543 1499 2611 ἀνθρώπων.
1524 2547 1597 2598 Οὐ
1622 2546 1729 2617 γὰρ
1754 2545 1799 2599 ἃ·

1945 2549 2045 2602 las.
2102 2545 2310 2611 Quibus
2363 2542 2540 2597 dixit:
2579 2538 2802 2592 Faciam
2849 2553 2936 2590 vos
2986 2536 3274 2602 piscatores
3330 2528 3498 2583 homi-

249 2634 562 2702 ὲνήργησαν
600 2632 699 2703 τὴν
740 2632 1086 2703 ἀνθρωπίνην
1137 2633 1323 2686 ἀλείαν
1370 2637 1436 2704 τῇ
1475 2634 1584 2687 τῶν
1626 2635 1802 2702 λογίωη

1943 2656 2051 2693 tum
2078 2639 2120 2691 ".
2162 2635 2280 2689 Non
2311 2634 2456 2689 enim
2498 2631 2756 2687 fecissent
2786 2627 3140 2699 piscationem
3192 2621 3496 2683 hominum,

249 2724 511 2796 περιϐολῇ
561 2724 661 2787 τὰς
700 2725 808 2779 τῶν
846 2726 1167 2796 σωζομένων
1206 2725 1381 2796 ψυχὰς
1412 2726 1796 2797 σαγηνεύοντες

1946 2726 2270 2797 sloquioruni
2311 2737 2509 2792 sagena
2574 2735 2764 2775 eorum
2804 2718 2896 2788 qui
2938 2714 3073 2776 salvi
3132 2714 3265 2767 liunt
3289 2710 3499 2764 animas

253 2818 304 2873 εί
337 2817 410 2889 μὴ
452 2819 712 2890 πρότερον
752 2821 818 2873 ἐκ
846 2818 954 2872 τῶν
997 2819 1222 2889 φωλεῶν
1248 2821 1316 2873 τὰ
1345 2820 1507 2891 θηρία
1542 2820 1712 2874 ταῦτα
1743 2820 1802 2886 ἐξ

1953 2821 2261 2881 rretienles,
2297 2817 2402 2871 nisi
2425 2814 2580 2886 prius
2613 2830 2642 2867 e
2666 2809 2943 2881 speluncis
2972 2806 3181 2861 belluas
3218 2803 3499 2873 ejicerent,

259 2907 469 2970 έὸαλον,
484 2910 610 2972 τοὺς
639 2911 866 2981 μικροὺς
890 2911 1129 2973 ἐκείνους
1149 2910 1459 2974 ἀλώπεκας,
1485 2912 1549 2965 ὲκ
1568 2912 1673 2963 τῶν
1694 2927 1812 2981 καρ-

1950 2928 2123 2982 iempe
2154 2925 2348 2981 parvas
2387 2908 2578 2976 vulpes
2609 2920 2677 2958 ex
2702 2901 2962 2956 cordibus
2992 2899 3044 2952 in
3070 2898 3268 2967 quibus
3316 2893 3503 2948 delite-

256 2998 386 3052 διῶν
411 2998 575 3069 λέγω,
605 2995 692 3064 αἷς
734 2999 1082 3070 ὲνεφώλευον,
1118 3000 1256 3054 ὥστε
1292 3002 1512 3070 ποιῆσαι
1556 3002 1719 3055 τόπον
1748 3002 1809 3072 re]

1950 3005 2179 3063 scebant,
2218 3009 2275 3053 ut
2331 2996 2469 3051 Filio
2525 3005 2580 3050 et
2628 2996 2737 3047 Deo
2792 2993 2969 3045 locum
3014 2990 3276 3048 facerent,
3312 2986 3364 3040 in
3397 2999 3503 3054 quo

256 3090 371 3162 Υίῷ
401 3091 494 3145 τοῦ
526 3090 679 3157 Θεοῦ,
708 3093 843 3145 ὅπου
878 3092 975 3164 τὴν
1005 3091 1199 3147 ἑαυτοῦ
1232 3093 1470 3164 κεφαλὴν
1518 3092 1802 3163 ἀναπαύσῃ

1954 3102 2095 3163 :aput
2123 3107 2282 3146 suum
2330 3088 2642 3149 reclinaret,
2698 3084 2848 3137 nullo
2880 3096 3077 3152 genere
3111 3079 3348 3148 vulpium
3375 3077 3507 3130 deli-

261 3183 458 3255 μηκέτι
499 3183 596 3237 τοῦ
634 3184 827 3252 γένους
854 3184 961 3237 τῶν
1009 3184 1309 3238 ἀλωπέκων
1343 3187 1400 3239 ὲν
1437 3187 1557 3249 ταῖς
1584 3184 1814 3255 καρδίαις

1957 3192 2174 3240 escente
2227 3182 2461 3251 amplius
2509 3179 2563 3232 in
2598 3175 2877 3231 cordibus.
2931 3174 3197 3229 Caeterum
3246 3186 3355 3224 non
3387 3184 3509 3223 esse

260 3274 611 3344 φωλεύοντος.
655 3274 802 3347 Πλὴν
839 3275 1045 3347 οὕσπερ
1079 3276 1146 3330 ἂν
1176 3275 1438 3345 ὑπόθηται
1466 3278 1594 3339 τοὺς
1631 3276 1813 3348 θηρευ-

1956 3293 2072 3347 [nos
2096 3276 2244 3345 ponit
2296 3273 2572 3341 Scriptura
2617 3277 2925 3331 venatores,
2993 3278 3243 3335 magnam
3286 3270 3341 3316 et
3375 3260 3509 3313 inef-

260 3368 358 3431 τὰς
400 3364 535 3422 εἶναι
576 3369 603 3421 6
634 3367 818 3437 λόγος,
865 3367 927 3420 τὸ
968 3367 1251 3438 μεγαλεῖον
1293 3369 1386 3422 καὶ
1414 3369 1689 3439 ἄφραστον
1733 3367 1813 3438 τῆς

1960 3366 2154 3420 abilein
2200 3364 2439 3418 divinam
2503 3362 2782 3419 virtutem,
2836 3357 3098 3412 discimus
3142 3369 3239 3425 per
3281 3367 3345 3407 ea
3392 3367 3513 3421 qua:

265 3457 414 3522 θείας
443 3458 721 3529 δυνάμεως
753 3457 841 3511 διά
880 3457 990 3510 τῶν
1028 3459 1516 3531 προστεταγμένων
1543 3460 1723 3521 αὐτοῖς
1752 3458 1818 3510 δι·

1958 3460 2069 3529 psis
2124 3457 2405 3526 iubentur.
2460 3454 2581 3507 Non
2618 3452 2763 3507 enim
2799 3447 3273 3515 dixit,Venamini
3320 3461 3510 3514 aprum

264 3550 593 3621 δασκόμεθα.
650 3549 729 3606 Οὐ
760 3551 866 3621 γὰρ
912 3546 1091 3615 εἶπεν,
1141 3551 1222 3604 ὅτι
1271 3550 1582 3622 Θηρεύσατε
1629 3544 1694 3604 ὗν
1742 3550 1817 3603 sbi

1963 3551 2266 3614 .ilvestrem,
2315 3546 2410 3616 qui
2450 3547 2663 3600 vineam
2698 3542 2792 3597 Dei
2832 3541 3217 3610 depopulatur,
3255 3544 3349 3590 aut
3400 3537 3516 3589 sin-

269 3644 334 3694 ὲκ
375 3641 468 3694 τοῦ
514 3641 744 3713 δρυμοῦ,
802 3640 901 3712 τὴν
951 3642 1194 3713 ἄμπελον
1246 3641 1340 3695 τοῦ
1390 3641 1525 3695 Θεοῦ
1582 3640 1822 3710 λυμαινό-

1962 3643 2176 3709 :ularem
2230 3640 2437 3705 ferum,
2484 3646 2577 3692 aut
2626 3637 2924 3706 rugientem
2971 3635 3203 3697 leonem,
3257 3636 3353 3682 aut
3401 3642 3515 3680 nia-

273 3751 452 3805 μενον,
486 3734 532 3806 ’ἢ
571 3734 662 3787 τὸν
707 3733 888 3804 μονιὺν
928 3733 1019 3787 τὸν
1060 3734 1270 3804 ἄγριον,
1310 3733 1343 3803 ἢ
1382 3733 1472 3786 τὸν
1527 3733 1826 3804 ὠρυόμενοι

1959 3751 2097 3807 gnam
2133 3734 2401 3795 balenam.
2446 3740 2541 3785 aut
2571 3731 2842 3784 marinum
2882 3732 3199 3781 draconem.
3229 3721 3347 3775 Vim
3370 3719 3512 3774 enim

272 3826 529 3897 λέοντα,ἢ
564 3826 625 3878 τὸ
648 3825 790 3897 μέγα
813 3824 998 3894 κῆτος,
1018 3824 1051 3895 ἦ
1075 3826 1167 3878 τὸν
1201 3824 1526 3896 ὑποϐρύχιον
1550 3824 1825 3896 δράκοντα,

1966 3828 2174 3897 ιιίηιιοιη
2231 3838 2418 3880 eorum
2469 3836 2590 3892 qua:
2642 3828 2832 3875 contra
2893 3819 3245 3889 depugnant,
3306 3828 3404 3883 per
3452 3826 3519 3865 ea

276 3913 356 3971 Ἦ
388 3917 496 3989 γὰρ
525 3917 588 3970 ἀν
612 3932 735 3969 τινα
757 3913 987 3983 δύναμιν
1013 3912 1123 3965 τῶν
1156 3913 1598 3984 ἀντιμαχούντων
1623 3914 1710 3967 διὰ
1733 3912 1829 3967 τῶν

1964 3917 2254 3973 ιεῐειιᾶοιθι
2312 3915 2486 3970 oratio
2536 3912 2909 3968 venatoribus.
2969 3909 3073 3963 Sed
3124 3908 3230 3961 illas
3285 3919 3517 3967 omnes,

278 4012 530 4065 τοιούτων
562 4013 589 4064 6
613 4009 769 4080 λόγος
797 4013 911 4074 τοῖς
946 4007 1237 4079 θηρευταῖς
1277 4005 1630 4058 ἐνεδείκνυτο.
1685 4003 1831 4057 Ἀλλᾶ

1968 4010 2152 4078 nquit,
2199 4014 2490 4063 terrestres
2545 4011 2881 4073 potestates,
2938 4004 3198 4055 adversus
3245 4012 3384 4066 quas
3437 3990 3521 4050 es't

282 4106 471 4171 πᾶσαι,
503 4105 686 4175 φησὶν,
717 4106 923 4156 ἐκεῖναι
956 4102 1013 4155 αἱ
1047 4098 1310 4171 περίγειοι
1343 4096 1673 4159 δυναστεῖαι,
1710 4096 1835 4166 πρὸς

1971 4100 2257 4156 :olluctatio
2307 4096 2645 4160 hominibus,
2703 4095 3060 4166 principatus,
3114 4097 3411 4162 potestates
3468 4093 3524 4141 et

279 4198 345 4263 ἃς
375 4200 408 4268 ἡ
436 4196 582 4267 πάλη
610 4200 722 4261 τοῖς
751 4195 1057 4269 ἀνθρώποις
1091 4192 1259 4252 ἐστὶν,
1289 4189 1453 4260 ἀρχαί
1493 4206 1553 4241 τε
1580 4187 1671 4241 καὶ
1699 4188 1832 4252 ἐξου-

1968 4200 2187 4248 ectores
2229 4189 2575 4247 tenebrarum
2637 4186 2824 4241 mundi
2860 4185 3045 4254 hujus,
3085 4192 3139 4238 et
3166 4182 3395 4253 spiritus
3424 4196 3521 4233 ne-

285 4293 416 4357 σίαι,
447 4293 543 4347 καὶ
578 4292 1015 4363 κοσμοκράτορες
1044 4287 1289 4347 σκότους,
1317 4284 1411 4337 καὶ
1439 4281 1723 4351 πνεύματα
1750 4297 1838 4332 πο-

1969 4283 2151 4355 ptitiaz,
2195 4292 2323 4337 sunt
2365 4296 2547 4352 parvae
2593 4280 2782 4348 vulpes
2826 4278 3028 4333 dolosae
3067 4288 3119 4331 et
3162 4274 3427 4336 infelices,
3476 4272 3522 4326 si

284 4383 496 4455 νηρίας,
526 4381 806 4436 ἀλωπεκία
824 4381 941 4432 ἐστὶ
967 4374 1365 4450 μικρά,δολερά
1392 4390 1451 4425 τε
1475 4373 1568 4426 καὶ
1594 4370 1837 4438 δύστηνα,

1970 4392 2072 4432 :um
2124 4374 2327 4431 nostris
2383 4372 2737 4428 conferantur
2792 4370 3021 4423 viribus.
3088 4365 3145 4421 Si
3201 4366 3323 4420 illas
3372 4364 3523 4419 devi-

285 4475 421 4549 πρὸς
462 4474 559 4545 τὴν
600 4472 873 4544 ἡμετέραν
906 4470 1201 4542 κρινόμενα
1232 4464 1481 4534 δύναμιν.
1544 4460 1671 4515 Ἐὰν
1710 4460 1838 4513 ὲκεί-

1972 4466 2170 4529 reritis,
2228 4464 2505 4535 propriam
2568 4463 2846 4533 accipietis
2899 4461 3147 4531 gratiam.
3212 4456 3381 4511 Vinea
3427 4472 3525 4510 no-

286 4546 392 4624 νων
429 4565 904 4636 κατακρατήσητε,
938 4560 1245 4631 ἀπολήψετε
1277 4558 1378 4628 τὴν
1406 4555 1540 4609 ἰδίαν
1573 4553 1751 4625 χάριν.
1792 4553 1839 4605 'C

1975 4565 2066 4609 .tra
2114 4561 2198 4609 est
2242 4554 2477 4608 humana
2536 4560 2770 4614 natura,
2842 4564 2961 4619 quae
3020 4546 3123 4601 l'ert
3183 4546 3369 4598 botros
3433 4556 3528 4610 per

286 4658 547 4731 ἀμπελὼν
592 4633 939 4728 όήμέτερος,
983 4655 1021 4723 ἡ
1066 4650 1380 4722 ἀνθρωπίνη
1410 4647 1591 4718 φύσις,
1621 4646 1715 4698 καὶ⁹
1756 4644 1839 4716 rip

1975 4647 2112 4700 lores
2156 4645 2278 4699 vitae
2332 4659 2452 4715 qua:
2503 4644 2681 4712 agitur
2732 4657 2797 4695 ex
2838 4641 3057 4693 virtute.
3121 4636 3305 4704 Capite
3364 4633 3528 4701 igitur

286 4726 391 4806 τῶν
416 4749 656 4823 βοτρύων
675 4726 859 4819 φορὰν
875 4744 961 4797 διὰ
978 4742 1073 4797 τοῦ
1099 4742 1291 4805 ἄνθους
1311 4741 1410 4811 τῆς
1435 4738 1688 4811 ἐναρέτου
1713 4736 1835 4789 πολι

1977 4734 2103 4787 tabis
2139 4749 2326 4802 parvas
2383 4732 2580 4801 vulpes,
2644 4747 2760 4800 qua:
2816 4728 3171 4781 demetiuntur
3228 4726 3428 4785 vineas,
3480 4732 3530 4776 et

287 4844 435 4905 τείας
472 4838 910 4913 προοιμιάζεται.
977 4833 1237 4888 Πιάσατε
1281 4826 1374 4885 οὖν
1418 4828 1564 4898 ἡμῖν
1608 4826 1840 4896 μικροὺς

1973 4828 2121 4880 vinea:
2150 4835 2345 4878 nostris
2368 4824 2582 4893 ﬂorent.
2608 4821 2857 4876 Divinum
2876 4820 3090 4889 jussum
3121 4818 3328 4872 audivit
3347 4816 3526 4879 vinea,

289 4910 601 4999 ἀλώπεκας
629 4927 1021 5001 ἀφανίζοντας
1043 4922 1384 4995 ἀμπελῶνα,
1412 4920 1509 4974 καὶ
1531 4922 1590 4973 al
1606 4918 1842 4987 ἄμπελοη

1977 4934 2153 4989 tempe
2179 4918 2370 4971 mulier
2402 4918 2469 4971 de
2496 4931 2605 4985 qua
2648 4915 2784 4970 dicit
2809 4913 2997 4979 David,
3068 4911 3216 4966 Uxor
3259 4920 3353 4963 tua
3395 4910 3530 4962 sicut

292 5024 456 5095 ἡμῶν
471 5000 1125 5093 κυπρίουσιν.Ἥκουσε
1182 5012 1271 5066 τοῦ
1287 5011 1430 5064 θείου
1446 5006 1845 5080 προστάγματος

1981 5011 2076 5064 iiiis
2101 5009 2376 5063 abundans
2408 5009 2449 5061 ⁸.
2483 5007 2548 5062 Et
2582 5008 2717 5061 vidit
2744 5021 2884 5071 eam,
2909 5006 3110 5060 virtute
3131 5004 3250 5073 ejus
3283 5002 3376 5069 qui
3421 5000 3534 5071 jus-

293 5094 339 5186 ἡῗ
362 5114 617 5186 ἄμπελος.
660 5115 693 5184 ἡ
733 5109 891 5180 γυνὴ,
927 5108 1054 5179 περὶ
1088 5100 1157 5178 ἦς
1193 5121 1357 5175 φησιν
1393 5104 1422 5156 6
1463 5101 1645 5166 Aa6‘t6,
1682 5103 1759 5154 ὅτι
1802 5103 1846 5156 Ἦ

1978 5105 2054 5167 iit,
2110 5103 2177 5156 ab
2224 5101 2391 5155 exitio
2442 5110 2497 5157 et
2565 5099 2987 5171 depOpulatione
3041 5096 3235 5149 harum
3296 5094 3531 5147 ferarum

297 5181 448 5275 πὲυιέή
468 5222 582 5259 σου
604 5181 691 5270 ὡς’
705 5203 976 5279 ἄμπελος
996 5198 1357 5267 εὐθηνοῦσα.
1390 5197 1499 5252 Καὶ
1522 5197 1633 5250 ιδεν
1661 5196 1850 5267 ἑαυτὴν

1981 5201 2335 5264 :xpurgatam,
2391 5202 2445 5247 et
2490 5192 2672 5248 statim
2730 5191 2822 5246 dat
2866 5190 3102 5259 seipsam
3145 5185 3397 5258 agricola:
3438 5181 3534 5251 qui

300 5298 357 5348 ἐν
392 5297 457 5365 τῇ
489 5294 713 5364 δυνάμει
755 5292 847 5346 τοῦ
879 5289 1232 5351 κελεύσαντος
1270 5289 1369 5359 τῆς
1402 5289 1467 5341 ὲκ
1498 5287 1605 5340 τῶν
1648 5287 1852 5358 θηρίων

1981 5286 2106 5355 ιρρίε
2127 5282 2510 5338 intermedium
2537 5282 2703 5337 diruit
2728 5280 3008 5351 parietem.
3032 5276 3219 5346 Neque
3245 5275 3387 5331 enim
3418 5286 3534 5325 am-

300 5386 503 5442 τούτων
524 5386 698 5456 λύμης
725 5383 1159 5454 κεκαθαρμένην,
1193 5382 1293 5435 καὶ
1322 5380 1481 5444 εὐθὺς
1503 5380 1714 5434 δίδωσιν
1738 5381 1853 5432 ἐαυ-

1982 5378 2109 5447 ilius
2139 5384 2354 5430 arcetur
2387 5377 2591 5445 pariete
2619 5374 2775 5444 legis,
2821 5387 2929 5443 quo
2960 5372 3143 5425 minus
3173 5366 3535 5437 conjungatur

301 5478 400 5550 τὴν
426 5475 505 5547 τῷ
532 5474 760 5546 γεωργῷ
794 5474 870 5545 τῷ
896 5474 957 5526 τὸ
989 5473 1295 5544 μεσότοιχον
1335 5470 1434 5526 τοῦ,
1472 5468 1724 5540 φραγμοῦ
1762 5467 1854 5521 λύ-

1132 5488 1295 5542 τοιχον
1335 5470 1434 5526 τοῦ,
1472 5468 1724 5540 φραγμοῦ
1762 5467 1855 5521 λύ-
1965 5483 2087 5522 cum
2112 5481 2177 5520 eo
2201 5467 2292 5536 qui
2326 5465 2685 5520 desideratur.

304 5587 478 5628 σαντι.
517 5565 713 5621 Οὐκέτι·
742 5564 847 5636 γὰρ
888 5563 965 5635 τῷ
1012 5562 1183 5634 τοίχῳ,
1206 5561 1300 5615 τοῦ
1341 5561 1506 5631 νόμου
1553 5561 1688 5632 πρὸς
1726 5558 1824 5629 τὴν
1865 5557 2156 5629 συνάφειαν
2188 5556 2282 5609 τοῦ
2310 5555 2645 5626 ποθουμένου
2679 5551 3079 5623 διατειχίςεται.

390 5663 587 5727 Ἀλλὰ,
612 5661 795 5731 φησὶν,
814 5658 926 5729 ἐγὼ
948 5657 1027 5724 τῷ
1053 5656 1349 5726 ἀδελφιδῷ
1362 5673 1502 5727 μου,
1519 5656 1618 5709 καί
1643 5659 1675 5709 ό
1698 5653 1867 5709 ἀδελ-

2062 5651 2161 5707 Sed
2215 5668 2337 5721 ego,
2396 5652 2602 5721 inquit,
2667 5649 2895 5718 patrueli
2966 5662 3113 5711 meo,
3168 5653 3219 5698 et
3282 5644 3538 5711 patruelis

309 5757 480 5831 φιδός
492 5772 610 5826 μου
630 5752 778 5823 ἐμοὶ,
791 5754 824 5806 ό
845 5750 1169 5821 ποιμαίνων
1183 5749 1251 5804 ἐν
1270 5748 1393 5815 τοῖς
1412 5746 1779 5818 κρίνοις,ἒως
1794 5741 1862 5803 οὗ

1987 5763 2118 5800 meus
2149 5745 2312 5811 mihi,
2341 5744 2430 5812 qui
2460 5743 2626 5811 pascit
2662 5742 2796 5795 inter
2836 5740 2983 5807 lilia,
3026 5738 3187 5793 donec
3228 5731 3540 5807 perspirarit

381 5870 403 5904 ⁸
448 5868 593 5926 Psal.
630 5882 791 5936 χχιιι,
822 5866 879 5926 8,
912 5864 1157 5951 «'ilebr.
1190 5881 1229 5933 ι,
1279 5865 1362 5947 η.
1440 5866 1459 5899 ⁷
1501 5863 1702 5921 Matth.
1729 5879 1805 5931 iv,
1839 5862 1925 5920 l9.
1998 5866 2018 5897 ⁸
2066 5862 2207 5920 Psal.
2244 5875 2447 5925 cxxvn,
2487 5860 2539 5912 5.
