3932 6516
482 379 588 438 $9.3

1690 381 1748 436 S.
1789 381 2116 440 (EREGORII
2153 382 2448 442 NYSSENI

3613 380 3728 434 881

479 498 593 557 dies
620 507 669 552 et
714 505 869 551 mota:
898 496 1094 565 fuerint
1129 495 1350 550 umbrae.
1380 472 1516 552 ’lloc
1559 504 1741 554 autem
1778 505 1862 554 est
1891 511 1907 551 :
1933 495 2050 554 Vidi

2165 503 2495 570 διαπνεύσῃ
2522 502 2559 569 ἡ
2579 498 2788 569 ἡμέρα.
2811 497 2908 552 καὶ
2928 496 3250 566 κιηθῶσιν
3265 499 3324 551 αι
3343 497 3514 550 σκιαί
3523 540 3536 551 .
3559 497 3735 553 Τοῦτο

483 589 623 648 {acie
648 586 712 641 ad
744 584 937 641 [aciem
967 600 1090 641 eum
1121 584 1214 656 qui
1245 600 1458 656 semper
1485 596 1686 651 manet,
1717 595 1772 643 et
1799 590 1891 659 qui
1921 604 2049 660 pro-

482 689 604 757 pter
630 695 714 735 me
738 695 804 734 ex
832 692 1024 734 sorore
1046 692 1164 732 mea
1193 677 1480 750 Synagoga
1509 679 1565 741 in
1595 680 1828 734 humana
1857 691 2053 738 natura

481 779 568 827 est
602 777 859 830 exortus,
897 779 951 822 et
986 770 1040 824 in
1073 784 1138 823 eo
1174 769 1496 838 requiesco,
1533 778 1588 825 et
1627 769 1696 824 lio
1730 775 1851 842 ejus
1887 771 2047 826 babi-

480 863 746 922 taculum.
790 859 890 915 Hie
917 859 1060 918 enim
1095 869 1178 915 est
1209 868 1397 930 pastor
1425 861 1601 918 bonus
1623 900 1637 924 ,
1669 862 1762 932 qui
1791 877 1898 917 non
1928 861 2052 918 feno

483 952 661 1026 pascit
703 967 955 1022 gregem,
1003 952 1098 1008 sed
1146 967 1285 1020 puro
1319 951 1436 1008 lilio
1482 952 1661 1022 pascit
1692 967 1842 1008 oves.
1881 951 1931 1010 ls
1960 963 2046 1010 est

479 1045 630 1100 enim
673 1057 864 1100 revera
910 1043 1007 1112 qui
1059 1043 1180 1099 leno
1211 1057 1319 1104 non
1355 1044 1592 1114 amplius
1631 1044 1802 1105 nutrit
1844 1043 2049 1101 fenum.

481 1135 703 1194 Naturae
736 1137 883 1196 enim
914 1137 1124 1206 experti
1157 1136 1387 1191 rationis
1417 1137 1700 1207 proprium
1745 1139 2053 1194 nutrimen~

484 1239 598 1282 tum
633 1237 719 1284 est
749 1227 955 1288 fenum.
991 1227 1164 1285 I-lomo
1195 1235 1376 1282 autem
1410 1243 1535 1286 cum
1568 1229 1639 1283 sit
1668 1229 1938 1300 particeps
1966 1245 2055 1284 ra-

484 1321 688 1384 tionis,
724 1335 855 1375 vero
897 1319 1139 1376 nutritur
1191 1319 1383 1376 verbo.
1434 1318 1590 1385 Quod
1645 1321 1690 1375 si
1739 1319 2054 1389 hujusmodi

482 1414 611 1467 feno
645 1410 813 1471 fuerit
845 1419 1159 1474 saturatos,
1189 1410 1307 1479 ipse
1333 1423 1556 1480 quoque
1591 1410 1649 1465 ﬁt
1680 1410 1885 1468 fenum.
1928 1411 2056 1472 0m-

485 1505 569 1558 nis
603 1505 789 1568 enim,
825 1502 1044 1574 inquit,
1073 1519 1197 1556 caro
1232 1511 1309 1556 est
1351 1502 1528 1572 fenum
1561 1504 1602 1567 ’,
1641 1503 1884 1572 quaudiu
1925 1519 2055 1558 caro

481 1602 590 1652 est.
640 1592 738 1653 Sin
784 1601 966 1653 autem
1000 1593 1093 1653 ﬁat
1129 1593 1361 1664 Spiritus
1391 1595 1485 1664 qui
1519 1603 1685 1651 natus
1720 1603 1804 1650 est
1835 1612 1902 1651 ex
1941 1597 2056 1666 spi-

484 1687 594 1742 ritu
620 1725 635 1750 ,
682 1700 792 1740 non
841 1686 1076 1755 amplius
1122 1686 1306 1740 cibum
1348 1686 1606 1757 depaseet
1659 1703 1724 1742 ex
1764 1687 1922 1752 feno,
1960 1687 2054 1744 sed

485 1776 713 1848 spiritus
742 1775 845 1834 erit
875 1775 994 1845 ejus
1024 1777 1344 1832 alimentum
1367 1819 1382 1844 ,
1432 1777 1578 1848 quod
1620 1779 1842 1849 quidem
1887 1780 2052 1836 tacite

485 1866 758 1937 signiﬁcat
813 1866 912 1921 lilii
969 1866 1184 1936 puritas
1233 1876 1289 1923 et
1336 1869 1514 1924 bonus
1564 1869 1722 1924 odor.
1765 1869 1884 1924 Erit
1923 1886 2052 1942 ergo

483 1959 602 2028 ipse
629 1972 848 2028 quoque
889 1957 1302 2028 liliumpurum
1331 1967 1385 2014 et
1415 1961 1555 2016 bene
1583 1961 1740 2016 olens
1761 2001 1776 2026 ,
1810 1970 2054 2019 mutatus

483 2056 539 2104 et
568 2049 834 2108 alteratus
867 2064 932 2114 ex
969 2050 1213 2105 alimenti
1247 2059 1464 2106 natura.
1495 2050 1611 2106 Hoc
1654 2059 1740 2108 est
1787 2051 1904 2110 dies
1952 2053 2050 2123 qui

484 2141 657 2202 radiis
689 2142 1017 2201 diffunditur
1049 2157 1146 2197 seu
1188 2144 1499 2214 perspirat,
1547 2143 1691 2199 sicut
1732 2143 1916 2199 divina
1953 2160 2053 2200 no-

486 2234 714 2295 Ininavit
749 2234 1068 2303 Scriptura,
1115 2249 1234 2288 eam
1282 2250 1404 2304 qua:
1448 2251 1544 2304 per
1595 2237 1780 2295 radios
1826 2237 2054 2307 spiritus

485 2325 629 2387 facta
681 2334 766 2384 est
819 2324 1167 2387 din‘usionem
1219 2327 1512 2385 nominans
1561 2329 2050 2396 perspirationem,

486 2416 636 2470 unde
685 2422 972 2477 moventur
1004 2415 1212 2470 umbra:
1263 2416 1431 2470 vitae:
1488 2431 1626 2484 quas
1673 2417 1959 2488 diligenter
2002 2426 2057 2474 et

488 2507 735 2572 studiose
761 2507 1073 2568 intuentur,
1102 2507 1196 2576 qui
1231 2506 1352 2562 luce
1381 2507 1629 2563 veritatis
1683 2508 1878 2567 anima:
1923 2524 2054 2564 oeu-

486 2599 602 2656 lum
635 2613 747 2652 non
783 2598 1134 2653 illustrarunt
1161 2637 1177 2664 ,
1207 2597 1459 2656 mnbram
1491 2606 1546 2653 et
1581 2598 1633 2658 id
1668 2599 1814 2670 quod
1856 2608 1942 2654 est
1965 2615 2057 2654 va-

488 2705 624 2752 num
653 2704 717 2748 ac
743 2689 926 2752 inane,
955 2697 1210 2758 tanquam
1233 2687 1377 2758 quod
1399 2689 1684 2758 consistat,
1709 2691 2054 2767 aspicientes,

488 2792 546 2838 et
577 2782 727 2854 quod
760 2798 890 2847 vere
919 2790 1038 2848 est,
1075 2790 1335 2852 tanquam
1371 2781 1514 2852 quod
1550 2797 1657 2836 non
1689 2783 1790 2849 sit,
1829 2799 1937 2840 non
1973 2799 2058 2839 re-

490 2875 598 2938 etis
631 2882 922 2938 cernentes
952 2874 1148 2929 oculis.
1183 2872 1288 2928 Sed
1321 2875 1414 2946 qui
1445 2873 1768 2929 nutriuntur
1795 2891 1890 2946 per
1922 2876 2055 2942 lilia,

491 2967 598 3028 hoe
627 2978 738 3030 est,
769 2981 1004 3037 quorum
1033 2981 1172 3038 puro
1223 2974 1277 3020 et
1328 2966 1469 3021 bene
1509 2965 1677 3022 olenti
1724 2970 2060 3042 nutrimento

491 3059 872 3130 impinguatur
901 3058 1083 3118 anima
1107 3097 1122 3121 ,
1153 3073 1278 3116 cum
1309 3057 1378 3112 ab
1419 3056 1567 3116 omni
1617 3056 1798 3114 fallaci
1844 3067 1898 3116 et
1935 3075 2058 3115 um-

2149 595 2205 648 δέ
2218 597 2362 648 ἐστιν
2376 610 2391 624 ο
2407 588 2578 654 Εἶδον,
2593 609 2665 662 φη
2673 592 2746 656 σὶ,
2761 590 3048 662 πρόσωπον
3064 591 3201 661 πρὸς
3217 589 3515 660 πρόσωπον
3534 590 3632 642 τὸν
3652 591 3739 644 ἀεὶ

2149 685 2277 739 ὅντα
2297 687 2435 755 ὅπερ
2450 683 2586 749 ἐστὶ,
2605 682 2674 737 δι’
2689 681 2788 752 ἐμὲ
2807 680 2864 734 δὲ
2883 683 2948 734 ὲκ
2962 683 3060 751 τῆς
3087 680 3319 750 ἀδελφῆς
3341 697 3444 750 μου
3473 679 3580 750 τῆς
3608 697 3738 734 σον-

2150 777 2373 848 αγωγῆς
2393 773 2752 846 ἀνθρωπικῶς
2780 772 3152 835 ἀνατείλαντα,
3193 773 3288 826 καὶ
3315 775 3372 827 ὲν
3404 773 3562 843 αὑτῷ
3597 773 3738 826 ἀναν

2151 869 2415 940 παύομαι,
2459 867 2553 921 καὶ
2595 867 2814 937 γίνομαι
2854 863 3002 935 αὐτῷ
3031 864 3363 936 οἰκητήριον.
3413 859 3591 928 Οὗτος
3627 865 3740 934 γάρ

2151 961 2298 1013 ἐστιν
2320 959 2348 1012 ὁ
2381 956 2586 1027 ποιμὴν
2619 957 2649 1009 6
2672 955 2857 1019 καλὸς,
2886 954 2946 1021 ὃς
2979 954 3102 1024 οὐχὶ
3127 954 3318 1024 χόρτον
3351 958 3596 1008 ποιεῖται
3639 955 3740 1023 τὴν

2149 1051 2260 1105 τῶν
2288 1050 2550 1121 ποιμνίων
2574 1048 2764 1119 νομὴν,
2812 1047 2948 1102 ἀλλά
2993 1047 3251 1118 καθαροῖς
3280 1047 3490 1118 κρίνοις
3533 1047 3741 1117 τρέφει

2151 1141 2221 1196 τὰ
2249 1139 2514 1211 πρόϐατα.
2556 1138 2631 1192 Οὐ
2668 1137 2864 1208 μηκέτι
2909 1136 3086 1208 χόρτῳ
3127 1135 3344 1208 τρέφων
3383 1135 3475 1188 τὸν
3507 1134 3737 1206 χόρτον.

2166 1231 2295 1285 ἰδία
2323 1230 2431 1302 γὰρ
2468 1227 2641 1301 τροφὴ
2675 1228 2776 1297 τῆς
2803 1226 2996 1295 ἀλόγου
3037 1224 3252 1295 φύσεως
3278 1224 3307 1276 6
3338 1224 3534 1295 χόρτος
3561 1221 3740 1276 ἐστίν.

2166 1325 2225 1378 '0
2249 1323 2294 1377 δ’
2337 1323 2622 1392 ἄνθρωπος
2669 1319 2886 1388 λογικὸς
2921 1317 3029 1383 ῶν,
3075 1318 3154 1390 τῷ
3189 1317 3426 1388 ἀληθινῷ
3462 1313 3744 1387 τρέφεται

2153 1417 2316 1487 λόγῳ.
2357 1415 2422 1470 Εἰ
2446 1415 2504 1470 δὲ
2545 1414 2784 1468 τοιούτου
2822 1411 3178 1484 ἐμφορηθείη,
3224 1411 3320 1465 καὶ
3348 1410 3515 1473 αὐτὸς
3539 1411 3746 1479 χόρτος

2153 1507 2380 1578 γίνεται.
2413 1505 2590 1562 Πᾶσα
2613 1504 2721 1576 γάρ
2748 1503 2926 1572 σὰρξ,
2958 1505 3113 1574 φησὶ,
3159 1505 3371 1572 χόρτος
3399 1501 3600 1564 ἐστὶν,
3633 1501 3744 1562 ἕως

2156 1600 2222 1654 ἂν
2255 1600 2389 1670 σὰρξ
2508 1599 2571 1652 Ei
2595 1597 2652 1651 δέ
2678 1615 2760 1660 τις
2800 1595 3021 1666 πνεῦμα
3075 1593 3303 1662 γένοιτο,
3337 1589 3629 1661 γεννηθεὶς
3678 1593 3742 1642 ἐκ

2156 1693 2251 1750 τοῦ
2298 1699 2628 1764 πνεύματος,
2677 1689 2860 1744 οὐκέτι
2890 1688 2983 1742 τὸν
3015 1685 3257 1759 χορτώδη
3298 1684 3743 1754 ἐπιδοσκηθήσε-

2155 1803 2244 1841 ται
2284 1783 2415 1854 βίον,
2449 1781 2586 1839 ἀλλά
2617 1782 2678 1836 τὺ
2720 1781 2936 1852 πνεῦμα
2973 1778 3139 1834 αὐτοῦ
3180 1777 3336 1832 ἔσται
3359 1777 3560 1849 τροφὴ,
3597 1778 3742 1844 ὅπερ

2151 1881 2186 1948 ἡ
2225 1876 2534 1949 καθαρότης
2572 1875 2666 1928 καὶ
2703 1876 2736 1944 ἡ
2780 1874 3002 1931 εὖπνοια
3044 1871 3138 1926 τοῦ
3178 1871 3366 1943 κρίνου
3405 1870 3737 1924 αἰνίσσεται.

2157 1965 2350 2024 Ἔσται
2375 1963 2469 2021 οὖν
2502 1966 2596 2020 καὶ
2629 1961 2812 2030 αὐτὸς,
2850 1963 3090 2036 καθαρὸν
3131 1962 3314 2035 κρίνον
3353 1961 3447 2014 καὶ
3473 1959 3739 2022 stimo-av,

2154 2062 2292 2135 πρὸς
2311 2059 2406 2132 τὴν
2423 2061 2626 2131 τροφῆς
2645 2057 2804 2126 φύσιν
2828 2055 3224 2127 ἀλλοιούμενος.
3248 2053 3540 2107 Τουτέστιν
3573 2052 3608 2122 ἡ
3627 2051 3741 2103 δια-

2153 2155 2414 2228 δεχομένη
2439 2156 2559 2217 ταῖς
2577 2154 2790 2207 ἀκτῖσιν
2805 2149 3007 2222 ἡμέρα,
3039 2148 3158 2220 ἦτοι
3175 2147 3523 2205 διαπνέουσα,
3548 2142 3740 2204 καθὼς

2154 2245 2435 2317 ὠνόμασεν
2450 2245 2482 2313 ἡ
2503 2241 2619 2296 θεία
2636 2240 2786 2310 φωνὴ
2797 2238 2895 2310 τὴν
2913 2236 3002 2292 διά
3016 2236 3109 2290 τοῦ
3127 2234 3432 2306 πνεύματος
3451 2233 3566 2286 τῶν
3581 2231 3734 2286 ἀκτίο

2154 2356 2261 2393 νων
2285 2335 2572 2406 γινομένην
2599 2333 2862 2403 διάχυσιν,
2885 2329 3143 2399 διαπνοὴν
3166 2327 3475 2397 ὀνομάσασα
3489 2365 3504 2388 ,
3529 2324 3658 2378 ὅθεν
3680 2327 3734 2377 αἱ

2155 2427 2251 2485 τοῦ
2283 2427 2400 2498 βίου
2433 2423 2848 2498 μετακινοῦνται
2876 2420 3025 2474 σκιαί
3051 2437 3066 2452 ο
3097 2419 3225 2489 περὶ
3243 2418 3309 2482 ἀς
3325 2416 3468 2474 κατά
3491 2415 3740 2484 σπουδὴν

2155 2519 2376 2593 ὁρῶσιν,
2409 2517 2461 2570 οἱ
2496 2517 2661 2588 μήπω
2690 2511 2768 2584 τῷ
2795 2511 2936 2579 φωτὶ
2959 2511 3059 2582 τῆς
3083 2508 3337 2579 ἀληθείας
3363 2507 3456 2562 τὸν
3492 2507 3600 2577 τῆς
3630 2506 3740 2575 ψυ-

2155 2613 2258 2684 χῆς
2283 2607 2558 2681 ὀφθαλμὸν
2609 2602 3073 2672 καταυγάσαντες,
3115 2602 3163 2654 οί
3203 2599 3302 2670 τὴν
3335 2597 3495 2652 σκιὰν
3533 2597 3635 2650 καὶ
3678 2596 3740 2649 τὸ

2160 2704 2385 2776 μάταιον
2421 2700 2496 2762 ὡς
2521 2695 2767 2767 ὑφεστὼς
2806 2693 3056 2766 ὁρῶντες,
3107 2693 3201 2745 καὶ
3231 2691 3291 2744 τὸ
3317 2688 3533 2760 ἀληθῶς
3571 2687 3636 2741 ὂν
3660 2688 3741 2750 ὡς

2161 2796 2237 2868 μὴ
2255 2796 2314 2848 ὃν
2336 2792 2790 2867 παραϐλέποντες.
2829 2788 2965 2843 Ἀλλ’
2992 2790 3039 2841 οἱ
3058 2786 3145 2839 διὰ
3172 2784 3277 2837 τῶν
3298 2783 3500 2855 κρίνων
3526 2783 3737 2852 τρεφό-

2163 2905 2342 2959 μενοι,
2391 2885 2698 2943 τουτέστιν,
2745 2883 2795 2937 οἱ
2829 2885 2895 2952 τῇ
2932 2880 3148 2951 καθαρᾷ
3185 2895 3244 2931 τε
3287 2878 3382 2930 καὶ
3427 2875 3742 2947 εὐπνοούσῃ

2158 2979 2330 3049 τροφῇ
2353 2975 2453 3047 τὴν
2475 2973 2648 3045 ψυχὴν
2673 2973 3033 3043 πιαινόμενοι,
3055 2971 3232 3024 πᾶσαν
3249 2967 3533 3038 ἀπατηλήν
3555 2983 3618 3019 τε
3645 2967 3742 3019 καὶ

2165 3067 2400 3139 σκιοειδῆ
2421 3065 2718 3136 φαντασίαν
2742 3063 2850 3118 τῶν
2871 3062 3011 3117 κατὰ
3038 3061 3130 3114 τὸν
3166 3059 3276 3130 βίον
3296 3058 3484 3112 τοῦτον
3501 3059 3744 3112 σπουδα-

490 3151 658 3210 brosa
707 3151 921 3209 visione
961 3165 1150 3206 eorum
1203 3150 1258 3211 in
1298 3163 1420 3220 quae
1453 3148 1692 3204 studium
1730 3151 1784 3204 in
1818 3150 1920 3206 bac
1949 3151 2060 3208 vita

2165 3158 2400 3230 ζομένων
2439 3155 2646 3211 ἑαυτῶν
2680 3154 3110 3223 ἀποστήσαντες,
3143 3151 3278 3221 πρὸς
3316 3148 3418 3217 τὴν
3470 3145 3743 3218 ἀληθινὴν

491 3243 796 3308 confertur,
833 3259 893 3299 se
925 3243 1288 3302 abduxerim,
1319 3242 1384 3295 ad
1437 3257 1618 3296 rerum
1674 3257 1857 3298 veram
1915 3243 2062 3315 aspi-

492 3336 640 3392 cient
675 3335 1038 3390 substantiam
1063 3375 1078 3398 ,
1109 3333 1285 3389 effecti
1318 3333 1411 3391 lilii
1433 3333 1574 3389 lucis
1608 3342 1660 3387 et
1687 3333 1814 3388 diei.

565 3425 690 3480 Haec
727 3425 925 3494 aspicit
965 3438 1168 3494 sponsa
1190 3462 1206 3486 ,
1240 3432 1296 3478 et
1337 3432 1494 3494 urget
1527 3423 1766 3479 Verbum
1799 3432 1860 3476 ut
1899 3439 2060 3494 quam

493 3517 761 3574 citissime
800 3532 952 3586 spem
982 3517 1249 3570 bonorum
1281 3515 1521 3571 deducat
1549 3516 1616 3571 ad
1648 3515 1902 3570 effectum
1923 3558 1938 3581 ,
1975 3515 2062 3570 di-

495 3624 628 3668 cens
659 3629 672 3662 :
701 3607 969 3666 Revertere
997 3608 1099 3665 cito
1121 3648 1136 3672 ,
1166 3625 1195 3662 ο
1225 3606 1478 3677 patruelis
1498 3647 1512 3670 ,
1542 3608 1617 3661 sis
1645 3607 1834 3664 similis
1863 3624 2064 3671 caprea:

496 3710 593 3761 aut
635 3698 853 3780 Itinnulo
899 3715 1165 3752 ceruorum
1211 3714 1373 3768 supra
1417 3709 1616 3753 montes
1661 3701 2060 3758 concavitatum.

496 3793 636 3849 Vide
663 3802 723 3848 ut
757 3807 952 3862 caprea
979 3832 994 3850 .
1041 3802 1097 3846 tu
1129 3792 1224 3861 qui
1256 3792 1457 3860 aspicis
1497 3790 1856 3861 cogitationes
1889 3791 2067 3851 homi-

497 3902 667 3950 num,
713 3894 772 3948 tu
819 3886 917 3956 qui
961 3885 1210 3944 cordium
1261 3883 1397 3952 legis
1447 3882 1892 3953 discep'ationes.
1937 3881 2066 3939 Dele

497 3978 708 4056 peccati
759 3976 1201 4046 generationem,
1260 3975 1404 4030 sicut
1457 3975 1718 4034 hinnulus
1781 3989 2066 4030 cervorum

499 4071 644 4133 delet
701 4085 872 4140 genus
932 4076 1264 4138 serpentum.
1320 4066 1483 4123 Vides
1529 4082 1800 4125 concavus
1855 4073 2068 4124 montes

497 4162 625 4216 vita:
672 4161 953 4225 humanae,
999 4174 1231 4230 quorum
1281 4175 1344 4214 ea
1393 4176 1513 4230 quae
1568 4166 1900 4229 assurgunt,
1959 4173 2068 4216 non

501 4263 632 4316 sunt
679 4253 934 4316 vertices,
979 4251 1071 4308 sed
1107 4251 1313 4312 valles?
1338 4251 1522 4306 Currit
1561 4267 1690 4320 ergo
1715 4265 1874 4320 quam
1901 4251 2071 4305 celer-

503 4343 641 4403 rime
666 4341 902 4397 Verbum
935 4342 999 4396 ad
1033 4349 1246 4396 montes
1275 4356 1563 4397 concavos.
1609 4339 1882 4410 Quidquid
1924 4341 2069 4399 enim

502 4433 782 4488 extollitur
839 4433 1103 4486 adversus
1170 4433 1476 4496 veritatem,
1510 4442 1593 4486 est
1642 4431 1960 4489 barathrum
2016 4439 2072 4486 et

2159 3250 2268 3308 τῶν
2304 3250 2640 3320 πραγμάτων
2671 3247 2964 3300 ὑπόστασιν
2997 3245 3215 3315 ὄψονται
3235 3283 3250 3308 ,
3297 3242 3402 3300 υἱοὶ
3428 3240 3614 3312 φωτὸς
3646 3242 3744 3294 καὶ

2163 3343 2270 3397 υἱοὶ
2295 3340 2506 3412 ἡμέρας
2535 3339 2827 3410 γινόμενοι.

2231 3430 2416 3485 Ταῦτα
2451 3429 2636 3499 βλέπει
2667 3429 2700 3496 ἡ
2731 3426 2938 3497 νύμφη,
2970 3423 3065 3478 καὶ
3103 3420 3415 3488 κατεπείγει
3439 3417 3532 3473 τὸν
3557 3419 3742 3487 Λόγον

2161 3523 2248 3578 διά
2276 3524 2472 3593 τάχους
2514 3522 2594 3584 είς
2625 3519 2785 3590 ἔργον
2816 3518 3097 3588 διαγαγεῖν
3141 3514 3246 3568 τῶν
3275 3510 3496 3580 ἀγαθῶν
3525 3509 3629 3580 τὴν
3657 3509 3746 3562 έλ-

2164 3613 2311 3674 πίδα,
2329 3612 2746 3678 Ἀπόστρεψον,
2761 3607 3013 3676 λέγουσα,
3050 3601 3098 3659 ὧ
3115 3601 3417 3673 ἀδελφιδὲ,
3436 3601 3746 3672 ὀμοιόθητι

2163 3701 2406 3772 δορκάδι
2443 3703 2480 3770 ἢ
2507 3698 2692 3769 νεϐρῷ
2719 3698 2959 3768 ἐλάφων
2989 3696 3089 3750 ἐπὶ
3124 3696 3197 3752 τὰ
3224 3695 3328 3763 ὄρη
3367 3693 3490 3746 τῶν
3522 3694 3744 3745 κοιλω-

2159 3795 2378 3866 μάτων.
2427 3792 2532 3846 Ἴδε
2576 3791 2650 3855 ὼς
2690 3788 2908 3860 δορκὰς,
2944 3789 2973 3839 6
3008 3787 3107 3851 τάς
3139 3785 3463 3855 ἐνθυμήσεις
3505 3781 3621 3836 τῶν
3651 3782 3747 3834 ἀν-

2166 3886 2397 3958 θρώπων
2444 3882 2674 3954 βλέπων,
2703 3882 2732 3934 6
2774 3881 2900 3944 τοὺς
2934 3878 3314 3948 διαλογισμοὺς
3345 3874 3455 3931 τῶν
3501 3872 3748 3945 καρδιῶν

2165 3971 2569 4043 ἀναγινώσκων.
2631 3968 3048 4040 Ἀφάνισον,τὴν
3078 3967 3240 4039 γονὴν
3272 3968 3370 4036 τῆς
3393 3965 3621 4029 κακίας,
3669 3963 3744 4027 ὠς

2167 4065 2354 4136 νεϐρὸς
2404 4063 2618 4133 ἐλάφων
2660 4061 3025 4126 ἐξαναλίσκων
3076 4058 3136 4111 τὸ
3190 4045 3344 4125 γένος
3384 4055 3493 4113 τῶν
3537 4055 3742 4122 ὄφεων.

2179 4158 2339 4229 Ὁρᾷς
2368 4155 2436 4212 τὰ
2466 4154 2621 4211 κοῖλα
2649 4153 2748 4224 ὅρη
2781 4150 2875 4206 τοῦ
2903 4150 3243 4220 ἀνθρωπίνου
3278 4147 3415 4217 βίου,
3450 4140 3527 4200 ὧν
3546 4147 3616 4200 τά
3645 4147 3747 4198 ἐπι

2169 4249 2543 4318 ἀναστήματα,
2573 4244 2694 4315 οὐχὶ
2730 4242 3030 4316 ἀκρώρειαί
3062 4243 3219 4306 εἰσιν,
3253 4237 3387 4293 ἀλλά
3417 4240 3743 4309 φάραγγεςς

2169 4340 2213 4392 Τ
2219 4340 2364 4409 ρέχει
2403 4337 2580 4392 τοίνυν
2610 4337 2713 4399 ἓως
2736 4337 2933 4406 τάχους
2953 4336 2982 4387 ὁ
3010 4333 3183 4402 Λόγος
3209 4331 3301 4384 ἐπὶ
3329 4330 3397 4391 τὰ
3424 4329 3581 4383 κοῖλα
3614 4329 3742 4399 ὅρη.

2171 4431 2287 4484 Πᾶν
2320 4430 2426 4500 γὰρ
2445 4429 2506 4482 τὸ
2531 4427 2671 4485 κατά
2689 4427 2789 4497 τῆς
2819 4425 3074 4497 ἀληθείας
3100 4423 3423 4496 ὑψούμενον,
3465 4421 3744 4492 βάραθρόν

504 4540 612 4583 non
664 4540 858 4588 mons,
932 4525 1256 4605 concavitas‘
1299 4534 1351 4581 et
1405 4540 1512 4578 non
1570 4539 1864 4594 assurgens
1916 4523 2060 4579 lasti-

2172 4521 2286 4573 ὲστι
2322 4521 2415 4574 καὶ
2456 4519 2575 4588 οὐχὶ
2624 4518 2769 4588 690;.
2819 4516 3112 4587 Κοίλωμα,
3163 4514 3258 4567 καὶ
3303 4513 3401 4567 οὐκ
3431 4513 3740 4582 ἀνάστημα.

503 4616 675 4687 gium.
726 4614 784 4673 Si
829 4630 988 4684 ergo,
1035 4616 1239 4685 inquit,
1273 4615 1339 4668 ad
1374 4615 1488 4668 haec
1517 4615 1846 4676 accurreris,
1886 4615 2070 4670 Omnis

504 4706 658 4760 vallis
709 4705 1010 4772 implebitur
1065 4715 1114 4758 et
1164 4707 1332 4771 cuntis
1382 4721 1528 4758 mam
1561 4703 1860 4774 hujusmodi
1897 4705 2070 4759 Immi-

458 4865 460 4867 χ
509 4799 728 4854 liabilur
758 4800 820 4849 ¹⁰.
876 4797 942 4851 Ει
990 4799 1106 4859 haec
1155 4799 1288 4855 dicit
1332 4798 1509 4852 anima
1539 4812 1701 4867 quam
1733 4799 1907 4868 pascit
1937 4797 2075 4858 Ver-

507 4887 674 4951 bum,
725 4903 835 4948 non
879 4888 1157 4958 aliquibus
1197 4887 1370 4957 spinis
1425 4899 1520 4942 aut
1563 4889 1721 4954 leno,
1782 4890 1875 4943 sed
1930 4889 2074 4946 bono

447 4980 463 5019 ἓν
508 4981 677 5031 odore
719 4979 958 5033 liliorum
1001 4995 1148 5046 pura:
1203 4980 1326 5033 vitae
1373 4979 1883 5042 administrationis.
1943 4979 2076 5046 Qui-

510 5071 613 5130 bus
663 5073 826 5132 etiam
873 5070 1032 5125 nobis
1063 5071 1221 5126 detur
1263 5070 1450 5125 satiari
1497 5069 1669 5139 pastis
1709 5086 1738 5124 a
1776 5069 1975 5137 Verbo,
2020 5072 2076 5128 in

512 5161 732 5218 Christo
759 5161 886 5216 Jesu
917 5161 1146 5216 Domino
1175 5170 1398 5226 nostro,
1427 5163 1515 5215 cui
1548 5162 1720 5232 gloria
1752 5170 1806 5215 et
1837 5161 2076 5233 potentia

515 5268 639 5313 cum
678 5262 868 5307 sancto
899 5253 1140 5323 Spiritu,
1173 5267 1320 5306 nunc
1348 5260 1402 5311 et
1436 5268 1672 5322 semper,
1704 5260 1757 5306 et
1792 5252 1847 5310 in
1883 5254 2077 5308 sarcula

514 5345 862 5408 saculorum.
893 5342 1085 5406 Amen.

1087 5477 1368 5537 HOMILIA
1400 5477 1487 5532 Vl.

587 5590 718 5651 CAP.
752 5607 830 5658 ιιι,
850 5608 994 5648 vers.
1015 5593 1066 5647 1.
1095 5591 1159 5646 In
1180 5591 1312 5646 lecto
1335 5603 1490 5645 noctu
1512 5593 1725 5662 quaesivi
1743 5608 1888 5662 quem
1913 5591 2081 5663 diligit

497 5789 502 5794 ’
589 5777 610 5819 ⁹
651 5773 775 5838 Isai.
812 5794 901 5842 XL,
931 5779 986 5833 θ.
1065 5777 1107 5809 ³⁸
1148 5775 1271 5834 lsai.
1325 5790 1414 5839 χιι,
1449 5773 1515 5840 4;
1550 5774 1681 5830 Luc.
1744 5791 1823 5838 Ill,
1879 5775 1909 5835 4

2193 4610 2319 4668 Ἐἀν
2373 4606 2464 4664 οὖν
2514 4607 2822 4680 ὲπιδράμῃς
2872 4607 2965 4661 ἐπὶ
3013 4606 3205 4675 ταῦτα,
3288 4601 3450 4674 φησι,
3482 4601 3670 4654 Πᾶσα
3705 4603 3743 4667 ὴ

2175 4699 2413 4765 τοιαύτη
2452 4697 2680 4766 φάραγξ
2722 4696 3205 4764 πληρωθήσεται,
3238 4695 3336 4749 καὶ
3377 4691 3499 4748 πᾶν
3526 4692 3594 4745 τὸ
3624 4710 3744 4746 τοι·

2175 4790 2356 4844 οῦτον
2388 4789 2524 4858 ὅρος
2568 4787 3089 4854 ταπεινωθήσεται.
3130 4787 3312 4850 Ταῦτα
3366 4785 3669 4855 φθέγγεται
3710 4786 3741 4852 ἠ

2174 4881 2340 4954 ψυχὴ,
2370 4883 2435 4952 ἢν
2460 4879 2736 4949 ποιμαίνει
2762 4881 2791 4932 ὁ
2823 4881 3015 4950 Λόγος,
3049 4881 3148 4933 οὐκ
3172 4881 3228 4933 ἐν
3255 4876 3517 4939 ἀκάνθαις
3544 4876 3686 4927 τισὶν
3712 4873 3743 4943 ἦ

2177 4973 2408 5044 χόρτοις,
2443 4970 2554 5024 ἀλλ’
2581 4973 2638 5023 ὲν
2665 4973 2732 5041 τῇ
2753 4970 2976 5040 εὐοδμία
3002 4971 3110 5022 τῶν
3132 4969 3332 5039 κρίνων
3358 4967 3455 5040 τῆς
3492 4963 3744 5034 καθαρὰ

2179 5063 2470 5126 πολιτείας.
2514 5055 2615 5114 Ὧν
2656 5063 2864 5131 γένοιτο
2907 5064 3001 5116 καί
3033 5063 3179 5131 ἡμᾶς
3221 5056 3599 5130 ἐμφορηθῆναι
3628 5072 3746 5106 ποι-

2184 5153 2539 5226 μαινομένους
2578 5153 2682 5213 ὑπὸ
2723 5153 2815 5216 τοῦ
2848 5153 3042 5222 Λόγου,
3092 5154 3149 5205 ὲν
3182 5148 3400 5222 Χριστῷ
3456 5146 3630 5217 Ἰησοῦ
3671 5145 3748 5216 τῷ

2179 5248 2368 5318 Κυρίῳ
2395 5245 2573 5318 ἡμῶν,
2602 5239 2646 5314 ᾧ
2681 5246 2880 5318 πρέπει
2922 5249 2956 5316 ἡ
2983 5246 3108 5313 δόξα
3133 5245 3223 5300 καὶ
3258 5243 3476 5313 κράτος,
3516 5242 3597 5304 εἰς
3621 5238 3746 5301 τοὺς

2183 5341 2380 5404 αἰῶνας
2407 5338 2514 5401 τῶν
2541 5336 2802 5400 αἰώνωνς-
2823 5340 3019 5410 Ἀμήν.

2785 5473 3019 5527 OMlAlA
3061 5475 3148 5538 σν.

2263 5591 2387 5645 Ἐπὶ
2413 5591 2619 5657 κοίτην⁴
2654 5608 2771 5659 μου
2811 5589 2878 5644 ἐν
2923 5587 3100 5653 νυξὶν
3137 5586 3393 5656 ἐζήτησα
3423 5581 3496 5638 ὃν
3520 5576 3747 5649 ἠγάπη-
