3932 6480
211 437 317 497 885

1227 436 1292 491 ιΝ
1325 434 1617 492 CANTICA
1653 436 1923 494 CANTIC.
1969 433 2250 491 HOMILIA
2293 433 2379 488 Vl.

3331 422 3433 479 886

211 568 323 609 σον
346 551 384 620 ἠ
414 551 583 621 ψυχή
612 569 749 621 μου.
798 550 1081 621 Ἐζήτησα
1107 555 1311 618 αὐτὸν,
1331 556 1427 609 καί
1451 558 1562 626 οὐχ
1595 550 1772 624 εὗρον

1890 553 2050 606 mima
2065 568 2197 605 mea.
2217 546 2446 615 Quaesivi
2462 561 2580 600 eum
2596 552 2647 598 et
2663 558 2764 597 non
2781 540 2952 595 inveni
2961 555 3077 593 eum
3096 552 3113 591 .‘
3134 540 3307 591 vocavi
3319 555 3435 590 eum

207 643 425 699 αὐτόν’
461 642 728 695 ἐκάλεσα
761 644 966 709 αὐτὸν,
1008 644 1105 697 καί
1129 647 1240 714 οὐχ
1278 647 1596 715 ὑπήκουσέ
1628 664 1768 716 μου.

224 732 654 801 Ἂναστήσομαι
677 733 745 787 δὲ
759 734 858 788 καὶ
878 736 1164 789 κυκλώσω
1183 738 1254 790 ἐν
1267 736 1341 806 τῇ
1357 740 1545 800 πόλει.
1558 739 1627 792 ἐν
1645 737 1775 805 ταῖς

209 825 449 896 ἀγοραῖς
469 825 566 879 καί
585 826 657 879 ἐν
673 826 802 892 ταῖς
820 829 1148 896 πλατείαις,
1169 830 1265 884 καί
1283 830 1512 898 ζητήσω
1539 831 1613 885 ὃν
1637 831 1773 901 ἠγά-

210 930 415 984 πησεν
434 916 472 983 ἠ
492 915 659 985 ψυχή
683 934 822 985 μου.
840 916 1122 987 Ἐζήτησα
1143 920 1327 974 αὑτὸν
1346 924 1569 992 καὶούχ
1594 918 1774 991 εὖρον

210 1009 419 1065 αὐτόν.
446 1008 809 1065 Ἐπεκὰλεσα
830 1010 1034 1077 αὑτὸν,
1058 1013 1153 1066 καὶ
1176 1016 1287 1083 οὐχ
1306 1013 1618 1081 ὑπήκουσέ
1631 1034 1770 1085 μου.

214 1098 494 1168 Εὔροσὰν
504 1118 579 1170 με
600 1104 653 1155 οί
674 1102 1016 1171 τηροῦντες,
1032 1109 1084 1158 οἱ
1109 1105 1476 1173 κυκλοῦντες
1495 1107 1564 1161 ἐν
1581 1107 1656 1177 τῇ
1669 1109 1776 1163 πό·

211 1195 325 1246 λει.
350 1192 445 1261 Μὴ
469 1192 540 1246 ὃν
568 1193 884 1263 ἠγάπησεν
902 1197 941 1264 ἡ
968 1196 1135 1267 ψυχή
1149 1216 1288 1266 μου,
1308 1200 1494 1253 είδετε
1514 1216 1533 1264 ;
1574 1202 1669 1266 Ὠς
1689 1218 1776 1269 μι⁴

215 1282 360 1352 κρον
373 1282 795 1361 ὅτείεαρῆλθον
807 1286 907 1340 ἀπ’
920 1285 1136 1351 αὐτῶν,
1150 1286 1264 1352 ἕως
1281 1284 1351 1343 οὗ
1368 1285 1547 1357 εὖρον
1561 1288 1627 1343 ὃν
1641 1287 1777 1361 ἠγά-

214 1381 412 1441 πησεν
424 1376 461 1442 η
479 1374 645 1443 ψυχή
661 1393 796 1444 μου.
834 1376 1156 1446 Ἐκράτησα
1168 1378 1376 1443 αὐτὸν,
1396 1379 1491 1432 καὶ
1504 1381 1613 1433 οὐκ
1625 1378 1778 1447 ἀφῆ-

212 1480 291 1519 κα
306 1462 513 1528 αὑτὸν,
530 1464 641 1531 ἕως
655 1460 725 1521 οὗ
742 1465 1067 1536 εἰσήγαγον
1080 1467 1266 1520 αὐτὸν
1279 1471 1365 1533 είς
1379 1465 1546 1522 οἷκον
1553 1470 1777 1538 μητρός

208 1573 349 1624 μου,
383 1555 483 1609 καί
523 1558 610 1623 είς
650 1556 914 1627 ταμιεῖον
939 1557 1048 1625 τῆς
1070 1560 1501 1627 συλλαϐούσης
1520 1576 1614 1628 με.
1650 1559 1779 1627 ’Ὡρ-

213 1663 359 1703 κισα
380 1645 555 1718 ὑμᾶς,
579 1649 897 1718 θυγατέρες
933 1649 1337 1718 Ἰερουσαλὴμ,
1361 1652 1430 1703 ἐν
1448 1651 1574 1717 ταῖς
1596 1650 1775 1705 δυνά-

207 1754 371 1806 μεσι,
407 1740 503 1793 καὶ
533 1740 603 1793 ἐν
633 1739 761 1806 ταῖς
805 1742 1087 1810 ίσχύσεσι
1119 1741 1225 1795 τοῦ
1252 1741 1457 1811 ἀγροῦ,
1500 1743 1608 1795 ἐὰν
1634 1743 1779 1812 ἐγεί-

205 1847 353 1900 pars
380 1830 480 1886 καὶ
503 1831 837 1901 ἐξεγείρητε
867 1832 980 1901 τὴν
1005 1832 1263 1902 ἀγάπην,
1288 1834 1397 1899 ἕως
1424 1834 1501 1888 ἂν
1523 1834 1775 1902 θελήσῃ.

217 1919 320 1987 Τίς
346 1921 496 1989 αὕτη
526 1924 565 1991 ἠ
596 1925 1009 1978 ἀναϐαίνουσα
1043 1924 1111 1978 ἐκ
1141 1924 1251 1993 τῆς
1274 1924 1519 1993 ἐρήμου,
1541 1925 1773 1990 ὠςστε-
1810 1903 1851 1957 Β

214 2013 368 2082 λέχη
408 2015 796 2084 τεθυμιαμένη
837 2017 1115 2085 σμύρναν
1160 2017 1259 2070 καὶ
1308 2018 1592 2082 λίϐανον,
1657 2017 1777 2071 ἀπὸ

216 2104 461 2158 πάντων
500 2104 819 2174 κονιορτῶν
844 2108 1153 2177 μυρεψοῦ;
1203 2108 1348 2162 Ἰδοὺ
1385 2111 1423 2177 ἡ
1459 2109 1637 2175 κλίνη
1672 2107 1778 2162 τοῦ

1870 652 1918 698 et
1949 659 2051 696 non
2080 641 2278 695 audivit
2302 655 2402 692 me.
2426 636 2480 691 2.
2502 634 2728 706 Surgam
2747 642 2920 686 autem
2939 639 2988 685 et
3004 628 3234 683 circuibo
3257 629 3438 682 civita-

1875 748 1974 795 tem
1988 738 2043 790 in
2061 734 2188 806 foris
2203 741 2251 786 et
2268 732 2323 785 in
2335 728 2551 797 plateis:
2567 736 2616 783 et
2630 740 2867 796 quaeram
2881 744 3030 798 quem
3043 727 3216 798 diligit
3231 728 3413 783 anima

1871 841 2007 878 mea.
2040 824 2093 879 ὅ.
2123 823 2352 889 Qua'sivi
2388 837 2507 875 eum
2532 830 2582 875 et
2621 836 2724 875 non
2751 819 2922 875 inveni
2953 835 3091 873 eum.
3124 816 3438 872 Invenerunt

1870 933 1952 971 me
1965 918 2055 987 qui
2075 914 2374 969 custodiunt
2399 915 2779 968 circumeuntes
2808 913 3094 966 civitatem.
3126 908 3269 963 Num
3288 925 3441 980 quem

1872 1009 2049 1079 diligit
2081 1008 2261 1062 anima
2296 1023 2409 1061 mea
2438 1006 2684 1060 vidistis?
2718 1005 2771 1058 4.
2809 1004 3214 1071 Quamprimum
3252 1017 3441 1070 parum

1874 1098 1939 1152 ab
1975 1099 2051 1152 eis
2085 1098 2296 1161 transii,
2325 1096 2488 1151 donec
2526 1097 2693 1150 inveni
2723 1111 2843 1149 cum
2872 1109 3021 1163 quem
3054 1093 3227 1163 diligit
3264 1093 3443 1145 animo

1876 1207 2014 1253 mea,
2051 1191 2199 1244 tenui
2231 1206 2369 1255 eum,
2407 1198 2455 1244 et
2490 1206 2594 1244 non
2625 1186 2806 1241 dimisi
2849 1202 2989 1249 eum,
3021 1184 3187 1238 donec
3210 1200 3327 1239 eum
3360 1185 3445 1237 in-

1878 1282 2089 1337 troduxi
2118 1284 2173 1336 in
2199 1281 2414 1336 domum
2460 1281 2648 1336 matris
2687 1294 2835 1341 meat,
2871 1287 2921 1332 et
2948 1279 3001 1331 in
3038 1277 3280 1331 conclave
3326 1276 3441 1345 ejus

1875 1392 1992 1446 quos
2019 1392 2098 1430 nte
2146 1376 2398 1443 concepit.
2428 1374 2481 1428 5.
2520 1373 2777 1443 Adjuravi
2820 1389 2929 1436 vos,
2967 1371 3101 1440 lilia:
3122 1368 3440 1433 Jerusalem,

1877 1471 1933 1522 in
1965 1469 2315 1538 potestatibus
2346 1476 2395 1521 et
2425 1467 2705 1522 virtutibus
2739 1467 2873 1536 agri,
2926 1464 2973 1519 si
3004 1464 3239 1519 excitetis
3272 1472 3320 1517 et
3350 1478 3443 1517 ex-

1877 1565 2101 1633 pergisci
2131 1564 2348 1632 faciatis
2392 1563 2724 1627 charitatem,
2759 1559 2921 1613 donec
2948 1558 3089 1613 velit.
3124 1556 3175 1611 6.
3215 1555 3345 1621 Qua:
3370 1564 3448 1609 est

1880 1654 1985 1708 ista
2030 1671 2146 1724 qutc
2190 1653 2425 1709 ascendit
2471 1656 2530 1707 in
2574 1654 2840 1707 desertum
2886 1651 3021 1704 sicut
3056 1659 3269 1701 truncus
3316 1646 3447 1715 fumi

1879 1760 2168 1814 evaporans
2218 1746 2487 1815 myrrham
2528 1756 2576 1799 et
2610 1745 2749 1809 thus,
2778 1759 2841 1798 ex
2885 1743 3124 1797 omnibus
3153 1738 3449 1808 pulveribus

1885 1838 2234 1894 aromatorii?
2280 1838 2331 1894 7.
2366 1837 2497 1892 Ecce
2546 1837 2764 1891 lectulus
2811 1835 3143 1890 Salomonis:
3176 1831 3452 1900 sexaginta

1880 1930 2039 1996 [artes
2070 1930 2213 1983 circa
2250 1946 2363 1984 eum
2391 1945 2456 1984 ea:
2489 1929 2714 1998 {ortibus
2746 1926 2938 1982 Israel.
2973 1928 3026 1981 8‘.
3059 1925 3250 1981 Omnes
3280 1932 3452 1977 tenen-

1882 2028 1958 2073 tes
1992 2020 2252 2090 gladium,
2287 2022 2445 2090 periti
2471 2037 2679 2091 pugnw,
2725 2021 2804 2074 vir
2832 2018 3068 2089 gladium
3097 2032 3253 2085 super
3286 2015 3452 2084 femur

1883 2128 2035 2164 suum
2062 2123 2270 2181 propter
2297 2124 2557 2181 stuporem
2586 2120 2919 2166 nocturnum.

215 2201 634 2271 Σολομῶντος;
705 2202 1001 2270 ἑξήκοντα
1043 2205 1286 2260 δυνατοὶ
1328 2207 1532 2269 κύκλῳ
1582 2202 1772 2271 αὐτῆς
1808 2205 1928 2259 ἀπὸ
1995 2208 2272 2263 δυνατῶν
2304 2209 2563 2278 Ἰσραήλ.
2632 2206 2861 2272 Πάντες
2899 2205 3252 2273 κατέχοντες
3303 2202 3448 2269 ῥομ-

214 2292 421 2360 φαίαν,
461 2291 864 2362 δεδιδαγμένοι
905 2295 1202 2363 πολέμων.
1265 2295 1443 2365 Ἀνὴρ
1468 2294 1771 2364 ῥομφαίαν
1805 2297 1991 2351 αὐτοῦ
2022 2298 2119 2352 ἐπὶ
2140 2300 2338 2369 μηρὸν
2360 2301 2547 2356 αὐτου
2578 2296 2696 2352 ἀπὸ
2719 2296 2980 2366 θάμϐους
3010 2294 3079 2347 ἐν
3110 2291 3308 2356 νυξίν.

288 2382 454 2436 Πάλιν
482 2384 551 2437 τὰ
581 2383 795 2453 μεγάλα
823 2402 882 2438 τε
914 2386 1008 2439 καὶ
1035 2386 1214 2457 ὑψηλὰ
1241 2386 1486 2457 δόγματα
1509 2385 1658 2457 παρὰ
1687 2385 1780 2441 τοῦ

219 2472 493 2544 ’ᾼσματος
525 2474 633 2528 τῶν
659 2476 919 2547 ᾀσμάτων
961 2477 1050 2531 διὰ
1080 2479 1180 2549 τῆς
1223 2479 1503 2549 παρούσης
1542 2478 1783 2547 ἀναγνώ-

216 2583 352 2629 σεως
383 2567 768 2638 παιδευόμεθα.
807 2568 1098 2638 Φιλοσοφία
1139 2570 1248 2641 γάρ
1287 2573 1402 2623 ἐστι
1434 2571 1495 2623 τὸ
1517 2571 1616 2640 τῆς
1649 2570 1783 2641 νύμ-

216 2675 325 2728 φης
369 2658 645 2729 διήγημα,
695 2652 864 2713 δι’ὧν
903 2661 972 2714 τὰ
1016 2663 1143 2732 περὶ
1189 2662 1386 2733 ἑαυτῆς
1430 2660 1781 2732 διεξέρχεται,

216 2749 364 2812 ὅπως
383 2751 488 2821 χρὴ
512 2750 639 2821 περὶ
657 2750 717 2803 τὸ
747 2750 899 2803 Θεῖον
924 2750 1065 2821 ἔχειν
1096 2754 1219 2816 τοὺς
1242 2754 1473 2824 ἐραστὰς
1497 2752 1591 2806 τοῦ
1620 2755 1784 2823 ὑπερ-

216 2841 446 2913 κοσμίου
479 2842 707 2906 κάλλους
750 2843 1201 2914 δογματιζούσης.
1261 2846 1326 2898 Ὃ
1355 2844 1413 2897 δὲ
1445 2845 1785 2917 μανθάνομεν

215 2935 305 2988 διὰ
334 2934 443 2988 τῶν
469 2937 843 3007 προκειμένων
869 2938 1065 3006 λογίων
1086 2937 1323 2992 τοιοῦτόν
1345 2939 1480 2991 ἐστι.
1511 2940 1631 3010 Χρὴ
1656 2940 1782 3008 γὰρ,

217 3025 391 3098 οἶμαι,
426 3028 787 3100 προεκθέσθαι
817 3030 1082 3102 πρότερον
1110 3030 1210 3101 τὴν
1238 3032 1353 3092 τοῖς
1393 3033 1573 3101 ῥητοῖς
1604 3032 1786 3099 ἐγκει-

222 3118 391 3189 μένην
416 3118 684 3173 διάνοιαν⁸
722 3116 822 3173 εἶθ’
849 3120 1022 3184 οὕτως
1058 3119 1368 3191 ἐφαρμόσαι
1410 3121 1521 3183 τοῖς
1550 3119 1787 3191 προθεω-

1953 2386 2165 2445 Rursus
2227 2405 2421 2460 magna
2479 2398 2532 2443 et
2583 2388 2798 2444 excelsa
2843 2388 3099 2456 dogmata
3144 2399 3173 2437 a
3225 2381 3452 2437 Cantico

1886 2479 2225 2533 canticorum
2256 2495 2351 2549 per
2392 2480 2532 2534 hanc
2562 2480 2821 2532 docemur
2859 2476 3168 2532 lectionem.
3205 2474 3453 2529 Philoso-

1888 2567 2012 2636 phia
2044 2571 2191 2623 enim
2229 2578 2313 2626 est
2352 2586 2566 2639 sponsae
2610 2569 2853 2624 narratio
2904 2584 2998 2638 per
3031 2583 3095 2622 ea
3131 2582 3253 2637 qua:
3286 2567 3352 2621 de
3395 2582 3458 2621 se

1890 2669 2159 2726 recenset,
2222 2664 2508 2717 statuendo
2558 2660 3018 2732 quemadmodum
3075 2659 3131 2713 in
3176 2658 3345 2713 Deum
3395 2673 3456 2713 se

1888 2766 2077 2821 gerere
2121 2760 2371 2821 oporteat
2403 2762 2676 2808 amatores
2703 2750 3162 2821 supramundanre
3205 2748 3451 2820 pulchri—

1894 2842 2119 2898 tudinis.
2149 2843 2301 2909 Quod
2329 2852 2508 2899 autem
2539 2844 2806 2899 discimus
2834 2856 2931 2911 per
2958 2856 3022 2896 ea
3048 2854 3168 2911 quae
3182 2849 3310 2894 sunt
3330 2852 3456 2909 pro-

1892 2936 2093 3005 posita,
2132 2951 2301 3006 prope
2332 2944 2418 2990 est
2464 2933 2757 3004 ejusmodi.
2802 2931 3028 3002 Oportet
3060 2932 3228 2993 enim,
3280 2938 3338 2984 ut
3367 2946 3455 2984 ar-

1892 3030 2087 3093 bitror,
2121 3029 2272 3099 prius
2304 3043 2577 3098 exponere
2601 3040 2822 3082 sensum
2848 3023 2940 3094 qui
2974 3024 3115 3078 inest
3154 3024 3205 3075 in
3242 3021 3450 3077 verbis:

1893 3121 2089 3176 deinde
2130 3120 2294 3175 verba
2327 3120 2593 3176 divinitus
2640 3118 2906 3188 inspirata
2939 3115 3352 3171 accommodare
3387 3115 3456 3170 iis

223 3210 433 3280 ρηθείσι
460 3210 528 3263 τὰ
557 3209 897 3264 θεόπνευσταν
926 3212 1164 3281 ῥήματα.
1219 3210 1373 3263 Ἔστι
1398 3210 1596 3274 τοίνυν,
1627 3210 1702 3273 ὡς
1726 3211 1783 3264 ὲν

1890 3228 2008 3282 qum
2038 3221 2166 3268 sunt
2217 3210 2368 3281 prius
2415 3210 2783 3266 considerata.
2840 3211 2935 3264 Est
2962 3222 3113 3279 ergo,
3162 3217 3221 3261 ut
3266 3206 3456 3277 paucls

219 3300 385 3373 ὀλίγῳ
429 3301 715 3356 συνελόντα
754 3301 977 3373 φράσαι,
1005 3298 1246 3355 τοιοῦτόν
1288 3318 1338 3354 τι
1365 3300 1538 3371 δόγμα
1567 3300 1656 3353 διὰ
1680 3300 1788 3354 τῶν

220 3391 523 3462 εἰρημένων
561 3392 1017 3462 ἀναφαινόμενον
1056 3393 1187 3462 Διχῇ
1218 3391 1483 3462 τέτμηται
1523 3391 1663 3445 κατὰ
1692 3391 1789 3463 τὴν

220 3484 483 3537 ἀνωτάτω
516 3482 834 3553 διαίρεσινή
864 3481 970 3534 τῶν
1007 3480 1175 3534 ὄντων
1207 3481 1389 3550 φύσις.
1438 3483 1510 3535 Τὸ
1552 3483 1649 3553 μὲν
1680 3484 1789 3555 γάρ

223 3576 371 3628 ἐστιν
405 3575 658 3645 αἰσθητὸν
690 3576 783 3629 καὶ
816 3574 1013 3637 ὑλῶδες
1034 3590 1047 3603 ·
1096 3573 1159 3626 τὸ
1189 3574 1245 3626 δὲ
1267 3574 1454 3645 νοητὸν
1483 3574 1577 3627 καὶ
1607 3573 1786 3631 ᾶῡλον.

222 3667 489 3737 Δίσθητὸν
522 3668 619 3737 μὲν
659 3662 749 3721 οὖν
783 3666 1032 3735 λέγομεν,
1058 3667 1179 3719 ὅσον
1220 3670 1288 3738 τῇ
1333 3666 1581 3737 αἰσθήσει
1616 3684 1788 3719 κατα-

222 3756 567 3829 λαμϐάνομεν
592 3775 605 3789 ·
655 3759 840 3830 νοητὸν
864 3758 920 3811 δὲ
960 3758 1020 3810 rb
1055 3759 1392 3830 ὑπερπίπτον
1418 3758 1520 3829 τὴν
1547 3758 1791 3828 αἰσθητι-

225 3850 329 3923 κὴν
382 3850 731 3922 κατανόησιν·
784 3851 847 3903 ὲκ
880 3850 1082 3904 τούτων
1113 3851 1174 3903 τὸ
1223 3851 1320 3921 μὲν
1348 3850 1535 3920 νοητὸν
1568 3849 1791 3918 ἄπειρόν

228 3946 345 4003 ἐστι
370 3944 464 3997 καὶ
494 3944 743 4015 ἀόριστον
765 3962 778 3975 ·
809 3944 868 3997 τὸ
895 3944 952 3998 δὲ
981 3944 1165 4013 ἕτερον
1188 3944 1405 3996 πάντων
1435 3942 1544 3994 τισὶ
1563 3940 1790 4010 διαλαμ-

225 4036 447 4090 ϐάνεται
489 4036 709 4107 πέρασι.
760 4036 948 4107 Πάσης
993 4036 1100 4107 γὰρ
1148 4034 1279 4105 ὕλης
1317 4033 1393 4105 τῷ
1430 4032 1580 4102 ποσῷ
1608 4049 1667 4084 τε
1699 4032 1792 4084 καὶ

225 4128 305 4199 τῷ
332 4128 470 4199 ποιῷ
499 4128 916 4200 διειλημμένης,
968 4129 1025 4180 ὲν
1058 4127 1204 4197 ὄγκῳ
1234 4127 1326 4179 καὶ
1368 4124 1496 4176 εῖδει
1538 4124 1632 4176 καὶ
1675 4124 1792 4175 ὲπι-

227 4223 424 4294 φανείᾳ
461 4224 553 4275 καὶ
593 4224 829 4293 σχήματι
883 4221 1053 4292 πέρας
1078 4220 1281 4289 γίνεται
1326 4216 1424 4286 τῆς
1457 4216 1581 4286 περ)⁸
1626 4214 1792 4285 αὐτὴν

225 4315 607 4385 κατανοήσεως
645 4315 715 4368 τὰ
760 4314 886 4383 περὶ
926 4312 1094 4383 αὐτὴν
1138 4309 1513 4380 θεωρούμενα.
1567 4306 1640 4370 ὡς
1686 4323 1792 4376 μη·

224 4407 314 4461 δὲν
356 4406 501 4476 ἔχειν
543 4406 631 4459 τὸν
676 4406 775 4476 τὴν
821 4404 951 4474 ὕλην
984 4402 1422 4474 διερευνώμενον,
1461 4398 1565 4464 ἔξω
1593 4397 1794 4450 τούτων

227 4500 287 4551 ὲν
317 4497 589 4567 φαντασίᾳ
630 4496 832 4550 λαϐεῖν.
889 4495 961 4548 Τὸ
993 4494 1049 4547 δὲ
1079 4493 1265 4565 νοητόν
1296 4508 1355 4544 τε
1383 4490 1474 4543 καὶ
1509 4488 1665 4542 ἇῦλον
1695 4488 1793 4559 τῆς

1890 3303 2090 3369 dicam,
2130 3302 2443 3371 hujusmodi
2488 3302 2684 3371 dogma
2719 3316 2815 3371 per
2863 3316 2926 3355 ea
2962 3316 3082 3369 quin
3115 3300 3259 3354 dicta
3292 3306 3451 3353 sunt:

1891 3394 2146 3448 Bifariam
2178 3391 2439 3447 dividitur
2468 3406 2651 3446 rerum
2692 3400 3001 3445 creatarum
3034 3396 3232 3443 natura
3262 3403 3329 3443 ex
3361 3396 3456 3441 sun

1892 3498 2075 3553 prema
2109 3482 2396 3536 divisione.
2429 3479 2563 3534 Nam
2597 3480 2743 3533 aliud
2780 3480 3000 3549 quidem
3042 3486 3129 3534 est
3173 3479 3373 3534 sensile
3404 3489 3462 3533 et

1892 3574 2206 3628 materiale:
2246 3572 2393 3627 aliud
2428 3582 2608 3626 autem
2644 3571 2791 3641 quod
2826 3570 3183 3639 intelligentia
3224 3570 3460 3639 percipi-

1891 3675 2003 3732 tur,
2033 3674 2089 3719 et
2126 3673 2208 3719 est
2241 3680 2437 3734 expers
2485 3666 2751 3718 materiae.
2806 3664 2985 3732 Atque
3013 3661 3212 3717 sensile
3239 3660 3459 3731 quidem

1891 3758 2123 3814 dicimus
2153 3757 2419 3828 quidquid
2448 3772 2613 3813 sensu
2644 3754 3146 3826 comprehenditur.
3181 3753 3336 3820 Quod
3378 3754 3461 3808 in-

1891 3849 2186 3919 telligentia
2226 3856 2404 3902 autem
2447 3847 2765 3917 percipitur,
2819 3847 2872 3900 id
2908 3847 3052 3916 quod
3100 3860 3319 3899 omnem
3360 3861 3457 3900 su-

1893 3944 2045 4004 perat
2067 3950 2264 3989 sensus
2286 3933 2852 4003 comprehensionem,
2876 3948 2979 3988 nec
3006 3933 3132 3987 ullis
3152 3933 3462 3987 continetur

1894 4027 2114 4081 ﬁnibus.
2145 4024 2277 4078 Nam
2310 4040 2433 4078 cum
2462 4024 2642 4079 omnis
2676 4023 2900 4079 materia
2932 4038 2963 4077 a
2997 4032 3278 4093 quantoeet
3312 4024 3462 4094 quali

1895 4118 1965 4171 sit
1983 4116 2397 4185 comprehensa,
2422 4116 2584 4169 unius
2607 4123 2688 4169 est
2713 4113 2910 4169 mentis
2933 4112 3458 4183 comprehensionis,

1894 4222 1955 4262 ea
1978 4222 2096 4277 quae
2118 4216 2243 4259 sunt
2266 4206 2320 4259 in
2349 4205 2465 4274 ipsa
2492 4202 2914 4268 considerantis,
2941 4201 3064 4257 linis
3083 4203 3135 4255 in
3153 4200 3392 4269 pondere
3406 4207 3464 4255 et

1894 4299 2069 4354 forma
2099 4308 2152 4353 et
2198 4296 2486 4367 superﬁcie
2511 4302 2563 4349 et
2601 4296 2768 4365 ﬁgura
2796 4313 2807 4347 :
2852 4292 2987 4348 adeo
3017 4300 3078 4346 nt
3105 4294 3198 4363 qui
3247 4301 3462 4348 scruta-

1895 4401 1985 4445 tur
2020 4390 2327 4453 materiam,
2363 4388 2500 4442 nihil
2546 4386 2718 4456 possit
2742 4394 2897 4441 extra
2946 4385 3059 4439 hate
3106 4384 3461 4454 comprehen-

1896 4482 2026 4538 dere
2048 4482 2101 4535 in
2136 4479 2449 4551 phantasia;
2484 4478 2538 4533 id
2570 4489 2750 4533 autem
2787 4477 2933 4548 quod
2971 4476 3269 4547 percipitur
3301 4477 3461 4531 intel-

226 4556 479 4657 τοιαύτης
506 4556 765 4670 περιοχῆς
795 4585 1093 4657 καθαρεῦον
1124 4556 1375 4653 ἐκφεύγει
1410 4582 1500 4635 τὸν
1538 4584 1661 4651 ὅρον
1680 4621 1694 4645 ,
1734 4556 1785 4634 έν

1895 4575 2137 4645 ligentia,
2177 4585 2233 4629 et
2274 4580 2359 4628 est
2391 4586 2585 4641 expers
2631 4573 2895 4635 materiae,
2945 4584 3141 4639 purum
3195 4569 3262 4623 ab
3311 4570 3461 4624 omni

229 4683 405 4736 οὐδενὶ
442 4680 863 4752 περατούμενον.
916 4678 1085 4732 Πάλιν
1114 4677 1171 4730 δὲ
1207 4676 1299 4729 καὶ
1328 4676 1425 4746 τῆς
1452 4674 1647 4745 νοητῆς
1694 4672 1797 4742 φύ-

1893 4666 2162 4738 ejusmodi
2210 4664 2721 4734 comprehensione,
2788 4661 2977 4733 eﬂ‘ugit
3029 4661 3342 4723 terminum,
3402 4668 3463 4715 ut

231 4790 369 4838 σεως
405 4751 765 4846 διῃρημένης,
791 4773 824 4841 ἡ
861 4771 955 4841 μὲν
977 4770 1226 4833 ἄκτιστὸς
1260 4769 1392 4831 ἐστι,
1419 4765 1512 4820 καὶ
1547 4764 1785 4834 ποιητικῦ

1893 4760 2038 4831 quod
2070 4760 2126 4813 in
2152 4758 2302 4813 nullo
2330 4757 2571 4810 ﬁniatur.
2611 4753 2823 4809 Rursus
2855 4761 3036 4807 autem
3062 4767 3183 4806 cum
3220 4767 3342 4820 qua:
3375 4751 3461 4806 in-

227 4866 339 4919 τῶν
370 4866 555 4927 ὄντων,
589 4864 675 4917 ἀεὶ
702 4858 837 4916 οὖσα
861 4863 998 4932 ὅπερ
1031 4860 1145 4913 ἐστί
1172 4875 1184 4887 °
1230 4859 1323 4912 καὶ
1362 4856 1587 4910 πάντοτε
1623 4854 1799 4908 ὡσαύ-

230 4974 338 5021 τως
373 4957 588 5026 ἔχουσα,
621 4955 883 5026 κρείττων
911 4970 969 5005 τε
1003 4950 1315 5022 προσθήκης
1348 4948 1563 5019 ἀπάσης
1588 4948 1795 5018 καὶτῆς

232 5050 596 5112 ἐλαττώσεως,
626 5048 735 5101 τῶν
758 5046 978 5114 ἀγαθῶν
1010 5044 1353 5106 ἀνεπίδεκτος
1372 5060 1385 5074 ’
1418 5044 1451 5113 ἡ
1482 5042 1539 5094 δὲ
1567 5041 1654 5095 διὰ
1680 5041 1794 5094 κτί-

236 5158 369 5205 σεως
394 5140 730 5213 παραχθεῖσα
777 5140 834 5200 ὲς
874 5137 1085 5206 γένεσιν
1127 5136 1263 5206 πρὸς
1294 5135 1355 5187 τὸ
1384 5133 1597 5205 πρῶτον
1624 5134 1792 5185 αἴτιον

234 5231 323 5284 ἀεὶ
357 5230 573 5299 βλέπει,
620 5231 713 5283 καὶ
749 5232 815 5300 τῇ
866 5226 1126 5299 μετουσίᾳ
1166 5225 1259 5279 τοῦ
1299 5224 1637 5295 περιέχοντος
1676 5223 1793 5276 δια-

235 5321 431 5385 παντὸς
474 5322 530 5373 ὲν
573 5321 652 5391 τῷ
682 5318 869 5390 ἀγαθῷ
910 5320 1286 5390 συντηρεῖται,
1339 5316 1431 5369 καὶ
1455 5316 1652 5385 τρόπον
1676 5313 1795 5368 τινὰ

234 5414 466 5467 πάντοτε
504 5412 762 5475 κτίζεται,
807 5411 897 5464 διὰ
925 5412 1025 5481 τῆς
1066 5413 1123 5463 ὲν
1168 5412 1279 5472 τοῖς
1308 5408 1529 5477 ἀγαθοῖς
1558 5406 1794 5475 ὲπαυξή-

238 5520 377 5566 σεως
415 5502 549 5572 πρὸς
575 5500 635 5553 rb
662 5502 842 5571 μεῖζον
866 5501 1239 5571 ἀλλοιουμένη,
1278 5498 1351 5562 ὡς
1385 5497 1515 5569 μηδὲ
1542 5495 1709 5565 ταύτῃ
1742 5512 1794 5548 τι

236 5596 411 5666 πέρας
430 5592 826 5664 ὲνθεωρείσθαι,
853 5594 986 5665 μηδὲ
1005 5595 1113 5665 ὅρῳ
1138 5592 1243 5646 τινὶ
1264 5592 1360 5662 τὴν
1387 5591 1522 5662 πρὸς
1538 5592 1598 5643 τὸ
1626 5592 1797 5660 κρεῖτ-

236 5704 329 5741 τον
358 5685 580 5757 αὔξησιν
612 5684 779 5754 αὐτῆς
827 5685 1257 5757 περιγράφεσθαι
1278 5700 1291 5715 ο
1334 5683 1447 5737 ἀλλ’
1484 5678 1622 5735 εἶναι
1658 5681 1796 5735 πάν-

240 5793 361 5831 τοτε
386 5776 470 5829 ἀεὶ
508 5776 568 5830 rb
596 5775 769 5845 παρὸν
797 5776 1017 5844 ἀγαθὸν,
1064 5775 1166 5829 κᾶν
1190 5776 1271 5827 ὅτι
1311 5772 1537 5843 μάλιστα
1565 5770 1703 5841 μέγα
1736 5787 1795 5823 τε

246 5870 339 5927 καὶ
368 5868 569 5921 τέλειον
598 5862 736 5922 εἶναι
766 5868 929 5929 δοκεῖ,
961 5866 1132 5939 ἀρχὴν
1160 5865 1251 5920 τοῦ
1283 5862 1678 5935 ὑπερκειμένου
1704 5862 1798 5917 καὶ

1893 4851 2194 4922 telligentia
2243 4848 2543 4919 percipitur
2580 4854 2796 4907 natura,
2846 4844 3097 4899 bifariam
3148 4842 3218 4898 sit
3263 4842 3457 4907 divisa,

1896 4944 2001 4998 alia
2030 4942 2248 5013 quidem
2279 4948 2362 4993 est
2389 4938 2653 5001 increata,
2685 4947 2739 4990 et
2764 4950 2951 4989 eorum
2992 4950 3112 5004 qua:
3148 4942 3277 4988 sunt
3304 4947 3460 4987 crea-

1901 5037 2029 5098 trix,
2084 5040 2139 5087 et
2183 5046 2303 5101 qua:
2336 5045 2547 5099 semper
2579 5036 2662 5083 est
2712 5028 2763 5081 id
2810 5026 2951 5096 quod
2986 5033 3106 5081 est:
3163 5033 3215 5080 ct
3246 5041 3462 5096 semper

1901 5128 2151 5184 similiter
2197 5131 2251 5178 et
2285 5121 2475 5177 eodem
2512 5121 2671 5173 modo
2717 5134 2776 5175 se
2818 5118 3003 5181 habet,
3049 5126 3101 5173 et
3141 5117 3333 5186 quavis
3363 5117 3459 5170 ad-

1900 5219 2108 5275 ditione
2136 5222 2190 5270 et
2209 5212 2572 5269 diminutione
2609 5219 2691 5265 est
2716 5210 2987 5279 superior,
3026 5224 3123 5262 nec
3152 5207 3291 5261 bona
3318 5208 3461 5261 valet

1901 5311 2174 5380 accipere:
2213 5308 2317 5361 alia
2350 5314 2530 5360 autem
2582 5318 2702 5373 qua:
2738 5318 2833 5371 per
2860 5300 3189 5355 creationem
3227 5296 3458 5351 deducta

1901 5405 1969 5459 ad
2000 5401 2424 5473 generationem,
2453 5410 2666 5464 semper
2691 5392 2887 5462 aspicit
2912 5390 2979 5444 ad
3011 5390 3239 5460 primam
3268 5401 3457 5441 eorum

1900 5511 2022 5567 quae
2052 5502 2179 5549 sunt
2209 5504 2452 5553 causam,
2506 5495 2560 5542 et
2590 5484 3003 5557 participatione
3033 5481 3154 5550 ejus
3186 5479 3330 5549 quod
3364 5494 3456 5533 su-

1901 5585 2199 5659 pereminet
2226 5596 2439 5650 semper
2459 5584 2815 5633 conservatur
2842 5576 2893 5627 in
2916 5574 3082 5635 bono,
3111 5579 3165 5626 et
3193 5568 3455 5640 quodam-

1902 5678 2074 5734 modo,
2108 5683 2345 5736 creatur.
2390 5687 2486 5741 per
2525 5671 2917 5724 incrementum
2951 5664 3004 5718 in
3059 5661 3217 5717 bonis
3250 5668 3457 5715 mutata

1903 5771 1967 5824 ad
1998 5768 2051 5822 id
2084 5765 2227 5837 quod
2257 5773 2341 5819 est
2381 5762 2581 5832 majus,
2632 5759 2766 5813 adeo
2808 5764 2867 5810 ut
2907 5771 2972 5809 ne
3004 5756 3055 5808 in
3107 5755 3205 5808 hac
3236 5753 3458 5824 quidem

1904 5859 2280 5915 consideretur
2314 5853 2456 5918 ﬁnis,
2486 5865 2663 5923 neque
2700 5849 2819 5903 ullo
2842 5846 3081 5902 termino
3108 5843 3459 5901 circumscri:
