3932 6514
511 393 616 453 887

1739 410 1797 469 S.
1833 413 2159 475 GREGORII
2190 417 2475 475 NYSSENI

3638 422 3751 480 833

517 520 672 617 batur
695 520 818 592 ejus
840 524 1236 583 incrementum
1263 527 1332 585 ad
1358 527 1414 584 id
1433 531 1577 601 quod
1599 540 1684 589 est
1713 536 1946 594 melius:
1978 538 2075 596 sed

2184 541 2421 613 μείζονος
2437 555 2452 572 ⁶
2487 539 2563 604 ὼς
2583 541 2675 594 καὶ
2701 540 2760 594 έν
2789 539 2959 611 τούτῳ
2980 540 3072 594 τὸν
3100 540 3454 598 ἀποστολικόν
3480 543 3747 617 ἀληθεύεο

508 612 585 669 sit
616 629 833 684 semper
868 616 1015 687 quod
1045 633 1286 689 praesens
1316 628 1406 677 est
1442 623 1670 689 bonum,
1708 628 1809 683 etsi
1844 631 2078 688 maxime

507 704 765 761 videatur
796 722 922 763 esse
973 726 1233 782 magnum
1278 721 1337 769 et
1374 717 1708 792 prastabile,
1747 721 2076 792 principium

505 799 630 871 ejus
663 802 809 871 quod
856 808 1246 876 supereminet,
1272 817 1333 864 et
1371 819 1459 865 est
1486 811 1703 881 majus:
1749 815 1885 870 adeo
1916 825 1976 870 ut
2017 816 2074 871 in

507 892 614 947 hoc
641 909 827 950 verum
875 896 948 952 sit
978 899 1121 969 quod
1154 899 1289 957 dicit
1322 901 1619 972 Apostolus
1644 905 1710 971 η,
1744 921 1841 976 per
1879 916 2074 963 exten-

505 985 720 1043 sionem
748 989 817 1043 ad
846 989 901 1044 id
925 993 1070 1062 quod
1094 1002 1182 1049 est
1214 1004 1359 1060 ante,
1392 994 1650 1051 oblivioni
1680 999 1823 1054 datis
1858 999 1924 1056 iis
1954 1014 2075 1069 quae

506 1080 664 1151 prius
694 1092 824 1139 sunt
865 1084 1124 1154 perfecta.
1159 1085 1295 1142 Nam
1326 1088 1472 1158 quod
1506 1103 1723 1159 semper
1760 1098 1845 1146 est
1873 1090 2073 1160 majus,

507 1177 566 1227 et
598 1173 745 1243 quod
780 1173 1055 1232 invenitur
1088 1178 1142 1233 in
1172 1178 1439 1234 bonorum
1468 1180 1903 1250 exsuperatione,
1932 1181 2077 1252 apud

508 1279 571 1321 se
602 1265 855 1321 detinens
885 1267 1224 1325 all'ectionem
1261 1285 1451 1325 eorum
1482 1272 1575 1341 qui
1605 1279 1733 1327 sunt
1754 1273 2074 1342 participes,

507 1372 619 1413 non
651 1357 785 1413 sinit
816 1361 1063 1431 aspicere
1091 1361 1161 1416 ad
1192 1377 1255 1418 ea
1288 1378 1416 1433 quae
1443 1372 1571 1419 sunt
1604 1366 1896 1435 praeterita,
1927 1365 1983 1419 in
2015 1366 2083 1421 iis

2175 631 2306 685 σθαι
2339 630 2517 699 λόγον,
2558 630 2649 684 διὰ
2676 631 2775 702 τῆς
2809 631 2917 685 τῶν
2944 631 3248 702 ἔμπροσθεν
3287 634 3658 703 ἐπεκτάσεως,
3690 639 3754 693 έν

2179 721 2318 793 λήθῃ
2342 721 2640 793 γινομένων
2667 723 2776 776 τῶν
2803 724 3295 795 προδιηνυσμένιυν.
3346 726 3417 778 Τὸ
3446 726 3557 797 γὰρ
3588 728 3680 782 ἀεί
3698 748 3753 784 τι

2183 810 2395 881 μεῖζον,
2439 811 2534 865 καὶ
2570 810 2693 865 καθ’
2743 811 3045 883 ὑπερϐολὴν
3086 813 3296 882 ἀγαθον
3328 816 3751 887 εὑρισκόμενον,

2180 902 2310 974 περὶ
2352 903 2510 957 ἑαυτὸ
2547 903 2772 973 κατέχον
2810 904 2908 975 τὴν
2949 904 3057 959 τῶν
3102 906 3434 976 μετεχόντων
3483 908 3753 976 διάθεσιν,

2180 995 2280 1049 ούκ
2304 996 2367 1066 ea
2395 996 2530 1066 πρὸς
2558 995 2628 1049 τὰ
2657 997 3018 1067 παρῳχηκότα
3040 996 3283 1067 βλέπειν,
3314 1000 3378 1068 τῇ
3419 997 3531 1051 τῶν
3564 1018 3753 1073 προτι-

2178 1086 2423 1159 μοτέρων
2450 1086 2743 1141 ἀπολαύσει
2777 1088 2884 1148 τῶν
2915 1089 3349 1160 καταδεεστέρων
3393 1089 3491 1161 τὴν
3524 1094 3632 1163 μνη
3642 1109 3757 1161 μην

2180 1179 2674 1251 παρακρουόμενον.
2724 1179 2797 1232 Τὸ
2827 1180 2924 1251 μὲν
2951 1175 3043 1233 οὖν
3070 1179 3246 1251 νόημα
3268 1181 3328 1233 τὸ
3350 1185 3420 1252 τῇ
3450 1182 3753 1251 φιλοσοφίᾳ

2179 1272 2273 1325 τοῦ
2302 1271 2572 1341 νυμφικού
2606 1271 2939 1342 διηγήματος
2970 1274 3103 1343 ἡμῖν
3128 1272 3610 1345 δογματιξόμενον,
3634 1290 3751 1328 τοι-

2185 1364 2341 1418 οῦτον
2367 1363 2503 1418 εἶναι
2538 1363 2843 1435 νομίζομεν.

507 1446 761 1505 fruendis
798 1465 921 1521 quae
954 1460 1086 1507 sunt
1120 1454 1523 1523 praestantiora,
1593 1455 1877 1509 excutiens
1943 1454 2260 1510 memoriam
2310 1469 2499 1509 eorum
2553 1469 2673 1524 quae
2748 1462 2881 1510 sunt
2934 1454 3225 1510 deteriora.
3299 1470 3476 1527 atque
3520 1467 3752 1511 sensum

509 1542 730 1613 quidem
760 1546 855 1614 qui
884 1559 913 1598 a
942 1545 1287 1616 philosophia
1314 1563 1528 1617 sponsa
1557 1551 1886 1605 narrationis
1914 1549 2071 1604 nobis
2108 1549 2391 1613 statuitur,
2446 1550 2607 1604 talem
2652 1563 2774 1603 esse
2833 1547 3218 1606 existimanus.

581 1635 820 1706 Tempus
860 1648 1045 1694 autem
1094 1650 1178 1695 est
1228 1642 1462 1710 primum
1509 1642 1724 1713 quidem
1760 1642 2075 1698 meminisse

508 1739 799 1815 contextus
820 1732 1110 1787 verborum
1139 1733 1450 1788 divinorum
1472 1734 1844 1804 eloquiorum:
1874 1731 2074 1786 deinde

2248 1642 2452 1713 Καιρὸς
2492 1642 2535 1695 δ’
2570 1642 2636 1695 ἂν
2663 1641 2746 1709 είη
2775 1640 2987 1711 πρῶτον
3021 1641 3117 1710 μὲν
3148 1641 3317 1711 αὐτῆς
3340 1639 3751 1710 ἐπιμνησθῆναι

2176 1735 2276 1805 τῆς
2300 1736 2493 1800 λέξεως
2514 1734 2621 1788 τῶν
2655 1732 3023 1787 θεοπνεύστων
3045 1732 3241 1800 λογίων
3263 1748 3277 1762 ·
3315 1727 3412 1785 εἷθ’
3442 1732 3619 1795 οὕτως
3649 1734 3722 1799 ἐφ

507 1823 581 1879 iis
610 1840 736 1894 quae
779 1824 931 1894 prius
966 1833 1095 1881 sunt
1143 1826 1490 1881 considerata
1543 1826 1801 1896 adaptare
1851 1840 2069 1880 sensum

2184 1827 2411 1896 αρμόσαι
2440 1827 2552 1888 τοῖς
2598 1824 3022 1895 προθεωρηθεϊσι
3066 1825 3165 1895 τὴν
3194 1825 3308 1887 τοῖς
3341 1824 3525 1894 ῥητοῖς
3560 1826 3747 1892 ἐγκει-

507 1913 603 1982 qui
670 1915 809 1970 situs
875 1925 957 1969 est
1012 1915 1071 1969 in
1131 1916 1333 1970 verbis.
1369 1915 1434 1969 In
1487 1916 1618 1968 lecto
1656 1926 1813 1969 noctu
1861 1914 2075 1985 quwsivi

2184 1917 2346 1988 μένην
2373 1915 2626 1971 διάνοιαν.
2661 1915 2783 1969 Ἐπὶ
2817 1916 3024 1982 κοίτην
3038 1931 3157 1983 μου
3188 1915 3257 1967 ἐν
3281 1914 3462 1978 νυξὶν
3480 1911 3746 1981 ἐζήτησα

507 2013 703 2075 ipsum,
740 2018 788 2059 et
826 2023 928 2060 non
954 2008 1127 2061 inveni
1149 2024 1167 2061 :
1219 2009 1387 2074 ipsum
1418 2008 1614 2071 vocavi,
1650 2014 1700 2061 et
1743 2024 1847 2061 non
1877 2006 2078 2059 audivit

508 2110 609 2149 me.
660 2094 886 2165 Surgam
940 2105 1113 2151 autem
1155 2107 1204 2151 et
1239 2098 1468 2152 circuibo
1502 2098 1762 2151 civitatem
1785 2137 1800 2163 ,
1835 2098 1889 2151 in
1945 2097 2077 2166 foris

513 2196 564 2238 et
594 2188 653 2239 in
693 2187 881 2255 plateis
900 2218 919 2251 -,
964 2198 1013 2242 et
1044 2205 1280 2257 quwram
1321 2206 1468 2259 quem
1504 2189 1674 2259 diligi!
1715 2190 1892 2243 anima
1943 2204 2075 2241 mea.

512 2281 747 2346 Quaesivi
784 2296 901 2333 eum
934 2288 983 2333 et
1012 2297 1115 2333 non
1140 2281 1311 2334 inveni
1347 2298 1484 2335 eum.
1519 2279 1835 2359 Invenerunt
1875 2299 1954 2335 me
1990 2283 2079 2350 qui

510 2373 817 2427 custodiunt
840 2372 1220 2426 circumeuntes
1247 2374 1530 2429 civitatem.
1561 2372 1706 2427 Num
1734 2390 1883 2443 quem
1906 2374 2080 2444 diligit

512 2465 695 2518 anima
739 2480 855 2517 mea
903 2464 1147 2519 vidistis?
1188 2464 1588 2533 Quamprimum
1634 2480 1824 2533 parum
1885 2464 1951 2519 ab
2003 2467 2079 2520 eis

513 2556 728 2617 transii,
777 2554 940 2606 donec
968 2554 1137 2608 inveni
1178 2570 1297 2607 eum
1328 2571 1479 2623 quem
1510 2555 1685 2624 diligit
1715 2555 1892 2607 anima
1926 2571 2077 2609 mea:

514 2646 658 2699 tenui
695 2662 813 2698 eum
851 2655 901 2698 et
943 2662 1043 2699 non
1077 2644 1255 2698 dimisi
1295 2662 1431 2709 eum,
1468 2645 1634 2699 donec
1664 2662 1781 2700 eum
1808 2646 2080 2700 introduxi

510 2736 568 2789 in
596 2735 809 2789 domum
838 2737 1024 2791 matris
1062 2753 1209 2800 metu,
1253 2747 1300 2791 et
1331 2738 1384 2791 in
1424 2737 1666 2792 conclave
1707 2738 1819 2808 ejus
1854 2755 1969 2807 qua;
2002 2754 2079 2792 me

513 2829 767 2895 concepit.

586 3104 872 3172 Quomodo
909 3119 1040 3176 ergo
1078 3104 1138 3159 in
1172 3105 1238 3160 iis
1272 3120 1395 3175 quae
1424 3105 1571 3159 dicta
1616 3112 1744 3160 sunt
1775 3105 2078 3162 invenimus

2176 2007 2250 2061 ὃν
2275 2006 2589 2077 ἠγάπησεν
2616 2007 2655 2074 ἡ
2693 2005 2862 2075 ψυχή
2896 2022 3039 2071 μου’
3077 2003 3337 2072 ἐξῖήτησα
3374 2005 3592 2069 αὐτὸν,
3646 2007 3746 2058 καὶ

2176 2102 2288 2167 οὐχ
2317 2095 2498 2167 εὗρον
2524 2097 2737 2151 αὐτόν*
2774 2095 3037 2150 ἐκάλεσα
3063 2096 3267 2161 αὐτὸν,
3306 2095 3401 2149 καὶ
3444 2098 3557 2164 οὐχ
3592 2096 3749 2160 ὑπῆ-

2176 2190 2364 2246 κουσέ
2388 2208 2528 2260 μου.
2563 2188 3003 2257 Ἀναστήσομαι
3032 2187 3101 2241 δὲ
3132 2187 3231 2241 καί
3258 2186 3547 2242 κυκλώσω
3574 2188 3648 2242 ὲν
3672 2187 3749 2255 τῇ

2176 2282 2349 2336 πόλει
2368 2322 2381 2344 ,
2426 2282 2496 2335 ἐν
2532 2279 2661 2347 ταῖς
2687 2280 2959 2350 ἀγοραῖς,
3006 2279 3107 2333 καί
3138 2279 3207 2332 ἐν
3234 2278 3365 2345 ταῖς
3411 2280 3746 2345 πλατείαις,

2177 2376 2275 2428 καί
2301 2374 2530 2443 ζητήσω
2558 2373 2630 2427 ὃν
2665 2372 2983 2443 ἠγάπησεν
3010 2374 3049 2440 ἠ
3080 2372 3249 2442 ψυχή
3279 2390 3418 2442 μου.
3460 2371 3752 2441 Ἑζήτησα

2176 2467 2381 2529 αὐτὸν,
2416 2465 2513 2519 καὶ
2544 2467 2657 2533 οὐχ
2681 2460 2860 2532 εὗρον
2886 2465 3089 2520 αὐτόν.
3144 2463 3421 2531 Εὒροσάν
3440 2480 3517 2533 με
3558 2468 3616 2518 ot
3642 2483 3750 2529 τη-

2170 2560 2440 2629 ροῦντες,
2465 2561 2517 2612 οἱ
2543 2557 2915 2623 κυκλοῦντες
2937 2557 3007 2610 ἐν
3034 2555 3107 2626 τῇ
3139 2558 3328 2610 πόλει.
3361 2555 3455 2623 Μὴ
3495 2556 3568 2610 ὃν
3605 2557 3750 2625 ἡτάο

2177 2666 2377 2719 πησεν
2414 2651 2451 2718 ἠ
2493 2647 2661 2718 ψυχή
2686 2665 2803 2716 μου
2830 2649 3023 2710 ἴδετε;
3068 2649 3148 2713 ὡς
3172 2646 3429 2715 σμικρὸν
3455 2648 3553 2700 ὅτε
3598 2663 3750 2715 πσρ-

2177 2740 2369 2809 ῆλθον
2406 2739 2507 2795 ἀπ’
2540 2738 2756 2803 αὐτῶν,
2794 2738 2904 2804 ἕως
2944 2738 3015 2792 οὗ
3053 2732 3235 2804 εὗρον
3260 2737 3334 2790 ὃν
3361 2736 3683 2805 ἠγάπησεν
3710 2738 3751 2804 ἡ

2175 2830 2344 2901 ψυχή
2356 2849 2476 2901 μου
2501 2847 2514 2858 ·
2537 2828 2838 2898 ἐκράτησα
2854 2828 3056 2892 αὐτὸν,
3072 2828 3172 2883 καὶ
3189 2830 3298 2882 οὐκ
3317 2827 3522 2896 ἀφῆκα
3539 2828 3749 2888 αὐτὸν,

2176 2922 2287 2989 ἕως
2314 2918 2388 2978 οὗ
2417 2922 2741 2991 εἰσήγαγον
2785 2920 2971 2974 αὐτὸν
3000 2922 3086 2986 εὶς
3127 2916 3294 2974 οἷκον
3333 2920 3559 2989 μητρός
3600 2937 3748 2989 μου,

2178 3014 2276 3068 καὶ
2302 3016 2388 3080 εὶς
2408 3012 2667 3082 ταμιεῖον
2687 3011 2794 3081 τῆς
2821 3012 3258 3079 συλλαϐούσης
3278 3027 3370 3080 με.

2247 3106 2374 3170 Πῶς
2402 3105 2578 3160 τοίνυν
2620 3107 2678 3158 ὲν
2713 3108 2825 3168 τοῖς
2864 3105 3171 3175 εἰρημένοις
3195 3104 3520 3175 εὑρίσκομεν
3557 3103 3630 3156 τὰ
3661 3103 3749 3155 δο-

514 3213 711 3256 sensus
734 3198 830 3268 qui
861 3198 1164 3268 dogmatice
1190 3212 1292 3267 per
1323 3196 1680 3268 periphrasim
1707 3212 1737 3250 a
1763 3198 1921 3252 nobis
1950 3206 2079 3253 sunt

2184 3196 2463 3269 γματικῶς
2503 3198 2635 3266 ἡμῖν
2681 3194 3130 3266 προθεωρηθέντα
3178 3196 3464 3265 νοήματα;
3530 3194 3755 3262 γέγονεν

512 3290 792 3361 expositi?
822 3287 880 3343 ln
911 3289 1345 3360 praecedentibus
1376 3289 1814 3353 ascensionibus,
1850 3290 1951 3345 fuit
1983 3304 2081 3360 pro

514 3385 729 3440 ratione
772 3383 894 3453 ejus
939 3382 1085 3452 quod
1138 3396 1353 3454 semper
1388 3382 1447 3436 ﬁt
1490 3382 1829 3447 incrementi,
1870 3398 2083 3453 semper

515 3483 728 3530 mutata
760 3475 827 3530 ad
862 3474 916 3529 id
945 3473 1090 3544 quod
1120 3483 1206 3529 est
1244 3475 1465 3538 melius,
1493 3483 1547 3530 et
1577 3475 1629 3529 in
1658 3475 1801 3531 bono
1831 3491 2082 3546 compre-

517 3566 693 3620 henso
745 3580 1024 3633 nunquam
1075 3565 1300 3631 sistens,
1354 3580 1502 3620 nunc
1543 3566 1700 3637 equis
1741 3576 2080 3637 comparata,

517 3657 612 3725 qui
643 3654 962 3727 Egyptium
995 3663 1249 3711 evertunt
1288 3663 1604 3728 tyrannum,
1659 3674 1851 3713 rursus
1898 3672 2079 3714 autem

522 3745 813 3815 torquibus
859 3753 914 3799 et
960 3743 1267 3799 turturibus
1315 3746 1614 3801 assimilata
1656 3747 1708 3801 in
1746 3746 1873 3801 colli
1913 3762 2081 3802 orna-

519 3845 726 3892 mento.
747 3834 949 3892 Deinde
969 3836 1055 3892 his
1081 3852 1192 3892 non
1221 3845 1475 3892 contenta
1507 3839 1753 3908 procedit
1782 3839 1962 3894 adhuc
1987 3855 2082 3894 su-

517 3928 727 3999 perius.
755 3928 891 3985 Nam
921 3942 1020 3999 per
1046 3940 1270 3982 suavem
1294 3929 1524 3984 nardum
1548 3930 1789 3987 divinum
1837 3934 2084 4005 agnoscit

517 4024 720 4080 bonum
748 4023 1005 4090 odorem,
1034 4030 1089 4080 et
1118 4039 1219 4080 nec
1263 4025 1319 4079 in
1346 4024 1436 4081 "bis
1477 4026 1697 4095 quidem
1730 4034 1947 4094 manet,
1984 4026 2081 4083 sed

520 4131 715 4170 rursus
745 4129 871 4169 eum
898 4130 1058 4186 quem
1101 4116 1400 4180 desiderat,
1437 4116 1602 4172 veluti
1637 4117 1908 4186 quoddam
1941 4118 2081 4173 bene

519 4205 676 4261 olens
704 4220 912 4270 aroma,
960 4206 1249 4275 suspendit
1298 4207 1439 4260 inter
1486 4222 1583 4261 sua
1620 4208 1828 4262 ratione
1858 4208 2082 4276 praedita

521 4298 717 4365 ubera,
760 4298 910 4353 unde
942 4306 1152 4354 scatent
1177 4299 1363 4355 divina
1400 4300 1749 4367 documenta,
1794 4302 1851 4357 in
1901 4302 2081 4372 amplo

520 4388 708 4444 cordis
733 4390 908 4459 spatio
928 4405 1055 4445 eum
1082 4390 1338 4445 induens.
1362 4391 1490 4447 Post
1517 4393 1631 4447 haec
1656 4392 1891 4448 fructum
1920 4408 2079 4449 suum

522 4480 656 4536 facit
679 4481 1008 4552 Agricolam,
1042 4482 1221 4551 ipsum
1256 4481 1468 4536 botrum
1506 4484 1810 4551 nominans,
1854 4501 2079 4541 suavem

521 4582 578 4629 et
624 4581 838 4645 gratum
870 4573 1092 4628 odorem
1126 4574 1463 4628 emittentem
1506 4590 1605 4644 per
1644 4575 1849 4631 liorem.
1900 4576 1965 4631 Et
1994 4577 2084 4633 his

523 4666 940 4722 ascensionibus
976 4666 1057 4721 sic
1082 4677 1263 4731 aucta,
1295 4667 1523 4735 pulchra
1547 4668 1767 4733 dicitur,
1797 4676 1851 4723 et
1874 4670 1931 4724 lit
1950 4685 2086 4740 pro-

522 4758 761 4829 pinqua:
812 4765 871 4813 et
906 4774 1027 4829 qua:
1072 4770 1157 4814 est
1205 4759 1260 4813 in
1312 4760 1486 4829 ipsius
1523 4760 1699 4816 oculis
1742 4760 2087 4831 pulchritudo

526 4849 863 4904 assimilatur
906 4849 1197 4907 columbis.
1233 4849 1436 4905 Deinde
1482 4850 1727 4920 procedit
1759 4852 1826 4906 ad
1859 4852 1910 4907 id
1943 4854 2086 4923 quod

518 4950 611 4997 est
642 4941 840 5011 majus.
878 4940 1040 4995 Facta
1092 4942 1237 4996 enim
1290 4942 1660 5012 perspicacior
1717 4944 1811 4999 illa
1864 4961 2087 5016 quoque

525 5033 691 5092 Verbi
732 5035 898 5091 discit
931 5036 1235 5105 decorem,“
1258 5046 1311 5090 et
1359 5036 1587 5090 miratur
1629 5037 2082 5108 quemadmodum

526 5125 886 5183 adumbratus
934 5126 1219 5183 descendit
1261 5127 1328 5181 ad
1377 5128 1574 5183 lectum
1617 5130 1743 5185 vitae
1788 5128 2083 5195 inferioris,

527 5219 795 5274 materiali
840 5225 1037 5274 natura
1068 5220 1315 5291 corporis
1359 5219 1581 5275 humani
1608 5223 1936 5277 occultatus.
1988 5220 2085 5277 His

526 5312 740 5369 accedit
768 5312 915 5382 quod
940 5312 1159 5369 virtutis
1186 5313 1404 5368 domum
1422 5313 1601 5369 verbis
1620 5311 1898 5379 describit,
1927 5315 2086 5384 cujus

526 5418 636 5472 qua
665 5404 873 5474 tegitur
911 5402 1139 5457 materia
1175 5410 1260 5458 est
1299 5402 1495 5459 cedrus
1523 5413 1578 5457 et
1623 5418 1937 5474 cupressus,
1967 5419 2088 5474 quae

531 5499 871 5570 putredinem
900 5514 1009 5555 non
1034 5500 1262 5570 suscipit
1292 5507 1347 5555 et
1370 5498 1773 5568 corruptionem
1792 5538 1807 5563 ,
1843 5514 1939 5569 per
1968 5513 2090 5571 quae

529 5591 711 5646 verbis
741 5591 1353 5663 explicatqstabilitatem
1387 5600 1442 5648 et
1466 5591 1956 5647 immutabilitatem
1993 5592 2089 5646 ha-

530 5681 799 5738 bitudinis
828 5682 896 5736 ad
934 5682 1158 5739 bonum.
1195 5684 1458 5742 Praeterea
1488 5699 1583 5756 per
1627 5684 2088 5755 comparationem

602 5862 645 5897 “
698 5860 927 5933 Philipp.
972 5878 1052 5928 ιιι,
1110 5864 1191 5918 l5.

2181 3290 2241 3342 έν
2265 3291 2382 3352 ταῖς
2428 3287 2822 3359 προλαϐοῦσαις
2854 3285 3063 3348 ἀνόδοις
3109 3285 3245 3356 πρὸς
3288 3285 3444 3355 λόγον
3479 3286 3579 3355 τῆς
3623 3285 3756 3338 hui-

2184 3398 2334 3435 στοτε
2356 3380 2647 3450 γινομένης
2668 3379 2963 3449 αὐξήσεως.
2996 3378 3106 3431 Ἀεὶ
3128 3378 3235 3449 γὰρ
3263 3378 3399 3449 πρὸς
3422 3377 3479 3430 τὸ
3501 3381 3754 3449 κρεῖττον

2182 3473 2535 3544 ἀλλοιουμένη
2556 3511 2571 3536 ,
2615 3471 2710 3524 καὶ
2756 3469 3009 3523 οὐδέποτε
3056 3470 3149 3522 ἐπὶ
3180 3468 3271 3523 τοῦ
3315 3468 3754 3540 καταληφθέντος

2180 3564 2385 3635 ἀγαθοῦ
2423 3562 2707 3635 ἱσταμένη,
2743 3562 2837 3616 νῦν
2881 3562 2980 3633 μὲν
3018 3562 3168 3633 ἵππῳ
3197 3560 3657 3632 παραϐαλλομένη
3685 3564 3751 3630 τῇ

2182 3656 2672 3729 καταστρεψαμένη
2696 3656 2789 3709 τὸν
2819 3654 3114 3724 Αίγύπτιον
3153 3653 3412 3726 τύραννον
3434 3672 3448 3683 ·
3506 3653 3672 3705 πάλιν
3696 3651 3753 3705 δὲ

2182 3749 2464 3823 ὁρμίσκοις
2502 3749 2597 3802 καὶ
2630 3746 2885 3818 τρυγὸσιν
2927 3746 3249 3816 εἰκαζομένη
3282 3744 3426 3797 κατὰ
3464 3744 3557 3797 τὸν
3597 3760 3755 3813 περι-

2186 3842 2432 3912 αυχένιον
2468 3841 2688 3910 κόσμον.
2756 3833 2890 3892 Εἶτα
2914 3837 2989 3902 ὡς
3018 3837 3117 3890 οὐκ
3147 3834 3476 3907 ἀρκεσθεῖσα
3516 3833 3751 3899 τούτοις,

2184 3932 2263 3986 ἔτι
2289 3931 2422 4004 πρὸς
2451 3930 2718 4000 ἀνώτερον
2747 3928 2979 3999 πρόεισι.
3024 3928 3123 3982 Διά
3153 3926 3260 3997 γὰρ
3284 3927 3385 3997 τῆς
3411 3925 3597 3995 ἡδείας
3618 3925 3752 3997 νάρο

2174 4024 2293 4091 δου,
2314 4023 2410 4095 τὴν
2432 4021 2581 4075 θείαν
2598 4020 2944 4090 ἐπιγινώσκει
2968 4019 3215 4085 εὐωδίαν,
3237 4018 3333 4072 καὶ
3352 4017 3473 4072 οὐδὲ
3495 4020 3553 4071 ὲν
3577 4018 3753 4086 τούτῳ

2185 4117 2355 4189 μένει,
2383 4114 2517 4168 ἀλλὰ
2534 4114 2692 4168 πάλιν
2712 4113 2873 4168 αὑτὸν
2889 4112 2979 4166 τὸν
3003 4110 3332 4182 ποθούμενον
3350 4104 3461 4164 οἷόν
3480 4126 3533 4163 τι
3553 4113 3753 4181 ἄρωμα

2182 4208 2414 4263 εὔπνουν
2429 4207 2594 4277 ἑαυτῇ
2622 4206 2909 4276 περιάπτει
2928 4204 3127 4274 μεταξὺ
3149 4203 3257 4255 τῶν
3281 4202 3510 4271 λογικῶν
3542 4202 3750 4272 μαζῶν,

2181 4299 2303 4355 ὃθεν
2331 4298 2483 4370 βρύει
2506 4296 2575 4351 τὰ
2598 4295 2715 4350 θεῖα
2745 4296 3069 4365 διδάγματα,
3087 4293 3164 4365 τῷ
3186 4295 3335 4365 χωρή
3344 4311 3473 4364 ματι
3494 4294 3596 4364 τῆς
3623 4311 3753 4364 καρ-

2181 4390 2297 4454 δίας
2323 4388 2681 4460 ὲνδυσαμένη.
2734 4387 2888 4442 Μετὰ
2914 4386 3070 4441 τοῦτο
3108 4386 3317 4457 καρπὸν
3346 4386 3549 4456 ἑαυτῆς
3583 4389 3753 4439 ποιεῖ-

2181 4495 2273 4536 ται
2306 4483 2395 4536 τὸν
2423 4479 2689 4553 γεωργὸν,
2741 4479 2930 4550 βότρυν
2962 4480 3124 4533 αὐτὸν
3161 4476 3519 4547 ὀνομάζουσα,
3568 4476 3666 4547 ἡδύ
3702 4491 3753 4528 τι

2185 4574 2281 4627 καὶ
2308 4571 2686 4644 προσηνὲςιδιὰ
2706 4570 2798 4624 τοῦ
2821 4568 3014 4632 ἄνθους
3039 4568 3398 4631 εύωδιάζοντα
3423 4584 3437 4598 ⁸
3462 4568 3558 4620 καὶ
3581 4565 3753 4628 οὕτως

2184 4667 2476 4737 αὐξηθεῖσα
2502 4664 2589 4717 διὰ
2620 4663 2729 4717 τῶν
2756 4662 3011 4716 τοιούτων
3060 4661 3288 4724 ἀνόδων,
3341 4660 3480 4729 καλὴ
3514 4659 3750 4726 λέγεται,

2186 4760 2279 4812 καὶ
2304 4757 2527 4827 πλησίον
2553 4756 2779 4824 γίνεται,
2824 4756 2915 4807 καὶ
2956 4755 3304 4825 περιστεραῖς
3333 4752 3396 4806 τὸ
3425 4753 3483 4804 ὲν
3510 4754 3622 4813 τοῖς
3652 4749 3754 4819 ὃμ-

2191 4869 2354 4921 μασιν
2377 4849 2547 4919 αὐτῆς
2565 4847 2955 4918 παρεικάζεται
2973 4846 3182 4908 κάλλος.
3202 4841 3334 4897 Εἶτα
3354 4842 3516 4896 πάλιν
3535 4842 3672 4913 πρὸς
3692 4842 3754 4893 τὸ

2189 4944 2369 5015 μεῖζον
2396 4943 2583 5013 χωρεῖ.
2628 4938 3061 5010 Διορατικωτέρα
3083 4938 3191 5007 γὰρ
3212 4935 3476 5005 γενομένη
3500 4933 3748 5002 κάκείνη,

2189 5037 2283 5092 τοῦ
2310 5037 2483 5104 Λόγου
2506 5031 2908 5104 καταμανθάνει
2927 5032 3022 5103 τὴν
3046 5030 3212 5101 ὦραψ
3235 5029 3328 5082 καὶ
3348 5027 3615 5096 θαυμάζει
3636 5027 3755 5088 πῶς

2190 5131 2404 5193 εὖσκιος
2434 5128 2526 5182 ἐπὶ
2566 5127 2664 5198 τὴν
2701 5126 2888 5196 κλίνην
2930 5125 3029 5194 τῆς
3064 5123 3215 5177 κάτω
3245 5121 3389 5190 ζωῆς
3416 5118 3750 5180 καταϐαίνει,

2188 5227 2255 5296 τῇ
2286 5223 2443 5293 ὑλικῇ
2476 5220 2569 5275 τοῦ
2610 5216 2947 5289 ἀνθρωπίνου
2987 5215 3237 5286 σώματος
3270 5212 3428 5283 φύσει
3468 5209 3753 5272 συσκιαζό-

2193 5333 2369 5387 μενος.
2418 5313 2565 5384 Πρὸς
2592 5311 2801 5373 τούτοις
2839 5309 2931 5363 τὸν
2958 5308 3058 5378 τῆς
3086 5306 3283 5377 ἀρετῆς
3319 5300 3467 5356 οἶκον
3496 5301 3573 5368 τῷ
3611 5300 3751 5368 λόγῳ

2191 5404 2501 5473 διαγράφει,
2528 5395 2589 5457 οὗ
2620 5401 2824 5469 γίνεται
2862 5400 2896 5469 ἡ
2925 5396 3185 5468 ὲρέψιμος
3213 5392 3336 5464 ὕλη,
3366 5391 3554 5460 κέδρος
3577 5407 3637 5442 τε
3657 5390 3751 5442 καὶ

2193 5498 2544 5568 κυπάρισσος,
2564 5492 2851 5565 σηπεδόνος
2871 5508 2932 5544 τε
2951 5489 3044 5543 καὶ
3066 5486 3357 5556 διαφθορᾶς
3379 5482 3747 5543 ἀνεπίδεκτος,

2190 5591 2259 5644 δι’
2292 5583 2366 5643 ὧν
2406 5588 2471 5641 τὸ
2505 5585 2727 5657 μόνιμόν
2767 5600 2829 5637 τε
2864 5582 2957 5636 καὶ
2993 5577 3366 5651 ἀμετάϐλητον
3393 5575 3495 5644 τῆς
3533 5572 3749 5644 πρὸςτὺ

2193 5684 2394 5753 ἀγαθὸν
2434 5681 2669 5753 σχέσεως
2695 5674 3036 5749 διερμηνεύει
3070 5672 3147 5744 τῷ
3171 5670 3333 5741 λόγῳ.
3388 5667 3509 5725 Ἐπὶ
3542 5665 3747 5726 τούτοις
