3932 6514
160 385 300 446 889

1271 383 1341 440 IN
1377 379 1675 440 CANTICA
1703 377 1970 438 CANTIC.
2015 381 2297 442 HOMILIA
2335 385 2431 442 Ἥ.

3341 379 3448 441 890

160 507 278 561 δά
304 501 648 574 συγκρίσεως
674 501 707 572 ἡ
737 500 872 574 πρὸς
895 499 956 554 τὺ
985 501 1231 572 κρεῖττον
1253 500 1424 564 αὐτῆς
1445 495 1768 571 παραλλαγὴ

1879 499 2178 555 ostenditur
2209 500 2330 570 ejus
2374 499 2444 554 ab
2473 513 2540 554 eo
2569 497 2717 570 quod
2749 506 2835 554 est
2881 497 3080 554 melius
3117 495 3443 561 differentia,

165 598 494 662 δείκνυται,
519 595 615 648 καὶ
650 593 832 666 κρίνον
870 593 928 646 ὲν
967 591 1406 661 ἁκάνθαιςῇδοκεῖ
1429 607 1444 622 ’
1483 590 1580 644 καὶ
1610 587 1773 642 πάλιν

165 689 290 746 καὶ
339 688 474 759 παρ’
523 685 739 757 έκείνης
781 685 1080 757 καθορᾶται
1125 682 1220 738 τοῦ
1268 683 1502 755 νυμφίου
1548 683 1610 738 τὸ
1639 684 1774 756 πρὸς

165 780 324 845 τοὺς
353 778 552 842 ἄλλους
579 777 853 851 διάφορον.
886 777 1066 848 Μῆλον
1088 776 1198 848 γὰρ
1219 776 1544 849 ὀνομάζεται
1565 777 1772 848 μεταξὺ

157 871 483 944 ’δρυμῶνος
509 870 783 942 ἀκάρπου,
821 871 886 940 τῇ
922 869 1144 942 εὐχροίᾳ
1171 872 1271 941 τῆς
1297 868 1520 941 ὀπώρας
1548 868 1776 940 ὡραῖζό·

175 980 386 1036 μενον,
412 957 474 1018 οὗ
496 963 596 1034 τὴν
626 961 786 1017 σκιάν
801 961 1107 1016 ὑπελθοῦσα
1120 964 1178 1016 ὲν
1194 961 1271 1032 τῷ
1285 961 1416 1032 οἴκῳ
1433 961 1658 1030 γίνεται,
1679 961 1775 1015 καὶ

61 1088 64 1092 ι
175 1056 400 1129 μύροις
427 1054 761 1126 στηρίζεται.
784 1055 878 1108 καὶ
905 1057 1017 1118 τοῖς
1044 1056 1278 1125 καρποῖς
1301 1053 1397 1107 τοῦ
1427 1053 1598 1125 μήλου
1631 1071 1776 1108 στοι·

172 1149 446 1214 ϐάζεται,
465 1147 560 1201 καὶ
583 1146 641 1200 τὸ
667 1147 924 1201 ἐκλεκτὸν
954 1146 1106 1217 βέλος
1126 1149 1184 1201 ὲν
1201 1150 1269 1218 τῇ
1294 1146 1489 1219 καρδίᾳ
1509 1145 1784 1219 δεξαμένη-

159 1241 282 1297 διὰ
303 1242 410 1313 τῆς
429 1240 689 1310 γλυκείας
713 1241 952 1310 πληγῆς,
971 1239 1135 1295 πάλιν
1159 1241 1252 1294 καὶ
1281 1239 1421 1311 αὐτὴ
1457 1239 1608 1310 βέλος
1637 1239 1779 1309 γίνε-

172 1349 284 1387 ται
318 1334 382 1386 ὲν
407 1335 528 1396 ταῖς
553 1335 708 1403 χερσὶ
731 1330 826 1385 τοῦ
856 1332 1095 1396 τοξότου,
1121 1335 1220 1404 τῆς
1250 1333 1348 1405 μὲν
1370 1333 1650 1404 εὐωνύμου
1673 1333 1776 1404 τὴν

175 1422 442 1493 κεφαλὴν
472 1421 608 1494 πρὸς
635 1423 726 1476 τὸν
759 1421 874 1476 ἄνω
899 1422 1100 1476 σκοπὸν
1148 1422 1474 1493 εὐθυνούσης
1499 1439 1514 1455 ·
1567 1423 1669 1494 τῆς
1686 1423 1774 1477 δε-

175 1515 315 1582 ξιᾶς
345 1515 406 1568 δὲ
428 1515 568 1586 πρὸς
596 1514 795 1584 ἑαυτὴν
825 1514 1301 1587 διαλαμϐανούσης
1327 1515 1390 1569 τὸ
1413 1516 1588 1586 βέλος.
1618 1519 1777 1574 Μετὰ

175 1607 372 1664 ταῦτα
419 1608 494 1672 ὡς
527 1607 628 1679 ἤδη
681 1607 818 1680 πρὸς
854 1607 915 1661 τὺ
950 1607 1153 1660 τέλειον
1192 1606 1480 1677 φθάσασα,
1517 1611 1614 1664 καὶ
1651 1614 1778 1674 ταῖς

179 1700 415 1764 λοιπαῖς
445 1699 544 1770 τὴν
579 1700 674 1754 ἐπὶ
703 1700 796 1754 τὸν
828 1701 1161 1773 ποθούμενον
1201 1701 1513 1773 προθυμίαν
1556 1704 1780 1774 ὑφηγεῖ-

181 1807 282 1844 ται
309 1789 390 1861 τῷ
424 1789 588 1861 λόγῳ,
626 1790 696 1843 ’δι’
722 1791 995 1863 -ὁρκισμοῦ
1036 1809 1182 1856 τινος
1212 1793 1310 1865 τὴν
1345 1794 1567 1865 ἀγάπην
1595 1794 1776 1849 αὐτῶν

185 1883 582 1954 ἐπεγείρουσα.
625 1882 722 1946 Τίς
751 1879 845 1938 οὖν
873 1885 973 1938 οὐκ
1009 1883 1075 1939 ἂν
1107 1885 1250 1940 εἴποι
1273 1887 1378 1958 τὴν
1399 1888 1492 1940 ἐπὶ
1523 1888 1774 1944 τοσοῦτον

187 1973 506 2043 ὑψωθεῖσαν
532 1974 711 2045 ψυχὴν
735 1975 802 2029 λέν
838 1973 918 2044 τῷ
963 1976 1249 2046 ἀκροτάτῳ
1294 1978 1623 2049 γεγενῆσθαι
1662 1980 1776 2052 ὅρῳ

189 2065 300 2135 τῆς
324 2064 691 2136 τελειότητος;
731 2065 871 2119 Ἀλλ’
898 2068 1049 2137 ὅμως
1075 2068 1136 2121 τὸ
1159 2067 1334 2140 πέρας
1356 2069 1466 2123 τῶν
1493 2071 1778 2144 προδιηνυ-

194 2157 419 2228 σμένων
448 2157 596 2230 ἁρχὴ.
630 2157 840 2226 γίνεται
870 2160 970 2230 τῆς
997 2159 1089 2214 ἐπὶ
1117 2160 1188 2215 τὰ
1221 2162 1590 2234 ὑπερκείμενα
1632 2181 1778 2236 χειρ-

192 2250 466 2318 αγωγίας.
521 2250 706 2305 Πάντα
732 2252 842 2322 γὰρ
875 2254 1060 2307 ἐκεῖνα
1093 2255 1280 2324 φωνῆς
1312 2250 1446 2326 ἦχος
1488 2257 1774 2329 ἐνομίσθη,

186 2339 337 2410 πρὸς
369 2341 468 2412 τὴν
510 2341 618 2394 τῶν
643 2342 920 2411 μυστικῶν
958 2341 1189 2413 θεωρίαν
1215 2344 1314 2415 τὴν
1339 2344 1522 2417 ψυχὴν
1549 2346 1639 2399 διὰ
1679 2346 1779 2417 τῆς

192 2433 366 2502 ἀκοῆς
388 2432 839 2504 ὲπιστρεφούσης,
858 2436 950 2488 καὶ
975 2434 1192 2505 βλέπειν
1211 2437 1433 2507 ἄρχεται
1463 2439 1554 2492 τὸν
1585 2439 1780 2494 ποθού-

198 2540 382 2596 μενον,
412 2523 557 2596 ἄλλῳ
580 2525 708 2581 εἴδει
735 2528 850 2589 τοῖς
869 2526 1167 2598 ὀφθαλμοῖς
1195 2530 1617 2601 ἐμφαινόμενον.
1640 2536 1780 2603 Δορ-

1872 603 1929 649 et
1971 592 2188 648 videtur
2224 609 2346 650 esse
2387 593 2562 647 lilium
2598 592 2744 647 inter
2792 590 2984 662 spinas
3020 607 3033 643 :
3068 595 3124 646 et
3157 604 3353 646 rursus
3390 591 3449 646 in

1873 685 1967 740 illa
1997 687 2242 741 cernitur
2271 684 2462 755 sponsi
2509 684 2578 738 ab
2613 683 2733 738 aliis
2761 681 3078 738 discrimen.
3125 681 3450 738 Nominatur

1873 776 2020 830 enim
2063 791 2284 847 pomum
2338 777 2394 831 in
2445 775 2598 847 sylva
2629 773 2803 830 sterili
2850 773 2998 830 bono
3030 773 3245 831 fructus
3281 774 3450 832 odore

1873 869 2211 935 decoratum,
2239 867 2400 938 cujus
2435 866 2685 924 umbram
2717 867 2835 937 ipsa
2878 867 3125 932 subiens,
3154 867 3371 925 exsistit
3394 867 3450 922 in

1875 961 2038 1016 domo
2066 959 2192 1025 viri,
2222 968 2278 1016 et
2308 959 2538 1015 fulcitur
2565 959 2883 1032 unguentis,
2913 966 2969 1015 et
2996 960 3141 1030 pomi
3179 959 3450 1016 fructibus

1878 1052 2132 1122 stipatur,
2159 1059 2213 1107 et
2237 1052 2410 1108 electa
2441 1052 2640 1124 sagitta
2667 1052 2728 1107 in
2753 1051 2920 1108 corde
2947 1064 3050 1107 suo
3083 1059 3328 1122 accepta.
3354 1066 3453 1122 per

1877 1142 2092 1199 dulcem
2129 1143 2345 1214 plagam
2380 1143 2498 1214 ipsa
2547 1158 2742 1199 rursus
2774 1143 2834 1196 lit
2862 1142 3059 1214 sagitta
3102 1143 3161 1197 in
3199 1142 3452 1198 manibus

1878 1236 2165 1308 sagittarii,
2199 1236 2424 1291 sinistra
2459 1235 2680 1306 quidem
2713 1235 2980 1306 dirigente
3019 1243 3189 1304 caput
3231 1235 3300 1304 ad
3327 1249 3452 1290 sco-

1877 1345 2006 1402 pum
2033 1345 2331 1400 supernum
2357 1343 2372 1380 :
2403 1329 2598 1384 dextra
2630 1335 2811 1382 autent
2839 1326 2906 1382 ad
2937 1327 3174 1397 seipsam
3197 1329 3448 1398 sagittam

1878 1429 2252 1476 convertente.
2301 1418 2433 1475 Post
2464 1420 2598 1482 haec,
2634 1427 2692 1472 ut
2726 1433 2847 1489 quae
2882 1418 2998 1488 jam
3025 1420 3334 1489 pervenerit
3381 1417 3452 1472 ad

1879 1512 1933 1568 id
1964 1512 2109 1583 quod
2134 1519 2220 1568 est
2253 1510 2581 1581 perfecmm,
2624 1510 2839 1565 caeteris
2867 1523 3023 1565 suam
3048 1509 3106 1563 iu
3128 1523 3258 1565 eum
3286 1525 3452 1579 quem

1877 1606 2179 1669 desiderat,
2221 1612 2442 1661 enarrat
2493 1603 2842 1668 cbaritatem,
2897 1602 3112 1657 ratione
3162 1600 3453 1672 cujusdat

1880 1696 2242 1768 adjurationis
2267 1711 2361 1752 eas
2386 1695 2636 1751 excitans
2661 1693 2729 1748 ad
2755 1693 3130 1747 dilectionem.
3158 1691 3297 1759 Quis
3319 1708 3453 1764 ergo

1879 1804 1989 1844 non
2018 1788 2220 1844 dixerit
2247 1787 2487 1842 animam
2517 1800 2640 1856 qua:
2667 1793 2752 1840 est
2775 1783 2910 1839 adeo
2937 1783 3157 1838 sublate
3180 1787 3240 1842 in
3261 1787 3455 1853 altum,

1877 1883 2192 1952 pervenisse
2216 1880 2282 1936 ad
2317 1895 2593 1935 summum
2616 1879 2911 1934 terminum
2938 1877 3326 1948 perfectionis?
3347 1875 3453 1930 Sed

1878 1973 2060 2031 tamen
2100 1974 2228 2030 finis
2269 1988 2462 2029 eorum
2513 1987 2638 2043 qua:
2689 1974 2842 2042 prius
2896 1979 3025 2028 sunt
3067 1969 3346 2032 confecta,
3388 1968 3454 2022 ﬁt

1878 2066 2207 2138 principium
2251 2065 2599 2124 deductionia
2663 2063 2733 2118 ad
2761 2078 2825 2118 ea
2867 2078 2990 2133 qua:
3018 2061 3452 2132 superemineat.

1875 2157 2010 2214 Nam
2039 2159 2132 2213 illa
2163 2157 2392 2214 omnino
2434 2165 2568 2212 sunt
2615 2156 2926 2212 existimata
2967 2169 3138 2210 sonus
3167 2153 3314 2209 vocis
3359 2165 3456 2222 per

1877 2255 2123 2310 auditum
2148 2253 2388 2306 animam
2415 2251 2791 2306 convertentis
2806 2249 2878 2304 ad
2905 2248 3236 2303 naturalium
3267 2259 3455 2302 rerum

1877 2344 2425 2415 contemplationem,
2459 2355 2516 2400 et
2541 2342 2735 2412 incipit
2755 2341 2939 2397 videre
2969 2356 3092 2396 eum
3118 2354 3277 2410 quem
3309 2337 3458 2393 desi-

1877 2438 2054 2504 derat,
2081 2439 2137 2492 in
2187 2438 2292 2491 alia
2337 2437 2520 2507 specie
2552 2444 2905 2506 apparentem
2949 2433 3150 2489 oculis.
3181 2430 3318 2485 Nam
3359 2445 3456 2485 ca-

1879 2547 2021 2604 preae
2047 2530 2228 2588 evadit
2263 2530 2484 2595 similis,
2525 2539 2581 2585 et
2627 2529 2963 2583 assimilatur
3012 2527 3238 2582 hinnulo
3277 2524 3454 2590 cervi;

195 2617 322 2675 κάδι
348 2618 460 2689 γάρ
497 2617 801 2689 ὁμοιοῦται,
842 2622 940 2674 καὶ
965 2621 1142 2694 νεϐρῷ
1184 2623 1580 2694 παρεικάζεται
1604 2641 1619 2658 ·
1685 2628 1779 2680 καὶ

1879 2640 1981 2681 nec
2034 2632 2118 2680 est
2164 2625 2220 2680 in
2245 2631 2442 2679 nostro
2491 2623 2636 2686 visu,
2688 2635 2791 2676 nec
2830 2622 2883 2674 in
2917 2620 3108 2676 eodem
3147 2620 3271 2672 loco
3308 2615 3457 2688 quod

195 2709 297 2779 οὐχ
316 2708 567 2780 ἕστηκεν,
596 2708 720 2764 οὗτε
754 2712 848 2790 ἐπὶ
874 2713 974 2786 τῆς
1000 2715 1276 2788 ἡμετέρας
1308 2716 1504 2787 ὅψεως,
1537 2715 1662 2772 οὗτε
1687 2719 1779 2772 ἐπὶ

1879 2726 2137 2790 apparet;
2184 2716 2280 2772 sed
2313 2715 2442 2772 salit
2479 2714 2537 2770 in
2584 2721 2830 2774 montes,
2862 2727 2893 2766 a
2929 2711 3318 2781 promontoriis
3347 2709 3458 2765 sal-

198 2797 295 2851 τοῦ
334 2798 502 2852 τόπου
536 2799 698 2855 αὑτοῦ
739 2802 800 2856 τὸ
841 2803 1170 2874 φαινόμενον
1191 2822 1204 2835 ο
1235 2805 1352 2859 ἀλλ’
1400 2808 1639 2879 ὲπιπηδᾷ
1666 2811 1779 2872 τοῖς

1879 2820 2002 2868 tans
2044 2825 2210 2881 super
2243 2809 2480 2864 vertices
2519 2807 2766 2861 collium.
2806 2803 2873 2858 Et
2901 2819 3101 2859 rursus
3138 2804 3194 2858 in
3242 2801 3458 2858 meliori

199 2888 402 2960 ὄρεσιν,
443 2889 550 2942 ἀπὸ
569 2889 678 2943 τῶν
703 2890 1046 2962 ἀκροτηρίων
1068 2892 1167 2945 ἐπὶ
1190 2893 1288 2956 τὰς
1310 2892 1421 2947 τῶν
1450 2893 1653 2964 βουνῶν
1673 2893 1779 2960 έξο-

1880 2911 2026 2958 statu
2055 2915 2258 2972 sponsa
2291 2899 2668 2961 constituitur,
2705 2911 2830 2951 cum
2863 2894 2930 2950 ad
2961 2911 3080 2951 eam
3114 2895 3326 2950 venerit
3351 2907 3460 2948 vox

200 2987 304 3055 χάς
331 2982 747 3054 μεθαλλόμενος.
789 2985 904 3038 καὶ
939 2984 1099 3040 πάλιν
1133 2988 1190 3038 ιν
1217 2985 1428 3056 μείζονι
1448 2989 1777 3041 καταστάσει

1880 2993 2143 3058 secunda,
2183 3007 2279 3063 per
2305 3006 2471 3062 quam
2512 2989 2777 3045 incitatur
2804 2996 2864 3043 ut
2903 2987 3176 3056 relinquat
3206 2985 3460 3041 umbram

200 3077 238 3144 ἡ
267 3074 450 3146 νύμφη
484 3075 714 3143 γίνεται.
743 3078 929 3148 φωνῆς
951 3077 1206 3148 δευτέρας
1236 3079 1372 3150 πρὸς
1397 3077 1567 3151 αὐτὴν
1595 3079 1780 3134 ἐλθού-

205 3185 337 3238 σης,
383 3169 451 3222 δι’
489 3164 558 3242 ἧς
588 3173 940 3242 παρορμᾶται
981 3171 1304 3226 καταλιπεῖν
1334 3173 1432 3245 τὴν
1466 3173 1562 3227 τοῦ
1596 3174 1776 3244 τοίχου

207 3257 385 3320 σκιάν,
408 3259 502 3311 καὶ
530 3260 589 3313 ἐν
618 3259 868 3331 ὑπαίθρῳ
907 3261 1191 3330 γενέσθαι,
1232 3265 1326 3318 καὶ
1368 3267 1434 3334 τῇ
1468 3264 1646 3339 σκέπῃ
1679 3265 1778 3337 τῆς

203 3351 406 3423 πέτρας
438 3352 949 3418 συναναπαύεσθαι,
991 3355 1093 3426 τῆς
1133 3356 1398 3429 ἐχομένης
1429 3357 1526 3412 τοῦ
1558 3375 1776 3430 προτειο

199 3443 484 3519 χίσματος,
507 3445 602 3500 καὶ
631 3446 731 3518 τῆς
761 3448 987 3520 ἐαρινῆς
1012 3447 1166 3522 ὥρας
1186 3453 1622 3523 κατατρυφῆσαι,
1656 3454 1780 3525 δρε-

206 3537 412 3607 πομένη
437 3537 534 3591 τοῦ
562 3538 756 3611 καιροῦ
781 3539 850 3594 τὰ
889 3540 1026 3613 ἄνθη
1058 3543 1267 3613 ἀκμαῖα
1297 3543 1427 3599 ὄντα
1455 3544 1551 3598 καί
1581 3545 1776 3618 ὡραῖα,

208 3629 457 3701 καὶπρὸς
485 3631 655 3703 τομὴν
675 3634 993 3705 ἐπιτήδεια.
1045 3637 1140 3690 καὶ
1171 3636 1273 3692 ὅσα
1317 3636 1452 3692 ἄλλα
1486 3638 1624 3710 πρὸς
1641 3639 1780 3694 ἀπόο

209 3719 393 3774 λαυσιν
415 3723 443 3775 ὁ
471 3724 660 3794 καιρὸς
687 3727 800 3787 τοῖς
824 3725 1072 3797 τρυφῶσι
1105 3727 1411 3800 χαρίζεται,
1435 3731 1494 3785 έν
1522 3733 1646 3794 ταῖς
1669 3730 1779 3784 τῶν

215 3813 479 3882 μουσικῶν
511 3813 736 3884 ὀρνίθων
766 3819 972 3884 φωναῖς
993 3833 1008 3849 ο
1064 3817 1132 3870 δι’
1165 3811 1242 3872 ὧν
1271 3819 1434 3874 πάλιν
1469 3819 1780 3892 τελειοτέρα

211 3903 463 3974 γινομένη
486 3905 520 3976 ἡ
544 3905 751 3976 νύμφη,
778 3907 949 3978 αὐτὴν
981 3908 1124 3975 ἀξιοῖ
1156 3909 1250 3964 τοῦ
1282 3909 1654 3983 φθεγγομένου
1677 3915 1779 3986 τὴν

212 3993 327 4064 ὄψιν
351 3995 478 4048 ἰδεῖν
508 3997 795 4066 ἐμφανῶς,
825 4000 921 4053 καὶ
954 4000 1046 4054 τὸν
1074 4001 1233 4070 λόγον
1263 4003 1393 4076 παρ’
1433 4005 1600 4058 αὐτοῦ
1623 4005 1780 4072 δέξα-

215 4086 353 4151 σθαι,
399 4087 595 4158 μηκέτι
637 4088 704 4142 δι’
751 4089 952 4160 ἑτέρων
981 4091 1371 4162 φθεγγόμενον.
1422 4094 1594 4150 Πάλιν
1637 4097 1783 4161 είκός

215 4178 355 4232 ἐστιν
378 4179 471 4232 ἐπὶ
492 4180 701 4245 τούτοις
734 4183 1140 4255 μακάρισθῆναι
1167 4185 1268 4255 τὴν
1295 4186 1494 4258 ψυχὴν,
1519 4187 1620 4258 τῆς
1645 4187 1784 4259 ὑψη-

213 4269 308 4340 λῆς
327 4271 642 4336 ἀναϐάσεως
659 4272 754 4327 τοῦ
775 4273 1075 4346 ἀκροτάτου
1095 4275 1203 4331 τῶν
1226 4276 1578 4348 ποθουμένων
1599 4281 1786 4350 ἐφικο-

220 4363 396 4433 μένην.
435 4363 501 4415 Τί
526 4363 632 4432 γὰρ
661 4361 727 4416 ἄν
775 4381 860 4427 τις
890 4364 1076 4434 μεῖζον
1116 4367 1193 4423 εἰς
1225 4371 1575 4442 μακαρισμὸν
1601 4372 1786 4444 ἐννοή-

1878 3102 2000 3157 qua}
2033 3083 2282 3155 procedit
2315 3098 2385 3138 ex
2416 3081 2644 3153 pariete,
2670 3089 2724 3136 et
2751 3081 2823 3136 sit
2851 3080 2954 3135 sub
2977 3079 3092 3143 die,
3127 3085 3189 3132 ut
3213 3075 3460 3147 quiescat

1803 3199 1851 3263 ρ
1881 3178 1985 3234 sub
2009 3175 2250 3247 tegmine
2284 3183 2474 3246 petrae,
2527 3189 2647 3245 qua:
2670 3181 2756 3230 est
2785 3172 2942 3244 juxta
2965 3170 3457 3263 propugnaculum,

1879 3279 1934 3326 et
1969 3284 2030 3325 se
2070 3267 2221 3324 verni
2249 3266 2512 3337 temporis
2544 3266 2760 3336 expleat
2794 3264 3029 3326 deliciis.
3057 3262 3328 3332 colligens
3358 3259 3460 3316 flo-

1876 3379 1970 3419 res
2009 3363 2176 3432 hujus
2204 3360 2491 3432 temporis,
2526 3360 2620 3431 qui
2649 3366 2782 3416 sunt
2821 3357 3040 3429 pulchri
3074 3364 3128 3412 et
3156 3356 3459 3426 elegantes,
3551 3429 3558 3438 Δ

1875 3463 1934 3510 et
1959 3453 2070 3524 apti
2108 3452 2178 3508 ad
2219 3451 2542 3517 secandum,
2585 3458 2640 3506 et
2681 3464 3028 3522 quascunque
3088 3448 3199 3503 alia
3245 3456 3460 3518 tempus

1880 3544 2111 3602 fruenda
2135 3545 2358 3600 exhibet
2384 3544 2454 3600 iis
2489 3543 2584 3614 qui
2612 3559 2674 3599 se
2698 3545 2930 3614 explent.
2950 3541 3162 3598 deliciis
3191 3541 3246 3596 in
3280 3542 3458 3595 musi-

1880 3617 2066 3695 caruin
2093 3640 2277 3694 avium
2321 3639 2548 3693 vocibus
2573 3655 2586 3692 :
2624 3651 2718 3708 per
2743 3652 2866 3707 quae
2884 3649 3091 3705 sponsa
3124 3645 3317 3690 rursus
3337 3649 3462 3689 eva-

1875 3733 2015 3788 dens
2064 3731 2386 3804 perfectior,
2448 3746 2510 3785 se
2559 3729 2782 3800 dignam
2836 3737 3024 3784 censet
3066 3735 3124 3780 ut
3170 3726 3460 3781 manifeste

1881 3826 2156 3881 intueatur
2198 3823 2397 3878 faciem
2438 3822 2581 3890 ejus,
2634 3830 2690 3876 et
2731 3821 2853 3890 ejus
2878 3824 3188 3875 orationem
3224 3819 3461 3888 excipiat

1881 3917 1949 3971 ab
1982 3917 2124 3986 ipso,
2159 3916 2250 3985 qui
2291 3929 2400 3967 non
2447 3912 2679 3982 amplius
2726 3926 2823 3981 per
2865 3911 3032 3964 alium
3073 3910 3239 3964 verba
3263 3909 3457 3964 faciat.

1883 4006 2098 4062 Rursus
2129 4017 2212 4061 est
2239 4014 2667 4060 consentaneum
2705 4010 2932 4073 propter
2960 4001 3075 4057 haec
3096 4002 3311 4058 beatam
3339 4003 3460 4058 exi-
3501 4027 3508 4038 -

1881 4099 2096 4157 stimari
2143 4097 2402 4163 animam,
2450 4109 2572 4166 qua
2617 4097 2674 4149 in
2721 4095 2828 4149 alta
2859 4094 3184 4150 ascensione
3214 4097 3460 4166 pervenit

1885 4191 1952 4246 ad
1985 4204 2256 4246 summum
2297 4203 2488 4244 eorum
2521 4203 2643 4254 quae
2679 4186 3082 4242 desiderantur.
3132 4185 3274 4253 Quid
3311 4187 3458 4242 enim

1885 4283 1952 4338 ad
1983 4281 2378 4338 beatitudinem
2417 4279 2598 4348 majus
2632 4287 2808 4350 potest
2840 4279 3142 4348 excogitari
3180 4293 3346 4349 quam
3377 4273 3484 4334 ιιι-⁸

1885 4373 2016 4446 dere
2032 4370 2240 4447 Deum?
2267 4369 2372 4425 Sed
2398 4369 2504 4425 boc
2529 4384 2748 4441 quoque
2771 4377 2858 4424 est
2879 4369 3100 4440 quidem
3127 4368 3251 4424 finis
3269 4383 3457 4424 eorum

218 4471 371 4515 σειεν,
396 4453 491 4507 τοῦ
525 4455 688 4508 είδεῖν
705 4454 797 4508 τὸν
827 4455 963 4508 Θεάν
988 4473 1002 4520 ;
1045 4458 1203 4513 Ἀλλὰ
1225 4461 1319 4514 καὶ
1339 4460 1517 4528 τοῦτο,
1543 4462 1652 4518 τῶν
1686 4466 1779 4538 μὲν

1886 4479 2007 4537 quae
2031 4473 2248 4536 peracta
2278 4471 2425 4526 sunt.
2455 4463 2672 4519 initium
2695 4479 2826 4518 vero
2847 4464 2982 4538 [spei
3004 4475 3195 4518 eorum
3225 4477 3348 4533 qua:
3372 4479 3460 4532 su-

216 4544 681 4616 ctpodtrjvucpévwv
705 4545 876 4618 πέρας
912 4548 1048 4614 ἐστὶ,
1082 4550 1181 4622 τῆς
1208 4551 1266 4606 δὲ
1305 4552 1415 4607 τῶν
1453 4526 1779 4628 ὑπερκειμέ.

1885 4526 2244 4630 peremisset“.
2277 4554 2494 4611 Rursus
2521 4555 2666 4610 enim
2719 4526 2872 4611 audit
2897 4526 3123 4620 vocem,
3155 4526 3277 4625 qum
3303 4529 3459 4624 jubet

218 4655 314 4690 νων
353 4636 568 4700 ἐλπίδος
603 4638 751 4708 ἁρχὴ
795 4639 1020 4708 γίνεται.
1080 4643 1250 4697 Πάλιν
1289 4644 1398 4716 γὰρ
1447 4649 1546 4720 τῆς
1594 4651 1782 4722 φωνῆς

218 4729 392 4784 ἀκούει
419 4730 522 4799 τῆς
549 4730 1002 4806 διακελευομένης
1033 4737 1145 4799 τοῖς
1167 4735 1454 4808 θηρευταῖς
1489 4741 1581 4794 ἐπὶ
1605 4758 1781 4814 σωτηο

223 4823 304 4894 ρῖᾳ
331 4821 439 4877 τῶν
470 4821 810 4893 ἀμπελώνων
835 4824 944 4879 τῶν
975 4825 1230 4896 λογικῶν,
1260 4829 1526 4902 ἁγρεῢσαι
1550 4832 1618 4887 τά
1647 4833 1778 4904 βλα.

1885 4649 2240 4706 venatoribus
2272 4655 2333 4703 ut
2362 4663 2466 4719 pro
2496 4648 2675 4704 salute
2710 4648 2990 4702 vinearum
3020 4648 3230 4702 ratione
3257 4647 3456 4718 ιιι-σιδί-

1884 4753 2086 4804 tarum,
2139 4748 2407 4796 venentur
2460 4739 2723 4795 animalia
2773 4755 2896 4810 qua:
2951 4740 3164 4797 fructus
3229 4741 3453 4807 laedunt,

1885 4849 2079 4904 nempe
2099 4847 2300 4903 parvas
2343 4832 2466 4888 illas
2506 4832 2720 4900 vulpes.
2751 4830 2832 4886 Eo
2872 4839 3053 4887 autem
3090 4832 3232 4887 facto
3258 4832 3368 4887 duo
3401 4835 3455 4888 in

221 4915 374 4970 πτικὰ
395 4915 504 4969 τῶν
525 4915 753 4986 καρπῶν
766 4916 956 4988 θηρία,
976 4920 1102 4983 τοὺς
1129 4923 1356 4993 μικροὺς
1375 4923 1618 4989 ἐκείνους
1645 4925 1779 4980 άλώ.

1879 4941 1945 4983 se
1981 4926 2212 4981 invicem
2242 4931 2552 4980 transeunt.
2597 4922 2732 4978 Nam
2762 4933 2816 4979 et
2857 4923 3000 4980 Deus
3041 4935 3126 4981 est
3162 4925 3215 4980 in
3243 4926 3453 4990 anima,

225 5027 384 5073 πεκας
406 5026 420 5040 ο
461 5011 557 5074 καὶ
581 5009 771 5064 τούτου
796 5012 1105 5083 γενομένου,
1149 5020 1464 5089 μεταχωρεῖ
1487 5019 1556 5073 τὰ
1582 5021 1677 5076 δύο
1704 5026 1784 5090 εις

224 5101 433 5171 ἄλληλα,
470 5102 576 5156 ὅτε
600 5101 732 5167 Θεὸς
751 5104 814 5157 ὲν
850 5106 916 5175 τῇ
955 5104 1100 5177 ψυχῇ
1137 5107 1442 5179 γινόμενος,
1489 5115 1582 5168 καὶ
1621 5116 1785 5173 πάλιν

227 5193 296 5256 εἰς
327 5193 416 5246 τδν
444 5193 576 5249 Θεὸν
625 5197 659 5266 ὴ
693 5195 836 5266 ψυχὴ
878 5198 1264 5267 μετοικίζεται.
1312 5203 1474 5273 Λέγει
1513 5208 1650 5280 γάρ,
1697 5209 1786 5265 ὃτι

243 5284 556 5354 [18.61501664-
610 5307 730 5358 μου
787 5291 918 5360 ἐμοί
940 5307 955 5323 ·
1022 5292 1178 5361 κάγὼ
1227 5296 1286 5348 ἐν
1341 5295 1524 5369 αὐτῷ,
1597 5299 1676 5370 τῷ
1725 5303 1783 5356 ὲν

227 5380 328 5441 τοῖς
351 5383 548 5449 κρίνοις
579 5382 943 5451 ποιμαίνοντι,
975 5385 1071 5438 καὶ
1105 5385 1394 5455 μεταθέντι
1438 5389 1538 5460 τὴν
1571 5389 1783 5463 ἅνθρω-

229 5467 375 5535 πίνην
392 5467 534 5539 ζωὴν
577 5468 684 5522 ἀπὸ
709 5469 820 5524 τῶν
833 5473 1116 5528 ισκιοειδῶν
1131 5478 1536 5549 φαντασμάτων
1561 5481 1654 5534 ἐπὶ
1681 5481 1780 5553 τὴν

227 5558 323 5613 τῶν
343 5559 508 5614 ὄντων
535 5558 807 5630 ἀλήθειαν.
842 5564 1005 5638 Ὁρᾷς
1031 5568 1117 5632 είς
1134 5568 1258 5623 ὅσον
1287 5571 1626 5644 ἀναϐέϐηκεν
1647 5572 1780 5645 ὕψος

230 5652 340 5726 ﬁt:
359 5650 643 5723 δυνάμεως
673 5655 751 5718 εις
777 5655 1002 5731 δύναμιν
1029 5661 1171 5718 κατὰ
1196 5662 1287 5718 τὸν
1318 5665 1652 5737 προφητικὸν
1679 5683 1779 5722 πο·

302 5838 338 5871 "
387 5835 530 5895 Psal.
579 5853 802 5909 Lxxxm,
853 5840 906 5898 8.

1881 5027 1938 5076 et
1969 5033 2167 5074 rursus
2196 5017 2380 5072 anima
2407 5017 2606 5088 migrat
2627 5018 2680 5071 in
2703 5017 2896 5072 Deum.
2926 5018 3016 5073 Ait
3033 5019 3204 5081 enim,
3229 5017 3454 5073 Patrue-

1884 5110 1951 5166 tia
1983 5125 2125 5165 mm
2159 5109 2324 5174 mihi,
2362 5115 2417 5164 et
2445 5123 2545 5179 ego
2572 5108 2649 5163 illi
2689 5109 2932 5178 pascemi
2958 5110 3252 5176 interlilia,
3273 5120 3326 5165 et
3356 5109 3457 5163 liu-

1884 5217 2103 5260 manam
2133 5202 2302 5256 vitam
2327 5201 2681 5258 transferenti
2708 5216 2742 5255 ιι
2763 5202 2900 5258 visis
2930 5203 3207 5258 umbrosis
3233 5203 3300 5257 ad
3333 5217 3452 5256 eam

1889 5311 2011 5367 quae
2034 5309 2160 5352 vere
2182 5304 2266 5350 est
2294 5295 2597 5352 veritatem.
2633 5294 2799 5351 Vides
2820 5296 2874 5350 in
2900 5305 3160 5365 quantam
3190 5294 3454 5351 ascende--

1887 5390 1962 5444 rit
1990 5388 2330 5444 altitudinem
2364 5389 2546 5443 anima
2573 5403 2696 5458 quae
2719 5388 2876 5457 juxta
2903 5388 2954 5442 id
2985 5387 3130 5458 quod
3159 5385 3295 5442 dicit
3322 5386 3454 5443 Pro.

1881 5482 2048 5553 pheta
2074 5481 2119 5514 “
2142 5521 2158 5546 ,
2185 5480 2426 5536 ambulat
2445 5495 2478 5535 a
2507 5480 2711 5535 virtute
2740 5480 2797 5534 in
2827 5479 3101 5545 virtutem,
3127 5485 3184 5531 ut
3209 5479 3456 5535 videatur

1884 5589 2008 5632 esse
2036 5582 2286 5630 assecuta
2326 5585 2601 5631 summum
2649 5571 2766 5643 spei
2804 5572 3094 5627 bonorum.
3131 5570 3272 5637 Quid
3301 5572 3450 5627 enim

1886 5675 1969 5724 est
1999 5667 2184 5733 altius,
2211 5680 2374 5738 quam
2412 5679 2538 5723 esse
2573 5665 2629 5722 in
2663 5664 2784 5734 ipso
2816 5665 2916 5736 qui
2945 5662 3316 5732 desideratur,
3355 5669 3452 5722 aut
