4116 6526
681 313 782 371 891

1915 345 1969 401 S.
2013 347 2339 411 GREGORII
2377 355 2418 411 Ν
2431 356 2666 416 YSSENI
3797 389 3874 443 an

679 443 805 485 eum
845 435 937 504 qui
969 436 1314 499 desideratur
1344 445 1398 502 in
1439 451 1678 522 seipsum
1717 461 2030 534 suscipere?
2059 467 2122 523 Et
2155 481 2252 525 ta-

681 537 804 578 men
835 542 966 583 cum
1002 532 1054 584 in
1082 548 1148 587 en
1178 534 1363 602 inierit,
1412 555 1604 601 rursus
1643 548 1990 619 lamentatur,
2044 568 2102 613 ut
2131 577 2251 631 qua:
2353 568 2564 633 ἐλπίδος

2221 682 2249 696 -
2353 658 2410 711 ἐν
2452 661 2597 731 αὐτῷ
2643 663 2891 731 γενέσθαι
2933 667 3009 737 τῷ
3047 669 3395 752 ποθουμένη),
3441 678 3536 730 καὶ
3565 680 3623 733 ἐν
3652 682 3785 754 αύτῷ
3808 688 3874 740 τὸν

2278 483 2325 538 Α
2355 481 2619 552 ρευομένη
2647 481 2824 551 λόγον,
2859 486 2934 548 ὡς
2967 486 3059 539 τοῦ
3086 488 3382 560 ἀκροτάτου
3421 495 3519 566 τῆς
3562 498 3669 552 τῶν
3698 502 3875 571 ἀγαθῶν

2608 575 2960 646 τετυχηκέναι
2992 577 3203 647 δοκεῖν;
3247 583 3311 636 Τί
3345 586 3451 658 γὰρ
3479 588 3746 662 ἀνώτερον
3803 603 3871 650 mi

2348 930 2423 995 ὡς
2458 934 2624 1003 μήπω
2649 935 2848 1007 ἔχουσα
2874 939 2935 992 τὸ
2973 943 3036 1012 τῇ
3076 942 3335 1016 ἐπιθυμίᾳ
3359 930 3732 1021 προκείμενον,
3763 959 3874 1029 ἀμη‹

2402 987 2420 995 ³
2458 987 2472 1003 ι
2519 987 2531 1003 Ι
2610 987 2613 988 ⁷
2679 987 2733 1007 Λή
2752 987 2765 989 ⁷
2786 987 2846 992 ⁷⁷⁷
2886 987 2931 992 ν’
2983 987 3036 1012 ’ξι
3076 987 3335 1016 V'V'er'r
3364 987 3732 1021 ιυγνᾱῡδμεγυν,

669 987 822 1052 κανεῖ
847 1003 904 1038 τε
937 990 1029 1043 καὶ
1053 990 1387 1066 δυσχεραίνει
1417 1003 1511 1056 καὶ
1540 1007 1638 1078 τὴν
1669 1012 1921 1084 τοιαύτην
1948 1016 2047 1088 τῆς
2065 1017 2242 1090 ψυχῆς
2314 1020 2630 1094 ἀμηχανίαν
2686 1027 2996 1098 δημοσιεύει
3030 1032 3106 1103 τῷ
3146 1035 3438 1108 διηγήματι
3484 1043 3584 1095 καὶ
3615 1044 3754 1110 ὅπως
3778 1047 3871 1122 εὗρε

669 1075 728 1122 τὸ
755 1074 1084 1122 ἷτντούηςυηυ
1136 1087 1437 1122 “ivnoni”.-.
1463 1096 1536 1122 ...”⁸.
1569 1099 1588 1122 Ἴ
1605 1101 1678 1122 ι--.

663 1075 728 1130 τὸ
755 1074 1104 1152 ζητούμενον,
1136 1087 1439 1162 ὑπογράφει
1463 1096 1538 1167 τῷ
1569 1074 1728 1172 λόγῳ.

736 1169 861 1226 Haec
897 1182 1076 1230 autem
1114 1183 1296 1236 omnia
1316 1187 1579 1245 discimus
1606 1207 1700 1261 per
1723 1203 2235 1273 contemplationem

2406 1203 2591 1258 Ταῦτα
2635 1205 2692 1259 δὲ
2737 1209 2912 1263 πάντα
2955 1212 3043 1268 διὰ
3083 1215 3182 1286 τῆς
3217 1218 3734 1306 τῶνῗπροκειμένων
3769 1237 3870 1306 ἡμῖν

662 1263 960 1319 verborum
996 1267 1052 1322 in
1079 1279 1336 1329 contextu
1369 1277 1525 1334 nobis
1551 1288 1977 1358 propositorum,
1998 1311 2095 1364 per
2112 1315 2193 1368 qu;

662 1364 846 1386 ’.ηδ-οη
874 1357 1134 1386 damn“..-
1191 1367 1329 1386 --αλ
1382 1385 1387 1386 ,
1631 1377 1663 1386 ..
1763 1379 1786 1386 Α

3095 1263 3179 1286 -.μ
3228 1263 3318 1271 -.η
3368 1263 3400 1273 ..
3442 1263 3556 1277 νη...
3605 1263 3734 1284 ςνων
3801 1263 3868 1305 μιν

2335 1296 2515 1368 ῥητῶν
2557 1295 2790 1370 θεωρίας
2821 1303 3180 1375 μανθάνομεν,
3213 1308 3280 1362 δι’
3321 1263 3620 1386 ὧνΓσαφὲς
3657 1263 3868 1381 διδαάκδ.

661 1364 846 1426 θρονιθ
873 1357 1153 1429 ἀθεθῐηυτν
1185 1367 1332 1435 quod
1362 1385 1546 1442 neque
1591 1377 1700 1432 ullo
1756 1379 1860 1438 ﬁne
1909 1389 2193 1446 terminatu

661 1447 977 1473 Μηηηξιι.,³,.
1013 1451 1199 1473 Δευεη--
1312 1469 1322 1473 -
1752 1471 1779 1473 μ

2335 1357 2496 1458 μεθα,
2538 1388 2598 1442 τὸ
2643 1357 2786 1462 μήτε
2810 1357 2916 1447 τινὶ
2959 1357 3261 1468 πέριατιιτὸ
3295 1357 3584 1473 μεγαλεῖον

660 1447 981 1518 magnitudo
1007 1451 1205 1509 divina:
1237 1469 1463 1527 naturae,
1501 1481 1679 1537 neque
1711 1471 1857 1531 ullus
1903 1478 2098 1536 modus
2127 1496 2228 1538 co-

3629 1415 3724 1484 τῆς
3751 1416 3870 1484 θείας

2327 1477 2601 1549 ὁρίζεσθαι
2647 1481 2896 1550 φύσεως,
2944 1488 3078 1558 μήτε
3126 1507 3179 1543 τι
3227 1493 3481 1562 γνώσεως
3535 1477 3731 1575 μέτρον
3765 1477 3864 1581 ὅρον

656 1538 918 1606 gnitinnis
980 1541 1046 1600 fit
1100 1551 1370 1609 terminus
1432 1555 1816 1622 intellectiouis
1863 1583 2052 1626 eorum
2105 1589 2193 1645 qu:

656 1642 979 1667 nllml‘nnlnn
1031 1653 1142 1667 una
1178 1652 1419 1667 ,ιλιι-ι--.
1459 1665 1470 1667 _
1495 1664 1506 1667 ,
1575 1651 1588 1664 ο
1630 1661 1641 1667 -

2426 1538 2442 1542 -
2659 1538 2671 1549 .
2839 1538 2895 1550 ..
2944 1538 2956 1557 .
3005 1538 3072 1558 ,η
3137 1538 3178 1543 -ν
3238 1538 3478 1562 ,τηαν
3618 1538 3635 1556 ι
3708 1538 3730 1560 ν
3765 1538 3790 1562 υ

2329 1538 2570 1635 γίνεσθαι
2603 1571 2700 1641 τῆς
2736 1572 2846 1628 τῶν
2879 1573 3226 1650 ζητουμένων
3257 1538 3701 1661 κατανοήσζάίςῗυ
3713 1538 3867 1667 mort”;

655 1642 998 1698 quaeruntur,
1029 1653 1144 1707 quo
1175 1652 1423 1712 oporteat
1455 1664 1514 1704 se
1545 1651 1762 1724 sistere,
1793 1673 1862 1714 ne
1908 1667 2224 1736 progredia-

2331 1657 2520 1730 στῆναι
2547 1662 2650 1734 χρὴ
2672 1665 2771 1735 τῆς
2799 1666 2892 1719 ἐπὶ
2915 1667 2976 1721 τὸ
3005 1672 3192 1742 πρόσω
3216 1679 3408 1748 φορᾶς,
3431 1657 3524 1735 τόν
3545 1657 3666 1739 τῶν
3681 1657 3863 1760 ύξίιηλῶν

1749 1716 1759 1724 .
1909 1716 1925 1732 ,
1985 1716 2193 1736 ην----

655 1728 748 1775 tur
776 1738 840 1779 ac
870 1741 1259 1795 promoveatur
1289 1738 1520 1797 ulterius
1551 1743 1598 1798 is
1627 1747 1720 1816 qui
1753 1751 2006 1809 sublimia
2041 1772 2193 1826 per-se

655 1815 843 1849 nniln’
870 1836 884 1849 .
915 1821 1008 1849 οηιι
1039 1821 1109 1849 ξι..
1145 1841 1199 1849 --
1237 1842 1378 1849 --_--
1434 1833 1448 1846 ο
1599 1837 1612 1849 ι

2417 1716 2429 1730 .
2547 1716 2597 1732 η.
2638 1716 2650 1734 ι
2727 1716 2769 1735 ιυ
2926 1716 2972 1721 -ν
3012 1716 3190 1742 --ι-ν-νν
3217 1716 3408 1748 τηου-ν
3441 1716 3654 1739 υνννιων
3683 1716 3863 1760 υψηλων

2292 1719 2649 1822 ιὀρεγόμενον
2680 1770 2695 1785 ·
2745 1755 2862 1809 ἀλλ’
2895 1758 3065 1824 οὕτως
3096 1763 3239 1834 ἔχειν
3267 1767 3359 1821 τὸν
3381 1769 3468 1825 διὰ
3511 1774 3613 1845 τῆς
3646 1777 3864 1849 ὑπερκει-

653 1815 843 1883 quitur
870 1836 884 1874 :
915 1821 1010 1875 sed
1039 1821 1112 1878 ita
1145 1841 1203 1880 se
1233 1842 1384 1900 gerat
1433 1833 1480 1890 is
1521 1837 1615 1907 qui
1646 1815 1762 1910 iper
1815 1815 2225 1915 supereminen-

651 1907 787 1961 tium
829 1909 1254 1974 intellectionem
1311 1923 1379 1978 ad
1438 1942 1729 1998 supernam
1760 1935 1933 1990 currit
1965 1949 2221 2009 mentem,

651 2007 708 2054 ut
735 2002 917 2059 omnis
946 2005 1211 2076 perfectio
1234 2015 1568 2084 cognitionis
1588 2037 1750 2092 quam
1774 2025 2011 2083 humana
2044 2040 2223 2102 potest

649 2096 869 2164 assequi
904 2107 1124 2168 natura,
1152 2104 1222 2159 sit
1250 2109 1576 2180 principium
1609 2113 1864 2173 desiderii
1885 2096 2074 2178 eorum
2099 2143 2221 2198 qua:

646 2193 778 2239 sunt
802 2190 1125 2247 excelsiora.
1159 2194 1289 2252 Mihi
1333 2208 1514 2256 autem
1579 2204 1869 2277 diligenter
1930 2190 2218 2274 considera

644 2271 701 2328 id
730 2279 876 2346 quod
906 2289 991 2336 est
1023 2288 1360 2355 propositum
1397 2291 1464 2346 ad
1495 2271 1994 2372 contemplandum,
2036 2271 2216 2369 sihoc

643 2369 796 2434 prius
825 2382 1009 2429 mente
1055 2381 1554 2452 comprehenderis,
1613 2369 1761 2458 quod
1823 2394 2095 2456 thalamus
2129 2412 2214 2459 est

642 2458 933 2529 scripturae
956 2471 1258 2536 corporalis
1285 2473 1604 2546 descriptio,
1636 2488 1692 2535 et
1733 2486 1996 2554 nuptialis
2043 2505 2213 2563 appa-

638 2557 795 2606 ratus
826 2558 1106 2612 materiam
1134 2560 1227 2615 dat
1252 2570 1720 2640 contemplationi,
1749 2591 1780 2630 a
1808 2580 2008 2649 quibus
2041 2557 2213 2654 philo-

638 2642 852 2709 sophia,
889 2648 956 2702 ad
991 2649 1045 2704 id
1097 2655 1240 2721 quod
1273 2665 1359 2711 est
1390 2673 1585 2727 purum
1617 2673 1673 2718 et
1725 2642 1922 2738 expers
1971 2642 2210 2732 materia:

637 2736 1034 2793 sententiarum
1063 2751 1116 2796 et
1146 2746 1346 2802 mentis
1389 2736 1815 2822 conceptionum
1864 2763 2207 2826 transferens

636 2825 1086 2899 signiﬁcationes,
1134 2851 1232 2906 per
1277 2854 1338 2894 ea
1399 2858 1520 2913 quae
1571 2846 1628 2902 in
1679 2849 1816 2921 ipsis
1869 2869 2207 2930 peraguntur

633 2921 884 2990 producit
909 2923 1186 2996 dogmata,
1223 2938 1382 2990 utens
1413 2935 1482 2992 iis
1515 2953 1637 3009 quae
1667 2941 1806 2998 ﬁunt
1849 2921 1904 3001 in
1938 2921 2204 3022 enigma-

2329 1841 2495 1913 μένης
2541 1849 2920 1920 κατανοήσεως
2949 1852 3041 1906 ἐπὶ
3071 1854 3161 1910 τὸν
3189 1858 3302 1912 ἄνω
3340 1841 3606 1934 τρέχοντα
3635 1841 3770 1937 νοῦν,
3805 1875 3862 1937 ὡς

2323 1937 2503 1990 πᾶσαν
2549 1938 2857 2014 τελειότητα
2898 1945 3147 2013 γνώσεως
3195 1951 3294 2022 τὴν
3325 1955 3555 2030 ἐφικτὴν
3585 1965 3650 2033 τῇ
3685 1965 3860 2036 ἀνθρω-

2323 2026 2452 2099 πίνῃ
2504 2029 2695 2098 φύσει,
2741 2033 2917 2107 ἀρχὴν
2962 2038 3206 2106 γίνεσθαι
3253 2044 3352 2115 τῆς
3396 2026 3520 2103 τῶν*
3553 2026 3860 2127 ὑψηλοτέρων

2319 2119 2632 2193 ἐπιθυμίας.
2662 2126 2771 2180 Καί
2792 2144 2884 2198 μοι
2917 2131 3108 2185 σκόπει
3133 2133 3200 2187 δι’
3226 2136 3514 2208 ἀκρίϐειαν
3550 2119 3859 2219 τοντπροκεί-

2319 2228 2480 2282 μενον
2520 2218 2585 2287 τῇ
2638 2216 2841 2291 θεωρίᾳ
2883 2219 3058 2290 λόγον,
3104 2224 3262 2280 τοῦτο
3306 2216 3765 2309 προκατανοήσας,
3795 2244 3857 2296 ὅτι

2316 2300 2555 2374 θάλαμός
2582 2307 2731 2362 ἐστιν
2758 2310 2791 2380 ή
2823 2314 3106 2388 σωματικὴ
3140 2317 3234 2372 τοῦ
3266 2300 3426 2391 λόγου
3450 2300 3762 2403 ὑπογραφή,
3784 2337 3858 2388 καὶ

2313 2396 2522 2466 γαμική
2555 2413 2640 2462 τις
2663 2398 2944 2474 διασκευὴ,
2974 2406 3157 2462 δίδωσι
3185 2414 3250 2483 τῇ
3285 2413 3486 2491 θεωρίᾳ
3643 2396 3778 2488 ὕλας,
3796 2421 3856 2480 ὧν

2312 2483 2347 2554 ἡ
2375 2483 2678 2555 φιλοσοφία,
2712 2492 2849 2561 πρὸς
2875 2496 2934 2547 τὸ
2959 2498 3197 2571 καθαρόν
3226 2521 3285 2556 τε
3311 2483 3407 2560 καί
3432 2483 3606 2566 άῦλον
3638 2483 3856 2585 μετενεγ-

2311 2572 2482 2627 κοῦσα
2521 2575 2620 2641 τὰς
2664 2578 2770 2634 τῶν
2811 2586 3096 2656 νοημάτων
3128 2593 3412 2662 ἐμφάσεις,
3447 2600 3541 2656 διὰ
3571 2572 3679 2658 τᾶλν
3704 2572 3854 2672 aurai;

2309 2665 2738 2738 ἐπιτελουμένων
2768 2675 2998 2745 προάγει
3029 2679 3101 2734 τὰ
3130 2682 3392 2756 δόγματα,
3430 2695 3546 2757 τοῖς
3590 2695 3693 2750 τῶν
3732 2665 3852 2766 γινοἐ

2311 2755 2486 2825 μένων
2505 2761 2787 2831 αἰνίγμασι
2815 2755 3240 2846 συγχρησαμένη
3276 2778 3412 2849 πρὸς
3437 2755 3542 2855 τὴν
3566 2785 3673 2840 τῶν
3700 2755 3853 2860 δήλου·

2309 2847 2485 2917 μένων
2535 2854 2850 2926 σαφήνειαν.
2893 2861 3112 2951 ςΕπειδὴ
3161 2847 3341 2924 τοίνυν
3387 2847 3608 2946 νύμφην
3642 2847 3851 2951 μένιύπ-

2305 2937 2457 2994 έθετο
2487 2943 2586 3014 τὴν
2615 2944 2792 3021 ψυχὴν
2818 2951 2848 3003 6
2893 2942 3069 3022 λόγος,
3091 2959 3121 3010 6
3138 2957 3195 3012 δὲ
3218 2961 3276 3028 ἐξ
3304 2963 3432 3036 ὅλης
3451 2937 3682 3042 καρδίας
3704 2991 3758 3026 τε
3776 2976 3850 3026 καὶ

630 3007 782 3067 tibus
811 3011 880 3066 ad
907 3013 1232 3074 declaranda
1259 3037 1323 3077 ea
1348 3040 1470 3095 quae
1499 3007 1900 3100 signiﬁcantur.
1931 3007 2193 3106 Quoniam

630 3115 760 3135 ιιι-,ιη
793 3103 1074 3135 end-un-..
1105 3112 1335 3135 .-..:_,--‘-
1373 3132 1396 3135 μ
1419 3133 1433 3135 _
1516 3119 1552 3135 Ἀ

2301 3030 2478 3103 ψυχῆς
2527 3007 2935 3110 καὶ-δύνάμεως
2964 3007 3106 3118 ’πᾶρ
3136 3007 3306 3124 αὑτῖἷς
3333 3007 3695 3132 agmina;
3719 3065 3854 3135 Θεὸς,

628 3115 760 3174 ergo
792 3103 1077 3177 Scriptura
1103 3112 1340 3169 animam
1372 3119 1558 3187 posuit
1601 3137 1724 3180 esse
1773 3143 2028 3200 sponsam
2055 3153 2069 3189 :
2103 3137 2198 3206 qui

628 3201 812 3250 autem
839 3213 909 3250 ex
941 3205 1058 3256 toto
1091 3201 1280 3268 corde,
1317 3217 1372 3261 et
1399 3211 1602 3278 anima,
1630 3226 1681 3270 et
1725 3218 1926 3276 virtute
1959 3224 2028 3277 ab
2079 3201 2197 3295 ipsa

625 3284 873 3357 diligitur
901 3286 1067 3356 Deus,
1093 3304 1322 3351 vocatur
1343 3313 1602 3369 sponsus,
1629 3319 2047 3379 consequenter,
2076 3284 2197 3384 quae

622 3378 774 3431 venit
804 3378 872 3432 ad
903 3395 1201 3450 summum,
1230 3392 1292 3440 ut
1316 3390 1686 3460 existimabat,
1709 3378 1895 3454 eorum
1930 3417 2051 3471 (μιίῆ
2071 3420 2196 3475 spe-

621 3479 836 3532 rantur,
885 3481 941 3527 et
969 3472 1082 3543 jam
1117 3491 1177 3532 se
1222 3488 1685 3552 contemperatam
1723 3490 2022 3550 arbitratur
2067 3512 2190 3555 cum

619 3577 687 3618 eo
715 3564 809 3632 qui
855 3563 1219 3637 desideratur,
1252 3571 1452 3628 lectum
1513 3580 1752 3649 appellat
1803 3584 2189 3654 perfectiorem

618 3651 750 3706 boni
781 3655 1278 3730 participationem,
1313 3672 1368 3719 et
1419 3676 1635 3724 noctem
1669 3651 1822 3728 dicit‘
1856 3685 2068 3750 tempus
2104 3693 2186 3740 te-

617 3743 916 3801 nebrarum
941 3767 956 3804 :
987 3765 1085 3820 per
1114 3767 1314 3809 nomen
1345 3767 1526 3814 autem
1556 3766 1757 3831 noctis,
1788 3772 2028 3828 ostendit
2055 3790 2186 3831 con-

615 3837 1022 3907 templationem
1058 3857 1248 3900 eorum
1299 3863 1420 3918 quae
1473 3867 1581 3907 non
1620 3855 1824 3913 cadunt
1891 3864 1993 3918 sub
2027 3881 2185 3937 aspe-

611 3935 786 3995 ctum,
820 3930 888 3985 ad
926 3933 1342 3994 similitudinem
1373 3939 1541 3999 Mosis
1570 3948 1663 4015 qui
1713 3948 1812 4004 fuit
1844 3952 1896 4007 in
1949 3930 2182 4028 caligine

610 4020 667 4075 in
689 4036 796 4092 qua
836 4031 954 4078 erat
984 4024 1149 4092 Deus,
1179 4031 1294 4099 qui,
1328 4040 1386 4086 ut
1416 4035 1494 4088 ait
1527 4035 1792 4110 Propheta
1823 4044 1885 4106 ι’,
1926 4020 2179 4108 tenebras

607 4118 792 4186 posuit
816 4118 1101 4176 latibulum
1128 4139 1286 4180 suum
1323 4129 1377 4182 in
1413 4131 1646 4188 circuitu
1674 4151 1792 4192 suo.

677 4207 737 4263 ln
769 4225 876 4281 qua
902 4226 1028 4266 cum
1059 4213 1246 4282 fuerit,
1281 4218 1508 4276 docetur
1554 4228 1698 4294 quod
1750 4239 1960 4288 tantum
2023 4239 2176 4296 abest

607 4309 670 4357 ut
701 4304 1013 4360 ascenderit
1065 4309 1134 4362 ad
1169 4310 1584 4381 perfectionem,
1623 4328 1682 4372 ut
1725 4336 1794 4376 ne
1848 4325 2171 4398 principium

2305 3127 2534 3197 νυμφίος
2559 3137 3004 3208 κατονομάζεται,
3025 3144 3328 3215 ἀκολούθως
3352 3153 3446 3206 ἐπὶ
3470 3127 3843 3231 τὸ-ἀκρότατον,

2303 3215 2379 3280 ὡς
2409 3218 2564 3289 ᾤετο,
2607 3224 2717 3279 τῶν
2763 3228 3130 3305 ἐλπιζομένων
3175 3239 3421 3311 ἐλθοῦσα,
3455 3253 3554 3304 καὶ
3594 3215 3690 3324 ήὲη
3732 3215 3845 3324 πρὸξ

2299 3306 2392 3361 τὸν
2456 3313 2787 3388 ποθούμενον
2847 3323 3249 3399 ἀνακεκρᾶσθαι
3309 3339 3614 3411 νομίσασα,
3687 3343 3844 3413 κοίτην

2298 3398 2551 3471 ὀνομάζει
2583 3408 2682 3481 τὴν
2717 3398 3171 3490 τελειοτέραντοῦ
3197 3398 3402 3495 ἀγαθού
3436 3398 3740 3502 μετουσίαν,
3768 3398 3842 3492 κάὶ

2297 3491 2464 3547 νύκτα
2509 3496 2674 3568 λέγει,
2717 3504 2806 3558 τὸν
2859 3507 2954 3562 τοῦ
3011 3491 3486 3592 σκότους-καιρόν·
3537 3526 3626 3580 διά
3669 3491 3838 3582 δὲ’τοῦ

2293 3581 2551 3656 ὀνόματος
2597 3592 2694 3663 τῆς
2729 3597 2940 3666 νυκτὸς,
2987 3603 3318 3663 ἐνδείκνυται
3357 3581 3467 3667 τῶν
3497 3617 3737 3690 ἀοράτων
3758 3617 3838 3688 τὴν

2294 3673 2526 3750 θεωρίαν
2545 3721 2559 3747 ,
2592 3685 2713 3741 καθ’
2738 3689 3026 3778 ὁμοιότητα
3064 3697 3160 3751 τοῦ
3204 3702 3481 3770 Μωῦσέως
3501 3748 3519 3775 ,
3569 3673 3660 3762 τοῦ
3691 3712 3744 3763 ἐν

2291 3767 2473 3840 γνόφῳ
2503 3776 2782 3843 γεγονότος
2807 3782 2866 3836 ἐν
2898 3776 2943 3852 ᾧ
2987 3781 3056 3857 ἦν
3083 3789 3111 3840 6
3149 3791 3280 3854 Θεὸς
3299 3805 3314 3821 ⁶
3366 3794 3424 3859 ὃς
3460 3767 3639 3861 ἐθετο,
3679 3767 3835 3861 milia;

2290 3875 2453 3929 φησιν
2480 3864 2509 3916 6
2536 3867 2845 3945 Προφήτης,
2894 3877 3085 3942 σκότος
3121 3881 3444 3957 ἀποκρυφὴν
3478 3891 3643 3945 αὐτοῦ
3675 3892 3834 3961 κύκλῳ

2287 3952 2473 4009 αὑτοῦ.

2362 4237 2450 4294 Ἐν
2496 4235 2542 4312 ᾧ
2591 4251 2923 4318 καταστᾶσα,
2955 4254 3073 4308 τότε
3109 4254 3434 4326 διδάσκεται,
3471 4263 3555 4314 ὅτι
3599 4258 3825 4315 τοσοῦτον

2278 4331 2483 4404 ἀπέσχε
2509 4334 2604 4388 τοῦ
2651 4338 2902 4413 ἐπιϐῆναι
2945 4345 3045 4416 τῆς
3089 4348 3443 4422 τελειότητος,
3478 4355 3599 4408 ὅσον
3627 4354 3672 4405 οἱ
3705 4348 3821 4422 μηδὲ

605 4395 826 4466 quidem
858 4399 1124 4470 attigerit.
1155 4399 1274 4456 Jam
1308 4404 1476 4470 enim,
1518 4407 1718 4479 inquit,
1775 4413 1845 4472 iis
1877 4395 1996 4488 qua;
2026 4395 2173 4478 sum

607 4489 845 4516 ..Α-ΒΔΑ...
907 4491 1119 4516 ,λζ-η-.-
1183 4501 1230 4516 .-ι
1268 4501 1519 4516 ι--..---ᾼΑ
1556 4498 1569 4516 9
1633 4501 1646 4516 ι
1720 4510 1733 4516 -
1951 4509 1964 4516 -

2292 4423 2375 4494 τὴν
2403 4395 2576 4498 ἀρχὴν
2603 4395 3042 4504 ἐγχειρήσαντεςῖ
3092 4395 3228 4513 ἐῆδη
3257 4395 3603 4516 γάρῗφησὶν,
3632 4395 3829 4506 ὼςΓτίῦνι

607 4489 871 4559 perfecta,
904 4491 1146 4564 dignata,
1178 4501 1234 4549 et
1268 4501 1527 4567 tanquam
1554 4498 1612 4555 in
1633 4501 1775 4560 lecto
1800 4509 2056 4579 quopiam
2085 4530 2173 4571 eo-

607 4594 729 4634 rum
743 4596 865 4650 qua:
883 4591 1008 4637 sunt
1021 4583 1239 4654 cognita
1257 4588 1766 4657 comprehensionis
1793 4599 2167 4670 requiescens,

605 4669 826 4740 quando
859 4686 1009 4726 eram
1055 4672 1200 4728 intra
1232 4689 1297 4730 ea
1326 4690 1448 4746 quae
1493 4693 1602 4734 non
1628 4681 1832 4740 cadunt
1875 4688 1978 4743 sub
2012 4705 2170 4762 aspe-

603 4771 773 4826 ctum,
806 4763 1013 4820 relictis
1058 4767 1331 4834 sensibus,
1366 4771 1584 4840 quando
1615 4777 1939 4836 continebar
1983 4782 2168 4840 divina

602 4863 790 4921 nocte,
831 4870 1081 4925 quaerens
1114 4873 1238 4914 eum
1276 4863 1368 4932 qui
1403 4863 1602 4920 latebat
1631 4867 1687 4922 in
1722 4870 1953 4944 caligine
1986 4894 1998 4928 :
2036 4885 2167 4932 tunc

600 4946 828 5018 quidem
867 4948 1132 5006 habebam
1164 4953 1511 5012 dilectionem
1550 4958 1604 5014 iu
1644 4976 1770 5016 eum
1812 4965 1907 5034 qui
1953 4965 2169 5024 deside—

602 5037 864 5106 rabatur;
901 5041 1138 5113 idipsum
1171 5054 1350 5103 autem
1375 5050 1521 5119 quod
1544 5051 1874 5124 diligebatur
1893 5059 2166 5124 evolabat,

602 5133 662 5180 ut
692 5127 744 5181 id
773 5132 1179 5201 apprehendere
1203 5151 1312 5191 non
1341 5147 1565 5207 possent
1597 5143 1972 5212 cogitationes.
2004 5148 2165 5216 Quae-

2277 4513 2498 4569 τελείων
2531 4517 2860 4586 ἀξιωθεῖσα,
2905 4525 3153 4601 καθάπερ
3186 4531 3278 4584 ἐπὶ
3324 4513 3510 4606 κοίτης
3554 4533 3693 4596 τινὸς
3732 4529 3818 4600 τῆς

2276 4603 2384 4658 τῶν
2407 4605 2762 4679 ἐγνωσμένων
2791 4615 3145 4687 καταλήψεως
3182 4621 3426 4694 ἐμαυτὴν
3463 4603 3814 4681 ἀναπαύουσαο

2276 4695 2366 4750 ὅτε
2396 4695 2505 4750 τῶν
2535 4697 2780 4770 ἀοράτων
2824 4705 2974 4770 ἐντὸς
3017 4709 3282 4783 ἐγενόμην
3304 4751 3320 4776 ,
3372 4715 3732 4769 καταλιποῦσα
3757 4709 3816 4763 τὰ

2275 4785 2620 4860 αἰσθητήρια,
2653 4793 2740 4846 ὅτε
2791 4800 3146 4872 περιεσχέθην
3171 4806 3238 4874 τῇ
3269 4803 3389 4876 θείᾳ
3431 4809 3612 4870 νυκτὶ,
3651 4805 3735 4857 τὸν
3763 4803 3813 4854 ἐν

2273 4879 2352 4950 τῷ
2383 4882 2566 4954 γνόφῳ
2607 4888 2986 4959 κεκρυμμένον
3034 4892 3379 4966 ἀναζητοῢσα
3401 4936 3417 4962 ,
3463 4900 3583 4953 τότε
3610 4900 3703 4969 τὴν
3726 4894 3811 4965 μὲν

2268 4973 2488 5046 ἀγάπην
2509 4977 2645 5047 πρὸς
2666 4979 2728 5032 τὸ
2747 4981 3074 5054 ποθούμενον
3094 4984 3238 5058 εἶχον
3259 5004 3273 5018 ’
3302 4990 3434 5044 αὐτὸ
3451 4991 3507 5044 δὲ
3526 4991 3585 5050 τὸ
3607 4984 3809 5057 ἀγαπώ-

2269 5080 2429 5134 μενον
2454 5065 2642 5138 διέπτη
2662 5071 2771 5123 τῶν
2796 5071 3069 5146 λογισμῶν
3099 5078 3197 5147 τήν
3221 5079 3411 5152 λαϐήν.
3454 5081 3696 5152 Ἐζήτουν
3713 5076 3807 5146 γὰρ

2264 5156 2426 5210 αὐτὸν
2464 5158 2556 5213 ἐπὶ
2595 5163 2662 5233 τῇ
2706 5163 2860 5239 κοίτῃ
2893 5165 2995 5237 μοῦ
3028 5169 3086 5221 ἐν
3113 5172 3231 5234 ταῖς
3261 5172 3428 5237 νυξὶν,
3460 5173 3597 5227 ὥστε
3624 5170 3804 5242 γνῶναι

599 5223 782 5275 reham
817 5225 961 5277 enim
1010 5224 1190 5296 ipsum
1227 5229 1280 5282 in
1317 5229 1458 5284 lecto
1485 5247 1606 5286 meo
1637 5246 1822 5301 noctu,
1860 5246 1920 5293 ut
1947 5255 2165 5300 nossem

2299 5249 2346 5314 ίς
2380 5251 2414 5321 ἡ
2442 5250 2618 5320 οὐσία,
2634 5223 3092 5330 ’πόθενοάρχεταῃ
3118 5223 3282 5326 sic-si
3301 5223 3619 5338 καταλήγει.
3635 5223 3731 5319 ,καὶ
3754 5262 3803 5313 ὲν

597 5328 720 5380 qua:
751 5314 821 5369 sit
859 5315 979 5386 ejus
1007 5320 1270 5384 essentia,
1306 5322 1451 5376 unde
1490 5323 1734 5394 incipiat,
1769 5345 1879 5398 quo
1923 5331 2158 5402 desinat,

599 5402 657 5459 in
685 5421 924 5475 quonam
954 5424 1108 5464 suam
1147 5411 1342 5467 habeat
1371 5415 1684 5472 essentiam.
1715 5419 1821 5476 Sed
1843 5437 1952 5480 non
1977 5425 2160 5486 inveni

598 5496 814 5565 ipsum:
847 5503 1037 5555 vocavi
1077 5503 1256 5573 ipsum
1292 5508 1634 5576 nominatim,
1666 5524 1930 5583 quantum
1985 5534 2017 5574 a
2071 5537 2158 5579 me

595 5587 711 5646 ﬁcri
743 5593 938 5660 potuit,
969 5601 1028 5647 ut
1054 5593 1352 5653 invenirem
1405 5599 1457 5656 in
1493 5603 1713 5664 nomine
1765 5608 1885 5680 ejus
1914 5612 2006 5684 qui
2047 5629 2153 5670 non

664 5765 710 5801 “
781 5769 923 5830 Psal.
984 5790 1117 5845 xvu,
1158 5778 1240 5834 12.

2264 5341 2366 5396 τίνι
2399 5342 2460 5396 τὸ
2487 5339 2625 5399 εἶναι
2661 5347 2794 5418 ἔχει.
2841 5349 2976 5404 Ἀλλ’
3018 5354 3115 5424 οὐχ
3163 5348 3320 5426 εὗρον
3346 5359 3506 5412 αὐτόν
3535 5375 3549 5390 ο
3595 5354 3800 5409 ἐκάλουν

2263 5435 2424 5491 αὑτὸν
2455 5436 2516 5502 ἐξ
2550 5438 2830 5511 ὀνόματος,
2873 5443 2949 5508 ὡς
2987 5441 3056 5517 ἦν
3097 5463 3186 5517 μοι
3213 5449 3434 5504 δυνατὸν
3469 5451 3698 5523 ἐξευρεῖν
3719 5444 3800 5498 ἐπὶ

2261 5524 2357 5579 τοῦ
2383 5526 2822 5600 ἀκατονομάστου
2857 5533 3137 5606 ὀνόματος.
3182 5539 3319 5592 Ἀλλ’
3345 5541 3444 5596 οὐκ
3472 5537 3538 5613 ἦν
3562 5539 3796 5610 ὀνόματος

2261 5617 2498 5690 ἔμφασις
2545 5623 2579 5692 ή
2624 5622 3023 5702 καθικνουμένη
3066 5628 3418 5704 ζητουμένου.
3479 5634 3599 5698 Πῶς
3637 5628 3736 5701 γὰρ
3768 5623 3800 5682 ί
