3932 6512
164 387 311 441 895
1263 374 1326 429 IN
1363 371 1652 429 CANTICA
1693 374 1752 431 Cl

1854 355 1961 430 nc’.
2005 371 2286 429 HOMILIA
2327 371 2413 429 vl.
3329 369 3429 430 εει

160 492 343 561 ὑπὲρ
365 490 476 544 πᾶν
502 490 671 563 ὄνομα
693 490 772 544 ὢν
798 490 885 545 διὰ
905 491 1003 563 τῆς
1023 491 1381 563 ὀνομαστικῆς
1412 493 1656 565 κλήσεως
1682 491 1752 559 ἐξ

1869 498 2047 561 potest
2073 489 2363 545 nominari.
2402 488 2509 545 Sed
2541 502 2649 543 non
2684 494 2803 545 erat
2832 487 3074 545 nominis
3103 489 3430 561 signiﬁcatio

156 578 455 652 αυρεθείη
477 596 492 644 ;
517 576 591 634 0³5
618 580 775 651 χάριν
800 581 983 651 φησὶν,
1018 580 1100 634 ὅτι
1135 579 1427 635 Ἐκάλεσα
1444 582 1648 645 αὑτὸν,
1667 583 1752 634 καέ

1864 597 1985 651 quae
2021 582 2353 653 pertingeret
2388 594 2561 649 usque
2594 578 2659 633 ad
2688 579 2739 640 id
2774 580 2921 650 quod
2949 582 3236 650 quaeritur.
3286 583 3430 650 Quo-

158 672 309 739 οὐχ
338 670 656 735 ὑπήκουσέ
679 690 817 742 μου.
849 673 982 727 Τότε
1004 672 1173 741 ἔγνων
1202 674 1282 727 δτι
1309 673 1407 743 τῆς
1428 672 1752 744 μεγαλοπρε-

1865 673 2028 727 modo
2057 673 2201 728 enim
2235 672 2328 742 qui
2354 678 2439 727 est
2463 686 2629 741 supra
2654 686 2816 727 omne
2841 688 3059 738 nomen,
3089 674 3267 730 σπειτὶ
3304 692 3428 744 pos-

164 762 386 826 ττείας,
420 766 516 833 τῆς
545 763 723 834 δόξης,
752 766 851 836 τῆς
878 765 1185 836 ἁγιωσύνης
1209 765 1373 820 αὐτοῦ
1399 767 1497 819 ούκ
1526 766 1639 819 ἐστι
1668 766 1752 819 πέ·

1866 763 1937 816 sit
1966 778 2062 833 per
2114 764 2457 817 vocationem
2510 762 2794 818 nominis?
2842 762 3203 829 Quamobrem
3259 766 3426 831 dicit,

174 870 323 923 ρας.
379 854 472 907 Διὸ
515 855 676 911 πάλιν
714 855 1046 927 διανίστησιν
1080 856 1309 928 ἑαυτὴν,
1348 857 1442 911 καὶ
1487 858 1752 929 περιπολεῖ

1879 853 2072 908 Vocavi
2100 855 2353 935 ipsum,et
2374 870 2475 909 non
2505 854 2677 907 audiit
2710 871 2811 910 me.
2839 854 2993 911 Tunc
3026 858 3252 928 cognovi
3282 858 3427 928 quod

162 947 251 1017 τῇ
288 946 509 1016 διανοίᾳ
532 946 631 1017 τὴν
655 947 849 1017 νοητήν
878 964 937 999 τε
969 947 1064 1001 καὶ
1092 948 1457 1018 ὑπερκόσμιον
1491 948 1671 1017 φύσιν,
1702 949 1752 1018 ἥδ

1865 945 2302 1016 magniﬁcentiae,
2330 945 2537 1016 gloriae,
2557 946 2863 1001 sanctitatis
2880 948 2999 1017 ejus
3022 965 3130 1003 non
3158 956 3238 1005 est
3276 951 3422 1006 linis.

166 1037 356 1090 πόλιν
383 1036 759 1106 κατονομάζει,
785 1038 844 1090 ἐν
939 1040 994 1091 at
1028 1038 1191 1108 ἀρχαί
1221 1054 1280 1090 τε
1306 1039 1399 1092 καὶ
1426 1040 1752 1110 κυριότητες,

1864 1035 2226 1101 Quamobrem
2270 1037 2387 1106 ipsa
2422 1052 2616 1091 rursus
2666 1039 2930 1109 exsurgit,
2992 1047 3045 1094 et
3075 1041 3187 1095 obit
3217 1042 3424 1112 COgita-

168 1126 288 1178 ’καὶ
312 1127 366 1178 οἱ
390 1127 510 1189 ταῖς
534 1124 800 1189 ἐξουσίαις
825 1127 1251 1196 ἀποτεταγμένοι
1277 1126 1452 1199 θρόνοι
1470 1144 1483 1159 ’
1520 1127 1556 1197 ἦ
1580 1144 1639 1181 τε
1660 1127 1752 1182 τῶν

1866 1127 2013 1181 tione
2040 1127 2561 1197 supramundanam,
2589 1135 2642 1183 et
2671 1144 2791 1201 quae
2816 1130 3170 1201 intelligentia
3194 1134 3426 1203 percipi-

174 1219 541 1290 ἐπουρανίων
570 1221 876 1291 πανήγυρις
896 1260 911 1283 ,
957 1221 1024 1289 ἣν
1049 1219 1255 1291 ἀγορὰν
1278 1218 1551 1291 ὀνομάζει,
1587 1221 1679 1275 καὶ
1705 1221 1767 1273 τὸ

174 1310 574 1383 ἀπερίληπτον
622 1311 840 1383 ἀριθμῷ
890 1311 1133 1382 πλῆθος,
1184 1312 1213 1365 ὃ
1248 1312 1325 1383 τῷ
1363 1314 1462 1384 τῆς
1507 1312 1766 1376 πλατείας

172 1403 546 1474 διασημαίνει
577 1403 819 1474 ὀνόματι,
851 1405 900 1456 εί
944 1404 1052 1474 ἄρα
1096 1405 1153 1457 ἐν
1195 1403 1401 1468 τούτοις
1429 1405 1675 1476 εὑρεθείη
1706 1404 1767 1457 τὸ

176 1495 585 1566 ἀγαπώμενον.
614 1498 679 1550 Ἦ
702 1497 798 1568 μὲν
816 1493 907 1551 οὖν
928 1514 992 1551 πε
1002 1497 1154 1569 ριῆκε
1175 1497 1566 1568 διερευνωμὲνη
1588 1499 1765 1550 πᾶσαν

178 1587 503 1659 ἀγγελικὴν
539 1588 928 1661 διακόσμησιν,
972 1591 1065 1643 καὶ
1112 1591 1188 1654 ὡς
1230 1591 1329 1643 ούκ
1374 1586 1509 1644 εἶδεν
1554 1592 1611 1642 ἐν
1653 1594 1765 1654 τοῖς

180 1679 505 1750 εὑρεθεῖσιν
525 1680 747 1749 ἀγαθοῖς
769 1682 828 1736 τὸ
860 1680 1208 1752 ζητούμενον,
1237 1682 1395 1735 τοῦτο
1423 1682 1542 1736 καθ’
1567 1682 1765 1753 ἑαυτὴν

179 1770 501 1839 ἐλογίσατο·
528 1766 679 1842 Ἀρα
726 1770 829 1828 γᾶν
870 1773 1100 1837 ἐκείνοις
1136 1773 1336 1843 ληπτόν
1381 1775 1495 1827 ἐστι
1538 1773 1599 1826 τὸ
1634 1774 1763 1844 παρ’

1867 1226 1973 1281 tur,
2009 1228 2280 1283 naturam,
2319 1236 2481 1289 quam
2512 1229 2668 1274 vocat
2707 1221 3006 1288 civitatem,
3045 1223 3098 1277 in
3163 1240 3268 1294 qua
3297 1235 3425 1280 sunt

1865 1309 2200 1378 principatus
2231 1319 2283 1364 et
2312 1310 2726 1373 dominationes,
2773 1327 2835 1365 ac
2881 1314 3237 1382 potestatibus
3285 1319 3425 1373 assi-

1864 1401 2009 1468 gnati
2044 1401 2245 1464 throni,
2280 1412 2334 1455 et
2362 1402 2665 1455 caelestium
2696 1412 3015 1467 conventus,
3051 1418 3209 1472 quem
3245 1405 3423 1460 lorum

1865 1492 2127 1554 nominat,
2160 1500 2214 1545 et
2237 1491 2807 1561 incomprehensibilis
2850 1509 3077 1548 numero
3111 1495 3421 1564 multitudo,

1863 1596 2023 1650 quam
2059 1582 2325 1649 signiﬁcat
2354 1582 2573 1635 nomine
2606 1582 2815 1650 plateaz,
2849 1597 2918 1636 an
2958 1583 3013 1638 in
3048 1585 3128 1638 eis
3176 1584 3422 1640 invenia-

1864 1681 1953 1727 tur
1984 1673 2033 1726 id
2061 1668 2205 1742 quod
2234 1673 2498 1743 diligitur.
2555 1673 2733 1743 Atque
2768 1675 2859 1728 illa
2892 1675 3111 1745 quidem
3167 1687 3422 1735 scrutans

1864 1763 1979 1818 obit
2008 1778 2223 1818 omnem
2261 1765 2565 1836 angelicum
2597 1766 2920 1832 exercitum,
2946 1775 2999 1821 et
3027 1782 3150 1821 cum
3179 1769 3234 1822 in
3264 1769 3421 1826 bonis

183 1860 335 1932 ἐμοῦ
364 1860 757 1931 ἀγαπώμενον;
794 1864 903 1917 Καί
932 1882 1065 1936 φησι
1097 1864 1232 1935 πρὸς
1253 1864 1446 1928 αύτούς,
1466 1882 1482 1898 ·
1526 1864 1621 1931 Μὴ
1648 1863 1752 1918 κᾶν

1866 1856 2100 1910 inventis
2128 1872 2233 1911 non
2259 1856 2488 1912 vidisset
2515 1857 2567 1912 id
2597 1858 2744 1927 quod
2766 1858 3128 1927 quzerebatur,
3160 1860 3259 1915 hoc
3281 1864 3420 1931 apud

184 1954 371 2022 ὑμεῖς
420 1953 492 2008 ὃν
531 1954 847 2023 ἠγάπησεν
896 1957 935 2023 ἡ
979 1955 1149 2025 ψυχή
1190 1974 1330 2025 μου,
1373 1956 1578 2021 were;
1625 1958 1761 2010 Σιω-

188 2046 492 2118 πησάντων
527 2044 583 2098 δέ
631 2060 768 2115 προς
793 2046 893 2115 τὴν
918 2046 1174 2116 τοιαύτην
1220 2046 1507 2117 ἐρώτησιν,
1555 2048 1649 2100 καὶ
1676 2047 1765 2101 διὰ

189 2137 297 2205 τῆς
328 2136 538 2206 σιωπῆς
568 2135 952 2207 ἐνδειξαμένων
983 2137 1042 2190 τὸ
1071 2138 1338 2201 κάκείνοις
1366 2138 1602 2208 ἄληπτον
1624 2133 1761 2192 εἶναι

188 2227 256 2279 τὸ
305 2229 440 2299 παρ’
484 2228 652 2298 αὐτῆς
686 2227 1041 2299 ζητούμενον,
1086 2229 1161 2294 ὡς
1204 2228 1443 2299 διεξῆλθε
1481 2234 1548 2302 τῇ
1595 2231 1757 2284 πολυ-

192 2318 561 2391 πραγμοσύνῃ
592 2319 692 2388 τῆς
721 2319 960 2383 διανοίας
990 2322 1170 2375 πᾶσαν
1212 2322 1424 2391 ἐκείνην
1453 2320 1551 2393 τὴν
1591 2322 1759 2393 ὑπερ-

191 2410 424 2479 κόσμιον
466 2410 638 2474 πόλιν,
668 2410 760 2463 καὶ
788 2412 907 2464 οὐδὲ
933 2413 990 2463 ἐν
1018 2414 1128 2475 τοῖς
1159 2416 1365 2483 νοητοῖς
1394 2430 1453 2466 τε
1489 2414 1583 2468 καὶ
1612 2416 1756 2468 ἀσωο

195 2502 391 2570 μάτοις
416 2496 554 2555 οἶδεν
581 2502 640 2555 ὃν
662 2501 925 2573 ἐπόθησεν
952 2518 966 2533 ο
1006 2502 1127 2556 τότε
1167 2504 1536 2558 καταλιποῦσα
1565 2508 1671 2561 πᾶν
1696 2507 1759 2559 τὸ

190 2594 599 2665 εὑρισκόμενον,
619 2592 790 2656 οὕτως
809 2593 1067 2668 ἐγνώρισε
1085 2595 1146 2648 τὸ
1170 2596 1514 2667 ζητούμενον,
1535 2599 1591 2650 ἐν
1614 2598 1757 2668 μόνῳ

192 2683 275 2753 τῷ
303 2683 379 2754 μὴ
414 2683 926 2755 καταλαμσάνεσθαι
953 2686 1006 2737 τί
1040 2686 1207 2751 ἐστιν,
1241 2687 1323 2739 ὄτι
1352 2687 1467 2739 ἐστὶ⁹
1499 2690 1757 2755 γινωσκό-

195 2790 389 2845 μενον,
433 2770 493 2829 ob
537 2775 645 2827 πᾶν
688 2774 973 2846 γνώρισμα
1015 2776 1451 2847 καταληπτικδν,
1497 2779 1752 2847 ἐμπόδιον

190 2867 308 2929 τοῖς
335 2866 663 2938 ἀναζητοῦσι
689 2867 825 2939 πρὸς
848 2867 947 2938 τὴν
976 2868 1188 2939 εὕρεσιν
1209 2868 1438 2937 γίνεται.
1476 2870 1572 2923 Διὰ
1600 2870 1757 2923 τοῦτό

195 2975 328 3027 φησι
347 2974 361 2989 ⁸
391 2959 601 3033 Μικρὸν
618 2960 706 3014 ὅτε
726 2958 997 3029 παρῆλθον
1021 2959 1115 3013 ἀπ’
1145 2960 1343 3025 αὐτῶν,
1363 2961 1558 3030 ἀφεῖσα
1578 2964 1755 3015 πᾶσαν

192 3048 293 3119 τὴν
322 3047 513 3111 κτίσιν,
547 3049 641 3102 καὶ
675 3048 1016 3120 παρελθοῦσα
1050 3052 1157 3104 πᾶν
1181 3052 1242 3105 τὸ
1272 3054 1329 3103 ἐν
1365 3054 1430 3121 τῇ
1458 3052 1632 3105 κτίσει
1669 3069 1755 3105 νο·

193 3140 438 3210 ούμενον,
476 3140 568 3194 καὶ
613 3142 791 3194 πᾶσαν
837 3142 1246 3212 καταληπτικὴν
1293 3142 1477 3212 ἔφοδον
1527 3143 1751 3197 καταλι-

195 3231 387 3298 ποῦσα,
418 3235 481 3304 τῇ
518 3231 697 3285 πίστει
732 3227 887 3303 εὗρον
915 3232 974 3285 τὸ
1006 3232 1364 3303 ἀγαπώμενον
1384 3251 1396 3263 ·
1446 3236 1540 3288 καὶ
1568 3234 1749 3288 οὐκέτι

200 3322 411 3394 μεθήσω
439 3326 505 3394 τῇ
540 3323 640 3394 τῆς
678 3324 907 3388 πίστεως
944 3323 1081 3395 λαϐῇ
1126 3324 1218 3378 τοῦ
1248 3324 1561 3396 εὑρεθέντος
1600 3327 1753 3379 ἀντε-

197 3414 413 3485 χομένη,
460 3414 563 3478 ἕως
608 3414 674 3468 ἂν
722 3415 871 3478 ἐντὸς
911 3415 1135 3486 γένηται
1159 3414 1251 3469 τοῦ
1290 3415 1423 3486 ἐμοῦ
1463 3418 1709 3487 ταμιείου
1734 3435 1748 3449 ’

195 3507 382 3578 καρδία
410 3508 466 3561 δὲ
494 3508 709 3571 πάντως
737 3509 797 3562 τὸ
817 3509 1059 3578 ταμιεῖόν
1092 3511 1256 3573 ἐστιν,
1307 3512 1341 3581 ἢ
1394 3511 1512 3565 τότε
1544 3512 1749 3579 γίνεται

193 3601 406 3673 δεκτικὴ
434 3602 533 3673 τῆς
580 3602 727 3666 θείας
759 3605 1100 3675 ἐνοικήσεως,
1141 3606 1268 3658 ὅταν
1314 3607 1579 3679 ἐπανέλθῃ
1615 3609 1751 3679 πρὸς

194 3695 291 3763 τὴν
332 3697 657 3749 κατάστασιν
691 3698 925 3767 ἐκείνην,
960 3697 1018 3749 ἐν
1140 3698 1201 3750 τὸ
1242 3700 1518 3770 καταρχὰς
1545 3696 1633 3771 ἦν,
1662 3703 1749 3755 ὅτε

196 3785 429 3855 ἐπλάσθη
462 3786 568 3839 ὑπὸ
608 3786 708 3854 τῆς
748 3785 1134 3858 συλλαϐούσης.
1177 3788 1403 3859 Μητέρα
1444 3790 1499 3842 δὲ
1534 3790 1749 3854 πάντως

197 3875 292 3945 τὴν
329 3874 546 3947 πρώτην
588 3874 687 3945 τῆς
731 3875 1039 3939 συστάσεως
1076 3876 1231 3946 ἡμῶν
1274 3878 1453 3930 αίτίαν
1483 3878 1617 3933 νοῶν
1645 3895 1746 3942 τις,

197 3967 291 4038 οὐχ
313 3968 700 4038 ἁμαρτήσεται.

264 4136 457 4207 Καιρὸς
494 4136 540 4187 δ’
586 4134 651 4188 ἂν
694 4137 778 4204 εἴη
833 4135 993 4189 πάλιν
1047 4136 1134 4188 ἐπ’
1183 4138 1352 4206 αὐτῆς
1407 4138 1506 4209 τῆς
1555 4138 1749 4203 λέξεως

201 4224 523 4296 παραθέσθαι
553 4226 650 4290 τὰς
681 4226 829 4290 θείας
860 4227 1060 4296 φωνὰς,
1091 4227 1231 4281 ὥστε
1259 4232 1370 4292 τοῖς
1400 4229 1749 4300 θεωρηθεῖσιν

198 4323 596 4393 ἐφαρμοσθῆναι
650 4323 717 4379 τὰ
780 4325 1020 4393 ῥήματα.
1085 4326 1206 4378 Ἐπὶ
1254 4327 1462 4394 κοίτην
1503 4326 1622 4396 μοῦ
1679 4327 1749 4379 ἐν

197 4414 361 4477 νυξὶν
392 4412 649 4480 ἐζήτησα
691 4414 764 4468 ὃν
800 4415 1118 4484 ἠγάπησεν
1142 4419 1180 4485 ἠ
1207 4418 1376 4487 ψυχή
1413 4435 1551 4487 μου.
1592 4416 1746 4489 Ἐζή-

199 4521 341 4570 τησα
386 4505 593 4569 αὑτὸν,
654 4506 750 4558 καὶ
806 4508 918 4575 οὐχ
981 4503 1159 4577 εὗρον
1209 4511 1430 4563 αὐτόν·⁹
1483 4509 1747 4564 ἐκάλεσα

198 4597 388 4658 αὐτὸν,
415 4595 510 4649 καὶ
545 4599 656 4665 οὐχ
687 4598 1003 4663 ὑπήκουσέ
1025 4618 1164 4669 μου.
1204 4602 1639 4671 Ἀναστήσομαι
1666 4603 1743 4671 δὴ

198 4691 289 4743 καὶ
324 4687 615 4749 κυκλώσω
656 4688 725 4741 ἐν
766 4688 840 4757 τῇ
872 4691 1041 4744 πόλει
1062 4730 1077 4753 ,
1123 4692 1191 4744 ἐν
1222 4692 1351 4756 ταῖς
1380 4692 1620 4761 ἀγοραῖς
1646 4695 1745 4748 καὶ

198 4780 262 4832 ἐν
292 4778 412 4845 ταῖς
443 4779 753 4844 πλατείαις
775 4820 789 4843 ,
843 4780 941 4833 καὶ
984 4778 1213 4847 ζητήσω
1253 4781 1324 4834 ὃν
1361 4782 1678 4851 ἠγάπησεν
1703 4786 1741 4852 1)

200 4871 351 4939 ψυχή
371 4888 510 4939 μου.
548 4867 838 4936 Ἐζήτησα
862 4871 1064 4934 αὐτὸν,
1091 4871 1188 4925 καὶ
1206 4874 1317 4941 οὐχ
1345 4870 1524 4941 εὗρον
1537 4877 1740 4929 αὐτόν.

203 4962 456 5030 Εὖροσὰν
494 4979 571 5031 με
610 4966 663 5015 οἱ
700 4962 1021 5030 τηροῦντες
1071 4968 1122 5017 οἱ
1170 4965 1534 5029 κυκλοῦντες
1569 4967 1638 5019 ἐν
1671 4966 1743 5035 τῇ

205 5056 375 5109 πόλει.
407 5054 502 5123 Μὴ
533 5054 605 5107 ὃν
632 5052 947 5123 ἠγάπησεν
984 5056 1022 5121 ἡ
1054 5055 1223 5123 ψυχή
1249 5072 1387 5123 μου,
1419 5055 1572 5110 laete
1590 5073 1608 5121 ,'
1648 5057 1744 5123 Ὠς

202 5145 390 5215 μικρὸν
416 5146 514 5200 ὅτε
539 5146 850 5214 παρῆλθον
868 5146 968 5200 ἀπ’
988 5146 1203 5211 αὐτῶν,
1236 5146 1347 5213 ἕως
1377 5144 1448 5204 οὗ
1472 5144 1651 5217 εὗρον
1674 5149 1746 5202 ὃν

208 5221 495 5306 ἡγιὶπησεν
539 5239 575 5305 ἡ
610 5239 779 5307 ψυχή
822 5256 961 5308 μου.
1028 5239 1362 5309 Ἑκράτησα
1399 5240 1603 5305 αὐτὸν,
1646 5240 1745 5293 καὶ

210 5332 305 5384 οὐκ
337 5328 533 5397 ἀφῆκα
587 5331 803 5394 αὐτὸν,
850 5330 960 5396 ἕως
991 5327 1063 5387 οὗ
1109 5330 1429 5402 εἰσήγαγον
1468 5331 1651 5386 αὐτὸν
1679 5334 1745 5399 ἐς

210 5418 355 5476 οἷκον
377 5422 597 5488 μητρός
629 5439 767 5489 μου,
811 5422 910 5475 καὶ
949 5424 1036 5488 εὶς
1072 5423 1333 5492 ταμιεῖον
1367 5423 1477 5491 τῆς
1515 5429 1746 5480 συλλα-

212 5512 412 5574 ϐούσης
446 5528 540 5585 μετ
588 5511 707 5564 Ἐπὶ
738 5512 945 5575 τούτοις
985 5512 1148 5565 πάλιν
1176 5513 1281 5565 ὑπὸ
1319 5513 1741 5585 φιλανθρωπίας,

213 5605 292 5657 καὶ
327 5605 437 5663 ταῖς
480 5601 810 5672 θυγατράσιν
848 5604 1202 5675 Ἰερουσαλὴμ
1240 5604 1562 5674 διαλέγεται,
1589 5605 1658 5669 ἃς
1688 5608 1745 5659 ἐν

210 5693 305 5753 rei;
333 5689 630 5761 ἔμπροσθεν
663 5692 718 5744 ἐν
759 5693 1038 5760 συγκρίσει
1083 5694 1176 5746 τοῦ
1218 5695 1315 5763 τῆς
1361 5695 1575 5765 νύμφης
1615 5694 1743 5749 κάλ-

211 5783 317 5845 λιυς
347 5782 427 5836 τοῦ
459 5782 910 5851 παρεικασθέντος
957 5782 1034 5854 τῷ
1080 5786 1281 5858 κρίνῳ,
1333 5786 1569 5853 ἀκάνθας
1610 5787 1743 5853 ὅλως

1861 1963 1920 2003 se
1946 1946 2390 2018 cogitavit:Nurn
2421 1950 2807 2019 comprehendi
2837 1958 3018 2021 potest
3048 1951 3178 2006 illud
3210 1953 3355 2023 quod
3388 1970 3416 2007 a

1858 2052 1946 2093 me
1970 2038 2247 2109 diligitur?
2270 2048 2325 2093 et
2363 2038 2495 2093 dicit
2522 2040 2603 2094 eis
2634 2058 2649 2096 :
2678 2039 2931 2111 Nunquid
2956 2058 3043 2096 vos
3075 2058 3223 2111 quem
3248 2044 3417 2116 diligit

1860 2130 2039 2183 anima
2069 2147 2207 2194 mea,
2237 2130 2479 2186 uidistis?
2525 2130 2659 2185 Cum
2707 2139 2885 2186 autem
2922 2133 3001 2186 illi
3027 2135 3323 2191 tacuissent
3352 2137 3417 2189 ad

1857 2233 1975 2274 eam
2026 2221 2524 2292 interrogationem,
2578 2231 2632 2277 et
2670 2222 2887 2278 silentio
2935 2225 3269 2282 iudicassent
3313 2226 3421 2283 illis

1858 2325 2073 2380 quoque
2098 2327 2219 2367 esse
2268 2312 2819 2382 incomprehensibile
2883 2314 2935 2369 id
2993 2316 3138 2385 quod
3174 2317 3242 2371 ab
3301 2318 3418 2387 ipsa

1857 2403 2146 2470 quaeritur;
2178 2412 2467 2473 postquam
2504 2403 2665 2459 nimis
2722 2404 2941 2459 curioso
2996 2408 3175 2462 studio
3208 2410 3418 2479 cogita-

1856 2493 2022 2548 tionis
2051 2494 2357 2563 peragravit
2390 2494 2537 2547 illam
2567 2495 3069 2564 supramundanam
3103 2499 3375 2555 civitatem
3400 2542 3415 2565 ,

1856 2593 1986 2638 tunc
2048 2584 2239 2638 relicto
2274 2584 2527 2640 universo
2572 2587 2715 2656 quod
2784 2587 3181 2651 inveniebatur,
3218 2591 3292 2645 ita
3326 2606 3416 2645 co-

1857 2675 2044 2743 gnovit
2076 2675 2128 2728 id
2157 2675 2303 2745 quod
2344 2677 2711 2746 quaerebatur,
2745 2688 2803 2732 ut
2826 2679 2877 2733 ei
2911 2680 3107 2747 solum,
3150 2683 3294 2751 quod
3334 2683 3419 2739 in-

1855 2767 2185 2837 telligeretur
2211 2783 2319 2822 non
2353 2783 2513 2839 posse
2544 2769 2952 2839 comprehendi,
2997 2782 3421 2842 cognosceretur

1854 2872 1996 2924 esse,
2026 2858 2186 2926 cujus
2224 2874 2386 2914 onme
2420 2861 2634 2930 signum
2665 2876 2729 2916 ac
2760 2862 3023 2918 indicium
3060 2867 3420 2935 comprehen-

1854 2943 2009 3008 dens,
2058 2944 2117 2998 ﬁt
2151 2945 2598 3015 impedimentum
2635 2948 2704 3004 iis
2745 2951 2837 3019 qui
2886 2962 3139 3021 quaarunt
3183 2957 3248 3011 ad
3298 2957 3420 3026 ejus

1855 3032 2243 3090 inventionem.
2278 3035 2566 3107 Propterea
2596 3039 2728 3094 dicit
2754 3059 2767 3095 :
2792 3041 3201 3112 Quamprimum
3228 3062 3416 3116 parum

1858 3126 1926 3180 ab
1949 3127 2031 3182 eis
2068 3128 2282 3191 transii,
2338 3130 2525 3185 relicta
2577 3132 2723 3186 omni
2788 3134 3058 3199 creatura,
3092 3145 3146 3191 et
3200 3150 3420 3208 praeter-

1852 3220 2023 3275 misso
2054 3221 2309 3275 universo
2352 3221 2499 3291 quod
2549 3222 2873 3294 intelligitur
2937 3226 2993 3278 in
3030 3236 3324 3296 creatura;
3365 3239 3419 3285 et

1851 3312 2075 3367 dimissa
2098 3313 2244 3366 omni
2275 3313 2358 3365 via
2384 3321 2441 3367 et
2478 3314 2693 3369 ratione
2713 3316 3419 3386 comprehendendi,inveni

1852 3402 1955 3457 ﬁde
2002 3418 2136 3457 eum
2161 3402 2253 3472 qui
2293 3402 2574 3473 diligitur:
2611 3412 2665 3458 et
2720 3419 2829 3459 non
2881 3406 3116 3475 amplius
3149 3408 3415 3464 dimittam

1849 3507 1973 3546 eum
2020 3506 2151 3548 ansa
2209 3491 2331 3546 ﬁdei
2384 3493 2807 3562 apprehensum,
2844 3494 3019 3550 donec
3077 3496 3239 3552 fuerit
3272 3499 3415 3552 intra

1851 3599 2031 3638 meum
2066 3584 2359 3638 conclave:
2394 3597 2491 3637 cor
2539 3594 2718 3638 autem
2750 3586 2972 3639 omnino
3017 3595 3101 3641 est
3135 3589 3415 3655 conclave,

1853 3677 1996 3744 quod
2021 3688 2149 3731 tunc
2176 3677 2233 3729 ﬁt
2265 3691 2436 3745 capax
2469 3676 2666 3730 divinae
2693 3677 2815 3746 ejus
2844 3677 3222 3743 habitationis,
3248 3697 3419 3752 quan-

1850 3767 1921 3821 do
1952 3768 2171 3821 redierit
2213 3769 2278 3820 ad
2315 3768 2466 3820 illum
2504 3774 2704 3821 statum
2765 3769 2817 3821 in
2851 3784 2959 3838 quo
3011 3769 3113 3824 fuit
3141 3772 3207 3824 ab
3238 3771 3413 3836 initio,

1849 3860 2065 3929 quando
2098 3860 2195 3913 luit
2222 3859 2454 3914 ellictum
2483 3860 2550 3914 ab
2575 3876 2637 3914 ea
2669 3876 2790 3929 quae
2837 3864 3109 3930 concepit.
3144 3862 3262 3917 Non
3318 3866 3414 3919 ab-

1849 3951 2051 4004 errabit
2072 3959 2269 4004 autem
2317 3950 2539 4005 omnino
2592 3950 2840 4020 quisquis
2875 3952 3136 4022 intelliget
3167 3965 3415 4022 matrem,

1848 4042 2077 4112 primam
2106 4056 2325 4095 causam
2352 4050 2551 4095 nostrae
2580 4042 3008 4098 constitutionis.

1918 4129 2154 4200 Tempus
2187 4138 2271 4185 est
2312 4139 2493 4184 autem
2529 4130 2839 4201 exponendi
2887 4147 3048 4187 voces
3098 4133 3312 4191 divinas
3360 4153 3413 4192 In

1849 4225 1968 4294 ipso
1999 4225 2285 4279 verborum
2319 4230 2599 4291 contextu,
2656 4232 2715 4278 ut
2748 4226 2913 4279 verha
2958 4229 3284 4282 conveniant
3338 4230 3405 4285 iis

1847 4332 1967 4386 quae
2027 4324 2153 4370 sunt
2207 4314 2571 4372 considerata.
2624 4315 2691 4369 In
2749 4318 2879 4370 lecto
2919 4333 3029 4371 meo
3066 4329 3221 4372 noctu
3274 4336 3415 4390 quar-

1847 4409 1945 4463 sivi
1973 4424 2125 4478 quem
2155 4406 2328 4478 diligit
2372 4408 2553 4461 anima
2604 4424 2739 4461 mea.
2771 4408 3005 4474 Quwsivi
3046 4410 3184 4463 enim
3215 4426 3332 4465 eum
3363 4423 3415 4467 et

1848 4518 1951 4556 non
1999 4503 2167 4556 inveni
2202 4518 2340 4564 eum,
2387 4502 2563 4555 vocavi
2617 4518 2734 4555 eum
2794 4512 2842 4556 et
2907 4519 3008 4556 non
3058 4503 3256 4557 audivit
3311 4522 3409 4561 me.

1848 4592 2076 4664 Surgam
2095 4602 2271 4647 autem
2300 4601 2347 4646 et
2369 4590 2600 4645 circuibo
2618 4593 2880 4646 civitatem
2910 4594 2961 4645 in
2984 4593 3117 4661 foris
3134 4604 3183 4647 et
3202 4595 3410 4661 plateis,

1844 4696 1893 4741 et
1940 4702 2176 4756 quaeram
2223 4702 2374 4755 quem
2405 4686 2579 4755 diligit
2620 4686 2799 4737 anima
2845 4701 2977 4737 mea.
3023 4686 3253 4751 Quwsivi
3295 4703 3411 4740 eum

1843 4789 1893 4833 et
1939 4795 2042 4833 non
2078 4779 2249 4833 inveni
2297 4792 2435 4829 eum.
2494 4773 2805 4828 Invenerunt
2867 4792 2945 4828 me
2989 4776 3079 4844 qui
3109 4776 3412 4830 custodiunt

1844 4872 2222 4925 circumeuntes
2243 4870 2527 4922 civitatem.
2554 4864 2695 4918 Num
2716 4882 2865 4935 quem
2885 4866 3056 4936 diligit
3075 4868 3254 4921 anima
3274 4884 3408 4931 mea,

1844 4962 2091 5018 vidistis?
2150 4959 2549 5026 Quamprimum
2606 4972 2791 5022 parum
2840 4957 2903 5010 ab
2950 4957 3023 5010 eis
3063 4959 3274 5021 transii,
3304 4957 3404 5011 do-

1846 5073 1936 5110 nec
1957 5054 2128 5108 inveni
2148 5069 2265 5106 eum
2288 5067 2438 5121 quem
2467 5050 2641 5118 diligit
2691 5051 2871 5102 anima
2903 5065 3038 5103 mea.
3076 5049 3241 5103 Tenui
3291 5066 3409 5103 eum

1844 5157 1893 5202 et
1924 5163 2028 5200 non
2057 5144 2237 5198 dimisi
2266 5159 2405 5205 eum,
2435 5141 2596 5195 donec
2629 5158 2746 5194 eum
2778 5142 3051 5195 introduxi
3081 5143 3138 5195 in
3193 5143 3406 5195 domum

1845 5238 2032 5292 matris
2057 5252 2203 5299 mere,
2242 5245 2292 5289 et
2340 5236 2392 5287 in
2413 5233 2655 5288 conclave
2697 5234 2810 5303 ejus
2858 5249 2976 5302 qua:
3027 5249 3106 5286 me
3150 5234 3405 5300 concepit.

1845 5330 1977 5386 Post
2008 5329 2122 5384 haec
2160 5342 2354 5382 rursus
2404 5334 2622 5397 propter
2681 5324 3064 5395 benignitatem
3115 5326 3407 5395 alloquitur

1845 5422 1985 5477 ﬁlias
2016 5419 2315 5477 Jerusalem
2336 5460 2349 5481 ,
2391 5434 2532 5489 quas
2572 5430 2731 5471 antea
2762 5417 3170 5486 comparatione
3195 5433 3407 5487 sponsae

1848 5513 2293 5584 pulchritudinis,
2345 5528 2509 5582 quam
2564 5512 2675 5565 lilio
2735 5511 3166 5571 assimilaverat,
3220 5510 3406 5579 spinas

1846 5606 2152 5677 appellavit,
2200 5614 2255 5661 et
2308 5620 2404 5676 per
2462 5604 2860 5674 adjurationem
2909 5611 3244 5673 potestatum
3283 5619 3405 5676 qtue

1846 5705 1975 5753 sunt
2000 5698 2054 5757 in
2081 5696 2303 5761 mundo,
2336 5696 2466 5750 facit
2494 5710 2783 5763 assurgere
2815 5694 2879 5747 ad
2940 5710 3123 5763 parem
3184 5696 3401 5751 modum

1846 5789 2145 5857 charitatis,
2174 5795 2232 5843 ut
2267 5788 2514 5849 voluntas
2540 5786 2726 5859 sponsi
2754 5788 2823 5842 sit
2845 5787 3006 5843 etiam
3037 5789 3089 5843 in
3114 5786 3194 5843 eis
3224 5787 3400 5849 fortis.
