4028 6530
525 375 628 432 εθς

1757 377 1814 434 S.
1855 369 2182 435 GREGOBII
2215 373 2512 435 NYSSENll

3649 371 3756 428 896

523 492 738 548 Dictum
765 499 853 547 est
886 499 1068 547 autem
1115 492 1170 546 in
1228 491 1296 548 iis
1351 508 1472 563 quae
1508 503 1929 565 praeesset-unt,
1969 495 2093 567 quis

2206 494 2462 567 ὺνόμασε,
2493 494 2586 549 xai.
2614 495 2701 549 διὰ
2744 493 2836 548 τοῦ
2878 492 3055 564 ὅρκου
3082 491 3190 546 τῶν
3227 491 3286 544 ἐν
3320 489 3398 561 τῷ
3437 487 3626 560 κόσμῳ
3662 491 3759 544 δυο

525 586 599 640 sit
632 584 872 639 mundus
915 585 967 638 in
999 599 1106 654 quo
1136 593 1265 641 sunt
1302 587 1531 642 virtutes
1561 603 1624 644 ac
1671 596 1993 657 potestates,
2045 601 2100 644 et

526 691 650 748 qua:
685 676 756 730 sit
794 676 1048 730 voluntas
1073 676 1193 745 ejus
1225 679 1318 745 qui
1369 693 1434 733 ex
1469 686 1584 732 toto
1621 679 1784 734 corde
1824 680 2095 750 diligitur,

527 767 669 822 adeo
690 774 749 820 ut
784 780 894 819 non
932 767 1002 821 sit
1047 781 1188 836 opus
1218 767 1286 822 de
1333 768 1525 823 iisdem
1573 769 1844 838 prolixius
1893 767 2094 834 dicere,

527 874 651 912 cum
683 873 804 928 quae
840 858 895 912 in
926 859 1110 915 verbis
1146 859 1297 929 prius
1334 859 1434 913 fuit
1483 859 1829 915 considerata
1879 866 2100 914 senten-

529 949 629 1015 tia,
657 949 793 1004 satis
823 948 1066 1004 declaret
1095 950 1147 1004 id
1183 951 1327 1020 quod
1360 951 1414 1004 in
1444 951 1548 1005 hoc
1587 951 1710 1005 loco
1756 949 2095 1020 intelligitur.

531 1039 634 1094 Sed
667 1040 1028 1110 procedamus
1072 1041 1138 1095 ad
1174 1042 1223 1096 id
1254 1041 1397 1111 quod
1427 1040 1684 1111 deinceps
1719 1041 1991 1111 sequitur,
2037 1048 2099 1096 ut

531 1129 832 1191 videamus,
874 1147 1002 1185 num
1051 1130 1166 1186 ﬂeri
1205 1132 1378 1201 possit
1435 1139 1494 1185 ut
1553 1148 1655 1188 nos
1704 1149 1924 1204 quoque
1973 1150 2096 1190 cum

531 1219 771 1292 perfecta
799 1221 1077 1286 columba,
1119 1238 1240 1293 quae
1281 1224 1334 1276 iu
1367 1224 1540 1277 altum
1580 1223 1780 1288 evolat,
1835 1226 2100 1281 ascenda-

532 1327 674 1378 mus,
704 1321 758 1368 et
816 1314 1116 1369 amicorum
1161 1317 1349 1385 sponsi
1384 1331 1570 1370 vocem
1619 1316 1933 1382 audiamus,
2000 1319 2096 1389 qui

529 1405 651 1471 ejus
676 1419 964 1460 ascensum
1000 1421 1067 1461 ex
1101 1407 1320 1461 deserto
1369 1409 1657 1473 mirantur,
1702 1411 1848 1480 quod
1881 1412 2098 1482 quidem

532 1495 801 1566 praecipue
830 1505 1168 1565 spectatores
1200 1499 1252 1552 in
1284 1507 1564 1569 stuporem
1619 1501 1807 1569 trahit,
1853 1504 2098 1573 quando-

532 1584 754 1654 quidem
799 1586 960 1640 talem
995 1588 1251 1658 producit
1278 1589 1577 1654 desertum,
1615 1592 1695 1647 sic
1755 1602 1813 1648 ut
1844 1593 2099 1649 arborum

533 1677 995 1746 pulchritudinem
1059 1680 1322 1744 imitetur,
1360 1697 1480 1751 quae
1517 1683 1569 1737 in
1620 1683 1841 1738 deserto
1896 1699 2096 1756 vapore

533 1769 744 1823 sullitus
776 1771 1120 1828 excoluntur.
1159 1770 1381 1828 Sumtus
1412 1784 1592 1829 autem
1617 1783 1774 1830 erant
1805 1778 2021 1848 myrrha
2044 1787 2098 1833 et

534 1861 680 1916 tlms.
706 1860 972 1916 Caeterum
1014 1878 1122 1917 una
1152 1879 1271 1918 cum
1306 1881 1506 1937 vapore
1539 1882 1605 1922 ex
1660 1867 1744 1923 his
1798 1869 2100 1938 prodeunte

535 1951 712 2020 pulvis
737 1950 1009 2021 quispiam
1049 1953 1392 2008 excitabatur
1419 1961 1475 2010 et
1521 1955 1852 2011 ascendebat
1879 1974 1945 2014 ex
1977 1974 2100 2014 aro-

2197 585 2412 654 νάμεων
2442 584 2586 656 πρὸς,
2609 583 2672 638 τδ
2703 583 2815 637 ἴσον
2843 583 2942 654 τῆς
2968 581 3184 653 ἀγάπης
3206 579 3503 651 διανίστησι
3537 579 3755 651 μέτρσε,

2196 673 2337 730 ὥστε
2365 674 2424 727 τὸ
2449 675 2658 745 θέλημα
2698 673 2793 727 τοῦ
2821 672 3054 743 νυμφίου
3083 672 3177 727 καὶ
3205 671 3292 725 ἐπ’
3325 670 3505 724 αὐτῶν
3532 672 3760 742 ἐνεργὸν

2197 765 2462 834 γίνεσθαι.
2524 767 2754 838 Εἴρηται
2803 767 2860 824 δὲ
2919 768 2978 824 ὲν
3033 767 3146 829 τοῖς
3187 764 3448 833 φθάσασι.
3496 762 3578 826 τίς
3620 779 3682 816 τε
3726 764 3760 815 ὸ

2197 856 2403 926 κόσμος
2446 856 2504 908 ἐν
2533 849 2577 924 ᾧ
2609 858 2666 908 ai
2701 856 2882 928 ίσχύες
2929 857 3022 911 καὶ
3063 858 3126 910 αἱ
3164 855 3437 925 δυνάμεις,
3483 854 3578 910 καὶ
3605 853 3658 905 τί
3695 854 3760 906 τὸ

2194 947 2413 1019 θέλημα
2435 947 2530 1002 τοῦ
2562 947 2622 1015 ἐξ
2663 949 2790 1020 ὅλης
2835 950 3059 1021 καρδίας
3102 965 3166 1002 τε
3198 949 3292 1002 καὶ
3321 948 3498 1018 ψυχῆς
3533 949 3762 1015 ἀγαπω-

2199 1042 2387 1113 μένου,
2415 1042 2490 1105 ὡς
2517 1041 2590 1114 μὴ
2619 1041 2807 1113 χρείαν
2833 1037 2971 1095 εἶναι
2997 1040 3247 1095 πάλιντδι’
3283 1039 3460 1095 αὐτῶν
3485 1039 3576 1092 τὸν
3600 1039 3762 1107 λόγον

2201 1132 2552 1204 μηκύνεσθαι,
2582 1133 2682 1202 τῆς
2721 1131 3194 1204 προθεωρηθείσης
3236 1133 3366 1202 ἡμῖν
3403 1131 3461 1184 ἑν
3505 1133 3616 1192 τοῖς
3662 1132 3766 1201 ῥή-

2203 1242 2332 1295 μασι
2353 1224 2608 1288 διανοίας,
2625 1225 2688 1276 τὺ
2711 1225 2768 1277 ὲν
2790 1223 2867 1294 τῷ
2885 1223 3034 1293 τόπῳ
3061 1223 3232 1294 τούτῳ
3252 1221 3535 1292 νοούμενον
3559 1221 3765 1282 ἱκανῶς

2200 1314 2556 1387 φανερούσης.
2610 1315 2770 1368 Ἀλλά
2799 1315 2934 1386 πρὸς
2958 1315 3018 1368 τὸ
3047 1314 3240 1387 ἐφεξῆς
3277 1312 3384 1368 τοῦ,
3419 1313 3576 1382 λόγου
3615 1330 3764 1384 προ-

2194 1407 2389 1478 ῒωμεν,
2421 1407 2579 1477 εἴπερ
2617 1405 2826 1474 γένοιτο
2863 1406 3093 1460 δυνατὸν,
3116 1407 3207 1459 καὶ
3233 1407 3368 1476 ἡμῖν
3395 1404 3782 1473 σνναναϐῆναι,

2197 1502 2262 1570 τῇ
2290 1499 2471 1571 τελείᾳ
2502 1499 2800 1570 περιστερᾷ
2841 1498 2978 1570 πρὸς
3006 1497 3069 1550 τὸ
3115 1496 3257 1567 ὕψος,
3277 1497 3636 1568 ἀνιπταμένῃ,
3667 1497 3766 1548 καὶ

2197 1589 2426 1646 ἀκοῦσαι
2455 1590 2554 1661 τῆς
2593 1590 2702 1644 τῶν
2739 1590 2907 1660 φίλων
2929 1588 3024 1642 τοῦ
3055 1590 3284 1660 νυμφίου
3311 1589 3513 1661 φωνῆς,
3544 1590 3603 1642 ὲν
3629 1587 3768 1642 θαύ-

2202 1698 2330 1753 ματι
2368 1682 2706 1753 ποιουμένων
2749 1681 2848 1752 τὴν
2880 1680 3144 1735 ἀνάϐασιν
3191 1681 3369 1752 αὐτῆς
3409 1680 3508 1751 τὴν
3553 1680 3617 1733 ὲκ
3660 1679 3768 1748 τῆς

2199 1776 2298 1847 ὲρή
2307 1791 2428 1845 μου,
2456 1774 2485 1828 ὃ
2511 1773 2575 1845 δὴ
2607 1774 2702 1826 καὶ
2729 1772 2930 1844 μᾶλλον
2959 1770 3238 1836 πλεονάξεί
3279 1773 3392 1833 τοῖς
3417 1771 3630 1833 θεαταῖς
3662 1769 3768 1838 τὴν

2202 1869 2480 1939 ἔκπληξιν,
2513 1869 2562 1920 εί
2607 1865 2862 1934 τοιαύτην
2892 1866 2925 1936 ἡ
2958 1864 3160 1936 ἔρημος
3189 1862 3522 1924 ἀναδίδωσιν,
3569 1861 3645 1924 ὡς
3677 1878 3772 1930 μι-

2207 1959 2422 2032 μεῖσθαι
2464 1957 2693 2028 δένδρων
2737 1955 2951 2019 κάλλος.
2988 1955 3098 2010 τῶν
3129 1957 3186 2008 ὲν
3217 1957 3281 2025 τῇ
3315 1954 3506 2024 ἐρήμῳ
3531 1951 3618 2005 διὰ
3652 1949 3784 2004 τῶν.

533 2041 772 2097 natibus
809 2042 1181 2098 comminutis.
1215 2043 1293 2098 lta
1322 2055 1380 2100 ut
1414 2045 1535 2100 loco
1566 2048 1806 2117 pulveris
1827 2065 1950 2104 cum
1976 2067 2099 2109 aere

2206 2051 2390 2124 ἀτμῶν
2414 2048 2509 2102 τοῦ
2541 2048 2881 2118 θυμιάματος
2903 2045 3350 2118 γεωργουμένων.
3382 2044 3463 2096 Τὰ
3484 2043 3546 2099 δὲ
3571 2041 3770 2111 θυμιά-

534 2135 676 2187 misti
737 2135 957 2190 subtilis
1004 2137 1248 2206 quaedam
1295 2147 1599 2194 aromatum
1661 2151 1810 2197 esset
1857 2143 2092 2214 diffusio,

2206 2161 2350 2216 ματα
2379 2141 2590 2212 σμύρνα
2630 2139 2727 2193 καὶ
2774 2137 2987 2202 λίϐανος
3017 2133 3086 2208 ἦν
3116 2154 3130 2168 ·
3182 2136 3261 2208 τῷ
3307 2135 3366 2189 δὲ
3413 2134 3520 2190 ἀπὸ
3561 2133 3790 2186 τούτων.

531 2222 690 2290 cujus
723 2227 771 2280 vi
807 2234 989 2283 rectus
1011 2236 1064 2282 et
1095 2228 1346 2284 sublimis
1373 2231 1552 2300 pulvis
1587 2234 1925 2303 erumpebat.

2206 2234 2358 2307 ἀτμῷ
2400 2234 2494 2288 καὶ
2548 2231 2822 2303 κονιορτός
2870 2247 2955 2293 τις
3001 2230 3091 2284 διὰ
3133 2229 3241 2283 τῶν
3271 2227 3791 2299 λεπτοποιηθέντων,

531 2318 837 2386 ἀρωμάτων
863 2319 1211 2390 συνηγείρετό
1235 2336 1292 2374 τε
1316 2319 1411 2374 καὶ
1438 2323 1815 2376 συνανέϐαινεν
1839 2342 1854 2357 ο
1886 2325 1959 2389 ὡς
1979 2326 2098 2381 ἀντὶ
2136 2329 2338 2392 κόνεως
2363 2323 2499 2380 εἶναι
2524 2325 2622 2395 τῆς
2647 2321 3100 2394 ἀνακεκραμένης
3151 2321 3288 2392 πρὸς
3346 2320 3438 2374 τὸν
3469 2319 3624 2390 ἀέρα,
3667 2318 3789 2389 τὴν.

531 2406 837 2479 λεπτομερῆ
871 2408 979 2462 τῶν
1005 2411 1308 2481 ἀρωμάτων
1337 2411 1606 2482 διάχυσιν,
1651 2413 1720 2466 δι’
1751 2410 1819 2486 ἦς
1859 2414 2038 2487 ὄρθιος
2067 2416 2096 2468 ὁ
2135 2419 2407 2491 κονιορτὸς
2435 2413 2504 2489 ἦν
2530 2416 2623 2470 καὶ
2656 2399 2949 2486 μετέωροςιί

605 2501 774 2556 Porro
803 2510 986 2557 textus
1019 2503 1099 2558 sic
1125 2503 1282 2558 habet
1305 2521 1318 2556 :
1339 2503 1471 2569 ρυω
1489 2514 1566 2560 est
1589 2506 1697 2560 ista
1721 2522 1836 2577 qua:
1864 2509 2100 2564 ascendit

2276 2511 2430 2582 Ἔχει
2458 2509 2514 2563 δὲ
2543 2507 2715 2571 οὕτως
2745 2508 2778 2578 ὴ
2807 2495 2968 2572 λέξις·
3013 2506 3106 2573 Τίς
3123 2503 3274 2573 αὕτη
3296 2505 3334 2572 ἡ
3357 2504 3790 2559 ἀναϐαίνουσα

533 2593 597 2647 de
612 2593 819 2648 deserto
833 2595 969 2648 sicut
1001 2595 1172 2647 trunci
1187 2594 1568 2662 furni,~incensa
1593 2599 1811 2669 myrrha
1828 2609 1877 2652 et
1897 2600 2011 2656 thus
2036 2601 2100 2655 ab

2206 2601 2271 2655 ἐκ
2306 2599 2414 2668 τῆς
2451 2598 2673 2669 ἐρήμου
2691 2598 2771 2664 ὡς
2797 2595 3056 2666 στελέχη
3093 2594 3346 2657 καπνοῦ,
3371 2597 3788 2665 τεθυμιαμένη;

537 2683 774 2739 omnibus
804 2683 1103 2753 palearibus
1136 2688 1476 2755 unguentarii
1487 2685 1585 2742 ?Si
1616 2690 1741 2759 quis
1767 2690 2008 2746 animum
2035 2693 2102 2746 ad

2206 2693 2443 2760 σμύρνα
2503 2690 2602 2743 καί
2656 2691 2904 2756 λίϐανος
2964 2688 3082 2743 ἀπὸ
3141 2686 3383 2741 πάντων
3445 2687 3775 2756 κονιορτῶν

533 2789 596 2824 ea
627 2788 748 2844 quae
787 2773 934 2827 dicta
990 2780 1118 2828 sunt
1151 2773 1441 2845 diligenter
1493 2778 1760 2844 attendat,
1818 2781 2100 2835 veritatem

2206 2781 2498 2851 μυρεψοῦς
2554 2781 2624 2834 El
2658 2799 2741 2844 τις
2771 2781 3014 2852 ἀκριϐῶς
3056 2781 3364 2852 ἐπιστήσειε
3397 2782 3510 2844 τοῖς
3545 2782 3775 2852 είρημέ-

533 2861 832 2930 dogmatis,
866 2860 1012 2933 quod
1053 2879 1083 2916 ιι
1113 2863 1273 2919 nobis
1313 2865 1466 2933 prius
1499 2866 1834 2922 intellectum
1879 2876 1982 2934 est,
2018 2869 2105 2923 in-

2206 2891 2316 2938 νοις
2346 2873 2436 2928 τὸν
2468 2873 2621 2936 νοῦν,
2665 2874 2888 2945 εὑρήσει
2931 2871 3024 2927 τοῦ
3071 2872 3597 2944 προκατανοηθέντος
3636 2875 3774 2944 ἡμῖν

533 2955 735 3008 veniet.
765 2953 899 3009 Nam
929 2955 1388 3026 quemadmodum
1420 2959 1477 3012 in
1502 2959 1837 3014 theatrorum
1867 2961 2096 3031 pompis,

2206 2964 2468 3034 δόγματος
2495 2963 2593 3036 τὴν
2615 2962 2888 3034 ἀλήθειαν.
2922 2958 3136 3034 ’Ὥσπερ
3163 2961 3273 3034 γὰρ
3301 2963 3358 3016 ὲν
3375 2965 3494 3026 ταῖς
3523 2967 3776 3034 πομπαῖς

537 3042 664 3097 licet
687 3043 847 3099 iidem
873 3045 1004 3108 sint,
1022 3044 1122 3115 qui
1145 3047 1481 3116 propositam
1527 3050 1664 3120 ipsis
1690 3050 1972 3106 historiam
2003 3066 2100 3106 ex-

2206 3055 2309 3110 τῶν
2334 3054 2575 3125 θεάτρων
2615 3053 2718 3108 κᾶν
2755 3054 2802 3106 ei
2843 3053 2995 3106 αὐτοὶ
3029 3047 3164 3106 ὦσιν
3199 3054 3248 3107 oi
3295 3052 3392 3125 τὴν
3417 3052 3791 3124 προτεθεῖσαν.

530 3133 742 3200 hibeat,
778 3150 924 3190 mine
958 3135 1036 3199 hi,
1067 3149 1216 3193 nunc
1245 3139 1325 3194 illi
1357 3151 1654 3196 censentur
1683 3156 1966 3213 apparere,
2005 3144 2096 3213 qui

2206 3148 2381 3211 αὐτοῖς
2449 3147 2688 3217 ἱστορίαν
2747 3144 3162 3216 ὑποκρινόμενοι
3198 3185 3214 3210 ,
3273 3147 3420 3216 ὅμως
3473 3143 3648 3214 ἕτεροι
3710 3143 3788 3208 ἐξ

535 3240 638 3296 pro
667 3227 931 3284 varietate
961 3243 1322 3299 personarum
1353 3233 1591 3303 speciem
1624 3243 1859 3300 mutant,
1893 3243 1947 3289 et
2009 3236 2104 3305 qui

539 3333 687 3374 num
720 3333 914 3376 servus
940 3331 1031 3375 aut
1058 3321 1220 3376 homo
1238 3323 1484 3392 privatus
1513 3332 1761 3394 apparet,
1795 3325 1958 3394 paulo
1983 3332 2106 3395 post

538 3411 770 3467 bellator
801 3420 895 3467 aut
921 3402 1077 3470 miles
1103 3416 1370 3479 cernitur,
1399 3421 1452 3470 et
1479 3430 1670 3470 rursus
1700 3415 1946 3471 habitum
1977 3418 2108 3472 sub-

539 3503 640 3558 diti
693 3503 986 3572 deponens,
1050 3503 1398 3573 imperatoris
1451 3519 1740 3574 personam
1807 3515 1861 3560 et
1899 3507 2105 3560 cultum

542 3596 805 3659 assumit,
837 3604 928 3650 aut
960 3595 1105 3666 regis
1138 3597 1372 3666 speciem
1407 3595 1581 3650 induit
1620 3615 1635 3652 :
1681 3598 1761 3653 sic
1789 3605 1843 3652 et
1885 3598 1940 3652 in
1997 3599 2109 3652 vir-

544 3687 679 3741 tutis
711 3686 1092 3756 progressibus
1134 3702 1246 3742 non
1304 3703 1520 3758 semper
1572 3687 1819 3744 eamdem
1874 3687 2110 3744 retinent

545 3777 775 3833 formam
804 3779 896 3848 qui
925 3792 955 3832 a
980 3778 1231 3834 claritate
1272 3780 1739 3834 transformamur
1797 3780 1853 3835 in
1888 3780 2111 3835 clarita-

539 3880 676 3935 tem,
703 3872 805 3927 sed
836 3885 934 3941 pro
967 3871 1178 3926 ratione
1205 3871 1470 3926 bonorum
1503 3871 1881 3942 perfectionis,
1913 3872 2112 3941 quibus

547 3979 606 4020 se
656 3962 889 4033 quisque
940 3962 1228 4032 praditum
1279 3964 1538 4029 ostendit,
1594 3964 1852 4036 proprius
1887 3962 2110 4034 quidam

543 4055 671 4112 vitae
700 4055 968 4111 illucescit
999 4054 1307 4120 character,
1353 4056 1495 4112 alius
1541 4055 1719 4112 factus
1768 4071 1833 4112 ex
1872 4059 1999 4127 alio,
2058 4069 2113 4117 et

545 4161 812 4218 apparens
861 4161 958 4216 per
990 4155 1344 4218 augmentum
1392 4149 1683 4202 bonorum.
1738 4148 2106 4216 Quamobrem

543 4237 676 4292 mihi
709 4237 965 4291 videntur
995 4237 1158 4292 amici
1206 4237 1393 4308 sponsi
1442 4246 1705 4309 tanquam
1773 4256 1888 4296 rem
1917 4257 2112 4299 novam

547 4328 803 4383 admirari
838 4328 892 4382 id
923 4327 1068 4398 quod
1097 4335 1340 4398 apparet,
1369 4329 1467 4398 qui
1502 4330 1656 4400 prius
1711 4330 1931 4400 quidem
1988 4349 2110 4389 eam

547 4427 917 4491 cognoverunt
961 4420 1277 4490 pulchram;
1315 4420 1630 4489 pulchram,
1681 4421 1936 4490 inquam,
1973 4425 2114 4482 inter

548 4511 683 4566 alias
709 4511 1002 4566 mulieres:
1035 4521 1221 4580 postea
1274 4521 1455 4566 autem
1496 4513 1617 4566 auri
1647 4529 1865 4587 quoque
1913 4532 2111 4573 mum-

547 4602 692 4657 nulis
717 4616 839 4656 cum
878 4603 1021 4658 netis
1057 4603 1267 4672 argenti
1301 4602 1422 4672 ejus
1477 4603 1808 4661 decorarunt
1866 4609 2115 4677 pulchri-

548 4693 815 4749 tudinem.
851 4693 1009 4750 Nunc
1042 4706 1222 4749 autem
1256 4695 1676 4766 prmedentium
1708 4707 1962 4755 notarum
1993 4701 2115 4757 nul-

548 4787 654 4839 lam
681 4785 974 4851 intuentes,
997 4785 1094 4842 sed
1124 4801 1154 4841 a
1187 4787 1607 4842 sublimioribus
1641 4787 1791 4842 illam
1823 4789 2116 4862 insignien-

550 4886 653 4940 tes,
683 4879 953 4932 mirantur
977 4893 1084 4934 non
1113 4879 1290 4933 solum
1310 4893 1626 4943 ascensum,
1659 4880 1755 4936 sed
1775 4866 1940 4935 etiam
1969 4879 2118 4938 unde

551 4969 874 5024 ascenderit.
911 4968 1022 5025 Hoc
1054 4982 1136 5027 est
1165 4972 1310 5026 enim
1345 4973 1490 5042 quod
1526 4973 1784 5042 majorem
1813 4972 1970 5029 all'ert
1999 4984 2114 5029 stu-

548 5077 757 5132 porem,
784 5061 930 5132 quod
975 5079 1084 5117 una
1120 5065 1235 5118 sola
1274 5073 1533 5119 cernatur
1571 5065 1865 5121 ascendere
1897 5079 2116 5136 compa-

549 5161 665 5211 rata
692 5153 900 5210 nemori
931 5169 1282 5225 procerarum
1318 5157 1574 5210 arborum
1604 5175 1617 5210 :
1660 5167 1922 5226 putantur
1969 5157 2112 5213 enim

548 5243 802 5300 caudices
839 5245 893 5298 in
951 5245 1122 5299 altum
1171 5245 1463 5302 ascendere
1517 5253 1572 5301 et
1629 5262 1894 5303 crescere.
1957 5248 2115 5315 Quod

549 5343 731 5390 autem
759 5335 854 5389 alit
883 5334 1165 5401 caudices,
1199 5351 1309 5392 non
1353 5347 1437 5393 est
1485 5337 1667 5409 aliqua
1714 5346 1860 5394 terra
1894 5340 2115 5412 pinguis

413 5443 436 5450 ”
549 5432 605 5483 ct
640 5427 869 5498 irrigua,
909 5427 1002 5482 sed
1031 5425 1299 5495 squalida,
1359 5426 1514 5482 arida
1551 5435 1605 5483 et
1630 5427 1867 5484 deserta.
1893 5430 1952 5485 In
1977 5445 2116 5502 quo-

543 5529 675 5575 ‘nam
713 5535 846 5591 ergo
894 5521 1109 5576 radices
1143 5529 1313 5589 agunt
1355 5519 1412 5573 hi
1461 5520 1679 5586 trunci,
1725 5531 1780 5578 et
1825 5523 1970 5579 unde
2011 5538 2113 5578 au-

550 5613 788 5681 gentur?
820 5611 995 5668 Radix
1020 5612 1240 5684 quidem
1268 5619 1354 5668 est
1377 5611 1558 5682 pulvis
1610 5620 1941 5668 aromatum.
1982 5613 2114 5670 lrri-

553 5704 699 5776 gatio
729 5715 907 5760 autem
945 5716 1029 5763 est
1078 5719 1248 5777 vapor
1299 5721 1366 5762 ex
1400 5703 1692 5772 sullitibus,
1734 5706 1978 5762 irrorans
2009 5707 2113 5762 hoc

554 5809 746 5852 nemus
774 5813 869 5867 per
895 5798 1094 5855 bonum
1127 5799 1372 5863 odorem,
1403 5806 1658 5869 quantum
1705 5799 1864 5855 habet
1897 5798 2110 5854 laudem

2205 3238 2404 3310 ἐτέρων
2464 3237 2768 3309 νομίζονται
2821 3237 3102 3306 φαίνεσθαι
3162 3239 3212 3291 οἱ
3266 3241 3330 3309 τῇ
3382 3237 3611 3308 διαφορᾷ
3659 3235 3775 3288 τῶν

2205 3329 2562 3401 προσωπείων
2599 3329 2662 3382 τὸ
2701 3322 2839 3391 εἶδος
2881 3327 2942 3380 τὸ
2976 3329 3103 3399 περὶ
3141 3329 3335 3392 αὐτοὺς
3371 3328 3773 3398 ὲναμείεοντες,

2207 3423 2302 3476 καὶ
2325 3421 2418 3475 νῦν
2453 3420 2637 3484 δοῦλος
2682 3420 2776 3475 καὶ
2828 3417 3041 3490 ἰδιώτης
3087 3418 3403 3489 φαινόμενος
3443 3421 3556 3488 μετ’
3590 3419 3790 3486 ὀλίγον.

2207 3511 2462 3586 ἀριστεύς
2479 3530 2535 3565 τε
2556 3514 2650 3566 καὶ
2684 3511 3021 3585 στρατιώτης
3047 3511 3261 3583 ὁρᾶται,
3297 3510 3392 3562 καὶ
3424 3509 3585 3564 πάλιν
3604 3527 3777 3563 κατα-

2208 3604 2378 3659 λιπὼν
2419 3605 2482 3658 τὸ
2511 3604 2813 3678 ὑποχείριον
2847 3604 3052 3674 σχῆμα.
3084 3601 3447 3674 στρατηγικὸν
3479 3597 3613 3664 εἶδος
3644 3602 3779 3655 ἀνα.-

2208 3695 2496 3768 λαμϐάνει,
2539 3694 2576 3766 ἦ
2609 3695 2704 3748 καὶ
2732 3694 2991 3765 βασιλέως
3034 3691 3245 3765 μορφὴν
3274 3689 3589 3744 ὑποδύεταισ
3631 3689 3776 3742 οὕτω

2210 3787 2303 3841 καὶ
2327 3787 2385 3841 ὲν
2412 3788 2531 3850 ταῖς
2571 3785 2711 3839 κατά
2743 3785 2841 3857 τὴν
2877 3784 3075 3857 ἀρετὴν
3103 3783 3425 3855 προκοπαί-ς,
3457 3781 3516 3834 οὺ
3547 3781 3776 3834 πάντοτε

2209 3879 2289 3951 τῷ
2318 3877 2466 3950 αὐτῷ
2502 3879 2872 3949 παραμένουσι
2904 3876 3212 3948 χαρακτῆρι
3252 3875 3301 3927 οί
3345 3872 3453 3927 ἀπὸ
3486 3871 3642 3941 δόξης
3685 3871 3778 3925 διὰ

2209 3972 2310 4041 τῆς
2353 3972 2460 4025 τῶν
2510 3970 2852 4042 ὑψηλοτέρων
2909 3968 3196 4040 ἐπιθυμίας
3242 3963 3775 4037 μεταμορφούμενοι,

2213 4062 2348 4116 ἀλλά
2379 4061 2512 4134 πρὸς
2539 4061 2694 4130 λόγον
2721 4062 2808 4116 ἀεὶ
2841 4059 3274 4132 κατορθωθείσης
3297 4057 3512 4125 ἑκάστῳ
3531 4055 3630 4124 τῆς
3663 4055 3775 4108 τῶν

2213 4149 2430 4220 ἀγαθῶν
2453 4150 2807 4220 τελειότητος,
2847 4148 2976 4213 ίδιός
2997 4165 3082 4211 τις
3112 4146 3190 4218 τῷ
3213 4147 3310 4218 βίῳ
3339 4145 3618 4216 χαρακτὴρ
3649 4145 3774 4196 ἑπι-

2212 4243 2438 4314 λάμπει,
2463 4241 2621 4305 ἄλλος
2648 4240 2708 4305 ὲξ
2738 4240 2898 4296 ἄλλον
2919 4240 3218 4310 γινόμενος,
3251 4238 3339 4292 διὰ
3364 4240 3459 4308 τῆς
3502 4235 3610 4290 τῶν
3636 4239 3776 4305 ἀγα-

2215 4335 2322 4390 θῶν
2351 4334 2718 4404 ὲπαυξήσεως.
2759 4331 2848 4385 Διό
2873 4349 2963 4403 μοι
2983 4330 3195 4385 δοκοῦσι
3227 4327 3523 4395 ξενίζεσθαι
3547 4327 3679 4399 πρὸς
3709 4327 3776 4380 τδ

2207 4425 2533 4496 φαινόμενον
2573 4424 2621 4477 οἱ
2665 4421 2805 4492 φίλοι
2854 4419 2949 4472 τοῦ
2985 4417 3238 4489 νυμφίου,
3281 4417 3328 4470 οἱ
3368 4415 3629 4487 πρότερον
3673 4412 3780 4484 μὲν.

2213 4517 2378 4589 αὐτὴν
2416 4513 2715 4585 ἐγνωκότες
2753 4496 2942 4582 καλὴν,
2981 4509 3094 4564 ἀλλ’
3129 4508 3205 4570 ὡς
3235 4508 3294 4560 ὲν
3321 4505 3533 4574 γυναιξὶ
3564 4504 3731 4574 καλήν
3753 4518 3769 4532 ·

2215 4607 2351 4679 μετά
2378 4605 2548 4660 ταῦτα
2571 4604 2627 4658 δὲ
2653 4603 2720 4657 δι’
2741 4603 3032 4673 ὁμοιότητα
3053 4599 3272 4671 χρυσίου
3301 4597 3436 4669 μετά
3461 4597 3772 4665 στιγμάτων

2210 4695 2304 4749 τοῦ
2325 4693 2588 4764 ἀργυρίου
2624 4692 2685 4744 τὸ
2723 4690 2916 4753 κάλλος
2955 4687 3124 4758 αὐτῆς
3155 4687 3500 4759 ώραῖζοντες.
3539 4687 3676 4739 Νυνὶ
3716 4685 3784 4740 δὲ

2216 4788 2380 4860 μηδὲν
2414 4787 2524 4840 τῶν
2571 4784 2948 4858 προλαϐόντων
2986 4782 3226 4853 σημείων
3259 4782 3387 4853 περὶ
3429 4779 3595 4850 αὐτὴν
3639 4778 3772 4832 καθ-

2212 4882 2461 4952 ορῶντες,
2489 4877 2601 4932 ἀλλ’
2641 4877 2748 4930 ἀπὸ
2764 4877 2872 4930 τῶν
2899 4875 3241 4946 ὑψηλοτέρων
3265 4871 3769 4944 χαρακτηρίζοντες,

2213 4970 2580 5042 θαυμάζουσιν
2616 4969 2678 5022 οὑ
2721 4969 2876 5040 μόνον
2901 4968 2997 5039 τὴν
3035 4965 3237 5027 ἄνοδον,
3274 4965 3411 5018 ἀλλά
3437 4965 3531 5018 καὶ
3555 4963 3680 5016 ὅθεν
3709 4961 3772 5016 ἀν

2214 5063 2463 5134 ἔδραμεν.
2513 5060 2683 5114 Τοῦτο
2719 5061 2826 5132 γάρ
2860 5062 3007 5112 ἐστιν
3035 5059 3064 5112 ὃ
3095 5058 3194 5128 τὴν
3233 5057 3480 5110 ἐπίτασιν
3507 5058 3647 5109 ποιεί
3675 5055 3774 5124 τῆς

2211 5153 2558 5227 ἐκπλήξεως
2613 5153 2709 5224 μία
2750 5154 2940 5224 δρᾶται
2981 5153 3016 5223 ἡ
3049 5150 3410 5205 ἀναϐαίνουσα
3433 5189 3448 5213 ,
3500 5149 3592 5202 καὶ
3623 5148 3772 5202 ἄλσει

2213 5247 2438 5318 δένδρων
2466 5245 2528 5299 τὺ
2565 5245 2884 5316 ιραινόμενον
2925 5242 3321 5315 παρώάλλεται
3341 5258 3356 5272 ο
3405 5240 3628 5312 στελέχη
3668 5240 3773 5311 γὰρ

2211 5337 2440 5411 ὁρᾶσθαι
2471 5335 2747 5406 νομίζεται
2775 5334 2835 5397 ἐς
2863 5331 2996 5402 ὕψος
3025 5331 3386 5402 ἀνατρέχοντα
3422 5328 3517 5382 καὶ
3551 5327 3772 5393 αὐξανό-

2217 5445 2371 5501 μενα.
2401 5427 2474 5480 Τὸ
2491 5426 2548 5480 δὲ
2571 5425 2871 5497 ὑποτρέφον
2889 5422 2958 5477 τά
2985 5423 3206 5494 στελέχη
3229 5421 3424 5484 ταῦτα,
3445 5420 3505 5473 οὐ
3536 5420 3674 5473 πίων
3693 5418 3772 5481 τίς

2213 5527 2331 5578 ἐστι
2358 5523 2432 5594 γῆ
2469 5521 2563 5574 καὶ
2591 5519 2951 5591 κατάρρυτος,
2988 5517 3102 5572 ἀλλ’
3141 5515 3402 5589 αὐχμηρὰ
3431 5517 3524 5570 καὶ
3546 5513 3774 5584 διψώδης

2212 5633 2272 5669 τε
2311 5615 2405 5669 καὶ
2449 5613 2667 5685 ἕρημος.
2719 5612 2836 5665 Τίνι
2880 5610 3056 5664 τοίνυν
3100 5609 3405 5683 ὲρῤιζοῦται
3441 5607 3510 5664 τά
3554 5605 3772 5675 στελέχη

2213 5707 2406 5774 ταῦτα,
2419 5707 2510 5760 καὶ
2528 5705 2648 5760 ὅθεν
2667 5703 2885 5771 αὒξεται
2905 5719 2920 5767 ;
2951 5701 3105 5765 Ῥίξα
3127 5702 3225 5772 μὲν
3246 5701 3447 5763 αὐτοῖς,
3468 5701 3501 5770 ὴ
3519 5698 3626 5752 τῶν
3644 5697 3774 5767 ἀρω-

2219 5796 2400 5868 μάτων
2435 5796 2580 5859 κόνις
2617 5795 2779 5850 ὲστίν.
2821 5792 3031 5865 Ἀρδεία
3051 5791 3106 5846 δὲ
3140 5792 3168 5845 ό
3205 5791 3269 5844 ὲκ
3297 5788 3402 5844 τῶν
3424 5787 3774 5860 θυμιαμάτων
