3932 6510
50 440 183 496 897
1125 429 1207 485 ἸΝ
1232 427 1529 486 CANTICA
1568 425 1836 485 CANTIC.
1880 422 2164 488 HOMILIA
2200 426 2289 491 Vl.
3276 426 3380 485 898

60 560 147 612 ἁτ
159 553 284 626 μρς
304 548 670 621 ἐπιδροσίζων
686 548 773 603 διά
788 549 885 617 τῆς
900 542 1126 609 εὐωδίας
1140 544 1298 599 τοῦτο
1312 543 1373 599 τὸ
1392 544 1573 608 ἄλσος,
1586 543 1708 597 ὅσον

1813 547 1864 602 id
1892 550 2037 619 quod
2068 549 2271 606 dicitur
2298 548 2440 620 ejus,
2472 548 2540 605 de
2563 561 2669 620 qua
2704 544 2873 603 latum
2906 544 3013 599 iuit
3059 538 3126 598 de
3145 542 3236 599 his
3269 550 3379 600 tes-

61 651 346 704 ἔπαινον
366 644 609 715 περιέχει
625 644 723 713 τῆς
744 641 837 696 ἐπὶ
856 642 970 704 τοῖς
982 638 1242 703 τοιούτοις
1262 635 1704 710 μαρτυρηθείσης

1811 642 2122 698 timonium.
2192 642 2329 699 Nam
2377 650 2432 698 et
2474 642 2623 713 quod
2656 657 2714 698 se
2744 642 2975 697 invicem
3038 639 3380 708 interrogant

59 741 99 792 ὁ
121 738 348 807 λόγος.
393 735 467 789 Τό
485 752 545 787 τε
585 734 694 804 γάρ
731 731 991 803 ἀλλήλους
1025 727 1286 803 διερωτᾷν
1320 729 1448 800 περὶ
1475 729 1576 799 τῆς
1608 728 1701 797 ὁιρ⁴

1811 726 1872 787 de
1900 748 1963 788 ea
1993 747 2118 803 quas
2143 734 2417 806 apparuit,
2453 742 2711 804 tanquam
2746 736 2799 788 in
2833 734 2939 788 alia
2969 748 3090 804 qua
3134 730 3382 787 ostendi-

65 832 327 901 Θείσης,
382 826 458 890 ὼς
505 828 564 880 ἐν
615 825 758 895 ἄλλῳ
800 822 1123 895 δεικνυμένῃ
1163 821 1241 892 τῷ
1286 819 1450 883 εῖδει,
1496 819 1591 874 καὶ
1641 819 1701 872 ού

1811 832 1896 879 tur
1921 824 2118 891 forma,
2143 832 2198 883 et
2234 842 2343 881 non
2386 827 2438 881 in
2468 840 2530 882 ea
2563 841 2686 897 qua
2721 827 2872 896 prius
2907 834 3047 889 erat,
3091 834 3176 880 est
3210 838 3381 878 enro-

72 924 246 978 κατὰ
282 921 397 993 τὴν
428 918 698 991 προτέραν
739 915 969 988 μορφὴν,
1003 913 1275 983 ἐγκώμιόν
1309 914 1425 966 ἐστι
1458 912 1556 982 τῆς
1581 910 1702 965 κατ’

1811 920 1977 971 mlum
2033 919 2177 987 ejus,
2226 934 2348 989 qua
2399 931 2462 973 ex
2505 916 2755 988 profectu
2794 918 2849 971 in
2902 913 3100 967 virtute
3121 906 3373 971 ellicitur»

70 1016 323 1088 ἀρετὴν
381 1010 663 1085 προκοπῆς
709 1008 1043 1063 τελειότατον
1068 1047 1083 1072 ,
1127 1005 1328 1077 πολλὴν
1372 1006 1509 1076 αὐτῇ
1565 1021 1704 1075 μαρ-

72 1106 318 1182 τυροῦν
364 1106 464 1177 τὴν
493 1102 628 1175 πρὸς
664 1103 725 1156 τὸ
756 1104 1001 1173 κρεῖττον
1039 1096 1394 1170 παραλλαγὴν
1415 1097 1509 1150 καὶ
1539 1096 1704 1167 μετά-

78 1222 335 1259 στασιν.
392 1198 761 1270 Ξενιζομένων
808 1196 916 1267 γάρ
963 1197 1110 1249 ἐστιν
1155 1195 1189 1265 ή
1243 1192 1393 1265 φωνὴ
1446 1190 1599 1263 παρά
1642 1189 1704 1243 τὸ

81 1298 357 1369 σύνηθες
413 1291 551 1356 εἶδος
610 1294 668 1345 ἐν
720 1289 956 1360 θαύματι
1008 1286 1346 1357 ποιουμένων
1388 1283 1487 1355 τὴν
1533 1284 1702 1338 ἐπαν-

82 1388 320 1443 θοῦσαν
421 1385 672 1456 μορφὴν,
747 1382 830 1435 ὅτι
884 1375 1038 1449 Α’ύτη
1116 1377 1152 1448 ή
1218 1374 1583 1429 ἀναϐαίνουσα
1640 1376 1703 1427 ἐκ

84 1479 203 1548 τῆς
250 1477 514 1548 ἐρήμου,
572 1472 797 1544 μέλαινα
849 1470 911 1523 τὸ
967 1468 1232 1541 πρότερον
1289 1468 1423 1537 ἡμῖν
1472 1465 1700 1537 ἑωρᾶτο,

1804 1009 2295 1079 perfectissimum,
2320 1017 2532 1065 testans
2552 1025 2802 1082 magnam
2829 1004 2949 1079 ejus
2975 1020 3096 1059 esse
3118 1002 3376 1059 dili‘eren-

1803 1102 1934 1155 tiam
1966 1111 2021 1156 et
2051 1102 2407 1158 mutationem
2433 1103 2486 1156 in
2506 1116 2571 1156 eo
2588 1101 2736 1172 quod
2765 1111 2849 1156 est
2876 1098 3089 1154 melius.
3113 1095 3204 1150 Est
3231 1096 3378 1150 enim

1802 1208 1908 1248 vox
1938 1196 2275 1265 stupentium
2312 1203 2368 1249 et
2406 1194 2784 1280 perculsorum
2820 1189 3201 1255 admiratione,
3234 1186 3380 1257 quod

1802 1297 1998 1355 praeter
2036 1282 2254 1339 solitum
2276 1281 2449 1337 forma
2472 1286 2679 1344 ﬂoreat,
2703 1294 2893 1355 nempe
2908 1280 3378 1355 Quemadmodum

1801 1392 1864 1434 ea
1879 1394 1999 1449 quae
2020 1378 2265 1433 ascendit
2282 1392 2346 1432 ex
2367 1376 2740 1439 deserto,cum
2759 1374 2915 1443 prius
2929 1374 3088 1428 nobis
3103 1373 3383 1428 videretur

1799 1471 1976 1542 nigra,
1992 1470 2338 1527 tenebrosam
2358 1467 2588 1523 formam
2611 1465 2872 1520 abluerit?
2906 1464 3374 1535 quemadmodum

87 1570 228 1632 πῶς
309 1568 416 1639 τὴν
491 1563 770 1635 σκοτεινὴν
848 1559 1058 1634 μορφὴν
1129 1556 1500 1626 ἀπεκλύσατο;
1585 1555 1703 1619 πῶς

91 1661 249 1731 αὑτῇ
314 1657 570 1729 χιονῶδες
610 1648 979 1727 ἐπαστράπτει
1026 1648 1092 1705 τὸ
1137 1648 1548 1721 “posto-m0fo
1575 1646 1706 1718 ἐρηο

100 1755 214 1824 μός
264 1754 443 1816 ἐστιν,
488 1750 564 1814 ὡς
605 1749 798 1808 ἔοικεν.
846 1741 992 1800 αίτία
1034 1742 1257 1808 τούτων,
1298 1743 1332 1813 ή
1379 1740 1626 1812 καθάπερ
1650 1757 1702 1793 τι

97 1847 270 1917 ἔρνος
306 1840 638 1913 ἀναδραμεῖν
667 1838 835 1909 αὐτῆς
871 1837 931 1891 τὸ
960 1834 1091 1905 ὕψος
1114 1835 1405 1904 ποιήσασα,
1434 1831 1529 1886 καὶ
1565 1828 1704 1903 πρὸς

1800 1564 1850 1618 ei
1884 1564 2041 1619 nivea
2078 1562 2311 1633 refulget
2354 1555 2747 1632 pulchritudo?
2778 1556 2920 1612 Num
2970 1557 3272 1621 desertum,
3317 1561 3379 1609 ut

1798 1655 2035 1717 videtur,
2080 1662 2362 1709 estcausa
2400 1652 2545 1723 quod
2597 1653 2713 1722 ipsa
2763 1651 2906 1708 sicut
2946 1649 3241 1721 virgultum
3291 1663 3381 1704 as-

1800 1754 1991 1818 surgat
2024 1746 2079 1801 iu
2105 1746 2294 1810 altum,
2328 1745 2500 1815 ipsam
2532 1744 2586 1798 in
2618 1758 2737 1799 eam
2764 1752 2984 1798 mutans
3014 1740 3382 1813 pulchritudi-

1802 1835 2102 1896 nem?Non
2133 1838 2278 1894 enim
2321 1852 2454 1895 casu
2496 1836 2744 1901 fortuito,
2794 1850 2971 1907 neque
3003 1835 3185 1905 aliqua
3236 1842 3385 1888 sorte

99 1901 168 1991 rb
214 1901 467 1990 τοιοῦτον
515 1901 918 2005 μεταϐάλλουσα
961 1901 1179 1994 κάλλος;
1314 1925 1423 1996 γάρ
1447 1922 1505 1991 ἐξ
1545 1901 1704 1977 αύτο-

1811 1934 1923 1988 sine
1948 1931 2162 1987 delectu
2190 1930 2372 1987 factus
2405 1937 2490 1985 est
2522 1929 2611 1984 hic
2644 1930 2700 1984 in
2739 1901 2908 1982 altum
2944 1901 3208 1982 ascensus
3236 1938 3254 1978 :
3288 1923 3385 1980 sed

107 2031 299 2103 μάτου
330 2028 471 2092 τινὸς
506 2022 811 2095 συντυχίας,
844 2021 965 2076 ούδέ
998 2020 1140 2074 κατὰ
1167 2017 1389 2089 ἄκριτόν
1414 2030 1536 2070 τινα.
1566 2016 1704 2069 ἀπο-

105 2124 400 2195 κλήρωσιν
426 2119 644 2190 γέγονεν
686 2115 825 2187 αὕτη
865 2116 899 2185 ή
944 2112 1082 2184 πρὸς
1108 2111 1171 2164 τὸ
1219 2108 1351 2181 ὕψος
1388 2106 1700 2179 ἀναδρομή⁶

4 2216 5 2223 “
107 2216 234 2272 ἀλλ’
270 2216 332 2284 ἐξ
361 2212 571 2277 οἰκείων
602 2209 778 2264 πόνων
809 2206 879 2261 δι’
911 2204 1233 2277 ἐγκράτειαν
1259 2204 1352 2257 καὶ
1386 2200 1707 2269 ἐπιμέλειαν

4 2328 7 2336 λ
107 2308 175 2361 τὸ
209 2306 411 2367 κάλλος
447 2303 732 2374 ἐκτήσατο.
758 2296 911 2352 Οὕτω
966 2293 1096 2346 ποτέ
1128 2293 1223 2347 καὶ
1245 2294 1278 2363 ἡ
1298 2290 1390 2346 τοῦ
1418 2290 1702 2362 Προφήτου

108 2396 264 2468 ψυχὴ
296 2393 533 2465 διψώδης
564 2393 778 2460 ἐγένετο
803 2389 903 2458 τῆς
931 2386 1078 2449 Θείας
1112 2383 1313 2455 πηγῆς,
1340 2382 1523 2452 ἐπειδὴ
1556 2378 1706 2449 αύτῷ

4 2498 7 2525 ε
111 2494 147 2562 ὴ
179 2486 323 2560 σὰρξ
350 2485 553 2558 ἔρημός
589 2501 649 2538 τε
690 2484 784 2536 καὶ
811 2481 1009 2544 ἄϐατος
1044 2479 1138 2532 καὶ
1164 2475 1389 2546 ἄνυδρος
1417 2471 1706 2542 γενομένη,

4 2594 9 2617 ξ
113 2582 179 2636 τὺ
208 2582 353 2635 θεῖον
374 2576 526 2649 δίψος
552 2577 609 2629 ἐν
636 2576 800 2646 ἑαυτῇ
832 2571 1180 2646 παρεδέξατο.
1213 2568 1286 2621 Τὸ
1309 2566 1486 2619 τοίνυν
1509 2567 1574 2618 ὲκ
1604 2562 1706 2631 τῆς

4 2680 9 2709 ί
116 2676 330 2746 ἐρήμου
383 2668 693 2724 ἀναϐαίνειν
738 2666 928 2737 αὐτὴν,
969 2662 1271 2737 μαρτυρίαν
1324 2658 1566 2732 περιέχει
1610 2657 1703 2710 τοῦ

119 2763 211 2818 διὰ
262 2760 536 2835 προσοχῆς
579 2776 638 2812 τε
680 2757 774 2811 καὶ¹
824 2753 1144 2827 ἐγκρατείας
1195 2753 1253 2814 ἐς
1305 2748 1556 2803 τοσοῦτον
1610 2747 1706 2801 καὶ

4 2869 11 2897 τ
121 2854 364 2908 τοιοῦτον
412 2850 542 2921 ὕψος
592 2848 940 2921 ἀναδραμεῖν,
993 2845 1068 2908 ὡς
1119 2843 1213 2896 καὶ
1252 2843 1364 2905 τοῖς
1398 2840 1570 2909 φίλοις
1611 2836 1704 2891 τοῦ

6 2960 11 2969 ‘
125 2944 361 3016 νυμφίου
402 2941 587 3012 θαῦμα
614 2936 885 3009 γενέσθαι,
916 2935 965 2989 οἳ
1005 2934 1093 2988 διὰ
1133 2932 1341 2987 πολλῶν
1374 2928 1707 3000 ὑποδειγμά-

4 3050 12 3081 τ
127 3055 235 3091 των
274 3036 335 3089 τὸ
378 3032 571 3096 κάλλος
618 3029 789 3098 αὐτῆς
833 3026 1242 3100 ἑρμηνεύουσιν,
1277 3023 1461 3094 ἐπειδὴ
1497 3021 1563 3074 δι’
1593 3020 1710 3083 ἐνὸς

4 5094 7 5125 5

132 3132 279 3183 ἅπαν
316 3124 714 3199 περιληφθῆναι
745 3121 843 3191 ούχ
864 3116 976 3174 οἷόν
1001 3136 1060 3172 τε
1085 3113 1174 3190 ἦν.
1221 3116 1443 3188 Πρῶτον
1473 3115 1570 3185 μὲν
1600 3111 1708 3183 γὰρ

1800 2040 1865 2081 ex
1902 2025 2019 2081 suis
2048 2022 2330 2080 laboribus
2362 2038 2460 2094 per
2506 2021 2905 2077 continentiam
2946 2026 3001 2073 et
3041 2016 3385 2088 diligentiam

1801 2117 2095 2188 acquisivit
2119 2115 2605 2187 pulchritudinem.
2630 2112 2709 2167 Ita
2734 2112 2899 2168 etiam
2929 2110 3223 2181 aliquando
3248 2102 3383 2161 Pro-

1800 2212 1978 2282 phetae
2030 2211 2211 2265 anima
2257 2209 2363 2264 fuit
2403 2208 2597 2264 sitiens
2638 2206 2885 2262 divinum
2938 2203 3185 2267 fontem,
3232 2208 3386 2270 post.

1802 2321 1965 2376 quam
2001 2319 2132 2360 caro
2159 2318 2280 2374 quae
2306 2302 2356 2357 ei
2387 2307 2637 2357 evaserat
2662 2299 2905 2379 deserta,
2937 2296 3155 2365 nullum.
3175 2294 3387 2349 habens

1802 2396 2034 2462 aditum,
2063 2394 2329 2465 aridaque
2356 2402 2410 2449 et
2432 2393 2722 2463 inaquosa,
2754 2391 2993 2460 divinam
3020 2388 3076 2442 in
3104 2402 3164 2443 se
3197 2401 3390 2443 susce-

1802 2489 1881 2561 pit
1922 2489 2092 2545 sitim.
2120 2485 2277 2555 Quod
2310 2503 2373 2541 ea
2407 2499 2538 2556 ergo
2574 2483 2823 2539 ascendit
2858 2482 2913 2536 in
2948 2480 3252 2545 desertum,
3283 2480 3388 2534 hoc

1802 2582 2057 2656 perhibet
2086 2579 2486 2643 testimonium,
2523 2576 2668 2647 quod
2707 2589 2803 2645 per
2834 2573 3165 2628 industriam
3211 2581 3391 2629 atten-

1802 2678 2116 2744 tionemque
2164 2680 2219 2728 et
2271 2669 2666 2726 continentiam
2717 2668 2772 2721 in
2829 2666 2998 2719 altum
3051 2665 3387 2728 ascenderit,

1805 2769 1941 2824 adeo
1990 2774 2050 2820 ut
2098 2773 2152 2822 et
2200 2764 2391 2819 amicis
2427 2761 2614 2833 sponsi
2660 2759 2714 2815 id
2765 2760 2837 2816 sit
2889 2757 3261 2822 admirationi,
3295 2754 3390 2828 qui

1804 2860 1992 2916 multis
2051 2856 2316 2926 exemplis
2378 2855 2498 2925 ejus
2545 2852 2824 2923 explicant
2874 2849 3390 2920 pulchritudinem,

1810 2949 2256 3023 quandoquidem
2297 2962 2405 3002 uno
2435 2961 2544 3000 non
2588 2952 2801 3014 poterat
2838 2944 3094 2999 universa
3138 2954 3393 3012 compre-

1806 3046 1995 3101 hendi.
2041 3044 2176 3099 Nam
2210 3042 2447 3112 primum
2501 3039 2719 3109 quidem
2774 3036 3097 3092 caudicibus
3144 3045 3237 3090 aut
3281 3035 3393 3089 vir-

1808 3139 1972 3209 gultis
2020 3136 2328 3191 assimilant
2378 3133 2499 3202 ejus
2561 3126 3067 3201 pulchritudinem,
3134 3142 3238 3181 nec
3294 3124 3393 3181 uni

134 3221 406 3293 στελέχεσι
453 3218 550 3291 τὴν
581 3219 730 3289 ὥραν
758 3213 1053 3276 εἰκάζουσι.
1086 3213 1181 3265 καὶ
1220 3210 1338 3263 οὐδὲ
1372 3207 1575 3261 τούτων
1605 3205 1704 3267 ἐνὶ,

1813 3205 1986 3288 solum
2016 3245 2079 3283 ex
2116 3228 2245 3290 illis,
2277 3225 2371 3280 sed
2407 3231 2460 3279 et
2507 3224 2765 3278 arborum
2796 3233 3017 3290 quoque
3048 3216 3391 3272 multitudini

135 3313 248 3369 ἀλλ’
279 3313 358 3376 είς
384 3310 585 3382 πλῆθος
614 3308 843 3380 δένδρων
869 3306 1058 3374 ἄγεται
1103 3303 1211 3357 τῶν
1244 3304 1303 3356 ἐν
1330 3301 1464 3371 αὐτῇ
1501 3297 1709 3369 θαυμάο

132 3408 296 3479 τωνή
325 3403 558 3468 εἰκασία,
593 3402 668 3466 ὡς
716 3402 781 3455 ἂν
819 3399 879 3453 τὸ
914 3397 1190 3460 πολυειδὲς
1215 3396 1307 3449 καὶ
1338 3393 1577 3448 ποικίλον
1603 3390 1710 3444 τῶν

136 3478 341 3572 ἀρετῶν
364 3499 428 3569 τῇ
461 3495 748 3565 ὑπογραφῇ
774 3490 867 3545 τοῦ
899 3490 1095 3553 ἄλσους
1134 3484 1533 3541 διαδεικνύοιτο.
1580 3478 1710 3536 Εἶτα

139 3585 339 3649 καπνὸς
380 3586 444 3637 ὲκ
487 3582 846 3654 Θυμιαμάτων
893 3579 973 3643 είς
1003 3578 1102 3649 τὴν
1129 3576 1313 3631 είκόνα
1352 3573 1445 3628 τοῦ
1485 3573 1713 3636 κάλλους

141 3675 649 3750 παραλαμϐάνεται’
704 3674 797 3726 καὶ
840 3671 961 3725 οὐδὲ
1004 3662 1157 3732 οὗτος
1195 3666 1429 3731 ἀπλοῦς,
1487 3666 1601 3719 ἀλλ’
1648 3667 1712 3718 ὲκ

146 3769 382 3841 σμύρνης
428 3767 523 3821 καὶ
572 3765 789 3820 λιϐάνου
846 3760 1304 3833 συγκεκραμένος,
1352 3758 1427 3823 ὠς
1484 3757 1611 3829 μίαν
1653 3756 1713 3821 ἐξ

145 3863 336 3933 ἀμφοῖν
365 3858 605 3928 γίνεσθαι
631 3857 738 3910 τῶν
766 3855 954 3926 ἀτμῶν
982 3855 1080 3926 τὴν
1112 3854 1290 3925 χάριν,
1312 3851 1379 3905 δι’
1419 3845 1495 3905 ὧν
1529 3852 1591 3903 τδ
1614 3850 1713 3920 τῆς

148 3956 353 4025 νύμφης
385 3951 760 4021 ὑπογράφεται
797 3948 1007 4011 κάλλος.
1037 3946 1225 4009 Ἀλλος
1258 3945 1475 4007 ἔπαινος
1523 3943 1711 4013 αὐτῆς,

146 4047 181 4117 ή
211 4046 311 4098 τῶν
340 4043 643 4116 ἀρωμάτων
673 4040 877 4094 τούτων
923 4039 1131 4107 γίνεται
1178 4034 1341 4106 μίξις.
1373 4035 1441 4087 Ἦ
1476 4033 1710 4104 σμύρνα,

151 4144 279 4217 πρὸς
295 4142 383 4196 τὸν
402 4135 766 4207 ἐνταφιασμὸν
798 4132 905 4186 τῶν
937 4129 1202 4199 σωμάτων
1231 4124 1547 4196 ἐπιτηδείως
1578 4121 1712 4193 ἔχει*

151 4239 181 4290 ὁ
198 4214 257 4289 δὲ
282 4232 490 4295 λίϐανος
524 4228 666 4284 κατὰ
691 4243 812 4281 τινα
849 4223 1004 4293 λόγον
1034 4220 1332 4291 ἀφιέρωται
1363 4220 1429 4289 τῇ
1457 4215 1551 4269 τοῦ
1579 4214 1714 4269 Θεοῦ

154 4329 295 4399 τιμῇ.
342 4326 400 4378 '0
431 4322 606 4377 τοίνυν
658 4318 848 4374 ἑαυτὸν
894 4315 1101 4388 μέλλων
1143 4310 1453 4369 ἀνατιθέναι
1495 4311 1564 4379 τῇ
1620 4305 1715 4361 τοῦ

156 4398 279 4475 Θεοῦ
311 4416 593 4490 θεραπείᾳ.
618 4415 717 4468 ούκ
748 4411 921 4476 ἄλλως
949 4410 1097 4462 ἔσται
1125 4406 1339 4467 λίϐανος
1370 4402 1449 4474 τῷ
1470 4398 1588 4471 Θεῷ
1622 4398 1715 4453 θυ-

161 4508 432 4582 μιώμενος,
460 4508 506 4559 εἰ
536 4506 609 4577 μὴ
636 4505 898 4575 πρότερον
922 4500 1135 4571 σμύρνα
1156 4497 1386 4568 γένοιτο,
1412 4495 1712 4559 τουτέστιν,

158 4567 205 4654 et
233 4567 298 4671 μή
330 4567 656 4666 canem-si};
682 4567 995 4664 ¹γ’ἧςάύτού
1037 4567 1175 4660 μέλη
1206 4584 1550 4658 νεκρώσειεν,
1587 4597 1715 4635 συν-
1745 4567 1791 4624 Ῑ)

159 4691 330 4758 ταφεὶς
355 4687 431 4760 τῷ
468 4685 627 4757 ήμῶν
666 4682 1048 4753 ἀναδεξαμένῳ
1092 4679 1183 4733 τὸν
1219 4677 1467 4740 Θάνατον,
1494 4674 1590 4728 καὶ
1616 4672 1716 4745 τὴν

165 4782 386 4853 σμύρναν
425 4778 639 4850 ἐκείνην
666 4776 762 4849 τὴν
802 4776 861 4829 ἐν
889 4773 966 4845 τῷ
1006 4768 1358 4842 ἐνταφιασμῷ
1387 4767 1482 4823 τοῦ
1511 4766 1716 4840 Κυρίου

164 4873 609 4948 παραληφθεῖσαν,
644 4873 710 4942 τῇ
748 4868 908 4940 σαρκὶ
944 4869 1010 4938 τῇ
1047 4866 1151 4940 ἰδίᾳ
1187 4864 1274 4918 διά
1320 4862 1415 4916 τοῦ
1446 4860 1718 4935 νεκρῶσαι

165 4969 227 5023 τὰ
261 4967 381 5040 μέλη
431 4964 889 5034 καταδεξάμενος·
937 4953 1010 5015 ὧν
1055 4957 1377 5029 γενομένων,
1428 4956 1535 5009 πᾶν
1581 4950 1720 5018 εἶδος

167 5062 263 5113 τῶν
292 5059 402 5114 κατ’
435 5056 633 5129 ἀρετὴν
678 5052 986 5127 ἀρωμάτων
1022 5051 1079 5103 ἐν
1121 5049 1199 5119 τῷ
1232 5047 1417 5117 κύκλῳ
1443 5042 1536 5097 τοῦ
1580 5042 1716 5114 βίου,

172 5148 393 5223 καθάπερ
442 5150 498 5201 ὲν
557 5146 681 5218 θυῖᾳ
730 5143 837 5197 τινὶ
884 5136 1414 5210 λεπτοποιηθέντων,
1452 5134 1543 5188 τὸν
1590 5133 1719 5203 ήδὺν

175 5242 352 5293 ἐκεῖνον
411 5238 684 5309 κονιορτὸν
744 5233 1143 5307 ἀπεργάζεται,
1191 5229 1251 5282 ὃν
1302 5226 1482 5282 λαϐὼν
1530 5227 1588 5279 ἐν
1640 5222 1720 5293 τῷ

178 5333 404 5403 ἄσθματι,
449 5328 674 5394 εὔπνους
712 5327 938 5397 γίνεται,
977 5324 1072 5378 τοῦ
1119 5318 1522 5394 μεμυρισμένου
1560 5316 1721 5370 πνεύ-

182 5441 325 5498 ματος
365 5422 571 5494 πλήρης
615 5421 923 5492 γενόμενος.
974 5415 1128 5471 Μετά
1176 5413 1273 5485 τὴν
1315 5414 1376 5466 ἐν
1416 5412 1495 5482 τῷ
1538 5409 1722 5464 κάλλει

182 5513 477 5588 μαρτυρίαν,
503 5514 553 5567 οἱ
584 5513 723 5582 φίλοι
751 5511 847 5566 τοῦ
874 5505 1130 5580 νυμφίου,
1161 5507 1254 5561 καὶ
1277 5503 1725 5577 παρασκευασταὶ

177 5607 261 5664 τοῦ
292 5604 445 5675 ἁγνοῦ
478 5604 742 5674 θαλάμου,
788 5605 881 5657 καὶ
920 5602 1018 5673 τῆς
1060 5598 1307 5671 καθαρᾶς
1336 5596 1552 5667 νύμφης
1590 5610 1724 5663 προ-

186 5703 472 5773 μνήστορες,
504 5697 939 5751 ὑποδεικνύουσιν
984 5694 1119 5765 αὐτῇ
1167 5693 1265 5763 τῆς
1299 5688 1577 5761 βασιλικῆς
1607 5685 1723 5741 κλί-

1812 3330 2163 3393 comparatur
2212 3319 2334 3389 ejus
2382 3313 2737 3388 pulchritudo
2790 3310 3150 3375 admirabilis,
3201 3317 3259 3362 ut
3309 3309 3398 3364 de-

1813 3420 2111 3487 scriptione
2157 3413 2402 3471 nemoris
2453 3410 2778 3467 ostendatur
2825 3407 3086 3462 virtutum
3130 3403 3390 3460 varietas.

1813 3508 2018 3565 Deinde
2050 3506 2234 3561 fumus
2263 3520 2329 3559 ex
2362 3501 2632 3559 sullitibus
2658 3497 2964 3555 assumitur
2998 3495 3063 3550 ad
3102 3495 3395 3566 imaginem

1813 3597 2246 3671 pulchritudinis
2279 3614 2292 3650 :
2329 3608 2508 3663 neque
2558 3591 2649 3645 hic
2684 3588 2938 3659 simplex,
2989 3585 3081 3641 sed
3122 3585 3393 3640 sumtibus

1812 3693 2048 3765 myrrha:
2080 3698 2133 3745 et
2164 3688 2341 3743 thuris
2372 3684 2537 3742 simul
2566 3680 2905 3744 commistis,
2948 3688 3009 3733 ut
3046 3693 3112 3733 ex
3140 3677 3398 3746 utrisque

1812 3803 1921 3841 una
1961 3786 2033 3841 sit
2062 3783 2286 3855 vaporis
2314 3778 2514 3852 gratia.
2547 3791 2645 3848 per
2670 3790 2791 3846 qua:
2821 3786 3040 3843 sponsa:
3062 3769 3398 3826 describitur

1813 3877 2186 3952 pulchritudo.
2223 3876 2343 3929 Alia
2368 3875 2491 3929 laus
2532 3878 2619 3926 est
2661 3867 2855 3923 mixtio
2891 3872 3218 3918 aromatum.
3251 3861 3398 3933 Myr-

1815 3968 1914 4022 rha
1949 3975 2034 4022 est
2065 3976 2190 4035 apta
2220 3962 2286 4017 ad
2317 3976 2610 4032 corporum
2642 3958 2977 4021 sepulturam
3011 3974 3024 4008 :
3058 3954 3185 4006 thus
3215 3963 3394 4007 autem

1814 4071 1899 4119 est
1930 4060 2164 4132 quadam
2210 4058 2423 4112 ratione.
2456 4060 2843 4109 consecratum
2890 4047 3085 4102 honori
3131 4044 3248 4100 Dei.
3293 4040 3397 4110 Qui

1815 4170 1873 4209 se
1906 4153 2020 4207 vult
2048 4165 2179 4222 ergo
2207 4148 2303 4204 Dei
2360 4146 2617 4201 dedicare
2648 4140 2844 4205 cultui,
2888 4155 2998 4194 non
3046 4138 3151 4192 erit
3190 4137 3395 4192 bonum

1816 4248 1947 4303 thus
1994 4243 2105 4299 Deo
2146 4249 2555 4299 consecratum,
2602 4235 2710 4291 nisi
2755 4234 2907 4304 prius
2944 4231 3109 4285 fuerit
3149 4228 3395 4300 myrrha,

1817 4340 1920 4394 hoc
1948 4343 2051 4403 est,
2088 4334 2198 4390 nisi
2242 4328 2657 4387 mortiﬁcaverit
2692 4325 2936 4381 membra
2977 4338 3098 4392 qua.
3131 4328 3261 4376 sunt
3303 4334 3403 4374 sud

1816 4447 1914 4504 pra
1961 4440 2186 4493 terram,
2242 4424 2603 4494 consepultus
2648 4434 2772 4474 eum
2825 4431 2889 4469 eo
2940 4414 3033 4485 qui
3088 4428 3186 4483 pro
3236 4411 3399 4465 nobis

1818 4532 2050 4581 mortem
2088 4517 2354 4588 suscepit,
2384 4523 2438 4571 et
2468 4512 2744 4585 myrrham
2780 4509 2924 4561 illam
2965 4521 3084 4576 qum
3115 4511 3402 4573 assumpta

1819 4622 1903 4669 est
1950 4611 2016 4666 ad
2065 4607 2280 4663 Domini
2335 4603 2697 4673 sepulturam,
2751 4597 2807 4650 in
2855 4595 3074 4665 propria
3120 4606 3286 4645 carne
3330 4589 3400 4644 ad

1822 4701 2202 4763 mortilicanda
2227 4714 2325 4756 sua
2354 4695 2598 4752 membra
2627 4690 2921 4762 acceperit.
2946 4687 3079 4754 Quae
3103 4701 3226 4739 eum
3258 4684 3400 4738 facta

1824 4801 2051 4867 fuerint,
2082 4811 2243 4854 omne
2284 4808 2458 4865 genus
2489 4796 2795 4844 aromatum
2826 4802 2891 4841 ex
2925 4784 3152 4842 virtute,
3186 4781 3237 4834 in
3277 4780 3403 4833 vitae

1824 4891 2055 4955 circulo,
2111 4899 2373 4956 tanquam
2421 4883 2478 4936 in
2524 4881 2709 4951 aliquo
2743 4876 3009 4932 mortario
3065 4874 3119 4927 in
3171 4872 3406 4927 subtiles

1827 4990 2010 5057 partes
2039 4979 2524 5039 comminutorum,
2560 4987 2780 5027 suavem
2826 4971 2976 5023 illum
3023 4966 3185 5022 ellicit
3217 4964 3403 5035 pulve-

1823 5054 1960 5138 rem,
2001 5087 2163 5142 quem
2209 5069 2302 5140 qui
2349 5065 2553 5136 accepit
2586 5065 2641 5118 in
2682 5062 2949 5125 anhelitu,
2999 5058 3204 5113 odorus
3235 5054 3405 5110 eliici-

1825 5176 1936 5232 tur,
1986 5164 2181 5234 plenus
2238 5160 2433 5231 spiritu
2493 5163 2772 5229 unguenta
2824 5152 3116 5209 redolenti.
3160 5148 3288 5204 Post
3333 5145 3407 5199 de

1825 5254 2240 5331 pulchritudine
2285 5253 2457 5306 latum
2506 5249 2907 5309 testimonium,
2963 5244 3126 5299 amici
3188 5237 3404 5310 sponsi,

1826 5358 1879 5405 et
1940 5346 2033 5418 qui
2090 5351 2288 5415 parant
2345 5342 2645 5396 thalamum
2690 5339 3076 5410 impollutum,
3140 5340 3195 5388 et
3254 5345 3408 5401 pune

1828 5452 2045 5509 sponsas
2088 5434 2350 5507 pronubi,
2407 5432 2702 5488 ostendunt
2753 5429 2802 5485 ei
2860 5426 3059 5497 regalis
3112 5420 3235 5476 lecti
3282 5417 3405 5484 pul-

1828 5527 2219 5588 chritudinem,
2270 5533 2329 5579 ut
2379 5538 2637 5594 sponsam
2684 5519 2877 5589 majori
2914 5513 3216 5570 accendant
3257 5508 3405 5565 desi-

1829 5620 1981 5675 derio
2012 5618 2213 5674 divinae
2255 5625 2311 5671 et
2353 5614 2718 5669 immaculata:
2762 5625 2887 5666 cum
2917 5624 2981 5663 eo
3013 5607 3134 5662 vitae
3170 5615 3401 5659 consuev
3445 5676 3450 5689 .

1830 5713 2057 5768 tudinis.

185 5838 265 5893 νης
287 5819 339 5872 τὸ
363 5815 576 5881 κάλλος,
607 5815 680 5879 ὡς
712 5814 777 5870 ἂν
815 5812 1014 5884 μᾶλλον
1050 5812 1107 5874 ἐς
1136 5806 1428 5878 ἐπιθυμίαν
1462 5803 1562 5875 τὴν
1596 5801 1810 5876 νύμφην
1838 5806 2094 5877 ἀγάγοιεν
2141 5806 2240 5877 τῆς
2273 5804 2422 5867 θείας
2476 5817 2535 5856 τε
2579 5798 2673 5853 καὶ
2714 5796 2983 5868 ἀχράντου
3055 5788 3172 5864 μετ’
3237 5781 3401 5840 αὑτοῦ
3452 5774 3500 5841 ἐ]

188 5908 522 5983 συμϐιώσεως.
