4028 6550
506 434 616 491 889

503 637 758 690 oratione
801 634 1232 689 demonstrativa
1275 647 1373 702 per
1419 648 1481 689 ea
1514 649 1638 703 quae
1665 632 1968 707 disserunt
2021 631 2070 686 ei

507 727 712 798 aliquid
767 726 1083 796 relinquunt
1128 725 1577 781 existimandum.
1632 725 1830 779 Dicunt
1877 724 2018 780 enim
2056 742 2068 778 :

502 817 639 875 Ecce
706 819 869 873 lectus
935 817 1268 884 Salomonis,
1349 818 1624 888 sexaginta
1699 816 1862 886 fortes
1932 816 2074 869 circa

502 925 620 962 eum
677 923 742 962 ex
785 907 1008 976 fortibus
1057 905 1249 962 Israel.
1299 907 1489 963 Omnes
1548 914 1773 962 tenentes
1815 905 2072 978 gladium,

501 1000 658 1068 periti
682 1015 893 1070 pugnw,
924 999 1334 1070 uniuscujusque
1361 1000 1501 1054 ensis
1543 1015 1703 1068 super
1731 998 1901 1067 femur
1920 1013 2074 1052 suum

501 1103 715 1160 propter
745 1101 1011 1161 stuporem
1054 1099 1392 1145 nocturnum.
1430 1092 1607 1160 Atque
1650 1089 1797 1160 quod
1852 1106 1960 1146 non
2007 1105 2072 1146 ex

505 1185 738 1239 historia
767 1184 986 1254 quidem
1032 1184 1099 1238 de
1135 1184 1277 1238 lecto
1309 1183 1471 1237 verba
1523 1183 1679 1249 ﬁant,
1713 1185 1887 1239 cuivis
1913 1183 2077 1239 fuerit

412 1310 416 1354 ρ
507 1275 855 1354 perspicuum
876 1289 972 1342 per
989 1288 1049 1328 ea
1071 1288 1192 1343 quae
1213 1273 1280 1328 de
1300 1271 1594 1328 Salomone
1620 1273 1822 1344 scripta
1841 1282 1968 1330 sunt
1990 1274 2075 1328 hi-

503 1349 716 1422 storice
755 1381 820 1421 ac
851 1365 1215 1436 corporaliter
1247 1382 1262 1420 :
1300 1365 1460 1435 cujus
1488 1373 1543 1420 et
1569 1381 1818 1421 mensam
1848 1366 2074 1436 regiam,

405 1499 412 1528 ε
508 1467 564 1512 et
616 1459 885 1528 reliquum
928 1459 982 1511 in
1023 1472 1192 1527 regno
1231 1465 1577 1527 apparatum,
1626 1457 1860 1529 vitaeque
1910 1457 2076 1512 totius

409 1560 435 1615 ξ
507 1551 862 1606 traducenda:
908 1551 1178 1605 rationem
1221 1549 1641 1621 diligentissime
1683 1558 1738 1606 et
1772 1550 2076 1606 accuratis-

507 1647 645 1699 sime
683 1643 975 1712 descripsit
1000 1643 1140 1697 liber
1176 1641 1379 1714 Regum
1409 1660 1422 1697 :
1457 1643 1584 1697 novi
1616 1651 1794 1698 autem
1829 1650 1883 1699 et
1918 1639 2079 1697 alieni

507 1735 575 1790 de
613 1735 750 1790 lecto
823 1734 958 1789 nihil
1013 1734 1198 1789 dixit:
1232 1735 1417 1805 itaque
1451 1736 1675 1790 omnino
1723 1742 1807 1790 est
1855 1748 2081 1790 necesse

509 1827 901 1897 expositionem
947 1841 1057 1881 non
1097 1841 1320 1881 manere
1353 1826 1407 1881 in
1454 1827 1658 1890 littera,
1704 1825 1800 1882 sed
1839 1825 2078 1896 aliquam

509 1918 906 1972 accuratiorem
939 1917 1402 1987 comprehendere
1431 1918 1865 1990 intelligentiam,
1897 1924 2080 1972 mente

509 2010 745 2065 abducta
784 2023 815 2062 a
855 2008 1127 2064 materiali
1173 2009 1574 2081 signiﬁcatione
1627 2010 1696 2064 ad
1738 2008 2080 2080 spiritualem

506 2099 660 2154 verbi
709 2100 1253 2171 contemplationem.
1299 2102 1435 2167 Quis
1465 2103 1611 2157 enim
1649 2103 1775 2158 lecti
1821 2101 2081 2174 nuptialis

511 2190 677 2246 fuerit
705 2200 940 2254 ornatus
970 2207 1036 2246 ex
1071 2193 1352 2263 sexaginta
1377 2195 1623 2260 armatis,
1655 2197 1748 2266 qui
1775 2210 1839 2250 ea
1871 2195 2081 2250 didice-

512 2293 644 2338 runt
665 2299 788 2354 quae
832 2292 961 2339 sunt
990 2285 1118 2340 belli
1147 2286 1451 2341 terribilia?
1486 2286 1552 2341 Et
1573 2287 1699 2358 quis
1729 2296 1958 2345 ornatus
1996 2295 2082 2344 est

511 2374 660 2428 ensis
707 2357 817 2442 quo
853 2372 1161 2428 accinctum
1216 2380 1301 2428 est
1344 2357 1770 2444 corpus‘iQuid
1818 2391 1946 2432 vero
1986 2377 2080 2446 qui

511 2462 657 2516 circa
687 2477 782 2517 eos
814 2472 899 2516 est
946 2471 1142 2532 stupor
1187 2464 1534 2520 nocturnus?
1563 2463 1885 2520 Terribilem
1916 2466 2080 2521 etiam

516 2561 797 2622 stuporem
833 2551 949 2608 ﬁeri
973 2568 1040 2606 ex
1080 2553 1408 2624 quibusdam
1439 2555 1727 2611 nocturnis
1755 2557 2079 2622 terroribus,

516 2657 614 2713 per
641 2643 884 2712 stuporis
917 2645 1243 2698 vocabulum
1285 2644 1531 2700 ostendit
1568 2647 1766 2711 oratio,
1807 2663 1967 2717 quem
1998 2649 2082 2702 his

516 2734 652 2788 dicit
695 2734 918 2788 evenire
961 2737 1214 2790 armatis.
1262 2735 1359 2791 Est
1397 2751 1530 2806 ergo
1571 2737 1800 2792 omnino
1843 2754 1940 2808 per
1971 2738 2084 2794 haec

513 2826 680 2880 Verba
725 2825 1050 2896 quaerendus
1095 2842 1288 2881 sensus
1331 2836 1740 2883 consentaneus
1786 2843 1850 2883 ac
1893 2844 2086 2884 conse-

515 2931 692 2985 quens
742 2916 810 2970 iis
860 2931 982 2985 quae
1033 2917 1186 2986 prius
1231 2924 1359 2970 sunt
1406 2918 1772 2972 considerata.
1824 2919 1958 2985 Quis
2002 2929 2086 2977 est

515 3022 648 3078 ergo
701 3008 936 3062 sensus?
971 3007 1066 3062 Est
1111 3016 1541 3062 consentaneum
1590 3011 1803 3064 ostendi
1848 3010 2084 3066 divin~m

519 3098 982 3170 pulchritudinem
1017 3103 1072 3152 in
1109 3107 1322 3154 terrore
1355 3099 1556 3155 habere
1592 3101 1796 3172 aliquid
1831 3105 2086 3167 amabile,

518 3204 586 3244 ex
632 3189 702 3244 iis
729 3204 850 3259 quae
882 3196 1013 3243 sunt
1043 3189 1321 3244 contraria
1365 3204 1644 3261 corporeae
1669 3185 2082 3261 pulchritudini.
2112 3230 2154 3288 ο

518 3282 659 3336 Nam
699 3281 789 3336 hic
832 3281 1051 3351 quidem
1085 3280 1313 3334 attrahit
1352 3282 1420 3337 ad
1465 3285 1817 3354 cupiditatem
1858 3287 1910 3340 id
1941 3285 2086 3356 quod

520 3380 605 3426 est
653 3370 794 3426 visui
845 3371 1174 3441 jucundum,
1221 3371 1365 3442 quod
1420 3373 1679 3428 blandum
1725 3381 1779 3429 et
1819 3375 1888 3429 ab
1939 3375 2086 3430 omni

519 3463 752 3518 terribili
799 3463 1031 3532 iratique
1061 3463 1224 3516 animi
1273 3461 1555 3519 atiectione
1595 3475 1928 3535 separatum.
1966 3467 2089 3521 Pul-

522 3555 779 3609 ehritudo
819 3561 1002 3608 autem
1039 3554 1132 3607 illa
1168 3554 1222 3608 in
1258 3570 1422 3624 quam
1459 3571 1564 3610 non
1613 3558 1762 3611 cadit
1809 3558 2087 3622 interitus,

521 3656 605 3700 est
637 3645 816 3715 magni
847 3653 900 3699 et
929 3644 1133 3700 excelsi
1165 3646 1332 3700 animi
1367 3647 1538 3702 virtus
1574 3647 1858 3709 terribilis.
1887 3658 1942 3704 et
1971 3666 2090 3720 qua:

523 3750 629 3790 non
700 3742 879 3806 potest
925 3737 1244 3790 conturbari
1307 3745 1401 3791 aut
1453 3747 1678 3809 stupore
1736 3739 1894 3796 adici.
1953 3740 2088 3796 Nam

523 3829 780 3895 quoniam
813 3828 982 3882 animi
1013 3827 1252 3884 motibus
1282 3829 1519 3884 obnoxia
1551 3836 1605 3885 et
1641 3829 1864 3887 sordida
1897 3847 2092 3903 corpo-

525 3935 645 3973 rum
704 3919 1002 3990 cupiditas,
1057 3921 1322 3976 membris
1373 3922 1559 3977 carnis
1599 3921 1868 3989 insidens,
1921 3925 2090 3980 veluti

524 4011 770 4081 quazdam
815 4014 1130 4082 praedonum
1162 4020 1376 4078 turmae,
1419 4015 1587 4068 menti
1626 4013 1938 4080 insidiatur,
1971 4032 2089 4072 eam

525 4119 902 4170 saepenumero
935 4106 1203 4175 captivam
1247 4105 1313 4161 ad
1352 4122 1509 4162 suam
1541 4109 1812 4178 arripiens
1844 4112 2093 4165 volunta-

524 4201 632 4250 tem
670 4213 682 4250 :
720 4195 828 4250 Deo
853 4206 1034 4250 autem
1065 4192 1305 4253 evadens
1342 4199 1588 4264 inimica,
1624 4199 1768 4254 sicut
1793 4201 1926 4256 dicit
1949 4202 2095 4272 Apo-

527 4278 723 4352 stolus,
751 4289 896 4359 quod
938 4289 1225 4358 prudentia
1272 4290 1456 4344 carnis
1488 4290 1596 4344 Deo
1634 4299 1718 4346 est
1757 4291 1978 4347 inimica
2005 4294 2049 4326 “
2077 4313 2090 4348 :

528 4391 812 4454 propterea
842 4390 926 4436 est
954 4397 1320 4451 consequens.
1369 4390 1426 4436 ut
1456 4383 1674 4438 divinus
1711 4398 1866 4439 amor
1909 4386 1999 4440 ﬁat
2026 4403 2093 4442 ex

521 4478 594 4536 iis
627 4489 748 4544 qum
797 4481 924 4528 sunt
977 4474 1254 4527 contraria
1299 4475 1574 4544 corporali
1626 4476 1930 4546 cupiditati.
1974 4477 2094 4544 Quo

1755 425 1812 480 S.
1839 421 2162 482 GREGORII
2217 421 2510 478 NYSSENI

571 544 699 602 "me
731 555 910 600 autem
943 553 1027 600 est
1073 544 1196 600 lecti
1248 545 1400 614 regis
1429 543 1746 613 descriptio,
1783 544 1851 597 de
1879 558 1984 612 qua
2016 541 2070 595 in
2101 541 2147 598 Α

3634 419 3756 472 900

2253 540 2316 592 'H
2361 539 2418 593 δὲ
2455 538 2744 609 ὑπογραφὴ
2787 537 2888 606 τῆς
2923 537 3014 589 τοῦ
3059 535 3318 605 βασιλέως
3365 533 3567 603 κλίνης,
3602 535 3754 604 αὐτή

2173 634 2338 694 ἐστιν,
2364 632 2430 702 ῆν
2472 630 2549 701 τῷ
2590 629 2842 700 δεικτικῷ
2885 628 3027 698 λόγῳ
3069 628 3159 680 ὑπ’
3201 625 3319 695 ὄψιν
3354 623 3574 692 ἄγουσιν
3607 624 3757 693 αὐτῇ

2171 723 2237 776 δι’
2284 717 2358 775 ὧν
2393 721 2774 792 διεξέρχονται.
2831 720 3058 789 Λέγουσι
3109 719 3243 789 γάρ’
3289 719 3433 772 Ἰδοὺ
3482 717 3522 784 ἡ
3568 719 3763 783 κλίνη

2173 815 2278 868 τοῦ
2304 813 2703 883 Σολομῶντος,
2729 812 3024 878 ἐξήκοντα
3042 810 3284 866 δυνατοὶ
3309 811 3512 873 κύκλῳ
3534 807 3763 879 αὐτῆς,

2173 907 2291 960 ἀπὸ
2326 905 2599 961 δυνατῶν
2640 904 2898 974 Ἰσραὴλ,
2945 903 3166 970 πάντες
3206 901 3561 970 κατέχοντες
3599 903 3763 971 ῥομ-

2173 1000 2378 1068 φαίαν,
2393 997 2796 1068 δεδιδαγμένοι
2825 999 3108 1065 πόλεμον·
3155 995 3328 1064 ἀνὴρ,
3347 993 3614 1063 ῥομφαία
3645 994 3769 1047 αὑ-

2174 1089 2281 1145 τοῦ
2308 1091 2404 1144 ἐπὶ
2432 1089 2540 1143 τὸν
2561 1089 2758 1160 μηρὸν
2785 1088 2986 1154 αὐτοῦ,
3018 1087 3136 1142 ἀπὸ
3167 1087 3423 1156 θάμϐους
3450 1086 3518 1140 ἐν
3546 1085 3763 1149 νυξίν.

2179 1183 2300 1237 Ὅτι
2330 1181 2427 1252 μὲν
2457 1177 2548 1235 οῦν
2579 1182 2679 1234 οὐκ
2710 1181 2772 1233 ἐκ
2803 1181 2900 1251 τῆς
2926 1179 3167 1250 ἱστορίας
3197 1179 3226 1231 ὁ
3262 1177 3391 1247 περὶ
3422 1178 3521 1249 τῆς
3565 1177 3770 1246 κλίνης

2177 1273 2331 1342 λόγος
2368 1271 2506 1337 ἐστὶ,
2540 1271 2700 1325 παντὶ
2731 1269 2885 1341 δῆλον
2912 1268 2978 1323 ἂν
3005 1269 3229 1338 γένοιτο,
3257 1267 3343 1322 διὰ
3370 1267 3480 1321 τῶν
3512 1284 3771 1337 σωματι-

2177 1365 2287 1429 κῶς
2315 1364 2443 1435 περὶ
2482 1362 2575 1417 τοῦ
2615 1361 2956 1433 Σολομῶντος
3003 1360 3410 1431 ἱστορηθέντων.
3457 1353 3530 1414 Οῦ
3565 1359 3660 1412 καὶ
3687 1357 3771 1410 τὰ

2179 1458 2424 1529 βασίλεια
2468 1456 2560 1509 καὶ
2602 1455 2700 1525 τὴν
2731 1453 3029 1527 τράπεζαν,
3070 1452 3164 1506 καὶ
3203 1451 3299 1521 τὴν
3339 1451 3531 1521 λοιπὴν
3581 1452 3640 1504 ἐν
3686 1450 3766 1520 τῇ

2181 1547 2423 1619 βασιλείᾳ
2467 1544 2739 1616 διαγωγὴν
2788 1545 2922 1616 μετά
2967 1544 3145 1616 πάσης
3192 1540 3474 1614 ἀκριϐείας
3520 1541 3550 1593 ὁ
3594 1539 3771 1607 λόγος

2180 1640 2461 1711 ὑπέγραψε
2478 1655 2492 1670 ο
2524 1637 2704 1692 καινὸν
2726 1636 2780 1690 δέ
2802 1652 2854 1690 τι
2879 1637 2971 1689 καὶ
3000 1633 3447 1706 παρηλλαγμένον
3473 1628 3592 1686 εἷπε
3621 1630 3771 1702 περὶ

2180 1731 2276 1802 τῆς
2304 1730 2490 1798 κλίνης
2516 1728 2685 1792 οὐδὲν,
2707 1727 2783 1791 ὼς
2813 1728 2991 1781 πᾶσαν
3015 1727 3256 1797 ἀνάγκην
3286 1721 3445 1787 εἶναι,
3475 1724 3548 1795 μὴ
3583 1741 3770 1794 παρα-

2185 1824 2362 1893 μεῖναι
2402 1820 2480 1891 τῷ
2520 1820 2806 1892 γράμματι
2855 1818 2953 1890 τὴν
3002 1817 3275 1891 ἐξήγησιν,
3317 1816 3451 1871 ἀλλά
3485 1816 3572 1871 διά
3612 1833 3769 1880 τινος

2111 1895 2153 1951 Β
2181 1909 2602 1982 ἐπιμελεστέρας
2651 1909 3026 1980 κατανοήσεως
3085 1907 3406 1978 μεταλαϐεῖν
3441 1907 3530 1960 τὸν
3575 1905 3767 1974 λόγον,

2181 2002 2260 2066 είς
2290 2001 2662 2073 πνευματικὴν
2696 2000 2927 2072 θεωρίαν
2969 2001 3067 2071 τῆς
3110 1998 3301 2069 ὑλικῆς
3338 1999 3625 2070 ἐμφάσεως
3663 1997 3771 2050 τὸν

2181 2090 2302 2146 νοῦν
2332 2092 2756 2162 ἀποστήσαντες.
2786 2091 2882 2154 Τίς
2910 2090 3017 2162 γὰρ
3047 2090 3114 2144 ἂν
3141 2091 3201 2156 ἐξ
3236 2089 3466 2144 ὁπλιτῶν
3495 2090 3769 2161 ἐξήκοντα

2181 2184 2564 2254 καλλωπισμὸς
2589 2182 2795 2252 γένοιτο
2819 2183 3004 2252 κλίνης
3029 2180 3322 2252 νυμφικῆς,
3353 2177 3434 2246 οἷς
3461 2181 3772 2252 μαθήματα

2185 2277 2283 2348 μὲν
2310 2275 2608 2350 τάνφοϐερά
2639 2274 2733 2330 τοῦ
2767 2274 3037 2345 πολέμους
3081 2274 3298 2343 Κόσμος
3339 2272 3396 2326 δὲ
3441 2274 3474 2344 ἡ
3521 2272 3771 2342 ῥομφαία

2182 2367 2595 2441 προϐεϐλημένη
2621 2367 2715 2420 τοῦ
2751 2367 2996 2437 σώματος
3022 2384 3036 2431 ;
3072 2365 3291 2436 Θάμϐος
3327 2364 3384 2417 δὲ
3414 2364 3539 2434 περὶ
3564 2365 3770 2427 αὐτοὺς

2183 2460 2513 2531 νυκτερινόν;
2547 2459 2656 2530 Τὴν
2687 2457 2793 2530 γὰρ
2841 2457 3073 2530 φοϐερὰν
3105 2456 3361 2528 ἔκπληξιν
3399 2455 3496 2527 τὴν
3542 2456 3608 2508 ἐκ
3649 2455 3773 2508 δει-

2186 2554 2368 2624 μάτων
2393 2552 2554 2606 τινῶν
2580 2551 2903 2621 νυκτερινῶν
2933 2549 3243 2622 γινομένην,
3265 2549 3354 2603 διὰ
3375 2550 3470 2620 τῆς
3495 2548 3589 2602 τοῦ
3623 2548 3770 2618 θάμ..

2182 2647 2310 2705 ϐους
2344 2645 2539 2712 λέξεως
2583 2643 2612 2696 ὁ
2654 2643 2808 2711 λόγος
2846 2642 3210 2718 ἐνδείκνυται,
3257 2641 3323 2712 ἣν
3368 2644 3478 2704 τοῖς
3513 2641 3771 2704 ὁπλίταις

2182 2737 2389 2798 τούτοις
2423 2737 2701 2806 προσεῖναι
2731 2734 2891 2802 λέγει.
2933 2731 3138 2786 Οὐκοῦν
3169 2732 3328 2786 παντὶ
3373 2735 3557 2802 τρόπῳ
3597 2731 3774 2802 ζητη-

2184 2828 2304 2882 τέον
2336 2826 2400 2880 ἂν
2444 2827 2527 2895 εἴη
2563 2825 2797 2878 διάνοιάν
2845 2841 2964 2878 τινα
3005 2823 3089 2878 διὰ
3126 2823 3232 2878 τῶν
3267 2824 3525 2894 ῥημάτων
3560 2823 3772 2876 τούτων

2185 2918 2717 2990 προτεθεωρημένοις
2756 2917 3064 2972 ἀκόλουθον.
3114 2917 3211 2980 Τίς
3253 2913 3344 2970 οὖν
3385 2917 3528 2969 ἐστιν
3571 2918 3605 2985 ή
3645 2915 3771 2969 διά-

2185 3029 2338 3078 νοια;
2374 3013 2557 3064 Ἐοικε
2603 3009 2664 3063 τὸ
2702 3009 2842 3064 θεῖον
2878 3008 3072 3072 κάλλος
3099 3011 3156 3063 ὲν
3188 3009 3265 3080 τῷ
3303 3008 3513 3081 φοϐερῷ
3539 3008 3601 3062 τὸ
3632 3007 3770 3078 ἐρά-

2189 3121 2344 3175 σμιον
2377 3103 2540 3173 ἒχειν,
2576 3101 2681 3154 ἀπὸ
2713 3100 2820 3154 τῶν
2855 3099 3106 3154 ἐναντίων
3132 3099 3214 3170 τῷ
3253 3099 3547 3171 σωματικῷ
3578 3099 3771 3154 κάλλει

2186 3192 2549 3263 δεικνύμενον.
2594 3189 2856 3245 Ἐνταῦθα
2897 3190 2994 3262 μὲν
3036 3190 3145 3263 γάρ
3183 3191 3490 3259 ἐλεγκτικὸν
3521 3192 3603 3255 είς
3639 3191 3769 3244 ἐπι-

2187 3284 2386 3355 θυμίαν
2420 3285 2535 3337 ἐστὶ
2566 3283 2626 3338 τὸ
2655 3284 2923 3356 προσηνὲς
2955 3287 3022 3354 τῇ
3063 3283 3182 3354 ὕψει
3219 3283 3312 3336 καὶ
3358 3281 3636 3353 μειλίχιον,
3669 3281 3772 3335 καὶ

2185 3377 2366 3446 πάσης
2396 3375 2630 3446 φοϐερᾶς
2669 3392 2730 3428 τε
2777 3375 2870 3429 καὶ
2899 3373 3176 3444 θυμώδους
3213 3372 3502 3437 διαθέσεως
3532 3390 3771 3443 κεχωριο

2188 3466 2402 3536 σμένον.
2437 3465 2510 3518 Τὸ
2537 3466 2808 3536 ἀκήρατον
2836 3465 2892 3519 δὲ
2921 3465 3113 3528 κάλλος
3155 3464 3347 3528 ἐκεῖνο,
3387 3465 3420 3535 ἡ
3469 3463 3674 3536 φοϐερά
3701 3475 3769 3516 τε

2187 3560 2280 3615 καὶ
2326 3559 2742 3630 ἀκατάπληκτος
2782 3557 2970 3629 ἀνδρία
3014 3555 3177 3610 ἐστίν.
3221 3556 3437 3624 Ἐπειδὴ
3468 3555 3575 3625 γάρ
3601 3557 3633 3626 ὴ
3662 3557 3759 3624 ἐμο

2188 3653 2365 3722 «aen;
2392 3652 2486 3706 καὶ
2517 3650 2740 3723 ρυπῶσα
2778 3649 2886 3703 τῶν
2937 3649 3202 3720 σωμάτων
3242 3647 3505 3717 ἐπιθυμία
3528 3650 3639 3710 τοῖς
3665 3645 3771 3716 τῆς

2190 3742 2391 3814 σαρκὸς
2427 3742 2640 3812 μέλεσιν
2688 3741 3056 3812 ἐγκαθημένη,
3103 3739 3351 3811 καθάπερ
3389 3755 3440 3793 τι
3485 3738 3771 3808 σύνταγμα

2188 3833 2478 3908 λῃστρικὸν
2506 3834 2774 3906 ἐνεδρεύει
2813 3833 2904 3888 τὸν
2943 3833 3085 3896 νοῦν,
3126 3832 3218 3886 καὶ
3265 3831 3604 3902 αἰχμάλωτον
3643 3832 3768 3898 ἄγει

2190 3927 2448 3991 πολλάκις
2507 3926 2641 3998 πρὸς
2684 3927 2746 3980 τὸ
2797 3927 2993 3998 ἐαυτῆς
3046 3924 3292 3995 βούλημα
3339 3924 3764 3994 συναρπάσασαο

2191 4017 2380 4088 ἐχθρὸν
2404 4016 2458 4070 δὲ
2485 4016 2563 4088 τῷ
2581 4016 2699 4087 Θεῷ
2729 4017 2790 4070 τὸ
2818 4015 3116 4087 γινόμενον,
3140 4014 3320 4078 καθώς
3352 4032 3514 4085 φησιν
3543 4016 3572 4067 ὁ
3610 4013 3770 4067 Ἀπό-

2193 4108 2395 4172 στολος,
2425 4108 2506 4162 ὅτι
2538 4107 2599 4160 τὸ
2636 4106 2888 4180 φρόνημα
2921 4104 3018 4178 τῆς
3060 4105 3260 4177 σαρκὸς
3293 4100 3457 4176 έχθρα
3488 4106 3567 4168 εἰς
3605 4104 3764 4158 Θεό-ιο⁴

2191 4202 2279 4256 διά
2309 4200 2466 4255 τοῦτο
2495 4200 2781 4254 ἀκόλουθόν
2815 4201 2978 4259 ἐστιν,
3006 4199 3070 4251 ἐκ
3110 4197 3217 4250 τῶν
3249 4190 3503 4251 ἐναντίων
3535 4197 3630 4263 τῆς
3663 4213 3768 4248 σω-

2196 4295 2432 4366 ματικῆς
2455 4292 2747 4362 ἐπιθυμίας
2785 4291 2874 4343 τὸν
2917 4287 3058 4342 θεῖον
3103 4288 3279 4360 ἔρωτα
3319 4287 3590 4357 γίνεσθαν
3626 4286 3766 4340 ὥστε

2194 4391 2242 4443 εί
2266 4387 2467 4456 ταύτης
2495 4383 2814 4454 καθηγεῖται
2843 4380 2993 4444 λύσις
3025 4380 3118 4434 καὶ
3152 4379 3330 4443 ἄνεσις
3366 4379 3457 4432 καὶ
3491 4377 3765 4449 βλακώδης

2193 4480 2453 4549 διάχυσις,
2503 4477 2618 4529 ἐκεῖ
2653 4473 2750 4544 τὴν
2805 4467 3062 4542 ἐπίφοϐον
3110 4488 3170 4524 τε
3220 4471 3314 4524 καὶ
3355 4469 3767 4540 ἀκατάπληκτον

531 4567 588 4619 tit
637 4575 694 4618 ut
752 4566 796 4619 si
860 4565 1026 4633 hujus
1064 4564 1173 4618 dux
1229 4563 1393 4619 fuerit
1449 4566 1759 4630 dissolutio.
1821 4571 2088 4633 remissio,

2199 4569 2446 4642 ἀνδρείαν
2487 4568 2618 4638 ῦλην
2660 4565 2752 4619 τοῦ
2794 4563 2937 4618 θείου
2987 4564 3187 4634 ἔρωτος
3228 4562 3487 4632 γίνεσθαι.
3519 4561 3624 4615 Τοῦ
3659 4561 3765 4631 γάρ

529 4657 818 4726 mollisque
868 4666 924 4709 et
973 4667 1229 4711 enervata
1275 4656 1516 4720 dilfusio,
1550 4660 1664 4714 illic
1701 4661 1994 4718 vehemens
2041 4671 2096 4719 et

529 4765 651 4820 qua:
699 4749 1008 4818 perturbari
1054 4763 1164 4803 non
1216 4758 1399 4820 potest
1445 4752 1614 4807 animi
1651 4754 1969 4824 magnitudo
2019 4755 2094 4811 sit

530 4841 758 4896 materia
812 4842 984 4895 divini
1039 4843 1264 4899 amoris.
1311 4843 1447 4899 Cum
1501 4846 1646 4900 enim
1695 4845 1774 4900 ira
1823 4847 1981 4906 fortis
2031 4862 2096 4904 ac

533 4931 709 4988 virilis
743 4934 1057 4989 insidiantis
1085 4936 1379 5007 voluptatis
1407 4947 1614 4994 turmas
1638 4939 2011 5009 perterrucrit,
2042 4948 2096 4995 et

532 5024 590 5080 in
620 5024 802 5096 fugam
838 5027 1080 5089 verterit,
1135 5037 1248 5082 tum
1301 5041 1525 5101 apparet
1572 5047 1706 5101 pura
1753 5035 1947 5087 anima:
1981 5033 2099 5104 pul-

532 5116 808 5177 chritudo.
839 5119 990 5172 nullo
1019 5127 1166 5173 motu
1202 5123 1471 5176 maculata
1499 5125 1798 5193 corporalis
1828 5125 2097 5195 cupidita-

533 5207 624 5262 tis.
662 5205 986 5262 Necessario
1030 5207 1194 5280 igitur
1235 5213 1499 5282 nuptialis
1525 5215 1670 5284 regis
1703 5215 1878 5271 lectus
1907 5218 1976 5271 ab
2006 5233 2096 5271 ar-

532 5299 694 5353 matis
729 5299 1122 5362 circumdatur,
1173 5319 1404 5370 quorum
1443 5302 1567 5358 belli
1605 5303 1819 5376 peritia,
1859 5324 1924 5364 eo
1956 5311 2098 5380 quod

534 5403 699 5459 super
751 5388 926 5445 femur
979 5404 1224 5462 paratum
1274 5392 1510 5449 habeant
1556 5411 1778 5462 ensem,
1839 5409 2102 5458 terrorem

536 5475 689 5532 aﬁert
719 5489 770 5536 et
799 5493 1078 5553 stuporem
1118 5485 1424 5542 tenebrosis
1469 5487 1915 5558 cogitationibus,
1952 5502 2003 5548 et
2036 5491 2101 5547 iis

534 5571 628 5638 qui
681 5573 734 5626 in
785 5574 1022 5628 obscuro
1068 5576 1419 5643 insidiantur,
1469 5585 1524 5632 et
1573 5580 1792 5650 sagittis
1838 5588 2100 5654 appetunt

533 5674 717 5720 tectos
747 5667 932 5720 corde.

615 5845 660 5876 "'
715 5847 868 5902 Rom.
908 5865 1028 5915 vzu,
1069 5849 1118 5906 7.

2190 4661 2488 4732 ἀνδρώδους
2531 4656 2704 4730 θυμοῦ
2744 4657 2833 4711 τὸν
2880 4656 2979 4726 τῆς
3029 4656 3222 4726 ἡδονῆς
3266 4652 3420 4722 λόγον
3459 4654 3765 4724 καταπτοή-

2195 4753 2385 4816 σαντός
2426 4768 2486 4804 τε
2522 4750 2616 4803 καὶ
2657 4744 3110 4817 φυγαδεύσαντος,
3141 4743 3282 4796 οὕτω
3308 4743 3367 4796 τὸ
3398 4742 3631 4813 καθαρὸν
3667 4743 3766 4812 τῆς

2191 4844 2368 4915 ψυχῆς
2395 4843 2745 4912 ἀναφαίνεται
2785 4839 2999 4902 κάλλος,
3037 4834 3225 4909 μηδενὶ
3252 4834 3412 4888 πάθει
3456 4836 3767 4904 σωματικῆς

2202 4935 2494 5004 ἐπιθυμίας
2531 4929 3062 5004 καταῤῥυπούμενον.
3116 4926 3322 4980 Οὐκοῦν
3371 4926 3680 4994 ἀναγκαίως
3730 4927 3763 4996 ἡ

2202 5027 2442 5098 νυμφική
2470 5025 2564 5078 τοῦ
2593 5023 2851 5094 βασιλέως
2889 5021 3042 5090 κλίνη
3089 5019 3199 5082 τοῖς
3229 5018 3467 5082 ὁπλίταις
3501 5018 3558 5070 ἐν
3586 5017 3769 5087 κύκλῳ

2203 5117 2640 5188 διαλαμϐάνεται,
2671 5108 2745 5168 ὧν
2777 5117 2809 5186 ἠ
2853 5113 2945 5167 τοῦ
2996 5112 3246 5182 πολεμεῖν
3277 5107 3556 5183 ἐμπειρία,
3590 5113 3682 5165 καὶ
3708 5111 3770 5166 τὸ

2203 5211 2486 5283 πρόχειρον
2516 5209 2656 5278 ἔχειν
2681 5209 2771 5260 ἐπὶ
2799 5207 2891 5260 τοῦ
2919 5204 3090 5276 μηροῦ
3116 5205 3214 5276 τὴν
3245 5197 3530 5276 ῥομφαίαν,
3562 5202 3763 5272 (idem,

2197 5303 2291 5356 καὶ
2331 5300 2587 5372 ἔκπληξιν
2636 5301 2854 5371 ἐμποιεῖ
2894 5301 3004 5361 τοῖς
3050 5296 3427 5367 σκοτουμένοις
3461 5297 3764 5365 λογισμοῖς,

2198 5397 2306 5456 τοῖς
2338 5395 2392 5446 ἐν
2419 5391 2535 5456 νυξί
2561 5409 2617 5445 τε
2645 5393 2738 5446 καὶ
2764 5390 3066 5462 σκοτομήνῃ
3105 5390 3229 5451 τοὺς
3265 5385 3437 5454 εὐθεΐς
3471 5390 3537 5460 τῇ
3576 5386 3767 5458 καρδίᾳ

2197 5484 2411 5556 λοχοῦσί
2441 5502 2500 5538 τε
2524 5485 2616 5539 καὶ
2643 5483 2970 5552 τοξεύουσιν.
