3932 6512
94 407 213 465 901

1183 392 1245 449 IN
1284 388 1582 448 CANTICA
1616 386 1884 443 (manu.
1930 388 2216 445 HOMILIA
2260 352 2357 445 τις

3268 400 3368 457 ὓθὲ

185 520 325 575 ’Ότι
362 514 466 585 γὰρ
488 512 802 584 ἀναιρετικὴ
829 512 935 565 τῶν
962 510 1218 583 ῥυπαρῶν
1248 508 1450 581 ἡδονῶν
1484 509 1628 561 ἐστιν
1664 509 1678 558 1‘

1869 506 2023 573 Quod
2062 508 2205 564 enim
2243 510 2509 564 obscenas
2532 511 2835 581 voluptates
2859 512 3035 568 deleat
3057 529 3119 569 ac
3141 528 3369 585 perimat

94 617 227 670 τῶν
276 611 792 682 περιστοιχισμένων
837 608 935 680 τὴν
973 607 1157 677 κλίνην
1191 606 1494 671 ἐξόπλισις,
1538 604 1695 675 δῆλον

96 707 175 758 ἂν
221 702 439 771 γένοιτο
466 703 554 756 διὰ
588 703 683 772 τῆς
723 698 1045 770 ὑπογραφῆς
1084 697 1178 751 τοῦ
1209 698 1389 765 λόγου,
1424 697 1482 759 ὃς
1510 712 1693 766 φησιν,

92 796 189 849 ὅτι
220 792 461 859 Πάντες
487 791 889 861 δεδιδαγμένοι
937 791 1222 858 πόλεμον,
1249 787 1403 856 ἀνὴρ
1433 787 1696 857 ῥομφαία

94 885 304 941 αὐτοῦ
334 886 433 940 ἐπὶ
466 886 573 940 τὸν·
598 884 792 955 μηρὸν
818 882 1024 938 αὑτοῦ.
1069 880 1307 951 Ἀληθῶς
1342 880 1452 952 γὰρ
1480 880 1696 933 είδότων

94 982 282 1044 ἐστὶν,
315 981 462 1043 ὅπως
510 975 1019 1050 ἀντιστρατεύεσθαι
1054 974 1159 1046 χρὴ
1191 976 1257 1046 τῇ
1298 972 1459 1045 σαρκί
1502 991 1559 1025 τε
1602 974 1696 1026 καὶ

90 1072 182 1143 τῷ
223 1073 441 1143 αἵματι,
482 1072 541 1125 ἐν
564 1070 643 1142 τῷ
668 1070 766 1141 τὴν
804 1069 1074 1140 ῥομφαίαν
1109 1069 1201 1121 ἐπὶ
1237 1066 1315 1137 τῷ
1365 1063 1523 1136 μηρῷ
1552 1064 1695 1135 ἔχειν

93 1162 561 1235 ἐφηρμοσμένην.
592 1162 721 1215 Νοεῖ
744 1162 801 1215 δὲ
830 1163 1045 1222 πάντως
1085 1162 1113 1214 6
1146 1160 1255 1212 τῶν
1283 1156 1566 1229 γραφικῶν
1596 1156 1695 1209 οὐκ

92 1255 341 1324 ἄπειρος
385 1253 667 1325 νοημάτων
715 1254 806 1307 καλ⁸
852 1252 1207 1323 αἰνιγμάτων,
1257 1250 1320 1304 ἐκ
1360 1267 1419 1303 τε
1464 1249 1563 1317 τῆς
1599 1247 1693 1300 τοῦ

99 1346 291 1418 μηροῦ
330 1346 548 1417 μνήμης
575 1346 635 1399 τὸ
670 1334 1063 1417 σημαινόμενον
1087 1384 1102 1407 ,
1147 1345 1243 1398 καὶ
1282 1344 1361 1396 ὅτι
1394 1341 1635 1415 ῥομφαία
1666 1342 1695 1393 6

93 1436 267 1506 λόγος
315 1438 481 1491 ἐστίν.
525 1438 583 1490 Ὀ
629 1436 807 1489 τοίνυν
854 1436 914 1489 τὸ
955 1433 1183 1504 φοϐερὸν
1224 1432 1406 1495 ὅπλον,
1448 1432 1591 1500 λέγω
1628 1432 1690 1502 δὴ

92 1528 199 1598 τὴν
241 1529 345 1598 τῆς
390 1526 739 1599 σωφροσύνης
777 1526 1069 1599 ῥομφαίαν,
1117 1525 1504 1593 διεζωσμένος·
1542 1518 1692 1590 οὗτός

93 1621 253 1672 ἐστιν
284 1622 314 1673 6
338 1623 404 1691 τῇ
427 1620 685 1690 ἀφθάρτῳ
715 1619 868 1690 κλίνῃ
901 1618 1181 1690 ἐράσμιος,
1208 1611 1287 1681 εἷς
1317 1616 1425 1669 τῶν
1456 1614 1695 1669 δυνατῶν

104 1710 355 1780 Ἰσραὴλ,
386 1710 481 1764 καὶ
519 1698 612 1764 τού
640 1709 936 1777 καταλόγου
968 1707 1075 1762 τῶν
1105 1707 1367 1778 ἐξήκοντα
1394 1706 1559 1773 ἄξιος.
1587 1707 1692 1762 Τὸν

90 1806 153 1859 δὲ
185 1806 422 1877 ἀριθμὸν
459 1805 644 1859 τοῦτον
668 1804 808 1875 ἔχειν
839 1804 936 1876 μέν
963 1820 1087 1858 τινα
1110 1803 1363 1873 μυστικὸν
1392 1804 1564 1871 λόγον,
1588 1803 1687 1859 οὐκ

95 1895 548 1967 ἀμφιϐάλλομεν·
584 1896 719 1950 ἀλλά
752 1895 929 1966 μόνοις
972 1894 1200 1957 ἐκείνοις
1225 1893 1400 1965 δῆλον,
1440 1890 1520 1957 οἷς
1552 1896 1687 1948 ἀπο-

96 1985 371 2039 καλύπτει
397 1986 465 2039 τὰ
492 1986 847 2057 κεκρυμμένα
878 1987 1151 2056 μυστήρια
1187 1987 1220 2055 ἡ
1251 1985 1344 2038 τοῦ
1374 1985 1686 2056 Πνεύματος

95 2077 287 2148 χάρις.
336 2078 523 2149 Ἡμεῖς
559 2079 614 2131 δὲ
650 2078 826 2137 καλῶς
861 2075 1003 2146 ἔχειν
1031 2077 1208 2147 φαμὲν
1245 2076 1352 2129 τῶν
1382 2078 1687 2149 προχείρων

94 2169 197 2222 τοῦ
241 2170 399 2239 λόγου
442 2170 726 2238 νοημάτων
766 2167 1192 2239 ἐμφορηθέντας,
1246 2166 1427 2232 καθὼς
1468 2170 1558 2221 ἐπὶ
1607 2168 1684 2239 τῷ

98 2261 296 2331 Πάσχα
332 2258 609 2329 νομοθετεῖ
639 2259 898 2329 Μωῡσῆς,
931 2258 1040 2311 τῶν
1072 2258 1520 2329 προφαινομένων
1554 2277 1685 2330 σαρ-

96 2350 213 2404 κῶν
259 2348 624 2419 ἐμφαγόντας,
653 2348 1210 2419 άπολυπραγμόνητον
1261 2350 1419 2405 ἐάσαι
1459 2350 1520 2403 τὸ
1568 2354 1684 2415 τοῖς

94 2444 309 2505 ὀστέοις
337 2444 435 2513 τῆς
459 2443 725 2513 ἀσαφείας
757 2443 1219 2515 ἐγκεκρυμμένον.
1252 2444 1314 2496 Ei
1341 2444 1397 2497 δέ
1427 2443 1510 2506 τίς
1535 2445 1681 2497 ἐστιν

96 2534 441 2605 ἐπιθυμητὴς
468 2533 574 2587 τῶν
604 2534 847 2605 κρυφίων
874 2534 1082 2605 μυελῶν
1111 2534 1203 2587 τοῦ
1237 2534 1418 2603 λόγου,
1453 2534 1681 2605 ζητείτω

104 2627 251 2698 παρὰ
287 2626 380 2679 τοῦ
421 2627 489 2680 τὰ
530 2626 883 2697 κεκρυμμένα
917 2629 1029 2689 τοῖς
1071 2624 1239 2690 ἀξίοις
1274 2626 1681 2681 ἀποκαλύπτον-

106 2736 207 2782 εος.
244 2718 332 2782 Ὠς
355 2717 398 2770 δ’
426 2718 491 2772 ἂν
527 2718 599 2789 μὴ
627 2717 912 2788 δοκοίημεν
943 2716 1287 2786 ἀγύμναστον
1315 2718 1677 2789 παρατρέχειν

99 2811 188 2864 τὸν
217 2811 395 2879 λόγον,
435 2810 568 2881 μηδέ
593 2809 994 2881 καταραθυμεῖν
1025 2808 1117 2861 τοῦ
1151 2808 1295 2861 θείου
1327 2809 1680 2880 προστάγμα-

97 2921 208 2966 τος,
243 2902 338 2956 τοῦ
372 2904 596 2974 ἐρευνᾷν
637 2902 735 2965 τὰς
777 2902 926 2965 θείας
961 2900 1401 2971 διακελευομένου
1435 2899 1674 2969 Γοαφάς,

101 2997 296 3049 οὑτωσὶ
313 2995 430 3050 σὺν
465 2996 593 3066 περὶ
628 2994 690 3046 τὸ
731 2992 988 3064 ἐξήκοντα
1020 2991 1470 3062 διασκοπήσωμεν
1497 2990 1677 3058 λόγονο
1708 2997 1719 3009 ‘

94 3088 316 3143 Δώδεκα
345 3086 528 3158 ῥάϐδοι
555 3085 675 3140 κατ’
704 3084 933 3156 ἀριθμὸν
963 3083 1072 3137 τῶν
1099 3082 1278 3153 φυλῶν
1303 3082 1397 3136 τοῦ
1438 3081 1672 3153 Ἰσραὴλ,

100 3178 242 3232 κατά
267 3178 592 3249 πρόσταγμα
636 3176 775 3229 θεῖον
826 3173 975 3245 παρὰ
1019 3174 1112 3227 τοῦ
1151 3174 1427 3237 Μωῦσέως
1463 3173 1671 3243 λαμϐά-
1697 3174 1740 3234 C

99 3288 298 3334 νονται,
334 3270 469 3324 ἀλλά
497 3270 592 3340 μία
615 3268 723 3322 τῶν
749 3268 937 3322 πασῶν
971 3266 1328 3338 προετιμήθη,
1361 3267 1494 3337 μόνη
1526 3266 1677 3337 παρά

99 3363 199 3425 τὰς
221 3362 384 3423 ἀλλας
409 3360 775 3431 βλαστήσασα.
804 3358 971 3412 Πάλιν
1004 3357 1154 3427 παρά
1180 3356 1275 3409 τοῦ
1300 3355 1453 3426 Navi]
1479 3356 1673 3425 Ἰησοῦ,

105 3454 377 3524 ἰσάριθμοι
407 3456 527 3516 ταῖς
553 3452 747 3521 φυλαῖς
779 3451 873 3504 τοῦ
917 3448 1129 3520 Ἰσραὴλ
1158 3450 1292 3502 λίθοι
1322 3450 1386 3501 ἐκ
1420 3448 1513 3500 τοῦ
1546 3449 1676 3519 Ἰορ-

100 3544 256 3598 δάνου
285 3543 668 3613 λαμϐάνονται,
697 3538 770 3598 ὧν
809 3540 929 3593 οὐδὲ
977 3534 1058 3603 εἷς
1104 3539 1405 3607 ἀπόϐλητος
1446 3538 1671 3605 γίνεται,

102 3634 316 3689 πάντων
343 3633 621 3704 ὁμοτίμως
651 3634 731 3695 είς
763 3630 1065 3702 μαρτυρίαν
1097 3628 1189 3683 τοῦ
1229 3628 1370 3682 κατὰ
1410 3628 1499 3680 τὸν
1541 3627 1668 3699 Ἰορ-

101 3726 262 3795 δάνην
293 3723 587 3795 μυστηρίου
611 3721 1096 3793 παραληφθέντων.

174 3815 280 3869 Καὶ
308 3814 438 3866 πολὺ
471 3812 531 3865 τὸ
558 3810 843 3865 ἀκόλουθον
870 3812 927 3862 ἐν
955 3812 1066 3873 τοῖς
1107 3808 1500 3881 ἱστορουμένοις
1533 3810 1670 3864 ἐστί.

104 3904 384 3977 Προκοπὴν
424 3904 532 3974 γάρ
572 3920 692 3956 τινα
721 3901 815 3954 τοῦ
850 3899 976 3953 λαοῦ
1018 3899 1155 3971 πρὸς
1190 3900 1249 3953 τὸ
1286 3900 1612 3972 τελειότερον
1643 3904 1673 3955 6

103 3997 253 4067 λόγος
283 3997 633 4057 ἐνδείκνυται,
653 3993 729 4056 ὡς
761 3994 817 4045 ἐν
847 3992 1037 4061 ἀρχαῖς
1080 3992 1176 4062 μὲν
1207 3993 1306 4062 τῆς
1334 3992 1666 4063 νομοθεσίας,

109 4091 232 4161 μίαν
267 4089 550 4159 εὑρεθῆναι
582 4085 773 4158 ῥάϐδον
804 4082 982 4147 ζῶσάν
1012 4099 1071 4135 τε
1113 4084 1206 4136 καὶ
1234 4083 1630 4153 βλαστάνουσαν
1653 4101 1667 4115 ·

105 4184 199 4246 τὰς
217 4182 271 4235 δέ
300 4181 490 4244 λοιπὰς
520 4180 594 4242 ὡς
625 4177 793 4249 ξηρὰς
828 4193 886 4229 τε
915 4173 1078 4237 οὔσας
1109 4176 1201 4228 καὶ
1229 4176 1509 4245 ἀκάρπους
1538 4175 1671 4228 ἀπο-

106 4275 374 4346 ϐληθῆναι.
412 4272 655 4335 Πλείονος
686 4271 741 4324 δὲ
778 4268 1150 4338 διαγεγονότος
1185 4267 1398 4337 χρόνου,
1436 4267 1530 4319 καὶ
1559 4266 1668 4319 τῶν

105 4365 335 4441 νομικῶν
355 4365 533 4425 αὐτοῖς
555 4360 1021 4432 παραγγελμάτων
1042 4361 1099 4412 ἐν
1118 4357 1478 4429 ἀκριϐεστέρα
1504 4372 1670 4409 κατα-

104 4462 280 4531 νοήσει
309 4457 703 4528 γεγενημένων,
733 4457 808 4519 ὡς
847 4454 941 4508 καὶ
985 4454 1083 4521 τὴν
1123 4456 1187 4507 ἐκ
1226 4453 1474 4523 δευτέρου
1513 4471 1664 4525 περι-

102 4524 269 4621 τομὴν
429 4524 575 4618 παρὰ
613 4545 709 4599 τοῦ
747 4543 919 4615 Ἰησοῦ
963 4544 1143 4607 αὐτοῖς
1185 4544 1527 4616 ἐπαγομένην
1571 4544 1665 4599 καὶ
1699 4524 1741 4578 D

105 4642 283 4711 νοῆσαι
328 4640 419 4693 καὶ
455 4637 726 4702 δέξασθαι,
758 4637 857 4704 τῆς
898 4634 1152 4706 πετρίνης
1192 4636 1462 4707 μαχαίρας
1504 4654 1661 4709 περι-

106 4734 317 4805 ελούσης
356 4730 533 4786 αὐτῶν
562 4731 670 4783 πᾶν
697 4729 760 4781 τὸ
792 4728 1095 4798 ἀκάθαρτον
1114 4745 1126 4757 ·
1164 4730 1273 4781 νοεῖ
1302 4729 1358 4781 δὲ
1390 4729 1603 4792 πάντως
1634 4732 1663 4783 6

108 4824 362 4889 συνεστὼς
396 4823 667 4895 ἀκροατὴς
692 4821 790 4891 τῆς
817 4838 875 4874 τε
915 4820 1117 4891 πέτρας
1153 4821 1246 4872 καὶ
1269 4821 1366 4889 τῆς
1392 4822 1662 4892 μαχαίρας

106 4920 168 4974 τὸ
193 4919 602 4989 σημαινόμενον·
634 4916 709 4976 ὼς
734 4914 876 4978 εἰκὸς
901 4908 968 4984 ἦν
995 4912 1377 4984 βεϐαιωθείσης
1402 4915 1460 4966 ἐν
1484 4914 1662 4978 αὐτοῖς

108 5012 199 5081 τῆς
237 5010 461 5081 νομίμου
501 5026 560 5061 τε
601 5008 692 5061 καὶ
733 5006 985 5076 ἐναρέτου
1012 5005 1175 5074 ζωῆς,
1213 5005 1412 5076 μηδένα
1442 5005 1549 5058 τῶν
1586 5005 1663 5059 λί-

113 5103 211 5155 θων
240 5103 338 5156 τῶν
370 5102 455 5154 ἐπ’
484 5101 706 5170 ὀνόματι
753 5098 860 5152 τῶν
893 5097 1235 5169 Ἰσραηλιτῶν
1271 5098 1448 5166 φυλῶν
1487 5116 1663 5171 παρα-

112 5193 402 5264 ληφθέντων
433 5193 717 5264 εὑρεθῆναι
748 5190 1067 5259 ἀπόϐλητον.
1108 5191 1258 5243 Ἐπεὶ
1301 5191 1359 5244 δὲ
1390 5190 1494 5263 χρὴ
1527 5192 1662 5246 πάν-

113 5300 225 5337 τοτε
268 5281 372 5333 τῶν
421 5281 637 5350 ἀγαθῶν
680 5282 775 5345 τὰς
831 5280 1156 5350 ἐπαυξήσεις
1207 5279 1511 5351 ἐπιζητεῖν,
1577 5284 1667 5337 ὅτε

115 5372 363 5445 προῆλθεν
391 5375 419 5425 6
448 5374 653 5444 χρόνος,
681 5374 773 5428 καὶ
800 5376 832 5444 ὴ
855 5372 1078 5442 δύναμις
1103 5370 1194 5425 τοῦ
1230 5372 1443 5444 Ἰσραὴλ
1468 5372 1667 5444 μείζων

116 5465 333 5533 ἐγένετο.
364 5463 517 5518 Οὕτω
543 5466 650 5536 γάρ
688 5483 851 5537 φησιν
892 5467 949 5518 ἐν
987 5466 1097 5527 τοῖς
1126 5466 1501 5535 προκειμένοις
1538 5469 1668 5538 ἡμῖν

121 5559 283 5630 ῥητοῖς
310 5557 338 5610 ό
363 5556 535 5625 λόγος,
564 5558 642 5610 ὃτι
674 5558 778 5611 ἀπὸ
822 5557 1049 5628 Ἰσραὴλ,
1087 5557 1208 5609 τότε
1246 5557 1425 5611 οὐκέτι
1450 5553 1532 5622 εἷς
1559 5560 1665 5614 ἀπὸ

121 5650 272 5722 φυλῆς
312 5648 455 5713 λίθος
494 5649 529 5719 ἢ
556 5649 650 5719 μία
688 5649 877 5721 ῥάϐδος
917 5648 1279 5720 λαμϐάνεται·
1319 5647 1453 5705 ἀλλά
1504 5650 1663 5707 πέντε

186 5824 222 5857 ⁸⁵
272 5820 437 5879 Exod.
492 5835 594 5887 nr,
643 5821 695 5877 9.
772 5822 816 5854 ¹⁶
851 5821 1042 5879 Joann.
1085 5838 1137 5887 v,
1191 5822 1280 5879 59.

1798 613 1985 653 eorum
2026 601 2119 671 qui
2156 601 2352 655 lectum
2386 602 2631 656 ambiunt
2666 614 2938 658 armatura
2963 646 2977 666 ,
3015 609 3365 678 perspicuum

1797 691 1961 747 fuerit
1998 708 2064 747 ex
2101 692 2219 761 ejus
2257 692 2404 762 quod
2440 702 2525 747 est
2566 694 2617 747 in
2656 706 2913 750 contextu
2953 698 3316 768 desciiptione
3349 719 3362 755 :

1797 785 1888 855 qui
1922 785 1993 837 ita
2023 783 2187 837 habet
2208 824 2222 847 ,
2265 785 2457 844 Omnes
2486 787 2640 853 periti
2686 804 2871 857 pugna’
2898 828 2912 851 ,
2958 779 3367 864 uniuscujusque

1795 875 1933 929 ensis
1966 891 2128 943 supra
2154 876 2325 943 fantur
2346 892 2519 930 suum.
2550 876 2759 933 Revera
2791 880 2935 934 enim
2966 892 3023 935 ut
3052 882 3249 938 bellum
3273 900 3369 955 gea

1798 974 1955 1018 ratur
1994 967 2256 1021 adversus
2295 969 2638 1039 voluptates,
2680 981 2894 1040 oportet
2942 975 3094 1028 carni
3135 985 3188 1030 et
3227 992 3366 1031 san-

1796 1058 1946 1126 guini
1966 1100 1980 1123 ,
2004 1066 2262 1129 tanquam
2291 1060 2517 1127 femori,
2540 1079 2727 1118 ensem
2754 1064 2951 1120 habere
2974 1068 3362 1123 accommoda-

1796 1157 1930 1205 tum.
1970 1150 2206 1208 Omnino
2227 1163 2407 1210 autem
2431 1154 2683 1227 intelligit
2705 1157 2753 1212 is
2778 1158 2868 1227 qui
2901 1156 3194 1229 Scripturze
3227 1163 3363 1217 aani-

1795 1250 2036 1312 gmatum
2078 1260 2184 1299 non
2218 1256 2302 1301 est
2342 1247 2599 1317 ignarus,
2632 1266 2696 1304 ex
2729 1250 3005 1322 mentione
3040 1252 3265 1311 femoris
3304 1254 3362 1310 id

1793 1334 1939 1404 quod
1968 1337 2331 1406 significatur,
2358 1349 2412 1394 et
2440 1342 2585 1410 quod
2616 1342 2826 1412 gladius
2859 1351 2944 1399 est
2979 1345 3220 1401 verbum.
3255 1347 3361 1414 Qui

1794 1440 1923 1496 ergo
1958 1425 2061 1481 fert
2094 1443 2243 1482 arma
2268 1471 2283 1496 ,
2321 1431 2444 1485 dico
2486 1440 2667 1488 autem
2709 1437 3083 1505 temperantiae
3116 1439 3360 1507 gladium

1795 1517 2099 1572 accinctum
2121 1559 2136 1583 ,
2167 1520 2213 1575 is
2243 1530 2326 1575 est
2351 1521 2600 1579 amabilis
2634 1524 2774 1579 lecto
2805 1525 2858 1578 in
2885 1541 3045 1596 quem
3077 1543 3188 1582 non
3215 1531 3362 1585 cadit

1794 1612 2074 1679 corruptio
2105 1619 2159 1664 et
2187 1613 2466 1676 interitus,
2501 1631 2643 1671 unus
2673 1632 2740 1670 ex
2775 1616 3013 1674 fortibus
3056 1610 3219 1676 Israel
3242 1663 3257 1685 ,
3304 1630 3361 1677 et

1793 1698 1991 1771 dignus
2014 1704 2103 1771 qui
2131 1703 2401 1757 referatur
2426 1706 2478 1758 in
2511 1708 2818 1777 catalogum
2857 1710 3164 1780 sexaginta.
3202 1711 3360 1767 Hunc

1795 1803 1975 1848 autem
2006 1811 2291 1850 numerum
2326 1797 2562 1866 aliquam
2606 1801 2889 1870 mysticam
2932 1803 3133 1859 habere
3190 1807 3360 1862 ratio-

1788 1902 1909 1942 nem
1939 1904 2043 1941 non
2073 1888 2262 1941 dubito
2291 1908 2302 1941 :
2339 1889 2430 1943 sed
2463 1890 2515 1944 id
2550 1890 2617 1945 iis
2644 1894 2818 1946 solum
2849 1902 2934 1948 est
2965 1896 3316 1953 manifestum
3340 1941 3357 1963 ,

1786 1981 1983 2049 quibus
2008 1983 2219 2035 occulta
2248 1982 2450 2036 revelat
2475 1984 2734 2054 mysteria
2756 1986 2929 2055 gratia
2962 1988 3220 2057 Spiritus.
3246 1989 3359 2046 Nos

1786 2083 1963 2127 autem
2002 2082 2147 2128 recte
2180 2074 2379 2128 habere
2415 2083 2702 2143 putamus,
2742 2077 2786 2131 si
2821 2092 2943 2130 cum
2977 2077 3043 2133 iis
3077 2093 3197 2149 qua:
3227 2092 3357 2138 sunt

1785 2166 1840 2221 in
1879 2174 2129 2235 promptu
2164 2166 2313 2219 verbi
2356 2167 2645 2222 sententiis
2684 2183 2782 2221 nos
2820 2168 3022 2222 affatim
3056 2172 3358 2240 expleveri-

1784 2274 1925 2321 mus,
1954 2258 2094 2311 sicut
2118 2257 2170 2310 in
2198 2257 2461 2313 Pascliate
2485 2260 2729 2329 praecipit
2752 2258 2983 2330 Moyses,
3006 2277 3073 2315 ex
3095 2265 3355 2320 carnibus

1780 2366 1844 2405 ea
1873 2366 1994 2419 qua:
2040 2361 2299 2420 apparent
2347 2350 2777 2415 comederimus,
2824 2353 3201 2421 dimittamus,
3253 2375 3357 2416 nec

1781 2443 1996 2497 curiose
2023 2452 2328 2496 scrutemur
2356 2441 2407 2495 id
2436 2442 2580 2517 quod
2616 2443 2720 2497 sub
2749 2445 2968 2499 ossibus
2995 2446 3125 2503 latet
3151 2448 3355 2505 obscu-

1778 2534 1957 2587 ritatis
1995 2535 2060 2587 ιδ.
2115 2533 2170 2587 Si
2222 2534 2347 2603 quis
2386 2544 2563 2589 autem
2613 2535 2887 2590 desiderat
2921 2540 3168 2596 occultas
3201 2543 3353 2599 verbi

1778 2624 2045 2679 medullas
2065 2665 2079 2688 ,
2113 2633 2319 2694 quaerat
2348 2642 2412 2679 ex
2448 2641 2513 2680 eo
2538 2626 2628 2695 qui
2663 2627 2842 2698 dignis
2878 2630 3087 2685 revelat
3114 2634 3350 2688 oeculta.

1776 2714 1854 2770 Ne
1886 2723 2067 2770 tamen
2105 2716 2387 2770 videamur
2418 2716 2469 2769 id
2498 2716 2645 2786 quod
2687 2716 2889 2772 dicitur
2921 2722 3199 2788 prasterire
3243 2740 3355 2779 non

1776 2821 2066 2861 excussum
2087 2845 2102 2867 ,
2133 2814 2187 2860 et
2215 2806 2455 2860 divinum
2494 2807 2767 2877 negligere
2803 2820 3130 2880 praeceptum
3152 2852 3166 2875 ,
3206 2816 3352 2880 quod

1776 2898 1989 2953 divinas
2019 2898 2173 2967 jubet
2200 2899 2432 2953 scrutari
2464 2898 2778 2969 Scripturas
2808 2902 2879 2963 η,
2924 2904 3357 2969 ita_considere-«

1775 3006 1897 3046 mus
1927 2990 1994 3045 de
2021 2965 2107 3045 'eo
2151 2991 2297 3061 quod
2344 2990 2546 3045 dicitur
2590 2965 2658 3046 de
2704 2965 3032 3061 sexaginta?
3051 2994 3353 3052 Duodecim

1774 3084 1970 3153 virgas,
2012 3098 2109 3152 pro
2145 3097 2368 3137 numero
2415 3083 2654 3137 tribuum
2706 3083 2906 3147 Israel,
2955 3100 3022 3140 ex
3076 3100 3350 3159 priccepto

1774 3175 1958 3229 divino
1983 3173 2322 3242 accipiuntur
2351 3189 2381 3225 a
2415 3172 2617 3244 Moyse,
2647 3174 2738 3228 sed
2772 3190 2880 3229 una
2911 3177 3165 3233 omnibus
3195 3187 3348 3232 ante-

1776 3266 1883 3320 lata
1911 3272 2029 3329 est,
2057 3279 2179 3335 quae
2208 3264 2321 3319 sola
2346 3280 2455 3334 pra!
2485 3266 2698 3320 caeteris
2726 3264 3012 3322 ﬂoruerat.
3031 3266 3245 3322 Rursus
3272 3272 3343 3325 ab

1772 3357 1899 3413 Iesu
1927 3356 2073 3411 Nave
2096 3372 2254 3427 pares
2275 3371 2504 3411 numero
2538 3355 2793 3412 tribubus
2818 3355 2985 3411 Israel
3021 3359 3229 3427 lapides
3255 3376 3348 3414 ac-

1774 3448 2055 3516 cipiuutur
2075 3462 2139 3501 ex
2163 3444 2402 3501 Iordane
2421 3487 2435 3509 ,
2464 3462 2697 3516 quorum
2734 3449 2975 3501 omnium
3007 3449 3191 3504 nullus
3217 3453 3346 3521 reji-

1774 3542 1938 3605 citur,
1974 3540 2088 3610 pari
2128 3540 2333 3593 honore
2366 3541 2632 3609 assumpti
2668 3540 2734 3592 ad
2773 3539 3055 3594 ferendum
3092 3544 3344 3599 testimo-

1772 3635 1922 3689 nium
1956 3634 2024 3689 de
2063 3633 2323 3705 mysterio
2354 3632 2497 3703 quod
2533 3632 2736 3686 factum
2771 3641 2854 3689 est
2890 3634 2943 3687 in
2975 3632 3232 3690 Jordane.

1842 3809 2034 3880 Magna
2073 3818 2154 3864 est
2193 3817 2372 3863 autem
2413 3812 2804 3880 consequentia
2847 3813 2899 3865 in
2943 3812 3010 3867 iis
3044 3829 3165 3884 quae
3201 3814 3344 3870 refe-

1770 3910 1986 3956 runtur.
2027 3902 2324 3967 Quemdam
2363 3902 2507 3955 enim
2545 3902 2847 3970 profectum
2884 3904 2949 3958 ad
2984 3905 3036 3958 id
3074 3906 3220 3975 quod
3255 3916 3339 3963 est

1770 3993 2062 4064 perfectius
2097 3992 2337 4047 ostendit
2370 3993 2548 4046 oratio
2569 4034 2584 4055 ,
2619 4002 2807 4063 utpote
2837 3994 2892 4048 in
2930 3995 3087 4050 initio
3122 3998 3340 4066 quidem

1771 4086 1911 4156 legis
1950 4085 2070 4139 latae
2106 4085 2386 4138 inventam
2423 4082 2597 4139 fuisse
2630 4100 2794 4138 unam
2833 4086 3039 4156 virgam
3076 4088 3337 4144 virentem

1769 4185 1822 4233 et
1859 4176 2297 4247 germinantem:
2334 4182 2562 4230 cat-teras
2602 4187 2782 4230 autem
2820 4176 2987 4232 fuisse
3016 4178 3249 4247 rejectas
3281 4190 3341 4235 ut

1771 4269 1945 4326 siccas
1982 4279 2035 4323 et
2065 4267 2357 4322 infertiles.
2391 4267 2528 4323 Cum
2573 4276 2756 4323 autem
2807 4270 2930 4339 plus
2976 4272 3339 4340 processisset

1769 4360 2065 4431 temporis,
2097 4369 2149 4415 et
2190 4359 2383 4430 legalia
2437 4359 2559 4429 ejus
2603 4370 2870 4430 praecepta
2916 4360 3238 4432 diligentius
3283 4378 3339 4420 et

1768 4455 2079 4511 accuratius
2116 4453 2351 4508 fuissent
2382 4454 2695 4508 examinata
2716 4494 2731 4518 ,
2766 4455 3007 4509 secundo
3038 4456 3203 4510 etiam
3240 4473 3335 4511 ac-

1767 4547 1979 4618 cepisse
2017 4546 2487 4601 circumcisionem
2529 4560 2558 4598 a
2596 4544 2723 4599 Jesu
2758 4547 2837 4601 eis
2870 4547 3086 4600 allatam
3111 4588 3125 4609 .
3154 4549 3340 4617 gladio

1767 4639 1980 4709 petriuo
2024 4638 2104 4692 eis
2153 4635 2433 4690 auferente
2484 4636 2709 4690 omnino
2755 4636 3023 4706 quidquid
3066 4648 3186 4694 erat
3229 4641 3335 4704 im-

1768 4730 2027 4786 mundum
2060 4728 2355 4799 (intelligit
2403 4736 2581 4781 autem
2623 4731 2847 4783 omnino
2890 4731 3131 4799 prudens
3174 4733 3332 4787 audi-

1765 4836 1851 4880 tor
1883 4832 2048 4894 petrae
2074 4829 2128 4877 et
2160 4820 2324 4890 gladii
2360 4818 2849 4893 signiﬁcationem)
2891 4833 2945 4876 et
2983 4824 3153 4879 fuisse
3198 4841 3332 4881 con-

1767 4926 2086 4972 sentaneum
2119 4920 2241 4981 post
2270 4911 2739 4965 confirmationem
2768 4912 2943 4980 ipsius
2977 4913 3097 4967 vitae
3126 4930 3247 4984 qua:
3280 4924 3335 4971 et

1766 5025 1831 5064 ex
1872 5008 1989 5078 lege
2032 5013 2087 5059 et
2131 5020 2198 5059 ex
2245 5007 2444 5061 virtute
2474 5003 2670 5073 agitur,
2700 5004 2908 5058 nullum
2940 5020 3003 5058 ex
3035 5006 3102 5060 iis
3134 5007 3332 5076 lapidi-

1765 5102 1889 5164 bus,
1920 5100 2015 5170 qui
2049 5097 2316 5166 assumpti
2341 5105 2468 5152 sunt
2500 5097 2602 5151 sub
2636 5098 2853 5151 nomine
2889 5098 3125 5152 tribuum
3156 5097 3315 5153 Israe

1763 5197 2024 5256 litarum,
2078 5191 2360 5245 inventum
2406 5188 2574 5247 fuisse
2628 5189 3010 5257 rejiciendum.
3063 5190 3334 5255 Quoniam

1764 5294 1943 5342 autem
1999 5291 2212 5354 oportet
2270 5284 2493 5337 omnino
2544 5298 2787 5352 qumrere
2835 5282 3101 5336 bonorum
3154 5282 3332 5334 incre-

1763 5387 1946 5435 menta
1971 5418 1985 5441 ,
2020 5376 2243 5447 quando
2276 5386 2497 5447 tempus
2528 5378 2838 5446 processit,
2871 5383 2924 5431 et
2962 5375 3063 5429 fuit
3096 5373 3331 5443 amplior

1764 5472 1944 5527 virtus
1970 5470 2214 5525 lsraelis.
2242 5469 2333 5525 Sic
2357 5470 2502 5525 enim
2529 5469 2730 5524 dicitur
2755 5470 2811 5523 in
2836 5469 3021 5522 verbis
3047 5482 3167 5537 qum
3198 5474 3332 5520 sunt

1765 5563 1927 5619 nobis
1957 5562 2268 5633 proposita,
2300 5561 2445 5631 quod
2477 5568 2607 5615 tunc
2649 5560 2702 5613 in
2742 5558 2908 5614 lsrael
2946 5572 3056 5611 non
3093 5554 3331 5625 amplius

1768 5670 1836 5714 ex
1859 5655 2005 5711 tribu
2030 5653 2166 5726 lapis
2188 5661 2283 5710 aut
2306 5653 2461 5726 virga
2482 5667 2590 5709 una
2611 5651 2848 5709 sumitur
2880 5667 2892 5704 :
2922 5648 3015 5705 sed
3036 5662 3136 5718 pro
3161 5644 3328 5718 virgis
