4028 6532
518 398 624 455 905

1767 390 1824 444 S.
1851 386 2178 445 GRECORII
2209 383 2500 446 NYSSENI

3656 390 3768 448 οιιι

510 520 615 563 aut
643 504 917 578 lapidibus
948 506 1003 559 in
1030 518 1357 575 unaquaque
1387 502 1531 559 tribu
1564 502 1806 573 quinque
1833 501 1936 555 viri
1973 500 2077 555 bel-

2187 503 2306 557 ἀντὶ
2337 505 2547 576 ῥάϐδων
2575 502 2607 576 ἢ
2637 504 2799 558 λίθων
2836 505 2928 575 ἀφ’
2958 505 3193 574 ἑκάστης
3231 503 3402 574 φυλῆς
3435 504 3628 576 ἄνδρες
3658 523 3764 562 πο·-

520 597 676 653 licosi
701 636 714 660 ,
743 596 824 651 rei
852 595 1107 650 militaris
1140 595 1333 665 periti,
1363 610 1428 649 ex
1459 594 1690 649 fortibus
1719 592 1917 655 lsrael,
1946 605 2084 662 quo-

511 701 641 741 rum
674 684 1053 753 unusquisque
1082 699 1269 740 ensem
1303 684 1538 739 habebat
1568 696 1736 753 supra
1764 681 1963 744 femur,
1998 682 2084 735 di-

514 780 705 833 vinam
754 779 952 832 lectum
988 778 1051 831 in
1104 779 1293 833 orbem
1343 775 1782 832 circumdabant.
1839 775 2082 841 Quorum

510 880 806 943 propterea
842 872 1032 926 nullus
1071 870 1172 924 fuit
1204 870 1535 939 rejiciendus
1557 907 1572 931 ,
1601 867 1863 939 quoniam
1894 867 2085 936 cujus-

516 968 652 1021 libet
683 965 862 1019 tribus
894 964 1149 1035 primitiae
1193 975 1324 1018 sunt
1370 964 1648 1032 quinque,
1696 976 1929 1031 quorum
1978 975 2085 1013 nu-

514 1076 703 1116 merus
738 1060 1034 1114 duodecies
1066 1057 1463 1127 multiplicatus
1494 1071 1763 1112 summam
1797 1053 1959 1110 efﬁcit
1997 1068 2084 1109 se-

512 1157 757 1225 xaginta.
794 1152 1019 1223 Oportet
1052 1166 1182 1220 ergo
1212 1167 1276 1205 ex
1307 1164 1634 1219 unaquaque
1660 1147 1807 1202 tribu
1843 1146 2084 1218 quinque

503 1246 788 1301 terribiles
818 1252 1060 1298 armatos
1087 1242 1287 1297 milites
1312 1256 1436 1297 esse
1464 1240 1720 1296 custodes
1753 1240 1875 1294 lecti
1904 1238 2078 1306 regis,

422 1358 425 1359 '
511 1338 650 1393 adeo
682 1346 741 1392 ut
782 1337 827 1391 si
862 1335 1081 1390 delicia‘t
1114 1348 1375 1388 numerus
1404 1333 1646 1403 quinque
1669 1372 1684 1397 ,
1722 1330 1773 1385 id
1813 1329 1957 1401 quod
1999 1344 2083 1384 re-

2186 595 2456 666 λεμισταὶ,
2477 597 2838 668 δεδιδαγμένοι
2865 598 3097 673 πόλεμον
3124 599 3232 653 ἀπὸ
3258 600 3492 654 δυνατῶν
3525 600 3764 673 Ἰσραὴλ,

2186 688 2428 757 αἴροντες
2468 689 2756 758 ῥομφαίαν,
2792 689 2891 759 τὴν
2924 687 3075 742 θείαν
3107 688 3295 758 κλίνην
3340 690 3740 760 περιστοιχίζον

2184 795 2296 843 τες.
2324 775 2426 832 Ὧν
2463 779 2550 833 διά
2594 781 2753 833 τοῦτο
2796 779 2971 845 οὐδεὶς
3010 781 3313 851 ἀπόϐλητος
3362 783 3593 845 γίνεται,
3628 783 3767 838 διότι

2186 872 2364 941 πάσης
2402 871 2572 941 φυλῆς
2594 872 2837 943 ἀπαρχὴ,
2884 873 2933 925 oi
2980 872 3138 925 πέντε
3169 872 3426 941 γίνονται,
3466 867 3543 927 ὧν
3581 875 3608 927 ὁ
3638 875 3767 946 ἀρι-

2185 961 2319 1033 θμὸς
2347 963 2639 1027 δωδεκάκις
2670 965 3147 1035 κεφαλαιούμενος,
3185 966 3246 1019 τὸ
3297 966 3569 1038 πλήρωμα
3619 969 3768 1020 ποιεῖ

2182 1057 2289 1109 τῶν
2319 1056 2597 1127 ἑξήκοντα.
2634 1058 2754 1127 Χρὴ
2795 1057 2969 1110 τοίνυν
3015 1056 3174 1110 πέντε
3202 1057 3294 1125 ἀφ’
3318 1054 3550 1125 ἑκάστης
3586 1057 3767 1127 φυλῆς

2185 1148 2445 1220 φοϐεροὺς
2471 1148 2809 1219 ὁπλομάχους
2837 1148 3080 1216 φύλακας
3105 1152 3203 1220 τῆς
3224 1150 3318 1203 τοῦ
3357 1149 3615 1220 βασιλέως
3644 1149 3765 1203 κλί-

2182 1258 2278 1312 νης
2305 1239 2574 1310 γενέσθαι,
2605 1241 2679 1304 ὡς
2712 1241 2825 1309 εἴγε
2856 1238 3027 1294 λείποι
3073 1242 3151 1312 τῷ
3194 1243 3411 1315 ἀριθμῷ
3439 1243 3547 1299 τῶν
3576 1243 3761 1312 πέντε,

2182 1331 2555 1403 ἀπαράόεκτον
2585 1328 2722 1385 εἶναι
2748 1332 2839 1385 καὶ
2863 1331 2925 1385 τὸ
2951 1332 3286 1403 λειπόμενον.

506 1437 617 1487 stat
648 1430 870 1483 minime
901 1428 972 1482 sit
1006 1426 1422 1480 admittendum.

436 1498 470 1584 ἶ
586 1519 727 1574 Num
780 1527 960 1573 autem
996 1518 1050 1571 in
1087 1520 1188 1571 hoc
1221 1517 1461 1584 incoepto
1515 1522 1598 1569 est
1629 1510 1836 1583 aliquid
1873 1510 2083 1565 auden-

400 1628 427 1657 μ*
460 1582 471 1614 ε
501 1613 666 1678 dum,
730 1621 790 1666 ut
843 1611 1094 1665 dicamus
1137 1604 1605 1669 Quemadmodum
1658 1606 1713 1660 in
1756 1617 2077 1673 unaquaque

2184 1582 2338 1662 Πῶς
2366 1596 2471 1668 ἀφ’
2497 1601 2734 1670 ἑκάστης
2760 1582 2932 1674 φυλῆς
2974 1603 3022 1657 oi
3063 1602 3222 1656 πέντε
3281 1582 3625 1667 ὁπλίζονται,
3666 1582 3754 1656 ἵνα

511 1701 659 1756 tribu
712 1710 997 1753 armantur
1039 1697 1304 1768 quinque,
1373 1707 1433 1750 ut
1486 1696 1599 1751 sint
1652 1694 1909 1750 custodes
1955 1693 2077 1746 lecti

2182 1690 2280 1760 τῆς
2308 1689 2589 1760 βασιλικῆς
2630 1690 2817 1762 κλίνης
2851 1692 3092 1762 φύλακες
3121 1694 3412 1762 γένωνται;
3443 1694 3569 1759 Πῶς
3615 1695 3749 1749 ἕκα-

504 1794 695 1862 a'egis?
717 1804 769 1847 et
798 1789 1256 1862 quemadmodum
1296 1790 1670 1860 unusquisque
1695 1790 1887 1843 horum
1917 1788 2077 1859 quin-

2186 1799 2312 1847 στος
2346 1784 2455 1837 τῶν
2486 1783 2649 1838 πέντε
2677 1785 2909 1851 τούτων,
2955 1787 3183 1860 φοϐερὸς
3208 1791 3319 1851 τοῖς
3362 1790 3751 1862 ἀντιτεταγμέο

512 1857 622 1956 qu‘e
668 1879 742 1940 fit
788 1857 1059 1939 terribilis
1087 1885 1438 1949 adversariis
1459 1857 1649 1938 ensem
1680 1897 1839 1938 suum
1870 1857 2077 1936 habens

2186 1894 2297 1941 νοις
2322 1874 2409 1931 διὰ
2452 1878 2551 1946 τῆς
2594 1878 2858 1943 ὁπλίσεως
2898 1857 3134 1949 γίνεται,
3184 1878 3281 1952 τὴν
3332 1857 3748 1953 ῥομφαίαν-τοῦ

510 1977 826 2048 impositum
872 1992 1038 2045 super
1074 1974 1292 2030 femur?
1337 1977 1417 2029 An
1452 1991 1561 2029 non
1593 1985 1677 2029 est
1707 1973 2077 2037 manifestum,

2187 1967 2363 2040 μηροῦ
2428 1968 2887 2040 προϐαλλόμενος;
2932 1974 3000 2027 Ἦ
3050 1970 3205 2044 δῆλόν
3254 1975 3429 2039 ἐστιν,
3481 1976 3562 2030 ὅτι
3601 1980 3630 2031 ὁ
3666 1973 3749 2043 εἷς

2250 1500 2399 1583 ’Λρά
2426 1511 2544 1563 ἐστι
2570 1511 2976 1583 καταπλμῆσαι
3004 1508 3193 1565 λοιπὸν
3219 1510 3312 1564 τοῦ
3348 1510 3552 1582 ὲνθυμή
3562 1529 3730 1583 ματος
3740 1536 3759 1584 ;

509 2070 657 2140 quod
707 2085 850 2125 unus
897 2068 1059 2138 lapis,
1119 2083 1316 2138 nempe
1361 2068 1397 2122 ii
1444 2067 1694 2137 quinque
1723 2065 1916 2119 armati
1951 2073 2092 2121 sunt»

511 2162 895 2232 unusquisque
948 2177 1165 2223 sensus,
1220 2159 1638 2215 convenientem
1696 2173 1856 2213 suum
1891 2173 2078 2213 ensem

506 2250 746 2305 educens
797 2249 863 2303 ad
921 2256 1191 2304 terrorem
1232 2247 1624 2301 inimicorum?
1663 2245 1821 2302 Oculi
1856 2246 2077 2316 quidem

504 2349 592 2397 est
620 2341 772 2396 ensis
825 2349 1089 2410 perpetuo
1118 2338 1368 2408 aspicere
1398 2340 1466 2393 ad
1494 2337 1808 2403 Dominum,
1840 2346 1896 2393 et
1931 2348 2079 2394 recta

504 2430 728 2495 intueri,
791 2439 844 2485 et
890 2430 1043 2483 nullo
1092 2429 1236 2498 turpi
1278 2430 1594 2499 spectaculo
1640 2428 1937 2499 inquinari.
1970 2429 2069 2482 Au-

504 2524 655 2579 ditus
708 2537 859 2577 arma
907 2531 1036 2577 sunt
1094 2522 1368 2584 similiter,
1417 2521 1727 2577 divinorum
1780 2523 2079 2577 documen-

502 2624 689 2670 torum
744 2615 976 2679 auditio,
999 2623 1054 2670 et
1076 2629 1359 2685 nunquam
1386 2629 1588 2669 vanum
1615 2616 1670 2669 in
1697 2630 1757 2671 se
1785 2614 2075 2669 admittere

496 2722 837 2764 sermonem.
894 2707 969 2760 Ita
1028 2706 1191 2761 etiam
1248 2706 1379 2760 licet
1440 2721 1657 2760 armare
1702 2715 1957 2777 gustum,
2018 2715 2074 2760 et

497 2810 733 2865 tactum,
784 2808 839 2856 et
891 2800 1180 2854 odoratum
1223 2799 1401 2869 gladio
1454 2800 1835 2864 continentiae;
1878 2814 2074 2853 unum~

500 2908 776 2963 quemque
834 2907 1054 2949 sensum
1110 2892 1342 2961 tegendo
1381 2891 1702 2964 congruenti
1738 2890 1928 2955 lorica,
1981 2906 2076 2960 per

501 2997 626 3053 qua:
666 2981 973 3037 tenebrosis
1004 2980 1431 3052 cogitationibus
1476 2991 1668 3051 stupor
1700 2981 1758 3034 lit
1785 2989 1838 3034 et
1870 2988 2068 3044 terror,

501 3088 737 3144 quorum
781 3073 943 3127 etiam
971 3080 1187 3142 tempus
1215 3080 1398 3141 aptum
1430 3071 1494 3125 ad
1528 3071 1756 3126 insidias
1784 3070 2073 3125 struendas

496 3166 767 3220 adversus
794 3167 1006 3219 animas
1042 3179 1146 3218 nox
1176 3170 1302 3219 sunt
1330 3172 1384 3218 et
1416 3163 1677 3217 tenebrae.
1717 3161 1775 3216 In
1827 3177 1889 3217 ea
1923 3161 2066 3217 enim
2097 3194 2144 3255 Ο

500 3261 639 3315 dixit
689 3259 982 3329 Propheta,
1014 3259 1220 3313 bestias
1256 3257 1370 3328 agri
1407 3258 1607 3310 malum
1638 3257 1743 3312 sibi
1784 3254 2071 3326 providere

380 3400 386 3407 .
498 3369 654 3409 esum
699 3369 765 3408 ex
811 3352 1100 3422 pecoribus
1163 3349 1279 3405 Dei.
1347 3348 1584 3403 Posuisti
1638 3349 1809 3410 enim,
1867 3348 2068 3417 inquit,

500 3444 762 3507 tenebras,
806 3456 856 3499 et
924 3443 1069 3513 facta
1121 3452 1196 3497 est
1240 3457 1366 3497 nox.
1399 3440 1466 3496 In
1516 3443 1633 3510 ipsa
1675 3441 2071 3507 pertransibunt

496 3552 678 3590 clunes
732 3535 908 3588 bestia:
953 3533 1099 3587 silum
1121 3576 1135 3599 ,
1165 3531 1329 3585 catuli
1358 3531 1619 3600 rugientes
1653 3540 1709 3583 ut
1745 3531 1958 3599 rapiant
2003 3530 2065 3584 "'.

499 3628 769 3694 Quoniam
818 3632 996 3680 autem
1039 3632 1119 3679 est
1149 3624 1315 3678 Israel
1368 3622 1682 3692 quicunque
1737 3621 1796 3675 lit
1844 3620 2064 3676 salvus:

497 3733 611 3774 non
652 3718 793 3774 enim
831 3717 1147 3787 quicunque
1183 3724 1312 3771 sunt
1346 3730 1411 3769 ex
1451 3712 1639 3779 lsrael,
1683 3722 1810 3768 sunt
1850 3711 2068 3768 Israeli-

496 3818 569 3864 tte
601 3809 679 3877 ¹⁸;
728 3808 823 3864 sed
876 3810 1193 3878 quicunque
1242 3805 1409 3862 Deum
1443 3806 1662 3877 proprie
1708 3805 1973 3876 aspiciunt
2002 3821 2065 3861 ex

497 3903 642 3960 bona
692 3901 1012 3972 operatione
1059 3903 1200 3954 hanc
1262 3899 1463 3954 habent
1517 3897 2062 3952 denominationem:

488 3996 781 4066 ,proprium
828 4003 911 4051 est
963 4004 1144 4049 autem
1201 3994 1321 4063 ejus
1356 3995 1448 4066 qui
1492 3993 1661 4048 Deum
1702 3993 1868 4059 viilet,
1918 3996 2067 4049 nullo

496 4102 660 4142 sensu
699 4087 950 4156 aspicere
993 4084 1060 4138 ad
1108 4094 1412 4154 peccatum.
1466 4081 1644 4159 ‘Nemo
1688 4084 1834 4138 enim
1888 4093 2068 4154 potest

2183 2060 2347 2126 λίθος,
2376 2063 2425 2115 οἱ
2470 2062 2631 2116 πέντε
2663 2060 2879 2116 ὁπλίται
2924 2054 3069 2116 οὗτοί
3102 2066 3238 2119 εἰσιν
3281 2066 3519 2138 ἑκάστης
3553 2070 3748 2142 αἰσθή-

2184 2172 2354 2245 σεως,
2400 2154 2498 2245 τὴν
2550 2155 2855 2226 πρόσφορον
2904 2157 3069 2245 ἑαυτῇ
3131 2155 3403 2228 ῥομφαίαν
3457 2163 3537 2226 είς
3574 2162 3745 2216 κατάι

2182 2242 2376 2316 πληξιν
2427 2244 2537 2298 τῶν
2588 2245 2843 2299 ἐναντίων
2893 2242 3364 2317 προϐαλλομένης;
3438 2246 3743 2321 Ὀφθαλμοῧ

2182 2337 2425 2409 ῥομφαία
2467 2335 2529 2389 τὸ
2576 2335 2862 2400 διαπαντὸς
2907 2335 3041 2408 ὁρᾷν
3084 2336 3219 2408 πρὸς
3256 2336 3347 2390 τὸν
3382 2334 3619 2409 Κύριον,
3649 2338 3745 2394 καὶ

2178 2427 2316 2499 ὀρθά
2355 2426 2604 2496 βλέπειν,
2640 2427 2735 2481 καὶ
2781 2427 2969 2499 μηδενὶ
3000 2442 3111 2481 των
3162 2427 3423 2500 ῥυπαρῶν
3458 2429 3746 2499 θεαμάτων

2180 2516 2665 2587 καταμολύνεσθαι.
2727 2517 2922 2588 Ἀκοῆς
2978 2513 3139 2573 ὅπλον
3187 2517 3448 2582 ὡσαύτως
3497 2520 3531 2590 ἡ
3587 2518 3747 2572 θείων
3818 2542 3821 2549 ν

2177 2607 2522 2678 διδαγμάτων
2570 2608 2865 2679 ἀκρόασις,
2933 2607 3028 2663 καὶ
3084 2608 3144 2664 τὸ
3196 2609 3470 2679 μηδέποτε
3519 2612 3746 2682 μάταιον

2180 2699 2334 2768 λόγον
2367 2701 2425 2753 ὲν
2469 2700 2604 2773 αὐτῇ
2648 2700 2922 2768 δέξασθαι.
2967 2701 3152 2766 Οὕτως
3193 2695 3345 2753 ἔστιν
3384 2704 3602 2758 ὁπλίσαι
3652 2708 3748 2759 καὶ

2176 2793 2274 2865 τὴν
2302 2793 2509 2862 γεῦσιν,
2554 2796 2649 2849 καὶ
2681 2795 2779 2864 τὴν
2816 2796 2982 2867 ἁφὴν,
3010 2797 3105 2850 καὶ
3132 2794 3229 2866 τὴν
3258 2794 3525 2866 ὅσφρησιν
3552 2800 3617 2869 τῇ
3646 2799 3746 2869 τῆς

2175 2888 2499 2959 ἐγκρατείας
2526 2890 2787 2962 ῥομφαίᾳ,
2810 2890 3158 2962 καταλλήλως
3180 2890 3413 2961 ἑκάστην
3427 2890 3537 2944 τῶν
3557 2892 3745 2963 αἰσθήδ

2177 2998 2313 3034 σεων
2365 2981 2769 3053 θωρακίζοντα,
2823 2983 2889 3036 δι’
2924 2976 2999 3037 ὧν
3043 2984 3250 3052 γίνεται
3281 2984 3486 3055 θάμϐος
3526 2987 3619 3039 καὶ
3650 2986 3741 3039 έκ-

2174 3073 2370 3143 πληξις
2400 3074 2511 3136 τοῖς
2553 3075 2844 3137 σκοτεινοῖς
2888 3074 3187 3146 λογισμοῖς,
3221 3069 3295 3131 ὧν
3323 3075 3512 3148 καιρὸς
3542 3078 3622 3141 είς
3642 3078 3742 3148 τὴν

2177 3164 2315 3218 κατὰ
2338 3164 2443 3218 τῶν
2472 3163 2657 3234 ψυχῶν
2680 3165 3017 3238 ὲπιϐουλὴνή
3046 3167 3140 3233 νὺξ
3168 3168 3373 3235 γίνεται
3408 3169 3500 3223 καὶ
3529 3169 3587 3222 τὸ
3621 3172 3740 3223 σκό-

2175 3273 2284 3319 τος.
2322 3257 2408 3309 Ἐν
2433 3257 2605 3327 ταύτῃ
2633 3256 2745 3327 γάρ
2774 3252 2927 3312 εἶπεν
2955 3261 2983 3311 ὁ
3016 3261 3327 3332 Προφήτης,
3351 3262 3421 3316 τά
3451 3262 3614 3334 θηρία
3642 3260 3735 3318 τοῦ

2172 3347 2343 3418 ἀγροῦ
2376 3348 2474 3418 τὴν
2506 3349 2746 3420 πονηρὰν
2777 3349 2977 3421 βρῶσιν
3006 3350 3216 3415 ἑαυτοῖς
3248 3354 3311 3407 ὲκ
3338 3355 3447 3407 τῶν
3474 3354 3568 3410 τοῦ
3601 3354 3735 3410 Θεοῦ

2173 3439 2437 3509 ποιμνίων
2460 3438 3129 3510 περιεργάζεσθαι.Ἕθου
3154 3443 3279 3515 γὰρ,
3309 3446 3459 3515 φησὶ.
3492 3450 3732 3513 σκότος,

2169 3530 2267 3584 καὶ
2306 3531 2540 3600 ἐγένετο
2584 3532 2718 3597 νύξ.
2762 3533 2865 3587 Ἐν
2902 3534 3057 3604 αὐτῇ
3092 3536 3500 3592 διελεύσονται
3542 3541 3737 3596 πάντα

2168 3624 2241 3679 τὰ
2279 3626 2451 3692 θηρία
2500 3625 2605 3678 τοῦ
2653 3624 2908 3695 δρυμοῦ,
2962 3630 3223 3698 σκύμνοι
3257 3630 3579 3702 ὠρυόμενοι
3629 3636 3733 3690 τοῦ

2168 3714 2453 3784 ἁρπάσαι.
2501 3717 2718 3788 Ἐπειδὴ
2743 3718 2918 3771 τοίνυν
2959 3720 3170 3792 Ἰσραὴλ
3195 3721 3402 3790 γίνεται
3440 3726 3545 3788 πᾶς
3571 3727 3600 3779 ὀ
3629 3743 3733 3779 σω-

2168 3805 2394 3877 ζόμενος
2413 3823 2426 3837 ·
2448 3809 2508 3861 οὐ
2529 3808 2636 3880 γὰρ
2662 3810 2861 3871 πάντες
2888 3811 2936 3862 οἱ
2960 3810 3020 3875 te
3051 3809 3285 3883 Ἰσραὴλ,
3308 3809 3450 3868 οὗτοι
3479 3816 3722 3885 Ἰσραήλ⁸

2166 3898 2280 3953 ἀλλ’
2326 3900 2438 3953 ὅσοι
2478 3899 2732 3970 βλέπουσι
2777 3901 2868 3955 τὸν
2901 3901 3062 3967 Θεὸν,
3095 3903 3159 3956 ὲκ
3196 3903 3296 3972 τῆς
3325 3905 3600 3976 ἐνεργείας
3631 3924 3729 3958 κυ-

2168 3991 2300 4061 ρίως
2346 3994 2412 4062 τῇ
2458 3992 2796 4064 προσηγορίᾳ
2842 3991 3014 4065 ταύτῃ
3054 3994 3530 4064 κατονομάζονται.
3574 3995 3732 4049 Ἶδιον

2165 4080 2220 4135 δὲ
2249 4080 2342 4135 τοῦ
2391 4083 2624 4153 ὁρῶντός
2652 4085 2766 4137 ἐστι
2796 4083 2885 4136 τὸν
2913 4083 3067 4140 Θεὸν.
3097 4084 3157 4137 τὸ
3193 4086 3381 4157 μηδενὶ
3405 4087 3513 4140 τῶν
3541 4088 3731 4157 αίσθηο

498 4180 564 4232 ad
612 4179 751 4234 duos
803 4178 1059 4232 dominos
1118 4177 1387 4246 aspicere,
1421 4176 1515 4231 sed
1568 4183 1621 4231 et
1660 4175 1883 4230 omnino
1923 4192 2065 4232 unus

2176 4174 2367 4244 τηρίων
2401 4175 2535 4247 πρὸς
2567 4175 2836 4247 ἁμαρτίαν
2869 4175 3103 4245 βλέπειν.
3134 4178 3325 4241 οὐδεὶς
3355 4178 3464 4250 γάρ
3507 4179 3729 4234 δύναται

498 4270 622 4324 adio
648 4268 951 4327 habendus.
976 4268 1022 4322 si
1046 4276 1130 4322 est
1153 4268 1312 4321 aliter
1332 4266 1669 4337 diligendus.
1706 4264 1778 4319 Ea
1802 4266 1870 4320 de
1896 4281 2064 4322 causa

2176 4269 2303 4339 πρὸς
2340 4269 2434 4322 δύο
2485 4270 2704 4340 κυρίους
2754 4271 2922 4339 ὁρᾷν·
2976 4269 3111 4325 ἀλλά
3155 4267 3277 4342 χρὴ⁶
3304 4272 3394 4325 τὸν
3428 4270 3526 4325 ἕνα
3567 4285 3727 4341 μισηη

486 4359 558 4413 ~tit
607 4374 751 4413 unus
805 4361 978 4414 leCtus
1014 4358 1159 4426 regis
1204 4356 1473 4427 quidquid
1511 4364 1781 4412 servatur.
1817 4355 1873 4411 Si
1919 4357 2062 4412 enim

2176 4359 2362 4430 θῆναι,
2396 4362 2444 4414 εί
2475 4361 2656 4431 μέλλει
2693 4362 3006 4431 ἀγαπᾶσθαι
3033 4363 3062 4414 ὁ
3092 4362 3295 4433 ἕτερος.
3329 4363 3530 4418 Τούτου
3570 4364 3729 4436 χάριν

486 4467 689 4507 omnes
726 4450 893 4506 Deum
941 4450 1203 4505 videbunt
1247 4442 1340 4520 qui
1375 4448 1578 4504 fuerint
1610 4448 1775 4504 corde
1827 4451 2060 4517 mundo;

2176 4452 2264 4521 μία
2308 4452 2461 4522 κλίνη
2496 4453 2588 4506 τοῦ
2625 4453 2883 4523 βασιλέως
2931 4456 3136 4523 γίνεται
3163 4457 3271 4509 πᾶν
3298 4455 3360 4509 τὸ
3402 4456 3724 4525 σωζόμενον.

484 4543 587 4612 qui
638 4550 821 4596 autem
862 4541 1027 4596 Deum
1067 4542 1345 4608 viderunt,
1379 4540 1545 4596 Israel
1577 4542 1795 4612 proprie
1832 4541 1969 4595 ﬁunt
2008 4550 2062 4597 et

2176 4544 2227 4597 Ei
2251 4544 2359 4615 γὰρ
2397 4545 2596 4609 πάντες
2620 4544 2836 4615 ὄψονται
2867 4546 2958 4599 τὸν
2985 4546 3116 4600 Θεὸν
3145 4548 3193 4601 οἱ
3226 4548 3456 4619 καθαροὶ
3491 4548 3556 4621 τῇ
3585 4566 3726 4619 καρ-

496 4635 851 4688 nominantur
885 4650 898 4687 :
952 4633 1006 4686 in
1054 4632 1342 4688 duodecim
1379 4640 1559 4687 autem
1589 4633 1766 4688 tribus
1795 4633 2061 4688 dividitur

2176 4635 2251 4705 Βίᾳ
2288 4634 2599 4704 γενόμενοι·
2639 4637 2688 4687 οἱ
2731 4634 2786 4687 δὲ
2814 4636 2906 4689 τὸν
2938 4635 3071 4690 Θεὸν
3103 4637 3336 4702 ἰδόντες,
3383 4638 3595 4711 Ἰσραὴλ
3626 4657 3741 4695 κυι.

484 4726 600 4780 ~boc
638 4740 839 4780 nomen
884 4740 1085 4780 arcana
1125 4725 1361 4795 quadam
1412 4726 1645 4789 ratione,
1694 4733 1842 4781 recte
1887 4725 2061 4795 pleni-

2176 4727 2295 4789 οίως
2334 4725 2573 4795 γίνονταί
2604 4744 2663 4780 τε
2698 4727 2792 4781 καὶ
2833 4726 3214 4799 ὀνομάζονταισ
3250 4729 3457 4784 δώδεκα
3490 4732 3545 4785 δὲ
3586 4733 3724 4787 διαι-

484 4819 627 4873 tudo
670 4834 858 4873 eorum
912 4819 1004 4888 qui
1039 4818 1176 4873 salvi
1228 4817 1385 4884 (lunt,
1421 4833 1648 4872 numero
1698 4817 1977 4887 sexaginta
2003 4816 2057 4870 in

2176 4821 2333 4871 νεῖται
2363 4817 2554 4887 φυλαῖς
2597 4817 2739 4872 κατά
2777 4836 2898 4872 τινα
2924 4819 3080 4888 λόγον
3127 4822 3435 4893 ἀπόρρητον
3479 4824 3635 4878 τοῦτο
3662 4826 3723 4878 τὸ

483 4926 761 4966 summam
818 4911 1112 4981 redigitur,
1148 4925 1273 4965 cum
1325 4926 1496 4966 unum
1534 4911 1755 4981 quidem
1806 4917 2058 4965 sumatur

2176 4909 2349 4979 ίνομα,
2382 4910 2561 4972 καλῶς
2607 4910 2667 4963 τὸ
2702 4910 2972 4983 πλήρωμα
2997 4912 3103 4966 τῶν
3135 4914 3452 4986 σωζομένων
3488 4914 3566 4987 τῷ
3598 4919 3720 4988 ἀρι-

485 4999 546 5056 ὶη
596 5018 923 5073 unaquaque
965 5011 1140 5075 parte,
1186 5004 1241 5057 in
1291 5004 1533 5074 quinque
1590 5011 1766 5057 autem
1818 5010 2057 5058 armatos

2176 5000 2283 5072 ὶμῷ
2340 5001 2446 5055 τῶν
2501 5001 2760 5074 ἐξήκοντα
2817 5003 3239 5072 κεφαλαιοῦται⁸
3300 5006 3417 5071 ἑνὸς
3477 5009 3575 5079 μὲν
3626 5006 3718 5080 ἀφ’

492 5110 589 5165 pro
625 5110 853 5150 numero
892 5109 1154 5150 sensuum
1186 5093 1291 5148 hoc
1342 5109 1507 5147 unum
1556 5091 1850 5146 dividatur.

2176 5097 2385 5150 ικάστου
2421 5096 2618 5166 μέρους
2661 5095 3091 5167 λαμϐανομένου,
3117 5100 3196 5160 εἰς
3224 5098 3382 5152 πέντε
3414 5100 3469 5153 δὲ
3497 5102 3718 5167 ὁπλίτας

2158 5187 2297 5241 κατά
2341 5187 2429 5241 τὸν
2471 5186 2701 5259 ἀριθμὸν
2746 5187 2856 5242 τῶν
2905 5188 3209 5260 αίσθήσεων
3241 5190 3337 5243 τοῦ
3380 5191 3497 5255 ἐνὸς
3530 5194 3714 5249 τούτου

2159 5297 2225 5349 με
2236 5278 2539 5349 ριζομένου.

556 5395 758 5439 Umnes
798 5395 926 5449 ergo
968 5379 1058 5448 qui
1108 5378 1289 5432 divina
1345 5374 1522 5430 induti
1566 5380 1694 5430 sunt
1744 5380 2045 5440 armatura,

2226 5371 2432 5424 Οὐκοῦν
2466 5363 2662 5437 πάντες
2702 5374 2749 5427 οἱ
2792 5372 2942 5427 θείαν
2981 5374 3330 5447 ἐνδυσάμενοι
3384 5376 3711 5444 πανοπλίαν,

484 5492 650 5531 unum
692 5472 835 5543 regis
862 5472 1057 5525 lectum
1095 5467 1458 5531 circumdant,
1483 5465 1660 5522 οπεοιί
1685 5480 1874 5522 omnes
1906 5481 2047 5521 unus

2176 5463 2284 5516 ιίαν
2318 5462 2574 5518 κυκλοῦσι
2598 5463 2691 5518 τοῦ
2733 5464 2990 5535 βασιλέως
3027 5466 3236 5537 κλίνην,
3280 5467 3492 5539 Ἰσραὴλ
3514 5470 3710 5532 πάντες

482 5567 671 5627 lsrael,
696 5574 748 5620 et
785 5580 908 5619 cum
942 5579 1035 5632 per
1059 5561 1347 5617 duodecim
1373 5561 1549 5615 tribus
1571 5558 1905 5629 intelligatur
1927 5575 2047 5630 qua:

2176 5554 2457 5625 πενόμενοι,
2502 5557 2594 5610 καὶ
2621 5557 2705 5611 διά
2732 5557 2840 5613 τῶν
2868 5556 3071 5612 δώδεκα
3112 5560 3294 5629 φυλῶν
3331 5560 3430 5631 τῆς
3461 5563 3704 5631 πανταχῆ

481 5670 565 5713 est
613 5656 814 5725 ubique
863 5653 1185 5723 optimatum
1253 5660 1307 5707 et
1358 5666 1416 5707 se
1478 5649 1692 5705 fortiter
1745 5650 2042 5721 gerentium

2176 5648 2440 5720 ποουμένης
2467 5650 2744 5722 ἀριστείας
2763 5688 2779 5718 ,
2811 5651 2889 5714 εἰς
2915 5650 3002 5705 τὸν
3036 5652 3266 5724 ἀριθμὸν
3304 5651 3410 5707 τῶν
3448 5652 3708 5724 ἑξήκοντα

553 5836 592 5869 ’τ
628 5836 772 5895 Psal.
802 5852 919 5905 cui,
952 5836 1038 5905 18,
1068 5837 1158 5905 20,
1212 5834 1300 5890 21.
1383 5834 1424 5868 ¹⁸
1456 5831 1613 5888 llum.
1662 5834 1744 5900 nt,’
1763 5829 1815 5887 6.
2360 5822 2394 5837 “
2752 5794 2757 5805 ἐ
2785 5814 2789 5819 ’
3260 5776 3274 5811 ι
