3932 6508
132 413 265 469 905

1191 410 1254 463 IN
1295 400 1586 458 CANTICA
1629 397 1895 454 CANTIC.
1938 398 2217 455 HOMILIA
2256 402 2366 459 VII.

3294 400 3395 454 ξ)ῖῶ

139 528 367 593 παντὸς
408 526 967 597 ἀνακεφαλαιουμένου
1012 522 1103 572 τοῦ
1131 517 1237 572 τῶν
1279 517 1545 588 ἀριστέων
1582 515 1718 587 πλη-

1827 512 2154 580 respublica,
2213 515 2433 570 I'ortium
2490 516 2730 571 virorum
2784 513 3124 586 plenitudine
3174 513 3394 568 redacta

142 621 450 695 ρῶματος,
502 618 598 688 μία
631 611 922 681 παράταξις
952 610 1045 662 καὶ
1080 608 1306 680 στρατὸς
1344 604 1452 671 εἷς,
1498 607 1591 660 καὶ
1629 607 1725 676 μία

141 713 354 781 κλίνη,
386 712 657 764 τουτέστιν
712 702 1004 771 Ἐκκλησία
1033 701 1130 771 μία
1149 740 1163 763 ,
1200 702 1292 753 καὶ
1324 700 1450 762 λαὸς
1480 696 1560 761 εἷς
1581 741 1595 762 ,
1631 699 1724 751 καὶ

140 805 348 875 νύμφη
382 805 476 874 μία
496 799 546 850 οί
596 796 794 857 πάντες
831 796 1183 865 γενήσονται,
1214 795 1300 862 ὑφ’
1331 794 1410 846 ἑνὶ
1445 791 1723 862 ταξιάρχῳ

140 898 249 949 καὶ
296 891 659 959 ἐκκλησιαστῇ
718 888 810 940 καὶ
847 886 1063 956 νυμφίῳ
1116 885 1252 957 πρὸς
1304 886 1421 947 ἐνὸς
1473 883 1723 954 σώματος

140 984 439 1042 κοινωνίαν
470 978 995 1051 προσαρμοζόμενοι.
1028 978 1102 1030 Τὸ
1121 979 1177 1030 δὲ
1199 977 1384 1046 κλίνην
1417 977 1721 1029 ἀνάπαυσιν

110 1076 282 1131 εἶναι
333 1072 442 1125 τῶν
490 1070 807 1141 σωζομένων
827 1109 841 1133 ,
882 1070 975 1122 καὶ
1008 1070 1071 1122 ὲκ
1116 1068 1217 1138 τῆς
1248 1068 1338 1120 τοῦ
1370 1068 1503 1121 Θεοῦ
1537 1068 1719 1137 φωνῆς

131 1164 538 1234 διδασκόμεθα,
575 1165 634 1226 ὃς
656 1179 788 1232 φησι
820 1162 955 1233 πρὸς
990 1162 1081 1214 τὸν
1112 1159 1343 1220 ἀναιδῶς
1369 1161 1424 1212 ὲν
1447 1161 1600 1213 νυκτὶ
1628 1158 1721 1212 θυ-

132 1252 584 1328 ροκρουστοῦντα
605 1268 618 1281 ·
658 1253 739 1305 ὅτι
772 1251 923 1317 Ἤδη
967 1253 1005 1319 ἡ
1043 1252 1191 1318 θύρα
1220 1250 1591 1312 κέκλεισται,
1620 1249 1719 1303 καὶ

134 1352 215 1403 τὰ
252 1347 461 1401 παιδία
500 1346 625 1414 μετ’
658 1344 802 1412 ἐμοῦ
835 1343 932 1397 ἐπὶ
976 1342 1083 1409 τῆς
1111 1343 1315 1408 κοίτης
1339 1342 1490 1396 ἐστι.
1524 1340 1720 1403 Καλῶς

136 1444 200 1496 δὲ
249 1444 379 1504 τοὺς
406 1441 491 1494 διὰ
522 1440 629 1493 τῶν
680 1438 857 1491 ὃπλων
904 1438 1001 1507 τῆς
1044 1435 1387 1505 δικαιοσύνης
1418 1434 1478 1486 τὸ
1509 1434 1717 1497 ἀπαθὲς

137 1532 641 1603 κατορθώσαντας,
689 1529 875 1582 παιδία
929 1524 1287 1597 κατονομάζει
1330 1528 1358 1578 ὁ
1407 1525 1592 1593 λόγος.
1631 1524 1719 1578 διὰ

138 1627 357 1681 τούτων
385 1627 515 1695 ἡμῖν
545 1622 936 1693 ὑφηγούμενος,
965 1621 1045 1673 ὅτι
1072 1620 1131 1671 τὸ
1160 1618 1219 1682 ἐξ
1248 1618 1560 1687 ἐπιμελείας
1588 1618 1718 1687 ἡμῖν

139 1718 580 1788 προσγινόμενον
610 1712 810 1781 ἀγαθὸν
829 1751 842 1773 ,
877 1712 977 1765 οὐκ
1001 1711 1128 1766 ἄλλο
1147 1710 1198 1762 τί
1238 1714 1351 1763 ἐστι
1386 1710 1533 1781 παρὰ
1560 1709 1621 1762 τὸ
1658 1710 1717 1775 ἐξ

139 1809 327 1878 ἀρχῆς
361 1804 680 1861 ὲναποτεθὲν
715 1806 778 1874 τῇ
808 1804 984 1871 φύσει.
1019 1804 1147 1856 Ὅτε
1179 1802 1286 1874 γὰρ
1316 1803 1411 1874 τὴν
1442 1802 1715 1872 ῥομφαίαν

1830 603 1882 656 in
1929 619 2200 659 summam
2244 608 2457 663 numeri
2490 610 2793 679 sexaginta,
2822 624 2929 661 una
2964 608 3132 669 acies,
3163 614 3217 660 et
3250 621 3392 660 unus

1828 700 2125 761 exercitus,
2155 706 2209 752 et
2258 715 2401 755 unus
2435 708 2520 754 est
2568 702 2766 766 lectus,
2821 716 3017 770 nempe
3063 716 3170 753 una
3202 697 3392 753 Eccle-

1828 788 1932 851 sia,
1989 797 2043 844 et
2086 791 2319 859 populus
2365 808 2527 853 unus,
2559 799 2612 845 et
2644 807 2751 846 una
2806 806 3008 861 sponsa
3046 792 3173 844 Iient
3200 805 3392 844 omnes

1829 880 1932 933 sub
1984 896 2092 934 uno
2142 882 2363 936 tribuno
2431 885 2685 947 militum,
2751 891 2805 939 et
2860 884 3271 944 concionatore,
3341 888 3393 933 et

1826 985 2031 1040 sponso
2081 976 2347 1042 compacti
2390 982 2443 1028 et
2485 975 2796 1030 concinnati
2833 977 2887 1029 in
2934 989 3097 1028 unam
3146 974 3394 1042 corporis

1826 1062 2289 1130 coniunctionem.
2362 1065 2517 1131 Quod
2577 1076 2758 1121 autem
2818 1067 2993 1120 lectus
3050 1066 3124 1120 sit
3175 1064 3393 1134 requies

1823 1168 2013 1207 eorum
2073 1155 2162 1224 qui
2223 1155 2358 1210 salvi
2415 1156 2568 1221 ﬁunt,
2617 1156 2881 1211 docemur
2912 1156 3095 1211 .etiam
3146 1171 3213 1210 ex
3260 1167 3393 1208 voce

1827 1243 2063 1306 Domini.
2116 1246 2208 1314 qui
2260 1246 2393 1300 dicit
2441 1248 2490 1301 ei
2539 1248 2630 1316 qui
2671 1255 2836 1303 noctu
2889 1248 3090 1302 ostium
3141 1245 3392 1316 pulsabat

1826 1336 2211 1405 impudenter:
2248 1337 2504 1392 Clausum
2546 1348 2624 1393 est
2658 1341 2874 1403 ostium,
2912 1350 2958 1392 et
3001 1339 3147 1407 pueri
3192 1353 3391 1390 mecum

1824 1435 1946 1478 sunt
1988 1427 2040 1479 in
2075 1426 2235 1480 cubili
2275 1429 2338 1481 ’°.
2388 1427 2554 1482 Recte
2588 1436 2769 1482 autem
2808 1444 2902 1483 eos
2945 1428 3037 1496 qui
3094 1442 3189 1496 per
3240 1440 3391 1479 arma

1819 1517 2049 1586 iustitiae
2098 1520 2201 1574 sibi
2249 1532 2638 1590 compararunt
2669 1522 3147 1591 impatibilitatvm,
3194 1534 3393 1588 pueros

1827 1610 2094 1673 nominat,
2155 1614 2559 1681 exponentibus
2609 1614 2770 1668 nobis
2815 1613 3185 1683 dogmatibus,
3246 1611 3390 1681 quod

1823 1701 2023 1755 bonum
2066 1704 2209 1773 quod
2259 1706 2419 1760 nobis
2468 1705 2677 1759 accedit
2729 1721 2792 1760 ex
2845 1704 3116 1760 industria
3169 1719 3231 1758 ac
3263 1702 3389 1757 dili-

1824 1795 2026 1866 gentia,
2056 1812 2161 1850 non
2195 1805 2279 1853 est
2341 1797 2485 1851 aliud
2521 1798 2723 1853 bonum
2762 1813 2826 1853 ac
2882 1799 3194 1862 honestum,
3227 1812 3390 1866 quam

138 1898 557 1965 διαζωσάμενος
593 1894 682 1948 διὰ
709 1896 978 1965 προσοχῆς
1006 1894 1098 1947 τοῦ
1122 1895 1241 1947 κατ’
1282 1893 1480 1965 ἀρετὴν
1514 1893 1627 1963 βίου
1658 1894 1718 1947 τὸ

1827 1886 1878 1940 id
1926 1888 2071 1957 quod
2134 1889 2201 1944 ab
2253 1890 2411 1945 initio
2470 1898 2667 1945 natura
2716 1901 2801 1947 est
2853 1893 3011 1947 nobis
3059 1891 3389 1963 repositum.

145 1990 330 2052 ’πάθος
382 1987 822 2048 ἀπεσκευάσατο,
879 1986 997 2039 τότε
1050 1984 1239 2053 νήπιον
1298 1980 1402 2052 τῆς
1471 1985 1721 2055 ἡλικίας,

147 2080 499 2149 ἀναισθήτως
532 2078 642 2147 ἔχει
667 2076 759 2131 τοῦ
786 2076 1026 2130 τοιούτου
1053 2076 1277 2139 πάθους.
1319 2077 1392 2128 Οὐ
1425 2075 1533 2146 γὰρ
1560 2078 1727 2146 χωρεῖ

143 2173 212 2225 τὸ
249 2170 421 2232 πάθος
450 2174 480 2239 ἡ
513 2168 688 2238 ἀωρία
716 2168 812 2237 τῆς
838 2167 1073 2238 ἡλικίας.
1113 2165 1321 2220 Οὐκοῦν
1360 2166 1553 2218 ταυτόν
1579 2168 1725 2218 ἐστιν

142 2262 378 2325 ὁπλίτας
412 2278 470 2313 τε
500 2261 627 2330 περὶ
654 2260 751 2329 τὴν
786 2259 971 2328 κλίνην
1006 2254 1142 2311 εἶναι
1170 2259 1377 2328 μαθεῖν,
1428 2259 1522 2311 καὶ
1554 2260 1721 2329 νήπια

150 2356 248 2407 ἐπὶ
282 2354 383 2422 τῆς
423 2352 608 2421 κλίνης
657 2351 1064 2419 ἁναπαυόμενα.
1112 2350 1229 2404 Μία
1278 2349 1387 2421 γὰρ
1420 2351 1505 2402 ἐπ’
1542 2351 1722 2420 ἀμφο-

150 2449 331 2519 τέρων
368 2450 400 2518 ἡ
449 2445 715 2508 ἀπάθεια,
756 2443 863 2496 τῶν
892 2461 951 2496 τε
988 2444 1060 2514 μὴ
1106 2442 1586 2512 παραδεξαμένων,
1632 2445 1723 2496 καὶ

150 2543 266 2596 τῶν
328 2539 706 2609 ἁπωσαμένων
767 2536 824 2590 τὸ
894 2536 1081 2597 πάθος.
1143 2535 1208 2587 Οἱ
1268 2535 1368 2605 μὲν
1412 2534 1520 2605 γὰρ
1570 2539 1723 2592 οὔπω

150 2636 400 2700 ἔγνωσαν
422 2650 435 2662 ·
483 2631 530 2683 οί
560 2630 616 2682 δὲ
647 2629 781 2700 πρλς
824 2629 920 2699 τὴν
954 2626 1174 2698 πρώτην
1210 2627 1542 2680 κατάστασιν
1600 2629 1758 2680 ξαν-⁵

150 2723 280 2783 τοὺς
324 2719 698 2786 ἐπανήγαγον,
738 2715 1099 2787 στραφέντες,
1138 2715 1232 2768 καὶ
1258 2714 1441 2767 παιδία
1481 2717 1546 2786 τῇ
1580 2716 1721 2768 άπα-

151 2812 275 2879 θείᾳ
312 2811 624 2881 γενόμενοι,
675 2809 749 2872 ὡς
794 2808 1062 2878 μακάριον
1111 2806 1173 2859 τὸ
1213 2808 1270 2858 ὲν
1311 2806 1520 2870 τούτοις
1570 2808 1723 2878 εὑρε-

155 2906 354 2975 θῆναι,
404 2902 442 2970 ἧ
482 2901 713 2965 παιδίον,
763 2901 795 2970 ἢ
841 2899 1106 2968 ὁπλίτην,
1150 2897 1465 2970 ἢάληθινὸν
1509 2900 1722 2969 Ἰσραηο

152 2999 310 3067 λίτην
372 2996 678 3067 γενόμενον.
743 2996 814 3058 ὡς
859 2994 957 3065 μὲν
1020 2992 1354 3064 ἰσραηλίτην
1402 2995 1459 3047 ἐν
1508 2993 1724 3066 καθαρᾷ

152 3090 355 3160 καρδίᾳ
386 3090 476 3141 τὸν
520 3089 649 3141 Θεὸν
692 3088 933 3159 ὁρῶντα·
993 3084 1068 3150 ὡς
1116 3087 1171 3140 δὲ
1209 3087 1456 3157 ὁπλίτην,
1488 3090 1545 3141 ἐν
1583 3089 1718 3141 ἀπα-

118 3182 279 3252 ἱθεία
348 3182 443 3234 καὶ
491 3179 821 3251 καθαρότητι
883 3180 981 3251 τὴν
1028 3180 1121 3233 τοῦ
1190 3180 1453 3251 βασιλέως
1517 3182 1719 3255 κλίνην,

1824 1977 2051 2044 Quando
2102 1982 2247 2035 enim
2290 1983 2383 2052 qui
2442 1982 2636 2038 femori
2692 1985 2930 2039 accinxit
2969 1999 3179 2046 ensem,
3213 1990 3389 2037 atten-

1823 2067 2002 2121 dendo
2047 2069 2172 2124 vitae
2205 2085 2271 2125 ex
2308 2073 2508 2128 virtute
2536 2074 2777 2143 agenda},
2809 2076 3018 2145 expulit
3065 2076 3231 2129 animi
3267 2089 3391 2144 per—

1823 2158 2213 2224 turbationem,
2264 2170 2391 2217 tunc
2425 2164 2608 2219 infans
2645 2174 2804 2221 aetate
2835 2175 2939 2231 est,
2972 2183 3170 2237 expers
3197 2181 3390 2221 sensus

1821 2247 2096 2315 ejusmodi
2133 2251 2297 2304 animi
2328 2254 2773 2321 perturbationis.
2813 2255 2931 2310 Non
2980 2258 3122 2311 enim
3158 2271 3219 2311 ea
3257 2266 3389 2313 aetas

1822 2339 2111 2394 immatura
2143 2357 2312 2412 capax
2340 2352 2425 2399 est
2453 2345 2721 2412 ejusmodi
2762 2348 3207 2416 perturbationis.
3242 2348 3388 2403 Idem

1822 2442 1906 2485 est
1945 2447 2073 2501 ergo
2113 2432 2294 2489 dicere
2345 2445 2399 2490 et
2444 2446 2684 2492 armatos
2726 2455 2848 2493 esse
2895 2441 3043 2493 circa
3079 2442 3300 2505 lectum,
3338 2453 3390 2496 et

1821 2520 2080 2587 infantes,
2117 2540 2224 2578 una
2259 2527 2462 2596 quippe
2493 2536 2577 2583 est
2615 2530 3010 2600 impatibilitas,
3047 2533 3391 2603 quandoqui-

1823 2611 1942 2665 dem
1977 2614 2031 2666 hi
2064 2631 2171 2668 non
2210 2616 2574 2682 admiserunt,
2632 2620 2709 2674 illi
2741 2637 2871 2677 vero
2915 2628 3191 2693 ejecerunt
3222 2626 3390 2680 animi

1822 2706 2311 2774 perturbationem.
2369 2709 2504 2763 Nam
2550 2712 2624 2766 illi
2678 2714 2897 2782 quidem
2953 2718 3393 2773 nondumnove-

1822 2805 1981 2864 runt;
2036 2797 2091 2851 hi
2141 2815 2271 2854 vero
2308 2800 2374 2854 ad
2414 2802 2651 2871 priorem
2686 2812 2887 2860 statum
2931 2823 2990 2862 se
3036 2809 3387 2878 redegerunt,

1823 2893 2095 2955 conversi,
2144 2902 2198 2949 et
2248 2894 2653 2965 impatibilitate
2704 2898 2878 2954 effecti
2915 2903 3089 2970 pueri,
3139 2904 3275 2957 adeo
3332 2911 3392 2957 ut

1823 2984 2017 3039 beatus
2058 2987 2109 3039 in
2160 2987 2246 3042 bis
2280 2990 2612 3053 inveniatur,
2644 2992 2724 3046 vel
2762 2992 2963 3056 infans,
3004 2995 3087 3049 vel
3125 3004 3389 3071 armatus,

1823 3076 1906 3128 vel
1954 3092 2117 3133 verus
2148 3079 2393 3134 Israelita
2451 3079 2649 3145 factus,
2685 3093 2741 3136 ut
2780 3101 2942 3141 verus
2993 3087 3234 3143 Israelita
3271 3090 3394 3154 qui-

1824 3168 1945 3221 dem
1970 3169 2021 3222 in
2048 3186 2183 3239 puro
2205 3172 2369 3228 corde
2396 3172 2564 3229 Deum
2596 3176 2807 3243 videns,
2841 3188 3165 3235 ut'armatus
3187 3189 3388 3248 autem,

152 3274 401 3326 τουτέστι
441 3272 538 3342 τὴν
583 3270 773 3324 ἑαυτοῦ
828 3271 1052 3343 καρδίαν
1111 3271 1490 3338 φυλάσσονταο
1543 3271 1620 3337 ὡς
1665 3273 1721 3326 δὲ

1827 3257 1878 3310 in
1920 3259 2321 3328 impatibilitate
2356 3277 2419 3315 ac
2460 3263 2700 3332 puritate.
2759 3266 2900 3335 regis
2940 3267 3159 3332 lectum,
3193 3269 3244 3322 id
3284 3276 3388 3333 est,

156 3367 390 3429 παιδίον,
425 3367 515 3418 ἐπὶ
546 3366 644 3435 τῆς
674 3364 946 3435 μακαρίας
974 3363 1155 3433 κοίτης
1190 3365 1631 3435 ἀναπαυόμενον,
1668 3367 1723 3419 ὲν

156 3457 379 3528 Χριστῷ
424 3456 596 3524 Ἰησοῦ
636 3455 713 3525 τῷ
762 3455 949 3527 Κυρίῳ
992 3456 1166 3525 ἡμῶν,
1197 3448 1241 3522 ᾧ
1282 3455 1461 3527 ήδόξα
1499 3457 1577 3517 είς
1599 3456 1725 3520 τοὺς

155 3550 358 3612 αἰῶνας
396 3548 503 3600 τῶν
541 3546 775 3601 αἰώνων.
820 3547 1012 3617 Ἀμήν.

760 3640 999 3693 ΟΜΙΛῙΑ
1037 3641 1108 3692 Z'.

230 3735 472 3803 Φορεῖον
514 3733 800 3799 ἐποίησεν
842 3730 1032 3796 ἑαυτῷ
1057 3735 1089 3785 d
1112 3730 1412 3797 ,βασιλεὺς
1443 3731 1725 3800 Σολομὼν

157 3828 279 3883 ἀπὸ
317 3829 516 3892 ξύλων
552 3826 658 3879 τοῦ
686 3825 962 3883 Λιϐάνου,
1001 3825 1268 3886 στύλους
1301 3824 1485 3878 αὐτοῦ
1520 3826 1725 3893 ἐποίη-

155 3934 271 3969 σεν
336 3916 647 3984 ἀργύριον,
710 3913 808 3965 καὶ
875 3911 1198 3965 ἀνάκλιτον
1251 3915 1538 3981 χρυσίον,
1595 3915 1723 3967 ἐπί-

158 4012 332 4074 ϐασις
367 4005 554 4061 αὑτοῦ
597 3998 890 4074 πορφυρᾶ.
933 4003 1137 4070 Ἐντὸς
1176 4006 1364 4060 αὐτοῦ
1406 4007 1723 4073 λιθόστρωο

160 4113 288 4159 τον,
331 4096 570 4164 ἀγάπην
614 4095 733 4149 ἀπὸ
780 4093 1113 4163 θυγατέρων
1164 4094 1564 4163 Ἰερουσαλήμ.
1611 4097 1723 4147 Θυ-

162 4189 401 4259 γατέρες
425 4189 596 4251 Σιὼν,
640 4187 933 4251 aetnam,
969 4185 1065 4240 καί
1097 4186 1249 4241 ἴδετε
1281 4188 1351 4240 ἐν
1382 4186 1461 4251 τῷ
1477 4186 1733 4250 βασιλεῖ

162 4277 460 4347 Σολομὼν,
496 4278 565 4331 ἐν
604 4277 683 4341 τῷ
714 4275 1019 4344 στεφάνῳ,
1062 4269 1110 4342 ᾧ
1154 4276 1573 4345 ἐστεφάνωσεν
1618 4279 1725 4330 αὐ-

161 4372 269 4425 τὸν
322 4371 353 4435 ἠ
400 4369 596 4438 μήτηρ
633 4368 820 4420 αὑτοῦ
851 4368 919 4419 ἐν
958 4366 1145 4435 ἡμέρᾳ
1189 4368 1577 4435 νυμφεύσεωρ
1619 4370 1726 4420 αὺ-

161 4465 286 4524 τοῦ,
324 4465 422 4516 καί
467 4462 536 4515 ἐν
581 4461 768 4530 ἡμέρᾳ
800 4463 1180 4529 εὐφροσύνης
1226 4462 1473 4530 καρδίας
1514 4463 1721 4516 αὑτοῦ.

174 4555 327 4610 Ἰδοὺ
382 4553 438 4607 εἷ
490 4552 668 4621 καλὴ,
717 4556 756 4621 ἠ
799 4555 1063 4619 πλησίον
1096 4571 1246 4623 μου,
1280 4553 1406 4607 ίδοὺ
1449 4549 1506 4607 εἷ
1543 4553 1719 4619 καλή.

176 4645 490 4714 Ὀφθαλμοι
542 4659 656 4698 σου
712 4645 1077 4713 περιστεραὶ,
1132 4644 1301 4710 ἐκτὸς
1350 4642 1457 4711 τῆς
1504 4644 1725 4709 σιωπή-

164 4739 314 4804 σεώς
364 4738 638 4801 σου,⁶ὼς
684 4737 889 4806 ἀγέλαι
947 4736 1064 4789 τῶν
1117 4736 1333 4805 αἰγῶν,
1395 4736 1457 4791 αἳ
1500 4738 1723 4790 ἀπεκα-

165 4833 484 4899 λύφθησαν
520 4827 637 4882 ἀπὸ
687 4828 791 4882 τοῦ
841 4827 1103 4881 Γαλαὰδ.
1158 4828 1427 4894 Ὀδόντες
1477 4845 1594 4883 σου
1646 4832 1725 4895 ὡς

166 4915 372 4983 ἀγέλαι
406 4914 523 4968 τῶν
568 4916 967 4983 κεκαρμένων,
1006 4915 1067 4968 di
1113 4917 1420 4984 ἀνέϐησαν
1461 4917 1577 4971 ἀπὸ
1617 4919 1724 4973 τοῦ

168 5002 438 5070 λουτροῦ.
476 5005 536 5055 al
572 4999 761 5056 πᾶσαι
785 5002 1231 5073 διδυμεύουσαι,
1263 5007 1360 5060 καί
1386 5009 1724 5063 ἁτεκνοῦσα

171 5095 275 5145 οὐκ
326 5093 496 5147 ἔστιν
540 5093 609 5146 ἐν
645 5093 872 5159 αὑταῖς.
932 5095 1025 5162 Ὡς
1059 5098 1351 5166 σπαρτίον
1392 5100 1455 5152 τὸ
1486 5101 1725 5155 κάκκιον

174 5187 339 5251 χείλη
391 5199 541 5250 σου,
581 5186 678 5238 καὶ
710 5185 748 5251 ἡ
794 5185 974 5239 λαλιά
1021 5203 1135 5242 σου
1179 5189 1378 5257 ὡραία.
1414 5186 1515 5256 Ὠς
1543 5193 1727 5245 λέπυ-

173 5292 276 5343 ρον
323 5275 469 5340 ῥοᾶς
531 5275 732 5344 μῆλόν
804 5294 919 5331 σου
982 5279 1155 5346 ἐκτὸς
1212 5280 1320 5348 τῆς
1372 5283 1725 5350 σιωπήσεώς

178 5376 303 5415 σου.
352 5362 444 5425 Ὡς
489 5364 709 5433 πύργος
753 5366 928 5419 Δαϐὶδ
962 5366 1260 5437 τράχηλός
1296 5385 1446 5434 σου,
1499 5375 1532 5423 ὁ
1578 5374 1726 5438 ᾠκο-

178 5451 499 5521 δομημένος
554 5455 638 5517 εις
694 5458 981 5512 Θαλπιώθ.
1036 5460 1227 5514 Χίλιοι
1250 5462 1445 5529 θιιοεοὶ
1472 5463 1722 5533 κρέμαν-

178 5557 265 5599 ται
311 5542 401 5593 ἐπ’
447 5544 663 5607 αὑτὸν,
729 5546 913 5601 πᾶσαι
977 5550 1226 5617 βολίδες
1280 5552 1398 5606 τῶν
1432 5553 1721 5609 δυνατῶν.

180 5635 284 5688 Δύο
316 5636 537 5702 μαστοί
574 5652 689 5689 σου
725 5639 803 5703 ὡς
836 5640 943 5693 δύο
969 5645 1159 5711 νεϐροί
1180 5644 1410 5715 δίδυμοι
1434 5646 1724 5715 δορκάδος

1825 3363 1923 3403 cor
1963 3365 2120 3405 suum
2168 3352 2507 3419 custodiens,
2553 3364 2613 3409 ut
2668 3356 2849 3411 infans
2891 3368 3094 3421 autem,
3134 3361 3187 3415 in
3234 3362 3392 3419 beato

1825 3442 1965 3497 Iecto
2010 3445 2321 3514 quiescens,
2358 3447 2413 3501 in
2457 3447 2673 3503 Christo
2714 3448 2844 3504 .Iesu
2890 3449 3119 3508 Domino
3176 3464 3390 3523 nostro,

1825 3536 1913 3589 cui
1955 3536 2127 3606 gloria
2180 3539 2234 3592 in
2281 3540 2479 3595 saecula
2533 3543 2879 3599 saeculorum.
2926 3544 3117 3600 Amen.

2379 3631 2663 3689 HOMILIA
2724 3633 2837 3689 VII.

1894 3714 2023 3771 CAP.
2048 3733 2129 3783 ιιι,
2148 3721 2201 3793 Ῡ.
2221 3720 2272 3775 9.
2301 3720 2586 3777 Ferculum
2608 3725 2709 3778 sibi
2729 3726 2854 3795 fecit
2875 3726 3131 3785 Salomon
3150 3748 3215 3786 ea:
3236 3734 3394 3803 lignis

1825 3805 2034 3863 Libani.
2064 3812 2147 3865 IO.
2171 3811 2459 3869 Columnas
2481 3816 2583 3870 sibi
2600 3818 2723 3886 fecit
2741 3831 3035 3889 argenteas,
3057 3838 3106 3877 et
3120 3826 3398 3878 reclinato.

1826 3899 1963 3950 rium
1996 3916 2148 3954 suum
2192 3920 2430 3967 aureum,
2469 3924 2714 3961 ascensus
2743 3913 2856 3978 ejus
2882 3928 3194 3980 purpureus.
3240 3914 3396 3970 Intra

1824 3989 1993 4057 ipsum
2021 4002 2097 4045 est
2129 3996 2481 4059 pavimentum
2522 3998 2780 4055 charitate
2819 4011 3049 4056 stratum
3083 4021 3148 4057 ex
3178 4006 3395 4074 ﬁliabus

1822 4078 2139 4137 Jerusalem.
2170 4086 2255 4139 ll.
2294 4087 2465 4153 Exite,
2503 4092 2630 4159 ﬁlia:
2656 4091 2807 4153 Sion.
2837 4105 2886 4148 et
2916 4096 3079 4151 videte
3098 4115 3262 4168 regem
3288 4098 3394 4154 Sa-

1826 4172 2081 4228 lomonem
2111 4178 2163 4230 in
2191 4195 2385 4233 corona
2410 4199 2513 4251 qua
2542 4187 2811 4239 coronavit
2838 4202 2957 4239 eum
2986 4200 3154 4242 mater
3180 4190 3316 4258 ejus,
3337 4191 3395 4245 in

1824 4265 1909 4320 die
1931 4267 2352 4334 desponsationis
2384 4290 2513 4337 sum,
2543 4284 2593 4329 et
2633 4277 2685 4329 in
2714 4276 2798 4330 die
2846 4278 3051 4334 latitia:
3080 4284 3253 4336 cordis
3284 4284 3391 4340 sui.

1825 4353 1954 4408 Car.
1981 4372 2053 4420 Iv,
2078 4360 2132 4428 ᾗ.
2175 4361 2224 4412 l.
2262 4360 2393 4415 Ecce
2421 4364 2639 4430 pulchra
2670 4382 2745 4430 es,
2784 4370 3073 4438 propinqua
3106 4388 3241 4435 mea,
3280 4389 3395 4427 ecce

1823 4446 2041 4510 pulchra
2071 4467 2144 4505 es.
2177 4452 2333 4508 Oculi
2378 4457 2453 4508 tui
2483 4457 2756 4524 columbw,
2784 4471 2975 4527 praeter
3002 4462 3057 4514 id
3094 4464 3231 4532 quod
3260 4464 3314 4518 in
3345 4475 3395 4518 te

1825 4542 2085 4598 reticetur.
2112 4545 2276 4601 Coma
2299 4556 2390 4601 tua
2418 4549 2553 4602 velut
2595 4567 2769 4620 greges
2808 4568 3090 4621 caprarum
3132 4571 3247 4623 qua:
3272 4565 3395 4610 sunt

1830 4636 2069 4690 revelata:
2095 4638 2157 4691 de
2182 4649 2352 4693 monte
2383 4637 2613 4696 Galaad.
2647 4642 2703 4694 2.
2734 4641 2928 4696 Dentes
2961 4644 3038 4695 tui
3059 4645 3195 4698 sicut
3216 4663 3393 4716 greges

1833 4736 2106 4781 tonsarum
2173 4746 2289 4799 qua:
2344 4732 2688 4784 ascenderunt
2736 4732 2801 4786 de
2845 4733 3079 4796 lavacro,
3126 4744 3176 4789 et
3218 4753 3393 4791 omnes

1830 4820 2059 4885 geminos
2082 4822 2317 4887 pariunt,
2345 4830 2393 4872 et
2419 4822 2615 4874 sterilis
2638 4838 2737 4873 non
2758 4831 2835 4875 est
2860 4825 3119 4877 intereas.
3162 4826 3215 4879 3.
3245 4825 3397 4880 Sicut

1831 4913 2099 4982 funiculus
2132 4916 2402 4969 coccineus
2431 4914 2577 4967 labia
2603 4927 2714 4979 tua,
2741 4926 2789 4968 et
2814 4933 2984 4970 sermo
3013 4929 3132 4971 tuus
3157 4919 3391 4987 pulcher.

1836 5005 2110 5074 Tanquam
2138 5015 2315 5059 cortex
2344 5007 2475 5059 mali
2503 5008 2678 5073 punici
2727 5024 2859 5076 gena
2889 5018 3001 5073 tua,
3030 5021 3183 5063 extra
3236 5011 3395 5063 silen-

1833 5100 1964 5151 tium
1999 5110 2166 5152 tuum.
2201 5098 2252 5151 4.
2287 5098 2435 5152 Sicut
2471 5099 2632 5151 turris
2668 5099 2834 5153 David
2858 5101 3050 5153 collum
3085 5111 3252 5166 tuum,
3278 5119 3394 5171 qua:

1829 5200 1907 5243 est
1943 5190 2208 5259 adi/irata
2238 5191 2292 5243 in
2320 5188 2622 5257 Thalpioth.
2664 5189 2811 5243 Mille
2844 5193 3010 5263 clypei
3039 5193 3091 5246 in
3130 5192 3245 5259 ipsa
3267 5207 3396 5259 pen-

1830 5280 1973 5342 dent,
2006 5296 2183 5333 omnes
2208 5281 2374 5334 hasta?
2399 5280 2635 5347 fortium.
2664 5281 2718 5334 5.
2772 5281 2886 5336 Duo
2916 5282 3076 5337 ubera
3118 5295 3210 5335 tua
3256 5282 3394 5335 sicut

1829 5375 1933 5426 duo
1966 5372 2169 5425 Itinnuli
2190 5388 2390 5438 caprea:
2411 5371 2639 5440 gemelli,
2657 5373 2746 5440 qui
2766 5383 3055 5441 pascuntur
3076 5374 3127 5426 in
3157 5373 3309 5427 liliis.
3334 5372 3389 5427 6.

1836 5464 2007 5516 Donec
2059 5464 2311 5531 perspiret
2361 5462 2473 5516 dies
2496 5475 2545 5516 et
2592 5475 2895 5517 moveantur
2940 5464 3159 5519 umbrw.
3192 5464 3288 5518 Ibo
3322 5468 3391 5519 at

1834 5566 2062 5610 montem
2110 5555 2358 5625 myrrhaz,
2423 5562 2472 5607 et
2512 5553 2582 5606 ad
2650 5554 2836 5609 collem
2886 5556 3073 5608 thuris.
3139 5555 3190 5608 7.
3258 5553 3393 5608 Tota

1829 5647 2046 5715 pulchra
2069 5663 2143 5711 es,
2170 5647 2461 5715 propinqua
2487 5661 2625 5709 mea,
2652 5658 2701 5700 et
2732 5648 2939 5701 macula
2972 5662 3074 5700 non
3103 5656 3177 5700 est
3205 5647 3257 5699 in
3289 5656 3357 5701 te.

181 5733 230 5786 al
283 5729 589 5801 νεμόμενοι
656 5734 724 5786 ἐν
768 5736 1009 5803 κρίνοις.
1066 5740 1213 5807 Ἕως
1285 5738 1356 5797 οὗ
1405 5742 1737 5813 διαπνεύσῃ
1810 5740 2031 5815 ἡμέρα.
2105 5742 2201 5795 καὶ
2262 5738 2584 5808 κινηθῶσιν
2639 5743 2698 5794 al
2783 5743 2967 5797 σκιαί.
3023 5742 3394 5808 Πορεύσοέιαι

348 5845 393 5879 ²⁰
434 5845 562 5900 Luc.
628 5860 703 5908 xl,
765 5846 814 5903 7.

507 5937 779 6001 PATROL.
824 5939 941 6000 Gn.
974 5938 1201 6001 XLIV.

3008 5948 3084 6008 29
