4028 6520
593 401 693 456 907

1829 405 1889 460 S.
1921 403 2254 461 GRGGOllll
2280 405 2572 466 NYSSENI
3694 435 3774 492 9m

589 519 826 590 ἐμαυτῷ
854 517 1020 621 ,πριὲς
1071 517 1137 571 τὸ
1183 517 1324 621 t5qu
1370 518 1488 621 τῆς.
1515 520 1806 621 σμύρνης,
1853 523 1951 576 καί
2003 524 2154 592 πρὸς
2187 524 2293 578 τὸν
2357 528 2590 591 ,ϐουνὸν
2629 531 2736 586 τοῦ
2791 535 3065 590 Λιϐάνου.
3111 543 3254 614 ἠλη
3288 547 3524 616 malim)
3559 555 3772 621 πλησίον

585 627 727 680 μου,
773 609 870 663 καί
899 607 1101 678 μῶμος
1134 610 1244 662 οὐκ
1268 609 1438 663 ἐστιν
1463 610 1533 663 ἐν
1562 611 1682 666 σοί.

662 704 720 759 lu
756 705 945 760 multis
976 720 1072 758 rex
1114 705 1374 760 Salomon
1411 707 1713 762 assumitur
1742 709 1797 762 in
1823 716 2012 781 typum
2049 710 2153 764 veri

2350 710 2438 764 'Ev
2487 711 2702 777 πολλοῖς
2746 716 2774 768 6
2822 715 3072 786 βασιλεὺς
3109 719 3359 790 Σολομὼν
3399 731 3472 790 εἰς
3517 731 3670 788 τύπον
3703 739 3775 792 τοῦ

591 796 737 865 regis
769 813 782 861 ;
819 799 871 849 in
907 796 1118 858 multis,
1148 796 1396 867 inquam,
1427 813 1548 867 qua:
1578 815 1606 851 a
1655 808 1846 855 sancta
1877 801 2164 872 Scriptura

591 889 658 942 de
689 890 809 959 ipso
839 898 1219 956 recensentur,
1247 889 1418 944 relata
1455 891 1521 944 ad
1565 891 1617 945 id
1649 893 1795 962 quod
1831 901 1914 949 est
1943 895 2162 951 melius.

588 978 724 1033 Nam
773 987 827 1034 et
880 980 1142 1049 paciﬁcus
1191 981 1419 1047 dicitur,
1473 990 1528 1038 et
1579 985 1904 1040 immensam
1956 986 2164 1043 habens

591 1071 917 1142 sapientiam
943 1090 956 1126 :
981 1081 1032 1126 et
1060 1073 1326 1142 templum
1347 1073 1604 1138 aediﬁcat,
1629 1084 1684 1131 et
1711 1076 1849 1147 regit
1882 1078 2162 1147 lsraelem,

588 1176 643 1220 ct
679 1167 940 1236 populum
989 1167 1206 1236 judicat
1243 1168 1298 1222 in
1337 1168 1588 1235 justitia:
1643 1177 1696 1223 et
1725 1179 1810 1226 cst
1860 1186 1926 1226 ex
1957 1172 2164 1228 semine

588 1256 782 1316 David.
818 1258 923 1313 Sed
963 1267 1019 1315 et
1063 1260 1132 1315 ad
1166 1261 1343 1330 ipsum
1396 1263 1544 1317 venit
1593 1264 1781 1334 regina
1818 1262 2159 1336 Ethiopum.

587 1348 724 1403 Nam
755 1349 871 1404 hac
899 1350 1119 1420 quidem
1150 1353 1357 1413 omnia,
1397 1363 1452 1408 et
1474 1370 1596 1424 quae
1644 1365 1773 1410 sunt
1823 1355 2158 1423 huiusmodi,

589 1441 657 1494 de
685 1455 754 1496 eo
791 1441 1010 1512 quidem
1045 1443 1306 1498 dicuntur
1347 1446 1550 1516 typice,
1608 1447 1928 1502 describunt
1980 1459 2160 1504 autem

587 1535 845 1591 virtutem
884 1535 1183 1608 Evangelii.
1229 1537 1364 1604 Quis
1411 1539 1556 1594 enim
1605 1541 1744 1595 adeo
1781 1540 2044 1610 paciﬁcus
2076 1549 2162 1597 est

586 1634 751 1696 atque
791 1628 838 1682 is
884 1629 978 1698 qui
1027 1630 1308 1685 interemit
1359 1631 1720 1696 inimicitias,
1771 1633 1921 1686 cruci
1976 1641 2158 1688 autem

586 1735 717 1774 suos
751 1719 920 1774 aiﬁxit
975 1720 1252 1783 inimicos,
1309 1739 1568 1794 nosque,
1629 1725 1740 1780 imo
1792 1740 1924 1781 vero
1983 1734 2158 1780 totum

558 1813 852 1874 ,mundum
884 1813 990 1868 sibi
1023 1816 1430 1881 reconciliavit,
1481 1826 1535 1872 et
1575 1819 1722 1888 sepis
1777 1819 2156 1874 intermediam

585 1905 748 1959 solvit
775 1906 1092 1971 maceriem,
1144 1915 1202 1960 ut
1249 1907 1390 1963 duos
1445 1908 1500 1963 in
1557 1911 1740 1979 seipso
1793 1910 2056 1966 conderet
2103 1911 2158 1965 in

584 2012 753 2051 unum
786 2013 988 2051 novum
1028 1997 1341 2062 'hominem,
1393 2001 1487 2070 qui
1543 2001 1670 2056 facit
1708 2018 1919 2072 pacem,
1971 2010 2026 2057 et
2061 2003 2156 2073 qui

582 2091 842 2161 praadicat
870 2091 939 2146 iis
966 2092 1062 2163 qui
1096 2092 1276 2164 longe,
1309 2102 1364 2148 et
1397 2095 1464 2150 iis
1486 2096 1578 2165 qui
1622 2111 1809 2166 prope,
1833 2111 2024 2168 pacem
2057 2112 2153 2166 per

581 2197 677 2238 eos
723 2183 816 2252 qui
869 2185 1202 2239 annnntiant
1259 2185 1401 2241 bona
1425 2188 1512 2240 “‘t
1539 2188 1677 2254 Quis
1699 2195 1783 2243 est
1814 2197 1995 2244 autem
2031 2188 2159 2244 talis

580 2273 881 2329 :ediﬁcator
911 2277 1136 2346 templi,
1168 2278 1348 2347 qualis
1403 2280 1496 2350 qui
1548 2277 1903 2334 fundamenta
1938 2280 2156 2351 quidem

576 2367 714 2435 jacit
749 2367 802 2421 in
829 2368 1108 2423 montibus
1135 2369 1366 2435 sanctis,
1407 2371 1510 2425 hoc
1535 2381 1642 2436 est,
1675 2371 1729 2426 in
1763 2371 2048 2442 prophetis
2103 2380 2157 2426 et

580 2458 864 2527 apostolis,
897 2461 994 2530 qui
1021 2459 1285 2525 aediﬁcat,
1310 2461 1456 2516 sicut
1480 2461 1616 2516 dicit
1645 2463 1966 2532 Apostolus,
1992 2477 2158 2532 super

582 2550 1000 2608 fundamentum
1031 2555 1406 2624 apostolorum
1441 2562 1495 2609 et
1519 2554 1937 2624 prophetarum,
1971 2570 2068 2624 per
2097 2569 2157 2610 se

578 2642 826 2698 viventes
853 2653 907 2699 et
940 2645 1215 2701 animatos
1241 2645 1472 2716 lapides,
1505 2645 1599 2715 qui
1633 2661 1726 2714 per
1759 2661 1818 2700 se
1859 2660 1924 2698 ac
1964 2652 2158 2715 sponte

577 2733 875 2789 volvuntur
908 2735 976 2790 ad
999 2738 1434 2807 compactionem
1468 2745 1522 2792 et
1543 2737 1940 2791 connexionem
1975 2736 2156 2806 parie-

580 2831 715 2889 tum,
740 2823 895 2894 juxta
930 2827 980 2880 id
1012 2827 1155 2896 quod
1187 2827 1321 2881 dicit
1351 2825 1625 2898 Propheta
1652 2829 1721 2890 ",
1752 2836 1812 2881 ut
1842 2828 2074 2882 connexi
2101 2835 2157 2882 et

578 2917 857 2986 compacti
893 2918 949 2972 in
983 2918 1187 2974 virtute
1227 2919 1350 2973 ﬁdei
1402 2927 1456 2974 et
1487 2919 1708 2973 vinculo
1751 2919 1923 2988 pacis,
1961 2933 2058 2990 per
2087 2933 2148 2973 se

579 3015 832 3062 crescant
860 3007 914 3062 in
945 3009 1208 3078 templum
1269 3014 1544 3070 sanctum,
1579 3016 1639 3061 ut
1691 3007 1826 3062 ﬁant
1874 3007 2156 3062 habitacu-

576 3099 690 3154 lum
753 3099 843 3154 Dei
893 3100 950 3155 in
1007 3099 1249 3170 spiritu?
1281 3099 1438 3166 Quod
1501 3109 1680 3153 autent
1730 3115 1830 3154 sua
1886 3100 2156 3171 sapientia

581 3189 845 3246 Salomon
871 3207 1052 3246 veram
1068 3191 1350 3262 'signiﬁcet
1374 3191 1722 3260 sapientiam,
1743 3207 1906 3246 nemo
1935 3199 2159 3245 contra-

577 3283 823 3348 dixerit,
890 3284 956 3338 ad
1026 3283 1317 3338 historiam
1381 3284 1662 3352 aspiciens
1728 3293 1784 3339 et
1844 3284 2153 3338 veritatem.

2266 802 2848 901 dine-tvoﬁ-ﬂamiém;
2899 812 3379 883 παραλαμϐάνεται
3401 830 3415 846 ⁸
3476 824 3662 890 πολλοῖς
3699 830 3776 901 δὴ,

2267 893 2588 989 591191.:ch
2626 896 2762 968 πρὸς
2804 899 2865 952 τὸ
2906 904 3148 970 κρεῖττον
3187 904 3314 974 περὶ
3343 905 3504 958 αὑτοῦ
3552 916 3680 980 παρὰ
3702 893 3776 989 ﬁ";

2263 986 2426 1053 ἁγίας
2459 986 2687 1059 Γραφῆς
2726 991 3142 1064 ἱστορουμένοις.
3197 995 3484 1067 Εἰρηνικός
3509 1017 3566 1053 τε
3590 1001 3684 1075 γάρ
3708 986 3776 1064 λέ-

2263 1093 2450 1144 γεται,
2485 1083 2581 1134 καὶ
2629 1083 2818 1152 σοφίαν
2867 1085 3172 1157 ἀμέτρητον
3209 1088 3354 1160 ἔχει’
3401 1092 3492 1146 καὶ
3526 1093 3642 1148 ναὸν
3667 1099 3778 1151 οἰκο-

2263 1165 2448 1235 δομεῖ,
2481 1167 2751 1238 βασιλεύει
2781 1190 2838 1226 τε
2871 1174 2965 1228 τοῦ
3005 1177 3239 1250 Ἰσραὴλ,
3269 1181 3363 1233 καὶ
3390 1183 3558 1252 κρίνει
3585 1186 3665 1239 τὸν
3683 1189 3781 1244 λαὸν

2265 1256 2322 1308 ὲν
2341 1256 2649 1332 δικαιοσύνῃ
2668 1278 2682 1294 ο
2712 1264 2805 1316 καὶ
2831 1265 2896 1317 ἐκ
2922 1265 3016 1319 τοῦ
3039 1269 3354 1340 σπέρματός
3383 1275 3496 1327 ἐστι
3518 1275 3607 1330 τοῦ
3632 1281 3778 1339 Δαϐίδ.

2277 1343 2436 1436 and
2482 1347 2576 1400 καὶ
2613 1351 2644 1418 ἡ
2674 1351 2782 1402 τῶν
2819 1353 3086 1409 Αἰθιόπων
3122 1356 3405 1428 βασίλισσα
3440 1365 3594 1419 αὐτὸν
3634 1375 3776 1436 φοιτᾷ.

2263 1433 2448 1531 ἷΐαῦτα
2479 1437 2586 1509 γάρ
2620 1440 2796 1496 πάντα
2833 1445 2928 1497 καὶ
2969 1446 3037 1499 τὰ
3083 1449 3340 1515 τοιαῦτα,
3373 1455 3500 1526 περὶ
3527 1427 3674 1512 αὐτού
3704 1427 3779 1531 μέν

2260 1525 2474 1619 λέγεται
2520 1532 2793 1599 τυπικῶς,
2845 1537 3239 1611 προδιαγράφει
3276 1543 3332 1596 δὲ
3366 1525 3458 1600 τού
3489 1525 3778 1619 Εὐαγγελίου

2260 1617 2358 1687 τὴν
2386 1618 2631 1692 δύναμιν.
2667 1625 2762 1690 Τίς
2807 1627 2914 1700 γὰρ
2949 1629 3124 1697 οὕτως
3163 1637 3462 1708 εἰρηνικὸς,
3502 1642 3574 1707 ὡς
3605 1617 3778 1702 66m-

2270 1712 2489 1804 ίνας
2500 1714 2597 1786 τὴν
2612 1716 2828 1788 ἔχθραν,
2845 1722 2940 1775 καὶ
2960 1723 3037 1794 τῷ
3074 1726 3289 1799 σταυρῷ
3321 1733 3658 1804 προσηλώσας
3683 1739 3780 1802 τοὺς

2259 1801 2487 1899 ἐχθρούς
2506 1807 2735 1899 -έαυτοῦο
2773 1812 2805 1882 ἡ
2815 1812 2948 1882 μᾶς,
2977 1813 3174 1883 μᾶλλον
3204 1817 3260 1869 δὲ
3289 1819 3380 1872 τὸν
3409 1801 3602 1892 κόσμον
3637 1829 3779 1899 ἐαυτῷ

2260 1894 2613 1984 καταλλάξας,
2650 1899 2745 1954 καὶ
2789 1901 2850 1954 τὸ
2881 1905 3192 1977 μεσότοιχον
3218 1908 3312 1962 τοῦ
3343 1916 3590 1984 φραγμοῦ
3625 1894 3776 1983 λύσας,

2261 1983 2347 2036 ἴνα
2385 1988 2510 2051 τοὺς
2547 1988 2639 2043 δύο
2679 1991 2841 2064 κτίσῃ
2867 1997 2924 2047 ὲν
2954 1996 3131 2068 ἑαυτῷ
3167 2001 3247 2062 εἰς
3275 1999 3375 2055 ἕνα
3405 1983 3580 2059 καινὸν
3603 2007 3778 2079 ἀνθρω-

2259 2092 2359 2128 πον
2379 2119 2394 2141 ,
2431 2081 2598 2136 ποιῶν
2625 2085 2864 2157 εἰρήνην,
2897 2088 2926 2140 6
2973 2091 3214 2162 κηρύξας
3246 2097 3358 2158 τοῖς
3389 2099 3598 2168 μακράν
3632 2118 3683 2155 τε
3706 2104 3778 2156 καὶ

2258 2170 2371 2232 τοῖς
2415 2172 2581 2241 ἐγγὺς
2627 2175 2721 2248 τὴν
2759 2179 3002 2251 εἰρήνην,
3056 2183 3144 2238 διά
3174 2185 3283 2239 τῶν
3327 2189 3779 2259 εὐαγγελιζομένων

2258 2259 2325 2314 τὰ
2358 2263 2560 2331 ἀγαθάς
2591 2267 2688 2330 Τίς
2709 2268 2763 2322 δὲ
2789 2271 3028 2337 τοιοῦτος
3055 2277 3338 2348 οἰκοδόμος
3372 2281 3521 2344 ναοῦς
3547 2283 3617 2348 ὡς
3634 2285 3660 2337 6
3679 2289 3778 2351 τοὺς

2261 2352 2360 2420 μὲν
2393 2353 2668 2425 θεμελίους
2696 2361 2860 2415 αὑτοῦ
2885 2363 3054 2429 τιθεὶς
3079 2368 3138 2419 ὲν
3165 2370 3278 2433 τοῖς
3303 2371 3455 2442 δρεσι
3488 2377 3592 2438 τοῖς
3615 2377 3774 2444 ἁγίοις.

2261 2447 2549 2509 τουτέστιν.
2593 2453 2650 2504 ὲν
2683 2457 2794 2518 τοῖς
2827 2459 3131 2530 προφήταις
3159 2463 3250 2516 καὶ
3284 2465 3628 2534 ἀποστόλοιςο
3660 2471 3779 2526 ἑποι-

2258 2536 2498 2631 κοδομῶν
2520 2539 2599 2605 δὲ,
2631 2543 2812 2608 καθώς
2841 2563 3005 2618 φησιν
3035 2552 3063 2601 6
3089 2551 3333 2618 Παῦλος,
3365 2557 3457 2611 ἐπὶ
3481 2559 3554 2630 τῷ
3585 2559 3778 2631 θεμελίῳ

2255 2628 2364 2684 τῶν
2381 2629 2692 2688 ἀποστόλων
2714 2638 2806 2691 καὶ
2842 2643 3136 2712 προφητῶν
3154 2687 3170 2712 ,
3191 2647 3318 2711 τοὺς
3335 2628 3538 2715 ζῶντας
3569 2628 3654 2706 καί
3678 2628 3778 2716 τοὺς

2259 2721 2537 2794 ἐμψύχους
2565 2725 2764 2792 λίθους,
2789 2731 2915 2794 τοὺς
2951 2733 3018 2786 δι’
3057 2735 3264 2790 ἑαυτῶν
3299 2741 3437 2810 πρὸς
3457 2742 3551 2812 τὴν
3572 2743 3669 2797 τῶν
3690 2745 3777 2797 τοί-

2257 2833 2366 2884 χων
2401 2817 2662 2888 ἁρμονίαν
2699 2823 2840 2876 κατά
2879 2824 2971 2877 τὸν
3003 2829 3340 2898 προφητικὸν
3373 2832 3524 2902 λόγον
3564 2836 3776 2889 κεκύλισ-

2259 2908 2451 2977 μένους
2471 2949 2485 2972 ,
2515 2909 2654 2964 ὥστε
2686 2918 3153 2987 συναρμοσθέντας
3180 2923 3238 2975 ὲν
3268 2927 3332 2994 τῇ
3370 2926 3572 2997 ἑνότητι
3598 2929 3684 2999 τῆς
3706 2928 3776 2981 πί·

2258 3014 2457 3063 στεως,
2492 3002 2583 3055 καὶ
2614 3002 2690 3073 τῷ
2732 3005 3013 3078 συνδέσμῳ
3047 3009 3146 3080 τῆς
3189 3014 3448 3085 εἰρήνης,
3483 3017 3694 3085 αὐξῆσαι
3723 3017 3776 3070 δι’

2256 3088 2463 3142 ἑαυτῶν
2485 3090 2576 3144 τὸν
2607 3093 2733 3146 ναὸν
2763 3095 2852 3148 τὸν
2879 3095 3050 3164 ἅγιον,
3081 3100 3159 3163 εἰς
3183 3101 3242 3154 τὸ
3280 3104 3532 3170 γενέσθαι
3565 3123 3778 3176 κατοικη-

2253 3182 2437 3253 τήριον
2481 3182 2613 3237 Θεοῦ
2647 3187 2705 3238 ὲν
2746 3187 3039 3258 πνεύματι;
3070 3191 3190 3244 Ὅτι
3224 3192 3279 3247 δὲ
3325 3198 3419 3250 καὶ
3455 3199 3517 3268 τῇ
3558 3198 3700 3269 σοφίᾳ
3723 3199 3775 3267 τῇ

2255 3271 2446 3326 ἑαυτοῦ
2473 3275 2501 3326 6
2531 3274 2777 3346 Σολομὼν
2805 3279 2904 3348 τὴν
2945 3279 3203 3354 ἀληθινὴν
3250 3285 3444 3355 μηνύει
3476 3289 3678 3356 σοφίαν,
3703 3288 3778 3340 οὐ·

578 3373 837 3430 Testatur
866 3375 1012 3429 enim
1040 3374 1293 3438 historia,
1321 3374 1467 3442 quod
1499 3374 1588 3428 ille
1615 3375 1856 3430 excessit
1879 3375 2146 3430 terminos

2255 3363 2362 3426 δεὶς
2398 3363 2464 3418 ἂν
2489 3366 2753 3432 ἀντείποι,
2782 3368 2917 3440 πρός
2942 3386 3004 3423 τε
3037 3371 3136 3443 τὴν
3168 3374 3408 3446 ἱστορίαν
3436 3379 3524 3430 καὶ
3555 3377 3677 3449 πρὸς
3701 3375 3778 3446 τὴν

578 3465 832 3519 humana:
862 3465 1165 3534 sapientiae,
1195 3473 1254 3518 ut
1275 3466 1368 3536 qui
1397 3466 1640 3520 omnium
1666 3481 1848 3520 rerum
1879 3466 2146 3537 cognitio-

2255 3456 2509 3527 ἀλήθειαν
2541 3457 2774 3528 βλέπων.
2808 3431 3178 3534 Μαρτυρεῖται
3211 3431 3312 3536 μὲν
3341 3468 3451 3540 γὰρ
3481 3431 3673 3534 ἐκεῖνος
3695 3431 3777 3521 ὑπὸ

577 3570 703 3611 nem
730 3556 784 3609 in
828 3557 916 3610 sui
953 3556 1143 3611 cordis
1191 3557 1484 3611 latitudine
1532 3558 1759 3627 ceperit,
1810 3559 1946 3612 adeo
1994 3567 2052 3612 ut
2095 3566 2150 3613 et

2255 3552 2342 3621 τῆς
2387 3553 2654 3625 ἰστορίας,
2689 3557 2770 3610 ὃτι
2800 3555 3046 3628 παρῆλθε
3072 3559 3198 3622 τοὺς
3222 3559 3324 3630 τῆς
3354 3561 3680 3634 ἀνθρωπίνης
3703 3577 3776 3613 σο-

577 3646 793 3716 priores
816 3647 1164 3716 praeterierit,
1187 3657 1244 3703 et
1271 3648 1364 3719 qui
1397 3648 1655 3718 deinceps
1683 3656 1811 3704 sunt
1841 3649 2146 3714 consecuti,

2255 3642 2372 3709 φίας
2416 3643 2608 3713 ὄρους,
2661 3645 2876 3699 πάντων
2902 3646 2999 3718 τὴν
3038 3647 3242 3716 γνῶσιν
3287 3651 3349 3704 ὲν
3387 3653 3464 3722 τῷ
3494 3653 3669 3706 πλάτει
3696 3650 3776 3720 τῆς

576 3752 706 3793 eum
758 3754 865 3793 non
917 3741 1134 3810 possint
1179 3741 1444 3810 assequi:
1489 3739 1753 3796 Dominus
1815 3751 1994 3795 autem
2049 3757 2146 3795 sua

2255 3730 2467 3803 καρδίας
2508 3733 2796 3805 χωρήσας,
2825 3736 2900 3799 ὡς
2942 3739 3035 3790 καὶ
3069 3738 3195 3801 τοὺς
3226 3740 3588 3811 προλαϐόντας
3621 3757 3772 3812 παρα-

577 3838 799 3896 natura,
825 3831 876 3885 id
911 3833 1088 3902 ipsum
1123 3831 1270 3902 quod
1321 3839 1427 3894 est,
1457 3841 1541 3886 est
1593 3832 1831 3886 essentia
1874 3833 2143 3897 veritatis,

2255 3822 2464 3893 Βραμεῖν
2484 3862 2498 3886 ,
2526 3824 2618 3876 καὶ
2644 3829 2755 3889 τοῖς
2788 3825 2983 3898 ἐφεξῆς
3027 3829 3283 3897 γενέσθαι
3324 3833 3604 3901 ἀνέφικτος
3624 3850 3636 3863 ·
3677 3833 3702 3886 6
3728 3832 3774 3885 δὲ

575 3925 857 3995 sapientiae
902 3933 955 3979 et
989 3927 1250 3995 potentia:
1298 3940 1361 3979 ac
1408 3925 1642 3979 virtutis.
1675 3923 1967 3995 Propterea
2017 3941 2140 3982 cum

2255 3917 2449 3988 Κύριος
2489 3917 2629 3972 κατὰ
2675 3919 2771 3991 τὴν
2817 3923 3009 3976 ἑαυτοῦ
3053 3923 3242 3993 φύσιν,
3296 3927 3431 3980 αὐτὸ
3466 3929 3593 3998 ὅπερ
3631 3927 3772 3988 ἐστὶν.

575 4017 809 4071 dixisset
840 4015 1008 4070 David
1037 4036 1049 4070 :
1087 4015 1280 4071 Omnia
1318 4017 1371 4069 in
1401 4017 1662 4085 sapientia
1694 4017 1866 4087 fecisti
1891 4017 1972 4072 "z
2006 4015 2145 4071 Pro-

577 4109 793 4179 phetam
843 4109 1212 4179 interpretans
1255 4109 1476 4165 divinus
1531 4111 1848 4179 Apostolus,
1910 4111 1964 4164 in
2022 4109 2143 4180 ipso

575 4200 710 4255 dicit
741 4209 925 4256 creata
953 4217 1077 4256 esse
1111 4201 1294 4254 omnia
1318 4203 1363 4232 ”
1391 4220 1402 4256 :
1445 4209 1630 4271 utpote
1679 4201 1827 4272 quod
1874 4200 2143 4272 Propheta

576 4307 700 4348 eum
734 4293 1000 4365 signiﬁcet
1031 4308 1125 4362 per
1160 4294 1500 4362 sapientiam.

647 4471 804 4540 Quod
830 4483 1010 4527 autem
1042 4487 1139 4526 rex
1161 4471 1322 4527 Israel
1349 4473 1418 4527 sit
1442 4471 1726 4536 Dominus,
1749 4469 1957 4525 inimici
1979 4470 2141 4525 etiam

579 4565 699 4634 ejus
729 4564 911 4618 testati
941 4571 1092 4626 sunt,
1131 4565 1221 4632 qui
1260 4562 1662 4618 confessionem
1682 4561 1834 4632 regni
1867 4561 1988 4629 ejus
2015 4561 2145 4615 sub-

579 4657 917 4727 scripserunt
946 4656 1122 4720 cruci,
1157 4655 1258 4708 Ηὶε
1286 4665 1363 4708 est
1409 4670 1502 4709 rex
1533 4653 1845 4709 Judteorum
1879 4653 1965 4707 ηε
1999 4655 2146 4708 acci-

2246 4009 2502 4078 ἀληθείας
2540 4029 2600 4065 τε
2653 4014 2746 4067 καὶ
2790 4015 2982 4084 σοφίας
3022 4017 3115 4070 καὶ
3161 4016 3443 4089 δυνάμεως
3479 4021 3623 4074 οὐσία
3661 4017 3772 4071 ἐστί.

2246 4102 2344 4156 Διὰ
2374 4103 2527 4158 τοῦτο
2559 4104 2651 4158 τοῦ
2684 4107 2847 4160 Δαϐὶδ
2884 4109 3157 4173 εἰπόντος’
3206 4111 3284 4164 ’ὁτι
3311 4111 3513 4166 Πάντα
3537 4114 3602 4166 ἐν
3620 4110 3774 4180 σοφίᾳ

2245 4193 2572 4260 ἐποίησας,
2602 4195 2918 4268 ἑρμηνεύων
2953 4199 3046 4252 τὸν
3083 4203 3376 4274 Προφήτην
3412 4208 3440 4259 6
3468 4206 3602 4268 θεῖος
3643 4203 3773 4257 ’Λπόο

2253 4283 2456 4350 στολος,
2486 4288 2543 4339 ὲν
2564 4286 2711 4358 αὐτῷ
2739 4288 2984 4343 ἐκτίσθαι
3013 4289 3082 4344 τά
3111 4293 3287 4362 πάντα
3310 4296 3457 4366 λέγει
3475 4311 3489 4324 ο
3521 4298 3592 4362 ὡς
3617 4297 3771 4350 τοῦτον

2246 4376 2337 4430 τοῦ
2365 4379 2651 4449 Προφήτου
2678 4381 2764 4434 διὰ
2793 4382 2890 4452 τῆς
2925 4385 3116 4453 σοφίας
3143 4387 3516 4457 σημαίνοντος.

2317 4468 2390 4521 Τὸ
2425 4469 2480 4522 δὲ
2517 4470 2738 4540 βασιλέα
2771 4472 2864 4526 τοῦ
2908 4475 3125 4547 Ἰσραὴλ
3159 4473 3295 4533 εἶναι
3321 4481 3414 4534 τὸν
3445 4481 3666 4552 Κύριον,
3695 4476 3772 4532 καὶ

2247 4559 2398 4628 παρά
2431 4560 2540 4613 τῶν
2577 4561 2786 4632 ἐχθρῶν
2817 4567 3251 4638 μεμαρτύρηται,
3287 4570 3396 4624 τῶν
3431 4569 3772 4642 ὑπογεγραφό-

2244 4666 2350 4702 των
2372 4649 2450 4721 τῷ
2476 4651 2692 4722 σταυρῷ
2727 4653 2826 4724 τὴν
2853 4655 3142 4726 ὁμολογίαν
3170 4659 3268 4728 τῆς
3298 4661 3567 4730 βασιλείας
3601 4659 3769 4715 αὐτοῦ·

579 4751 762 4819 pimus
791 4747 934 4801 enim
967 4747 1362 4810 testimonium,
1397 4747 1612 4801 etiamsi
1661 4745 1728 4799 de
1776 4744 2144 4814 magnitudine

2255 4741 2325 4794 ὅτι
2363 4736 2555 4807 Οὗτός
2582 4742 2753 4797 ἐστιν
2793 4747 2827 4798 d
2851 4745 3152 4814 βασιλεὺς
3184 4748 3302 4804 τῶν
3359 4753 3673 4808 Ἰουδαίων
3705 4749 3772 4802 δε-

583 4841 871 4912 potestatis
901 4850 1194 4896 censeatur
1223 4839 1528 4905 detrahere,
1556 4839 1686 4893 dum
1728 4852 1891 4906 regno
1932 4835 2145 4891 lsraeli-

581 4942 762 4987 tarum
789 4934 1045 4987 terminat
1069 4932 1395 4986 dominium.
1421 4929 1537 4986 Non
1562 4931 1705 4984 cnim
1729 4929 1803 4982 ita
1826 4928 1987 4985 habet
2012 4947 2025 4983 :
2050 4928 2145 4984 sed

587 5041 652 5078 ex
678 5032 832 5096 parte
866 5025 1153 5094 imperium
1187 5025 1240 5078 in
1267 5023 1595 5092 omnesipsa
1629 5023 1682 5098 in
1715 5035 1880 5076 cruce
1913 5021 2146 5086 inscrip-

581 5117 660 5171 tio
685 5116 897 5176 tribuit,
928 5117 1212 5187 quodnon
1243 5115 1526 5184 adjecerit,
1581 5114 1724 5180 quod
1774 5113 1821 5167 is
1852 5113 1921 5168 sit
1966 5112 2141 5167 solum

582 5225 679 5264 rex
706 5209 1037 5264 Judmorum.
1074 5208 1208 5262 Nam
1237 5224 1360 5261 cum
1385 5208 1433 5262 ei
1463 5208 1638 5261 oratio
1671 5207 1917 5260 absolute
1941 5206 2146 5259 tribue-

583 5300 654 5353 rit
703 5316 806 5355 suo
854 5301 1169 5354 testimonio
1225 5297 1538 5352 Judzcorum
1598 5297 1926 5366 imperium,
1981 5296 2145 5351 etiam

583 5393 869 5459 imperium
893 5393 946 5446 in
967 5407 1157 5445 omnes
1181 5391 1344 5445 tacite
1359 5407 1423 5443 eo
1445 5406 1694 5444 sermone
1713 5389 2143 5459 comprehcndit.

582 5483 698 5538 llt-x
727 5485 872 5538 enim
899 5485 1167 5539 universae
1193 5492 1352 5536 terra:
1383 5482 1545 5534 etiam
1579 5481 1631 5534 in
1659 5489 1866 5549 partem
1897 5481 2148 5536 domina-

583 5587 698 5630 tum
727 5577 978 5642 obtinet;
1013 5573 1322 5628 Salomoais
1357 5580 1538 5626 autem
1572 5573 1814 5626 studium
1859 5573 1912 5628 in
1955 5587 2144 5627 verum

581 5669 872 5739 judicium,
904 5667 1176 5738 signiﬁcat
1216 5680 1405 5720 verum
1451 5664 1692 5734 judicem
1724 5665 1887 5720 totius
1930 5663 2141 5727 mundi,

646 5783 688 5854 2'
746 5783 938 5853 Ephes.
989 5797 1052 5846 ιι,
1110 5782 1175 5837 Η
1220 5798 1337 5854 seq.
1409 5784 1451 5814 “
1493 5781 1637 5838 Psal.
1728 5798 1919 5848 mm,
1950 5782 1986 5835 2
2021 5798 2140 5851 sqq-

587 5851 650 5900 '57

2251 4832 2456 4904 χόμεθα
2491 4834 2599 4904 γὰρ
2631 4835 2725 4906 τὴν
2762 4840 3095 4910 μαρτυρίαν,
3133 4845 3182 4895 εἰ
3223 4845 3314 4898 καὶ
3352 4841 3773 4915 κατασμικρύνειν

2251 4925 2526 4996 νομίζεται
2541 4927 2601 4980 τὸ
2637 4929 2917 4997 μεγαλεῖον
2937 4932 3030 4986 τοῦ
3049 4934 3300 5005 κράτους,
3317 4941 3380 5008 τῇ
3409 4937 3513 4990 τῶν
3546 4931 3772 5007 Ἰσραηλι·

2250 5017 2358 5070 τῶν
2383 5017 2628 5090 βασιλείᾳ
2647 5020 2746 5090 τὴν
2761 5021 3074 5077 δεσποτείαν
3111 5025 3388 5097 ὁρίζουσα,
3407 5028 3478 5080 Οὐ
3508 5025 3610 5096 γὰρ
3629 5022 3772 5082 οὕτως

2252 5109 2364 5180 ἔχει
2385 5128 2396 5141 ·
2415 5109 2530 5163 ἀλλ’
2546 5112 2654 5164 ἀπὸ
2674 5113 2737 5182 μέ
2747 5129 2890 5183 ρους,
2909 5113 3008 5184 τὴν
3021 5115 3158 5168 κατὰ
3182 5117 3398 5170 πάντων
3417 5117 3584 5189 ἀρχὴν
3611 5118 3640 5187 ἡ
3672 5116 3768 5166 ἐπι-

2248 5202 2431 5273 γραφὴ
2453 5201 2590 5274 αὕτη
2610 5203 2686 5274 τῷ
2708 5204 2923 5274 σταυρῷ
2940 5205 3240 5276 ἀνατίθησι,
3264 5208 3342 5278 τῷ
3369 5209 3442 5280 μὴ
3471 5208 3766 5278 προσθεῖναι,

2249 5294 2329 5346 ὅτι
2365 5294 2541 5363 μόνων
2581 5295 2687 5347 τῶν
2723 5295 2986 5348 Ἰουδαίων
3023 5289 3180 5362 οὗτός
3206 5301 3320 5352 ἐστι
3345 5299 3602 5369 βασιλεύς.
3637 5297 3769 5349 Ἀπο-

2247 5385 2419 5449 λύτως
2452 5387 2560 5457 γὰρ
2610 5385 2754 5457 αὐτῷ
2791 5391 3288 5460 προσμαρτυρήσας
3329 5393 3357 5444 6
3389 5392 3540 5460 λόγος
3561 5389 3650 5460 τὴν
3681 5383 3769 5438 τῶν

2261 5477 2523 5530 Ἰουδαίων
2574 5479 2766 5549 ἀρχὴν,
2813 5481 2906 5533 καὶ
2942 5479 3001 5533 τὸ
3032 5481 3172 5534 κατά
3200 5483 3414 5537 πάντων
3446 5483 3632 5554 κράτος
3654 5473 3770 5530 κατὰ

2250 5569 2312 5622 τὸ
2347 5566 2698 5636 σιωπώμενον
2736 5569 2801 5638 τῇ
2837 5568 3094 5640 ὁμολογίᾳ
3146 5569 3316 5642 ταύτῃ
3371 5561 3766 5640 συμπαρέλαϐεν.

2263 5661 2323 5714 ὐ
2351 5658 2459 5732 γὰρ
2479 5657 2727 5728 βασιλεὺς
2758 5659 2936 5730 πάσης
2967 5659 3066 5729 τῆς
3090 5661 3191 5732 γῆς
3219 5663 3312 5716 καὶ
3341 5661 3432 5714 τοῦ
3454 5661 3637 5731 μέρους
3660 5651 3768 5706 πάν-

2253 5781 2300 5813 υ
2331 5778 2477 5836 Psal.
2503 5794 2619 5841 CIII,
2647 5777 2736 5831 24.
2812 5778 2856 5810 ’⁵
2888 5777 3099 5834 Coloss.
3131 5793 3170 5843 ι,
3198 5777 3283 5832 l6.
3361 5777 3405 5808 "
3429 5771 3768 5830 Matinum.
