4028 6538
321 413 428 469 εοε
1296 406 1359 460 ΙΝ
1397 401 1686 459 CANTICA
1718 400 1985 455 CANTIC.
2025 397 2301 454 llOMlLlA
2349 396 2456 451 VII.
3443 396 3546 450 9m

321 547 433 595 τως
454 527 556 600 τὴν
584 527 899 584 δεσποτείαν
925 526 1041 597 ἔχει
1063 542 1078 556 ⁶
1106 526 1139 594 ἡ
1163 525 1218 577 δὲ
1253 525 1378 593 περὶ
1401 524 1500 593 τὴν
1523 522 1733 576 δικαίαν
1769 520 1884 590 κρί-

1997 514 2078 585 qui
2118 513 2291 568 dicit:
2355 511 2516 565 Pater
2571 511 2824 565 neminem
2863 508 3096 578 judicat,
3150 498 3241 563 sed
3280 509 3548 578 Judieium

323 640 413 678 σιν
447 622 541 678 τοῦ
570 623 906 694 Σολομῶντος
939 614 1138 687 σπουδὴ
1168 615 1258 668 τὸν
1288 614 1539 685 ἀληθινὸν
1566 612 1758 685 κριτὴν
1790 612 1883 666 τοῦ

1997 625 2133 662 nune
2160 606 2305 660 dedit
2340 604 2484 657 Filio
2506 602 2554 635 “
2583 620 2597 667 ;
2640 611 2716 663 et,
2746 601 2867 655 Non
2911 617 3124 670 possum
3169 615 3235 655 ex
3261 617 3339 655 me
3378 601 3550 669 facere

321 716 524 780 παντὸς
558 693 761 785 κόσμου
787 709 1153 780 διασημαίνει,
1177 709 1235 773 ὃς
1269 724 1431 778 φησιν
1449 724 1462 737 ο
1502 706 1565 759 '0
1590 706 1791 773 Πατὴρ
1813 708 1885 760 οὐ

1997 700 2308 770 ῃιὶάᾳιιαηιι
2354 695 2444 751 sed
2508 696 2645 748 sicut
2697 693 2878 756 audio.
2931 693 3148 762 judico:
3197 702 3244 745 et
3288 693 3550 761 judicium

322 809 509 877 κρίνει
547 803 783 866 οὐδένα,
822 801 983 857 ἀλλὰ
1023 802 1140 869 τὴν
1179 798 1383 870 κρίσιν
1428 798 1635 855 πᾶσαν
1668 798 1887 853 δέδωκε

321 897 403 964 τῷ
434 895 573 958 ΥΙῷ·
603 893 696 946 καὶ
720 892 823 951 ὅτι,
861 893 944 945 οὐ
980 891 1233 960 δύναμαι
1262 890 1453 945 ποιεῖν
1499 890 1600 945 ἀπ’
1630 890 1887 958 ἐμαυτοῦ

325 987 505 1044 οὐδέν
526 1002 537 1015 ⁸
571 984 728 1039 ἀλλὰ
779 982 971 1051 καθὼς
999 985 1222 1048 ἀκούω,
1258 984 1457 1052 κρίνω,
1498 985 1593 1038 καί
1628 986 1664 1051 ἡ
1694 983 1889 1051 κρίσις

322 1082 360 1147 ἡ
391 1078 503 1147 ἐμὴ
525 1076 725 1131 δικαία
768 1076 957 1129 ἐστίν.
990 1068 1156 1139 Οὗτος
1190 1075 1298 1146 γὰρ
1318 1077 1346 1127 ὁ
1367 1075 1663 1145 ἀκρότατος
1684 1076 1783 1137 τῆς
1814 1074 1891 1127 δι-

322 1171 482 1232 καίας
532 1169 763 1239 κρίσεως
819 1168 962 1238 ὅρος,
1017 1167 1078 1222 τὸ
1113 1168 1188 1239 μὴ
1243 1169 1335 1236 ἀφ’
1369 1167 1562 1220 ἑαυτοῦ
1606 1167 1744 1221 κατὰ
1768 1184 1890 1220 τινα

324 1260 696 1333 πωσπάθειαν
754 1258 1043 1330 ἀπόκρισιν
1094 1261 1202 1320 τοῖς
1256 1258 1597 1328 κρινομένοις
1666 1258 1887 1327 νέμειν·

323 1352 460 1409 ἀλλὰ
488 1350 702 1422 πρῶτον
741 1348 959 1404 ἀκούειν
1005 1347 1113 1402 τῶν
1149 1348 1418 1402 ὑποδίκων
1456 1351 1525 1418 τῇ
1558 1346 1754 1418 κρίσει,
1790 1342 1889 1399 εἶθ’

320 1442 496 1506 οὕτως
531 1441 627 1512 τὴν
656 1442 743 1495 ἐπ’
773 1441 953 1502 αὐτοῖς
980 1440 1157 1510 ψῆφον
1205 1439 1531 1493 ἐκτίθεσθαι.
1568 1433 1642 1492 Ob
1670 1439 1827 1510 χάριν
1856 1440 1890 1509 ἡ

323 1535 419 1590 τοῦ
442 1532 577 1587 Θεοῦ
612 1533 839 1604 δύναμίς
865 1550 985 1586 τινα
1014 1531 1265 1602 ὁμολογεῖ
1283 1532 1358 1603 μὴ
1375 1531 1652 1585 δύνασθαι.
1685 1529 1759 1583 Τὸ
1782 1529 1892 1600 γὰρ

324 1626 430 1692 ἔξω
467 1622 558 1677 τοῦ
610 1623 819 1677 δικαίου
882 1620 1222 1693 παρατρέψαι
1269 1621 1368 1691 τὴν
1416 1621 1596 1691 κρίσιν
1644 1619 1895 1674 ἀδυνατεῖ

324 1713 573 1785 ἀλήθεια.
620 1711 776 1765 Ἀλλά
803 1710 863 1763 τὸ
892 1710 988 1782 μὲν
1013 1711 1076 1764 ἐκ
1103 1711 1196 1764 τοῦ
1225 1710 1535 1781 σπέρματος
1566 1708 1728 1763 Δαὸὶδ
1754 1704 1893 1762 εἶναι

326 1805 469 1860 κατά
498 1803 675 1875 σάρκα
704 1790 793 1855 τὸν
816 1801 1040 1873 Κύριον,
1072 1804 1167 1855 καλ⁹
1217 1800 1366 1870 παρά
1396 1799 1489 1853 τοῦ
1522 1799 1803 1868 γεγονότος
1827 1800 1892 1852 ὲκ

326 1897 420 1951 τοῦ
447 1879 608 1951 Δαὸὶδ
642 1894 1069 1967 προμηνύεσθαι,
1098 1893 1173 1956 ὡς
1201 1892 1626 1963 ὁμολογούμενον
1652 1891 1729 1961 τῷ
1750 1891 1893 1961 λόγῳ

330 1993 667 2063 παρήσομεν.
693 1988 767 2042 Τδ
793 1988 850 2041 δὲ
878 1987 1019 2041 κατὰ
1054 1987 1154 2056 τὴν
1183 1985 1537 2039 Αίθιόπισσαν
1569 1985 1892 2055 μυστήριον,

328 2083 446 2146 πῶς
467 2078 837 2136 καταλιποῦσα
883 2079 992 2132 τῶν
1040 2077 1313 2131 Αἰθιόπων
1353 2076 1452 2147 τὴν
1482 2074 1777 2147 βασιλείαν,
1805 2075 1899 2128 καὶ

327 2174 577 2229 τοσοῦτον
599 2171 827 2227 διαϐᾶσα
849 2171 940 2224 τὸν
967 2172 1024 2223 ἐν
1040 2169 1116 2240 τῷ
1140 2168 1286 2240 μέσῳ
1315 2167 1494 2230 τόπον,
1529 2166 1665 2239 πρὸς
1689 2166 1780 2219 τὸν
1812 2166 1900 2219 Σο-

328 2266 578 2339 λομῶντα
630 2264 717 2318 διὰ
765 2263 826 2317 τὸ
850 2263 1004 2327 κλέος
1045 2262 1144 2331 τῆς
1173 2260 1365 2331 σοφίας
1403 2259 1700 2327 ἐπείγεται,
1734 2257 1899 2322 λίθοις

329 2355 529 2425 τιμίοις
560 2354 653 2408 καὶ
678 2351 893 2425 χρυσῷ,
910 2351 1005 2405 καὶ
1027 2353 1137 2413 τοῖς
1168 2349 1273 2403 τῶν
1298 2349 1603 2421 ἀρωμάτων
1630 2347 1901 2419 ἡδύσμασι

326 2448 642 2519 δεξιουμένη
674 2446 765 2501 τδν
788 2428 1044 2515 βασιλέα,
1063 2442 1218 2513 δῆλον
1242 2442 1309 2495 ἂν
1335 2441 1543 2510 γένοιτο
1571 2440 1650 2510 τῷ
1679 2441 1901 2510 ἐπιστή-

332 2559 487 2597 σαντι
524 2539 662 2612 πρὸς
692 2539 720 2591 ὃ
755 2553 811 2589 τι
839 2535 948 2588 τῶν
976 2533 1340 2602 εὑαγγελικῶν
1368 2532 1550 2602 βλέπει
1589 2531 1897 2600 θαυμάτων.

328 2633 430 2697 Τίς
457 2632 564 2702 γὰρ
590 2631 689 2683 οὐκ
714 2624 853 2682 οἶδεν
873 2628 955 2680 ὅτι
1000 2625 1227 2695 μέλαινα
1258 2620 1326 2695 ἦν
1376 2623 1436 2689 ἐξ
1465 2619 1903 2693 εἰδωλολατρείας

328 2723 392 2776 τὸ
418 2718 693 2791 καταρχὰς
726 2719 759 2788 ή
790 2716 847 2784 ἐξ
871 2716 1038 2771 ἐθνῶν
1072 2714 1385 2786 Ἐκκλησία,
1414 2714 1541 2784 πρὶν
1581 2711 1903 2783 Ἐκκλησίαν

328 2811 603 2880 γενέσθαι,
639 2807 817 2879 πολλῷ
843 2807 1045 2878 μεταξὺ
1065 2805 1141 2876 τῷ
1173 2806 1273 2876 τῆς
1316 2805 1535 2874 ἀγνοίας
1556 2805 1903 2875 διαστήματι,

330 2905 430 2974 τῆς
464 2902 600 2976 πρὸς
644 2900 735 2955 τὸν
773 2898 1023 2969 ἀληθινὸν
1060 2897 1194 2951 Θεὸν
1231 2897 1481 2966 γνώσεως
1509 2895 1904 2967 ἀπῳκισμένη;

345 2993 486 3046 Ἀλλ’
519 2994 609 3046 ὅτε
658 2990 902 3060 ἐπεφάνη
949 2991 983 3058 ὴ
1025 2989 1183 3059 χάρις
1229 2986 1324 3040 τοῦ
1367 2986 1524 3050 Θεοῦ,
1555 2988 1711 3057 καὶὴ
1747 2986 1909 3055 σοφία

332 3084 622 3157 διέλαμψε,
653 3083 831 3137 καὶτὸ
867 3081 983 3150 φῶς
1018 3079 1079 3133 τὸ
1110 3078 1360 3151 ἀληθινὸν
1382 3079 1518 3149 πρὸς
1547 3080 1673 3141 τοὺς
1700 3080 1757 3131 ὲν
1786 3077 1909 3131 6x6-

331 3194 415 3231 τει
466 3178 560 3230 καὶ
607 3177 733 3247 σκιᾷ
783 3174 1015 3228 θανάτου
1068 3172 1407 3243 καθημένους
1447 3171 1544 3243 τὴν
1574 3173 1764 3225 ἀκτῖνα
1800 3172 1908 3225 διέ-

1985 809 2156 847 meum
2200 790 2407 860 justum
2455 795 2533 841 est
2573 787 2638 838 ⁸⁷.
2689 782 2813 837 llaec
2856 791 2940 838 εει
2982 784 3127 839 enim
3172 781 3306 849 justi
3356 780 3551 850 jndicii

1986 882 2338 936 exactissima
2369 878 2639 939 deﬁnitio,
2692 893 2797 931 nou
2821 892 2885 932 ex
2920 892 2979 933 se
3037 877 3218 947 aliqua
3268 876 3554 932 aﬂ‘ectione

1985 971 2116 1026 dare
2141 985 2468 1040 responsum
2500 970 2567 1023 iis
2592 968 2684 1038 qui
2716 968 2768 1022 in
2794 966 3005 1034 judicio
3047 967 3423 1033 contendunt;
3454 965 3551 1022 sed

1986 1063 2219 1131 primum
2248 1061 2435 1116 audire
2463 1075 2558 1115 eos
2590 1059 2682 1128 qui
2709 1058 3256 1127 subeuntjudicium,
3283 1066 3336 1112 et
3359 1057 3555 1112 deinde

1988 1158 2040 1207 in
2074 1169 2169 1208 eos
2202 1153 2343 1207 ferre
2389 1153 2738 1209 sententiam.
2792 1148 3155 1215 Quamobrem
3199 1165 3257 1203 se
3302 1151 3550 1218 quaedam

1989 1260 2095 1300 non
2133 1259 2293 1313 posse
2320 1243 2415 1297 Dei
2447 1242 2649 1296 fatetur
2676 1242 2937 1311 potentia.
2971 1238 3104 1293 Nam
3151 1249 3304 1293 extra
3343 1239 3553 1308 justum

1987 1346 2295 1406 pervertere
2313 1334 2582 1404 judicium
2632 1333 2855 1387 minime
2903 1340 3085 1403 potest
3128 1333 3351 1387 veritas".
3399 1331 3555 1399 Quod

1989 1438 2169 1483 autem
2192 1429 2264 1483 sit
2285 1444 2349 1482 ex
2374 1428 2584 1483 semine
2608 1426 2774 1480 David
2799 1426 3098 1481 secundum
3124 1439 3367 1489 carnem,
3397 1425 3559 1492 idque

1989 1518 2327 1589 significetur
2354 1535 2448 1589 per
2472 1534 2596 1574 eum
2620 1518 2713 1589 qui
2747 1528 2909 1574 natus
2936 1526 3108 1574 estex
3138 1516 3361 1581 Davide,
3405 1515 3470 1572 de
3493 1532 3559 1571 co

1990 1615 2467 1684 praetermittemus
2494 1614 2779 1685 prolixiori
2819 1614 2898 1667 uti
2928 1614 3199 1677 oratione,
3243 1623 3300 1669 ut
3344 1614 3411 1670 de
3449 1630 3560 1684 quo

1991 1707 2128 1762 satis
2154 1712 2390 1760 constet.
2418 1704 2771 1776 Ethiopissae
2800 1714 2982 1761 autem
3006 1707 3345 1777 mysterium,
3370 1722 3561 1777 quem-

1992 1797 2284 1852 admodum
2318 1797 2511 1852 relicto
2570 1813 2736 1867 regno
2786 1796 3127 1868 Ethiopum,
3156 1807 3208 1854 et
3234 1799 3560 1855 transmisso

1995 1893 2147 1964 tantq
2175 1886 2322 1956 quod
2354 1885 2726 1940 intercedebat
2755 1885 2954 1956 spatio,
2983 1894 3238 1957 properat
3285 1886 3353 1941 ad
3401 1887 3571 1942 Salo;

1996 1992 2211 2032 monem
2243 1986 2467 2047 propter
2490 1977 2705 2032 laudem
2739 1978 3040 2046 sapientiie,
3069 1979 3298 2049 gemmis
3325 1987 3381 2033 et
3400 1993 3561 2044 auro,

1998 2069 2401 2139 unguentisque
2458 2068 2714 2140 pretiosis
2778 2085 2960 2142 regem
3016 2070 3315 2126 honoriﬁce
3366 2086 3561 2141 prose-

1997 2175 2194 2232 quens,
2246 2159 2601 2216 manifestum
2659 2162 2823 2216 fuerit
2869 2163 3113 2216 animum
3163 2162 3460 2218 advertenti
3495 2162 3565 2217 ad

1998 2252 2272 2322 quodnam
2327 2251 2715 2322 Evangelicum
2778 2254 2973 2323 aspicit
3030 2253 3378 2309 miraculum.
3431 2254 3566 2321 Quis

2000 2344 2145 2399 enim
2171 2344 2519 2414 nescit,quod
2543 2360 2665 2415 quae
2682 2360 2748 2399 ex
2770 2345 3079 2400 idololatria
3111 2346 3179 2400 ab
3209 2347 3365 2401 initio
3389 2356 3473 2402 est
3499 2363 3566 2402 ex

2003 2434 2255 2501 gentibus
2280 2433 2549 2497 Ecclesia,
2579 2435 2736 2506 nigra
2770 2443 2908 2497 erat.
2941 2436 3260 2509 priusquam
3294 2437 3567 2493 ﬁereIEc-
3676 2444 3685 2447 ‘

2000 2527 2164 2581 clesia
2189 2567 2203 2588 ,
2244 2528 2515 2598 longoque
2562 2528 2850 2599 interjecto
2874 2528 3235 2598 ignorationis
3260 2528 3568 2595 intervallo.

2005 2620 2199 2688 procul
2231 2618 2519 2674 habitabat
2542 2634 2572 2673 a
2594 2621 2707 2676 veri
2728 2619 2823 2673 Dei
2847 2619 3195 2690 cognitione?
3224 2619 3331 2676 Sed
3349 2622 3570 2691 quando

2004 2709 2261 2779 apparuit
2293 2711 2469 2782 gratia
2502 2711 2618 2776 Dei,
2651 2720 2707 2766 et
2737 2712 2918 2766 illuxit
2939 2713 3299 2783 sapientia,et
3322 2714 3412 2769 lux
3444 2731 3572 2770 vera

2005 2802 2074 2855 ad
2109 2816 2204 2855 eos
2231 2802 2325 2871 qui
2358 2801 2624 2857 sedebant
2653 2802 2710 2857 in
2753 2802 2995 2859 tenebris
3029 2809 3083 2857 et
3130 2803 3323 2859 umbra
3355 2806 3571 2873 mostis,

2006 2893 2158 2948 misit
2205 2893 2455 2957 radium,
2507 2904 2638 2947 tunc
2694 2893 2893 2949 lsraele
2946 2895 3012 2949 ad
3057 2896 3233 2950 lucem
3285 2897 3575 2954 claudente

2006 2985 2223 3047 oculos,
2263 2994 2319 3041 et
2347 2986 2587 3056 seipsum
2638 2986 2944 3043 abducente
2974 3004 3003 3043 a
3037 2989 3304 3044 bonorum
3351 2992 3574 3060 partici-

2009 3078 2253 3147 patione,
2275 3082 2501 3132 veniunt
2529 3077 2817 3148 Ethiopes
2846 3080 2881 3134 ii
2906 3081 3002 3151 qui
3025 3082 3090 3135 ad
3124 3082 3282 3137 [idem
3308 3085 3576 3141 accedunt

2011 3185 2075 3224 ex
2114 3169 2389 3239 gentibus,
2422 3177 2476 3223 et
2508 3170 2600 3239 qui
2636 3170 2931 3240 aliquando
2990 3172 3147 3242 longe
3179 3183 3359 3238 erant,
3408 3192 3577 3248 prope

332 3268 675 3340 πεμψε,τότε
708 3266 802 3319 τοῦ
840 3264 1054 3335 Ἰσραὴλ
1086 3264 1221 3334 πρὸς
1250 3264 1365 3331 φῶς
1399 3263 1784 3334 ἐπιμύσαντος,
1817 3264 1903 3317 καὶ

2013 3262 2306 3326 accedunt,
2359 3262 2579 3331 nigrore
2633 3260 2821 3316 abluto
2857 3276 2995 3330 aqua
3044 3266 3294 3334 mystica,
3331 3265 3467 3322 adeo
3518 3278 3577 3324 ut

332 3362 435 3429 τῆς
480 3357 586 3411 τῶν
626 3356 841 3425 ἀγαθῶν
896 3356 1185 3427 μετουσίας
1239 3355 1428 3408 ἑαυτὸν
1483 3357 1907 3425 ἀποστήσαντος,

336 3454 583 3524 ἔρχονται
618 3451 667 3503 oi
713 3450 987 3512 Αἰθίοπες,
1033 3450 1081 3501 οἱ
1114 3446 1281 3501 ὲθνῶν
1322 3450 1390 3518 τῇ
1437 3447 1616 3501 πίστει
1647 3446 1912 3519 προστρέ-

336 3560 544 3614 χοντες,
577 3541 671 3595 καὶ
720 3542 775 3595 οἵ
816 3558 965 3594 ποτες
998 3540 1147 3602 ὄντες
1187 3538 1422 3609 μακρὰν.
1464 3539 1629 3606 ἐγγὺς
1653 3539 1910 3607 γίνονται,

334 3633 416 3704 τῷ
442 3631 685 3704 μυστικῷ
712 3631 861 3685 ὕδατι
885 3631 983 3699 τὴν
1002 3629 1259 3701 μελανίαν
1276 3630 1708 3699 ἀποκλυσάμενοι
1729 3646 1740 3658 ⁸
1773 3630 1913 3684 ὥστε

2014 3353 2353 3423 Ᾱῑιιιὶορίείδ
2376 3354 2686 3424 porrexerit
2704 3369 2900 3410 manus
2919 3356 3048 3418 Deo,
3067 3372 3132 3410 eo
3154 3356 3300 3427 quod
3317 3358 3578 3415 obtulerit

2013 3446 2155 3500 dona
2213 3446 2346 3515 regi,
2380 3446 2603 3515 pietatis
2632 3457 2897 3513 aromata,
2926 3454 2981 3501 et
3020 3463 3212 3501 aurum
3253 3447 3347 3503 Dei
3384 3452 3579 3520 cogni-

2014 3539 2202 3600 tionis,
2226 3548 2279 3593 et
2313 3554 2558 3610 gemmas
2590 3548 3013 3610 praeceptorum,
3052 3548 3106 3596 et
3136 3541 3398 3596 virtutum
3446 3558 3577 3613 cpe-

2012 3633 2267 3687 rationis.

335 3723 436 3795 τὴν
468 3722 746 3776 Αἰθιοπίαν
800 3719 1106 3791 προφθάσαι
1143 3722 1300 3791 χεῖρα
1341 3720 1508 3791 αὐτῆς
1530 3720 1608 3791 τῷ
1640 3721 1777 3791 Θεῷ.
1854 3721 1947 3774 καὶ
1982 3723 2277 3793 προσάγειν
2298 3723 2445 3793 δῶρα
2469 3721 2547 3793 τῷ
2579 3722 2807 3793 βασιλεῖ,
2831 3721 2900 3776 τό.
2914 3740 2972 3778 τε
2991 3725 3086 3794 τῆς
3105 3725 3379 3788 εὐσεϐείας
3435 3726 3580 3799 ἀρώσ

341 3814 691 3889 ματα,κα“ιτὸ
714 3814 810 3882 τῆς
835 3812 1164 3881 θεογνωσίας
1183 3813 1535 3883 χρυσίον,καὶ
1588 3816 1713 3877 τοὺς
1765 3814 1979 3885 τιμίους
2015 3815 2194 3879 λίθους
2239 3817 2339 3911 τῆς
2383 3815 2491 3869 τῶν
2543 3816 2771 3870 ὲντολῶν
2795 3834 2855 3869 τε
2897 3815 2990 3870 καὶ
3028 3818 3135 3870 τῶν
3164 3819 3372 3889 ἀρετῶν
3412 3822 3579 3891 ἐργα-

378 3910 481 3965 ίας.

378 3928 481 3965 ια’.

340 3928 376 3967 σ
425 3946 584 4057 ’λλλά
604 4001 741 4073 πρὸς
763 4002 790 4055 ὅ
818 4019 871 4055 τι
898 4000 1109 4072 βλέπων
1128 4001 1374 4054 ἐντεῦθεν
1390 4002 1623 4073 ἄρχομαι
1653 4003 1750 4066 τῆς
1774 4020 1905 4073 προ-

2088 3996 2193 4052 Sed
2237 4010 2502 4065 quorsum
2554 3993 2856 4064 aspiciens,
2892 3994 3023 4048 hinc
3078 3995 3285 4066 incipio
3334 4014 3363 4052 a
3422 4002 3581 4061 nobis

340 4095 603 4166 κειμένης
650 4095 780 4164 ἡμῖν
819 4093 924 4146 τῶν
960 4091 1137 4163 ῥητῶν
1182 4092 1435 4162 θεωρίας.
1472 4093 1571 4163 ἤδη
1591 4094 1903 4164 διασαφήσω

2014 4088 2296 4160 proposita
2317 4086 2607 4143 verborum
2628 4088 3235 4158 contemplatione.jam
3262 4091 3576 4159 declarabo,

338 4187 419 4259 τῷ
465 4187 607 4257 λόγῳ
653 4185 822 4254 αὐτὴν
874 4184 1270 4256 προεκθέμενος
1308 4184 1404 4253 τὴν
1430 4184 1572 4249 λέξιν
1606 4184 1715 4238 τῶν
1751 4183 1903 4238 θείων

2014 4183 2059 4238 si
2094 4182 2248 4252 prius
2281 4194 2518 4250 posuero
2547 4179 2849 4235 dictionem
2872 4180 3180 4235 divinorum
3212 4184 3576 4254 eloquiorum,

339 4277 537 4347 λογίων
565 4276 792 4347 ἔχουσαν
837 4275 1008 4338 οὕτως
1026 4292 1040 4306 ·
1065 4275 1309 4345 Φορεῒον
1337 4276 1629 4344 ἐποίησεν
1660 4275 1850 4341 ἐαυτῷ
1874 4278 1903 4329 d

2011 4290 2134 4343 quae
2175 4272 2257 4328 sic
2304 4272 2496 4326 habet:
2536 4269 2824 4325 Ferculum
2867 4272 2968 4327 sibi
3005 4274 3129 4342 fecit
3181 4293 3274 4330 rea:
3326 4276 3581 4336 Salomon

338 4367 635 4436 ,βασιλεὺς
665 4360 1073 4435 Σολομὼνάπὸ
1094 4365 1295 4429 ξύλων
1311 4365 1418 4419 τοῦ
1450 4364 1729 4428 Λιϐάνου,
1765 4366 1903 4420 στύ-

2008 4381 2073 4421 ex
2110 4365 2267 4435 lignis
2307 4363 2521 4425 Libani,
2554 4363 2829 4419 columnas
2876 4366 2979 4419 sibi
3020 4366 3145 4436 fecit
3196 4381 3491 4440 argenteas,
3531 4382 3582 4427 et

342 4464 493 4525 λους
511 4459 696 4514 αὑτοῦ
718 4459 1002 4525 ἐποίησεν
1038 4457 1336 4527 ἀργύριον,
1377 4457 1475 4512 καί
1499 4457 1565 4511 τὸ
1589 4456 1903 4512 ἀνάκλιτον

2010 4457 2406 4511 reclinatorium
2423 4471 2575 4509 suum
2595 4472 2838 4510 aureum.
2854 4457 3116 4512 Ascensus
3133 4461 3246 4528 ejus
3263 4477 3578 4531 purpureus.

346 4551 533 4605 αὑτοῦ
574 4550 850 4619 χρυσίον,
874 4550 1154 4603 ἐπίϐασιν
1181 4550 1367 4604 αὐτοῦ
1411 4550 1742 4618 πορφύραν.
1783 4550 1903 4604 Ἐν-

2014 4546 2170 4603 Intra
2198 4549 2369 4617 ipsum
2411 4556 2490 4602 est
2531 4548 2887 4615 pavimentum
2933 4549 3195 4606 charitate
3242 4562 3471 4608 stratum
3518 4571 3582 4611 ea:

347 4645 451 4709 τὸς
499 4641 684 4696 αὐτοῦ
725 4644 1128 4708 λιθόστρωτον
1166 4640 1407 4711 ἀγάπην
1434 4641 1551 4696 ἀπὸ
1583 4640 1903 4712 θυγατέρων

2014 4641 2225 4711 ﬁliabus
2288 4641 2612 4697 Jerusalem.
2684 4640 2969 4708 Quomodo
3020 4645 3075 4699 in
3123 4647 3193 4702 iis
3250 4664 3371 4717 qua:
3431 4652 3582 4720 prius

362 4732 774 4801 Ἰερουσαλήμ.
818 4734 1027 4803 ’Ὠσπερ
1055 4734 1233 4787 τοίνυν
1266 4735 1323 4787 ὲν
1367 4738 1478 4797 τοῖς
1511 4734 1903 4806 προεξητασμέ-

2020 4741 2147 4786 ευιιι
2167 4731 2499 4795 examinata,
2534 4729 2602 4783 de
2634 4728 2929 4786 Salomone
2955 4732 3160 4788 dictum
3188 4746 3294 4798 est,
3332 4717 3582 4809 pervqua‘.

348 4842 458 4890 νοις
489 4827 613 4896 περὶ
669 4826 762 4878 τοῦ
812 4826 1151 4897 Σολομῶντος
1180 4819 1335 4898 εὗρεν
1375 4828 1403 4879 ὁ
1446 4827 1622 4895 λόγος.
1652 4828 1718 4880 δι’
1745 4821 1822 4882 ὧν
1852 4829 1903 4881 τὶ

2012 4821 2147 4876 illud
2179 4823 2246 4877 de
2289 4824 2491 4891 templo
2520 4822 2837 4893 mysterium
2875 4825 2929 4878 in
2972 4826 3064 4878 tali
3105 4842 3337 4896 persona
3373 4830 3575 4885 descri-

355 4918 476 4987 περὶ
525 4914 619 4967 τοῦ
657 4912 785 4968 ναοῦ
837 4916 1131 4986 μυστήριον
1186 4918 1243 4969 ὲν
1296 4916 1487 4987 ἐκείνῳ
1531 4916 1609 4987 τῷ
1640 4915 1903 4987 προσώπῳ

2012 4916 2192 4973 bitur;
2241 4915 2322 4968 sic
2351 4915 2513 4968 etiam
2558 4930 2623 4968 ex
2660 4914 2851 4968 fercnli
2893 4920 3303 4976 constructione
3366 4923 3584 4992 signiti-

347 5006 703 5076 διαγράςρεται
728 5021 742 5035 ⁸
788 5005 929 5058 οὕτω
961 5006 1053 5058 καὶ
1101 5006 1187 5059 διὰ
1215 5007 1312 5077 τῆς
1353 5005 1446 5059 τοῦ
1493 5006 1707 5077 φορείου
1743 5024 1903 5059 κατα‹

2013 5016 2171 5061 catur
2191 5006 2259 5060 de
2291 5007 2448 5061 nobis
2481 5005 2845 5076 dispensatio.
2897 5008 3083 5066 Multis
3114 5012 3258 5066 enim
3291 5015 3467 5069 modis
3497 5024 3583 5070 est

352 5100 549 5168 σκευῆς
575 5102 607 5169 ἡ
645 5100 771 5167 περὶ
793 5099 949 5167 ἡμῶν
975 5098 1252 5167 οἰκονομία
1284 5098 1717 5168 διασημαίνεται.
1749 5097 1903 5150 Πολυ·

2016 5098 2161 5153 Deus
2204 5100 2258 5153 in
2299 5099 2366 5153 iis
2400 5099 2492 5168 qui
2523 5107 2653 5154 sunt
2683 5116 2743 5155 se
2769 5100 2944 5171 digni,
2975 5113 3138 5175 prout
3181 5104 3287 5159 fert
3321 5107 3585 5161 uniuscu-

352 5193 564 5255 τρόπως
616 5191 724 5261 γὰρ
756 5188 936 5255 δΘεός
978 5193 1036 5243 ὲν
1069 5194 1179 5255 τοῖς
1227 5189 1395 5255 ἀξίοις
1433 5190 1623 5244 ἑαυτοῦ
1670 5190 1903 5258 γίνεται,

2018 5192 2218 5261 jusque
2255 5190 2517 5254 facultas,
2546 5202 2599 5245 et
2626 5192 2708 5249 sic
2755 5210 3084 5265 unoquoque
3134 5205 3214 5252 est
3250 5196 3583 5263 dignus.'Fit

352 5281 531 5346 καθὼς
553 5282 777 5346 ἕκαστος
805 5283 869 5336 ἂν
889 5282 983 5354 ἔχῃ
1022 5282 1299 5353 δυνάμεώς
1317 5299 1376 5336 τε
1404 5284 1497 5337 καὶ
1532 5281 1707 5347 ἀξίας,
1745 5281 1903 5346 οὕτως

2020 5282 2167 5336 enim
2222 5282 2423 5351 aliquis
2472 5282 2625 5338 locus
2670 5283 2784 5345 Dei,
2828 5284 2970 5340 alius
3020 5301 3150 5341 vero
3198 5285 3583 5350 domus,alius

350 5374 410 5426 ἐν
462 5373 673 5442 ἑκάστῳ
710 5373 1004 5442 γινόμενος.
1046 5373 1102 5425 Ὀ
1148 5372 1244 5442 μὲν
1269 5373 1377 5443 γάρ
1405 5390 1489 5436 τις
1520 5374 1726 5441 γίνεται
1779 5372 1903 5427 Θεοί

2023 5383 2199 5429 autem
2231 5374 2408 5436 sedes,
2436 5383 2487 5430 et
2515 5376 2655 5430 alius
2686 5376 3007 5432 scabellum.
3038 5375 3134 5431 Est
3164 5377 3327 5431 etiam
3360 5377 3582 5445 aliquis.

350 5463 536 5528 τόπος,
581 5465 609 5516 ὁ
655 5463 711 5516 δὲ
755 5460 921 5528 οἶκος,
948 5463 1103 5527 ἄλλος
1132 5463 1188 5518 δὲ
1214 5464 1419 5535 θρόνος,
1457 5464 1548 5517 καὶ
1569 5463 1754 5535 ἔτερος
1785 5463 1903 5515 ὑπο·

2023 5467 2116 5535 qui
2149 5465 2375 5523 effectus
2422 5483 2644 5532 currus,
2678 5476 2733 5524 et
2772 5483 2952 5539 equus
3009 5469 3102 5538 qui
3157 5468 3384 5523 habenis
3425 5467 3583 5523 facile

351 5553 552 5609 πύδιον.
596 5555 748 5609 Ἐστι
792 5554 849 5608 δέ
891 5573 974 5619 τις
1023 5557 1117 5609 καὶ
1169 5556 1322 5627 ἆρμα
1354 5555 1655 5626 γινόμενος,
1686 5555 1718 5624 ἢ
1753 5555 1903 5617 ἵππος

2023 5561 2253 5629 regitur,
2273 5561 2584 5632 suscipiens
2605 5562 2809 5617 bonum
2836 5576 2995 5616 suum
3024 5572 3315 5622 sessorem,
3345 5567 3398 5615 et
3420 5569 3585 5629 prout

350 5645 584 5715 εὐήνιος,
613 5644 897 5716 δεχόμενος
926 5647 1011 5715 ἐρ’
1045 5647 1236 5701 ἑαυτοῦ
1280 5649 1369 5701 τὸν
1404 5648 1606 5716 ἀγαθὸν
1633 5646 1903 5716 ἐπιϐάτην.

2027 5650 2245 5707 videtur
2284 5656 2336 5709 ei
2380 5655 2477 5724 qui
2510 5653 2718 5724 dirigit,
2749 5667 2972 5709 cursum
3016 5666 3177 5707 suum
3230 5652 3471 5709 coniicit.
3512 5646 3581 5707 llt

426 5821 475 5855 "
531 5820 687 5877 Joan.
749 5838 802 5889 ν,
846 5822 936 5878 22.
1012 5824 1057 5858 "
1102 5823 1233 5883 ibid.
1284 5825 1374 5880 50.
1449 5825 1493 5858 ’⁸
1560 5824 1702 5881 Psal.
1751 5839 1916 5893 mu,
1971 5824 2061 5881 52.
