3932 6520
413 379 509 435 ἓίὶ
1632 373 1687 426 S.
1715 369 1956 428 GRECOl

2065 370 2148 425 Νἴ
2162 372 2353 426 SSEN
3523 383 3633 440 οη

413 501 591 545 autem
646 501 793 541 nunc
842 484 1125 546 docemur,
1187 483 1243 537 fit
1298 483 1459 537 etiam
1517 483 1788 552 quispiam
1850 481 1956 549 ejus

2073 482 2311 553 καὶπρὸς
2336 482 2395 535 τὸ
2422 480 2610 534 δοκοῦν
2633 482 2711 552 τῷ
2739 483 3006 538 εὐθύνοντι
3039 487 3268 543 διανύων
3293 489 3385 544 τὸν
3408 491 3628 564 δρόμον.

415 581 703 640 ferculum‘,
738 576 831 647 qui
870 591 934 630 ex
964 575 1112 630 illius
1165 574 1434 644 sapientia
1461 588 1568 628 nou
1617 574 1797 627 solum
1833 587 1970 626 cou-

413 673 644 730 struitur
667 687 732 725 ex
767 667 931 738 lignis
957 664 1170 730 Libani,
1205 665 1300 720 sed
1325 665 1488 720 etiam
1519 678 1654 718 auro
1677 670 1970 733 etargento

383 773 464 821 et
510 775 750 835 purpura
799 767 853 814 et
904 757 1136 829 gemmis
1189 757 1582 812 convenienter
1635 763 1868 809 ornatur
1914 755 1969 808 in

386 869 741 924 unaquaque
767 859 942 921 parte,
983 865 1079 918 per
1109 865 1232 920 qua:
1263 849 1504 904 charitas
1531 849 1651 918 ejus
1677 847 1864 901 ellicax
1890 846 1967 911 fit,

408 963 517 1002 non
549 946 809 1001 omnibus
839 942 1183 1013 capientibus
1233 941 1519 996 charitatis
1575 941 1966 1011 operationem,

378 1063 384 1069 ο
407 1039 500 1096 sed
525 1038 570 1094 si
592 1052 698 1107 qua
728 1037 835 1090 lilia
858 1049 1111 1104 superme
1135 1031 1439 1088 Jerusalem
1463 1047 1585 1102 quae
1611 1039 1695 1088 est
1716 1032 1966 1096 libera",

375 1131 756 1198 cognoscitur
789 1144 885 1198 per
913 1128 1104 1182 vitam.
1145 1125 1322 1196 Atque
1353 1124 1499 1196 quod
1535 1126 1580 1181 is
1616 1124 1835 1196 quidem
1877 1125 1967 1194 qui

377 1226 458 1278 'in
491 1239 549 1278 se
583 1222 686 1278 fert
741 1221 934 1283 Deum,
987 1219 1060 1273 sit
1114 1217 1377 1272 ferculum
1439 1218 1560 1287 ejus
1610 1218 1701 1286 qui
1761 1218 1814 1270 in
1849 1217 1968 1285 ipso

381 1315 637 1376 insidet,
692 1311 1045 1367 manifestum
1102 1309 1270 1364 fuerit
1321 1309 1485 1363 etiam
1535 1309 1857 1378 priusquam
1899 1306 1968 1362 de

377 1423 467 1463 eo
502 1409 808 1477 loquamur.
847 1404 949 1470 Qui
999 1403 1177 1466 enim,
1224 1402 1381 1472 juxta
1427 1409 1677 1456 sanctum
1715 1401 1962 1461 Paulum,

404 1513 515 1552 non
548 1496 784 1567 amplius
818 1496 950 1549 vivit
977 1495 1114 1564 ipse,
1155 1493 1252 1548 sed
1299 1493 1354 1546 in
1400 1507 1459 1546 se
1499 1492 1769 1547 viventem
1807 1492 1967 1546 habet

373 1587 679 1642 Christum
710 1587 775 1649 ⁸ο,
810 1593 864 1640 et
911 1585 1005 1638 dat
1053 1583 1484 1653 experimentum
1516 1580 1722 1635 Christi
1775 1583 1867 1650 qui
1909 1583 1963 1635 in

395 1682 521 1750 ipso
555 1680 818 1749 loquitur,
855 1679 898 1732 is
937 1676 1141 1730 dicitur
1169 1681 1223 1730 et
1251 1675 1308 1728 fit
1339 1674 1603 1730 ferculum
1632 1673 1752 1743 ejus
1777 1674 1869 1744 qui
1899 1675 1966 1728 ab

402 1774 522 1843 ipso
580 1774 754 1827 fertur
793 1779 848 1825 et
899 1778 1168 1840 portatur.
1218 1766 1322 1822 Sed
1370 1783 1479 1821 non
1528 1774 1613 1822 est
1667 1767 1770 1820 hoc
1817 1767 1964 1836 quod

375 1865 681 1934 (quaeritur.
711 1863 846 1918 lllud
869 1862 1054 1932 potius
1081 1867 1302 1929 oportet
1331 1859 1624 1931 diligenter
1656 1859 1962 1928 attendere,

389 1957 528 2028 quid
557 1957 664 2012 sibi
695 1955 814 2011 vult
845 1954 993 2009 varia
1017 1961 1071 2009 et
1101 1953 1386 2022 multiplex
1415 1954 1665 2008 materia.

460 2236 755 2305 Quomodo
787 2251 916 2308 ergo
945 2246 1144 2307 prazter
1168 2252 1388 2300 aurum,
1418 2245 1732 2308 argentum,
1755 2248 1810 2294 et
1836 2255 1965 2310 pur-

399 2345 609 2399 puram,
659 2321 714 2385 ἐι
770 2344 1012 2399 gemmas
1069 2331 1374 2384 assumitur
1435 2329 1571 2399 ligni
1639 2339 1832 2384 natura
1897 2332 1963 2385 ad

398 2423 870 2477 constructionem
903 2421 1094 2476 ferculi
1123 2421 1330 2491 ?Atqui
1377 2420 1597 2490 sapiens
1627 2421 1964 2476 architectus

397 2513 599 2570 Paulus
648 2513 1046 2584 repudiandum
1096 2521 1286 2568 censet
1332 2513 1534 2584 lignum
1581 2527 1706 2567 cum
1761 2513 1886 2568 feno
1910 2521 1963 2567 et

402 2607 599 2676 stipula
631 2604 698 2658 ad
729 2603 926 2658 domus
973 2603 1412 2668 mdilicationem,
1476 2611 1538 2657 ut
1568 2601 1713 2672 quod
1758 2617 1960 2656 consu-

400 2707 582 2751 matur
612 2710 641 2748 a
671 2696 720 2748 vi
758 2695 899 2765 ignis
933 2703 1313 2755 consumente,
1355 2710 1477 2764 qua:
1508 2710 1647 2766 opus
1679 2695 1870 2764 probat
1895 2695 1959 2749 ³¹.

399 2787 505 2842 Sed
538 2787 744 2842 scimus
775 2801 898 2840 esse
930 2786 1169 2855 aliquam
1208 2787 1339 2857 ligni
1372 2793 1649 2849 naturam,
1677 2801 1796 2856 quae
1819 2786 1872 2840 in
1897 2800 1962 2840 eo

393 2881 540 2950 quod
607 2888 713 2942 est,
784 2892 895 2932 non
965 2888 1290 2947 permanet,
1360 2878 1454 2934 sed
1532 2878 1764 2947 seipsatn
1835 2893 1959 2931 mu-

397 2980 475 3026 tat
512 2971 566 3025 in
615 2985 832 3034 aurum,
891 2977 985 3022 aut
1039 2977 1347 3039 argentum,
1413 2975 1507 3022 aut
1562 2969 1768 3039 aliquid
1815 2969 1960 3024 aliud

395 3065 718 3133 pretiosum.
749 3064 807 3116 lu
843 3076 1037 3131 magna
1063 3062 1206 3116 enim
1237 3060 1331 3116 Dei
1358 3060 1523 3116 domo
1558 3065 1634 3115 ait
1662 3061 1958 3131 Apostolus

2081 575 2169 638 Ὠς
2194 574 2250 627 δὲ
2271 575 2366 628 νῦν
2398 573 2777 643 διδασκόμεθα,
2814 575 2907 629 καὶ
2935 583 3146 647 φορεῖον
3176 583 3339 637 αὑτοῦ
3370 601 3453 648 τις
3486 586 3634 655 γίνε-

2070 681 2179 727 ται,
2204 666 2232 712 ὁ
2256 663 2396 717 κατὰ
2429 664 2524 734 τὴν
2550 665 2757 718 ἐκείνου
2803 666 2994 735 σοφίαν
3019 667 3080 721 ού
3117 669 3270 738 μόνον
3293 677 3405 738 τοῖς
3437 677 3501 730 ὲκ
3533 675 3632 730 τοῦ

2069 755 2300 808 Λιόἁνου
2345 755 2882 826 κατασκευαζόμενος
2920 756 3114 824 ξύλοις,
3144 760 3278 814 ἀλλὰ
3318 768 3409 820 καὶ
3441 769 3634 839 χρυσῷ

2069 849 2170 900 καὶ
2199 848 2444 919 ἀργυρίῳ
2477 848 2570 902 καὶ
2607 849 2862 921 πορφύρα
2892 850 2983 903 καὶ
3008 849 3174 915 λίθοις
3201 854 3635 925 καταλλήλως·ὲν

2069 940 2281 1010 ἑκάστῳ
2320 941 2494 1014 μέρει,
2515 940 2580 994 δι’
2605 934 2730 1011 ὧνὴ
2767 943 2954 1012 ἀγάπη
2976 943 3141 997 αὐτοῦ
3157 945 3376 1018 ἐνεργὸς
3395 950 3630 1016 γίνεται,

2067 1034 2128 1085 οὐ
2159 1032 2374 1086 πάντων
2421 1033 2737 1104 χωρούντων
2770 1034 2869 1104 τὴν
2906 1037 3005 1107 τῆς
3041 1035 3262 1108 ἀγάπης
3308 1038 3586 1110 ἐνέργειαν
3616 1058 3635 1074 ο

2067 1125 2181 1178 ἀλλ’
2212 1126 2264 1178 εἴ
2290 1143 2370 1188 τις
2405 1125 2647 1197 θυγάτηρ
2670 1127 2766 1197 τῆς
2809 1127 2920 1181 ἄνω
2963 1129 3313 1202 Ἰερουσαλὴμ
3342 1133 3445 1202 τῆς
3477 1135 3636 1189 ἐλευ-

2068 1215 2228 1288 Οέρας
2281 1217 2368 1270 διὰ
2409 1217 2501 1272 τοῦ
2533 1219 2644 1290 βίου
2691 1217 3022 1290 γνωρίζοιτο.
3051 1221 3172 1274 Ὅτι
3205 1222 3303 1291 μὲν
3333 1219 3427 1278 οὖν
3470 1227 3499 1280 ὁ
3535 1226 3636 1281 τὸν

2066 1309 2196 1362 Θεὸν
2224 1311 2280 1362 έν
2307 1309 2482 1380 ἑαυτῴ
2509 1311 2710 1381 φέρων.
2741 1313 2951 1382 φορείὁν
2978 1314 3092 1366 ἐστι
3113 1314 3208 1367 τοῦ
3232 1316 3290 1367 ὲν
3323 1316 3472 1388 αὐτῷ
3497 1335 3638 1372 κατ-

2065 1399 2336 1462 οικοῦντος
2361 1401 2452 1452 καὶ
2486 1400 2896 1470 καθεδουμένου,
2926 1401 3079 1472 δῆλον
3118 1404 3210 1457 καὶ⁴
3240 1405 3345 1476 πρὸ
3364 1407 3468 1459 τῶν
3497 1411 3641 1478 ἡμε-

2064 1495 2237 1564 τέρων
2265 1495 2437 1563 λόγων
2468 1494 2533 1547 ἂν
2575 1494 2680 1566 εἴη.
2718 1494 2776 1548 ⁸0
2807 1495 2914 1565 γὰρ
2937 1494 3077 1549 κατά
3097 1496 3186 1549 τὸν
3214 1497 3365 1566 ἆγιον
3396 1500 3635 1566 Παῦλον,

2069 1585 2262 1656 μηκέτι
2312 1586 2473 1648 αὐτὸς
2515 1584 2643 1650 ζῶν,
2681 1585 2816 1639 ἀλλὰ
2853 1584 3030 1648 ζῶντα
3080 1587 3216 1657 ἔχων
3249 1590 3306 1641 ὲν
3343 1591 3517 1661 ἐαυτῷ
3539 1593 3637 1645 τδν

2065 1679 2316 1749 Χριστὸν,
2345 1679 2438 1731 καὶ
2470 1677 2699 1748 δοκιμὴν
2731 1677 2902 1741 διδοὺς
2950 1677 3042 1730 τοῦ
3087 1679 3145 1731 ἐν
3178 1680 3327 1752 αύτῷ
3347 1681 3638 1748 λαλοῦντος

2067 1771 2320 1842 Χριστοῦ,
2361 1765 2514 1834 οὗτος
2553 1772 2754 1842 κυρίως
2795 1774 3007 1841 φορεῖον
3048 1771 3260 1840 λέγεται
3303 1775 3395 1844 καὶ
3419 1777 3636 1844 γίνεται

2064 1862 2157 1916 τοῦ
2189 1864 2246 1916 ἐν
2271 1862 2421 1931 αὐτῷ
2444 1861 2741 1934 φερομένου
2765 1863 2858 1914 κα)⁹
2884 1861 2972 1914 ὑπ’
3005 1861 3168 1914 αὐτοῦ
3204 1843 3629 1934 βασταξομένου.

2080 1954 2216 2006 Ἀλλ’
2240 1954 2300 2005 οὐ
2329 1952 2486 2006 τοῦτό
2527 1955 2640 2006 ἐστι
2687 1952 2749 2005 τὸ
2795 1951 3141 2023 ζητούμενον.
3185 1953 3456 2007 Ἐκεῖνοδὲ
3486 1956 3631 2025 μᾶλ-

2066 2047 2152 2100 λον
2173 2048 2438 2117 προσήκει
2469 2045 2535 2098 δι’
2566 2044 2878 2116 ἐπιμελείας
2915 2048 3267 2115 κατανοῆσαι,
3299 2045 3352 2098 τί
3385 2047 3634 2116 βούλεται

2064 2139 2124 2192 τὸ
2150 2141 2248 2208 τῆς
2275 2139 2403 2210 ὖλης
2424 2138 2662 2192 ποικίλον
2691 2155 2750 2190 τε
2774 2139 2866 2192 καὶ
2895 2138 3188 2201 πολυειδές.

2135 2218 2258 2290 Πῶς
2287 2225 2381 2282 οὖν
2407 2246 2470 2281 συ
2480 2227 3001 2299 μπαραλαμὸάνεται
3021 2228 3226 2298 χρυσίῳ
3252 2227 3338 2282 καὶ
3361 2230 3631 2302 ἀργυρίῳ,

2063 2321 2158 2394 καὶ
2185 2320 2460 2392 πορφύρᾳ,
2497 2321 2591 2373 καὶ
2638 2319 2804 2383 λίθοις
2847 2321 2880 2390 ἡ
2925 2320 3018 2394 τοῦ
3053 2319 3208 2384 ξύλου
3238 2320 3397 2389 φύσις
3421 2323 3498 2384 είς
3528 2324 3634 2393 τὴν

2063 2411 2402 2482 κατασκευὴν
2423 2410 2516 2463 τοῦ
2543 2410 2760 2483 φορείου
2783 2429 2797 2476 ;
2829 2393 2945 2464 Καί
2961 2411 3041 2464 τοί
3065 2429 3127 2479 γε
3156 2411 3216 2464 τὸ
3235 2411 3391 2478 ξύλον
3415 2416 3442 2466 6
3467 2415 3631 2481 σοφὸς

2061 2504 2392 2576 ἀρχιτέκτων
2427 2502 2658 2568 Παῦλος,
2696 2504 2832 2574 μετὰ
2865 2503 2959 2556 τοῦ
2984 2503 3175 2573 χόρτου
3205 2506 3299 2557 καὶ
3327 2503 3426 2574 τῆς
3460 2506 3631 2558 καλά-

2065 2617 2171 2669 μης
2218 2600 2299 2661 είς
2349 2597 2446 2669 τὴν
2474 2597 2758 2669 οἰκοδομὴν
2782 2597 2875 2650 τοῦ
2899 2598 3047 2650 οἴκου
3077 2598 3252 2668 κρίνει
3297 2599 3624 2670 ἀπόϐλητον,

2059 2689 2134 2752 ὡς
2147 2692 2212 2760 τῇ
2235 2689 2537 2760 ἀναλωτικῇ
2568 2688 2663 2741 τοῦ
2697 2688 2865 2760 πυρὸς
2899 2689 3121 2759 δυνάμει
3147 2693 3213 2761 τῇ
3252 2689 3618 2764 δοκιμαξούσῃ

2059 2781 2119 2833 τὸ
2157 2781 2317 2852 ἔργον
2362 2779 2824 2848 ὲνδαπανώμενον.
2881 2779 3020 2832 Ἀλλ’
3052 2780 3271 2848 οίδαμέν
3318 2787 3437 2834 τινα
3469 2781 3627 2848 ξύλου

2061 2873 2220 2942 φύσιν
2253 2874 2327 2944 μὴ
2357 2873 2711 2943 διαμένουσαν
2741 2873 2801 2924 ὲν
2827 2863 2871 2938 ᾧ
2893 2873 3060 2935 ἐστιν,
3085 2871 3218 2925 ἀλλὰ
3248 2872 3381 2943 πρὸς
3406 2874 3623 2943 χρυσὸν,

2058 2965 2091 3036 ἢ
2115 2966 2371 3036 ἄργυρον,
2396 2964 2430 3035 ἦ
2459 2964 2585 3018 ἄλλο
2609 2981 2660 3016 τι
2694 2962 2800 3023 τῷν
2824 2962 3018 3033 τιμίων
3033 2964 3230 3034 ἑαυτὴν
3255 2964 3623 3035 μεταόάλλου-

2059 3073 2179 3110 σαν.
2252 3055 2340 3108 Ἐν
2397 3057 2503 3126 γὰρ
2564 3057 2630 3126 τῇ
2683 3053 2891 3124 μεγάλῃ
2947 3054 3039 3108 τοῦ
3073 3055 3209 3108 Θεοῦ
3234 3056 3379 3126 οἰκίᾳ
3414 3058 3629 3126 φησὶνό

393 3169 517 3213 esse
544 3170 676 3210 vasa
705 3163 898 3208 natura
931 3168 1094 3209 aurea
1124 3160 1177 3208 et
1206 3162 1463 3222 argentea
1482 3154 1558 3219 ³³,
1591 3168 1784 3223 nempe
1805 3167 1956 3207 crea-

2070 3148 2387 3210 ’Λπόστολος
2408 3147 2476 3201 τὰ
2503 3147 2600 3217 μὲν
2627 3143 2763 3200 εἷναι
2780 3149 2957 3219 χρυσᾶ
2980 3150 3045 3218 τῇ
3079 3147 3258 3217 φύσει,
3290 3149 3382 3203 καὶ
3412 3150 3628 3220 ἀργυρᾶ

395 3256 571 3302 turam
597 3247 972 3314 incorporeatn
1008 3253 1063 3298 et
1095 3243 1489 3314 intelligentem
1531 3258 1626 3312 per
1646 3243 1759 3297 haec
1786 3242 1954 3298 tacite

394 3337 708 3410 significans
742 3335 1011 3400 fortasse;
1044 3349 1139 3405 per
1170 3335 1284 3388 haec
1314 3335 1491 3405 lignea
1521 3349 1649 3389 vero
1674 3342 1729 3389 et
1773 3333 1955 3388 fictilia

393 3446 494 3485 nos
513 3428 746 3483 fortasse
760 3426 1142 3488 subindicaus,
1186 3440 1326 3494 quos
1352 3435 1595 3480 terrenos
1615 3423 1740 3478 fecit
1769 3423 1956 3479 inobe-

393 3521 596 3577 dientia
667 3526 721 3573 et
762 3518 959 3572 ﬁctiles
999 3525 1323 3586 :peccatum
1380 3522 1559 3569 autem
1613 3530 1710 3585 per
1750 3515 1951 3584 lignum

391 3612 754 3668 commissum
799 3625 899 3666 nos
936 3608 1065 3665 fecit
1113 3625 1241 3664 vasa
1290 3609 1467 3678 lignea
1511 3624 1575 3663 ex
1619 3608 1820 3663 aureis.
1850 3607 1955 3661 Pro

393 3703 653 3773 dignitate
678 3711 856 3754 autem
883 3699 1123 3754 materia:
1142 3698 1353 3753 divisus
1388 3707 1470 3753 est
1497 3697 1660 3752 etiam
1694 3712 1829 3752 usus
1858 3713 1954 3751 va-

393 3809 596 3852 sorum.
619 3791 754 3846 Nam
792 3807 912 3862 quas
939 3799 1160 3846 suntex
1195 3789 1503 3861 pretiosiori
1529 3789 1778 3853 materia,
1813 3787 1956 3844 ordi-

392 3894 517 3940 nata
551 3891 678 3940 sunt
707 3893 758 3938 et
781 3882 1034 3952 deputata
1065 3880 1131 3934 ad
1154 3880 1413 3934 honorem
1438 3897 1452 3941 ;
1485 3879 1587 3932 alia
1616 3886 1798 3933 autem
1827 3888 1954 3933 sunt

392 3977 604 4045 abjecta
635 3974 702 4029 ad
735 3983 890 4043 turpe
921 3981 974 4028 et
1002 3973 1421 4043 ignominiosum
1447 3970 1828 4026 ministerium.
1848 3969 1952 4024 Sed

391 4063 522 4135 quid
545 4064 613 4119 de
645 4064 843 4118 talibus
865 4061 995 4116 dicit
1022 4059 1260 4116 Paulus?
1290 4059 1386 4115 Est
1416 4060 1471 4114 in
1493 4061 1638 4114 vasis
1685 4067 1954 4128 potestate

392 4173 457 4213 ex
471 4171 572 4211 sua
589 4155 742 4210 liberi
765 4155 975 4209 arbitrii
992 4154 1274 4216 electione,
1295 4152 1377 4206 vel
1403 4167 1627 4206 aureum
1654 4167 1719 4206 ex
1748 4151 1948 4222 ligneo,

392 4249 474 4302 vel
504 4255 815 4318 argenteum
843 4245 958 4300 ﬁeri
984 4261 1049 4300 ex
1079 4244 1249 4300 fictili.
1293 4244 1497 4312 Siquis
1541 4245 1696 4301 enim.
1755 4242 1949 4313 inquit,

393 4341 620 4410 “ipsum
657 4336 1034 4400 smundat-erit,
1073 4337 1174 4390 erit
1203 4352 1294 4389 uas
1339 4333 1562 4387 Domino
1593 4337 1645 4386 in
1679 4333 1951 4399 honorem,

396 4433 465 4486 ad
492 4447 641 4485 omne
665 4445 793 4498 opus
822 4428 1011 4482 bonum
1039 4435 1287 4496 paratum
1305 4427 1369 4479 ³⁸.
1400 4424 1564 4479 Forte
1595 4439 1724 4495 ergo
1750 4440 1846 4495 per
1883 4440 1949 4480 ea

2064 3242 2254 3311 σκεύη,
2285 3243 2383 3311 τὴν
2409 3240 2718 3311 ἀσώματον,
2758 3235 2932 3311 οἶμαι,
2973 3240 3065 3294 καὶ
3111 3236 3302 3312 νοερὰν
3332 3241 3507 3294 κτίσιν
3537 3241 3626 3294 διὰ

2059 3335 2260 3388 τούτων
2301 3333 2775 3401 ὑπαινισσόμενος·
2814 3333 2882 3386 τὰ
2912 3332 2968 3385 δὲ
2991 3332 3175 3399 ξύλινά
3214 3350 3272 3386 τε
3301 3333 3394 3386 καὶ
3425 3335 3623 3406 6019i-

2059 3442 2201 3489 κινα,
2229 3425 2379 3495 ἡμᾶς
2408 3425 2547 3495 τάχα
2575 3424 2661 3477 διὰ
2687 3424 2888 3478 τούτων
2914 3424 3322 3494 ἀποσημαίνων,
3363 3424 3454 3490 οὓς
3484 3428 3623 3480 ἁπε-

2059 3518 2261 3585 γαίωσε
2308 3517 2464 3586 μὲνὴ
2503 3515 2754 3586 παρακοὴ
2793 3517 2886 3568 καὶ
2913 3515 3268 3586 ὁστρακίνους
3332 3517 3619 3589 ἐποίησεν·

2058 3614 2090 3680 ὴ
2125 3611 2181 3664 δὲ
2197 3610 2281 3663 διὰ
2305 3607 2399 3663 τοῦ
2441 3608 2597 3675 ξύλου
2631 3609 2900 3680 ἁμαρτὰς,
2935 3609 3118 3673 ξύλινα
3151 3612 3298 3681 ἡμᾶς
3325 3613 3623 3682 σκεύηὰντὶ

2057 3702 2272 3775 χρυσῶν
2306 3703 2693 3774 ἀπειργάσατο.
2725 3703 3068 3774 Μεμέρισται
3100 3703 3155 3756 δὲ
3180 3703 3314 3772 πρὸς
3340 3706 3438 3774 τὴν
3467 3706 3622 3772 ἀξίαν

2057 3797 2154 3866 τῆς
2171 3795 2301 3864 ὓλης
2320 3797 2412 3850 καὶ
2437 3796 2596 3866 ἡτῶν
2619 3794 2826 3847 σκευῶν
2853 3795 3064 3867 χρῆσις.
3087 3795 3166 3850 Τὰ
3189 3798 3287 3867 μὲν
3305 3798 3412 3868 γὰρ
3430 3815 3622 3869 τιμιω-

2058 3886 2218 3956 τέρας
2249 3885 2402 3954 ῦλης,
2452 3885 2530 3948 είς
2583 3885 2746 3955 τιμὴν
2777 3885 3145 3939 ἁποτέτακται
3173 3903 3186 3917 ⁸
3223 3887 3290 3940 τὰ
3318 3888 3375 3940 δὲ
3419 3891 3497 3953 είς
3521 3892 3622 3960 τὴν

2057 3979 2247 4048 ἄτιμον
2290 3977 2590 4046 ὑπηρεσίαν
2643 3977 2996 4048 ἀπέρριπται.
3037 3978 3194 4032 ’Δλλὰ
3238 3979 3290 4032 τί
3317 3997 3448 4050 φησι
3494 3984 3620 4054 περὶ

2056 4063 2164 4115 τῶν
2181 4061 2434 4115 τοιούτων
2457 4065 2483 4116 ὁ
2500 4061 2706 4125 Παῦλος
2733 4080 2748 4126 ;
2787 4064 2908 4116 Ὅτι
2935 4063 3180 4130 ἐξουσίαν
3210 4067 3323 4137 ἔχει
3353 4068 3412 4121 τὸ
3429 4070 3621 4136 σκεῦος

2059 4156 2122 4208 ὲκ
2151 4154 2251 4222 τῆς
2305 4153 2438 4218 ιδίας
2485 4155 2872 4226 προαιρέσεως,
2903 4155 2936 4226 ἢ
2968 4155 3194 4226 χρύσεον
3241 4159 3348 4212 ἀπὸ
3387 4159 3613 4226 ξυλίνου,

2057 4246 2088 4316 ἢ
2117 4245 2382 4317 ἀργύρεον
2405 4245 2498 4298 ἀπ’
2521 4245 2837 4316 ὀστρακίνου
2885 4245 3155 4314 γενέσθαι.
3200 4249 3338 4303 Ἐὰν
3368 4249 3480 4318 γάρ
3503 4267 3611 4316 τις,

2058 4339 2238 4408 φησὶν,
2263 4337 2558 4408 ἐκκαθάρῃ
2574 4337 2808 4399 ἑαυτὸν,
2825 4337 2996 4392 ἔσται
3011 4338 3230 4405 σκεῦος
3243 4343 3328 4406 εις
3345 4343 3521 4411 τιμὴν
3537 4342 3614 4408 τῷ

2058 4431 2348 4498 Δεσπότῃ,
2385 4429 2532 4497 πρὸς
2571 4429 2692 4484 πᾶν
2712 4429 2888 4498 ἔργον
2909 4430 3132 4500 ἀγαθὸν
3154 4434 3607 4502 ἡτοιμασμένον.

394 4538 516 4595 quae
536 4523 677 4577 dicta
703 4529 850 4584 sunt,
883 4517 1202 4573 adducimur
1224 4517 1291 4572 ad
1314 4516 1642 4587 propositam
1666 4516 1785 4585 ejus
1805 4517 1949 4586 quod

2061 4523 2208 4594 Τάχα
2231 4524 2407 4576 τοίνυν
2436 4523 2521 4576 διὰ
2541 4523 2646 4576 τῶν
2669 4523 2970 4594 εἰρημένων
2998 4526 3381 4597 προσαγόμεθά
3406 4546 3519 4592 πως
3544 4531 3608 4598 τῇ

396 4617 591 4669 lectum
621 4621 705 4668 est
735 4611 1264 4680 contemplationem.
1303 4606 1457 4662 Mons
1478 4607 1718 4662 Libanus
1737 4609 1790 4662 in
1812 4610 1951 4662 mul-

396 4708 463 4758 tis
495 4705 630 4759 locis
657 4711 857 4758 sanctas
897 4699 1190 4771 Scriptum
1232 4706 1706 4762 commemoratur,
1752 4699 1817 4754 ad
1871 4701 1952 4753 in-

393 4795 678 4850 dicandum
707 4795 1067 4848 adversariam
1095 4798 1434 4862 potestatem,
1486 4798 1544 4843 ιιι
1568 4789 1786 4859 quando
1817 4791 1950 4846 dicit

394 4899 490 4954 per
534 4883 856 4953 Propltetam
891 4901 904 4936 :
939 4881 1180 4936 Conteret
1215 4879 1470 4933 Dominus
1511 4880 1693 4934 cedrox
1735 4879 1946 4945 Libani,

393 4988 441 5032 et
473 4977 788 5031 comminuet
815 4991 903 5030 eas
947 4982 997 5028 et
1046 4973 1305 5026 Libanum
1343 4983 1399 5024 ut
1446 4973 1663 5025 vitulum
1707 4973 1860 5028 illum
1880 4975 1946 5036 ³⁴,

391 5071 485 5141 qui
511 5069 716 5125 scilicet
749 5067 847 5121 fuit
875 5082 903 5120 a
941 5065 1087 5122 Mose
1117 5066 1482 5123 comminutas
1516 5067 1569 5121 iu
1609 5067 1847 5130 deserto,
1894 5073 1948 5120 et

392 5171 614 5234 propter
661 5161 1011 5218 subtilitatem
1047 5158 1222 5214 factus
1247 5157 1348 5213 fuit
1375 5161 1629 5230 potabilis
1663 5159 1944 5215 lsraelitis.

391 5257 490 5312 Hic
534 5255 676 5310 enim
713 5253 1050 5324 signiﬁcatur
1097 5267 1192 5322 per
1240 5253 1599 5323 prophetiam,
1655 5251 1798 5322 quod
1834 5266 1945 5305 non

391 5352 566 5407 solum
598 5348 738 5402 mala
767 5363 885 5416 qua:
913 5353 1030 5400 orta
1070 5354 1196 5400 sunt
1225 5362 1291 5400 ex
1317 5344 1627 5399 adversaria
1656 5351 1941 5412 potestate,

393 5441 485 5496 sed
519 5443 682 5494 etiam
712 5440 827 5509 ipse
854 5453 1010 5492 mons
1031 5437 1204 5506 prima
1233 5436 1358 5489 mali
1389 5435 1542 5490 radix
1566 5434 1827 5500 Libanus,
1851 5437 1944 5506 qui

391 5535 529 5586 clam
561 5531 705 5587 fovet
746 5529 1011 5599 ejusmodi
1060 5528 1314 5583 arborum
1368 5527 1582 5590 silvam,
1619 5525 1684 5581 ad
1715 5527 1942 5582 nihilum

391 5627 682 5696 redigetur.
712 5623 822 5679 Nos
855 5637 982 5693 ergo
1017 5622 1220 5676 fuimus
1247 5620 1461 5691 quidem
1493 5619 1782 5690 aliquando
1801 5621 1944 5692 ligna

462 5741 506 5773 "
559 5740 735 5794 Galat.
799 5755 837 5802 ι,
888 5739 979 5793 20.
1103 5739 1146 5770 ’°
1200 5737 1244 5791 ll
1289 5737 1415 5793 Cor.
1473 5752 1552 5804 ut,
1589 5737 1672 5792 l2.

395 5810 440 5842 ³⁵
471 5809 613 5865 Psal.
651 5824 841 5876 xxvm,
881 5810 914 5864 5
943 5823 1062 5878 sqq.

587 6501 1152 6520 ff..—

1797 5739 1839 5771 ³¹
1876 5739 2041 5796 lCor.
2091 5753 2181 5805 ιιι,
2212 5736 2298 5792 12.

2056 4613 2384 4685 προκειμένῃ
2413 4612 2611 4683 θεωρία
2641 4611 2734 4664 τοῦ
2769 4612 2948 4681 λόγου.
2987 4613 3059 4667 Τὸ
3087 4614 3211 4685 ὅρος
3244 4619 3272 4669 ὁ
3300 4616 3526 4680 Λίϐανος
3552 4617 3608 4671 ὲν

2052 4704 2262 4768 πολλοῖς
2288 4705 2386 4773 τῆς
2411 4703 2568 4771 ἁγίας
2592 4704 2808 4774 Γραφῆς
2830 4706 2908 4768 εἰς
2932 4705 3149 4770 ἔνδειξιν
3173 4709 3270 4776 τῆς
3302 4707 3608 4779 ἀντικειμέ-

2050 4814 2147 4868 νης
2199 4795 2478 4865 δυνάμεως
2528 4796 2949 4866 μνημονεύεται·
2983 4798 3058 4860 ὡς
3084 4799 3208 4851 ὅταν
3235 4799 3380 4867 λέγει
3406 4799 3492 4854 διὰ
3514 4801 3606 4854 τοῦ

2052 4889 2330 4960 Προφήτω
2351 4903 2362 4916 ·
2392 4887 2473 4939 ὅτι
2508 4888 2821 4955 Συντρίψει
2850 4890 3060 4956 Κύριος
3086 4893 3193 4956 τὰς
3229 4890 3478 4960 κέδρους
3502 4893 3606 4946 τοῦ

2054 4977 2328 5040 Λιϐάνου,
2350 4975 2446 5029 καὶ
2460 4975 2742 5030 λεπτυνεῖ
2755 4976 2938 5043 αὐτάς
2949 4995 3012 5031 τε
3028 4979 3122 5032 καὶ
3143 4979 3248 5033 τὸν
3263 4983 3518 5035 Λίϐανον
3527 4983 3607 5047 ὡς

2053 5070 2159 5122 τὸν
2180 5070 2417 5138 μόσχον
2440 5067 2694 5130 ἐκεῖνον,
2730 5069 2928 5140 δηλαδὴ
2961 5070 3051 5123 τὸν
3073 5072 3129 5122 ἐν
3143 5074 3210 5142 τῇ
3234 5072 3330 5142 ὲρή
3341 5090 3423 5142 μῳ
3443 5089 3581 5126 κατα

2052 5160 2340 5213 λεανθέντα
2369 5158 2472 5212 ὑπὸ
2496 5159 2587 5212 τοῦ
2613 5160 2904 5224 Μωῦσέως,
2941 5164 3032 5215 καὶ
3056 5163 3279 5232 πότιμον
3304 5163 3389 5217 διὰ
3416 5164 3603 5218 iamd-

2051 5268 2189 5322 τητα
2223 5253 2333 5314 τοῖς
2371 5251 2726 5323 Ἰσραηλίταις
2758 5254 3062 5325 γενόμενον.
3089 5254 3347 5324 Δηλοῦται
3369 5256 3479 5329 γὰρ
3503 5251 3601 5325 ᾧδε

2049 5345 2136 5398 διὰ
2183 5345 2284 5413 τῆς
2325 5343 2654 5414 προφητείας
2703 5345 2783 5397 ὅτι
2809 5347 2866 5397 οὐ
2899 5345 3056 5416 μόνον
3078 5346 3146 5400 τὰ
3165 5349 3433 5416 ὲκφυέντα
3459 5349 3604 5420 παρὰ

2048 5438 2146 5507 τῆς
2175 5437 2550 5506 ἀντικειμένης
2596 5436 2874 5506 δυνάμεως
2914 5439 3078 5500 κακὰ,
3111 5439 3245 5493 ἀλλὰ
3272 5441 3366 5492 καὶ
3395 5442 3522 5494 αὐτὸ
3546 5440 3605 5492 τὸ

2050 5529 2224 5600 δροςὴ
2248 5527 2431 5598 πρώτη
2456 5528 2548 5580 τοῦ
2571 5527 2740 5581 κακοῦ
2769 5529 2912 5599 ῥίζα,
2936 5530 3224 5595 ὁΛίσανος,
3241 5534 3269 5585 ὁ
3287 5533 3605 5604 ὑποτρέφων

2051 5617 2158 5672 τῶν
2179 5617 2432 5672 τοιούτων
2454 5617 2684 5690 δένδρων
2703 5619 2799 5690 τὴν
2823 5619 2972 5691 ὕλην,
3001 5623 3080 5685 εἰς
3096 5623 3156 5675 τὸ
3173 5623 3248 5694 μὴ
3267 5623 3326 5676 ὃν
3348 5626 3604 5696 περιστή-

2406 5743 2448 5774 ³²
2489 5741 2531 5797 ΙΙ
2589 5740 2821 5797 Timoth.
2895 5756 2956 5807 ιι,
3017 5739 3106 5796 20.
3222 5743 3265 5774 ³³
3318 5745 3448 5801 ibid.
3513 5747 3603 5802 ‘ll.

3917 473 3926 628 ξ
