3932 6476
214 415 333 470 313

1252 432 1316 485 IN
1350 432 1641 487 CANTICA
1671 432 1940 493 CANTIC.
1983 434 2268 492 HUMlLlA
2307 438 2417 497 Vll.

3346 444 3451 499 9H

216 534 397 592 σεται.
424 538 632 594 Οὐκοῦν
661 543 818 614 ἡμεῖς
850 541 992 617 ἦμέν
1025 567 1151 602 ποτε
1180 549 1270 603 τοῦ
1294 551 1522 604 Λιϐάνου
1548 552 1613 606 τὰ
1638 552 1788 619 ξύλα,

1913 554 2103 619 ιίὺσηὶ,
2134 566 2191 611 ut
2216 559 2307 627 qui
2336 559 2391 612 in
2421 559 2513 613 illo
2550 559 2759 615 radices
2782 560 3103 630 egissemus,
3132 576 3225 631 per
3255 564 3449 616 malam

217 631 333 694 Eu);
359 633 415 683 ὲν
442 631 632 705 ἐκείνῳ
665 631 803 706 ἦμεν
830 639 1204 710 ἐρριζωμένοι,
1228 640 1315 694 διά
1348 659 1404 693 τε
1434 643 1527 695 τοῦ
1553 645 1786 715 πονηροῦ

220 722 371 792 βίου,
404 724 614 796 καὶτῆς
633 726 738 779 τῶν
763 728 992 782 εἰδώλων
1022 732 1234 803 ἀπάτης
1256 750 1268 762 ·
1291 734 1404 787 ἀλλ’
1435 735 1620 805 ἐπειδὴ
1651 739 1790 789 ἐκεῖ-

220 812 322 865 θεν
362 814 463 866 ὑπὸ
512 816 610 885 τῆς
650 817 870 889 λογικῆς
917 821 1104 892 ἀξίνης
1145 823 1539 896 ἐξετμήθημεν.
1589 829 1681 880 καὶ
1735 831 1790 880 ἐν

220 908 348 967 ταῖς
386 906 541 975 χερσὶ
578 908 669 960 τοῦ
712 911 948 980 τεχνίτου
1000 915 1316 986 ἐγενόμεθα,
1356 921 1567 988 φορεῖον
1600 920 1789 972 ἑαυτοῦ

222 997 379 1065 ἡμᾶς
411 998 651 1068 ἐποίησε,
686 1004 1169 1074 μεταστοιχειώσας
1199 1007 1288 1059 τοῦ
1325 1007 1478 1073 ξύλου
1511 1009 1605 1080 τὴν
1636 1010 1792 1079 φύσιν

220 1086 316 1138 διὰ
349 1089 446 1158 τῆς
497 1091 907 1159 παλιγγενεσίας
944 1097 1021 1159 είς
1058 1098 1318 1169 ἀργύριόν
1347 1117 1405 1152 τε
1436 1101 1525 1153 καὶ
1555 1103 1793 1171 χρυσίον,

222 1178 325 1230 καὶ
354 1180 432 1242 εἰς
461 1179 656 1252 εὐανθῆ
689 1184 990 1254 πορφύραν,
1027 1189 1120 1239 καὶ
1152 1191 1347 1253 εἰςτὰς
1371 1190 1477 1243 τῶν
1509 1191 1669 1245 λίθων
1702 1194 1797 1245 αύ-

223 1267 334 1335 γᾶς
355 1284 368 1297 ·
400 1269 489 1320 καὶ
515 1267 700 1341 ὥσπερ
730 1275 889 1342 φησὶν
933 1278 960 1328 6
1006 1277 1342 1345 ’Λπόστολος,
1377 1281 1457 1334 ὅτι
1488 1283 1798 1349 Καταλλή-

225 1359 354 1423 λως
381 1358 653 1427 ἐμέρισεν
674 1362 953 1431 ἐκάστφό
980 1366 1123 1433 Θεὸς
1144 1368 1251 1433 τὰς
1275 1371 1379 1424 τοῦ
1411 1372 1581 1441 ἁγίου
1611 1374 1797 1427 [Irmi-

228 1464 419 1516 ματος
449 1450 697 1520 δωρεάς·
759 1456 852 1508 καὶ
876 1450 920 1526 ᾧ
955 1458 1052 1529 μὲν
1088 1460 1268 1515 δίδωσι
1299 1466 1632 1534 προφητείαν
1659 1468 1797 1521 κατά

228 1538 333 1611 τὴν
353 1542 639 1611 ἀναλογίαν
689 1546 787 1617 τῆς
827 1547 1090 1615 πίστεως·
1141 1554 1283 1624 ἄλλῳ
1329 1555 1385 1607 δὲ
1438 1556 1564 1609 ἄλλο
1588 1575 1640 1611 τι
1692 1559 1799 1612 τῶν

230 1634 645 1705 ἐνεργημάτων,
699 1639 832 1710 πρὸς
861 1640 888 1692 ὃ
921 1642 1158 1711 πέφυκέν
1204 1663 1261 1699 τε
1296 1648 1388 1700 καὶ
1422 1648 1645 1704 δύναται
1674 1651 1802 1703 ἕκα-

233 1741 363 1787 στος
392 1727 490 1798 τὴν
516 1729 675 1799 χάριν
726 1730 997 1797 δέξασθαι,
1038 1736 1373 1808 ἢόφθαλμὸς
1413 1739 1506 1791 τοῦ
1556 1742 1803 1813 σώματος

230 1818 336 1888 τῆς
373 1820 695 1890 Ἐκκλησίας
734 1824 1037 1894 γινόμενος,
1085 1828 1117 1898 ἦ
1158 1831 1236 1892 είς
1266 1834 1419 1901 χεῖρα
1451 1833 1798 1898 τασσόμενος,

233 1910 271 1983 ἢ
320 1912 438 1964 ἀντὶ
495 1916 651 1977 ποδὸς
709 1918 1083 1989 ὑποστηρίζων
1107 1939 1119 1951 ·
1178 1922 1319 1976 οὕτω
1361 1925 1453 1977 καὶ
1502 1927 1560 1979 ἐν
1598 1929 1662 1998 τῇ
1712 1928 1804 1980 τοῦ
1841 1918 1878 1974 Β

237 2006 459 2077 φορείου
489 2014 820 2080 κατασκευῇ,
859 2013 886 2064 6
928 2010 1023 2082 μέν
1059 2032 1140 2078 τις
1175 2016 1381 2080 στύλος,
1415 2021 1443 2071 6
1472 2018 1528 2072 δὲ
1557 2019 1807 2084 ἐπίϐασις

238 2097 481 2166 γίνεται·
512 2100 693 2171 ἕτερος
733 2102 788 2155 δὲ
819 2103 879 2156 τὸ
919 2105 1052 2176 πρὸς
1085 2110 1149 2177 τῇ
1184 2110 1388 2181 κεφαλῇ
1429 2111 1590 2182 μέρος
1622 2113 1649 2164 ὃ
1682 2113 1810 2167 ἀνά-

241 2190 424 2243 κλιτον
478 2193 945 2265 προσηγόρευσεν·
971 2199 1077 2251 εἰσὶ
1121 2198 1177 2252 δέ
1210 2219 1351 2266 τινες
1388 2203 1436 2253 οἱ
1472 2206 1550 2267 είς
1577 2204 1637 2256 16
1662 2206 1810 2268 ἐντὸς

240 2282 580 2353 τεταγμένοι.
605 2279 705 2337 Ὧν
736 2286 986 2341 ἁπάντων
1008 2291 1149 2343 κατά
1174 2309 1293 2345 τινα
1321 2293 1475 2362 λόγον
1504 2297 1532 2347 6
1560 2296 1809 2367 τεχνίτης

239 2374 304 2426 ού
332 2377 575 2448 μονοειδῆ
603 2380 737 2450 πρὸς
761 2381 851 2435 τὸν
876 2384 1260 2457 καλλωπισμὸν
1286 2389 1489 2441 ἐπινοεί
1511 2390 1609 2459 τὴν
1630 2390 1762 2461 ὕλην
1793 2409 1805 2421 ·

239 2464 378 2519 ἀλλά
408 2467 586 2522 πάντα
625 2470 723 2540 μὲν
753 2478 1177 2545 κατακοσμεῖται
1204 2476 1280 2547 τῷ
1313 2477 1496 2532 κάλλει
1520 2496 1533 2509 ·
1557 2480 1810 2552 διάφορος

239 2556 298 2609 δὲ
332 2559 424 2612 καὶ
446 2559 777 2633 κατάλληλος
810 2566 1022 2637 ἑκάστῳ
1055 2569 1256 2621 τούτων
1285 2572 1577 2626 ἐπινοεῖται
1604 2577 1635 2644 ἡ
1669 2574 1805 2646 ὥρα.

243 2649 366 2702 Etsi
409 2652 588 2717 τοίνυν
623 2655 882 2728 ἀργύριον
927 2659 1024 2730 μὲν
1047 2662 1093 2712 οἱ
1127 2660 1309 2713 στύλοι
1340 2662 1434 2715 τοῦ
1469 2665 1685 2734 φορείου
1708 2681 1720 2693 ·
1752 2668 1809 2720 αἱ

243 2741 301 2795 δὲ
322 2742 524 2798 τούτων
554 2747 830 2813 ἐπιϐάσεις
862 2751 1113 2821 πορφύρα
1136 2769 1148 2782 ·
1178 2754 1241 2805 ἐκ
1270 2756 1491 2823 χρυσίου
1517 2757 1573 2809 δὲ
1602 2758 1662 2810 16
1682 2759 1812 2813 ἀνά-

245 2831 426 2886 κλιτον
446 2833 507 2885 16
535 2837 599 2905 τῇ
625 2838 829 2908 κεφαλῇ
858 2840 1165 2904 ὑποὸαῖνον,
1197 2843 1254 2893 ἐν
1280 2835 1324 2909 ᾧ
1357 2844 1525 2899 κλίνει
1567 2848 1664 2918 τὴν
1683 2849 1801 2902 ἐαυ-

245 2921 340 2975 τοῦ
366 2926 603 2998 κεφαλὴν
620 2930 649 2979 6
674 2931 929 2999 νυμφίος·
952 2936 1064 2996 τοῖς
1081 2934 1136 2989 δὲ
1164 2937 1363 3007 τιμίοις
1392 2938 1560 3002 λίθοις
1576 2941 1637 2993 16
1665 2941 1810 2997 ἔνδον

248 3015 394 3069 ἅπαν
426 3021 919 3076 καταποικίλλεται.
945 3025 1153 3079 Οὐκοῦν
1187 3027 1409 3092 στύλους
1438 3030 1535 3099 μὲν
1568 3033 1809 3102 νοητέον,

247 3107 373 3170 τοὺς
411 3108 633 3174 στύλους
663 3112 763 3182 τῆς
804 3114 1145 3184 Ἐκκλησίας,
1175 3112 1256 3182 οἷς
1286 3120 1527 3191 ἀκριϐῶς
1555 3122 1613 3175 16
1646 3124 1814 3192 ἀργύ-

252 3214 364 3265 ριον
390 3200 628 3273 καθαρόν
672 3221 730 3256 τε
756 3206 850 3258 καὶ
885 3210 1277 3281 πεπυρωμένον
1301 3215 1329 3265 6
1356 3212 1509 3282 λόγος
1539 3216 1706 3269 ἐστίν.
1749 3218 1811 3269 Ἠ

1894 647 2079 711 vitam,
2109 656 2163 703 et
2206 664 2303 718 per
2357 649 2599 705 fraudem
2639 651 2944 707 daatuonum
2980 670 2993 707 :
3028 653 3121 707 scd
3161 660 3449 722 postquam

1894 738 2043 792 illinc
2075 754 2104 792 a
2139 741 2366 796 rationis
2413 742 2675 811 participe
2714 744 2892 798 securi
2934 745 3103 798 excisi
3148 759 3359 806 sumus,
3399 753 3455 798 et

1898 829 2096 885 fuimus
2120 831 2173 884 in
2204 832 2458 887 manibus
2489 835 2737 901 artificis,
2794 836 2841 890 is
2871 851 2968 891 nos
2996 852 3155 891 suum
3185 837 3312 892 fecit
3351 835 3457 891 fer-

1898 922 2101 987 culum,
2148 933 2509 978 transmutata
2544 926 2675 995 ligni
2718 935 2909 981 natura
2965 943 3061 997 per
3094 929 3458 1000 regeneratioo

1898 1030 2020 1067 nem
2053 1016 2106 1069 in
2146 1024 2428 1087 argenturm
2486 1028 2539 1073 et
2581 1034 2795 1084 aurum,
2846 1030 2901 1075 et
2943 1019 3224 1077 ﬂorentem
3263 1038 3460 1093 purpu-

1899 1122 2038 1169 ram,
2072 1115 2126 1162 et
2174 1109 2229 1163 in
2268 1109 2613 1179 splendorem
2656 1127 3029 1183 gemmarum;
3069 1124 3122 1171 et
3157 1116 3299 1171 sicut
3329 1116 3462 1172 dicit

1903 1195 2198 1266 Apostolus
2239 1198 2304 1263 ³⁸,
2352 1196 2723 1253 Convenienter
2772 1202 3051 1271 unicuique
3098 1202 3276 1256 divisit
3316 1203 3455 1257 Deus

1906 1288 2053 1340 dona
2095 1289 2265 1340 sancti
2310 1286 2537 1357 Spiritus
2576 1299 2677 1344 :et
2708 1289 2799 1341 alii
2830 1291 3047 1360 quidem
3094 1291 3185 1344 dat
3225 1294 3459 1362 prophe-

1902 1379 2035 1433 tiam
2083 1384 2471 1436 convenienter
2507 1382 2841 1450 proportiuni
2877 1383 3034 1445 fidei;
3077 1383 3167 1435 alii
3195 1397 3323 1436 vero
3363 1383 3463 1435 ali-

1904 1485 2067 1540 quam
2108 1472 2268 1525 aliam
2297 1474 2686 1540 Operationem,
2737 1481 2901 1541 prout
2947 1481 3033 1526 est
3090 1473 3465 1542 unusquisque

1906 1569 2065 1631 aptus
2097 1571 2311 1625 natura,
2344 1574 2397 1617 et
2430 1572 2610 1633 potest
2657 1565 2939 1632 suscipere
2966 1566 3216 1634 gratiam,
3262 1571 3321 1617 ut
3371 1564 3463 1633 qui

1907 1654 1992 1708 vel
2035 1655 2316 1710 ordinetur
2357 1657 2549 1711 oculus
2608 1654 2885 1721 Ecclesiae,
2946 1656 3027 1709 vel
3073 1654 3245 1709 locum
3289 1665 3467 1709 teneat

1908 1761 2192 1808 manuum,
2235 1748 2317 1801 vel
2372 1748 2494 1800 loco
2558 1746 2709 1816 pedis
2755 1746 2942 1801 fulciat
2977 1762 3040 1801 ac
3079 1747 3316 1801 stabiliat
3348 1765 3360 1800 :
3393 1747 3467 1800 ita

1908 1839 2073 1893 etiam
2113 1839 2167 1893 in
2219 1839 2412 1893 ferculi
2460 1841 2870 1895 constructione
2917 1840 3064 1893 aliud
3120 1840 3335 1909 quidem
3386 1847 3468 1893 est

1909 1931 2183 1995 columna,
2228 1932 2376 1984 aliud
2424 1946 2551 1986 vero
2593 1946 2878 1993 ascensus,
2923 1931 3069 1985 aliud
3108 1946 3234 1985 vero
3277 1938 3360 1985 est
3408 1945 3469 1983 ea

1910 2038 2037 2091 pars
2066 2038 2185 2093 quae
2213 2035 2297 2078 est
2327 2022 2394 2075 ad
2421 2032 2603 2092 caput,
2627 2037 2789 2091 quam
2815 2024 3470 2080 vocavitreclinatorium.

1910 2114 1999 2166 alii
2049 2125 2229 2169 autem
2273 2125 2400 2168 sunt
2436 2114 2692 2168 collocati
2730 2113 2901 2169 intus.
2936 2114 3179 2180 Quorum
3227 2116 3469 2168 omnium

1908 2203 2141 2274 quadam
2174 2204 2385 2259 ratione
2410 2208 2860 2275 compositionem
2894 2205 3089 2259 artifex
3128 2221 3234 2258 non
3266 2205 3471 2259 unifor-

1917 2296 2077 2349 miter
2106 2297 2376 2366 excogitat
2414 2298 2759 2353 solummodo
2785 2296 2850 2351 ad
2880 2305 3157 2360 ornatum,
3204 2297 3297 2352 sed
3318 2310 3472 2351 exor-

1908 2394 2109 2439 nantur
2138 2387 2357 2455 quidem
2377 2389 2558 2441 omnia
2585 2387 3022 2456 pulchritudine;
3056 2387 3274 2442 diversa
3290 2396 3472 2441 autem

1906 2484 1962 2530 et
1994 2477 2285 2546 unicuique
2308 2492 2496 2531 eorum
2523 2480 2852 2534 conveniens
2882 2481 3223 2549 exc0gitatur
3262 2480 3472 2548 elegan-

1911 2569 1985 2621 tia
2026 2577 2080 2622 ct
2127 2569 2311 2624 decor.
2354 2570 2493 2623 Sunt
2537 2586 2667 2640 ergo
2722 2579 2990 2641 argenteae
3034 2570 3252 2639 quidem
3286 2570 3473 2624 ferculi

1910 2662 2192 2724 columnae,
2228 2679 2412 2717 earum
2433 2672 2613 2717 autem
2635 2664 2893 2733 purpurei
2925 2678 3189 2718 ascensus
3214 2681 3226 2715 :
3253 2677 3475 2716 aureum

1912 2759 2091 2807 autem
2123 2762 2207 2808 est
2241 2754 2649 2808 reclinatorium
2695 2754 2839 2825 quod
2874 2762 3147 2809 sustentat
3194 2762 3380 2824 caput,
3422 2754 3475 2807 in

1912 2857 2021 2912 quo
2060 2854 2225 2912 caput
2261 2861 2420 2898 suum
2467 2846 2695 2899 reclinat
2739 2860 2998 2914 sponsus:
3027 2846 3254 2914 gemmis
3299 2851 3477 2897 autem

1912 2942 1967 2987 et
1992 2934 2265 3003 lapidibus
2304 2937 2556 3000 pretiosis
2595 2938 2840 2991 variatur
2877 2935 3143 3007 quidquid
3185 2944 3269 2990 est
3312 2938 3476 2990 intus.

1916 3022 2053 3076 Sunt
2078 3040 2207 3095 ergo
2220 3021 2780 3090 columnaﬁeclesim
2797 3028 3082 3089 columnae,
3106 3026 3301 3096 quibus
3326 3027 3478 3094 plane

1916 3132 2109 3186 purum
2134 3125 2183 3172 et
2218 3119 2341 3188 igne
2367 3122 2733 3173 examinatum
2764 3130 3045 3187 argentum
3074 3130 3157 3173 est
3184 3119 3476 3189 eloquium.

1914 3207 2164 3280 Purpura
2210 3219 2390 3265 autem
2441 3220 2592 3276 sunt,
2663 3212 2753 3281 qui
2803 3210 2868 3264 ad
2912 3211 3110 3278 regalis
3169 3211 3480 3280 reipublice

249 3291 306 3343 δὲ
340 3294 592 3364 πορφύρα
631 3297 766 3348 είσὶν
795 3298 843 3349 οἳ
867 3298 960 3369 τῆς
994 3300 1266 3369 βασιλείας
1293 3303 1350 3355 ἐν
1383 3304 1459 3373 τῷ
1493 3304 1680 3376 ὑψηλῷ
1707 3306 1806 3377 τῆς

1918 3318 2186 3356 summum
2244 3304 2468 3373 gradum
2511 3304 2896 3358 ascenderunt.
2962 3302 3299 3374 Prmeipuum
3337 3304 3478 3358 enim

250 3385 522 3449 πολιτείας
565 3388 974 3460 ἐπιϐεϐήκασιν.
1039 3390 1342 3462 Ἐξαίρετον
1384 3396 1491 3467 γὰρ
1529 3399 1815 3471 γνώρισμα

249 3477 345 3543 τῆς
388 3477 659 3547 βασιλείας
691 3482 723 3550 ἠ
755 3482 1004 3553 πορφύρα
1035 3484 1332 3554 νομίζεται.
1374 3490 1445 3542 T6
1474 3490 1530 3542 δὲ
1558 3493 1813 3563 ἠγεμονιο

252 3569 344 3625 κδν
364 3571 548 3637 αὐτοῦ,
566 3574 622 3626 ἐν
640 3567 683 3642 ᾧ
700 3574 796 3645 τὴν
834 3577 1069 3647 κεφαλὴν
1089 3578 1252 3633 αὑτοῦ
1277 3580 1443 3635 κλίνει
1470 3584 1499 3635 6
1520 3584 1578 3637 16
1606 3589 1816 3655 φορεῖον

252 3665 685 3728 κατασκευάσας,
725 3668 786 3720 τὸ
830 3670 936 3721 τῶν
991 3671 1245 3741 καθαρῶν
1277 3673 1559 3744 δογμάτων
1597 3680 1816 3748 χρυσίον

253 3756 418 3809 ἐστίν.
450 3759 591 3812 Ὅσα
619 3759 676 3812 δὲ
708 3760 884 3831 ἀφανῆ
908 3778 967 3814 τε
994 3766 1087 3816 καὶ
1115 3764 1319 3835 κρύφια
1352 3772 1414 3838 τῇ
1441 3770 1653 3842 καθαρᾷ
1692 3790 1816 3826 συν-

256 3848 454 3919 ειδήσει
482 3849 587 3902 τῶν
622 3851 815 3920 τιμίων
861 3852 1021 3906 λίθων
1063 3857 1432 3927 ἐνωραῖζεται,
1460 3862 1525 3913 δι’
1546 3855 1619 3915 ὧν
1650 3864 1818 3917 ἁπάν-

256 3957 362 3992 των
392 3940 499 3994 ἀπὸ
540 3941 648 3995 τῶν
681 3942 994 4014 θυγατέρων
1028 3946 1381 4020 Ἰερουσαλὴμ
1411 3952 1442 4021 ἡ
1478 3954 1664 4024 ἀγάπη
1700 3972 1819 4009 συν-

258 4032 481 4085 ίσταται.
518 4033 579 4087 Εἰ
602 4035 657 4087 δὲ
688 4034 926 4103 βούλοιτό
959 4055 1041 4100 τις
1065 4042 1276 4109 φορεῖον
1308 4042 1404 4110 μὲν
1442 4046 1617 4098 πᾶσαν
1641 4047 1818 4115 λέγειν

254 4120 352 4191 τὴν
394 4120 714 4192 Ἐκκλησίαν
735 4141 748 4154 ·
777 4126 1125 4197 καταμερίζοι
1153 4127 1209 4180 δὲ
1234 4131 1373 4183 κατὰ
1404 4131 1499 4194 τὰς
1530 4134 1635 4187 τῶν
1667 4139 1818 4209 ἐνερ-

255 4213 417 4281 γειῶν
459 4214 715 4285 διαφορὰς
769 4219 847 4279 είς
892 4219 1159 4288 πρόσωπά
1204 4238 1324 4274 τινα
1366 4223 1459 4276 τοῦ
1497 4227 1711 4295 φορείου
1752 4229 1819 4282 τὰ

260 4303 420 4373 μέρη,
442 4303 517 4367 ὡς
540 4305 603 4374 δὴ
631 4307 757 4375 περὶ
791 4306 978 4359 τούτου
1016 4311 1354 4381 προείρηται,
1386 4313 1584 4384 πολλὴν
1609 4318 1699 4368 καὶ
1727 4318 1817 4370 οὓ·-

254 4413 362 4459 τως
386 4397 631 4450 εὐκολίαν
654 4400 681 4450 6
704 4398 858 4465 λόγος
888 4398 1018 4469 ἔχει,
1050 4401 1264 4472 ἑκάστῳ
1285 4403 1523 4473 τάγματι
1554 4406 1660 4458 τῶν
1682 4409 1820 4462 κατά

256 4489 352 4559 τὴν
404 4488 724 4559 Ἐκκλησίαν
766 4492 1108 4562 τεταγμένων
1136 4495 1444 4564 ἐφαρμόσαι
1474 4495 1564 4549 τοῦ
1602 4501 1817 4567 φορείου

255 4581 323 4634 τὰ
347 4580 488 4651 μέρη
508 4596 523 4611 ·
574 4580 755 4644 καθώς
807 4600 969 4654 φησιν
1004 4586 1031 4637 6
1074 4586 1412 4651 Ἀπόστολος,
1442 4589 1524 4641 ὅτι
1554 4592 1758 4645 Ἔθετο
1787 4597 1819 4647 ό

259 4674 403 4739 Θεὸς
428 4674 497 4726 ἐν
518 4672 591 4742 τῇ
629 4674 969 4743 Ἐκκλησία,
994 4676 1226 4744 πρῶτον
1255 4680 1652 4748 ἀποστόλους,
1689 4684 1819 4738 δεύ-

257 4779 426 4829 tepor
452 4766 780 4834 προφήτας,
805 4768 1001 4834 τρίτον
1024 4766 1448 4835 διδασκάλους,
1479 4770 1667 4824 ἔπειτα
1697 4775 1816 4828 καθ’

258 4855 485 4910 ἕκαστον
532 4859 710 4911 πάντα
756 4860 892 4929 πρὸς
935 4860 1024 4913 τὸν
1072 4864 1439 4933 καταρτισμὸν
1479 4864 1584 4916 τῶν
1625 4868 1815 4935 ἁγίων·

258 4947 330 5009 ὼς
353 4948 439 5001 διὰ
461 4949 570 5003 τῶν
601 4950 875 5017 ὀνομάτων
903 4951 1008 5005 τῶν
1035 4952 1169 5022 πρὸς
1188 4954 1284 5024 τὴν
1299 4953 1391 5007 τοῦ
1411 4956 1626 5025 φορείου
1654 4975 1820 5012 κατα-

263 5038 456 5111 σκευὴν
471 5040 860 5094 συντελούντων
879 5043 1056 5112 ἱερέας
1072 5042 1306 5097 νοεῖσθαι
1330 5046 1423 5098 καὶ⁸
1446 5046 1815 5113 διδασκάλους,

263 5129 354 5181 καὶ
410 5131 506 5201 τὴν
557 5134 760 5202 σεμνὴν
812 5132 1106 5203 παρθενίαν
1146 5136 1242 5205 τὴν
1292 5136 1439 5199 ἐντὸς
1474 5138 1568 5191 τοῦ
1602 5140 1818 5211 φορείου

266 5218 586 5291 καθαρότητι
616 5223 723 5276 τῶν
770 5223 998 5295 ἀρετῶν,
1032 5221 1142 5278 οἷόν
1171 5244 1278 5279 τισι
1308 5227 1466 5280 λίθων
1507 5230 1702 5299 αὐγαῖς
1739 5234 1822 5285 ἐν·

266 5312 568 5381 αστράπτου
575 5329 692 5368 σαν.
704 5366 719 5383 ο

349 5402 504 5456 Ἀλλά
542 5407 669 5476 περὶ
730 5407 825 5476 μὲν
885 5407 1087 5461 τούτων
1130 5410 1383 5465 τοσαῦτα.
1433 5412 1490 5464 '0
1532 5413 1588 5466 δὲ
1627 5414 1821 5485 ἐφεξῆς

268 5498 418 5565 λόγος
445 5500 754 5569 προτροπὴν
774 5502 1013 5571 περιέχει
1032 5503 1164 5572 πρὸς
1190 5503 1286 5566 τὰς
1309 5505 1606 5575 θυγατέρας
1640 5507 1827 5575 Ἰερου-

268 5589 446 5659 σαλὴμ
475 5589 624 5659 παρὰ
654 5589 749 5658 τῆς
783 5590 1000 5662 νύμφης
1021 5593 1316 5663 γινόμενος.
1349 5595 1437 5657 Ὠς
1461 5595 1567 5665 γάρ
1596 5597 1623 5647 6
1653 5596 1824 5665 μέγας

269 5681 474 5745 Παῦλος
500 5680 699 5751 ζημίαν
734 5684 933 5752 ἠγεῖτο,
959 5687 1006 5737 εἰ
1038 5686 1112 5756 μὴ
1142 5687 1273 5737 πᾶσι
1295 5683 1399 5736 τῶν
1429 5685 1569 5739 ἰδίων
1608 5687 1822 5754 ἀγαθῶν

335 5863 376 5894 ³⁵
442 5863 596 5919 Rom.
660 5878 757 5927 χιι,
804 5865 837 5920 4
870 5882 991 5935 sqq.
1044 5867 1087 5898 ³⁸
1127 5865 1166 5918 ιι
1250 5867 1375 5922 Cor.
1415 5883 1452 5931 ι,
1506 5868 1590 5935 12,
1624 5868 1713 5924 ‘28.

1918 3397 2068 3463 regni
2102 3398 2312 3464 signum
2338 3406 2593 3451 censetur
2634 3411 2754 3451 esse
2798 3410 3057 3465 purpura.
3101 3396 3477 3465 Principatum
3538 3444 3545 3445 ,

1916 3492 2096 3539 autem
2136 3485 2386 3541 obtinens
2422 3486 2677 3547 facultas,
2712 3484 2767 3537 in
2798 3498 2905 3553 qua
2928 3492 3095 3552 caput
3124 3499 3284 3537 suum
3321 3484 3481 3545 recli-

1880 3638 1883 3641 _
1918 3585 2007 3631 net
2035 3577 2081 3631 is
2112 3578 2197 3646 qui
2218 3578 2527 3632 construxit
2556 3577 2945 3639 ferculum,est
2975 3590 3234 3644 purorum
3265 3575 3483 3644 dogma—

1918 3676 2032 3720 tum
2065 3683 2278 3721 aurum.
2314 3668 2663 3738 Quaecunque
2697 3677 2879 3721 autem
2930 3668 3117 3733 latent,
3162 3675 3216 3721 et
3246 3682 3353 3720 nun
3386 3683 3482 3735 ap-

1921 3768 2132 3827 parent,
2178 3758 2508 3812 decorantur
2561 3774 2695 3828 pura
2744 3774 3078 3829 gemmarum
3119 3757 3483 3817 conscientia,

1921 3865 2014 3918 per
2040 3866 2159 3919 qua:
2191 3851 2375 3904 omnia
2410 3852 2664 3905 consistit
2700 3852 2941 3906 Charitas
2969 3869 3033 3907 ex
3060 3852 3271 3905 filiabus
3297 3849 3483 3904 Israel.

1922 3941 1979 3994 Si
2012 3943 2135 4010 quis
2169 3951 2347 3997 autem
2400 3944 2533 3997 velit
2565 3944 2832 3997 ferculum
2871 3943 3087 4012 quidem
3135 3942 3318 3997 dicere
3358 3943 3483 3994 uni-

1918 4048 2131 4087 versam
2178 4034 2500 4098 Ecclesiam,
2534 4035 2763 4090 odividat
2817 4043 2998 4090 autem
3061 4051 3127 4090 ex
3172 4034 3489 4088 (liﬂerentiis

1922 4126 2303 4195 operationum
2355 4126 2409 4179 in
2452 4143 2717 4196 personas
2768 4128 2999 4197 aliquas,
3053 4134 3232 4197 partes
3273 4126 3484 4187 fereuli,

1922 4226 1979 4272 ut
2012 4219 2125 4286 jam
2150 4218 2217 4273 de
2245 4234 2311 4274 eo
2341 4221 2549 4274 dictum
2581 4231 2667 4275 est
2698 4230 2879 4283 antea,
2928 4221 3008 4274 sic
3042 4234 3257 4288 quoque
3290 4228 3374 4273 est
3406 4218 3486 4271 fa-

1919 4310 2185 4363 cillimum
2222 4310 2518 4380 unicuique
2546 4312 2724 4365 ordini
2769 4327 2956 4366 eorum
2988 4313 3078 4380 qui
3110 4320 3237 4364 sunt
3284 4310 3340 4364 in
3387 4308 3489 4363 Ec-

1921 4388 2082 4455 clesia
2111 4401 2367 4470 adaptare
2395 4413 2576 4471 partes
2609 4402 2799 4455 ferculi
2834 4417 2846 4453 :
2873 4400 3148 4470 quomodo
3179 4401 3312 4454 dicit
3342 4401 3488 4468 Apo-

1921 4493 2094 4547 stolus
2122 4511 2134 4546 :
2165 4492 2373 4553 Posuit,
2422 4493 2618 4562 inquit,
2675 4493 2816 4547 Deus
2854 4494 2909 4545 in
2955 4491 3214 4553 Ecclesia,
3257 4491 3488 4559 primum

1924 4579 2208 4645 apostolos,
2243 4578 2468 4633 secundo
2514 4580 2815 4649 prophetas,
2871 4582 3024 4633 tertio
3064 4580 3303 4633 doctores
3324 4580 3388 4643 ³⁸,
3435 4588 3488 4633 et

1923 4670 2237 4739 singulatim
2271 4671 2453 4724 omnia
2478 4672 2545 4726 ad
2576 4673 2960 4740 perfectionem
3001 4683 3343 4737 sanctorum,
3412 4676 3485 4727 ita

1917 4770 1975 4814 ut
2009 4776 2103 4829 per
2132 4762 2231 4816 has
2265 4776 2446 4825 voces,
2499 4778 2836 4832 quaecunque
2867 4764 2933 4818 ad
2971 4766 3245 4834 opificium
3299 4767 3489 4820 ferculi

1916 4853 2554 4920 pertinent,sacerdotes
2607 4871 2670 4908 ac
2718 4854 2973 4910 doctores
3014 4858 3407 4927 intelligantur,
3437 4869 3489 4911 et

1914 4943 2282 4997 venerandam
2319 4944 2682 5013 virginitatem
2719 4961 2844 4999 esse
2892 4955 3219 5008 statuamus,
3271 4962 3391 5016 quae
3432 4947 3487 5000 in

1914 5034 2143 5098 ferculo,
2188 5036 2447 5089 virtutum
2478 5039 2734 5106 puritate,
2763 5046 3019 5106 tanquam
3055 5041 3224 5093 radiis
3257 5040 3486 5106 quibus-

1922 5129 2045 5182 dam
2081 5127 2462 5197 pretiosiorum
2500 5129 2738 5198 lapidum
2773 5129 3000 5200 fulgeat.

1998 5412 2074 5463 Ae
2087 5411 2155 5465 de
2174 5411 2259 5465 bis
2281 5412 2498 5481 quidem
2518 5412 2803 5466 hactenus.
2837 5412 2966 5477 Quae
2982 5420 3282 5480 sequuntur
3301 5408 3485 5470 verba,

1928 5504 2142 5572 prolata
2170 5505 2237 5555 ab
2270 5503 2385 5572 ipsa
2425 5518 2649 5573 sponsa,
2673 5504 3105 5557 exhortationem
3135 5501 3199 5555 ad
3232 5502 3373 5555 filias
3401 5497 3487 5554 ,Ιο-

1926 5594 2164 5648 rusalem
2209 5594 2512 5648 continent.
2574 5593 2708 5647 Nam
2756 5592 3211 5663 quemadmodum
3263 5605 3487 5659 magnus

1924 5686 2015 5739 ille
2045 5684 2245 5739 Paulus
2261 5685 2303 5715 ³⁷
2342 5700 2439 5753 pro
2466 5685 2667 5738 damno
2688 5684 2938 5747 ducebat,
2985 5686 3031 5739 si
3070 5700 3176 5737 non
3203 5697 3327 5738 eum
3365 5683 3487 5735 uni~

1794 5871 1833 5899 ³⁷
1892 5867 2078 5925 1(ἒοι·.
2141 5885 2235 5934 vn,
2288 5868 2339 5920 7.
