4028 6528
554 448 656 500 913
1747 445 1804 501 S.
1845 444 2169 502 GREGORII
2194 447 2486 504 NYSSENI

3671 456 3763 531 {:36

551 563 728 618 versis
766 560 906 616 bona
957 575 1054 615 sua
1087 557 1567 625 communicasset,
1611 576 1784 632 eaque
1829 562 1895 618 de
1941 578 2104 617 causa

2227 565 2554 636 ίκοινώνησε,
2611 567 2690 622 διὸ
2749 568 2816 622 τά
2873 566 3091 620 τοιαῦτα
3129 565 3263 636 πρὸς
3311 567 3437 630 τοὺς
3489 567 3763 638 ἀκούοντας

555 655 732 709 verbis
766 654 913 707 hisce
939 652 1006 706 ad
1025 652 1305 706 audientes
1338 653 1628 708 utebatur:
1673 652 1838 706 Velim
1863 671 1951 707 vos
1979 655 2112 722 tales

555 748 673 814 ﬁeri
695 745 867 815 qualis
898 761 988 814 ego
1019 760 1156 808 sum,
1211 759 1336 798 cum
1377 752 1431 799 et
1487 737 1603 815 ipse
1653 745 1948 814 aliquando
1987 747 2113 802 talis

555 839 770 900 fuerim,
797 837 984 907 quales
1018 852 1112 891 vos
1144 838 1295 892 estis.
1331 835 1458 890 Item
1487 854 1500 890 :
1537 835 1702 890 Velim
1728 853 1814 890 vos
1845 837 1962 905 ﬁeri
1987 837 2112 889 imi-

555 939 750 982 tatores
785 929 905 993 mei,
931 927 1373 998 quemadmodum
1409 945 1501 998 ego
1533 926 1733 981 Christi
1774 943 1896 982 sum
1934 928 2116 982 imita-

553 1028 642 1074 tor
666 1025 709 1059 ³⁸
747 1037 760 1073 :
788 1022 868 1076 sic
894 1029 948 1075 et
992 1021 1380 1090 benignissima
1427 1021 1540 1074 haec
1579 1035 1777 1089 sponsa
1807 1020 2114 1073 divinorum

554 1112 740 1180 sponsi
781 1115 1162 1182 mysteriorum
1199 1114 1472 1182 particeps
1529 1111 1692 1177 facta,
1761 1122 2112 1180 posteaquam

555 1203 736 1258 cubile
757 1205 1148 1273 couspexit,ac
1178 1206 1321 1275 regis
1365 1203 1629 1259 ferculum
1675 1202 1865 1259 eﬂ‘ecta
1897 1210 2001 1268 cst,
2048 1202 2116 1257 ad

551 1297 878 1366 juvenculas
902 1297 1102 1351 clamat
1141 1298 1216 1366 (et
1251 1296 1456 1351 fuerint
1505 1296 1735 1352 forsitan
1775 1298 1856 1352 ba:
1900 1297 2116 1351 illorum

558 1383 750 1438 animae
781 1384 872 1454 qui
906 1385 1134 1440 salutem
1181 1387 1645 1456 consequuntur),
1682 1396 1736 1442 et
1775 1405 1788 1439 :
1821 1387 2117 1456 Quousque

558 1477 909 1542 taudem,ait,
951 1478 1091 1532 intra
1145 1479 1268 1534 vitae
1311 1479 1624 1550 speluncam
1663 1477 1859 1534 abdita:
1903 1479 2119 1534 latetis?

556 1565 951 1638 Progredimini
1005 1577 1158 1625 extra
1214 1579 1421 1626 natura
1467 1572 1786 1635 velamenta,
1853 1569 2118 1640 iactasque

563 1662 686 1714 tilia:
715 1660 868 1725 Sion,
898 1661 1272 1718 admirandum
1310 1664 1414 1718 hoc
1455 1665 1823 1733 spectaculum
1867 1662 2114 1733 aspicite.

560 1750 845 1805 intuemini
873 1752 1310 1808 decentissimam
1354 1754 1407 1806 in
1441 1755 1618 1822 capite
1649 1755 1792 1824 regis
1830 1767 2115 1817 coronam,

559 1861 720 1912 quam
756 1852 926 1899 mater
950 1844 1120 1914 ipsius
1137 1845 1184 1899 ei
1217 1845 1633 1915 circumposuit,
1663 1843 2115 1914 quemadmodum

559 1946 712 1992 vates
747 1938 836 1990 ille
870 1937 1111 2006 loquitur
1143 1953 1160 1993 :
1197 1936 1430 1991 Posuisti
1465 1939 1518 1991 iu
1549 1946 1706 2006 caput
1759 1937 1922 2006 ipsius
1965 1953 2118 1990 coro-
2146 1907 2194 1969 Β

561 2047 682 2083 nam
719 2029 783 2083 de
812 2031 981 2098 lapide
1021 2029 1250 2098 pretioso
1289 2029 1485 2084 factum
1516 2029 1581 2085 ".
1602 2029 1787 2100 Neque
1827 2029 2116 2100 quisquam

557 2139 746 2180 eorum
783 2123 875 2192 qui
902 2123 1084 2193 aliquo
1116 2123 1170 2177 in
1201 2123 1438 2178 oraculis
1464 2121 1664 2176 divinis
1682 2120 1888 2191 judicio
1916 2121 2118 2186 valent,

559 2217 626 2267 tle
659 2214 903 2267 vocabuli
944 2214 994 2267 vi
1027 2211 1392 2282 argutabitur,
1430 2210 1577 2280 quod
1615 2225 1711 2280 pro
1746 2216 1899 2280 patre
1929 2209 2123 2263 matris

561 2305 648 2358 bic
683 2305 775 2358 ﬁat
817 2303 1042 2367 mentio,
1086 2318 1210 2358 cum
1241 2303 1525 2372 utriusque
1563 2301 1711 2356 vocis
1746 2316 1942 2356 sensus
1979 2301 2122 2356 idem

561 2397 652 2452 sit.
681 2395 815 2449 Nam
849 2409 971 2450 cum
1021 2394 1076 2447 in
1107 2400 1301 2447 natura
1351 2393 1532 2446 divina
1592 2406 1770 2461 neque
1822 2389 2120 2453 masculus,

562 2503 735 2558 neque
769 2486 1033 2542 femineus
1058 2500 1220 2540 sexus
1248 2483 1499 2547 exsistat,
1530 2482 1659 2552 (quo
1697 2481 1840 2535 enim
1872 2489 2029 2550 pacto
2066 2479 2120 2532 in

561 2579 762 2634 deitate
794 2579 952 2634 nobis
979 2575 1242 2646 quiddam
1263 2573 1535 2644 ejusmodi
1577 2574 1762 2628 venire
1801 2573 1854 2626 in
1889 2581 2120 2627 mentem

565 2673 756 2742 possit,
791 2685 913 2723 cum
945 2683 1109 2724 sexus
1143 2667 1440 2722 discrimen
1483 2681 1553 2721 ne
1600 2665 1819 2735 quidem
1867 2665 1921 2718 in
1964 2663 2123 2718 nobis

564 2762 876 2817 hominibus
901 2773 1166 2832 perpetuo
1197 2759 1522 2813 duraturum
1552 2758 1647 2822 sit,
1703 2757 1903 2826 quippe
1933 2755 2027 2825 qui
2069 2753 2123 2808 id

564 2853 848 2924 temporis,
879 2868 1002 2906 cum
1042 2867 1235 2906 omnes
1262 2865 1430 2905 unum
1460 2849 1514 2904 in
1547 2847 1770 2903 Christo
1802 2846 2122 2914 elliciemur,

565 2945 718 3015 signa
759 2942 1094 2998 discriminis
1147 2941 1309 3010 hujus
1356 2956 1463 2995 una
1499 2956 1623 2996 cum
1655 2947 1770 2996 toto
1813 2941 1981 2996 veteri
2028 2941 2128 2994 ho-

567 3039 709 3090 mine
733 3034 952 3091 exuturi
978 3048 1167 3089 sumus
1181 3033 1226 3104 ἵ)
1258 3033 1462 3087 idcirco
1485 3033 1539 3086 in
1570 3043 1779 3088 natura:
1806 3033 1953 3087 illius
1987 3030 2128 3088 inef-

565 3125 744 3182 Eabilis
769 3126 1096 3180 indicatione
1147 3141 1248 3179 vox
1291 3125 1498 3195 quaevis
1521 3140 1709 3195 parem
1735 3125 1846 3178 vim
1868 3125 2080 3179 obtinet
2109 3138 2124 3182 :

2215 658 2432 726 ἔλεγεν·
2488 660 2568 711 ὅτι
2620 661 2870 713 Γίνεσθε
2910 659 2990 724 ὠς
3019 657 3150 728 ἐγὼ,
3195 659 3276 710 ὅτι
3321 659 3414 710 καὶ
3442 659 3604 721 αύτὸς
3633 661 3763 732 ήμην

2213 745 2343 800 ποτὲ
2386 745 2507 799 καθ’
2550 747 2719 818 ὑμᾶς’
2782 748 2875 800 καὶ
2920 747 3000 800 ὅτι
3051 746 3308 815 Mummi
3346 764 3468 815 μου
3517 748 3760 815 γίνεσθε.

2215 839 2409 908 καθὼς
2460 839 2574 909 ἐγὼ
2631 841 2919 909 Χριστοῦ
2971 838 3113 893 οὕτω
3170 841 3264 893 καὶ
3306 841 3338 909 ἡ
3397 841 3762 913 φιλάνθρωπος

2215 933 2400 1006 νύμφη
2455 934 2594 1002 αὕτη
2645 933 2754 988 τῶν
2815 933 2973 988 θείων
3025 933 3117 986 τοῦ
3161 933 3427 986 Δεσπὸτου
3474 937 3766 1004 μυστηρίων

2217 1026 2530 1091 ἀξιωθεῖσα,
2548 1027 2634 1079 ὅτε
2667 1026 2765 1098 τὴν
2801 1025 2986 1096 κλίνην
3019 1025 3113 1085 ἴδε,
3147 1023 3240 1077 καὶ
3269 1027 3485 1095 φορεῖον
3517 1024 3763 1094 βασιλέως

2216 1116 2452 1183 ἐγένετο,
2483 1114 2580 1186 βοᾷ
2620 1115 2755 1186 πρὸς
2787 1115 2885 1178 τάς
2909 1115 3152 1178 νεάνιδας
3173 1129 3188 1144 ·
3223 1110 3382 1168 αὗται
3418 1114 3467 1167 δ’
3494 1115 3560 1168 ἂν
3594 1111 3697 1170 εἷεν
3718 1121 3765 1172 al

2215 1207 2324 1260 τῶν
2362 1205 2682 1277 σωζομένων
2728 1207 2921 1279 ψυχαί·
2971 1208 3115 1269 Ἕως
3173 1207 3321 1268 πότε,
3380 1205 3638 1276 λέγουσα,
3699 1209 3767 1280 τῷ

2218 1298 2466 1371 σπηλαίῳ
2485 1299 2578 1353 τοῦ
2611 1299 2725 1370 βίου
2755 1299 3202 1362 ὲναποκλείεσθε;
3237 1299 3484 1365 ὲξέλθετε
3519 1300 3626 1354 τῶν
3652 1319 3766 1372 προ-

2216 1391 2583 1464 καλυμμάτων
2637 1392 2735 1462 τῆς
2785 1392 3017 1462 φύσεως,
3063 1392 3156 1445 καὶ
3184 1393 3320 1446 ἴδετε
3357 1392 3420 1446 τὸ
3471 1392 3765 1462 θαυμαστὸν

2218 1484 2424 1554 θέαμα’
2453 1483 2590 1538 Σιὼν
2637 1484 2931 1556 θυγατέρες
2981 1484 3288 1554 γενόμεναι,
3321 1484 3591 1539 θεάσασθε
3630 1503 3766 1558 περι-

2216 1574 2482 1645 τρέποντα
2503 1578 2570 1646 τῇ
2611 1574 2816 1646 κεφαλῇ
2837 1573 2930 1628 τοῦ
2962 1574 3220 1646 βασιλέως
3238 1577 3325 1629 τὸν
3353 1575 3636 1646 στέφανον,
3664 1577 3766 1646 δ’νὴ

2222 1669 2405 1740 μήτηρ
2429 1667 2575 1738 αύτῷ
2603 1667 2893 1739 περιέθηκε
2939 1667 3080 1722 κατὰ
3107 1668 3203 1740 τὴν
3232 1668 3324 1722 τοῦ
3358 1670 3643 1741 “pacm-too
3672 1687 3768 1737 φω-

2218 1761 2334 1832 νὴν,
2383 1762 2442 1825 ὃς
2496 1779 2658 1832 φησιν
2677 1777 2690 1790 ⁸
2725 1763 2984 1828 Ἕϐηκας
3013 1759 3112 1814 ἐπὶ
3152 1760 3265 1828 τὴν
3294 1761 3574 1828 κεφαλὴν
3599 1760 3764 1814 αὐτοῦ

2220 1851 2526 1922 στέφανον
2574 1853 2642 1906 ἐκ
2683 1852 2857 1906 λίθου
2882 1853 3094 1920 τιμίου.
3118 1850 3340 1914 Πάντως
3371 1851 3429 1904 δὲ
3462 1851 3635 1915 οὐδεὶς
3673 1848 3768 1903 τῶν

2221 1946 2425 2017 κρίνειν
2445 1946 2567 2007 τοὺς
2585 1944 2710 2014 περὶ
2735 1943 2866 1996 Θεὸν
2891 1942 3078 2012 λόγους
3099 1942 3532 2012 ὲπεσκεμμένων
3566 1940 3768 2012 ἀκριύο-

2220 2035 2457 2103 λογεῖται
2499 2035 2622 2105 περὶ
2654 2035 2752 2105 τὴν
2774 2034 2867 2087 τοῦ
2898 2034 3158 2105 ὀνόματος
3197 2035 3459 2106 ἔμφασιν,
3489 2035 3570 2088 ὅτι
3605 2036 3769 2106 μήτηρ

2221 2126 2342 2179 ἀντὶ
2391 2124 2482 2178 τοῦ
2528 2125 2730 2196 πατρὸς
2761 2125 3176 2196 μνημονεύεται,
3227 2124 3352 2196 μίαν
3395 2125 3489 2193 ἀφ’
3525 2125 3768 2194 ἑκατέρας

2222 2219 2404 2290 φωνῆς
2432 2217 2823 2289 ἀναλαμϐάνων
2861 2217 3116 2272 διάνοιαν.
3159 2217 3377 2288 Ἐπειδὴ
3407 2216 3518 2289 γὰρ
3544 2215 3660 2269 οὔτε
3687 2217 3768 2287 ἄῤ-

2223 2315 2344 2385 ῥην,
2374 2310 2496 2364 οὔτε
2529 2310 2658 2381 θῆλυ
2701 2310 2762 2362 τὸ
2801 2310 2954 2365 Θεῖὸν
2992 2312 3107 2363 ἐστι
3129 2328 3140 2342 ·
3191 2307 3307 2372 πῶς
3336 2310 3449 2381 γὰρ
3483 2308 3548 2362 ἂν
3574 2309 3660 2360 ἐπὶ
3684 2309 3769 2375 τῆς

2223 2404 2469 2474 θεότητὸς
2517 2423 2568 2458 τι
2597 2403 2812 2476 νοηθείη
2876 2403 3132 2466 τοιοῦτον,
3164 2400 3324 2454 ὁπότε
3362 2400 3488 2453 οὐδὲ
3525 2401 3648 2470 ἡμῖν
3674 2399 3769 2460 τοῖς

2223 2496 2526 2567 ἀνθρώποις
2551 2494 2705 2548 τοῦτο
2737 2496 2816 2557 εἰς
2840 2494 2899 2547 τὸ
2913 2494 3154 2563 διηνεκὲς
3171 2492 3500 2562 παραμένει.
3531 2491 3638 2544 ἀλλ’
3663 2491 3770 2542 ὅταν

2223 2591 2281 2642 ὲν
2307 2586 2524 2658 Χριστῷ
2552 2587 2608 2639 ἓν
2639 2585 2836 2648 πάντες
2881 2583 3185 2655 γενώμεθα,
3224 2583 3291 2636 τὰ
3321 2586 3527 2653 σημεῖα
3559 2584 3649 2652 τῆς
3672 2581 3768 2632 δια-

2224 2679 2394 2749 φορᾶς
2425 2677 2623 2747 ταύτης
2656 2675 2793 2746 μετὰ
2816 2675 2937 2729 ὅλου
2969 2675 3060 2728 τοῦ
3084 2673 3310 2727 παλαιοῦ
3342 2671 3629 2746 ἀνθρώπου
3660 2687 3767 2722 συν-

2225 2766 2554 2836 εκδυόμεθας
2621 2767 2809 2817 τούτου
2847 2763 3008 2835 χάριν
3069 2763 3377 2832 ἰσοδυναμεί
3416 2762 3551 2830 πρὸς
3575 2760 3666 2830 τὴν
3694 2757 3766 2810 ἔνι-

2224 2857 2387 2926 δειξιν
2439 2859 2538 2928 τῆς
2581 2856 2857 2928 ἀφθάρτου
2921 2854 3133 2924 φύσεως
3179 2855 3286 2907 πᾶν
3316 2853 3376 2906 τὸ
3409 2852 3768 2924 εὑρισκόμενοι

2225 2951 2396 3022 ὄνομα
2419 2966 2432 2979 ·
2464 2947 2586 3002 οὔτε
2618 2948 2825 3020 θήλεος,
2863 2945 2986 2999 οὔτε
3014 2946 3235 3018 ἄρρενος
3267 2945 3365 3016 τὴν
3392 2943 3661 3015 σημασίαν
3685 2943 3767 3009 τῆς

2228 3042 2503 3114 ἀκηράτου
2543 3038 3004 3110 καταμολύνοντος
3045 3037 3280 3106 φύσεως.
3311 3037 3414 3090 Διὰ
3430 3035 3584 3088 τοῦτο
3605 3036 3658 3087 ἐν
3685 3031 3773 3102 μὲν

2229 3135 2306 3205 τῷ
2334 3131 2650 3202 Εύαγγελίῳ
2673 3131 2702 3182 ὁ
2729 3128 2909 3202 πατὴρ
2939 3129 3152 3198 λέγεται
3189 3131 3363 3180 ποιεῖν
3386 3127 3517 3189 τοὺς
3545 3125 3736 3194 γάμους
3753 3135 3766 3148 ⁸

565 3234 740 3289 neque
771 3221 958 3284 maris,
1000 3233 1176 3288 neque
1208 3218 1422 3272 femina:
1466 3218 1733 3272 vocabulo
1771 3216 2126 3288 signiﬁcatio-

2233 3225 2260 3277 ὁ
2291 3223 2347 3277 δὲ
2375 3223 2665 3294 Προφήτης
2714 3221 2849 3291 πρὸς
2906 3221 2998 3273 τὸν
3043 3219 3174 3273 Θεὸν
3204 3218 3352 3287 λέγει
3383 3235 3399 3249 ·
3431 3219 3511 3271 ὅτι
3538 3218 3772 3318 Ἕθηκας

566 3328 686 3367 ucm
713 3310 864 3367 illius
884 3312 1194 3382 purissima:
1238 3318 1445 3365 natura:
1488 3312 1784 3380 polluente.
1833 3309 2126 3380 Propterea

2233 3313 2329 3368 ἐπὶ
2359 3313 2472 3382 τὴν
2493 3308 2951 3381 κεφαλὴναὺτοῦ
2969 3308 3271 3377 στέφανον
3283 3308 3350 3361 ἐκ
3371 3308 3549 3361 λίθου
3567 3302 3739 3373 τιμίου
3753 3316 3767 3329 ⁸

566 3407 621 3460 in
644 3405 936 3476 Evangelio
977 3405 1199 3474 quidam
1233 3412 1389 3474 pater
1425 3403 1536 3458 filio
1571 3404 1790 3474 nuptias
1829 3403 2008 3459 facere
2046 3403 2130 3458 di-

567 3497 715 3551 citur
736 3497 780 3528 "
817 3516 829 3550 :
860 3494 1133 3565 Propheta
1161 3510 1287 3549 vero
1309 3494 1399 3550 ille
1422 3493 1588 3550 Deum
1607 3495 1942 3565 compellans
1970 3514 1986 3552 :
2025 3495 2129 3550 Po-

568 3591 748 3653 suisti,
782 3588 880 3652 ait,
912 3590 967 3642 in
993 3596 1147 3656 caput
1177 3588 1340 3656 ipsius
1379 3603 1630 3640 coronam
1661 3586 1726 3640 de
1763 3588 1995 3657 pretioso
2048 3589 2142 3652 la-,

567 3683 686 3749 pide
713 3680 910 3734 factam
945 3695 958 3730 :
995 3679 1108 3734 hac
1134 3679 1367 3749 denique
1397 3693 1601 3733 corona
1637 3693 1842 3748 sponso
1887 3695 1916 3733 a
1961 3689 2132 3734 matre

572 3775 826 3842 imposita
861 3771 1084 3825 dicitur.
1133 3770 1272 3837 Quia
1308 3770 1475 3840 igitur
1509 3784 1632 3824 una:
1666 3777 1877 3824 tantum
1925 3771 2130 3840 nuptiae

571 3873 721 3927 sunt,
746 3875 799 3919 et
830 3880 934 3918 una
971 3881 1193 3936 sponsa,
1223 3875 1279 3921 et
1311 3867 1377 3920 ab
1409 3880 1515 3920 uno
1541 3880 1745 3920 corona
1798 3881 2000 3936 sponso
2025 3867 2130 3919 im-

572 3954 1078 4022 pouiturwmnino
1138 3954 1271 4010 nihil
1333 3955 1668 4010 discriminis
1693 3964 1796 4020 est,
1855 3957 1970 4010 sive
2009 3956 2133 4026 quis

573 4041 664 4096 Dei
695 4041 892 4097 Filium
930 4045 1218 4115 unigenam
1253 4043 1420 4099 Deum
1453 4053 1631 4108 vocet,
1679 4046 1794 4100 sive
1823 4042 2016 4098 Filium
2049 4044 2134 4100 di-

572 4137 825 4192 lectionis
864 4138 1007 4207 ejus,
1071 4137 1531 4208 quemadmodum
1599 4137 1806 4192 Paulus
1865 4139 2130 4207 loquitur,

570 4244 695 4283 cum
738 4228 927 4283 eadem
993 4237 1233 4298 potestas
1283 4237 1513 4300 utroque
1567 4229 1834 4284 vocabulo
1891 4229 2130 4284 indicata

571 4326 802 4374 exornet
855 4319 1035 4388 ipsum
1103 4330 1160 4373 ut
1213 4334 1499 4389 sponsum,
1550 4320 1614 4374 ad
1675 4320 2134 4374 cohabitationem

571 4418 838 4465 nostram.
901 4408 1232 4480 Egredimini
1277 4424 1430 4480 ergo,
1482 4410 1658 4480 inquit
1701 4410 1768 4464 ad
1811 4411 2136 4478 juvenculas

572 4518 796 4574 sponsa,
829 4511 885 4558 et
920 4503 1046 4556 filias
1062 4501 1194 4557 Sion
1228 4501 1557 4569 elﬁciamiut,
1594 4512 1650 4556 ut
1673 4503 1738 4557 de
1770 4502 1988 4557 sublimi
2015 4517 2136 4574 spe-

572 4595 694 4648 cula
731 4594 857 4662 (hoc
902 4595 1048 4649 enim
1095 4610 1199 4648 vox
1242 4594 1376 4649 Sion
1413 4595 1704 4667 significat)
1762 4596 2134 4665 spectaculum

571 4685 958 4740 admirandum
1015 4684 1200 4739 videre
1261 4685 1509 4754 possitis,
1544 4683 1799 4740 videlicet
1869 4699 2134 4754 sponsum

571 4789 776 4828 corona
811 4775 1145 4830 redimitum.
1187 4773 1283 4830 Est
1303 4785 1483 4830 autem
1509 4789 1710 4830 corona
1746 4775 1910 4845 hujus
1953 4775 2137 4831 Eccle-

571 4870 676 4932 sia,
701 4884 823 4937 quze
846 4868 1036 4938 sponsi
1071 4877 1235 4937 caput
1281 4868 1419 4923 vivis
1462 4875 1516 4922 et
1563 4867 1817 4922 animatis
1865 4867 2136 4938 lapidibus

573 4958 815 5028 undique
845 4959 1169 5014 circumdat.
1211 4960 1386 5028 Atque
1420 4959 1559 5013 hanc
1600 4974 1860 5016 coronam
1894 4960 2133 5016 charitas

572 5051 890 5107 connexuit.
917 5049 1052 5105 Nam
1083 5052 1199 5106 sive
1220 5051 1343 5121 quis
1375 5051 1478 5105 hoc
1508 5053 1692 5118 matri,
1727 5054 1843 5109 sive
1877 5053 2130 5108 charitati

564 5145 798 5219 tribuat,
829 5159 934 5199 non
966 5142 1262 5199 aberrabit.
1315 5142 1533 5199 Etenim
1556 5143 1699 5199 Deus
1735 5153 1820 5200 est
1871 5145 2133 5209 charitas,

574 5237 1030 5308 quemadmodum
1057 5235 1298 5291 Joannes
1331 5237 1406 5290 ait
1426 5237 1492 5288 δ’.
1513 5235 1679 5304 Atqui
1711 5236 1811 5289 hac
1838 5251 1902 5291 ex
1931 5251 2137 5291 corona

2235 3403 2464 3460 ἐνταῦθα
2499 3403 2556 3456 δὲ
2588 3401 2738 3471 παρὰ
2774 3402 2872 3471 τῆς
2922 3399 3124 3471 μητρός
3167 3415 3331 3469 φησιν
3357 3393 3682 3451 ἐπιτίθεσθαι
3705 3387 3770 3458 τῷ

2233 3498 2450 3569 νυμφίῳ
2497 3496 2586 3549 τὸν
2625 3494 2902 3563 στέφατον.
2956 3493 3108 3546 Ἐπεὶ
3145 3486 3236 3545 οὖν
3269 3493 3419 3544 ἐστιν
3449 3487 3525 3553 εἷς
3563 3490 3590 3540 ὁ
3619 3485 3772 3554 γάμος

2234 3591 2327 3645 καὶ
2346 3589 2444 3661 μία
2462 3588 2668 3659 νύμφη,
2688 3587 2781 3638 καὶ
2809 3584 2959 3654 παρὰ
2988 3583 3104 3646 ἐνὸς
3122 3581 3473 3635 ἐπιϐάλλεται
3492 3579 3562 3648 τῷ
3582 3573 3772 3661 νυμφίιρ

2233 3685 2261 3736 ὁ
2292 3659 2549 3749 στέφανος
2569 3695 2584 3708 ⁸
2616 3677 2765 3730 οὐδὲν
2787 3675 3030 3746 διαφέρει
3063 3672 3301 3734 πάντως,
3334 3667 3517 3740 ἦΥἱὸν
3546 3665 3634 3719 τοῦ
3655 3659 3778 3715 Θεοῦ

2235 3773 2326 3827 τὸν
2362 3769 2620 3843 μονογενῆ
2644 3768 2824 3836 λέγειν
2859 3766 3010 3831 Θεὸν,
3044 3760 3211 3836 ἢΥἰὸν
3226 3763 3326 3832 τῆς
3353 3762 3573 3829 ἀγάπης
3609 3750 3770 3811 αὐτοῦ,

2236 3863 2376 3920 κατὰ
2396 3861 2492 3933 τὴν
2514 3859 2723 3914 Παύλου
2757 3859 2961 3929 φωνὴν,
2989 3858 3065 3920 ὡς
3098 3855 3225 3926 μιᾶς
3252 3852 3422 3922 οὔσης
3461 3849 3578 3904 καθ’
3605 3847 3772 3900 ἑκάτε-

2237 3973 2329 4028 ρον
2358 3954 2527 4023 ὄνομα.
2583 3953 2682 4024 τῆς
2709 3948 3180 4023 νυμφοστολούσης
3219 3945 3379 4000 αὐτὸν
3409 3945 3502 3996 ἐπὶ
3544 3941 3634 4011 τῆς
3661 3935 3778 4028 {ipse

2235 4025 2397 4119 τέρας
2410 4045 2768 4116 συνοικήσεως
2787 4042 3087 4112 δυνάμεως.
3126 4036 3397 4102 Ἐξέλθετε
3425 4031 3538 4096 οὖν,
3568 4031 3718 4100 φησιν
3743 4025 3774 4094 ἠ

2237 4136 2418 4210 νύμφη
2453 4136 2587 4207 πρὸς
2615 4135 2711 4198 τὰς
2741 4132 3006 4196 νεάνιδας,
3031 4132 3123 4185 καὶ
3154 4127 3450 4198 θυγατέρες
3491 4124 3620 4178 Σιὼν
3644 4119 3776 4188 γένε-

2239 4230 2330 4284 σθε
2354 4247 2368 4260 °
2397 4227 2536 4282 ὥστε
2565 4227 2671 4281 άπὸ
2698 4226 2930 4288 σκοπιᾶς
2969 4222 3176 4294 ὑψηλῆς
3210 4219 3372 4291 (οὕτω
3413 4219 3522 4288 γὰρ
3553 4213 3679 4268 Σιὼν
3699 4210 3774 4278 ἐρ-

2240 4320 2548 4395 μηνεύεται)
2573 4316 2936 4389 δυνηθῆναιτὸ
2965 4311 3274 4386 θαυμαστὸν
3298 4313 3426 4365 ἰδεῖν
3461 4309 3653 4377 θέαμα,

2237 4392 2649 4486 φανηφορούντα
2701 4410 2790 4464 τὸν
2851 4408 3103 4478 νυμφίον.
3158 4405 3428 4473 Στέφανος
3483 4401 3540 4455 δὲ
3584 4392 3774 4464 αύτῷὴ

2251 4507 2540 4576 Ἐκκλησία
2551 4505 2776 4574 γίνεται,
2797 4502 2884 4556 διὰ
2912 4500 3020 4553 τῶν
3045 4498 3303 4570 ἐμψύχων
3329 4495 3494 4548 λίθων
3519 4492 3612 4562 τὴν
3630 4501 3773 4581 κεφαὶ

2237 4600 2333 4671 λὴν
2354 4601 2410 4651 ὲν
2437 4597 2621 4668 κύκλῳ
2656 4592 3110 4664 διαλαμόάνουσα.
3142 4586 3584 4658 Στεφανηπλόκος
3614 4580 3774 4671 eam

2241 4667 2483 4744 τοιούτου
2513 4667 2797 4756 στεφάνου,
2821 4687 2854 4755 ἠ
2897 4684 3084 4752 ἀγάπη
3108 4681 3274 4744 ἐστὶν,
3300 4679 3386 4750 ἢν,
3425 4677 3535 4730 εἴτε
3567 4667 3771 4756 μητέρα,

2241 4783 2348 4837 εἴτε
2396 4755 2730 4849 ὰγάπηνντις
2766 4775 2933 4843 λέγει,
2966 4775 3064 4843 ούχ
3109 4773 3498 4842 ἁμαρτήσεται.
3526 4762 3650 4823 θεὸς
3683 4755 3773 4849 γᾴρ

2241 4876 2386 4926 ἐστιν
2421 4869 2627 4940 ἀγάπη,
2679 4865 2820 4921 κατὰ
2874 4865 2974 4934 τὴν
3019 4864 3259 4918 Ἰωάννου
3303 4859 3506 4930 φωνήν.
3536 4842 3772 4918 Τούτέρδδ

2239 4965 2316 5035 τῷ
2365 4962 2611 5032 στεφάνῳ
2671 4956 3117 5030 ὲνευφραίνεσθαι
3157 4955 3304 5024 λέγει
3346 4951 3506 5006 αὑτὸν
3530 4950 3562 5019 ἡ
3590 4943 3768 5035 νύμφην

2237 5030 2595 5133 τῷσνυμφικῷ
2647 5054 2834 5123 κόσμῳ
2871 5050 3313 5120 ὲναγαλλόμενον.
3357 5044 3549 5115 Χαίρει
3585 5037 3684 5133 γὰρ
3711 5030 3772 5089 ὡς

2233 5125 2444 5223 άληθῶς
2480 5151 2514 5202 ὁ
2537 5147 2780 5202 σύνοικον
2807 5145 2906 5218 τὴν
2952 5141 3273 5214 Ἐκκλησίαν
3302 5137 3478 5208 ἑαυτῷ
3503 5125 3774 5200 ποιησάμε⁶

2233 5261 2343 5308 νος,
2375 5243 2493 5306 ταῖς
2522 5239 2738 5310 ἀρεταῖς
2766 5236 2876 5289 τῶν
2924 5232 3328 5305 διαπρεπόντων
3357 5231 3413 5282 ὲν
3435 5225 3569 5294 αὐτῇ
3599 5226 3771 5310 στεφξν

576 5331 904 5400 voluptatem
939 5344 1062 5384 eum
1095 5343 1289 5398 capere
1313 5328 1390 5382 ait
1412 5343 1636 5399 sponsa,
1654 5327 1881 5383 miriﬁce
1897 5327 2126 5399 gauden-

2234 5301 2508 5406 νούμενος.
2540 5301 2796 5402 Κρεῖττον
2832 5328 2877 5381 δ’
2905 5328 2971 5382 ἂν
3011 5301 3098 5396 εἴη
3139 5323 3307 5386 αὐτὰς
3320 5301 3772 5406 ,παραθέσθαιρτἆς

576 5439 684 5478 tem
720 5430 917 5477 ornatu
945 5421 1042 5476 illo
1085 5421 1433 5491 sponsalitio.
1481 5417 1694 5475 Revera
1747 5418 1894 5474 enim
1952 5419 2126 5474 laetitia

2241 5400 2390 5490 θείας
2419 5400 2606 5494 φωνὰς
2637 5422 2728 5475 ἐπὶ
2766 5419 2961 5486 λέξεως
3001 5417 3228 5488 ἐχούσας
3262 5413 3431 5476 οὕτως
3502 5400 3770 5494 Ἐξέαίθεζτσ

577 5513 811 5571 allicitur
842 5515 891 5569 is
921 5513 1016 5585 qui
1056 5487 1356 5569 Ecclesiam
1394 5512 1683 5584 coniugem
1715 5513 1820 5570 sibi
1856 5511 2009 5575 fecit,
2051 5530 2126 5569 re-

2243 5517 2342 5571 καὶ
2371 5487 2563 5576 ⁷ἴδετε⁹
2623 5509 2944 5582 θυγατέρες
2987 5487 3156 5566 Σιὼν,
3192 5505 3310 5558 τὸν»
3331 5487 3770 5585 ,ϐασιλέα-Σολεῖ

578 5564 803 5571 eam---
843 5564 886 5569 --
926 5564 1016 5585 ,η
1056 5564 1355 5569 *ιη----η
1715 5564 1820 5570 --ῃ
1856 5564 1958 5568 ----
1995 5564 2008 5575 ,
2053 5564 2107 5569 --

576 5607 800 5662 .limitus
833 5607 1048 5662 illorum
1092 5606 1406 5668 virtutibus,
1453 5607 1546 5676 qui
1581 5609 1632 5660 in
1665 5621 1728 5661 ea
1760 5614 1888 5661 sunt
1926 5607 2126 5660 eximii.

3034 5589 3081 5663 ᾧ
3109 5564 3531 5681 ἐστεφάνωσεκ
3547 5573 3715 5681 ait:

578 5697 761 5754 Fuerit
797 5705 976 5753 autem
1022 5697 1257 5752 fortasse
1288 5697 1484 5751 melius
1516 5702 1629 5752 haec
1680 5698 1794 5768 ipsa
1829 5699 1994 5754 verba
2031 5699 2126 5752 col-

2478 5657 2682 5760 αὐτοῦ’,
2736 5693 2804 5746 ἐν
3048 5657 3441 5757 *νυμφεύσεως
3468 5669 3668 5735 αὑτοῦ»
3688 5657 3765 5712 ἀα

2658 5896 2699 5926 ⁸⁸
2758 5891 2959 5949 lloau.
3025 5906 3104 5956 tv,
3158 5889 3214 5944 8.

649 5905 696 5938 ⁸⁸
747 5905 770 5961 ι
825 5907 950 5961 Cor.
1011 5920 1090 5972 si,
1130 5906 1268 5960 1.³⁸
1321 5904 1440 5962 Psal
1520 5922 1609 5970 sx,
1689 5909 1741 5960 s.
1825 5906 1868 5937 ἰθ
1926 5903 2114 5959 Matth.
2179 5919 2311 5969 nu,
2369 5901 2406 5954 2
2459 5914 2578 5970 sqq.
