3932 6510
174 405 308 463 917
1266 409 1333 463 ΙΝ
1360 407 1656 465 CANTICA
1684 407 1803 464 CAP

1908 406 1953 462 3.
1997 406 2277 465 HOMILIA
2315 408 2426 466 νη.
3344 413 3449 471 918

176 522 268 574 ἐν
307 519 506 590 ἡμέρᾳ
554 523 937 593 εὐφροσύνης
994 524 1239 593 καρδίας
1281 525 1485 579 αὐτοῦ.
1540 524 1652 596 Τὴν
1694 519 1786 578 οὖν

1910 526 2078 587 ocari,
2150 540 2271 595 qua:
2327 523 2547 595 quidem
2614 524 2931 596 hujusmodi
3008 534 3156 584 sunt:
3240 526 3454 598 Egredi-

181 612 472 683 τοιαύτην
506 614 913 687 φιλανθρωπίαν
948 617 1045 687 τῆς
1081 615 1298 688 νύμφης
1333 620 1362 671 6
1396 617 1567 686 Λόγος
1596 617 1788 671 ἀποδε-

1908 616 2020 668 nini
2037 625 2086 670 et
2118 616 2305 681 videte,
2336 617 2466 686 [ilic
2493 614 2644 681 Sion,
2700 616 3035 672 Salomonem
3067 635 3236 690 regem
3276 622 3330 673 in
3361 637 3451 674 co-

186 704 468 775 ξάμενος,
515 708 597 760 ὅτι
635 708 777 762 κατά
822 709 1052 780 μίμησιν
1085 710 1179 763 τοῦ
1230 710 1499 763 Δεσπότου
1538 711 1631 763 καὶ
1652 709 1790 779 αὐτὴ

1908 722 2040 773 ·οηα,
2075 723 2180 776 qua
2220 709 2491 762 coronavit
2529 723 2645 761 eum
2677 718 2847 763 mater
2895 710 3060 779 ipsius
3097 710 3193 764 illo
3219 710 3304 764 die
3353 726 3454 781 quo

188 799 425 860 πάντας
447 797 588 851 θέλει
607 798 861 869 σωθῆναι,
882 801 975 854 καὶ
997 803 1075 864 είς
1103 800 1394 869 ἐπίγνωσιν
1408 804 1506 873 τῆς
1537 801 1791 872 ἀληθείας

1908 798 2335 867 lespondebatur,
2389 809 2439 854 et
2469 799 2553 853 die
2590 799 2796 854 latitia:
2843 801 3018 856 cordis
3069 802 3257 870 ipsius.
3302 801 3454 855 Hanc

189 890 421 944 ἐλθεῖν·
449 890 779 959 σεμνοτέραν
824 891 993 963 αὐτὴν
1036 892 1404 963 ἀπεργάζεται
1431 895 1459 946 6
1487 893 1660 963 κήρυξ
1696 892 1790 944 τοῦ

1891 890 2055 961 igitur
2084 907 2297 961 sponsae
2314 892 2704 963 benignitatem
2722 890 2959 947 Verbum
2987 896 3287 964 excipiens,
3307 894 3455 965 quod

192 978 446 1042 κάλλους
510 979 679 1067 αὐτῆς
716 981 808 1034 καὶ
861 978 1149 1053 ζωγράφος
1199 983 1500 1055 γινόμενος.
1555 983 1630 1037 Οὐ
1684 983 1792 1053 γὰρ

1889 998 1953 1037 ea
1983 983 2196 1039 Domini
2230 986 2296 1039 ad
2330 986 2688 1041 imitationem
2718 987 2845 1040 velit
2874 1003 3065 1043 omnes
3100 990 3280 1044 salvos
3316 988 3453 1055 ﬁeri,

196 1071 407 1134 ἁπλῶς
440 1074 469 1124 ὁ
496 1070 592 1141 τῆς
619 1071 767 1143 ὥρας
818 1076 1037 1141 ἔπαινος
1065 1075 1308 1144 λέγεται,
1353 1075 1648 1147 καθολικὴν
1674 1093 1793 1130 τινα

198 1161 497 1234 εὐφημίαν
534 1166 802 1236 περιέχων
855 1166 952 1221 τοῦ
996 1168 1254 1231 κάλλουςθ
1292 1168 1406 1223 ἀλλ’
1432 1167 1796 1239 ὲμφιλοχωρεῖ

197 1258 292 1329 ’τῷ
347 1258 493 1329 λόγῳ
530 1262 641 1324 τοῖς
667 1261 788 1314 καθ’
828 1262 1057 1316 ἕκαστον
1114 1262 1357 1333 μέρεσιν,
1402 1262 1532 1316 ἴδιον
1578 1263 1794 1331 ἑκάστῳ

207 1349 374 1419 μέλει
401 1350 491 1404 διά
518 1352 855 1424 συγκρίσεώς
887 1369 946 1406 τε
975 1354 1069 1407 καὶ¹
1102 1353 1413 1424 ὁμοιώσεως
1441 1352 1794 1426 χαριζόμενος

204 1442 277 1495 τὸ
316 1440 615 1514 ἐγκώμιον.

290 1709 461 1777 Λέγει
501 1708 557 1761 δὲ
598 1709 803 1773 οὓτωςο
845 1710 997 1764 Ἰδοὺ
1025 1706 1084 1764 εἴ
1098 1710 1280 1780 καλὴ,
1311 1711 1349 1778 ἡ
1375 1712 1641 1777 πλησίον
1652 1728 1794 1778 μου,

1891 1086 1946 1130 et
1980 1074 2048 1129 ad
2082 1076 2448 1145 cognitionem
2485 1078 2735 1133 veritatis
2779 1081 3063 1149 pervenire
3079 1081 3146 1147 δ’,
3178 1082 3460 1151 pulchrio-

1891 1183 2003 1222 rem
2053 1167 2200 1223 illam
2237 1168 2425 1233 efﬁcit,
2469 1169 2645 1226 factus
2692 1180 2744 1225 et
2786 1188 2966 1241 praeco
2999 1185 3055 1227 et
3082 1174 3259 1243 pictor
3300 1174 3459 1245 quasi

1892 1259 2111 1329 quidam
2138 1262 2439 1317 venustatis
2457 1261 2729 1332 ejus.Non
2760 1265 2901 1318 enim
2942 1264 3266 1334 simpliciter
3287 1266 3460 1337 ipsius

1896 1349 2071 1404 forma
2119 1349 2403 1416 laudatur,
2454 1353 2751 1421 generatim
2800 1353 3136 1425 praedicata:
3169 1356 3261 1410 sed
3311 1359 3462 1428 sigil-

1894 1440 2044 1496 latim
2081 1442 2324 1497 membra
2348 1443 2787 1509 considerantur,
2804 1461 2867 1499 ac
2892 1447 3165 1515 peculiare
3186 1447 3459 1516 quoddam

1896 1532 2139 1587 membro
2163 1536 2361 1604 cuique
2387 1550 2483 1605 per
2525 1539 2987 1606 comparationem
3037 1552 3101 1592 ac
3144 1540 3462 1594 similitudi-

1898 1636 2020 1676 nem
2063 1623 2371 1677 encomium
2413 1623 2688 1679 tribuitur.

1970 1711 2107 1767 Sunt
2128 1722 2310 1770 autem
2340 1716 2451 1771 haec
2482 1717 2655 1787 ipsius
2682 1718 2845 1773 verba
2877 1737 2889 1772 :
2919 1718 3093 1784 Quam
3132 1719 3354 1789 pulchra
3385 1736 3460 1781 es,

210 1800 354 1855 ἰδοὺ
380 1796 440 1854 ετ
466 1800 645 1869 καλή.
692 1801 754 1853 Ἦ
788 1802 895 1872 γὰρ
919 1804 1271 1875 μιμησαμένη
1310 1804 1405 1858 τοῦ
1435 1805 1703 1858 Δεσπότου
1737 1804 1798 1857 16

1908 1807 2074 1859 amica
2096 1821 2233 1870 mea,
2263 1823 2422 1877 quam
2443 1808 2662 1877 pulchra
2684 1824 2758 1863 es.
2793 1808 2927 1863 Nam
2961 1819 3317 1882 posteaquam
3343 1811 3464 1865 inii-

215 1890 607 1963 φιλάνθρωπον
640 1890 905 1962 βούλημα,
936 1895 1029 1947 καὶ
1064 1896 1297 1962 ἐξελθεῖν
1354 1896 1792 1969 ὲγκελευσαμένη

1908 1906 2010 1952 Lata
2049 1898 2336 1971 benignam
2375 1900 2497 1957 Heri
2547 1901 2631 1956 sui
2683 1902 3015 1958 voluntatem
3073 1904 3256 1976 egredi
3293 1903 3461 1973 jussit

218 1983 348 2037 καθ’
385 1984 678 2054 ὁμοιότητα
708 1984 803 2038 τοῦ
848 1985 1095 2059 Ἀϐραάμ
1124 1987 1223 2053 τὰς
1263 1990 1528 2057 νεάνιδας,
1560 1992 1797 2062 ἑκάστην

218 2076 336 2129 ἀπὸ
360 2076 460 2147 τῆς
480 2077 581 2148 γῆς
601 2078 821 2149 ἑαυτῆς,
858 2080 951 2133 καὶ
966 2078 1075 2134 ἀπὸ
1105 2081 1206 2151 τῆς
1226 2083 1356 2153 περὶ
1383 2083 1450 2137 τὰ
1469 2083 1699 2159 αἰσθητῄ
1710 2102 1799 2155 ρια

224 2167 547 2235 συγγενείας
582 2168 773 2239 αὐτῆς,
801 2169 943 2223 ὥστε
1006 2172 1131 2225 ἰδεῖν
1170 2174 1261 2228 τὸν
1293 2174 1530 2246 καθαρὸν
1566 2177 1799 2247 νυμφίον

222 2260 739 2330 στεφανηφοροῦντα
791 2261 889 2333 τὴν
929 2261 1256 2335 Ἐκκλησίαν
1280 2284 1293 2296 ο
1329 2266 1546 2338 ἀληθῶς
1573 2267 1801 2337 πλησίον

222 2350 435 2417 γίνεται
462 2354 558 2423 τῆς
577 2353 898 2425 δεσποτικῆς
920 2355 1274 2428 ὰγαθότητος,
1301 2357 1389 2412 διὰ
1414 2359 1515 2429 τῆς
1548 2359 1687 2430 πρὸς
1708 2360 1801 2413 τὸν

224 2440 454 2512 πλησίον
481 2443 698 2515 ἀγάπης
743 2444 822 2516 τῷ
864 2445 984 2517 Θεῷ
1022 2449 1449 2520 προσεγγίσασα.
1490 2448 1659 2516 Καλὴ
1710 2446 1803 2503 οὖν

221 2529 299 2595 εἷ,
323 2533 457 2605 φησὶ
484 2536 619 2606 πρὸς
648 2536 817 2609 αὐτὴν
842 2537 871 2590 ὀ
902 2538 1093 2606 Λόγος,
1120 2542 1184 2611 τῇ
1216 2540 1351 2612 καλῇ
1383 2542 1698 2614 προαιρέσει
1726 2542 1804 2613 τῷ

224 2626 419 2696 ἀγα.θῷ
453 2627 817 2698 πλησιάσασα.
854 2627 919 2682 Ἡ
970 2630 1028 2684 δὲ
1073 2631 1406 2704 ἐπανάληψις
1446 2633 1538 2686 τοῦ
1580 2634 1801 2688 ἐπαίνου

224 2719 288 2771 τὸ
319 2718 587 2788 ἄψευστον
616 2721 716 2792 τῆς
749 2724 1057 2793 μαρτυρίας
1086 2724 1437 2779 ἐνδείκνυται.
1481 2727 1568 2778 Ἐν
1601 2726 1706 2797 γὰρ
1736 2730 1801 2799 τῇ

225 2810 387 2882 διπλῇ
423 2813 698 2885 μαρτυρίᾳ
759 2815 1105 2885 βεὸαιοῦσθαι
1156 2817 1254 2889 τὴν
1304 2817 1556 2888 ἀλήθειαν
1592 2821 1621 2872 6
1663 2820 1803 2883 θεῖος

226 2906 587 2973 ἀποφαίνεται
622 2907 802 2977 νόμος.
830 2908 928 2962 Διόι
946 2908 1105 2962 τοῦτό
1135 2927 1328 2980 φησιν·
1375 2910 1520 2965 Ἰδοὺ
1547 2907 1603 2965 εἷ
1621 2912 1800 2979 καλὴ,

228 2996 270 3063 ἡ
303 2997 571 3059 πλησίον
593 3015 734 3065 μου,
762 2998 892 3052 ίδοὺ
914 2995 972 3053 εἷ
991 3000 1168 3065 καλή.
1203 3000 1339 3053 Ἀλλ’
1364 3002 1551 3073 ἐπειδὴ
1574 3003 1631 3055 ἓν
1650 3002 1805 3073 σῶμα

230 3086 324 3138 τοῦ
381 3087 618 3158 Χριστοῦ
650 3089 683 3157 ἡ
732 3087 1027 3157 Ἐκκλησία
1084 3091 1255 3154 πᾶσα,
1289 3092 1348 3143 ὲν
1396 3091 1454 3144 δὲ
1480 3092 1559 3162 τῷ
1597 3093 1678 3145 ἐνὶ
1700 3092 1805 3144 σώ-

234 3194 386 3245 ματι,
420 3176 600 3240 καθώς
627 3195 790 3248 φησιν
831 3180 860 3232 6
912 3180 1249 3244 Ἀπόστολος.
1284 3181 1417 3254 μέλη
1452 3184 1567 3236 ἐστὶ
1596 3182 1797 3237 πολλά’

233 3267 413 3320 πάντα
438 3267 494 3320 δὲ
523 3267 590 3321 τά
641 3267 774 3339 μέλη
806 3270 865 3322 οὐ
919 3270 1017 3341 τὴν
1055 3271 1223 3342 αὐτὴν
1256 3272 1367 3343 ἔχει
1406 3274 1603 3345 πρᾶξιν
1626 3291 1640 3305 ·
1668 3275 1801 3330 ἀλλὰ

231 3357 323 3409 τὸν
350 3358 447 3428 μὲν
478 3357 752 3428 ὀφθαλμὸν
768 3359 979 3414 ἔκτισεν
1013 3365 1041 3416 6
1071 3363 1203 3426 Θεὸς
1235 3365 1293 3417 ὲν
1314 3364 1394 3436 τῷ
1425 3365 1662 3437 σώματι,
1681 3368 1799 3420 ἓτε-

237 3462 328 3517 ρος
355 3446 410 3499 δέ
439 3464 521 3511 τις
546 3444 639 3512 οὖς
668 3450 933 3521 ἐφυτεύθη
960 3467 973 3481 ’
1004 3454 1109 3506 eici.
1150 3454 1207 3507 δέ
1235 3471 1377 3519 τινες
1406 3456 1494 3510 διὰ
1527 3456 1628 3525 τῆς
1653 3457 1802 3528 ὲνερ-
1841 3453 1847 3459 ’

235 3536 387 3604 γείας
408 3540 515 3591 τῶν
536 3539 818 3613 δυνάμεων
868 3546 1047 3616 χεῖρες
1074 3546 1368 3614 γινόμενοι,
1412 3549 1505 3601 καλ⁵
1530 3548 1686 3612 πόδες
1714 3550 1802 3603 λέ-

236 3630 419 3699 γονταί
445 3648 588 3695 τινες
638 3635 685 3687 oi
722 3635 791 3688 τά
848 3635 986 3708 βάρη
1020 3635 1379 3706 βαστάζοντες
1402 3658 1415 3671 ·
1459 3640 1543 3709 εῖη
1577 3641 1621 3693 δ’
1652 3642 1716 3695 ἄν
1748 3659 1801 3695 τι

240 3721 332 3774 καὶ
358 3721 596 3790 γεύσεως
627 3724 787 3796 ἔργον
814 3727 908 3780 καὶ
936 3727 1276 3798 ὀσφρήσεως,
1311 3731 1406 3784 καὶ
1433 3731 1499 3783 τὰ
1522 3731 1642 3785 καθ’
1675 3732 1803 3785 ἕκα-

242 3830 362 3866 στον
395 3814 591 3879 πάντα,
649 3816 714 3869 δι’
767 3810 842 3870 ὧν
879 3817 1213 3889 ἀνθρώπινον
1262 3821 1572 3875 συνίσταται
1608 3822 1801 3893 σῶμαο

243 3905 333 3957 καὶ
369 3906 588 3961 δυνατόν
640 3908 786 3961 ἐστιν
818 3908 997 3978 εὑρεῖν
1040 3910 1097 3961 ἐν
1129 3909 1205 3979 τῷ
1243 3910 1405 3981 κοινῷ
1432 3912 1535 3981 τῆς
1578 3914 1804 3986 Ἐκκλη-

246 3995 362 4059 σίας
396 3994 605 4067 σώματι
638 3996 788 4069 χείλη
815 4014 873 4051 τε
906 4000 999 4051 καὶ
1019 3999 1258 4065 ὀδόντας,
1281 4001 1375 4053 καὶ
1396 4000 1664 4069 γλῶσσαν,
1699 4022 1803 4073 μα-

246 4087 366 4152 ζούς
395 4105 474 4153 τε,
517 4089 610 4143 καὶ
639 4089 864 4156 κοιλίαν,
892 4091 984 4144 καὶ
1028 4092 1295 4164 τράχηλον
1315 4110 1329 4124 ο
1361 4094 1436 4157 ὡς
1460 4094 1515 4148 δὲ
1546 4098 1573 4148 6
1598 4096 1805 4160 Παῦλός

1899 1990 2132 2061 puellas,
2152 1991 2217 2046 ad
2249 1992 2553 2061 exemplum
2578 1993 2890 2057 Abrahami,
2906 1995 3203 2065 quamlibet
3226 1996 3292 2051 de
3318 2005 3463 2050 terra

1899 2099 1998 2138 sua
2025 2091 2078 2139 et
2111 2084 2434 2155 cognatione
2462 2100 2581 2148 sua,
2611 2100 2774 2154 quam
2802 2101 2924 2140 cum
2967 2101 3224 2142 sensuum
3247 2090 3465 2157 organis

1900 2175 2162 2239 babet,ut
2193 2191 2386 2245 purum
2424 2175 2571 2229 illum
2606 2191 2866 2246 sponsum
2899 2176 3120 2232 videant
3152 2176 3463 2232 redimitum

1900 2282 2123 2333 corona,
2138 2282 2258 2336 quae
2282 2276 2363 2323 est
2380 2265 2641 2333 Ecclesia;
2655 2270 2831 2338 reipsa
2849 2270 3069 2340 propius
3087 2270 3152 2325 ad
3169 2270 3464 2325 bonitatem

1901 2359 2121 2415 herilem
2138 2360 2365 2425 accedit,
2384 2359 2521 2414 facta
2534 2360 2645 2430 jam
2661 2358 2766 2415 Deo
2780 2361 2999 2430 propior
3014 2376 3108 2431 per
3121 2360 3465 2415 dilectionem

1904 2447 2156 2515 proximi.
2176 2448 2520 2517 Quapropter
2550 2447 2615 2501 ad
2637 2462 2756 2501 eam
2780 2448 2954 2517 inquit
2981 2445 3216 2502 Verbum
3248 2465 3261 2501 :
3297 2451 3467 2513 Quam

1901 2538 2123 2609 pulchra
2168 2555 2252 2601 es,
2294 2549 2649 2610 posteaquam
2690 2539 2833 2594 bono
2888 2540 3053 2594 animi
3108 2539 3360 2595 instituto
3399 2540 3467 2591 ad

1900 2631 2360 2701 pulchritudinem
2400 2630 2704 2686 accessisti.
2739 2630 2942 2686 Laudis
2976 2638 3155 2684 autem
3191 2630 3466 2700 repetitio.

1902 2722 2127 2777 minime
2176 2722 2370 2778 falsum
2418 2722 2520 2778 hoc
2557 2722 2929 2778 testimonium
2962 2738 3083 2777 esse
3108 2722 3466 2778 demonstrat.

1902 2814 2037 2870 Nam
2084 2816 2400 2872 testimonio
2458 2817 2660 2887 duplici
2704 2818 2991 2872 veritatem
3031 2815 3341 2870 confirmari
3388 2817 3471 2869 di-

1902 2909 2027 2962 vina
2060 2909 2142 2963 lex
2172 2908 2511 2978 pronuntiat.
2559 2908 2689 2962 Eam
2741 2908 2812 2961 ob
2871 2922 3095 2961 causam
3144 2909 3258 2961 ait:
3295 2906 3469 2973 Quam

1901 3000 2124 3069 pulchra
2176 3017 2260 3066 es,
2308 3000 2483 3052 antica
2535 3016 2683 3061 mea,
2729 3017 2887 3069 quam
2938 3000 3161 3068 pulchra
3207 3017 3281 3054 es.
3332 3000 3469 3066 Qui:

1904 3105 2031 3145 vero
2071 3090 2325 3145 universa
2370 3088 2613 3145 Ecclesia
2653 3106 2820 3144 unum
2854 3089 3057 3145 Christi
3118 3107 3319 3161 corpus
3364 3100 3469 3157 est,

1904 3177 2087 3233 ethoc
2118 3193 2226 3231 uno
2263 3178 2318 3231 in
2371 3192 2622 3248 corpore,
2674 3176 3134 3246 quemadmodum
3176 3177 3468 3247 Apostolus

1906 3263 2082 3334 inquit
2099 3263 2164 3327 “,
2204 3263 2447 3323 membra
2490 3265 2658 3318 multa
2704 3271 2851 3326 sunt,
2889 3278 3010 3333 quae
3034 3264 3254 3334 quidem
3282 3266 3464 3319 omnia

1907 3370 2015 3410 non
2053 3355 2306 3411 eumdem
2351 3363 2532 3409 actum
2591 3356 2791 3410 habent
2827 3355 3048 3426 (quippe
3097 3356 3240 3425 quod
3302 3356 3467 3410 alium

1908 3444 2051 3499 Deus
2101 3447 2310 3500 in'lioc
2339 3460 2563 3515 corpore
2624 3455 2880 3514 tanquam
2909 3445 3125 3499 oculum
3185 3445 3470 3511 creaverit,

1906 3537 2072 3591 alium
2110 3547 2366 3607 tanquam
2397 3552 2606 3601 aurem,
2653 3538 2776 3592 aliis
2822 3537 3137 3592 facultatum
3187 3538 3474 3593 eil‘ectione

1908 3646 2169 3685 manuum
2195 3631 2377 3685 locum
2412 3631 2808 3695 obtinentibus,
2847 3630 2970 3685 aliis
3003 3630 3220 3701 pedum,
3251 3631 3344 3702 qui
3392 3632 3471 3684 vi-

1907 3723 2105 3778 delicet
2126 3736 2293 3777 onera
2332 3722 2628 3788 sustinent,
2650 3736 2757 3776 non
2771 3721 2996 3776 omissis
3023 3735 3200 3790 neque
3221 3728 3469 3790 gustatu,

1909 3833 2084 3888 neque
2112 3816 2363 3882 odoratu,
2390 3830 2563 3885 neque
2593 3828 2926 3884 unoquoque
2965 3813 3232 3875 omnium,
3252 3828 3315 3867 ex
3347 3818 3471 3882 qui-

1910 3911 2014 3966 bus
2040 3910 2338 3963 humanum
2378 3922 2578 3976 corpus
2608 3914 2826 3961 constat
2858 3912 2951 3959 :et
2980 3912 3211 3972 possunt
3239 3915 3388 3959 certe
3418 3906 3472 3958 in

1911 4001 2190 4055 communi
2226 3998 2485 4053 Ecclesiae
2530 4011 2761 4068 corpore
2792 3996 2967 4060 labra,
3011 3995 3222 4058 dentes,
3267 3996 3470 4059 lingua.

1911 4092 2103 4153 ubera,
2137 4095 2346 4153 venter,
2390 4089 2589 4143 collum
2622 4086 2871 4156 reperiri,
2923 4093 3105 4156 atque,
3155 4086 3232 4139 uti
3273 4080 3473 4141 Paulus

246 4196 401 4250 φησι·
434 4181 543 4235 Καὶ
566 4184 719 4237 αὐτὰ
750 4183 820 4237 τὰ
853 4183 1148 4237 δοκοῦντα
1177 4180 1330 4238 εἶναι
1357 4186 1675 4254 ἀσχήμονα
1697 4189 1803 4243 τοῦ

1908 4174 2007 4237 ait,
2045 4174 2225 4226 etiam.
2250 4181 2426 4241 partes
2477 4173 2710 4240 corporis
2751 4189 2840 4226 eas
2881 4189 2996 4242 qua’
3045 4190 3154 4228 esse
3205 4176 3467 4232 indecorae

247 4271 513 4341 σώματος
534 4290 548 4303 ·
576 4273 765 4328 τούτου
793 4275 952 4346 χάριν
980 4278 1009 4328 6
1041 4275 1275 4346 ἀκριϐὴς
1307 4274 1401 4328 τοῦ
1425 4278 1653 4343 κάλλους
1673 4279 1808 4333 δοκι-

253 4364 473 4434 μαστὴς,
534 4364 641 4419 τῶν
695 4366 1004 4436 ἀρεσάντων
1046 4366 1195 4437 αὐτῷ
1238 4368 1415 4431 μελῶν
1463 4368 1523 4434 ἐξ
1559 4370 1681 4423 ὃλου
1714 4372 1806 4424 τοῦ

252 4455 514 4524 σώματος,
547 4456 673 4511 ἴδιόν
687 4474 743 4510 τε
776 4458 869 4511 καὶ
899 4458 1204 4529 πρόσφορον
1220 4459 1433 4531 ἑκάστῳ
1457 4464 1688 4517 ποιεῖται
1718 4464 1808 4516 τὸν

249 4544 480 4599 ἔπαινον.

318 4636 573 4706 ’Λρχεται
615 4636 669 4689 δὲ
700 4638 804 4689 τῶν
840 4638 1131 4710 ἐγκωμίων
1177 4642 1284 4696 ἀπὸ
1323 4642 1431 4695 τῶν
1462 4644 1806 4715 κυριωτέρων

1908 4264 2164 4331 uidentur)
2209 4283 2222 4318 :
2263 4266 2467 4321 idcirco
2496 4265 2715 4331 elegans
2752 4266 2842 4320 ille
2882 4266 3068 4319 formae
3092 4277 3369 4328 spectator
3412 4279 3467 4326 et

1912 4359 2224 4429 explorator
2252 4355 2511 4410 membris
2539 4353 2791 4422 singulis,
2836 4367 2959 4422 quae
2998 4360 3112 4406 toto
3149 4351 3201 4403 in
3245 4364 3475 4418 corpore

1914 4452 2017 4523 ipsi
2051 4453 2391 4522 placuerunt,
2414 4448 2740 4520 peculiarem
2759 4446 3047 4516 quamdam
3074 4452 3128 4499 et
3146 4459 3246 4498 con
3257 4442 3474 4497 venien-

1833 4578 1885 4639 υ
1917 4555 2023 4601 tem
2058 4541 2272 4598 laudem
2305 4542 2515 4596 tribuit.

1981 4633 2208 4688 Orditur
2234 4638 2413 4685 autem
2464 4629 2579 4683 haec
2617 4630 2862 4683 encomia
2917 4624 2984 4679 de
3029 4622 3290 4677 membris
3335 4637 3476 4690 prai-

252 4728 440 4800 μελῶν.
470 4728 535 4780 Τί
564 4729 670 4800 γὰρ
700 4729 992 4800 ὀφθαλμῶν
1033 4735 1091 4785 ὲν
1128 4736 1244 4796 τοῖς
1273 4735 1487 4805 μέλεσιν
1514 4737 1668 4807 ἡμῶν
1692 4740 1803 4791 ἐστι

1909 4728 2106 4797 cipuis.
2144 4724 2284 4791 Quid
2335 4723 2480 4778 enim
2514 4722 2657 4775 inter
2703 4720 2947 4774 membra
2993 4725 3180 4771 nostra
3210 4724 3475 4785 praestan-

250 4819 559 4892 τιμιώτερον
586 4839 600 4888 ;
635 4823 711 4875 Δι’
748 4819 823 4875 ὧν
864 4825 897 4893 ἡ
925 4823 1019 4877 τοῦ
1051 4826 1225 4895 φωτὸς
1264 4828 1546 4900 ἀντίληψις
1578 4829 1805 4897 γίνεται,

252 4916 373 4983 παρ’
402 4906 479 4965 ὧν
508 4916 655 4966 ἐστιν
684 4916 717 4984 ἡ
747 4913 853 4967 τῶν
878 4914 1045 4983 φίλων
1074 4918 1169 4970 καὶ
1195 4918 1465 4989 πολεμίων
1495 4899 1811 4989 ἐπίγνωσις..

253 5000 326 5068 οἷς
349 5004 410 5058 τὸ
440 5006 568 5059 ἴδιον
599 5008 695 5059 καὶ
723 5007 785 5058 τὸ
814 5006 1090 5076 ἀλλότριον
1113 5008 1477 5081 διακρίνομεν,
1516 5012 1693 5082 πάσης
1713 5014 1804 5082 ὲρ-

255 5097 435 5165 γασίας
464 5098 739 5168 ὑφηγηταὶ
780 5100 873 5153 καὶ
920 5099 1224 5155 διδάσκαλοι
1270 5101 1541 5169 γίνονται,
1579 5102 1672 5156 καὶ
1709 5103 1808 5173 τῆς

258 5182 514 5249 ἀπλανοῦς
540 5187 848 5257 ὁδοιπορίας
870 5188 1054 5259 ὁδηγοὶ
1087 5194 1352 5260 συμφυεῖς
1382 5192 1474 5262 καὶ
1494 5190 1807 5263 ἀχώριστοι,

260 5268 325 5329 ὧν
354 5278 386 5346 ἡ
411 5277 555 5340 θέσις
578 5279 682 5331 τῶν
712 5280 888 5333 ἄλλων
915 5280 1283 5353 αἰσθητηρίων
1312 5284 1676 5355 ὑπερκειμένη
1703 5323 1717 5345 ,
1752 5285 1813 5337 τὸ

262 5367 636 5437 προτιμότερον
679 5370 778 5441 τῆς
811 5372 904 5425 ἀπ’
948 5371 1139 5426 αὐτῶν·
1170 5374 1459 5445 γινομένης
1502 5378 1634 5447 ἡμῖν
1665 5377 1811 5446 ὠφε-

261 5455 397 5518 λείας
451 5456 795 5514 ὲνδείκνυται.
840 5464 1064 5527 Πάντως
1116 5464 1174 5518 δὲ
1226 5465 1485 5537 πρόδηλόν
1538 5470 1653 5521 ἐστι
1701 5472 1813 5533 τοῖς

262 5550 568 5613 ἀκούουσιν,
620 5554 698 5615 είς
749 5557 873 5607 ποῖα
926 5556 1059 5627 μέλη
1113 5557 1213 5627 τῆς
1267 5557 1585 5629 Ἐκκλησίας
1629 5562 1657 5613 6
1706 5561 1812 5613 τῶν

261 5638 541 5712 ὀφθαλμῶν
573 5640 791 5707 ἔπαινος
823 5644 1023 5714 βλέπει.
1071 5648 1374 5717 Ὀφθαλμὸς
1399 5646 1467 5722 ἦν
1504 5652 1753 5723 Σαμουὴλ
1785 5655 1812 5707 ὀ

325 5821 366 5855 ⁸³
420 5822 713 5880 lTimoth.
778 5841 835 5890 υ,
884 5826 935 5879 4.
1014 5827 1059 5858 ³³
1117 5824 1135 5879 Ι
1206 5827 1330 5881 Cor.
1388 5827 1610 5893 1:1,”.

1910 4824 2020 4876 tius
2049 4826 2134 4874 est
2168 4816 2384 4871 oculis?
2436 4829 2532 4884 per
2569 4828 2710 4883 quos
2741 4812 2999 4865 nimirum
3037 4810 3177 4865 lucis
3208 4808 3264 4862 ﬁt
3289 4823 3476 4879 perce-

1911 4914 2046 4984 ptio,
2089 4909 2288 4980 quibus
2330 4918 2386 4963 et
2425 4907 2599 4960 amica
2633 4912 2687 4960 et
2718 4903 2937 4959 hostilia
2981 4900 3348 4972 agnoscimus.
3380 4913 3477 4968 per

1911 5019 2050 5075 quos
2102 5004 2170 5057 ab
2223 4999 2416 5055 alienis
2485 5004 2671 5052 nostra
2729 4994 3071 5050 secernimus
3104 5032 3119 5055 ,
3177 4991 3269 5061 qui
3319 4989 3476 5043 nobis

1915 5095 2159 5150 omnium
2191 5106 2415 5163 operum
2474 5090 2719 5160 magistri
2751 5094 2878 5142 sunt
2902 5093 2957 5140 et
2985 5086 3260 5145 doctores,
3291 5081 3472 5135 nobis.

1917 5202 2151 5257 cumque
2182 5187 2295 5240 nati
2328 5199 2392 5238 ac
2433 5180 2828 5251 inseparabiles
2854 5176 3094 5247 expertis
3123 5174 3478 5228 omniumer—

1918 5293 2101 5337 rerum
2149 5275 2361 5331 itineris
2391 5275 2581 5335 duces,
2627 5285 2859 5341 quorum
2909 5267 3143 5336 denique
3171 5264 3310 5320 situs
3339 5262 3475 5331 ipse,

1919 5370 2308 5425 collocatorum
2340 5367 2594 5422 videlicet
2633 5379 2796 5434 supra
2846 5362 3180 5429 reliquorum
3217 5369 3477 5410 sensuum

1919 5476 2144 5531 organa,
2179 5458 2609 5530 praestantiorem
2647 5456 2699 5510 in
2747 5455 2855 5507 vita
2908 5450 3067 5505 nobis
3100 5461 3259 5503 usum
3285 5445 3478 5499 borum

1918 5570 2040 5610 esse
2070 5554 2427 5609 demonstrat.
2479 5551 2657 5619 Atque
2702 5548 2814 5601 haec
2846 5542 2939 5614 qui
2975 5540 3222 5601 audiunt,
3256 5536 3479 5590 cumino

1919 5650 2228 5723 perspicere
2273 5650 2425 5703 nullo
2462 5642 2681 5715 negotio
2724 5644 2952 5711 possunt
2995 5634 3067 5690 ad
3096 5644 3344 5703 quaenam
3380 5629 3478 5682 Ec-
