4028 6534
503 390 610 452 919

1727 389 1783 446 S.
1816 387 2144 446 GREGOBII
2166 389 2454 447 NYSSENI

3638 380 3757 440 9&0

505 508 689 568 τιθείης
715 507 957 562 membra
982 506 1098 562 haec
1127 506 1414 561 oculorum
1446 507 1568 562 laus
1598 508 1890 577 pertineat.
1943 508 2073 564 Erat

2198 510 2413 566 ιλέπωψ
2437 511 2582 565 οὕτω
2608 510 2717 582 γὰρ
2741 510 3054 582 ὠνομάζετο
3070 526 3084 539 ο
3112 505 3388 578 ὀφθαλμὸς
3410 504 3438 557 ὀ
3465 501 3750 573 Ἰαεκιῆλς

509 600 729 656 Samuel
763 599 852 653 ille
893 597 1086 653 videns
1123 599 1224 669 (sic
1253 600 1401 654 enim
1430 600 1851 672 appellabatur),
1879 618 2071 658 revera

505 693 700 748 oculus
732 709 746 744 :
778 699 895 744 erat
919 691 1115 752 oculus
1145 689 1414 754 Ezechiel,
1448 693 1541 762 qui
1573 709 1603 746 a
1630 691 1740 747 Deo
1772 693 1828 747 in
1852 695 2073 763 specula

505 783 808 836 collocatus
853 789 971 835 erat
1021 781 1093 837 ob
1142 782 1373 836 salutem
1420 784 1660 848 illorum,
1700 785 1792 854 qui
1843 786 1912 841 ab
1956 786 2075 855 ipso

507 872 957 928 custodiebantur
990 890 1002 925 :
1034 881 1152 928 erat
1198 876 1392 930 oculus
1424 873 1677 930 Michzeas
1723 875 1815 930 ille
1856 877 2070 939 videns,

506 978 559 1018 et
606 961 784 1019 Moses
837 963 926 1020 ille
974 974 1256 1033 spectans,
1301 965 1395 1034 qui
1442 965 1660 1035 quidem
1713 967 1957 1023 eamdem
2007 971 2077 1022 ob

507 1072 727 1112 causam
759 1057 924 1113 etiam
966 1055 1105 1111 deus
1132 1057 1437 1126 appellatus
1474 1057 1575 1111 fuit
1608 1075 1621 1110 :
1665 1067 1796 1113 sunt
1838 1060 2079 1129 denique

507 1147 674 1210 oculi,
708 1162 898 1202 omnes
939 1148 1016 1200 illi
1045 1149 1138 1217 qui
1179 1148 1246 1202 ad
1287 1150 1544 1218 populum
1591 1149 1902 1205 ducendum
1932 1150 2075 1204 ordi-

509 1240 622 1294 nati
658 1249 804 1301 sunt,
842 1254 981 1309 quos
1007 1241 1168 1294 etiam
1202 1239 1452 1296 homines
1497 1241 1576 1295 illi
1619 1243 1784 1310 prisci
1821 1240 2080 1296 Videntes

512 1330 889 1385 nominabant.
939 1329 1126 1386 Itidem
1176 1331 1278 1386 hoc
1323 1338 1570 1402 tempore
1592 1341 1859 1402 quotquot
1888 1333 1944 1386 in
1975 1331 2079 1386 Ec-

511 1423 694 1477 clesiae
721 1437 953 1492 corpore
980 1423 1156 1476 locum
1195 1423 1411 1478 illorum
1447 1425 1686 1492 explent,
1719 1432 1772 1480 et
1800 1424 1867 1478 ad
1899 1425 2081 1494 inspe-

512 1515 754 1568 ctionem
785 1514 1071 1569 constituti
1103 1523 1254 1580 sunt,
1294 1516 1513 1586 proprie
1545 1515 1832 1569 oculorum
1863 1515 2082 1570 nomine

512 1614 807 1660 censentur
835 1625 848 1660 :
881 1607 927 1661 si
957 1607 1175 1676 quidem
1223 1618 1481 1663 accurate
1509 1606 1690 1662 Solem
1737 1607 1966 1676 justitia:
1998 1608 2082 1660 in-

512 1705 758 1758 tuentur,
797 1711 869 1754 ac
915 1711 1263 1767 nequaquam
1305 1696 1361 1752 in
1414 1697 1673 1767 operibus
1726 1697 2084 1752 tenebricosis

514 1786 830 1854 caecutiunt,
891 1785 938 1841 si
994 1785 1063 1840 ab
1109 1786 1290 1841 alieno
1339 1795 1489 1842 recte
1536 1795 1722 1842 nostra
1767 1796 2081 1852 secernunt,

515 1881 646 1932 dum
680 1887 988 1950 agnoscunt
1037 1879 1089 1933 id
1118 1894 1280 1955 omne
1318 1894 1347 1932 a
1383 1887 1579 1934 natura
1624 1886 1812 1933 nostra
1845 1878 2080 1933 alienum
2116 1871 2157 1926 Β

514 1985 638 2025 esse
680 1971 823 2040 quod
869 1973 972 2025 sub
1009 1979 1293 2040 aspectum
1329 1970 1496 2035 cadit,
1547 1976 1601 2024 et
1644 1979 2086 2024 monicntaueum

516 2069 624 2127 est,
678 2061 897 2131 proprie
932 2077 1062 2116 vero
1107 2072 1356 2114 nostrum
1391 2061 1654 2132 quidquid
1685 2077 1781 2132 per
1811 2078 1961 2132 spem
1993 2078 2091 2117 uo-

515 2153 604 2210 bis
633 2161 718 2208 est
761 2154 1137 2223 propositum,
1189 2152 1346 2222 cujus
1395 2154 1672 2222 possessio
1719 2156 1892 2213 nobis.
1926 2155 2090 2210 adimi

516 2259 796 2315 nunquam
829 2252 1028 2314 potest.
1065 2243 1237 2298 Etiam
1273 2245 1338 2298 ad
1381 2245 1572 2302 oculos
1609 2245 1846 2317 pertinet
1886 2246 2091 2316 agnitio

518 2338 678 2392 amici
705 2337 946 2394 hominis
975 2345 1030 2393 et
1058 2337 1263 2402 infesti,
1296 2346 1358 2392 ut
1385 2354 1572 2393 verum
1604 2340 1823 2409 quidem
1856 2339 2088 2393 amicum

516 2435 634 2484 toto
661 2429 825 2484 corde
851 2437 1015 2499 atque
1053 2430 1221 2483 animi
1249 2428 1507 2485 facultate
1549 2430 1862 2502 diligamus,
1906 2429 2090 2484 odium

515 2535 646 2575 vero
715 2519 1017 2591 perfectum
1087 2521 1352 2576 adversus
1415 2521 1627 2577 hostem
1694 2522 1818 2576 vitm
1891 2528 2092 2576 nostrae

518 2628 893 2670 exerceamus.
928 2613 1132 2670 Praeter
1163 2613 1280 2668 hac
1307 2613 1560 2684 quisquis
1588 2629 1674 2669 res
1697 2614 1934 2684 agendas
1959 2629 2094 2684 prae-

520 2705 732 2768 scribit,
773 2711 829 2759 et
876 2719 940 2759 ea
988 2705 1170 2767 docet,
1224 2718 1346 2773 qua
1390 2703 1708 2775 expediunt,
1757 2713 1811 2760 et
1854 2704 1962 2760 dux
2009 2715 2094 2760 est

521 2797 732 2864 itineris
762 2795 832 2851 ad
884 2796 1052 2852 Deum
1085 2816 1098 2852 ;
1130 2797 1177 2854 is
1223 2799 1344 2866 puri
1391 2811 1454 2853 ac
1503 2799 1624 2852 sani
1677 2798 1823 2852 oculi
1869 2813 2095 2853 munere

525 2889 781 2961 praeclare
816 2887 1086 2959 fungitur,
1123 2887 1251 2943 dum
1283 2890 1458 2944 instar
1488 2903 1875 2958 eorporeorum
1907 2889 2096 2944 oculo-

527 2999 644 3036 rum
680 2982 900 3037 sublimi
937 2983 1174 3052 quadam
1206 2982 1424 3036 vivendi
1458 2980 1672 3036 ratione
1712 2981 1926 3040 caeteris
1959 2997 2095 3050 pra:-

523 3076 690 3130 lucet.
739 3073 850 3128 llas
889 3075 960 3127 ob
989 3089 1188 3130 causas
1219 3089 1434 3144 sponsa:
1467 3073 1928 3145 pulchritudinem
1965 3072 2097 3127 Ver-

2177 605 2206 657 ὀ
2239 606 2457 659 σκοπεῖν
2501 604 2605 656 ὑπὸ
2637 603 2732 657 τοῦ
2781 601 2916 656 Θεοῦ
2973 600 3306 670 τεταγμένος
3329 640 3345 661 ,
3393 597 3487 648 ἐπὶ
3533 595 3600 665 τῇ
3639 592 3755 645 τῶν

2180 695 2594 765 φυλασσομένων
2635 695 2762 767 παρ’
2795 691 2957 746 αὑτοῦ
2993 691 3236 762 σωτηρίᾳ
3260 706 3273 720 ⁸
3328 687 3606 757 ὀφθαλμὸς
3641 687 3757 738 Μι-

2180 791 2336 860 χαίας
2356 791 2385 842 ὀ
2411 789 2573 861 ὀρῶν.
2613 789 2706 842 καὶ¹
2749 788 2987 858 Μωῦσῆς
3019 787 3047 838 ὁ
3078 783 3348 854 θεώμενος
3373 823 3387 846 ,
3420 783 3450 832 ὀ
3478 781 3566 833 δια
3589 779 3760 832 τοῦτο

2182 882 2274 935 καί
2303 881 2425 944 θεὸς
2454 880 2836 951 ὠνομασμένος
2860 896 2873 909 '
2915 875 3180 946 ὀφθαλμοὶ
3216 875 3413 936 πάντες
3440 875 3636 926 ἐκεῖνοι
3657 912 3670 934 ,
3701 871 3760 923 οε

2182 976 2261 1036 εἰς
2304 973 2526 1042 οδηγίαν
2555 973 2649 1026 τοῦ
2687 973 2813 1026 λαοῦ
2842 968 3200 1039 τεταγμένοι,
3246 966 3340 1029 οὓς
3388 965 3483 1017 καὶ
3514 963 3760 1035 ὁρῶντας

2182 1064 2460 1135 ὠνόμαζον
2501 1066 2549 1116 οἱ
2575 1064 2694 1116 τότε
2741 1062 3012 1132 ἄνθρωποι
3037 1079 3050 1091 ·
3082 1060 3176 1112 καὶ
3211 1057 3306 1110 νῦν
3351 1057 3402 1109 οἱ
3431 1055 3521 1108 τὸν
3549 1057 3763 1108 ἐκεῖνον

2134 1176 2137 1179 ·
2183 1159 2344 1213 τόπον
2393 1157 2829 1229 ἀναπληροῦντες
2866 1155 2942 1224 τῷ
2993 1153 3203 1223 σώματι
3251 1151 3350 1221 τῆς
3391 1148 3759 1217 Ἐκκλησίας,

2184 1251 2276 1304 καὶ
2302 1252 2617 1303 ἐπισκοπεῖν
2640 1247 2980 1315 τεταγμένοι,
3012 1244 3278 1313 ὀφθαλμοὶ
3303 1241 3506 1311 κυρίως
3535 1255 3765 1292 κατονοο

2189 1339 2486 1412 μάζονται,
2536 1340 2631 1392 ἐὰν
2676 1337 2917 1406 ἀκριϐῶς
2951 1337 3088 1408 πρὸς
3131 1335 3222 1387 τὸν
3267 1333 3367 1401 τῆς
3411 1329 3764 1397 δικαιοσύνης

2184 1433 2334 1504 ἥλιον
2383 1431 2657 1502 βλέπωσι,
2712 1427 2958 1500 μηδαμοῦ
3013 1429 3127 1490 τοῖς
3160 1425 3340 1496 ἔργοις
3392 1420 3485 1474 τοῦ
3533 1420 3765 1482 σκότους

2188 1523 2702 1596 ἐναμϐλυωποῦντες
2726 1541 2739 1554 ·
2767 1523 2860 1576 καὶ
2901 1523 2950 1574 εί
2983 1520 3306 1592 διακρίνοιεν
3343 1515 3436 1569 τοῦ
3475 1515 3769 1586 ἀλλοτρίου

2187 1616 2247 1670 τὸ
2287 1616 2414 1669 ίδιον
2437 1655 2454 1679 ,
2486 1616 2544 1667 ἐν
2575 1613 2652 1684 τῷ
2689 1612 2977 1682 γινώσκειν
3000 1653 3015 1675 ,
3063 1613 3144 1665 ὅτι
3184 1611 3291 1663 πᾶν
3329 1608 3608 1679 ἀλλότριόν
3644 1610 3766 1660 ἐστι

2187 1708 2289 1779 τῆς
2311 1706 2524 1777 φύσεως
2551 1706 2726 1777 ἡμῶν,
2752 1705 2812 1757 τὸ
2839 1701 3162 1774 φαινόμενόν
3185 1718 3244 1754 τε
3277 1701 3373 1753 καὶ
3402 1700 3760 1770 πρόσκαιρον·

2191 1801 2318 1854 [διον
2338 1800 2395 1853 δὲ
2420 1798 2479 1852 τὸ
2503 1798 2570 1851 δι’
2603 1797 2814 1860 ἐλπίδος
2844 1794 3199 1868 προκείμενον
3227 1834 3241 1857 ,
3271 1787 3331 1846 οἶ)
3363 1794 3396 1862 ἡ
3430 1791 3622 1860 κτῆσις
3661 1789 3765 1858 μέ-

2190 1909 2269 1946 νει
2311 1891 2448 1962 πρὸς
2473 1889 2534 1942 τὸ
2557 1887 2800 1960 διηνεκὲς
2828 1885 3206 1956 ἀναφαίρετος.
3252 1881 3571 1952 Ὀφθαλμῶν
3601 1881 3768 1951 ἔργον

2188 1984 2280 2039 καὶ
2308 1984 2368 2038 τὸ
2399 1981 2775 2050 διαγινώσκειν
2801 1980 2895 2032 τὸν
2933 1977 3108 2047 φίλιόν
3136 1993 3194 2029 τε
3227 1976 3322 2029 καὶ
3353 1975 3443 2028 τὸν
3481 1973 3763 2043 πολέμιον,

2188 2075 2328 2130 ὥστε
2361 2074 2577 2144 ἀγαπᾷν
2631 2072 2728 2143 μὲν
2778 2070 2867 2124 τὸν
2912 2068 3162 2138 ἀληθινὸν
3193 2067 3344 2136 φίλον
3388 2065 3445 2129 ἐξ
3473 2065 3600 2134 ὅλης
3628 2081 3768 2133 καρ-

2189 2169 2306 2232 δίας
2343 2184 2404 2220 τε
2443 2165 2536 2220 καὶ
2582 2164 2760 2234 ψυχῆς
2804 2162 2898 2215 καὶ
2931 2162 3210 2229 δυνάμεως
3232 2202 3245 2221 ,
3274 2157 3477 2211 τέλειον
3510 2156 3563 2209 δὲ
3610 2159 3772 2225 μῖσος

2191 2259 2330 2316 κατά
2353 2258 2446 2312 τοῦ
2471 2255 2663 2328 ἐχθροῦ
2689 2256 2786 2326 τῆς
2811 2255 2952 2326 ζωῆς
2971 2252 3129 2323 ἡμῶν
3177 2248 3770 2304 ἐπιδείκνυσθαι.“Αλλά

2191 2353 2286 2407 καὶ
2312 2352 2341 2404 ὁ
2371 2349 2480 2403 τῶν
2510 2346 2799 2418 πρακτέων
2833 2343 3152 2414 ὑφηγητὴς,
3201 2343 3292 2395 καὶ
3321 2341 3427 2393 τῶν
3458 2340 3768 2409 συμφερόν-

2191 2462 2299 2497 των
2319 2440 2631 2502 διδάσκαλος
2653 2480 2666 2503 ,
2704 2438 2797 2490 καὶ
2833 2437 2931 2506 τῆς
2960 2436 3051 2488 ἐπὶ
3083 2435 3173 2487 τὸν
3207 2433 3338 2486 Θεὸν
3390 2433 3612 2503 πορείας
3652 2448 3770 2500 χει-

2199 2535 2440 2608 ραγωγὺς
2465 2576 2478 2599 ,
2510 2531 2604 2585 τοῦ
2631 2527 2873 2599 καθαροῦ
2906 2544 2965 2579 τε
2995 2527 3089 2579 καὶ
3119 2526 3448 2594 ὑγιαίνοντος
3480 2521 3768 2592 ὀφθαλμοῦ

2193 2630 2253 2682 τὸ
2302 2628 2460 2700 ἔργον
2507 2624 2574 2677 δι’
2605 2619 2889 2692 ἀκριϐείας
2940 2620 3121 2681 ποιεῖ,
3155 2616 3276 2670 καθ’
3314 2615 3605 2686 ὁμοιότητα
3656 2613 3768 2666 τῶν

2197 2716 2523 2792 σωματικῶν
2553 2714 2812 2785 ὀμμάτων
2837 2711 2940 2781 τῆς
2973 2708 3184 2780 ὑψηλῆς
3217 2706 3489 2769 πολιτείας
3517 2705 3626 2758 τῶν
3651 2703 3764 2756 λοι⁹

2195 2813 2312 2864 πῶν
2342 2807 2790 2880 προφαινόμενος.
2820 2802 2918 2855 Διά
2956 2800 3113 2853 τοῦτο
3163 2797 3408 2851 ἐντεῦθεν
3457 2798 3700 2849 ἐπαινεῖν
3739 2797 3769 2848 ὁ

2197 2901 2365 2968 Λόγος
2392 2898 2454 2950 τὸ
2495 2898 2588 2966 τῆς
2643 2895 2858 2964 νύμφης
2886 2893 3111 2963 ἄρχεται
3151 2889 3380 2953 κάλλος,
3422 2887 3514 2940 καί
3558 2904 3724 2957 φησιν
3751 2906 3766 2919 ο

2209 2989 2524 3058 Ὀφθαλμοί
2568 3001 2683 3039 σου
2713 2982 3083 3052 περιστεραίο
3129 2978 3419 3050 ἀκεραίους
3447 2978 3555 3048 γὰρ
3593 2980 3670 3040 εἰς
3709 2978 3773 3030 τὸ

2198 3083 2368 3138 κακὸν
2390 3081 2513 3142 τοὺς
2535 3079 2591 3130 ἐν
2617 3073 2908 3145 ὀφθαλμῶν
2934 3072 3082 3138 τάξει
3106 3067 3582 3142 προϐεϐλημένους
3604 3067 3767 3138 ὀρῶν,

525 3167 651 3220 bum
677 3166 747 3220 ab
776 3171 878 3218 hac
902 3173 1056 3235 parte
1084 3165 1382 3236 praedicare
1403 3167 1618 3237 incipit,
1645 3182 1768 3220 cum
1796 3166 1871 3220 ait
1897 3185 1910 3219 :
1941 3165 2096 3220 Oculi

2198 3177 2296 3247 τὴν
2334 3169 2614 3241 ἀπλότητά
2652 3185 2711 3220 τε
2742 3167 2836 3219 καὶ
2872 3166 2932 3218 τὺ
2973 3165 3230 3234 ἀκέραιον
3261 3159 3356 3213 τοῦ
3387 3160 3554 3231 ἤθους
3593 3159 3771 3212 αὐτῶν

526 3259 604 3313 tui
631 3258 906 3313 columbae.
954 3259 1091 3314 Cum
1118 3259 1263 3314 enim
1295 3259 1478 3313 videat
1517 3274 1632 3323 cos,
1669 3258 1763 3326 qui
1808 3259 2091 3312 oculorum

527 3366 756 3406 munere
802 3349 1125 3420 funguntur,
1175 3351 1445 3406 innocuos
1496 3351 1550 3404 in
1602 3352 1746 3404 bono
1776 3365 1918 3412 csse,
1977 3367 2094 3403 am-

528 3443 720 3513 plexus
753 3442 970 3495 illorum
1016 3451 1071 3496 et
1098 3441 1502 3511 simplicitatem
1547 3451 1603 3496 et
1638 3443 2006 3496 innocentiam
2042 3443 2096 3495 in

529 3529 778 3585 moribus
808 3529 1091 3583 columbas
1125 3519 1380 3597 appellat.
1417 3527 1626 3582 Etenim
1659 3530 1922 3584 innocens
1947 3545 2097 3598 quaa-

529 3624 655 3679 dam
687 3622 1010 3693 simplicitas
1038 3623 1306 3676 columbis
1342 3621 1634 3691 peculiaris
1658 3638 1720 3676 ac
1751 3623 1970 3692 propria
1992 3631 2095 3676 est.

533 3715 629 3771 Vel
664 3713 919 3769 fortassis
945 3714 1110 3768 etiam
1141 3713 1452 3782 hujusntodi
1487 3713 1733 3784 quaedam
1772 3716 1894 3769 laus
1925 3716 2100 3769 oculis

530 3807 811 3861 tribuitur.
861 3805 1127 3859 Nimirum
1161 3821 1283 3860 cum
1320 3805 1582 3874 imagines
1617 3821 1797 3860 rerum
1830 3808 2098 3868 omnium,

529 3912 654 3967 qua:
691 3897 794 3952 sub
825 3903 1102 3966 aspectum
1132 3895 1357 3957 cadunt,
1403 3911 1592 3964 puram
1629 3896 1680 3948 in
1725 3898 1982 3966 pupillam
2017 3899 2101 3949 in-

531 3985 819 4052 cidentes,
863 3985 1080 4046 videndi
1122 3994 1304 4040 actum
1355 3987 1644 4040 absolvunt
1688 4004 1701 4040 :
1750 4003 1974 4042 necesse
2017 3996 2102 4042 est

532 4095 759 4151 prorsus
787 4077 1054 4148 quidquid
1100 4078 1298 4146 aliquis
1344 4079 1653 4141 intueatur,
1703 4080 1820 4146 ejus
1875 4080 2101 4133 formam

533 4173 715 4242 ipsum
746 4171 990 4240 recipere
1023 4184 1118 4238 per
1147 4170 1400 4234 oculum,
1443 4171 1836 4238 exprimentem
1869 4173 1996 4225 visae
2026 4172 2105 4224 rei

535 4263 796 4334 Speciem,
823 4262 966 4318 sicut
994 4261 1049 4316 in
1080 4262 1305 4331 speculo
1332 4262 1581 4316 videmus
1617 4262 1885 4316 accidere.
1923 4261 2105 4327 Quare

533 4370 661 4411 cum
707 4355 756 4410 is
785 4355 877 4424 qui
908 4370 1107 4408 munus
1145 4355 1247 4409 hoc
1290 4353 1505 4407 videndi
1548 4363 1876 4409 consecutus
1921 4363 2004 4409 est
2049 4356 2101 4409 in

536 4446 806 4512 Ecclesia,
841 4446 1047 4501 nullam
1081 4446 1146 4499 ad
1188 4461 1299 4500 rem
1330 4459 1571 4500 crassam
1599 4453 1652 4499 et
1671 4461 1986 4516 corpoream
2022 4463 2104 4500 rc-

2202 3261 2598 3331 ἁποδεξάμενος
2635 3296 2650 3322 ,
2718 3253 3043 3326 περιστερὰς
3103 3251 3487 3321 κατωνόμασεν
3552 3249 3767 3311 αὐτούς.

2205 3357 2364 3410 Ἴδιον
2409 3339 2532 3424 γάρ’
2571 3353 2688 3404 ἐστι
2718 3345 3054 3419 περιστερῶν
3086 3345 3145 3397 τὸ
3200 3344 3476 3415 ἀκέραιον.
3511 3344 3582 3394 Ἢ
3629 3343 3773 3411 τάχα

2201 3442 2438 3497 τοιοῦτόν
2460 3457 2580 3494 τινα
2601 3441 2628 3491 ὁ
2648 3437 2818 3505 λόγος.
2835 3438 3098 3507 μαρτυρεῖ
3122 3437 3233 3496 τοῖς
3258 3433 3498 3503 ϐμμασιν
3528 3433 3770 3486 ἔπαινον.

2216 3534 2429 3604 Ἐπειδὴ
2455 3532 2562 3602 γὰρ
2593 3531 2808 3584 πάντων
2835 3527 2943 3580 τῶν
2974 3525 3181 3598 ὁρατῶν
3231 3526 3286 3579 αἱ
3318 3525 3520 3586 εἰκόνες
3560 3524 3638 3594 τῷ
3670 3541 3772 3576 κα·

2206 3625 2354 3696 θαρῷ
2396 3624 2493 3694 τῆς
2526 3623 2693 3693 κόρης
2729 3620 3098 3691 ἐμπίπτουσαι
3125 3659 3140 3681 ,
3190 3619 3288 3688 τὴν
3327 3617 3584 3687 ὁρατικὴν
3620 3617 3774 3688 ἐνέρο

2204 3736 2356 3787 γειαν
2409 3712 2794 3769 ἀποτελοῦσιν’
2839 3713 3050 3783 ἀνάγκη
3095 3713 3242 3764 πᾶσα
3273 3712 3407 3781 πρὸς
3440 3712 3468 3764 ὃ
3513 3728 3596 3772 τις
3648 3711 3768 3780 ὁρᾷ,

2205 3809 2390 3862 τούτου
2420 3805 2516 3876 τὴν
2542 3804 2752 3875 μορφὴν
2787 3803 3188 3873 ἀναλαμϐάνειν
3231 3802 3318 3854 διὰ
3349 3802 3440 3854 τοῦ
3472 3799 3772 3870 ὀφθαλμοῦ,

2206 3899 2510 3968 κατόπτρου
2536 3896 2690 3966 δίκην
2724 3894 2818 3947 τοῦ
2853 3894 3176 3965 φαινομένου
3209 3893 3270 3945 τὸ
3297 3889 3434 3956 εἶδος
3468 3891 3776 3961 ἀναμασσό-

2211 4008 2386 4061 μενος.
2417 3991 2585 4042 Ὅταν
2627 3986 2808 4039 τοίνυν
2850 3987 2879 4038 ὁ
2909 3986 3007 4056 τὴν
3040 3985 3269 4055 ὀπτικὴν
3302 3986 3505 4054 ταύτην
3534 3982 3776 4048 ἐξουσίαν

2207 4084 2300 4137 ἐπὶ
2328 4084 2426 4153 τῆς
2466 4077 2786 4148 Ἐκκλησίας
2834 4077 3046 4143 λαϐὼν,
3091 4077 3226 4147 πρὸς
3265 4077 3426 4145 μηδὲν
3453 4075 3649 4136 ὑλῶδες
3683 4073 3777 4127 καὶ

2209 4172 2515 4244 σωματικὸν
2567 4171 2772 4242 βλέπῃ*
2804 4169 2832 4220 ὁ
2877 4168 3243 4238 πνευματικός
3291 4184 3350 4218 τε
3398 4169 3491 4220 καὶ
3532 4165 3690 4225 άῦλος
3719 4166 3776 4216 ὲν

2209 4265 2354 4336 αὑτῴ
2399 4262 2757 4335 κατορθοῦται
2789 4259 2918 4330 βίος.
2963 4259 3026 4310 Ἡ
3072 4258 3128 4311 δὲ
3171 4256 3394 4328 τοιαύτη
3438 4256 3550 4325 ζωὴ
3589 4260 3653 4327 τῇ
3683 4257 3780 4309 τοῦ

2211 4358 2367 4425 ἀγίου
2399 4354 2712 4426 Πνεύματος
2754 4351 2935 4422 χάριτι
2973 4350 3438 4422 καταμορφοῦται.
3489 4349 3696 4403 Οὐκοῦν
3750 4351 3778 4401 ό

2207 4451 2538 4512 τελειότατος
2568 4447 2674 4500 τῶν
2707 4443 3002 4514 ὀφθαλμῶν
3052 4444 3200 4497 ἐστιν
3256 4443 3474 4505 ἔπαινος
3495 4481 3510 4505 ,
3544 4442 3604 4494 τὸ
3645 4442 3779 4514 πρὸς

536 4540 701 4609 spicit
734 4558 746 4592 :
784 4538 1061 4608 perficitur
1091 4537 1143 4590 in
1168 4553 1233 4591 eo
1265 4538 1370 4592 vita
1389 4537 1707 4607 spiritualis,
1731 4545 1785 4592 et
1815 4540 1881 4591 ab
1909 4539 2097 4593 exteri:

2211 4543 2308 4612 τὴν
2339 4540 2433 4592 τοῦ
2465 4537 2778 4608 Πνεῦματος
2813 4535 2907 4588 τοῦ
2963 4535 3118 4603 ἀγίου
3175 4535 3334 4604 χάριν
3391 4533 3780 4604 μεμορφῶσθαι

535 4633 850 4700 crassisque
883 4633 1047 4686 rebus
1080 4632 1280 4687 aliena.
1323 4629 1396 4684 Ea
1445 4647 1576 4685 vero
1602 4632 1704 4685 vita
1741 4648 1837 4702 per
1872 4631 2111 4701 Spiritus

537 4726 714 4780 sancti
746 4723 974 4793 gratiam
1013 4722 1404 4778 conformatur.
1440 4723 1803 4791 Quamobrem
1835 4727 1953 4781 laus
1983 4741 2113 4780 ocu-

537 4817 713 4872 lorum
767 4814 1163 4886 perfectissima
1222 4824 1347 4884 est,
1403 4833 1526 4873 esse
1580 4818 1773 4873 horum
1833 4820 2111 4874 hominum

535 4908 664 4962 vita:
693 4908 928 4976 speciem
970 4905 1367 4963 conformatam
1404 4909 1469 4963 ad
1522 4912 1695 4965 sancti
1730 4909 1962 4980 Spiritus
1991 4927 2114 4974 gra-

538 4999 694 5055 tiam.
727 4998 1005 5069 Siquidem
1038 5000 1288 5055 columba
1308 5009 1390 5056 est
1418 5000 1654 5071 Spiritus
1687 5012 1932 5058 sanctus.
1963 5003 2109 5058 Prte-

537 5092 758 5146 dicatur
796 5100 977 5147 autem
1013 5101 1243 5164 uterque
1278 5094 1490 5159 oculus,
1523 5103 1578 5148 ut
1618 5104 1766 5150 totus
1795 5099 1956 5150 homo
1990 5098 2108 5151 lau-

545 5182 633 5238 dis
668 5182 760 5236 fiat
790 5184 1085 5254 particeps,
1132 5195 1245 5238 tum
1279 5185 1325 5239 is
1358 5185 1452 5255 qui
1483 5197 1707 5255 apparet
1743 5188 2109 5255 extrinsecus,

540 5285 654 5329 tum
700 5289 862 5344 quem
911 5282 1093 5329 mente
1140 5274 1516 5344 intelligimus.
1583 5273 1794 5329 Etenim
1845 5275 1994 5330 illam
2043 5278 2113 5332 ob

538 5383 764 5423 causam
802 5367 856 5421 in
907 5367 1008 5420 hac
1053 5368 1364 5422 laudatione
1410 5368 1737 5423 mentionem
1786 5367 1914 5422 facit
1951 5371 2112 5424 etiam

542 5460 772 5516 alterius
805 5459 1092 5529 cujusdam
1120 5459 1477 5520 excellentiae,
1512 5474 1636 5513 cum
1669 5462 1744 5513 ait
1774 5479 1786 5515 :
1832 5461 2036 5515 Prwter
2060 5462 2114 5515 id

543 5550 682 5618 quod
709 5551 764 5604 in
790 5559 838 5605 te
857 5552 1122 5606 reticetur.
1154 5549 1286 5604 Nam
1315 5551 1422 5604 vita
1447 5551 1588 5605 bona
1617 5552 1810 5621 partim
1838 5553 2115 5609 hominum

545 5641 722 5696 oculis
753 5643 996 5710 exposita
1029 5648 1111 5696 est
1156 5648 1210 5693 et
1256 5650 1404 5701 nota,
1455 5642 1648 5710 partim
1681 5644 1899 5698 occulta
1937 5655 1990 5699 et
2023 5661 2118 5700 ne-

548 5730 680 5785 mini
717 5732 965 5785 orationc
997 5730 1357 5800 explicabilis,
1392 5730 1500 5786 Deo
1537 5732 1792 5784 nimirum
1837 5735 1954 5789 solo
1994 5750 2113 5789 eam
2147 5751 2149 5753 ‘

549 5821 818 5879 intuente.
853 5819 1194 5890 Quapropter
1221 5823 1288 5887 is,
1323 5822 1413 5892 qui
1452 5821 1596 5892 quod
1641 5822 1868 5878 necdum
1906 5825 2112 5880 factum

2209 4633 2386 4686 αὐτῶν
2417 4631 2516 4700 τῆς
2543 4629 2687 4699 ζωῆς
2715 4628 2776 4680 τὸ
2807 4623 2965 4691 εἶδος.
3001 4627 3304 4698 Περιστερὰ
3331 4630 3436 4694 γὰρ
3465 4626 3522 4678 τὸ
3559 4626 3781 4695 Πνεῦμα

2207 4725 2268 4777 τὸ
2295 4722 2469 4790 ἅγιον.
2515 4717 2580 4772 Ἦ
2607 4718 2664 4770 δὲ
2694 4717 2822 4783 δυὰς
2866 4717 2973 4770 τῶν
2998 4717 3291 4788 ὀφθαλμῶν
3330 4719 3630 4769 ἐπαινεῖται
3657 4755 3670 4778 ,
3705 4716 3780 4780 ὡς

2212 4815 2276 4868 ἂν
2297 4813 2416 4876 ὅλος
2441 4811 2646 4878 γένοιτο
2671 4810 2728 4861 ἐν
2759 4809 2962 4878 ἐπαίνῳ
2986 4809 3014 4860 ὀ
3042 4807 3326 4878 ἄνθρωπος
3347 4848 3360 4868 ,
3397 4810 3425 4860 ὁ
3460 4806 3780 4876 φαινόμενός

2209 4923 2268 4958 τε
2287 4904 2382 4958 κοιλ⁸
2409 4902 2717 4970 νοούμενος.
2746 4900 2844 4953 Διὰ
2871 4900 3030 4953 τοῦτο
3053 4900 3161 4970 γὰρ
3193 4898 3498 4970 προσέθηκε
3527 4898 3603 4968 τῷ
3630 4901 3781 4952 ἐπαί·

2209 4998 2286 5067 νῷ
2306 4998 2399 5050 καὶ
2424 4995 2586 5064 ἀλλην
2611 4991 2932 5064 ὑπερϐολὴν,
2957 4993 3144 5045 εἰπών’
3175 4994 3256 5045 ὃτι
3297 4991 3495 5056 Ἐκτός
3521 4989 3630 5056 τῆς
3654 5005 3782 5043 σιω.

2212 5087 2451 5156 πήσεώς
2471 5101 2606 5140 σου·
2621 5085 2714 5137 τοῦ
2732 5083 2840 5155 γὰρ
2857 5083 3060 5150 ἀγαθοῦ
3084 5083 3221 5153 βίου,
3245 5083 3304 5136 τὸ
3325 5082 3424 5153 μέν
3445 5099 3498 5134 τι
3524 5081 3782 5152 πρόδηλϋ

2213 5186 2378 5242 ἐστιν,
2413 5180 2486 5241 ώς
2513 5177 2605 5230 καὶ
2633 5176 2935 5249 ἀνθρώποις
2967 5175 3240 5247 γνώριμον
3267 5171 3404 5228 εἶναι
3427 5191 3439 5204 ·
3472 5173 3530 5228 τὸ
3566 5174 3622 5226 δὲ
3651 5173 3779 5243 κρύ-

2215 5272 2332 5340 φιόν
2365 5286 2424 5322 τε
2457 5269 2552 5322 καὶ
2575 5268 2883 5338 ἀπόρρητον
2907 5306 2922 5331 ,
2958 5265 3102 5337 μόνῳ
3125 5266 3245 5335 Θεῷ
3281 5263 3678 5334 καθορώμενον.
3724 5265 3780 5316 '0

2217 5363 2390 5416 τοίνυν
2417 5359 2480 5413 τὸ
2505 5359 2909 5430 ἀκατέργαστον
2947 5357 3157 5428 βλέπων
3177 5399 3191 5419 ,
3245 5359 3336 5411 καὶ
3368 5359 3446 5420 είς
3471 5355 3536 5409 τά
3581 5355 3782 5426 κρύφια

2221 5451 2467 5525 καθορῶν
2509 5457 2774 5524 μαρτυρεῖ
2816 5453 2905 5505 ἐπὶ
2940 5451 3032 5505 τοῦ
3077 5449 3466 5520 ἐπαινουμένου
3497 5447 3779 5519 προσώπου

2221 5543 2381 5598 πλέον
2410 5538 2547 5596 εἶναι
2593 5541 2686 5594 τοῦ
2721 5543 3046 5611 φαινομένου
3084 5543 3143 5595 τὸ
3192 5541 3572 5611 σιωπώμενον,
3603 5541 3667 5592 δι’
3711 5532 3781 5593 ὦν

2223 5653 2386 5708 φησιν
2409 5652 2423 5666 ο
2454 5637 2535 5688 ὅτι
2581 5636 2906 5706 Ὀφθαλμοί
2935 5653 3051 5690 σου
3099 5633 3439 5704 περιστεραί
3471 5632 3643 5696 ἐκτὸς
3675 5630 3778 5699 τῆς

2214 5725 2566 5793 σιωπήσεώς
2598 5741 2734 5781 σου.
2772 5727 3008 5794 Ἔξωθεν
3047 5729 3154 5799 γάρ
3189 5727 3304 5779 ἐστι
3342 5723 3436 5777 τοῦ
3471 5720 3783 5793 ἐπαινηθέν-

2213 5840 2302 5886 τος
2349 5821 2467 5889 ἤδη,
2499 5819 2556 5872 τὸ
2583 5819 2667 5873 διὰ
2701 5820 2803 5891 τῆς
2843 5821 3051 5891 σιωπῆς
3097 5817 3524 5889 θαυμαζόμενον,
3726 5810 3784 5866 δὲ
