4028 6518
274 415 377 474 νει

1290 413 1355 467 ΙΝ
1391 411 1685 469 CANTICA
1719 412 1995 472 CANTIC.
2042 412 2324 471 HOMlLlA
2360 413 2470 468 VII.

3402 411 3509 468 922

272 528 503 600 προάγει
532 522 763 596 καθεξῆς
790 525 849 578 τὸ
893 526 987 579 τοῦ
1020 524 1245 590 κάλλους
1275 526 1548 596 ἐγκώμιον
1571 566 1584 589 ,
1629 528 1721 579 ἐπὶ
1742 527 1840 589 τὰς

1943 540 2046 595 est,
2084 530 2246 593 videt,
2291 537 2344 583 et
2379 528 2559 581 abdita
2608 527 2886 596 perspicit,
2920 525 3291 580 testimonium
3326 527 3509 595 perhi-

266 619 461 691 τρίχας
491 618 738 687 μετάγων
762 617 851 670 τὸν
874 616 1028 685 λόγον
1049 618 1178 682 [καί
1208 636 1399 688 φησιν·
1434 621 1531 687 Τρί
1534 621 1699 689 χωμά
1721 638 1836 675 σου

265 713 349 775 ὡς
373 712 581 780 ἀγέλαι
611 710 728 764 τῶν
754 709 952 777 αἰγῶν,
975 710 1037 763 αἳ
1057 712 1566 781 ἀνεκαλύφθησαν
1587 715 1700 767 ἀπὸ
1731 716 1836 768 τοῦ

267 801 538 856 Γαλαὰδ.

1947 621 2036 675 bet
2066 635 2309 690 personae
2333 620 2431 675 illi.
2460 634 2579 687 quae
2607 619 3038 679 commendatur,
3066 618 3296 686 amplius
3329 618 3509 672 inesse

1948 712 1998 765 id
2028 711 2171 781 quod
2223 712 2536 773 retieeatur,
2576 724 2735 778 quam
2782 711 2925 777 quod
2958 709 3299 763 extrinsecus
3338 724 3506 778 appa-

1937 814 2074 867 reat,
2105 818 2226 857 cum
2268 803 2343 855 ait
2387 821 2399 855 :
2443 801 2596 855 Oculi
2620 802 2697 853 tui
2739 800 3011 862 coluntbw,
3052 811 3241 869 praeter
3274 798 3326 852 id
3366 804 3505 870 quod

265 897 321 950 in
347 908 393 951 te
422 898 686 951 reticetur.
737 895 1005 950 Nimirum
1044 896 1095 950 id
1128 896 1274 966 quod
1304 899 1471 952 tacite
1502 901 1557 952 in
1595 899 2008 955 admirationem
2045 898 2210 959 venit,
2281 913 2389 950 non
2423 896 2775 949 continuetur
2822 896 2935 958 illo,
3006 896 3150 964 quod
3223 897 3494 951 hactenus

266 994 604 1048 celebratum
635 1000 737 1045 est.
764 992 1030 1047 Caeterum
1062 994 1319 1060 paulatim
1350 996 1577 1048 ulterius
1602 995 2027 1064 pulchritudinis
2050 993 2359 1048 encomium
2385 992 2608 1060 profert,
2636 990 2700 1042 ad
2761 1005 2947 1044 comas
3009 1007 3262 1044 sertnonc
3325 1000 3507 1045 trans—

266 1087 398 1147 lato.
423 1102 544 1139 cum
578 1087 753 1155 inquit
787 1106 798 1139 :
832 1086 1010 1141 Coma:
1039 1099 1141 1140 tua:
1169 1089 1303 1141 sicut
1328 1106 1501 1158 greges
1529 1106 1832 1157 caprarum,
1871 1106 1985 1160 quae
2009 1098 2129 1142 sunt
2160 1087 2399 1141 revelata?
2427 1085 2490 1139 de
2528 1096 2699 1139 monte
2723 1084 2946 1140 Galaud.

337 1178 548 1247 Νοῆσαι
577 1179 635 1231 δὲ
667 1181 838 1250 προσή
851 1196 932 1232 κει
958 1181 1169 1250 πρῶτον
1195 1184 1293 1251 τῆς
1321 1182 1505 1252 τριχὸς
1533 1184 1629 1253 τὴν
1657 1183 1831 1251 φύσιν·

264 1265 367 1321 εἷθ’
390 1267 561 1331 οὕτως
590 1269 884 1337 ἐπιγνῶναι
906 1272 995 1323 τὸν
1026 1270 1263 1335 ἔπαινον,
1294 1272 1351 1324 ὃν
1382 1273 1469 1325 διὰ
1500 1275 1609 1327 τῶν
1636 1275 1836 1344 τριχῶν

263 1362 295 1414 ὁ
325 1360 481 1426 λόγος
627 1361 809 1431 νύμφῃ
853 1362 1152 1432 χαρίζεται.
1203 1363 1408 1416 Οὐκοῦν
1441 1363 1565 1430 δόξα
1614 1366 1710 1435 μὲν
1741 1383 1839 1433 γυ-

263 1452 453 1515 ναικὸς
478 1452 715 1523 κεφαλῆς
745 1456 777 1522 ἡ
821 1454 940 1523 θρὶξ
973 1454 1120 1524 παρὰ
1150 1455 1239 1507 τοῦ
1269 1456 1477 1508 Παύλου
1507 1457 1833 1526 ὠνόμασται.

263 1544 363 1596 καὶ
391 1544 513 1595 ἀντὶ
546 1542 889 1613 περιϐολαίου
923 1544 1164 1596 δεδόσθαι
1192 1547 1255 1613 τῇ
1296 1547 1513 1611 γυναικὶ
1542 1545 1639 1614 τὴν
1660 1548 1836 1615 κόμην

264 1633 433 1701 λέγει.
467 1633 607 1686 Αἰδῶ
629 1635 684 1688 δὲ
714 1633 807 1687 καὶ⁸
839 1635 1187 1704 σωφροσύνην
1211 1635 1272 1687 τὸ
1302 1636 1506 1706 πρέπον
1541 1634 1678 1689 εἷναί
1704 1654 1836 1707 φησι

262 1728 388 1788 ταῖς
420 1724 634 1793 γυναιξὶ
664 1725 1004 1795 περιϐόλαιον
1024 1765 1037 1788 ,
1076 1726 1215 1778 ούτω
1245 1726 1458 1796 γράψας
1485 1727 1561 1797 τῷ
1592 1731 1792 1798 ῥήματι
1820 1746 1833 1759 ·

275 1819 374 1885 ’.Ως
396 1817 605 1886 πρέπει
633 1818 910 1887 γυναιξὶν
938 1816 1479 1886 ἐπαγγελλομέναις
1511 1819 1832 1882 escae-637v,

256 1910 413 1980 μετὰ
431 1908 637 1974 αἰδοῦς
655 1908 753 1963 καὶ
780 1910 1177 1976 σωφροσύνης
1200 1909 1448 1977 κοσμεῖν
1466 1909 1702 1975 ἑαυτάς.
1740 1909 1837 1962 Διὰ

263 2003 472 2056 τούτων
492 2002 591 2063 τὰς
618 2002 710 2053 ἐπὶ
728 1999 827 2067 τῆς
847 2000 1084 2069 κεφαλῆς
1107 2000 1316 2070 τρίχας.
1340 1994 1427 2062 αἷς
1449 2002 1591 2070 κομᾷ
1612 2002 1644 2068 ὴ
1676 2000 1833 2071 γυνὴ,

262 2094 365 2164 τὴν
389 2092 521 2146 αἰδῶ
549 2092 642 2145 καὶ
669 2090 1021 2163 σωφροσύνην
1050 2089 1137 2142 διὰ
1161 2093 1256 2159 τῆς
1280 2090 1373 2142 τοῦ
1402 2092 1611 2143 Παύλου
1649 2091 1837 2158 σοφίας

263 2182 798 2254 καταλαμϐάνεσθαι.
826 2182 956 2236 Οὐδὲ
983 2181 1092 2252 γὰρ
1118 2180 1283 2251 ἄλλην
1308 2182 1507 2251 πρέπει
1529 2182 1651 2236 τινὰ
1679 2183 1835 2247 δόξαν

263 2275 582 2346 νομίζεσθαι
622 2275 713 2327 ἐπὶ
756 2276 855 2339 τῆς
898 2272 1368 2343 ἐπαγγελλομένης
1398 2272 1708 2327 θεοσέϐειαν
1738 2274 1838 2343 ψυ-

263 2370 396 2440 χῆς,
426 2370 473 2419 εί
510 2366 583 2437 μὴ
614 2366 711 2436 τὴν
738 2364 871 2419 αίδώ
903 2382 963 2417 τε
990 2366 1082 2417 καὶ
1109 2366 1205 2435 τὴν
1236 2364 1621 2436 σωφροσύνην,
1652 2366 1718 2434 ἣν
1746 2366 1838 2418 κό-

266 2477 380 2530 μην
400 2459 699 2527 ὠνόμασεν,
730 2457 795 2527 ἢν
815 2458 938 2509 ὅταν
975 2456 1048 2526 μὴ
1074 2456 1172 2528 ἔχῃ
1194 2496 1209 2521 ,
1238 2455 1586 2525 καταισχύνει
1616 2458 1713 2527 τὴν
1745 2474 1838 2510 κε-

263 2550 442 2619 φαλὴν
500 2550 703 2618 αὐτῆς,
754 2547 936 2611 καθώς
986 2565 1149 2617 φησιν
1202 2548 1230 2599 ό
1291 2546 1627 2611 Ἀπόστολος.
1661 2549 1722 2600 Et
1774 2548 1836 2619 δὴ

260 2642 437 2696 ταῦτα
469 2642 595 2713 περὶ
628 2642 734 2695 τῶν
762 2640 959 2712 τριχῶν
986 2642 1014 2692 ό
1038 2639 1247 2703 Παῦλος
1268 2639 1646 2709 ἐφιλοσόφησε,
1678 2657 1839 2710 προσ-

263 2734 459 2791 ακτέον
485 2734 547 2787 ἂν
594 2734 678 2804 εἴη
717 2733 787 2786 τὰ
811 2730 1235 2785 τούἌποστόλου
1264 2734 1486 2804 ῥήματα
1526 2731 1604 2801 τῷ
1634 2732 1840 2801 ἐπαίνῳ

262 2827 367 2896 τῆς
402 2825 724 2894 Ἐκκλησίας
743 2865 757 2887 ,
786 2827 843 2877 ἐν
883 2823 959 2894 τῷ
987 2824 1113 2893 περὶ
1164 2823 1257 2876 τοῦ
1286 2826 1629 2895 τριχώματος
1676 2824 1835 2894 λόγῳ,

264 2917 414 2971 κατὰ
430 2916 527 2986 τὴν
550 2915 914 2985 προκειμένην
941 2916 1146 2984 φωνὴν,
1177 2916 1211 2985 ἦ
1248 2933 1410 2986 φησιν
1434 2933 1448 2948 ⁸
1472 2917 1555 2969 ὅτι
1578 2916 1841 2985 Τρίχωμά

264 3026 385 3062 σου
411 3048 425 3072 ,
465 3009 543 3073 ὡς
571 3007 779 3075 ἀγέλαι
818 3007 936 3059 τῶν
988 3005 1168 3076 αἰγῶν
1197 3049 1212 3071 ,
1241 3009 1301 3059 αἳ
1332 3009 1841 3077 ἀνεκαλύφθησαν

2004 1181 2242 1234 Primum
2289 1189 2468 1232 autem
2514 1178 2969 1231 consideramlutn
3021 1185 3126 1243 est,
3175 1193 3293 1245 qua:
3343 1193 3511 1232 coma:

1935 1284 2131 1328 natura
2164 1273 2236 1325 sit
2271 1290 2283 1325 ε
2321 1279 2484 1339 atque
2513 1268 2585 1323 ita
2621 1268 2817 1323 deinde
2847 1270 2964 1320 laus
2999 1268 3115 1320 haec
3150 1269 3505 1338 intelligetur,

1936 1382 2055 1437 qua:
2087 1376 2183 1435 per
2208 1379 2392 1418 comas
2427 1378 2641 1433 sponsa:
2673 1361 2952 1415 tribuitur.
3003 1359 3267 1426 Capillum
3302 1359 3506 1415 Paulus

1939 1456 2133 1525 capitis
2180 1453 2463 1508 muliebris
2509 1452 2739 1522 gloriam
2773 1450 3026 1518 appellat.
3071 1456 3126 1501 et
3174 1463 3381 1501 comam
3413 1464 3512 1517 pro

1943 1550 2240 1601 velamento
2273 1545 2484 1599 mulieri
2519 1545 2699 1598 datam
2729 1545 2885 1596 ait”.
2946 1543 3087 1598 Idem
3121 1541 3507 1595 verecundiam

1941 1649 1995 1693 et
2045 1640 2358 1709 pudicitiam
2412 1639 2772 1692 velamentum
2824 1636 3070 1689 mulieris
3126 1633 3325 1688 decens
3387 1648 3513 1687 esse

1942 1731 2123 1797 tradit,
2169 1731 2255 1784 his
2302 1730 2482 1785 verbis
2530 1745 2662 1784 usus
2703 1748 2715 1782 :
2753 1727 3207 1794 Quemadmodum
3250 1727 3391 1779 decet
3434 1725 3512 1794 {e-

1938 1824 2132 1886 mimts,
2179 1839 2293 1894 qute
2340 1822 2643 1890 religiosam
2697 1837 2821 1889 erga
2876 1819 3042 1873 Deum
3094 1821 3337 1887 pietatem
3383 1835 3511 1887 pro-

1940 1916 2177 1983 ﬁtentur,
2230 1924 2285 1966 ut
2336 1929 2453 1965 cum
2503 1912 2807 1965 verecundia
2860 1921 2909 1964 et
2960 1910 3219 1978 pudicitia
3266 1925 3375 1962 sese
3421 1926 3511 1961 or-

1940 2016 2059 2060 nent
2087 2006 2153 2058 “.
2203 2005 2412 2071 Quibus
2441 2005 2494 2057 in
2525 2004 2705 2057 verbis
2742 2018 2837 2072 per
2865 2003 3093 2070 capillos
3127 2003 3342 2069 capitis,
3373 2016 3511 2069 quos

1939 2099 2033 2152 alit
2068 2097 2289 2157 femina,
2322 2096 2705 2149 verecundiam
2734 2102 2787 2145 et
2830 2093 3147 2163 pudicitiam
3194 2092 3512 2161 accipienda

1938 2204 2081 2253 esse,
2135 2187 2334 2240 Paulus
2374 2202 2474 2255 pro
2507 2186 2775 2255 sapientia
2826 2198 2925 2238 sua
2976 2183 3285 2253 signiﬁcare
3319 2183 3511 2236 voluit.

1937 2277 2048 2332 Nec
2078 2279 2221 2332 enim
2270 2278 2524 2331 convenit
2572 2277 2732 2329 aliam
2781 2274 3072 2343 quamdam
3122 2274 3348 2342 gloriam
3397 2282 3512 2326 sta-

1938 2376 2090 2422 tuere
2122 2371 2173 2422 in
2203 2370 2403 2429 anima,
2433 2383 2552 2437 qtae
2576 2366 2884 2435 religiosam
2907 2380 3035 2435 erga
3060 2362 3226 2418 Deum
3254 2365 3512 2434 pietatem

1940 2464 2277 2534 proﬁteatur,
2303 2476 2463 2529 quam
2488 2458 2874 2514 verecundiam
2898 2468 2951 2513 et
2980 2458 3315 2527 pudicitiam,
3341 2472 3513 2509 cunne

1938 2555 2301 2625 appellatione
2336 2553 2626 2605 indicatam
2664 2569 2678 2605 :
2708 2564 2813 2619 qua
2841 2550 2886 2604 si
2944 2557 3147 2613 careat,
3180 2549 3504 2603 dehonestat

1940 2656 2106 2716 caput
2136 2662 2320 2708 suum,
2358 2654 2417 2698 ut
2457 2645 2598 2699 idem
2650 2642 2944 2711 Apostolus
2990 2642 3249 2710 loquitur.
3298 2640 3410 2693 llac
3446 2642 3517 2694 de

1938 2740 2149 2808 capillis
2184 2738 2551 2807 disputatione
2584 2735 2733 2789 Pauli
2779 2735 3142 2797 considerata,
3178 2731 3510 2786 conferenda

1937 2834 2040 2887 erit
2072 2832 2295 2885 omnino
2327 2829 2571 2899 Apostoli
2607 2828 2876 2882 sententia
2922 2843 3047 2880 cum
3104 2826 3205 2880 hac
3250 2824 3513 2878 Ecclesiae

1942 2925 2117 2987 laude,
2156 2940 2276 2992 quae
2301 2922 2408 2976 illis
2444 2922 2625 2975 verbis
2663 2920 2812 2973 hisce
2840 2934 3051 2971 comam
3084 2917 3507 2986 praedicantibus

1939 3018 2222 3075 tribuitur:
2264 3014 2442 3068 Coma:
2477 3024 2580 3067 tua:
2638 3012 2776 3065 velut
2825 3027 3000 3080 greges
3052 3026 3358 3078 caprarum,
3399 3026 3517 3077 qua:

262 3101 389 3156 ἀπὸ
420 3100 525 3154 τοῦ
551 3100 816 3154 Γαλαὰδ.
842 3100 938 3152 Διά
976 3099 1178 3152 τούτων
1206 3102 1312 3171 γὰρ
1333 3101 1430 3170 τὴν
1464 3100 1712 3171 ἐνάρετον
1745 3116 1840 3151 ποο

1943 3109 2187 3162 γεινριοιιε
2232 3115 2353 3161 sunt
2387 3108 2450 3159 de
2479 3114 2651 3159 monte
2691 3101 2919 3157 Galaad.
2967 3100 3101 3154 Nam
3136 3118 3229 3169 per
3266 3103 3377 3154 haec
3405 3103 3517 3153 vir—-

263 3190 473 3243 λιτείαν
517 3192 574 3243 ἐν
600 3191 805 3260 ἐπαίνῳ
836 3192 1067 3242 ποιεῖται
1117 3191 1146 3242 ὁ
1184 3190 1374 3257 Λόγος.
1423 3190 1577 3243 Ἀλλά
1624 3192 1845 3243 κάκεῖνο

267 3284 538 3353 προσήκει
566 3283 923 3353 προστεθῆναι
959 3282 1031 3352 τῷ
1060 3281 1201 3352 λόγῳ
1224 3282 1300 3352 τῷ
1335 3283 1464 3352 περὶ
1489 3282 1595 3334 τῶν
1620 3281 1840 3352 τριχῶν,

266 3375 349 3428 ὅτι
376 3374 555 3442 πάσης
584 3374 889 3443 αἰσθήσεως
936 3372 1170 3442 ζωτικῆς
1210 3373 1526 3441 ἀμοιροῦσιν
1558 3376 1611 3425 αἱ
1653 3375 1839 3443 κόμαι.

268 3468 345 3521 Ού
384 3466 574 3537 μικρὸν
620 3465 727 3536 γὰρ
766 3466 844 3527 εἰς
873 3463 1172 3533 ἐπαύξησιν
1206 3463 1495 3533 ἐγκωμίων
1543 3462 1841 3525 καὶτοῦτο,

267 3560 330 3613 τὸ
367 3561 501 3630 μήτε
524 3558 684 3611 πόνου
707 3597 721 3619 ,
756 3558 890 3626 μήτε
916 3556 1107 3625 ἡδονῆς
1136 3555 1382 3622 αἴσθησιν
1430 3555 1487 3606 ἐν
1521 3556 1638 3617 ταῖς
1672 3553 1843 3625 θριξὶν

270 3648 433 3706 εἶναι.
459 3652 532 3704 Τὸ
560 3652 656 3721 μὲν
689 3648 797 3719 γάρ
829 3648 988 3718 σῶμα
1013 3688 1027 3711 ,
1066 3646 1187 3700 ὅθεν
1234 3646 1524 3715 ἐκφύονται
1550 3687 1563 3707 ,
1596 3646 1844 3699 όδυνᾶται

272 3743 732 3815 παρατιλλόμενον
758 3757 772 3770 ·
808 3742 943 3809 αὑτὴ
975 3740 1031 3792 δέ
1067 3742 1099 3811 ή
1153 3739 1274 3811 θρὶξ
1294 3780 1308 3803 ,
1348 3738 1469 3790 οὒτε
1500 3741 1548 3791 εἰ
1576 3739 1843 3807 τέμνοιτο,

270 3838 397 3893 οὔτε
429 3841 476 3892 εξ
507 3838 776 3907 φλέγοιτο,
814 3835 935 3888 οὔτε
964 3837 1011 3887 εί
1047 3835 1134 3889 διά
1162 3852 1305 3896 τινος
1336 3834 1711 3903 κωμμωτικῆς
1736 3835 1849 3886 ἐπι-

276 3930 496 4002 μελείας
537 3927 939 3981 καταλεαίνοιτο
959 3966 972 3986 ,
1001 3925 1079 3995 τῷ
1108 3925 1375 3995 γινομένῳ
1408 3923 1659 3993 αἴσθησιν
1704 3924 1849 3994 δέχε-

272 4040 386 4078 ται.
416 4021 490 4074 Τὸ
522 4021 578 4073 δὲ
608 4021 853 4090 ἀμοιρεῖν
882 4020 979 4089 τῆς
1008 4017 1312 4088 αἰσθήσεως
1335 4017 1443 4069 τῶν
1471 4017 1678 4087 νεκρῶν
1702 4017 1848 4068 ἐστιν

281 4115 433 4168 ἴδιον.
476 4112 682 4166 Οὐκοῦν
713 4114 741 4165 6
794 4110 1058 4180 μηδεμίαν
1098 4108 1202 4161 τῶν
1254 4111 1310 4162 ἐν
1352 4110 1429 4179 τῷ
1462 4109 1652 4179 κόσμῳ
1676 4107 1849 4176 τούτῳ

279 4204 728 4276 σπουδαζομένων
774 4202 1211 4274 παραδεχόμενος
1244 4201 1492 4271 αἴσθησιν
1520 4242 1533 4263 ,
1583 4202 1716 4272 μήτε
1747 4200 1851 4252 ὑπὸ

274 4298 437 4366 δόξης
471 4313 531 4348 τε
563 4298 654 4349 κα)⁵
680 4295 845 4365 τιμῆς
895 4293 1313 4365 ἐξογκούμενος,
1346 4298 1482 4365 μήτε
1529 4294 1594 4346 δι’
1641 4292 1849 4365 ὖϐρεώς

273 4403 337 4439 τε
368 4386 462 4439 καὶ⁵
494 4384 718 4454 ἀτιμίας
742 4383 1004 4452 ἀλγεινῶς
1032 4383 1432 4454 διατιθέμενοςο
1462 4383 1575 4436 ἀλλ’
1601 4386 1657 4437 ἐν
1680 4383 1849 4453 ὁμοίῳ

1947 3199 2043 3253 tuti
2104 3204 2467 3251 consentanea
2528 3192 2741 3248 vivendi
2794 3193 2935 3246 ratio
2991 3191 3260 3245 laudatur.
3327 3188 3517 3255 Quan-

1944 3306 2106 3360 quam
2145 3297 2199 3343 et
2240 3289 2344 3341 hoc
2390 3286 2512 3340 addi
2565 3287 2631 3339 ad
2674 3286 2787 3340 ιιωο
2837 3284 2901 3339 de
2950 3283 3161 3352 capillis
3197 3282 3357 3335 verba
3394 3296 3497 3335 con

1944 3382 2108 3445 venit,
2170 3380 2430 3433 nimirum
2487 3392 2675 3433 comas
2727 3376 2906 3430 omnis
2946 3375 3128 3428 vitalis
3179 3388 3376 3428 sensus
3418 3388 3517 3427 ex-

1944 3480 2124 3544 pertes
2152 3487 2293 3526 esse.
2347 3469 2455 3524 Nec
2484 3470 2631 3523 enim
2665 3482 2854 3538 parum
2896 3466 2997 3520 hoc
3046 3471 3205 3534 auget
3247 3464 3515 3525 encomia,

1945 3566 2088 3636 quod
2126 3565 2181 3618 in
2214 3564 2427 3633 capillis
2467 3577 2641 3631 neque
2685 3558 2969 3620 molestiae,
3010 3572 3187 3626 neque
3221 3558 3518 3625 voluptatis

1945 3658 2087 3712 UleS
2117 3672 2312 3712 sensus
2341 3656 2589 3711 exsistat.
2627 3653 2839 3722 Corpus
2871 3651 3091 3721 quidem
3134 3650 3335 3718 ipsum,
3376 3649 3520 3702 unde

1946 3759 2270 3812 nascuntur,
2324 3749 2369 3802 si
2416 3748 2698 3801 vellicetur
2731 3746 2970 3797 dolorem
3017 3743 3249 3812 percipit
3283 3760 3294 3795 :
3328 3755 3516 3793 verum

1946 3844 2173 3912 capillus
2210 3843 2324 3911 ipse
2354 3855 2527 3908 neque
2560 3840 2605 3893 si
2638 3846 2941 3901 resecetur,
2967 3848 3143 3904 neque
3166 3834 3211 3887 si
3236 3840 3519 3896 exuratur,

1948 3950 2122 4003 neque
2152 3935 2197 3988 si
2231 3949 2328 4001 per
2358 3932 2595 4001 aliquam
2627 3929 2857 3983 ornandi
2892 3926 3140 3994 corporis
3170 3938 3358 3978 curam
3396 3922 3523 3976 levi-

1950 4037 2122 4097 getur,
2167 4024 2462 4094 quidquam
2490 4037 2702 4084 eorum,
2742 4035 2861 4089 qua:
2906 4019 3043 4071 tinnt
3087 4016 3274 4071 sentit.
3322 4013 3523 4068 Carere

1948 4126 2124 4172 autem
2161 4132 2347 4177 sensu,
2397 4114 2627 4167 mortuis
2671 4121 2753 4165 est
2809 4110 3104 4180 peculiare.
3157 4104 3521 4172 Quamobrem

1949 4212 2259 4281 quicunque
2288 4208 2422 4261 nihil
2454 4222 2663 4267 eorum,
2709 4220 2829 4272 quae
2862 4204 2915 4256 in
2970 4201 3071 4255 hoc
3102 4200 3307 4254 mundo
3342 4197 3523 4267 magni

1951 4304 2311 4365 aestimantur,
2340 4300 2531 4365 sentit;
2563 4315 2737 4367 neque
2766 4305 2986 4368 propter
3011 4295 3235 4366 gloriam
3262 4300 3315 4347 et
3351 4292 3522 4345 hono-

1953 4413 2063 4452 rem
2112 4396 2256 4451 fastu
2308 4393 2541 4464 quodam
2598 4394 2798 4453 elatus,
2851 4406 3026 4460 neque
3076 4389 3145 4442 ob
3196 4386 3429 4456 injurias
3470 4391 3526 4438 et

276 4478 403 4532 καθ’
429 4477 685 4548 ἑκάτερον
710 4476 818 4529 τῶν
848 4477 1102 4529 ἐναντίων
1131 4476 1319 4529 ἑαυτὸν
1346 4476 1632 4545 φυλάσσων
1652 4493 1664 4506 ο
1696 4471 1840 4539 οὗτός

1953 4488 2303 4555 ignominiam
2331 4487 2543 4551 dolens,
2576 4485 2671 4541 sed
2720 4486 2771 4539 in
2811 4492 3042 4551 utroque
3088 4482 3282 4534 horum
3332 4480 3525 4532 adver-

276 4571 426 4622 ἐστιν
456 4570 489 4639 ἡ
530 4567 889 4638 ἐπαινουμένη
934 4568 1032 4637 τῆς
1061 4567 1278 4639 νύμφης
1312 4568 1452 4638 κόμη
1473 4608 1487 4629 ,
1537 4569 1727 4637 νεκρός
1754 4568 1846 4621 ἇν-

276 4678 470 4732 τικρυς
504 4661 599 4712 καὶ
631 4660 883 4729 ἀκίνητος
921 4660 1057 4730 πρὸς
1088 4662 1155 4714 τὰ
1186 4660 1279 4712 τοῦ
1323 4660 1532 4730 κόσμου
1564 4661 1848 4729 γενόμενος

278 4752 603 4821 πράγματα,
631 4752 741 4803 εἴτε
766 4750 936 4814 οὓτως
961 4793 973 4811 .
1005 4751 1113 4803 εἴτε
1138 4753 1212 4815 ὡς
1242 4753 1443 4823 ἐτέρως
1468 4753 1600 4821 ἔχοι.

356 5032 420 5085 Εἰ
448 5030 504 5083 δὲ
527 5030 587 5082 τὸ
613 5028 992 5098 πλεονέκτημα
1037 5027 1145 5079 τῶν
1192 5027 1395 5098 τριχῶν
1443 5028 1660 5095 ἀγέλαις
1686 5029 1854 5097 αἰγῶν

1954 4580 2186 4633 santium
2230 4578 2334 4634 sibi
2382 4580 2491 4648 pati
2540 4578 2774 4648 quadam
2818 4575 3033 4628 ratione
3078 4578 3249 4626 semet
3295 4585 3525 4623 conser-

1953 4689 2123 4738 vans;
2157 4673 2202 4725 is
2235 4686 2363 4725 vero
2395 4680 2477 4725 est
2509 4669 2621 4723 haec
2653 4681 2867 4738 sponsa:
2904 4678 3060 4717 coma
3097 4669 3384 4730 tantopere
3410 4660 3529 4711 lau-

1954 4764 2100 4826 data,
2134 4764 2291 4832 plane
2317 4761 2517 4816 mortui
2553 4761 2792 4814 hominis
2818 4766 2871 4811 et
2915 4753 3212 4809 immobilis
3244 4751 3307 4805 ad
3338 4749 3527 4803 mundi

1956 4858 2169 4929 negotia
2198 4857 2436 4925 speciem
2478 4869 2587 4924 prae
2617 4868 2675 4908 se
2706 4850 2909 4911 ferens.
2939 4862 3269 4918 quocunuue
3310 4845 3527 4898 laudent

1953 4960 2115 5024 pacto
2144 4966 2230 5003 res
2259 4949 2434 5018 ipsius
2468 4954 2801 5013 comparatre
2832 4942 2963 4997 sint.

2023 5044 2175 5110 Quod
2219 5050 2398 5095 autem
2441 5039 2758 5106 capillorum
2804 5035 3005 5089 eximia
3041 5028 3389 5101 pulchritudo
3433 5040 3526 5081 ca-

282 5121 688 5194 παραϐάλλεται
713 5160 726 5183 ,
761 5123 881 5183 ταῖς
931 5119 1037 5173 ἀπὸ
1074 5118 1167 5172 τοῦ
1200 5119 1412 5172 Γαλαὰδ
1455 5120 1840 5190 ἁνακαλυφθεί-

1955 5147 2174 5203 prarum
2205 5129 2270 5183 ad
2307 5142 2496 5199 greges
2525 5126 2593 5179 de
2620 5123 2821 5178 Galaad
2852 5122 3117 5177 revelatus
3156 5126 3523 5188 comparetur,

285 5232 411 5278 σαις
431 5230 444 5244 ⁸
472 5213 507 5267 ἃ
540 5214 639 5285 μὲν
660 5212 766 5285 χρὴ
791 5212 857 5266 δι’
880 5211 1165 5286 ἀκριϐείας
1191 5230 1255 5266 πε
1266 5214 1318 5285 pl.
1342 5212 1545 5265 τούτων
1571 5212 1840 5281 γινώσκειπ

1958 5224 2025 5279 de
2073 5225 2174 5277 hoc
2224 5222 2353 5292 quid
2407 5230 2659 5275 accurate
2711 5216 3060 5272 statuendum
3113 5215 3227 5276 sit,
3275 5210 3525 5279 equidem

283 5305 442 5359 οὔπω
474 5305 797 5359 καταλαϐεῖν
832 5305 1176 5374 ἠδυνήθημεν
1202 5321 1217 5334 ³
1248 5304 1619 5374 στοχαζόμεθα
1654 5304 1731 5367 δὲ,
1755 5305 1835 5358 αὸτ

1961 5316 2135 5370 adhuc
2168 5316 2448 5384 percipere
2476 5326 2582 5365 non
2613 5309 2796 5380 potui:
2833 5306 3036 5361 utimur
3071 5313 3250 5357 tamen
3276 5302 3377 5353 hac
3400 5313 3532 5352 con-

285 5397 477 5467 ῶσπερ
501 5395 570 5449 τὰ
597 5396 727 5463 ξύλα
755 5395 848 5449 τοῦ
871 5395 1103 5449 Λιϐάνου
1143 5397 1221 5457 εἰς
1244 5396 1443 5467 χρυσόν
1472 5412 1530 5448 τε
1573 5396 1665 5449 καὶ
1688 5396 1840 5468 ἅργυ·

1958 5408 2189 5478 jectura,
2234 5407 2375 5476 quod
2410 5401 2867 5474 quemadmodum
2914 5399 2979 5453 de
3023 5395 3213 5451 Libani
3265 5391 3427 5463 lignis
3474 5390 3530 5443 in

289 5506 385 5563 ρον
408 5490 500 5542 καὶ
537 5488 819 5561 πορφύραν
854 5489 1248 5559 μεταποιήσας,
1289 5490 1502 5557 φορεῖον
1538 5490 1566 5540 ό
1609 5487 1840 5557 βασιλεὺς

1964 5515 2180 5563 aurum,
2210 5507 2515 5567 argentum,
2536 5510 2831 5566 purpuram
2879 5487 3229 5547 commutatis
3263 5483 3532 5538 ferculum

287 5586 692 5640 κατεσκεύασεν
722 5585 898 5655 ἐαυτῷ
927 5601 939 5614 ο
969 5584 1141 5648 οὕτως
1175 5582 1312 5639 οἶδεν
1349 5588 1376 5639 ό
1410 5587 1611 5657 ποιμὴν
1637 5588 1665 5639 ό
1697 5586 1840 5639 καλὰ

1963 5591 2063 5645 sibi
2097 5606 2188 5646 rex
2236 5589 2532 5645 confecerit
2561 5606 2574 5641 :
2610 5589 2687 5641 sic
2735 5586 3030 5657 praeclarus
3077 5581 3166 5633 ille
3200 5585 3408 5646 pastor,
3439 5589 3535 5629 ae-

288 5679 465 5747 ιέγῶν
489 5680 688 5747 ἀγέλας
715 5678 1044 5747 παραλαϐεῖν
1067 5679 1160 5732 καὶ
1186 5682 1263 5742 εἰς
1288 5678 1510 5750 ποίμνια
1541 5678 1840 5751 μεταϐαλεῖς

1966 5680 2136 5751 ceptis
2165 5695 2450 5751 caprarum
2494 5678 2770 5749 gregibus,
2804 5673 3016 5730 noverit
3051 5670 3279 5741 caprilia
3328 5664 3536 5720 montis

367 5859 457 5914 ⁸³1
499 5859 622 5915 Cor.
673 5874 752 5923 ιι,
795 5858 858 5912 15
951 5859 995 5893 ⁸⁸
1031 5857 1305 5913 lTimoth.
1356 5875 1415 5925 ιι,
1456 5860 1511 5914 9.
