4028 6534
515 382 628 438 99η

1719 386 1775 441 S.
1812 380 2138 441 GREGORII
2170 381 2466 439 NYSSENI

3669 393 3780 446 ρει

517 497 718 556 Galaad
747 498 802 553 in
825 499 984 554 ovilia
1016 507 1372 554 commutare.
1409 499 1588 570 Atque
1611 500 1718 556 hoc
1745 502 1914 557 exteri
1943 515 2088 554 mon-

2198 498 2260 552 τὰ
2286 499 2506 552 αἰπόλια
2551 497 2642 553 τοῦ
2671 498 2881 553 Γαλαὰδ
2907 499 3086 571 ὅρους.
3130 500 3454 573 Ἀλλοφύλου
3499 507 3556 562 δὲ
3602 510 3774 580 ὅρους

516 590 590 648 tis
619 605 816 644 nomen
847 597 952 646 est.
983 588 1075 657 qui
1107 589 1336 658 gratiam
1386 590 1544 643 talem
1587 590 1810 656 revelat,
1841 599 1898 643 ut
1927 589 1962 643 ii
1993 590 2083 658 qui

515 698 583 737 ex
609 682 858 752 gentibus
891 681 1212 751 praeclarum
1249 681 1399 735 illum
1430 692 1702 752 pastorem
1730 682 1900 737 secuti
1933 689 2080 742 sunt,

517 774 572 828 in
603 780 796 827 ornatu
831 787 1045 840 sponsae
1087 772 1410 842 capillorum
1460 774 1682 829 nomine
1732 781 2083 828 censeantur.

517 865 581 918 Et
617 879 713 934 per
757 864 985 932 capillus
1030 863 1367 932 pudicitiam,
1405 875 1460 920 et
1494 864 1780 934 pudorem,
1824 877 1879 919 et
1914 863 2088 918 conti-

514 956 779 1016 nentiam,
815 963 871 1009 et
909 955 1381 1010 mortificationem
1411 957 1659 1026 corporis
1700 957 1950 1026 intelligi,
1974 957 2086 1025 jam

515 1059 641 1104 autc
670 1048 1006 1103 declaratum
1043 1055 1146 1104 est.
1177 1046 1465 1104 Fortassis
1491 1058 1545 1105 et
1579 1049 1726 1105 Elias
1755 1051 1960 1120 aliquid
1993 1065 2092 1105 no-

518 1140 604 1195 bis
644 1140 708 1195 ad
759 1141 897 1194 hanc
939 1155 1225 1210 caprarum
1279 1141 1770 1198 considerationem
1821 1142 2088 1206 conferet,

515 1231 607 1302 qui
638 1232 800 1302 longo
830 1240 1074 1302 tempore
1101 1241 1350 1287 versatus
1397 1233 1449 1287 in
1485 1243 1664 1288 monte
1693 1234 1920 1299 Galaad,
1956 1235 2092 1290 insi-

522 1323 650 1392 gnia
697 1323 822 1377 vita:
867 1323 1198 1378 continentis
1261 1325 1506 1394 exempla
1556 1327 1788 1394 praebuit
1848 1345 1860 1380 :
1915 1324 2091 1380 forma

517 1407 832 1484 squalidus,
857 1394 1394 1487 οιιρίιιίεῚιίιευιυε,
1451 1433 1548 1487 pro
1585 1429 1734 1472 veste
1767 1419 1913 1472 molli
1958 1418 2096 1487 pelle

524 1521 703 1575 capra:
744 1515 940 1561 tectus.
995 1506 1176 1576 Itaque
1223 1522 1435 1572 omnes,
1476 1515 1744 1578 quotquot
1797 1508 1864 1562 ad
1912 1522 2098 1562 exem-

520 1601 666 1669 plum
703 1600 979 1670 prophetae
1010 1599 1159 1654 illius
1183 1599 1349 1654 vitam
1380 1616 1533 1656 suam
1570 1600 1884 1664 instituunt,
1926 1616 2096 1654 orna-

521 1703 759 1747 mentum
812 1691 1068 1748 Ecclesiaa
1121 1692 1277 1755 fiunt,
1327 1692 1589 1764 gregatim
1653 1693 1788 1763 (qui
1851 1693 2096 1762 philoso-

521 1784 723 1854 phandi
755 1800 874 1839 mos
908 1785 1011 1839 hoc
1039 1791 1286 1856 tempore
1313 1787 1368 1839 in
1401 1801 1504 1840 usu
1531 1799 1653 1840 esse
1677 1784 1878 1855 coepit)
1926 1785 2098 1839 virtu-

2186 592 2357 662 ὄνομα
2382 591 2540 645 τοῦτο
2563 591 2659 645 τοῦ
2681 593 2781 663 τὴν
2805 593 3058 662 τοιαύτην
3084 594 3245 665 χάριν
3268 597 3773 667 ἀνακαλύπτοντος,

2187 683 2325 737 ὥστε
2356 685 2482 747 τοὺς
2511 683 2570 748 ἐξ
2597 683 2766 737 ἐθνῶν
2807 683 2884 754 τῷ
2922 683 3072 756 καλῷ
3119 687 3338 756 ποιμένι
3363 689 3776 763 ἀκολουθήσαν-

2187 791 2286 838 τας
2321 777 2400 836 είς
2427 776 2488 828 τὸ
2513 775 2765 848 τρίχωμα
2795 776 3116 848 συντελῆσαι
3146 779 3238 831 τοῦ
3267 783 3367 851 τῆς
3393 781 3615 853 νύμφης
3645 785 3779 839 κάλ.

2188 866 2312 930 λους
2335 882 2348 896 ·
2398 867 2466 920 δι’
2495 860 2570 920 ῶν
2609 868 2931 942 σωφροσύνη
2973 885 3032 922 τε
3069 870 3164 923 καί⁹
3204 870 3394 936 αἰδὼς⁹
3427 875 3523 927 καὶ
3566 879 3777 949 ἐγκράι

2187 976 2326 1024 τεια,
2360 959 2456 1015 καὶ
2479 962 2512 1032 ἡ
2542 960 2637 1014 τοῦ
2668 963 2921 1032 σώματος
2949 961 3214 1033 νέκρωσις
3244 964 3383 1018 κατά
3408 965 3500 1019 τὸν
3525 968 3778 1038 προθεω-

2191 1050 2423 1122 ρηθέντα
2448 1051 2604 1120 λόγον
2639 1051 3074 1124 διασημαίνεται.
3117 1055 3188 1108 Ἣ
3229 1057 3370 1126 τάχα
3405 1059 3779 1128 συμϐάλλεταί

2189 1160 2250 1196 τε
2309 1144 2444 1215 πρὸς
2484 1143 2583 1216 τὴν
2633 1144 2740 1199 τῶν
2779 1145 2950 1213 αίγῶν
2984 1145 3216 1218 θεωρίαν
3250 1149 3345 1202 καὶ
3375 1151 3405 1202 ὀ
3439 1149 3656 1215 Ἠλίας,
3693 1151 3778 1222 τῷ

2191 1235 2307 1305 ὄρει
2331 1233 2409 1304 τῷ
2443 1234 2651 1288 Γαλαὰδ
2677 1236 3119 1308 ὲμφιλοσοφησας
3147 1238 3338 1310 χρόνον
3366 1240 3552 1305 πολὺν,
3579 1243 3640 1306 ὃς
3667 1245 3779 1312 μά-

2191 1325 2348 1378 λιστα
2367 1325 2462 1378 τοῦ
2498 1328 2615 1379 κατ’
2643 1329 2968 1399 ἐγκράτειαν
2993 1328 3344 1401 καθηγήσατο
3369 1330 3485 1402 βίου
3509 1373 3524 1398 ,
3555 1335 3777 1405 αὐχμηο

2197 1417 2288 1488 ρδς
2316 1417 2378 1470 τὸ
2400 1413 2538 1481 εἶδος
2556 1459 2571 1483 ,
2609 1419 2778 1483 δασὺς
2804 1421 2904 1491 τὴν
2931 1421 3096 1492 τρίχα
3113 1460 3128 1483 ,
3169 1423 3292 1476 ἀντὶ
3342 1424 3593 1494 μαλακῆς
3623 1443 3776 1490 τινος

2195 1509 2420 1579 ἐσθῆτος
2467 1510 2696 1581 δέρματι
2735 1512 2890 1581 αἰγὸς
2943 1512 3372 1581 σκεπαζόμενος.
3414 1516 3622 1581 Πάντες
3673 1515 3776 1572 οὖν

2195 1602 2406 1656 οἱκατά
2435 1603 2525 1656 τὸν
2565 1605 2849 1674 προφήτην
2888 1604 3092 1658 ἐκεῖνον
3119 1606 3209 1658 τὸν
3238 1608 3415 1661 αὐτῶν
3441 1611 3775 1681 κατορθοῦνο

2197 1713 2286 1760 τες
2321 1695 2452 1765 βίον,
2482 1695 2686 1766 κόσμος
2711 1696 2950 1764 γίνονται
2976 1697 3075 1767 τῆς
3104 1697 3428 1768 Ἐκκλησίας
3445 1739 3461 1762 ,
3484 1700 3772 1772 ἀγεληδὸν,

2199 1786 2338 1841 κατά
2364 1786 2455 1840 τὸν
2482 1786 2576 1840 νῦν
2627 1785 3022 1858 ἐπικρατοῦντα
3066 1788 3165 1857 τῆς
3198 1789 3513 1860 φιλοσοφίας
3542 1793 3773 1864 τρόπον.

519 1886 627 1932 tem
657 1877 710 1930 in
739 1877 1157 1932 conversatione
1185 1886 1375 1931 mutua
1409 1877 1671 1931 colentes.
1700 1875 1819 1930 Jam
1853 1876 1998 1946 quod
2026 1876 2092 1931 de

2199 1879 2316 1946 μετ’
2337 1877 2580 1948 ἀλλήλων
2604 1876 2703 1948 τὴν
2730 1876 2930 1948 ἀρετὴν
2981 1879 3356 1944 ἐκπονοῦντες.
3371 1882 3444 1935 Τὸ
3471 1882 3527 1936 δὲ
3553 1885 3776 1940 Γαλαὰδ

519 1971 720 2026 Galaad
751 1972 1072 2040 hujusmod't
1104 1987 1295 2043 greges
1322 1972 1653 2032 revelentur.
1685 1970 1736 2024 id
1763 1986 1891 2025 vero
1922 1985 2091 2023 mn-a-

521 2065 707 2118 culum
765 2064 942 2133 ipsum
995 2073 1201 2134 auget:
1256 2064 1514 2118 nimirum
1562 2062 1704 2133 quod
1758 2079 1824 2116 ex
1875 2061 2094 2116 ethnica

518 2155 631 2208 vita
659 2155 724 2208 ad
757 2157 1272 2211 commentationem
1297 2170 1439 2210 verae
1468 2154 1535 2210 de
1579 2153 1686 2209 Deo
1713 2153 1978 2208 doctrina:
2005 2169 2096 2206 ac-

519 2245 869 2299 cesserimus.
925 2242 1036 2299 Nec
1074 2245 1219 2298 cnim
1261 2259 1290 2298 a
1339 2243 1472 2299 Sion
1523 2252 1708 2299 monte
1754 2251 1944 2298 sancto
1975 2244 2094 2312 ejus

521 2335 725 2387 factum
758 2343 842 2391 est
874 2333 1187 2403 hujusmodi
1221 2336 1342 2389 vita:
1373 2335 1610 2399 initium,
1643 2335 1736 2389 sed
1773 2334 1990 2389 addicta
2020 2335 2096 2389 si-

520 2427 777 2481 mulacris
806 2427 958 2480 natio
982 2434 1267 2495 tantopere
1297 2427 1463 2479 vitam
1497 2441 1648 2480 suam
1678 2427 2007 2490 immntavit,
2035 2435 2096 2481 ut

521 2517 798 2586 praclaris
826 2517 1122 2572 virtutibus
1157 2531 1373 2587 sponsa:
1403 2525 1565 2586 caput
1599 2527 1846 2572 exornet.
1883 2516 2096 2573 Secun-

520 2607 650 2661 dum
691 2607 808 2663 haec
859 2609 915 2662 in
952 2607 1225 2663 laudando
1254 2623 1577 2680 progressus
1624 2609 1691 2663 ad
1731 2609 1919 2664 dentes
1975 2626 2096 2665 sese

520 2697 757 2764 confert,
807 2699 922 2754 oris
973 2713 1037 2754 ac
1087 2699 1357 2754 labiorum
1408 2699 1674 2755 encomiis
1726 2701 1949 2757 omissis
1989 2720 2002 2756 :
2041 2701 2094 2756 id

523 2791 671 2860 quod
700 2791 922 2847 minime
946 2793 1361 2862 relinquendum
1388 2794 1547 2849 nobis
1579 2801 1663 2849 est
1691 2809 1800 2849 non
1831 2795 2096 2865 pervesti-

525 2891 734 2952 gatum.
783 2882 894 2938 Cur
927 2884 1144 2939 tandem
1189 2886 1243 2940 in
1288 2886 1391 2940 hac
1417 2887 1877 2942 commentatione
1904 2887 2095 2943 dentes

522 2973 686 3028 labiis
717 2976 1168 3046 anteponuntur?
1212 2975 1469 3032 Fortasse
1497 2977 1622 3046 quis
1665 2977 1888 3043 dixerit,
1917 2979 1972 3032 in
2003 2979 2096 3034 de-

523 3067 919 3122 monstratione
949 3068 1375 3138 pulchritudinis
1404 3070 1758 3139 elegantioris
1788 3068 1952 3126 etiam
1983 3071 2095 3125 oris

2192 1968 2292 2031 τάς
2336 1967 2588 2032 τοιαύτας
2635 1967 3085 2037 ἀποκαλυφθῆναι
3144 1969 3380 2038 ἀγέλας,
3419 1971 3642 2042 μείζονα
3673 1975 3775 2028 τοῦ

2193 2059 2466 2130 θαύματος
2493 2058 2592 2128 τὴν
2617 2058 2922 2129 ὑπερϐολὴν
2949 2057 3080 2142 ἔχει,
3097 2057 3176 2112 ὅτι
3206 2059 3270 2113 ἐκ
3289 2059 3383 2113 τοῦ
3407 2061 3622 2116 ἐθνικοῦ
3652 2064 3774 2142 ρίου

2193 2152 2415 2221 γέγονεν
2459 2153 2590 2222 ἡμῖν
2615 2153 2648 2222 ἡ
2678 2151 2815 2222 πρὸς
2843 2150 2944 2221 τὴν
2974 2133 3119 2204 κατὰ
3159 2150 3292 2204 Θεὸν
3326 2152 3644 2223 φιλοσοφίαν
3673 2133 3777 2226 με-

2193 2244 2470 2306 τάστασις.
2506 2241 2581 2294 Οὐ
2628 2242 2736 2312 γὰρ
2770 2239 2908 2294 Σιὼν
2958 2241 3084 2312 ὅρος
3139 2241 3201 2296 τὸ
3249 2243 3403 2312 ἅγιον
3451 2245 3614 2299 αὐτοῦ
3666 2247 3775 2316 τῆς

2191 2335 2447 2406 τοιαύτης
2479 2333 2830 2403 καθηγήσατο
2861 2332 3132 2396 πολιτείας
3153 2351 3166 2364 ·
3202 2333 3336 2387 ἀλλὰ
3371 2335 3431 2388 τὸ
3463 2339 3575 2398 τοῖς
3599 2337 3774 2390 εἰδῶ-

2192 2427 2302 2490 λοις
2351 2425 2706 2496 ἀνακείμενον
2758 2423 2909 2488 ἔθνος
2939 2426 3018 2488 είς
3044 2425 3313 2497 τοσαύτην
3365 2421 3495 2498 ἦλθε
3521 2427 3613 2481 τοῦ
3649 2428 3771 2498 βίου

2197 2516 2558 2586 μετάστασιν,
2591 2514 2732 2568 ὥστε
2767 2516 2866 2584 τὴν
2900 2514 3141 2586 κεφαλὴν
3187 2517 3460 2587 κοσμῆσαι
3497 2519 3597 2590 τῆς
3627 2520 3774 2590 νύμο

2193 2625 2300 2678 φης
2329 2609 2442 2671 τοῖς
2467 2609 2586 2660 κατ’
2626 2608 2828 2677 ἀρετὴν
2857 2609 3285 2679 προτερήμασιν.
3314 2603 3445 2662 Είτα
3475 2613 3600 2674 τοὺς
3623 2611 3774 2664 ὀδόν-

2191 2711 2290 2758 τας
2327 2697 2391 2766 τῇ
2419 2693 2707 2766 ἀκολουθίᾳ
2761 2695 2866 2748 τῶν
2904 2696 3143 2750 ἐπαίνων
3184 2700 3212 2751 ό
3237 2698 3407 2766 Λόγος
3458 2700 3767 2772 προτίθησι,

2193 2785 2567 2856 παραδραμὼν
2592 2785 2685 2839 τοῦ
2736 2787 3002 2857 στόματός
3046 2805 3105 2842 τε
3159 2789 3392 2842 καὶτῶν
3436 2790 3659 2860 χειλέων
3697 2793 3769 2845 τά

2193 2876 2464 2948 ἐγκώμια.
2517 2877 2695 2950 Ὅπερ
2735 2878 2882 2945 ἀξιον
2911 2879 2985 2951 μὴ
3025 2880 3268 2952 παριδεῖν
3300 2882 3668 2946 ἀνεξέταστον.
3703 2882 3770 2937 Τί

2192 2968 2254 3039 δή
2281 2986 2413 3022 ποτε
2440 2968 2547 3022 τῶν
2575 2970 2796 3040 χειλέων
2823 2973 2872 3026 οί
2899 2972 3109 3036 ὀδόντες
3142 2975 3200 3027 ἐν
3229 2976 3342 3036 τοῖς
3373 2975 3614 3039 ἐπαίνοις
3635 2993 3772 3046 προ-

2193 3059 2463 3124 τίθενται;
2493 3061 2644 3131 Τάχα
2679 3061 2779 3132 μὲν
2804 3057 2897 3115 οῦν
2945 3063 3088 3116 είποι
3139 3081 3221 3127 τις
3251 3063 3320 3118 ἂν
3349 3064 3770 3138 γλαφυρώτερον

523 3161 695 3214 risum
737 3174 834 3228 per
876 3159 1117 3214 dentium
1164 3159 1586 3229 descriptionem
1621 3161 1790 3216 tacite
1839 3161 2089 3215 indicari.

2198 3151 2254 3206 τὺ
2283 3151 2478 3216 κάλλος
2506 3151 2676 3217 δεῖξαι
2705 3151 3055 3224 βουλόμενος,
3089 3155 3352 3226 μειδίαμα
3384 3157 3647 3227 στόματος
3677 3159 3767 3215 διὰ

525 3249 640 3320 Ego
673 3264 801 3304 vero
844 3251 1144 3320 respiciens
1175 3251 1304 3316 alio,
1347 3252 1592 3307 dentium
1625 3253 2092 3323 pulchritudinem

2198 3246 2296 3316 τῆς
2322 3246 2431 3298 τῶν
2458 3245 2678 3298 ὀδόντων
2702 3246 3025 3318 ὑπογραφῆς
3055 3248 3196 3302 κατὰ
3232 3247 3294 3301 τὸ
3327 3249 3550 3320 λεληθὸς
3577 3267 3766 3304 συνεν-

525 3342 631 3396 alia
676 3342 745 3398 de
794 3356 962 3398 causa
1013 3342 1222 3398 laudari
1266 3344 1416 3414 prius
1447 3361 1613 3416 quam
1665 3360 1764 3410 os,
1815 3346 2091 3402 existimo.

523 3432 660 3486 Nam
691 3433 926 3488 laudatis
949 3434 1057 3496 his.
1082 3449 1151 3488 ne
1176 3435 1388 3489 labrum
1419 3434 1639 3504 quidem
1673 3436 1791 3492 sine
1815 3451 2096 3492 commen-

524 3522 747 3576 datione
776 3523 1036 3591 praeterit,
1069 3538 1192 3578 cum
1238 3525 1314 3578 ait
1357 3525 1528 3595 ipsius
1560 3525 1712 3580 labra
1756 3541 1879 3582 esse
1920 3527 2098 3582 instar

529 3613 759 3666 funiculi
808 3613 1094 3675 coccinei.
1155 3623 1211 3670 et
1263 3615 1532 3686 loquelam
1595 3615 1718 3686 ejus
1768 3617 2092 3688 elegantem.

526 3701 786 3768 Quaenam
817 3711 901 3758 est
935 3703 1100 3770 igitur
1133 3704 1236 3759 hac
1279 3705 1332 3759 in
1375 3715 1525 3775 parte
1573 3707 1890 3774 conjectura
1936 3709 2098 3762 mea?

526 3796 672 3850 Ordo
705 3794 758 3849 in
793 3796 1097 3867 disciplinis
1125 3799 1366 3868 optimus
1396 3805 1499 3860 est,
1533 3798 1769 3868 primum
1800 3799 2005 3863 doceri,
2031 3814 2097 3855 ac

527 3886 724 3942 deinde
763 3887 932 3956 loqui.
981 3886 1306 3959 Disciplinas
1351 3895 1534 3943 autem
1590 3887 1683 3958 qui
1731 3889 1885 3944 cibos
1931 3890 2096 3942 animi

527 3991 652 4032 esse
678 3975 903 4037 dixerit,
941 3991 972 4028 a
1011 3991 1139 4030 vero
1167 3992 1275 4031 non
1307 3976 1603 4030 aberrabit.
1655 3974 1724 4030 Ut
1761 3985 1938 4030 autem
1971 3991 2097 4030 cor-

527 4066 751 4138 poreum
802 4067 1120 4121 alimentum
1177 4069 1434 4123 dentibus
1479 4069 1899 4123 connninuendo
1939 4083 2099 4137 para-

527 4176 675 4224 mus,
699 4160 768 4212 ita
803 4169 862 4212 ut
890 4159 1196 4214 visceribus
1223 4160 1428 4215 nostris
1459 4159 1716 4214 idoneum
1745 4161 1836 4212 fiat
1862 4174 1876 4212 :
1907 4158 2097 4214 eodem

529 4250 698 4304 modo
720 4250 952 4304 facultas
980 4251 1226 4320 quasdam
1258 4251 1416 4306 estin
1445 4250 1646 4312 animo.
1674 4265 1795 4320 qua:
1819 4249 2099 4304 doctrinas

531 4343 876 4405 comminuit,
907 4349 960 4398 et
997 4357 1093 4412 per
1119 4358 1282 4412 quam
1317 4343 1464 4398 utilis
1498 4343 1573 4396 illi
1607 4343 1664 4396 lit
1704 4342 1976 4407 doctrina,
2005 4341 2098 4412 qui

529 4447 650 4487 eam
683 4433 901 4504 recipit.
947 4432 1290 4503 Quapropter
1317 4449 1412 4490 eos
1455 4434 1729 4498 doctores,
1773 4437 1864 4505 qui
1899 4436 2102 4491 doctri-

2199 3337 2533 3392 δείκνυσθαιο
2563 3338 2674 3408 ἐγὼ
2697 3339 2753 3392 δὲ
2782 3339 2917 3411 πρὸς
2943 3341 3128 3412 ἕτερον
3157 3341 3386 3412 βλέπων,
3420 3347 3769 3416 προτερεύειν

2202 3430 2259 3481 ἐν
2282 3431 2394 3492 τοῖς
2438 3429 2677 3493 ἐπαίνοις
2705 3429 2766 3482 τὺ
2793 3430 2900 3484 τῶν
2927 3430 3152 3486 ὀδόντων
3185 3433 3378 3497 κάλλος
3409 3437 3517 3506 πρὸ
3543 3436 3651 3490 τῶν
3675 3438 3768 3490 τοῦ

2204 3521 2466 3591 στόματος
2519 3521 2809 3591 ἐγκωμίων
2855 3521 3160 3592 λογίζομαι.
3205 3523 3362 3578 Μετὰ
3411 3525 3568 3580 τοῦτο
3618 3528 3768 3599 γὰρ,

2202 3611 2322 3665 οὐδὲ
2350 3612 2410 3664 τὸ
2447 3611 2620 3682 χεῖλος
2649 3612 2860 3682 ἀφῆκεν
2889 3614 3335 3684 ἀνεγκωμίαστον
3359 3657 3374 3682 ,
3413 3620 3670 3692 σπαρτίον
3694 3623 3775 3673 εἰ-

2204 3701 2318 3755 πὼν
2344 3701 2592 3756 κόκκινον
2618 3696 2757 3756 εἶναι
2786 3703 2854 3756 τὰ
2885 3703 3037 3776 χείλη
3061 3704 3232 3773 αὐτῆς
3257 3745 3272 3770 ,
3316 3707 3413 3761 καὶ
3447 3707 3544 3779 τὴν
3579 3708 3772 3763 λαλιάν

2203 3793 2432 3866 ὡραίαν.
2462 3793 2527 3845 Τί
2559 3789 2650 3848 οὖν
2689 3794 2718 3846 δ
2750 3796 2879 3865 περὶ
2918 3795 3104 3848 τούτου
3150 3797 3508 3869 στοχάζομαις
3550 3801 3768 3872 Ἀρίστη

2203 3881 2354 3948 τάξις
2386 3883 2444 3934 ἐν
2475 3884 2587 3944 τοῖς
2647 3881 2960 3957 μαθήμασίν
3005 3884 3120 3936 ἐστι
3169 3882 3382 3954 πρῶτον
3428 3885 3772 3940 διδάσκεσθαι

2205 3975 2300 4027 καὶ
2343 3973 2465 4026 τότε
2521 3973 2852 4042 φθέγγεσθαι
2879 3990 2892 4002 ’
2939 3973 3006 4026 τὰ
3041 3973 3099 4026 δὲ
3129 3974 3429 4046 μαθήματα
3469 3977 3566 4047 τῆς
3594 3977 3772 4048 ψυχῆς

2208 4062 2472 4136 βρώματά
2501 4082 2584 4129 τις
2618 4062 2785 4118 εἰπὼν
2818 4060 2986 4127 εἶναι,
3017 4065 3112 4118 τοῦ
3138 4067 3345 4130 εἰκότος
3388 4070 3486 4138 οὐχ
3517 4071 3774 4142 ἁμαρτή-

2207 4173 2378 4231 σεται.
2409 4157 2622 4226 Ὥσπερ
2670 4155 2780 4225 γὰρ
2824 4155 2888 4227 δὴ
2939 4155 3038 4224 τὴν
3083 4155 3397 4226 σωματικὴν
3426 4158 3630 4230 τροφὴν
3659 4164 3772 4222 τοῖς

2205 4250 2380 4304 ὀδοῦσι
2405 4249 2855 4313 καταλεάναντες,
2879 4246 3214 4318 κατάλληλον
3237 4248 3408 4321 αὐτὴν
3435 4253 3547 4315 τοῖς
3574 4251 3775 4318 σπλάγ-

2208 4361 2352 4416 χνοις
2405 4341 2657 4413 γενέσθαι
2705 4339 3194 4411 παρασκευάζομεν
3219 4358 3235 4373 ·
3275 4341 3417 4395 κατὰ
3467 4342 3560 4396 τὸν
3610 4344 3776 4396 αὐτὸν

2207 4435 2404 4508 τρόπον
2436 4432 2550 4486 ἐστί
2579 4450 2660 4495 τις
2705 4431 3132 4502 λεπτοποιητικὴ
3159 4431 3277 4485 τῶν
3307 4431 3646 4503 διδαγμάτων
3677 4434 3773 4486 δύο

531 4538 631 4576 nas
665 4537 788 4576 cum
818 4523 1028 4591 judicio
1055 4522 1278 4576 tradunt
1302 4532 1357 4578 et
1395 4524 1728 4593 partiuntur,
1762 4540 2095 4593 quorumque

2208 4542 2370 4596 ναμις
2396 4527 2452 4578 ἐν
2479 4527 2544 4595 τῇ
2569 4523 2712 4594 ψυχῇ
2733 4565 2747 4588 ,
2775 4523 2840 4576 δι’
2889 4518 2957 4595 ἦς
2983 4521 3238 4593 ὀφέλιμον
3268 4524 3474 4592 γίνεται
3517 4525 3596 4595 τῷ
3620 4525 3772 4595 δεχο-

529 4632 695 4686 opera
734 4617 937 4687 percipi
992 4617 1296 4674 commode.
1326 4617 1578 4672 doctrina
1622 4626 1822 4688 potest,
1858 4628 1912 4673 et
1951 4621 2102 4675 utilis

529 4716 637 4768 est,
677 4705 904 4776 figurate
945 4705 1140 4762 dentes
1188 4707 1278 4762 hic
1320 4709 1582 4779 appellari
1629 4709 1772 4763 dico.
1822 4709 2004 4778 anue
2037 4712 2105 4766 de

532 4814 702 4853 causa
761 4801 914 4869 prius
968 4799 1132 4855 etiam
1183 4801 1374 4857 dentes
1429 4800 1762 4867 laudantur,
1815 4811 1978 4872 atque
2031 4804 2103 4858 ita

532 4891 731 4946 deinde
782 4892 1051 4948 labiorum
1110 4894 1416 4948 encomium
1459 4893 1720 4960 infertur.
1789 4893 1900 4950 Nec
1957 4895 2102 4950 enim

534 4982 678 5036 labia
711 4982 815 5036 sita
851 4982 907 5036 in
948 4983 1220 5054 loquendo
1265 4983 1670 5053 pulchritudine
1710 4982 1967 5041 ﬂorerent
2012 5001 2104 5040 or-

536 5083 686 5137 nata,
717 5073 822 5128 nisi
849 5074 1039 5129 dentes
1067 5090 1160 5144 per
1188 5073 1491 5130 studiosam
1525 5073 1936 5146 disciplinarum
1969 5091 2103 5131 con-

535 5165 942 5235 templationem
976 5166 1136 5220 labiis
1181 5165 1321 5220 hanc
1356 5166 1528 5235 ipsam
1565 5167 1620 5221 in
1668 5168 1939 5237 loquendo
1979 5183 2103 5239 gra-

535 5257 667 5309 tiam
694 5256 1027 5312 conferrent.
1076 5256 1224 5310 Hanc
1257 5272 1358 5312 nos
1387 5273 1611 5312 causam
1642 5258 1974 5328 proferimus
2008 5262 2106 5314 oh-

538 5351 745 5404 servari
779 5350 834 5404 in
865 5350 951 5405 his
982 5349 1382 5406 laudationibus
1408 5350 1641 5406 ordinis.

610 5624 765 5680 Nunc
793 5634 1005 5695 tempus
1036 5624 1216 5688 fuerit,
1251 5635 1310 5678 ut
1337 5624 1391 5679 in
1425 5625 1791 5680 laudationem
1819 5625 1991 5695 ipsam
2023 5629 2106 5680 in-

541 5715 844 5786 quiramus,
879 5715 973 5786 qui
1008 5716 1119 5778 flat,
1145 5725 1203 5770 ut
1227 5715 1471 5771 dentium
1495 5716 1960 5788 pulchritudinem
1985 5735 2108 5772 cum

2208 4619 2353 4689 μένῳ
2378 4619 2438 4671 τὸ
2472 4618 2719 4688 μάθημα.
2758 4617 2897 4680 Τοὺς
2917 4616 3098 4670 τοίνυν
3127 4617 3407 4690 κριτικούς
3431 4635 3491 4671 τε
3520 4622 3613 4672 καὶ
3638 4621 3775 4674 διαιο

2209 4709 2451 4781 ρετικοίις
2473 4706 2581 4760 τῶν
2599 4706 2940 4777 διδαγμάτων
2963 4706 3282 4777 καθηγητὰς
3297 4747 3312 4771 ,
3333 4706 3399 4760 δι’
3416 4700 3490 4760 ὧν
3511 4707 3776 4777 εὔληπτος

2204 4802 2335 4871 ἡμῖν
2381 4799 2592 4867 γίνεται
2649 4798 2743 4852 καὶ
2785 4797 3072 4869 ἐπωφελὴς
3111 4798 3143 4867 ὴ
3177 4796 3528 4861 διδασκαλία,
3559 4797 3772 4862 ὀδόντας

2206 4891 2309 4945 ὑπὸ
2331 4890 2425 4944 τοῦ
2451 4889 2607 4958 λόγου
2637 4889 2781 4960 φημὶ
2809 4887 3084 4959 τροπικῶς
3112 4886 3492 4958 ὀνομάζεσθαι.
3517 4882 3592 4942 Oi}
3615 4888 3772 4958 χάριν

2210 4981 2580 5054 προλαμϐάνει
2609 4981 2719 5034 τῶν
2745 4980 2970 5034 ὀδόντων
2999 4981 3027 5032 ό
3053 4978 3299 5042 ἔπαινος,
3327 4975 3426 5033 εἷθ’
3450 4975 3621 5042 οὕτως
3649 4981 3774 5033 ἐπά-

2209 5092 2363 5144 γεται
2418 5073 2527 5126 τῶν
2559 5071 2780 5143 χειλέων
2811 5071 2872 5124 τὸ
2901 5069 3193 5141 ἐγκώμιον.
3225 5071 3300 5124 Ut’:
3342 5071 3450 5142 γὰρ
3494 5071 3560 5124 ἂν
3609 5072 3775 5142 ἐπήν-

2211 5167 2361 5220 θιστο
2393 5164 2470 5236 τῷ
2515 5163 2717 5234 λογικῷ
2749 5162 2934 5216 κάλλει
2964 5161 3024 5214 τὸ
3057 5161 3230 5232 χεῖλος
3256 5200 3271 5222 ,
3307 5161 3381 5233 μὴ
3409 5161 3516 5214 τῶν
3551 5161 3773 5214 ὀδόντων

2212 5256 2434 5310 ἐκείνων
2465 5255 2554 5310 διά
2585 5255 2684 5326 τῆς
2713 5253 3148 5324 φιλοπονωτέρας
3175 5253 3280 5306 τῶν
3316 5252 3649 5324 μαθημάτων
3675 5270 3773 5306 κα-

2212 5351 2515 5421 τανοήσεως
2543 5347 2640 5419 τὴν
2693 5349 2749 5400 ἐν
2798 5349 2909 5411 τοῖς
2956 5347 3135 5414 λόγοις
3172 5345 3330 5417 χάριν
3381 5345 3776 5400 ἐπιϐαλλόντων

2209 5444 2319 5506 τοῖς
2365 5441 2622 5512 χείλεσιν.
2658 5440 2844 5493 Αίτίαν
2877 5440 2976 5510 μὲν
3007 5435 3099 5494 οῦν
3147 5440 3204 5492 ἐν
3234 5442 3346 5501 τοῖς
3373 5439 3613 5502 ἐπαίνοις
3642 5439 3771 5493 ἀδω-

2208 5534 2427 5597 λουθίας
2450 5533 2652 5603 ταύτην
2680 5532 2900 5586 ἐπὶτῶν
2927 5532 3151 5586 ὀδόντων
3181 5532 3614 5602 κατενοήσαμεν.

2284 5627 2486 5701 Καιρὸς
2515 5625 2559 5679 δ’
2587 5625 2652 5679 ἂν
2685 5627 2768 5696 είη
2814 5625 2908 5678 καὶ
2935 5625 3097 5678 αὐτὸν
3132 5623 3379 5688 ἐξετάσαι
3415 5623 3505 5676 τὸν
3537 5621 3773 5686 ἔπαινον,

2215 5720 2331 5783 πῶς
2358 5718 2693 5787 παραϐάλλει
2713 5717 2774 5771 τὸ
2803 5720 2859 5772 ἐν
2884 5721 2998 5781 τοῖς
3022 5716 3201 5770 ὀδοῦσι
3225 5715 3418 5778 κάλλος
3437 5717 3556 5778 ταῖς
3580 5729 3776 5786 κεκαρ-

541 5807 718 5864 tensis
766 5807 1020 5876 gregibus
1047 5807 1310 5873 conferat,
1360 5824 1481 5879 qua:
1526 5824 1716 5866 recens
1767 5810 1834 5866 de
1893 5811 2095 5866 lavacri

2220 5813 2402 5878 μέναις
2436 5809 2657 5879 ἀγέλαις
2677 5850 2690 5875 ,
2714 5810 2769 5863 αἳ
2803 5808 2898 5864 νῦν
2927 5807 3019 5861 τοῦ
3049 5805 3272 5878 λουτροῦ
3301 5803 3611 5859 ἀναδυεῖσαι
3636 5803 3772 5859 διδύ-
