4028 6538
247 426 356 486 895

1274 440 1661 496 lN.CANTlCA
1685 443 1953 500 CANTIC.
1996 445 2281 501 llOMlLlA
2319 447 2430 504 VII.

3383 450 3490 510 926

247 564 372 617 μοις
408 546 797 615 έπαγάλλοντσι
846 547 1024 612 τόκοις
1076 550 1213 604 κατὰ
1248 552 1310 604 τὸ
1342 552 1454 606 ἴσον
1501 556 1554 607 αἱ
1602 558 1809 609 πᾶσαι·

1922 572 2147 627 egressae
2183 558 2428 629 gemellis
2464 556 2662 613 fetibus
2702 558 2906 629 pariter
2955 574 3146 616 omnes
3187 563 3483 620 exsultant.

246 638 360 706 εχει
402 635 457 688 δὲ
495 636 634 689 κατὰ
662 637 759 707 τὴν
798 638 944 703 λέξιν
975 640 1003 692 6
1033 640 1254 704 ἔπαινος
1291 642 1464 707 οὕτως
1490 660 1505 675 °
1548 647 1819 712 Ὀδόντες

245 744 367 780 σου
404 727 485 793 ὡς
535 727 739 796 ἀγέλαι
780 730 898 783 τῶν
937 734 1315 801 κεκαρμένων
1339 775 1354 798 ,
1405 736 1468 789 αἲ
1510 737 1818 805 ἀνέϐησαν

244 819 366 871 ἀπὸ
412 819 517 871 τοῦ
543 822 802 888 λουτροῦ
829 861 843 881 .
877 825 936 875 αἱ
984 823 1173 878 πᾶσαι
1211 825 1637 896 διδυμεύουσαι
1663 871 1677 892 ,
1718 830 1814 883 καὶ

246 910 589 964 ἀτεκνοῦσα
616 915 726 966 οὐκ
760 913 931 967 ἔστιν
967 915 1061 968 ἐπ’
1092 917 1317 982 αὑταῖς.
1352 920 1523 972 Τοῦτο
1559 922 1738 973 τοίνυν
1768 924 1816 974 εί

246 1002 388 1072 πρὸς
411 1004 470 1055 τὸ
497 1006 803 1074 σωματικὸν
835 1007 929 1059 τοῦ
970 1008 1361 1080 ὑποδείγματος
1391 1010 1662 1082 βλέπομεν
1680 1055 1693 1077 ,
1718 1016 1818 1067 οὐκ

245 1090 365 1147 οἶδα
399 1096 514 1158 πῶς
538 1096 602 1149 ἄν
643 1114 724 1160 τις
748 1100 1086 1153 ἐπαινεῖσθαι
1112 1104 1236 1166 τοὺς
1266 1104 1480 1169 ὀδόντας
1506 1107 1681 1172 εἴποι,
1731 1108 1818 1162 διὰ

245 1187 348 1255 τῆς
406 1188 541 1257 πρὸς
588 1189 684 1252 τὰς
743 1191 1140 1259 πολυγονούσας
1196 1195 1399 1263 ἀγέλας
1460 1198 1814 1270 συγκρίσεως.

261 1278 520 1331 Ὀδόντων
551 1280 649 1350 μὲν
683 1282 789 1354 γάρ
816 1282 1031 1349 ἔπαινος
1051 1325 1065 1349 ,
1096 1288 1129 1357 ἡ
1163 1288 1455 1358 στερῤότης
1485 1292 1601 1342 ἐστὶ
1646 1292 1740 1344 καὶ
1783 1294 1815 1363 ἡ

246 1368 566 1440 ἐναρμόνιος
593 1371 740 1436 θέσις
765 1412 781 1435 ,
818 1376 912 1428 καὶ
939 1375 1000 1427 τὸ
1032 1377 1245 1445 παγίως
1277 1379 1344 1431 δι’
1381 1380 1589 1449 ὁμαλῆς
1634 1398 1690 1433 τε
1726 1383 1818 1434 καὶ

244 1462 540 1516 ἀκολούθου
589 1466 690 1534 τῆς
737 1466 1002 1537 ἁρμονίας
1052 1469 1422 1539 ἐμπεφυκέναι
1468 1475 1581 1535 τοῖς
1616 1473 1815 1537 οὓλοις.

245 1556 311 1605 Ai
340 1554 396 1606 δὲ
429 1555 812 1610 ἀναϐαίνουσαι
837 1559 942 1611 ἀπὸ
966 1559 1058 1611 τοῦ
1088 1560 1310 1631 λουτροῦ
1335 1562 1527 1630 ἀγέλαι
1558 1564 1695 1633 μετά
1721 1566 1819 1635 τῆς

246 1646 467 1717 διδύμου
507 1648 670 1719 γονῆς
709 1650 1176 1705 ἐπισκεδασθεῖσαι
1223 1656 1342 1715 ταῖς
1387 1654 1621 1718 νάπαις,
1663 1656 1819 1710 ποίαν

246 1734 475 1787 ὀδόντων
507 1735 912 1808 ὑπογράφουσιν
961 1738 1109 1807 ὥραν
1160 1739 1237 1808 τῷ
1281 1740 1402 1792 καθ’
1452 1740 1649 1803 ἑαυτὰς
1685 1742 1817 1794 ύπο-

244 1825 497 1896 δείγματι
521 1865 536 1890 ,
576 1829 675 1880 οὐκ
703 1828 847 1881 ἐστιν
876 1831 939 1882 ὲκ
965 1831 1060 1883 τοῦ
1109 1832 1398 1902 προχείρου
1447 1836 1774 1901 κατανοῆσαι
1801 1848 1814 1861 ·

244 1910 393 1969 οὗτοι
446 1912 725 1989 στοιχηδὸν
768 1921 1158 1990 συνεστήκασιν
1208 1922 1541 1993 ὲναρμονίως
1580 1923 1819 1995 ἀλλήλων

247 2010 535 2078 ἐχόμενοι*
580 2013 781 2064 ἐκεῖναι
831 2012 889 2064 δὲ
933 2013 1024 2065 ἀπ’
1051 2013 1292 2084 ἀλλήλων
1341 2015 1817 2070 διασκεδάννυνται

178 2161 189 2172 .
247 2100 386 2170 πρὸς
417 2099 513 2171 τὴν
546 2101 729 2172 χρείαν
770 2103 869 2173 τῆς
911 2104 1080 2174 νομῆς
1121 2105 1493 2176 ἁραιούμεναι.
1531 2107 1690 2160 Ἀλλά
1728 2108 1819 2160 καὶ

247 2194 440 2265 γυμνῷ
471 2195 549 2264 τῷ
595 2196 765 2249 ὀδόντι
798 2197 938 2250 κατὰ
968 2197 1128 2265 φύσιν
1174 2198 1286 2251 ὄντι
1328 2202 1407 2263 εἰς
1441 2199 1725 2271 σύγκρισιν
1756 2201 1816 2253 τό

248 2286 595 2357 ἐρειοφοροῦν
634 2289 733 2341 οὐκ
770 2290 1122 2361 εὐάρμοστον.
1161 2288 1369 2343 Οὐκοῦν
1403 2290 1719 2362 ὲρευνητέον
1752 2290 1816 2343 ἂν

246 2378 334 2447 εἴη
356 2418 370 2441 ,
398 2379 515 2442 πῶς
552 2380 579 2430 ὀ
631 2381 850 2450 κοσμῶν
878 2382 945 2435 δι’
974 2382 1262 2451 ἐγκωμίων
1302 2382 1398 2452 τὴν
1437 2382 1544 2435 τῶν
1592 2383 1817 2435 ὀδόντων

251 2470 611 2543 εὐαρμοστίαν
631 2514 645 2538 ,
678 2478 797 2537 ταῖς
834 2475 1201 2545 διδυμοτόκοις
1234 2476 1456 2543 ἀγέλαις
1486 2476 1817 2545 παραϐάλλει

255 2565 308 2617 c6
334 2564 557 2629 κάλλος,
587 2568 703 2629 ταῖς
731 2567 1194 2637 ἁποκειραμέναις
1217 2568 1278 2620 τὸ
1300 2568 1464 2639 ἔριον,
1489 2568 1582 2620 καὶ
1610 2567 1819 2639 λουτρῷ

250 2654 339 2707 τὸν
366 2655 535 2726 ῥύπον
566 2657 1038 2727 ἁποχλυσαμέναις
1063 2658 1156 2712 τοῦ
1186 2658 1453 2729 σώματος.
1480 2659 1544 2711 Τί
1577 2655 1669 2712 οὗν
1691 2663 1816 2727 περὶ

254 2748 455 2800 τούτων
488 2749 897 2819 άπονοήσομεν;
933 2752 995 2802 Οί
1036 2751 1105 2803 τὰ
1153 2750 1270 2803 θεῖα
1298 2752 1570 2823 μυστήρια
1605 2751 1692 2805 διὰ
1720 2769 1817 2803 σα-

252 2839 521 2909 φεστέρας
566 2840 876 2910 ἐξηγήσεως
906 2841 1345 2906 λεπτοποιοῦντες
1371 2885 1384 2906 ,
1417 2842 1491 2905 ὡς
1521 2843 1815 2913 εύπαράδε-

250 2948 381 2986 κτον
426 2933 524 3001 τὴν
555 2934 928 3005 πνευματικὴν
974 2934 1176 3006 τροφὴν
1206 2934 1415 3005 ταύτην
1448 2935 1698 3004 γενέσθαι
1744 2935 1819 3006 τῷ

249 3025 468 3094 σώματι
501 3025 599 3096 τῆς
636 3027 959 3098 Ἐκκλησίας
979 3070 992 3092 ,
1024 3025 1165 3083 οὗτοι
1196 3031 1254 3082 τὸ
1274 3030 1381 3081 τῶν
1406 3030 1629 3082 ὀδόντων
1661 3029 1819 3099 ἔργον

256 3116 576 3171 ἀποτελοῦσι
599 3160 612 3181 ,
641 3118 817 3195 παχύν
860 3136 916 3173 τε
956 3124 1048 3174 καὶ
1081 3120 1390 3176 συνεστῶτα
1417 3122 1509 3175 τοῦ
1548 3122 1706 3191 λόγου
1730 3122 1819 3174 τὸν

256 3211 417 3280 Ξρτον
442 3209 517 3280 τῷ
542 3210 750 3263 ἑαυτῶν
795 3212 1158 3282 λαμϐάνοντες
1188 3213 1448 3283 στόματι,
1481 3214 1575 3267 καὶ
1610 3214 1696 3268 διὰ
1724 3215 1821 3282 τῆς
1849 3242 1891 3299 C

254 3303 759 3374 λεπτομερεστέρας
786 3302 1057 3374 εὖϐρωτον
1081 3307 1199 3366 ταῖς
1229 3303 1426 3375 ψυχαῖς
1460 3304 1569 3358 τῶν
1601 3305 1823 3375 δεχομέ-

255 3412 360 3447 νων
395 3394 937 3464 παρασκευάζοντες.
970 3390 1081 3448 οἷον
1122 3396 1400 3465 (κρεῖττον
1425 3396 1533 3468 γάρ
1576 3398 1666 3450 ἐπὶ
1697 3399 1827 3451 ὑπο-

254 3486 561 3555 δειγμάτων
590 3488 936 3558 παραστῆσαι
968 3488 1028 3540 τὸ
1060 3487 1258 3558 νόημα)
1328 3491 1356 3541 6
1383 3490 1649 3560 μακάριος
1680 3490 1825 3543 Παῦ-

254 3578 345 3640 λος
371 3574 465 3629 νῦν
503 3578 600 3645 μὲν
621 3578 805 3641 ἁπλῶς
832 3594 889 3630 τε
917 3578 1010 3631 καὶ
1032 3579 1421 3642 ἀκατασκεύως
1441 3620 1454 3642 ,
1489 3579 1677 3652 ὥσπερ
1706 3580 1830 3633 τινὰ

253 3670 445 3739 ψωμὸν
467 3668 874 3739 ἁκατέργαστον
907 3668 1224 3738 προτίθησιν
1258 3671 1390 3740 ἡμῖν
1428 3669 1490 3722 τὸ
1533 3668 1625 3722 τοῦ
1658 3670 1823 3739 νόμου

254 3756 622 3827 παράγγελμα
646 3798 661 3820 ,
704 3757 876 3825 λέγων
896 3775 909 3787 ⁸
937 3760 1017 3809 Οὐ
1040 3758 1324 3828 φιμώσεις
1351 3759 1509 3823 βοῦν
1535 3757 1822 3813 ἀλοῶντα.

256 3851 427 3905 Πάλιν
453 3851 540 3904 διὰ
568 3851 665 3920 τῆς
695 3850 1080 3920 ὲπεξηγήσεως
1103 3851 1401 3915 ἁπαλύνας,
1426 3850 1826 3921 εύπαράδεκτον

254 3947 401 3997 ποιεῖ
426 3944 485 3996 τὸ
518 3942 609 3996 τοῦ
644 3942 812 4014 νόμου
837 3943 1099 4013 βούλημα,
1131 3942 1337 4010 λέγων·
1379 3942 1474 4009 Μὴ
1500 3941 1620 3994 τῶν
1660 3941 1827 4005 βοῶν

252 4032 421 4105 μέλει
450 4030 530 4098 τῷ
557 4031 676 4098 Θεῷ
698 4072 713 4095 ,
742 4032 780 4100 ἢ
807 4032 879 4085 δι’
907 4030 1062 4099 ἡμᾶς
1104 4030 1339 4095 πάντως
1364 4029 1703 4099 ἐγεγράφεις
1732 4029 1825 4082 καὶ

256 4126 395 4180 ἄλλα
420 4124 639 4177 τοιαῦτα
660 4123 829 4177 πολλά
848 4140 859 4150 ·
886 4120 1015 4184 οἷον,
1046 4122 1289 4191 Ἀϐραὰμ
1309 4122 1416 4175 δύο
1436 4122 1601 4186 υἱοὺς
1620 4121 1694 4174 ἐσ
1697 4137 1823 4187 χεν,

256 4217 368 4271 ἕνα
390 4216 457 4268 ἐκ
486 4215 595 4283 τῆς
618 4213 972 4280 παιδίσκης,
1000 4214 1097 4268 καί
1119 4214 1322 4271 ἕναέκ
1354 4211 1461 4279 τῆς
1484 4214 1823 4281 ἐλευθέρας.

257 4306 431 4362 Τοῦτο
452 4310 479 4360 6
512 4306 917 4377 ἁκατέργαστος
947 4307 1126 4376 ἄρτος.
1166 4304 1325 4358 Ἀλλὰ
1364 4306 1480 4368 πῶς
1508 4306 1674 4359 αὑτὸν
1709 4306 1827 4358 δια-

257 4396 537 4451 λεπτύνων
580 4395 832 4465 ἐδώδιμον
880 4398 1022 4448 ποιεῖ
1062 4398 1170 4459 τοῖς
1206 4395 1559 4465 τρεφομένοις
1583 4435 1597 4459 ,
1626 4396 1704 4458 εἰς
1734 4396 1828 4449 δύο

262 4487 541 4557 Διαθήκασ
562 4485 957 4555 μεταλαμϐάνει
1004 4488 1101 4556 τὴν
1154 4487 1393 4559 ἱστορίαν
1419 4527 1433 4546 ,
1472 4486 1570 4558 τὴν
1623 4488 1720 4557 μὲν
1748 4490 1825 4550 εἰς

1922 647 2092 703 Verba
2125 649 2356 703 encomii
2407 650 2519 702 lnec
2565 658 2730 702 sunt:
2772 649 2961 704 Dentes
3010 652 3087 704 tui
3135 653 3270 705 sicut
3310 670 3488 725 greges

1919 748 2214 801 (ansarum,
2262 754 2379 807 qua:
2425 738 2489 792 de
2525 738 2735 792 lavacro
2785 738 3153 803 ascenderunt,
3212 752 3262 795 et
3311 759 3489 797 omnes

1915 830 2145 898 geminos
2200 831 2457 895 pariunt,
2530 844 2689 899 neque
2756 830 2955 884 sterilis
3022 833 3160 884 inter
3213 847 3302 885 eas
3351 832 3485 886 ulla.

1916 920 2033 974 Jam
2071 922 2116 975 si
2148 922 2214 975 ad
2255 935 2571 989 corpoream
2610 920 2775 989 hujus
2802 922 3034 989 exempli
3084 924 3353 977 rationem
3402 938 3490 977 re-

1918 1013 2236 1080 spiciamus,
2278 1012 2421 1065 haud
2452 1013 2567 1066 scio
2593 1013 2682 1081 qui
2716 1014 2888 1079 possit
2920 1013 3120 1082 aliquis
3158 1014 3340 1069 dicere
3370 1015 3491 1069 lau-

1917 1106 2034 1158 dari
2068 1105 2258 1159 dentes
2304 1120 2398 1174 per
2438 1107 2899 1174 comparationem
2951 1106 3257 1160 institutam
3305 1108 3370 1161 ad
3406 1107 3489 1163 fe-

1918 1197 2128 1252 cundas
2159 1212 2369 1267 greges.
2409 1197 2619 1253 Etenim
2655 1198 2898 1251 dentium
2945 1200 3120 1268 posita
3165 1200 3284 1255 laus
3318 1209 3403 1255 est
3434 1202 3489 1254 in

1919 1290 2214 1352 soliditate,
2250 1297 2304 1344 et
2347 1291 2399 1342 in
2438 1291 2544 1345 situ
2577 1298 2703 1359 apto
2746 1300 2908 1360 atque
2934 1292 3216 1359 elegante;
3251 1291 3491 1361 itemque

1918 1384 1973 1438 in
2004 1400 2089 1445 co,
2126 1394 2184 1436 ut
2214 1384 2443 1437 firmiter
2477 1398 2505 1436 a
2538 1393 2731 1436 natura
2773 1382 3025 1451 arquabili
3057 1383 3293 1451 quadam
3323 1386 3490 1439 seriei

1918 1472 2287 1527 concinnitate
2320 1474 2552 1542 gingivis
2589 1473 2739 1526 infixi
2771 1473 2901 1526 sint.
2936 1472 3005 1525 At
3026 1488 3156 1527 vero
3184 1487 3374 1543 greges
3424 1474 3493 1528 de

1919 1563 2138 1618 lavacro
2162 1579 2288 1619 cum
2332 1564 2534 1619 fetibus
2566 1565 2810 1635 gemellis
2852 1565 3236 1626 ascendentes,
3289 1580 3494 1635 perque

1922 1656 2096 1709 saltus
2149 1655 2405 1725 dispersi,
2466 1657 2682 1726 qualem
2728 1655 2970 1711 dentimn
3029 1655 3491 1723 pulchritudinem

1922 1747 2080 1801 nobis
2113 1746 2429 1818 depingant,
2482 1762 2589 1801 non
2640 1754 2723 1801 est
2771 1748 2826 1801 in
2868 1747 3094 1816 proclivi
3150 1748 3489 1817 perspicere.

1921 1840 2054 1894 Nam
2092 1842 2280 1896 dentes
2312 1849 2463 1895 certa
2502 1841 2644 1895 serie
2671 1842 3005 1901 consistunt,
3059 1838 3326 1892 concinna
3352 1853 3492 1908 qua-

1853 1914 1893 1967 υ
1921 1932 2044 1985 dam
2079 1932 2290 1985 ratione
2325 1931 2429 1986 sibi
2462 1931 2694 1985 invicem
2731 1930 3005 2000 contigui:
3038 1944 3162 1982 cum
3195 1944 3386 1998 greges
3414 1929 3493 1983 illi

1922 2021 2153 2090 sparsim
2180 2037 2208 2074 a
2231 2036 2289 2074 se
2315 2021 2546 2074 invicem
2571 2018 2878 2081 discedant,
2899 2018 3105 2086 passim
3127 2029 3490 2079 rarescentcs,

1922 2124 1980 2167 ut
2006 2112 2372 2167 necessarium
2409 2112 2512 2165 sibi
2541 2119 2757 2180 pastum
2787 2122 3054 2181 quaerant.
3092 2109 3356 2164 Praeterea
3385 2125 3492 2164 non

1920 2204 2173 2259 convenit
2194 2204 2408 2256 dentem
2439 2217 2469 2255 a
2497 2211 2691 2254 natura
2726 2201 2931 2253 nudum
2959 2215 3081 2253 cum
3115 2200 3219 2253 hoc
3246 2201 3491 2263 animali,

1918 2294 2062 2364 quod
2093 2296 2270 2347 lanam
2310 2295 2468 2363 gerit,
2511 2294 2839 2361 comparari.
2869 2291 3216 2362 Quapropter
3270 2294 3494 2346 investi-

1920 2386 2155 2455 gandum
2189 2384 2349 2438 nobis
2394 2394 2497 2448 est,
2549 2384 2643 2453 qui
2676 2383 2769 2436 fiat
2798 2392 2856 2436 ut
2887 2384 3155 2438 encomiis
3188 2383 3494 2453 pulcherri-

1918 2462 2063 2529 mam
2093 2474 2336 2528 dentium
2368 2474 3149 2541 concinnitatem,cclebrans,
3186 2474 3327 2528 hanc
3372 2474 3493 2527 illo-

1921 2583 2039 2621 rum
2066 2568 2386 2638 elegantiam
2411 2582 2534 2620 cum
2556 2566 2812 2636 gregibus
2838 2567 3097 2636 gemellos
3131 2566 3493 2635 parientibus,

1920 2658 2118 2726 qnlbus
2149 2658 2391 2712 detonsae
2432 2658 2568 2711 lana:
2598 2656 2729 2719 sint,
2777 2648 3009 2726 qumque
3049 2659 3266 2711 lavacro
3299 2658 3492 2711 sordes

1920 2750 2164 2819 corporis
2191 2750 2482 2811 abluerint,
2512 2748 2780 2803 conferat.
2825 2748 2964 2815 Quid
3004 2765 3136 2818 ergo
3163 2750 3231 2804 de
3274 2748 3360 2803 his
3390 2765 3493 2803 nos

1921 2839 2329 2910 indagabimus?
2372 2839 2695 2909 Quicunque
2751 2840 2935 2893 divina
2984 2840 3243 2909 mysteria
3279 2842 3492 2910 perspi-

1920 2949 2021 2987 cua
2051 2934 2283 3002 quadam
2308 2933 2653 2987 enarratione
2684 2933 2843 3001 quasi
2877 2934 3279 2994 comminuunt,
3314 2934 3496 2986 utali-

1922 3035 2163 3079 mentum
2180 3025 2461 3095 spirituale
2479 3024 2692 3078 facilius
2720 3023 2891 3092 accipi
2918 3038 2947 3076 a
2971 3038 3202 3091 corpore
3233 3022 3495 3079 Ecclesia:

1922 3115 2116 3185 possit,
2155 3114 2207 3167 hi
2239 3115 2482 3168 dentium
2522 3128 2659 3184 Opus
2690 3114 3009 3178 conficiunt,
3045 3127 3403 3183 crassumque
3438 3123 3495 3169 et

1922 3207 2307 3261 consistentem
2358 3206 2507 3260 verbi
2560 3220 2753 3275 panem
2799 3220 2903 3259 suo
2958 3220 3052 3258 ore
3094 3216 3392 3270 sumentes,
3440 3214 3495 3260 et

1927 3311 2022 3367 per
2047 3297 2382 3351 subtiliorem
2431 3298 2941 3366 contemplationem
2974 3305 3160 3367 aptum
3200 3297 3319 3352 esui
3366 3296 3493 3352 red-

1926 3389 2116 3443 dentes
2148 3388 2346 3443 animis
2392 3402 2581 3441 eorum
2618 3388 2710 3457 qui
2763 3387 3094 3458 suscipiunt,
3150 3398 3210 3444 ut
3260 3390 3493 3459 exempli

1926 3495 2092 3535 causa
2124 3480 2340 3550 (melius
2368 3490 2453 3534 est
2482 3480 2628 3535 enim
2655 3480 2918 3548 exemplis
2939 3494 3163 3536 sensum
3194 3482 3493 3551 exponere)

1927 3573 2118 3627 beatus
2154 3571 2357 3625 Paulus
2396 3585 2542 3625 nunc
2584 3570 2803 3641 quidem
2843 3570 3168 3641 simpliciter
3202 3582 3256 3627 et
3287 3572 3511 3643 absqne'

1927 3666 2034 3719 ulla
2075 3663 2489 3734 prazparatione,
2523 3672 2781 3732 tanquam
2811 3661 3047 3719 frustum
3078 3664 3351 3735 quoddam
3383 3681 3493 3720 non

1925 3755 2257 3817 confectum,
2282 3754 2440 3809 nobis
2456 3755 2712 3824 proponit
2740 3756 2873 3825 legis
2898 3766 3248 3824 praeceptum,
3273 3756 3489 3810 dicens:

1929 3846 2049 3901 Non
2073 3846 2345 3901 obturabis
2371 3864 2426 3900 os
2466 3846 2580 3900 bovi
2622 3848 2899 3901 trituranti
2921 3840 2989 3903 “.
3024 3847 3237 3903 Rursus
3268 3865 3387 3902 cum
3441 3849 3494 3904 id

1927 3937 2338 3991 comminuisset
2363 3951 2459 4005 per
2488 3936 2908 4005 expositionem,
2954 3937 3084 3990 facit
3124 3946 3183 3992 ιιι
3231 3938 3367 4006 legis
3400 3954 3495 3991 vo-

1930 4031 2108 4082 luntas
2136 4026 2295 4081 facile
2325 4027 2492 4096 possit
2513 4027 2706 4096 accipi,
2740 4027 2964 4081 dicens:
3002 4026 3148 4080 Num
3170 4027 3320 4082 boves
3353 4045 3495 4083 cura

1926 4128 2049 4174 sunt
2081 4117 2204 4181 Deo,
2246 4134 2314 4170 an
2355 4127 2566 4186 propter
2594 4134 2687 4170 nos
2728 4118 2940 4171 omnino
2974 4120 3173 4187 scripta
3195 4121 3413 4173 sunt"?
3440 4128 3495 4173 et

1927 4212 2031 4266 alia
2080 4212 2244 4264 multa
2298 4209 2591 4279 ejusmodi,
2647 4218 2724 4275 ut,
2780 4209 3050 4263 Abraham
3096 4212 3230 4264 duos
3273 4211 3495 4265 habebat

1928 4304 2088 4373 ﬁlios,
2144 4319 2305 4356 unum
2348 4316 2412 4357 ea;
2459 4302 2677 4364 ancilla,
2722 4311 2772 4355 et
2793 4318 2955 4354 unum
2986 4317 3050 4355 ετ
3085 4301 3253 4355 libera
3281 4303 3349 4355 ⁸⁸.
3397 4302 3496 4357 llic

1928 4395 2083 4464 panis
2122 4402 2205 4447 est
2234 4408 2339 4446 non
2387 4392 2691 4446 conlectus.
2731 4390 2837 4444 Sed
2867 4391 3091 4461 quando
3139 4408 3262 4447 eum
3302 4392 3496 4447 deinde

1928 4484 2325 4548 counninucns,
2378 4483 2506 4535 facit
2530 4483 2873 4537 esculentum
2912 4484 2978 4539 iis
3023 4486 3116 4554 qui
3155 4488 3492 4550 nutriuntur,

254 4573 542 4626 δουλείαν
561 4573 873 4642 γεννῶσαν
895 4591 908 4603 ·
934 4575 1048 4642 τὴν
1070 4574 1137 4627 δὲ
1157 4576 1265 4643 τῆς
1289 4575 1572 4643 δουλείας
1587 4575 1819 4630 ἐλευθεο

1930 4574 1995 4627 atl
2036 4574 2497 4629 dnoTestamenta
2530 4574 2795 4628 transfert
2840 4575 3144 4639 historiam,
3180 4592 3341 4629 unum
3376 4577 3494 4645 qui-

251 4663 516 4735 ροῦσαν.
548 4664 703 4720 υῦτω
729 4668 823 4720 καὶ
850 4672 1026 4721 πάντα
1050 4667 1139 4721 τὸν
1162 4669 1341 4738 νόμον,
1380 4669 1465 4721 ἵνα
1502 4669 1575 4739 μὴ
1600 4670 1667 4722 τά
1701 4669 1817 4722 καθ’

254 4756 489 4809 ἕκαστον
512 4756 757 4827 λέγοντες
780 4760 1161 4830 διατρίϐωμεν,
1196 4760 1508 4831 παχυμερὲς
1538 4760 1696 4829 σῶμα
1725 4759 1821 4812 λα-

257 4845 394 4915 ϐὼν,
422 4847 768 4904 λεπτύνειδιά
794 4851 892 4921 τῆς
912 4850 1160 4922 θεωρίας.
1183 4852 1543 4921 πνευματικὸν
1570 4850 1730 4903 αὑτὸν
1759 4852 1824 4903 ὲκ

265 4941 581 5010 σωματικοῦ
604 4941 965 5013 ἐργαζόμενος
991 4960 1004 4974 ·
1036 4941 1316 5013 οῖδαμεν,
1341 4943 1533 5011 λέγων,
1560 4942 1695 4997 ὄτιό
1721 4943 1821 4996 νό-

254 5049 370 5103 μος
397 5032 793 5100 πνευματικός
820 5031 1006 5085 ἐστιν.
1027 5032 1205 5102 Ὅπερ
1233 5032 1409 5085 τοίνυν
1443 5033 1534 5084 ἐπὶ
1559 5034 1648 5086 τοῦ
1681 5034 1823 5088 Παύ-

255 5126 353 5177 λου
382 5128 813 5196 κατενοήσαμεν,
849 5124 924 5188 ὡς
955 5124 1179 5178 ὀδόντων
1207 5124 1365 5196 χρεία
1395 5128 1461 5197 τῇ
1498 5127 1822 5197 Ἐκκλησία,

255 5216 610 5288 πληρούντων
654 5220 709 5272 ἐν
741 5219 818 5290 τῷ
849 5217 1216 5271 διαλεπτύνειν
1248 5217 1345 5288 τὴν
1390 5217 1499 5271 τῶν
1543 5218 1825 5288 δογμάτων

259 5311 556 5378 σαφήνειαν
576 5326 589 5339 ·
615 5309 772 5363 τοῦτο
813 5309 908 5362 καὶ
933 5309 1026 5362 ἐπὶ
1054 5310 1249 5372 παντὸς
1282 5310 1375 5363 τοῦ
1424 5311 1561 5364 κατὰ
1597 5296 1826 5381 μίμησιν

257 5398 469 5455 ἐκείνου
520 5401 908 5472 διασαφοῦντος
959 5404 1089 5474 ἡμῖν
1135 5402 1195 5455 τὸ
1235 5404 1528 5473 μυστήριον
1573 5402 1821 5470 λέγομεν.

258 5493 470 5547 Ούκοῦν
498 5493 707 5557 ὀδόντές
738 5496 841 5548 είσι
872 5496 970 5566 τῆς
1016 5495 1343 5567 Ἐκκλησίας
1369 5497 1417 5548 οί
1452 5495 1549 5566 τὴν
1592 5494 1827 5563 ἀκατέρ-

258 5599 462 5651 γαστον
494 5585 600 5637 τῶν
635 5584 793 5638 θείων
825 5586 1020 5655 λογίων
1051 5587 1190 5641 πόαν
1221 5586 1668 5649 λεπτοποιοῧντες
1697 5588 1829 5657 ἡμῖν

258 5678 358 5732 καὶ
420 5677 831 5748 μηρυκίζοντες.
882 5679 1093 5747 Ὥσπερ
1146 5680 1327 5733 τοίνυν
1364 5679 1670 5749 ὑπογράφει
1723 5677 1831 5730 τῶν

338 5858 383 5890 ⁸⁸
410 5858 428 5913 ι
460 5860 583 5915 Cor.
619 5877 695 5925 lx,
733 5860 767 5917 Ω
799 5877 956 5928 sqq.;
992 5859 1143 5916 Deut.
1205 5876 1329 5923 xxv,
1364 5862 1411 5913 ί.

1492 5861 1529 5891 ’³⁷
1568 5859 1701 5915 ibid.
1776 5860 1819 5890 ³⁵⁸
1845 5856 2024 5914 Galat.
2068 5875 2147 5920 tv,
2182 5856 2252 5912 2'2
2301 5874 2421 5930 sqq.

1928 4666 2043 4719 dem
2067 4682 2318 4736 generous
2347 4665 2415 4717 ad
2452 4667 2769 4739 servitutem,
2803 4666 3029 4720 alterum
3060 4676 3232 4721 autem
3264 4668 3495 4721 liberans

1929 4777 1962 4812 a
1992 4760 2257 4813 servitute.
2290 4756 2381 4812 Sic
2409 4765 2463 4813 et
2502 4759 2811 4813 universam
2846 4758 3041 4827 legem,
3073 4775 3141 4814 ne
3176 4759 3229 4813 in
3265 4761 3495 4828 singulis

1930 4852 2304 4909 immoremur,
2350 4864 2473 4904 cum
2504 4864 2622 4904 eam
2652 4849 2954 4920 accepisset
2992 4864 3240 4906 crassum
3272 4866 3492 4921 corpus,

1930 4943 2252 4998 comminuit
2282 4957 2379 5011 per
2403 4943 2939 5012 contemplationem,
2970 4958 3088 4998 eam
3121 4960 3186 4999 ex
3225 4943 3494 5013 corporali

1929 5037 2164 5091 elliciens
2200 5035 2562 5105 spiritualem,
2606 5036 2828 5091 dicens:
2873 5035 3080 5091 Scimus
3119 5037 3256 5106 quod
3291 5038 3375 5090 lex
3415 5045 3494 5090 est

1930 5127 2225 5197 spiritualis
2250 5126 2311 5179 δ’.
2346 5125 2503 5191 Quod
2529 5142 2661 5196 ergo
2691 5129 2744 5182 in
2774 5126 2943 5183 Paulo
2987 5129 3491 5190 animadvertimus,

1934 5221 2173 5277 Ecclesia
2220 5235 2357 5289 opus
2387 5220 2549 5275 habet
2591 5220 2847 5277 dentibus
2886 5222 2954 5276 ad
2992 5222 3389 5277 conciliandam
3437 5222 3493 5275 in

1930 5310 2348 5366 comminuendo
2393 5309 2739 5380 dogmatibus
2765 5312 3068 5367 claritatem
3119 5329 3132 5341 ·
3185 5312 3286 5365 hoc
3328 5312 3492 5365 etiam

1931 5405 2165 5460 dicimus
2193 5404 2245 5458 in
2276 5404 2388 5469 illo,
2437 5405 2530 5474 qui
2559 5404 2625 5458 ad
2665 5406 2785 5472 ejus
2821 5405 3178 5459 imitationem
3212 5404 3367 5459 nobis
3394 5405 3495 5459 de-

1926 5496 2096 5549 clarat
2125 5494 2405 5566 mysteria.
2434 5494 2571 5549 Sunt
2594 5510 2723 5564 ergo
2750 5495 2942 5549 dentes
2960 5493 3232 5556 Ecclesiae,
3263 5495 3353 5562 qui
3384 5507 3493 5548 non

1926 5587 2231 5643 confectam
2249 5588 2555 5642 divinorum
2572 5588 2912 5657 eloquiorum
2939 5587 3160 5641 herbam
3178 5587 3335 5641 nobis
3352 5601 3497 5642 com-

1929 5683 2182 5735 minuunt
2210 5688 2262 5735 et
2292 5680 2588 5735 ruminant.
2622 5679 2741 5746 Quo
2786 5680 2946 5733 modo
2991 5694 3119 5748 ergo
3162 5694 3354 5735 eorum
3399 5677 3501 5752 qui

2504 5858 2543 5891 "
2603 5858 2755 5914 llom.
2826 5874 2923 5923 vn,
2972 5858 3055 5913 ιιι.
