4028 6534
544 397 653 456 9‘27
1741 400 1798 456 S.
1825 399 2154 456 GREGORII
2180 398 2476 456 NYSSENI
3691 393 3804 450 9‘58

550 521 754 572 bonum
785 532 926 586 npus
967 517 1316 586 episc0patus
1343 516 1652 572 desiderant
1675 520 1744 582 '°,
1783 521 1997 588 singula
2029 519 2106 572 di-

2214 517 2304 570 τοῦ
2335 517 2500 570 καλοῦ
2527 515 2686 588 ἔργον
2713 513 2814 584 τῆς
2846 512 3154 582 ἕπεο-κοπῆς
3185 511 3526 582 ὀρεγομένων
3557 509 3650 562 τὸν
3685 509 3805 579 βίον

549 609 711 664 vinus
745 612 1234 680 describitPaulus,
1252 621 1304 665 et
1323 613 1576 664 convenit
1611 627 1736 666 eum
1787 613 1880 681 qui
1923 627 2119 666 latinus

2220 612 2248 663 ό
2281 609 2420 673 θεῖος
2463 607 2779 670 Ἀπόστολος
2804 647 2817 667 ,
2866 606 3042 674 λέγων
3087 605 3154 658 τὰ
3198 605 3318 656 καθ’
3360 605 3590 656 ἕκαστον
3616 643 3630 665 ,
3687 597 3801 656 οἷον

549 700 750 769 accipit
777 700 1148 770 episcopatus,
1191 717 1314 755 cutn
1339 698 1594 756 omnibus
1620 703 1818 756 habere
1843 705 2004 758 etiam
2029 704 2122 756 do—

2221 699 2359 755 εἷναι
2379 701 2645 772 προσήκει
2676 701 2764 754 τὸν
2796 699 2896 767 τῆς
2929 697 3228 768 ἱερωσύνης
3265 695 3696 766 ἐπειλημμένον,
3727 694 3801 759 ὡς

549 792 705 846 ccndi
763 793 990 861 gratiam
1027 812 1039 846 :
1078 793 1158 847 sic
1204 794 1292 848 hic
1339 809 1454 856 eos,
1509 795 1600 862 qui
1637 794 1704 847 ad
1755 795 2118 850 ministerium

2225 800 2361 865 μετὰ
2393 795 2607 848 πάντων
2633 795 2727 846 καὶ
2765 793 2862 862 τὴν
2889 790 3198 860 διδακτικὴν
3225 791 3384 860 χάριν
3408 789 3572 858 ἔχειν’
3619 787 3800 850 οὕτως

553 882 798 934 dentium
831 881 1066 935 ordinati
1105 891 1231 936 sunt
1261 883 1313 936 in
1347 883 1607 950 Ecclesia,
1649 885 1766 938 vult
1803 886 1978 938 oratio
2001 885 2121 954 qui-

2223 892 2454 947 ἐνταῦθα
2478 894 2603 954 τοὺς
2633 892 2711 952 εἰς
2737 889 2962 941 ὀδόντων
2994 887 3292 958 ὑπηρεσίαν
3323 885 3696 954 τεταγμένους
3743 884 3801 934 ὲν

549 972 670 1026 dem
703 972 933 1039 primmn
963 989 1088 1028 esse
1129 983 1336 1037 tensos,
1368 976 1472 1030 hoc
1504 983 1587 1030 est
1625 975 1858 1030 nudatos
1885 977 2122 1044 pondere

2221 990 2287 1056 τῇ
2331 985 2628 1055 Ἐκκλησία
2699 983 2948 1053 βούλεται
2999 984 3026 1034 ὁ
3062 981 3218 1048 λόγος
3269 979 3484 1050 πρῶτον
3515 977 3803 1048 κεκαρμέ-

552 1064 848 1127 ιιιοιετὶΑΙί,
892 1065 1084 1120 deinde
1137 1067 1354 1121 lavacro
1392 1067 1740 1122 conscientiae
1781 1081 1906 1122 esse
1955 1081 2122 1136 puros

2223 1097 2347 1143 νους
2372 1074 2510 1132 εἶναι
2531 1119 2544 1138 ,
2576 1077 2820 1130 τουτέστι
2865 1077 3045 1144 πάσης
3079 1073 3266 1142 ὑλικῆς
3310 1071 3602 1142 ἀχθηδόνος
3633 1088 3801 1138 γεγυ-

551 1158 619 1208 ab
647 1157 792 1209 omni
831 1157 1246 1225 inquinamento
1277 1159 1457 1212 carnis
1485 1169 1542 1213 et
1569 1159 1832 1228 spiritus:
1862 1167 2122 1228 pra-terea

2229 1171 2540 1242 μνωμένους
2557 1186 2569 1200 '
2598 1164 2715 1222 εἶτα
2738 1168 2814 1238 τῷ
2841 1166 3049 1238 λουτρῷ
3075 1167 3172 1235 τῆς
3215 1163 3569 1234 συνειδήσεως
3595 1161 3803 1224 trav-rb;

551 1264 768 1316 sstnpcr
798 1265 892 1318 per
917 1251 1220 1319 profectum
1257 1252 1550 1306 ascendere
1580 1260 1634 1306 et.
1665 1269 1942 1320 nunquam
1978 1259 2124 1306 retro

2230 1262 2500 1334 μολυσμοῦ
2523 1262 2722 1332 σαρκὸς
2749 1261 2841 1314 καὶ
2866 1258 3170 1328 πνεύματος
3195 1257 3598 1325 καθαρεύοντας
3619 1274 3632 1286 ·
3657 1254 3801 1326 πρὸς

555 1341 690 1394 trahi
725 1341 790 1394 ad
831 1341 1188 1408 barathrum;
1245 1351 1520 1411 postremo
1565 1353 1744 1398 autem
1783 1345 1984 1413 duplici
2023 1345 2122 1398 bo-

2225 1355 2433 1418 τούτοις
2468 1358 2546 1416 εἰς
2565 1355 2652 1406 ἀεὶ
2685 1353 2773 1406 διὰ
2805 1351 3085 1421 προκοπῆς
3111 1349 3500 1411 ἀναϐαίνοντας
3522 1389 3534 1408 ,
3567 1349 3662 1399 καὶ
3695 1365 3801 1418 μη-

555 1447 746 1486 norum
777 1435 1137 1499 conceptione
1167 1435 1404 1502 proﬁteri
1441 1437 1844 1505 generationem
1886 1438 1938 1490 in
1977 1437 2126 1491 omni

2226 1449 2416 1501 δέποτε
2449 1448 2586 1519 πρὸς
2612 1445 2673 1498 τὸ
2702 1444 2936 1516 ἔμπαλιν
2981 1441 3452 1513 κατασυρομὲνους
3485 1441 3576 1491 ἐπὶ
3607 1439 3668 1492 τὸ
3699 1439 3801 1508 βά-

555 1540 754 1594 genere
780 1527 1020 1584 virtutis.
1051 1534 1124 1581 et-
1145 1527 1196 1580 in
1227 1529 1375 1582 nullo
1409 1529 1640 1584 honesto
1664 1530 1848 1584 studio
1875 1541 1929 1585 et
1966 1547 2126 1586 exer-

2232 1539 2426 1609 ραθρον
2446 1556 2462 1572 ·
2521 1537 2610 1591 ἐπὶ
2645 1537 2778 1588 πᾶσι
2803 1535 2859 1588 δὲ
2889 1533 3102 1595 διπλαῖς
3127 1535 3247 1594 ταῖς
3273 1529 3380 1583 τῶν
3407 1529 3628 1598 ἀγαθῶν
3657 1545 3804 1598 κυη-

553 1617 684 1672 Citio
723 1633 846 1673 8553
877 1625 990 1672 5181·
993 1619 1110 1674 “es.
2233 1632 2416 1701 μάτων
2441 1631 2622 1696 γοναῖς
2664 1628 2802 1680 κατὰ
2837 1627 2941 1677 πᾶν
2971 1619 3108 1686 εἶδος
3134 1622 3331 1691 ἀρετῆς
3373 1620 3804 1690 ὲπαγάλλεσθαι,

985 1775 988 1777 λ
2229 1723 2322 1775 καὶ
2353 1723 2408 1774 ἐν
2445 1719 2631 1791 μηδενὶ
2663 1719 2769 1770 τῶν
2801 1717 2982 1770 καλῶν
3012 1714 3458 1784 ἐπιτηδευμάτων
3491 1714 3731 1780 ὰγονεῖν.

623 1801 828 1870 Duplex
873 1814 1052 1860 autem
1097 1817 1394 1873 conceptus
1419 1805 1634 1860 exsistit
1665 1807 1896 1876 miiigma
1928 1821 2128 1877 appro-
2163 1873 2197 1880 _

2301 1814 2374 1866 Τὸ
2404 1813 2459 1865 δὲ
2492 1810 2713 1864 διπλοῦν
2745 1809 2952 1880 κύημα,
2998 1809 3225 1876 αἴνιγμα
3251 1805 3349 1875 τῆς
3381 1805 3504 1879 καθ’
3535 1804 3803 1872 ἑκάτερον

553 1894 794 1950 hationis
819 1895 1106 1962 utriusque
1134 1911 1324 1950 eorum
1355 1913 1477 1966 qua:
1503 1897 1922 1953 considerantur
1945 1900 1998 1954 in
2030 1916 2126 1955 no—

2235 1902 2438 1972 γίνεται
2467 1901 2573 1954 τῶν
2597 1903 2655 1953 ἐν
2687 1902 2820 1969 ἡμῖν
2847 1897 3184 1966 νενοημένων
3207 1895 3626 1963 εύδοκιμήσεως,
3657 1892 3803 1945 ὥστε

553 1987 660 2044 his.
703 1994 764 2040 ut
794 1987 1061 2056 ejusmodi
1095 1988 1286 2044 dentes
1333 1991 1591 2057 gemellos
1639 1992 1876 2060 pariant,
1931 1993 2127 2046 anima:

2231 1993 2612 2062 διδυμοτόκους
2647 1989 2784 2043 εἶναι
2827 1993 2950 2051 τοῦς
2995 1987 3268 2048 τοιούτους
3310 1985 3524 2046 ὀδόντας
3549 2001 3562 2014 ο
3597 1987 3665 2054 τῇ
3705 1985 3805 2053 μὲν

553 2076 773 2145 quidem
803 2077 1282 2146 impatibilitatem,
1318 2081 1442 2134 vita:
1469 2089 1650 2136 autem
1697 2083 1964 2152 corporali
2000 2099 2127 2153 pm-

2231 2087 2374 2156 ψυχῇ
2405 2083 2502 2154 τὴν
2527 2082 2812 2145 ἀπάθειαν,
2837 2081 2915 2149 τῷ
2950 2079 3005 2132 δὲ
3036 2075 3328 2147 σωματικῷ
3359 2075 3457 2145 βίῳ
3487 2075 3584 2144 τὴν
3613 2075 3809 2144 εὐσχη-

557 2179 806 2222 creantes
851 2167 1234 2234 honestatem;
1289 2169 1570 2237 subjungit
1601 2169 1685 2224 his
1731 2181 2129 2240 consequenter

2237 2177 2476 2248 μοσύνην
2514 2173 2848 2242 γεννῶντας·
2884 2172 3076 2238 ἐπάγει
3114 2167 3321 2228 τούτοις
3363 2167 3454 2218 τὸν
3482 2165 3549 2218 δι’
3575 2163 3807 2218 ἀκολού-

557 2257 772 2314 laudem
803 2259 970 2314 labris
1013 2259 1449 2322 convenientem,
1487 2259 1576 2314 ﬁlo
1617 2261 1880 2315 coccineo
1921 2263 2129 2316 assimi-

2235 2271 2328 2324 θου
2379 2267 2750 2336 ὲπιπρέποντα
2801 2267 2911 2326 τοῖς
2958 2261 3192 2332 χείλεσιν
3247 2258 3488 2320 ἔπαινον,
3549 2257 3809 2325 σπαρτίῳ

556 2349 679 2404 laus
726 2349 1207 2420 pulchritudinem.
1267 2351 1426 2419 cujus
1479 2351 1986 2420 interpretationem
2047 2355 2128 2410 eis

2234 2360 2566 2425 κοκκοϐαιρεί
2600 2354 2947 2427 παρεικάζων
2977 2354 3037 2406 τὸ
3065 2351 3281 2417 κάλλος,
3302 2343 3361 2402 οὗ
3389 2349 3482 2417 τὴν
3507 2348 3809 2427 ἑρμηνείαν

557 2440 864 2508 subjunxit,
925 2441 1224 2512 pulchrum.
1263 2456 1571 2496 sermonem
1617 2443 1765 2497 ﬁlum
1817 2445 2124 2499 nominans.

2237 2451 2397 2512 αὐτὸς
2429 2423 2707 2521 ἐπήγαγεν
2731 2489 2744 2508 ,
2782 2446 2972 2499 λαλιὰν
3027 2443 3236 2514 ὡραίαν
3277 2445 3338 2494 τὸ
3373 2423 3630 2511 σπαρτίον
3670 2457 3805 2492 κατ-

555 2529 670 2585 lloc
699 2540 882 2586 autem
927 2532 982 2585 in
1009 2531 1078 2584 iis
1115 2546 1236 2600 quae
1267 2540 1668 2601 praecesserunt
1709 2532 1821 2602 jam
1860 2543 1940 2588 est
1975 2536 2128 2604 prius

2237 2543 2526 2614 ονομάσας.
2570 2540 2740 2593 Τοῦτο
2765 2539 2821 2591 δὲ
2855 2541 2911 2590 ὲν
2931 2539 3041 2600 τοῖς
3075 2535 3341 2605 φθάσασιν
3367 2532 3464 2603 ήδη
3497 2531 3807 2603 προτεθεώ-

555 2623 986 2684 consideratutn,
1050 2637 1250 2692 nempe
1311 2623 1766 2692 quemadmodum
1828 2624 2128 2679 ministerio

2237 2653 2416 2710 ρηται,
2449 2633 2564 2696 πῶς
2595 2635 2659 2702 τῇ
2689 2630 2796 2682 τῶν
2823 2629 3050 2682 ὀδόντων
3089 2625 3359 2696 ὑπηρεσίᾳ
3383 2626 3443 2677 τδ
3475 2626 3531 2676 ὲν
3559 2623 3670 2685 τοῖς
3697 2621 3805 2691 χεί-

487 2751 494 2762 -
557 2717 828 2778 dentium,
874 2727 996 2783 quae
1038 2723 1120 2768 est
1168 2713 1221 2766 in
1263 2714 1454 2777 labris,
1489 2723 1716 2770 ornatur
1759 2715 2078 2784 pulchritudi

2233 2727 2381 2780 λεσιν
2413 2724 2705 2797 ὡραϊζεται
2737 2721 2950 2784 κάλλος.
2991 2721 3068 2790 Τῇ
3105 2719 3212 2789 γὰρ
3244 2718 3348 2770 τῶν
3386 2717 3632 2780 ὀδόντων,
3679 2733 3803 2768 του-

559 2808 664 2862 Per
703 2806 895 2862 dentes
931 2807 1098 2868 enim,
1135 2807 1236 2861 hoc
1278 2815 1362 2862 est
1399 2823 1493 2878 per
1518 2809 1914 2878 expositionem
1946 2807 2130 2862 docte-

2234 2820 2384 2872 τέστι
2427 2817 2532 2870 τῶν
2564 2812 2953 2870 διδασκαλικῶν
2987 2811 3362 2881 ύφηγημάτων
3395 2810 3453 2862 τὸ
3499 2809 3672 2879 στόμα
3702 2809 3804 2879 τῆς

559 2915 704 2963 rum,
738 2899 898 2953 simul
925 2898 1166 2968 loquitur
1194 2913 1258 2952 os
1285 2899 1556 2954 Ecclesia.
1581 2900 1872 2969 Propterea
1893 2901 2128 2968 primum

2249 2907 2570 2978 Ἐκκλησίας
2595 2924 2655 2959 συ
2665 2905 3020 2975 μφθὲγγεται.
3049 2903 3146 2955 Διὰ
3165 2901 3320 2954 τοῦτο
3349 2901 3560 2972 πρῶτον
3587 2901 3632 2952 οἱ
3659 2899 3805 2952 ὀδόν-

561 2993 860 3050 tondentur
891 2993 1104 3056 dentes,
1135 3002 1188 3048 et
1215 2993 1487 3056 lavantur,
1523 2998 1578 3044 et
1605 3005 1712 3044 non
1744 2999 1871 3044 sunt
1894 2991 2128 3054 steriles,

2235 3020 2326 3068 τες
2360 3003 2632 3073 κείρονται
2668 2999 2760 3050 καὶ
2784 2997 3050 3058 λούονται,
3081 2995 3174 3048 καὶ
3222 2995 3320 3047 οὐκ
3355 2991 3659 3052 ἀτεκνοῦσι,
3707 2991 3805 3044 καὶ

559 3094 614 3138 et
651 3085 898 3154 geminos
949 3083 1190 3152 pariunt,
1232 3091 1288 3138 et
1329 3093 1461 3137 tunc
1499 3081 1692 3136 ﬂorent
1742 3082 1894 3136 labra
1955 3083 2132 3152 specie

2236 3093 2602 3166 διδυμεύουσι,
2654 3091 2748 3142 καὶ
2779 3089 2898 3142 τότε
2949 3087 3026 3157 τῷ
3077 3085 3312 3154 κοκκίνῳ
3374 3085 3501 3136 εῖδει
3533 3082 3601 3135 τά
3635 3082 3789 3152 χείλη

561 3175 842 3240 coccinea,
873 3176 1094 3245 quando
1132 3177 1388 3230 universa
1433 3173 1596 3228 fuerit
1623 3173 1864 3230 Ecclesia
1897 3176 1951 3228 in
1998 3175 2128 3229 boni

2240 3183 2663 3258 περιανθίζεται,
2692 3183 2817 3234 ὅταν
2845 3181 3066 3249 γένηται
3097 3179 3246 3231 πᾶσα
3275 3178 3307 3246 ἠ
3341 3175 3634 3244 Ἐκκλησία
3663 3175 3806 3227 κατὰ

2277 3279 2286 3284 .
2427 3276 2452 3284 _
2493 3277 2505 3284 .
2596 3275 2616 3284 -
2657 3273 2682 3284 -
2747 3279 2752 3284 ,
2953 3272 2965 3284 ,
3129 3271 3165 3284 ..η
3273 3268 3294 3284 ..
3441 3268 3456 3284 .
3620 3266 3640 3284 ι

563 3277 832 3323 concentu
864 3268 1074 3322 labrum
1117 3283 1288 3322 unum
1329 3275 1384 3323 et
1407 3283 1509 3321 vox
1539 3283 1666 3320 una.
1695 3266 1790 3322 Est
1819 3277 1998 3322 autem
2033 3268 2135 3322 du-

2236 3279 2334 3350 τὴν
2362 3276 2456 3331 τοῦ
2483 3273 2684 3344 ἀγαθοῦ
2713 3272 3032 3342 συμφωνίαν
3065 3271 3238 3340 χεῖλος
3273 3268 3331 3320 ἓν
3373 3268 3465 3320 καὶ
3497 3266 3647 3336 φωνὴ
3683 3267 3801 3336 μία.

562 3361 686 3430 plex
717 3361 959 3415 ostensio
991 3358 1441 3430 pulchritudinis.
1484 3356 1602 3412 Non
1651 3359 1826 3413 solum
1861 3359 2006 3412 enim
2038 3358 2136 3412 ab-

2239 3370 2467 3424 Διπλοῦν
2491 3368 2546 3420 δὲ
2575 3365 2668 3420 τοῦ
2717 3365 2943 3426 κάλλους
2979 3363 3092 3415 ἐστὶ
3134 3362 3194 3414 τὸ
3227 3359 3548 3428 ὑπόδειγμα.
3580 3359 3652 3412 Ού
3696 3357 3807 3430 γὰρ

564 3451 742 3505 solute
789 3450 937 3504 ﬁlum
989 3451 1122 3504 dicit
1167 3465 1292 3506 esse
1331 3450 1520 3503 labra:
1573 3450 1664 3504 sed
1724 3447 1929 3503 addidit
1975 3450 2136 3503 etiam

2243 3463 2398 3532 μόνον
2439 3458 2624 3521 άπλῶς
2669 3457 2926 3528 σπαρτίον
2960 3455 3121 3523 φησὶν
3167 3447 3302 3504 εἶναι
3335 3451 3401 3503 τά
3447 3450 3596 3520 χείλη
3627 3467 3640 3479 ο
3669 3449 3805 3502 ἀλλὰ

565 3541 752 3596 ποι-ειη
783 3542 912 3596 boni
941 3542 1164 3605 coloris,
1212 3541 1348 3596 adeo
1375 3549 1436 3594 ut
1466 3555 1562 3610 per
1591 3551 1884 3611 utrumque
1915 3551 2139 3595 ornetur

2241 3552 2546 3624 προσέθηκε
2595 3550 2686 3602 καὶ
2721 3547 2818 3617 τῆς
2854 3547 3104 3616 εὐχροίας
3133 3540 3194 3595 τὶ
3221 3542 3398 3604 ἄνθος,
3428 3542 3566 3594 ὥστε
3594 3541 3660 3592 δι’
3694 3541 3807 3610 άμ-

565 3651 628 3690 os
657 3633 932 3699 Εοειοοίαε,
975 3649 1170 3704 nempe
1205 3645 1259 3689 et
1305 3649 1404 3704 per
1434 3635 1580 3688 ﬁlum
1609 3643 1662 3688 et
1689 3649 1786 3703 per
1827 3636 2134 3699 coccinum,

2241 3644 2479 3716 φοτέρων
2522 3639 2954 3703 καλλωπίζεσθαι
2991 3637 3089 3708 τῆς
3125 3633 3450 3703 Ἐκκλησίας
3493 3631 3552 3684 τὸ
3593 3631 3801 3700 στόμα·

565 3724 714 3792 quod
743 3726 796 3780 in
838 3735 1068 3793 utraque
1107 3735 1260 3795 parte
1284 3734 1370 3780 est
1399 3725 1682 3796 pr0prium
1711 3741 1775 3780 ac
1801 3736 2134 3797 separatum.

2239 3737 2327 3790 διά
2361 3753 2418 3787 τε
2456 3731 2549 3787 τοῦ
2596 3732 2859 3803 σπαρτίου
2899 3729 2992 3782 καὶ
3039 3727 3131 3781 τοῦ
3162 3725 3447 3788 κοκκίνου,
3497 3723 3807 3786 ἰδιαζόντως

566 3813 702 3869 Nam
743 3831 837 3885 per
871 3816 954 3868 ﬁla
983 3817 1200 3885 quidem
1229 3817 1459 3872 docetur
1481 3819 1894 3872 consensionem
1925 3833 1988 3873 ac
2011 3834 2139 3873 con-

2239 3827 2360 3878 an‘
2392 3825 2646 3893 ἑκάτερον
2671 3823 2852 3894 μέρος.
2872 3819 2962 3891 Τῷ
2976 3821 3072 3890 μὲν
3095 3817 3462 3891 γὰρσπαρτίῳ
3488 3817 3807 3885 ὁμογνωμο-

567 3907 836 3970 cordiam,
873 3915 932 3962 ut
962 3925 1024 3962 ea
1054 3918 1170 3962 tota
1202 3909 1254 3962 in
1293 3908 1381 3964 ﬁlo
1417 3911 1488 3965 sit
1515 3925 1623 3963 una
1654 3919 1707 3966 et
1734 3911 1922 3965 eadem
1949 3921 2137 3964 catena

2242 3919 2405 3988 σύνην
2447 3915 2790 3970 παιδεύεται·
2838 3913 2976 3967 ὥστε
3012 3913 3190 3964 πᾶσαν
3235 3909 3402 3980 αὐτὴν
3435 3908 3492 3961 ἓν
3542 3905 3807 3976 σπαρτίον

567 4015 633 4054 ex
687 3999 916 4055 diversis
957 4001 1061 4055 ﬁlis
1099 4009 1398 4068 contexta;
1455 4017 1549 4072 per
1593 4003 1882 4056 coccinum
1932 4009 2134 4066 autem.

2241 4009 2332 4064 καὶ
2392 4009 2518 4080 μίαν
2557 4006 2805 4075 γενέσθαι
2853 4004 3039 4073 σειρὰν
3083 4005 3148 4054 ἐκ
3191 4002 3460 4071 διαφόρων
3521 3997 3807 4066 νοημάτων

569 4091 636 4145 ad
669 4092 989 4159 sanguinem
1029 4107 1126 4161 per
1151 4107 1312 4162 quem
1364 4093 1626 4162 redempti
1667 4108 1858 4147 sumus
1887 4101 1947 4146 ut
1993 4093 2141 4162 aspi-

2241 4096 2730 4168 συγκεκλωσμένην
2751 4113 2762 4126 ·
2797 4093 2884 4146 διὰ
2913 4093 2969 4144 δὲ
2999 4090 3092 4144 τοῦ
3123 4091 3376 4143 κοκκίνου
3413 4087 3545 4157 πρὸς
3577 4087 3636 4138 τὸ
3667 4083 3807 4154 αἷμα

569 4181 679 4234 ciat
717 4180 965 4246 dOcetur,
994 4189 1047 4236 et
1074 4181 1478 4237 confessionem
1512 4184 1684 4250 ipsam
1725 4181 1780 4235 in
1813 4197 1910 4236 ore
1945 4181 2140 4236 habeat

2239 4189 2305 4243 δι’
2339 4182 2398 4243 οὗ
2429 4185 2809 4259 ὲλυτρώθημεν
2845 4184 3062 4253 βλέπειν
3089 4181 3418 4240 διδάσκεται,
3451 4179 3544 4232 καὶ
3589 4179 3674 4230 ἀεὶ
3705 4179 3805 4247 τὴν

570 4271 714 4344 ejus.
746 4275 836 4342 qui
866 4289 968 4329 nos
1000 4290 1100 4329 suo
1127 4274 1355 4330 redemit
1395 4274 1684 4344 sanguine.
1716 4273 1853 4327 Nam
1895 4291 1990 4344 per
2029 4275 2142 4329 haec

2239 4278 2526 4351 ὁμολογίαν
2567 4277 2654 4330 διὰ
2694 4275 2954 4345 στόματος
3004 4273 3207 4344 φέρειν,
3239 4271 3330 4324 τοῦ
3375 4269 3803 4338 ὲξαγοράσαντος

573 4366 738 4420 ambo
795 4365 962 4420 labris
1012 4364 1269 4422 Ecclesiae
1318 4366 1572 4435 impletus
1625 4375 1710 4421 est
1765 4381 1895 4421 Suus
1955 4366 2137 4432 decor,

2241 4369 2388 4437 ἡμᾶς
2421 4366 2506 4419 διὰ
2541 4365 2634 4418 τοῦ
2683 4364 2932 4435 αἵματος.
2978 4361 3056 4414 Δι’
3095 4361 3416 4432 ἀμφοτέρων
3454 4360 3560 4430 γάρ
3603 4358 3803 4411 τούτων

570 4459 790 4529 quaudc
828 4465 882 4512 ct
933 4458 1066 4512 ﬁdes
1106 4459 1361 4527 praelucet
1395 4457 1748 4522 confessioni,
1801 4469 1856 4513 et
1902 4459 2142 4514 charitas

2241 4460 2356 4512 ἐστὶ
2387 4457 2734 4529 πληρουμένη
2769 4458 2878 4518 τοῖς
2908 4455 3009 4524 τῆς
3043 4454 3365 4523 Ἐκκλησίας
3392 4451 3628 4521 χείλεσιν
3657 4451 3688 4519 ἡ
3717 4451 3804 4501 εύ-

571 4565 696 4604 cum
748 4550 852 4604 ﬁde
901 4551 1229 4604 contexitur.
1281 4549 1414 4603 Cum
1451 4549 1521 4604 sit
1574 4557 1754 4606 autem
1785 4565 1924 4620 Opus
1972 4553 2138 4608 veluti

2207 4548 2513 4619 ιπρέπεια,
2568 4548 2694 4601 ὅταν
2749 4547 2841 4598 καὶ
2881 4547 2912 4616 ἡ
2969 4545 3150 4607 πίστις
3183 4545 3284 4614 τῆς
3327 4543 3609 4613 ὁμολογίας
3667 4559 3798 4612 προ-

571 4637 806 4708 quadam
857 4636 1172 4692 deﬁnitione
1203 4637 1666 4706 comprehendere
1705 4641 2034 4710 exemplum.
2084 4643 2137 4696 id

2245 4637 2469 4708 λάμπει,
2498 4638 2645 4708 καὶὴ
2675 4637 2860 4706 ἀγάπη
2889 4639 2954 4706 τῇ
2989 4634 3166 4688 πίστει
3203 4634 3588 4704 συμπλέκεται.
3627 4633 3736 4685 Καὶ
3757 4633 3801 4683 εί

572 4731 718 4801 quod
744 4731 952 4785 dictum
979 4737 1082 4790 est,
1123 4730 1204 4784 sic
1248 4729 1942 4784 deﬁniemus:Coccineum
1991 4732 2134 4784 ﬁlum

2245 4729 2348 4802 χρὴ
2391 4730 2577 4800 ὥσπερ
2615 4729 2826 4800 ὁρισμῷ
2877 4746 2981 4781 τινι
3029 4727 3336 4799 περιλαϐεῖν
3376 4727 3436 4780 τὸ
3469 4726 3800 4797 ὑπόδειγμα,-

573 4831 676 4886 est_
697 4821 831 4876 ﬁdes
880 4835 1000 4890 qua-
1041 4832 1300 4890 operatur
1325 4835 1420 4892 per
1455 4820 1835 4877 dilectionem:
1891 4822 2025 4878 adeo
2079 4831 2138 4876 ut

2243 4823 2384 4875 οὕτω
2426 4821 2486 4874 τὸ
2523 4819 2683 4891 ῥηθὲν
2713 4819 3003 4892 ὁριούμεθα
3035 4833 3047 4846 ·
3095 4821 3341 4873 κόκκινον
3384 4820 3643 4889 σπαρτίον
3691 4818 3803 4870 ἐστὶ

497 4899 504 4905 ’
575 4913 734 4968 ﬁdem
767 4912 984 4980 quidem
1017 4913 1303 4984 signiﬁcet,
1338 4915 1623 4968 coccinum
1677 4914 1996 4971 charitatem
2039 4931 2088 4969 at

2245 4915 2425 4977 πίστις
2465 4915 2530 4968 δι’
2565 4915 2784 4984 ἀγάπης
2817 4913 3176 4984 ἐνεργουμένη
3199 4955 3213 4976 ,
3255 4905 3329 4976 ὡς
3367 4915 3429 4982 τῇ
3480 4911 3660 4963 πίστει
3708 4911 3801 4978 μὲν

575 5012 686 5058 tem
749 5003 1136 5074 interpretetur
1188 5005 1348 5061 ﬁlum.
1413 5005 1508 5061 His
1561 5015 1754 5061 ornata
1811 5023 1933 5064 esse
1988 5009 2137 5063 labra

2241 5005 2528 5076 δηλοῦσθαι
2566 5005 2628 5057 τὸ
2673 5003 2955 5057 κόκκινονο
2992 5007 3057 5075 τῇ
3101 5003 3156 5056 δὲ
3203 5003 3391 5074 ἀγάπῃ
3439 5001 3498 5054 τὸ
3543 5000 3801 5070 σπαρτίον

577 5111 792 5165 Sponsae
823 5103 1052 5151 testatur
1078 5097 1298 5151 veritas.
1333 5097 1565 5152 Pulcher
1587 5107 1768 5154 autem
1802 5115 1982 5156 sermo
2008 5101 2140 5156 sub-

2242 5095 2710 5169 διερμηνεύεσθαι.
2746 5095 2966 5157 Τούτοις
3011 5093 3383 5164 κεκοσμῆσθαι
3411 5091 3478 5144 τά
3511 5091 3662 5161 χείλη
3706 5091 3799 5160 τῆς

578 5186 744 5240 tiliori
759 5186 939 5256 aliqua
955 5188 1427 5256 contemplatione,
1453 5196 1546 5242 aut
1564 5189 1666 5242 alia
1694 5191 2138 5261 interpretatione

2243 5188 2462 5258 νύμφης
2514 5187 2778 5257 μαρτυρεῖ
2817 5187 2850 5255 ἠ
2902 5183 3150 5254 ἀλήθεια.
3203 5183 3264 5236 Ἢ
3314 5183 3368 5234 δὲ
3420 5181 3594 5250 ὡραία
3647 5179 3799 5233 λαλιὰ

577 5294 688 5334 non
735 5278 958 5349 indiget.
1019 5280 1192 5333 Antea
1249 5281 1394 5334 enim
1459 5280 1755 5336 declaravit
1813 5285 2135 5353 Apostolus,

2245 5279 2474 5349 θεωρίας
2519 5279 2661 5340 τινὸς
2709 5275 3034 5348 λεπτοτέρας
3077 5275 3109 5346 ἢ
3153 5274 3446 5346 ἑρμηνείας
3495 5273 3659 5343 ἄλλης
3703 5273 3798 5324 οὐκ

575 5371 722 5443 quod
753 5372 842 5426 hic
870 5387 1050 5428 sermo
1071 5379 1156 5426 est
1185 5373 1408 5427 verbum
1435 5373 1557 5428 ﬁdei
1594 5374 1736 5444 quod
1763 5376 2136 5444 praedicamus,

2245 5372 2532 5426 ἐπιδέεται.
2555 5372 2768 5434 Φθάσας
2794 5370 2898 5440 γὰρ
2924 5369 3246 5438 διεσάφησεν
3276 5369 3302 5420 ὁ
3345 5365 3682 5427 Ἀπόστολος,
3719 5365 3796 5417 ὃτι

577 5465 824 5520 dicens"
845 5483 858 5520 :
879 5464 941 5520 Si
959 5464 1226 5532 confessus
1245 5464 1408 5533 fueris
1425 5477 1614 5520 oretuo
1632 5465 1914 5520 Dominum
1935 5466 2136 5535 Iesum,

2245 5465 2458 5536 ήλαλιὰ
2498 5463 2635 5534 αὕτη
2671 5465 2731 5516 τὸ
2765 5465 2914 5535 ρἧα
2953 5463 3050 5532 τῆς
3079 5459 3313 5522 πίστεώς
3341 5460 3507 5522 ἐστιν,
3547 5457 3574 5509 δ
3600 5455 3799 5526 κηρύσ-

577 5567 628 5612 et
654 5555 940 5610 credideris
967 5556 1020 5608 in
1059 5555 1214 5608 corde
1243 5567 1350 5616 tuo,
1379 5555 1516 5625 quod
1557 5554 1692 5608 Deus
1722 5556 1894 5623 ipsum
1922 5560 2141 5612 suscita-

2249 5575 2431 5627 σομεν,
2475 5557 2614 5612 Ἐὰν
2642 5555 3022 5626 ὁμολογήσῃς
3043 5551 3122 5618 τῷ
3157 5551 3407 5622 στόματί
3442 5565 3557 5604 σου
3588 5548 3797 5616 Κύριον

581 5652 650 5704 vit
681 5650 980 5714 amarluis,
1027 5649 1206 5702 salvus
1246 5650 1368 5702 eris.
1416 5647 1586 5702 Corde
1629 5649 1766 5700 enim
1805 5649 2036 5703 creditur
2071 5652 2140 5705 ad

2261 5651 2522 5716 Ἰησοῦν,
2558 5650 2650 5704 καί
2690 5649 3023 5716 πιστεύσῃς·
3053 5647 3122 5700 ἐν
3145 5643 3218 5713 τῇ
3251 5642 3460 5711 καρδίᾳ
3485 5657 3632 5706 σου,
3665 5635 3796 5692 ὅιιὸ

647 5823 694 5856 ³⁸
747 5823 765 5877 l
835 5825 1068 5882 Timoth.
1115 5843 1192 5886 tu.
1230 5826 1279 5880 ί..
1349 5825 1392 5856 ⁵⁸
1459 5825 1612 5881 ﬂent.
1659 5843 1712 5886 ι,
1744 5826 1795 5886 9.
1841 5827 1920 5879 l0.
