4028 6494
190 416 299 472 99.9

1234 418 1300 472 IN
1335 416 1633 474 CANTICA
1664 416 1933 471 CANTIC.
1979 416 2261 471 HOMILIA
2304 416 2412 473 ΥΠ.

3324 415 3431 471 9ζο

191 534 337 598 θεὸς
361 533 550 588 αὐτὸν
581 535 814 605 ἦγειρεν
844 537 913 590 ἐκ
944 534 1192 605 νεκρῶν,
1235 535 1507 604 σωθήσῃ.
1540 534 1761 604 Καρδίᾳ

1865 536 2145 602 iustitiam,
2192 552 2280 589 ore
2332 545 2501 588 autem
2550 535 2805 605 confessio
2847 538 2906 603 [it
2948 535 3017 589 ad
3047 537 3285 590 salutem.
3328 534 3427 592 Hic

188 628 306 696 τὰρ
322 628 664 682 πιστεύεται
679 631 765 694 εἰς
780 628 1192 695 δικαιοσύνην,
1208 630 1453 696 στόματι
1468 628 1533 681 δὲ
1553 632 1757 682 r5quo-

190 720 379 788 γεῖται
407 722 493 785 εἰς
513 720 830 788 σωτηρίαν.
868 719 1016 789 Αὕτη
1050 720 1105 772 δέ
1136 722 1281 772 ἐστιν
1314 723 1345 791 ἡ
1371 720 1547 791 ὡραία
1578 718 1755 784 λαλιὰ,

187 810 264 862 δι’
304 806 373 880 ἦς
418 810 484 862 τὰ
526 810 676 881 χείλη
716 812 815 879 τῆς
853 812 1173 881 Ἑκκλησίας
1219 813 1358 866 κατὰ
1404 813 1463 865 τὸ
1511 813 1757 865 κόκκινον

189 903 371 954 ἐκεῖνο
401 904 661 971 σπαρτίον
704 903 990 973 εὐπρεπῶς
1027 905 1394 969 ἐπανθίζεται.
1445 892 1757 976 Ἀρέσκέται

186 990 248 1043 δὲ
281 991 417 1061 μετά
446 991 543 1060 τὴν
584 990 677 1043 τοῦ
708 992 972 1061 στόματος
1005 993 1151 1065 ὤραν
1180 997 1207 1047 ὁ
1250 996 1477 1064 νυμφίος
1497 1036 1511 1058 ,
1552 997 1643 1048 καὶ
1682 997 1758 1066 τῷ

187 1086 291 1154 τῆς
321 1086 550 1153 παρειάς
579 1083 904 1155 ἐρυθήματι.
930 1086 1112 1157 Μῆλον
1151 1087 1205 1140 δὲ
1234 1088 1390 1140 τοῦτο
1422 1086 1517 1140 τοῦ
1544 1088 1759 1159 προσώ-

187 1191 295 1227 που
339 1175 397 1227 τὸ
446 1176 609 1246 μέρος
653 1178 716 1229 ἐκ
750 1177 1139 1246 καταχρήσεως
1186 1180 1339 1231 καλεῖ
1397 1182 1429 1249 ἡ
1480 1180 1755 1250 συνήθεια.

187 1268 547 1339 Προσεικάζει
574 1269 749 1321 τοίνυν
778 1270 839 1321 τὸ
871 1270 970 1339 τῆς
996 1274 1226 1341 παρειάς
1254 1272 1420 1343 μῆλον
1447 1272 1524 1342 τῷ
1542 1272 1759 1343 λεπύρῳ

186 1362 289 1429 τῆς
310 1360 438 1430 ῥόας
452 1399 467 1421 ,
490 1360 704 1431 γράψας
733 1359 875 1413 οὕτω
895 1362 985 1414 τὸν
1006 1362 1222 1415 ἔπαινον
1239 1363 1400 1417 αὑτοῦ
1424 1366 1514 1417 ἐπὶ
1532 1363 1722 1429 λέξεως
1741 1379 1754 1392 ⁸

199 1452 295 1515 Ὠς
320 1450 587 1517 λὲπυρον
608 1451 757 1517 ῥόας
777 1449 975 1519 μῆλόν
1003 1466 1118 1505 σου
1138 1492 1152 1516 ,
1183 1454 1354 1518 ἐκτὸς
1391 1452 1498 1520 τῆς
1538 1454 1759 1513 σιωπή-

186 1542 343 1608 σεώς
370 1560 504 1596 σου.

263 1633 385 1683 Ὅτι
434 1631 531 1701 μὲν
573 1625 665 1684 οὖν
704 1629 867 1694 αἰδώς
897 1633 1014 1684 ἐστι
1052 1632 1112 1683 τὸ
1153 1632 1560 1700 ἐπαινούμενον,
1596 1630 1758 1682 παντὶ

188 1724 375 1796 ῥᾴδιον
410 1724 473 1774 ἐκ
504 1722 605 1791 τῆς
643 1723 961 1787 ἀκολουθίας
1010 1723 1117 1776 τῶν
1155 1723 1576 1794 τεθεωρημένων
1614 1722 1759 1789 λογί-

188 1815 406 1868 σασθαι.
447 1816 907 1885 Σωματοποιήσας
943 1814 1049 1885 γὰρ
1094 1815 1192 1885 τὴν
1240 1813 1563 1883 Ἐκκλησίαν
1595 1815 1623 1865 ὁ
1666 1812 1759 1866 Λό-

1856 639 2133 682 estaulem
2160 627 2383 696 pulcher
2413 642 2611 688 sermo.
2656 645 2749 697 per
2783 646 2939 699 quem
2977 631 3126 683 labra
3171 630 3427 684 Ecclesie

1858 720 2053 773 decore
2086 728 2211 773 sunt
2243 717 2431 772 ﬂorida
2475 719 2562 773 filo
2599 720 2689 772 illo
2721 737 3030 790 purpureo;
3086 722 3200 775 oris
3246 728 3426 776 autem

1859 810 2091 878 Speciem
2123 823 2187 863 ac
2210 809 2457 863 decorem
2482 818 2649 870 amat,
2678 811 2973 866 delectatur
2998 814 3160 865 etiam
3191 827 3427 883 sponsus

1860 902 2056 955 rubore
2087 917 2255 972 genae.
2310 901 2458 957 Illam
2496 910 2675 956 autem
2717 911 2919 972 partem
2973 904 3127 959 faciei
3161 920 3256 971 per
3292 906 3428 958 abu-

1859 1006 1977 1044 sum
2010 1001 2169 1045 vocat
2205 993 2389 1062 μῆλον,
2438 991 2490 1044 id
2517 1002 2618 1053 est,
2663 993 2860 1044 malum
2901 1009 2993 1047 seu
3025 1010 3263 1063 pomum,
3294 1010 3430 1048 con-

1859 1080 2109 1133 suetudo.
2156 1082 2431 1135 Assimilat
2481 1098 2611 1153 ergo
2643 1099 2789 1151 gena:
2822 1086 3017 1137 malum
3052 1086 3241 1140 cortici
3294 1088 3426 1140 mali

1863 1170 2069 1238 punici,
2098 1171 2217 1240 ejus
2254 1172 2465 1226 laudem
2497 1174 2742 1229 scribens
2774 1174 2857 1227 his
2900 1177 3111 1230 verbis:
3150 1177 3424 1246 Tanquam

1858 1273 2038 1316 cortex
2107 1265 2235 1316 ntali
2310 1268 2483 1334 punici
2567 1282 2694 1337 gena
2772 1278 2861 1320 tua
2945 1279 3097 1321 extra
3160 1270 3426 1323 silentium

1860 1365 2028 1409 tuum.

1932 1632 2105 1701 Atque
2134 1634 2278 1701 quod
2320 1634 2497 1703 pudor
2526 1632 2742 1703 quidem
2778 1637 2846 1689 sit
2888 1638 2936 1689 id
2963 1637 3104 1705 quod
3154 1639 3427 1703 laudatur,

1860 1723 2033 1776 cuivis
2066 1722 2224 1777 facile
2249 1731 2331 1777 est
2360 1725 2705 1779 considerare
2724 1741 2785 1779 ex
2816 1728 3203 1798 consequentia
3240 1745 3428 1783 eorum

1862 1829 1983 1882 qua:
2020 1823 2147 1869 sunt
2172 1816 2533 1870 considerata.
2564 1818 2692 1871 Nam
2723 1834 2845 1873 cum
2879 1818 3114 1874 Verbum
3151 1837 3436 1889 corporas-

199 1925 285 1977 {oc
322 1910 401 1969 εἰς
428 1906 489 1959 τὸ
520 1907 618 1976 τῆς
660 1906 875 1975 νύμφης
904 1902 1040 1969 εἶδος
1060 1945 1074 1968 ,
1116 1907 1208 1959 καὶ
1251 1906 1350 1967 τὰς
1382 1904 1500 1957 καθ’
1531 1906 1756 1957 ἕκαστον

1865 1918 1939 1960 set
1978 1905 2280 1960 Ecclesiam
2326 1907 2381 1960 in
2428 1906 2658 1961 formam
2712 1924 2947 1977 sponsae,
2989 1920 3043 1963 et
3082 1911 3421 1977 singularum

187 2001 391 2069 ἀρετάς
412 1998 755 2067 καταλλήλως
782 2001 846 2068 τῇ
880 1999 1167 2067 ὑπογραφῇ
1201 1996 1297 2065 τῆς
1328 1996 1473 2049 κατὰ,
1502 1996 1563 2047 τὸ
1586 1994 1754 2065 προσ-

188 2110 339 2145 ωπον
413 2091 560 2162 ὧρας
599 2091 952 2161 ἐπιμερίσαςσ
1005 2089 1099 2143 νῦν
1144 2088 1231 2142 διὰ
1275 2089 1367 2141 τοῦ
1418 2087 1755 2157 ἐρυθήματος

187 2182 284 2236 τοῦ
306 2185 423 2245 ταῖς
444 2184 694 2252 παρειαῖς
724 2180 1047 2244 ἐπιζέοντος,
1080 2180 1399 2248 προσφόρως
1432 2181 1641 2231 ἐπαινεῖ
1661 2177 1756 2248 τὴν

189 2272 577 2345 σωφροσύνην,
627 2271 763 2324 αἰδοῖ
812 2272 1232 2341 κατακοσμήσας
1266 2273 1322 2322 ἐν
1358 2269 1433 2339 τῷ
1479 2270 1576 2338 τῆς
1630 2270 1757 2339 ῥόας

188 2368 490 2436 αἰνίγματι.
526 2365 581 2417 Ὀ
607 2366 713 2435 γὰρ
734 2364 939 2434 καρπὸς
958 2358 1110 2427 οὗτος
1133 2363 1320 2431 στύφει
1337 2380 1393 2414 τε
1418 2364 1509 2415 καί
1529 2361 1757 2433 ἁϐρὼτῳ

188 2462 255 2528 τῇ
287 2456 574 2527 ἐπιφανείᾳ
601 2456 934 2527 ἐντρέφεται.
986 2456 1077 2508 Διὸ
1115 2456 1293 2517 καλῶς
1326 2473 1383 2507 τε
1413 2456 1505 2507 καὶ
1544 2456 1758 2517 οἰηίως

188 2551 272 2611 εἰς
302 2548 364 2600 τὸ
394 2548 507 2617 τῆς·
530 2548 877 2617 σωφροσύνης
911 2547 1239 2617 κατόρθωμα
1277 2547 1365 2600 διὰ
1397 2548 1498 2611 τῆς
1528 2546 1758 2617 θεωρίας

192 2638 688 2710 μεταλαμϐάνεται.
738 2639 822 2699 Ὠς
847 2639 955 2713 γάρ
984 2641 1017 2709 η
1051 2638 1241 2708 στύψις
1261 2638 1353 2691 τού
1380 2639 1477 2709 τῆς
1510 2638 1637 2708 ῥόας
1674 2637 1759 2690 λε-

195 2733 375 2803 πύρου
412 2731 598 2801 τρέφει
630 2747 687 2783 τε
736 2732 828 2783 καὶ
871 2730 1130 2799 φυλάσσει
1162 2730 1256 2783 τοῦ
1299 2730 1757 2800 ἐμπεριεχομένου

190 2822 411 2893 καρποῦ
470 2822 566 2892 τὴν
610 2820 953 2891 γλυκύτητα·
1004 2820 1173 2883 οὓτως
1217 2823 1245 2873 ὁ
1295 2820 1509 2888 στύφων
1556 2836 1614 2871 τε
1667 2819 1759 2871 καὶ

190 2914 466 2986 ἐγκρατὴς
498 2913 590 2966 καὶ
633 2911 1018 2983 κατεσκληκὼς
1066 2913 1177 2981 βίος
1206 2912 1379 2980 φύλαξ
1414 2912 1620 2979 γίνεται
1650 2910 1761 2963 τῶν

190 3007 292 3075 τῆς
322 3004 673 3075 σωφροσύνης
701 3003 900 3057 καλῶν.
935 3003 1162 3066 Διπλοῦς
1188 3003 1244 3055 δὲ
1266 3004 1359 3056 καὶ
1391 3002 1624 3055 ἐνταῦθα
1660 3004 1759 3070 τῆς

192 3097 396 3167 ἀρετῆς
441 3094 639 3165 ταύτης
670 3096 699 3148 ὁ
729 3094 946 3156 ἔπαινος
981 3094 1207 3162 γίνεται,
1238 3094 1326 3148 διά
1370 3110 1428 3145 τε
1477 3092 1584 3145 τῶν
1625 3104 1760 3161 προ-

193 3188 535 3258 φαινομένων
568 3188 709 3241 κατά
752 3188 841 3240 τὸν
885 3188 1192 3257 εὐσχήμονα
1222 3187 1355 3257 βίον,
1399 3187 1490 3239 καὶ
1524 3185 1611 3238 διὰ
1651 3186 1759 3238 τῶν

192 3283 252 3335 ἐν
279 3284 346 3350 τῇ
365 3280 536 3351 ψυχῆς
561 3279 797 3348 ἀπαθείᾳ
818 3277 1280 3349 κατορθουμένων.
1302 3271 1411 3329 Ὧν
1435 3280 1467 3331 ό
1496 3278 1759 3340 ἔπαινος,

192 3374 375 3437 καθώς
405 3390 565 3443 φησιν
586 3374 615 3426 ὁ
654 3371 994 3433 Ἀπόστολος.
1015 3372 1126 3424 οὐκ
1146 3369 1214 3433 ἐξ
1238 3368 1561 3436 ἀνθρώπων
1580 3410 1594 3432 ,
1627 3368 1763 3422 ἀλλ’

192 3469 263 3521 ἐκ
291 3465 395 3521 τοῦ
428 3463 596 3519 Θεοῦ.
651 3464 714 3515 Ἦ
747 3463 855 3532 γὰρ
898 3463 1277 3533 ἐπιλάμπουσα
1317 3464 1426 3523 τοῖς
1464 3460 1766 3530 γινομένοις

194 3559 539 3622 αἰδὼς,·ῑδιον
572 3557 668 3626 μὲν
694 3557 758 3608 ἐκ
792 3557 901 3608 τῶν
929 3555 1209 3626 προδήλων
1239 3554 1350 3625 ἔχει
1388 3552 1478 3607 τὸν
1509 3552 1727 3606 ἔπαινον
1749 3569 1764 3584 ο

195 3650 354 3711 ἐκτὸς
398 3648 453 3700 δὲ
499 3646 608 3699 τῶν
660 3645 1030 3715 σιωπωμένων
1068 3645 1183 3698 ἐστὶ
1222 3645 1313 3697 καὶ
1347 3640 1767 3713 ὑποκεκρυμμέ-

196 3758 303 3794 νων
362 3736 689 3807 θαυμάτων,
743 3736 779 3790 ἀ
825 3736 967 3805 μόνῳ
1026 3735 1320 3806 καθορᾶται
1374 3733 1453 3803 τῷ
1507 3732 1769 3803 ὀφθαλμῷ

196 3831 394 3901 ἐκείνῳ
444 3828 521 3899 τῷ
561 3827 631 3881 τὰ
671 3828 877 3900 κρύφια
924 3827 1191 3897 βλέποντι.
1240 3826 1338 3880 Διά
1383 3826 1439 3878 δὲ
1474 3826 1581 3879 τῶν
1631 3826 1767 3896 μετά

197 3923 371 3977 ταῦτα
407 3922 767 3992 μανθάνομεν,
799 3920 879 3973 ὅτι
916 3922 1024 3973 πᾶν
1058 3919 1119 3971 τὸ
1168 3918 1317 3988 παρά
1353 3917 1461 3969 τῶν
1498 3917 1767 3988 θεοφόρων

200 4014 375 4081 ἁγίων
413 4012 716 4081 γινόμενον,
752 4008 919 4073 τύπος
956 4010 1040 4071 τὶς
1080 4008 1174 4061 καὶ
1201 4006 1518 4061 διδασκαλία
1551 4008 1657 4060 τῶν
1690 4008 1768 4069 εἰς

202 4104 404 4175 ἀρετὴν
438 4100 883 4173 κατορθουμένων
912 4101 1138 4168 ἐγίνετο.
1182 4100 1244 4151 Oi
1283 4098 1470 4168 γάμοι,
1511 4098 1567 4151 αἰ
1610 4099 1768 4151 ἀποι-

200 4194 339 4256 κίαι,
366 4195 414 4246 οί
451 4192 694 4263 πόλεμοι,
727 4186 908 4245 αἰτῶν
929 4188 1372 4259 οἰκοδομημάτων
1411 4188 1766 4252 κατασκευαὶ,

204 4287 383 4340 πάντα
414 4284 555 4338 κατά
587 4302 710 4338 τινα
746 4284 901 4353 λόγον
935 4284 1013 4346 εἰς
1032 4281 1312 4335 νουθεσίαν
1344 4279 1420 4352 τῷ
1447 4282 1582 4351 μετὰ
1600 4281 1769 4335 ταῦτα

204 4376 578 4448 προετυποῦτο
613 4376 729 4447 βίῳ.
777 4376 1032 4445 Ἐγρὰφη
1063 4376 1169 4443 γὰρ
1193 4373 1398 4437 ταῦτα,
1432 4374 1586 4443 φησί,
1621 4372 1771 4440 πρὸς

203 4468 532 4522 νουθεσίαν
577 4465 761 4535 ἡμῶν,
803 4468 890 4531 εἰς
940 4466 1047 4532 οὓς
1090 4466 1163 4519 τὰ
1208 4464 1351 4532 τέλη
1388 4463 1506 4518 τῶν
1545 4467 1770 4519 αἰώνων

1857 2012 2048 2049 curam
2079 1998 2341 2067 gessisset
2374 1999 2633 2052 virtutum
2666 2001 3055 2055 convenienter
3075 2001 3429 2071 descriptioni

1858 2090 2039 2143 vultus
2065 2090 2512 2159 pulchritudinis,
2545 2108 2689 2146 nunc
2724 2109 2818 2163 per
2844 2096 3096 2147 ruborem
3130 2098 3222 2164 qui
3258 2111 3433 2165 genas

1857 2182 2203 2245 condecorat,
2240 2182 2423 2236 laudat
2453 2187 2889 2254 temperantiam,
2923 2201 3042 2239 eam
3079 2201 3282 2241 ornans
3321 2203 3427 2257 pu-

1857 2273 1983 2327 dore
2020 2274 2121 2328 sub
2148 2275 2435 2342 aenigmate
2477 2276 2601 2329 mali
2652 2278 2860 2345 punici.
2909 2276 3008 2331 Hic
3037 2278 3181 2332 enim
3222 2277 3435 2333 fructus

1858 2364 2129 2433 astringit,
2188 2374 2243 2419 et
2294 2365 2412 2419 esui
2460 2380 2568 2419 non
2631 2376 2753 2436 apta
2818 2369 3061 2421 nutritur
3122 2368 3427 2437 superficie.

1858 2452 2222 2519 Quamobrem
2279 2455 2505 2523 pulchre
2550 2464 2604 2508 et
2646 2459 3035 2511 convenienter
3062 2460 3299 2513 sumitur
3338 2476 3441 2528 per

1858 2546 2371 2614 contemplationem
2440 2555 2587 2601 recta
2648 2549 2792 2601 actio
2863 2550 3255 2617 temperantiae.
3314 2552 3441 2615 Quo

1859 2636 2021 2690 modo
2064 2638 2206 2691 enim
2265 2639 2438 2691 nutrit
2493 2639 2742 2691 astrictio
2794 2640 3017 2694 corticis
3057 2641 3183 2693 mali
3225 2642 3433 2709 punici,

1859 2736 1912 2780 et
1950 2736 2236 2781 conservat
2257 2728 2595 2782 dulcedinem
2637 2728 2853 2783 fruetus
2880 2731 2972 2798 qui
3006 2731 3058 2783 in
3093 2744 3159 2782 eo
3187 2732 3435 2783 contine-

1861 2827 1970 2881 tur,
2012 2819 2083 2871 ita
2123 2832 2339 2873 austera
2371 2820 2770 2887 continensque
2793 2827 2847 2875 et
2873 2836 3063 2889 aspera
3104 2822 3212 2875 vita
3247 2822 3304 2874 fit
3340 2837 3445 2875 cu-

1862 2918 1975 2965 stos
2014 2906 2279 2964 benorum
2322 2914 2712 2981 temperantiae.
2754 2911 2849 2967 Est
2896 2914 2982 2967 hic
3011 2923 3190 2966 autem
3227 2912 3437 2982 duplex~

1862 3002 1982 3055 laus
2012 3002 2249 3066 virtutis,
2283 3019 2474 3072 nempe
2508 3011 2560 3056 et
2587 3018 2681 3072 per
2703 3019 2765 3057 ea
2796 3019 2917 3073 qua:
2943 3011 3207 3073 apparent
3237 3004 3289 3057 in
3318 3004 3435 3056 vita

1864 3094 2112 3156 honesta,
2160 3104 2213 3149 et
2266 3110 2361 3164 per
2386 3111 2450 3149 ea
2494 3112 2615 3164 quat
2661 3104 2809 3151 recte
2838 3104 3104 3167 geruntur
3149 3098 3202 3151 in
3235 3096 3439 3150 animm

1864 3185 2260 3254 impatibilitate
2288 3202 2300 3237 :
2328 3185 2493 3255 Cujus
2524 3188 2640 3240 laus
2666 3196 2770 3251 est,
2796 3187 2937 3241 sicut
2964 3188 3097 3242 dicit
3116 3187 3434 3257 Apostolus.

1864 3292 1965 3329 non
1990 3291 2054 3329 ex
2082 3276 2399 3340 hominibus,
2430 3277 2519 3331 sed
2548 3294 2613 3332 ea:
2643 3278 2749 3333 Deo
2771 3281 2838 3332 ".
2869 3279 3004 3332 Nam
3032 3282 3123 3348 qui
3152 3280 3359 3333 relucet
3378 3280 3432 3332 in

1863 3368 1949 3430 iis,
1983 3383 2104 3437 qua:
2128 3370 2283 3431 liunt,
2322 3372 2517 3437 pudor,
2560 3371 2835 3440 propriam
2863 3369 3082 3439 quidem
3123 3369 3283 3423 habet
3312 3369 3433 3424 Ian-

1863 3456 1984 3512 dem
2040 3474 2105 3513 ex
2162 3458 2230 3512 iis
2284 3472 2405 3527 qua:
2472 3467 2600 3512 sunt
2665 3458 2997 3524 manifesta;
3064 3468 3192 3513 sunt
3252 3467 3437 3514 autem

1864 3561 2012 3604 extra
2052 3565 2138 3613 ea,
2178 3565 2297 3620 qua:
2336 3560 2605 3611 tacentur,
2644 3561 2854 3605 etsunt
2890 3552 3107 3606 occulta
3148 3552 3438 3619 miracula,

1864 3657 1983 3709 qua:
2017 3641 2192 3695 solum
2234 3650 2535 3695 cernuntur
2569 3643 2660 3695 illo
2693 3643 2853 3696 oculo
2884 3643 2978 3713 qui
3018 3645 3232 3697 occulta
3282 3645 3433 3713 aspi-

1866 3736 1964 3791 cit.
2002 3732 2107 3788 Pcr
2129 3749 2191 3787 ea
2222 3742 2401 3788 autem
2429 3749 2549 3801 qua:
2574 3745 2759 3803 postea
2801 3744 3122 3804 sequuntur,
3154 3735 3439 3799 discimus,

1868 3821 2014 3890 quod
2047 3836 2383 3890 quaecunque
2430 3820 2630 3874 fiebant
2657 3821 2724 3874 ab
2762 3821 2829 3876 iis
2872 3826 3082 3876 sanctis
3115 3823 3205 3891 qui
3250 3836 3279 3875 a
3332 3821 3441 3876 Deo

1869 3922 2026 3970 erant
2062 3912 2342 3983 inspirati,
2392 3911 2613 3965 fuerunt
2653 3912 2873 3980 quidam
2905 3922 3063 3981 typus
3096 3922 3149 3967 et
3190 3914 3441 3967 doctrina

1868 4020 2060 4059 eorum
2095 4018 2214 4072 qua:
2252 4012 2398 4057 recte
2444 4003 2578 4055 fiunt
2612 4016 2679 4055 ex
2713 4003 2935 4057 virtute.
2967 4001 3196 4076 Nuptiae,
3237 4004 3441 4072 migra-

1872 4099 2065 4156 tiones,
2109 4095 2269 4157 bella,
2321 4093 2675 4148 aedificiorum
2726 4094 3152 4159 exstructiones,
3200 4095 3445 4163 praefigu-

1867 4190 2062 4244 rabant
2109 4189 2291 4242 omnia
2341 4186 2767 4241 admonitionem
2818 4185 2941 4239 vitm
2988 4196 3174 4255 postea
3221 4188 3438 4242 futurae.

1870 4280 2082 4350 Scripta
2115 4289 2235 4333 sunt
2268 4280 2431 4344 enim,
2481 4278 2679 4347 inquit,
2734 4279 2844 4331 lucc
2869 4277 2939 4329 ad
2982 4287 3218 4330 nostram
3265 4278 3447 4331 admo-

1870 4375 2142 4432 nitionem,
2188 4371 2256 4425 ad
2302 4387 2430 4440 quos
2473 4372 2602 4439 ﬁnes
2651 4369 2967 4424 seculorum
3008 4380 3347 4437 pervenerunt
3370 4371 3440 4423 ".

1869 4462 2001 4517 Nam
2032 4464 2230 4519 bellum
2258 4462 2473 4532 quidem
2501 4461 2646 4532 quod
2672 4470 2882 4532 gestum
2906 4469 2989 4515 est
3020 4462 3282 4517 adversus
3314 4462 3446 4517 alie-

204 4562 598 4630 κατήντηκεν.
643 4560 700 4613 ’0
747 4559 843 4630 μὲν
876 4560 984 4631 γὰρ
1024 4560 1161 4613 κατὰ
1185 4558 1291 4612 τῶν
1332 4559 1642 4629 ἀλλοφύλων
1672 4561 1763 4613 πό-

1876 4558 2121 4626 nigenas,
2160 4555 2401 4609 consulit
2435 4565 2490 4608 ut
2524 4571 2623 4609 nos
2656 4554 2867 4608 fortiter
2895 4569 3148 4624 geramus
3182 4556 3446 4611 adversus

204 4648 391 4718 λεμος,
424 4645 778 4716 συμϐουλεύει
808 4652 948 4699 κατά
978 4647 1075 4715 τῆς
1111 4646 1308 4709 κακίας
1339 4648 1487 4716 ἡμᾶς
1524 4647 1766 4719 ἀνδρίζε-

205 4737 352 4791 σθαι.
394 4737 457 4789 Ἥ
485 4736 541 4789 δὲ
577 4735 717 4789 κατά
740 4736 863 4795 τοὺς
898 4734 1108 4805 γάμους
1145 4736 1347 4806 σπουδὴ
1376 4736 1472 4807 τὴν
1508 4736 1615 4790 τῶν
1643 4739 1768 4810 ἀρεο

203 4830 314 4883 τῶν
382 4828 688 4899 συνοίκησιν
738 4826 805 4880 δι’
853 4827 1187 4896 αἰνιγμάτων
1249 4829 1379 4899 ἡμῖν
1438 4829 1765 4886 ὑποτίθεται.

214 4920 496 4983 Ὡσαύτως
536 4919 591 4972 δέ
631 4920 723 4972 καί
755 4921 786 4982 ή
833 4918 1058 4972 ἀποικία
1098 4919 1190 4973 τοῦ
1224 4921 1477 4991 ἐναρέτου
1521 4921 1637 4992 βίου
1678 4922 1768 4976 τὸν

204 5011 455 5081 οἰκισμὸν
483 5009 790 5063 ὑποϐάλλει⁸
829 5009 895 5063 τὰ
928 5008 970 5061 δ’
1001 5010 1101 5064 ὅσα
1139 5012 1267 5081 περὶ
1292 5012 1387 5075 τὰς
1427 5012 1770 5077 κατασκευὰς

204 5123 313 5158 ·.ων
367 5103 811 5173 οἰκοδομημάτων
851 5102 979 5171 παρ’
1023 5102 1201 5156 αὐτῶν
1239 5106 1614 5171 ἐσπουδάζετο,
1662 5107 1769 5160 τῶν

203 5194 493 5265 ἡμετέρων
523 5193 685 5247 οἴκων
706 5192 813 5247 τῶν
843 5192 910 5246 δι’
940 5195 1136 5265 ἀρετῆς
1163 5195 1626 5267 οἰκοδομουμένων
1658 5199 1774 5250 ἐπι-

209 5286 434 5356 μέλειαν
481 5283 750 5336 ποιεῖσθαι
791 5282 1179 5337 διακελεύεται.
1220 5285 1311 5338 Διό
1358 5303 1448 5355 μοι
1493 5288 1640 5341 δοκεί
1680 5288 1771 5341 τὸν
1826 5292 1841 5306 ⁸

206 5376 485 5447 περιφανῆ
514 5374 720 5446 πύργον
751 5377 972 5436 ἐκεῖνον,
997 5367 1041 5443 ᾧ
1065 5375 1131 5428 τὰ
1162 5374 1445 5447 ἀκροθίνια
1475 5377 1580 5430 τῶν
1600 5378 1771 5448 λαφύο

211 5484 322 5538 ρων
353 5466 615 5537 ἀνέθηκεν
646 5466 675 5518 ὁ
698 5466 877 5531 Δαὸἰδ,
901 5465 1037 5537 πρὸς
1069 5468 1165 5537 τὴν
1185 5469 1465 5539 προκοπὴν
1500 5470 1600 5540 τῆς
1649 5471 1773 5525 Ἐκ-

209 5558 442 5629 κλησίας
478 5557 709 5627 βλέπων,
735 5558 845 5612 τῶν
880 5577 931 5612 τι
958 5559 1076 5611 κατ’
1107 5559 1304 5631 ἀρετὴν
1334 5561 1775 5632 σπουδαζομένων

208 5648 658 5720 προδιατυπῶσαι
715 5648 885 5719 τούτῳ
942 5648 1019 5719 τῷ
1064 5649 1237 5721 ἔργῳ*
1288 5650 1346 5715 ὅς
1387 5651 1774 5723 ὐπερφαίνεται

283 5827 333 5860 ἰ
383 5824 521 5881 Rom
572 5844 659 5895 ιι,
715 5826 803 5884 29.
869 5828 911 5858 ⁵³
940 5826 1094 5881 Rom.
1136 5842 1223 5892 xv,
1276 5828 1329 5880 ι.

1872 4647 2024 4701 vitio.
2066 4644 2315 4699 Studium
2344 4652 2522 4699 autem
2554 4643 2912 4698 contrahendi
2952 4644 3307 4708 matrimonii,
3349 4660 3447 4715 per

1873 4739 2154 4807 aenigmata
2190 4751 2292 4792 nos
2320 4736 2575 4789 admonet
2609 4742 2667 4787 ut
2705 4734 3089 4789 cohabitemus
3119 4751 3242 4789 cum
3270 4737 3445 4790 virtu-

1876 4833 2041 4887 tibus.
2075 4830 2338 4884 Similiter
2384 4836 2563 4881 autcm
2613 4827 2867 4896 migratio
2899 4828 3123 4881 denotat
3166 4829 3449 4899 migratio-

1874 4938 1997 4978 nem
2047 4921 2113 4975 ad
2152 4922 2317 4973 vitam
2350 4935 2413 4974 ex
2450 4920 2649 4972 virtute
2686 4918 2988 4989 agendam;
3022 4935 3120 4990 per
3159 4920 3444 4975 domorum

1875 5024 2053 5069 autem
2091 5012 2491 5069 exstructiones
2540 5013 2593 5065 in
2624 5026 2761 5081 quas
2792 5012 2860 5066 ab
2889 5012 2971 5067 eis
3019 5012 3302 5067 confertur
3331 5024 3449 5068 stu-

1876 5105 2049 5166 dium,
2074 5106 2329 5175 jubemur
2356 5118 2543 5157 curam
2586 5119 2775 5173 gerere
2805 5114 3119 5159 nostrarum
3156 5105 3445 5159 domorum

1878 5212 1999 5266 qua:
2046 5195 2386 5250 adificantur
2435 5210 2531 5264 per
2571 5196 2848 5249 virtutem.
2899 5195 3263 5262 Quamobrem
3314 5195 3446 5249 mihi

1879 5287 2092 5342 videtur
2130 5286 2363 5356 insignis
2414 5285 2503 5337 illa
2558 5286 2744 5351 turris,
2792 5288 2844 5340 in
2882 5303 2987 5357 qua
3036 5288 3239 5356 optima
3274 5288 3448 5355 spolia

1881 5377 2165 5448 suspendit
2200 5378 2363 5431 David
2402 5378 2673 5447 aspiciens
2707 5378 2772 5431 ad
2816 5380 3120 5447 profectum
3165 5377 3448 5440 Ecclesiae,

1881 5471 2229 5543 praefigurare
2260 5486 2397 5540 opus
2443 5486 2631 5525 eorum
2680 5472 2773 5541 qui
2813 5472 3053 5527 studium
3106 5472 3159 5523 in
3197 5470 3449 5523 virtutem

1882 5562 2359 5632 conferunt:quze
2409 5562 2627 5630 quidem
2676 5572 2899 5633 apparet
2946 5572 3171 5617 extensa
3228 5562 3282 5615 in
3324 5561 3450 5613 alti-

1884 5655 2126 5712 tudinem
2155 5654 2391 5726 alicujus
2416 5654 2795 5726 promontorii,
2826 5663 2951 5725 apta
2983 5661 3164 5709 autem
3193 5653 3286 5707 illo
3308 5661 3449 5707 tem-
