4028 6488
625 391 685 446 3|
1499 378 1506 392 ”
1824 389 1882 442 S.
1913 389 2239 443 GREGORII
2269 389 2348 441 Μ
2367 388 2560 444 SSEM

3733 399 3834 454 931

596 521 734 580 pore
786 503 888 560 fuit
923 506 1232 562 existimata
1283 504 1349 560 ad
1401 505 1759 562 custodienda
1808 509 2004 578 spolia,
2045 523 2168 578 quae

2271 509 2368 576 μὲν
2395 511 2699 584 ἀκρωρείας
2724 512 2866 578 τινός
2894 515 2974 578 εἰς
3020 513 3151 585 ὕψος
3178 513 3582 586 ἀνατεινόμενος
3605 529 3620 544 ⁶
3650 517 3832 591 ἐπιτή-

595 599 902 669 subjugatis
948 607 1003 652 et
1051 597 1104 651 in
1153 598 1469 653 servitutem
1533 599 1770 654 redactis
1819 600 2170 670 alienigenis,

594 705 722 744 cum
754 689 967 744 cateris
995 689 1152 744 bonis
1183 704 1278 743 rex
1310 689 1414 744 sibi
1445 690 1736 745 lucrifecit.
1763 689 2016 746 Ostendit
2040 707 2170 761 ergo

595 797 692 836 rex
739 795 839 851 per
889 785 1045 835 suam
1106 780 1468 850 sapientiam,
1523 785 1591 834 ad
1633 781 1908 852 quodnam
1965 783 2168 836 bonum

595 873 876 942 aspiciens
916 871 1085 925 David
1141 872 1390 926 humana
1420 872 1561 935 vita,
1603 871 1800 928 futura
1848 875 1967 927 vita
2003 874 2169 928 veluti

599 961 880 1030 quoddam
929 961 1224 1016 consilium
1272 963 1423 1030 prius
1475 963 1790 1032 exposuerit
1851 979 1946 1033 per
2001 965 2170 1017 turris

594 1055 1090 1109 constructionem.
1132 1053 1267 1107 Nam
1291 1054 1459 1109 totius
1481 1056 1729 1125 corporis
1761 1055 2018 1112 Ecclesia
2050 1059 2170 1111 sin-

600 1149 854 1217 gulorum
891 1147 1283 1211 membrorum,
1315 1163 1410 1216 per
1437 1148 1901 1219 comparationem
1939 1149 2170 1218 alicujus

598 1255 724 1293 cum
761 1240 951 1311 aliquo
975 1248 1030 1296 et
1056 1241 1490 1302 similitudinem,
1522 1241 1844 1296 laudaturus
1867 1242 2170 1312 pulchritu-

595 1331 807 1396 dinem,
845 1332 1166 1388 describens
1200 1333 1388 1402 quales
1415 1348 1536 1387 esse
1575 1339 1824 1400 Oporteat
1864 1346 1959 1386 eos
1991 1333 2084 1401 qui
2116 1333 2169 1386 in

597 1425 800 1494 populo
843 1432 1030 1479 tenent
1079 1424 1260 1478 locum
1310 1425 1458 1487 colli,
1492 1424 1742 1478 meminit
1791 1423 1950 1490 hujus
1979 1425 2168 1488 turris,

594 1528 718 1582 qua
749 1513 967 1583 quidem
1017 1515 1336 1568 nominatur
1373 1513 1564 1578 David,
1608 1515 1959 1584 cognoscitur
1988 1525 2168 1569 autem

599 1605 765 1659 etiam
797 1622 863 1660 ex
899 1607 1345 1676 propugnaculis.
1370 1605 1736 1661 Nominantur
1765 1615 1946 1663 autem
1976 1623 2170 1678 propu-

597 1700 830 1770 gnacula
858 1699 1174 1772 Tbalpioth.

665 1977 744 2032 lta
776 1985 956 2032 autem
990 1975 1154 2030 habet
1192 1983 1483 2031 contextus
1523 1975 1788 2031 orationis
1817 1995 1830 2030 :
1865 1975 2014 2031 Sicut
2053 1986 2167 2029 tur-

594 2071 670 2124 ris
706 2069 878 2124 David
905 2067 1099 2122 collum
1144 2077 1312 2130 tuum,
1356 2083 1474 2136 quae
1513 2076 1591 2122 est
1621 2068 1890 2138 aedificata
1923 2069 1976 2121 in
2012 2067 2167 2122 Thal-

593 2162 763 2233 piotlt,
801 2161 946 2216 mille
968 2160 1135 2230 εινρεί
1165 2160 1218 2213 in
1243 2161 1360 2232 ipsa
1391 2158 1633 2230 pendent.
1659 2176 1835 2214 omnes
1865 2160 2032 2214 hasta:
2057 2163 2167 2227 [or-

595 2259 748 2308 tium.
806 2251 1120 2323 Corporalis
1172 2266 1304 2322 ergo
1356 2252 1526 2308 turris
1569 2252 1910 2306 constructio
1955 2267 2022 2306 ex
2065 2251 2168 2305 hoc

595 2355 682 2403 est
735 2345 965 2417 insignis
1008 2354 1063 2400 et
1107 2343 1480 2416 suspicienda,
1531 2343 1676 2413 quod
1733 2345 1802 2398 sit
1847 2359 1986 2414 opus
2023 2344 2168 2414 regis

598 2425 876 2502 David,,'et
905 2451 971 2491 ex
1011 2435 1117 2490 loci
1147 2435 1426 2505 superbia,
1466 2444 1521 2490 et
1561 2450 1627 2490 ex
1663 2434 1833 2490 armis
1865 2435 1920 2489 in
1947 2449 2010 2489 ea
2042 2450 2170 2490 sus-

596 2531 805 2599 pensis,
846 2542 1038 2596 nempe
1067 2527 1279 2598 clypeis
1327 2537 1382 2582 et
1413 2526 1610 2587 hastis.
1641 2541 1874 2596 quarum
1921 2528 2168 2581 nuutitu-

593 2622 780 2676 dinem
825 2618 1070 2673 ostendit
1120 2625 1411 2674 contextus
1453 2617 1674 2672 nomine
1720 2617 2032 2672 tnillenarii.
2076 2617 2171 2674 Est

595 2723 776 2766 autem
807 2719 989 2766 noster
1033 2725 1232 2781 scopus
1277 2709 1630 2765 considerare
1667 2709 1774 2763 vim
1807 2709 2004 2764 divina
2043 2725 2168 2764 ora-

603 2803 772 2857 tionis
800 2819 812 2855 :
849 2801 1308 2872 quemadmodum
1342 2801 1469 2856 huic
1499 2801 1636 2854 turri
1664 2810 2015 2870 comparatur
2045 2818 2170 2872 pars

597 2898 692 2953 illa
727 2895 984 2952 Ecclesia
1016 2897 1105 2951 cui
1137 2911 1333 2950 nomen
1375 2902 1460 2950 est
1497 2894 1720 2948 collum.
1763 2893 2002 2948 Primum
2038 2910 2170 2965 ergo

602 2989 860 3044 convenit
898 2987 1236 3050 examinare,
1272 3001 1521 3057 quanam
1564 3000 1694 3055 pars
1737 2985 1792 3039 in
1823 2995 2012 3040 nostro
2051 3001 2172 3040 cor-

604 3095 741 3151 pore
777 3080 1082 3150 appelletur
1115 3079 1240 3133 colli
1284 3078 1524 3141 nomine,
1571 3075 1767 3130 deinde
1797 3075 2040 3130 membro
2079 3073 2175 3128 Ec-

597 3173 782 3229 clesia:
807 3189 1006 3228 nomen
1031 3171 1468 3227 accommodare.
1505 3169 1661 3236 Quod
1693 3183 1823 3238 ergo
1852 3167 2046 3223 mediis
2073 3169 2174 3222 hu-

594 3266 766 3321 meris
811 3265 1145 3329 immittitur,
1181 3263 1236 3318 in
1285 3279 1345 3318 se
1394 3271 1574 3316 autem
1621 3267 1786 3330 caput
1819 3261 2074 3324 sustinet,
2117 3269 2173 3316 et

598 3358 657 3410 tit
686 3372 784 3427 pro
812 3356 930 3411 basi
964 3355 1086 3425 ejus
1115 3355 1258 3425 quod
1288 3355 1363 3409 illi
1396 3354 1714 3424 imponitur,
1749 3353 1949 3408 collum
2001 3355 2176 3409 nomi-

597 3457 784 3508 natur.
825 3446 987 3516 cujus
1016 3447 1068 3500 id
1101 3445 1320 3515 quidem
1347 3445 1492 3514 quod
1530 3453 1616 3498 est
1643 3457 1792 3498 retro
1816 3443 2041 3498 fulcitur
2077 3458 2173 3498 os-

603 3539 801 3601 sibus;
845 3536 990 3605 quod
1037 3543 1217 3589 autem
1270 3533 1512 3588 anterius
1564 3539 1668 3595 est,
1716 3531 1945 3586 liberum
1988 3539 2072 3586 est
2103 3533 2173 3586 ab

598 3629 806 3682 ambitu
846 3629 1077 3681 ossium.
1117 3623 1274 3682 Ossis
1307 3631 1489 3678 autem
1535 3634 1728 3676 natura
1777 3637 1886 3676 non
1933 3631 2018 3677 est
2067 3623 2170 3679 sibi

599 3721 704 3790 ipsi
742 3719 1034 3774 continens
1081 3725 1137 3772 et
1183 3713 1482 3779 individua,
1519 3715 1662 3769 sicut
1695 3713 1864 3768 cubiti
1901 3722 1958 3769 et
2003 3714 2168 3780 tibia,

604 3811 702 3868 sed
739 3812 888 3868 dorsi
927 3809 1194 3864 vertebris
1225 3807 1578 3862 multifariam
1627 3807 1798 3876 ﬁgura
1829 3805 2040 3871 divisis,
2077 3823 2172 3876 per

600 3919 805 3959 nervos
843 3913 898 3957 et
931 3901 1200 3957 medullas
1229 3907 1282 3956 et
1313 3901 1603 3970 ligamenta
1637 3899 1719 3953 eis
1754 3897 1975 3961 adnata,
2024 3899 2170 3968 ipsa-

600 4013 724 4052 rum
765 3995 831 4049 ad
871 4011 928 4050 se
974 3994 1205 4048 invicem
1241 3993 1300 4046 fit
1353 3991 1483 4046 unio
1516 4009 1530 4052 :
1561 4000 1614 4046 et
1655 4006 1749 4060 per
1779 3989 2070 4045 medullam
2101 3991 2171 4043 ti-

600 4090 705 4144 bia
735 4089 968 4143 similent
1001 4104 1095 4158 per
1122 4086 1360 4142 medium
1394 4085 1799 4157 pervadentem,
1839 4098 1960 4153 qua
1993 4082 2168 4138 conti-

602 4192 764 4236 netur
797 4179 1017 4250 quidem
1049 4178 1410 4244 membranis,
1443 4177 1497 4232 id
1525 4185 1706 4232 autem
1737 4175 1882 4246 quod
1907 4183 1994 4231 est
2021 4175 2171 4232 intus

604 4274 816 4328 unitum
851 4283 935 4327 est
987 4271 1212 4326 cerebro
1245 4289 1259 4325 :
1291 4278 1419 4325 ante
1447 4279 1627 4323 autem
1679 4269 1926 4323 continet
1969 4267 2169 4322 collum

603 4380 854 4435 asperam
883 4363 1162 4425 arteriam,
1195 4368 1249 4416 et
1271 4370 1356 4416 est
1384 4360 1785 4430 receptaculum
1819 4359 2048 4428 spiritus
2077 4359 2170 4430 qui

615 4457 762 4509 intro
799 4453 1110 4507 admittitur
1137 4459 1192 4506 et
1237 4449 1446 4513 inﬂuit,
1481 4465 1576 4519 per
1605 4465 1765 4519 quem
1813 4450 1954 4520 ignis
1985 4450 2169 4504 cordis

2272 600 2412 664 δε;ος
2433 602 2490 654 οὲ
2522 603 2658 656 κατὰ
2685 603 2776 657 τὸν
2805 605 2996 674 χρόνον
3025 607 3232 658 ἐκεῖνον
3259 604 3394 675 πρὸς
3419 603 3517 676 τὴν
3530 604 3639 658 τῶν
3671 605 3835 676 λαφύο

2277 709 2383 763 ρων
2431 694 2676 766 φυλακὴν
2706 697 2986 768 ἐνομίσθη,
3024 698 3125 751 ὅσα
3156 697 3559 768 δουλωσάμενος
3590 699 3716 761 τοὺς
3745 701 3834 753 άλ-

2271 785 2534 854 λοφύλους
2565 789 2701 857 μετά
2726 789 2834 843 τῶν
2861 789 3064 842 λοιπῶν
3107 790 3400 860 χρημάτων
3442 788 3570 842 ἴδιον
3599 789 3783 860 κέρδος
3807 793 3835 845 6

2275 879 2522 948 βασιλεὺς
2553 881 2870 952 ἐποιήσατο.
2916 881 3157 944 Ἐδειξεν
3185 877 3278 934 οὖν
3307 881 3392 933 διά
3420 882 3518 950 τῆς
3550 881 3711 934 αὐτοῦ
3747 899 3838 934 σο-

2274 970 2400 1041 φίας
2420 975 2448 1025 6
2481 972 2748 1041 βασιλεὺς,
2785 972 2919 1043 πρὸς
2950 973 2978 1025 ὃ
3001 990 3053 1026 τι
3085 973 3293 1040 βλέπων
3316 973 3345 1024 ὁ
3367 973 3529 1025 Δαόὶδ
3547 972 3749 1041 ἀγαθὸν
3771 975 3837 1044 τῇ

2273 1063 2378 1115 τῶν
2406 1062 2704 1134 ἀνθρώπων
2739 1065 2870 1137 ζωῇ,
2908 1064 3094 1136 ὥσπερ
3117 1063 3239 1118 τινὰ
3267 1065 3574 1136 συμϐουλὴν
3601 1065 3679 1136 τῷ
3703 1065 3841 1136 μετὰ

2271 1156 2443 1210 ταῦτα
2483 1156 2581 1227 βίῳ
2611 1155 2695 1209 διὰ
2725 1160 2824 1228 τῆς
2857 1156 2951 1210 τοῦ
2985 1157 3192 1228 πύργου
3217 1156 3563 1226 κατασκευῆς
3595 1156 3839 1227 προαπέ-

2274 1249 2413 1302 θετο.
2445 1249 2649 1308 Παντὸς
2674 1249 2781 1318 γάρ
2805 1249 2897 1301 τοῦ
2928 1247 3174 1319 σώματος
3200 1248 3300 1318 τῆς
3349 1247 3692 1318 Ἐκκλησίας,
3729 1246 3838 1299 τῶν

2273 1339 2395 1393 καθ’
2441 1340 2664 1393 ἕκαστον
2695 1339 2869 1408 μελῶν
2896 1339 2982 1392 διά
3012 1339 3112 1409 τῆς
3155 1339 3290 1410 πρός
3317 1357 3369 1392 τι
3404 1337 3756 1410 παραθέσεώς
3780 1355 3840 1392 τε

2273 1432 2367 1484 καὶ
2411 1431 2722 1501 ὁμοιώσεως
2761 1431 3126 1500 ἐγκωμιάζειν
3171 1432 3233 1484 τὸ
3265 1432 3458 1492 κάλλος
3498 1430 3728 1501 μέλλων,
3771 1429 3838 1482 δι’

2271 1524 2566 1578 ἀκολούθου
2614 1526 2739 1586 τοὺς
2771 1525 2828 1577 ἐν
2855 1522 2931 1594 τῷ
2959 1523 3072 1594 λαῷ
3104 1523 3196 1577 τὸν
3225 1523 3318 1576 τοῦ
3364 1521 3632 1596 τραχήλου
3675 1522 3836 1574 τόπον

2271 1617 2585 1686 ἐπέχοντας,
2608 1615 2750 1678 οἴους
2772 1614 2924 1678 τινάς
2945 1613 3082 1668 εἶναι
3109 1614 3394 1686 προσήκει.
3417 1612 3732 1682 διαγράφων
3762 1609 3836 1682 τῷ

2272 1707 2436 1778 λόγῳ,
2470 1705 2563 1758 τοῦ
2596 1704 2804 1777 πύργου
2841 1706 3110 1776 μέμνηται
3133 1702 3345 1767 τούτου,
3369 1697 3413 1772 ᾧ
3443 1701 3837 1773 ἐπονομάζεται

2277 1799 2374 1868 μὲν
2399 1800 2428 1852 6
2459 1796 2641 1861 Δαϐὶδ,
2688 1796 2800 1865 ἔχει
2824 1795 2880 1848 δὲ
2915 1795 3007 1848 καὶ
3045 1793 3153 1848 ἀπὸ
3180 1794 3288 1846 τῶν
3316 1791 3591 1858 ἐπάλξεων
3614 1791 3677 1844 τὸ
3697 1791 3839 1858 γνὼ-

2191 1861 2239 1924 B
2274 1861 2450 1962 ριμον.
2485 1861 2874 1956 Θαλπιὼθ-γάρ
2901 1888 2957 1940 αἱ
2992 1885 3245 1952 ἐπάλξεις
3276 1884 3767 1954 κατονομάζονται.

2345 1981 2504 2036 Οὕτω
2534 1980 2645 2050 δέή
2671 1977 2815 2042 λέξις
2850 1977 2994 2048 ἔχει’
3037 1979 3128 2042 Ὠς
3171 1978 3397 2047 πύργος
3426 1975 3601 2029 Δαόίὸ
3630 1974 3841 2044 τράχηο

2269 2076 2380 2140 ,πός
2415 2091 2566 2138 σου,
2601 2075 2635 2126 ὀ
2688 2069 3136 2140 ᾠκοδομημένος
3179 2070 3250 2123 ἐν
3294 2067 3600 2134 Θαλπιὼθ,
3657 2069 3838 2137 χίλιοι

2270 2168 2464 2235 θυρεοὶ
2507 2167 2823 2236 κρέμανται
2853 2164 2957 2218 ἐπ’
2977 2163 3167 2228 αὐτῷ,
3214 2161 3402 2218 πᾶσαι
3428 2161 3678 2226 ,ϐολίδες
3716 2158 3836 2213 τῶν

2269 2259 2559 2314 δυνατῶν.
2602 2260 2667 2312 Ἦ
2701 2260 2798 2329 μὲν
2827 2253 2920 2312 οὖν
2960 2259 3243 2328 σωματικὴ
3287 2255 3379 2309 τοῦ
3415 2255 3622 2326 πύργου
3671 2269 3842 2307 κατα-

2275 2349 2439 2420 σκευὴ
2463 2349 2524 2403 τὸ
2547 2350 2902 2422 περίϐλεπτον
2936 2348 3048 2418 ἔχει
3065 2389 3080 2405 .
3103 2348 3166 2400 ἐκ
3192 2363 3250 2399 τε
3280 2347 3375 2400 τοῦ
3405 2347 3564 2418 ἔργον
3583 2343 3720 2400 εἶναι
3745 2346 3840 2400 τοῦ

2275 2441 2537 2512 βασιλέως
2560 2442 2741 2505 Δαόὶδ,
2790 2443 2884 2494 καὶ
2908 2442 2972 2494 ἐκ
3007 2441 3104 2508 τῆς
3127 2440 3482 2510 περιφανείας
3510 2439 3604 2492 τοῦ
3644 2440 3838 2503 τόπου,

2273 2535 2366 2588 καὶ
2406 2537 2470 2587 ἐκ
2490 2534 2600 2587 τῶν
2627 2534 2994 2588 ἀνατεθέντων
3021 2533 3200 2585 ὃπλων
3231 2534 3288 2585 ἐν
3320 2531 3468 2602 αύτῷ
3487 2571 3503 2595 ,
3541 2531 3750 2602 θυρεῶν
3782 2546 3840 2584 τι

2275 2628 2367 2680 καὶ
2400 2626 2510 2680 τῶν
2550 2626 2789 2696 βολίδων,
2820 2620 2894 2679 ὧν
2921 2625 2983 2678 τὸ
3016 2624 3218 2694 πλῆθος
3246 2623 3572 2678 ἐνδείκνυται
3612 2624 3641 2675 6
3682 2623 3842 2691 λόγος

2273 2719 2349 2788 τῷ
2376 2718 2476 2788 τῆς
2515 2718 2750 2788 χιλιάδος
2791 2718 3035 2788 ὀνόματι.
3079 2716 3236 2788 Ἦμῖν
3271 2717 3327 2771 δέ
3359 2715 3557 2777 σκοπός
3597 2717 3708 2768 ἐστι
3741 2732 3843 2767 κα-

2273 2806 2530 2876 τανοῆσαι
2576 2806 2668 2859 τοῦ
2714 2806 2858 2859 θείου
2889 2806 3045 2874 λόγου
3087 2808 3184 2878 τὴν
3226 2805 3480 2876 δύναμιν·
3514 2805 3630 2868 πῶς
3659 2821 3842 2876 παρα·

2275 2898 2525 2951 ϐάλλεται
2548 2897 2624 2968 τῷ
2651 2897 2846 2968 πύργῳ
2871 2897 3044 2968 τούτῳ
3070 2898 3130 2950 τὸ
3163 2897 3327 2968 μέρος
3355 2898 3531 2950 ἐκεῖνο
3565 2895 3664 2962 τῆς
3712 2896 3840 2948 Ἐκ-

2277 2987 2518 3057 κλητίας,
2549 2980 2594 3054 ᾧ
2627 2987 2897 3058 τράχηλός
2939 2988 3054 3039 ἐστι
3082 2987 3143 3040 τὸ
3183 2985 3374 3056 ὄνομα.
3403 2984 3626 3054 Πρῶτον
3659 2983 3843 3036 τοίνυν

2277 3069 2523 3135 ἐξετάσαι
2571 3073 2835 3143 προσήκει
2887 3074 3034 3124 ποῖον
3079 3069 3234 3141 ἐντῷ
3279 3069 3398 3124 καθ’
3445 3071 3592 3140 ἡμᾶς
3629 3067 3846 3138 σώματι

2281 3162 2442 3232 μέρος
2466 3201 2482 3226 ,
2521 3161 2599 3231 τῷ
2627 3163 2848 3232 ὀνόματι
2887 3160 2979 3215 τοῦ
3025 3160 3294 3232 τραχήλου
3351 3159 3840 3231 ⁶προσαγορεύεται,

2199 3222 2245 3283 C
2275 3222 2371 3308 εἶθζ
2417 3222 2590 3317 ούτως
2636 3222 2944 3324 ἐψάρμόσαι
2977 3222 3199 3322 τιῖίτῆξ
3223 3222 3553 3322 Ἐκκληησίας⁷
3591 3222 3740 3320 μέλει
3780 3249 3843 3302 τὸ

2272 3352 2460 3421 ὄνομα.
2494 3351 2701 3404 Ούκοῦν
2742 3350 2803 3403 τὸ
2828 3347 3192 3422 ἐῤῥιζωμένον
3231 3350 3288 3400 ἐν
3335 3348 3483 3418 μέσῳ
3509 3347 3615 3400 τῶν
3646 3347 3839 3416 ὤμων,

2272 3445 2480 3514 ἀνέχων
2511 3443 2566 3497 δὲ
2595 3443 2694 3514 τὴν
2717 3422 2958 3512 κεφαλὴν
2985 3441 3070 3511 ἐφ’
3108 3440 3322 3502 ἐαυτοῦ,
3356 3441 3448 3494 καὶ
3478 3441 3596 3494 ἀντὶ
3629 3439 3838 3510 βάσεως

2269 3535 2364 3588 τοῦ
2396 3533 2795 3604 ὑπερκειμένου
2834 3533 3138 3603 γινόμενον,
3173 3531 3438 3602 τράχηλος
3473 3530 3799 3601 ὀνομάζεται
3823 3547 3836 3560 °

2269 3621 2330 3678 οὗ
2353 3625 2412 3678 τὸ
2439 3624 2668 3678 κατόπιν
2715 3623 2833 3693 μὲν,
2871 3624 3076 3687 ὀστέοις
3111 3623 3410 3694 ἐρείδεται·
3444 3621 3504 3674 τὸ
3540 3622 3598 3674 δὲ
3638 3622 3838 3690 «p062-

2270 3715 2536 3786 ὁλημένον
2563 3713 2843 3785 ἐλεύθερόν
2881 3715 2996 3767 ἐστι
3027 3714 3124 3783 τῆς
3163 3713 3271 3766 τῶν
3297 3713 3495 3765 ὀστέων
3525 3711 3836 3782 περιϐολῆς.

2279 3808 2344 3862 Ἥ
2367 3808 2424 3862 δὲ
2465 3805 2558 3860 τοῦ
2593 3805 2774 3861 ὀστέου
2818 3804 2978 3874 φύσις
3002 3843 3017 3868 ,
3045 3806 3107 3858 ού
3134 3804 3256 3858 καθ’
3281 3804 3572 3875 ὁμοιότητα
3609 3802 3702 3856 τοῦ
3729 3806 3842 3872 πή-

2269 3899 2465 3970 χεωςῆ
2506 3899 2605 3970 τῆς
2643 3899 2856 3968 κνήμης
2904 3897 3136 3967 συνεχής
3175 3897 3290 3948 ἐστι
3320 3895 3454 3966 πρὸς
3501 3895 3697 3966 ἑαυτὴν
3742 3895 3839 3948 καὶ

2268 3992 2589 4066 ἀδιαίρετος,
2627 3989 2760 4044 ἀλλὰ
2791 3988 3054 4059 πολλαχοῦ
3079 3987 3185 4042 τῶν
3229 3987 3428 4041 ὀστέων
3456 3989 3513 4040 ἐν
3534 3987 3838 4040 σπονδύλων

2270 4086 2508 4156 σχήματι
2533 4081 2894 4155 διῃρημένων,
2925 4080 3012 4133 διὰ
3038 4073 3144 4133 τῶν
3168 4079 3485 4148 πεφυκότων
3515 4079 3696 4142 αὐτοῖς
3716 4080 3838 4132 νεύ-

2272 4193 2378 4246 ρων
2409 4175 2503 4228 καὶ
2541 4173 2752 4245 μυελῶν
2787 4174 2880 4226 καί
2916 4172 3224 4243 συνδέσμων
3251 4173 3284 4243 ἡ
3322 4172 3515 4235 ἐνωσις
3537 4172 3674 4241 αὐτῇ
3701 4173 3837 4243 πρὸς

2269 4270 2473 4342 ἄλληλα
2502 4268 2730 4338 γίνεται,
2767 4267 2862 4321 καὶ
2893 4265 2981 4319 διὰ
3023 4264 3116 4317 τού
3153 4263 3352 4334 μυελοῦ
3391 4262 3485 4316 τοῦ
3528 4264 3837 4328 αύλοειδοῦς

2268 4363 2405 4417 κατὰ
2429 4363 2489 4416 τὸ
2520 4361 2682 4432 μέσον
2717 4359 3013 4429 διήκοντος,
3047 4350 3107 4412 οὗ
3130 4358 3164 4429 ἡ
3191 4355 3417 4428 περιοχὴ
3453 4356 3549 4426 μέν
3582 4355 3716 4427 πρὸς
3737 4356 3837 4418 τὰς

2273 4457 2561 4525 μήνιγγας,
2585 4453 2716 4506 αὐτὸ
2743 4452 2798 4506 δὲ
2835 4451 2896 4505 τὸ
2925 4440 3239 4522 ἐγκείμενον
3264 4449 3398 4520 πρὸς
3422 4447 3511 4501 τὸν
3537 4447 3837 4517 ἐγκέφαλον

604 4545 900 4599 ventilatur
941 4553 994 4596 et
1028 4540 1308 4596 reducitur
1351 4539 1417 4594 ad
1463 4539 1835 4609 operationem
1867 4539 2167 4594 secundum

2271 4550 2472 4616 ἥνωται
2495 4563 2509 4576 ·
2542 4549 2600 4600 ἐν
2634 4545 2690 4599 δὲ
2720 4547 2830 4607 τοῖς
2863 4541 3167 4614 ἔμπροσθεν
3196 4544 3440 4611 περιέχει
3481 4541 3578 4610 μὲν
3607 4539 3704 4611 τὴν
3733 4540 3834 4610 ἀρ-

605 4643 878 4690 naturain.
911 4633 1168 4688 Continet
1196 4643 1375 4687 autem
1410 4631 1518 4684 cibi
1560 4645 1780 4700 quoque
1813 4637 2048 4691 meatus.
2078 4645 2174 4700 per

605 4729 789 4798 gulam
849 4734 904 4780 et
965 4725 1174 4790 fauces,
1229 4723 1492 4795 quidquid
1541 4738 1638 4793 per
1689 4737 1753 4776 os
1813 4722 2178 4778 introducitur

604 4820 988 4874 transmittens
1034 4818 1103 4873 ad
1133 4818 1529 4873 concavitatem
1569 4831 1691 4889 qua
1725 4822 1810 4871 est
1841 4830 2030 4870 eorum
2083 4830 2174 4870 ca.

608 4923 735 4980 pax.
774 4907 949 4963 Habet
984 4919 1162 4963 autem
1194 4909 1393 4963 collum
1428 4907 1708 4978 quidpiam
1734 4908 1992 4963 eximium
2035 4923 2176 4979 pra-

606 5010 690 5055 ter
741 5006 934 5054 catera
981 4999 1244 5055 membra.
1295 4999 1354 5053 In
1408 4999 1682 5067 superiori
1729 4999 1873 5054 enim
1927 5001 2168 5070 positura

606 5107 815 5162 aspera
863 5093 1097 5156 arteria,
1149 5099 1235 5146 est
1281 5090 1337 5145 in
1376 5106 1442 5146 eo
1487 5091 1698 5146 oﬂicina
1737 5091 1910 5152 vocis.
1967 5093 2022 5146 in
2063 5108 2170 5162 qua

608 5193 740 5243 sunt
781 5193 1083 5256 praparata
1113 5185 1295 5240 omnia
1329 5184 1480 5240 vocis
1511 5185 1898 5248 instrumenta,
1928 5199 2024 5254 per
2052 5200 2172 5254 qua

607 5287 898 5350 generatur
944 5293 1112 5334 sonus
1159 5276 1378 5346 spiritu,
1430 5278 1521 5346 qui
1561 5276 1828 5336 redditur,
1880 5275 1934 5329 in
1983 5277 2170 5330 orbem
2217 5272 2232 5287 ⁹

607 5369 943 5423 circumacta
985 5367 1204 5420 arteria.
1249 5366 1342 5419 Sic
1390 5376 1566 5420 autem
1620 5381 1650 5420 a
1698 5367 1855 5422 nobis
1898 5366 2172 5438 descripto

607 5461 857 5516 membro
890 5459 1157 5530 corporis,
1191 5457 1348 5513 facile
1384 5458 1546 5512 fuerit
1584 5473 1651 5513 ex
1683 5459 1750 5513 iis
1781 5473 1900 5528 qua
1935 5459 2024 5513 hic
2045 5467 2173 5514 sunt

609 5555 980 5618 considerata,
1015 5551 1369 5607 considerare
1397 5551 1596 5606 collum
1635 5551 1889 5620 corporis
1912 5553 2172 5608 ecclesia-

609 5644 735 5697 stici
771 5662 784 5698 :
827 5644 1089 5714 quidnam
1139 5644 1211 5698 sit
1261 5658 1357 5712 per
1395 5643 1784 5697 convenientes
1829 5645 2172 5713 operationes

611 5735 756 5805 quod
783 5736 887 5791 hoc
915 5752 1112 5791 nomen
1151 5735 1367 5806 proprie
1396 5735 1646 5804 suscipit,
1676 5741 1729 5792 et
1765 5734 1960 5790 collum
1991 5736 2167 5790 nomi-

609 5838 794 5895 natur,
823 5837 876 5886 et
905 5828 1045 5885 turri
1078 5827 1244 5885 David
1266 5827 1644 5885 assimilatur.

2271 4639 2462 4710 τηρίαν
2509 4639 2538 4690 ὀ
2582 4637 2881 4708 τράχηλος,
2915 4636 2951 4706 ἢ
2983 4633 3187 4706 δοχεῖόν
3226 4636 3340 4688 ἐστι
3388 4634 3481 4688 τοῦ
3527 4633 3836 4704 πνεύματος

2271 4730 2364 4784 τοῦ
2399 4729 2594 4793 ἔξωθεν
2627 4730 2758 4797 ἡμῖν
2800 4725 3226 4796 εἰσοικιξομένου
3264 4742 3324 4778 τε
3373 4724 3466 4778 καὶ
3499 4725 3832 4795 είσρέοντος,

2271 4821 2336 4874 δι’
2381 4815 2441 4874 οὗ
2475 4819 2537 4872 τὸ
2573 4818 2858 4890 ἐγκάρδιον
2903 4817 3014 4889 πῦρ
3051 4818 3186 4888 πρὸς
3228 4816 3324 4889 τὴν
3361 4818 3643 4887 ἐνέργειαν
3671 4817 3834 4871 αύτοῦ

2271 4915 2371 4983 τὴν
2415 4912 2556 4966 κατὰ
2584 4911 2743 4981 φύσιν
2780 4910 3212 4984 ἀναρριπίζεται.
3245 4908 3493 4979 Περιέχει
3519 4909 3573 4961 δὲ
3619 4909 3714 4962 καὶ
3738 4909 3836 4976 τῆς

2273 5004 2477 5077 τροφῆς
2511 5003 2610 5066 τὰς
2649 5001 2906 5065 είσόδους,
2948 5001 3038 5055 διὰ
3063 4999 3155 5054 τοῦ
3181 4999 3377 5070 λαιμοῦ
3407 5017 3465 5053 τε
3494 5001 3586 5053 καὶ
3623 4999 3717 5052 τοῦ
3744 4999 3835 5052 λά·

2279 5114 2498 5170 ρυγγος.
2540 5098 2646 5150 πᾶν
2683 5095 2744 5148 τὸ
2771 5095 2860 5149 διὰ
2893 5094 2986 5148 τοῦ
3023 5094 3287 5164 στόματος
3325 5092 3674 5161 εἰσαγόμενον
3701 5091 3835 5159 πρὸς

2275 5191 2372 5260 τήν
2411 5188 2695 5258 κοιλότητα
2741 5185 2838 5257 τὴν
2866 5185 3118 5254 δεκτικὴν
3154 5183 3356 5237 τούτων
3401 5181 3830 5251 διαπορθμεύων.

2279 5285 2430 5353 Ἔχει
2449 5283 2505 5336 δὲ
2529 5282 2622 5336 καὶ
2647 5280 2774 5335 ἄλλο
2795 5279 2944 5350 παρὰ
2959 5278 3025 5331 τά
3054 5278 3214 5330 λοιπά
3239 5276 3347 5329 τῶν
3369 5276 3540 5348 μελῶν
3563 5267 3834 5348 ἐξαίρετόν

2273 5392 2326 5428 τι
2375 5375 2402 5425 ὀ
2445 5373 2731 5443 τράχηλος.
2775 5369 3078 5440 Κατὰῖγάρ
3115 5369 3213 5439 τὴν
3257 5367 3370 5421 ἄνω
3429 5365 3531 5436 τῆς
3571 5367 3832 5438 ἀρτηρίας

2278 5462 2449 5525 θέσιν,
2485 5461 2632 5513 ἐστὶν
2665 5461 2723 5512 ἐν
2757 5457 2902 5527 αὐτῷ
2932 5459 3028 5528 τῆς
3074 5457 3254 5528 φωνῆς
3286 5457 3346 5510 τὸ
3369 5459 3740 5528 ἐργαστήριον,
3773 5456 3832 5508 ἐν

2278 5547 2322 5622 ᾧ
2349 5554 2416 5606 τὰ
2438 5550 2719 5622 φωνητικὰ
2741 5550 2916 5604 πάντα
2949 5549 3388 5621 παρεσκεύασται
3413 5549 3637 5620 δργανα,
3667 5549 3734 5602 δι’
3756 5540 3831 5600 ὧν

2279 5645 2638 5712 ἀπογεννᾶται
2664 5645 2692 5696 6
2716 5637 2848 5714 ἦχος
2863 5683 2879 5708 ,
2903 5640 2982 5712 τῷ
3004 5640 3364 5712 άναδιδομένφ
3386 5639 3656 5710 πνεύματι
3679 5656 3830 5708 «ept-

2282 5737 2603 5808 δονουμένης
2627 5738 2682 5789 ὲν
2713 5734 2894 5805 κύκλῳ
2914 5735 3015 5805 τῆς
3045 5733 3328 5807 ἀρτηρίας.
3360 5731 3514 5787 οὕτω
3533 5732 3590 5786 δὲ
3609 5731 3702 5786 τοῦ
3728 5749 3821 5784 σωο

2281 5826 2509 5898 ματικοῦ
2542 5825 2733 5897 μέλους
2775 5825 2905 5896 ἡμῖν
2949 5822 3337 5895 διαγραφέντος
3359 5863 3374 5890 ,
3400 5819 3617 5875 εὔκολον
3647 5819 3710 5876 άν
3747 5816 3827 5884 ειη
