3932 6508
131 416 246 469 935

1202 418 1267 472 IN
1290 414 1586 473 CAN'UCA
1618 410 1889 468 CANTIC.
1933 411 2219 470 HOMIIJA
2258 415 2365 470 VII.

3288 418 3395 473 954

129 525 228 579 διὰ
265 526 376 581 τῶν
405 527 639 583 ἐνταῦθα
676 531 1060 604 θεωρηθέντων
1088 532 1291 585 καὶτὸν
1314 530 1406 584 τοῦ
1441 526 1895 599 ἐκκλησιαστικοῦ
1933 527 2182 599 σώματος
2217 527 2488 601 τράχηλον
2547 530 2907 605 κατανοῆσαι·
2974 531 3120 596 ὅστις
3183 535 3329 587 ἐστὶν
3362 534 3395 585 ό

125 616 226 672 διὰ
254 617 362 671 τῶν
392 620 743 693 καταλλήλων
766 623 1054 695 ἐνεργειῶν
1082 624 1141 678 τὸ
1173 623 1345 695 ὄνομα
1379 623 1539 677 τοῦτο
1575 620 1783 692 κυρίως
1861 621 2278 694 ἀναλαμϐάνων,
2327 624 2596 696 τράχηλός
2630 645 2689 679 τε
2734 626 3151 698 ὀνομαζόμενος,
3178 630 3272 682 καὶ
3316 628 3393 700 τῷ

128 712 335 783 πύργῳ
369 714 461 768 τοῦ
490 708 655 771 Δαϐὶδ
679 718 1060 788 ὁμοιούμενος.

205 804 436 878 Πρῶτον
463 809 561 878 μὲν
591 807 704 872 οὖν,
731 811 760 862 ὃ
787 811 849 881 δὴ
872 812 967 864 καὶ
994 812 1209 883 πρῶτόν
1237 815 1404 873 ἐστιν,
1436 812 1593 876 εἴτις
1620 812 1687 882 τὴ

1893 802 2135 857 Primum
2170 819 2300 873 ergo
2331 805 2475 875 quod
2514 814 2567 861 et
2599 807 2931 876 praecipuum
2961 818 3065 873 est,
3102 813 3148 866 si
3180 815 3303 884 quis
3334 814 3392 869 in

126 897 399 968 ἀληθινὴν
429 897 522 950 τοῦ
553 899 759 963 παντὸς
801 901 1044 972 κεφαλὴν
1072 903 1155 972 ἐφ’
1197 902 1391 957 ἑαυτοῦ
1437 903 1714 973 βαστάζοι.

123 990 351 1059 ἐκείνην
377 988 519 1058 λέγω
554 990 651 1061 τὴν
681 992 943 1065 κεφαλὴν,
974 995 1097 1065 ῆτις
1140 995 1293 1049 ἐστὶν
1318 998 1345 1048 ὁ
1378 995 1630 1063 Χριστὸς,
1658 994 1718 1058 ἐξ

121 1077 188 1136 οὗ
226 1082 340 1136 πᾶν
370 1082 431 1135 τὸ
458 1082 615 1154 σῶμα
652 1085 1138 1156 συναρμολογεῖται
1175 1091 1269 1142 καὶ
1301 1086 1712 1157 συμϐιϐάζεται,

120 1167 288 1236 οὗτος
329 1175 533 1246 κυρίως
576 1175 733 1247 φέρει
766 1179 849 1247 ἐφ’
878 1180 1053 1251 ἐαυτῷ
1084 1180 1243 1234 τοῦτο
1274 1182 1540 1251 τὸόνομα.
1572 1182 1714 1252 Πρὸς

119 1263 344 1327 τούτοις
379 1265 428 1316 εί
459 1264 553 1318 τοῦ
580 1266 889 1338 πνεύματός
919 1272 1314 1335 ἐστιδεκτικὺς,
1348 1273 1438 1325 τοῦ
1468 1273 1566 1343 τὴν
1589 1290 1715 1344 καρ-

120 1355 249 1408 δίαν
282 1355 439 1425 ήμῶν
472 1358 731 1429 πυροειδῆ
773 1361 1054 1425 ποιοῦντος
1100 1364 1195 1416 καὶ
1229 1364 1706 1435 ἐκθερμαίνοντος,

122 1445 225 1496 καὶ
248 1446 297 1497 ει
323 1444 412 1497 διὰ
439 1444 537 1515 τῆς
567 1447 762 1518 εὐήχου
797 1453 981 1521 φωνῆς
1008 1452 1271 1523 ὑπηρετεῖ
1297 1453 1375 1523 τῷ
1398 1453 1558 1525 λόγῳ.
1576 1455 1710 1508 Οὐδὲ

117 1535 233 1605 γὰρ
266 1535 427 1588 ἄλλου
458 1539 600 1603 τινὸς
620 1539 803 1593 ἕνεκεν
824 1540 923 1612 τὴν
950 1542 1296 1612 ἀνθρωπίνην
1318 1545 1499 1614 φωνὴν
1528 1548 1556 1599 ό
1576 1545 1708 1609 Θεὸς

116 1630 183 1695 τῇ
207 1628 525 1704 ἀνθρωπίνῃ
570 1631 728 1700 φύσει
760 1635 1148 1705 ἐνετεκτήσατο
1168 1675 1183 1696 ,
1218 1636 1252 1707 ἢ
1283 1636 1368 1689 ἵνα
1405 1636 1632 1708 ὄργανον

116 1714 216 1767 τοῦ
268 1715 458 1784 λόγου.
493 1718 826 1790 διαρθροῦσα
874 1720 940 1773 δι’
975 1722 1177 1793 ἑαυτῆς
1220 1723 1289 1776 τὰ
1338 1722 1439 1792 τῆς
1480 1725 1704 1795 καρδίας

116 1809 418 1877 κινήματα.
463 1810 663 1889 Ἐχέτω
689 1811 743 1864 δὲ
774 1807 928 1874 οὗτος
962 1814 990 1865 ὁ
1030 1813 1300 1884 τράχηλος
1335 1816 1429 1867 καὶ
1451 1814 1551 1885 τὴν
1582 1815 1704 1886 θρε-

115 1899 323 1970 πτικὴν
345 1900 647 1973 ἐνέργειαν,
678 1904 774 1973 τὴν
799 1904 1146 1959 διδασκαλίαν
1171 1907 1333 1976 λέγω,
1363 1907 1429 1962 δι’
1449 1904 1516 1980 ἦς
1539 1911 1702 1964 παντὶ

113 1990 200 2061 τῷ
242 1990 451 2062 σώματι
493 1994 594 2064 τῆς
634 1994 960 2065 Ἐκκλησίας
1001 2000 1403 2070 συν-τηρεῖταιὴ
1444 2000 1696 2071 δύναμις.

130 2082 528 2155 Ἐπιρρεούσης
561 2084 669 2158 γὰρ
713 2087 800 2139 ἀεὶ
832 2087 931 2158 τῆς
956 2091 1181 2161 τροφῆς,
1224 2091 1283 2142 ἐν
1314 2089 1393 2162 τῷ
1427 2087 1563 2144 εἶναι
1586 2091 1697 2146 δια-

1819 908 1877 948 se
1911 902 2095 963 portat
2118 907 2303 949 verum
2332 905 2497 966 caput
2520 898 2785 963 universi,
2814 899 2945 953 illud
2975 902 3193 974 inquam
3227 912 3393 976 caput

1816 986 1961 1056 quod
1990 994 2076 1040 est
2108 985 2385 1052 (Ihristus,
2417 1004 2483 1045 ex
2519 1003 2627 1058 quo
2650 1004 2810 1045 omne
2845 1005 3046 1060 corpus
3083 995 3391 1066 compingi-

1822 1085 1912 1131 tur
1936 1086 1990 1132 et
2024 1078 2400 1150 conjungilur,
2451 1081 2499 1135 is
2544 1082 2705 1136 in’se
2755 1084 2974 1153 pr0prie
3011 1083 3115 1139 fert
3156 1086 3258 1142 hoc
3290 1104 3390 1142 no-

1815 1185 1962 1225 men.
1996 1169 2265 1226 Prmterea
2311 1181 2491 1228 autem
2524 1175 2569 1231 si
2600 1183 2684 1230 est
2708 1191 2879 1246 capax
2920 1178 3150 1248 spiritus
3170 1181 3263 1250 qui
3291 1197 3390 1235 cor

1814 1272 2060 1317 nostrum
2093 1264 2272 1318 reddit
2300 1266 2518 1335 igneum
2542 1276 2595 1320 et
2629 1268 2899 1329 calefacit,
2929 1278 2982 1323 et
3013 1270 3057 1324 si
3097 1286 3193 1339 per
3222 1287 3391 1327 sono-

1813 1370 1931 1407 ram
1972 1370 2161 1409 vocem
2212 1356 2453 1411 deservit
2496 1360 2754 1413 orationi.
2802 1359 2920 1414 Non
2961 1363 3107 1415 enim
3167 1363 3273 1417 alia
3319 1364 3389 1418 de

1815 1460 1981 1499 causa
2015 1445 2156 1501 Deus
2187 1447 2481 1503 humanam
2510 1466 2696 1505 vocem
2734 1461 2942 1507 natura:
2984 1454 3266 1508 hominum
3302 1464 3389 1510 cst

1812 1537 2134 1603 fabricatus,
2173 1556 2338 1611 quam
2370 1551 2429 1597 ut
2458 1554 2604 1599 esset
2635 1546 3059 1600 instrumentum
3092 1548 3384 1610 orationis.

1810 1644 1905 1697 per
1936 1645 1995 1684 se
2034 1632 2219 1688 cordis
2248 1641 2431 1689 motus
2456 1637 2737 1705 explicans
2780 1644 2834 1691 et
2864 1638 3232 1709 distinguens.
3276 1638 3385 1691 Ha-

1806 1722 1931 1776 beat
1957 1732 2137 1779 autem
2166 1726 2269 1780 hoc
2311 1743 2530 1798 quoque
2555 1729 2754 1782 collum
2797 1731 3071 1785 nutriendi
3101 1732 3383 1800 operatio-

1804 1830 1948 1879 nem,
1998 1817 2328 1885 doctrinam,
2378 1819 2622 1889 inquam,
2671 1836 2765 1891 per
2805 1838 2968 1892 quam
3019 1823 3119 1877 ιοιὶ
3162 1826 3381 1894 corpori

1804 1903 2068 1961 Ecclesia:
2109 1919 2472 1963 conservatur
2494 1909 2689 1966 virtus.
2719 1911 3055 1969 Adveniente
3093 1914 3238 1969 enim
3285 1931 3384 1968 nu-

1800 1996 2060 2051 trimento
2088 2011 2445 2053 conservatur
2492 2015 2693 2072 corpus
2739 2003 2792 2057 in
2834 2004 3095 2059 essentia.
3133 2004 3228 2059 Sin
3276 2020 3378 2059 au-

1799 2095 1907 2143 tem
1942 2089 2186 2155 deficiat,
2235 2092 2493 2154 tabescit.
2544 2102 2598 2149 et
2651 2095 2860 2152 interit.
2899 2095 3145 2151 Imitetur
3193 2107 3376 2152 autem

118 2172 278 2242 μένει
305 2174 365 2227 τὸ
395 2173 553 2246 σῶμα
572 2193 587 2207 ·
622 2178 1011 2252 ἐπιλειπούσης
1032 2181 1109 2244 δὲ,
1152 2181 1329 2250 φθίνει
1357 2182 1450 2235 καὶ
1484 2182 1691 2255 φθείρε-

1806 2188 1862 2234 et
1914 2183 2243 2236 concinnam
2308 2186 2686 2239 vertebrarum
2739 2187 3065 2256 posituram.
3115 2201 3182 2241 eo
3229 2188 3377 2257 quod

114 2284 236 2322 ται.
269 2270 556 2339 Μιμείσθω
584 2272 642 2325 δὲ
667 2275 761 2327 καὶ
783 2273 883 2346 τὴν
910 2277 1228 2348 ἐναρμόνιον
1250 2277 1358 2331 τῶν
1395 2278 1698 2332 σπονδύλων

118 2358 298 2423 θέσιν,
340 2364 397 2414 ἐν
429 2362 508 2433 τῷ
548 2364 677 2429 τοὺς
718 2366 841 2420 καθ’
889 2366 1120 2421 ἕκαστον
1153 2369 1212 2421 ἐν
1251 2369 1328 2439 τῷ
1357 2369 1470 2439 λαῷ
1517 2386 1699 2423 συντε-

111 2449 345 2516 λοῦντας
372 2453 461 2507 διὰ
498 2455 591 2508 τοῦ
628 2458 928 2529 συνδέσμου
960 2459 1059 2529 τῆς
1085 2461 1327 2530 εἰρήνης,
1368 2459 1424 2512 ἒν
1453 2460 1697 2530 ἀπεργά-

111 2543 305 2607 ζεσθαι
335 2546 528 2617 μέλος,
562 2550 874 2622 κλινόμενόν
904 2569 965 2605 τε
997 2552 1092 2606 καὶ
1141 2552 1562 2625 άνορθούμενον,
1600 2553 1695 2607 καὶ

110 2636 241 2688 καθ’
275 2638 537 2711 ἑκάτερον
565 2641 674 2695 τῶν
717 2643 962 2712 πλαγίων
992 2644 1289 2716 εὐκινήτως
1322 2645 1695 2716 μεταστρεφό-

114 2747 299 2800 μενον.
347 2734 599 2798 Τοιοῦτος
632 2736 901 2808 τράχηλος
939 2741 969 2792 ὁ
1009 2738 1220 2803 Παῦλος
1260 2734 1350 2812 ῆν,
1386 2741 1480 2793 καὶ
1525 2740 1580 2792 εί
1606 2757 1691 2803 τις

109 2822 274 2888 ἄλλος
299 2827 441 2879 κατὰ
474 2827 704 2897 μίμησιν
732 2830 941 2883 ἐκείνου
969 2830 1060 2884 τὸν
1092 2830 1206 2901 βίον
1229 2831 1608 2904 κατώρθωσεν,
1636 2832 1696 2896 δς

112 2915 386 2970 ἐϐάστασε
428 2919 527 2989 μὲν
568 2920 630 2972 τὸ
662 2921 831 2991 ὄνομα
874 2924 1108 2996 Κυρίου,
1145 2922 1336 2987 σκεῦος
1363 2924 1591 2995 ἐκλογῆς
1617 2924 1695 2994 τῷ

112 3010 361 3082 Δεσπότῃ
392 3012 681 3082 γενόμενος
701 3029 715 3043 ·
746 3014 842 3067 καὶ
873 3014 1046 3079 οὕτως
1077 3016 1225 3085 αὐτῷ
1256 3016 1322 3069 δι’
1347 3016 1627 3086 ἀκρίϐειαν
1659 3017 1693 3087 ἡ

114 3101 324 3173 κεφαλὴ
368 3102 475 3155 τῶν
503 3104 639 3157 ὅλων
678 3107 1014 3177 ἐφήρμοστο,
1055 3107 1195 3161 ὥστε
1225 3109 1319 3162 καὶ
1362 3109 1460 3162 ὅσα
1492 3108 1691 3173 ἐλάλει,

116 3192 316 3260 μηκέτι
354 3193 513 3246 αὐτὸν
564 3191 703 3249 εἶναι
739 3197 827 3249 τὸν
885 3196 1181 3261 λαλοῦντα,
1214 3199 1349 3252 ἀλλὰ
1385 3201 1484 3270 τὴν
1528 3217 1695 3269 κεφα-

112 3281 210 3353 λὴν
244 3284 409 3338 αὐτοῦ
439 3285 813 3355 φθέγγεσθαι·
852 3288 1036 3352 καθὼς
1085 3290 1328 3357 ἐπέδειξε
1362 3294 1474 3355 τοῖς
1502 3293 1693 3363 Κορινο

113 3373 251 3437 θίοις
283 3374 374 3429 τὸν
404 3378 639 3447 Χριστὸν
685 3380 743 3432 ὲν
771 3380 920 3450 αὐτῷ
949 3380 1215 3435 λαλοῦντά
1248 3399 1309 3434 τε
1343 3383 1437 3436 καὶ
1463 3382 1693 3451 φθεγγό-

120 3483 297 3534 μενον.
334 3468 517 3532 Οὕτως
549 3470 695 3541 αὐτῷ
723 3470 964 3541 εὐφωνός
989 3489 1045 3526 τε
1084 3473 1177 3526 καὶ
1221 3471 1416 3543 εὐηχος
1438 3469 1506 3544 ἦν
1539 3477 1571 3545 ὴ
1601 3476 1693 3544 ἀρ·
1717 3504 1761 3565 C

110 3558 294 3629 τηρία,
326 3560 412 3613 διὰ
433 3560 527 3613 τοῦ
552 3563 707 3631 ἁγίου
730 3563 867 3616 Πνεύ
877 3580 1043 3633 ματος
1068 3563 1397 3636 διαρθροῦσα
1425 3565 1523 3635 τῆς
1553 3567 1687 3636 ἀλη-

112 3648 262 3714 θείας
304 3652 395 3704 τὸν
440 3652 593 3721 λόγον
620 3671 633 3683 ·
680 3652 853 3717 οὐτως
896 3654 1044 3726 αὐτῷ
1084 3656 1313 3710 πάντοτε
1362 3660 1477 3719 τοῖς
1524 3657 1688 3721 θείοις

110 3739 309 3808 λογίοις
357 3743 385 3794 ό
431 3742 638 3813 λάρυγξ
680 3743 1152 3812 κατεγλυκαίνετο,
1198 3745 1412 3817 τρέφων
1454 3746 1577 3799 ὅλον
1618 3747 1686 3799 δι’

113 3831 309 3885 ἐαυτοῦ
334 3832 393 3886 τὸ
421 3834 579 3903 σῶμα
610 3836 722 3897 τοῖς
765 3833 1048 3898 ζωοποιοῖς
1084 3835 1312 3899 ἐκείνοις
1342 3836 1682 3907 διδάγμασιν.

112 3922 177 3975 El
215 3922 270 3975 δὲ
294 3923 386 3976 καὶ
410 3923 468 3975 τὸ
496 3923 602 3976 τῶν
638 3923 942 3976 σπονδύλων
962 3922 1162 3994 ζητεῖς,
1189 3925 1271 3988 τίς
1300 3925 1441 3979 οὐτω
1477 3926 1683 3990 πάντας

110 4014 192 4075 τίς
220 4012 278 4065 ἓν
301 4014 459 4083 σῶμα
483 4015 786 4085 συνήρμοσε
814 4013 891 4084 τῷ
922 4015 1203 4086 συνδέσμῳ
1224 4016 1322 4087 τῆς
1346 4017 1568 4088 εἰρήνης
1588 4019 1683 4071 καὶ

108 4105 210 4174 τῆς
237 4105 489 4175 ἁγάπης;
525 4106 621 4169 Τίς
650 4106 822 4171 οὕτως
853 4107 1059 4173 ἐδίδαξε
1091 4108 1182 4161 τὸν
1212 4109 1480 4179 τράχηλον
1510 4108 1684 4161 κλίνε-

112 4194 237 4248 σθαι
304 4197 361 4248 ὲν
392 4197 502 4261 τοῖς
539 4202 837 4264 ταπεινοῖς,
863 4199 957 4252 καὶ
992 4199 1494 4270 συμπεριφέρεσθαι
1524 4200 1686 4253 πάλιν

108 4288 168 4339 ἐν
195 4284 274 4355 τῷ
295 4287 362 4340 τά
387 4287 500 4341 ἄνω
529 4291 765 4359 φρονεῖν,
793 4289 888 4343 καὶ
919 4288 1057 4359 πρὸς
1087 4289 1156 4342 τά
1195 4288 1398 4358 πλάγια
1429 4307 1685 4362 περισκο-

109 4378 236 4429 πεῖν
260 4376 573 4447 εὐστρόφως
603 4396 663 4431 τε
702 4380 796 4433 καὶ
826 4381 1144 4451 εὐκινήτως,
1181 4381 1239 4433 ἐν
1263 4381 1342 4452 τῷ
1379 4382 1476 4444 τὰς
1504 4382 1682 4435 ποικί-

1800 2270 2109 2342 singulares
2141 2273 2235 2343 qui
2272 2282 2403 2327 sunt
2434 2274 2487 2327 in
2517 2274 2741 2344 populo,
2784 2290 2879 2344 per
2918 2275 3271 2346 ligamentum
3311 2291 3377 2329 ac

1797 2357 2077 2412 vinculum
2125 2360 2295 2428 pacis,
2350 2376 2517 2414 unum
2572 2360 2808 2415 eﬂiciant
2857 2362 3189 2427 membrum,
3229 2362 3376 2435 quod

1798 2450 2094 2504 inclinetur
2139 2460 2304 2522 atque
2339 2453 2600 2524 erigatur,
2642 2460 2697 2508 et
2727 2452 2869 2507 facili
2910 2455 3150 2507 motuin
3197 2454 3375 2524 quod-

1796 2550 2013 2607 cunque
2067 2538 2210 2592 latus
2252 2549 2618 2593 convertatur.
2664 2537 2796 2595 Tale
2826 2541 3026 2595 collum
3067 2549 3186 2595 erat
3225 2540 3374 2596 Pau-

1799 2627 1905 2690 lus,
1938 2637 1992 2683 et
2028 2628 2073 2683 si
2105 2629 2229 2699 quis
2259 2630 2401 2686 alius
2441 2630 2617 2700 ipsum
2656 2632 2876 2688 imitans
2905 2640 3055 2687 recte
3084 2633 3249 2687 vitam
3285 2634 3371 2687 iu-

1798 2717 1998 2780 stituit,
2032 2719 2125 2787 qui
2150 2718 2388 2788 portavit
2430 2718 2648 2788 quidem
2687 2735 2883 2775 nomen
2918 2719 3155 2786 Domini,
3189 2721 3371 2777 factus

1797 2806 2026 2863 Domino
2076 2826 2171 2864 vas
2211 2811 2532 2877 electionis;
2583 2821 2636 2867 et
2668 2812 2717 2866 ei
2762 2812 2899 2868 adeo
2944 2823 3199 2868 accurate
3240 2815 3372 2868 ada-

1795 2907 2002 2969 ptatum
2043 2900 2145 2953 fuit
2192 2910 2377 2971 caput,
2429 2910 2486 2955 ut
2518 2910 2573 2955 et
2622 2917 2963 2972 quaecunque
3005 2902 3213 2959 diceret
3258 2920 3368 2957 non

1795 2990 2030 3059 amplius
2071 2999 2214 3045 esset
2259 2993 2372 3060 ipse
2403 2992 2649 3061 loquens,
2683 2994 2777 3048 sed
2823 3001 2987 3063 caput
3020 2993 3139 3061 ejus
3182 2996 3365 3064 loque-

1794 3091 1966 3145 retur,
1998 3083 2270 3153 quomodo
2308 3083 2565 3138 indicavit
2589 3084 2891 3139 Corinthiis
2929 3085 3206 3140 Christum
3242 3103 3368 3142 esse

1793 3173 1887 3244 qui
1938 3174 1993 3228 in
2042 3175 2162 3244 ipso
2202 3174 2527 3244 loquebatur
2577 3182 2631 3229 et
2664 3176 3069 3231 enuntiabat”.
3124 3175 3202 3231 Ita
3253 3179 3367 3233 elo-

1798 3282 1972 3335 quens
1990 3273 2043 3320 et
2076 3266 2212 3319 bene
2244 3280 2446 3321 sonans
2474 3266 2576 3336 ipsi
2606 3275 2724 3321 erat
2755 3269 2983 3328 arteria,
3011 3284 3131 3338 qua:
3156 3269 3366 3339 Spiritu

1800 3354 2021 3412 verbum
2083 3355 2347 3427 dirigebat
2406 3358 2672 3415 veritatis.
2738 3358 2813 3413 Ita
2875 3360 3073 3414 divinis
3135 3362 3366 3432 eloquiis

1793 3450 2014 3513 omnino
2053 3445 2241 3500 dulces
2291 3446 2492 3501 fiebant
2528 3446 2714 3502 fauces
2743 3449 2885 3517 ejus,
2939 3460 2998 3504 ut
3044 3452 3134 3519 qui
3178 3468 3272 3521 per
3306 3467 3369 3508 se

1795 3546 1965 3591 totum
2022 3540 2255 3592 nutriret
2311 3552 2511 3605 corpus
2558 3538 2788 3595 vivificis
2838 3540 2945 3597 illis
2995 3540 3361 3598 documentis.

1795 3627 1948 3694 Quod
1973 3629 2018 3683 si
2058 3628 2221 3683 etiam
2259 3628 2462 3697 quaeris
2492 3627 2560 3682 de
2591 3630 2881 3691 vertebris,
2915 3632 3041 3700 quis
3072 3631 3143 3685 ita
3171 3647 3365 3689 omnes

1794 3719 2066 3789 compegit
2100 3718 2156 3772 in
2197 3735 2363 3773 unum
2399 3734 2600 3787 corpus
2646 3719 2864 3775 vinculo
2896 3722 3048 3791 pacis
3082 3730 3136 3777 et
3179 3723 3366 3776 chari-

1795 3813 1955 3868 tatis?
1983 3812 2119 3877 Quis
2158 3810 2239 3867 sic
2279 3809 2466 3865 docuit
2496 3811 2695 3864 collum
2736 3812 3001 3867 inclinare
3049 3813 3101 3866 in
3144 3813 3211 3868 iis
3244 3831 3364 3884 quae

1790 3914 1921 3961 sunt
1976 3903 2201 3958 humilia
2250 3910 2304 3956 et
2350 3902 2581 3971 abjecta,
2630 3910 2683 3957 et
2734 3918 2792 3957 se
2843 3904 2898 3957 in
2939 3919 3153 3958 omnem
3200 3908 3361 3960 sitnul

1789 4006 1998 4068 partem
2034 4010 2275 4057 versare,
2308 4004 2362 4048 ει
2405 4009 2622 4048 rursum
2662 3993 2896 4064 erigere,
2943 4010 3005 4049 ea
3047 4011 3165 4065 (1083
3197 4014 3359 4066 supra

1789 4098 1918 4144 sunt
1944 4085 2258 4157 cogitando,
2293 4095 2345 4138 et
2373 4086 2426 4137 in
2469 4084 2748 4154 obliquum
2781 4085 3271 4155 circumspiciendo
3302 4104 3362 4141 se

1792 4178 2067 4233 mobiliter
2113 4184 2453 4238 convertere,
2510 4176 2563 4229 in
2612 4175 2955 4229 declinandis
3003 4185 3056 4231 et
3104 4177 3360 4231 cavendis

1790 4270 1956 4323 variis
1994 4266 2196 4320 diaboli
2228 4265 2485 4320 insidiis?
2510 4263 2643 4320 Tale
2676 4280 2806 4335 ergo
2829 4267 3028 4319 collum
3062 4265 3161 4320 fuit
3185 4268 3357 4322 zedili-

1781 4391 1963 4438 catum
1991 4396 2020 4433 a
2053 4379 2276 4433 Davide.

103 4482 205 4543 λας
230 4465 326 4519 τοῦ
354 4467 596 4521 διαϐόλου
646 4469 920 4539 μεθοδείας
954 4472 1219 4525 ἐκκλίνειν
1255 4472 1351 4526 καὶ
1381 4472 1812 4542 ἀσφαλίζεσθαι;
1848 4475 1904 4528 '0
1934 4470 2170 4534 τοιοῦτος
2201 4464 2293 4523 οὖν
2326 4469 2589 4541 τράχηλος
2653 4470 2819 4534 ὅντως
2887 4472 3037 4543 παρὰ
3102 4471 3196 4528 τοῦ
3256 4472 3359 4524 Δα-

104 4542 191 4609 ϐἳδ
228 4554 585 4625 ᾠκοδόμηται.

176 4645 308 4699 Νόει
339 4645 397 4698 δὲ
426 4644 515 4698 διὰ
545 4645 639 4699 τοῦ
684 4646 847 4700 Δαϐὶδ
877 4647 970 4701 τὸν
1013 4648 1234 4718 βασιλέα
1266 4650 1357 4705 τὸν
1388 4650 1482 4705 τοῦ
1522 4651 1676 4722 βασι-

102 4737 241 4802 λέως
267 4736 497 4809 πατέρα,
521 4736 579 4801 ὃς
604 4734 663 4802 ἐξ
688 4738 862 4809 ἀρχῆς
890 4740 980 4793 τὸν
1000 4741 1284 4811 ἄνθρωπον
1305 4743 1674 4796 κατεσκεύασε

1853 4647 2095 4717 lntellige
2123 4654 2304 4700 autem
2335 4658 2433 4714 per
2465 4642 2636 4699 David
2667 4658 2848 4713 regem
2871 4685 2887 4711 ,
2926 4653 3134 4715 patrem
3172 4650 3350 4720 regis.

1782 4740 1873 4809 qui
1904 4739 1972 4792 ab
1998 4737 2154 4791 initio
2181 4734 2466 4790 conStituit
2496 4733 2771 4788 hominem
2805 4742 2864 4787 ut
2890 4747 3037 4791 esset
3066 4740 3236 4794 turris
3257 4779 3271 4804 ,
3301 4752 3357 4796 et

105 4827 318 4898 πύργον
346 4823 505 4890 εἶναι,
539 4828 633 4881 καὶ
666 4828 787 4898 οὐχὶ
818 4828 1153 4901 σύμπτωμα,
1204 4833 1298 4886 καὶ⁹
1332 4832 1421 4886 διά
1445 4832 1544 4902 τῆς
1580 4834 1675 4905 χά-

1797 4848 1888 4885 ιοιι
1918 4840 1976 4885 ιιι
2017 4830 2270 4885 caderet.
2313 4838 2366 4882 et
2406 4842 2502 4897 per
2533 4827 2766 4897 gratiam
2796 4843 2919 4883 eum
2956 4844 3151 4885 rursus
3181 4832 3353 4887 aditi-

107 4937 253 4991 ριτος
275 4919 436 4974 αὐτὸν
463 4918 625 4973 πάλιν
647 4919 1077 4992 ἀνῳκοδόμησεν,
1108 4923 1543 4995 ἀσφαλισάμενος
1569 4928 1680 4990 τοῖς

106 5012 320 5076 πολλοῖς
358 5011 568 5083 θυρεοῖς
588 5052 603 5072 ,
638 5010 780 5064 ὥστε
812 5012 1008 5083 μηκέτι
1038 5013 1199 5067 αὐτὸν
1241 5017 1358 5079 ταῖς
1386 5015 1494 5068 τῶν
1524 5016 1682 5069 πολε-

116 5102 253 5172 μίων
296 5102 504 5172 ἐφόδοις
547 5102 869 5157 εὐεπίϐατον
907 5099 1066 5160 εἶναι.
1112 5108 1174 5158 υί
1202 5106 1311 5177 γὰρ
1344 5108 1678 5179 κρεμάμενοι

114 5193 331 5263 θυρεοὶ,
361 5195 459 5246 οὐκ
504 5195 595 5248 ἐπὶ
629 5196 732 5267 γῆς
776 5196 1057 5267 κείμενοι,
1098 5198 1232 5253 ἀλλὰ
1281 5200 1507 5271 διαέριοι
1552 5204 1677 5271 περὶ

111 5285 272 5341 αὐτὸν
314 5285 708 5357 θεωρούμενοι,
736 5290 832 5342 καὶ
861 5290 999 5359 μετὰ
1037 5289 1146 5344 τῶν
1185 5291 1390 5363 θυρεῶν
1413 5334 1428 5355 ,
1470 5295 1525 5347 αἱ
1567 5294 1674 5348 τῶν

113 5379 353 5433 δυνατῶν
388 5379 587 5448 βολίδες
611 5422 625 5444 ,
663 5381 824 5450 φόϐον
868 5383 1157 5454 ἐμποιοῦσι
1195 5388 1305 5448 τοῖς
1339 5386 1675 5456 πολεμουμέ-

110 5489 223 5535 νοις
248 5489 260 5501 ·
294 5470 432 5524 ὥστε
467 5474 600 5542 μήτε
631 5474 728 5544 τὴν
765 5476 937 5547 ἀρχὴν
963 5478 1278 5550 ἐγχειρῆσαι
1308 5480 1675 5550 καταδραμεῖν

110 5565 205 5619 τοῦ
258 5563 487 5636 πύργου.
539 5560 706 5634 Οἶμαι
752 5567 807 5620 δὲ
864 5570 963 5639 τὴν
1003 5570 1300 5641 ἀγγελικὴν
1341 5569 1579 5640 φρουρὰν
1614 5570 1673 5621 ἐν

113 5658 296 5729 κύκλῳ
339 5660 875 5731 περιτετειχισμένην
919 5662 1010 5716 τὸν
1060 5663 1298 5717 τοιοῦτον
1349 5662 1556 5733 πύργον
1593 5660 1672 5732 τῷ

113 5752 301 5823 τ’λήθει
339 5750 446 5803 τῶν
488 5748 695 5821 θυρεῶν
746 5753 874 5823 ήμῖν
915 5754 1388 5827 διασημαίνεσθαι.
1424 5750 1673 5807 Δείκνυσι

186 5866 231 5900 ⁵⁵
280 5864 324 5920 ll
361 5864 485 5922 Cor.
538 5880 658 5932 xm,
698 5864 754 5922 5.

1784 4923 1928 4977 cavit
1967 4921 2151 4974 multis
2183 4920 2453 4972 munitum
2489 4918 2728 4989 clypeis,
2765 4929 2823 4974 ut
2867 4919 3216 4976 inimicorum
3267 4926 3354 4978 in-

1785 5015 2019 5071 sultibus
2068 5027 2176 5065 non
2232 5010 2395 5065 facile
2443 5010 2680 5079 amplius
2723 5018 2909 5080 posset
2959 5011 3163 5066 invadi.
3214 5010 3350 5067 Nam

1786 5106 2090 5178 pendentes
2141 5102 2319 5173 clypei
2340 5140 2354 5163 ,
2400 5116 2508 5156 non
2550 5101 2601 5154 iu
2635 5110 2776 5155 terra
2809 5099 2937 5167 siti,
2969 5102 3061 5157 sed
3094 5103 3259 5164 aerii,
3293 5104 3348 5156 in

1782 5201 1901 5267 ipso
1933 5192 2266 5250 considerati
2291 5234 2307 5257 ,
2343 5200 2395 5245 et
2426 5206 2549 5244 cum
2607 5190 2689 5245 eis
2737 5192 2900 5243 etiam
2945 5189 3119 5243 hastae
3154 5198 3349 5258 poten-

1781 5291 1916 5343 tium
1950 5286 2182 5340 afferunt
2216 5292 2481 5339 terrorem
2530 5281 2821 5336 hostibus:
2857 5280 2993 5334 adeo
3032 5288 3092 5333 ut
3129 5296 3196 5333 ne
3228 5295 3347 5333 om-

1776 5381 1915 5434 nino
1962 5377 2183 5448 quidem
2236 5377 2470 5429 audeant
2513 5375 2707 5427 turrim
2758 5372 3031 5425 invadere.
3081 5370 3347 5425 Existimo

1780 5483 1964 5529 autem
1994 5486 2113 5526 eam
2146 5469 2342 5524 turrim
2372 5469 2687 5539 clypeorum
2721 5464 3102 5529 multitudine,
3137 5463 3335 5533 signifi-

1780 5580 1907 5619 care
1935 5563 2237 5634 angelicum
2270 5559 2580 5630 praesidium
2610 5573 2719 5628 quo
2749 5554 3099 5623 circumsepti
3130 5569 3340 5609 sumus.

1779 5655 2030 5712 Ostendit
2064 5663 2244 5710 autem
2271 5653 2436 5708 etiam
2482 5650 2762 5705 hastarum
2806 5646 3013 5701 mentio
3053 5661 3176 5701 eum
3213 5660 3340 5701 seu-

1780 5765 1921 5807 sum.
1962 5746 2082 5805 Non
2118 5747 2265 5805 enim
2297 5743 2541 5799 absolute
2574 5742 2713 5797 dixit
2746 5741 2961 5805 hastas,
2992 5738 3085 5794 sed
3118 5737 3339 5793 fortium
