4028 6484
563 387 673 446 935

1856 399 1914 454 S.
1946 398 2270 455 GREGORII
2309 399 2595 456 NYSSENI

3684 398 3780 456 936

567 509 874 581 adiectione
903 511 1144 566 ostendit
1171 527 1267 568 eos
1300 515 1392 584 qui
1436 531 1533 585 pro
1569 517 1730 573 nobis
1764 519 2118 590 depugnant:

2227 521 2281 573 δὲ
2315 525 2410 575 καὶ
2445 526 2477 590 ὴ
2509 523 2618 576 τῶν
2651 521 2870 594 βολίόων
2903 523 3088 592 μνήμη
3119 521 3215 592 τὴν
3244 519 3498 590 τοιαύτην
3529 519 3776 574 διάνοιαν.

568 603 705 657 adeo
741 610 798 656 ut
851 603 993 672 quod
1047 605 1266 664 dicitur.
1325 611 1616 663 conveniat
1645 611 1694 665 ei
1742 612 1886 680 quod
1933 623 2019 666 est
2070 614 2122 667 in

567 688 842 746 Psalmis:
888 692 1078 746 Castra
1118 697 1399 750 metabitur
1435 701 1651 769 angelus
1686 702 1736 754 in
1786 705 2006 756 circuitu
2061 707 2129 757 ti-

567 785 820 836 mentium
848 800 996 846 eum.
1027 795 1075 838 et
1119 787 1359 840 liberabit
1400 805 1486 843 eos
1520 791 1587 843 ⁵⁸.
1635 791 1906 848 Numerus
1949 805 2126 850 autem

566 874 715 928 inille
747 888 854 926 non
884 874 1098 928 videtur
1129 877 1288 945 plane
1329 879 1638 949 signiﬁcare
1677 883 1959 937 denarium
2003 903 2132 941 cen-

561 964 901 1017 tenariorum
926 1007 940 1029 ,
979 967 1072 1020 sed
1106 979 1367 1040 acceptus
1400 971 1500 1024 fuit
1537 987 1565 1024 a
1599 971 1881 1042 Scriptura
1932 978 1996 1030 ad
2045 981 2128 1032 in-

561 1053 853 1108 dicandam
907 1057 1334 1114 multitudinem.
1390 1062 1538 1115 Solet
1580 1065 1727 1118 enim
1775 1082 1869 1135 per
1898 1070 2128 1123 abusum

563 1144 865 1216 Scriptura:
903 1149 1004 1204 hoc
1035 1167 1264 1206 numero
1297 1154 1597 1223 signiﬁcari
1631 1159 1950 1224 multitudo,
1987 1163 2130 1216 sicut

569 1238 734 1293 David
765 1242 898 1294 dicit
925 1258 1022 1312 pro
1051 1245 1400 1299 multitudine
1418 1287 1432 1308 ,
1455 1245 1630 1301 Millia
1653 1249 2035 1305 abundantiam
2060 1255 2127 1320 ⁸⁸,

563 1329 818 1398 et,Super
848 1332 1020 1385 millia
1051 1335 1172 1386 auri
1194 1344 1243 1387 et
1277 1339 1478 1404 argenti
1494 1339 1558 1392 ⁵⁷.
1595 1338 1685 1392 Sic
1717 1341 1900 1408 itaque
1929 1344 2127 1395 collum

565 1421 1054 1480 animadvertimus
1083 1426 1295 1480 radices
1324 1443 1483 1497 agere
1513 1446 1678 1498 super
1710 1433 2001 1498 humeros;
2037 1451 2131 1502 per

566 1514 827 1568 humeros
856 1524 1036 1571 autem
1071 1520 1272 1588 quibus
1304 1522 1502 1574 collum
1533 1533 1616 1577 est
1643 1524 1936 1591 atlnatuni,
1969 1527 2128 1580 intel-

566 1602 788 1672 ligimus
815 1605 993 1659 studia
1023 1609 1214 1677 agendi
1247 1617 1300 1663 et
1329 1611 1594 1678 operanJi
1614 1651 1627 1674 ,
1663 1629 1758 1682 per
1788 1630 1910 1684 quae
1941 1623 2128 1670 nostra

566 1691 791 1746 brachia
845 1709 999 1748 suam
1052 1709 1350 1765 operantur
1394 1701 1646 1754 salutem.
1687 1701 1788 1767 Qui
1832 1720 1960 1756 vero
2005 1703 2130 1756 dili-

563 1795 756 1854 genter
777 1801 838 1840 ea
867 1804 988 1856 quae
1017 1799 1146 1843 sunt
1177 1793 1322 1845 dicta
1351 1795 1633 1864 perpendit
1653 1832 1667 1856 ,
1697 1812 1762 1849 ex
1807 1793 1875 1848 iis
1927 1794 2133 1865 colligit

565 1889 912 1946 augmentum
943 1883 1140 1937 animae
1171 1901 1294 1953 quae
1321 1887 1372 1938 in
1404 1887 1575 1939 altum
1607 1887 1856 1956 erigitur.
1892 1898 2131 1957 quando-

563 1971 783 2037 quidem
824 1975 974 2040 prius
1019 1986 1274 2030 contenta
1313 1986 1466 2040 erat,
1515 1989 1573 2031 ut
1619 1979 1814 2034 similis
1856 1981 2131 2034 diceretur

561 2061 718 2128 equis
741 2061 832 2129 qui
859 2069 1153 2132 tyrannum
1177 2077 1560 2135 expugnarunt
1583 2067 1896 2139 Aigyptium
1920 2110 1932 2131 ,
1965 2079 2132 2139 utque

563 2151 689 2204 colli
719 2152 883 2206 decor
907 2168 1032 2206 cum
1067 2157 1363 2210 monilibus
1388 2169 1802 2228 compararetur
1825 2178 1837 2213 :
1863 2161 1976 2228 jam
2003 2177 2131 2216 vero

561 2251 821 2310 quantam
870 2246 1131 2301 bonitatis
1183 2248 1577 2317 perfectionem
1610 2251 1755 2304 illam
1800 2251 1904 2306 sibi
1946 2252 2132 2306 conci-

561 2331 729 2387 liasse
767 2345 1015 2397 testatur.
1051 2337 1180 2390 dum
1216 2353 1324 2391 non
1363 2340 1641 2409 aliquibus
1673 2342 1798 2394 colli
1836 2343 2132 2396 monilibus

559 2440 615 2479 et
669 2428 955 2497 torquibus
995 2431 1266 2484 assimilat
1315 2433 1441 2485 colli
1483 2433 1987 2502 pulchritudinem:
2035 2434 2130 2489 sed

561 2518 735 2571 turris
765 2535 888 2573 esse
919 2519 1125 2573 dicitur
1167 2530 1389 2592 prapter
1433 2526 1868 2593 magnitudinem
1898 2545 1911 2579 :
1966 2541 2128 2595 quam

561 2609 872 2676 insignem,
933 2619 986 2663 et
1038 2615 1392 2682 conspicuam
1449 2615 1614 2682 facit,
1672 2618 1740 2672 iis
1791 2619 1885 2687 qui
1942 2617 2131 2687 procul

563 2699 764 2753 absunt
802 2702 1316 2770 considerantibus,
1364 2721 1473 2759 non
1519 2707 1694 2762 solum
1739 2710 1954 2764 aediﬁcii
2013 2727 2130 2763 ma-

561 2790 913 2860 gniﬁcentia,
949 2803 1001 2847 et
1029 2795 1177 2864 quod
1213 2797 1269 2850 in
1316 2799 1608 2853 maximam
1653 2803 1889 2856 excitata
1930 2805 2001 2858 sit
2046 2807 2129 2858 al-

563 2881 886 2948 titudinem,
921 2886 1015 2938 sed
1059 2895 1114 2940 et
1165 2887 1267 2941 loci
1315 2891 1595 2958 positura,
1645 2908 1765 2961 qua:
1809 2895 2132 2949 naturaliter

561 2974 801 3044 assurgit
860 2990 1026 3045 supra
1078 2977 1194 3031 loca
1254 2979 1478 3034 vicina?
1530 2982 1764 3047 Quando
1811 3001 1940 3056 ergo
1987 2989 2131 3057 regis

562 3065 782 3134 quidem
817 3082 956 3138 opus
990 3078 1074 3123 est
1125 3073 1332 3134 turris,
1383 3072 1688 3143 ingreditur
1733 3084 1914 3130 autem
1967 3093 2132 3148 super

2229 612 2302 664 Ού
2337 611 2444 680 γὰρ
2473 612 2657 675 ἁπλῶς
2680 609 2853 672 εἶπεν,
2891 610 3120 680 βολίδας,
3155 610 3289 662 ἀλλὰ
3319 612 3386 680 τῇ
3419 609 3527 661 τῶν
3552 609 3780 662 δυνατῶν

2231 703 2513 774 προσθήκῃ
2537 703 2661 767 τοὺς
2689 702 3135 775 ὔπερμαχοῦντας
3157 704 3286 772 ἡμῖν
3309 701 3622 768 ἐνεδείξατο·
3650 701 3783 755 ὥστε

2231 792 2550 862 συμϐαίνειν
2597 794 2658 848 τὸ
2712 794 3040 865 λεγόμενον,
3083 795 3164 846 ὅτι
3214 791 3586 861 Παρεμϐαλεῖ
3621 793 3783 862 ἅγγε-

2227 887 2334 948 λος
2388 886 2605 952 Κυρίου
2645 888 2848 950 κύκλῳ
2883 883 3002 938 τῶν
3041 887 3423 953 φοϐουμένων
3453 885 3658 944 αὑτὸν.
3689 886 3780 938 καί

2223 976 2473 1042 ῥύσεται
2517 976 2756 1042 αὐτούς.
2804 976 2862 1029 '0
2893 975 2947 1028 δὲ
2978 975 3086 1027 τῶν
3126 975 3310 1046 χιλίων
3341 975 3571 1047 ἀριθμὸς
3599 975 3660 1028 ού
3698 993 3784 1039 μοι

2229 1065 2375 1118 δοκεῖ
2397 1067 2464 1119 δι’
2494 1067 2778 1136 ἀκριϐείας
2812 1066 3099 1137 σημαίνειν
3131 1067 3228 1137 τὴν
3265 1066 3372 1118 τῶν
3422 1066 3784 1119 ἐκατοντάδων

2228 1155 2423 1210 δεκάδα
2443 1174 2455 1185 ·
2481 1157 2592 1210 ἀλλ’
2628 1159 2708 1221 είς
2733 1157 2965 1228 πλήθους
2989 1155 3210 1221 ἔνδειξιν
3229 1155 3548 1227 παρελήφθη
3574 1156 3675 1210 ὑπὸ
3692 1155 3783 1209 τοῦ

2233 1247 2414 1316 λόγου.
2446 1249 2684 1320 Σύνηθες
2719 1250 2828 1319 γάρ
2857 1251 3001 1302 ἐστιν
3034 1252 3098 1302 ἐκ
3136 1249 3234 1318 τῆς
3279 1250 3663 1319 καταχρήσεως
3689 1249 3785 1318 τῆς

2230 1340 2448 1409 Γραφῆς
2472 1383 2486 1403 ,
2517 1340 2594 1410 τῷ
2623 1339 2840 1411 ἀριθμῷ
2867 1339 3041 1410 τούτῳ
3069 1341 3129 1392 τὸ
3160 1340 3361 1411 πλῆθος
3387 1338 3744 1393 ἐνδείκνυσθαι
3767 1380 3783 1400 .

2229 1429 2304 1490 ὣς
2333 1446 2498 1500 φησιν
2525 1430 2552 1481 6
2578 1429 2740 1483 Δαϐὶδ
2777 1430 2895 1481 ἁντί
2924 1428 3017 1482 τοῦ
3067 1429 3302 1498 πλήθους
3326 1468 3341 1490 ,
3389 1428 3469 1481 ὅτι
3522 1428 3786 1495 Χιλιὰδες

2228 1517 2965 1587 εὐθηνούντων,κα“ι,⁹Υπέρ
2987 1519 3258 1588 χιλιάδας
3285 1521 3537 1587 χρυσίου
3567 1521 3663 1574 καὶ
3688 1523 3788 1589 ἀρ-

2228 1610 2457 1677 γυρίου.
2515 1608 2671 1662 Οὕτω
2715 1611 2810 1680 μὲν
2854 1606 2946 1662 οῦν
2986 1611 3075 1662 τὸν
3124 1611 3391 1682 τράχηλον
3440 1611 3530 1664 τὸν
3563 1615 3653 1664 ἐπὶ
3681 1612 3786 1664 τῶν

2229 1697 2394 1769 ὤμων
2443 1701 2804 1772 ὲρῤιζωμὲνον
2837 1705 3261 1772 κατενοήσαμεν.
3307 1705 3508 1772 Ὤμους
3540 1703 3597 1755 δὲ
3642 1703 3788 1756 νοοῦο

2235 1808 2363 1860 μεν,
2398 1787 2478 1854 οἷς
2511 1793 2813 1861 ἐπιπέφυκε
2835 1832 2850 1856 ,
2879 1793 2975 1856 τὰς
3009 1794 3313 1864 πρακτικάς
3342 1810 3400 1845 τε
3433 1796 3524 1846 καὶ
3569 1797 3788 1866 ἐνεργη-

2164 1866 2202 1918 B
2233 1883 2388 1945 τικὰς
2417 1883 2652 1946 σπουδὰς
2673 1923 2686 1945 ,
2711 1884 2775 1936 δι’
2817 1878 2891 1937 ὧν
2913 1885 2962 1936 οἱ
2992 1884 3270 1955 βραχίονες
3296 1886 3449 1954 ἡμῶν
3487 1885 3584 1955 τὴν
3613 1903 3784 1956 σωτη-

2235 1973 2356 2042 ρίαν
2398 1975 2604 2026 ἑαυτῶν
2645 1976 3090 2046 κατεργὰζονται.
3125 1976 3234 2046 Τὴν
3265 1977 3319 2029 δὲ
3347 1977 3483 2048 πρὸς
3520 1977 3581 2030 τὸ
3613 1978 3788 2047 μεῖζον

2231 2065 2529 2136 ἐπαύξησιν
2558 2066 2656 2136 τῆς
2693 2067 2830 2119 κατὰ
2859 2066 2990 2119 Θεὸν
3022 2067 3330 2136 ὑψουμένης
3371 2067 3545 2138 ψυχῆς
3585 2069 3786 2122 συνεῖδε

2230 2156 2447 2220 πάντως
2493 2158 2522 2209 6
2565 2157 2925 2222 ἐπιστατικῶς
2963 2161 3072 2220 τοῖς
3108 2158 3415 2228 λεγομένοις
3449 2159 3788 2224 ἀκολουθῶν,

2229 2247 2309 2301 ὃτι
2339 2247 2601 2318 πρότερον
2629 2250 2726 2318 μὲν
2746 2249 3025 2320 ἀγαπητὸν
3042 2245 3107 2319 ἦν
3129 2253 3195 2320 τῇ
3223 2249 3408 2320 νύμφῃ
3432 2251 3583 2318 ἵππῳ
3604 2251 3794 2320 ὁμοιω-

2231 2340 2389 2410 θῆναι
2419 2345 2483 2412 τῇ
2522 2342 3014 2414 καταγωνισαμένῃ
3059 2341 3150 2394 τὸν
3191 2341 3485 2410 Αἰγύπτιον
3514 2341 3789 2410 τύραννον,

2231 2433 2323 2486 καὶ
2357 2433 2490 2502 πρὸς
2528 2435 2651 2496 τοὺς
2676 2433 2973 2502 ὁρμίσκους
3000 2433 3253 2504 ἐμφερῶς
3284 2433 3426 2503 ἔχειν
3452 2433 3553 2501 τὴν
3581 2433 3672 2484 ἐπὶ
3695 2430 3790 2484 τοῦ

2227 2525 2498 2596 τραχήλου
2527 2525 2888 2594 εύπρέπειαν’
2917 2525 3034 2578 νυνὶ
3069 2525 3125 2578 δὲ
3161 2526 3333 2594 πόσην
3364 2525 3502 2594 αὐτῇ
3531 2525 3792 2594 μαρτυρεῖ

2230 2619 2330 2686 τὴν
2378 2617 2512 2687 πρὸς
2556 2617 2618 2669 τὸ
2655 2616 2859 2685 ἀγαθὸν
2901 2617 3240 2688 τελειότητα,
3274 2617 3354 2670 ὅτι
3382 2617 3480 2686 οὐχ
3513 2616 3792 2686 ὁρμίσκοις

2229 2709 2340 2762 τισὶ
2359 2709 2723 2780 περιδεραίοις
2740 2711 3084 2781 προσεικάζει
3104 2709 3197 2763 τοῦ
3219 2708 3484 2780 τραχήλου
3504 2708 3600 2778 τὴν
3624 2706 3792 2778 ὤραν,

2230 2799 2363 2852 ἀλλὰ
2403 2799 2611 2870 πύργος
2639 2796 2778 2852 εἶναι
2805 2800 2893 2854 διὰ
2925 2799 2986 2852 τὸ
3019 2799 3244 2869 μέγεθος
3273 2799 3526 2867 λέγεται,
3556 2796 3614 2850 ὃν
3638 2797 3794 2867 περί-

2232 2892 2458 2944 ϐλεπτον
2495 2895 2638 2945 ποιεί
2671 2893 2766 2945 καὶ
2805 2895 2917 2955 τοῖς
2954 2892 3234 2964 πόρρωθεν
3275 2890 3635 2961 ἀφεστηκόσιν
3661 2891 3796 2942 ἀπο-

2235 2984 2625 3055 σκοπούμενον,
2650 2985 2710 3038 οὐ
2738 2984 2895 3054 μόνον
2937 2986 2970 3055 ἡ
3010 2985 3137 3053 περὶ
3169 2984 3266 3054 τὴν
3289 2983 3573 3053 οἰκοδομὴν
3602 2981 3797 3051 φιλοτι-

2235 3074 2330 3144 μία
2350 3112 2363 3133 ,
2394 3075 2478 3141 ἐφ’
2521 3074 2602 3126 ὅτι
2643 3075 2904 3145 μήκιστον
2930 3073 2990 3126 τὸ
3021 3073 3152 3143 ὕψος
3178 3073 3461 3144 ἐγείρουσα
3484 3088 3498 3101 ·
3531 3072 3664 3125 ἀλλὰ
3699 3073 3794 3124 καὶ

559 3160 830 3213 excelsam
880 3162 1004 3216 vita:
1053 3163 1276 3233 agenda!
1309 3165 1574 3220 rationem
1600 3208 1613 3230 ,
1652 3177 1781 3221 tunc
1819 3169 2028 3223 ﬁrmum
2065 3186 2128 3225 ac

2232 3167 2265 3236 ἡ
2297 3165 2390 3219 τοῦ
2411 3166 2576 3218 τόπου
2608 3165 2754 3229 θέσις
2773 3205 2786 3230 ,
2811 3165 3053 3233 φυσικῶς
3082 3166 3181 3218 ὑπε
3193 3165 3496 3233 ρανιστῶσα
3516 3165 3621 3219 τῶν
3651 3181 3795 3233 γειτ-

561 3251 755 3304 stabile
804 3268 926 3308 esse
972 3255 1281 3308 ostenditur
1327 3257 1470 3326 quod
1520 3272 1550 3310 a
1599 3257 1829 3312 Domino
1888 3260 2122 3324 dicitur,

2229 3257 2494 3321 νιώντων;
2527 3258 2702 3328 Ὅτανε
2728 3256 2905 3310 τοίνυν
2938 3256 3196 3326 βασιλέως
3222 3257 3318 3326 μὲν
3349 3255 3506 3326 ἔργον
3535 3257 3562 3308 6
3590 3254 3797 3327 πύργος

563 3341 685 3394 Non
714 3353 880 3410 potest
915 3345 1174 3400 absconsa
1206 3365 1317 3402 esse
1349 3349 1533 3403 civitas
1564 3367 1680 3419 qua:
1711 3352 1817 3404 sita
1857 3362 1933 3404 est
1966 3369 2126 3421 supra

2228 3346 2316 3420 ἦν,
2349 3351 2442 3400 ἐπὶ
2469 3350 2525 3402 δέ
2548 3353 2648 3419 τῆς
2677 3348 2887 3419 ὑψηλῆς
2915 3348 3186 3410 πολιτείας
3216 3346 3461 3418 βεϐηκὼς
3488 3346 3648 3420 τύχῃ,
3677 3345 3797 3400 τότε

561 3448 732 3490 monte
760 3438 828 3490 ⁸⁸.
864 3439 1107 3509 lntellige
1139 3449 1319 3494 autem
1351 3449 1559 3497 turrem
1594 3458 1692 3512 pro
1723 3444 1959 3498 civitate.

2227 3440 2424 3510 ἀληθὲς
2449 3441 2816 3494 ἐπιδείκνυται
2837 3442 2896 3494 τὸ
2921 3439 3070 3510 παρὰ
3095 3438 3191 3492 τοῦ
3229 3440 3430 3509 Κυρίου
3470 3439 3756 3509 λεγόμενον
3776 3453 3795 3469 ο

2228 3533 2309 3586 ὃτι
2339 3535 2420 3588 Οὐ
2446 3533 2692 3586 δύναται
2727 3533 2902 3598 πόλις
2940 3530 3228 3598 κρυϐῆναι
3250 3530 3449 3584 ἐπάνω
3477 3531 3652 3599 ὄρους
3681 3546 3799 3584 κει-

2223 3623 2397 3690 μένῃ.
2430 3622 2558 3674 Νόει
2591 3621 2647 3674 δέ
2679 3637 2767 3691 μοι
2801 3620 3007 3692 πύργον
3039 3621 3160 3673 ἀντὶ
3194 3619 3294 3690 τῆς
3323 3619 3548 3684 πόλεως.

633 3709 868 3780 Tempus
891 3719 1070 3766 autem
1099 3711 1262 3767 fuerit
1288 3715 1449 3767 etiam
1478 3715 1615 3769 duos
1642 3730 1852 3784 capreis
1874 3715 2128 3772 hinnutos

561 3803 948 3864 considerare,
991 3804 1085 3873 qui
1139 3814 1405 3858 vocantur
1453 3820 1482 3858 a
1535 3803 1716 3860 Verbo
1771 3807 1968 3870 ubera,
2007 3822 2128 3875 quae

561 3902 846 3948 morantur
875 3895 1020 3949 circa
1053 3911 1148 3950 cor
1177 3912 1393 3967 sponsa:
1413 3937 1426 3958 .
1465 3898 1602 3951 sicut
1635 3897 1798 3960 dicit,
1828 3896 1944 3950 Duo
1970 3898 2128 3951 ubera

563 3997 656 4041 tua
678 3990 822 4062 sicut
857 3988 959 4041 duo
993 3988 1200 4042 hinnuli
1229 4005 1430 4056 caprea:
1460 3989 1664 4058 gemelli
1709 3991 1796 4060 qui
1835 3999 2127 4057 pascuntur

562 4079 617 4130 in
667 4077 831 4130 (iliis:
857 4086 1140 4149 propterea
1158 4081 1300 4148 quod
1357 4081 1496 4131 intra
1542 4079 1657 4133 huic
1705 4079 1813 4133 duo
1867 4081 1941 4134 sit
1988 4081 2128 4136 situs

562 4169 747 4223 cordis
769 4210 784 4234 ,
814 4185 1048 4238 quorum
1087 4185 1290 4240 pascua
1326 4187 1432 4224 non
1466 4178 1593 4224 sunt
1627 4171 1810 4225 fenum
1845 4181 1900 4226 et
1929 4173 2085 4241 spina
2108 4212 2125 4238 ,

563 4259 658 4313 sed
695 4259 804 4312 lilia
844 4275 965 4330 quin
1003 4268 1117 4314 toto
1151 4261 1406 4330 pascendi
1451 4270 1696 4330 tempore
1738 4260 1898 4318 ﬁores
1947 4264 2126 4332 porri-

563 4362 695 4422 gunt
715 4393 728 4414 ,
765 4360 819 4406 et
847 4368 956 4406 non
988 4361 1142 4407 certo
1169 4361 1413 4422 tempore
1442 4353 1635 4408 ﬂorent
1655 4397 1669 4419 ,
1715 4362 1769 4410 et
1811 4365 1962 4410 certo
1991 4367 2129 4410 tem—

563 4460 696 4515 pore
725 4454 1106 4507 marcescunt,
1141 4445 1234 4499 sed
1269 4457 1590 4515 perpetuum
1632 4448 1717 4502 his
1753 4449 1996 4504 binnulis
2033 4467 2127 4519 per

564 4552 624 4589 se
678 4536 919 4604 praibent
967 4528 1396 4600 nutrimentum,
1442 4549 1501 4591 ut
1534 4555 1643 4598 non
1680 4541 1917 4609 amplius
1951 4539 2126 4594 domi-

561 4637 762 4680 nentur
792 4626 998 4680 umbrte
1031 4628 1237 4682 erroris
1259 4665 1273 4690 ,
1305 4629 1464 4697 cujus
1500 4629 1554 4683 in
1602 4631 1742 4684 lianc
1787 4632 1952 4685 vitam
1995 4647 2126 4685 con-

565 4722 737 4773 fertur
770 4719 1052 4784 studium;
1089 4719 1182 4774 sed
1217 4735 1341 4773 cum
1395 4722 1486 4775 lux
1525 4722 1636 4798 jam
1679 4723 1828 4776 omni
1867 4739 1932 4778 ex
1975 4737 2126 4791 parte

563 4811 805 4864 illuxerit
827 4849 841 4871 ,
876 4810 1218 4864 illustrantur
1253 4814 1433 4866 omnia
1464 4829 1560 4884 per
1604 4816 1744 4868 diem
1767 4854 1781 4878 ,
1815 4815 1906 4884 qui
1948 4815 2122 4870 lucem

565 4904 654 4956 tibi
698 4902 811 4954 vult
847 4902 1104 4972 spirando
1154 4903 1438 4957 diﬁ'undat.
1495 4904 1583 4958 Sic
1627 4907 1772 4958 enim
1819 4907 1951 4960 dicit
1984 4905 2122 4961 Ver-

563 4996 690 5048 bum
720 5013 732 5048 :
767 4993 935 5047 Donec
959 4995 1324 5063 perspiraverit
1348 4995 1460 5049 dies
1483 5036 1498 5060 ,
1524 5006 1572 5049 et
1601 5008 1757 5050 mota:
1785 4997 1978 5066 fuerint
2009 5015 2123 5050 um-

563 5087 690 5138 brw.
729 5084 850 5140 Scis
885 5097 1063 5140 autem
1099 5088 1322 5140 omnino
1363 5095 1414 5141 te
1460 5088 1716 5142 didicisse
1765 5103 1829 5142 ex
1883 5088 2124 5158 Evange-

2299 3713 2499 3784 Καιρδς
2543 3714 2586 3767 δ’
2617 3713 2682 3766 ἂν
2715 3714 2798 3782 εἴη
2830 3714 2924 3767 καὶ
2953 3713 3078 3775 τοὺς
3107 3711 3199 3764 δύο
3223 3710 3443 3782 νεϐροὺς
3471 3710 3572 3780 τῆς
3605 3709 3802 3782 δορκάο

2227 3806 2314 3864 δος
2361 3805 2715 3875 κατανοῆσαι.
2762 3803 2811 3857 οἳ
2862 3804 2989 3874 περὶ
3030 3803 3128 3873 τὴν
3172 3801 3399 3874 καρδίαν
3440 3805 3539 3873 τῆς
3579 3802 3800 3874 νύμφης

2229 3895 2556 3958 αὐλίζονται,
2591 3895 2788 3964 μαστοὶ·
2806 3893 3090 3963 κληθέντες
3117 3891 3267 3961 παρὰ
3292 3889 3385 3944 τοῦ
3397 3890 3592 3959 Λόγου,
3617 3893 3801 3956 καθώς

2229 4001 2396 4056 φησι’
2435 3988 2550 4039 Δύο
2594 3988 2816 4054 μαστοι
2854 3999 2970 4038 σου
3026 3983 3107 4049 ὡς
3155 3983 3264 4037 δύο
3314 3983 3508 4050 ιεόροὶ
3562 3982 3802 4052 δίδυμοι

2228 4075 2538 4144 δορκάδος,
2579 4079 2635 4129 οἱ
2681 4076 2989 4145 νεμόμενοι
3036 4075 3106 4127 ἐν
3148 4073 3269 4140 τοῖς
3295 4075 3550 4141 κρίνας’
3602 4074 3693 4126 διὰ
3741 4073 3802 4126 τὺ

2232 4168 2432 4240 μεταξὺ
2477 4168 2679 4221 τούτων
2731 4163 2867 4220 εἶναι
2921 4166 3018 4236 τῆς
3049 4165 3273 4235 καρδίας
3303 4164 3399 4236 τὴν
3433 4163 3601 4228 θέσιν,
3638 4159 3718 4220 ὧν
3763 4167 3798 4236 ἡ

2227 4262 2364 4332 νομὴ
2398 4263 2458 4316 ού
2493 4262 2681 4333 χόρτος
2728 4261 2931 4332 ἐστὶνῆ
2980 4258 3208 4322 ἄκανθα,
3255 4258 3387 4312 ἀλλὰ
3434 4260 3594 4329 κρίνα
3633 4261 3804 4314 παντὶ

2226 4354 2303 4422 τῷ
2327 4356 2424 4425 τῆς
2448 4356 2615 4424 νομῆς
2643 4353 2818 4424 χρόνῳ
2853 4353 2914 4405 τὸ
2942 4352 3099 4414 ἄνθος
3143 4352 3348 4405 ἑαυτῶν
3379 4353 3798 4420 παρατείνοντα,

2228 4447 2320 4499 καὶ
2351 4446 2410 4498 ού
2447 4447 2585 4498 κατὰ
2625 4445 2814 4515 καιρὸν
2858 4443 3140 4508 ἀνθοῦντα,
3180 4443 3298 4500 οὐδὲ
3341 4444 3432 4496 ἐπὶ
3461 4444 3651 4515 καιροῦ
3693 4463 3803 4515 μαο

2231 4539 2551 4610 ραινόμεναο
2605 4538 2740 4590 ἀλλὰ
2791 4538 2983 4608 διαρκῆ
3033 4539 3376 4609 παρεχόμενα
3423 4541 3535 4601 τοῖς
3582 4538 3800 4609 νεϐροίς

2229 4627 2433 4688 τούτοις
2483 4626 2548 4679 δι’
2599 4626 2803 4680 ἑαυτῶν
2847 4626 2943 4697 τὴν
2985 4627 3206 4697 τροφὴν,
3254 4626 3329 4690 ὡς
3378 4626 3443 4680 ἂν
3492 4629 3690 4697 μηκέτι
3740 4629 3799 4681 αι

2231 4720 2378 4772 σκιαὶ
2431 4719 2672 4790 κρατῶσι
2716 4719 2810 4789 τῆς
2865 4719 3302 4789 σπουδαζομένης
3357 4721 3484 4790 περὶ
3532 4720 3620 4773 τὸν
3677 4721 3801 4791 βίον

2227 4815 2438 4882 ἀπάτης
2457 4829 2471 4844 ο
2507 4811 2618 4864 ἀλλ’
2649 4810 2750 4880 ἤδη
2773 4811 2867 4864 τοῦ
2900 4811 3074 4880 φωτὸς
3104 4812 3346 4881 πανταχῆ
3374 4811 3796 4880 διαλάμψαντος,

2225 4903 2573 4973 καταυγασθῇ
2608 4903 2674 4956 τὰ
2699 4903 2874 4955 πάντα
2899 4901 2988 4955 διὰ
3013 4903 3109 4970 τῆς
3148 4901 3376 4972 ἡμέρας,
3408 4902 3506 4971 τῆς
3543 4903 3674 4954 ὅπου
3705 4902 3798 4954 θέ-

2223 4998 2304 5050 λει
2335 4997 2686 5066 διαπνεούσης
2728 4995 2789 5048 τὸ
2833 4997 2966 5063 φῶς.
3000 4994 3155 5048 Οὕτω
3193 4996 3299 5064 γάρ
3331 5012 3492 5064 φησιν
3523 4997 3550 5046 6
3579 4995 3756 5062 Λόγος
3777 5009 3793 5024 ·

2227 5090 2375 5154 Ἕως
2419 5085 2489 5143 οὗ
2523 5088 2858 5154 διαπνεύσῃ
2896 5088 2934 5154 ὴ
2964 5086 3170 5156 ἡμέρα,
3225 5087 3318 5139 καὶ
3356 5083 3681 5151 κινηθᾶκγιν
3729 5087 3795 5138 αι

563 5180 656 5241 lio,
705 5179 846 5246 quod
879 5187 961 5231 est
1010 5177 1248 5247 Spiritus
1305 5188 1560 5242 sanrtus,
1611 5181 1702 5248 qui
1743 5193 1837 5250 per
1879 5179 1931 5233 id
1979 5181 2123 5250 quod

2227 5181 2405 5233 σκιαί.
2431 5177 2588 5242 Οἶδας
2609 5178 2665 5230 δὲ
2695 5179 2907 5242 πάντως
2935 5178 3082 5248 παρὰ
3103 5177 3195 5230 τοῦ
3222 5176 3550 5244 Εὐαγγελίου
3575 5176 3788 5246 μαθὼν,

561 5269 734 5337 spirat
764 5269 853 5322 ubi
888 5269 1037 5334 vult,
1067 5268 1241 5322 lucem
1284 5268 1439 5322 aﬁert
1485 5269 1551 5323 iis
1589 5270 1680 5338 qui
1725 5270 1940 5335 sciunt,
1979 5271 2123 5325 unde

2227 5273 2300 5323 ὅτι
2329 5271 2389 5323 τὸ
2435 5269 2658 5340 Πνεῦμά
2685 5271 2800 5322 ἐστι
2843 5269 2906 5322 τὸ
2932 5270 3104 5337 ἅγιον,
3136 5269 3196 5321 τὸ
3223 5268 3308 5322 διὰ
3336 5267 3428 5321 τοῦ
3459 5271 3611 5320 πνεῖν
3648 5269 3790 5320 ὅπου

559 5362 774 5423 veniat,
805 5369 858 5415 et
884 5376 992 5430 quo
1020 5361 1180 5413 vadat
1209 5379 1219 5412 :
1258 5361 1323 5414 de
1351 5375 1460 5430 quo
1512 5376 1660 5415 nunc
1711 5363 1949 5430 loquitur
1992 5378 2122 5421 con-

2227 5361 2463 5427 βούλεται
2507 5359 2623 5429 φῶς
2679 5359 2938 5430 ἐμποιοῦν
2996 5363 3107 5422 τοίς
3166 5359 3608 5428 ἐπανισταμένοις
3660 5359 3789 5412 ὅθεν

562 5460 743 5507 textus
789 5451 954 5521 hujus
1000 5451 1300 5517 orationis,
1355 5450 1544 5506 dicens
1589 5470 1601 5505 :
1657 5452 1772 5505 Duo
1813 5453 1978 5508 ubera
2027 5465 2119 5506 tua

2227 5453 2430 5522 ἔρχεται
2451 5492 2466 5516 ,
2494 5455 2588 5507 καὶ
2615 5454 2717 5507 ποῦ
2743 5453 2937 5520 ὑπάγει
2959 5470 2972 5482 °
2998 5453 3126 5524 περὶ
3168 5445 3228 5505 οὗ
3257 5452 3350 5504 νῦν
3376 5453 3404 5504 ό
3429 5451 3581 5520 λόγος
3609 5450 3788 5513 οὕτως

564 5545 697 5598 sicut
728 5545 831 5598 duo
861 5542 1064 5597 hinnuli
1099 5543 1304 5612 gemelli
1337 5560 1539 5614 caprea:
1560 5587 1574 5611 ,
1613 5546 1703 5614 qui
1745 5557 2033 5614 pascuntur
2065 5547 2119 5598 in

2227 5545 2561 5616 5ιεεξ,εἱρχεται⁹
2591 5549 2705 5601 Δύο
2738 5545 2958 5614 μαστοί
2990 5559 3105 5598 σου
3145 5545 3225 5608 ὡς
3251 5543 3358 5597 δύο
3391 5542 3583 5610 νεϐροὶ
3615 5540 3787 5594 δίδυ-

562 5629 727 5697 liliis,
761 5633 920 5686 donec
946 5632 1196 5700 ρει-θρίω
1225 5632 1334 5686 dies
1361 5620 1415 5686 et
1441 5644 1743 5687 moveantur
1762 5636 1980 5689 umbris.
2013 5634 2116 5690 Sed

2227 5651 2313 5699 μοι
2345 5633 2656 5703 δορκάδος,
2703 5639 2756 5691 ot
2783 5635 3092 5705 νεμόμενοι
3123 5633 3192 5688 ἐν
3227 5632 3349 5700 τοῖς
3391 5633 3635 5701 κρίνοις,
3666 5630 3784 5696 ἕως

633 5812 678 5842 ⁸⁸
724 5811 862 5866 Psal.
898 5827 1088 5878 xxxiii,
1125 5811 1211 5868 18.
1319 5813 1365 5843 ³⁸
1391 5811 1532 5868 Psal.
1569 5829 1734 5881 vaii,
1768 5814 1853 5868 18.
1923 5814 1967 5846 ⁵⁷
2009 5810 2153 5867 Psal.
2185 5827 2370 5881 cxvin,
2407 5813 2494 5868 79.
2573 5814 2618 5846 ⁵⁸
2648 5809 2834 5866 Matth.
2897 5826 2944 5875 v,
2978 5808 3068 5866 ﬂ.
