3932 6548
143 428 242 485 9'51

1152 423 1220 478 IN
1249 421 1544 480 CANTICA
1596 417 1862 475 CANTf-C.
1903 417 2184 474 llOMlLfA
2223 419 2334 474 VII.

3257 414 3360 468 9'58

143 538 214 600 οὗ
241 539 576 610 διαπνεύσῃ
610 541 651 610 ἡ
681 539 893 610 ἡμέρα,
929 541 1028 593 καὶ
1063 539 1378 607 κινηθῶσιν
1421 542 1479 593 αὶ
1512 536 1696 591 σκιαί.

1823 537 1944 605 μιοὰ
1980 537 2098 592 dies
2129 536 2350 605 quidem
2384 535 2600 590 dicatur
2634 531 2873 603 Spiritus
2902 543 3128 587 sanctus
3154 571 3167 592 ,
3206 529 3274 585 iis
3310 530 3362 583 in

156 631 309 688 ’Δλλά
335 634 396 684 τὸ
440 631 538 702 μὲν
567 634 786 703 ἡμέραν
825 630 1074 700 λέγεσθαι
1103 632 1163 684 τὸ
1189 629 1410 702 Πνεῦμα
1436 631 1498 684 τὸ
1527 630 1698 698 ἅγιον,

143 724 251 792 φῶς
279 723 436 776 πνέον
475 718 556 786 οἷς
585 722 651 776 ἂν
670 722 978 791 ἐγγένηται,
1005 723 1104 776 οὐκ
1127 719 1276 794 οἶμαί
1306 741 1425 778 τινα
1450 724 1554 777 τῶν
1579 722 1703 778 νοῦν

145 815 365 885 ἑχόντων
412 814 751 868 ὲπιδιστάσαι
795 813 874 884 τῷ
919 814 1080 886 λόγῳ.
1123 817 1183 869 El
1232 815 1339 888 γὰρ
1373 816 1478 869 υίοὶ
1530 815 1703 884 φωτὸς

143 905 234 960 καὶ
279 905 384 958 υἱοὶ
413 905 620 975 ἡμέρας
664 905 902 972 γίνονται
951 907 1001 958 οἱ
1044 906 1391 977 γεννηθέντες
1435 906 1584 978 παρὰ
1609 904 1702 958 τοῦ

145 999 277 1054 ὶΙνεύ
287 1014 468 1068 ματος,
495 997 548 1050 τί
584 997 709 1051 ἄλλο
741 997 845 1068 χρὴ
875 1000 1013 1052 νοεῖν
1037 999 1099 1051 τὸ
1127 997 1352 1070 Πνεῦμα
1375 998 1436 1051 τὸ
1464 999 1635 1068 ἅγιον,
1669 998 1702 1069 ἢ

145 1090 254 1158 φῶς
280 1090 372 1142 καὶ
400 1088 631 1160 ἡμέραν,
660 1084 728 1160 ἧς
758 1090 791 1159 ἡ
821 1091 955 1161 πνοὴ
984 1090 1348 1162 φυγαδευτικὴ
1392 1089 1500 1143 τῶν
1536 1090 1704 1143 σκιῶν

142 1179 240 1250 τῆς
289 1179 643 1252 ματαιότητος
695 1179 935 1248 γίνεται;
998 1181 1233 1249 Ἀνάγκη
1262 1179 1370 1250 γὰρ
1417 1180 1566 1232 πᾶσα
1611 1176 1703 1230 τοῦ

145 1275 288 1346 ήλίου
318 1275 574 1345 φανέντος
597 1273 696 1338 τὰς
742 1275 898 1338 σκιὰς
933 1274 1008 1345 μὴ
1052 1275 1253 1345 μένειν,
1286 1274 1422 1328 ἀλλὰ
1466 1291 1708 1344 μεταχω-

150 1371 256 1439 ρεῖν
284 1384 343 1419 τε
384 1368 478 1420 καὶ
510 1366 951 1438 μετανίστασθαι.
987 1366 1060 1419 Τὸ
1097 1367 1153 1419 δὲ
1197 1368 1325 1435 περὶ
1356 1365 1462 1420 τῶν
1504 1367 1594 1419 δύο
1621 1384 1706 1420 νε-

147 1455 288 1525 ϐρῶν
314 1454 414 1519 τῆς
441 1455 696 1525 δορκάδος
727 1456 1019 1525 μυστήριον
1055 1454 1306 1527 εὔκαιρον
1333 1455 1398 1509 ἂν
1419 1457 1501 1527 εἴη
1545 1473 1710 1526 προσ-

147 1547 311 1600 θεῖναι
373 1549 440 1617 τῇ
471 1547 710 1610 ἐξετάσει
739 1547 832 1599 τοῦ
876 1547 1054 1614 λόγου,
1084 1541 1158 1600 ὧν
1184 1547 1399 1619 δίδυμος
1436 1548 1534 1619 μέν
1565 1551 1709 1601 ἐστιν

145 1641 179 1708 ἡ
211 1639 438 1707 γένεσις,
487 1639 660 1708 τροφὴ
704 1638 760 1691 δὲ
791 1638 851 1691 τὸ
888 1639 1098 1709 κρίνον·
1135 1640 1298 1702 τόπος
1342 1641 1397 1693 δὲ
1444 1641 1633 1711 νομῆς.
1675 1642 1708 1711 ἡ

145 1731 318 1801 ἀγαθή
369 1747 427 1782 τε
476 1731 570 1782 καὶ
611 1730 783 1801 πιαρά
833 1732 924 1801 γῆ.
954 1731 1099 1801 Αὐτὴ
1144 1732 1201 1784 δέ
1239 1734 1385 1784 ἐστιν
1427 1735 1458 1803 ἡ
1494 1735 1706 1803 καρδία,

1801 627 2005 697 quibus
2036 626 2200 682 fuerit
2234 628 2409 680 lucem
2444 627 2693 695 spirans,
2733 624 3004 680 neminem
3046 637 3168 677 esse
3213 621 3362 677 arbi-

1802 727 1918 774 tror
1944 720 2109 775 exiis
2136 723 2227 790 qui
2265 721 2481 789 sapiunt
2523 721 2617 788 qui
2663 719 2894 773 dubitet.
2939 716 2998 771 Si
3039 719 3183 772 enim
3229 717 3364 769 fiunt

1804 812 1899 867 ﬁlii
1934 813 2071 868 lucis
2098 824 2153 868 et
2181 814 2274 867 ﬁlii
2308 813 2414 867 diei
2448 813 2539 882 qui
2569 819 2901 882 generantur
2930 826 2992 865 ex
3022 820 3212 864 sancto
3243 808 3367 875 Spi-

1803 906 1956 959 ritu:
2005 906 2136 973 quid
2182 905 2328 958 aliud
2365 904 2665 974 intelligere
2699 911 2913 972 oportet
2941 901 3204 971 Spiritum
3240 916 3366 953 san-

1803 1005 1950 1049 ctum
1973 1034 1988 1058 ,
2019 1010 2182 1065 qtiam
2209 997 2385 1050 lucem
2415 1004 2467 1047 et
2497 995 2637 1048 diem
2658 1033 2672 1055 ,
2702 994 2860 1062 cujus
2913 994 3140 1062 spiratio
3177 989 3362 1059 expel-

1804 1083 1868 1137 lit
1899 1085 2122 1139 umbras
2166 1085 2470 1139 vanitatis?
2512 1082 2748 1138 Omnino
2789 1083 2933 1137 enim
2978 1096 3201 1135 necesse
3247 1090 3364 1146 est,

1806 1180 1867 1226 ut
1898 1187 2019 1225 cum
2064 1174 2145 1228 sol
2172 1173 2527 1243 apparuerit,
2565 1173 2772 1226 umbrae
2802 1186 2910 1225 non
2943 1180 3228 1231 maneant,
3271 1169 3369 1228 sed

1805 1272 2088 1318 transeant
2112 1274 2164 1319 et
2192 1265 2494 1320 discedant.
2518 1263 2831 1334 Mysterium
2864 1272 3039 1316 autem
3069 1263 3135 1316 de
3159 1261 3370 1316 duobus

1807 1369 2019 1424 caprea:
2067 1357 2312 1412 hinnulis
2355 1364 2722 1428 opportunum
2774 1355 2941 1410 fuerit
2975 1356 3214 1424 adjicere
3247 1371 3371 1410 ver-

1809 1446 2001 1500 borum
2045 1457 2335 1504 coutextus
2369 1447 2761 1503 examinationi
2785 1486 2800 1508 .
2836 1460 3070 1516 quorum
3115 1443 3371 1515 geminus

1809 1538 2027 1605 quidem
2063 1539 2164 1593 fuit
2195 1549 2425 1610 partus,
2477 1540 2876 1594 nutrimentum
2930 1545 3110 1592 autem
3157 1537 3368 1599 lilium,

1811 1646 2027 1700 pascua:
2055 1639 2235 1686 autem
2269 1640 2416 1686 terra
2445 1632 2588 1686 bona
2619 1641 2674 1687 et
2698 1632 2942 1703 pinguis.
2970 1631 3044 1684 Ea
3075 1638 3254 1684 autem
3287 1637 3372 1686 est

1815 1737 1930 1785 cor,
1955 1725 2345 1778 convenienter
2365 1725 2413 1779 ei
2437 1725 2582 1794 quod
2607 1726 2740 1779 dicit
2763 1723 2975 1780 Domini
3000 1723 3256 1793 parabola
3281 1723 3328 1754 '°
3355 1739 3369 1776 :

147 1821 284 1876 κατὰ
317 1820 407 1874 τὸν
431 1822 531 1891 τῆς
560 1821 874 1892 παραϐολῆς
903 1821 996 1874 τοῦ
1036 1822 1239 1892 Κυρίου
1268 1821 1421 1889 λόγον
1443 1840 1455 1852 ·
1491 1826 1546 1875 ὲν
1575 1827 1708 1894 αὐτῇ

1823 1815 1867 1866 in
1910 1828 1976 1867 eo
2023 1823 2312 1883 pascentes
2338 1853 2353 1877 ,
2388 1825 2439 1867 et
2485 1830 2744 1883 purarum
2778 1814 3169 1883 cogitationum
3209 1827 3275 1866 ex
3306 1827 3374 1863 eo

145 1913 204 1966 δὲ
222 1883 523 1982 νεμόμενοί,
556 1883 652 1964 καί
672 1911 796 1975 τοὺς
832 1883 1107 1981 καθαροὺς
1126 1883 1194 1977 ’ἐξ
1220 1883 1391 1981 αὐτῆς
1425 1883 1714 1983 λογισμοὺς

1823 1905 1975 1960 liores
2003 1907 2275 1977 legentes,
2303 1909 2692 1977 pinguescunt.
2725 1905 2850 1962 Flos
2879 1913 3057 1960 autem
3089 1904 3181 1958 lilii
3213 1903 3375 1958 habet

147 2002 573 2072 ἀνθολογοῦντες,
605 2004 927 2057 πιαίνονται.
963 2004 1036 2055 Τὸ
1063 2003 1119 2056 δὲ
1147 2004 1305 2067 ἄνθος
1337 2004 1398 2057 τὸ
1424 2005 1604 2074 κρίνον
1637 2006 1716 2057 δι-

150 2096 292 2166 πλῆν
321 2096 432 2166 ἔχει
462 2095 560 2166 τὴν
586 2095 746 2166 χάριν
785 2095 935 2166 παρὰ
963 2097 1061 2166 τῆς
1090 2095 1323 2164 φύσεως,
1355 2097 1606 2160 εὐπνοίας
1646 2101 1712 2168 τῇ

149 2188 368 2258 εύχροία
393 2188 866 2257 συμμεμιγμένης,
901 2187 976 2250 ὡς
1005 2188 1126 2241 καθ’
1159 2189 1417 2261 ἑκάτερον
1443 2183 1578 2243 εἶναι
1604 2193 1714 2253 τοῖς

149 2281 494 2351 δρεπομένοις
533 2279 814 2349 ἐράσμιον,
847 2281 955 2332 εἴτε
982 2283 1048 2351 τῇ
1078 2280 1339 2352 ὀσφρήσει
1370 2281 1712 2352 προσάγοιεν,

149 2371 258 2424 εἴτε
293 2372 403 2433 τοῖς
435 2368 727 2439 ὀφθαλμοῖς
764 2371 856 2423 τοῦ
887 2370 1113 2435 κάλλους
1151 2373 1250 2442 τῆς
1273 2371 1420 2445 ῶρας
1451 2391 1718 2444 κατατρυ-

149 2460 312 2531 φῷεν.
359 2461 422 2514 Ἦ
456 2461 553 2531 μὲν
581 2462 690 2531 γὰρ
721 2460 984 2531 ὄσφρησις
1005 2462 1102 2533 τῆς
1127 2461 1220 2514 τοῦ
1241 2462 1471 2532 Χριστοῦ
1496 2463 1717 2526 εὐωδίας

149 2552 364 2623 πλήρης
410 2552 649 2620 γίνεται·
693 2552 779 2605 διὰ
824 2553 880 2606 δὲ
930 2553 1025 2606 τοῦ
1073 2554 1248 2618 εἴδους
1287 2554 1612 2608 ἐνδείκνυται
1659 2556 1717 2607 τὸ

147 2642 390 2713 καθαρόν
415 2661 475 2695 τε
507 2644 600 2696 καὶ
625 2643 972 2712 άκηλίδωτον.

220 2733 372 2804 Τάχα
396 2733 574 2786 τοίνυν
602 2734 700 2804 ήδη
731 2733 818 2787 διὰ
848 2733 955 2786 τῶν
985 2733 1288 2805 εἰρημένων
1331 2735 1718 2805 σεσαφήνισται

147 2825 282 2894 ἡμῖν
305 2824 365 2876 τὸ
386 2824 490 2877 ὑπὸ
521 2822 612 2877 τοῦ
643 2823 802 2892 λόγου
825 2823 1168 2894 δηλούμενον,
1191 2825 1272 2878 ὅτι
1296 2823 1389 2878 δύο
1418 2825 1718 2896 ἀνθρώπων

148 2917 210 2969 ὲν
242 2917 353 2978 τοῖς
388 2914 508 2968 καθ’
537 2915 762 2967 ἕκαστον
801 2913 1207 2986 θεωρουμένων,
1235 2916 1327 2969 τοῦ
1355 2917 1452 2986 μὲν
1484 2934 1721 2986 σωματι-

148 3007 250 3061 κοῦ
298 3024 356 3060 τε
402 3008 494 3061 καὶ
532 3007 877 3078 φαινομένου,
913 3007 1005 3061 τοῦ
1042 3008 1097 3060 δὲ
1131 3008 1318 3077 νοητοῦ
1346 3026 1405 3061 τε
1438 3009 1532 3063 καὶ
1557 3011 1720 3080 ἀορά-

147 3117 267 3164 του,
311 3099 528 3170 δίδυμος
573 3102 671 3170 μὲν
695 3099 1000 3171 άμφότερός
1045 3101 1192 3155 ἐστιν
1228 3102 1262 3170 ἡ
1305 3103 1533 3168 γένεσις,
1580 3103 1720 3156 κατὰ

1812 2001 2081 2070 duplicem
2113 2016 2143 2053 a
2172 2008 2369 2054 natura
2399 2001 2630 2070 gratiam
2654 2041 2668 2060 ,
2703 2007 2887 2070 utpote
2916 1999 3068 2054 suavi
3097 1998 3265 2052 odore
3295 1997 3372 2051 si-

1815 2093 1928 2144 mul
1975 2092 2138 2146 misto
2181 2106 2304 2144 cum
2361 2092 2587 2146 colore:
2626 2093 2758 2143 adeo
2790 2098 2846 2142 ut
2880 2090 2924 2143 is
2959 2090 3010 2142 in
3047 2096 3274 2157 utroque
3304 2087 3376 2140 sit

1815 2193 2002 2252 gratus
2057 2191 2111 2237 et
2157 2183 2409 2238 amabilis
2455 2183 2801 2241 hominibus,
2843 2193 2900 2234 ut
2938 2182 3062 2251 qui,
3112 2180 3227 2234 sive
3262 2193 3380 2232 mo-

1816 2284 2044 2328 veantur
2065 2273 2303 2338 olfactu,
2333 2276 2448 2330 sive
2474 2276 2673 2340 oculis,
2702 2275 2822 2343 ejus
2849 2291 2906 2328 se
2930 2275 3144 2343 possint
3166 2273 3380 2328 abunde

1815 2368 2077 2421 oblectari
2114 2367 2541 2436 pulchritudine.
2577 2365 2854 2422 Odoratus
2886 2367 3104 2435 quidem
3141 2366 3382 2436 repletur

1816 2459 1959 2512 bono
1989 2459 2157 2513 odore
2187 2457 2430 2525 Christi,
2465 2448 2574 2529 per
2592 2459 2819 2512 formam
2859 2468 3038 2512 autem
3074 2457 3382 2514 ostenditur

1817 2552 2026 2621 puritas
2057 2559 2112 2605 et
2137 2553 2282 2605 nulla
2311 2567 2433 2608 esse
2460 2551 2801 2622 inquinatum
2833 2552 3067 2605 macula.

1891 2737 2050 2792 Forte
2082 2744 2260 2791 autem
2290 2751 2478 2791 eorum
2511 2750 2631 2806 quae
2665 2735 2808 2789 dicta
2850 2742 2981 2789 sunt
3019 2735 3384 2789 declarabitur

1818 2831 2130 2885 obscuritas
2151 2870 2165 2895 ,
2193 2829 2238 2884 si
2269 2829 2669 2898 hoc‘significet
2701 2828 2878 2882 oratio
2901 2866 2915 2890 ,
2943 2826 3089 2896 quod
3120 2840 3243 2880 cum
3275 2826 3386 2881 duo

1819 2923 2068 2976 homines
2099 2920 2523 2976 considerentur
2565 2921 2618 2974 in
2662 2920 2929 2989 singulis,
2981 2933 3125 2973 unus
3166 2918 3388 2987 quidem

1820 3014 2124 3084 corporalis
2151 3025 2210 3067 et
2234 3028 2500 3082 apparens
2520 3055 2533 3078 ,
2571 3013 2709 3065 alter
2739 3027 2869 3066 vero
2904 3011 2996 3078 qui
3030 3009 3388 3080 intelligentia

1824 3107 2143 3177 percipitur,
2175 3113 2228 3160 et
2257 3120 2363 3158 non
2409 3113 2491 3159 est
2540 3104 2921 3172 aspectabilis,
2973 3102 3222 3172 geminus
3267 3101 3389 3172 qui-

146 3190 346 3243 ταύτὸν
373 3191 621 3262 ἀλλήλοις
661 3192 1165 3262 συνεπιδημούντων
1191 3193 1268 3263 τῷ
1303 3193 1419 3263 βίῳ.
1452 3194 1586 3246 Οῦτε
1613 3196 1719 3266 γὰρ

1826 3198 1948 3253 dem
1977 3208 2060 3252 est
2085 3198 2371 3251 amborum
2403 3203 2594 3250 ortus:
2627 3211 2749 3248 cum
2780 3195 2882 3264 ipsi
2929 3193 3093 3249 simul
3137 3194 3283 3246 inter
3332 3207 3390 3246 se

149 3284 496 3354 προῦπάρχει
544 3284 636 3336 τοῦ
686 3283 934 3354 σώματος
975 3286 1007 3354 ἡ
1051 3285 1231 3355 ψυχή’
1279 3285 1402 3340 οὔτε
1450 3304 1723 3356 προκαταο

153 3374 477 3437 σκευάζεται
517 3375 616 3444 τῆς
653 3375 829 3446 ψυχῆς
856 3376 918 3429 τὸ
947 3376 1105 3447 σῶμα
1125 3392 1140 3408 ⁸
1179 3376 1294 3430 ἀλλ’
1330 3379 1637 3448 ὁμοχρόνως
1665 3380 1723 3432 ὲν

151 3467 222 3535 τῇ
258 3463 369 3535 ζωῇ
401 3467 656 3532 γίνονται.
694 3466 878 3536 Τροφὴ
919 3466 976 3520 δὲ
1017 3467 1226 3531 τούτοις
1257 3467 1398 3521 κατὰ
1431 3469 1591 3537 φύσιν
1624 3471 1723 3540 μέν

150 3557 327 3621 ἐστιν,
349 3559 382 3627 ἡ
407 3557 714 3628 καθαρότης
733 3558 824 3610 καὶ
852 3558 1068 3624 εὐωδία,
1088 3559 1182 3612 καὶ
1211 3561 1387 3614 πάντα
1404 3561 1471 3614 τά
1500 3562 1724 3616 τοιαῦτα

148 3641 230 3701 ὧν
269 3643 586 3718 εύφοροῦσιν
611 3650 666 3700 αί
697 3648 905 3718 ἀρεταί.
940 3651 1095 3702 Ἐστι
1121 3651 1177 3703 δὲ
1215 3652 1304 3705 ὅτε
1323 3652 1384 3705 τὸ
1404 3653 1725 3724 δηλητήριόν

149 3755 298 3791 τισιν
341 3739 461 3791 ἀντὶ
503 3740 764 3809 τροφίμου
819 3741 1191 3806 σπουδάζεται,
1235 3742 1285 3796 οἳ
1333 3745 1451 3814 οὐχὶ
1490 3746 1558 3797 τὰ
1588 3747 1723 3815 ἄνθη

151 3829 265 3882 τῶν
304 3829 512 3900 ἀρετῶν
540 3831 939 3896 ἐπιϐύσκονται,
985 3834 1102 3887 ἀλλ’
1130 3834 1389 3898 ἀκάνθαις
1417 3838 1564 3889 ὲπιτέ
1575 3855 1727 3908 ρπον-

151 3936 246 3973 ται
293 3920 387 3972 καὶ
428 3921 712 3989 τριϐόλοις.
778 3921 930 3976 Οῦτω
977 3923 1084 3995 γὰρ
1129 3925 1228 3993 τῆς
1278 3927 1590 3999 παραϐολῆς
1631 3930 1724 3982 τοῦ

152 4010 488 4080 Εύαγγελίου
533 4011 902 4084 ὀνομαζούσης
937 4015 1034 4078 τὰς
1077 4017 1346 4087 ἁμαρτίας
1390 4019 1725 4090 ἠκούσαμεν,

151 4092 235 4153 ὧν
279 4103 312 4170 ή
356 4100 567 4171 κατάρα
610 4103 702 4155 τοῦ
751 4103 926 4171 ὄφεως
970 4105 1068 4175 τὴν
1112 4107 1286 4178 κακὴν
1336 4108 1570 4180 βλάστην
1602 4111 1726 4183 ἐδη-

155 4192 516 4263 μιούργησεν.
583 4194 796 4266 Ἐπειδὴ
835 4195 1014 4250 τοίνυν
1046 4198 1395 4270 διακριτικῶν
1438 4202 1729 4273 ὀφθαλμῶν

152 4286 279 4338 ἐστι
308 4285 484 4356 χρεία,
517 4286 624 4339 τῶν
645 4287 955 4358 δυναμένων
982 4291 1038 4343 ὲν
1067 4291 1321 4364 ἀκριϐείᾳ
1353 4293 1642 4362 διαγνῶναι
1669 4298 1730 4349 τὸ

152 4374 346 4446 κρίνον
390 4393 450 4428 τε
495 4377 587 4429 καὶ
629 4376 727 4446 τὴν
765 4377 1024 4443 ἄκανθαν,
1064 4381 1156 4434 καὶ
1207 4382 1266 4434 τὸ
1318 4385 1414 4454 μὲν
1467 4387 1730 4456 σωτήριον

151 4467 512 4539 προελέσθαι,
557 4467 618 4521 τὸ
659 4467 718 4521 δὲ
771 4470 1090 4542 φθοροποιὸν
1136 4475 1593 4546 ἀποπέμψασθαι·
1644 4480 1731 4533 διὰ

146 4558 320 4613 τοῦτο
348 4559 438 4612 τὸν
468 4557 586 4612 καθ’
613 4561 902 4633 ὁμοιότητα
927 4562 1018 4617 τοῦ
1053 4566 1284 4636 μεγάλου
1319 4568 1530 4622 Παύλου
1561 4570 1729 4641 μαζὸν

147 4653 272 4714 τοῖς
307 4650 520 4720 νηπίοις
565 4653 873 4722 γενόμενον,
910 4658 1004 4710 καὶ
1036 4658 1576 4732 γαλακτοτροφοῦντα
1604 4667 1729 4728 τοὺς

147 4746 462 4817 ἀρτιγενεῖς
507 4745 606 4815 τῆς
661 4747 1001 4818 Ἐκκλησίας,
1045 4750 1211 4805 δυάδα
1261 4752 1445 4823 μαζῶν
1479 4755 1730 4826 ἀλλήλοις

151 4833 630 4906 συγγεννηθέντων
653 4836 760 4889 τῶν
787 4839 898 4900 τοῖς
932 4839 1139 4910 νεϐροῖς
1160 4843 1258 4912 τῆς
1294 4843 1548 4916 δορκάδος
1575 4848 1732 4902 ἀπει-

147 4930 450 5000 κασμένων
504 4930 819 5001 ὠνόμασεν,
875 4932 964 4985 διὰ
1021 4935 1237 4989 πάντων
1303 4941 1592 5010 μαρτυρῶν
1651 4942 1730 5015 τῷ

149 5021 387 5093 τοιούτῳ
435 5022 584 5091 μέλει
627 5022 729 5093 τῆς
770 5024 1095 5094 Ἐκκλησίας
1135 5028 1195 5080 τὸ
1242 5029 1496 5101 δόκιμον
1549 5034 1629 5087 ὅτι
1671 5053 1732 5088 τε

151 5112 288 5166 καθ’
318 5114 574 5186 ἑκάτερον
605 5115 879 5169 εὐοδοῦταί
920 5117 1054 5188 πρὸς
1075 5119 1174 5188 τὴν
1200 5121 1308 5174 τῶν
1338 5122 1590 5196 καθαρῶν
1616 5127 1734 5197 κρί-

151 5217 269 5254 νων
314 5203 502 5274 νομὴν,
539 5205 840 5276 όξυδερκῶς
879 5207 1152 5280 διακρίνον
1196 5212 1290 5265 τοῦ
1335 5217 1596 5287 τροφίμου
1637 5221 1732 5291 τὴν

151 5289 402 5344 ἄκανθαν
421 5309 434 5322 ·
465 5294 556 5345 καὶ
591 5295 672 5348 ὅτι
712 5296 842 5366 περὶ
865 5297 925 5350 τὸ
953 5299 1276 5369 ἡγεμονικὸν
1315 5289 1728 5377 ἀναστρέφεται,

151 5377 220 5438 οὗ
261 5383 527 5452 σύμϐολον
557 5387 590 5456 ὴ
633 5388 828 5459 καρδία
861 5391 1031 5455 ἐστὶν,
1068 5394 1100 5462 ἡ
1141 5394 1208 5447 δι’
1243 5397 1438 5466 ἑαυτῆς
1467 5402 1590 5464 τοὺς
1629 5421 1733 5472 μα-

151 5475 292 5539 ζοὺς
323 5475 764 5544 ὑποστρέφουσα·
798 5481 892 5534 καὶ
939 5480 1018 5534 ἔτι
1063 5483 1198 5554 πρὸς
1230 5486 1458 5552 τούτοις,
1510 5491 1591 5544 ὅτι
1633 5493 1734 5547 ούκ

147 5571 216 5621 ὲν
249 5565 430 5634 ἑαυτῷ
459 5567 763 5622 κατακλείει
784 5570 881 5642 τὴν
907 5573 1086 5644 χάριν,
1114 5575 1226 5628 ἀλλ’
1261 5579 1448 5650 ἐπέχει
1473 5585 1582 5647 τοῖς
1619 5584 1732 5638 δεον

153 5658 346 5730 μένοις
373 5657 467 5710 τοῦ
499 5657 658 5712 λόγου
681 5661 780 5713 τίαν
807 5662 995 5734 θηλὴν,
1024 5666 1100 5729 ὡς
1122 5667 1188 5721 ἂν
1219 5671 1416 5742 τροφὸς
1444 5673 1636 5733 θάλπει
1666 5677 1734 5732 τά

232 5839 279 5871 "
314 5837 508 5892 Matth.
539 5853 659 5901 xm,
701 5838 734 5891 '5
759 5855 880 5911 sqq.

405 5937 677 5997 ΡΑτιιοι..
719 5936 810 5998 Gn
875 5937 1088 5999 XLIV.

1824 3291 2102 3360 conjuncti
2135 3288 2356 3343 veniant
2384 3288 2439 3341 in
2473 3287 2660 3340 vitam.
2697 3285 2828 3338 Nam
2867 3301 3041 3356 neque
3085 3285 3266 3338 anima
3310 3291 3390 3339 est

1825 3395 1950 3437 ante
1979 3397 2180 3451 corpus
2206 3399 2220 3446 ;
2256 3395 2431 3450 neque
2474 3387 2599 3433 ante
2630 3379 2865 3431 animam
2898 3377 3240 3431 construitur
3267 3391 3392 3431 cor-

1826 3492 1927 3546 pus
1953 3517 1966 3540 ,
2001 3475 2096 3531 sed
2127 3474 2318 3531 eodem
2365 3481 2610 3541 tempore
2642 3472 2694 3524 in
2729 3471 2836 3522 vita
2870 3469 3030 3524 simul
3062 3470 3393 3522 conveniunt

1825 3583 1888 3622 ac
1933 3567 2301 3623 consentiunt.
2356 3565 2690 3617 Alimentum
2741 3572 2919 3615 autem
2969 3560 3049 3614 eis
3091 3559 3393 3615 secundum

1825 3667 2075 3714 naturam
2104 3658 2321 3727 quidem
2349 3664 2434 3710 est
2462 3654 2673 3724 puritas
2699 3663 2749 3707 et
2780 3654 2958 3707 bonus
2984 3652 3141 3716 odor,
3171 3661 3223 3706 et
3249 3668 3394 3721 qua:-

1825 3767 2041 3823 cuuque
2086 3759 2215 3807 sunt
2247 3751 2784 3820 ejusmodi,quorum
2822 3746 3029 3801 fertiles
3065 3755 3194 3800 sunt
3224 3746 3394 3799 virtu-

1835 3855 1938 3902 tes.
1963 3845 2194 3911 Quidam
2252 3853 2428 3897 autem
2461 3839 2853 3908 nonnunquam
2886 3845 3139 3890 tenentur
3189 3835 3395 3904 majore

1828 3938 2008 3993 studio
2040 3937 2232 3991 veneni
2265 3949 2428 4004 quam
2462 3930 2783 3986 nutrimenti
2809 3969 2822 3993 ,
2856 3929 2948 3997 qui
2985 3929 3248 3982 virtutum
3295 3925 3396 3979 flo-

1827 4029 1980 4083 ribus
2013 4041 2122 4080 non
2153 4034 2476 4095 pascuntur,
2514 4022 2608 4076 sed
2641 4020 2814 4089 spinis
2850 4019 3190 4072 delectantur
3213 4024 3268 4070 et
3297 4018 3397 4069 tri-

1829 4120 1997 4173 bulis.
2027 4115 2161 4170 Nam
2192 4113 2508 4184 parabolam
2545 4109 2821 4179 Evangelii
2853 4107 3158 4161 audivimus
3184 4105 3264 4160 sic
3294 4121 3398 4158 no-

1828 4212 2124 4265 minantem
2146 4213 2389 4278 peccata,
2411 4219 2640 4273 quorum
2666 4202 2866 4256 malum
2887 4213 3106 4271 germen
3129 4200 3399 4268 serpentis

1830 4304 2095 4359 fabricata
2138 4309 2222 4356 est
2257 4298 2584 4354 maledictio.
2618 4297 2754 4350 Cum
2795 4308 2923 4363 ergo
2962 4289 3304 4346 discernendi
3347 4290 3400 4344 vi

1832 4394 2043 4466 praediti
2069 4393 2213 4447 oculi
2246 4398 2500 4445 accurate
2525 4395 2822 4458 exacteque
2848 4385 3059 4456 possint
3088 4383 3401 4439 discernere

1831 4487 2008 4541 lilium
2057 4493 2111 4538 et
2157 4483 2403 4554 spinam,
2440 4488 2497 4535 et
2538 4481 2736 4550 eligere
2763 4476 2981 4548 quidem
3025 4474 3078 4529 id
3124 4474 3268 4545 quod
3316 4481 3402 4528 est

1837 4581 2110 4644 salutare,
2158 4576 2454 4631 amandare
2497 4581 2678 4627 autem
2731 4571 2782 4624 id
2827 4570 2969 4640 quod
3015 4576 3100 4622 est
3140 4566 3398 4632 exitiale;

1839 4676 2128 4736 propterea
2159 4679 2283 4719 eum
2316 4662 2407 4734 qui
2455 4660 2650 4718 similis
2687 4674 2882 4729 magno
2912 4657 3083 4711 Paulo
3115 4665 3200 4711 est
3230 4657 3403 4710 instar

1836 4757 2068 4812 nutricis
2105 4755 2447 4820 infantibus,
2480 4761 2534 4808 et
2576 4753 2712 4806 lacte
2750 4749 2922 4804 nutrit
2963 4763 3057 4804 eos
3086 4748 3177 4818 qui
3213 4762 3403 4802 recens

1788 4911 1799 4923 ,
1837 4853 1950 4907 nati
1985 4859 2116 4908 sunt
2145 4851 2201 4904 in
2242 4848 2518 4911 Ecclesia,
2553 4847 2663 4901 duo
2703 4845 2870 4900 ubera
2911 4843 3072 4899 simul
3112 4839 3402 4911 congenita

1837 4944 2175 5010 nominavit,
2205 4958 2325 5012 qua:
2352 4939 2653 4997 assimilata
2699 4948 2830 4994 sunt
2878 4936 3118 4992 hinnulis
3149 4949 3362 5005 capreae
3384 4975 3401 4998 ,

1837 5053 1934 5107 per
1963 5036 2145 5090 omnia
2185 5034 2489 5090 testificans
2532 5032 2801 5102 ejusmodi
2851 5031 3095 5084 membro
3146 5028 3403 5082 Ecclesia:

1839 5129 2208 5198 praestantiam
2236 5129 2419 5181 inesse
2444 5125 2523 5178 illi
2552 5142 2565 5178 :
2592 5123 2735 5194 quod
2762 5130 2906 5177 recte
2932 5120 3235 5174 deducatur
3261 5131 3403 5171 utras

1839 5236 1944 5291 que
1973 5236 2039 5274 ex
2082 5227 2236 5289 parte
2279 5218 2342 5271 ad
2387 5229 2588 5286 pascua
2627 5229 2885 5285 purorum
2929 5213 3164 5267 liliorum
3189 5252 3202 5272 ,
3243 5218 3404 5264 acute

1839 5331 2070 5370 cernens
2109 5324 2163 5368 et
2203 5313 2521 5368 discernens
2562 5311 2772 5381 Spinam
2819 5310 2884 5362 ab
2913 5324 2977 5362 eo
3010 5291 3149 5376 quod
3184 5305 3278 5358 alit
3308 5323 3320 5358 :
3351 5313 3404 5356 et

1841 5408 1987 5478 quod
2028 5414 2277 5462 versatur
2321 5407 2374 5460 in
2420 5421 2482 5460 ea
2530 5406 2723 5459 animae
2754 5402 3012 5456 facultate
3039 5414 3159 5468 qua:
3188 5397 3401 5450 obtinet

1840 5499 2241 5569 principatum,
2287 5498 2446 5567 cujus
2482 5511 2580 5551 cor
2622 5503 2707 5549 est
2751 5495 3001 5564 signum,
3045 5487 3189 5559 quod
3220 5502 3317 5555 per
3347 5500 3408 5540 se

1844 5589 1942 5642 alit
1969 5589 2138 5644 ubera
2165 5607 2177 5643 :
2208 5597 2260 5643 et
2291 5585 2437 5659 quod
2480 5587 2536 5640 in
2577 5585 2659 5640 eis
2696 5599 2805 5637 non
2839 5583 2892 5635 in
2924 5596 2982 5634 se
3010 5576 3241 5632 includit
3267 5587 3387 5645 gra-

1842 5681 2015 5749 tiam,
2063 5680 2157 5738 sed
2205 5680 2408 5744 praabet
2450 5678 2736 5749 egentibus
2786 5672 2933 5730 verbi
2979 5667 3307 5730 mamillam,
3353 5673 3408 5722 et

3094 5947 3176 6012 30
