4028 6492
572 408 675 467 939

1855 405 1913 461 S.
1944 403 2270 461 GBEGORII
2305 402 2591 460 NYSSENI

3684 408 3778 462 θιο

572 540 831 599 tanquam
866 529 1047 583 nutrix
1080 542 1210 584 suos
1244 526 1388 585 fovet
1419 526 1558 584 ﬁlios
1579 566 1594 592 ,
1639 528 1780 583 sicut
1819 526 2125 581 faciebatet

2229 528 2425 596 ἑαυτῆς
2457 527 2641 592 τέκνα,
2682 527 2858 591 καθὼς
2893 528 3062 581 ἐποίει
3108 530 3310 582 τεκαὶ
3340 527 3523 595 ἔλεγεν
3562 528 3591 579 δ
3629 526 3776 579 ’Δπόρ

571 620 784 675 dicebat
809 619 1098 688 Aposmlus
1122 620 1189 669 '°.
1219 618 1355 673 Cum
1385 628 1563 674 autem
1593 617 1873 689 hucusque
1894 616 2129 671 Verbum

574 712 787 766 laudem
836 710 1185 780 produxisset
1229 713 1595 766 membrorum
1642 710 1933 773 Ecclesiae,
1966 712 2020 765 in
2065 711 2131 764 iis

573 821 692 875 qua:
718 804 972 874 deinceps
1001 812 1326 873 sequuntur,
1357 805 1523 859 totius
1548 802 1668 873 ejus
1694 804 1943 873 corporis
1968 804 2131 858 simul

575 896 1070 959 facitcncomium,
1103 893 1321 964 quando
1374 910 1469 965 per
1518 902 1748 950 mortem
1801 890 2133 950 destruxerit

572 1002 695 1041 eum
762 987 856 1055 qui
906 987 1099 1041 mortis
1148 987 1378 1040 habebat
1420 986 1705 1056 imperium
1741 987 1806 1053 ⁶¹,
1838 989 1911 1042 et‘
1936 986 2131 1039 iterum

574 1080 811 1148 seipsum
866 1078 1146 1133 reduxerit
1193 1077 1259 1132 ad
1310 1094 1463 1133 suam
1511 1079 1738 1149 gloriam
1790 1078 2131 1141 divinitatis,

568 1185 734 1238 quam
782 1168 969 1223 habuit
1016 1168 1082 1222 ab
1135 1169 1312 1233 initio,
1335 1169 1652 1239 priusquam
1690 1179 1836 1225 esset
1876 1170 2130 1224 mundus.

573 1260 706 1314 Nam
745 1275 866 1313 cum
899 1259 1164 1314 dixisset:
1220 1258 1315 1313 Ibo
1347 1260 1475 1313 mihi
1515 1260 1583 1313 ad
1612 1271 1835 1314 montem
1882 1254 2130 1330 niyrrhar,

572 1362 622 1408 et
646 1351 714 1405 ad
753 1351 937 1405 collem
966 1352 1155 1413 thuris,
1183 1351 1381 1420 adjecit
1421 1352 1723 1407 divinitatis
1752 1355 1978 1423 gloriam
2015 1368 2134 1422 qua:

574 1444 848 1499 indicatur
881 1459 894 1494 :
929 1442 1062 1497 Tota
1091 1444 1312 1512 pulchra
1341 1460 1418 1508 es,
1448 1445 1741 1516 propinqua
1766 1461 1902 1511 mea,
1945 1455 1993 1499 et
2029 1462 2135 1497 ma-

573 1537 695 1590 cula
724 1553 825 1589 non
850 1544 927 1589 est
960 1536 1013 1588 in
1070 1548 1138 1603 te,
1172 1537 1369 1591 docens
1400 1551 1495 1606 per
1521 1550 1582 1591 ea
1615 1551 1733 1605 qua:
1762 1542 1780 1554 ‘
1801 1536 1942 1591 dicta
1982 1544 2130 1598 sunt,

564 1628 809 1698 primum
848 1627 993 1697 quod
1053 1641 1212 1682 nemo
1251 1627 1318 1682 ab
1368 1628 1487 1698 ipso
1527 1627 1668 1682 tollit
1720 1628 1975 1693 animam,
2038 1628 2132 1683 sed

573 1717 735 1771 habet
776 1724 1095 1785 potestatem
1136 1716 1369 1785 ponendi
1400 1731 1543 1781 eam,
1603 1722 1659 1771 et
1696 1716 1857 1771 habet
1891 1726 2131 1787 potesta-

574 1817 680 1863 tem
742 1823 937 1863 rursus
976 1808 1275 1878 accipiendi
1330 1820 1474 1873 eam,
1529 1808 1632 1863 sibi
1688 1809 2039 1879 proficiscens
2064 1810 2130 1863 ad

572 1908 811 1955 montem
853 1901 1105 1969 myrrhae,
1153 1915 1258 1954 non
1291 1916 1357 1955 es
1397 1899 1661 1969 operibus
1700 1901 1922 1964 nostris,
1955 1910 2015 1955 ut
2061 1918 2129 1957 ne

571 1992 836 2063 glorietur
856 1992 1022 2055 ullus,
1055 1992 1147 2047 sed
1177 2006 1244 2046 ex
1271 2006 1368 2046 sua
1405 1992 1601 2061 gratia,
1633 1991 1941 2062 suscipiens
1993 2008 2129 2048 mor-

571 2092 681 2138 tem
730 2097 829 2153 pro
867 2082 1274 2151 peccatoribus;
1311 2080 1502 2137 deinde
1522 2082 1667 2152 quod
1698 2097 1805 2137 non
1829 2084 1983 2137 aliter
2006 2084 2130 2138 licet

572 2176 824 2229 humanae
858 2187 1072 2229 naturae
1102 2173 1324 2244 purgari
1358 2189 1388 2227 a
1413 2173 1645 2237 macula,
1673 2188 1835 2243 quam
1875 2173 1922 2228 si
1957 2189 2129 2243 agnus

508 2298 511 2299 ν
568 2268 661 2337 qui
688 2267 829 2321 tollit
859 2274 1139 2337 peccatum
1173 2264 1384 2327 mundi,
1423 2280 1518 2335 per
1548 2280 1609 2320 se
1635 2265 1947 2320 universum
1985 2265 2130 2321 dele-

568 2358 706 2413 verit
743 2358 954 2413 vitium.
995 2356 1099 2423 Qui
1135 2371 1263 2427 ergo
1291 2356 1429 2410 dixit
1456 2375 1468 2409 :
1496 2354 1629 2409 Tota
1660 2354 1879 2423 pulchra
1907 2371 1984 2419 es,
2008 2372 2131 2425 pro-

564 2448 767 2516 pinqua
798 2461 935 2509 mea,
962 2454 1010 2497 et
1040 2443 1249 2497 macula
1280 2459 1383 2496 non
1422 2450 1498 2496 est
1541 2442 1599 2496 in
1634 2451 1705 2507 te,
1738 2448 1793 2496 et
1845 2441 2129 2511 subjunxit

570 2536 891 2609 mysterium
930 2534 1078 2604 quod
1142 2543 1224 2588 est
1262 2535 1314 2587 in
1354 2533 1633 2603 passione.
1673 2547 1740 2588 ex
1798 2547 1864 2587 eo
1895 2533 2040 2603 quod
2076 2542 2129 2588 et

572 2627 807 2699 myrrhae
843 2625 1177 2695 aanigmatis,
1221 2633 1275 2678 et
1334 2623 1528 2679 deinde
1577 2622 1754 2678 thuris
1802 2625 2127 2687 meminerit,

569 2734 665 2788 per
702 2716 846 2787 quod
876 2716 1181 2771 ostenditur
1212 2715 1504 2782 divinitas;
1546 2728 1612 2770 eo
1638 2730 1741 2771 nos
1768 2714 1945 2783 docet,
1984 2716 2125 2787 quod

563 2811 659 2880 qui
684 2826 809 2865 cum
832 2811 952 2880 ipso
986 2809 1147 2863 fuerit
1187 2809 1418 2879 myrrhae
1445 2808 1736 2879 particeps,
1776 2807 1999 2863 omnino
2026 2808 2130 2862 erit

560 2904 729 2959 etiam
758 2902 1030 2971 particeps
1057 2900 1254 2954 thuris.
1283 2898 1414 2951 Nam
1446 2898 1538 2967 qui
1568 2897 1730 2953 fuerit
1754 2912 1876 2952 cum
1914 2912 1978 2953 eo
2006 2913 2130 2969 pas-

566 3010 683 3060 sus,
709 2994 869 3048 simul
894 2992 1056 3046 etiam
1084 2988 1601 3060 congloriticabitur.
1629 2988 1733 3054 Qui
1763 2997 1941 3043 autem
1964 2990 2128 3044 semel

564 3083 730 3141 fuerit
760 3086 815 3139 in
857 3085 1026 3155 gloria
1080 3082 1283 3149 divina,
1339 3088 1487 3135 totus
1526 3079 1584 3134 ﬁt
1612 3080 1855 3150 pulcher,
1889 3088 2128 3135 remotus

562 3178 632 3233 ab
658 3177 805 3232 omni
835 3176 1046 3231 macula
1089 3174 1335 3229 adversa.
1382 3172 1426 3225 A
1456 3186 1562 3243 qua
1593 3186 1693 3228 nos
1723 3186 1937 3242 quoque
1968 3187 2125 3241 sepa-

562 3284 767 3332 remur,
839 3283 935 3337 per
988 3281 1113 3321 eum
1163 3266 1254 3335 qui
1311 3279 1410 3334 pro
1457 3263 1616 3319 nobis
1664 3275 1910 3320 mortuus
1946 3264 2048 3319 fuit
2076 3275 2129 3320 et

569 3361 888 3423 resurrexit,
937 3358 1133 3421 Iesum,
1179 3357 1454 3411 Christum
1510 3354 1795 3409 Dominum
1855 3364 2126 3419 nostrum,

580 3452 668 3506 cui
724 3452 974 3505 convenit
1010 3450 1179 3519 gloria
1211 3458 1263 3503 et
1295 3446 1581 3510 imperium
1634 3447 1690 3501 in
1723 3451 1919 3504 saacula
1954 3465 2127 3505 saecu-

573 3546 768 3599 lorum.
796 3545 985 3595 Amen.

1105 3723 1388 3781 HOMILIA
1430 3726 1564 3781 Vlll.

633 3819 765 3874 CAP.
795 3834 868 3881 tv,
898 3834 951 3871 v.
981 3817 1035 3870 8.
1087 3816 1211 3870 Veni
1240 3835 1272 3870 a
1302 3818 1523 3883 Libano,
1560 3833 1773 3887 sponsa,
1812 3820 1921 3872 ueni
1961 3834 1992 3869 a
2029 3814 2125 3869 Li-

565 3927 737 3965 aano:
773 3910 961 3971 uenies,
1010 3918 1059 3962 et
1103 3908 1352 3962 transibis
1398 3910 1461 3963 ab
1504 3910 1653 3964 initio
1682 3908 1825 3978 ﬁdei,
1872 3926 1903 3961 a
1963 3908 2125 3975 rapite

544 4004 722 4060 .Sanir
757 4014 805 4058 et
859 4002 1113 4068 Ilermon,
1148 4020 1175 4056 e
1219 4004 1477 4071 speluncis
1515 4004 1746 4067 leonum,
1790 4019 1817 4057 ο
1863 4003 2122 4056 montibus

537 4098 863 4166 .pardorum.
891 4095 943 4149 9.
968 4094 1071 4149 Cor
1098 4094 1340 4148 indidisti
1357 4094 1524 4161 nobis,
1542 4112 1692 4149 soror
1713 4106 1893 4149 nostra
1910 4112 2119 4165 sponsa.

559 4190 663 4243 Cor
697 4188 939 4242 indidisti
967 4187 1113 4241 nobis
1152 4203 1254 4240 uno
1279 4202 1343 4240 ex
1372 4188 1535 4241 oculis
1567 4188 1693 4250 tuis,
1724 4188 1848 4241 etin
1882 4204 1985 4239 una
2013 4198 2122 4241 tor-

538 4298 653 4353 aque
678 4282 797 4334 colli
828 4280 923 4335 tui.

628 4373 851 4444 Magnus
886 4372 1196 4442 Apostolus,
1246 4370 1337 4440 qui
1394 4385 1616 4442 magnas
1676 4370 1740 4425 ad
1804 4371 2120 4428 Corinthios

556 4466 830 4520 recensuit
853 4464 1110 4525 visiones,
1140 4464 1207 4516 de
1235 4478 1333 4517 sua
1364 4470 1557 4516 natura
1582 4462 1715 4516 dicit
1746 4478 1804 4518 se
1847 4464 2115 4529 dubitare,

2233 619 2433 681 στολος.
2484 619 2636 672 Μετὰ
2667 620 2724 673 δὲ
2753 620 2956 674 τούτων
2980 620 3085 673 τῶν
3127 621 3301 691 μελῶν
3327 621 3424 693 τῆς
3473 618 3778 688 Ἐκκλησιας

2233 708 2559 779 προαγαγὼν
2574 712 2603 763 ό
2628 710 2799 778 Λόγος
2814 711 2903 763 τὸν
2919 711 3153 774 ἔπαινον,
3168 713 3226 764 ὲν
3240 714 3351 776 τοῖς
3375 711 3570 781 ἑφεξῆς
3597 709 3780 763 blood»-

2235 818 2401 869 ματον
2427 805 2656 855 ποιεῖται
2684 803 2853 873 αὐτῆς
2886 804 2947 855 τὸ
2978 803 3269 873 ἐγκώμιον,
3298 805 3426 857 ὅταν
3448 803 3535 857 διὰ
3566 801 3660 855 τοῦ
3688 801 3776 853 θαι

2232 892 2388 944 νάτου
2420 894 2737 964 καταργήσῃ
2765 893 2855 945 τὸν
2882 893 2941 945 τὸ
2966 896 3161 964 κράτος
3186 894 3373 965 ἔχοντα
3403 894 3496 947 τοῦ
3524 894 3777 946 θανάτου’

2233 983 2327 1036 καὶ
2356 983 2516 1037 πάλιν
2555 984 2872 1057 ὲπαναγάγῃ
2914 984 3103 1037 ἑαυτὸν
3144 986 3279 1056 πρὸς
3319 985 3416 1056 τὴν
3461 985 3595 1038 ἰδίαν
3633 984 3783 1051 δόξαν

2231 1075 2330 1145 τῆς
2368 1073 2638 1144 θεότητος,
2671 1074 2740 1145 ῆν
2789 1072 2934 1147 εἶχεν
2972 1077 3065 1129 ἀπ’
3096 1076 3272 1147 ἀρχῆς
3318 1076 3424 1147 πρὸ
3459 1076 3552 1129 τοῦ
3590 1078 3784 1149 κόσμον

2232 1164 2386 1221 εἶναι.
2438 1168 2621 1221 Εἰπὼν
2651 1169 2867 1240 γὰρ,δτι
2910 1170 3282 1239 Πορεύσομαι
3317 1168 3549 1238 ἐμαυτῷ
3591 1172 3679 1234 εις
3720 1170 3784 1223 τὸ

2234 1260 2369 1327 ὅρος
2404 1258 2515 1327 τῆς
2547 1262 2839 1329 σμύρνης.
2895 1262 2992 1314 καὶ
3030 1264 3117 1327 εὶς
3158 1261 3266 1315 τὸν
3288 1262 3521 1325 ,βουνὸν
3546 1261 3652 1315 τοῦ
3694 1264 3783 1315 ,ιι-

2234 1351 2437 1417 ϐάνου,
2472 1353 2570 1423 τὴν
2606 1350 2762 1415 δόξαν
2788 1352 2887 1421 τῆς
2921 1353 3170 1423 θεότητος
3202 1352 3570 1423 ἐνδειξάμενος
3590 1352 3784 1424 προσέ-

2233 1442 2426 1512 θηκεν·
2459 1444 2608 1508 Ὂλη
2660 1441 2815 1509 καλὴ
2863 1440 2936 1504 εἷ.
2979 1444 3245 1510 πλησίον
3283 1444 3422 1513 μοῦ,
3462 1443 3559 1497 καὶ
3589 1442 3786 1513 μῶμος

2232 1536 2341 1586 οὐκ
2374 1534 2544 1588 ἔστιν
2592 1536 2662 1589 ἐν
2710 1536 2829 1597 σοί,
2870 1536 3132 1589 διδάσκων
3182 1537 3269 1591 διὰ
3312 1536 3420 1590 τῶν
3465 1538 3783 1607 είρημένων,

2233 1627 2445 1695 πρῶτον
2500 1627 2594 1695 μὲν
2643 1628 2724 1680 ὅτι
2750 1627 2921 1688 οὐδεὶς
2964 1627 3107 1699 αἴρει
3150 1628 3245 1699 τὴν
3283 1628 3458 1700 ψυχὴν
3500 1628 3662 1682 αὑτοῦ
3692 1631 3784 1683 ἀπ’

2231 1718 2415 1781 αὑτοῦ,
2470 1718 2582 1770 ἀλλ’
2634 1718 2876 1783 ἐξουσίαν
2916 1720 3027 1790 ἔχει
3066 1720 3231 1773 θεῖναι
3268 1720 3455 1791 αὐτὴν,
3495 1721 3587 1774 καὶ
3640 1720 3784 1788 {£00-

2234 1809 2350 1859 σίαν
2396 1808 2507 1877 ἔχει
2538 1809 2698 1863 πάλιν
2740 1809 2921 1863 λαϐεῖν
2967 1810 3152 1882 αὐτὴν,
3204 1812 3560 1883 πορευόμενος
3610 1812 3783 1883 ἑαυτῷ

2233 1899 2325 1951 ἐπὶ
2353 1899 2412 1952 τὸ
2446 1898 2567 1969 θρος
2601 1900 2699 1970 τῆς
2728 1900 2992 1971 σμύρνης,
3021 1901 3121 1954 οὐκ
3152 1903 3216 1954 ὲκ
3242 1901 3350 1954 τῶν
3382 1905 3666 1973 ἡμετέρων
3694 1905 3788 1975 ἐρ-

2234 2007 2365 2058 γων,
2397 1991 2485 2044 ἵνα
2511 1992 2585 2063 μή
2616 2009 2700 2054 τις
2740 1994 3095 2063 καυχήσηται,
3144 1993 3255 2046 ἀλλ’
3289 1994 3349 2058 ἐξ
3389 1995 3523 2058 ιδίας
3550 1997 3782 2068 χάριτος,

2232 2083 2321 2135 τὸν
2375 2083 2515 2154 ὑπὲρ
2564 2083 2671 2137 τῶν
2718 2085 3052 2156 ἁμαρτωλῶν
3100 2085 3489 2156 ἀναδεξάμενος
3541 2086 3785 2141 θάνατον·

2232 2176 2414 2231 ἔπειτα
2508 2174 2564 2227 δὲ
2610 2175 2691 2227 ὅτι
2754 2176 2854 2227 οὐκ
2900 2174 3044 2227 ἔστιν
3093 2175 3267 2238 ἄλλως
3311 2176 3641 2249 καθαρθῆναι
3692 2176 3787 2230 τοῦ

2238 2264 2425 2333 μώμου
2454 2264 2551 2336 τὴν
2592 2266 2932 2337 ἀνθρωπίνην
2980 2266 3158 2334 φύσιν.
3214 2268 3286 2339 μὴ
3329 2266 3421 2320 τοῦ
3475 2262 3644 2337 ἀμνοῦ
3688 2268 3787 2321 τοῦ

2234 2353 2475 2423 αἴροντος
2498 2354 2594 2423 τὴν
2618 2356 2889 2426 ἁμαρτίαν
2928 2354 3019 2407 τοῦ
3052 2356 3255 2427 κόσμου
3280 2358 3457 2410 πᾶσαν
3499 2358 3563 2411 δι’
3591 2360 3787 2430 ἑαυτῆς

2234 2446 2330 2514 τὴν
2374 2446 2570 2501 κακίαν
2615 2448 3047 2516 ὲξαφανίσαντος.
3081 2448 3268 2502 Τοίνυν
3306 2448 3494 2513 εἰπὼν,
3522 2452 3601 2504 ὃτι
3633 2451 3786 2519 Ὅλη

2235 2536 2391 2604 καλὴ
2422 2534 2496 2601 εἷ,
2532 2540 2795 2607 πλησίον
2827 2539 2966 2609 μοῦ,
3004 2539 3101 2593 καί
3144 2538 3347 2609 μῶμος
3377 2543 3486 2594 οὐκ
3516 2542 3684 2596 ἐστιν
3717 2543 3789 2595 ὲν

2234 2629 2334 2681 σοί
2355 2646 2370 2659 ο
2414 2630 2505 2681 καὶ
2535 2628 2827 2698 ἐπαγαγὼν
2860 2630 2921 2683 τὸ
2963 2632 3102 2685 κατὰ
3148 2631 3211 2684 τὸ
3257 2632 3423 2696 πάθος
3471 2634 3785 2704 μυστήριον,

2233 2718 2322 2771 διά
2363 2718 2455 2772 τοῦ
2502 2720 2642 2773 κατά
2694 2720 2791 2791 τὴν
2842 2719 3084 2791 σμύρναν
3134 2721 3485 2791 αἰνίγματος,
3543 2720 3660 2777 εἶτα
3694 2724 3789 2776 τοῦ

2232 2802 2447 2857 λιϐάνου
2504 2804 2794 2876 μνησθεὶς,
2862 2806 2927 2859 δι’
2987 2802 3047 2861 οὗ
3101 2807 3162 2861 τὸ
3220 2808 3359 2863 θεῖον
3425 2810 3786 2865 ἐνδείκνυταιο

2230 2896 2403 2967 τούτῳ
2458 2897 2698 2951 παιδεύει
2739 2902 2915 2971 ἡμᾶς,
2970 2901 3053 2954 ὃτι
3095 2901 3124 2953 ό
3173 2902 3567 2973 συμμετασχὼν
3639 2906 3789 2976 αὐτῷ

2231 2991 2331 3059 τῆς
2378 2989 2639 3061 σμύρνης,
2690 2992 3015 3062 συμμεθέξει
3063 2995 3279 3058 πάντως
3340 2996 3435 3048 καὶ
3488 2995 3579 3049 τοῦ
3633 2997 3789 3052 λιϐἀο

2232 3096 2343 3133 νου.
2400 3080 2459 3134 '0
2504 3079 2610 3151 γὰρ
2671 3082 2965 3151 συμπαθὼν
3008 3084 3099 3136 καὶ
3127 3086 3496 3152 πνδοξάζεται
3548 3090 3783 3155 πάντως.

2244 3170 2303 3223 Ὀ
2330 3171 2387 3224 δὲ
2416 3172 2562 3235 ἅπαξ
2588 3175 2646 3225 ὲν
2682 3176 2747 3244 τῇ
2779 3174 2895 3245 θείᾳ
2929 3174 3052 3247 δόξῃ
3088 3179 3397 3249 γενόμενος,
3427 3180 3546 3244 ὅλος
3579 3182 3788 3250 γίνεται

2232 3264 2423 3328 καλὸς,
2477 3264 2580 3331 ἔξω
2635 3265 2729 3319 τοῦ
2788 3268 3160 3340 ἀντικειμένου
3224 3260 3413 3341 μώμου
3477 3275 3787 3345 γενόμενος.

2229 3351 2302 3410 OB
2362 3358 2455 3409 καὶ
2512 3360 2670 3428 ἡμεῖς
2718 3361 3113 3433 χωρισθείημεν
3166 3364 3254 3417 διὰ
3293 3364 3386 3418 τοῦ
3443 3366 3584 3438 ὑπὲρ
3630 3368 3790 3439 ἡμῶν

2227 3447 2585 3511 ἀποθανόντος
2609 3450 2700 3503 καὶ
2727 3450 3043 3522 ἐγερθέντος
3081 3455 3316 3525 Χριστοῦ
3358 3458 3530 3528 Ἰησοῦ
3557 3458 3648 3512 τοῦ
3678 3461 3795 3513 Κυ-

2231 3540 2346 3612 ρίου
2376 3539 2551 3610 ἡμῶν,
2582 3532 2627 3608 ᾧ
2654 3540 2855 3611 πρέπει
2888 3544 2921 3613 ἡ
2961 3542 3087 3608 δόξα
3113 3545 3205 3599 καὶ
3237 3546 3296 3600 τὸ
3332 3546 3529 3617 κράτος
3558 3551 3637 3612 εἰς
3662 3551 3796 3614 τοὺς

2227 3630 2426 3695 αἰῶνας
2453 3630 2560 3685 τῶν
2583 3630 2810 3689 αἰώνων.
2862 3635 3052 3707 Ἀμήν.

2822 3728 3065 3781 ΟΜΙΛΙΑ
3113 3729 3195 3781 H'.

2294 3814 2474 3884 Δεῦρο
2517 3815 2634 3869 ἀπὸ
2669 3816 2949 3880 Λιϐάνου,
2982 3822 3204 3890 νύμφη,
3239 3820 3415 3890 δεῦρο
3459 3822 3575 3876 ἀπὸ
3615 3824 3796 3878 Λιϐά-

2224 3923 2334 3959 νου
2356 3922 2368 3937 °
2400 3906 2646 3975 ἐλεύσῃ,
2680 3908 2777 3960 καὶ
2812 3908 3093 3979 διελεύσῃ
3133 3912 3235 3966 ἀπ’
3279 3912 3470 3982 ἀρχῆς
3508 3915 3790 3978 πίστεως,

2225 3996 2341 4050 ἀ.τό
2381 3996 2652 4066 κεφαλῆς
2694 3999 2895 4067 Σανὴρ
2928 4001 3025 4053 καί
3078 3997 3334 4070 Ἐρμὼνξ
3365 4003 3481 4055 ἀπὸ
3511 4003 3796 4073 μανδρῶν

2222 4089 2515 4150 λεόντων,
2559 4088 2677 4143 ἀπὸ
2726 4089 2911 4158 ὀρέων
2964 4090 3329 4160 παρδάλεων.
3395 4094 3794 4162 Ἐκαρδίωσης

2224 4178 2407 4247 ἡμᾶς,
2439 4180 2672 4250 ἀδελφή
2711 4199 2829 4252 μου
2855 4184 3056 4252 νύμφη
3077 4200 3091 4213 ⁸
3122 4184 3488 4252 ἐκαρδίωσας
3513 4186 3671 4255 ἡμᾶς
3698 4188 3793 4241 ἐνὶ

2221 4273 2338 4327 ἀπὸ
2360 4272 2680 4343 ὀφθαλμῶν
2699 4274 2909 4337 σου,ὲν
2921 4273 3304 4343 μιᾷένθέματι
3331 4274 3631 4344 τραχήλου
3647 4294 3792 4332 σου.

2304 4366 2361 4419 Ὀ
2414 4366 2513 4427 τάς
2562 4366 2800 4437 μεγάλας
2843 4366 3107 4429 ὀπτασίας
3154 4365 3436 4430 διεξελθὼν
3486 4366 3620 4437 πρὸς
3662 4370 3796 4432 τοὺς

2223 4454 2562 4523 Κορινθίους,
2608 4457 2636 4508 ό
2670 4455 2840 4525 μέγας
2881 4456 3217 4520 Ἀπόστολος,
3250 4457 3337 4509 ὅτε
3369 4456 3463 4509 καὶ
3490 4457 3796 4527 ἀμφίϐολος

556 4564 771 4612 essetne
825 4570 1024 4623 corpus
1072 4569 1139 4606 an
1192 4554 1560 4624 intelligentia,
1607 4562 1848 4624 tempore
1907 4556 2119 4611 tradita:

2229 4549 2350 4618 περὶ
2382 4547 2482 4618 τῆς
2514 4547 2706 4601 ἑαυτοῦ
2738 4547 2949 4616 φύσεως
2975 4547 3172 4620 ἔφησεν
3189 4546 3345 4613 εἶναι,
3371 4550 3481 4604 εἴτε
3514 4550 3675 4620 σῶμα
3697 4546 3793 4621 ἦν,

560 4644 704 4697 illius
736 4642 800 4695 ad
830 4642 1084 4713 mysteria
1114 4642 1530 4697 introductionis
1562 4641 1745 4707 :Hazc,
1780 4642 1976 4713 inquit,
2036 4656 2116 4701 te-

534 4733 783 4797 ,stilicor,
812 4733 956 4803 quod
982 4748 1067 4788 me
1088 4733 1327 4787 nondum
1358 4734 1593 4788 arbitror
1620 4736 2116 4805 comprehendisse,

538 4825 652 4880 -sed
684 4824 749 4878 ad
771 4840 834 4879 ea
861 4839 981 4894 quae
1001 4824 1431 4879 suntanteriora
1462 4826 1748 4890 extendor,
1787 4843 1973 4882 eorum
1998 4846 2119 4895 quas

2218 4640 2328 4692 είτε
2359 4639 2558 4709 νόημα,
2579 4642 2634 4692 ἐν
2655 4639 2732 4709 τῷ
2751 4639 2926 4711 καιρῷ
2954 4640 3051 4711 τῆς
3074 4642 3132 4694 ὲν
3160 4643 3239 4712 τῷ
3253 4642 3559 4713 παραδείσῳ
3585 4662 3797 4714 μυστα-

2218 4731 2461 4801 γωγίας,
2488 4726 2656 4782 ταῦτα
2692 4726 3183 4801 διαμαρτυρόμενος
3224 4730 3388 4801 λέγει,
3415 4734 3495 4787 ὅτι
3530 4736 3797 4807 Ἑμαυτὺν

2220 4823 2371 4877 οὔπω
2398 4823 2685 4893 λογίζομαι
2711 4824 3109 4895 κατειληφέναι,
3127 4824 3333 4879 ἀλλ’ἐτι
3351 4829 3464 4891 τοῖς
3480 4827 3799 4899 ἔμπροσθεν

540 4921 707 4992 prius
771 4930 987 4989 peracta
1024 4929 1153 4975 sunt
1214 4920 1545 4975 obliviscens
1566 4919 1651 4985 “;
1687 4919 1897 4975 scilicet
1955 4922 2117 4975 etiam

2229 4913 2621 4985 ὲπεκτείνομαι,
2638 4915 2747 4968 τῶν
2775 4915 3245 4988 προδιηνυσμένων
3261 4916 3428 4988 λήθην
3444 4915 3792 4989 ποιούμενος,

544 5019 676 5081 post
713 5011 929 5063 tertium
961 5008 1093 5063 illud
1133 5008 1330 5063 caelum
1378 5007 1523 5078 quod
1562 5008 1678 5077 ipse
1744 5011 1896 5065 solus
1963 5012 2115 5066 novit

548 5105 765 5171 (neque
794 5101 937 5155 enim
954 5099 1268 5172 Moysesde
1296 5116 1360 5155 eo
1388 5101 1627 5154 narravit
1660 5101 1714 5155 in
1748 5102 1934 5156 mundi
1965 5118 2115 5157 crea—

550 5196 697 5250 tione
719 5202 779 5261 );
811 5202 1181 5264 etpostquam
1217 5192 1423 5247 audivit
1453 5208 1652 5247 arcana
1693 5195 1971 5264 mysteria,
2013 5195 2110 5248 ad-

2223 5006 2379 5077 δῆλον
2424 5007 2503 5060 ὅτι
2553 5008 2646 5061 καὶ
2678 5008 2811 5077 μετά
2847 5008 2937 5061 τὸν
2977 5008 3156 5079 τρίτον
3199 5008 3423 5078 οὐρανὸν
3467 5011 3697 5074 ἐκεῖνον,
3732 5010 3797 5063 δν

2222 5099 2383 5163 αὐτὸς
2420 5099 2560 5170 ἔγνω
2611 5101 2770 5171 μόνος
2793 5118 2807 5133 ·
2841 5102 2901 5155 ού
2935 5102 3042 5172 γάρ
3081 5119 3130 5154 τι
3173 5102 3411 5173 Μωῦσῆς
3460 5105 3589 5174 περὶ
3620 5105 3793 5159 αὐτοῦ

2221 5192 2280 5245 ὲν
2305 5194 2370 5263 τῇ
2403 5192 2755 5264 κοσμογενείᾳ
2775 5192 3095 5263 διηγήσατο·
3124 5194 3217 5245 καὶ
3249 5193 3385 5263 μετά
3411 5194 3510 5266 τὴν
3546 5196 3793 5267 ἄρρητον

546 5289 654 5342 huc
685 5286 1072 5355 altiuspergit,
1102 5293 1157 5338 et
1191 5299 1297 5339 non
1328 5293 1506 5340 cessat
1544 5284 1864 5348 ascendere,
1909 5286 2109 5339 bonum

2229 5282 2326 5335 τῶν
2354 5283 2446 5337 τοῦ
2478 5286 2801 5355 παραδείσου
2836 5284 3144 5355 μυστηρίων
3173 5286 3453 5355 ἀκρόασιν,
3497 5287 3575 5339 ἔτι
3606 5288 3701 5340 ἐπὶ
3729 5288 3794 5339 τὸ

542 5376 686 5445 quod
720 5374 1195 5444 comprehenditur
1226 5390 1502 5444 nunquam
1530 5390 1652 5430 esse
1678 5375 1885 5430 ducens
1924 5377 2113 5430 termi-

542 5484 672 5521 num
709 5466 1062 5537 cupiditatis:
1100 5482 1193 5534 per
1226 5466 1359 5527 hate,
1394 5476 1451 5519 ut
1479 5466 1694 5536 opinor,
1748 5481 1848 5521 nos
1881 5466 2107 5530 docens,

2217 5372 2488 5445 ἀνώτερον
2521 5375 2673 5439 ῐεται,
2710 5377 2801 5429 καὶ
2845 5376 2905 5428 ού
2952 5375 3107 5446 λήγει
3135 5377 3234 5447 τῆς
3263 5377 3597 5441 ἀναϐάσεως,
3631 5379 3790 5431 οίιδέ⁴

2217 5481 2345 5519 ποτε
2388 5465 2449 5518 τὺ
2488 5466 3029 5537 καταλαμϐανόμενον
3070 5465 3273 5534 ἀγαθὸν
3302 5470 3425 5538 ὅρον
3458 5468 3557 5538 τῆς
3592 5467 3789 5521 ἐπιθυ-

539 5559 684 5628 quod
726 5560 898 5614 beata:
924 5560 1072 5614 illius
1096 5561 1362 5614 bonorum
1392 5567 1598 5613 natura:
1625 5559 1855 5613 multum
1886 5560 2105 5631 quidem

2229 5560 2343 5622 ιίας
2377 5558 2713 5630 ποιούμενος,
2749 5556 3034 5621 διδάσκων,
3060 5550 3236 5627 οἶμαι,
3267 5557 3353 5611 διὰ
3375 5556 3578 5611 τούτων
3612 5558 3787 5629 ἡμᾶς,

543 5659 626 5702 est
658 5650 805 5720 quod
842 5652 1154 5718 invenitur;
1208 5650 1435 5705 inﬁnitis
1496 5658 1676 5705 autem
1736 5652 1983 5721 partibus
2023 5659 2106 5707 est

2229 5654 2291 5706 ῑτι
2324 5652 2423 5723 τῆς
2456 5651 2729 5723 μακαρίας
2760 5649 2975 5721 ἐκείνης
2998 5649 3109 5704 τῶν
3128 5650 3347 5720 ἀγαθῶν
3391 5649 3607 5719 φύσεως
3642 5648 3788 5705 πολὺ

598 5830 701 5886 “‘1
731 5832 923 5889 Thess.
967 5853 1029 5900 ιι,
1062 5838 1110 5889 7.
1189 5837 1233 5868 εί
1271 5834 1313 5889 ll
1341 5836 1469 5890 Cor.
1505 5851 1600 5901 xu,
1630 5836 1649 5889 l
1690 5850 1842 5906 seqq.

1923 5834 1967 5866 “
1997 5832 2233 5905 Philipp.
2268 5846 2352 5903 tn,
2383 5834 2463 5889 15.
