  <div class='ocr_page' id='page_1' title='image "/cluster/home/n/w/nwhite01/storage/ocr_20150623/44/hvd.32044012542270/480.png"; bbox 0 0 3932 6470; ppageno 0'>
   <div class='ocr_carea' id='block_1_1' title="bbox 172 433 271 490">
    <p class='ocr_par' dir='ltr' id='par_1_1' title="bbox 172 433 271 490">
     <span class='ocr_line' id='line_1_1' title="bbox 172 433 271 490; baseline -0.02 0"><span class='ocrx_word' id='word_1_1' title='bbox 172 433 271 490; x_wconf 72' lang='lat' dir='ltr'><strong>9M</strong></span> 
     </span>
    </p>
   </div>
   <div class='ocr_carea' id='block_1_2' title="bbox 1190 419 2381 507">
    <p class='ocr_par' dir='ltr' id='par_1_2' title="bbox 1190 419 2381 507">
     <span class='ocr_line' id='line_1_2' title="bbox 1190 419 2381 507; baseline 0.001 -24"><span class='ocrx_word' id='word_1_2' title='bbox 1190 428 1259 485; x_wconf 83' lang='lat' dir='ltr'><strong>IN</strong></span> <span class='ocrx_word' id='word_1_3' title='bbox 1279 426 1575 487; x_wconf 71' lang='lat' dir='ltr'><strong>CANTICA</strong></span> <span class='ocrx_word' id='word_1_4' title='bbox 1605 419 1878 487; x_wconf 70' lang='lat' dir='ltr'><strong>CANTIC.</strong></span> <span class='ocrx_word' id='word_1_5' title='bbox 1920 429 2207 486; x_wconf 77' lang='lat' dir='ltr'><strong>HUMILIA</strong></span> <span class='ocrx_word' id='word_1_6' title='bbox 2242 429 2381 507; x_wconf 76' lang='grc' dir='ltr'><strong>νιυ.</strong></span> 
     </span>
    </p>
   </div>
   <div class='ocr_carea' id='block_1_3' title="bbox 3308 430 3412 486">
    <p class='ocr_par' dir='ltr' id='par_1_3' title="bbox 3308 430 3412 486">
     <span class='ocr_line' id='line_1_3' title="bbox 3308 430 3412 486; baseline 0.048 -5"><span class='ocrx_word' id='word_1_7' title='bbox 3308 430 3412 486; x_wconf 63' lang='grc'><strong>949</strong></span> 
     </span>
    </p>
   </div>
   <div class='ocr_carea' id='block_1_4' title="bbox 178 538 1756 617">
    <p class='ocr_par' dir='ltr' id='par_1_4' title="bbox 178 542 1742 617">
     <span class='ocr_line' id='line_1_4' title="bbox 178 542 1742 617; baseline -0.001 -18"><span class='ocrx_word' id='word_1_8' title='bbox 178 542 278 617; x_wconf 77' lang='grc' dir='ltr'><strong>μέν</strong></span> <span class='ocrx_word' id='word_1_9' title='bbox 324 542 441 597; x_wconf 72' lang='grc' dir='ltr'>ἐστι</span> <span class='ocrx_word' id='word_1_10' title='bbox 489 543 551 597; x_wconf 77' lang='grc' dir='ltr'>τὸ</span> <span class='ocrx_word' id='word_1_11' title='bbox 602 543 689 599; x_wconf 71' lang='grc' dir='ltr'>ἀεὶ</span> <span class='ocrx_word' id='word_1_12' title='bbox 736 542 1149 616; x_wconf 78' lang='grc' dir='ltr'><strong>εὑρισκόμενον·</strong></span> <span class='ocrx_word' id='word_1_13' title='bbox 1209 544 1630 617; x_wconf 75' lang='grc' dir='ltr'>ἀπειροπλάσιον</span> <span class='ocrx_word' id='word_1_14' title='bbox 1686 544 1742 597; x_wconf 79' lang='grc' dir='ltr'>δὲ</span> 
     </span>
    </p>
   </div>
   <div class='ocr_carea' id='block_1_5' title="bbox 1860 538 3408 617">
    <p class='ocr_par' dir='ltr' id='par_1_5' title="bbox 1860 538 3408 613">
     <span class='ocr_line' id='line_1_5' title="bbox 1860 538 3408 613; baseline -0.005 -15"><span class='ocrx_word' id='word_1_15' title='bbox 1860 544 2023 613; x_wconf 91' lang='lat' dir='ltr'><strong>najus</strong></span> <span class='ocrx_word' id='word_1_16' title='bbox 2048 543 2193 613; x_wconf 90' lang='lat' dir='ltr'><strong>quod</strong></span> <span class='ocrx_word' id='word_1_17' title='bbox 2224 550 2395 599; x_wconf 90' lang='lat' dir='ltr'><strong>restat</strong></span> <span class='ocrx_word' id='word_1_18' title='bbox 2431 539 2674 611; x_wconf 89' lang='lat' dir='ltr'><strong>quolibet</strong></span> <span class='ocrx_word' id='word_1_19' title='bbox 2700 538 2846 611; x_wconf 89' lang='lat' dir='ltr'><strong>quod</strong></span> <span class='ocrx_word' id='word_1_20' title='bbox 2905 538 3408 610; x_wconf 78' lang='lat' dir='ltr'><strong>comprehenditur,</strong></span> 
     </span>
    </p>
   </div>
   <div class='ocr_carea' id='block_1_6' title="bbox 170 631 1742 706">
    <p class='ocr_par' dir='ltr' id='par_1_6' title="bbox 170 631 1742 706">
     <span class='ocr_line' id='line_1_6' title="bbox 170 631 1742 706; baseline -0.001 -18"><span class='ocrx_word' id='word_1_21' title='bbox 170 631 267 688; x_wconf 78' lang='grc' dir='ltr'>τοῦ</span> <span class='ocrx_word' id='word_1_22' title='bbox 320 632 552 686; x_wconf 81' lang='grc' dir='ltr'>πάντοτε</span> <span class='ocrx_word' id='word_1_23' title='bbox 609 634 1159 706; x_wconf 83' lang='grc' dir='ltr'>καταλαμϐανομένου</span> <span class='ocrx_word' id='word_1_24' title='bbox 1207 634 1269 688; x_wconf 81' lang='grc' dir='ltr'><strong>τὸ</strong></span> <span class='ocrx_word' id='word_1_25' title='bbox 1331 635 1742 704; x_wconf 80' lang='grc' dir='ltr'>ὑπερκείμενον,</span> 
     </span>
    </p>
   </div>
   <div class='ocr_carea' id='block_1_7' title="bbox 174 724 1744 800">
    <p class='ocr_par' dir='ltr' id='par_1_7' title="bbox 174 724 1744 800">
     <span class='ocr_line' id='line_1_7' title="bbox 174 724 1744 800; baseline 0 -19"><span class='ocrx_word' id='word_1_26' title='bbox 174 726 266 781; x_wconf 71' lang='grc' dir='ltr'><strong>καὶ</strong></span> <span class='ocrx_word' id='word_1_27' title='bbox 302 724 458 780; x_wconf 80' lang='grc' dir='ltr'>τοῦτο</span> <span class='ocrx_word' id='word_1_28' title='bbox 490 728 572 791; x_wconf 81' lang='grc' dir='ltr'><strong>είς</strong></span> <span class='ocrx_word' id='word_1_29' title='bbox 601 728 662 780; x_wconf 82' lang='grc' dir='ltr'>τὸ</span> <span class='ocrx_word' id='word_1_30' title='bbox 706 728 952 799; x_wconf 86' lang='grc' dir='ltr'>διηνεκὲς</span> <span class='ocrx_word' id='word_1_31' title='bbox 998 727 1207 796; x_wconf 89' lang='grc' dir='ltr'>γίνεται</span> <span class='ocrx_word' id='word_1_32' title='bbox 1235 727 1313 798; x_wconf 83' lang='grc' dir='ltr'>τῷ</span> <span class='ocrx_word' id='word_1_33' title='bbox 1352 727 1650 800; x_wconf 78' lang='grc' dir='ltr'><strong>μετέχοντι,</strong></span> <span class='ocrx_word' id='word_1_34' title='bbox 1684 728 1744 781; x_wconf 82' lang='grc' dir='ltr'><strong>έν</strong></span> 
     </span>
    </p>
   </div>
   <div class='ocr_carea' id='block_1_8' title="bbox 175 815 1745 891">
    <p class='ocr_par' dir='ltr' id='par_1_8' title="bbox 175 815 1745 891">
     <span class='ocr_line' id='line_1_8' title="bbox 175 815 1745 891; baseline -0.001 -19"><span class='ocrx_word' id='word_1_35' title='bbox 175 820 321 890; x_wconf 80' lang='grc' dir='ltr'>πάσῃ</span> <span class='ocrx_word' id='word_1_36' title='bbox 355 822 422 889; x_wconf 79' lang='grc' dir='ltr'>τῇ</span> <span class='ocrx_word' id='word_1_37' title='bbox 454 820 561 872; x_wconf 87' lang='grc' dir='ltr'>τῶν</span> <span class='ocrx_word' id='word_1_38' title='bbox 594 817 805 873; x_wconf 74' lang='grc' dir='ltr'>αἰώνων</span> <span class='ocrx_word' id='word_1_39' title='bbox 834 818 1202 891; x_wconf 87' lang='grc' dir='ltr'>ἀῖδιότητιδιά</span> <span class='ocrx_word' id='word_1_40' title='bbox 1234 819 1341 872; x_wconf 90' lang='grc' dir='ltr'><strong>τῶν</strong></span> <span class='ocrx_word' id='word_1_41' title='bbox 1361 820 1449 873; x_wconf 74' lang='grc' dir='ltr'><strong>ἀεὶ</strong></span> <span class='ocrx_word' id='word_1_42' title='bbox 1486 815 1745 889; x_wconf 76' lang='grc' dir='ltr'><strong>μειζόνων</strong></span> 
     </span>
    </p>
   </div>
   <div class='ocr_carea' id='block_1_9' title="bbox 174 910 1744 984">
    <p class='ocr_par' dir='ltr' id='par_1_9' title="bbox 174 910 1744 984">
     <span class='ocr_line' id='line_1_9' title="bbox 174 910 1744 984; baseline -0.002 -19"><span class='ocrx_word' id='word_1_43' title='bbox 174 912 272 981; x_wconf 78' lang='grc' dir='ltr'>τῆς</span> <span class='ocrx_word' id='word_1_44' title='bbox 314 911 664 982; x_wconf 82' lang='grc' dir='ltr'>ὲπαυξήσεως</span> <span class='ocrx_word' id='word_1_45' title='bbox 715 915 827 974; x_wconf 86' lang='grc' dir='ltr'>τοῖς</span> <span class='ocrx_word' id='word_1_46' title='bbox 876 912 1160 984; x_wconf 82' lang='grc' dir='ltr'><strong>μετέχουσι</strong></span> <span class='ocrx_word' id='word_1_47' title='bbox 1195 912 1501 983; x_wconf 85' lang='grc' dir='ltr'>γινομένης.</span> <span class='ocrx_word' id='word_1_48' title='bbox 1556 912 1611 964; x_wconf 84' lang='lat'><strong>&#39;0</strong></span> <span class='ocrx_word' id='word_1_49' title='bbox 1646 910 1744 981; x_wconf 81' lang='grc' dir='ltr'>μὲν</span> 
     </span>
    </p>
   </div>
   <div class='ocr_carea' id='block_1_10' title="bbox 176 999 1743 1075">
    <p class='ocr_par' dir='ltr' id='par_1_10' title="bbox 176 999 1743 1075">
     <span class='ocr_line' id='line_1_10' title="bbox 176 999 1743 1075; baseline -0.003 -19"><span class='ocrx_word' id='word_1_50' title='bbox 176 1004 282 1073; x_wconf 78' lang='grc' dir='ltr'><strong>γὰρ</strong></span> <span class='ocrx_word' id='word_1_51' title='bbox 336 1003 573 1073; x_wconf 83' lang='grc' dir='ltr'>καθαρὸς</span> <span class='ocrx_word' id='word_1_52' title='bbox 625 1003 725 1075; x_wconf 85' lang='grc' dir='ltr'><strong>τὴν</strong></span> <span class='ocrx_word' id='word_1_53' title='bbox 767 1003 1010 1073; x_wconf 82' lang='grc' dir='ltr'>καρδίαν,</span> <span class='ocrx_word' id='word_1_54' title='bbox 1061 1003 1199 1057; x_wconf 88' lang='grc' dir='ltr'><strong>κατά</strong></span> <span class='ocrx_word' id='word_1_55' title='bbox 1241 1003 1341 1074; x_wconf 83' lang='grc' dir='ltr'>τὴν</span> <span class='ocrx_word' id='word_1_56' title='bbox 1394 1001 1599 1071; x_wconf 84' lang='grc' dir='ltr'>ἀψευδῆ</span> <span class='ocrx_word' id='word_1_57' title='bbox 1649 999 1743 1054; x_wconf 83' lang='grc' dir='ltr'>τοῦ</span> 
     </span>
    </p>
   </div>
   <div class='ocr_carea' id='block_1_11' title="bbox 174 1093 1745 1168">
    <p class='ocr_par' dir='ltr' id='par_1_11' title="bbox 174 1093 1745 1168">
     <span class='ocr_line' id='line_1_11' title="bbox 174 1093 1745 1168; baseline -0.002 -19"><span class='ocrx_word' id='word_1_58' title='bbox 174 1096 443 1149; x_wconf 85' lang='grc' dir='ltr'>Δεσπότου</span> <span class='ocrx_word' id='word_1_59' title='bbox 484 1095 686 1167; x_wconf 85' lang='grc' dir='ltr'>φωνὴν,</span> <span class='ocrx_word' id='word_1_60' title='bbox 722 1096 824 1168; x_wconf 75' lang='grc' dir='ltr'>όρᾷ</span> <span class='ocrx_word' id='word_1_61' title='bbox 858 1094 949 1149; x_wconf 83' lang='grc' dir='ltr'><strong>τὸν</strong></span> <span class='ocrx_word' id='word_1_62' title='bbox 991 1094 1143 1151; x_wconf 79' lang='grc' dir='ltr'>Θεὸν.</span> <span class='ocrx_word' id='word_1_63' title='bbox 1188 1096 1274 1149; x_wconf 71' lang='grc' dir='ltr'><strong>ἀεὶ</strong></span> <span class='ocrx_word' id='word_1_64' title='bbox 1306 1094 1446 1148; x_wconf 86' lang='grc' dir='ltr'>κατὰ</span> <span class='ocrx_word' id='word_1_65' title='bbox 1490 1093 1588 1163; x_wconf 81' lang='grc' dir='ltr'>τὴν</span> <span class='ocrx_word' id='word_1_66' title='bbox 1616 1094 1745 1146; x_wconf 89' lang='grc' dir='ltr'>ἀνα-</span> 
     </span>
    </p>
   </div>
   <div class='ocr_carea' id='block_1_12' title="bbox 174 1182 1746 1256">
    <p class='ocr_par' dir='ltr' id='par_1_12' title="bbox 174 1182 1746 1256">
     <span class='ocr_line' id='line_1_12' title="bbox 174 1182 1746 1256; baseline -0.002 -19"><span class='ocrx_word' id='word_1_67' title='bbox 174 1184 361 1253; x_wconf 82' lang='grc' dir='ltr'>λογίαν</span> <span class='ocrx_word' id='word_1_68' title='bbox 388 1186 487 1255; x_wconf 83' lang='grc' dir='ltr'>τῆς</span> <span class='ocrx_word' id='word_1_69' title='bbox 514 1183 816 1255; x_wconf 82' lang='grc' dir='ltr'>δυνάμεως,</span> <span class='ocrx_word' id='word_1_70' title='bbox 855 1184 977 1237; x_wconf 82' lang='grc' dir='ltr'>ὅσον</span> <span class='ocrx_word' id='word_1_71' title='bbox 1008 1183 1253 1256; x_wconf 84' lang='grc' dir='ltr'>χωρῆσαι</span> <span class='ocrx_word' id='word_1_72' title='bbox 1279 1184 1520 1247; x_wconf 87' lang='grc' dir='ltr'>δύναται,</span> <span class='ocrx_word' id='word_1_73' title='bbox 1561 1182 1746 1235; x_wconf 82' lang='grc' dir='ltr'>τοσοῦ-</span> 
     </span>
    </p>
   </div>
   <div class='ocr_carea' id='block_1_13' title="bbox 174 1274 1744 1347">
    <p class='ocr_par' dir='ltr' id='par_1_13' title="bbox 174 1274 1744 1347">
     <span class='ocr_line' id='line_1_13' title="bbox 174 1274 1744 1347; baseline -0.001 -18"><span class='ocrx_word' id='word_1_74' title='bbox 174 1293 265 1329; x_wconf 91' lang='grc' dir='ltr'><strong>τον</strong></span> <span class='ocrx_word' id='word_1_75' title='bbox 289 1277 388 1346; x_wconf 82' lang='grc' dir='ltr'><strong>τὴν</strong></span> <span class='ocrx_word' id='word_1_76' title='bbox 417 1276 742 1346; x_wconf 81' lang='grc' dir='ltr'><strong>κατανόησιν</strong></span> <span class='ocrx_word' id='word_1_77' title='bbox 769 1276 1072 1347; x_wconf 87' lang='grc' dir='ltr'>δεχόμενος.</span> <span class='ocrx_word' id='word_1_78' title='bbox 1114 1277 1188 1329; x_wconf 83' lang='grc' dir='ltr'><strong>Τὸ</strong></span> <span class='ocrx_word' id='word_1_79' title='bbox 1233 1276 1331 1347; x_wconf 87' lang='grc' dir='ltr'><strong>μέν</strong></span> <span class='ocrx_word' id='word_1_80' title='bbox 1372 1293 1455 1328; x_wconf 90' lang='grc' dir='ltr'><strong>τοι</strong></span> <span class='ocrx_word' id='word_1_81' title='bbox 1496 1274 1744 1345; x_wconf 85' lang='grc' dir='ltr'>ἀόριστόν</span> 
     </span>
    </p>
   </div>
   <div class='ocr_carea' id='block_1_14' title="bbox 172 1367 1744 1439">
    <p class='ocr_par' dir='ltr' id='par_1_14' title="bbox 172 1367 1744 1439">
     <span class='ocr_line' id='line_1_14' title="bbox 172 1367 1744 1439; baseline -0.003 -17"><span class='ocrx_word' id='word_1_82' title='bbox 172 1385 235 1422; x_wconf 88' lang='grc' dir='ltr'><strong>τε</strong></span> <span class='ocrx_word' id='word_1_83' title='bbox 279 1369 373 1422; x_wconf 77' lang='grc' dir='ltr'>καὶ</span> <span class='ocrx_word' id='word_1_84' title='bbox 406 1367 773 1439; x_wconf 78' lang='grc' dir='ltr'><strong>ἀπερίληπτον</strong></span> <span class='ocrx_word' id='word_1_85' title='bbox 820 1369 918 1437; x_wconf 81' lang='grc' dir='ltr'><strong>τῆς</strong></span> <span class='ocrx_word' id='word_1_86' title='bbox 965 1368 1215 1439; x_wconf 85' lang='grc' dir='ltr'><strong>θεότητος</strong></span> <span class='ocrx_word' id='word_1_87' title='bbox 1261 1368 1521 1422; x_wconf 78' lang='grc' dir='ltr'>ἐπέκεινα</span> <span class='ocrx_word' id='word_1_88' title='bbox 1565 1367 1744 1435; x_wconf 86' lang='grc' dir='ltr'>πάσης</span> 
     </span>
    </p>
   </div>
   <div class='ocr_carea' id='block_1_15' title="bbox 176 1455 1745 1533">
    <p class='ocr_par' dir='ltr' id='par_1_15' title="bbox 176 1455 1745 1533">
     <span class='ocr_line' id='line_1_15' title="bbox 176 1455 1745 1533; baseline -0.004 -17"><span class='ocrx_word' id='word_1_89' title='bbox 176 1460 532 1530; x_wconf 76' lang='grc' dir='ltr'>καταλήψεως</span> <span class='ocrx_word' id='word_1_90' title='bbox 572 1460 834 1531; x_wconf 86' lang='grc' dir='ltr'>διαμένει.</span> <span class='ocrx_word' id='word_1_91' title='bbox 879 1455 956 1516; x_wconf 77' lang='grc' dir='ltr'><strong>Οὗ</strong></span> <span class='ocrx_word' id='word_1_92' title='bbox 988 1461 1097 1533; x_wconf 78' lang='grc' dir='ltr'><strong>γὰρ</strong></span> <span class='ocrx_word' id='word_1_93' title='bbox 1135 1462 1233 1532; x_wconf 81' lang='grc' dir='ltr'>τῆς</span> <span class='ocrx_word' id='word_1_94' title='bbox 1278 1458 1745 1531; x_wconf 81' lang='grc' dir='ltr'><strong>μεγαλοπρεπείας</strong></span> 
     </span>
    </p>
   </div>
   <div class='ocr_carea' id='block_1_16' title="bbox 174 1548 1743 1622">
    <p class='ocr_par' dir='ltr' id='par_1_16' title="bbox 174 1548 1743 1622">
     <span class='ocr_line' id='line_1_16' title="bbox 174 1548 1743 1622; baseline 0 -19"><span class='ocrx_word' id='word_1_95' title='bbox 174 1551 274 1621; x_wconf 85' lang='grc' dir='ltr'>τῆς</span> <span class='ocrx_word' id='word_1_96' title='bbox 311 1549 469 1621; x_wconf 84' lang='grc' dir='ltr'><strong>δόξης</strong></span> <span class='ocrx_word' id='word_1_97' title='bbox 496 1551 596 1603; x_wconf 82' lang='grc' dir='ltr'><strong>οὐκ</strong></span> <span class='ocrx_word' id='word_1_98' title='bbox 624 1549 737 1604; x_wconf 81' lang='grc' dir='ltr'>ἔστι</span> <span class='ocrx_word' id='word_1_99' title='bbox 776 1550 968 1622; x_wconf 86' lang='grc' dir='ltr'>πέρας,</span> <span class='ocrx_word' id='word_1_100' title='bbox 1015 1548 1196 1614; x_wconf 87' lang='grc' dir='ltr'>καθὼς</span> <span class='ocrx_word' id='word_1_101' title='bbox 1224 1552 1252 1604; x_wconf 99' lang='lat'><strong>6</strong></span> <span class='ocrx_word' id='word_1_102' title='bbox 1280 1551 1569 1621; x_wconf 81' lang='grc' dir='ltr'><strong>Προφήτης</strong></span> <span class='ocrx_word' id='word_1_103' title='bbox 1605 1565 1743 1619; x_wconf 83' lang='grc' dir='ltr'>μαρ-</span> 
     </span>
    </p>
   </div>
   <div class='ocr_carea' id='block_1_17' title="bbox 174 1637 1744 1713">
    <p class='ocr_par' dir='ltr' id='par_1_17' title="bbox 174 1637 1744 1713">
     <span class='ocr_line' id='line_1_17' title="bbox 174 1637 1744 1713; baseline -0.001 -20"><span class='ocrx_word' id='word_1_104' title='bbox 174 1641 414 1713; x_wconf 82' lang='grc' dir='ltr'>τύρεται,</span> <span class='ocrx_word' id='word_1_105' title='bbox 450 1640 608 1693; x_wconf 81' lang='grc' dir='ltr'>τοῦτο</span> <span class='ocrx_word' id='word_1_106' title='bbox 646 1641 873 1694; x_wconf 83' lang='grc' dir='ltr'>πάντοτε</span> <span class='ocrx_word' id='word_1_107' title='bbox 918 1640 1178 1704; x_wconf 80' lang='grc' dir='ltr'><strong>ὡσαύτως</strong></span> <span class='ocrx_word' id='word_1_108' title='bbox 1209 1640 1342 1711; x_wconf 80' lang='grc' dir='ltr'>ἔχει,</span> <span class='ocrx_word' id='word_1_109' title='bbox 1389 1642 1447 1693; x_wconf 78' lang='grc' dir='ltr'><strong>ὲν</strong></span> <span class='ocrx_word' id='word_1_110' title='bbox 1491 1640 1568 1711; x_wconf 83' lang='grc' dir='ltr'>τῷ</span> <span class='ocrx_word' id='word_1_111' title='bbox 1598 1637 1744 1709; x_wconf 79' lang='grc' dir='ltr'>αὐτῷ</span> 
     </span>
    </p>
   </div>
   <div class='ocr_carea' id='block_1_18' title="bbox 178 1731 1745 1804">
    <p class='ocr_par' dir='ltr' id='par_1_18' title="bbox 178 1731 1745 1804">
     <span class='ocr_line' id='line_1_18' title="bbox 178 1731 1745 1804; baseline 0 -19"><span class='ocrx_word' id='word_1_112' title='bbox 178 1732 301 1802; x_wconf 77' lang='grc' dir='ltr'>ὕψει</span> <span class='ocrx_word' id='word_1_113' title='bbox 327 1731 616 1795; x_wconf 74' lang='grc' dir='ltr'>διαπαντὸς</span> <span class='ocrx_word' id='word_1_114' title='bbox 644 1731 1033 1803; x_wconf 86' lang='grc' dir='ltr'>θεωρούμενον.</span> <span class='ocrx_word' id='word_1_115' title='bbox 1067 1733 1277 1804; x_wconf 82' lang='grc' dir='ltr'>Ὥσπερ</span> <span class='ocrx_word' id='word_1_116' title='bbox 1316 1732 1373 1785; x_wconf 79' lang='grc' dir='ltr'>δὲ</span> <span class='ocrx_word' id='word_1_117' title='bbox 1400 1733 1493 1786; x_wconf 65' lang='grc' dir='ltr'>καὶ</span> <span class='ocrx_word' id='word_1_118' title='bbox 1515 1735 1543 1786; x_wconf 89' lang='grc' dir='ltr'>ὁ</span> <span class='ocrx_word' id='word_1_119' title='bbox 1575 1733 1745 1802; x_wconf 84' lang='grc' dir='ltr'>μέγας</span> 
     </span>
    </p>
   </div>
   <div class='ocr_carea' id='block_1_19' title="bbox 176 1821 1741 1895">
    <p class='ocr_par' dir='ltr' id='par_1_19' title="bbox 176 1821 1741 1895">
     <span class='ocr_line' id='line_1_19' title="bbox 176 1821 1741 1895; baseline 0 -21"><span class='ocrx_word' id='word_1_120' title='bbox 176 1822 338 1876; x_wconf 74' lang='grc' dir='ltr'>Δαϐὶδ</span> <span class='ocrx_word' id='word_1_121' title='bbox 363 1823 390 1875; x_wconf 91' lang='lat'><strong>6</strong></span> <span class='ocrx_word' id='word_1_122' title='bbox 421 1821 517 1887; x_wconf 87' lang='grc' dir='ltr'><strong>τάς</strong></span> <span class='ocrx_word' id='word_1_123' title='bbox 538 1821 708 1885; x_wconf 87' lang='grc' dir='ltr'>καλὰς</span> <span class='ocrx_word' id='word_1_124' title='bbox 737 1821 1028 1886; x_wconf 84' lang='grc' dir='ltr'>ἀναϐάσεις</span> <span class='ocrx_word' id='word_1_125' title='bbox 1051 1824 1109 1876; x_wconf 85' lang='grc' dir='ltr'><strong>ὲν</strong></span> <span class='ocrx_word' id='word_1_126' title='bbox 1129 1825 1195 1895; x_wconf 77' lang='grc' dir='ltr'><strong>τῇ</strong></span> <span class='ocrx_word' id='word_1_127' title='bbox 1227 1823 1422 1895; x_wconf 80' lang='grc' dir='ltr'>καρδίᾳ</span> <span class='ocrx_word' id='word_1_128' title='bbox 1440 1821 1741 1892; x_wconf 83' lang='grc' dir='ltr'>τιθέμενος,</span> 
     </span>
    </p>
   </div>
   <div class='ocr_carea' id='block_1_20' title="bbox 1842 632 3409 706">
    <p class='ocr_par' dir='ltr' id='par_1_20' title="bbox 1842 632 3409 706">
     <span class='ocr_line' id='line_1_20' title="bbox 1842 632 3409 706; baseline -0.004 -15"><span class='ocrx_word' id='word_1_129' title='bbox 1842 646 1896 691; x_wconf 86' lang='grc' dir='ltr'><strong>ει</strong></span> <span class='ocrx_word' id='word_1_130' title='bbox 1919 636 2021 691; x_wconf 88' lang='lat' dir='ltr'><strong>hoc</strong></span> <span class='ocrx_word' id='word_1_131' title='bbox 2057 635 2116 691; x_wconf 91' lang='lat' dir='ltr'><strong>ﬁt</strong></span> <span class='ocrx_word' id='word_1_132' title='bbox 2150 642 2412 706; x_wconf 86' lang='lat' dir='ltr'><strong>perpetuo</strong></span> <span class='ocrx_word' id='word_1_133' title='bbox 2435 636 2483 689; x_wconf 91' lang='lat' dir='ltr'><strong>ei</strong></span> <span class='ocrx_word' id='word_1_134' title='bbox 2515 632 2610 704; x_wconf 89' lang='lat' dir='ltr'><strong>qui</strong></span> <span class='ocrx_word' id='word_1_135' title='bbox 2641 640 2727 688; x_wconf 86' lang='lat' dir='ltr'><strong>est</strong></span> <span class='ocrx_word' id='word_1_136' title='bbox 2755 632 2905 689; x_wconf 87' lang='lat' dir='ltr'><strong>illius</strong></span> <span class='ocrx_word' id='word_1_137' title='bbox 2946 632 3241 704; x_wconf 86' lang='lat' dir='ltr'><strong>particeps,</strong></span> <span class='ocrx_word' id='word_1_138' title='bbox 3283 648 3409 685; x_wconf 88' lang='lat' dir='ltr'><strong>cum</strong></span> 
     </span>
    </p>
   </div>
   <div class='ocr_carea' id='block_1_21' title="bbox 1844 705 3406 794">
    <p class='ocr_par' dir='ltr' id='par_1_21' title="bbox 1844 705 3406 794">
     <span class='ocr_line' id='line_1_21' title="bbox 1844 705 3406 794; baseline -0.004 -13"><span class='ocrx_word' id='word_1_139' title='bbox 1844 728 1897 781; x_wconf 89' lang='lat' dir='ltr'><strong>in</strong></span> <span class='ocrx_word' id='word_1_140' title='bbox 1930 726 2183 783; x_wconf 84' lang='lat' dir='ltr'><strong>universa</strong></span> <span class='ocrx_word' id='word_1_141' title='bbox 2214 705 2537 783; x_wconf 67' lang='lat' dir='ltr'><strong>saéculorum</strong></span> <span class='ocrx_word' id='word_1_142' title='bbox 2569 724 2877 780; x_wconf 73' lang='lat' dir='ltr'><strong>aeternitate</strong></span> <span class='ocrx_word' id='word_1_143' title='bbox 2914 739 3013 794; x_wconf 89' lang='lat' dir='ltr'><strong>per</strong></span> <span class='ocrx_word' id='word_1_144' title='bbox 3034 738 3097 780; x_wconf 89' lang='lat' dir='ltr'><strong>ea</strong></span> <span class='ocrx_word' id='word_1_145' title='bbox 3132 738 3256 794; x_wconf 65' lang='lat' dir='ltr'><strong>qua!</strong></span> <span class='ocrx_word' id='word_1_146' title='bbox 3281 731 3406 777; x_wconf 82' lang='lat' dir='ltr'><strong>sunt</strong></span> 
     </span>
    </p>
   </div>
   <div class='ocr_carea' id='block_1_22' title="bbox 1842 813 3411 888">
    <p class='ocr_par' dir='ltr' id='par_1_22' title="bbox 1842 813 3411 888">
     <span class='ocr_line' id='line_1_22' title="bbox 1842 813 3411 888; baseline -0.004 -15"><span class='ocrx_word' id='word_1_147' title='bbox 1842 816 2051 886; x_wconf 84' lang='lat' dir='ltr'><strong>majora</strong></span> <span class='ocrx_word' id='word_1_148' title='bbox 2112 832 2327 888; x_wconf 84' lang='lat' dir='ltr'><strong>semper</strong></span> <span class='ocrx_word' id='word_1_149' title='bbox 2392 815 2483 869; x_wconf 87' lang='lat' dir='ltr'><strong>ﬁat</strong></span> <span class='ocrx_word' id='word_1_150' title='bbox 2549 825 2900 886; x_wconf 75' lang='lat' dir='ltr'><strong>augmentum</strong></span> <span class='ocrx_word' id='word_1_151' title='bbox 2973 813 3043 871; x_wconf 91' lang='lat' dir='ltr'><strong>iis</strong></span> <span class='ocrx_word' id='word_1_152' title='bbox 3106 818 3199 884; x_wconf 87' lang='lat' dir='ltr'><strong>qui</strong></span> <span class='ocrx_word' id='word_1_153' title='bbox 3283 821 3411 868; x_wconf 85' lang='lat' dir='ltr'><strong>sunt</strong></span> 
     </span>
    </p>
   </div>
   <div class='ocr_carea' id='block_1_23' title="bbox 1844 908 3412 980">
    <p class='ocr_par' dir='ltr' id='par_1_23' title="bbox 1844 908 3412 980">
     <span class='ocr_line' id='line_1_23' title="bbox 1844 908 3412 980; baseline -0.002 -17"><span class='ocrx_word' id='word_1_154' title='bbox 1844 909 2155 980; x_wconf 81' lang='lat' dir='ltr'><strong>participes.</strong></span> <span class='ocrx_word' id='word_1_155' title='bbox 2188 908 2322 963; x_wconf 86' lang='lat' dir='ltr'><strong>Nam</strong></span> <span class='ocrx_word' id='word_1_156' title='bbox 2353 909 2442 963; x_wconf 90' lang='lat' dir='ltr'><strong>ille</strong></span> <span class='ocrx_word' id='word_1_157' title='bbox 2474 908 2692 979; x_wconf 86' lang='lat' dir='ltr'><strong>quidem</strong></span> <span class='ocrx_word' id='word_1_158' title='bbox 2725 908 2935 963; x_wconf 92' lang='lat' dir='ltr'><strong>mundo</strong></span> <span class='ocrx_word' id='word_1_159' title='bbox 2960 910 3126 963; x_wconf 88' lang='lat' dir='ltr'><strong>corde</strong></span> <span class='ocrx_word' id='word_1_160' title='bbox 3146 909 3214 970; x_wconf 84' lang='grc'><strong>⁸³,</strong></span> <span class='ocrx_word' id='word_1_161' title='bbox 3279 923 3412 961; x_wconf 83' lang='lat' dir='ltr'><strong>cuu-</strong></span> 
     </span>
    </p>
   </div>
   <div class='ocr_carea' id='block_1_24' title="bbox 1843 998 3411 1072">
    <p class='ocr_par' dir='ltr' id='par_1_24' title="bbox 1843 998 3411 1072">
     <span class='ocr_line' id='line_1_24' title="bbox 1843 998 3411 1072; baseline -0.003 -16"><span class='ocrx_word' id='word_1_162' title='bbox 1843 1009 2102 1071; x_wconf 82' lang='lat' dir='ltr'><strong>gruenter</strong></span> <span class='ocrx_word' id='word_1_163' title='bbox 2128 1002 2243 1055; x_wconf 84' lang='lat' dir='ltr'><strong>voci</strong></span> <span class='ocrx_word' id='word_1_164' title='bbox 2273 1000 2508 1063; x_wconf 89' lang='lat' dir='ltr'><strong>Domini,</strong></span> <span class='ocrx_word' id='word_1_165' title='bbox 2564 998 2733 1055; x_wconf 87' lang='lat' dir='ltr'><strong>Deum</strong></span> <span class='ocrx_word' id='word_1_166' title='bbox 2799 1016 3017 1072; x_wconf 84' lang='lat' dir='ltr'><strong>semper</strong></span> <span class='ocrx_word' id='word_1_167' title='bbox 3050 1000 3218 1064; x_wconf 88' lang='lat' dir='ltr'><strong>videt,</strong></span> <span class='ocrx_word' id='word_1_168' title='bbox 3277 1015 3411 1053; x_wconf 85' lang='lat' dir='ltr'><strong>con-</strong></span> 
     </span>
    </p>
   </div>
   <div class='ocr_carea' id='block_1_25' title="bbox 1843 1089 3411 1161">
    <p class='ocr_par' dir='ltr' id='par_1_25' title="bbox 1843 1089 3411 1161">
     <span class='ocr_line' id='line_1_25' title="bbox 1843 1089 3411 1161; baseline 0 -19"><span class='ocrx_word' id='word_1_169' title='bbox 1843 1090 2121 1144; x_wconf 89' lang='lat' dir='ltr'><strong>venienter</strong></span> <span class='ocrx_word' id='word_1_170' title='bbox 2151 1089 2348 1142; x_wconf 84' lang='lat' dir='ltr'><strong>virium</strong></span> <span class='ocrx_word' id='word_1_171' title='bbox 2395 1090 2763 1159; x_wconf 88' lang='lat' dir='ltr'><strong>proportioni,</strong></span> <span class='ocrx_word' id='word_1_172' title='bbox 2805 1100 3066 1160; x_wconf 84' lang='lat' dir='ltr'><strong>quantum</strong></span> <span class='ocrx_word' id='word_1_173' title='bbox 3112 1097 3290 1161; x_wconf 84' lang='lat' dir='ltr'><strong>potest</strong></span> <span class='ocrx_word' id='word_1_174' title='bbox 3322 1104 3411 1142; x_wconf 82' lang='lat' dir='ltr'><strong>ca-</strong></span> 
     </span>
    </p>
   </div>
   <div class='ocr_carea' id='block_1_26' title="bbox 1843 1182 3412 1252">
    <p class='ocr_par' dir='ltr' id='par_1_26' title="bbox 1843 1182 3412 1252">
     <span class='ocr_line' id='line_1_26' title="bbox 1843 1182 3412 1252; baseline -0.001 -16"><span class='ocrx_word' id='word_1_175' title='bbox 1843 1196 1993 1251; x_wconf 88' lang='lat' dir='ltr'><strong>pere,</strong></span> <span class='ocrx_word' id='word_1_176' title='bbox 2030 1188 2237 1235; x_wconf 89' lang='lat' dir='ltr'><strong>tantum</strong></span> <span class='ocrx_word' id='word_1_177' title='bbox 2266 1182 2570 1250; x_wconf 86' lang='lat' dir='ltr'><strong>suscipiens</strong></span> <span class='ocrx_word' id='word_1_178' title='bbox 2610 1182 2779 1235; x_wconf 89' lang='lat' dir='ltr'><strong>animi</strong></span> <span class='ocrx_word' id='word_1_179' title='bbox 2822 1182 3151 1252; x_wconf 78' lang='lat' dir='ltr'><strong>cognitione.</strong></span> <span class='ocrx_word' id='word_1_180' title='bbox 3207 1182 3261 1237; x_wconf 88' lang='lat' dir='ltr'><strong>Id</strong></span> <span class='ocrx_word' id='word_1_181' title='bbox 3290 1183 3412 1252; x_wconf 85' lang='lat' dir='ltr'><strong>qni-</strong></span> 
     </span>
    </p>
   </div>
   <div class='ocr_carea' id='block_1_27' title="bbox 1843 1272 3411 1341">
    <p class='ocr_par' dir='ltr' id='par_1_27' title="bbox 1843 1272 3411 1341">
     <span class='ocr_line' id='line_1_27' title="bbox 1843 1272 3411 1341; baseline 0 -14"><span class='ocrx_word' id='word_1_182' title='bbox 1843 1272 1967 1328; x_wconf 91' lang='lat' dir='ltr'><strong>dem</strong></span> <span class='ocrx_word' id='word_1_183' title='bbox 1993 1280 2140 1327; x_wconf 90' lang='lat' dir='ltr'><strong>certe</strong></span> <span class='ocrx_word' id='word_1_184' title='bbox 2175 1272 2479 1327; x_wconf 84' lang='lat' dir='ltr'><strong>divinitatis</strong></span> <span class='ocrx_word' id='word_1_185' title='bbox 2513 1272 2659 1341; x_wconf 91' lang='lat' dir='ltr'><strong>quod</strong></span> <span class='ocrx_word' id='word_1_186' title='bbox 2706 1273 2942 1327; x_wconf 85' lang='lat' dir='ltr'><strong>termino</strong></span> <span class='ocrx_word' id='word_1_187' title='bbox 2995 1281 3167 1335; x_wconf 85' lang='lat' dir='ltr'><strong>caret.</strong></span> <span class='ocrx_word' id='word_1_188' title='bbox 3214 1282 3268 1328; x_wconf 91' lang='lat' dir='ltr'><strong>ct</strong></span> <span class='ocrx_word' id='word_1_189' title='bbox 3326 1282 3411 1329; x_wconf 86' lang='lat' dir='ltr'><strong>cst</strong></span> 
     </span>
    </p>
   </div>
   <div class='ocr_carea' id='block_1_28' title="bbox 1844 1362 3412 1434">
    <p class='ocr_par' dir='ltr' id='par_1_28' title="bbox 1844 1362 3412 1434">
     <span class='ocr_line' id='line_1_28' title="bbox 1844 1362 3412 1434; baseline 0.002 -16"><span class='ocrx_word' id='word_1_190' title='bbox 1844 1362 2417 1434; x_wconf 88' lang='lat' dir='ltr'><strong>incomprehensibile,</strong></span> <span class='ocrx_word' id='word_1_191' title='bbox 2474 1371 2658 1417; x_wconf 89' lang='lat' dir='ltr'><strong>manet</strong></span> <span class='ocrx_word' id='word_1_192' title='bbox 2726 1364 2867 1417; x_wconf 91' lang='lat' dir='ltr'><strong>ultra</strong></span> <span class='ocrx_word' id='word_1_193' title='bbox 2927 1377 3144 1417; x_wconf 91' lang='lat' dir='ltr'><strong>omnem</strong></span> <span class='ocrx_word' id='word_1_194' title='bbox 3214 1365 3412 1421; x_wconf 88' lang='lat' dir='ltr'><strong>mentis</strong></span> 
     </span>
    </p>
   </div>
   <div class='ocr_carea' id='block_1_29' title="bbox 1846 1456 3409 1529">
    <p class='ocr_par' dir='ltr' id='par_1_29' title="bbox 1846 1456 3409 1529">
     <span class='ocr_line' id='line_1_29' title="bbox 1846 1456 3409 1529; baseline 0.001 -19"><span class='ocrx_word' id='word_1_195' title='bbox 1846 1458 2278 1526; x_wconf 86' lang='lat' dir='ltr'><strong>conceptionem.</strong></span> <span class='ocrx_word' id='word_1_196' title='bbox 2318 1456 2378 1512; x_wconf 87' lang='lat' dir='ltr'><strong>Id</strong></span> <span class='ocrx_word' id='word_1_197' title='bbox 2419 1457 2601 1523; x_wconf 89' lang='lat' dir='ltr'><strong>enim,</strong></span> <span class='ocrx_word' id='word_1_198' title='bbox 2639 1458 2798 1526; x_wconf 87' lang='lat' dir='ltr'><strong>cujus</strong></span> <span class='ocrx_word' id='word_1_199' title='bbox 2853 1456 3263 1529; x_wconf 65' lang='lat' dir='ltr'><strong>magniﬁcentia:</strong></span> <span class='ocrx_word' id='word_1_200' title='bbox 3292 1459 3409 1527; x_wconf 81' lang='lat' dir='ltr'><strong>glo-</strong></span> 
     </span>
    </p>
   </div>
   <div class='ocr_carea' id='block_1_30' title="bbox 1846 1545 3413 1615">
    <p class='ocr_par' dir='ltr' id='par_1_30' title="bbox 1846 1545 3413 1615">
     <span class='ocr_line' id='line_1_30' title="bbox 1846 1545 3413 1615; baseline 0.002 -17"><span class='ocrx_word' id='word_1_201' title='bbox 1846 1545 1939 1599; x_wconf 64' lang='lat' dir='ltr'><strong>rias</strong></span> <span class='ocrx_word' id='word_1_202' title='bbox 1967 1561 2077 1601; x_wconf 93' lang='lat' dir='ltr'><strong>non</strong></span> <span class='ocrx_word' id='word_1_203' title='bbox 2127 1554 2215 1602; x_wconf 92' lang='lat' dir='ltr'><strong>est</strong></span> <span class='ocrx_word' id='word_1_204' title='bbox 2253 1545 2398 1612; x_wconf 83' lang='lat' dir='ltr'><strong>ﬁnis,</strong></span> <span class='ocrx_word' id='word_1_205' title='bbox 2438 1545 2581 1601; x_wconf 90' lang='lat' dir='ltr'><strong>sicut</strong></span> <span class='ocrx_word' id='word_1_206' title='bbox 2621 1554 2855 1602; x_wconf 85' lang='lat' dir='ltr'><strong>testatur</strong></span> <span class='ocrx_word' id='word_1_207' title='bbox 2894 1545 3168 1615; x_wconf 85' lang='lat' dir='ltr'><strong>Propheta</strong></span> <span class='ocrx_word' id='word_1_208' title='bbox 3191 1546 3257 1609; x_wconf 79' lang='lat'><strong>“,</strong></span> <span class='ocrx_word' id='word_1_209' title='bbox 3308 1546 3413 1601; x_wconf 84' lang='lat' dir='ltr'><strong>hoc</strong></span> 
     </span>
    </p>
   </div>
   <div class='ocr_carea' id='block_1_31' title="bbox 1843 1637 3415 1709">
    <p class='ocr_par' dir='ltr' id='par_1_31' title="bbox 1843 1637 3415 1709">
     <span class='ocr_line' id='line_1_31' title="bbox 1843 1637 3415 1709; baseline 0 -18"><span class='ocrx_word' id='word_1_210' title='bbox 1843 1638 2069 1693; x_wconf 89' lang='lat' dir='ltr'><strong>omnino</strong></span> <span class='ocrx_word' id='word_1_211' title='bbox 2100 1638 2352 1695; x_wconf 87' lang='lat' dir='ltr'><strong>similiter</strong></span> <span class='ocrx_word' id='word_1_212' title='bbox 2380 1654 2441 1695; x_wconf 88' lang='lat' dir='ltr'><strong>se</strong></span> <span class='ocrx_word' id='word_1_213' title='bbox 2501 1638 2661 1694; x_wconf 87' lang='lat' dir='ltr'><strong>habet</strong></span> <span class='ocrx_word' id='word_1_214' title='bbox 2694 1648 2954 1709; x_wconf 84' lang='lat' dir='ltr'><strong>perpetuo</strong></span> <span class='ocrx_word' id='word_1_215' title='bbox 3004 1637 3415 1693; x_wconf 87' lang='lat' dir='ltr'><strong>consideratum</strong></span> 
     </span>
    </p>
   </div>
   <div class='ocr_carea' id='block_1_32' title="bbox 1846 1726 3413 1800">
    <p class='ocr_par' dir='ltr' id='par_1_32' title="bbox 1846 1726 3413 1800">
     <span class='ocr_line' id='line_1_32' title="bbox 1846 1726 3413 1800; baseline 0.001 -19"><span class='ocrx_word' id='word_1_216' title='bbox 1846 1726 1900 1782; x_wconf 90' lang='lat' dir='ltr'><strong>in</strong></span> <span class='ocrx_word' id='word_1_217' title='bbox 1933 1728 2120 1784; x_wconf 87' lang='lat' dir='ltr'><strong>eadem</strong></span> <span class='ocrx_word' id='word_1_218' title='bbox 2143 1729 2450 1786; x_wconf 88' lang='lat' dir='ltr'><strong>altitudine.</strong></span> <span class='ocrx_word' id='word_1_219' title='bbox 2485 1728 2767 1796; x_wconf 86' lang='lat' dir='ltr'><strong>Quomodo</strong></span> <span class='ocrx_word' id='word_1_220' title='bbox 2795 1730 2959 1786; x_wconf 89' lang='lat' dir='ltr'><strong>etiam</strong></span> <span class='ocrx_word' id='word_1_221' title='bbox 2987 1745 3219 1800; x_wconf 77' lang='lat' dir='ltr'><strong>magnus</strong></span> <span class='ocrx_word' id='word_1_222' title='bbox 3247 1729 3413 1783; x_wconf 85' lang='lat' dir='ltr'><strong>David</strong></span> 
     </span>
    </p>
   </div>
   <div class='ocr_carea' id='block_1_33' title="bbox 1847 1820 3415 1892">
    <p class='ocr_par' dir='ltr' id='par_1_33' title="bbox 1847 1820 3415 1892">
     <span class='ocr_line' id='line_1_33' title="bbox 1847 1820 3415 1892; baseline 0.001 -18"><span class='ocrx_word' id='word_1_223' title='bbox 1847 1820 1903 1875; x_wconf 93' lang='lat' dir='ltr'><strong>in</strong></span> <span class='ocrx_word' id='word_1_224' title='bbox 1935 1820 2099 1875; x_wconf 89' lang='lat' dir='ltr'><strong>corde</strong></span> <span class='ocrx_word' id='word_1_225' title='bbox 2126 1821 2380 1890; x_wconf 88' lang='lat' dir='ltr'><strong>pulchras</strong></span> <span class='ocrx_word' id='word_1_226' title='bbox 2408 1821 2704 1892; x_wconf 89' lang='lat' dir='ltr'><strong>disponens</strong></span> <span class='ocrx_word' id='word_1_227' title='bbox 2733 1822 3103 1885; x_wconf 87' lang='lat' dir='ltr'><strong>ascensiones,</strong></span> <span class='ocrx_word' id='word_1_228' title='bbox 3142 1830 3198 1877; x_wconf 88' lang='lat' dir='ltr'><strong>et</strong></span> <span class='ocrx_word' id='word_1_229' title='bbox 3239 1837 3270 1875; x_wconf 88' lang='lat' dir='ltr'><strong>a</strong></span> <span class='ocrx_word' id='word_1_230' title='bbox 3304 1822 3415 1875; x_wconf 83' lang='lat' dir='ltr'><strong>vir-</strong></span> 
     </span>
    </p>
   </div>
   <div class='ocr_carea' id='block_1_34' title="bbox 179 1912 1756 1985">
    <p class='ocr_par' dir='ltr' id='par_1_34' title="bbox 179 1912 1749 1985">
     <span class='ocr_line' id='line_1_34' title="bbox 179 1912 1749 1985; baseline -0.001 -18"><span class='ocrx_word' id='word_1_231' title='bbox 179 1913 273 1967; x_wconf 78' lang='grc' dir='ltr'><strong>καὶ</strong></span> <span class='ocrx_word' id='word_1_232' title='bbox 302 1915 364 1966; x_wconf 81' lang='grc' dir='ltr'>ὲκ</span> <span class='ocrx_word' id='word_1_233' title='bbox 395 1912 677 1983; x_wconf 84' lang='grc' dir='ltr'>δυνάμεως</span> <span class='ocrx_word' id='word_1_234' title='bbox 700 1914 778 1977; x_wconf 89' lang='grc' dir='ltr'>εἰς</span> <span class='ocrx_word' id='word_1_235' title='bbox 810 1912 1037 1985; x_wconf 89' lang='grc' dir='ltr'>δύναμιν</span> <span class='ocrx_word' id='word_1_236' title='bbox 1064 1914 1152 1968; x_wconf 68' lang='grc' dir='ltr'><strong>ἀεὶ</strong></span> <span class='ocrx_word' id='word_1_237' title='bbox 1185 1914 1565 1985; x_wconf 83' lang='grc' dir='ltr'>πορευόμενος,</span> <span class='ocrx_word' id='word_1_238' title='bbox 1590 1913 1749 1967; x_wconf 85' lang='grc' dir='ltr'>τοῦτο</span> 
     </span>
    </p>
   </div>
   <div class='ocr_carea' id='block_1_35' title="bbox 1860 1912 3414 1985">
    <p class='ocr_par' dir='ltr' id='par_1_35' title="bbox 1860 1913 3414 1979">
     <span class='ocr_line' id='line_1_35' title="bbox 1860 1913 3414 1979; baseline 0.001 -13"><span class='ocrx_word' id='word_1_239' title='bbox 1860 1920 1968 1968; x_wconf 73' lang='lat' dir='ltr'><strong>tute</strong></span> <span class='ocrx_word' id='word_1_240' title='bbox 2004 1914 2293 1971; x_wconf 86' lang='lat' dir='ltr'><strong>ambulans</strong></span> <span class='ocrx_word' id='word_1_241' title='bbox 2316 1915 2370 1969; x_wconf 93' lang='lat' dir='ltr'><strong>in</strong></span> <span class='ocrx_word' id='word_1_242' title='bbox 2398 1914 2655 1969; x_wconf 85' lang='lat' dir='ltr'><strong>virtutem</strong></span> <span class='ocrx_word' id='word_1_243' title='bbox 2676 1915 2744 1979; x_wconf 80' lang='grc'><strong>⁸⁸,</strong></span> <span class='ocrx_word' id='word_1_244' title='bbox 2781 1915 2884 1970; x_wconf 88' lang='lat' dir='ltr'><strong>hoc</strong></span> <span class='ocrx_word' id='word_1_245' title='bbox 2920 1914 2987 1969; x_wconf 91' lang='lat' dir='ltr'><strong>ad</strong></span> <span class='ocrx_word' id='word_1_246' title='bbox 3028 1913 3198 1969; x_wconf 88' lang='lat' dir='ltr'><strong>Deum</strong></span> <span class='ocrx_word' id='word_1_247' title='bbox 3226 1917 3414 1969; x_wconf 80' lang='lat' dir='ltr'><strong>excla-</strong></span> 
     </span>
    </p>
   </div>
   <div class='ocr_carea' id='block_1_36' title="bbox 181 2001 1751 2074">
    <p class='ocr_par' dir='ltr' id='par_1_36' title="bbox 181 2001 1751 2074">
     <span class='ocr_line' id='line_1_36' title="bbox 181 2001 1751 2074; baseline 0.001 -19"><span class='ocrx_word' id='word_1_248' title='bbox 181 2004 315 2074; x_wconf 84' lang='grc' dir='ltr'>πρὸς</span> <span class='ocrx_word' id='word_1_249' title='bbox 343 2003 433 2056; x_wconf 86' lang='grc' dir='ltr'>τὸν</span> <span class='ocrx_word' id='word_1_250' title='bbox 462 2002 593 2056; x_wconf 78' lang='grc' dir='ltr'>Θεὸν</span> <span class='ocrx_word' id='word_1_251' title='bbox 621 2001 881 2074; x_wconf 91' lang='grc' dir='ltr'>ἀνεϐόησε</span> <span class='ocrx_word' id='word_1_252' title='bbox 901 2017 916 2032; x_wconf 81' lang='lat'><strong><em>°</em></strong></span> <span class='ocrx_word' id='word_1_253' title='bbox 937 2002 1020 2061; x_wconf 77' lang='grc' dir='ltr'><strong>τὸ,</strong></span> <span class='ocrx_word' id='word_1_254' title='bbox 1031 2004 1112 2057; x_wconf 87' lang='grc' dir='ltr'><strong>Σὺ</strong></span> <span class='ocrx_word' id='word_1_255' title='bbox 1142 2002 1209 2056; x_wconf 80' lang='grc' dir='ltr'>δὲ</span> <span class='ocrx_word' id='word_1_256' title='bbox 1245 2004 1503 2072; x_wconf 74' lang='grc' dir='ltr'>ὕψιστος</span> <span class='ocrx_word' id='word_1_257' title='bbox 1534 2005 1621 2067; x_wconf 82' lang='grc' dir='ltr'><strong>είς</strong></span> <span class='ocrx_word' id='word_1_258' title='bbox 1642 2004 1751 2056; x_wconf 87' lang='grc' dir='ltr'>τὸν</span> 
     </span>
    </p>
   </div>
   <div class='ocr_carea' id='block_1_37' title="bbox 180 2086 1751 2166">
    <p class='ocr_par' dir='ltr' id='par_1_37' title="bbox 180 2086 1751 2166">
     <span class='ocr_line' id='line_1_37' title="bbox 180 2086 1751 2166; baseline -0.001 -17"><span class='ocrx_word' id='word_1_259' title='bbox 180 2093 385 2159; x_wconf 70' lang='grc' dir='ltr'>αἰῶνα,</span> <span class='ocrx_word' id='word_1_260' title='bbox 419 2093 628 2161; x_wconf 75' lang='grc' dir='ltr'>Κύριεο</span> <span class='ocrx_word' id='word_1_261' title='bbox 666 2092 839 2156; x_wconf 86' lang='grc' dir='ltr'>τοῦτο,</span> <span class='ocrx_word' id='word_1_262' title='bbox 877 2086 1050 2164; x_wconf 75' lang='grc' dir='ltr'>οἶμαι.</span> <span class='ocrx_word' id='word_1_263' title='bbox 1084 2092 1174 2147; x_wconf 89' lang='grc' dir='ltr'><strong>διά</strong></span> <span class='ocrx_word' id='word_1_264' title='bbox 1208 2094 1309 2164; x_wconf 81' lang='grc' dir='ltr'>τῆς</span> <span class='ocrx_word' id='word_1_265' title='bbox 1338 2096 1518 2166; x_wconf 82' lang='grc' dir='ltr'>φωνῆς</span> <span class='ocrx_word' id='word_1_266' title='bbox 1550 2094 1751 2165; x_wconf 89' lang='grc' dir='ltr'>ταύτης</span> 
     </span>
    </p>
   </div>
   <div class='ocr_carea' id='block_1_38' title="bbox 186 2184 1751 2258">
    <p class='ocr_par' dir='ltr' id='par_1_38' title="bbox 186 2184 1751 2258">
     <span class='ocr_line' id='line_1_38' title="bbox 186 2184 1751 2258; baseline 0 -19"><span class='ocrx_word' id='word_1_267' title='bbox 186 2186 480 2258; x_wconf 83' lang='grc' dir='ltr'>σημαίνων,</span> <span class='ocrx_word' id='word_1_268' title='bbox 510 2185 593 2238; x_wconf 86' lang='grc' dir='ltr'>ὅτι</span> <span class='ocrx_word' id='word_1_269' title='bbox 622 2185 678 2236; x_wconf 79' lang='grc' dir='ltr'>ὲν</span> <span class='ocrx_word' id='word_1_270' title='bbox 717 2184 864 2256; x_wconf 78' lang='grc' dir='ltr'>πάσῃ</span> <span class='ocrx_word' id='word_1_271' title='bbox 889 2186 955 2254; x_wconf 78' lang='grc' dir='ltr'>τῇ</span> <span class='ocrx_word' id='word_1_272' title='bbox 989 2184 1342 2256; x_wconf 82' lang='grc' dir='ltr'>ἀτελευτήτου</span> <span class='ocrx_word' id='word_1_273' title='bbox 1372 2186 1565 2250; x_wconf 77' lang='grc' dir='ltr'>αἰῶνος</span> <span class='ocrx_word' id='word_1_274' title='bbox 1588 2185 1751 2239; x_wconf 86' lang='grc' dir='ltr'>ἀῐδιό-</span> 
     </span>
    </p>
   </div>
   <div class='ocr_carea' id='block_1_39' title="bbox 183 2274 1749 2347">
    <p class='ocr_par' dir='ltr' id='par_1_39' title="bbox 183 2274 1749 2347">
     <span class='ocr_line' id='line_1_39' title="bbox 183 2274 1749 2347; baseline 0 -17"><span class='ocrx_word' id='word_1_275' title='bbox 183 2294 325 2347; x_wconf 88' lang='grc' dir='ltr'>τητι,</span> <span class='ocrx_word' id='word_1_276' title='bbox 354 2277 384 2329; x_wconf 84' lang='grc' dir='ltr'><strong>ὁ</strong></span> <span class='ocrx_word' id='word_1_277' title='bbox 426 2276 524 2346; x_wconf 88' lang='grc' dir='ltr'>μὲν</span> <span class='ocrx_word' id='word_1_278' title='bbox 572 2274 708 2345; x_wconf 76' lang='grc' dir='ltr'>πρὸς</span> <span class='ocrx_word' id='word_1_279' title='bbox 746 2275 806 2328; x_wconf 75' lang='grc' dir='ltr'>σὲ</span> <span class='ocrx_word' id='word_1_280' title='bbox 832 2276 1040 2347; x_wconf 84' lang='grc' dir='ltr'>τρέχων</span> <span class='ocrx_word' id='word_1_281' title='bbox 1067 2276 1259 2329; x_wconf 80' lang='grc' dir='ltr'>ἑαυτοῦ</span> <span class='ocrx_word' id='word_1_282' title='bbox 1292 2275 1490 2347; x_wconf 78' lang='grc' dir='ltr'>μείζων</span> <span class='ocrx_word' id='word_1_283' title='bbox 1521 2276 1749 2330; x_wconf 79' lang='grc' dir='ltr'>πάντοτε</span> 
     </span>
    </p>
   </div>
   <div class='ocr_carea' id='block_1_40' title="bbox 184 2367 1748 2439">
    <p class='ocr_par' dir='ltr' id='par_1_40' title="bbox 184 2367 1748 2439">
     <span class='ocr_line' id='line_1_40' title="bbox 184 2367 1748 2439; baseline -0.001 -16"><span class='ocrx_word' id='word_1_284' title='bbox 184 2369 275 2425; x_wconf 81' lang='grc' dir='ltr'><strong>καὶ</strong></span> <span class='ocrx_word' id='word_1_285' title='bbox 302 2367 573 2438; x_wconf 86' lang='grc' dir='ltr'>ἀνώτερος</span> <span class='ocrx_word' id='word_1_286' title='bbox 602 2367 831 2437; x_wconf 90' lang='grc' dir='ltr'>γίνεται,</span> <span class='ocrx_word' id='word_1_287' title='bbox 867 2368 955 2422; x_wconf 77' lang='grc' dir='ltr'><strong>ἀεὶ</strong></span> <span class='ocrx_word' id='word_1_288' title='bbox 984 2367 1071 2421; x_wconf 83' lang='grc' dir='ltr'><strong>διά</strong></span> <span class='ocrx_word' id='word_1_289' title='bbox 1106 2368 1206 2439; x_wconf 82' lang='grc' dir='ltr'>τῆς</span> <span class='ocrx_word' id='word_1_290' title='bbox 1232 2368 1339 2421; x_wconf 90' lang='grc' dir='ltr'><strong>τῶν</strong></span> <span class='ocrx_word' id='word_1_291' title='bbox 1373 2368 1592 2438; x_wconf 82' lang='grc' dir='ltr'>ἀγαθῶν</span> <span class='ocrx_word' id='word_1_292' title='bbox 1616 2370 1748 2422; x_wconf 88' lang='grc' dir='ltr'>ἀνα-</span> 
     </span>
    </p>
   </div>
   <div class='ocr_carea' id='block_1_41' title="bbox 183 2456 1755 2531">
    <p class='ocr_par' dir='ltr' id='par_1_41' title="bbox 183 2456 1755 2531">
     <span class='ocr_line' id='line_1_41' title="bbox 183 2456 1755 2531; baseline 0 -18"><span class='ocrx_word' id='word_1_293' title='bbox 183 2460 392 2523; x_wconf 74' lang='grc' dir='ltr'>ϐάσεως</span> <span class='ocrx_word' id='word_1_294' title='bbox 442 2459 718 2529; x_wconf 86' lang='grc' dir='ltr'>ἀναλόγως</span> <span class='ocrx_word' id='word_1_295' title='bbox 764 2459 1143 2531; x_wconf 80' lang='grc' dir='ltr'>αὐξανόμενος.</span> <span class='ocrx_word' id='word_1_296' title='bbox 1198 2460 1268 2513; x_wconf 80' lang='grc' dir='ltr'><strong>Σὺ</strong></span> <span class='ocrx_word' id='word_1_297' title='bbox 1319 2460 1376 2513; x_wconf 83' lang='grc' dir='ltr'>δὲ</span> <span class='ocrx_word' id='word_1_298' title='bbox 1426 2462 1456 2513; x_wconf 93' lang='lat'><strong>6</strong></span> <span class='ocrx_word' id='word_1_299' title='bbox 1504 2461 1664 2522; x_wconf 79' lang='grc' dir='ltr'>αὐτὸς</span> <span class='ocrx_word' id='word_1_300' title='bbox 1702 2456 1755 2513; x_wconf 79' lang='grc' dir='ltr'><strong>εἴ</strong></span> 
     </span>
    </p>
   </div>
   <div class='ocr_carea' id='block_1_42' title="bbox 184 2547 1753 2623">
    <p class='ocr_par' dir='ltr' id='par_1_42' title="bbox 184 2547 1753 2623">
     <span class='ocr_line' id='line_1_42' title="bbox 184 2547 1753 2623; baseline -0.003 -17"><span class='ocrx_word' id='word_1_301' title='bbox 184 2552 425 2623; x_wconf 78' lang='grc' dir='ltr'>ὕψιστος,</span> <span class='ocrx_word' id='word_1_302' title='bbox 456 2553 535 2615; x_wconf 90' lang='grc' dir='ltr'><strong>είς</strong></span> <span class='ocrx_word' id='word_1_303' title='bbox 577 2551 669 2605; x_wconf 83' lang='grc' dir='ltr'>τὸν</span> <span class='ocrx_word' id='word_1_304' title='bbox 702 2550 873 2606; x_wconf 76' lang='grc' dir='ltr'>αἰῶνα</span> <span class='ocrx_word' id='word_1_305' title='bbox 903 2553 1099 2622; x_wconf 89' lang='grc' dir='ltr'>μένων,</span> <span class='ocrx_word' id='word_1_306' title='bbox 1128 2550 1376 2604; x_wconf 76' lang='grc' dir='ltr'>οὐδέποτε</span> <span class='ocrx_word' id='word_1_307' title='bbox 1407 2547 1753 2621; x_wconf 84' lang='grc' dir='ltr'>χθαμαλώτε-</span> 
     </span>
    </p>
   </div>
   <div class='ocr_carea' id='block_1_43' title="bbox 188 2640 1753 2716">
    <p class='ocr_par' dir='ltr' id='par_1_43' title="bbox 188 2640 1753 2716">
     <span class='ocr_line' id='line_1_43' title="bbox 188 2640 1753 2716; baseline -0.002 -19"><span class='ocrx_word' id='word_1_308' title='bbox 188 2662 276 2716; x_wconf 80' lang='grc' dir='ltr'><strong>ρος</strong></span> <span class='ocrx_word' id='word_1_309' title='bbox 321 2647 434 2709; x_wconf 83' lang='grc' dir='ltr'>τοῖς</span> <span class='ocrx_word' id='word_1_310' title='bbox 486 2643 690 2698; x_wconf 82' lang='grc' dir='ltr'>ἀνιοῦσι</span> <span class='ocrx_word' id='word_1_311' title='bbox 742 2643 972 2713; x_wconf 86' lang='grc' dir='ltr'>φανῆναι</span> <span class='ocrx_word' id='word_1_312' title='bbox 1018 2643 1338 2713; x_wconf 80' lang='grc' dir='ltr'>δυνάμενος,</span> <span class='ocrx_word' id='word_1_313' title='bbox 1385 2641 1463 2711; x_wconf 84' lang='grc' dir='ltr'>τῷ</span> <span class='ocrx_word' id='word_1_314' title='bbox 1509 2640 1651 2695; x_wconf 87' lang='grc' dir='ltr'><strong>κατά</strong></span> <span class='ocrx_word' id='word_1_315' title='bbox 1693 2641 1753 2694; x_wconf 83' lang='grc' dir='ltr'><strong>τὸ</strong></span> 
     </span>
    </p>
   </div>
   <div class='ocr_carea' id='block_1_44' title="bbox 186 2730 1753 2809">
    <p class='ocr_par' dir='ltr' id='par_1_44' title="bbox 186 2730 1753 2809">
     <span class='ocr_line' id='line_1_44' title="bbox 186 2730 1753 2809; baseline -0.004 -17"><span class='ocrx_word' id='word_1_316' title='bbox 186 2739 298 2793; x_wconf 77' lang='grc' dir='ltr'>[σον</span> <span class='ocrx_word' id='word_1_317' title='bbox 324 2737 592 2809; x_wconf 89' lang='grc' dir='ltr'>ἀνώτερος</span> <span class='ocrx_word' id='word_1_318' title='bbox 622 2737 850 2790; x_wconf 83' lang='grc' dir='ltr'>πάντοτε</span> <span class='ocrx_word' id='word_1_319' title='bbox 877 2737 969 2790; x_wconf 76' lang='grc' dir='ltr'><strong>καὶ</strong></span> <span class='ocrx_word' id='word_1_320' title='bbox 995 2736 1323 2807; x_wconf 79' lang='grc' dir='ltr'>ὑψηλότερος</span> <span class='ocrx_word' id='word_1_321' title='bbox 1352 2730 1490 2788; x_wconf 78' lang='grc' dir='ltr'>εἷναι</span> <span class='ocrx_word' id='word_1_322' title='bbox 1520 2734 1618 2805; x_wconf 76' lang='grc' dir='ltr'>τῆς</span> <span class='ocrx_word' id='word_1_323' title='bbox 1645 2732 1753 2786; x_wconf 88' lang='grc' dir='ltr'>τῶν</span> 
     </span>
    </p>
   </div>
   <div class='ocr_carea' id='block_1_45' title="bbox 187 2824 1754 2900">
    <p class='ocr_par' dir='ltr' id='par_1_45' title="bbox 187 2824 1754 2900">
     <span class='ocr_line' id='line_1_45' title="bbox 187 2824 1754 2900; baseline -0.004 -17"><span class='ocrx_word' id='word_1_324' title='bbox 187 2828 501 2900; x_wconf 75' lang='grc' dir='ltr'>ύψουμένων</span> <span class='ocrx_word' id='word_1_325' title='bbox 529 2828 829 2899; x_wconf 83' lang='grc' dir='ltr'>δυνάμεως.</span> <span class='ocrx_word' id='word_1_326' title='bbox 858 2826 1042 2881; x_wconf 86' lang='grc' dir='ltr'>Ταῦτα</span> <span class='ocrx_word' id='word_1_327' title='bbox 1062 2826 1235 2880; x_wconf 88' lang='grc' dir='ltr'>τοίνυν</span> <span class='ocrx_word' id='word_1_328' title='bbox 1261 2827 1389 2897; x_wconf 72' lang='grc' dir='ltr'>περὶ</span> <span class='ocrx_word' id='word_1_329' title='bbox 1420 2826 1517 2895; x_wconf 87' lang='grc' dir='ltr'><strong>τῆς</strong></span> <span class='ocrx_word' id='word_1_330' title='bbox 1543 2824 1754 2894; x_wconf 90' lang='grc' dir='ltr'>φύσεως</span> 
     </span>
    </p>
   </div>
   <div class='ocr_carea' id='block_1_46' title="bbox 184 2917 1755 2991">
    <p class='ocr_par' dir='ltr' id='par_1_46' title="bbox 184 2917 1755 2991">
     <span class='ocr_line' id='line_1_46' title="bbox 184 2917 1755 2991; baseline -0.002 -18"><span class='ocrx_word' id='word_1_331' title='bbox 184 2920 292 2973; x_wconf 88' lang='grc' dir='ltr'><strong>τῶν</strong></span> <span class='ocrx_word' id='word_1_332' title='bbox 326 2921 620 2991; x_wconf 83' lang='grc' dir='ltr'>ἀφράστων</span> <span class='ocrx_word' id='word_1_333' title='bbox 656 2919 877 2988; x_wconf 81' lang='grc' dir='ltr'>ἀγαθῶν</span> <span class='ocrx_word' id='word_1_334' title='bbox 921 2919 1267 2989; x_wconf 77' lang='grc' dir='ltr'>δογματίζειν</span> <span class='ocrx_word' id='word_1_335' title='bbox 1312 2919 1400 2972; x_wconf 81' lang='grc' dir='ltr'><strong>τὸν</strong></span> <span class='ocrx_word' id='word_1_336' title='bbox 1441 2917 1755 2971; x_wconf 83' lang='grc' dir='ltr'>Ἀπόστολον</span> 
     </span>
    </p>
   </div>
   <div class='ocr_carea' id='block_1_47' title="bbox 187 3007 1754 3081">
    <p class='ocr_par' dir='ltr' id='par_1_47' title="bbox 187 3007 1754 3081">
     <span class='ocr_line' id='line_1_47' title="bbox 187 3007 1754 3081; baseline -0.003 -16"><span class='ocrx_word' id='word_1_337' title='bbox 187 3010 567 3081; x_wconf 79' lang='grc' dir='ltr'>ὑπειλήφαμεν</span> <span class='ocrx_word' id='word_1_338' title='bbox 605 3011 852 3079; x_wconf 90' lang='grc' dir='ltr'>λέγοντα,</span> <span class='ocrx_word' id='word_1_339' title='bbox 885 3011 967 3064; x_wconf 82' lang='grc' dir='ltr'>ὅτι</span> <span class='ocrx_word' id='word_1_340' title='bbox 1011 3011 1074 3064; x_wconf 84' lang='grc' dir='ltr'>τὸ</span> <span class='ocrx_word' id='word_1_341' title='bbox 1117 3010 1319 3079; x_wconf 81' lang='grc' dir='ltr'>ἀγαθὸν</span> <span class='ocrx_word' id='word_1_342' title='bbox 1349 3011 1523 3063; x_wconf 80' lang='grc' dir='ltr'>ἐκεῖνο</span> <span class='ocrx_word' id='word_1_343' title='bbox 1549 3007 1754 3077; x_wconf 85' lang='grc' dir='ltr'>ὀφθαλ-</span> 
     </span>
    </p>
   </div>
   <div class='ocr_carea' id='block_1_48' title="bbox 189 3098 1755 3173">
    <p class='ocr_par' dir='ltr' id='par_1_48' title="bbox 189 3098 1755 3173">
     <span class='ocr_line' id='line_1_48' title="bbox 189 3098 1755 3173; baseline -0.001 -18"><span class='ocrx_word' id='word_1_344' title='bbox 189 3102 289 3173; x_wconf 84' lang='grc' dir='ltr'><strong>μὸς</strong></span> <span class='ocrx_word' id='word_1_345' title='bbox 317 3103 417 3155; x_wconf 82' lang='grc' dir='ltr'>οὐκ</span> <span class='ocrx_word' id='word_1_346' title='bbox 444 3098 571 3161; x_wconf 77' lang='grc' dir='ltr'>οἶδε.</span> <span class='ocrx_word' id='word_1_347' title='bbox 601 3102 705 3157; x_wconf 81' lang='grc' dir='ltr'>κᾶν</span> <span class='ocrx_word' id='word_1_348' title='bbox 734 3103 821 3156; x_wconf 74' lang='grc' dir='ltr'>ἀεὶ</span> <span class='ocrx_word' id='word_1_349' title='bbox 854 3101 1043 3173; x_wconf 77' lang='grc' dir='ltr'>βλέπῃ.</span> <span class='ocrx_word' id='word_1_350' title='bbox 1077 3101 1151 3155; x_wconf 83' lang='grc' dir='ltr'><strong>Οὐ</strong></span> <span class='ocrx_word' id='word_1_351' title='bbox 1198 3101 1305 3173; x_wconf 92' lang='grc' dir='ltr'><strong>γάρ</strong></span> <span class='ocrx_word' id='word_1_352' title='bbox 1336 3101 1458 3154; x_wconf 79' lang='grc' dir='ltr'>ὅσον</span> <span class='ocrx_word' id='word_1_353' title='bbox 1494 3100 1611 3152; x_wconf 77' lang='grc' dir='ltr'>ἐστὶ</span> <span class='ocrx_word' id='word_1_354' title='bbox 1636 3099 1755 3169; x_wconf 86' lang='grc' dir='ltr'>βλέ-</span> 
     </span>
    </p>
   </div>
   <div class='ocr_carea' id='block_1_49' title="bbox 188 3189 1749 3262">
    <p class='ocr_par' dir='ltr' id='par_1_49' title="bbox 188 3189 1749 3262">
     <span class='ocr_line' id='line_1_49' title="bbox 188 3189 1749 3262; baseline -0.002 -16"><span class='ocrx_word' id='word_1_355' title='bbox 188 3210 301 3253; x_wconf 85' lang='grc' dir='ltr'>πει,</span> <span class='ocrx_word' id='word_1_356' title='bbox 333 3192 447 3245; x_wconf 86' lang='grc' dir='ltr'>ἀλλ’</span> <span class='ocrx_word' id='word_1_357' title='bbox 484 3194 606 3246; x_wconf 80' lang='grc' dir='ltr'>ὅσον</span> <span class='ocrx_word' id='word_1_358' title='bbox 638 3191 717 3262; x_wconf 85' lang='grc' dir='ltr'>τῷ</span> <span class='ocrx_word' id='word_1_359' title='bbox 765 3190 1027 3262; x_wconf 84' lang='grc' dir='ltr'>ὀφθαλμῷ</span> <span class='ocrx_word' id='word_1_360' title='bbox 1058 3191 1280 3244; x_wconf 87' lang='grc' dir='ltr'>δυνατόν</span> <span class='ocrx_word' id='word_1_361' title='bbox 1327 3191 1443 3243; x_wconf 80' lang='grc' dir='ltr'>ἐστι</span> <span class='ocrx_word' id='word_1_362' title='bbox 1478 3189 1749 3254; x_wconf 69' lang='grc' dir='ltr'>δέξασθαι.</span> 
     </span>
    </p>
   </div>
   <div class='ocr_carea' id='block_1_50' title="bbox 1848 2005 3416 2067">
    <p class='ocr_par' dir='ltr' id='par_1_50' title="bbox 1848 2005 3416 2067">
     <span class='ocr_line' id='line_1_50' title="bbox 1848 2005 3416 2067; baseline -0.001 -9"><span class='ocrx_word' id='word_1_363' title='bbox 1848 2005 2163 2062; x_wconf 76' lang='lat' dir='ltr'><strong>mavit:1&#39;u</strong></span> <span class='ocrx_word' id='word_1_364' title='bbox 2214 2018 2386 2063; x_wconf 82' lang='lat' dir='ltr'><strong>autem</strong></span> <span class='ocrx_word' id='word_1_365' title='bbox 2442 2009 2725 2064; x_wconf 86' lang='lat' dir='ltr'><strong>altissimus</strong></span> <span class='ocrx_word' id='word_1_366' title='bbox 2774 2009 2828 2063; x_wconf 92' lang='lat' dir='ltr'><strong>in</strong></span> <span class='ocrx_word' id='word_1_367' title='bbox 2877 2016 3125 2063; x_wconf 69' lang='lat' dir='ltr'><strong>internum</strong></span> <span class='ocrx_word' id='word_1_368' title='bbox 3180 2023 3250 2067; x_wconf 87' lang='lat' dir='ltr'><strong>es,</strong></span> <span class='ocrx_word' id='word_1_369' title='bbox 3309 2006 3416 2058; x_wconf 82' lang='lat' dir='ltr'><strong>Do-</strong></span> 
     </span>
    </p>
   </div>
   <div class='ocr_carea' id='block_1_51' title="bbox 1845 2092 3414 2165">
    <p class='ocr_par' dir='ltr' id='par_1_51' title="bbox 1845 2092 3414 2165">
     <span class='ocr_line' id='line_1_51' title="bbox 1845 2092 3414 2165; baseline -0.001 -15"><span class='ocrx_word' id='word_1_370' title='bbox 1845 2097 2019 2150; x_wconf 89' lang='lat' dir='ltr'><strong>mine:</strong></span> <span class='ocrx_word' id='word_1_371' title='bbox 2072 2107 2171 2165; x_wconf 91' lang='lat' dir='ltr'><strong>per</strong></span> <span class='ocrx_word' id='word_1_372' title='bbox 2198 2093 2339 2149; x_wconf 88' lang='lat' dir='ltr'><strong>hanc</strong></span> <span class='ocrx_word' id='word_1_373' title='bbox 2366 2109 2574 2159; x_wconf 90' lang='lat' dir='ltr'><strong>vocem,</strong></span> <span class='ocrx_word' id='word_1_374' title='bbox 2607 2102 2668 2149; x_wconf 93' lang='lat' dir='ltr'><strong>ut</strong></span> <span class='ocrx_word' id='word_1_375' title='bbox 2694 2092 2949 2160; x_wconf 87' lang='lat' dir='ltr'><strong>arbitror,</strong></span> <span class='ocrx_word' id='word_1_376' title='bbox 2985 2092 3321 2165; x_wconf 81' lang='lat' dir='ltr'><strong>signiﬁcans,</strong></span> <span class='ocrx_word' id='word_1_377' title='bbox 3359 2095 3414 2148; x_wconf 87' lang='lat' dir='ltr'><strong>in</strong></span> 
     </span>
    </p>
   </div>
   <div class='ocr_carea' id='block_1_52' title="bbox 1849 2182 3413 2255">
    <p class='ocr_par' dir='ltr' id='par_1_52' title="bbox 1849 2182 3413 2255">
     <span class='ocr_line' id='line_1_52' title="bbox 1849 2182 3413 2255; baseline 0.002 -19"><span class='ocrx_word' id='word_1_378' title='bbox 1849 2182 2104 2239; x_wconf 88' lang='lat' dir='ltr'><strong>universa</strong></span> <span class='ocrx_word' id='word_1_379' title='bbox 2130 2184 2316 2240; x_wconf 62' lang='lat' dir='ltr'><strong>saeculi</strong></span> <span class='ocrx_word' id='word_1_380' title='bbox 2350 2183 2495 2255; x_wconf 92' lang='lat' dir='ltr'><strong>quod</strong></span> <span class='ocrx_word' id='word_1_381' title='bbox 2525 2198 2807 2254; x_wconf 86' lang='lat' dir='ltr'><strong>nunquam</strong></span> <span class='ocrx_word' id='word_1_382' title='bbox 2845 2184 3045 2241; x_wconf 86' lang='lat' dir='ltr'><strong>desinit</strong></span> <span class='ocrx_word' id='word_1_383' title='bbox 3091 2186 3413 2247; x_wconf 65' lang='lat' dir='ltr'><strong>aeternitate,</strong></span> 
     </span>
    </p>
   </div>
   <div class='ocr_carea' id='block_1_53' title="bbox 1850 2274 3416 2348">
    <p class='ocr_par' dir='ltr' id='par_1_53' title="bbox 1850 2274 3416 2348">
     <span class='ocr_line' id='line_1_53' title="bbox 1850 2274 3416 2348; baseline 0 -19"><span class='ocrx_word' id='word_1_384' title='bbox 1850 2275 1943 2344; x_wconf 87' lang='lat' dir='ltr'><strong>qui</strong></span> <span class='ocrx_word' id='word_1_385' title='bbox 1985 2275 2051 2331; x_wconf 88' lang='lat' dir='ltr'><strong>ad</strong></span> <span class='ocrx_word' id='word_1_386' title='bbox 2110 2283 2164 2331; x_wconf 89' lang='lat' dir='ltr'><strong>te</strong></span> <span class='ocrx_word' id='word_1_387' title='bbox 2190 2276 2408 2347; x_wconf 91' lang='lat' dir='ltr'><strong>quidem</strong></span> <span class='ocrx_word' id='word_1_388' title='bbox 2435 2274 2634 2343; x_wconf 89' lang='lat' dir='ltr'><strong>currit,</strong></span> <span class='ocrx_word' id='word_1_389' title='bbox 2662 2290 2883 2347; x_wconf 88' lang='lat' dir='ltr'><strong>semper</strong></span> <span class='ocrx_word' id='word_1_390' title='bbox 2912 2277 3096 2348; x_wconf 89' lang='lat' dir='ltr'><strong>seipso</strong></span> <span class='ocrx_word' id='word_1_391' title='bbox 3132 2276 3310 2347; x_wconf 84' lang='lat' dir='ltr'><strong>major</strong></span> <span class='ocrx_word' id='word_1_392' title='bbox 3357 2277 3416 2330; x_wconf 89' lang='lat' dir='ltr'><strong>ﬁt</strong></span> 
     </span>
    </p>
   </div>
   <div class='ocr_carea' id='block_1_54' title="bbox 1849 2364 3418 2436">
    <p class='ocr_par' dir='ltr' id='par_1_54' title="bbox 1849 2364 3418 2436">
     <span class='ocr_line' id='line_1_54' title="bbox 1849 2364 3418 2436; baseline 0 -16"><span class='ocrx_word' id='word_1_393' title='bbox 1849 2375 1903 2420; x_wconf 91' lang='lat' dir='ltr'><strong>et</strong></span> <span class='ocrx_word' id='word_1_394' title='bbox 1926 2364 2215 2430; x_wconf 80' lang='lat' dir='ltr'><strong>excelsior,</strong></span> <span class='ocrx_word' id='word_1_395' title='bbox 2246 2380 2343 2436; x_wconf 91' lang='lat' dir='ltr'><strong>per</strong></span> <span class='ocrx_word' id='word_1_396' title='bbox 2396 2367 2666 2422; x_wconf 87' lang='lat' dir='ltr'><strong>bonorum</strong></span> <span class='ocrx_word' id='word_1_397' title='bbox 2709 2380 2997 2422; x_wconf 88' lang='lat' dir='ltr'><strong>ascensum</strong></span> <span class='ocrx_word' id='word_1_398' title='bbox 3030 2366 3418 2421; x_wconf 87' lang='lat' dir='ltr'><strong>convenienter</strong></span> 
     </span>
    </p>
   </div>
   <div class='ocr_carea' id='block_1_55' title="bbox 1848 2456 3414 2528">
    <p class='ocr_par' dir='ltr' id='par_1_55' title="bbox 1848 2456 3414 2528">
     <span class='ocr_line' id='line_1_55' title="bbox 1848 2456 3414 2528; baseline -0.001 -16"><span class='ocrx_word' id='word_1_399' title='bbox 1848 2471 1961 2512; x_wconf 65' lang='lat' dir='ltr'><strong>suae</strong></span> <span class='ocrx_word' id='word_1_400' title='bbox 1993 2456 2328 2527; x_wconf 89' lang='lat' dir='ltr'><strong>proportioni</strong></span> <span class='ocrx_word' id='word_1_401' title='bbox 2371 2471 2588 2528; x_wconf 87' lang='lat' dir='ltr'><strong>semper</strong></span> <span class='ocrx_word' id='word_1_402' title='bbox 2618 2471 2897 2513; x_wconf 84' lang='lat' dir='ltr'><strong>crescens.</strong></span> <span class='ocrx_word' id='word_1_403' title='bbox 2946 2456 3031 2511; x_wconf 85' lang='lat' dir='ltr'><strong>Tu</strong></span> <span class='ocrx_word' id='word_1_404' title='bbox 3059 2464 3240 2513; x_wconf 89' lang='lat' dir='ltr'><strong>autem</strong></span> <span class='ocrx_word' id='word_1_405' title='bbox 3270 2456 3414 2511; x_wconf 86' lang='lat' dir='ltr'><strong>idem</strong></span> 
     </span>
    </p>
   </div>
   <div class='ocr_carea' id='block_1_56' title="bbox 1849 2549 3419 2621">
    <p class='ocr_par' dir='ltr' id='par_1_56' title="bbox 1849 2549 3419 2621">
     <span class='ocr_line' id='line_1_56' title="bbox 1849 2549 3419 2621; baseline 0.001 -16"><span class='ocrx_word' id='word_1_406' title='bbox 1849 2564 1911 2605; x_wconf 89' lang='lat' dir='ltr'><strong>es</strong></span> <span class='ocrx_word' id='word_1_407' title='bbox 1943 2549 2263 2617; x_wconf 91' lang='lat' dir='ltr'><strong>altissimus,</strong></span> <span class='ocrx_word' id='word_1_408' title='bbox 2325 2550 2383 2605; x_wconf 91' lang='lat' dir='ltr'><strong>in</strong></span> <span class='ocrx_word' id='word_1_409' title='bbox 2444 2558 2710 2606; x_wconf 76' lang='lat' dir='ltr'><strong>aeternum</strong></span> <span class='ocrx_word' id='word_1_410' title='bbox 2747 2565 2999 2615; x_wconf 87' lang='lat' dir='ltr'><strong>manens,</strong></span> <span class='ocrx_word' id='word_1_411' title='bbox 3048 2566 3227 2621; x_wconf 89' lang='lat' dir='ltr'><strong>neque</strong></span> <span class='ocrx_word' id='word_1_412' title='bbox 3264 2559 3419 2621; x_wconf 83' lang='lat' dir='ltr'><strong>potes</strong></span> 
     </span>
    </p>
   </div>
   <div class='ocr_carea' id='block_1_57' title="bbox 1851 2641 3419 2713">
    <p class='ocr_par' dir='ltr' id='par_1_57' title="bbox 1851 2641 3419 2713">
     <span class='ocr_line' id='line_1_57' title="bbox 1851 2641 3419 2713; baseline 0 -16"><span class='ocrx_word' id='word_1_413' title='bbox 1851 2641 1939 2698; x_wconf 89' lang='lat' dir='ltr'><strong>his</strong></span> <span class='ocrx_word' id='word_1_414' title='bbox 1994 2641 2090 2713; x_wconf 90' lang='lat' dir='ltr'><strong>qui</strong></span> <span class='ocrx_word' id='word_1_415' title='bbox 2141 2641 2447 2698; x_wconf 90' lang='lat' dir='ltr'><strong>ascendunt</strong></span> <span class='ocrx_word' id='word_1_416' title='bbox 2484 2642 2713 2698; x_wconf 84' lang='lat' dir='ltr'><strong>inferior</strong></span> <span class='ocrx_word' id='word_1_417' title='bbox 2744 2642 2938 2709; x_wconf 90' lang='lat' dir='ltr'><strong>videri,</strong></span> <span class='ocrx_word' id='word_1_418' title='bbox 2995 2656 3063 2697; x_wconf 91' lang='lat' dir='ltr'><strong>eo</strong></span> <span class='ocrx_word' id='word_1_419' title='bbox 3094 2642 3240 2712; x_wconf 88' lang='lat' dir='ltr'><strong>quod</strong></span> <span class='ocrx_word' id='word_1_420' title='bbox 3299 2643 3419 2713; x_wconf 91' lang='lat' dir='ltr'><strong>pari</strong></span> 
     </span>
    </p>
   </div>
   <div class='ocr_carea' id='block_1_58' title="bbox 1851 2733 3418 2804">
    <p class='ocr_par' dir='ltr' id='par_1_58' title="bbox 1851 2733 3418 2804">
     <span class='ocr_line' id='line_1_58' title="bbox 1851 2733 3418 2804; baseline 0.001 -18"><span class='ocrx_word' id='word_1_421' title='bbox 1851 2733 2062 2789; x_wconf 88' lang='lat' dir='ltr'><strong>ratione</strong></span> <span class='ocrx_word' id='word_1_422' title='bbox 2109 2747 2326 2804; x_wconf 87' lang='lat' dir='ltr'><strong>semper</strong></span> <span class='ocrx_word' id='word_1_423' title='bbox 2358 2734 2628 2789; x_wconf 81' lang='lat' dir='ltr'><strong>excelsior</strong></span> <span class='ocrx_word' id='word_1_424' title='bbox 2684 2735 2762 2789; x_wconf 91' lang='lat' dir='ltr'><strong>sis</strong></span> <span class='ocrx_word' id='word_1_425' title='bbox 2816 2747 3007 2789; x_wconf 91' lang='lat' dir='ltr'><strong>eorum</strong></span> <span class='ocrx_word' id='word_1_426' title='bbox 3044 2733 3267 2799; x_wconf 89' lang='lat' dir='ltr'><strong>virtute,</strong></span> <span class='ocrx_word' id='word_1_427' title='bbox 3324 2733 3418 2804; x_wconf 82' lang='lat' dir='ltr'><strong>qui</strong></span> 
     </span>
    </p>
   </div>
   <div class='ocr_carea' id='block_1_59' title="bbox 1852 2824 3426 2897">
    <p class='ocr_par' dir='ltr' id='par_1_59' title="bbox 1852 2824 3426 2897">
     <span class='ocr_line' id='line_1_59' title="bbox 1852 2824 3426 2897; baseline 0 -16"><span class='ocrx_word' id='word_1_428' title='bbox 1852 2826 2182 2881; x_wconf 82' lang='lat' dir='ltr'><strong>exaltantur.</strong></span> <span class='ocrx_word' id='word_1_429' title='bbox 2216 2824 2342 2881; x_wconf 67' lang='lat' dir='ltr'><strong>Haec</strong></span> <span class='ocrx_word' id='word_1_430' title='bbox 2370 2841 2501 2897; x_wconf 79' lang='lat' dir='ltr'><strong>ergo</strong></span> <span class='ocrx_word' id='word_1_431' title='bbox 2533 2826 2599 2883; x_wconf 88' lang='lat' dir='ltr'><strong>de</strong></span> <span class='ocrx_word' id='word_1_432' title='bbox 2625 2826 2978 2881; x_wconf 79' lang='lat' dir='ltr'><strong>ineﬁ‘abilium</strong></span> <span class='ocrx_word' id='word_1_433' title='bbox 3013 2825 3280 2880; x_wconf 90' lang='lat' dir='ltr'><strong>bonorum</strong></span> <span class='ocrx_word' id='word_1_434' title='bbox 3328 2841 3426 2881; x_wconf 86' lang='lat' dir='ltr'><strong>na-</strong></span> 
     </span>
    </p>
   </div>
   <div class='ocr_carea' id='block_1_60' title="bbox 1855 2917 3423 2989">
    <p class='ocr_par' dir='ltr' id='par_1_60' title="bbox 1855 2917 3423 2989">
     <span class='ocr_line' id='line_1_60' title="bbox 1855 2917 3423 2989; baseline 0.001 -18"><span class='ocrx_word' id='word_1_435' title='bbox 1855 2925 1977 2971; x_wconf 88' lang='lat' dir='ltr'><strong>tura</strong></span> <span class='ocrx_word' id='word_1_436' title='bbox 2023 2926 2263 2973; x_wconf 90' lang='lat' dir='ltr'><strong>slatuere</strong></span> <span class='ocrx_word' id='word_1_437' title='bbox 2311 2918 2691 2974; x_wconf 80' lang='lat' dir='ltr'><strong>existimamus</strong></span> <span class='ocrx_word' id='word_1_438' title='bbox 2748 2918 3067 2989; x_wconf 84' lang='lat' dir='ltr'><strong>Apostolum</strong></span> <span class='ocrx_word' id='word_1_439' title='bbox 3128 2917 3423 2983; x_wconf 87' lang='lat' dir='ltr'><strong>dicentem,</strong></span> 
     </span>
    </p>
   </div>
   <div class='ocr_carea' id='block_1_61' title="bbox 1855 3007 3427 3080">
    <p class='ocr_par' dir='ltr' id='par_1_61' title="bbox 1855 3007 3427 3080">
     <span class='ocr_line' id='line_1_61' title="bbox 1855 3007 3427 3080; baseline 0 -18"><span class='ocrx_word' id='word_1_440' title='bbox 1855 3008 2057 3063; x_wconf 88' lang='lat' dir='ltr'><strong>bonum</strong></span> <span class='ocrx_word' id='word_1_441' title='bbox 2094 3007 2227 3063; x_wconf 88' lang='lat' dir='ltr'><strong>illud</strong></span> <span class='ocrx_word' id='word_1_442' title='bbox 2262 3008 2409 3080; x_wconf 91' lang='lat' dir='ltr'><strong>quod</strong></span> <span class='ocrx_word' id='word_1_443' title='bbox 2448 3010 2640 3065; x_wconf 89' lang='lat' dir='ltr'><strong>oculus</strong></span> <span class='ocrx_word' id='word_1_444' title='bbox 2688 3024 2797 3064; x_wconf 91' lang='lat' dir='ltr'><strong>non</strong></span> <span class='ocrx_word' id='word_1_445' title='bbox 2841 3009 3015 3075; x_wconf 89' lang='lat' dir='ltr'><strong>vidit,</strong></span> <span class='ocrx_word' id='word_1_446' title='bbox 3043 3010 3255 3066; x_wconf 89' lang='lat' dir='ltr'><strong>etiamsi</strong></span> <span class='ocrx_word' id='word_1_447' title='bbox 3282 3025 3427 3066; x_wconf 64' lang='lat' dir='ltr'><strong>sein-</strong></span> 
     </span>
    </p>
   </div>
   <div class='ocr_carea' id='block_1_62' title="bbox 1854 3099 3425 3171">
    <p class='ocr_par' dir='ltr' id='par_1_62' title="bbox 1854 3099 3425 3171">
     <span class='ocr_line' id='line_1_62' title="bbox 1854 3099 3425 3171; baseline 0.001 -16"><span class='ocrx_word' id='word_1_448' title='bbox 1854 3114 1952 3169; x_wconf 88' lang='lat' dir='ltr'><strong>per</strong></span> <span class='ocrx_word' id='word_1_449' title='bbox 2002 3100 2205 3155; x_wconf 89' lang='lat' dir='ltr'><strong>videat.</strong></span> <span class='ocrx_word' id='word_1_450' title='bbox 2272 3099 2389 3155; x_wconf 83' lang='lat' dir='ltr'><strong>Non</strong></span> <span class='ocrx_word' id='word_1_451' title='bbox 2458 3100 2603 3155; x_wconf 89' lang='lat' dir='ltr'><strong>enim</strong></span> <span class='ocrx_word' id='word_1_452' title='bbox 2658 3101 2808 3156; x_wconf 83' lang='lat' dir='ltr'><strong>videt</strong></span> <span class='ocrx_word' id='word_1_453' title='bbox 2848 3111 3111 3171; x_wconf 91' lang='lat' dir='ltr'><strong>quantum</strong></span> <span class='ocrx_word' id='word_1_454' title='bbox 3171 3110 3278 3166; x_wconf 88' lang='lat' dir='ltr'><strong>est,</strong></span> <span class='ocrx_word' id='word_1_455' title='bbox 3327 3100 3425 3157; x_wconf 88' lang='lat' dir='ltr'><strong>sed</strong></span> 
     </span>
    </p>
   </div>
   <div class='ocr_carea' id='block_1_63' title="bbox 1856 3191 3428 3263">
    <p class='ocr_par' dir='ltr' id='par_1_63' title="bbox 1856 3191 3428 3263">
     <span class='ocr_line' id='line_1_63' title="bbox 1856 3191 3428 3263; baseline 0.001 -18"><span class='ocrx_word' id='word_1_456' title='bbox 1856 3200 2118 3263; x_wconf 90' lang='lat' dir='ltr'><strong>quantum</strong></span> <span class='ocrx_word' id='word_1_457' title='bbox 2143 3206 2338 3262; x_wconf 85' lang='lat' dir='ltr'><strong>capere</strong></span> <span class='ocrx_word' id='word_1_458' title='bbox 2367 3200 2546 3263; x_wconf 90' lang='lat' dir='ltr'><strong>potest</strong></span> <span class='ocrx_word' id='word_1_459' title='bbox 2577 3194 2788 3248; x_wconf 88' lang='lat' dir='ltr'><strong>oculus.</strong></span> <span class='ocrx_word' id='word_1_460' title='bbox 2822 3191 2888 3247; x_wconf 90' lang='lat' dir='ltr'><strong>Et</strong></span> <span class='ocrx_word' id='word_1_461' title='bbox 2916 3192 3067 3249; x_wconf 88' lang='lat' dir='ltr'><strong>auris</strong></span> <span class='ocrx_word' id='word_1_462' title='bbox 3102 3207 3213 3248; x_wconf 91' lang='lat' dir='ltr'><strong>non</strong></span> <span class='ocrx_word' id='word_1_463' title='bbox 3254 3193 3428 3248; x_wconf 77' lang='lat' dir='ltr'><strong>audi—</strong></span> 
     </span>
    </p>
   </div>
   <div class='ocr_carea' id='block_1_64' title="bbox 188 3278 1756 3355">
    <p class='ocr_par' dir='ltr' id='par_1_64' title="bbox 188 3278 1754 3355">
     <span class='ocr_line' id='line_1_64' title="bbox 188 3278 1754 3355; baseline 0.001 -20"><span class='ocrx_word' id='word_1_464' title='bbox 188 3283 298 3336; x_wconf 72' lang='grc' dir='ltr'><strong>Καὶ</strong></span> <span class='ocrx_word' id='word_1_465' title='bbox 325 3278 419 3347; x_wconf 82' lang='grc' dir='ltr'><strong>οὗς</strong></span> <span class='ocrx_word' id='word_1_466' title='bbox 444 3284 544 3337; x_wconf 82' lang='grc' dir='ltr'><strong>οὐκ</strong></span> <span class='ocrx_word' id='word_1_467' title='bbox 573 3285 793 3355; x_wconf 71' lang='grc' dir='ltr'>ἤκουσε,</span> <span class='ocrx_word' id='word_1_468' title='bbox 840 3283 962 3336; x_wconf 82' lang='grc' dir='ltr'>καθ’</span> <span class='ocrx_word' id='word_1_469' title='bbox 992 3283 1115 3336; x_wconf 80' lang='grc' dir='ltr'>ὅσον</span> <span class='ocrx_word' id='word_1_470' title='bbox 1154 3283 1270 3336; x_wconf 64' lang='grc' dir='ltr'>ἐστὶ</span> <span class='ocrx_word' id='word_1_471' title='bbox 1314 3283 1374 3336; x_wconf 86' lang='grc' dir='ltr'><strong>τὸ</strong></span> <span class='ocrx_word' id='word_1_472' title='bbox 1409 3283 1754 3353; x_wconf 86' lang='grc' dir='ltr'>δηλούμενον,</span> 
     </span>
    </p>
   </div>
   <div class='ocr_carea' id='block_1_65' title="bbox 1860 3278 3428 3355">
    <p class='ocr_par' dir='ltr' id='par_1_65' title="bbox 1860 3282 3428 3355">
     <span class='ocr_line' id='line_1_65' title="bbox 1860 3282 3428 3355; baseline 0.004 -19"><span class='ocrx_word' id='word_1_473' title='bbox 1860 3282 1955 3347; x_wconf 90' lang='lat' dir='ltr'><strong>vit,</strong></span> <span class='ocrx_word' id='word_1_474' title='bbox 1993 3283 2120 3339; x_wconf 91' lang='lat' dir='ltr'><strong>licet</strong></span> <span class='ocrx_word' id='word_1_475' title='bbox 2154 3284 2342 3339; x_wconf 89' lang='lat' dir='ltr'><strong>audiat</strong></span> <span class='ocrx_word' id='word_1_476' title='bbox 2374 3293 2635 3355; x_wconf 87' lang='lat' dir='ltr'><strong>quantum</strong></span> <span class='ocrx_word' id='word_1_477' title='bbox 2665 3285 2719 3339; x_wconf 88' lang='lat' dir='ltr'><strong>id</strong></span> <span class='ocrx_word' id='word_1_478' title='bbox 2755 3284 2901 3355; x_wconf 92' lang='lat' dir='ltr'><strong>quod</strong></span> <span class='ocrx_word' id='word_1_479' title='bbox 2955 3284 3317 3355; x_wconf 72' lang='lat' dir='ltr'><strong>signiﬁcatur,</strong></span> <span class='ocrx_word' id='word_1_480' title='bbox 3371 3294 3428 3342; x_wconf 88' lang='lat' dir='ltr'><strong>et</strong></span> 
     </span>
    </p>
   </div>
   <div class='ocr_carea' id='block_1_66' title="bbox 189 3374 1753 3448">
    <p class='ocr_par' dir='ltr' id='par_1_66' title="bbox 189 3374 1753 3448">
     <span class='ocr_line' id='line_1_66' title="bbox 189 3374 1753 3448; baseline 0.001 -21"><span class='ocrx_word' id='word_1_481' title='bbox 189 3374 291 3428; x_wconf 82' lang='grc' dir='ltr'>κάν</span> <span class='ocrx_word' id='word_1_482' title='bbox 340 3375 569 3429; x_wconf 84' lang='grc' dir='ltr'>πάντοτε</span> <span class='ocrx_word' id='word_1_483' title='bbox 617 3375 835 3446; x_wconf 88' lang='grc' dir='ltr'>δέχηται</span> <span class='ocrx_word' id='word_1_484' title='bbox 870 3379 937 3448; x_wconf 80' lang='grc' dir='ltr'><strong>τῇ</strong></span> <span class='ocrx_word' id='word_1_485' title='bbox 986 3376 1120 3447; x_wconf 79' lang='grc' dir='ltr'>ἀκοῇ</span> <span class='ocrx_word' id='word_1_486' title='bbox 1153 3374 1246 3429; x_wconf 78' lang='grc' dir='ltr'>τὸν</span> <span class='ocrx_word' id='word_1_487' title='bbox 1284 3375 1439 3444; x_wconf 93' lang='grc' dir='ltr'>λόγον</span> <span class='ocrx_word' id='word_1_488' title='bbox 1458 3393 1471 3406; x_wconf 88' lang='grc'><strong>·</strong></span> <span class='ocrx_word' id='word_1_489' title='bbox 1525 3376 1618 3430; x_wconf 68' lang='grc' dir='ltr'><strong>κα)⁸</strong></span> <span class='ocrx_word' id='word_1_490' title='bbox 1662 3376 1753 3429; x_wconf 75' lang='grc' dir='ltr'>ἐπὶ</span> 
     </span>
    </p>
   </div>
   <div class='ocr_carea' id='block_1_67' title="bbox 188 3466 1756 3538">
    <p class='ocr_par' dir='ltr' id='par_1_67' title="bbox 188 3466 1756 3538">
     <span class='ocr_line' id='line_1_67' title="bbox 188 3466 1756 3538; baseline -0.001 -17"><span class='ocrx_word' id='word_1_491' title='bbox 188 3467 415 3537; x_wconf 78' lang='grc' dir='ltr'>καρδίαν</span> <span class='ocrx_word' id='word_1_492' title='bbox 455 3466 548 3520; x_wconf 83' lang='grc' dir='ltr'>τοῦ</span> <span class='ocrx_word' id='word_1_493' title='bbox 587 3466 873 3538; x_wconf 85' lang='grc' dir='ltr'>ἀνθρώπου</span> <span class='ocrx_word' id='word_1_494' title='bbox 906 3468 1006 3521; x_wconf 80' lang='grc' dir='ltr'>οὐκ</span> <span class='ocrx_word' id='word_1_495' title='bbox 1034 3467 1221 3538; x_wconf 91' lang='grc' dir='ltr'>ἀνέϐη,</span> <span class='ocrx_word' id='word_1_496' title='bbox 1254 3467 1358 3522; x_wconf 77' lang='grc' dir='ltr'>κᾶν</span> <span class='ocrx_word' id='word_1_497' title='bbox 1396 3468 1682 3531; x_wconf 85' lang='grc' dir='ltr'>διαπαντὸς</span> <span class='ocrx_word' id='word_1_498' title='bbox 1726 3467 1756 3520; x_wconf 90' lang='grc' dir='ltr'><strong>ό</strong></span> 
     </span>
    </p>
   </div>
   <div class='ocr_carea' id='block_1_68' title="bbox 189 3557 1756 3633">
    <p class='ocr_par' dir='ltr' id='par_1_68' title="bbox 189 3557 1756 3633">
     <span class='ocr_line' id='line_1_68' title="bbox 189 3557 1756 3633; baseline -0.001 -20"><span class='ocrx_word' id='word_1_499' title='bbox 189 3557 427 3629; x_wconf 82' lang='grc' dir='ltr'>καθαρὸς</span> <span class='ocrx_word' id='word_1_500' title='bbox 454 3561 520 3630; x_wconf 85' lang='grc' dir='ltr'>τῇ</span> <span class='ocrx_word' id='word_1_501' title='bbox 559 3559 759 3631; x_wconf 80' lang='grc' dir='ltr'>καρδίᾳ</span> <span class='ocrx_word' id='word_1_502' title='bbox 803 3559 925 3613; x_wconf 84' lang='grc' dir='ltr'>ὅσον</span> <span class='ocrx_word' id='word_1_503' title='bbox 952 3558 1171 3613; x_wconf 89' lang='grc' dir='ltr'>δύναται</span> <span class='ocrx_word' id='word_1_504' title='bbox 1200 3558 1370 3633; x_wconf 80' lang='grc' dir='ltr'>βλέπῃ</span> <span class='ocrx_word' id='word_1_505' title='bbox 1390 3575 1402 3589; x_wconf 83' lang='grc'><em>’</em></span> <span class='ocrx_word' id='word_1_506' title='bbox 1437 3558 1499 3612; x_wconf 81' lang='grc' dir='ltr'><strong>τὸ</strong></span> <span class='ocrx_word' id='word_1_507' title='bbox 1528 3558 1637 3629; x_wconf 86' lang='grc' dir='ltr'>γὰρ</span> <span class='ocrx_word' id='word_1_508' title='bbox 1671 3558 1756 3612; x_wconf 74' lang='grc' dir='ltr'>ἀεὶ</span> 
     </span>
    </p>
   </div>
   <div class='ocr_carea' id='block_1_69' title="bbox 190 3647 1758 3722">
    <p class='ocr_par' dir='ltr' id='par_1_69' title="bbox 190 3647 1758 3722">
     <span class='ocr_line' id='line_1_69' title="bbox 190 3647 1758 3722; baseline 0 -19"><span class='ocrx_word' id='word_1_509' title='bbox 190 3647 738 3721; x_wconf 88' lang='grc' dir='ltr'>καταλαμϐανόμενον</span> <span class='ocrx_word' id='word_1_510' title='bbox 766 3649 874 3703; x_wconf 88' lang='grc' dir='ltr'>τῶν</span> <span class='ocrx_word' id='word_1_511' title='bbox 904 3650 1002 3721; x_wconf 83' lang='grc' dir='ltr'>μὲν</span> <span class='ocrx_word' id='word_1_512' title='bbox 1036 3651 1594 3722; x_wconf 85' lang='grc' dir='ltr'>προκαταληφθέντων</span> <span class='ocrx_word' id='word_1_513' title='bbox 1625 3651 1758 3706; x_wconf 84' lang='grc' dir='ltr'>πάν-</span> 
     </span>
    </p>
   </div>
   <div class='ocr_carea' id='block_1_70' title="bbox 189 3742 1759 3814">
    <p class='ocr_par' dir='ltr' id='par_1_70' title="bbox 189 3742 1759 3814">
     <span class='ocr_line' id='line_1_70' title="bbox 189 3742 1759 3814; baseline -0.001 -17"><span class='ocrx_word' id='word_1_514' title='bbox 189 3760 300 3797; x_wconf 84' lang='grc' dir='ltr'><strong>των</strong></span> <span class='ocrx_word' id='word_1_515' title='bbox 329 3742 511 3814; x_wconf 74' lang='grc' dir='ltr'>μεῖζόν</span> <span class='ocrx_word' id='word_1_516' title='bbox 537 3743 707 3805; x_wconf 80' lang='grc' dir='ltr'>ἐστιν,</span> <span class='ocrx_word' id='word_1_517' title='bbox 731 3742 791 3795; x_wconf 82' lang='grc' dir='ltr'><strong>ού</strong></span> <span class='ocrx_word' id='word_1_518' title='bbox 822 3742 927 3813; x_wconf 84' lang='grc' dir='ltr'>μὴν</span> <span class='ocrx_word' id='word_1_519' title='bbox 957 3742 1127 3812; x_wconf 74' lang='grc' dir='ltr'>ὁρίζει</span> <span class='ocrx_word' id='word_1_520' title='bbox 1166 3743 1225 3795; x_wconf 85' lang='grc' dir='ltr'>ὲν</span> <span class='ocrx_word' id='word_1_521' title='bbox 1263 3742 1439 3814; x_wconf 78' lang='grc' dir='ltr'>ἑαυτῷ</span> <span class='ocrx_word' id='word_1_522' title='bbox 1477 3743 1538 3795; x_wconf 86' lang='grc' dir='ltr'>τὸ</span> <span class='ocrx_word' id='word_1_523' title='bbox 1568 3742 1759 3814; x_wconf 77' lang='grc' dir='ltr'>ζητού-</span> 
     </span>
    </p>
   </div>
   <div class='ocr_carea' id='block_1_71' title="bbox 196 3832 1760 3906">
    <p class='ocr_par' dir='ltr' id='par_1_71' title="bbox 196 3832 1760 3906">
     <span class='ocr_line' id='line_1_71' title="bbox 196 3832 1760 3906; baseline -0.001 -18"><span class='ocrx_word' id='word_1_524' title='bbox 196 3850 389 3906; x_wconf 77' lang='grc' dir='ltr'>μενονο</span> <span class='ocrx_word' id='word_1_525' title='bbox 424 3833 559 3889; x_wconf 88' lang='grc' dir='ltr'><strong>ἀλλά</strong></span> <span class='ocrx_word' id='word_1_526' title='bbox 603 3834 665 3887; x_wconf 83' lang='grc' dir='ltr'>τὸ</span> <span class='ocrx_word' id='word_1_527' title='bbox 702 3833 875 3903; x_wconf 80' lang='grc' dir='ltr'>πέρας</span> <span class='ocrx_word' id='word_1_528' title='bbox 918 3832 1011 3886; x_wconf 74' lang='grc' dir='ltr'><strong>τοῦ</strong></span> <span class='ocrx_word' id='word_1_529' title='bbox 1056 3833 1385 3905; x_wconf 83' lang='grc' dir='ltr'>εὑρεθέντος,</span> <span class='ocrx_word' id='word_1_530' title='bbox 1430 3834 1572 3906; x_wconf 76' lang='grc' dir='ltr'>ἀρχὴ</span> <span class='ocrx_word' id='word_1_531' title='bbox 1624 3833 1760 3905; x_wconf 81' lang='grc' dir='ltr'>πρὸς</span> 
     </span>
    </p>
   </div>
   <div class='ocr_carea' id='block_1_72' title="bbox 192 3921 1761 3996">
    <p class='ocr_par' dir='ltr' id='par_1_72' title="bbox 192 3921 1761 3996">
     <span class='ocr_line' id='line_1_72' title="bbox 192 3921 1761 3996; baseline 0 -19"><span class='ocrx_word' id='word_1_532' title='bbox 192 3924 292 3996; x_wconf 78' lang='grc' dir='ltr'><strong>τὴν</strong></span> <span class='ocrx_word' id='word_1_533' title='bbox 319 3925 428 3977; x_wconf 84' lang='grc' dir='ltr'>τῶν</span> <span class='ocrx_word' id='word_1_534' title='bbox 457 3923 804 3996; x_wconf 79' lang='grc' dir='ltr'>ὑψηλοτέρων</span> <span class='ocrx_word' id='word_1_535' title='bbox 846 3921 1063 3994; x_wconf 77' lang='grc' dir='ltr'>εὕρεσιν</span> <span class='ocrx_word' id='word_1_536' title='bbox 1094 3926 1205 3985; x_wconf 89' lang='grc' dir='ltr'>τοῖς</span> <span class='ocrx_word' id='word_1_537' title='bbox 1244 3924 1589 3978; x_wconf 82' lang='grc' dir='ltr'>ἀναϐαίνουσι</span> <span class='ocrx_word' id='word_1_538' title='bbox 1619 3927 1761 3993; x_wconf 84' lang='grc' dir='ltr'>γίνε-</span> 
     </span>
    </p>
   </div>
   <div class='ocr_carea' id='block_1_73' title="bbox 193 4013 1762 4087">
    <p class='ocr_par' dir='ltr' id='par_1_73' title="bbox 193 4013 1762 4087">
     <span class='ocr_line' id='line_1_73' title="bbox 193 4013 1762 4087; baseline -0.002 -17"><span class='ocrx_word' id='word_1_539' title='bbox 193 4033 306 4071; x_wconf 86' lang='grc' dir='ltr'>ται.</span> <span class='ocrx_word' id='word_1_540' title='bbox 330 4016 442 4069; x_wconf 80' lang='grc' dir='ltr'><strong>Καὶ</strong></span> <span class='ocrx_word' id='word_1_541' title='bbox 470 4014 593 4068; x_wconf 73' lang='grc' dir='ltr'>οὔτε</span> <span class='ocrx_word' id='word_1_542' title='bbox 628 4017 657 4068; x_wconf 89' lang='grc' dir='ltr'><strong>ό</strong></span> <span class='ocrx_word' id='word_1_543' title='bbox 685 4013 849 4069; x_wconf 87' lang='grc' dir='ltr'>ἀνιών</span> <span class='ocrx_word' id='word_1_544' title='bbox 878 4031 1009 4068; x_wconf 89' lang='grc' dir='ltr'>ποτε</span> <span class='ocrx_word' id='word_1_545' title='bbox 1039 4014 1271 4079; x_wconf 79' lang='grc' dir='ltr'>ἵσταται,</span> <span class='ocrx_word' id='word_1_546' title='bbox 1299 4015 1471 4086; x_wconf 84' lang='grc' dir='ltr'>ἀρχὴν</span> <span class='ocrx_word' id='word_1_547' title='bbox 1500 4014 1559 4079; x_wconf 76' lang='grc' dir='ltr'>ἐξ</span> <span class='ocrx_word' id='word_1_548' title='bbox 1590 4016 1762 4087; x_wconf 85' lang='grc' dir='ltr'>ἀρχῆς</span> 
     </span>
    </p>
   </div>
   <div class='ocr_carea' id='block_1_74' title="bbox 200 4103 1763 4177">
    <p class='ocr_par' dir='ltr' id='par_1_74' title="bbox 200 4103 1763 4177">
     <span class='ocr_line' id='line_1_74' title="bbox 200 4103 1763 4177; baseline -0.001 -18"><span class='ocrx_word' id='word_1_549' title='bbox 200 4104 656 4177; x_wconf 83' lang='grc' dir='ltr'>μεταλαμϐάνων,</span> <span class='ocrx_word' id='word_1_550' title='bbox 681 4103 803 4158; x_wconf 81' lang='grc' dir='ltr'><strong>οὒτε</strong></span> <span class='ocrx_word' id='word_1_551' title='bbox 834 4104 1067 4158; x_wconf 85' lang='grc' dir='ltr'>τελεῖται</span> <span class='ocrx_word' id='word_1_552' title='bbox 1096 4104 1221 4176; x_wconf 79' lang='grc' dir='ltr'>περὶ</span> <span class='ocrx_word' id='word_1_553' title='bbox 1249 4106 1445 4175; x_wconf 79' lang='grc' dir='ltr'>ἑαυτὴν</span> <span class='ocrx_word' id='word_1_554' title='bbox 1475 4107 1507 4175; x_wconf 84' lang='grc' dir='ltr'><strong>ή</strong></span> <span class='ocrx_word' id='word_1_555' title='bbox 1543 4104 1653 4157; x_wconf 91' lang='grc' dir='ltr'><strong>τῶν</strong></span> <span class='ocrx_word' id='word_1_556' title='bbox 1677 4105 1763 4158; x_wconf 79' lang='grc' dir='ltr'>ἀεὶ</span> 
     </span>
    </p>
   </div>
   <div class='ocr_carea' id='block_1_75' title="bbox 198 4194 1765 4269">
    <p class='ocr_par' dir='ltr' id='par_1_75' title="bbox 198 4194 1765 4269">
     <span class='ocr_line' id='line_1_75' title="bbox 198 4194 1765 4269; baseline -0.001 -18"><span class='ocrx_word' id='word_1_557' title='bbox 198 4194 463 4269; x_wconf 71' lang='grc' dir='ltr'>μειζόνων</span> <span class='ocrx_word' id='word_1_558' title='bbox 492 4197 657 4268; x_wconf 88' lang='grc' dir='ltr'>ἀρχή.</span> <span class='ocrx_word' id='word_1_559' title='bbox 700 4197 967 4250; x_wconf 83' lang='grc' dir='ltr'>Οὐδέποτε</span> <span class='ocrx_word' id='word_1_560' title='bbox 996 4196 1103 4268; x_wconf 85' lang='grc' dir='ltr'><strong>γὰρ</strong></span> <span class='ocrx_word' id='word_1_561' title='bbox 1126 4197 1252 4268; x_wconf 77' lang='grc' dir='ltr'>περὶ</span> <span class='ocrx_word' id='word_1_562' title='bbox 1276 4196 1383 4249; x_wconf 91' lang='grc' dir='ltr'><strong>τῶν</strong></span> <span class='ocrx_word' id='word_1_563' title='bbox 1408 4196 1765 4267; x_wconf 81' lang='grc' dir='ltr'>ἐγνωσμένων</span> 
     </span>
    </p>
   </div>
   <div class='ocr_carea' id='block_1_76' title="bbox 197 4285 1765 4359">
    <p class='ocr_par' dir='ltr' id='par_1_76' title="bbox 197 4285 1765 4359">
     <span class='ocr_line' id='line_1_76' title="bbox 197 4285 1765 4359; baseline -0.001 -17"><span class='ocrx_word' id='word_1_564' title='bbox 197 4290 233 4359; x_wconf 80' lang='grc' dir='ltr'><strong>ἡ</strong></span> <span class='ocrx_word' id='word_1_565' title='bbox 258 4288 353 4342; x_wconf 84' lang='grc' dir='ltr'><strong>τοῦ</strong></span> <span class='ocrx_word' id='word_1_566' title='bbox 389 4288 627 4351; x_wconf 89' lang='grc' dir='ltr'>ἀνιόντος</span> <span class='ocrx_word' id='word_1_567' title='bbox 655 4287 918 4357; x_wconf 78' lang='grc' dir='ltr'>ἐπιθυμία</span> <span class='ocrx_word' id='word_1_568' title='bbox 960 4287 1192 4351; x_wconf 79' lang='grc' dir='ltr'>ἵσταται,</span> <span class='ocrx_word' id='word_1_569' title='bbox 1226 4286 1359 4341; x_wconf 88' lang='grc' dir='ltr'><strong>ἀλλά</strong></span> <span class='ocrx_word' id='word_1_570' title='bbox 1394 4286 1481 4340; x_wconf 84' lang='grc' dir='ltr'><strong>διά</strong></span> <span class='ocrx_word' id='word_1_571' title='bbox 1523 4285 1765 4357; x_wconf 78' lang='grc' dir='ltr'>μείζονος</span> 
     </span>
    </p>
   </div>
   <div class='ocr_carea' id='block_1_77' title="bbox 198 4377 1766 4450">
    <p class='ocr_par' dir='ltr' id='par_1_77' title="bbox 198 4377 1766 4450">
     <span class='ocr_line' id='line_1_77' title="bbox 198 4377 1766 4450; baseline -0.003 -17"><span class='ocrx_word' id='word_1_572' title='bbox 198 4380 365 4434; x_wconf 68' lang='grc' dir='ltr'>πάλιν</span> <span class='ocrx_word' id='word_1_573' title='bbox 396 4380 588 4450; x_wconf 81' lang='grc' dir='ltr'>ἐτέρας</span> <span class='ocrx_word' id='word_1_574' title='bbox 637 4378 926 4449; x_wconf 78' lang='grc' dir='ltr'>ἐπιθυμίας</span> <span class='ocrx_word' id='word_1_575' title='bbox 964 4378 1099 4448; x_wconf 77' lang='grc' dir='ltr'>πρὸς</span> <span class='ocrx_word' id='word_1_576' title='bbox 1128 4378 1318 4449; x_wconf 78' lang='grc' dir='ltr'>ἑτέραν</span> <span class='ocrx_word' id='word_1_577' title='bbox 1365 4377 1766 4448; x_wconf 83' lang='grc' dir='ltr'>ὑπερκειμένην</span> 
     </span>
    </p>
   </div>
   <div class='ocr_carea' id='block_1_78' title="bbox 198 4468 1768 4542">
    <p class='ocr_par' dir='ltr' id='par_1_78' title="bbox 198 4468 1768 4542">
     <span class='ocr_line' id='line_1_78' title="bbox 198 4468 1768 4542; baseline -0.003 -16"><span class='ocrx_word' id='word_1_578' title='bbox 198 4471 343 4527; x_wconf 84' lang='grc' dir='ltr'><strong>κατά</strong></span> <span class='ocrx_word' id='word_1_579' title='bbox 378 4471 438 4523; x_wconf 81' lang='grc' dir='ltr'><strong>τὸ</strong></span> <span class='ocrx_word' id='word_1_580' title='bbox 464 4470 659 4539; x_wconf 72' lang='grc' dir='ltr'>ἑφεξῆς</span> <span class='ocrx_word' id='word_1_581' title='bbox 690 4470 834 4542; x_wconf 75' lang='grc' dir='ltr'>ψυχὴ</span> <span class='ocrx_word' id='word_1_582' title='bbox 857 4469 1101 4535; x_wconf 79' lang='grc' dir='ltr'>ἀνιοῦσα,</span> <span class='ocrx_word' id='word_1_583' title='bbox 1130 4470 1358 4523; x_wconf 84' lang='grc' dir='ltr'>πάντοτε</span> <span class='ocrx_word' id='word_1_584' title='bbox 1380 4468 1469 4523; x_wconf 89' lang='grc' dir='ltr'><strong>διά</strong></span> <span class='ocrx_word' id='word_1_585' title='bbox 1492 4468 1599 4522; x_wconf 91' lang='grc' dir='ltr'><strong>τῶν</strong></span> <span class='ocrx_word' id='word_1_586' title='bbox 1626 4470 1768 4522; x_wconf 89' lang='grc' dir='ltr'>ἀνω-</span> 
     </span>
    </p>
   </div>
   <div class='ocr_carea' id='block_1_79' title="bbox 198 4562 1134 4635">
    <p class='ocr_par' dir='ltr' id='par_1_79' title="bbox 198 4562 1134 4635">
     <span class='ocr_line' id='line_1_79' title="bbox 198 4562 1134 4635; baseline -0.003 -16"><span class='ocrx_word' id='word_1_587' title='bbox 198 4565 375 4635; x_wconf 77' lang='grc' dir='ltr'>τέρων</span> <span class='ocrx_word' id='word_1_588' title='bbox 401 4562 574 4615; x_wconf 84' lang='grc' dir='ltr'>ὁδεύει</span> <span class='ocrx_word' id='word_1_589' title='bbox 612 4562 747 4632; x_wconf 80' lang='grc' dir='ltr'>πρὸς</span> <span class='ocrx_word' id='word_1_590' title='bbox 779 4562 840 4614; x_wconf 85' lang='grc' dir='ltr'><strong>τὸ</strong></span> <span class='ocrx_word' id='word_1_591' title='bbox 869 4562 1134 4629; x_wconf 86' lang='grc' dir='ltr'>ἀόριστον.</span> 
     </span>
    </p>
   </div>
   <div class='ocr_carea' id='block_1_80' title="bbox 278 4736 1773 4811">
    <p class='ocr_par' dir='ltr' id='par_1_80' title="bbox 278 4736 1773 4811">
     <span class='ocr_line' id='line_1_80' title="bbox 278 4736 1773 4811; baseline -0.003 -15"><span class='ocrx_word' id='word_1_592' title='bbox 278 4743 497 4796; x_wconf 86' lang='grc' dir='ltr'>Τούτων</span> <span class='ocrx_word' id='word_1_593' title='bbox 522 4740 579 4793; x_wconf 83' lang='grc' dir='ltr'>δὲ</span> <span class='ocrx_word' id='word_1_594' title='bbox 628 4740 759 4811; x_wconf 82' lang='grc' dir='ltr'>ἡμῖν</span> <span class='ocrx_word' id='word_1_595' title='bbox 790 4739 933 4793; x_wconf 78' lang='grc' dir='ltr'>οὕτω</span> <span class='ocrx_word' id='word_1_596' title='bbox 963 4738 1323 4810; x_wconf 82' lang='grc' dir='ltr'>διῃρημένων,</span> <span class='ocrx_word' id='word_1_597' title='bbox 1359 4736 1548 4809; x_wconf 88' lang='grc' dir='ltr'>καιρὸς</span> <span class='ocrx_word' id='word_1_598' title='bbox 1589 4738 1657 4791; x_wconf 84' lang='grc' dir='ltr'>ἂν</span> <span class='ocrx_word' id='word_1_599' title='bbox 1685 4739 1773 4809; x_wconf 87' lang='grc' dir='ltr'><strong>εῐη</strong></span> 
     </span>
    </p>
   </div>
   <div class='ocr_carea' id='block_1_81' title="bbox 203 4829 1774 4908">
    <p class='ocr_par' dir='ltr' id='par_1_81' title="bbox 203 4829 1774 4908">
     <span class='ocr_line' id='line_1_81' title="bbox 203 4829 1774 4908; baseline -0.004 -19"><span class='ocrx_word' id='word_1_600' title='bbox 203 4832 522 4908; x_wconf 84' lang='grc' dir='ltr'>προσθεῖναι</span> <span class='ocrx_word' id='word_1_601' title='bbox 563 4833 673 4885; x_wconf 89' lang='grc' dir='ltr'><strong>τῶν</strong></span> <span class='ocrx_word' id='word_1_602' title='bbox 725 4832 883 4886; x_wconf 90' lang='grc' dir='ltr'>θείων</span> <span class='ocrx_word' id='word_1_603' title='bbox 918 4830 1111 4898; x_wconf 88' lang='grc' dir='ltr'>λογίων</span> <span class='ocrx_word' id='word_1_604' title='bbox 1149 4830 1246 4903; x_wconf 78' lang='grc' dir='ltr'><strong>τὴν</strong></span> <span class='ocrx_word' id='word_1_605' title='bbox 1296 4829 1546 4902; x_wconf 88' lang='grc' dir='ltr'>θεωρίαν.</span> <span class='ocrx_word' id='word_1_606' title='bbox 1594 4829 1774 4898; x_wconf 81' lang='grc' dir='ltr'>Δεῦρο</span> 
     </span>
    </p>
   </div>
   <div class='ocr_carea' id='block_1_82' title="bbox 204 4916 1773 4991">
    <p class='ocr_par' dir='ltr' id='par_1_82' title="bbox 204 4916 1773 4991">
     <span class='ocr_line' id='line_1_82' title="bbox 204 4916 1773 4991; baseline -0.006 -11"><span class='ocrx_word' id='word_1_607' title='bbox 204 4924 327 4980; x_wconf 78' lang='grc' dir='ltr'>ἀπὸ</span> <span class='ocrx_word' id='word_1_608' title='bbox 351 4923 630 4987; x_wconf 82' lang='grc' dir='ltr'>Λιϐάνου,</span> <span class='ocrx_word' id='word_1_609' title='bbox 652 4922 876 4991; x_wconf 73' lang='grc' dir='ltr'>νύμφη,</span> <span class='ocrx_word' id='word_1_610' title='bbox 898 4919 1073 4988; x_wconf 84' lang='grc' dir='ltr'>δεῦρο</span> <span class='ocrx_word' id='word_1_611' title='bbox 1097 4918 1217 4974; x_wconf 79' lang='grc' dir='ltr'>ἀπὸ</span> <span class='ocrx_word' id='word_1_612' title='bbox 1243 4917 1517 4983; x_wconf 80' lang='grc' dir='ltr'>Λιϐάνου,</span> <span class='ocrx_word' id='word_1_613' title='bbox 1547 4916 1773 4986; x_wconf 75' lang='grc' dir='ltr'>ἐλεύσῃ</span> 
     </span>
    </p>
   </div>
   <div class='ocr_carea' id='block_1_83' title="bbox 206 5006 1776 5082">
    <p class='ocr_par' dir='ltr' id='par_1_83' title="bbox 206 5006 1776 5082">
     <span class='ocr_line' id='line_1_83' title="bbox 206 5006 1776 5082; baseline -0.007 -10"><span class='ocrx_word' id='word_1_614' title='bbox 206 5017 310 5072; x_wconf 73' lang='grc' dir='ltr'>καὶ</span> <span class='ocrx_word' id='word_1_615' title='bbox 338 5016 621 5082; x_wconf 75' lang='grc' dir='ltr'>διελεύσῃ</span> <span class='ocrx_word' id='word_1_616' title='bbox 659 5015 758 5068; x_wconf 81' lang='grc' dir='ltr'>ἀπ’</span> <span class='ocrx_word' id='word_1_617' title='bbox 792 5010 987 5081; x_wconf 82' lang='grc' dir='ltr'>ἀρχῆς</span> <span class='ocrx_word' id='word_1_618' title='bbox 1025 5011 1301 5075; x_wconf 79' lang='grc' dir='ltr'>πίστεως,</span> <span class='ocrx_word' id='word_1_619' title='bbox 1356 5008 1475 5063; x_wconf 82' lang='grc' dir='ltr'>ἀπὸ</span> <span class='ocrx_word' id='word_1_620' title='bbox 1507 5006 1776 5078; x_wconf 70' lang='grc' dir='ltr'>κεφαλῆς</span> 
     </span>
    </p>
   </div>
   <div class='ocr_carea' id='block_1_84' title="bbox 208 5099 1774 5176">
    <p class='ocr_par' dir='ltr' id='par_1_84' title="bbox 208 5099 1774 5176">
     <span class='ocr_line' id='line_1_84' title="bbox 208 5099 1774 5176; baseline -0.007 -11"><span class='ocrx_word' id='word_1_621' title='bbox 208 5107 425 5176; x_wconf 72' lang='grc' dir='ltr'>Σανειρ</span> <span class='ocrx_word' id='word_1_622' title='bbox 452 5106 549 5160; x_wconf 78' lang='grc' dir='ltr'>καὶ</span> <span class='ocrx_word' id='word_1_623' title='bbox 586 5104 833 5174; x_wconf 79' lang='grc' dir='ltr'>Ἑρμῶν,</span> <span class='ocrx_word' id='word_1_624' title='bbox 880 5102 999 5158; x_wconf 81' lang='grc' dir='ltr'>ἀπὸ</span> <span class='ocrx_word' id='word_1_625' title='bbox 1034 5099 1314 5172; x_wconf 81' lang='grc' dir='ltr'>μανδρῶν</span> <span class='ocrx_word' id='word_1_626' title='bbox 1338 5101 1619 5165; x_wconf 75' lang='grc' dir='ltr'>λεόντων,</span> <span class='ocrx_word' id='word_1_627' title='bbox 1655 5100 1774 5155; x_wconf 80' lang='grc' dir='ltr'>ἀπὸ</span> 
     </span>
    </p>
   </div>
   <div class='ocr_carea' id='block_1_85' title="bbox 211 5192 1775 5267">
    <p class='ocr_par' dir='ltr' id='par_1_85' title="bbox 211 5192 1775 5267">
     <span class='ocr_line' id='line_1_85' title="bbox 211 5192 1775 5267; baseline -0.004 -16"><span class='ocrx_word' id='word_1_628' title='bbox 211 5198 397 5267; x_wconf 78' lang='grc' dir='ltr'>ὁρέων</span> <span class='ocrx_word' id='word_1_629' title='bbox 441 5195 809 5267; x_wconf 70' lang='grc' dir='ltr'>παρδάλεων.</span> <span class='ocrx_word' id='word_1_630' title='bbox 845 5194 910 5248; x_wconf 89' lang='grc' dir='ltr'>Τί</span> <span class='ocrx_word' id='word_1_631' title='bbox 948 5194 1127 5248; x_wconf 89' lang='grc' dir='ltr'>τοίνυν</span> <span class='ocrx_word' id='word_1_632' title='bbox 1156 5193 1215 5247; x_wconf 81' lang='grc' dir='ltr'><strong>ὲν</strong></span> <span class='ocrx_word' id='word_1_633' title='bbox 1241 5192 1450 5256; x_wconf 87' lang='grc' dir='ltr'>τούτοις</span> <span class='ocrx_word' id='word_1_634' title='bbox 1476 5194 1775 5263; x_wconf 84' lang='grc' dir='ltr'>ὑπενοήσα-</span> 
     </span>
    </p>
   </div>
   <div class='ocr_carea' id='block_1_86' title="bbox 216 5284 1776 5359">
    <p class='ocr_par' dir='ltr' id='par_1_86' title="bbox 216 5284 1776 5359">
     <span class='ocr_line' id='line_1_86' title="bbox 216 5284 1776 5359; baseline -0.003 -17"><span class='ocrx_word' id='word_1_635' title='bbox 216 5304 353 5359; x_wconf 85' lang='grc' dir='ltr'>μεν;</span> <span class='ocrx_word' id='word_1_636' title='bbox 410 5288 519 5341; x_wconf 76' lang='grc' dir='ltr'><strong>Ἀεὶ</strong></span> <span class='ocrx_word' id='word_1_637' title='bbox 565 5287 674 5340; x_wconf 89' lang='grc' dir='ltr'><strong>τῶν</strong></span> <span class='ocrx_word' id='word_1_638' title='bbox 713 5285 935 5356; x_wconf 84' lang='grc' dir='ltr'>ἀγαθῶν</span> <span class='ocrx_word' id='word_1_639' title='bbox 980 5287 1016 5358; x_wconf 83' lang='grc' dir='ltr'>ὴ</span> <span class='ocrx_word' id='word_1_640' title='bbox 1065 5284 1216 5357; x_wconf 77' lang='grc' dir='ltr'>πηγὴ</span> <span class='ocrx_word' id='word_1_641' title='bbox 1261 5284 1399 5355; x_wconf 76' lang='grc' dir='ltr'>πρὸς</span> <span class='ocrx_word' id='word_1_642' title='bbox 1426 5285 1623 5356; x_wconf 75' lang='grc' dir='ltr'>ἑαυτὴν</span> <span class='ocrx_word' id='word_1_643' title='bbox 1651 5286 1776 5348; x_wconf 81' lang='grc' dir='ltr'>τοὺς</span> 
     </span>
    </p>
   </div>
   <div class='ocr_carea' id='block_1_87' title="bbox 212 5373 1778 5450">
    <p class='ocr_par' dir='ltr' id='par_1_87' title="bbox 212 5373 1778 5450">
     <span class='ocr_line' id='line_1_87' title="bbox 212 5373 1778 5450; baseline -0.003 -18"><span class='ocrx_word' id='word_1_644' title='bbox 212 5376 482 5450; x_wconf 84' lang='grc' dir='ltr'>διψῶντας</span> <span class='ocrx_word' id='word_1_645' title='bbox 504 5376 806 5444; x_wconf 73' lang='grc' dir='ltr'>ἐφέλκεται,</span> <span class='ocrx_word' id='word_1_646' title='bbox 839 5374 1019 5438; x_wconf 88' lang='grc' dir='ltr'>καθὼς</span> <span class='ocrx_word' id='word_1_647' title='bbox 1050 5375 1107 5427; x_wconf 81' lang='grc' dir='ltr'>ἐν</span> <span class='ocrx_word' id='word_1_648' title='bbox 1134 5373 1214 5445; x_wconf 81' lang='grc' dir='ltr'>τῷ</span> <span class='ocrx_word' id='word_1_649' title='bbox 1258 5374 1571 5443; x_wconf 84' lang='grc' dir='ltr'>Εὐαγγελίῳ</span> <span class='ocrx_word' id='word_1_650' title='bbox 1614 5375 1778 5445; x_wconf 78' lang='grc' dir='ltr'>φησὶν</span> 
     </span>
    </p>
   </div>
   <div class='ocr_carea' id='block_1_88' title="bbox 214 5464 1780 5544">
    <p class='ocr_par' dir='ltr' id='par_1_88' title="bbox 214 5464 1780 5544">
     <span class='ocr_line' id='line_1_88' title="bbox 214 5464 1780 5544; baseline -0.004 -21"><span class='ocrx_word' id='word_1_651' title='bbox 214 5473 252 5544; x_wconf 71' lang='grc' dir='ltr'><strong>ἡ</strong></span> <span class='ocrx_word' id='word_1_652' title='bbox 293 5468 478 5538; x_wconf 85' lang='grc' dir='ltr'>πηγή’</span> <span class='ocrx_word' id='word_1_653' title='bbox 528 5469 605 5522; x_wconf 79' lang='grc' dir='ltr'>ὅτι</span> <span class='ocrx_word' id='word_1_654' title='bbox 639 5468 712 5521; x_wconf 81' lang='lat' dir='ltr'><strong>EI</strong></span> <span class='ocrx_word' id='word_1_655' title='bbox 739 5484 828 5533; x_wconf 83' lang='grc' dir='ltr'><strong>τις</strong></span> <span class='ocrx_word' id='word_1_656' title='bbox 868 5464 1034 5534; x_wconf 73' lang='grc' dir='ltr'>διψᾷ.</span> <span class='ocrx_word' id='word_1_657' title='bbox 1076 5465 1340 5534; x_wconf 82' lang='grc' dir='ltr'>ἐρχέσθω</span> <span class='ocrx_word' id='word_1_658' title='bbox 1389 5465 1537 5532; x_wconf 83' lang='grc' dir='ltr'>πρὸς</span> <span class='ocrx_word' id='word_1_659' title='bbox 1574 5466 1652 5533; x_wconf 81' lang='grc' dir='ltr'>μὲ</span> <span class='ocrx_word' id='word_1_660' title='bbox 1680 5464 1780 5519; x_wconf 75' lang='grc' dir='ltr'>καὶ</span> 
     </span>
    </p>
   </div>
   <div class='ocr_carea' id='block_1_89' title="bbox 1866 3374 3426 3447">
    <p class='ocr_par' dir='ltr' id='par_1_89' title="bbox 1866 3374 3426 3447">
     <span class='ocr_line' id='line_1_89' title="bbox 1866 3374 3426 3447; baseline 0.002 -18"><span class='ocrx_word' id='word_1_661' title='bbox 1866 3376 2145 3432; x_wconf 89' lang='lat' dir='ltr'><strong>auditione</strong></span> <span class='ocrx_word' id='word_1_662' title='bbox 2184 3374 2412 3434; x_wconf 85' lang='lat' dir='ltr'><strong>verbum</strong></span> <span class='ocrx_word' id='word_1_663' title='bbox 2466 3385 2645 3446; x_wconf 87' lang='lat' dir='ltr'><strong>potest</strong></span> <span class='ocrx_word' id='word_1_664' title='bbox 2674 3377 2898 3432; x_wconf 92' lang='lat' dir='ltr'><strong>omnino</strong></span> <span class='ocrx_word' id='word_1_665' title='bbox 2940 3376 3426 3447; x_wconf 77' lang='lat' dir='ltr'><strong>comprehendere.</strong></span> 
     </span>
    </p>
   </div>
   <div class='ocr_carea' id='block_1_90' title="bbox 1865 3467 3426 3538">
    <p class='ocr_par' dir='ltr' id='par_1_90' title="bbox 1865 3467 3426 3538">
     <span class='ocr_line' id='line_1_90' title="bbox 1865 3467 3426 3538; baseline 0 -16"><span class='ocrx_word' id='word_1_666' title='bbox 1865 3468 1934 3523; x_wconf 85' lang='lat' dir='ltr'><strong>Et</strong></span> <span class='ocrx_word' id='word_1_667' title='bbox 1957 3468 2014 3523; x_wconf 92' lang='lat' dir='ltr'><strong>in</strong></span> <span class='ocrx_word' id='word_1_668' title='bbox 2047 3482 2144 3524; x_wconf 90' lang='lat' dir='ltr'><strong>cor</strong></span> <span class='ocrx_word' id='word_1_669' title='bbox 2186 3468 2425 3525; x_wconf 88' lang='lat' dir='ltr'><strong>hominis</strong></span> <span class='ocrx_word' id='word_1_670' title='bbox 2470 3485 2578 3525; x_wconf 90' lang='lat' dir='ltr'><strong>non</strong></span> <span class='ocrx_word' id='word_1_671' title='bbox 2631 3468 2900 3532; x_wconf 87' lang='lat' dir='ltr'><strong>ascendit,</strong></span> <span class='ocrx_word' id='word_1_672' title='bbox 2932 3467 3149 3525; x_wconf 85' lang='lat' dir='ltr'><strong>tametsi</strong></span> <span class='ocrx_word' id='word_1_673' title='bbox 3187 3482 3426 3538; x_wconf 82' lang='lat' dir='ltr'><strong>semper,</strong></span> 
     </span>
    </p>
   </div>
   <div class='ocr_carea' id='block_1_91' title="bbox 1863 3559 3429 3631">
    <p class='ocr_par' dir='ltr' id='par_1_91' title="bbox 1863 3559 3429 3631">
     <span class='ocr_line' id='line_1_91' title="bbox 1863 3559 3429 3631; baseline 0.001 -17"><span class='ocrx_word' id='word_1_674' title='bbox 1863 3560 1958 3630; x_wconf 90' lang='lat' dir='ltr'><strong>qui</strong></span> <span class='ocrx_word' id='word_1_675' title='bbox 1986 3559 2189 3616; x_wconf 86' lang='lat' dir='ltr'><strong>mundo</strong></span> <span class='ocrx_word' id='word_1_676' title='bbox 2215 3570 2300 3617; x_wconf 87' lang='lat' dir='ltr'><strong>est</strong></span> <span class='ocrx_word' id='word_1_677' title='bbox 2330 3561 2514 3625; x_wconf 89' lang='lat' dir='ltr'><strong>corde,</strong></span> <span class='ocrx_word' id='word_1_678' title='bbox 2541 3560 2709 3624; x_wconf 88' lang='lat' dir='ltr'><strong>videt,</strong></span> <span class='ocrx_word' id='word_1_679' title='bbox 2734 3569 3001 3631; x_wconf 88' lang='lat' dir='ltr'><strong>quantum</strong></span> <span class='ocrx_word' id='word_1_680' title='bbox 3029 3565 3210 3631; x_wconf 87' lang='lat' dir='ltr'><strong>potest</strong></span> <span class='ocrx_word' id='word_1_681' title='bbox 3244 3578 3258 3617; x_wconf 90' lang='lat'><strong>:</strong></span> <span class='ocrx_word' id='word_1_682' title='bbox 3300 3573 3429 3615; x_wconf 88' lang='lat' dir='ltr'><strong>nam</strong></span> 
     </span>
    </p>
   </div>
   <div class='ocr_carea' id='block_1_92' title="bbox 1863 3650 3431 3723">
    <p class='ocr_par' dir='ltr' id='par_1_92' title="bbox 1863 3650 3431 3723">
     <span class='ocr_line' id='line_1_92' title="bbox 1863 3650 3431 3723; baseline 0.001 -19"><span class='ocrx_word' id='word_1_683' title='bbox 1863 3650 2010 3721; x_wconf 87' lang='lat' dir='ltr'><strong>quod</strong></span> <span class='ocrx_word' id='word_1_684' title='bbox 2048 3666 2266 3723; x_wconf 88' lang='lat' dir='ltr'><strong>semper</strong></span> <span class='ocrx_word' id='word_1_685' title='bbox 2309 3652 2814 3723; x_wconf 89' lang='lat' dir='ltr'><strong>comprehenditur,</strong></span> <span class='ocrx_word' id='word_1_686' title='bbox 2867 3661 2953 3707; x_wconf 88' lang='lat' dir='ltr'><strong>est</strong></span> <span class='ocrx_word' id='word_1_687' title='bbox 2984 3651 3164 3723; x_wconf 82' lang='lat' dir='ltr'><strong>majus</strong></span> <span class='ocrx_word' id='word_1_688' title='bbox 3202 3653 3270 3709; x_wconf 89' lang='lat' dir='ltr'><strong>iis</strong></span> <span class='ocrx_word' id='word_1_689' title='bbox 3306 3667 3431 3723; x_wconf 72' lang='lat' dir='ltr'><strong>qua:</strong></span> 
     </span>
    </p>
   </div>
   <div class='ocr_carea' id='block_1_93' title="bbox 1865 3739 3431 3814">
    <p class='ocr_par' dir='ltr' id='par_1_93' title="bbox 1865 3739 3431 3814">
     <span class='ocr_line' id='line_1_93' title="bbox 1865 3739 3431 3814; baseline -0.001 -15"><span class='ocrx_word' id='word_1_690' title='bbox 1865 3750 1997 3799; x_wconf 89' lang='lat' dir='ltr'><strong>sunt</strong></span> <span class='ocrx_word' id='word_1_691' title='bbox 2040 3744 2457 3814; x_wconf 88' lang='lat' dir='ltr'><strong>comprehensa,</strong></span> <span class='ocrx_word' id='word_1_692' title='bbox 2511 3758 2621 3797; x_wconf 91' lang='lat' dir='ltr'><strong>non</strong></span> <span class='ocrx_word' id='word_1_693' title='bbox 2662 3751 2843 3798; x_wconf 90' lang='lat' dir='ltr'><strong>tamen</strong></span> <span class='ocrx_word' id='word_1_694' title='bbox 2879 3742 2935 3796; x_wconf 92' lang='lat' dir='ltr'><strong>in</strong></span> <span class='ocrx_word' id='word_1_695' title='bbox 2989 3756 3049 3798; x_wconf 89' lang='lat' dir='ltr'><strong>se</strong></span> <span class='ocrx_word' id='word_1_696' title='bbox 3083 3739 3338 3798; x_wconf 86' lang='lat' dir='ltr'><strong>terminat</strong></span> <span class='ocrx_word' id='word_1_697' title='bbox 3373 3740 3431 3798; x_wconf 88' lang='lat' dir='ltr'><strong>id</strong></span> 
     </span>
    </p>
   </div>
   <div class='ocr_carea' id='block_1_94' title="bbox 1866 3832 3430 3903">
    <p class='ocr_par' dir='ltr' id='par_1_94' title="bbox 1866 3832 3430 3903">
     <span class='ocr_line' id='line_1_94' title="bbox 1866 3832 3430 3903; baseline 0.001 -17"><span class='ocrx_word' id='word_1_698' title='bbox 1866 3833 2011 3903; x_wconf 92' lang='lat' dir='ltr'><strong>quod</strong></span> <span class='ocrx_word' id='word_1_699' title='bbox 2042 3833 2341 3903; x_wconf 83' lang='lat' dir='ltr'><strong>quaeritur:</strong></span> <span class='ocrx_word' id='word_1_700' title='bbox 2385 3833 2478 3889; x_wconf 90' lang='lat' dir='ltr'><strong>sed</strong></span> <span class='ocrx_word' id='word_1_701' title='bbox 2519 3832 2643 3887; x_wconf 83' lang='lat' dir='ltr'><strong>ﬁnis</strong></span> <span class='ocrx_word' id='word_1_702' title='bbox 2671 3833 2793 3902; x_wconf 89' lang='lat' dir='ltr'><strong>ejus</strong></span> <span class='ocrx_word' id='word_1_703' title='bbox 2828 3832 2973 3903; x_wconf 89' lang='lat' dir='ltr'><strong>quod</strong></span> <span class='ocrx_word' id='word_1_704' title='bbox 3013 3840 3099 3889; x_wconf 89' lang='lat' dir='ltr'><strong>est</strong></span> <span class='ocrx_word' id='word_1_705' title='bbox 3125 3834 3430 3900; x_wconf 80' lang='lat' dir='ltr'><strong>inventum,</strong></span> 
     </span>
    </p>
   </div>
   <div class='ocr_carea' id='block_1_95' title="bbox 1868 3921 3429 3993">
    <p class='ocr_par' dir='ltr' id='par_1_95' title="bbox 1868 3921 3429 3993">
     <span class='ocr_line' id='line_1_95' title="bbox 1868 3921 3429 3993; baseline 0.001 -17"><span class='ocrx_word' id='word_1_706' title='bbox 1868 3922 1927 3976; x_wconf 91' lang='lat' dir='ltr'><strong>ﬁt</strong></span> <span class='ocrx_word' id='word_1_707' title='bbox 1951 3921 2278 3993; x_wconf 89' lang='lat' dir='ltr'><strong>principium</strong></span> <span class='ocrx_word' id='word_1_708' title='bbox 2309 3922 2734 3978; x_wconf 89' lang='lat' dir='ltr'><strong>ascendentibus</strong></span> <span class='ocrx_word' id='word_1_709' title='bbox 2758 3921 2825 3976; x_wconf 90' lang='lat' dir='ltr'><strong>ad</strong></span> <span class='ocrx_word' id='word_1_710' title='bbox 2850 3923 3216 3979; x_wconf 87' lang='lat' dir='ltr'><strong>inventionem</strong></span> <span class='ocrx_word' id='word_1_711' title='bbox 3239 3938 3429 3979; x_wconf 90' lang='lat' dir='ltr'><strong>eorum</strong></span> 
     </span>
    </p>
   </div>
   <div class='ocr_carea' id='block_1_96' title="bbox 1868 4014 3436 4085">
    <p class='ocr_par' dir='ltr' id='par_1_96' title="bbox 1868 4014 3436 4085">
     <span class='ocr_line' id='line_1_96' title="bbox 1868 4014 3436 4085; baseline -0.001 -16"><span class='ocrx_word' id='word_1_712' title='bbox 1868 4029 1989 4084; x_wconf 69' lang='lat' dir='ltr'><strong>quae</strong></span> <span class='ocrx_word' id='word_1_713' title='bbox 2017 4022 2147 4069; x_wconf 92' lang='lat' dir='ltr'><strong>sunt</strong></span> <span class='ocrx_word' id='word_1_714' title='bbox 2171 4016 2386 4069; x_wconf 88' lang='lat' dir='ltr'><strong>altiora.</strong></span> <span class='ocrx_word' id='word_1_715' title='bbox 2443 4014 2630 4085; x_wconf 85' lang='lat' dir='ltr'><strong>Neque</strong></span> <span class='ocrx_word' id='word_1_716' title='bbox 2663 4029 2905 4085; x_wconf 88' lang='lat' dir='ltr'><strong>unquam</strong></span> <span class='ocrx_word' id='word_1_717' title='bbox 2938 4030 2999 4070; x_wconf 85' lang='lat' dir='ltr'><strong>se</strong></span> <span class='ocrx_word' id='word_1_718' title='bbox 3046 4014 3194 4070; x_wconf 91' lang='lat' dir='ltr'><strong>sistit</strong></span> <span class='ocrx_word' id='word_1_719' title='bbox 3242 4029 3436 4071; x_wconf 87' lang='lat' dir='ltr'><strong>ascen-</strong></span> 
     </span>
    </p>
   </div>
   <div class='ocr_carea' id='block_1_97' title="bbox 1868 4105 3434 4177">
    <p class='ocr_par' dir='ltr' id='par_1_97' title="bbox 1868 4105 3434 4177">
     <span class='ocr_line' id='line_1_97' title="bbox 1868 4105 3434 4177; baseline 0.001 -17"><span class='ocrx_word' id='word_1_720' title='bbox 1868 4106 2025 4171; x_wconf 88' lang='lat' dir='ltr'><strong>dens,</strong></span> <span class='ocrx_word' id='word_1_721' title='bbox 2057 4121 2124 4160; x_wconf 83' lang='lat' dir='ltr'><strong>ex</strong></span> <span class='ocrx_word' id='word_1_722' title='bbox 2160 4106 2427 4176; x_wconf 90' lang='lat' dir='ltr'><strong>principio</strong></span> <span class='ocrx_word' id='word_1_723' title='bbox 2479 4121 2705 4161; x_wconf 91' lang='lat' dir='ltr'><strong>sumens</strong></span> <span class='ocrx_word' id='word_1_724' title='bbox 2754 4105 3102 4175; x_wconf 88' lang='lat' dir='ltr'><strong>principium,</strong></span> <span class='ocrx_word' id='word_1_725' title='bbox 3138 4120 3315 4177; x_wconf 91' lang='lat' dir='ltr'><strong>neque</strong></span> <span class='ocrx_word' id='word_1_726' title='bbox 3378 4106 3434 4161; x_wconf 90' lang='lat' dir='ltr'><strong>in</strong></span> 
     </span>
    </p>
   </div>
   <div class='ocr_carea' id='block_1_98' title="bbox 1871 4196 3437 4268">
    <p class='ocr_par' dir='ltr' id='par_1_98' title="bbox 1871 4196 3437 4268">
     <span class='ocr_line' id='line_1_98' title="bbox 1871 4196 3437 4268; baseline 0 -17"><span class='ocrx_word' id='word_1_727' title='bbox 1871 4211 1930 4252; x_wconf 91' lang='lat' dir='ltr'><strong>se</strong></span> <span class='ocrx_word' id='word_1_728' title='bbox 1956 4196 2236 4266; x_wconf 91' lang='lat' dir='ltr'><strong>perﬁcitur</strong></span> <span class='ocrx_word' id='word_1_729' title='bbox 2268 4211 2457 4250; x_wconf 90' lang='lat' dir='ltr'><strong>eorum</strong></span> <span class='ocrx_word' id='word_1_730' title='bbox 2488 4212 2610 4266; x_wconf 83' lang='lat' dir='ltr'><strong>quae</strong></span> <span class='ocrx_word' id='word_1_731' title='bbox 2636 4206 2764 4251; x_wconf 89' lang='lat' dir='ltr'><strong>sunt</strong></span> <span class='ocrx_word' id='word_1_732' title='bbox 2785 4211 3000 4266; x_wconf 90' lang='lat' dir='ltr'><strong>semper</strong></span> <span class='ocrx_word' id='word_1_733' title='bbox 3033 4196 3265 4268; x_wconf 89' lang='lat' dir='ltr'><strong>majora,</strong></span> <span class='ocrx_word' id='word_1_734' title='bbox 3287 4196 3437 4266; x_wconf 81' lang='lat' dir='ltr'><strong>prin-</strong></span> 
     </span>
    </p>
   </div>
   <div class='ocr_carea' id='block_1_99' title="bbox 1871 4285 3436 4358">
    <p class='ocr_par' dir='ltr' id='par_1_99' title="bbox 1871 4285 3436 4358">
     <span class='ocr_line' id='line_1_99' title="bbox 1871 4285 3436 4358; baseline 0.001 -17"><span class='ocrx_word' id='word_1_735' title='bbox 1871 4289 2092 4358; x_wconf 89' lang='lat' dir='ltr'><strong>cipium.</strong></span> <span class='ocrx_word' id='word_1_736' title='bbox 2142 4285 2201 4340; x_wconf 84' lang='lat' dir='ltr'><strong>in</strong></span> <span class='ocrx_word' id='word_1_737' title='bbox 2255 4287 2323 4341; x_wconf 90' lang='lat' dir='ltr'><strong>iis</strong></span> <span class='ocrx_word' id='word_1_738' title='bbox 2353 4287 2495 4341; x_wconf 88' lang='lat' dir='ltr'><strong>enim</strong></span> <span class='ocrx_word' id='word_1_739' title='bbox 2535 4302 2657 4356; x_wconf 66' lang='lat' dir='ltr'><strong>quae</strong></span> <span class='ocrx_word' id='word_1_740' title='bbox 2708 4296 2838 4341; x_wconf 89' lang='lat' dir='ltr'><strong>sunt</strong></span> <span class='ocrx_word' id='word_1_741' title='bbox 2882 4287 3119 4358; x_wconf 73' lang='lat' dir='ltr'><strong>cognita,</strong></span> <span class='ocrx_word' id='word_1_742' title='bbox 3156 4300 3436 4358; x_wconf 83' lang='lat' dir='ltr'><strong>nunquam</strong></span> 
     </span>
    </p>
   </div>
   <div class='ocr_carea' id='block_1_100' title="bbox 1874 4378 3439 4454">
    <p class='ocr_par' dir='ltr' id='par_1_100' title="bbox 1874 4378 3439 4454">
     <span class='ocr_line' id='line_1_100' title="bbox 1874 4378 3439 4454; baseline 0.003 -21"><span class='ocrx_word' id='word_1_743' title='bbox 1874 4379 2217 4434; x_wconf 90' lang='lat' dir='ltr'><strong>ascendentis</strong></span> <span class='ocrx_word' id='word_1_744' title='bbox 2279 4378 2494 4435; x_wconf 89' lang='lat' dir='ltr'><strong>sistitur</strong></span> <span class='ocrx_word' id='word_1_745' title='bbox 2551 4378 2904 4444; x_wconf 83' lang='lat' dir='ltr'><strong>desiderium,</strong></span> <span class='ocrx_word' id='word_1_746' title='bbox 2964 4379 3059 4435; x_wconf 88' lang='lat' dir='ltr'><strong>sed</strong></span> <span class='ocrx_word' id='word_1_747' title='bbox 3106 4395 3202 4450; x_wconf 90' lang='lat' dir='ltr'><strong>per</strong></span> <span class='ocrx_word' id='word_1_748' title='bbox 3251 4381 3439 4454; x_wconf 79' lang='lat' dir='ltr'><strong>maqu</strong></span> 
     </span>
    </p>
   </div>
   <div class='ocr_carea' id='block_1_101' title="bbox 1873 4467 3441 4543">
    <p class='ocr_par' dir='ltr' id='par_1_101' title="bbox 1873 4467 3441 4543">
     <span class='ocr_line' id='line_1_101' title="bbox 1873 4467 3441 4543; baseline 0.004 -22"><span class='ocrx_word' id='word_1_749' title='bbox 1873 4483 2069 4523; x_wconf 89' lang='lat' dir='ltr'><strong>rursus</strong></span> <span class='ocrx_word' id='word_1_750' title='bbox 2117 4468 2445 4523; x_wconf 90' lang='lat' dir='ltr'><strong>desiderium</strong></span> <span class='ocrx_word' id='word_1_751' title='bbox 2498 4467 2565 4522; x_wconf 91' lang='lat' dir='ltr'><strong>ad</strong></span> <span class='ocrx_word' id='word_1_752' title='bbox 2622 4468 2768 4523; x_wconf 88' lang='lat' dir='ltr'><strong>aliud</strong></span> <span class='ocrx_word' id='word_1_753' title='bbox 2831 4469 3135 4539; x_wconf 87' lang='lat' dir='ltr'><strong>subjectum</strong></span> <span class='ocrx_word' id='word_1_754' title='bbox 3180 4470 3441 4543; x_wconf 87' lang='lat' dir='ltr'><strong>deinceps</strong></span> 
     </span>
    </p>
   </div>
   <div class='ocr_carea' id='block_1_102' title="bbox 1874 4560 3440 4632">
    <p class='ocr_par' dir='ltr' id='par_1_102' title="bbox 1874 4560 3440 4632">
     <span class='ocr_line' id='line_1_102' title="bbox 1874 4560 3440 4632; baseline 0.004 -16"><span class='ocrx_word' id='word_1_755' title='bbox 1874 4562 2179 4618; x_wconf 89' lang='lat' dir='ltr'><strong>ascendens</strong></span> <span class='ocrx_word' id='word_1_756' title='bbox 2214 4561 2414 4624; x_wconf 88' lang='lat' dir='ltr'><strong>anima,</strong></span> <span class='ocrx_word' id='word_1_757' title='bbox 2445 4560 2949 4618; x_wconf 86' lang='lat' dir='ltr'><strong>omniuo.ascendit</strong></span> <span class='ocrx_word' id='word_1_758' title='bbox 3000 4577 3098 4632; x_wconf 90' lang='lat' dir='ltr'><strong>per</strong></span> <span class='ocrx_word' id='word_1_759' title='bbox 3135 4562 3331 4618; x_wconf 90' lang='lat' dir='ltr'><strong>altiora</strong></span> <span class='ocrx_word' id='word_1_760' title='bbox 3370 4564 3440 4623; x_wconf 85' lang='lat' dir='ltr'><strong>ad</strong></span> 
     </span>
    </p>
   </div>
   <div class='ocr_carea' id='block_1_103' title="bbox 1801 4636 2631 4722">
    <p class='ocr_par' dir='ltr' id='par_1_103' title="bbox 1801 4636 2631 4722">
     <span class='ocr_line' id='line_1_103' title="bbox 1801 4636 2631 4722; baseline 0.002 -15"><span class='ocrx_word' id='word_1_761' title='bbox 1801 4636 1845 4693; x_wconf 83' lang='grc' dir='ltr'>ι)</span> <span class='ocrx_word' id='word_1_762' title='bbox 1874 4653 1927 4708; x_wconf 91' lang='lat' dir='ltr'><strong>id</strong></span> <span class='ocrx_word' id='word_1_763' title='bbox 1967 4652 2114 4722; x_wconf 88' lang='lat' dir='ltr'><strong>quod</strong></span> <span class='ocrx_word' id='word_1_764' title='bbox 2154 4660 2239 4707; x_wconf 88' lang='lat' dir='ltr'><strong>est</strong></span> <span class='ocrx_word' id='word_1_765' title='bbox 2267 4651 2631 4709; x_wconf 89' lang='lat' dir='ltr'><strong>indeﬁnitum.</strong></span> 
     </span>
    </p>
   </div>
   <div class='ocr_carea' id='block_1_104' title="bbox 1946 4742 3441 4818">
    <p class='ocr_par' dir='ltr' id='par_1_104' title="bbox 1946 4742 3441 4818">
     <span class='ocr_line' id='line_1_104' title="bbox 1946 4742 3441 4818; baseline 0.004 -22"><span class='ocrx_word' id='word_1_766' title='bbox 1946 4742 2042 4799; x_wconf 86' lang='lat' dir='ltr'><strong>His</strong></span> <span class='ocrx_word' id='word_1_767' title='bbox 2064 4750 2242 4799; x_wconf 91' lang='lat' dir='ltr'><strong>autem</strong></span> <span class='ocrx_word' id='word_1_768' title='bbox 2272 4744 2433 4799; x_wconf 86' lang='lat' dir='ltr'><strong>nobis</strong></span> <span class='ocrx_word' id='word_1_769' title='bbox 2461 4744 2541 4799; x_wconf 89' lang='lat' dir='ltr'><strong>sic</strong></span> <span class='ocrx_word' id='word_1_770' title='bbox 2572 4744 2845 4799; x_wconf 89' lang='lat' dir='ltr'><strong>distinctis</strong></span> <span class='ocrx_word' id='word_1_771' title='bbox 2878 4758 2942 4799; x_wconf 91' lang='lat' dir='ltr'><strong>ac</strong></span> <span class='ocrx_word' id='word_1_772' title='bbox 2973 4743 3186 4811; x_wconf 90' lang='lat' dir='ltr'><strong>divisis,</strong></span> <span class='ocrx_word' id='word_1_773' title='bbox 3219 4754 3441 4818; x_wconf 88' lang='lat' dir='ltr'><strong>tempus</strong></span> 
     </span>
    </p>
   </div>
   <div class='ocr_carea' id='block_1_105' title="bbox 1874 4835 3445 4905">
    <p class='ocr_par' dir='ltr' id='par_1_105' title="bbox 1874 4835 3445 4905">
     <span class='ocr_line' id='line_1_105' title="bbox 1874 4835 3445 4905; baseline 0.001 -15"><span class='ocrx_word' id='word_1_774' title='bbox 1874 4843 1960 4890; x_wconf 90' lang='lat' dir='ltr'><strong>est</strong></span> <span class='ocrx_word' id='word_1_775' title='bbox 1991 4843 2051 4888; x_wconf 95' lang='lat' dir='ltr'><strong>ut</strong></span> <span class='ocrx_word' id='word_1_776' title='bbox 2073 4835 2585 4905; x_wconf 90' lang='lat' dir='ltr'><strong>contemplationem</strong></span> <span class='ocrx_word' id='word_1_777' title='bbox 2618 4835 2928 4891; x_wconf 89' lang='lat' dir='ltr'><strong>divinorum</strong></span> <span class='ocrx_word' id='word_1_778' title='bbox 2973 4836 3313 4905; x_wconf 90' lang='lat' dir='ltr'><strong>eloquiorum</strong></span> <span class='ocrx_word' id='word_1_779' title='bbox 3355 4839 3445 4892; x_wconf 62' lang='lat' dir='ltr'><strong>ad.</strong></span> 
     </span>
    </p>
   </div>
   <div class='ocr_carea' id='block_1_106' title="bbox 1872 4921 3441 4996">
    <p class='ocr_par' dir='ltr' id='par_1_106' title="bbox 1872 4921 3441 4996">
     <span class='ocr_line' id='line_1_106' title="bbox 1872 4921 3441 4996; baseline 0.005 -22"><span class='ocrx_word' id='word_1_780' title='bbox 1872 4922 2131 4993; x_wconf 87' lang='lat' dir='ltr'><strong>jiciamus</strong></span> <span class='ocrx_word' id='word_1_781' title='bbox 2163 4940 2178 4978; x_wconf 88' lang='lat'><strong>:</strong></span> <span class='ocrx_word' id='word_1_782' title='bbox 2240 4921 2368 4978; x_wconf 83' lang='lat' dir='ltr'><strong>Veni</strong></span> <span class='ocrx_word' id='word_1_783' title='bbox 2407 4942 2438 4977; x_wconf 89' lang='lat' dir='ltr'><strong>a</strong></span> <span class='ocrx_word' id='word_1_784' title='bbox 2478 4922 2702 4989; x_wconf 77' lang='lat' dir='ltr'><strong>Libano,</strong></span> <span class='ocrx_word' id='word_1_785' title='bbox 2736 4941 2947 4996; x_wconf 81' lang='lat' dir='ltr'><strong>sponsa,</strong></span> <span class='ocrx_word' id='word_1_786' title='bbox 3004 4926 3119 4980; x_wconf 84' lang='lat' dir='ltr'><strong>veni</strong></span> <span class='ocrx_word' id='word_1_787' title='bbox 3150 4942 3183 4979; x_wconf 90' lang='lat' dir='ltr'><strong>a</strong></span> <span class='ocrx_word' id='word_1_788' title='bbox 3217 4925 3441 4989; x_wconf 87' lang='lat' dir='ltr'><strong>Libano.</strong></span> 
     </span>
    </p>
   </div>
   <div class='ocr_carea' id='block_1_107' title="bbox 1877 5014 3446 5087">
    <p class='ocr_par' dir='ltr' id='par_1_107' title="bbox 1877 5014 3446 5087">
     <span class='ocr_line' id='line_1_107' title="bbox 1877 5014 3446 5087; baseline 0.002 -19"><span class='ocrx_word' id='word_1_789' title='bbox 1877 5014 2046 5068; x_wconf 79' lang='lat' dir='ltr'><strong>venies</strong></span> <span class='ocrx_word' id='word_1_790' title='bbox 2079 5022 2128 5067; x_wconf 84' lang='lat' dir='ltr'><strong>et</strong></span> <span class='ocrx_word' id='word_1_791' title='bbox 2174 5015 2423 5069; x_wconf 76' lang='lat' dir='ltr'><strong>transibis</strong></span> <span class='ocrx_word' id='word_1_792' title='bbox 2471 5015 2535 5068; x_wconf 89' lang='lat' dir='ltr'><strong>ab</strong></span> <span class='ocrx_word' id='word_1_793' title='bbox 2571 5017 2720 5070; x_wconf 85' lang='lat' dir='ltr'><strong>initio</strong></span> <span class='ocrx_word' id='word_1_794' title='bbox 2746 5017 2891 5087; x_wconf 79' lang='lat' dir='ltr'><strong>ﬁdei,</strong></span> <span class='ocrx_word' id='word_1_795' title='bbox 2928 5033 2960 5071; x_wconf 89' lang='lat' dir='ltr'><strong>a</strong></span> <span class='ocrx_word' id='word_1_796' title='bbox 2998 5017 3168 5085; x_wconf 80' lang='lat' dir='ltr'><strong>capite</strong></span> <span class='ocrx_word' id='word_1_797' title='bbox 3204 5015 3366 5072; x_wconf 88' lang='lat' dir='ltr'><strong>Sanir</strong></span> <span class='ocrx_word' id='word_1_798' title='bbox 3394 5026 3446 5071; x_wconf 81' lang='lat' dir='ltr'><strong>et</strong></span> 
     </span>
    </p>
   </div>
   <div class='ocr_carea' id='block_1_108' title="bbox 1883 5103 3442 5177">
    <p class='ocr_par' dir='ltr' id='par_1_108' title="bbox 1883 5103 3442 5177">
     <span class='ocr_line' id='line_1_108' title="bbox 1883 5103 3442 5177; baseline 0.004 -21"><span class='ocrx_word' id='word_1_799' title='bbox 1883 5103 2136 5167; x_wconf 82' lang='lat' dir='ltr'><strong>Hermon,</strong></span> <span class='ocrx_word' id='word_1_800' title='bbox 2190 5122 2222 5158; x_wconf 90' lang='lat' dir='ltr'><strong>a</strong></span> <span class='ocrx_word' id='word_1_801' title='bbox 2259 5105 2440 5160; x_wconf 79' lang='lat' dir='ltr'><strong>lustris</strong></span> <span class='ocrx_word' id='word_1_802' title='bbox 2483 5106 2710 5169; x_wconf 84' lang='lat' dir='ltr'><strong>leonum,</strong></span> <span class='ocrx_word' id='word_1_803' title='bbox 2743 5124 2777 5161; x_wconf 87' lang='grc' dir='ltr'><strong>α</strong></span> <span class='ocrx_word' id='word_1_804' title='bbox 2819 5107 3081 5163; x_wconf 79' lang='lat' dir='ltr'><strong>montibus</strong></span> <span class='ocrx_word' id='word_1_805' title='bbox 3129 5106 3442 5177; x_wconf 72' lang='lat' dir='ltr'><strong>par-dorum.</strong></span> 
     </span>
    </p>
   </div>
   <div class='ocr_carea' id='block_1_109' title="bbox 1881 5195 3447 5268">
    <p class='ocr_par' dir='ltr' id='par_1_109' title="bbox 1881 5195 3447 5268">
     <span class='ocr_line' id='line_1_109' title="bbox 1881 5195 3447 5268; baseline 0 -19"><span class='ocrx_word' id='word_1_806' title='bbox 1881 5195 2020 5262; x_wconf 85' lang='lat' dir='ltr'><strong>Quid</strong></span> <span class='ocrx_word' id='word_1_807' title='bbox 2061 5211 2191 5266; x_wconf 77' lang='lat' dir='ltr'><strong>ergo</strong></span> <span class='ocrx_word' id='word_1_808' title='bbox 2224 5197 2278 5251; x_wconf 92' lang='lat' dir='ltr'><strong>in</strong></span> <span class='ocrx_word' id='word_1_809' title='bbox 2309 5197 2393 5252; x_wconf 87' lang='lat' dir='ltr'><strong>his</strong></span> <span class='ocrx_word' id='word_1_810' title='bbox 2437 5198 2596 5253; x_wconf 91' lang='lat' dir='ltr'><strong>nobis</strong></span> <span class='ocrx_word' id='word_1_811' title='bbox 2629 5198 2774 5254; x_wconf 88' lang='lat' dir='ltr'><strong>venit</strong></span> <span class='ocrx_word' id='word_1_812' title='bbox 2808 5200 2862 5254; x_wconf 94' lang='lat' dir='ltr'><strong>in</strong></span> <span class='ocrx_word' id='word_1_813' title='bbox 2908 5200 3186 5254; x_wconf 83' lang='lat' dir='ltr'><strong>mentem?</strong></span> <span class='ocrx_word' id='word_1_814' title='bbox 3224 5197 3447 5268; x_wconf 82' lang='lat' dir='ltr'><strong>Semper</strong></span> 
     </span>
    </p>
   </div>
   <div class='ocr_carea' id='block_1_110' title="bbox 1883 5288 3447 5362">
    <p class='ocr_par' dir='ltr' id='par_1_110' title="bbox 1883 5288 3447 5362">
     <span class='ocr_line' id='line_1_110' title="bbox 1883 5288 3447 5362; baseline -0.001 -19"><span class='ocrx_word' id='word_1_815' title='bbox 1883 5288 2005 5344; x_wconf 82' lang='lat' dir='ltr'><strong>fons</strong></span> <span class='ocrx_word' id='word_1_816' title='bbox 2035 5291 2302 5344; x_wconf 88' lang='lat' dir='ltr'><strong>bonorum</strong></span> <span class='ocrx_word' id='word_1_817' title='bbox 2329 5305 2423 5345; x_wconf 90' lang='lat' dir='ltr'><strong>eos</strong></span> <span class='ocrx_word' id='word_1_818' title='bbox 2453 5292 2546 5362; x_wconf 92' lang='lat' dir='ltr'><strong>qui</strong></span> <span class='ocrx_word' id='word_1_819' title='bbox 2582 5292 2776 5347; x_wconf 89' lang='lat' dir='ltr'><strong>sitiunt</strong></span> <span class='ocrx_word' id='word_1_820' title='bbox 2804 5291 2871 5347; x_wconf 92' lang='lat' dir='ltr'><strong>ad</strong></span> <span class='ocrx_word' id='word_1_821' title='bbox 2912 5307 2971 5347; x_wconf 90' lang='lat' dir='ltr'><strong>se</strong></span> <span class='ocrx_word' id='word_1_822' title='bbox 3007 5290 3253 5351; x_wconf 85' lang='lat' dir='ltr'><strong>attrahit,</strong></span> <span class='ocrx_word' id='word_1_823' title='bbox 3304 5290 3447 5345; x_wconf 87' lang='lat' dir='ltr'><strong>sicut</strong></span> 
     </span>
    </p>
   </div>
   <div class='ocr_carea' id='block_1_111' title="bbox 1890 5378 3449 5452">
    <p class='ocr_par' dir='ltr' id='par_1_111' title="bbox 1890 5378 3449 5452">
     <span class='ocr_line' id='line_1_111' title="bbox 1890 5378 3449 5452; baseline 0.001 -20"><span class='ocrx_word' id='word_1_824' title='bbox 1890 5378 2013 5434; x_wconf 80' lang='lat' dir='ltr'><strong>fons</strong></span> <span class='ocrx_word' id='word_1_825' title='bbox 2045 5379 2177 5433; x_wconf 90' lang='lat' dir='ltr'><strong>dicit</strong></span> <span class='ocrx_word' id='word_1_826' title='bbox 2201 5380 2253 5433; x_wconf 91' lang='lat' dir='ltr'><strong>in</strong></span> <span class='ocrx_word' id='word_1_827' title='bbox 2290 5378 2625 5451; x_wconf 74' lang='lat' dir='ltr'><strong>Evangelio:</strong></span> <span class='ocrx_word' id='word_1_828' title='bbox 2664 5379 2724 5436; x_wconf 89' lang='lat' dir='ltr'><strong>Si</strong></span> <span class='ocrx_word' id='word_1_829' title='bbox 2751 5382 2869 5452; x_wconf 83' lang='lat' dir='ltr'><strong>quis</strong></span> <span class='ocrx_word' id='word_1_830' title='bbox 2903 5381 3037 5443; x_wconf 86' lang='lat' dir='ltr'><strong>sitit,</strong></span> <span class='ocrx_word' id='word_1_831' title='bbox 3066 5380 3236 5434; x_wconf 80' lang='lat' dir='ltr'><strong>veniat</strong></span> <span class='ocrx_word' id='word_1_832' title='bbox 3277 5378 3347 5433; x_wconf 83' lang='lat' dir='ltr'><strong>ad</strong></span> <span class='ocrx_word' id='word_1_833' title='bbox 3369 5396 3449 5434; x_wconf 87' lang='lat' dir='ltr'><strong>me</strong></span> 
     </span>
    </p>
   </div>
   <div class='ocr_carea' id='block_1_112' title="bbox 1887 5470 3450 5542">
    <p class='ocr_par' dir='ltr' id='par_1_112' title="bbox 1887 5470 3450 5542">
     <span class='ocr_line' id='line_1_112' title="bbox 1887 5470 3450 5542; baseline 0.002 -18"><span class='ocrx_word' id='word_1_834' title='bbox 1887 5480 1937 5524; x_wconf 83' lang='lat' dir='ltr'><strong>et</strong></span> <span class='ocrx_word' id='word_1_835' title='bbox 1958 5471 2100 5523; x_wconf 86' lang='lat' dir='ltr'><strong>bibat</strong></span> <span class='ocrx_word' id='word_1_836' title='bbox 2123 5472 2188 5523; x_wconf 84' lang='lat'><strong>“.</strong></span> <span class='ocrx_word' id='word_1_837' title='bbox 2214 5471 2270 5524; x_wconf 92' lang='lat' dir='ltr'><strong>In</strong></span> <span class='ocrx_word' id='word_1_838' title='bbox 2293 5470 2379 5525; x_wconf 92' lang='lat' dir='ltr'><strong>his</strong></span> <span class='ocrx_word' id='word_1_839' title='bbox 2397 5472 2539 5526; x_wconf 90' lang='lat' dir='ltr'><strong>enim</strong></span> <span class='ocrx_word' id='word_1_840' title='bbox 2559 5486 2734 5542; x_wconf 90' lang='lat' dir='ltr'><strong>neque</strong></span> <span class='ocrx_word' id='word_1_841' title='bbox 2756 5472 2895 5536; x_wconf 90' lang='lat' dir='ltr'><strong>sitis,</strong></span> <span class='ocrx_word' id='word_1_842' title='bbox 2916 5486 3093 5541; x_wconf 90' lang='lat' dir='ltr'><strong>neque</strong></span> <span class='ocrx_word' id='word_1_843' title='bbox 3114 5472 3450 5528; x_wconf 82' lang='lat' dir='ltr'><strong>vehementis</strong></span> 
     </span>
    </p>
   </div>
   <div class='ocr_carea' id='block_1_113' title="bbox 214 5554 1756 5633">
    <p class='ocr_par' dir='ltr' id='par_1_113' title="bbox 214 5554 1756 5628">
     <span class='ocr_line' id='line_1_113' title="bbox 214 5554 1756 5628; baseline -0.006 -10"><span class='ocrx_word' id='word_1_844' title='bbox 214 5559 456 5618; x_wconf 72' lang='grc' dir='ltr'>πινέτω.</span> <span class='ocrx_word' id='word_1_845' title='bbox 514 5558 601 5610; x_wconf 85' lang='grc' dir='ltr'><strong>Ἑν</strong></span> <span class='ocrx_word' id='word_1_846' title='bbox 630 5557 838 5620; x_wconf 86' lang='grc' dir='ltr'>τούτοις</span> <span class='ocrx_word' id='word_1_847' title='bbox 877 5557 985 5628; x_wconf 78' lang='grc' dir='ltr'>γὰρ</span> <span class='ocrx_word' id='word_1_848' title='bbox 1026 5556 1147 5609; x_wconf 76' lang='grc' dir='ltr'><strong>οὕτε</strong></span> <span class='ocrx_word' id='word_1_849' title='bbox 1176 5557 1273 5627; x_wconf 85' lang='grc' dir='ltr'>τῆς</span> <span class='ocrx_word' id='word_1_850' title='bbox 1302 5556 1477 5626; x_wconf 85' lang='grc' dir='ltr'>δίψης,</span> <span class='ocrx_word' id='word_1_851' title='bbox 1517 5554 1641 5609; x_wconf 76' lang='grc' dir='ltr'>οὔτε</span> <span class='ocrx_word' id='word_1_852' title='bbox 1684 5556 1756 5627; x_wconf 61' lang='grc' dir='ltr'>τῆι</span> 
     </span>
    </p>
   </div>
   <div class='ocr_carea' id='block_1_114' title="bbox 1860 5554 3451 5633">
    <p class='ocr_par' dir='ltr' id='par_1_114' title="bbox 1887 5560 3451 5633">
     <span class='ocr_line' id='line_1_114' title="bbox 1887 5560 3451 5633; baseline 0.001 -20"><span class='ocrx_word' id='word_1_853' title='bbox 1887 5560 2065 5628; x_wconf 85' lang='lat' dir='ltr'><strong>ipsius</strong></span> <span class='ocrx_word' id='word_1_854' title='bbox 2092 5560 2459 5631; x_wconf 83' lang='lat' dir='ltr'><strong>appetitionis,</strong></span> <span class='ocrx_word' id='word_1_855' title='bbox 2485 5577 2661 5633; x_wconf 88' lang='lat' dir='ltr'><strong>neque</strong></span> <span class='ocrx_word' id='word_1_856' title='bbox 2702 5563 2821 5632; x_wconf 86' lang='lat' dir='ltr'><strong>ejus</strong></span> <span class='ocrx_word' id='word_1_857' title='bbox 2853 5577 2974 5632; x_wconf 68' lang='lat' dir='ltr'><strong>quae</strong></span> <span class='ocrx_word' id='word_1_858' title='bbox 3009 5562 3062 5616; x_wconf 92' lang='lat' dir='ltr'><strong>in</strong></span> <span class='ocrx_word' id='word_1_859' title='bbox 3090 5560 3324 5617; x_wconf 89' lang='lat' dir='ltr'><strong>bibendo</strong></span> <span class='ocrx_word' id='word_1_860' title='bbox 3358 5577 3451 5614; x_wconf 69' lang='lat' dir='ltr'><strong>ca.</strong></span> 
     </span>
    </p>
   </div>
   <div class='ocr_carea' id='block_1_115' title="bbox 217 5646 1787 5728">
    <p class='ocr_par' dir='ltr' id='par_1_115' title="bbox 217 5646 1787 5728">
     <span class='ocr_line' id='line_1_115' title="bbox 217 5646 1787 5728; baseline -0.005 -20"><span class='ocrx_word' id='word_1_861' title='bbox 217 5654 357 5728; x_wconf 84' lang='grc' dir='ltr'>πρὸς</span> <span class='ocrx_word' id='word_1_862' title='bbox 405 5648 565 5705; x_wconf 84' lang='grc' dir='ltr'>αὑτὸν</span> <span class='ocrx_word' id='word_1_863' title='bbox 596 5647 791 5720; x_wconf 80' lang='grc' dir='ltr'>ὁρμῆς,</span> <span class='ocrx_word' id='word_1_864' title='bbox 832 5646 955 5701; x_wconf 75' lang='grc' dir='ltr'>οὔτε</span> <span class='ocrx_word' id='word_1_865' title='bbox 995 5647 1096 5718; x_wconf 86' lang='grc' dir='ltr'>τῆς</span> <span class='ocrx_word' id='word_1_866' title='bbox 1130 5650 1187 5701; x_wconf 81' lang='grc' dir='ltr'><strong>έν</strong></span> <span class='ocrx_word' id='word_1_867' title='bbox 1214 5646 1292 5719; x_wconf 82' lang='grc' dir='ltr'>τῷ</span> <span class='ocrx_word' id='word_1_868' title='bbox 1330 5648 1505 5701; x_wconf 86' lang='grc' dir='ltr'>πίνειν</span> <span class='ocrx_word' id='word_1_869' title='bbox 1551 5647 1787 5701; x_wconf 82' lang='grc' dir='ltr'>ἀπολαύ-</span> 
     </span>
    </p>
   </div>
   <div class='ocr_carea' id='block_1_116' title="bbox 1890 5650 3453 5721">
    <p class='ocr_par' dir='ltr' id='par_1_116' title="bbox 1890 5650 3453 5721">
     <span class='ocr_line' id='line_1_116' title="bbox 1890 5650 3453 5721; baseline 0.004 -17"><span class='ocrx_word' id='word_1_870' title='bbox 1890 5650 2034 5721; x_wconf 82' lang='lat' dir='ltr'><strong>pitur</strong></span> <span class='ocrx_word' id='word_1_871' title='bbox 2056 5651 2430 5708; x_wconf 86' lang='lat' dir='ltr'><strong>delectationis</strong></span> <span class='ocrx_word' id='word_1_872' title='bbox 2459 5650 2607 5709; x_wconf 90' lang='lat' dir='ltr'><strong>dedit</strong></span> <span class='ocrx_word' id='word_1_873' title='bbox 2652 5652 2963 5719; x_wconf 85' lang='lat' dir='ltr'><strong>terminum,</strong></span> <span class='ocrx_word' id='word_1_874' title='bbox 3008 5653 3100 5711; x_wconf 86' lang='lat' dir='ltr'><strong>sed</strong></span> <span class='ocrx_word' id='word_1_875' title='bbox 3134 5653 3453 5713; x_wconf 66' lang='lat' dir='ltr'><strong>extensione</strong></span> 
     </span>
    </p>
   </div>
   <div class='ocr_carea' id='block_1_117' title="bbox 293 5823 1756 5897">
    <p class='ocr_par' dir='ltr' id='par_1_117' title="bbox 293 5823 1756 5897">
     <span class='ocr_line' id='line_1_117' title="bbox 293 5823 1756 5897; baseline 0.004 -16"><span class='ocrx_word' id='word_1_876' title='bbox 293 5827 340 5860; x_wconf 77' lang='lat'><strong>&quot;</strong></span> <span class='ocrx_word' id='word_1_877' title='bbox 382 5823 572 5883; x_wconf 75' lang='lat' dir='ltr'><strong>Matth.</strong></span> <span class='ocrx_word' id='word_1_878' title='bbox 606 5842 659 5892; x_wconf 80' lang='grc' dir='ltr'><strong>ν,</strong></span> <span class='ocrx_word' id='word_1_879' title='bbox 691 5826 744 5883; x_wconf 91' lang='grc'><strong>8.</strong></span> <span class='ocrx_word' id='word_1_880' title='bbox 838 5828 882 5864; x_wconf 71' lang='grc'><strong>⁸⁵</strong></span> <span class='ocrx_word' id='word_1_881' title='bbox 905 5826 1043 5887; x_wconf 85' lang='lat' dir='ltr'><strong>Psal.</strong></span> <span class='ocrx_word' id='word_1_882' title='bbox 1065 5846 1235 5897; x_wconf 79' lang='lat' dir='ltr'><strong>csuv,</strong></span> <span class='ocrx_word' id='word_1_883' title='bbox 1286 5827 1335 5882; x_wconf 82' lang='lat'><strong>5.</strong></span> <span class='ocrx_word' id='word_1_884' title='bbox 1416 5826 1460 5858; x_wconf 85' lang='lat'>“</span> <span class='ocrx_word' id='word_1_885' title='bbox 1484 5824 1627 5883; x_wconf 73' lang='lat' dir='ltr'><strong>Psal.</strong></span> <span class='ocrx_word' id='word_1_886' title='bbox 1656 5840 1756 5883; x_wconf 74' lang='grc' dir='ltr'>ιιι</span> 
     </span>
    </p>
   </div>
   <div class='ocr_carea' id='block_1_118' title="bbox 1860 5823 2629 5897">
    <p class='ocr_par' dir='ltr' id='par_1_118' title="bbox 1860 5826 2629 5897">
     <span class='ocr_line' id='line_1_118' title="bbox 1860 5826 2629 5897; baseline 0.007 -16"><span class='ocrx_word' id='word_1_887' title='bbox 1860 5840 1883 5894; x_wconf 63' lang='grc' dir='ltr'>ν,</span> <span class='ocrx_word' id='word_1_888' title='bbox 1927 5826 1979 5893; x_wconf 86' lang='grc'>6,</span> <span class='ocrx_word' id='word_1_889' title='bbox 2011 5828 2064 5886; x_wconf 88' lang='lat'><strong>8.</strong></span> <span class='ocrx_word' id='word_1_890' title='bbox 2146 5829 2193 5861; x_wconf 81' lang='lat'>“</span> <span class='ocrx_word' id='word_1_891' title='bbox 2219 5827 2377 5884; x_wconf 80' lang='lat' dir='ltr'><strong>Joau.</strong></span> <span class='ocrx_word' id='word_1_892' title='bbox 2411 5843 2508 5897; x_wconf 84' lang='lat' dir='ltr'><strong>vn,</strong></span> <span class='ocrx_word' id='word_1_893' title='bbox 2536 5826 2629 5886; x_wconf 76' lang='lat'><strong>57.</strong></span> 
     </span>
    </p>
   </div>
  </div>
