4028 6506
522 417 634 478 M3

1795 415 1854 472 S.
1892 413 2223 470 GREGOIH!
2284 413 2573 473 NYSSENI

3654 412 3763 468 ιιι

1578 480 1591 503 ι

530 535 788 609 praecepti
827 533 882 587 in
916 538 1257 601 perpetuum,
1308 528 1437 583 facit
1470 527 1906 582 adhortationem
1936 537 1989 581 et
2018 529 2091 580 si-

2198 547 2328 595 σεως
2361 533 2556 587 ἔδωκεν
2603 531 2745 600 ὅρον.
2793 524 2930 581 ἀλλὰ
2961 524 3041 595 τῷ
3082 520 3433 595 παρατατικῷ
3462 517 3557 573 τοῦ
3584 536 3761 591 προσ-

531 627 700 685 tiendi
742 633 798 682 et
833 620 1076 685 bibendi,
1120 628 1185 675 et.
1219 618 1425 690 impetu
1455 618 1524 672 ad
1548 632 1677 673 eum
1708 617 2092 673 contendendi.

529 723 604 781 lis
631 727 813 776 autem
858 717 952 789 qui
984 715 1100 785 jam
1141 720 1453 784 gustarunt.
1502 719 1557 767 et
1588 700 1923 780 eiperientia
1955 710 2095 762 didi.

529 819 722 869 cerunt
747 808 892 879 quod
925 808 1104 863 bonus
1125 805 1197 862 sit
1215 803 1499 867 Dominus,
1530 811 1724 873 gustus
1755 801 1814 855 fit
1847 801 2092 870 quaedam

528 902 699 959 veluti
726 900 1038 955 adhortatio
1054 898 1124 953 ad
1150 896 1431 967 amplioris
1455 894 1582 950 boni
1600 892 2093 964 participationem.

531 993 817 1064 Propterea
848 991 1164 1048 ascendenti
1196 1002 1474 1058 nunquam
1518 985 1719 1042 deficit
1738 1000 1859 1055 quae
1890 982 1990 1053 ipsi
2038 982 2097 1035 fit

529 1082 855 1146 adhortatio,
874 1082 944 1137 ad
971 1080 1026 1136 id
1056 1080 1200 1151 quod
1225 1087 1310 1135 est
1329 1076 1505 1146 majus
1535 1077 1761 1131 omnino
1790 1076 2091 1128 attrahens.

530 1176 868 1232 Revocemus
908 1173 1053 1229 enim
1095 1173 1151 1227 in
1195 1170 1511 1227 memoriam
1549 1168 1662 1239 jam
1706 1182 1850 1238 saepe
1879 1182 2096 1237 sponsa

530 1269 729 1323 factam
753 1268 807 1321 in
827 1266 893 1322 iis
903 1280 1024 1336 quae
1045 1271 1441 1334 praecesserunt
1457 1262 1619 1317 Verbi
1637 1261 2092 1321 adhortationem,

529 1360 765 1414 dicentis
800 1377 815 1413 :
842 1357 988 1420 Veni,
1006 1356 1296 1425 propinqua
1315 1370 1451 1408 mea.
1472 1352 1538 1408 Et
1564 1368 1793 1409 rursus:
1822 1352 2092 1416 Veniliae,

530 1449 772 1511 columba
800 1464 935 1511 mea,
990 1456 1043 1501 et
1077 1462 1089 1497 :
1133 1445 1260 1500 Veni
1305 1444 1405 1499 huc
1443 1447 1499 1499 in
1540 1453 1885 1515 tegumentum
1913 1457 2094 1512 petra.

529 1542 775 1612 Cumque
810 1541 910 1594 has
934 1546 987 1593 et
1011 1535 1280 1606 ejusmodi
1309 1537 1445 1591 alias
1475 1535 1829 1590 adhortantes
1856 1542 1908 1587 et
1936 1542 2097 1586 attra-

532 1634 727 1689 hentes
774 1631 840 1685 ad
885 1629 1153 1698 majorum
1184 1628 1517 1683 desiderium
1559 1626 1627 1681 ad
1673 1628 1908 1680 animam
1934 1640 2097 1680 voces

530 1724 803 1783 emisisset
830 1720 1091 1785 Verbum,
1132 1726 1187 1775 et
1226 1719 1279 1775 ei
1307 1719 1420 1789 jam
1456 1718 1522 1772 ad
1563 1719 1738 1788 ipsum
1778 1716 2095 1772 ascendenti

531 1815 858 1871 testiﬁcatus
886 1821 1058 1873 esset,
1095 1809 1244 1879 quod
1282 1819 1431 1864 esset
1456 1808 1692 1865 omnino
1723 1807 2090 1868 immaculata,

2194 625 2465 693 τάγματος
2694 619 2756 671 τδ
2814 615 3058 687 διηνεκὲς
3121 615 3266 666 ποιεῖ
3305 611 3402 681 τὴν
3443 608 3763 679 προτροπὴν

2195 715 2287 766 καὶ
2314 712 2408 766 τοῦ
2442 710 2601 781 διψῇν
2641 711 2735 764 καὶ
2773 707 2864 762 τοῦ
2911 707 3105 767 πίνειν,
3144 706 3236 759 καί
3282 704 3374 756 τοῦ
3419 703 3556 772 πρὸς
3594 701 3763 754 αὑτὸν

2194 806 2290 874 τὴν
2318 804 2493 876 ὁρμὴν
2538 802 2697 872 ἔχειν.
2748 802 2871 863 Τοῖς
2918 800 2975 853 δὲ
3016 796 3370 866 γευσαμένοις
3400 794 3524 864 ήδη,
3569 794 3762 862 καὶτῇ

2195 897 2360 968 πείρᾳ
2393 895 2652 966 μαθοῦσιν
2677 895 2758 948 ὅτι
2804 891 3033 965 χρηστὸς
3059 891 3087 943 ὁ
3115 890 3335 959 Κύριος,
3364 882 3473 939 οἶόν
3512 903 3593 948 τις
3626 902 3763 955 προ-

2194 987 2368 1059 τροπὴ
2398 986 2534 1056 πρὸς
2571 984 2669 1057 τὴν
2719 984 2813 1038 τοῦ
2863 982 3104 1044 πλείονος
3157 979 3443 1050 μετουσίαν
3484 980 3517 1046 η
3567 975 3761 1043 γεῦσις

2193 1072 2423 1147 γίνεται.
2458 1078 2558 1132 Διὰ
2602 1076 2760 1131 τοῦτο
2802 1074 3054 1129 οὐδέποτε
3084 1073 3258 1126 λείπει
3294 1070 3371 1140 τῷ
3414 1068 3760 1122 ἀναϐαίνοντι

2194 1172 2228 1242 ἡ
2273 1170 2527 1241 γινομένη
2558 1161 2693 1239 πρὸς
2721 1168 2883 1222 αὐτὸν
2929 1165 3211 1238 προτροπὴ
3261 1164 3294 1233 ἠ
3340 1162 3566 1215 πάντοτε
3617 1157 3763 1228 πρὸς

2192 1262 2253 1317 τὸ
2305 1262 2484 1333 μεῖζον
2544 1261 2899 1332 ἐφελκομένη.
2969 1254 3432 1328 Ὑπομνησθῶμεν
3481 1252 3586 1322 γὰρ
3653 1249 3763 1319 τῆς

2196 1354 2451 1417 πολλάκις
2478 1355 2537 1407 ὲν
2565 1356 2678 1417 τοῖς
2715 1351 2980 1422 φθάσασιν
3011 1349 3109 1421 ἠδη
3140 1346 3509 1417 γεγενημένης
3544 1357 3761 1413 παρορ⁶

2199 1448 2415 1516 μήσεως
2443 1445 2591 1516 παρὰ
2608 1443 2709 1499 τοῦ
2732 1442 2903 1512 Λόγου
2932 1445 2999 1515 τῇ
3050 1442 3235 1513 νύμφῃ
3253 1457 3267 1469 ·
3314 1436 3504 1503 Ἐλθέ,
3533 1437 3571 1501 ἡ
3602 1438 3761 1502 πλη-

2195 1540 2334 1592 σίον
2358 1539 2496 1608 μοῦ,
2525 1538 2704 1607 λέγει’
2733 1537 2828 1590 καὶ
2851 1536 3031 1599 πάλιν,
3060 1533 3260 1601 Δεῦρο,
3279 1529 3589 1599 περιστερά
3612 1546 3758 1598 μουο

2195 1630 2309 1691 καὶ,
2354 1627 2533 1697 Δεῦρο
2585 1627 2853 1695 σεαυτὴν
2891 1628 2961 1680 ἐν
2992 1624 3185 1693 σκέπῃ
3232 1623 3308 1692 τῇ
3357 1622 3594 1689 πέτρας.
3644 1621 3762 1673 Καὶ

2194 1720 2356 1783 ἄλλας
2378 1723 2627 1784 τοιαύτας
2654 1720 2835 1789 φωνὰς
2868 1717 3265 1790 προτρεπτικάς
3298 1734 3355 1770 τε
3377 1715 3479 1768 ’καὶ
3503 1712 3764 1775 ἑλκτικὰς

2194 1810 2291 1878 τῆς
2319 1810 2424 1862 τῶν
2454 1808 2709 1878 μειζόνων
2738 1807 3029 1878 ἐπιθυμίας
3051 1809 3079 1861 ό
3106 1807 3276 1875 Λόγος
3304 1806 3439 1876 πρὸς
3462 1804 3559 1875 τὴν
3577 1804 3762 1874 ψυχὴν

531 1908 751 1962 dicens:
791 1906 924 1959 Tota
968 1902 1189 1971 pulchra
1226 1916 1302 1963 es.
1351 1910 1400 1955 et
1440 1900 1650 1954 macula
1695 1911 1914 1954 nonest
1940 1900 1996 1952 in
2028 1908 2094 1965 te,

2198 1901 2580 1970 ποιησάμενος,
2626 1900 2719 1953 καὶ
2766 1900 3117 1970 μαρτυρήσας
3158 1899 3259 1970 ήδη
3301 1901 3367 1968 τῇ
3418 1897 3549 1967 πρὸς
3594 1896 3759 1949 αὐτὸν

530 2014 600 2054 ne
638 1999 738 2051 hoc
770 1995 1085 2051 testimonio
1120 1995 1263 2049 elata
1309 2002 1363 2048 et
1398 1992 1539 2046 facta
1572 1992 1897 2046 insolentior
1927 1994 2094 2064 impe-

524 2088 758 2152 diretur,
788 2101 898 2156 quo
934 2087 1114 2140 minus
1138 2085 1457 2140 ascenderet
1495 2083 1561 2136 ad
1588 2084 1804 2146 altiora,
1836 2099 1932 2152 per
1954 2083 2097 2138 hanc

528 2176 857 2230 adhortandi
889 2189 1074 2230 vocem
1102 2189 1300 2229 rursus
1326 2174 1651 2228 adhortatur
1671 2173 1738 2227 ad
1763 2173 2094 2227 desiderium

524 2284 712 2325 rerum
743 2282 1122 2338 supernarum,
1166 2266 1389 2322 dicens:
1439 2265 1553 2319 Huc
1582 2283 1616 2319 a
1650 2264 2092 2335 Libano,spoma.

530 2360 645 2416 Hoc
669 2368 853 2415 autem
882 2359 1028 2430 quod
1056 2358 1261 2413 dicitur
1288 2365 1371 2414 est
1400 2356 1666 2429 ejusmodi
1685 2372 1703 2410 :
1720 2354 1887 2411 Recte
1909 2365 2098 2411 secuta

527 2467 612 2517 es,
655 2451 832 2521 inquit
897 2451 953 2504 in
1008 2448 1459 2520 praecedentibus,
1515 2448 1714 2504 venisti
1767 2462 1977 2503 mecum
2038 2449 2093 2502 in

529 2554 768 2598 montem
812 2543 1064 2613 myrrhae.
1107 2541 1435 2611 Consepulta
1490 2540 1634 2596 enim
1685 2539 1836 2594 fuisti
1885 2554 2096 2593 mecum

532 2651 629 2707 per
671 2634 995 2705 baptismum
1043 2634 1101 2688 in
1134 2641 1383 2688 mortem.
1437 2631 1610 2687 Simul
1662 2647 1873 2687 mecum
1931 2633 2096 2687 etiam

532 2720 829 2777 ascendisti
871 2721 924 2774 in
952 2721 1143 2776 collem
1176 2721 1375 2775 thuris.
1408 2719 1542 2775 Nam
1576 2720 1993 2786 consurrexisti,
2043 2728 2099 2776 et

533 2813 587 2866 in
616 2813 786 2867 altum
830 2810 980 2867 fuisti
1012 2812 1226 2867 sublata
1268 2814 1322 2866 in
1352 2813 1732 2869 communione
1770 2814 2096 2877 divinitatis,

534 2918 696 2974 quam
730 2902 971 2959 ostendit
1017 2918 1217 2957 nomen
1255 2903 1451 2958 thuris.
1490 2903 1737 2959 Ascende
1788 2918 1918 2974 ergo
1964 2904 2096 2957 mihi

533 2995 699 3050 etiam
729 2996 798 3050 ab
828 2994 914 3050 bis
941 2994 1218 3050 montibus
1257 2994 1310 3048 in
1342 2996 1479 3050 alios
1521 3004 1754 3060 montes,
1806 2997 2097 3065 proﬁciens

530 3094 590 3141 et
635 3085 691 3139 in
744 3086 911 3140 altum
963 3093 1150 3140 evecta
1204 3100 1299 3155 per
1347 3084 1652 3141 evidentem
1704 3087 2094 3156 cognitionem.

533 3177 675 3243 Huc,
714 3178 913 3248 inquit,
967 3192 998 3230 a
1047 3176 1279 3240 Libano,
1334 3191 1444 3231 non
1485 3178 1720 3247 amplius
1759 3178 1827 3231 ad
1877 3179 2097 3247 nuptias

533 3271 724 3340 petita,
761 3270 859 3325 sed
886 3283 1086 3338 sponsa
1115 3268 1299 3338 potius
1326 3269 1409 3323 vel
1436 3276 1625 3338 nupta.
1664 3267 1780 3323 Non
1804 3270 1949 3323 enim
1981 3268 2096 3324 ﬁeri

522 3366 735 3430 potest,
765 3367 822 3412 ut
844 3372 1057 3411 mecum
1104 3358 1226 3411 vitae
1268 3356 1720 3411 consuetudinem
1748 3342 1749 3345 “
1773 3358 1968 3412 habeat
1997 3359 2097 3412 ali-

533 3449 683 3520 quis,
729 3449 836 3503 nisi
885 3463 980 3518 per
1026 3449 1219 3503 mortis
1271 3448 1548 3518 myrrham
1600 3456 2000 3504 transmutetur
2031 3449 2098 3504 ad

534 3541 715 3597 thuris
734 3540 1093 3595 divinitatem.
1120 3538 1387 3605 Quoniam
1414 3539 1526 3608 jam
1551 3541 1617 3594 ad
1639 3540 1779 3595 hanc
1805 3541 2099 3610 pervenisti

537 3630 898 3696 altitudinem,
949 3644 1020 3684 ne
1057 3637 1170 3685 stes
1199 3629 1519 3694 ascendens,
1564 3638 1624 3684 ut
1657 3647 1778 3701 quae
1815 3632 1928 3700 jam
1975 3647 2100 3703 pro-

536 3730 726 3793 pterea
790 3718 1102 3791 perveneris
1155 3718 1224 3773 ad
1282 3718 1690 3790 perfectionem.
1750 3721 1901 3777 Fidei
1955 3723 2098 3778 enim

540 3814 865 3885 principium
897 3812 998 3867 tibi
1024 3818 1110 3868 est
1156 3812 1259 3867 hoc
1279 3812 1429 3877 thus,
1458 3815 1619 3883 cujus
1650 3814 1801 3870 fuisti
1830 3816 2100 3886 particeps

543 3921 638 3974 per
661 3904 1140 3968 resurrectionem,
1171 3904 1500 3975 principium
1530 3915 1613 3961 est
1636 3919 1816 3961 autem
1849 3922 2099 3977 progres-

540 3995 626 4051 sui
684 3995 751 4050 ad
807 3994 947 4051 bona
992 3994 1316 4049 excelsiora.
1367 3995 1450 4048 Ab
1485 3996 1588 4051 hoc
1633 4011 1763 4068 ergo
1806 3997 2095 4067 principio,

536 4087 684 4156 quod
720 4091 805 4140 est
856 4085 1011 4149 ﬁdes.
1043 4084 1233 4140 venies
1281 4091 1335 4139 et
1379 4086 1642 4141 transibis
1687 4103 1699 4137 :
1736 4086 1839 4141 hoc
1884 4096 1986 4151 est,
2033 4086 2100 4141 Et

539 4190 687 4232 nunc
717 4175 921 4243 venies,
971 4182 1027 4231 et
1074 4190 1184 4231 non
1215 4175 1459 4233 cessabis
1486 4192 1700 4247 semper
1723 4178 1964 4234 transire
2005 4194 2100 4249 per

534 4263 855 4335 hujusmodi
884 4265 1251 4321 ascensiones.

611 4444 705 4499 Sic
739 4450 917 4499 autem
951 4443 1110 4498 habet
1142 4444 1426 4499 verborum
1465 4454 1756 4503 contextus
1788 4467 1801 4502 :
1841 4447 2021 4503 Veniet
2048 4459 2099 4503 et

532 4534 790 4591 transibis
825 4535 889 4588 ab
918 4535 1069 4589 initio
1110 4535 1255 4604 ﬁdei,
1303 4553 1335 4590 a
1371 4539 1539 4606 capite
1578 4537 1741 4592 Sam’r
1762 4548 1810 4592 et
1843 4538 2093 4594 Hermon.

538 4628 641 4684 Per
671 4627 774 4682 hoc
802 4634 981 4682 autem
1019 4627 1328 4683 subindicat
1359 4630 1674 4699 mysterium
1708 4631 1961 4686 secunda:
2001 4646 2098 4685 na-

534 4717 787 4774 tivitatis.
817 4716 955 4771 Hinc
977 4717 1121 4772 enim
1145 4718 1335 4774 dicunt
1362 4734 1584 4776 manare
1612 4719 1789 4776 fontes
1819 4719 2095 4787 Jordanis,

537 4823 702 4887 supra
734 4824 871 4878 quos
896 4809 1033 4863 situs
1062 4818 1144 4864 est
1172 4810 1260 4864 hic
1295 4826 1451 4865 mons
1483 4802 1575 4880 qui
1605 4810 1864 4866 dividitur
1902 4813 1956 4866 in
1986 4813 2095 4868 duo

535 4899 841 4961 cacumina,
869 4899 1068 4970 quibus
1098 4902 1349 4972 imposita
1387 4910 1515 4957 sunt
1548 4901 1659 4957 hac
1683 4903 1905 4957 nomina
1936 4903 2098 4960 Sanir

532 4989 869 5046 etHernion.
913 4991 1178 5057 Quoniam
1228 5009 1357 5065 ergo
1408 4993 1553 5065 quod
1600 5010 1669 5049 ex
1718 4994 1803 5051 bis
1850 4997 2093 5053 fontibus

534 5092 722 5137 manat
772 5081 1056 5147 fluentum,
1119 5084 1218 5139 fuit
1269 5086 1425 5142 nobis
1471 5085 1794 5156 principium
1839 5088 1892 5142 in
1925 5087 2091 5143 Deum

534 5172 1058 5241 transformationis,
1117 5188 1179 5229 ea
1236 5173 1304 5230 de
1352 5190 1518 5230 causa
1568 5176 1719 5229 audit
1755 5191 1941 5233 vocem
1976 5179 2097 5248 ejus

532 5264 630 5334 qui
655 5271 816 5319 vocat
847 5263 915 5318 ad
942 5264 1143 5334 ipsum,
1174 5265 1361 5321 dicens
1388 5283 1401 5320 :
1444 5264 1577 5321 Veni
1607 5281 1636 5318 a
1664 5264 1894 5333 Libano,
1941 5279 1996 5324 et
2029 5270 2099 5326 ab

534 5357 690 5412 initio
721 5356 864 5421 lidei,
894 5365 947 5412 et
978 5372 1009 5410 a
1037 5342 1215 5428 capite
1246 5354 1407 5411 Sanir
1447 5364 1500 5411 et
1528 5354 1764 5410 Hermon
1796 5374 1810 5410 :
1843 5372 1872 5410 a
1900 5360 2097 5429 capite,

535 5445 780 5515 inquam,
814 5445 1005 5500 horum
1036 5446 1300 5501 montium
1327 5444 1471 5499 unde
1496 5443 1591 5498 tibi
1622 5443 1729 5497 orti
1757 5454 1887 5500 sunt
1914 5447 2092 5508 fontes

535 5536 802 5605 mysterii.
844 5534 1075 5591 Pulchre
1102 5545 1283 5591 autem
1318 5535 1467 5589 addit
1505 5534 1835 5591 mentionem
1876 5539 2092 5599 leonum

534 5634 588 5678 et
616 5626 928 5695 pardorum,
971 5636 1029 5680 ut
1075 5643 1171 5697 per
1198 5626 1522 5683 additionem
1563 5645 1754 5688 eorum
1802 5648 1922 5703 quae
1964 5642 2094 5689 sunt

535 5718 788 5777 molesta.
825 5720 1127 5772 suaviorem
1157 5718 1346 5774 reddat
1382 5735 1502 5788 qua:
1535 5737 1600 5776 ex
1630 5725 1794 5781 rebus
1817 5725 2091 5781 delectan-

527 5806 681 5862 tibus
710 5808 1027 5878 percipitur,
1060 5810 1412 5881 voluptatem.
1445 5810 1713 5879 Quoniam
1741 5816 1886 5872 enim
1926 5816 2091 5873 homo

2116 3219 2170 3282 C

2194 1991 2418 2062 ἀνιούσῃ
2466 1992 2527 2043 τὸ
2564 1991 2651 2046 διὰ
2680 1990 2895 2044 πάντων
2924 1990 3240 2061 ἀμώμητον,
3273 1989 3460 2051 εἰπὼν,
3494 1990 3574 2042 ὅτι
3608 1989 3757 2054 Ὅλη

2196 2079 2376 2147 καλὴ,
2412 2080 2507 2133 καί
2547 2079 2748 2149 μῶμος
2776 2081 2887 2133 οὐκ
2910 2081 3081 2133 ἐστιν
3106 2080 3175 2133 ἑν
3200 2078 3318 2144 σοὶ,
3348 2080 3424 2143 ὡς
3455 2078 3521 2131 ἂν
3569 2078 3645 2147 μὴ
3688 2082 3757 2149 τῇ

2194 2172 2472 2243 μαρτυρίᾳ
2502 2180 2672 2245 ταύτῃ
2722 2172 3142 2242 ὲγχαυνωθείσα,
3179 2173 3315 2242 πρὸς
3350 2172 3447 2243 τὴν
3483 2171 3591 2223 τῶν
3633 2188 3756 2240 μει-

2198 2264 2361 2328 ζόνων
2392 2263 2573 2317 ἄνοδον
2603 2262 2947 2333 ὲμποδισθείη
2983 2262 3142 2315 πάλιν
3172 2262 3258 2315 διὰ
3284 2263 3380 2333 τῆς
3431 2278 3760 2333 προτρεπτι-

2198 2354 2300 2423 κῆς
2328 2353 2527 2424 ταύτης
2572 2355 2753 2425 φωνῆς
2783 2354 2874 2406 ἐπὶ
2904 2353 3003 2425 τὴν
3045 2354 3152 2407 τῶν
3199 2354 3601 2424 ὑπερκειμένων
3634 2356 3756 2406 ἑπι-

2198 2443 2397 2513 θυμίαν
2423 2443 2683 2513 ἀναϐῆναι
2713 2443 3160 2515 παρακελεύεται,
3188 2443 3360 2512 λέγων
3378 2461 3391 2474 ’
3423 2443 3603 2510 Δεῦρο
3639 2445 3758 2499 ἀπὸ

2197 2533 2474 2597 Λιϐάνου,
2515 2537 2737 2603 νύμφη.
2784 2536 2856 2588 Τὸ
2903 2536 2959 2588 δὲ
3004 2535 3290 2606 λεγόμενον
3334 2534 3572 2588 τοιοῦτόν
3601 2537 3713 2588 ἐστι
3738 2551 3754 2566 ·

2194 2627 2404 2691 Καλῶς,
2430 2628 2613 2698 φησὶν,
2642 2630 2698 2680 ὲν
2734 2631 2848 2689 τοῖς
2886 2626 3151 2695 φθάσασιν
3177 2626 3562 2698 ὴκολούθησας.
3595 2622 3759 2696 ἦλθες

2202 2719 2319 2789 μετ’
2345 2719 2479 2790 ὲμοῦ
2516 2719 2649 2790 πρὸς
2674 2719 2735 2772 τὸ
2758 2720 2879 2790 ὅρος
2898 2720 2998 2790 τῆς
3025 2718 3286 2791 σμύρνης.
3318 2721 3628 2789 Συνετάφης
3650 2721 3759 2790 γάρ

2201 2828 2290 2881 μοι
2312 2810 2398 2864 διὰ
2420 2811 2514 2866 τοῦ
2553 2811 2921 2882 βαπτίσματος
2963 2814 3042 2876 είς
3078 2811 3169 2866 τὸν
3202 2812 3446 2866 θάνατον.
3495 2812 3757 2881 Συνῆλθές

2202 2920 2290 2973 μοι
2321 2902 2415 2956 καὶ
2458 2903 2549 2955 ἐπὶ
2598 2902 2688 2955 τὸν
2741 2902 2926 2973 βουνὸν
2973 2902 3066 2957 τοῦ
3133 2901 3373 2960 λιϐάνου.
3427 2904 3759 2971 Συνανέστης

2198 2996 2307 3064 γὰρ
2349 2995 2441 3047 καὶ
2491 2994 2708 3066 ὑψώθης
2754 2998 2812 3048 ὲν
2849 2997 2911 3067 τῇ
2951 2995 3050 3065 τῆς
3102 2994 3349 3067 θεότητος
3390 2997 3657 3065 κοινωνία,
3691 2996 3757 3066 ἣν

2199 3084 2529 3138 ἐνδείκνυται
2577 3084 2671 3138 τοῦ
2737 3085 2955 3140 λιϐάνου
3012 3085 3072 3139 τὺ
3116 3086 3305 3156 ὄνομα.
3368 3086 3621 3157 Ἀνάϐηθί
3670 3104 3757 3156 μοι

2199 3173 2306 3226 ἀπὸ
2337 3173 2541 3226 τούτων
2569 3176 2661 3227 καὶ
2697 3176 2789 3227 ἐπὶ
2819 3175 2981 3244 ἔτερα
3010 3175 3131 3246 ὅρη,
3165 3176 3544 3246 προκόπτουσά
3574 3194 3628 3228 τε
3666 3177 3759 3229 καὶ

2202 3262 2473 3335 ὑψουμένη
2520 3263 2609 3317 διὰ
2636 3265 2736 3334 τῆς
2767 3266 3021 3336 ἐνεργοῦς
3057 3265 3327 3335 γνώσεως.
3379 3267 3547 3338 Δεῦρο
3583 3269 3757 3321 τοίνυν

2200 3356 2306 3409 ἀπὸ
2344 3356 2597 3423 Λιϐάνου,
2643 3360 2828 3428 φησὶν,
2871 3358 3052 3411 οὐκέτι
3103 3358 3338 3430 μνηστὴ.
3374 3360 3506 3413 ἀλλὰ
3551 3360 3755 3429 νύμφη.

2201 3445 2274 3497 Οὐ
2303 3446 2410 3516 γάρ
2453 3448 2567 3498 ἐστι
2609 3447 2828 3500 δυνατὸν
2877 3448 3001 3518 ἐμοὶ
3034 3449 3260 3520 συζῆσαι
3288 3450 3376 3502 τὸν
3427 3451 3499 3522 μὴ
3544 3451 3762 3504 ἀλλοιω-

2202 3537 2357 3591 θέντα
2388 3538 2474 3591 διὰ
2504 3539 2604 3609 τῆς
2634 3539 2728 3593 τοῦ
2776 3539 3003 3595 θανάτου
3053 3540 3296 3612 σμύρνης
3346 3541 3482 3613 πρὸς
3524 3541 3622 3611 τὴν
3665 3541 3757 3594 τοῦ

2215 3626 2431 3682 λιϐάνου
2462 3626 2709 3699 θεότητα.
2756 3628 2974 3701 Ἐπειδὴ
2999 3629 3059 3682 ὲν
3083 3629 3255 3700 τούτῳ
3280 3630 3507 3700 γέγονας
3543 3631 3640 3702 ήδη
3684 3630 3758 3700 τῷ

2203 3719 2343 3789 ὕψει,
2379 3719 2452 3790 μὴ
2490 3722 2618 3791 στῇς
2651 3720 2902 3787 ἀνιοῦσα,
2924 3721 2999 3785 ὡς
3026 3722 3122 3794 ἢδη
3148 3722 3244 3775 διὰ
3285 3723 3489 3776 τούτων
3528 3710 3760 3777 ἐπιϐᾶσα

2198 3812 2299 3880 τῆς
2336 3810 2700 3883 τελειότητοςν
2728 3812 2893 3884 Ἀρχὴ
2939 3813 3045 3883 γάρ
3079 3829 3159 3865 σοι
3198 3813 3430 3877 πίστεως
3467 3814 3495 3865 ό
3549 3813 3760 3878 λίϐανος

2198 3898 2349 3965 οὗτος
2395 3902 2623 3971 γίνεται,
2671 3895 2731 3956 οῦ
2782 3904 3039 3975 μετέσχες
3093 3904 3180 3957 διὰ
3236 3906 3334 3974 τῆς
3381 3906 3758 3967 άναστάσεωςι

2199 3992 2341 4063 ἁρχὴ
2376 3992 2432 4044 δὲ
2461 3992 2554 4045 καὶ
2582 3996 2651 4063 τῇ
2685 3992 2777 4045 ἐπὶ
2820 3992 2888 4045 τά
2930 3991 3235 4062 ὑψηλότερα
3270 3991 3378 4044 τῶν
3418 3991 3632 4059 ἀγαθῶν
3665 4009 3762 4043 περ

2202 4082 2342 4152 ρείᾳ.
2391 4082 2521 4135 ’Λπὺ
2549 4082 2724 4136 τοίνυν
2754 4083 2852 4153 τῆς
2894 4083 3068 4153 ἀρχῆς
3101 4082 3322 4151 ταύτης,
3394 4082 3513 4151 ἥτις
3545 4083 3689 4136 ἐστὶν
3725 4083 3759 4151 η

2200 4176 2401 4242 πίστις,
2432 4173 2622 4246 ὲλεύσῃ
2652 4175 2747 4229 καὶ
2771 4172 3014 4246 διελεύσῃ
3034 4190 3049 4204 ·
3076 4174 3339 4240 τουτέστι,
3357 4172 3467 4227 Καὶ
3484 4172 3578 4226 νῦν
3590 4174 3756 4244 ἥξεις,

2201 4269 2294 4322 καὶ
2326 4269 2495 4321 εἰσαεὶ
2524 4267 2840 4338 διερχομένη
2885 4265 2973 4320 διὰ
3004 4265 3114 4320 τῶν
3141 4265 3392 4320 τοιούτων
3428 4266 3626 4319 ἀνόδων
3660 4267 3756 4319 οὐκ

2200 4358 2507 4431 ὰπολήξεις.

2274 4453 2424 4521 Ἔχει
2454 4453 2511 4505 δὲ
2548 4452 2580 4522 ἡ
2612 4452 2753 4518 λέξις
2788 4450 2992 4515 οὕτως⁸
3034 4451 3289 4520 Ἐλεύσῃ
3326 4452 3425 4504 καὶ
3452 4451 3755 4518 διελεύσῃ,

2198 4543 2300 4597 ἀπ’
2349 4542 2539 4612 ἀρχῆς
2590 4544 2862 4610 πίστεως,
2916 4544 3034 4598 ἀπὸ
3084 4544 3352 4613 κεφαλῆς
3394 4545 3605 4611 Σανείρ
3658 4544 3753 4599 καὶ

2216 4631 2461 4702 Ἑρμῶν.
2490 4634 2588 4688 Διά
2630 4638 2831 4689 τούτων
2868 4636 2925 4689 δὲ
2974 4636 3036 4689 τὸ
3081 4636 3179 4706 τῆς
3226 4634 3428 4689 ἄνωθεν
3456 4637 3757 4707 γεννήσεως

2204 4725 2489 4793 ὑποφαίνει
2560 4728 2873 4797 μυστήριον.
2934 4726 3214 4780 Ἐντεῦθεν
3272 4727 3379 4795 γὰρ
3442 4726 3754 4798 προχεῖσθαί

2200 4832 2334 4885 φησι
2364 4814 2463 4879 τὰς
2486 4815 2578 4869 τοῦ
2622 4816 2880 4888 Ἰορδάνου
2911 4817 3113 4888 πηγάς,
3148 4810 3222 4872 ὧν
3279 4818 3597 4889 ὑπέρκειται
3637 4818 3755 4871 τοῦ-

2199 4925 2261 4962 το
2283 4908 2427 4978 ὅρος,
2456 4906 2546 4961 δύο
2575 4908 2783 4977 λοφιαῖς
2823 4910 3191 4981 μεριζόμενον,
3228 4906 3317 4975 αἷς
3360 4912 3530 4965 ταῦτα
3558 4913 3757 4965 ὲπίκει·

2197 5014 2286 5050 ται
2312 4997 2380 5050 τὰ
2410 4997 2646 5067 ὀνόματα
2674 4998 2867 5070 Σανεὶρ
2895 5000 2987 5053 καὶ
3018 4999 3251 5069 Ἑρμῶν.
3298 5000 3452 5052 Ἐπεὶ
3494 4997 3586 5055 οὖν
3613 5002 3669 5054 τὸ
3695 5003 3755 5053 ὲκ

2195 5084 2304 5138 τῶν
2332 5085 2523 5155 πηγῶν
2564 5085 2766 5139 τούτων
2811 5086 3023 5159 ῥεῖθρον
3046 5088 3186 5159 ἁρχὴ
3225 5089 3445 5158 γέγονεν
3489 5094 3623 5161 ἡμῖν
3658 5092 3754 5160 τῆς

2196 5176 2335 5247 πρὸς
2380 5176 2440 5229 τὸ
2471 5177 2624 5231 Θεῖον
2659 5180 3081 5251 μεταποιήσεως,
3135 5181 3325 5234 τούτου
3370 5183 3527 5254 χάριν
3573 5184 3754 5237 ἀκούει

2194 5265 2286 5320 τοῦ
2328 5266 2464 5336 πρὸς
2489 5267 2679 5322 ἑαυτὸν
2706 5268 2995 5332 καλοῦντος
3023 5271 3210 5340 αὐτήν.
3245 5273 3341 5336 Ὃς
3366 5290 3530 5343 φησιν
3555 5292 3567 5303 ο
3591 5275 3755 5347 Δεῦρο

2194 5354 2304 5409 άπὸ
2330 5356 2560 5411 Λιϐάνου
2586 5359 2681 5411 καὶ
2712 5360 2820 5414 ἀπὸ
2843 5362 3015 5432 ἀρχῆς
3043 5362 3292 5426 πίστεως,
3324 5365 3417 5416 καὶ
3445 5364 3554 5416 άπὸ
3594 5383 3755 5433 κεφα-

2196 5449 2296 5521 λῆς
2343 5449 2450 5505 τῶν
2497 5451 2667 5522 ὀρέων
2710 5452 2933 5517 τούτων,
2975 5452 3097 5508 ὅθεν
3146 5456 3226 5507 σοὶ
3259 5457 3544 5523 γεγόνασιν
3577 5459 3630 5508 αἱ
3665 5455 3754 5507 τοῦ

2199 5541 2499 5611 μυστηρίου
2550 5543 2756 5614 πηγαίο
2812 5544 2991 5607 καλῶς
3033 5544 3090 5598 δὲ
3142 5546 3462 5616 προστίθησι
3510 5546 3608 5615 τὴν
3653 5546 3755 5599 τῶν

2197 5631 2423 5686 λεόντων
2448 5650 2509 5686 τε
2550 5636 2644 5687 καὶ
2676 5635 2990 5706 παρδάλεων
3025 5638 3263 5709 μνήμην,
3306 5640 3391 5693 ἵνα
3416 5638 3503 5691 διὰ
3529 5640 3624 5709 τῆς
3652 5639 3755 5692 τῶν

2196 5720 2454 5793 λυπηρῶν
2487 5723 2861 5795 παραθέσεως,
2909 5726 3245 5796 γλυκυτέραν
3288 5730 3488 5803 ποιήσῃ
3512 5730 3625 5801 τὴν
3652 5729 3755 5783 τῶν

2194 5814 2590 5885 εὐφραινόντων
2632 5816 2948 5873 ἀπόλαυσιν.
3016 5819 3231 5890 Ἐπειδὴ
3268 5821 3375 5891 γάρ
3428 5821 3756 5890 άποθέμενός
