3932 6508
184 466 307 527 9ιό

1214 473 1290 528 IN
1310 473 1608 531 CANTICA‘
1629 476 1902 534 CANTIC.
1938 474 2225 532 HOMILIA
2264 474 2400 533 VIII.

3296 472 3434 537 7946

184 597 327 635 ποτε
348 583 409 636 τὸ
440 583 579 636 θεῖον
612 580 749 649 εἶδος
773 586 802 639 6
838 585 1140 659 ἅνθρωπος,
1177 590 1314 661 πρὸς
1342 592 1440 664 τὴν
1474 593 1764 666 ὁμοιότητα

1864 593 1954 664 qui
1984 600 2201 648 creatus
2247 592 2426 649 fuerat
2468 592 2535 647 ad
2571 591 2740 649 Verbi
2779 589 3094 661 imaginem,
3146 605 3272 645 cum
3324 594 3426 647 ali-

185 673 291 743 τῆς
338 674 533 742 ἀλόγου
581 675 793 744 φύσεως
844 678 1138 750 ὲθηριώθη,
1184 682 1449 753 πάρδαλις
1490 686 1585 739 καὶ
1627 685 1764 740 λέων

186 763 280 816 διὰ
314 763 421 817 τῶν
466 766 715 837 πονηρῶν
747 769 1190 841 ἐπιτηδευμάτων
1217 775 1521 847 γενόμενος.
1565 778 1623 832 '0
1657 778 1767 851 γὰρ

186 854 302 908 ὑπὸ
346 856 438 909 τοῦ
489 856 702 923 λέοντος
744 859 1023 926 ὲλκυσθεὶς
1069 863 1164 917 τοῦ
1209 865 1577 939 ὲνεδρεὺοντος
1609 870 1668 924 ἐν
1696 873 1763 942 τῇ

191 945 428 1017 μάνδρᾳ,
462 946 642 1011 καθώς
670 966 833 1020 φησιν
864 953 893 1005 6
921 953 1232 1026 Προφήτης,
1266 957 1363 1010 καὶ
1396 957 1455 1011 ἐν
1479 960 1547 1032 τῇ
1580 959 1765 1029 παγίδι

187 1037 360 1090 αὑτοῦ
411 1039 782 1106 ταπεινωθεὶς,
828 1041 965 1115 πρὸς
1005 1044 1105 1116 τὴν
1146 1046 1353 1100 ἐκείνου
1385 1047 1545 1118 φύσιν
1596 1068 1764 1120 μετα-

190 1129 517 1199 μορφοῦται,
549 1133 1056 1204 κατακρατήσαντος
1075 1136 1173 1190 τοῦ
1197 1136 1385 1210 θηρίου
1406 1140 1504 1211 τῆς
1527 1140 1760 1212 φύσεως.

190 1218 423 1287 Ὅμοιοι
454 1220 562 1293 γὰρ
591 1223 795 1291 αὐτοῖς
832 1225 1098 1295 γένοιντο
1135 1232 1188 1283 οἱ
1222 1231 1535 1300 ποιοῦντες
1572 1234 1763 1303 αὐτὰ,

190 1311 352 1380 φησὶ,
384 1313 478 1366 καὶ
502 1312 723 1381 πάντες
740 1318 793 1369 οἱ
812 1319 1158 1391 πεποιθότες
1174 1320 1267 1374 ἐπ’
1282 1323 1503 1392 αὐτοῖς.
1533 1325 1765 1397 Ὁμοίως

193 1401 255 1454 δὲ
288 1403 383 1454 καὶ
411 1403 677 1475 πάρδαλις
701 1406 905 1475 γίνεται
961 1411 990 1463 6
1012 1409 1099 1464 6:6
1126 1411 1235 1467 τῶν
1259 1414 1353 1468 τοῦ
1384 1415 1500 1487 βίου
1533 1418 1765 1490 κηλίδων

188 1491 295 1561 τὴν
325 1491 500 1564 ψυχὴν
543 1498 919 1566 στιγματίσας.
961 1499 1113 1554 Ἐπεὶ
1152 1497 1244 1557 οὖν
1284 1499 1354 1576 ἦν
1401 1523 1533 1561 ποτε
1572 1509 1661 1562 ὅτε
1704 1511 1763 1564 ὲν

188 1584 370 1637 τοῖσδε
394 1580 462 1654 ἦν
488 1585 550 1638 τὸ
574 1586 931 1659 ἀνθρώπινον.
959 1590 1047 1644 διά
1068 1592 1168 1662 τῆς
1206 1592 1645 1669 εἰδωλολατρείας
1668 1600 1764 1655 καὶ

188 1672 295 1743 τῆς
334 1673 631 1746 Ἰουδαϊκῆς
661 1677 899 1749 ἀπάτης,
930 1679 1023 1732 καὶ
1052 1679 1151 1751 τῆς
1174 1682 1423 1755 ποικίλης
1445 1685 1554 1739 τῶν
1580 1686 1764 1759 ἀμαρ-

190 1764 383 1819 τωλῶν
416 1769 616 1834 κακίας
648 1769 995 1843 πλανώμενον
1015 1791 1029 1806 ·
1062 1775 1203 1845 μετά
1239 1775 1410 1831 ταῦτα
1451 1778 1507 1832 δὲ
1549 1779 1637 1834 διὰ
1667 1779 1760 1835 τοῦ

206 1856 474 1928 Ἰορδάνου
522 1862 615 1913 καὶ
658 1861 758 1931 τῆς
808 1863 1052 1936 σμύρνης
1094 1867 1188 1920 καὶ
1235 1867 1592 1926 τοῦνΛιόάνου
1627 1871 1764 1943 πρὸς

1866 684 2083 756 quando
2127 683 2359 739 formam
2414 683 2651 740 divinam
2687 683 2954 745 exuisset,
3009 682 3109 737 fuit
3148 682 3426 749 eﬂ‘eratus,

1866 775 2026 830 malis
2062 774 2260 831 studiis
2292 773 2517 831 eﬂ‘ectus
2549 781 2634 830 est
2656 774 2861 846 pardus
2889 783 2944 829 et
2988 775 3091 830 leo.
3130 773 3233 840 Qui
3281 776 3426 829 enim

1866 874 2131 922 attractus
2185 865 2286 921 fuit
2322 882 2352 921 a
2398 866 2554 923 leone
2585 866 2680 937 qui
2713 866 3006 921 insidiatur
3051 866 3111 919 in
3148 866 3427 936 speltmca,

1865 957 2008 1014 sicut
2037 956 2171 1012 dicit
2190 956 2460 1029 Propheta
2483 957 2550 1023 ⁸⁷,
2590 964 2647 1013 et
2671 964 2757 1013 est
2780 958 2899 1027 ejus
2929 957 3125 1026 laqueo
3158 956 3427 1021 irretitus,

1866 1047 2289 1104 transformatur
2311 1049 2366 1103 in
2398 1049 2545 1106 illius
2574 1056 2848 1113 naturam,
2875 1048 3021 1119 quod
3057 1062 3087 1102 a
3122 1048 3433 1104 belluana-

1866 1149 1989 1195 tura
2027 1149 2332 1211 superetur.
2376 1138 2591 1197 Similes
2628 1140 2806 1205 enim,
2845 1138 3050 1210 inquit,
3085 1139 3159 1194 eis
3187 1140 3321 1210 ﬁant
3341 1140 3432 1210 qui

1865 1232 2067 1303 faciunt
2093 1247 2179 1297 ea,
2197 1240 2247 1285 et
2278 1246 2455 1286 omnes
2483 1232 2572 1302 qui
2597 1229 2868 1300 conﬁdunt
2896 1230 2951 1282 in
2981 1230 3057 1283 eis
3078 1230 3145 1282 ⁸⁸.
3168 1229 3433 1284 Similiter

1865 1335 2044 1380 autem
2076 1322 2138 1379 ﬁt
2161 1323 2323 1380 etiam
2360 1321 2583 1395 pardus,
2625 1322 2719 1393 qui
2762 1335 2860 1392 per
2894 1320 3019 1376 vitae
3048 1322 3295 1376 maculas
3330 1335 3433 1376 no-

1862 1415 2000 1470 tavit
2032 1422 2086 1470 et
2133 1414 2454 1486 compunxit
2500 1412 2760 1470 animam.
2803 1409 2938 1466 Cum
2976 1425 3104 1481 ergo
3141 1410 3433 1482 aliquando

1863 1504 1920 1560 in
1952 1505 2037 1562 bis
2063 1504 2258 1561 fuisset
2278 1503 2464 1568 homo,
2493 1516 2685 1559 errans
2713 1515 2811 1572 per
2849 1498 3217 1555 idololatriam
3244 1508 3301 1555 et
3336 1497 3435 1555 Ju-

1863 1596 2080 1653 daicum
2126 1610 2389 1663 errorem,
2441 1604 2497 1651 et
2538 1593 2751 1649 varium
2804 1597 3153 1663 peccatorum
3205 1591 3431 1656 vitium;

1862 1696 2054 1758 postea
2097 1696 2277 1743 autem
2315 1702 2417 1757 per~
2440 1684 2731 1741 Jordanem
2761 1691 2817 1739 et
2855 1683 3130 1755 myrrham
3178 1690 3234 1739 et
3269 1681 3433 1739 Liba-

1862 1792 1994 1832 num
2023 1776 2160 1832 adeo
2191 1777 2248 1832 in
2277 1777 2443 1831 altum
2466 1781 2615 1833 esset
2641 1783 2880 1839 erectus,
2916 1781 2977 1828 ut
2998 1773 3111 1843 jam
3140 1775 3266 1827 cum
3313 1773 3435 1844 ipso

1862 1866 1974 1924 Deo
1995 1866 2247 1924 sublimis
2274 1866 2589 1922 incederet:
2619 1864 2744 1921 ideo
2769 1864 3056 1935 Scriptura
3081 1864 3432 1934 praesentium

192 1948 447 2003 τοσοῦτον
472 1950 680 2023 ὑψώθη,
715 1952 857 2007 ὥστε
889 1956 1047 2010 αὑτὸν
1077 1957 1178 2030 ήδη
1217 1964 1762 2036 συμμετεωροπορεῖν

1865 1959 2135 2015 bonorum
2186 1957 2512 2029 multiplicat
2564 1957 2830 2019 laetitiam,
2866 1954 3117 2010 adductis
3149 1968 3271 2024 quae
3300 1952 3434 2008 olim

194 2037 277 2109 τῷ
328 2039 481 2110 Θεῷο
520 2043 726 2107 ,τούτου
778 2045 937 2116 χάριν
989 2048 1271 2115 πλεονάζει
1318 2052 1427 2105 τῶν
1480 2055 1762 2126 παρόντων

194 2129 421 2198 ἀγαθῶν
446 2132 544 2203 τὴν
572 2134 908 2209 εὐφροσύνην
933 2140 962 2192 6
995 2138 1172 2207 λόγος.
1212 2142 1309 2197 Διά
1351 2144 1450 2214 τῆς
1483 2144 1593 2197 τῶν
1633 2152 1764 2198 ποτε

196 2222 580 2292 γεγενημένων
634 2227 873 2298 ἀνιαρῶν
932 2230 1287 2301 παραθέσεως
1350 2235 1662 2308 προφέρων
1704 2239 1764 2291 ὲν

192 2310 336 2367 τίσιν
364 2308 433 2385 ἦν
462 2314 495 2385 ὴ
524 2314 670 2388 ψυχὴ
717 2319 822 2389 πρὸ
843 2319 938 2372 τοῦ
972 2322 1200 2377 Λιϐάνου
1230 2327 1326 2379 καὶ
1350 2327 1450 2397 τῆς
1476 2329 1649 2400 ἀρχῆς
1664 2330 1764 2401 τῆς

193 2404 452 2471 πίστεως,
484 2408 579 2463 καὶ
609 2409 715 2480 πρὸ
735 2410 842 2465 τῶν
879 2412 971 2466 ἐπὶ
1008 2414 1099 2468 τοῦ
1149 2416 1410 2487 Ἰορδάνου
1437 2420 1765 2492 γνωρισθέν-

193 2513 302 2589 των
343 2499 476 2569 ἡμῖν
506 2501 837 2572 μυστηρίων,
881 2503 969 2569 Ὠς
1008 2505 1117 2579 γὰρ
1158 2509 1191 2580 ἡ
1235 2510 1607 2586 κατ’γείρήνην
1651 2514 1765 2589 ζωὴ

194 2587 504 2679 γλυκυτέρα
535 2591 671 2662 μετά
713 2593 805 2647 τὸν
840 2596 1074 2668 πόλεμον
1112 2601 1341 2668 γίνεται,
1368 2607 1481 2669 τοῖς
1515 2587 1763 2679 σκυθρωέ

195 2682 320 2743 ποῖς
343 2674 672 2753 διηγήμασιν
697 2685 998 2758 ἠδυνομένη
1017 2706 1032 2719 ·
1060 2692 1155 2744 καί
1191 2692 1252 2745 τὸ
1291 2694 1389 2764 τῆς
1417 2696 1605 2764 ὑγείας
1630 2674 1765 2766 ἀγα-

195 2768 310 2840 θὸν,
358 2773 555 2843 μᾶλλον
599 2776 1017 2845 καταγλυκαίνει
1061 2782 1129 2835 τὰ
1175 2783 1271 2836 τοῦ
1318 2785 1566 2856 σώματος
1608 2791 1764 2861 ήμῶν

196 2863 544 2936 αἰσθητήρια,
580 2867 628 2919 εί
654 2866 718 2922 ἔκ
743 2886 888 2931 τινος
912 2872 1361 2945 ἀρρωστημάτων
1401 2878 1595 2949 ἀηδίας
1631 2882 1767 2954 πρὸς

196 2955 395 3029 ἑαυτὴν
424 2958 708 3013 ἐπανέλθοι
750 2962 910 3015 πάλιν
957 2966 991 3035 ή
1021 2968 1212 3034 φύσις·
1251 2969 1343 3025 τδν
1382 2972 1541 3026 αὑτὸν
1568 2976 1767 3046 τρόπον

195 3048 441 3102 ὲπίταιτίν
477 3066 600 3104 τινα
646 3052 742 3105 καὶ⁹
780 3054 1119 3127 πλεονασμὸν
1150 3060 1252 3129 τῆς
1290 3062 1349 3114 ὲν
1387 3066 1500 3128 τοῖς
1541 3068 1766 3136 ἀγαθοῖς

194 3140 532 3233 εὑφροσὺνης
581 3144 877 3233 οἰκονομῶν
920 3149 948 3200 ὁ
994 3148 1198 3216 ἀγαθὸς
1242 3153 1487 3233 νυμφίος.
1518 3160 1582 3228 τῇ
1633 3160 1769 3230 πρὸς

194 3228 355 3334 αὑτὸν
384 3229 613 3343 ἀνιοὺἏ
637 3232 804 3303 ψυχῇ,
853 3234 1112 3343 οὑιμόνον
1147 3237 1209 3292 τὸ
1243 3241 1434 3295 ἑαυτοῦ
1476 3228 1763 3320 κάλλοςίτῇ
1792 3287 1834 3343 C

195 3317 380 3391 νύμφῃ
428 3323 835 3394 προδείκνυσιν·
883 3327 1017 3382 ἀλλὰ
1054 3332 1148 3384 καὶ
1190 3331 1285 3386 τοῦ
1328 3317 1763 3405 φρικωδεστάτου

192 3409 301 3464 τῶν
329 3411 531 3483 θηρίων
549 3414 722 3479 εἴδους
742 3417 1144 3492 ὑπομιμνήσκει
1159 3422 1237 3493 τῷ
1263 3424 1426 3496 λόγῳ.
1458 3428 1544 3493 ἵνα
1568 3429 1767 3497 μᾶλλον

194 3501 477 3575 ἐντρυφῴη
516 3507 634 3592 τοῖς
674 3509 906 3579 παροῦσι
949 3500 1153 3578 καλοῖς,
1191 3517 1534 3586 μανθάνουσα
1558 3521 1646 3574 διὰ
1670 3523 1766 3592 τῆς

196 3594 566 3664 παραθέσεως,
591 3590 679 3651 οἷα
708 3599 826 3653 ἀνθ’
858 3600 985 3655 οἴων
1012 3604 1299 3679 ἠλλάξατο.
1332 3609 1482 3679 Τάχα
1506 3611 1562 3664 δέ
1596 3630 1648 3664 τι
1676 3590 1767 3666 καὶ

118 3760 137 3780 ο
192 3684 381 3759 ἕτερον
432 3687 524 3780 διά
571 3688 775 3743 τούτων
822 3692 887 3745 ὲκ
934 3677 1189 3763 προνοίας
1232 3677 1442 3767 ἀγαθὸν
1483 3706 1549 3775 τῇ
1582 3703 1768 3779 νύμφῃ

194 3779 683 3844 κατασκευάζεται.
719 3783 935 3854 Ἐπειδὴ
967 3785 1075 3856 γὰρ
1109 3763 1354 3856 βούλεται
1378 3763 1585 3863 ἡμᾶς”ό
1615 3763 1768 3865 λόγος

193 3871 457 3939 στρεπτοὺς
502 3870 661 3934 ὄντας
701 3872 842 3925 κατά
884 3872 986 3944 τὴν
1018 3875 1199 3943 φύσιν,
1238 3878 1312 3950 μὴ
1343 3882 1479 3952 πρὸς
1509 3883 1571 3936 τὸ
1602 3885 1769 3938 κακὸν

196 3958 284 4012 διὰ
324 3960 425 4029 τῆς
479 3962 686 4034 τροπῆς
721 3963 1043 4034 άπορῤἐειν·
1084 3966 1220 4022 ἀλλά
1270 3969 1357 4024 διὰ
1392 3973 1490 4043 τῆς
1534 3974 1670 4044 πρὸς
1709 3976 1770 4029 τὸ

197 4052 441 4119 κρεῖττον
470 4053 555 4105 ἀεὶ
577 4054 868 4126 γινομένης
898 4057 1198 4128 αὐξήσεως,
1234 4063 1489 4134 συνεργὸν
1517 4066 1617 4136 τὴν
1647 4084 1770 4135 τρο-

199 4140 306 4205 πὴν
356 4142 493 4213 πρὸς
519 4143 617 4215 τὴν
646 4146 754 4199 τῶν
802 4146 1148 4220 ὑψηλοτέρων
1188 4150 1372 4204 ἄνοδον
1420 4154 1583 4223 ἔχειν,
1627 4156 1767 4211 ὥστε

196 4232 604 4305 κατορθωθῆναι
645 4233 734 4291 διὰ
768 4237 862 4291 τοῦ
899 4240 1134 4311 τρεπτοῦ
1160 4242 1258 4312 τῆς
1295 4244 1508 4313 φύσεως
1531 4247 1686 4317 ήμῶν
1708 4251 1769 4303 τὸ

197 4323 332 4394 πρὸς
363 4326 425 4379 τὸ
470 4328 640 4382 κακὸν
691 4330 1081 4393 ἀναλλοίωτον·
1132 4333 1322 4388 τούτου
1378 4338 1535 4407 χάριν
1582 4339 1769 4414 ῶσπερ

192 4415 316 4469 τινὰ
366 4418 708 4488 παιδαγωγὸν
754 4422 851 4475 καὶ
891 4423 1106 4492 φύλακα
1140 4425 1277 4493 πρὸς
1305 4425 1403 4497 τὴν
1432 4428 1542 4481 τῶν
1583 4432 1769 4486 κακῶν

195 4506 569 4577 ἀλλοτρίωσιν,
603 4511 703 4583 τὴν
737 4514 959 4585 μνήμην
997 4515 1106 4569 τῶν
1146 4534 1275 4569 ποτε
1321 4524 1770 4593 κατακρατησάν-

1864 2051 2085 2108 fuerunt
2113 2050 2374 2114 molestis,
2404 2046 2636 2104 ati'erens
2660 2049 2713 2103 in
2735 2047 3063 2119 quibusnam
3088 2052 3233 2104 esset
3254 2044 3434 2101 anima

1864 2151 1989 2199 ante
2016 2141 2282 2197 Libanum
2307 2148 2361 2196 et
2400 2140 2616 2196 initium
2666 2140 2811 2205 ﬁdei,
2853 2148 2908 2196 et
2939 2146 3065 2194 ante
3093 2152 3124 2193 a
3148 2138 3310 2194 nobis
3334 2153 3432 2192 co-

1861 2235 2012 2307 gnita
2041 2234 2095 2291 in
2127 2232 2364 2289 Jordane
2390 2232 2670 2304 mysteria.
2718 2232 3004 2297 Quomodo
3041 2231 3190 2287 enim
3222 2244 3344 2301 quae
3377 2232 3433 2283 in

1863 2343 1996 2399 pace
2041 2326 2223 2398 agitur
2252 2326 2386 2389 vita,
2422 2333 2547 2396 post
2590 2310 2793 2380 bellum
2834 2323 2898 2378 ﬁt
2934 2324 3170 2390 dulcior,
3205 2321 3431 2380 suavior

1861 2417 2071 2473 reddita
2107 2416 2357 2473 tristibus
2388 2415 2831 2477 narrationibus:
2861 2423 2916 2470 et
2933 2416 3146 2471 bonum
3178 2413 3433 2471 sanitatis

1862 2508 2057 2578 majori
2086 2506 2248 2563 allicit
2280 2507 2571 2562 dulcedine
2608 2514 2831 2562 nostros
2858 2521 3074 2572 sensus,
3114 2506 3160 2561 si
3198 2521 3266 2560 ex
3289 2505 3433 2560 tristi

1863 2602 2041 2671 aliqua
2063 2599 2383 2671 aegritudine
2403 2598 2471 2653 ad
2494 2613 2554 2654 se
2580 2598 2767 2653 redeat
2791 2608 2985 2652 natura
3018 2616 3031 2651 :
3059 2595 3249 2651 eodem
3271 2594 3435 2651 modo

1863 2700 2212 2763 augmentum
2240 2698 2294 2745 et
2327 2687 2837 2760 multiplicationem
2869 2686 3068 2741 laetitiae
3104 2698 3225 2754 quae
3261 2690 3347 2737 est
3379 2682 3436 2735 in

1864 2783 2043 2847 bonis,
2073 2783 2401 2852 dispensans
2427 2781 2604 2834 bonus
2638 2794 2878 2848 sponsus
2921 2777 3117 2830 anima:
3156 2774 3222 2828 ad
3255 2773 3433 2843 ipsum

1864 2874 2200 2936 ascendenti,
2245 2887 2354 2926 non
2388 2871 2563 2925 solum
2595 2882 2812 2938 sponsa:
2848 2881 3002 2921 suam
3041 2863 3284 2919 ostendit
3314 2862 3436 2932 pul-

1865 2969 2250 3031 chritudinem,
2293 2965 2389 3021 sed
2438 2963 2619 3019 verbis
2642 2963 2804 3015 etiam
2845 2974 2965 3016 eam
3010 2959 3265 3013 admonet
3310 2957 3436 3011 hor—

1866 3059 2047 3114 renda:
2083 3057 2270 3112 formae
2322 3056 2582 3114 ferarum,
2642 3060 2700 3106 ut
2755 3051 2820 3104 in-
2866 3047 3226 3120 praesentibus
3280 3047 3436 3100 bonis

1867 3149 2126 3217 majorem
2151 3146 2331 3215 capiat
2371 3145 2727 3213 voluptatem,
2765 3140 2985 3196 discens
3015 3154 3112 3209 per
3153 3151 3436 3207 compara-

1868 3240 2093 3298 tionem,
2120 3250 2367 3306 quamam
2400 3234 2729 3305 quibusnam
2759 3230 3006 3285 mutavit.
3050 3228 3307 3284 Fortasse
3341 3243 3438 3280 au-

1869 3338 1973 3385 tem
2008 3328 2169 3384 etiam
2216 3328 2436 3397 aliquod
2486 3325 2634 3379 aliud
2668 3325 2868 3379 bonum
2920 3338 3015 3392 per
3060 3322 3177 3376 haec
3225 3335 3438 3389 sponsae

1867 3421 2124 3475 conciliat
2151 3436 2217 3476 ex
2261 3419 2619 3491 providentia.
2656 3416 2922 3483 Quoniam
2967 3416 3112 3471 enim
3155 3413 3436 3483 Scriptura

1868 3513 1982 3567 vult
2016 3527 2116 3567 nos
2145 3513 2237 3582 qui
2280 3527 2469 3566 sumus
2505 3510 2796 3564 mutabiles
2828 3508 3129 3561 secundum
3163 3513 3435 3567 natttram,

1870 3602 2092 3657 minime
2125 3600 2358 3656 deﬂuere
2406 3600 2470 3654 ad
2494 3600 2707 3653 malum
2754 3598 2848 3668 per
2887 3596 3283 3650 mutationem:
3342 3595 3435 3649 sed

1868 3711 1963 3765 per
1990 3696 2384 3750 incrementum
2424 3692 2566 3761 quod
2596 3705 2813 3769 semper
2849 3689 2939 3743 liat
2973 3688 3039 3742 ad
3071 3687 3288 3749 melius,
3342 3686 3436 3740 ad-

1865 3788 2120 3857 jntricem
2156 3787 2353 3841 habere
2380 3783 2791 3848 conversionem
2846 3781 2913 3834 ad
2942 3794 3230 3833 ascensum
3252 3778 3319 3832 ad
3350 3794 3437 3833 res

1868 3880 2219 3944 excelsiores,
2271 3887 2329 3930 ut
2364 3891 2464 3929 nos
2496 3882 2643 3928 recte
2682 3887 2936 3941 geramus
2974 3885 3070 3940 per
3105 3877 3315 3923 natura:
3342 3884 3435 3922 no-

1871 3979 1999 4025 stra:
2039 3971 2453 4024 conversionem
2494 3982 2524 4019 a
2556 3967 2856 4019 mutatione
2893 3962 2957 4015 ad
2994 3962 3231 4014 malum:
3281 3975 3347 4014 ea
3373 3960 3438 4014 de

1869 4075 2059 4123 causa,
2112 4068 2368 4129 tanquam
2414 4058 2740 4127 paedagogus
2791 4053 3062 4122 quispiam
3109 4058 3164 4106 et
3208 4051 3438 4114 amicus,

1822 4218 1848 4224 ,ι
1871 4153 1940 4207 ad
1970 4167 2074 4229 nos
2100 4166 2129 4204 a
2164 4151 2320 4205 malis
2352 4138 2693 4209 alienandos,
2727 4145 2952 4201 adduxit
2983 4142 3266 4213 Scriptura
3290 4156 3435 4197 men-

1872 4244 2073 4299 tionem
2104 4242 2338 4295 ferarum
2357 4254 2477 4310 qua:
2510 4237 2800 4309 aliquando
2822 4234 3164 4289 dominatum
3190 4231 3435 4287 obtinue-

1870 4343 2023 4396 runt,
2061 4339 2121 4386 ut
2153 4346 2246 4401 per
2276 4328 2617 4385 aversionem
2646 4325 2715 4381 ab
2748 4325 2815 4379 iis
2840 4337 2963 4393 quae
2993 4329 3123 4377 sunt
3144 4318 3437 4383 deteriora,

1870 4426 2097 4483 stabiles
2126 4436 2442 4477 maneamus
2481 4418 2538 4475 in
2569 4418 2750 4480 bonis,
2787 4430 2967 4485 neque
2989 4414 3248 4469 sistentes
3276 4408 3345 4464 ad
3386 4409 3438 4465 id

1871 4517 2015 4590 quod
2063 4498 2149 4572 est
2186 4514 2381 4568 melius
2422 4511 2802 4570 mutationem,
2858 4521 3033 4576 neque
3066 4519 3166 4559 nos
3207 4516 3437 4558 conver-

194 4612 304 4688 των
337 4596 539 4668 θηρίων
597 4601 626 4651 6
675 4602 828 4670 λόγος
864 4606 1226 4676 προήνεγκεν,
1257 4607 1342 4661 ἵνα
1386 4613 1451 4681 τῇ
1485 4613 1764 4688 ἀποτροπῇ

1870 4617 2047 4666 tentes
2077 4607 2143 4661 ad
2180 4605 2404 4659 malum.
2434 4601 2730 4670 Pmpterea
2775 4598 2929 4668 jubet
2965 4609 3223 4667 sponsam
3253 4592 3437 4649 venire

182 4686 303 4740 τῶν
350 4690 605 4758 χειρόνων
637 4692 697 4744 τὸ
729 4693 944 4759 ἀκλινές
992 4714 1050 4749 τε
1101 4698 1195 4752 καὶ
1239 4700 1659 4775 ἀπαράτρεπτον
1706 4686 1763 4758 ἐν

196 4783 305 4844 τοῖς
334 4781 556 4849 ἀγαθοῖς
586 4785 1040 4859 κατορθώσωμεν,
1069 4789 1191 4844 οὔτε
1222 4793 1498 4864 ἱστάμενοι
1541 4796 1641 4867 τῆς
1672 4798 1765 4849 ἐπὶ

194 4872 257 4925 τὸ
294 4876 537 4945 κρεῖττον
577 4878 801 4948 τροπῆς,
831 4878 953 4932 οὗτε
1002 4883 1138 4952 πρὸς
1165 4884 1225 4936 τὸ
1255 4886 1420 4939 κακὸν
1450 4887 1762 4959 ἀλλοιούμε-

197 4977 297 5015 νοι.
331 4964 430 5018 Διά
476 4967 645 5019 ταῦτα
670 4968 762 5020 καὶ
800 4969 974 5022 ἐλθεῖν
996 4972 1338 5039 ἐγκελεὺεται
1381 4977 1487 5031 ἀπὸ
1521 4978 1614 5030 τοῦ
1664 4981 1763 5032 Λι-

1869 4715 1900 4754 a
1940 4697 2173 4761 Libano,
2223 4702 2278 4750 et
2315 4693 2361 4751 ei
2396 4693 2451 4746 in
2487 4689 2808 4745 memoriam
2860 4695 3076 4742 revocat
3123 4681 3436 4751 speluncam

1835 4820 1838 4822 η
1868 4792 2087 4846 leonum
2120 4789 2174 4842 in
2205 4800 2310 4856 qua
2342 4783 2631 4839 stationem
2660 4780 2896 4835 habebat
2924 4795 2942 4831 :
2973 4785 3028 4831 et
3054 4779 3268 4827 montes
3305 4786 3434 4841 par-

1868 4886 2065 4941 dorum
2106 4880 2155 4935 ei
2184 4875 2440 4941 adducit,
2475 4876 2529 4930 in
2569 4874 2769 4945 quibus
2822 4869 3163 4929 versabatur,
3218 4861 3437 4933 quando

1866 4978 2031 5031 vitam
2062 4977 2291 5042 degebat
2315 4970 2480 5025 simul
2515 4984 2639 5023 cum
2664 4968 2876 5023 bestiis.

198 5054 357 5106 ϐάνου
383 5057 481 5124 τὴν
526 5056 762 5127 νύμφην,
812 5060 906 5112 καὶ
959 5061 1056 5130 τῆς
1100 5062 1339 5134 μάνδραις
1382 5068 1492 5120 τῶν
1538 5068 1765 5120 λεόντων
1803 5064 2205 5135 ὑπομιμνήσκει
2241 5055 2359 5134 ἑ.νῇ
2397 5057 2666 5130 ηὐλίζετο,
2701 5060 2795 5111 καὶ
2853 5058 2922 5113 τὰ
2953 5061 3063 5114 τῶν
3124 5063 3437 5134 παροάλεων

196 5145 294 5216 ὅρη
324 5149 583 5219 προφέρει
622 5149 701 5219 τῷ
740 5150 899 5220 λόγῳ,
923 5147 1004 5211 οἷς
1034 5154 1359 5224 ἐνδιέτριϐεν
1399 5160 1486 5213 ὅτε
1511 5164 1623 5223 τοῖς
1657 5158 1862 5229 θηρίοις
1887 5153 2190 5227 ὁμοδίαιτος
2216 5149 2303 5225 ἦν.
2500 5159 2506 5164 ’
2590 5150 2593 5189 Ῑ

282 5238 418 5289 Ἀλλ’
468 5239 650 5307 ἐπειδὴ
693 5241 921 5294 πάντοτε
961 5244 994 5311 ἡ
1021 5242 1115 5295 τοῦ
1146 5245 1318 5312 Λόγου
1362 5251 1546 5321 φωνὴ,
1603 5252 1765 5305 δυνά·
1818 5281 1821 5284 ν

1935 5243 2042 5300 Sed
2073 5246 2200 5315 quia
2240 5259 2339 5297 vox
2385 5242 2542 5297 Verbi
2567 5252 2650 5297 est
2675 5243 2899 5296 omnino
2935 5257 3036 5296 vox
3068 5241 3288 5297 virtutis
3312 5282 3329 5307 ,
3378 5252 3436 5297 et

203 5324 344 5398 μεώς
387 5329 500 5381 ἐστι
545 5333 728 5399 φωνή·
788 5331 881 5383 καὶ
926 5332 1182 5406 καθάπερ
1236 5337 1328 5390 ἐπὶ
1381 5339 1482 5407 τῆς
1535 5343 1766 5406 κτίσεως

1864 5337 2137 5408 quomodo
2173 5337 2226 5390 in
2254 5336 2428 5406 prima
2454 5335 2732 5389 creatione
2772 5335 2865 5389 lux
2905 5335 3086 5389 illuxit
3110 5334 3274 5389 simul
3305 5349 3431 5388 cum

201 5415 561 5503 συνεξὲλαμψε
589 5418 647 5470 τὸ
674 5419 787 5487 φῶς
807 5418 883 5490 τῷ
910 5422 1316 5493 προστάγματι,
1338 5427 1433 5480 καὶ
1462 5428 1761 5500 συνεπέστη

1864 5431 2038 5500 iussu,
2092 5436 2145 5483 et
2188 5444 2383 5483 rursus
2414 5426 2596 5483 Verbo
2634 5427 2932 5496 imperante
2958 5425 3206 5480 constitit
3247 5414 3403 5479 ﬁrma

198 5507 357 5587 πάλιν
397 5507 474 5576 τῷ
513 5512 893 5583 προστακτικῷ
930 5514 1136 5584 ῥήματι
1165 5508 1228 5570 τὸ
1270 5519 1576 5590 στερέωμα,
1606 5522 1699 5575 καὶ
1726 5524 1759 5590 ὴ

1864 5519 2124 5588 mentum,
2155 5529 2210 5577 et
2232 5521 2759 5577 similiteruniversa
2784 5525 3039 5572 creatura
3069 5515 3235 5571 simul
3271 5530 3433 5586 appa-

194 5597 353 5669 λοιπὴ
380 5599 528 5651 πᾶσα
555 5599 728 5665 κτίσις
751 5602 1010 5667 ώσαὺτως
1034 5604 1112 5676 τῷ
1145 5608 1413 5679 ποιητικῷ
1444 5611 1763 5680 συνανεφαί-

196 5706 313 5745 νετο
356 5689 547 5760 Δόγῳ’
592 5690 681 5744 τὸν
718 5710 879 5747 αυτον
925 5697 1126 5749 τοόπον
1177 5698 1272 5754 καὶ
1309 5700 1427 5766 νῦν,
1460 5700 1554 5756 τοῦ
1588 5702 1763 5772 Λόγου

297 5867 341 5900 ιτ
381 5866 524 5927 ρδυι,
568 5869 716 5943 χιε),
793 5872 837 5905 ⁸⁸
880 5870 1032 5929 Psal-
1074 5889 1226 5942 cxnt,
1287 5878 1336 5931 3.

1826 5662 1827 5665 η
1867 5615 1977 5669 ruit
2013 5630 2135 5669 cum
2169 5614 2351 5670 Verbo
2376 5612 2655 5677 etlicienti;
2707 5609 2899 5665 eodem
2930 5606 3091 5662 modo
3121 5621 3267 5661 nunc
3297 5620 3435 5676 quo-

1870 5722 1975 5778 que
2008 5721 2133 5762 cum
2164 5704 2402 5763 Verbum
2446 5703 2705 5774 iussisset
2753 5701 2820 5757 ad
2851 5714 2911 5756 se
2938 5698 3122 5755 venire
3172 5697 3436 5759 animum.
