4028 6532
525 449 628 510 νιτ

1694 511 1695 514 η
1749 461 1806 520 S.
1846 463 2170 522 GREGORII
2207 462 2498 520 NYSSENI

3664 463 3775 520 918

526 569 731 638 absque
763 569 872 624 ulla
899 569 1239 628 dubitatione
1265 571 1426 643 jussu
1453 577 1775 634 confirmata
1809 596 1873 637 ac
1903 597 2090 638 corro-

2201 583 2290 654 τὴν
2316 581 2490 652 ψυχὴν
2531 578 2813 652 κρείττονα
2858 576 3155 650 γενομένην
3197 576 3331 649 πρὸς
3359 577 3548 631 ἑαυτὸν
3593 575 3771 629 ἐλθεῖν

527 659 738 723 borata,
773 661 897 716 talis
922 660 980 715 tit
1000 661 1216 732 qualem
1243 677 1362 734 eam
1395 666 1512 722 vult
1551 682 1808 739 sponsus,
1845 672 2094 727 traducta

528 747 594 801 ad
635 748 689 804 id
718 750 863 818 quod
887 758 973 807 est
995 749 1258 817 divinius,
1289 762 1344 812 et
1374 769 1405 808 a
1433 756 1605 825 gloria
1651 759 1705 813 in
1731 774 1838 829 qua
1875 771 1993 817 erat
2025 763 2094 818 ad

528 841 864 910 superiore»
933 845 1323 902 transformata
1377 849 1605 919 gloriam
1663 868 1761 922 per
1811 854 2094 923 pulchram

528 931 921 987 mutationem:
958 934 1094 990 adeo
1139 944 1198 990 ut
1231 945 1378 992 esset
1420 939 1765 996 admirationi
1794 943 1960 998 choro
1997 959 2095 998 an-

527 1020 770 1090 gelorum
802 1023 896 1094 qui
919 1034 1004 1080 est
1029 1026 1175 1081 circa
1201 1042 1486 1098 sponsum,
1512 1041 1565 1086 et
1589 1033 1770 1088 omnis
1795 1033 1954 1090 bonis
1981 1050 2096 1091 ver-

528 1111 614 1168 bis
658 1126 725 1167 ac
775 1113 1030 1172 laudibus
1078 1131 1198 1171 eam
1252 1132 1666 1190 prosequentes,
1721 1123 1859 1180 hanc
1910 1140 2095 1181 vocem

527 1203 836 1259 emitterent
859 1207 1309 1264 admirabundam
1332 1229 1346 1264 :
1367 1210 1472 1266 Cor
1492 1212 1732 1268 indidisti
1757 1214 1924 1279 nobis,
1945 1233 2095 1270 soror

530 1304 715 1349 nostra
753 1313 967 1366 sponsa.
998 1297 1135 1354 Nam
1169 1301 1454 1359 character
1495 1306 1911 1376 impatibilitatis
1937 1310 1986 1364 ei
2019 1309 2096 1364 si-

530 1386 732 1442 militer
761 1388 1091 1446 illucescens
1125 1401 1288 1463 atque
1325 1397 1552 1467 angelis,
1578 1413 1696 1453 eam
1728 1399 1879 1454 ducit
1907 1399 1973 1454 ad
2005 1414 2097 1455 (-o-

528 1481 842 1548 guationetn
885 1492 940 1538 et
967 1481 1366 1542 fraternitatem
1411 1504 1594 1544 rerum
1631 1491 2094 1562 incorporearum,

531 1577 592 1622 ut
618 1584 740 1640 quae
775 1571 828 1626 in
860 1587 1028 1630 carne
1059 1588 1119 1629 se
1163 1576 1237 1631 ita
1272 1581 1525 1649 gesserit,
1568 1589 1629 1636 ut
1667 1583 1831 1639 nullis
1858 1583 2096 1640 afficere-

530 1668 624 1714 tur
666 1662 833 1718 animi
883 1667 1406 1734 perturbationibus.
1450 1669 1743 1742 Propterea
1788 1675 1976 1730 dicunt
2003 1676 2093 1731 ei:

517 1751 642 1818 .Cor
688 1753 932 1810 indidisti
977 1759 1150 1826 nobis,
1203 1777 1354 1814 soror
1394 1772 1577 1816 nostra
1610 1781 1823 1833 sponsa.
1871 1765 2098 1838 Proprie

2194 671 2676 743 ἐγκελευσαμένου,
2716 668 3051 732 ἀδιαστάτως
3081 666 3454 738 δυναμωθείσα
3485 666 3564 737 τῷ
3599 681 3773 736 1:903-

2192 766 2450 835 τάγματι,
2493 761 2716 832 τοιαύτη
2763 759 3052 830 γεγένηται
3077 797 3093 824 ,
3128 758 3248 812 οἵαν
3281 759 3310 812 ό
3351 756 3583 827 νυμφίος
3610 755 3767 809 £606-

2194 855 2335 920 λετο,
2364 852 2786 926 μεταποιηθεῖσα
2825 850 2960 924 πρὸς
2990 850 3052 903 τὸ
3080 849 3367 921 θειότερον,
3400 849 3493 902 καὶ
3527 848 3636 902 ἀπὸ
3667 849 3771 919 τῆς

2194 947 2352 1018 δόξης
2381 947 2437 999 ἐν
2525 941 2613 1016 ἢν,
2644 943 2779 1015 πρὸς
2800 942 2898 1014 τὴν
2918 941 3194 1013 ἀνωτέραν
3218 940 3371 1005 δόξαν
3400 957 3769 1012 μεταμορφω-

2195 1039 2350 1094 θεῖσα
2379 1036 2468 1091 διά
2511 1036 2612 1106 τῆς
2650 1035 2862 1105 ἀγαθῆς
2904 1032 3269 1096 ἀλλοιώσεως·
3316 1031 3392 1095 ὡς
3437 1031 3624 1102 θαῦμα
3669 1047 3772 1098 γε·

2159 1176 2161 1178 .
2195 1128 2381 1183 νέσθαι
2409 1127 2487 1199 τῷ
2523 1128 2650 1200 περὶ
2681 1127 2772 1181 τὸν
2802 1126 3031 1198 νυμφίον
3063 1125 3170 1178 τῶν
3203 1123 3446 1192 ἀγγέλων
3471 1123 3637 1194 χορῷ,
3668 1122 3774 1176 καὶ

2154 1271 2158 1274 ,
2195 1219 2403 1282 πάντας
2429 1217 2687 1289 εὐφήμως
2716 1215 2850 1289 πρὸς
2895 1214 3064 1285 αὐτὴν
3083 1214 3181 1287 τὴν
3219 1213 3594 1285 θαυμαστικὴν
3625 1230 3771 1284 προ-

2197 1312 2351 1367 έσθαι
2407 1311 2622 1382 φωνήνο
2675 1311 2758 1364 ὅτι
2823 1307 3227 1376 Ἐκαρδίωσας
3279 1306 3468 1376 ἡμᾶς,
3523 1305 3769 1376 ἀδελφὴ

2193 1406 2364 1476 ἡμῶν
2387 1406 2610 1476 νύμφη.
2644 1405 2702 1459 '0
2722 1402 2832 1474 γὰρ
2848 1402 2948 1472 τῆς
2970 1400 3233 1463 ἀπαθείας
3252 1399 3532 1472 χαρακτὴρ
3559 1400 3770 1470 ὁμοίως

2197 1495 2518 1566 ἐπιλάμπων
2545 1493 2682 1564 αὐτῇ
2729 1508 2786 1545 τε
2819 1491 2910 1544 καὶ
2952 1491 3062 1553 τοῖς
3105 1489 3373 1557 ἀγγέλοις,
3406 1490 3486 1552 είς
3513 1488 3612 1559 τὴν
3651 1488 3769 1540 τῶν

2196 1587 2503 1660 ἀσωμάτων
2552 1584 2720 1656 αὐτὴν
2755 1583 2946 1650 ἀνάγει
2979 1580 3295 1648 συγγένειάν
3320 1597 3381 1632 τε
3411 1579 3506 1632 καὶ
3533 1578 3771 1648 ἀδελφό-

2195 1696 2354 1751 τητα,
2387 1679 2485 1749 τὴν
2534 1678 2590 1730 ἐν
2629 1676 2788 1746 σαρκὶ
2835 1673 2897 1727 τὸ
2937 1671 3144 1734 ἀπαθὲς
3189 1670 3632 1742 κατορθώσασαν.
3661 1669 3772 1724 Διά

2197 1770 2352 1824 τοῦτό
2392 1784 2523 1838 φασι
2573 1767 2708 1838 πρὸς
2749 1765 2954 1836 αὐτήν·
3000 1765 3081 1817 ὅτι
3130 1762 3531 1831 Ἐκαρδίωσας
3580 1761 3769 1832 ἡμᾶς,

535 1851 768 1914 utroque
801 1846 1022 1902 nomine
1069 1848 1334 1918 glorians.
1372 1851 1589 1908 Sororis
1613 1855 1831 1924 quidem
1872 1868 2093 1922 nostrae,

2201 1860 2428 1931 ἀδελφὴ
2469 1857 2636 1928 ἡμῶν
2683 1859 2904 1926 νύμφη.
2947 1855 3162 1927 κυρίως
3211 1854 3453 1924 ἐκατέρῳ
3487 1853 3597 1908 τῶν
3647 1856 3771 1909 ovo-

533 1940 754 2002 propter
777 1933 1193 2006 impatibilitatis
1214 1942 1626 2011 cognationem:
1655 1959 1869 2014 sponsae
1894 1956 2098 2011 autem,

533 2036 754 2098 propter
795 2043 920 2084 cum
973 2030 1154 2088 Verbo
1195 2035 1663 2104 coniunctionem.
1699 2040 1874 2110 Hujus
1917 2051 2098 2099 autem

533 2120 804 2186 vocabuli,
834 2121 1194 2194 Cordi/icasti,
1219 2129 1380 2184 talem
1401 2122 1778 2188 existimamus
1799 2148 1922 2190 esse
1940 2135 2103 2206 signi-

533 2211 876 2271 tlcationem:
927 2217 1217 2285 Animasti,
1261 2221 1488 2291 perinde
1534 2238 1598 2278 ac
1631 2223 1676 2280 si
1706 2225 1784 2278 illi
1821 2225 2097 2282 dicerent:

531 2304 641 2360 Cor
665 2307 824 2362 nobis
853 2308 1120 2366 indidisti.
1151 2309 1568 2382 Perspicuitatis
1599 2324 1779 2372 autem
1808 2317 2006 2388 gratia,
2041 2328 2101 2374 ut

532 2398 682 2466 quod
713 2399 918 2455 dicitur
941 2403 1014 2458 sit
1041 2403 1201 2458 nobis
1234 2403 1549 2472 dilucidius,
1578 2421 1919 2464 assumemus
1963 2409 2102 2464 divi-

533 2504 664 2544 num
715 2494 1035 2562 Apostolum
1087 2495 1156 2550 ad
1207 2495 1320 2550 haec
1368 2495 1774 2568 interpretanda
1820 2501 2098 2571 mysteria.

533 2579 626 2636 ille
653 2583 797 2637 enim
829 2583 964 2638 dicit
989 2585 1208 2652 alicubi,
1237 2586 1305 2642 de
1332 2590 1514 2658 seipso
1541 2591 1789 2647 scribens
1821 2591 1888 2645 ad
1925 2591 2102 2663 Ephe-

533 2672 664 2736 sios,
689 2674 910 2742 quando
941 2675 1102 2732 nobis
1131 2678 1644 2750 narravitmagnam
1677 2681 1825 2734 illam
1857 2698 1978 2752 quae
2007 2699 2102 2753 per

533 2776 754 2815 carnem
782 2764 991 2819 exstitit
1015 2763 1107 2819 Dei
1142 2767 1555 2836 apparitionem,
1595 2769 1739 2837 quod
1780 2785 1887 2823 non
1925 2772 2098 2825 solum

535 2852 787 2908 bmnanaa
815 2861 1044 2918 naturae,
1094 2858 1186 2911 sed
1221 2859 1384 2912 etiam
1422 2859 1819 2930 principatibus
1860 2868 1915 2916 et
1946 2875 2098 2930 pote-

535 2944 771 3000 statibus
800 2961 922 3016 quae
958 2957 1086 3000 sunt
1134 2948 1191 3002 in
1228 2948 1407 3012 cmlis,
1439 2956 1568 3003 nota
1597 2951 1770 3005 evasit
1819 2953 2099 3023 multiplex

534 3046 585 3089 et
617 3036 768 3090 varia
792 3034 885 3091 Dei
915 3039 1206 3107 sapientia,
1241 3039 1586 3095 manifestata
1615 3056 1713 3110 per
1736 3041 2102 3112 dispensatio.

532 3143 656 3183 nem
704 3129 908 3186 Christi
954 3131 1098 3186 inter
1125 3132 1396 3188 homines.
1443 3131 1520 3186 lta
1558 3143 1736 3189 autem
1776 3134 1938 3190 habet
1961 3151 2097 3190 cou-

2205 1953 2392 2024 μάτων
2429 1947 2820 2020 σεμνυνομένη.
2864 1944 3091 2014 ’Δδελφὴ
3127 1944 3222 2014 μὲν
3253 1943 3492 2015 ἡμετέρα
3537 1943 3623 1996 διὰ
3663 1943 3771 2014 τὴν

2199 2043 2298 2113 τῆς
2321 2039 2588 2102 ἀπαθείας
2626 2036 2973 2106 συγγένειανο
3021 2034 3202 2106 νύμφη
3246 2034 3324 2097 δὲ,
3370 2034 3456 2094 διά
3499 2034 3597 2106 τὴν
3629 2035 3772 2106 πρὸς

2199 2133 2290 2188 τὸν
2315 2131 2486 2201 Λόγον
2520 2129 2830 2197 συνάφειαν.
2866 2126 2974 2179 Τοῦ
2997 2126 3054 2180 δὲ
3082 2125 3448 2194 ἐκαρδίωσας
3473 2124 3535 2178 τὸ
3559 2143 3771 2196 σημαι-

2199 2224 2420 2296 νόμενον
2447 2220 2682 2276 τοιοῦτον
2703 2215 2839 2273 εῖναι
2859 2217 3168 2288 νομίζομεν,
3201 2209 3310 2269 οἷόν
3336 2217 3451 2268 ἐστι
3476 2215 3556 2280 τὸ,
3591 2215 3773 2285 Ἐιίύ-

2200 2329 2422 2386 χωσας,
2454 2314 2585 2366 ὡσεὶ
2629 2313 2813 2381 ἔλεγον
2841 2309 2975 2380 πρὸς
3005 2308 3192 2379 αὐτὴν,
3229 2309 3309 2361 ὅτι
3376 2307 3613 2379 Καρδίαν
3634 2309 3770 2378 ἡμῖν

2199 2408 2478 2480 ἐνέθηκας.
2540 2401 2842 2473 Σαφηνείας
2873 2401 2930 2455 δὲ
2973 2401 3152 2471 χάριν,
3185 2400 3260 2463 ὡς
3291 2397 3358 2452 ἂν
3389 2397 3594 2467 γένοιτο
3626 2397 3769 2468 μᾶλα

2197 2499 2290 2553 λον
2335 2498 2643 2566 καταφανὲς
2673 2496 2808 2566 ἡμῖν
2841 2493 2901 2546 τὸ
2949 2491 3257 2562 λεγόμενον,
3305 2489 3397 2543 τὸν
3433 2488 3571 2541 θεῖον
3608 2488 3771 2541 Ἀπό-

2201 2589 2386 2644 στολον
2430 2587 2565 2657 πρὸς
2609 2584 2706 2656 τὴν
2739 2583 2846 2637 τῶν
2895 2580 3205 2653 μυστηρίων
3238 2579 3442 2635 τούτων
3471 2577 3770 2650 ἑρμηνείαν

2200 2677 2650 2752 παραληψόμεθα.
2701 2675 2838 2746 Φησὶ
2884 2674 2993 2744 γάρ
3046 2690 3148 2726 που
3193 2672 3302 2725 τῶν
3354 2671 3548 2726 ἑαυτοῦ
3589 2670 3768 2737 λόγων

2200 2773 2403 2834 ἐκεῖνος
2449 2768 2585 2840 πρὸς
2642 2767 2917 2836 Ἐφεσίους
2969 2765 3214 2836 γράφων,
3258 2763 3347 2818 ὅτε
3394 2762 3490 2834 τὴν
3525 2762 3769 2833 μεγάλην

2199 2863 2507 2934 οἰκονομίαν
2543 2861 2646 2932 τῆς
2687 2859 2774 2914 διὰ
2819 2858 3019 2930 σαρκὸς
3051 2857 3417 2930 γεγενημένης
3450 2855 3770 2924 θεοφανείας

2199 2959 2333 3028 ἡμῖν
2380 2955 2673 3026 διηγήσατο
2697 2968 2710 2981 ·
2751 2953 2833 3004 ὅτι
2879 2950 2940 3003 οὐ
2981 2950 3138 3019 μόνον
3183 2951 3217 3021 ὴ
3253 2946 3564 3020 ἀνθρωπίνη
3607 2945 3770 3016 φύσις

2199 3046 2489 3116 ἐπαιδεύθη
2512 3045 2583 3099 τά
2613 3045 2730 3098 θεῖα
2752 3043 2839 3096 διὰ
2860 3041 2960 3112 τῆς
2989 3042 3208 3112 χάριτος
3233 3039 3436 3108 ταύτης
3462 3039 3764 3110 μυστήρια·

2199 3139 2337 3193 ἀλλά
2383 3139 2476 3192 καὶ
2521 3139 2640 3200 ταῖς
2684 3136 2876 3206 ἀρχαῖς
2925 3133 3019 3186 καὶ
3064 3134 3183 3196 ταῖς
3232 3129 3500 3195 ἐξουσίαις
3549 3131 3606 3183 ἐν
3656 3130 3769 3193 τοῖς

533 3228 716 3277 textus
739 3241 752 3278 :
785 3221 852 3276 Ut
877 3224 1168 3278 innotescat
1190 3225 1571 3293 principatibus
1600 3235 1650 3280 et
1674 3228 2018 3296 potestatibus
2044 3229 2099 3282 in

2205 3231 2544 3302 ἐπουρανίοις
2594 3224 2896 3296 ἐγνωρίσθη
2947 3228 2980 3295 ἡ
3037 3222 3415 3287 πολυποίκιλος
3464 3221 3624 3291 σοφία
3673 3217 3768 3273 τοῦ

531 3314 828 3369 cwlestilms
858 3332 949 3385 per
985 3315 1283 3371 Ecclesium
1319 3319 1663 3388 multiformis
1695 3321 1956 3387 sapientia
1987 3320 2100 3385 Dei,

532 3405 821 3458 secundum
859 3407 1265 3475 prwﬁnitionem
1310 3411 1650 3474 sweulorum,
1697 3427 1854 3481 quam
1895 3412 2016 3479 fecit
2049 3414 2103 3465 in

534 3495 746 3551 Christo
768 3495 897 3572 Iesu
922 3497 1144 3555 Domino
1162 3510 1341 3555 nostra
1364 3501 1428 3556 ".
1461 3501 1517 3556 In
1540 3517 1648 3573 quo
1674 3503 1932 3560 habemus
1969 3505 2106 3560 fidu-

534 3588 676 3642 ciam
725 3597 781 3643 et
828 3603 1109 3644 accessum
1163 3591 1218 3644 in
1257 3591 1584 3647 confidentia
1631 3609 1726 3664 per
1760 3594 1915 3652 fidem
1959 3597 2101 3666 ejus.

536 3679 748 3734 Revera
781 3680 926 3735 enim
977 3678 1072 3751 pei-
1102 3681 1403 3738 Ecclesiam
1454 3684 1748 3742 iunotescit
1778 3703 2104 3758 supermun-

535 3772 695 3826 danis
723 3773 1088 3843 potestatibus
1114 3776 1260 3829 varia
1286 3783 1340 3830 et
1373 3776 1655 3847 multiplex
1689 3777 1781 3834 Dei
1814 3780 2102 3850 sapientia,

534 3881 657 3933 quae
686 3880 783 3935 per
814 3867 1090 3922 contraria
1140 3883 1230 3923 res
1263 3867 1422 3923 ellicit
1457 3884 1683 3940 magnas
1709 3879 1763 3926 et
1807 3870 2104 3927 admirabi-

537 3955 635 4010 les.
682 3954 970 4022 Quomodo
1009 3957 1153 4011 enim
1185 3957 1324 4012 facta
1351 3958 1455 4013 fuit
1500 3962 1606 4013 vita
1639 3975 1736 4030 per
1767 3969 2015 4024 mortem,
2051 3970 2105 4017 et

536 4061 634 4117 per
676 4056 957 4116 peccatum
987 4047 1226 4118 justitia,
1254 4055 1308 4105 et
1339 4065 1437 4120 per
1476 4051 1910 4108 maledictionem
1935 4053 2101 4110 bene-

533 4137 723 4203 dictio,
759 4147 814 4193 et
863 4154 958 4209 per
1004 4139 1360 4210 ignominiam
1419 4141 1616 4212 gloria,
1671 4151 1726 4198 et
1778 4146 1951 4198 virtus
2006 4160 2102 4214 per

535 4227 1003 4285 imbecillitatem?
1046 4230 1178 4286 Nam
1235 4232 1290 4286 in
1329 4232 1606 4303 prioribus
1640 4237 1976 4305 temporibus
2015 4251 2104 4291 so-

537 4321 642 4373 lam
673 4320 978 4391 simplicem
1017 4331 1071 4377 et
1102 4322 1430 4380 uniformem
1470 4325 1564 4380 Dei
1590 4326 1912 4396 sapientiam
1948 4343 2107 4383 nove-

535 4419 660 4465 rant
701 4413 1158 4482 supramuudana:
1202 4423 1522 4484 potestates,
1580 4428 1942 4489 congruenter
1993 4437 2105 4477 ευω

536 4519 746 4559 natura:
776 4504 1061 4561 facientem
1098 4507 1379 4562 miracula.
1411 4507 1520 4564 Nec
1553 4510 1622 4566 iis
1665 4527 1786 4581 quae
1815 4514 2107 4569 cerneban-

538 4608 626 4652 tur
656 4605 774 4653 erat
802 4598 1102 4668 quidquam
1144 4599 1375 4666 varium,
1427 4601 1480 4655 in
1519 4604 1588 4657 eb
1630 4603 1776 4673 quod
1805 4619 1928 4658 cum
1962 4619 2107 4662 esset

534 4688 711 4743 virtus
767 4705 829 4742 ac
883 4697 1124 4757 potestas
1175 4698 1370 4744 natura
1403 4691 1609 4757 divina,
1668 4694 1835 4750 libere
1887 4710 2103 4751 omnem

535 4779 742 4833 faceret
769 4788 1076 4835 creaturam
1110 4783 1227 4837 solo
1252 4791 1400 4838 motu
1436 4793 1492 4840 et
1518 4785 1752 4856 impulsu
1784 4787 2102 4855 voluntatis,

533 4879 588 4932 et
623 4885 807 4927 rerum
859 4881 1112 4927 naturam
1153 4873 1432 4931 deducens
1463 4875 1530 4930 ad
1573 4877 2000 4948 generationem,
2051 4891 2106 4934 et

533 4962 718 5017 ouiiiia
746 4962 948 5019 faceret
977 4965 1136 5020 valde
1163 4965 1392 5036 pulchra
1416 4968 1695 5023 manantia
1718 4984 1784 5023 ex
1812 4967 1958 5025 fonte
1987 4970 2106 5039 pul-

532 5053 884 5110 chritudinis.
915 5053 1141 5109 Varium
1173 5063 1352 5111 autem
1399 5056 1503 5111 hoc
1533 5072 1600 5112 ac
1629 5058 1906 5128 multiplex
1936 5074 2106 5128 genus

533 5146 834 5214 sapientim,
883 5146 1029 5215 quod
1069 5155 1288 5204 constat
1317 5140 1383 5203 cx
1426 5150 1768 5206 connexione
1815 5165 1939 5205 cum
1974 5167 2106 5207 cou-

532 5239 740 5300 trariis,
799 5254 945 5293 nunc
1001 5248 1189 5310 aperte
1241 5240 1422 5295 edocti
1467 5252 1598 5296 sunt
1643 5257 1738 5311 per
1782 5241 2106 5309 Ecclesiam,

533 5346 729 5401 nempe
773 5332 1230 5403 quemadmodum
1259 5331 1496 5389 Verbum
1540 5349 1671 5390 caro
1713 5334 1792 5396 fit,
1846 5337 2104 5406 quemad-

533 5421 754 5477 modum
805 5425 968 5478 morti
1014 5425 1126 5480 vita
1183 5424 1468 5490 miscetur,
1515 5426 1972 5496 quemadmodum
2005 5443 2106 5483 suo

535 5514 707 5572 livore
767 5518 990 5586 suisque
1049 5517 1324 5575 vibicibus
1391 5527 1578 5574 nostra
1624 5527 1782 5576 sanat
1839 5519 2102 5574 vulnera:

535 5608 995 5676 quemadmodum
1038 5608 1414 5664 imbecillitate
1446 5609 1630 5666 crucis
1659 5610 1804 5665 vires
1833 5623 2109 5681 expugnat

473 5705 492 5726 ‘
535 5699 874 5755 adversarii:
925 5699 1385 5770 quemadmodum
1421 5701 1476 5759 in
1524 5717 1692 5760 carne
1729 5701 2109 5762 manifestatur

608 5875 652 5910 “
693 5872 896 5937 Ephes.
953 5891 1039 5940 Ill,
1075 5876 1248 5936 10-12

2203 3320 2359 3386 Θεοῦ,
2391 3321 2478 3374 διὰ
2497 3321 2594 3389 τῆς
2622 3318 2762 3372 κατά
2794 3315 3026 3388 Χριστὸν
3055 3317 3112 3367 ἐν
3151 3317 3260 3377 τοῖς
3292 3312 3596 3385 ἀνθρώποις
3626 3314 3771 3365 οίκο-

2205 3414 2396 3485 νομίας
2440 3409 2829 3483 φανερωθεῖσα.
2861 3404 3017 3478 Ἔχει
3064 3407 3122 3460 δὲ
3164 3407 3197 3477 ἡ
3229 3404 3374 3471 λέξις
3399 3403 3600 3468 οὕτως’
3635 3403 3771 3458 Ἵνα

2203 3501 2503 3576 γνωρισθῇ
2532 3501 2658 3568 ταῖς
2686 3499 2896 3569 ἀρχαῖς
2927 3499 3024 3553 καὶ
3051 3497 3179 3564 ταῖς
3207 3495 3514 3562 ἐξουσίαις
3542 3495 3613 3549 ἐν
3651 3494 3773 3560 τοῖς

2204 3595 2579 3665 ἐπουρανίοις
2606 3592 2703 3646 διὰ
2729 3591 2838 3662 τῆς
2876 3590 3234 3659 Ἑκκλησίας
3259 3589 3295 3656 ἡ
3335 3587 3772 3651 πολυποίκιλος

2205 3689 2389 3758 σοφία
2413 3685 2518 3741 τοῦ
2559 3683 2728 3748 Θεοῦ,
2763 3681 2913 3736 κατὰ
2947 3682 3232 3749 πρόθεσιν
3258 3677 3377 3732 τῶν
3415 3676 3660 3742 αἰώνων,
3693 3675 3774 3742 ἢν

2205 3781 2490 3848 ἐποίησεν
2508 3778 2587 3832 ἐν
2613 3773 2845 3845 Χριστῷ
2878 3772 3078 3840 Ἰησοῦ
3102 3771 3181 3838 τῷ
3214 3771 3406 3839 Κυρίῳ
3436 3767 3622 3839 ἡμῶν.
3685 3767 3772 3822 Ἐν

2204 3867 2249 3942 ᾧ
2286 3872 2482 3943 ἔχομεν
2509 3868 2608 3940 τὴν
2642 3865 2953 3939 παρρησίαν
2981 3865 3074 3917 καὶ
3105 3861 3466 3934 προσαγωγὴν
3500 3861 3557 3912 ἐν
3580 3875 3772 3910 πεποι-

2206 3967 2360 4036 θήσει
2391 3961 2479 4016 διά
2508 3961 2607 4031 τῆς
2653 3960 2888 4020 πίστεως
2933 3955 3117 4009 αὐτοῦ.
3159 3953 3249 4025 Τῷ
3271 3953 3386 4006 δντι
3415 3951 3522 4024 γὰρ
3545 3949 3634 4004 διὰ
3672 3949 3773 4018 τῆς

2217 4053 2539 4124 Ἑκκλησίας
2569 4049 2890 4122 γνωρίζεται
2918 4048 3034 4110 ταῖς
3069 4043 3456 4116 ὺπερκοσμίοις
3482 4042 3773 4112 δυνάμεσιν

2205 4148 2239 4218 ἠ
2268 4144 2480 4215 ποικίλη
2527 4140 2619 4196 τοῦ
2649 4140 2782 4194 Θεοῦ
2818 4138 2998 4208 σοφία,
3029 4139 3063 4207 ἡ
3092 4135 3180 4189 διὰ
3221 4135 3329 4187 τῶν
3366 4133 3622 4187 ἐναντίων
3651 4126 3773 4186 θαυ-

2209 4235 2636 4308 ματουργήσασα
2681 4228 2748 4284 τά
2797 4227 3008 4300 μεγάλα
3039 4224 3346 4297 θαυμάσια·
3398 4225 3516 4288 πῶς
3543 4223 3650 4294 γὰρ
3676 4222 3769 4293 γέ-

2205 4345 2327 4398 γονε
2353 4325 2441 4379 διὰ
2475 4323 2704 4378 θανάτου
2734 4320 2867 4391 ζωὴ,
2902 4319 2996 4372 καὶ
3020 4317 3328 4388 δικαιοσύνη
3361 4317 3448 4370 διὰ
3473 4317 3572 4387 τῆς
3595 4317 3772 4386 ἁμαρ-

2203 4422 2344 4484 τίας,
2375 4418 2469 4471 καὶ
2509 4415 2598 4470 διὰ
2649 4413 2891 4483 κατάρας
2934 4409 3173 4478 εὐλογία,
3224 4409 3317 4462 καὶ
3359 4407 3487 4475 δόξα
3530 4407 3618 4461 διὰ
3675 4407 3773 4482 τῆς

2207 4509 2448 4581 ἀτιμίας,
2497 4507 2590 4561 καὶ
2627 4504 2714 4558 διὰ
2765 4503 2860 4574 τῆς
2903 4501 3183 4565 ἀσθενείας
3221 4501 3255 4572 ἡ
3292 4500 3545 4570 δύναμις;
3591 4499 3771 4567 Μόνην

2208 4604 2315 4676 γὰρ
2353 4603 2412 4657 ἐν
2456 4602 2569 4664 τοῖς
2600 4597 2706 4668 πρὸ
2736 4596 2921 4650 τούτου
2954 4594 3165 4667 χρόνοις
3211 4593 3310 4666 τὴν
3361 4591 3536 4663 ἁπλῆν
3575 4608 3633 4645 τε
3680 4595 3772 4644 καὶ

2211 4693 2452 4768 μονοειδῆ
2479 4691 2574 4747 τοῦ
2616 4689 2750 4744 Θεοῦ
2782 4687 2973 4758 σοφίαν
3015 4687 3070 4740 αί
3119 4685 3474 4757 ὑπερκόσμιοι
3518 4683 3773 4752 δυνάμεκ

2207 4789 2534 4858 ἐγίνωσκον,
2594 4782 2940 4852 καταλλήλως
2991 4779 3318 4851 ἐνεργοῦσαν
3364 4781 3429 4849 τῇ
3497 4777 3657 4846 φύσει
3705 4771 3772 4828 τά

2207 4879 2492 4950 θαύματα·
2538 4875 2632 4928 καὶ
2669 4873 2909 4926 ποικίλον
2940 4867 3008 4943 ἦν
3041 4872 3098 4923 ἐν
3127 4871 3239 4933 τοῖς
3267 4869 3562 4940 ὁρωμένοις
3601 4867 3768 4927 οὐδὲν.

2206 4973 2265 5024 ἐν
2309 4967 2385 5038 τῷ
2413 4965 2640 5036 δύναμιν
2681 4962 2909 5033 ἔχουσαν
2939 4962 3039 5032 τὴν
3073 4960 3222 5013 θείαν
3257 4960 3438 5028 φύσιν,
3471 4959 3650 5012 πᾶσαν
3679 4956 3772 5026 τὴν

2208 5064 2384 5116 κτίσιν
2417 5057 2535 5112 κατ’
2585 5054 2831 5122 ἐξουσίαν
2873 5051 3220 5123 ἐργάζεσθαι,
3271 5053 3328 5104 ἐν
3367 5050 3499 5122 μόνῃ
3533 5052 3599 5121 τῇ
3631 5051 3770 5119 ὁρμῇ

2209 5151 2301 5207 τοῦ
2320 5151 2620 5220 θελήματος
2637 5145 2736 5218 τὴν
2762 5143 2869 5198 τῶν
2887 5144 3054 5198 όντων
3085 5143 3245 5212 φύσιν
3278 5144 3358 5206 εἰς
3383 5136 3593 5211 γένεσιν
3618 5141 3774 5209 ἄγου-

2210 5258 2330 5305 σαν,
2364 5242 2457 5294 καὶ
2501 5239 2671 5292 ποιεῖν
2717 5236 2787 5291 τὰ
2836 5236 3012 5289 πάντα
3059 5234 3199 5288 καλά
3245 5233 3384 5298 λίαν,
3427 5233 3496 5286 τά
3542 5233 3650 5286 ἀπὸ
3678 5233 3771 5302 τῆς

2206 5333 2300 5388 τοῦ
2331 5331 2494 5386 καλοῦ
2528 5329 2710 5401 πηγῆς
2746 5327 3100 5399 ἀναδρύοντα.
3136 5327 3208 5380 Τὸ
3248 5327 3304 5380 δὲ
3347 5326 3586 5380 ποικίλον
3621 5325 3773 5379 τοῦτο

2210 5425 2309 5496 τῆς
2341 5425 2530 5492 σοφίας
2554 5417 2713 5485 εἶδος,
2740 5420 2801 5474 τὸ
2831 5421 2894 5473 ἐκ
2921 5419 3017 5487 τῆς
3051 5419 3187 5490 πρὸς
3214 5419 3282 5471 τὰ
3307 5418 3523 5471 ἐναντία
3561 5418 3772 5472 διαπλο-

2212 5516 2314 5586 κῆς
2363 5512 2766 5583 συνιστάμενον,
2799 5510 2893 5565 νῦν
2948 5509 3036 5563 διὰ
3081 5510 3180 5580 τῆς
3219 5507 3538 5580 Ἐκκλησίας
3594 5509 3774 5577 σαφῶς

2215 5598 2550 5678 ἐδείχθησαν,
2584 5603 2698 5668 πῶς
2742 5605 2769 5657 ό
2812 5602 2981 5671 Λόγος
3010 5599 3145 5672 σὰρξ
3174 5600 3400 5668 γίνεται,
3434 5600 3554 5665 πῶς
3597 5603 3630 5671 ὴ
3664 5599 3768 5671 ζωὴ

2217 5700 2428 5772 θανάτῳ
2460 5699 2732 5771 μίγνυται,
2776 5693 2892 5758 πῶς
2921 5694 2997 5767 τῷ
3035 5692 3145 5765 ἰδίῳ
3181 5691 3403 5765 μώλωπι
3441 5692 3543 5766 τὴν
3584 5691 3769 5766 ἡμετέ-
