3932 6518
155 443 281 507 949

1184 458 1247 511 IN
1277 456 1568 513 CANTICA
1590 457 1856 517 CANTIC.
1890 460 2176 516 HOMILIA
2212 459 2345 518 Vlll.

3285 464 3389 520 950

160 585 278 639 ραν
307 568 516 634 ὲξιᾶται
552 571 766 641 πληγήν
785 586 797 599 ·
848 571 961 633 πῶς
990 575 1054 643 τῇ
1083 574 1331 647 ἀσθενείᾳ
1366 576 1457 630 τοῦ
1508 577 1727 649 σταυροῦ

1842 579 1893 634 id
1921 580 2067 650 quod
2110 593 2220 634 non
2254 576 2400 633 cadit
2435 575 2539 631 sub
2581 583 2881 647 aspectum,
2935 573 3383 645 quemadmodum

160 658 541 713 καταπαλαίει
594 660 688 713 τοῦ
718 661 1089 733 ἀντικειμένου
1111 664 1208 735 τὴν
1238 666 1464 738 δύναμιν
1484 685 1498 699 ο
1538 668 1655 735 πῶς
1681 670 1741 724 τὸ

156 750 405 820 ἀόρατον
434 750 490 803 ὲν
521 751 683 820 σαρκὶ
727 750 1084 823 φανεροῦταισ
1129 756 1247 820 πῶς
1295 757 1569 823 ὲξωνεῖται
1617 763 1741 826 τοὺς

157 838 576 910 αἰχμαλώτους,
615 840 774 904 αὐτός
818 859 876 894 τε
922 842 999 897 ὢν
1029 845 1056 897 6
1103 845 1423 913 ὠνούμενος,
1458 851 1550 903 καὶ
1580 851 1740 915 αὐτὸς

155 929 365 999 χρῆμα
406 929 714 1000 γινόμενος·
760 931 947 985 ἑαυτὸν
992 933 1100 1005 γάρ
1159 934 1323 990 ἔδωκε
1355 936 1547 1010 λῦτρον
1602 940 1739 1013 ὑπὲρ

158 1019 333 1090 ἡμῶν
380 1019 458 1089 τῷ
492 1019 735 1091 θανάτῳ·
767 1021 884 1085 πῶς
932 1025 1024 1079 καὶ
1068 1028 1125 1079 ὲν
1148 1027 1224 1099 τῷ
1255 1028 1471 1102 θανάτῳ
1513 1032 1735 1102 γίνεται.

158 1109 267 1161 καὶ
298 1108 399 1178 τῆς
424 1107 567 1177 ζωῆς
605 1109 705 1162 οὐκ
736 1109 1007 1175 ἐξίσταται
1026 1130 1040 1143 ·
1065 1115 1179 1178 πῶς
1214 1118 1305 1171 καὶ
1336 1121 1395 1173 ὲν
1424 1123 1489 1191 τῇ
1528 1122 1737 1193 δουλείᾳ

161 1200 592 1267 καταμίγνυται,
632 1204 723 1254 καϊ
751 1204 806 1255 ὲν
836 1206 901 1273 τῇ
949 1204 1188 1278 βασιλείᾳ
1222 1209 1387 1278 μένει.
1422 1212 1604 1266 Πάντα
1629 1214 1737 1285 γὰρ

155 1290 346 1345 ταῦτα
382 1292 475 1345 καὶ
515 1292 584 1346 τά
622 1293 842 1347 τοιαῦτα
890 1296 1106 1350 ποικίλα
1152 1299 1279 1353 ὄντα
1306 1302 1399 1355 καὶ
1446 1305 1542 1373 οὐχ
1592 1305 1735 1358 ἁπλᾶ

156 1382 271 1452 τῆς
305 1384 496 1453 σοφίας
531 1384 687 1455 ἔργα,
729 1385 817 1439 διὰ
855 1388 953 1457 τῆς
1011 1389 1329 1463 Ἐκκλησίας
1361 1395 1409 1446 οἱ
1457 1394 1596 1462 φίλοι
1640 1395 1733 1450 τοῦ

158 1474 409 1545 νυμφίου
441 1475 716 1545 μαθόντες,
767 1478 1188 1550 ὲκαρδιώθησαν,
1222 1482 1378 1536 ἄλλον
1411 1487 1734 1559 χαρακτῆρα

157 1568 269 1636 τῆς
299 1565 445 1629 θείας
470 1566 657 1634 σοφίας
686 1568 744 1620 ὲν
766 1567 844 1638 τῷ
889 1571 1167 1641 μυστηρίῳ
1195 1577 1621 1644 κατανοήσαντες
1640 1594 1653 1607 ·
1684 1579 1733 1630 εί

158 1655 224 1709 δὲ
268 1655 345 1727 μὴ
388 1656 779 1730 τολμηρότερόν
806 1659 950 1713 ἐστιν
978 1662 1168 1728 είπείν,
1198 1663 1335 1734 τάχα
1368 1666 1608 1720 κάκεῖνοι
1645 1668 1732 1722 διὰ

156 1745 270 1815 τῆς
292 1745 509 1815 νύμφης
534 1746 595 1799 τὸ
613 1747 705 1799 τοῦ
727 1748 957 1819 νυμφίου
980 1750 1171 1816 κάλλος
1199 1752 1394 1817 ἰδόντες
1415 1754 1731 1826 ἐθαύμασαν

158 1836 227 1889 τὸ
262 1838 398 1889 πᾶσι
429 1840 539 1900 τοῖς
562 1834 708 1892 οὖσιν
731 1841 958 1911 ἀόρατόν
982 1859 1041 1896 τε
1080 1845 1171 1896 καὶ
1199 1846 1596 1918 ἀκατάληπτον.
1636 1852 1730 1903 Ὃν

1839 672 2055 727 redimit
2078 672 2342 741 captivos,
2378 684 2502 725 cum
2532 668 2649 739 ipse
2672 669 2741 724 sit
2762 668 2854 739 qui
2892 676 3057 733 emat,
3084 676 3137 723 et
3174 668 3246 724 sit
3270 669 3387 739 ipse

1838 763 2105 834 pretium:
2133 762 2371 830 seipsum
2403 760 2548 815 enim
2586 759 2733 815 dedit
2758 774 2857 831 pro
2890 759 3047 815 nobis
3082 759 3242 813 morti
3264 775 3389 829 pre-

1838 854 1972 907 tium
2001 852 2411 922 redemptionis:
2438 849 2890 921 quemadmodum
2915 857 2968 905 et
2994 858 3079 905 est
3108 850 3163 904 in
3192 859 3387 915 morte,

1838 952 1893 999 et
1919 959 1949 998 a
1978 944 2088 998 vita
2118 958 2227 998 non
2255 943 2494 999 recedit:
2540 941 2994 1012 quemadmodum
3028 950 3083 995 et
3124 941 3385 997 miscetur

1838 1035 2085 1091 servituti
2118 1043 2171 1090 et
2195 1042 2374 1090 manet
2402 1033 2456 1088 in
2496 1048 2679 1105 regno.
2722 1032 2855 1086 Nam
2887 1048 3009 1088 cum
3038 1033 3150 1087 haec
3180 1034 3383 1099 omnia,

1835 1130 1889 1177 et
1915 1138 2035 1193 qua:
2078 1131 2206 1178 sunt
2259 1122 2591 1193 huiusmodi,
2638 1138 2761 1177 cum
2800 1122 2909 1177 sint
2937 1123 3083 1177 varia
3108 1130 3162 1176 et
3204 1122 3413 1177 multi--

1836 1215 2017 1285 plicia,
2043 1231 2137 1285 per
2159 1214 2456 1271 Ecclesiam
2478 1214 2799 1269 didicissent
2814 1214 2971 1267 amici
3000 1214 3206 1283 Sponsi,
3222 1213 3386 1268 corde

1834 1307 2021 1361 donati
2060 1314 2206 1369 sunt,
2244 1315 2301 1361 ut
2328 1308 2419 1377 qui
2449 1306 2612 1361 alium
2654 1305 2849 1359 divinae
2880 1306 3153 1374 sapientiae
3190 1305 3383 1359 chara-

1834 1404 2036 1451 cterem
2070 1396 2551 1451 animadverterint
2577 1396 2632 1449 in
2663 1396 2943 1465 mysterio:
2991 1402 3044 1448 et
3085 1395 3131 1450 si
3164 1409 3271 1449 non
3312 1394 3384 1451 sit
3424 1414 3431 1421 ~

1832 1489 2059 1543 nimium
2093 1487 2316 1543 audacis
2345 1488 2546 1550 dicere,
2586 1486 2664 1539 illi
2698 1486 2834 1541 forte
2853 1501 2975 1540 cum
3003 1500 3097 1555 per
3129 1501 3381 1555 sponsam

1833 1581 2019 1649 sponsi
2061 1580 2325 1635 vidissent
2371 1577 2852 1648 pulchritudinem,
2884 1576 3132 1631 admirati
3174 1585 3299 1631 sunt
3326 1576 3381 1629 id

1831 1670 1974 1741 quod
2000 1670 2252 1725 omnibus
2278 1685 2398 1739 quae
2424 1676 2571 1736 sunt,
2596 1676 2677 1725 est
2709 1668 3091 1738 inaspectabile
3109 1676 3162 1723 et
3182 1668 3383 1723 incom-

1831 1763 2210 1833 prehensibile.
2259 1762 2400 1817 Deus
2448 1763 2626 1826 enim,
2682 1776 2837 1830 quem
2888 1776 3045 1815 nemo
3093 1760 3227 1814 vidit
3258 1776 3380 1815 -un—

1828 1866 2012 1922 quam.
2046 1859 2104 1905 ut
2126 1849 2594 1915 dicitJoannes",
2624 1866 2723 1906 nec
2749 1858 2924 1921 potest
2950 1849 3145 1919 aliquis
3178 1849 3378 1915 videre,

158 1925 279 1997 γὰρ
327 1927 500 1992 οὐδεὶς
531 1929 741 2001 ἑώρακε
773 1928 1004 1999 πώποτε,
1034 1935 1214 1998 καθώς
1257 1953 1417 2008 φησιν
1458 1940 1727 2012 Ἰωάννης,

1829 1942 1971 1997 sicut
1993 1949 2219 1995 testatur
2237 1939 2513 2005 Paulus“,
2532 1955 2727 2009 corpus
2744 1956 2899 1995 suum
2926 1939 3048 1995 fecit
3064 1939 3379 2008 Ecclesiam,

160 2020 291 2103 οὐδὲ
323 2020 447 2073 ίδεῖν
470 2038 554 2085 τις
580 2021 820 2084 δύναται,
848 2024 1027 2088 καθὼς
1056 2027 1085 2079 ό
1117 2027 1326 2092 Παῦλος
1357 2036 1725 2103 μαρτυρεῖται,

162 2102 327 2174 οὗτος
357 2112 512 2182 σῶμα
539 2112 728 2166 ἑαυτοῦ
764 2114 860 2185 τὴν
898 2114 1220 2188 Ἐκκλησίαν
1253 2120 1494 2191 εποίησε,
1523 2102 1613 2177 καὶ
1643 2123 1729 2178 διὰ

162 2203 266 2272 τῆς
292 2204 603 2277 προσθήκης
630 2205 738 2259 τῶν
776 2207 1115 2277 σωζομένων,
1163 2211 1433 2282 οἰκοδομεῖ
1464 2215 1633 2284 αὐτὴν
1670 2217 1727 2269 ὲν

162 2293 380 2368 ἀγάπῃ,
416 2296 604 2367 μέχρις
626 2297 692 2351 ἂν
722 2300 1136 2371 καταντήσωμεν
1156 2303 1204 2354 οἱ
1239 2303 1437 2368 πάντες
1466 2307 1545 2369 είς
1561 2307 1726 2377 ἄνδρα

161 2386 401 2452 τέλειον,
441 2389 520 2451 είς
579 2389 776 2460 μέτρον
832 2390 1046 2462 ἡλικίας
1096 2392 1188 2445 τοῦ
1227 2393 1584 2465 πληρώματος
1631 2396 1725 2450 τοῦ

162 2477 427 2549 Χριστοῦ.
459 2478 523 2533 El
566 2476 656 2534 οὖν
701 2481 857 2552 σῶμα
901 2482 995 2535 τοῦ
1046 2484 1280 2553 Χριστοῦ
1317 2488 1350 2556 ἡ
1417 2487 1724 2558 Ἐκκλησία,

160 2569 377 2640 κεφαλὴ
421 2570 479 2623 δὲ
530 2570 624 2624 τοῦ
678 2572 923 2642 σώματος
969 2574 997 2626 6
1050 2574 1299 2644 Χριστὸς,
1348 2575 1423 2647 τῷ
1474 2577 1590 2648 ίδίῳ
1623 2595 1726 2649 χα-

165 2660 403 2733 ρακτῆρι
464 2662 687 2733 μορφῶν
747 2664 843 2732 τῆς
907 2662 1230 2734 Ἐκκλησίας
1283 2665 1344 2718 τὸ
1396 2667 1721 2738 πρόσωπον·

160 2751 306 2820 τάχα
335 2751 421 2805 διά
446 2752 647 2806 τούτων
680 2754 814 2824 πρὸς
846 2755 1016 2810 ταῦτα
1052 2757 1334 2827 βλέποντες
1368 2761 1415 2812 οί
1444 2760 1586 2829 φίλοι
1630 2760 1723 2815 τοῦ

161 2841 418 2910 νυμφίου,
449 2844 853 2929 ὲκαρδιώθησαν
872 2862 885 2875 ·
919 2847 1000 2901 ὅτι
1028 2849 1358 2921 τρανώτερον
1386 2852 1443 2905 ὲν
1475 2852 1609 2925 αὐτῇ
1634 2854 1724 2906 τὸν

159 2929 394 3000 ἀόρατον
439 2932 711 3002 βλέπουσι.
742 2934 1004 3007 Καθάπερ
1039 2938 1088 2990 οἱ
1132 2939 1291 2992 αὐτὸν
1333 2940 1426 2993 τοῦ
1459 2941 1609 3009 ἡλίου
1635 2942 1724 2995 τὸν

162 3020 365 3075 κύκλον
412 3024 537 3077 ίδεῖν
568 3026 983 3090 ἀδυνατοῦντες·
1032 3028 1118 3082 διὰ
1166 3029 1222 3082 δὲ
1260 3030 1357 3099 τῆς
1400 3030 1492 3084 τοῦ
1538 3031 1727 3097 ὓδατος

161 3112 341 3184 αὐγῆς
368 3116 447 3178 είς
470 3116 631 3171 αὐτὸν
669 3119 900 3189 όρῶντες
918 3136 932 3150 ⁸
965 3119 1103 3173 οὕτω
1140 3123 1379 3175 κάκεῖνοι
1405 3123 1479 3186 ὼς
1509 3125 1566 3176 ὲν
1593 3142 1725 3177 κατ-

1830 2036 1883 2083 et
1913 2043 2008 2097 per
2055 2029 2417 2083 accessionem
2453 2044 2641 2083 eorum
2687 2030 2779 2099 qui
2811 2030 2942 2083 salvi
2996 2031 3150 2094 ﬁunt,
3204 2029 3378 2099 ipsam

1829 2119 2059 2175 aedificat
2098 2120 2150 2173 in
2188 2120 2474 2183 charitate,
2511 2121 2684 2175 donec
2718 2135 3069 2175 occurramus
3100 2137 3289 2177 omnes
3323 2120 3379 2176 in

1828 2212 2004 2266 virum
2045 2210 2364 2280 perfectum,
2402 2212 2454 2265 in
2485 2228 2794 2266 mensuram
2825 2214 2999 2268 relatis
3034 2211 3378 2282 plenitudinis

1827 2302 2029 2357 Christi
2051 2302 2118 2353 ⁷⁸.
2155 2299 2210 2354 Si
2233 2317 2363 2372 ergo
2379 2300 2618 2357 Ecclesia
2643 2314 2723 2355 est
2750 2318 2948 2372 corpus
2971 2303 3193 2369 Christi,
3225 2303 3379 2358 Chri-

1831 2401 1949 2447 stus
1974 2399 2150 2445 autem
2187 2401 2267 2446 est
2301 2402 2461 2461 caput
2492 2394 2759 2461 corporis,
2801 2408 2900 2447 suo
2932 2394 3243 2449 charactere
3268 2393 3381 2449 for-

1831 2498 1986 2537 mans
2030 2481 2219 2537 faciem
2249 2482 2522 2547 Ecclesiae,
2576 2484 2713 2538 forte
2758 2499 2852 2553 per
2888 2484 2989 2538 hoc
3022 2483 3089 2538 ad
3126 2499 3189 2538 ea
3235 2485 3380 2554 aspi-

1829 2572 2036 2627 cientes
2066 2573 2225 2626 amici
2259 2573 2467 2642 sponsi,
2512 2573 2676 2628 corde
2703 2574 2885 2628 donati
2915 2582 3075 2630 sunt:
3120 2574 3380 2644 quoniam

1828 2678 1924 2733 per
1961 2666 2132 2733 ipsam
2166 2664 2369 2718 clarius
2412 2664 2683 2733 aspiciunt
2730 2680 2986 2735 sponsum
3025 2667 3117 2736 qui
3150 2682 3258 2720 non
3289 2679 3382 2721 ca-

1828 2755 1907 2810 dit
1939 2755 2041 2810 sub
2069 2763 2368 2823 aspectum.
2404 2753 2468 2809 Et
2490 2755 2763 2824 quomodo
2804 2756 2839 2809 ii
2871 2757 2963 2827 qui
2996 2757 3169 2826 ipsum
3193 2758 3378 2813 orbem

1829 2847 1961 2902 solis
2021 2863 2127 2901 non
2182 2857 2408 2916 possunt
2446 2848 2658 2911 videre,
2713 2863 2805 2917 per
2844 2864 2996 2918 aqua:
3044 2848 3378 2919 splendorem

1830 2941 2005 3009 ipSum
2033 2938 2255 2993 vident:
2291 2940 2363 2992 ita
2414 2939 2488 2993 illi
2542 2954 2758 3009 quoque
2797 2940 2849 2994 in
2890 2941 3093 2994 mundo
3137 2940 3377 3009 speculo,

1832 3047 2025 3100 nempe
2072 3030 2209 3085 facie
2240 3030 2527 3094 Ecclesiae,
2576 3031 2760 3085 vident
2800 3032 2968 3086 solem
3003 3031 3248 3101 justitize,
3284 3030 3377 3101 qui

1831 3138 1928 3192 per
1962 3122 2014 3175 id
2041 3122 2184 3192 quod
2214 3131 2457 3190 apparet,
2489 3130 2667 3176 mente
2697 3114 3186 3192 comprehenditur.

159 3202 349 3276 όπτρῳ
380 3206 717 3278 καθορῶντες
748 3210 990 3282 καθαρῷ,
1020 3213 1096 3284 τῷ
1144 3215 1411 3285 προσώπῳ
1452 3216 1550 3286 τῆς
1591 3216 1930 3289 Ἐκκλησίας,
1970 3214 2060 3266 τὸν
2090 3214 2187 3283 τῆς
2218 3213 2553 3283 δικαιοσύνης
2612 3215 2757 3284 ἥλιον
2821 3215 3091 3284 βλέπουσι,
3145 3216 3234 3268 τὸν
3291 3213 3378 3269 διὰ

162 3296 260 3352 τοῦ
286 3301 607 3371 φαινομένου
638 3304 1082 3375 κατανοούμενον.

235 3392 436 3447 Τούτου
485 3395 642 3467 χάριν
686 3397 784 3467 οὐχ
806 3396 951 3462 ἅπαξ
991 3399 1199 3468 εἴρηται
1248 3401 1313 3468 τῇ
1364 3398 1547 3471 νύμφῃ
1574 3400 1722 3471 παρά

1905 3397 1973 3449 Ea
2005 3397 2071 3450 de
2089 3410 2250 3449 causa
2274 3410 2379 3448 non
2406 3380 2571 3450 semel
2604 3402 2813 3447 tantum
2838 3394 3038 3447 dictum
3058 3405 3139 3449 est
3167 3412 3378 3466 sponsa:

162 3481 276 3537 τῶν
301 3481 489 3553 φίλων,
522 3485 604 3547 τὸ,
647 3485 1057 3553 Ἐκαρδίωσας,
1084 3488 1218 3559 ὅπερ
1243 3490 1411 3552 ἐστὶν,
1437 3490 1517 3542 ὅτι
1535 3488 1723 3560 Ψυχήν

160 3591 286 3629 τινα
313 3575 405 3628 καί
425 3575 662 3628 διάνοιαν
688 3577 822 3647 πρὸς
847 3579 945 3647 τὴν
978 3578 1072 3632 τοῦ
1110 3579 1283 3648 φωτὸς
1315 3582 1637 3651 κατανόησιν
1656 3580 1724 3632 δι’

164 3664 362 3734 ἑαυτῆς
389 3666 518 3734 ἡμῖν
550 3666 864 3736 ὲνεποίησας
886 3683 898 3695 ’
932 3668 1067 3722 ἀλλά
1110 3671 1204 3722 καὶ
1251 3669 1410 3724 πάλιν
1436 3670 1525 3723 τὸν
1566 3671 1724 3723 αὐτὸν

165 3753 673 3822 ἐπαναλαμϐάνουσι
719 3754 911 3823 λόγον,
966 3757 1298 3821 ἀξιοπιστίαν
1351 3759 1725 3829 προστιθέντες

163 3844 243 3913 τῷ
266 3844 558 3915 λεγομένῳ,
608 3844 696 3897 διὰ
740 3846 840 3916 τῆς
896 3846 1284 3919 δευτερώσεως.
1338 3851 1567 3918 Λέγουσι
1617 3849 1726 3920 γὰρ

166 3936 699 4006 ὲπαναλαμόάνοντες
718 3952 732 3968 ·
764 3937 845 3989 ὅτι
890 3938 1277 4007 Ἑκαρδιωσας
1308 3938 1463 4008 ἡμᾶς
1488 3941 1576 3993 ἐνὶ
1607 3941 1725 3994 ἀπὸ

173 4028 493 4098 ὀφθαλμῶν
531 4045 666 4084 σου.
703 4029 870 4082 Τοῦτό
896 4032 1012 4083 ἐστι
1060 4031 1288 4101 μάλιστα
1334 4031 1362 4084 ὃ
1392 4033 1488 4102 τὴν
1522 4032 1727 4101 θαυμα-

174 4120 361 4189 στικὴν
390 4122 669 4191 ὲνεποιήσε
714 4123 824 4185 τοῖς
854 4120 1025 4191 φίλοις
1068 4123 1195 4192 περὶ
1237 4122 1333 4192 τῆς
1363 4122 1577 4192 νύμφης
1609 4122 1726 4176 διά-

170 4212 333 4264 θεσιν.
362 4212 565 4281 Διπλῆς
587 4214 694 4283 γὰρ
722 4213 885 4284 οὔσης
912 4211 978 4288 τῇ
1010 4213 1153 4284 ψυχῇ
1183 4213 1282 4283 τῆς
1312 4214 1539 4283 ὀπτικῆς
1578 4216 1727 4284 ἐνερ-

170 4305 319 4372 γείας
343 4322 357 4336 ο
408 4308 502 4359 καὶ
539 4307 636 4377 τῆς
688 4306 785 4376 μὲν
830 4306 927 4377 τὴν
959 4305 1213 4376 ἀλήθειαν
1262 4303 1494 4375 ὁρώσης,
1528 4306 1626 4374 τῆς
1668 4305 1726 4358 δὲ

170 4395 356 4465 ἑτέρας
405 4397 532 4466 περὶ
582 4396 647 4448 τά
701 4395 903 4467 μάταια
956 4394 1336 4465 πλανωμένης’
1381 4394 1566 4464 ἐπειδὴ
1602 4395 1727 4465 περὶ

175 4491 339 4559 μόνην
362 4490 453 4541 τοῦ
481 4488 683 4558 ἀγαθοῦ
710 4490 808 4561 τὴν
841 4488 1000 4558 φύσιν
1031 4489 1299 4559 ἀνέῳκται
1328 4488 1430 4559 τῆς
1457 4489 1673 4559 νύμφης
1697 4489 1727 4540 ό

172 4580 403 4651 καθαρὸς
426 4581 699 4651 ὀφθαλμός
719 4596 734 4612 ⁸
764 4583 925 4652 ἀργεῖ
950 4580 1005 4633 δὲ
1028 4580 1242 4643 πάντως
1274 4581 1301 4632 ό
1331 4578 1725 4650 ἓτερος,τούτου

171 4673 324 4744 χάριν
366 4671 444 4742 τῷ
489 4673 567 4724 ἐνὶ
593 4672 699 4723 τῶν
740 4671 1030 4741 ὀφθαλμῶν
1077 4672 1441 4741 προσάγουσιν
1490 4672 1538 4723 oi
1580 4670 1725 4739 φίλοι

1823 3485 1892 3540 ab
1923 3483 2114 3538 amicis
2166 3482 2380 3552 sponsi,
2443 3478 2545 3535 Cor
2591 3480 2820 3535 indidisti
2871 3480 3032 3544 nobis,
3096 3486 3239 3555 quod
3272 3498 3374 3553 est,

1823 3579 2064 3634 Animam
2107 3576 2385 3649 quamdam
2424 3586 2478 3631 et
2518 3574 2920 3642 cogitationem,
2956 3574 3021 3629 ad
3064 3576 3200 3633 lucis
3225 3593 3375 3633 com-

1823 3667 2260 3740 prehensionem,
2293 3681 2385 3735 per
2432 3666 2659 3735 teipsam
2711 3665 2865 3722 nobis
2917 3666 3157 3723 indidisti
3206 3685 3221 3722 :
3283 3672 3376 3727 sed

1824 3774 2014 3815 rursus
2033 3757 2273 3813 eamdem
2306 3765 2555 3828 repetunt
2579 3760 2901 3824 orationem,
2933 3773 3027 3826 per
3046 3775 3230 3814 eorum
3260 3777 3379 3831 qua:

1824 3853 2080 3905 dicuntur
2123 3848 2460 3903 iterationem
2514 3848 2568 3902 id
2606 3850 2751 3919 quod
2782 3849 2981 3903 dicitur
3020 3849 3122 3905 ﬁde
3154 3852 3375 3922 dignum

1826 3941 2101 3995 facientes.
2158 3939 2351 3993 Dicunt
2401 3939 2547 3992 enim
2606 3950 2908 4009 repetentes
2943 3960 2955 3993 :
2989 3942 3094 3994 Cor
3139 3943 3378 4000 indidisti

1826 4033 1975 4086 nobis
2006 4048 2108 4084 uno
2140 4046 2206 4084 ex
2232 4030 2396 4083 oculis
2424 4030 2547 4083 tuis.
2583 4028 2696 4085 Hoc
2734 4041 2818 4085 est
2860 4032 3001 4100 quod
3046 4032 3237 4089 amicis
3281 4033 3377 4089 οό-

1826 4123 2131 4176 mirationis
2152 4121 2205 4174 in
2226 4135 2483 4190 sponsam
2508 4121 2796 4174 maximam
2816 4123 2993 4176 attulit
3016 4123 3375 4180 affectionem.

1825 4209 1957 4265 Nam
1999 4226 2119 4265 cum
2171 4213 2241 4266 sit
2281 4210 2477 4280 duplex
2507 4209 2701 4263 anima:
2738 4212 2951 4265 videndi
2991 4214 3271 4282 operatio,
3324 4223 3380 4272 et

1826 4299 1993 4353 altera
2019 4300 2234 4367 quidem
2258 4298 2438 4352 videat
2461 4300 2762 4363 veritatem,
2793 4301 2960 4354 altera
2983 4317 3111 4357 vero
3133 4313 3380 4359 versetur

1826 4390 1883 4445 in
1913 4391 2076 4445 rebus
2103 4390 2253 4445 vanis
2294 4409 2308 4445 :
2363 4390 2799 4461 quandoquidem
2845 4392 2991 4447 circa
3025 4394 3196 4448 solam
3250 4395 3380 4451 boni

1827 4490 2074 4536 naturam
2127 4491 2346 4552 apertus
2393 4492 2477 4535 est
2523 4497 2692 4551 purus
2740 4498 2950 4552 sponsa:
2980 4485 3193 4549 oculus,
3246 4486 3381 4541 alter

1826 4583 2003 4628 autem
2031 4572 2189 4643 plane
2228 4573 2438 4627 otiosus
2472 4579 2590 4639 est;
2622 4574 2727 4627 uni.
2752 4589 2818 4627 ex
2849 4574 3019 4629 oculis
3053 4576 3210 4631 amici
3260 4576 3379 4631 lau-

1825 4665 1944 4719 dem
1977 4665 2247 4727 tribuunt,
2278 4679 2374 4734 per
2403 4679 2561 4733 quem
2596 4664 2767 4718 solum
2793 4663 2939 4717 illum
2964 4666 3377 4734 contemplatur,

170 4764 257 4817 τόν
285 4764 522 4827 ἔπαινον,
556 4764 621 4816 δι’
648 4755 709 4817 οὗ
745 4763 903 4833 μόνου
932 4762 1124 4833 θεωρεῖ
1155 4762 1247 4816 τὸν
1296 4763 1474 4833 μόνον,
1520 4764 1723 4815 ἐκεῖνον

1828 4756 2000 4819 illum,
2047 4756 2288 4825 inquam,
2335 4756 2508 4810 solum
2536 4756 2627 4824 qui
2673 4755 3148 4823 comprehenditur
3182 4757 3235 4810 in
3275 4756 3375 4810 im-

170 4856 306 4924 λέγω
336 4857 423 4909 τὸν
450 4856 630 4925 μόνον,
661 4855 750 4909 τὸν
775 4856 832 4908 ἐν
858 4856 924 4924 τῇ
949 4854 1201 4925 ἀτρέπτῳ
1232 4870 1291 4905 τε
1324 4855 1415 4907 καὶ
1451 4852 1604 4920 ἀῖδίφ
1628 4870 1725 4907 κα-

170 4948 638 5018 ταλαμϐανόμενον
667 4946 845 5015 φύσει,
878 4946 968 4999 τόν
995 4963 1054 4998 τε
1078 4946 1327 5016 ἀληθινὸν
1366 4944 1602 5015 Πατέρα,
1631 4944 1724 4997 καὶ

171 5039 256 5092 τὸν
284 5038 538 5109 μονογενῆ
580 5037 727 5101 Υίὸν,
756 5037 849 5090 καὶ⁴
877 5037 937 5090 τὸ
965 5037 1116 5104 ἆγιον
1148 5037 1389 5106 Πνεῦμα.
1421 5036 1594 5089 Μόνον
1619 5036 1723 5106 γάρ

175 5128 309 5179 ἐστιν
344 5127 418 5189 ὼς
448 5127 677 5196 ἀληθῶς,
708 5125 771 5178 τὸ
795 5127 852 5177 ὲν
884 5127 983 5196 μιᾷ
1008 5125 1374 5197 θεωρούμενον
1401 5124 1580 5193 φύσει,
1623 5142 1727 5194 μη-

175 5216 288 5269 δένα
314 5218 584 5288 χωρισμὸν
612 5218 645 5288 ἢ
675 5217 1024 5287 ἀλλοτρίωσιν
1050 5218 1147 5289 τῆς
1180 5217 1318 5270 κατά
1352 5217 1451 5281 τὰς
1480 5216 1717 5270 ὑποστά-

180 5325 281 5371 σεις
304 5308 558 5379 διαφορᾶς
590 5309 934 5380 ἐμποιούσης.
984 5309 1103 5362 Εἰσὶ
1147 5309 1253 5380 γάρ
1282 5326 1424 5372 τινες
1449 5310 1498 5362 οἳ
1538 5309 1719 5378 διαφό-

180 5417 283 5471 ροις
308 5398 597 5469 ὀφθαλμοῖς
617 5400 800 5463 κακῶς
827 5400 955 5469 περὶ
978 5401 1068 5454 τὸν
1088 5400 1424 5471 ἀνύπαρκτον
1446 5398 1719 5464 ὀξυωποῦ-

179 5507 273 5553 σιν,
322 5490 397 5551 είς
441 5489 637 5553 πολλὰς
678 5490 866 5559 φύσεις
907 5490 969 5544 τὸ
988 5490 1049 5544 ἓν
1083 5493 1204 5554 ταῖς
1247 5490 1354 5544 τῶν
1386 5489 1720 5561 διαστρόφων

176 5580 455 5653 ὀφθαλμῶν
502 5582 817 5651 φαντασίαις
866 5582 1348 5654 καταμερίζοντεςο
1393 5575 1537 5636 οὗτοί
1587 5584 1722 5635 είσιν

176 5672 222 5728 οἱ
248 5670 519 5742 λεγόμενοι
557 5672 692 5726 πολὺ
718 5672 1020 5744 βλέποντες,
1050 5675 1101 5729 οί
1137 5674 1224 5731 διὰ
1264 5675 1357 5730 τοῦ
1397 5674 1565 5729 πολλὰ
1597 5672 1716 5745 βλέ-

1825 4848 2069 4901 mutabili
2100 4856 2153 4902 et
2188 4855 2389 4902 azterna
2436 4853 2652 4909 natura,
2697 4862 2889 4915 nempe
2917 4863 3104 4901 verum
3138 4845 3376 4913 Patrem,

1822 4944 1874 4990 et
1901 4936 2234 5006 unigenitum
2259 4935 2477 4998 Filium,
2504 4942 2558 4989 et
2589 4943 2835 4989 sanctum
2877 4935 3159 5005 Spiritum.
3192 4934 3375 4989 Solum

1821 5028 1963 5081 enim
1998 5042 2122 5080 vere
2146 5034 2230 5080 est
2261 5026 2308 5077 id
2345 5026 2488 5095 quod
2519 5036 2623 5088 est,
2662 5026 2805 5095 quod
2846 5028 2901 5080 in
2933 5043 3036 5080 una
3068 5026 3377 5081 considera«

1822 5125 1910 5170 tur
1942 5125 2154 5181 natura,
2187 5116 2389 5170 nullam
2414 5114 2668 5171 aﬂ'erente
2699 5118 3090 5186 separationem
3121 5124 3214 5170 aut
3245 5117 3373 5171 alie-

1826 5208 2101 5263 nationem
2133 5206 2433 5261 diﬂerentia
2460 5222 2580 5276 quae
2612 5216 2695 5261 est
2728 5208 2780 5259 in
2811 5206 3211 5276 hypostasihus.
3240 5205 3378 5258 Sunt

1825 5304 1969 5359 enim
1992 5302 2236 5356 nonnulli
2263 5300 2353 5372 qui
2386 5300 2441 5354 in
2466 5301 2693 5355 diversis
2716 5300 2889 5353 oculis
2917 5298 3056 5352 male
3081 5308 3206 5350 sunt
3232 5295 3375 5352 acris

1826 5398 1975 5450 visus
2016 5396 2071 5448 in
2118 5393 2173 5448 id
2209 5390 2353 5464 quod
2386 5407 2492 5447 non
2521 5400 2694 5461 petest
2726 5390 3043 5453 consistere,
3096 5389 3149 5441 in
3177 5388 3375 5443 multas

1826 5487 2205 5557 dispertientes
2226 5496 2448 5540 naturas
2466 5484 2519 5539 id
2544 5483 2687 5555 quod
2707 5498 2872 5535 unum
2892 5487 2973 5536 est
2996 5494 3373 5549 perversorum

1825 5580 2104 5637 oculorum
2160 5578 2478 5635 visionibus.
2524 5576 2564 5631 li
2606 5584 2734 5631 sunt
2774 5574 2867 5644 qui
2916 5574 3172 5628 dicuntur
3210 5573 3377 5626 multa
3442 5602 3447 5607 ε

1825 5673 2090 5737 videntes,
2115 5670 2207 5742 qui
2231 5677 2512 5744 propterea
2537 5668 2679 5740 quod
2713 5665 2879 5720 multa
2916 5664 3217 5737 aspiciunt,
3241 5660 3378 5719 nihil

242 5852 285 5887 τ’
319 5848 522 5909 lJoan.
562 5866 637 5921 tv,
674 5852 759 5908 12.
834 5855 876 5887 τί
912 5853 931 5908 1
967 5852 1203 5911 Timoth.
1235 5870 1310 5921 vi,
1354 5854 1437 5910 16.
1513 5853 1558 5885 τί
1593 5849 1727 5921 Εριιι

1831 5862 1904 5907 ιν.
1948 5848 2036 5903 15.
