4028 6534
510 426 606 484 931

1700 444 1703 447 ‘
1741 425 1799 483 S.
1824 427 2151 486 GREGORII
2186 428 2476 486 NYSSENI

3635 425 3748 485 959

515 546 748 602 vident:
797 556 852 604 et
898 558 1167 619 quatenus
1210 562 1356 603 nunc
1401 548 1621 619 quidem
1655 547 1823 606 Deum
1866 549 2073 616 vident,

2179 570 2300 606 πειν
2322 554 2554 625 ὁρῶντες
2574 553 2722 607 οὐδέν
2746 570 2759 584 ·
2802 554 2896 607 καὶ
2920 553 3033 606 ὅσοι
3060 550 3153 605 νῦν
3188 551 3287 623 μὲν
3322 548 3458 621 πρὸς
3477 547 3571 602 τδν
3605 546 3741 601 Θεὸν

518 651 711 693 rursus
748 646 926 692 autem
958 638 1015 692 iu
1056 639 1431 696 materialibus
1460 641 1722 696 oberrant
1752 641 2076 709 visionibus,

515 736 643 783 Iunt
692 730 896 801 indigni
944 746 1084 801 quos
1132 731 1384 790 laudibus
1435 742 1833 804 prosequantur
1878 734 2076 805 angeli,

512 830 572 872 ut
615 821 706 889 qui
748 831 1077 878 evanescant
1111 824 1164 878 in
1220 826 1523 895 phantasiis
1569 842 1759 881 eorum
1808 842 1928 897 quae
1968 842 2075 882 non

512 922 741 982 possunt
785 930 930 970 esse.
966 914 1069 982 Qui
1109 926 1291 974 autem
1343 919 1411 973 ad
1460 919 1627 974 Deum
1668 919 1842 974 solum
1878 921 2079 975 acriter

512 1003 777 1071 intuetur,
811 1016 895 1063 est
924 1022 1101 1065 caecus
1134 1010 1188 1064 in
1216 1010 1340 1065 aliis
1376 1011 1651 1076 omnibus,
1683 1012 1905 1081 ad.quas
1933 1013 2074 1082 vulgi

505 1094 771 1165 dirigitur
800 1107 1073 1170 aspectus.
1112 1099 1405 1173 Propterea
1436 1118 1545 1158 uno
1573 1102 1855 1159 oculorum
1884 1103 2077 1160 amicis

514 1183 671 1241 affert
700 1202 901 1259 sponsa
924 1192 1357 1249 admirationem.
1390 1191 1484 1250 Est
1500 1209 1629 1265 ergo
1654 1209 1830 1250 caecus
1855 1194 2076 1265 quidem

512 1278 563 1332 is
614 1279 706 1348 qui
757 1282 960 1339 multos
989 1282 1151 1340 habet
1177 1285 1389 1349 oculos,
1444 1285 1541 1355 qui
1580 1286 1770 1340 multis
1803 1286 1980 1341 oculis
2008 1289 2076 1340 ad

511 1383 650 1423 vana
695 1372 889 1442 aspicit
923 1374 1043 1431 :llle
1072 1384 1251 1431 autem
1285 1383 1373 1433 est
1412 1376 1557 1433 acris
1586 1377 1738 1434 visus
1767 1385 1822 1433 et
1866 1380 2077 1448 perspi-

512 1474 637 1527 cax,
669 1462 761 1532 qui
788 1478 885 1534 per
913 1481 1081 1521 unum
1114 1470 1308 1523 anima:
1328 1468 1546 1523 oculum
1573 1468 1641 1523 ad
1671 1468 1846 1524 solum
1874 1468 2076 1523 bonum

512 1553 727 1623 aspicit.

582 1643 843 1711 Quaenam
873 1647 947 1703 sit
979 1656 1159 1705 autem
1189 1650 1280 1704 illa
1314 1667 1447 1717 una,
1480 1662 1574 1708 aut
1600 1654 1729 1723 quid
1757 1654 1829 1710 sit
1852 1663 2077 1725 torques

513 1735 640 1790 colli
671 1750 905 1807 sponsae,
939 1753 1049 1793 non
1077 1747 1163 1795 est
1188 1739 1413 1797 difﬁcile
1449 1742 1806 1800 considerare
1856 1758 1951 1813 per
2011 1758 2076 1799 ea

511 1840 634 1895 qua:
673 1827 895 1884 fuerunt
954 1831 1109 1900 prius
1150 1833 1489 1898 examinata,
1550 1832 1772 1891 etiamsi
1822 1835 2077 1891 videatur

2176 648 2360 719 ὁρῶσι,
2389 649 2546 703 πάλιν
2578 649 2635 703 δὲ
2669 651 2787 713 ταῖς
2814 646 3023 711 ὑλικαῖς
3056 644 3372 717 φαντασίαις
3399 640 3743 697 ὲπιπλανῶν-

2175 756 2287 801 ται,
2315 740 2521 807 ἀνάξιοι
2548 741 2649 811 τῆς
2674 740 2782 794 τῶν
2823 738 3069 809 ἀγγέλων
3107 736 3378 808 εὐφημίας
3417 734 3576 798 εἰσὶν,
3616 733 3741 794 ταῖς

2175 830 2283 885 τῶν
2318 834 2678 905 ἀνυπάρκτων
2719 833 3036 903 φαντασίαις
3061 830 3542 902 ὲμματαιάζοντες.
3585 826 3642 880 '0
3683 823 3743 877 δὲ

2177 926 2313 996 πρὸς
2344 926 2500 996 μόνον
2528 924 2756 980 τὸΘείον
2782 924 3057 992 ὀξυωπῶν,
3095 923 3291 992 τυφλὸς
3320 923 3379 976 ὲν
3420 924 3530 985 τοῖς
3560 920 3745 983 ἄλλοις

2177 1020 2343 1074 πᾶσιν
2390 1022 2527 1085 ἐστι,
2573 1018 2707 1092 πρὸς
2757 1019 2901 1090 ἆπερ
2944 1018 3001 1071 ai
3042 1015 3150 1070 τῶν
3198 1014 3407 1069 πολλῶν
3450 1013 3745 1084 βλέπουσιν

2177 1110 2349 1181 δψεις.
2379 1112 2476 1166 Διὰ
2507 1110 2663 1166 τοῦτο
2687 1110 2764 1181 τῷ
2791 1110 2870 1163 ἑνὶ
2896 1109 3003 1163 τῶν
3025 1104 3315 1178 ὀφθαλμῶν
3338 1105 3481 1159 ποιεί
3506 1105 3621 1167 τοῖς
3651 1102 3746 1171 φί-

2176 1203 2286 1266 λοις
2325 1206 2359 1274 ή
2387 1203 2574 1274 νύμφη
2595 1203 2657 1257 τὸ
2692 1201 2896 1274 θαῦμα.
2928 1198 3135 1255 Οὐκοῦν
3160 1198 3353 1267 τυφλὸς
3383 1196 3481 1267 μέν
3524 1198 3674 1248 ἐστιν
3714 1196 3746 1247 ὁ

2178 1296 2573 1368 πολυόμματος,
2614 1298 2663 1349 όν
2685 1295 2820 1369 πρὸς
2846 1293 2916 1348 τὰ
2955 1294 3158 1364 μάταια
3202 1291 3415 1355 πολλοῖς
3443 1288 3746 1359 ὀφθαλμοῖς

2178 1385 2406 1456 βλέπων.
2473 1385 2791 1457 Ὀξυδερκὴς
2832 1386 2889 1440 δὲ
2932 1384 3026 1438 καὶ
3075 1381 3376 1453 διορατικὸς
3425 1383 3661 1444 ἐκεῖνος,
3711 1382 3743 1432 ό

2174 1479 2241 1532 δι’
2270 1479 2387 1543 ἑνὸς
2409 1479 2503 1532 τοῦ
2532 1478 2631 1549 τῆς
2656 1477 2834 1549 ψυχῆς
2863 1474 3143 1547 ὀφθαλμοῦ
3166 1473 3302 1546 πρὸς
3330 1473 3488 1545 μόνον
3513 1472 3577 1525 τὸ
3599 1472 3742 1538 ἁγαδ

2177 1568 2268 1623 θδν
2306 1570 2537 1639 βλέπων.

2246 1660 2340 1724 Τίς
2378 1661 2472 1714 καὶ
2499 1658 2679 1729 ὲκείνη
2710 1657 2856 1711 ἐστὶν
2892 1658 2926 1727 ἡ
2976 1656 3094 1727 μία,
3130 1654 3163 1727 ἢ
3205 1655 3257 1709 τί
3301 1653 3363 1709 τὸ
3402 1654 3599 1725 ἐνθεμα
3640 1652 3740 1707 τοῦ

2174 1752 2445 1824 τραχήλου
2488 1752 2590 1822 τῆς
2633 1751 2869 1821 νύμφης,
2913 1750 2975 1802 οὐ
3020 1748 3251 1821 χαλεπὸν
3286 1748 3354 1802 ἂν
3380 1748 3466 1818 εἴη
3505 1746 3594 1799 διὰ
3628 1744 3742 1799 τῶν

2177 1844 2555 1915 ὲξητασμὲνων
2596 1841 3020 1910 ἐπιλογίσασθαι,
3065 1839 3168 1895 κᾶν
3196 1841 3325 1911 δοκῇ
3366 1854 3482 1902 πως
3522 1839 3741 1907 ἀσαφὴς

511 1918 771 1976 dictionis
801 1930 1087 1979 contextus
1107 1940 1230 1980 esse
1250 1925 1563 1982 obscurior.
1594 1928 1675 1980 Ita
1698 1927 1842 1983 enim
1872 1928 2070 1984 habet:

2177 1902 2542 2007 ﬁ'iéitq'eivat
2570 1934 2712 1987 κατὰ
2742 1902 2840 2002 τὴν
2872 1902 3199 2003 σύμφρασιν.
3234 1902 3387 1984 Οῦτω
3406 1928 3511 2001 γὰρ
3531 1929 3560 1981 δ
3580 1902 3741 1996 λόγός

511 2009 619 2067 Cor
645 2012 887 2068 indidisti
913 2016 1060 2071 nobis
1096 2033 1198 2071 uno
1224 2031 1288 2071 ex
1316 2019 1481 2074 oculis
1510 2024 1613 2084 tuis
1634 2020 1687 2073 in
1713 2036 1841 2083 una,
1872 2021 1926 2074 in
1961 2029 2074 2076 tor-

510 2118 609 2173 que
637 2104 763 2158 colli
792 2108 892 2169 tui,
920 2106 1057 2162 adeo
1080 2116 1138 2161 ut
1167 2108 1303 2163 illud
1330 2110 1571 2181 quidem,
1604 2109 1670 2164 In
1719 2127 1847 2176 una,
1877 2126 2075 2167 conveo

510 2192 627 2246 niat
657 2193 707 2247 ei
734 2195 876 2264 quod
912 2193 1027 2250 Uno
1053 2212 1119 2251 ex
1143 2198 1311 2253 oculis
1354 2200 1481 2265 tuis,
1514 2200 1943 2273 intelligentibus
1972 2218 2073 2256 no-

508 2282 595 2339 bis
614 2300 679 2339 ex
708 2289 1078 2360 assumptione
1107 2290 1260 2356 illud,
1286 2290 1354 2346 In
1377 2309 1483 2347 una
1510 2294 1711 2349 anima.
1735 2292 1914 2349 Multae
1929 2296 2073 2350 enim

510 2384 640 2432 sunt
670 2378 725 2433 in
760 2394 1089 2450 unoquoque
1125 2382 1520 2438 ineruditorum
1549 2387 1762 2452 animae,
1790 2386 1845 2441 in
1875 2388 2075 2456 quibus

509 2472 676 2525 animi
699 2473 1134 2543 perturbationes
1149 2490 1242 2545 per
1264 2475 1600 2531 dominatum
1624 2493 1782 2547 quem
1803 2478 2072 2543 obtinent,

508 2572 795 2620 transeunt
826 2566 880 2620 in
914 2581 1095 2621 mores
1133 2567 1347 2633 animae,
1367 2568 1432 2624 ad
1469 2568 1709 2625 dolorem
1741 2578 1794 2625 et
1823 2572 2073 2641 volupta-

507 2666 640 2722 tem,
672 2666 765 2711 aut
790 2658 925 2712 iram
954 2667 1007 2714 et
1052 2668 1276 2723 metum,
1310 2673 1376 2714 ac
1428 2660 1772 2717 formidinem
1806 2670 1858 2717 ct
1903 2664 2075 2718 conll~

508 2750 745 2805 dentiam
778 2758 988 2804 mutato
1011 2752 1327 2806 charactere
1352 2751 1563 2806 animae.
1596 2750 1696 2819 Qui
1729 2760 1906 2808 autem
1937 2755 2077 2824 aspi-

506 2843 584 2898 cit
615 2844 681 2897 ad
712 2841 1036 2898 uniforinem
1070 2844 1334 2899 rationem
1369 2845 1492 2900 vitae
1516 2861 1636 2916 quae
1668 2847 1846 2916 agitur
1874 2862 1937 2902 ex
1964 2847 2076 2901 vir-

506 2943 644 3001 tute,
670 2934 811 3006 quod
838 2950 942 2989 una
973 2936 1152 2989 anima
1182 2936 1349 3003 vivat,
1374 2938 1541 2993 latum
1576 2947 1659 2994 est
1683 2924 2072 2994 testimonium.

511 3027 601 3083 Sic
622 3038 748 3099 ergo
777 3028 1157 3099 distinguenda
1174 3037 1257 3085 est
1283 3032 1478 3095 oratio,
1504 3032 1648 3101 quod
1678 3032 1808 3086 illud
1834 3032 2071 3103 quidem,

507 3122 567 3176 lu
592 3137 716 3185 una,
756 3123 1112 3190 coniunctum
1163 3122 1212 3177 ei
1243 3123 1314 3178 sit
1345 3123 1489 3194 quod
1520 3124 1820 3194 praecessit,
1880 3126 1960 3180 sic
2009 3141 2075 3181 ex

2177 2030 2338 2099 φησίν
2362 2046 2376 2061 ο
2427 2030 2507 2082 ὅτι
2542 2026 2937 2095 Ἑκαρδίωσας
2965 2025 3121 2095 ἡμᾶς
3151 2025 3238 2078 ἐνί
3269 2023 3385 2078 ἀπὸ
3418 2022 3743 2092 ὀφθαλμῶν

2174 2134 2290 2174 σου
2316 2120 2385 2173 ἐν
2407 2116 2541 2189 μιᾷ,
2586 2116 2859 2186 ἐνθέματι
2886 2114 3191 2184 τραχήλου
3224 2131 3360 2174 σου.
3415 2112 3490 2176 ὡς
3528 2112 3589 2164 τὸ
3634 2112 3740 2181 μὲν

2187 2212 2292 2265 Ἐν
2324 2208 2452 2279 μιᾷ,
2495 2208 2782 2280 σύμφωνον
2817 2203 2952 2259 εἶναι
2982 2204 3059 2277 τῷ
3102 2205 3225 2261 Ἑνὶ
3270 2204 3389 2259 ἀπὸ
3420 2201 3742 2273 ὀφθαλμῶν

2175 2318 2311 2368 σου,
2346 2302 2605 2356 νοούντων
2646 2303 2801 2372 ἡμῶν
2840 2301 2980 2356 κατὰ
3011 2298 3321 2373 παράληψιν
3382 2297 3442 2350 τὸ
3496 2297 3596 2351 Ἐν
3626 2292 3741 2365 μιᾷ

2174 2394 2366 2464 ψυχῇ.
2403 2394 2601 2448 ιῖολλα)⁵
2641 2394 2747 2463 γὰρ
2769 2395 2825 2447 ὲν
2850 2393 3061 2461 ἑκάστῳ
3087 2392 3325 2460 γίνονται
3352 2388 3457 2441 τῶν
3481 2385 3739 2442 ἀπαιδεύ·

2172 2505 2282 2540 των
2311 2486 2501 2558 ψυχαὶ,
2547 2489 2605 2540 ὲν
2649 2481 2730 2550 οἷς
2761 2486 2832 2539 τὰ
2877 2485 3022 2555 πάθη
3064 2484 3151 2537 διὰ
3187 2483 3284 2553 τῆς
3326 2480 3738 2551 ὲπικρατήσεως

2174 2582 2254 2642 είς
2285 2579 2376 2632 τὸν
2398 2578 2499 2649 τῆς
2520 2578 2696 2649 ψυχῆς
2726 2577 2889 2630 τόπον
2912 2574 3375 2647 άντιμεθίσταται,
3400 2571 3532 2641 πρὸς
3558 2569 3737 2641 λύπην

2174 2672 2267 2726 καὶ¹
2293 2670 2507 2742 ἡδονήν,
2534 2668 2701 2741 θυμὸν
2727 2668 2819 2722 καὶ
2848 2668 3031 2738 φόϐον.
3060 2666 3151 2720 καὶ
3172 2662 3371 2719 δειλίαν
3391 2663 3484 2717 καὶ
3516 2662 3735 2734 θράσος,

2177 2760 2643 2835 μεταϐαλλομένου
2686 2756 2780 2813 τοῦ
2820 2760 2918 2831 τῆς
2953 2756 3131 2829 ψυχῆς
3170 2754 3534 2827 χαρακτῆρος.
3586 2754 3649 2806 Ἦ
3675 2751 3737 2805 δὲ

2175 2852 2312 2926 πρὸς
2336 2852 2425 2906 τὸν
2463 2852 2619 2921 λόγον
2654 2852 2839 2923 ὁρῶσα
2860 2850 2939 2922 τῷ
2981 2847 3238 2921 μονοειδεϊ
3259 2846 3361 2917 τῆς
3395 2846 3513 2900 κατ’
3535 2846 3737 2917 ἀρετὴν

2175 2944 2321 3017 ζωῆς
2354 2944 2450 3017 μιᾷ
2479 2944 2623 3017 ψυχῇ
2672 2945 2837 3015 συζῇν
2877 2941 3307 3015 μεμαρτύρηται.
3344 2938 3552 2994 Οὐκοῦν
3595 2937 3739 2992 οὕτω

2174 3032 2515 3090 διασταλτέον
2546 3034 2635 3089 τὸν
2668 3034 2841 3104 λόγον,
2889 3034 2965 3099 ὡς
2994 3032 3056 3087 τὸ
3091 3033 3190 3104 μὲν
3245 3032 3347 3086 Ἐν
3370 3028 3497 3100 μιᾷ,
3531 3027 3608 3100 τῷ
3641 3029 3735 3083 λαο

2177 3127 2323 3181 δόντι
2373 3125 2713 3197 συνημμένον
2763 3121 2901 3178 εἶναι
2947 3123 3089 3179 κατὰ
3113 3124 3212 3196 τήν
3239 3122 3446 3177 ἔννοιαν
3476 3120 3739 3175 νοούντων

510 3214 707 3269 mentis
729 3216 1085 3285 conceptione
1108 3214 1269 3271 nobis
1292 3215 1744 3286 intelligentihus,
1771 3219 1938 3271 autin
1968 3232 2074 3272 una

2177 3217 2354 3289 ήμῶν,
2382 3217 2415 3288 ἢ
2449 3220 2505 3270 ὲν
2534 3218 2629 3288 μιᾷ
2676 3215 2841 3287 ψυχῇ,
2872 3215 2904 3285 ἢ
2930 3216 2987 3269 ὲν
3040 3215 3138 3287 μιᾷ
3184 3213 3534 3268 καταστάσει.
3568 3211 3643 3265 Τδ
3680 3208 3738 3263 δὲ

509 3306 711 3367 anima,
749 3315 840 3359 aut
874 3307 925 3361 iu
973 3320 1083 3360 uno
1128 3314 1295 3361 statu.
1329 3305 1388 3360 ld
1426 3314 1606 3362 autem
1644 3300 1789 3378 quod
1823 3307 2077 3379 deinceps

508 3400 753 3469 sequitur
792 3399 956 3453 alium
993 3397 1157 3455 habet
1196 3413 1440 3463 sensum,
1476 3415 1672 3470 nempe
1710 3410 1916 3471 torques
1954 3400 2079 3455 colli

509 3492 588 3545 tui
598 3508 614 3545 :
638 3499 697 3544 ut
724 3492 768 3547 si
795 3492 919 3561 quis
940 3490 1106 3556 dicat,
1130 3499 1302 3545 totum
1324 3490 1618 3550 traducens
1642 3494 1708 3548 ad
1730 3508 1947 3550 sensum
1968 3494 2079 3547 cla-

508 3580 742 3634 riorem:
778 3578 840 3631 Et
870 3595 1012 3635 unus
1038 3589 1121 3635 est
1152 3580 1247 3635 tibi
1276 3582 1491 3647 oculus,
1511 3589 1566 3637 et
1587 3584 1764 3637 anima
1790 3598 1917 3647 una,
1948 3585 2075 3639 dum

510 3671 564 3725 in
594 3684 763 3724 unum
811 3671 1056 3739 respicis.
1085 3681 1372 3743 propterea
1403 3674 1547 3745 quod
1576 3688 1683 3727 non
1718 3685 2079 3745 cognoscatur

510 3775 578 3815 ex
605 3760 837 3817 diversis
881 3760 1279 3819 affectionibus.
1331 3763 1395 3819 Et
1434 3764 1572 3819 situs
1613 3764 1737 3818 colli
1766 3765 1846 3818 tui
1899 3764 2078 3834 perle-

509 3855 744 3909 ctionem
775 3855 956 3912 habet.
982 3871 1105 3910 cum
1135 3856 1378 3911 divinum
1401 3857 1589 3927 jugum
1624 3858 1925 3912 sustulerit.
1943 3854 2075 3912 Nam

509 3945 664 3999 visus
698 3946 751 4000 in
778 3947 902 4001 colli
929 3946 1145 4017 quidem
1179 3955 1372 4019 torque
1403 3946 1548 4003 videt
1590 3946 1793 4003 Christi
1843 3948 2075 4019 jugum:

512 4032 571 4091 in
619 4034 907 4092 aﬂ‘ectione
954 4045 1131 4093 autem
1181 4039 1237 4093 in
1278 4054 1403 4094 eum
1431 4038 1522 4109 qui
1571 4047 1656 4095 est
1691 4053 1819 4095 vere
1877 4039 2075 4099 bonus,

514 4143 681 4182 unum
713 4130 931 4183 oculum
961 4137 1017 4183 et
1043 4145 1205 4184 unam
1242 4128 1813 4201 animam.Propterea
1856 4131 2078 4186 conﬁte-

512 4235 636 4274 mur
656 4221 801 4290 quod
826 4220 935 4277 tuis
963 4221 1242 4276 miraculis
1270 4238 1365 4277 cor
1396 4222 1663 4282 indidisti.
1700 4237 1866 4277 unum
1895 4232 2080 4278 osteu‘

511 4312 649 4368 deus
679 4313 919 4375 oculum,
954 4319 1008 4367 et
1039 4324 1203 4367 unam
1239 4313 1474 4367 animam
1510 4314 1565 4368 in
1594 4321 1788 4383 torque
1810 4313 1935 4367 colli
1958 4314 2032 4367 tui
2059 4332 2073 4367 :

510 4413 737 4475 torques
776 4409 955 4459 autem
1001 4403 1125 4458 colli
1169 4419 1385 4474 sponsa:
1422 4414 1505 4460 est
1541 4404 1729 4476 jugum
1771 4403 2074 4475 quoddam,

518 4495 663 4552 sicut
687 4494 945 4552 diximus.
965 4495 1139 4565 Atque
1160 4495 1272 4550 haec
1299 4495 1516 4564 quidem
1539 4505 1624 4552 est
1654 4497 1890 4551 laudatio
1912 4510 2075 4564 ange-

2178 3308 2372 3379 ἐφεξῆς
2402 3307 2589 3378 ἑτέραν
2615 3306 2728 3378 ἔχει
2755 3306 2990 3361 διάνοιαν
3007 3324 3024 3342 ν
3051 3305 3112 3360 τὸ
3143 3304 3447 3375 Ἐνθέματι
3472 3302 3576 3357 τοῦ
3600 3316 3719 3370 τρα-

2178 3402 2370 3469 χήλου
2415 3399 2567 3454 σοῦ’
2624 3399 2699 3463 ὡς
2729 3398 2794 3453 ἄν
2841 3415 2924 3463 τις
2968 3398 3087 3452 ὅλον
3128 3396 3263 3468 πρὸς
3301 3396 3364 3450 τὸ
3410 3394 3736 3464 σαφέστερον

2181 3492 2525 3565 μεταδάλλων
2556 3490 2717 3555 εἴποι,
2746 3492 2825 3544 ὃτι
2861 3490 2960 3545 Σου
2983 3494 3074 3547 καὶ
3113 3490 3142 3543 ό
3168 3487 3440 3559 ὀφθαλμὸς
3479 3481 3559 3549 εἷς
3592 3487 3735 3537 ἐστιν

2178 3587 2235 3637 ἐν
2268 3581 2344 3654 τῷ
2390 3584 2526 3655 πρὸς
2558 3581 2615 3634 ἓν
2661 3580 2907 3651 βλέπειν·
2957 3581 3050 3634 καὶ
3090 3579 3234 3651 ψυχὴ
3283 3580 3400 3651 μία,
3429 3578 3516 3631 διὰ
3556 3577 3616 3629 τὸ
3662 3576 3738 3648 μὴ

2180 3677 2313 3747 πρὸς
2340 3674 2623 3745 διαφόρους
2664 3672 2927 3736 διαθέσεις
2975 3670 3309 3743 μερίζεσθαι.
3366 3671 3473 3724 Καὶ
3513 3670 3547 3740 ή
3592 3668 3738 3731 θέσις

2178 3766 2270 3819 τοῦ
2321 3764 2589 3837 τραχήλου
2624 3782 2717 3817 σου
2760 3762 2821 3816 τὺ
2869 3763 3068 3818 τέλειον
3099 3762 3232 3833 ἔχει,
3283 3761 3372 3815 τὸν
3408 3761 3549 3814 θεῖον
3580 3760 3737 3828 ζυγὸν

2180 3859 2261 3926 ἐφ’
2289 3856 2480 3927 ἑαυτὴν
2516 3856 2782 3927 ἀραμένη.
2829 3853 2982 3907 Ἐπεὶ
3015 3849 3105 3907 οὖν
3130 3853 3189 3907 ὲν
3238 3853 3337 3923 μὲν
3362 3852 3441 3923 τῷ
3487 3852 3737 3923 ὲνθέματι

2178 3948 2271 4001 τοῦ
2299 3948 2564 4019 τραχήλου
2593 3945 2685 3999 σοῦ
2710 3945 2800 3999 τὸν
2828 3943 2922 3998 τοῦ
2950 3943 3185 4016 Χριστοῦ
3214 3945 3426 4015 ὁρῶμεν
3454 3944 3612 4011 ζυγόν
3636 3961 3649 3973 ο
3680 3944 3739 3997 ἐν

2177 4041 2230 4094 δὲ
2272 4042 2334 4111 τῇ
2370 4040 2497 4110 περὶ
2541 4038 2601 4091 τὸ
2623 4038 2790 4100 ὅντως
2821 4034 3023 4105 ἀγαθὸν
3047 4035 3303 4100 διαθέσει,
3338 4034 3434 4087 ἕνα
3466 4033 3738 4104 ὀφθαλμὸν

2179 4133 2273 4185 καὶ
2325 4131 2453 4201 μίαν
2499 4129 2694 4202 ψυχήνο
2759 4128 2844 4185 διὰ
2870 4127 3025 4182 τοῦτο
3076 4126 3443 4198 ὁμολογοῦμεν
3492 4127 3573 4178 ὃτι
3627 4128 3737 4189 τοίς

2181 4223 2291 4284 σοῖς
2348 4221 2494 4292 ἡμᾶς
2546 4218 2817 4290 θαύμασιν
2860 4216 3230 4288 ὲκαρδίωσας,
3284 4217 3378 4269 ἕνα
3425 4215 3738 4270 δεικνύουσα

2177 4312 2449 4383 ὀφθαλμὸν
2477 4311 2570 4365 καὶ
2615 4311 2743 4381 μίαν
2769 4309 2945 4380 ψυχὴν
2973 4310 3032 4361 ὲν
3076 4308 3156 4379 τῷ
3206 4308 3460 4379 ὲνθέματι
3488 4308 3582 4361 τοῦ
3613 4325 3737 4379 τρα-

2178 4405 2339 4476 χήλου
2390 4402 2516 4457 σοῦ’
2570 4401 2771 4474 ἔνθεμα
2815 4401 2871 4454 δὲ
2917 4398 3011 4454 τοῦ
3064 4400 3333 4472 τραχήλου
3380 4399 3481 4470 τῆς
3525 4400 3737 4470 νύμφης

2177 4496 2205 4546 ὁ
2261 4493 2422 4561 ζυγός
2477 4494 2626 4560 ἐστι,
2682 4491 2864 4557 καθὼς
2932 4491 3165 4563 εἴρηται.
3245 4490 3393 4562 Αὕτη
3462 4491 3651 4560 μενοῦν
3700 4490 3766 4563 ἠ.

518 4591 694 4644 lorum
717 4602 823 4659 qua
845 4602 1101 4657 sponsam
1132 4585 1259 4644 sunt
1284 4588 1558 4658 prosecuti
1590 4595 1808 4658 propter
1832 4588 2076 4658 pulchri-

2181 4586 2289 4639 τῶν
2330 4584 2573 4655 ἀγγέλων
2638 4585 2782 4638 ἐστὶν
2830 4583 3104 4655 εὐφημία,
3164 4584 3232 4654 ἣν
3278 4584 3371 4636 ἐπὶ
3426 4582 3506 4653 τῷ
3560 4582 3736 4637 κάλλει

512 4681 753 4737 tudinem
794 4698 807 4735 :
857 4694 953 4734 eos
1000 4680 1145 4734 enim
1170 4679 1679 4750 comprehendimus
1711 4694 1834 4734 esse
1872 4680 2075 4735 amicos

514 4774 726 4845 sponsi.
759 4773 836 4830 Ne
861 4774 1113 4829 videatur
1139 4782 1318 4828 autem
1346 4789 1467 4829 esse
1517 4772 1806 4826 temeraria
1855 4782 1909 4825 et
1941 4772 2074 4826 falsa

512 4869 633 4924 laus
666 4883 900 4938 sponsae,
932 4866 1219 4922 conﬁrmat
1243 4864 1479 4921 Verbum
1514 4864 1812 4920 amicorum
1837 4868 1900 4919 de
1923 4881 2079 4935 Spon-

514 4976 588 5018 διε
629 4960 1036 5031 pulchritudine
1065 4957 1353 5029 judicium,
1404 4959 1458 5013 id
1508 4973 1608 5013 suo
1642 4956 1900 5028 suﬂ'ragio
1930 4973 2079 5012 com-

513 5050 773 5122 probans.
803 5057 859 5105 et
905 5048 1222 5105 testimonio
1253 5048 1676 5118 pulchritudinis
1707 5047 1913 5118 majora
1963 5049 2079 5118 ipse

514 5142 665 5198 addit
698 5142 984 5206 miracula,
1034 5142 1283 5197 oratione
1310 5141 1628 5197 describens
1659 5140 1977 5211 elegantiam
2014 5155 2078 5195 ac

513 5238 765 5294 decorem
797 5236 889 5307 qui
924 5234 1180 5290 tribuitur
1236 5235 1371 5305 ipsis
1431 5234 1710 5292 membris.
1759 5248 1920 5302 quem
1968 5231 2079 5287 Deo

514 5329 681 5386 dante
714 5329 964 5399 adjiciam
996 5328 1050 5383 in
1082 5328 1150 5383 iis
1175 5342 1297 5398 qua:
1332 5327 1587 5397 deinceps
1615 5334 1937 5396 sequuntur,
1970 5326 2014 5381 si
2046 5340 2076 5379 a

515 5421 701 5476 divino
729 5420 931 5476 auxilio
962 5419 1103 5475 datae
1134 5420 1291 5475 nobis
1324 5418 1524 5474 fuerint
1555 5419 1701 5473 vires
1758 5416 1825 5472 ad
1878 5416 2079 5472 intelli-

513 5513 751 5583 gentiam
784 5510 1189 5583 mysteriorum,
1219 5517 1273 5565 et
1318 5509 1385 5564 ad
1416 5507 1744 5579 agnitionem
1776 5509 2077 5578 pulchritu-

498 5598 660 5658 rdiuis
688 5603 964 5668 Ecclesiae,
991 5612 1044 5658 et
1072 5602 1139 5657 ad
1185 5600 1399 5656 laudem
1428 5598 1611 5672 glorize
1640 5601 1823 5671 gratiae
1873 5600 2078 5672 ipsius,

519 5693 572 5747 in
598 5691 816 5749 Christo
845 5693 996 5760 Iesu,
1022 5710 1183 5767 quem
1204 5693 1360 5749 decet
1389 5692 1568 5750 omnis
1610 5692 1781 5765 gloria
1823 5693 1877 5749 in
1908 5692 2083 5751 sat-cu-'

517 5787 587 5840 la.
625 5787 821 5841 Amen.

2180 4676 2281 4746 τῆς
2326 4675 2539 4747 νύμφης
2591 4675 2949 4748 πεποίηνται·
3001 4676 3223 4739 τούτους
3269 4676 3379 4746 γὰρ
3424 4670 3563 4729 εἶναι
3618 4675 3735 4737 τοὺς

2182 4770 2365 4838 φίλους
2410 4767 2502 4821 τοῦ
2561 4768 2793 4837 νυμφίου
2837 4766 3268 4837 κατελαϐόμεθα.
3327 4768 3415 4830 Ὠς
3463 4768 3509 4821 δ’
3551 4768 3615 4821 ἂν
3666 4768 3735 4837 μὴ

2180 4860 2358 4929 δοκοίη
2409 4859 2627 4931 ἄκριτος
2671 4857 2849 4911 αὐτῶν
2893 4853 3030 4912 εἶναι
3095 4859 3189 4912 καὶ
3234 4858 3669 4928 διημαρτημένος
3709 4861 3738 4911 ὁ

2181 4952 2418 5017 ἔπαινος,
2466 4952 2624 5023 κυροῖ
2672 4950 2779 5004 τῶν
2819 4949 2985 5020 φίλων
3028 4950 3126 5022 τὴν
3167 4949 3264 5004 ἐπὶ
3300 4948 3377 5018 τῷ
3427 4949 3610 5003 κάλλει
3645 4949 3738 5021 τῆς

2181 5043 2397 5113 νύμφης
2437 5042 2616 5115 κρίσιν
2643 5041 2977 5111 ἐπιψηφίσας
3010 5043 3040 5094 ὁ
3072 5040 3261 5109 Λόγος,
3296 5039 3389 5093 καὶ
3421 5039 3737 5110 προστίθησι

2183 5136 2275 5192 καὶ
2300 5135 2459 5197 αὐτὸς
2480 5133 2547 5186 τὰ
2580 5132 2760 5203 μείζων
2776 5132 3027 5204 θαύματα
3074 5134 3141 5203 τῇ
3179 5130 3448 5202 μαρτυρίᾳ
3490 5130 3581 5183 τοῦ
3610 5130 3738 5183 κάλ-

2180 5228 2323 5291 λους,
2356 5224 2452 5295 τὴν
2485 5223 2665 5286 αὐτοῖς
2696 5226 2806 5287 τοῖς
2865 5222 3081 5287 μέλεσιν
3126 5219 3547 5291 ἐπιφαινομένην
3596 5219 3738 5291 ὥραν

2180 5318 2491 5388 διαγράφων
2522 5314 2599 5386 τῷ
2642 5314 2808 5384 λόγῳ,
2835 5315 2900 5386 ήν
2929 5314 2986 5367 ἐν
3015 5316 3128 5377 τοῖς
3157 5312 3374 5383 ἐφεξῆς,
3419 5310 3549 5364 Θεοῦ
3576 5311 3735 5364 διδόν-

2180 5428 2290 5475 τος,
2322 5407 2682 5480 προθήσομεν,
2712 5407 2766 5459 εί
2784 5404 2847 5475 γέ
2881 5422 2966 5469 τις
2993 5404 3201 5473 γένοιτο
3239 5405 3365 5477 ήμῑν
3392 5403 3457 5455 ἐκ
3482 5402 3581 5471 τῆς
3608 5404 3737 5457 ἄνω-

2180 5504 2270 5558 θεν
2320 5500 2629 5573 συμμαχίας
2678 5496 2901 5569 δύναμις
2940 5498 3074 5570 πρὸς
3125 5497 3224 5569 τὴν
3274 5496 3594 5566 κατανόησιν
3634 5510 3736 5545 των

2183 5595 2514 5667 μυστηρίων,
2547 5592 2641 5646 καὶ
2673 5592 2751 5655 είς
2780 5590 3071 5658 ἐπίγνωσιν
3097 5589 3194 5643 τοῦ
3224 5589 3451 5651 κάλλους
3473 5587 3570 5656 τῆς
3619 5585 3734 5637 Ἐκ-

2180 5687 2427 5759 κλησίας,
2474 5684 2567 5739 καὶ
2607 5685 2687 5747 είς
2722 5682 2938 5736 ἔπαινον
2963 5681 3061 5752 τῆς
3089 5680 3249 5753 δόξης
3278 5681 3373 5751 τῆς
3398 5679 3614 5749 χάριτος
3645 5676 3734 5729 ai»-

2180 5779 2310 5833 τοῦ·
2361 5780 2418 5832 ὲν
2470 5773 2687 5849 Χριστῷ
2741 5773 2938 5846 Ἰησοῦ,
2975 5766 3020 5843 ᾧ
3054 5773 3249 5845 πρέπει
3296 5770 3444 5824 πᾶσα
3490 5766 3614 5834 δόξα
3660 5767 3734 5828 τίς

2181 5870 2307 5935 τοὺς
2330 5869 2548 5932 αίῶνας.
2596 5867 2789 5938 Ἀμήν.
