3932 6514
153 426 263 484 953

754 548 993 602 OMIAIA
1044 549 1122 603 8'.

148 725 360 793 νύμφη
374 737 397 789 ;
425 726 485 779 Τί
520 724 971 796 ἐκαλλιώθησαν
990 731 1211 799 μαστοί
1235 747 1352 786 σου
1377 732 1494 786 ἀπὸ
1531 735 1719 798 οινου,

150 816 258 869 καὶ
296 817 456 887 ὀσμὴ
511 818 754 887 ἱματίων
802 834 917 873 σου
964 822 1113 889 ὑπὲρ
1164 824 1361 876 πάντα
1414 821 1720 892 ἁρώματα;

152 907 386 976 Κηρίον
431 908 835 969 ἀποστάζουσι
882 912 1053 980 χείλη
1100 929 1239 977 σου,
1298 915 1500 983 νύμφη
1520 929 1533 943 ⁸
1580 915 1721 984 μέλι

151 1002 259 1055 καί
294 1000 451 1072 τάλα
480 1002 595 1058 ὑπὸ
630 1002 743 1071 τὴν
767 1002 1053 1073 γλῶσσάν
1082 1021 1218 1069 σου,
1256 1007 1353 1059 καὶ
1388 1005 1547 1075 ὀσμὴ
1593 1011 1721 1075 ίμα-

149 1093 297 1146 τίων
331 1108 446 1147 σου
495 1094 577 1159 ὡς
611 1093 769 1164 ὀσμὴ
810 1096 1078 1151 λιϐάνου.
1131 1096 1338 1166 Κῆπος
1378 1100 1721 1169 κεκλεισμέ-

149 1201 287 1252 νος,
316 1185 546 1255 ἀδελφή
577 1205 716 1256 μου,
751 1188 955 1257 νύμφη
983 1205 997 1219 σ
1035 1188 1230 1258 κῆπος
1273 1191 1716 1262 κεκλεισμένας,

151 1275 324 1345 πηγὴ
353 1276 818 1346 ἐσφραγισμένη.
879 1279 1238 1347 Ἀποστολαί
1284 1300 1401 1338 σου
1442 1284 1717 1352 παράδει-

150 1382 274 1433 σος
295 1365 458 1434 ροὧν
495 1370 644 1437 μετὰ
687 1368 919 1438 καρποῦ
965 1370 1331 1439 ἀκροδρύων,
1360 1374 1456 1427 καὶ
1504 1375 1718 1442 κύπροι

144 1458 305 1526 μετὰ
349 1456 600 1526 νάρδων.
642 1458 871 1527 Νάρδος
908 1460 1005 1513 καὶ
1045 1462 1274 1529 κρόκος,
1306 1462 1572 1532 κάλαμος
1618 1464 1716 1518 καὶ

148 1549 553 1621 κιννάμωμον,
582 1554 732 1622 μετὰ
774 1554 1014 1607 πάντων
1045 1554 1244 1618 ξύλων
1287 1555 1391 1608 τοῦ
1436 1554 1713 1620 Λιϐάνου,

148 1644 396 1712 σμύρνα
431 1644 529 1698 καὶ
564 1645 729 1713 ἀλωὴ
771 1647 921 1715 μετὰ
947 1645 1187 1700 πάντων
1224 1647 1466 1715 πρώτων
1490 1649 1714 1717 μύρων.

147 1733 327 1805 Hirri;
367 1736 584 1802 κήπου,
623 1737 720 1791 καὶ
753 1738 940 1806 φρέαρ
970 1738 1187 1805 ὕδατος
1215 1737 1443 1805 ζῶντος,
1472 1740 1567 1793 καὶ
1592 1741 1716 1809 ῥοι-

149 1824 399 1894 ζοῦντος
428 1828 546 1882 ἀπὸ
580 1828 686 1883 τοῦ
711 1829 989 1884 Λιϐάνου.

1186 439 1251 493 ΙΝ
1272 437 1567 501 CANTICA
1593 435 1863 496 CANTIC.
1905 439 2186 499 HOMILIA
2225 440 2313 500 tx.

754 555 993 602 UMIAIA
1044 555 1122 603 Θ’.
1747 555 1797 612 Δ

232 633 295 687 Τί
337 632 793 704 ἐκαλλιιὶιθησαν
834 639 1052 707 μαστοί
1104 655 1240 705 σου,
1298 639 1529 710 ἀδελφή
1578 658 1747 711 μουμ

3284 444 3387 505 954

2389 558 2679 615 HOMILIA
2738 559 2828 614 la.

1896 646 2021 702 CAP.
2064 663 2139 706 tv.
2179 665 2228 701 ιο.
2280 651 2364 705 10.
2435 652 2574 717 Quid
2620 651 2839 718 pulchra
2871 652 3014 719 facta
3046 659 3167 704 sunt
3228 650 3387 705 ubera

1827 745 1940 801 tua,
1968 755 2121 793 soror
2148 757 2261 794 mea
2290 746 2522 809 sponsa?
2556 742 2695 807 Quid
2746 742 2906 796 ubera
2968 753 3059 795 tua
3089 743 3233 811 facta
3267 754 3386 797 sunt

1825 832 2138 897 speciosiora
2160 834 2298 898 vino,
2320 846 2368 890 ι’
2398 834 2527 888 odor
2552 836 2967 888 vestimentorum
2995 844 3205 886 tuorum
3229 850 3386 901 supra

1825 924 2002 976 omnia
2030 929 2303 981 aromata?
2333 924 2629 979 “favum
2657 924 2919 979 distillant
2949 926 3088 977 labia
3108 936 3387 992 tua,spon~

1823 1028 1921 1067 sa:
1954 1015 2055 1068 mel
2077 1026 2125 1067 et
2156 1016 2239 1068 lac
2263 1016 2358 1069 sub
2387 1017 2565 1087 lingua
2591 1026 2700 1079 tua,
2728 1027 2775 1069 et
2807 1018 2937 1069 odor
2966 1020 3386 1071 vestimentorum

1825 1113 2032 1157 tuorum
2062 1115 2312 1175 tanquam
2349 1105 2479 1160 odor
2510 1106 2695 1160 thuris.
2730 1107 2817 1160 ιε.
2857 1107 3055 1161 llortus
3089 1110 3384 1169 conclusus,
3482 1134 3501 1155 ο

1823 1188 1975 1247 soror
2006 1211 2121 1248 mea
2149 1212 2362 1265 sponsa,
2394 1198 2577 1250 hortus
2602 1197 2895 1260 conclusus,
2916 1197 3033 1265 fons
3059 1197 3383 1267 obsignatas.

1824 1285 1909 1338 15.
1949 1284 2269 1341 Emissiones
2314 1296 2418 1341 tua:
2452 1286 2734 1357 paradisus
2762 1287 3023 1340 malorum
3054 1289 3382 1354 punicorum,

1823 1395 1939 1431 cum
1966 1378 2140 1442 {ructu
2168 1394 2462 1447 pomorum,
2497 1390 2543 1433 et
2574 1380 2721 1449 cypri
2746 1395 2862 1432 cum
2889 1380 3094 1433 nardis.
3122 1380 3207 1433 Μ.
3243 1379 3388 1432 Nar-

1821 1470 1920 1523 dus
1940 1480 1988 1523 et
2013 1487 2215 1536 crocus,
2233 1472 2470 1525 calamus
2491 1481 2539 1525 et
2566 1473 2969 1536 cinnamomum,
2998 1486 3114 1523 cum
3147 1470 3386 1524 omnibus

1823 1562 1979 1632 lignis
2010 1562 2221 1624 Libani,
2258 1563 2472 1632 myrrha
2504 1575 2554 1617 et
2612 1565 2730 1617 aloe
2760 1580 2879 1616 cum
2910 1563 3148 1618 omnibus
3202 1564 3385 1630 primis

1820 1657 2119 1722 unguentis.
2152 1655 2238 1708 15.
2266 1654 2409 1708 Fons
2436 1656 2596 1719 horti,
2632 1665 2814 1724 puteus
2849 1671 2997 1725 aqum
3032 1652 3178 1722 vivw,
3207 1663 3255 1709 et
3288 1656 3387 1708 im-

1819 1758 1940 1817 petu
1968 1748 2178 1816 ﬂuentis
2206 1764 2271 1802 ex
2296 1747 2518 1803 Libano.

225 1920 297 1972 Et
349 1918 747 1989 συνηγέρθητε
802 1921 881 1986 τῷ
935 1918 1196 1989 Χριστῷ,
1258 1920 1331 1975 τὰ
1380 1920 1500 1976 ἄνω
1568 1938 1710 1991 φρο-

1889 1930 1947 1986 Si
1972 1946 2088 1984 cum
2135 1928 2342 1983 Christo
2375 1927 2802 1988 consurrexistis,
2857 1944 2974 1996 qua:
3015 1944 3223 1981 sursum
3265 1938 3387 1981 sunt

150 2010 332 2072 νεῖτε,
374 2009 459 2079 μὴ
524 2012 595 2065 τὰ
636 2012 734 2064 ἐπὶ
792 2010 899 2080 τῆς
956 2012 1105 2082 γῆς·
1156 2013 1302 2081 λέγει
1353 2015 1524 2068 ταῦτα
1583 2014 1719 2086 πρὸς

153 2102 308 2172 ἡμᾶς
354 2103 383 2156 6
425 2104 481 2155 ὲν
529 2103 725 2173 Παύλῳ
761 2102 967 2156 λαλῶνο
1016 2103 1354 2159 Ἁπεθάνετε
1389 2106 1516 2176 γὰρ,
1564 2108 1717 2177 φησι,

155 2193 259 2247 καὶ
320 2194 359 2260 ἡ
418 2192 529 2261 ζωὴ
587 2193 753 2263 ὑμῶν
802 2195 1121 2262 κέκρυπται
1180 2196 1301 2250 σὺν
1351 2195 1430 2261 τῷ
1474 2195 1703 2265 Χριστῷ

154 2286 229 2338 ἐν
273 2283 351 2350 τῷ
400 2285 540 2351 Θεῷ.
588 2287 763 2340 Ὅταν
810 2290 842 2342 ό
882 2287 1134 2357 Χριστὸς
1186 2287 1499 2358 φανερωθῇ
1536 2290 1575 2357 ii
1608 2288 1718 2357 ζὶυὴ

152 2376 345 2446 ὑμῶν,
377 2377 512 2431 τότε
563 2377 662 2431 καὶ
705 2377 873 2447 ὑμεῖς
917 2379 1408 2448 φανερωθήσεσθε
1449 2380 1519 2432 ἐν
1549 2379 1717 2448 δόξῃ.

150 2472 219 2526 El
281 2472 460 2527 τοίνυν
505 2474 689 2543 νεκροὶ
732 2476 797 2543 τῇ
861 2472 1011 2525 κάτω
1056 2471 1215 2541 φύσει
1262 2473 1584 2542 γεγόναμεν,
1639 2475 1718 2538 είς

151 2563 385 2633 οὐρανὸν
422 2563 529 2617 ἀπὸ
573 2564 679 2633 γῆς
712 2562 811 2634 τὴν
851 2563 1041 2617 ἐλπίδα
1063 2566 1161 2635 τῆς
1201 2563 1720 2634 ζωῆςμετοικίσαν-

148 2672 279 2721 τες,
312 2655 407 2709 καὶ
455 2657 489 2727 ή
538 2655 625 2708 διὰ
673 2654 873 2726 σαρκὸς
922 2654 1035 2725 ζωὴ
1096 2654 1399 2723 κέκρυπται
1448 2656 1530 2722 ἐφ’
1566 2653 1723 2724 ἡμῶν

149 2746 302 2801 κατὰ
320 2746 410 2801 τὸν
437 2744 771 2817 παροιμιώδη
793 2745 967 2814 λόγον,
992 2747 1049 2809 ὃς
1077 2763 1259 2816 φησιν,
1284 2747 1365 2800 ὅτι
1384 2746 1562 2815 Σοφοὶ
1591 2746 1723 2813 κρύο

150 2850 417 2892 πτουσιν
468 2837 754 2904 αἴσθησιν
785 2854 800 2869 ο
831 2837 1188 2908 ἀναμένωμεν
1231 2837 1287 2890 δὲ
1340 2838 1439 2909 τὴν
1468 2836 1723 2908 ἀληθινὴν

150 2931 215 2983 ἐν
254 2931 384 3000 ἡμῖν
415 2929 792 3000 φανερωθῆναι
832 2929 996 3002 ζωὴν,
1044 2931 1167 3000 ἥτις
1217 2930 1361 2982 ἐστὶν
1397 2931 1424 2982 6
1453 2927 1721 3000 Χριστός·

149 3021 295 3075 ὥστε
328 3023 421 3076 καὶ
440 3022 588 3092 ἡμᾶς
616 3022 991 3093 φανερωθῆναι
1015 3023 1072 3075 ὲν
1094 3020 1238 3094 δόξῃ,
1266 3019 1725 3091 μεταποιηθέντας

151 3114 292 3185 πρὸς
328 3114 389 3166 τδ
433 3113 730 3183 θειότερον·
766 3112 909 3166 οὕτω
949 3113 1057 3166 τῶν
1087 3113 1370 3183 παρόντων
1397 3112 1721 3181 ἀκούσομεν,

150 3206 233 3269 ὡς
258 3206 614 3269 ἀποθανόντες
659 3205 736 3277 τῷ
792 3204 1037 3276 σώματι’
1070 3204 1206 3275 πρὸς
1242 3204 1298 3258 δὲ
1344 3204 1419 3274 μὴ
1472 3203 1719 3273 σαρκώδη
1750 3237 1797 3302 c

150 3298 391 3351 διάνοιαν
436 3298 500 3351 ὲκ
542 3297 650 3350 τῶν
679 3296 984 3367 λεγομένων
1016 3293 1402 3365 διασυρόμενοι.
1432 3293 1488 3347 Ὁ
1510 3293 1619 3363 γὰρ
1640 3310 1722 3349 νε-

151 3389 289 3459 κρὸς
327 3392 439 3453 τοῖς
476 3389 760 3460 παθήμασι
789 3389 881 3442 καὶ
908 3389 1031 3451 ταῖς
1058 3386 1392 3457 ἐπιθυμίαις,
1415 3384 1507 3438 ἐπὶ
1534 3384 1595 3438 τὸ
1624 3400 1724 3438 κα-

150 3479 321 3551 θαρὸν
362 3482 455 3533 καὶ
492 3482 762 3551 ἀκήρατον
788 3479 1027 3551 μετοίσει
1054 3477 1155 3541 τὰς
1179 3478 1288 3530 τῶν
1340 3476 1596 3549 ῥημάτων
1625 3476 1725 3545 ὲμι

151 3571 370 3639 φάσεις,
405 3570 475 3624 τὰ
503 3571 614 3626 άνω
643 3570 877 3644 φρονῶν,
911 3562 972 3623 οὗ
1001 3570 1030 3621 6
1060 3570 1292 3641 Χριστός
1314 3571 1461 3622 ἐστιν
1490 3568 1547 3621 ὲν
1578 3566 1726 3638 δεξιᾷ

150 3661 254 3716 τοῦ
295 3662 504 3733 Πατρὺς
558 3662 879 3733 καθήμενος,
926 3662 984 3714 ὲν
1011 3654 1055 3730 ᾧ
1087 3660 1256 3723 πάθος
1298 3660 1399 3713 οὐκ
1445 3659 1583 3724 ἐστι,
1618 3657 1726 3711 τῶν

153 3751 429 3807 ταπεινῶν
457 3770 518 3806 τε
546 3753 640 3807 καὶ
664 3752 1014 3824 χαμαιζήλων
1044 3751 1329 3823 νοημάτων
1353 3750 1521 3821 λήθην
1546 3747 1727 3803 ποιού-

154 3861 340 3915 μενος.
389 3842 730 3914 Ἀκούσωμεν
768 3844 947 3897 τοίνυν
999 3843 1106 3895 τῶν
1156 3843 1313 3895 θείων
1349 3842 1629 3914 ῥημάτων,
1657 3840 1725 3893 δι’

154 3928 236 3989 ὧν
263 3935 567 4006 ὑπογράφει
605 3936 633 3988 ό
659 3934 829 4002 Λόγος
854 3937 951 4004 τῆς
979 3934 1242 4003 ἀμιάντου
1270 3932 1485 4003 νύμφης
1513 3932 1571 3984 τὸ
1604 3931 1728 3985 κάλ-

154 4027 273 4091 λος.
326 4027 672 4096 Ἀκούσωμεν
704 4025 760 4079 δὲ
806 4026 881 4090 ὡς
914 4024 1032 4091 ,ἔξω
1057 4025 1340 4095 γεγονότες
1387 4025 1587 4095 σαρκὸς
1632 4024 1727 4077 καὶ

155 4116 421 4188 αἵματος,
455 4120 535 4181 εἰς
574 4117 630 4170 δὲ
663 4119 761 4188 τὴν
799 4118 1173 4188 πνευματικὴν
1215 4114 1726 4185 μεταστοιχειωθέν-

155 4226 255 4271 τες
282 4208 460 4278 φύσιν.
502 4209 560 4262 Τί
581 4208 1037 4277 ἐκαλλιώθησαν
1056 4208 1277 4278 μαστοί
1314 4222 1452 4267 σου,
1493 4206 1725 4275 ἀδελφή

155 4318 276 4371 μου
319 4300 521 4369 νύμφη
553 4316 571 4363 ;
607 4301 667 4353 Τί
708 4299 1161 4367 ἐκώλιώθησαν
1202 4298 1425 4368 μαστοί
1456 4313 1571 4350 σου
1608 4297 1726 4350 ἀπὸ

154 4390 353 4454 οἴνου,
383 4389 481 4444 καὶ
512 4390 673 4459 ὀσμὴ
706 4390 912 4459 μύρων
940 4388 1056 4444 σοῦ
1079 4387 1232 4457 ὑπὲρ
1268 4387 1464 4441 πάντα
1490 4388 1562 4440 τὰ
1587 4384 1729 4454 ἀρώ-

155 4497 315 4555 ματα
342 4498 362 4549 ;

234 4665 356 4719 Ὅτι
385 4663 484 4735 μὲν
522 4657 614 4716 οὖν
644 4662 751 4724 πᾶς
787 4661 817 4715 6
857 4662 1026 4715 ποιῶν
1053 4661 1113 4715 τὸ
1163 4660 1374 4731 θέλημα
1409 4659 1502 4714 τοῦ
1553 4659 1722 4725 Θεοῦ,

157 4756 385 4825 ἀδελφὸς
410 4753 573 4808 αὑτοῦ
603 4753 697 4806 καὶ
722 4752 921 4825 ἀδελφὴ
948 4754 1041 4807 καί⁵
1067 4755 1248 4825 μήτηρ
1277 4753 1421 4805 ἐστί·
1452 4753 1591 4823 καὶὴ
1626 4754 1724 4823 ἁρ-

166 4849 426 4921 μοσθεϊσα
458 4847 536 4917 τῷ
564 4846 752 4917 Κυρίῳ
785 4845 1053 4917 παρθένος
1079 4845 1236 4915 ἁγνὴ,
1272 4845 1406 4915 πρὸς
1440 4843 1729 4913 μετουσίαν

163 4941 263 5009 τῆς
294 4939 558 5011 ἀχράντου
583 4937 877 5001 παστάδος,
913 4937 1100 5007 νύμφη
1138 4935 1339 5007 κυρίως
1363 4932 1730 5005 κατονομάζε-

165 5045 273 5091 ται,
302 5031 462 5083 παντὶ
488 5028 649 5099 δῆλον
674 5026 740 5081 ἂν
778 5026 862 5097 εἴη
914 5026 1067 5080 τοῦτο
1109 5024 1188 5094 τῷ
1219 5026 1294 5097 μὴ
1321 5025 1600 5093 ἀγνοοῦντι
1631 5024 1731 5088 τὰς

166 5120 547 5183 θεοπνεύστους
585 5120 771 5189 φωνάς
791 5136 804 5149 ⁸
836 5117 947 5187 ἐγὼ
974 5118 1030 5171 δὲ
1077 5117 1185 5171 τῶν
1226 5116 1382 5171 θείων
1405 5117 1585 5188 ῥητῶν
1605 5116 1727 5170 τού-

166 5226 275 5262 των
297 5209 712 5281 διερευνώμενος
733 5210 833 5282 τὴν
862 5209 1120 5272 διάνοιαν,
1138 5209 1197 5261 οὐ
1220 5208 1369 5278 ψιλὸν
1405 5208 1624 5264 ἔπαινον
1664 5211 1729 5262 ἐκ

169 5298 266 5368 τῆς
297 5298 547 5369 τοιαύτης
571 5300 817 5371 κλήσεως
854 5298 965 5368 ὁρῶ
1008 5298 1411 5369 προσαγόμενον
1438 5298 1589 5370 παρά
1634 5300 1728 5354 τοῦ

167 5390 323 5458 λόγου
354 5392 420 5460 τῇ
450 5389 659 5462 νύμφῃ,
690 5391 824 5446 ἀλλὰ
854 5389 953 5455 τὰς
984 5391 1163 5456 αἰτίας
1192 5391 1290 5461 τῆς
1331 5393 1409 5456 είς
1439 5392 1501 5446 τὸ
1536 5394 1730 5457 κάλλος

168 5480 336 5550 αὐτῆς
367 5478 655 5543 ἐπιδόσεως
679 5481 931 5547 διεξιέναι
951 5483 1041 5536 τὸν
1075 5482 1303 5553 νυμφίον
1335 5485 1507 5554 φημί·
1537 5485 1611 5548 ὡς
1629 5484 1729 5538 οὐκ

167 5573 232 5629 ἂν
254 5571 425 5643 αὐτῆς
461 5571 850 5647 καλλιωθείσης
877 5577 938 5630 ὲν
968 5578 1086 5639 ταῖς
1122 5574 1231 5628 τῶν
1274 5575 1493 5644 ἀγαθῶν
1521 5581 1724 5647 πηγαῖς

165 5666 529 5737 διδαγμάτων,
558 5664 650 5731 οὓς
677 5668 881 5737 μαζοὺς
906 5668 994 5723 διὰ
1024 5668 1124 5739 τῆς
1149 5670 1413 5742 τροπικῆς
1447 5671 1722 5741 σημασίας

234 5842 283 5880 ’³
314 5842 527 5903 Coloss.
573 5857 654 5907 tn,
712 5846 736 5900 l
781 5860 902 5914 sqq.
979 5844 1022 5883 "
1058 5843 1215 5900 Prov.
1256 5862 1311 5913 χ,
1358 5844 1441 5901 ιι.

1818 2024 2056 2094 (μίσει-ἱείς,
2109 2039 2209 2075 non
2258 2037 2374 2090 quo:
2416 2036 2575 2085 supra
2611 2029 2840 2072 terram:
2875 2020 2985 2073 Iuno
3020 2018 3149 2074 dicit
3183 2021 3273 2090 qui
3332 2022 3384 2074 in

1819 2117 1986 2171 Paulo
2042 2115 2300 2184 loquitur.
2365 2112 2564 2167 Μοτραὶ
2594 2113 2730 2167 enim
2764 2113 2917 2172 estis,
2966 2112 3159 2180 inquit,
3190 2123 3239 2166 et
3282 2114 3387 2166 vita

1820 2217 1993 2261 vestra
2037 2190 2295 2259 absconsa
2327 2215 2404 2258 est
2427 2220 2543 2257 cum
2599 2203 2812 2257 Christo
2872 2203 2926 2255 in
2971 2202 3101 2257 Deo.
3163 2202 3388 2269 Quando

1822 2298 2063 2354 Christus
2137 2298 2507 2366 manifestatus
2568 2296 2728 2365 fuerit
2811 2296 2915 2350 vita
2997 2304 3200 2357 vestra,
3268 2302 3389 2346 tunc

1821 2406 1909 2443 vos
1954 2405 2154 2459 quoque
2204 2388 2676 2457 manifestabimini
2731 2389 2784 2440 in
2835 2387 3006 2458 gloria
3044 2388 3110 2440 ⁷³.
3158 2385 3212 2440 Si
3259 2401 3388 2455 ergo

1822 2480 2065 2535 infcriori
2101 2487 2307 2534 natura:
2342 2479 2614 2535 evasimus
2653 2480 2874 2540 mortui,
2916 2494 3013 2548 spe
3053 2480 3173 2532 vitae
3206 2486 3387 2532 trans-

1822 2571 1927 2624 lata
1960 2572 2011 2624 in
2048 2570 2245 2624 cmlum
2303 2585 2333 2623 a
2365 2576 2528 2633 terra,
2560 2578 2613 2625 et
2662 2570 2708 2625 si
2745 2586 2865 2639 quae
2897 2585 2992 2638 per
3029 2583 3247 2623 carnem
3304 2576 3389 2622 est

1824 2668 1951 2726 vita,
1990 2665 2157 2719 estin
2200 2663 2356 2718 nobis
2417 2663 2705 2725 absconsa,
2757 2670 3117 2729 congruenter
3154 2660 3203 2713 ei
3244 2657 3389 2728 quod

1822 2758 2021 2810 dicitur
2050 2756 2102 2809 in
2135 2754 2469 2817 Proverbiis,
2502 2752 2774 2822 Sapientes
2805 2752 3044 2807 celabunt
3078 2752 3388 2817 sensum";

1822 2852 2204 2913 exspectemus
2232 2852 2410 2898 autem
2445 2842 2558 2897 fore
2592 2852 2650 2895 ut
2680 2858 2806 2897 vera
2853 2843 2963 2897 vita
2996 2843 3050 2896 in
3091 2841 3249 2897 nobis
3276 2856 3390 2894 ma-

1826 2935 2266 3004 nilestetur,qua2
2292 2943 2375 2990 est
2403 2934 2687 2989 Christus:
2735 2934 2807 2986 ita
2839 2940 2976 2988 utet
3024 2948 3125 2986 nos
3156 2948 3250 3002 per
3276 2932 3393 3003 glo-

1824 3029 1959 3081 riam
1990 3026 2401 3083 mauil'estemur
2434 3026 2781 3080 transmutati
2814 3026 2878 3080 ad
2909 3026 2962 3080 id
3009 3027 3153 3093 quod
3195 3034 3280 3079 est
3308 3025 3391 3079 di-

1824 3120 2004 3175 vinius
2049 3118 2167 3174 :sic
2195 3117 2482 3188 praesentia
2517 3117 2822 3179 audiemus,
2874 3124 3132 3185 tanquam
3186 3113 3390 3171 mortui

1826 3209 2188 3281 corpore;ad
2248 3223 2359 3264 non
2387 3206 2660 3261 carnalem
2717 3216 2893 3260 autem
2949 3221 3168 3261 sensum
3199 3222 3266 3261 ex
3322 3207 3392 3262 iis

1825 3319 1946 3372 qua:
1969 3302 2225 3357 dicuntur
2251 3300 2491 3355 attracti.
2527 3298 2630 3364 Qui
2658 3298 2802 3353 enim
2832 3306 2917 3353 est
2949 3306 3199 3354 mortuus
3220 3297 3389 3353 animi

1825 3392 2327 3466 perturbationibus
2365 3401 2420 3447 et
2466 3390 2772 3454 desideriis,
2808 3391 3097 3444 verborum
3152 3389 3390 3443 traducit

1824 3487 2249 3558 signiﬁcationes
2274 3485 2339 3539 ad
2372 3484 2426 3539 id
2451 3482 2711 3556 quodest
2746 3499 2939 3554 purum
2970 3498 3034 3537 ac
3088 3482 3387 3546 sincerum,

1823 3586 1877 3632 et
1930 3576 2176 3632 interitui
2238 3575 2461 3630 minime
2515 3574 2843 3635 obnoxium,
2897 3586 3017 3642 (lum
3048 3586 3212 3641 supra
3261 3580 3390 3625 sunt

1825 3678 2004 3723 mente
2042 3668 2275 3738 agitans,
2302 3667 2394 3720 ubi
2432 3674 2517 3721 est
2562 3666 2813 3719 Christus
2859 3664 3054 3718 sedens
3087 3661 3140 3715 in
3198 3660 3389 3715 dextra

1826 3756 1916 3811 Dei
1951 3755 2148 3819 Patris,
2179 3756 2232 3808 in
2272 3769 2382 3825 quo
2415 3754 2562 3809 nulla
2593 3762 2677 3808 est
2712 3753 2923 3807 aﬂ'ectio
2949 3752 3225 3821 animique
3266 3765 3389 3819 per-

1826 3849 2084 3913 turbatio,
2121 3848 2450 3902 obliviscens
2491 3860 2680 3900 eorum
2729 3860 2848 3914 qua:
2878 3853 3005 3898 sunt
3035 3842 3260 3896 humilia
3335 3848 3390 3895 et

1826 3936 2059 4003 abiecta.
2091 3936 2392 3989 Audiamus
2428 3947 2559 4002 ergo
2592 3933 2753 3987 verba
2788 3931 2993 3992 divina,
3026 3946 3121 4000 per
3150 3945 3269 3999 quae
3295 3928 3390 3983 de—

1827 4027 2017 4083 scribit
2045 4027 2323 4095 Scriptura
2366 4024 2724 4079 immaculatas
2757 4022 2997 4093 Virginis
3032 4020 3390 4091 pulchritudi-

1826 4133 1971 4171 nem.
2002 4117 2301 4170 Audiamus
2342 4122 2543 4175 autem,
2591 4122 2651 4168 ut
2678 4114 2771 4182 qui
2824 4113 2932 4181 jam
2999 4128 3189 4168 sumus
3235 4118 3391 4166 extra

1825 4224 2045 4263 carnem
2073 4217 2127 4262 et
2155 4208 2496 4278 sanguinem,
2532 4206 2585 4260 in
2620 4206 2958 4276 spiritualem
2998 4212 3175 4259 autem
3211 4213 3391 4259 trans-

1825 4301 2015 4353 mutati
2049 4308 2319 4353 naturam.
2353 4296 2495 4363 Quid
2520 4296 2740 4366 pulchra
2769 4295 2915 4365 facta
2944 4304 3065 4349 sunt
3087 4294 3245 4348 ubera
3275 4304 3391 4360 tua,

1824 4410 1976 4447 soror
1998 4410 2111 4447 mea
2140 4393 2380 4459 sponsa?
2407 4390 2549 4457 Quid
2582 4389 2742 4443 ubera
2787 4398 2878 4442 tua
2914 4388 3061 4457 facta
3112 4396 3231 4440 sunt
3275 4401 3394 4454 spe-

1825 4486 2051 4540 ciosiora
2103 4486 2244 4550 vino,
2277 4493 2327 4538 et
2376 4483 2506 4538 odor
2536 4483 2954 4537 vestimentorum
2989 4490 3199 4533 tuorum
3230 4494 3396 4547 supra

1749 4568 1795 4624 Ι)
1820 4575 1996 4630 omnia
2052 4580 2293 4628 aromata
2318 4573 2344 4628 7

1895 4668 2071 4734 Atque
2125 4663 2273 4734 quod
2348 4661 2526 4717 omnis
2586 4662 2802 4732 quidem
2850 4659 2944 4729 qui
3003 4660 3131 4714 facit
3207 4659 3393 4714 volun-

1824 4764 1987 4810 tatem
2037 4754 2274 4815 Domini,
2319 4760 2404 4807 est
2456 4752 2576 4820 ejus
2638 4749 2804 4805 frater
2868 4759 2922 4803 et
2974 4763 3131 4803 soror
3188 4757 3240 4804 et
3276 4764 3391 4802 ma-

1827 4858 1945 4913 ter;
2003 4856 2057 4901 et
2096 4844 2241 4915 quod
2303 4858 2422 4913 qua!
2466 4850 2549 4897 est
2605 4842 2933 4911 desponsata
2981 4856 3045 4894 ac
3098 4840 3389 4909 conjuncta

1830 4938 2060 4993 Domino
2090 4946 2241 4991 casta
2270 4937 2444 5005 virgo,
2472 4935 2536 4989 ad
2586 4934 2921 4987 immaculati
2960 4933 3182 4986 thalami
3224 4934 3392 5003 parti-

1828 5028 2176 5099 cipationem,
2203 5038 2404 5095 sponsa
2445 5022 2661 5094 proprie
2706 5021 3037 5085 nominatur,
3071 5020 3245 5074 cuivis
3277 5019 3394 5074 fue-

1830 5119 1900 5171 rit
1945 5115 2290 5186 perspicuum
2332 5113 2423 5183 qui
2461 5128 2569 5166 non
2610 5111 2820 5182 ignorat
2856 5110 3164 5180 Scripturas
3216 5125 3246 5162 a
3278 5108 3391 5163 Deo

1830 5209 2163 5279 inspiratas:
2194 5221 2295 5277 ego
2319 5215 2497 5261 autem
2535 5213 2889 5272 perscrutans
2928 5218 3148 5258 sensum
3193 5202 3385 5254 horum

1827 5302 2136 5355 divinorum
2162 5300 2471 5364 verborum,
2509 5314 2616 5351 non
2670 5297 2829 5352 video
2884 5296 3054 5350 solam
3111 5307 3325 5362 sponsae
3357 5309 3388 5345 a

1832 5394 2112 5463 Scriptura
2142 5392 2303 5447 tribui
2329 5390 2542 5446 laudem
2574 5404 2641 5444 ex
2681 5386 2952 5458 ejusmodi
3002 5384 3387 5454 appellatione,

1827 5487 1921 5543 sed
1950 5485 2072 5540 dico
2102 5500 2361 5555 sponsum
2390 5483 2645 5555 persequi
2670 5495 2885 5544 causas,
2910 5477 3053 5549 quod
3086 5476 3151 5530 ad
3181 5485 3385 5529 tantam

1823 5577 2054 5635 creverit
2083 5575 2537 5647 pulchritudinem
2562 5591 2578 5628 :
2611 5580 2795 5642 utpote
2819 5568 2961 5640 quod
2983 5568 3099 5639 ipsa
3130 5581 3234 5621 non
3259 5582 3386 5620 eva—

1826 5673 1991 5729 sisset
2039 5667 2267 5741 pulchra
2334 5666 2387 5724 in
2453 5663 2697 5720 fontibus
2730 5661 2999 5718 honorum
3048 5658 3383 5730 dogmatum,
