4028 6514
558 400 668 464 οιις
982 479 998 514 Ι
1766 403 1826 459 :3.
1858 401 2201 460 cascoan
2222 402 2514 478 NYSSENJ
3707 403 3812 460 ass

557 540 700 594 quos
731 524 979 578 nominat
1006 524 1174 578 ubera
1205 537 1302 593 per
1335 522 1602 594 tropicam
1658 523 2108 594 signiﬁcationem

2236 522 2616 594 κατονομάζει,
2647 523 2696 576 εί
2725 521 2800 594 μὴ
2833 522 3048 592 πρῶτον
3076 521 3309 604 ἀδελφὴν
3333 520 3534 593 ἑαυτὴν
3570 519 3663 576 too”
3699 522 3811 574 Ko-

564 616 668 671 nisi
703 617 819 685 ipsa
850 614 1086 686 primum
1124 613 1337 668 Domini
1385 630 1632 670 sororem
1691 631 1751 670 se
1808 615 2111 670 reddidisse

2239 617 2354 686 ρίου
2389 617 2478 669 διὰ
2500 615 2606 668 τῶν
2653 614 2874 684 ἀγαθῶν
2905 616 3081 688 ἔργων
3132 615 3390 686 ἐποίησε,
3417 613 3513 668 καὶ
3548 615 3632 678 είς
3662 631 3808 686 παρ-

559 721 659 777 pcr
690 706 956 760 bonorum
988 720 1214 776 operum
1247 705 1612 769 effectionem,
1653 715 1706 760 et
1755 714 2012 761 renovata
2065 721 2114 760 at

2234 705 2413 758 θενίαν
2429 705 2517 758 διὰ
2537 705 2638 776 τῆς
2657 705 2860 760 ἀνωθεν
2872 707 3172 776 γεννήσεως
3187 703 3650 770 ἀνακαινισθεῖσα,
3671 722 3808 775 μνηο

561 795 931 864 virginitatem
986 810 1084 864 per
1135 794 1432 848 secundam
1485 797 1931 865 generationem,
1993 797 2132 848 facta

559 895 706 942 esset
733 902 934 954 sponsa
963 887 1084 956 ejus
1137 888 1231 957 qui
1263 889 1434 958 ipsam
1491 889 1800 959 despondit.
1844 892 1945 954 Qui
2003 906 2133 961 ergo

560 995 679 1033 eam
712 980 1014 1033 nominavit
1044 995 1291 1034 sororem
1321 988 1375 1034 et
1403 996 1659 1050 sponsam
1694 996 1869 1046 suam,
1907 999 2128 1037 causam

559 1068 692 1124 dicit
716 1068 836 1138 ejus
867 1070 1096 1125 uberum
1123 1070 1444 1126 mutationis
1472 1073 1538 1126 ad
1577 1072 1626 1126 id
1653 1075 1796 1142 quod
1823 1083 1904 1128 est
1936 1076 2130 1130 melius

559 1169 616 1217 et
642 1162 974 1232 perfectius,
1015 1179 1079 1217 ex
1117 1163 1316 1233 quibus
1371 1164 1455 1218 lac
1517 1180 1623 1218 non
1680 1166 1912 1234 amplius
1946 1159 2128 1220 manat

559 1253 956 1308 nutrimentum
989 1253 1302 1322 infantium,
1331 1255 1424 1311 sed
1458 1257 1642 1310 vinum
1684 1257 1800 1310 ﬂuit
1824 1258 2127 1312 immortale

559 1347 626 1401 ad
661 1346 901 1400 laetitiam
953 1345 1364 1415 perfectiorum,
1397 1348 1557 1417 cujus
1600 1351 1828 1419 gratiam
1873 1365 1975 1402 non
2010 1365 2129 1403 cor-

557 1435 704 1505 rupit
733 1451 874 1504 aqua
901 1445 1354 1504 cauponatorum.
1377 1436 1636 1492 Servatur
1665 1446 1844 1492 autem
1865 1439 2126 1506 quodam-

557 1527 718 1582 modo
782 1529 834 1582 in
897 1527 965 1582 iis
1006 1543 1126 1598 qua:
1176 1527 1455 1590 dicuntur,
1494 1537 1750 1598 tanquam
1813 1531 1864 1582 in
1900 1531 2125 1600 nuptiali

557 1619 766 1685 latitia,
802 1622 1048 1689 quadam
1085 1621 1371 1676 charitatis
1403 1620 1732 1689 benignitas,
1771 1620 1839 1673 ab
1883 1621 2128 1689 utr-isque

557 1711 662 1766 sibi
714 1713 948 1766 invicem
991 1714 1310 1767 amator-iam
1361 1713 1719 1784 largientibus
1762 1713 2122 1767 aﬂectionem.

560 1803 840 1858 Similibus
878 1805 1022 1858 enim
1063 1806 1293 1859 vocibus
1341 1804 1584 1858 vicissim
1648 1820 1884 1874 sponsus
1923 1805 2124 1874 excipit

2235 795 2334 864 στὴ
2364 795 2456 847 καὶ
2485 793 2672 864 νύμφη
2713 795 2806 847 τοῦ
2845 793 3228 864 ἁρμοσαμένου
3257 795 3492 862 ἐγένετο.
3533 794 3593 847 '0
3626 792 3805 846 τοίνυν

2231 882 2466 954 ἀδελφὴν
2494 882 2682 936 ἑαυτοῦ
2711 884 2802 936 καὶ
2831 883 3047 952 νύμφην
3083 883 3252 954 αὐτὴν
3277 885 3677 955 κατονομάσας,
3709 881 3805 954 τὴν

2231 975 2409 1027 αἰτίαν
2439 974 2586 1044 λέγει
2615 977 2710 1046 τῆς
2737 975 2871 1045 πρὸς
2893 977 2953 1028 τὸ
2982 977 3225 1047 κρεῖττόν
3256 994 3313 1029 τε
3343 979 3440 1030 καὶ
3465 977 3806 1046 τελειότερον

2230 1063 2339 1116 τῶν
2361 1066 2547 1134 μαζῶν
2569 1066 2740 1136 αὐτῆς
2761 1065 3113 1130 ἀλλοιώσεως,
3131 1067 3179 1120 οἳ
3205 1069 3384 1122 οὐκέτι
3411 1069 3550 1138 γάλα
3573 1069 3805 1139 βρύουσι

2230 1153 2326 1223 τὴν
2362 1153 2468 1204 τῶν
2516 1153 2721 1224 νηπίων
2754 1155 2986 1224 τροφὴν,
3019 1155 3152 1208 ἀλλὰ
3189 1157 3278 1209 τὸν
3335 1158 3609 1228 ἀκήρατον
3654 1153 3804 1211 οἶνον

2229 1245 2323 1297 ἐπὶ
2355 1245 2658 1316 εὐφροσύνῃ
2685 1245 2794 1324 τῶν
2839 1246 3184 1318 τελειοτέρων
3217 1249 3574 1317 πηγάζουσιν,
3605 1244 3666 1303 οὗ
3698 1253 3801 1322 τὴν

2229 1337 2388 1406 χάριν
2413 1338 2473 1390 τὸ
2513 1339 2620 1392 τῶν
2655 1341 2913 1410 καπήλων
2953 1341 3094 1414 ὕδωρ
3133 1341 3233 1394 οὐκ
3267 1342 3587 1414 ἐλυμήνατο.
3621 1344 3799 1409 Σώζε-

2227 1448 2316 1483 ται
2344 1430 2400 1484 δέ
2437 1449 2552 1494 πως
2580 1434 2636 1484 έν
2668 1435 2778 1496 τοῖς
2827 1434 3136 1506 λεγομένοις
3173 1435 3249 1498 ώς
3290 1436 3347 1490 ἐν
3379 1441 3584 1507 γαμικῇ
3620 1438 3799 1510 θυμη-

2227 1521 2414 1592 δίᾳ,ἡ
2469 1524 2785 1597 ἀγαπητικὴ
2825 1526 3210 1598 φιλοφροσύνη,
3255 1527 3320 1580 δι’
3377 1530 3612 1600 ἀμοιϐῆς
3658 1531 3796 1602 παρ’

2227 1614 2550 1684 ἀμφοτέρων
2577 1617 2828 1688 ἀλλήλοις
2869 1619 2967 1690 τὴν
2996 1620 3261 1690 ἐρωτικὴν
3293 1622 3795 1692 ἀντιχαριζομένων

2225 1703 2482 1761 διάθεσιν.
2514 1707 2644 1772 Ταῖς
2692 1709 2800 1778 γὰρ
2845 1711 3057 1779 ὁμοίαις
3104 1716 3307 1780 φωναῖς
3337 1713 3724 1778 άντιδεξιοῦται
3762 1717 3793 1769 ὁ

2226 1796 2456 1866 νυμφίος
2495 1799 2593 1869 τὴν
2645 1800 2989 1869 Ἐκκλησίαν,
3019 1796 3099 1865 οἷς
3128 1804 3309 1875 ἐκείνη
3350 1805 3692 1875 προλαϐοῦσα
3731 1807 3793 1860 τὸ

556 1896 896 1960 Ecclesiam,
953 1899 1155 1966 quibus
1211 1899 1302 1950 illa
1333 1904 1492 1950 antea
1542 1896 1689 1950 illius
1743 1898 1797 1950 in
1843 1899 2114 1967 prooemiis

2224 1889 2431 1942 ἐκείνου
2461 1890 2654 1956 κάλλος
2675 1893 2732 1944 έν
2761 1895 2872 1955 τοῖς
2914 1895 3218 1965 προοιμίοις
3247 1897 3569 1967 ἀνύμνησεν.
3611 1897 3792 1962 Εὐθὺς

556 1987 792 2041 laudavit
833 1990 1314 2058 pulchritudinem.
1372 1988 1564 2042 Statim
1619 1989 1767 2044 enim
1823 1991 1876 2042 in
1933 1992 2123 2060 primis

553 2083 799 2143 vocibus.
834 2085 1052 2152 quando
1091 2084 1327 2138 Verbum
1356 2082 1502 2152 quod
1540 2082 1783 2151 procedit
1816 2099 1882 2136 ex
1913 2097 2008 2136 ore
2034 2081 2120 2136 di-

553 2176 698 2238 vino,
733 2176 1060 2232 desideravit
1097 2193 1220 2231 esse
1254 2177 1307 2229 in
1336 2191 1432 2230 ore
1455 2175 1615 2244 ejus;
1670 2175 1772 2229 hoc
1805 2175 2121 2244 signiﬁcans

549 2282 646 2336 per
682 2269 912 2338 aenigma
939 2270 1134 2332 osculi,
1165 2270 1303 2323 dixit
1341 2284 1562 2324 causam
1631 2269 1797 2337 hujus
1827 2268 2118 2334 desiderii,

550 2373 742 2427 nempe
783 2359 926 2428 quod
984 2359 1124 2414 bona
1181 2359 1300 2428 ejus
1368 2359 1481 2414 sint
1511 2358 1626 2428 ipsa
1661 2359 1851 2422 ubera,
1911 2358 2119 2412 liberali

546 2449 669 2516 ejus
705 2451 1144 2519 suppeditatione
1179 2451 1451 2505 vincentia
1480 2450 1589 2503 vini
1622 2457 1895 2512 naturam,
1941 2458 1994 2503 et
2025 2466 2118 2504 su-

547 2543 800 2608 perantia
838 2555 1052 2595 omnem
1088 2541 1290 2594 bonum
1339 2540 1564 2594 odorem
1613 2553 2014 2610 unguentorum
2067 2552 2120 2594 et

551 2641 879 2694 aromatum,
911 2631 1024 2686 haec
1050 2632 1135 2691 his
1173 2631 1356 2686 verbis
1377 2632 1600 2686 dicens:
1630 2631 1780 2685 Bona
1808 2643 1927 2686 sunt
1961 2633 2119 2686 ubera

551 2736 644 2774 tua
677 2737 832 2790 super
860 2723 1056 2784 vinum,
1084 2732 1133 2776 et
1153 2723 1284 2776 odor
1313 2731 1695 2793 unguentorum
1727 2733 1935 2776 (uorum
1958 2739 2118 2791 supra

550 2813 729 2866 omnia
754 2823 1014 2865 aromata.
1039 2811 1308 2879 Quoniam
1344 2829 1475 2884 ergo
1497 2815 1550 2868 in
1587 2814 1708 2869 aliis
1735 2815 1992 2869 omnibus
2016 2817 2118 2870 hoc

547 2902 746 2973 dogma
780 2904 1046 2959 discimus
1080 2920 1110 2957 a
1151 2904 1334 2958 divina
1395 2906 1755 2975 philosophia,
1808 2908 1951 2976 quod
1995 2908 2116 2962 talis

547 2995 606 3050 ﬁt
637 2997 792 3050 nobis
827 2995 991 3062 Deus,
1037 2997 1225 3065 quales
1259 3012 1357 3051 nos
1409 2995 1516 3051 Deo
1569 2999 1972 3054 ostenderimus
2022 3014 2117 3068 per

498 3113 501 3117 -
545 3086 770 3142 liberam
801 3089 1011 3142 arbitrii
1045 3088 1220 3142 nostri
1243 3089 1597 3155 electionem;
1635 3105 1756 3144 eum
1779 3090 1923 3144 enim
1956 3091 2114 3143 bonis

542 3195 666 3234 csse
698 3179 900 3234 bonum
947 3187 1179 3235 testatur
1227 3180 1397 3235 David
1433 3182 1486 3235 in
1538 3199 1635 3237 sua
1679 3184 1959 3253 prophetia
1990 3202 2002 3237 :
2035 3186 2114 3236 eis
2142 3209 2183 3266 ο

543 3279 725 3325 autem
759 3271 852 3340 qui
905 3273 1014 3326 vita
1051 3281 1180 3327 sunt
1231 3272 1464 3337 elTerati,
1504 3274 1645 3329 alius
1708 3290 1769 3327 ex
1834 3276 2112 3344 prophetis

545 3378 731 3415 ursum
758 3364 892 3418 dicit
917 3372 972 3419 et
1009 3365 1260 3433 pardum,
1299 3380 1396 3434 per
1438 3366 1725 3435 relligmata
1774 3369 1945 3418 multo
1988 3376 2112 3420 ante

544 3455 829 3524 proli-rens
859 3457 1173 3525 evangelica
1202 3457 1551 3518 documenta,
1583 3457 1636 3508 in
1672 3456 1875 3524 quibus
1906 3457 2045 3510 alius
2081 3474 2112 3510 a

541 3547 750 3599 dextris
775 3546 1038 3608 cernitur,
1079 3547 1221 3599 alius
1253 3562 1282 3599 a
1323 3547 1565 3600 sinistris
1599 3546 1886 3601 character
1919 3549 2114 3601 verbo-

541 3654 664 3692 rum
703 3638 849 3706 regis
874 3656 887 3690 :
920 3638 1045 3693 aliis
1065 3639 1282 3708 quidem
1319 3640 1496 3693 bonus
1527 3648 1581 3692 et
1609 3639 1812 3703 suavis,
1836 3639 1956 3694 aliis
1983 3656 2112 3695 vero

542 3731 806 3786 terribilis
838 3739 891 3786 et
945 3733 1230 3795 insuavis,
1284 3733 1528 3802 seipsum
1585 3744 1954 3802 congruenter
2017 3733 2112 3787 ad-

544 3836 741 3893 apians
782 3823 940 3879 liberi
971 3824 1180 3878 arbitrii
1221 3825 1471 3878 electioni
1517 3839 1706 3878 eorum
1739 3824 1831 3894 qui
1857 3825 2112 3893 judican-

541 3920 651 3966 tur.
677 3911 748 3964 Ea
777 3912 844 3967 de
871 3928 1036 3968 causa
1071 3929 1216 3966 nunc.
1248 3929 1466 3982 quoque
1500 3928 1529 3966 a
1560 3912 1840 3982 Scriptura
1897 3929 2111 3984 sponsa:

541 4018 642 4072 par
681 4000 932 4067 refertur,
960 4003 1049 4057 ubi
1083 4002 1294 4057 Domini
1343 4003 1641 4057 celebravit
1685 4004 1940 4058 laudibus
1976 4006 2109 4074 pul-

540 4095 934 4160 chritudinem,
977 4111 1099 4149 cum
1132 4096 1234 4165 ipsi
1266 4098 1318 4150 in
1350 4096 1618 4150 similibus
1649 4094 1912 4151 Dominus
1948 4098 2112 4153 vicis-

540 4186 643 4240 sim
680 4185 892 4240 laudem
926 4184 1263 4254 rependerit.
1305 4185 1437 4239 Nam
1471 4185 1586 4254 ipse
1611 4201 1829 4255 quoque
1858 4185 1978 4256 ejus
2010 4185 2108 4240 ad-

543 4279 706 4332 mittit
757 4293 1073 4340 mammam,
1126 4293 1320 4346 nempe
1347 4292 1488 4340 eam,
1543 4293 1666 4347 quae
1704 4292 1800 4348 per
1833 4279 2110 4348 operatio-

540 4386 664 4424 nem
733 4369 800 4424 ad
854 4371 1049 4425 melius
1087 4368 1228 4423 facta
1278 4379 1382 4431 est,
1431 4371 1808 4433 mutationem,
1850 4370 2105 4440 quoniam

538 4471 827 4518 cessantes
852 4465 991 4517 lacte
1017 4463 1249 4525 nutrire,
1276 4465 1458 4516 vinum
1519 4469 1572 4516 et
1600 4478 1706 4515 non
1761 4463 1844 4516 lac
1880 4461 2103 4532 profun-

2223 1980 2331 2051 γάρ
2353 1982 2411 2033 ἐν
2458 1985 2577 2046 ταῖς
2625 1982 2868 2055 πρώταις
2898 1989 3120 2053 φωναῖς,
3153 1987 3239 2040 ὅτε
3267 1990 3356 2041 τὸν
3387 1989 3493 2041 ἀπὸ
3520 1988 3615 2042 τοῦ
3638 1990 3790 2042 θείου

2224 2075 2490 2145 στόματος
2532 2077 2702 2146 Λόγον
2729 2077 2808 2148 τῷ
2839 2079 3066 2149 στόματι
3113 2081 3282 2150 αὐτῆς
3316 2082 3630 2151 ἐγγενέσθαι
3657 2083 3790 2136 ἐπό-

2223 2164 2353 2236 θησε
2375 2183 2387 2195 ·
2405 2165 2484 2236 τῷ
2505 2167 2598 2219 τοῦ
2622 2167 2920 2236 φιλήματος
2944 2169 3222 2239 αίνίγματι
3252 2170 3404 2222 τοῦτο
3424 2171 3790 2240 διασημάνας,

2220 2257 2318 2328 τὴν
2335 2259 2512 2312 αἰτίαν
2537 2259 2636 2329 τῆς
2665 2259 2956 2329 ἐπιθυμίας
2981 2255 3122 2313 εἶπε.
3153 2261 3224 2314 Τὸ
3259 2262 3493 2328 ἀγαθοὺς
3519 2258 3658 2316 εἶναι
3684 2263 3791 2314 αὖ.

2220 2349 2314 2403 τοῦ
2339 2352 2466 2413 τοὺς
2502 2353 2758 2422 μαστοὺς,
2777 2352 3042 2416 νικῶντας
3071 2355 3137 2423 τῇ
3169 2354 3297 2424 παρ’
3321 2354 3526 2407 ἑαυτῶν
3552 2357 3790 2426 χορηγίᾳ

2219 2442 2318 2513 τὴν
2348 2441 2462 2494 ,τοῦ
2515 2445 2657 2495 οἴνου
2693 2442 2884 2511 φύσιν,
2919 2445 3013 2496 καὶ
3054 2444 3346 2516 παριόντας
3377 2448 3554 2499 πᾶσαν
3595 2447 3791 2518 μύρων

2218 2549 2277 2584 τε
2311 2534 2403 2585 καὶ
2441 2533 2745 2603 ἀρωμάτων
2786 2533 3034 2596 εὐωδίαν,
3057 2533 3224 2598 οὕτως
3250 2535 3475 2589 εἰποῦσα
3507 2537 3582 2607 τῷ
3611 2537 3785 2608 λόγῳ·

2219 2624 2299 2676 ὃτι
2346 2625 2563 2692 Ἀπηαοοὶ
2586 2625 2806 2692 μαστοί
2832 2641 2947 2677 σου
2967 2624 3119 2691 ὑπὲρ
3147 2621 3333 2692 οἶνον,
3356 2627 3454 2680 καὶ
3481 2627 3640 2697 ὀσμὴ
3671 2631 3788 2697 μύ-

2212 2729 2337 2780 ρων
2360 2713 2474 2766 σοῦ
2501 2714 2651 2779 ὑπὲρ
2688 2713 2882 2767 πάντα
2911 2719 2982 2769 τὰ
3025 2717 3320 2786 ἀρώματα.
3359 2719 3573 2791 Ἐπειδὴ
3606 2722 3788 2774 τοίνυν

2221 2804 2313 2856 καὶ
2344 2805 2402 2858 ἐν
2433 2806 2543 2866 τοῖς
2575 2804 2751 2868 ἄλλοις
2793 2809 2925 2859 πᾶσι
2954 2807 3111 2861 τοῦτο
3143 2811 3291 2879 παρὰ
3317 2811 3417 2881 τῆς
3459 2811 3606 2876 θείας
3637 2813 3788 2882 φιλο-

2219 2893 2408 2961 σοφίας
2439 2893 2496 2946 τὸ
2524 2893 2697 2964 δόγμα
2727 2894 3085 2965 μανθάνομεν,
3117 2897 3198 2950 ὅτι
3238 2900 3474 2954 τοιοῦτον
3517 2903 3602 2955 ἀεὶ
3633 2904 3784 2971 γίνι·

2217 3002 2306 3038 ται
2329 2983 2388 3038 τὸ
2411 2982 2562 3038 Θεῖον
2587 2987 2739 3056 ἡμῖν,
2773 2987 2915 3050 οἵους
2940 2988 3004 3041 ἂν
3027 2990 3249 3054 ἑαυτοὺς
3280 2992 3356 3062 τῷ
3379 2994 3497 3065 Θεῷ
3528 2995 3616 3048 διὰ
3651 3013 3783 3067 προ-

2219 3080 2482 3150 αιρέσεως
2509 3079 2790 3150 δείξωμεν.
2825 3081 3050 3148 Ἀγαθὸν
3079 3085 3175 3153 μὲν
3197 3084 3304 3157 γάρ
3331 3087 3490 3141 αὑτὸν
3517 3085 3653 3142 εἶναι
3671 3094 3784 3154 τοῖς

2217 3171 2437 3238 ἀγαθοῖς
2479 3172 2506 3222 ὁ
2544 3170 2702 3222 Δαϐὶδ
2735 3173 2790 3222 ἐν
2833 3175 2897 3242 τῇ
2945 3177 3248 3248 προφητείᾳ
3281 3179 3644 3250 μαρτύρεται·
3671 3186 3786 3245 tot;

2214 3262 2272 3314 δὲ
2305 3260 2612 3330 θηριωθείσι
2651 3261 2738 3314 διὰ
2770 3261 2861 3315 τοῦ
2915 3263 3058 3333 βίου,
3099 3268 3282 3339 ἕτερός
3323 3287 3404 3333 τις
3443 3272 3549 3324 τῶν
3582 3289 3788 3343 προφη·

2213 3351 2319 3402 τῶν
2346 3351 2543 3422 ἄρκτον
2573 3351 2736 3404 αὑτὸν
2763 3353 2909 3420 λέγει
2933 3357 3025 3409 καὶ
3058 3358 3339 3428 πάρδαλιν,
3361 3361 3428 3413 δι’
3448 3363 3784 3431 αἰνιγμάτων

2211 3445 2279 3496 τά
2304 3445 2633 3512 εὐαγγελικά
2683 3448 3130 3520 προεκτιθέμενος
3156 3451 3488 3522 δόγματα,έν
3517 3450 3596 3517 οἷς
3625 3455 3783 3519 ἄλλος

2210 3537 2323 3596 τοῖς
2360 3535 2573 3600 δεξιοῖς,
2621 3538 2714 3590 καὶ
2748 3539 2932 3609 ἔτερος
2960 3543 3070 3603 τοῖς
3099 3542 3397 3612 εὐωνύμοις
3419 3546 3448 3596 ὁ
3470 3546 3578 3598 τῶν
3607 3546 3781 3615 λόγων

2212 3627 2304 3678 τοῦ
2343 3625 2604 3695 βασιλέως
2640 3631 2925 3702 χαρακτὴρ
2955 3632 3251 3703 καθορᾶται
3271 3640 3414 3700 ’τοῖς
3453 3639 3549 3707 μὲν
3578 3639 3783 3706 ἀγαθός

2211 3736 2270 3771 τε
2291 3721 2384 3772 καὶ
2415 3720 2674 3791 μείλιχος,
2690 3726 2802 3786 τοῖς
2828 3724 2883 3776 δὲ
2908 3724 3133 3796 φοϐερὸς
3165 3729 3258 3780 καὶ
3284 3728 3626 3798 ἀμείλικτος,
3651 3748 3781 3784 κατ-

2210 3809 2457 3881 αλλήλως
2519 3815 2584 3884 τῇ
2645 3815 2962 3884 προαιρέσει
3017 3817 3126 3870 τῶν
3190 3821 3524 3889 κρινομένων
3586 3824 3780 3877 ἑαυτὸν

2213 3902 2595 3974 μεθαρμὸζων.
2646 3906 2846 3962 Τούτου
2879 3910 3034 3981 χάριν
3086 3913 3178 3965 καὶ
3219 3912 3315 3966 νῦν
3354 3915 3660 3988 πρόσφορος
3704 3921 3776 3988 τῇ

2210 3996 2394 4067 νύμφῃ
2436 3997 2586 4067 παρὰ
2627 3998 2720 4052 τοῦ
2763 4000 2920 4070 λόγου
2971 4004 3003 4072 ἡ
3037 4003 3301 4070 ἀντίδοσις
3337 4006 3578 4073 γίνεται,
3607 4012 3666 4062 ἐν
3693 4004 3777 4074 οἷς

2211 4086 2418 4158 ὕμνησε
2447 4089 2540 4141 τοῦ
2574 4092 2840 4145 Δεσπότου
2870 4093 2929 4146 τὸ
2951 4094 3164 4160 κάλλος,
3191 4098 3249 4150 έν
3272 4102 3384 4161 τοῖς
3403 4101 3608 4171 ὁμοίοις
3636 4102 3774 4173 αὐτῇ

2207 4184 2302 4238 τοῦ
2328 4186 2532 4256 Κυρίου
2565 4187 3055 4261 ἀντιχαρισαμένου
3085 4191 3173 4245 τὸν
3205 4194 3444 4249 ἔπαινον.
3491 4197 3777 4266 Ἀποδέχε-

2207 4293 2297 4329 ται
2323 4277 2431 4348 γὰρ
2487 4278 2582 4331 καὶ
2625 4280 2783 4344 αὐτὸς
2823 4281 2929 4335 τῶν
2980 4284 3166 4353 μαζῶν
3212 4286 3380 4356 αὐτῆς
3413 4288 3513 4358 τὴν
3557 4288 3643 4342 διὰ
3676 4290 3778 4359 τῆς

2208 4369 2487 4440 ἐνεργείας
2525 4372 2661 4444 πρὸς
2688 4373 2750 4426 τὸ
2785 4377 3030 4445 κρεῖττον
3066 4380 3433 4449 γεγενημένην
3471 4379 3773 4445 ἀλλοίωσιν,

2207 4461 2289 4514 ὅτι
2329 4462 2422 4515 τοῦ
2472 4464 2896 4537 γαλακτοφορεῖν
2921 4469 3294 4539 παυσάμενοι,
3325 4467 3468 4525 οἶνον
3504 4473 3599 4526 καὶ
3653 4474 3775 4544 οὐχὶ

541 4554 699 4618 dunt,
733 4555 892 4624 cujus
928 4570 1092 4624 opera
1139 4553 1557 4623 perfectioribus
1611 4554 1873 4608 cordibus
1929 4555 2105 4608 oritur

2215 4552 2347 4622 γάλα
2395 4554 2724 4625 προχέουσι,
2759 4556 2824 4609 δι’
2861 4550 2921 4610 οὗ
2954 4561 3074 4622 ταῖς
3119 4560 3480 4633 τελειοτέραις
3524 4563 3774 4631 καρδίαις

542 4647 746 4710 laetitia,
787 4662 906 4715 quae
949 4647 1253 4715 juventutis
1287 4659 1394 4699 non
1441 4644 1676 4714 amplius
1723 4653 1958 4716 aguntur
1998 4644 2100 4700 ilu-

541 4737 856 4798 ctilms.sed
892 4746 1118 4807 possunt
1156 4751 1252 4791 ore
1295 4736 1505 4807 impleri
1533 4751 1598 4791 ex
1635 4746 1844 4791 cratere
1887 4739 2103 4808 sapien-

540 4828 648 4890 tiae,
678 4839 730 4881 ct
759 4828 897 4882 bona
931 4828 1221 4883 attrahere.

609 5004 900 5075 Postquam
962 5006 1124 5076 igitur
1181 5005 1424 5059 laudavit
1476 5006 1644 5060 ubera
1730 5015 1950 5076 propter
1989 5007 2102 5062 vini

538 5099 952 5162 abundantiam,
1005 5099 1153 5153 addit
1195 5101 1360 5152 etiam
1421 5099 1636 5155 laudem
1687 5100 1816 5154 boni
1865 5099 2051 5154 odoris
2082 5139 2097 5162 ,

537 5192 758 5245 dicens:
797 5189 861 5244 El
886 5191 1015 5242 odor
1057 5192 1478 5245 testimoniorum
1513 5199 1720 5244 tuorum
1744 5206 1899 5258 super
1923 5190 2101 5245 omnia

537 5292 804 5338 aromata.
853 5283 1077 5354 Oportet
1135 5294 1314 5338 autem
1359 5285 1499 5338 hanc
1551 5285 1760 5337 laudem
1802 5285 2100 5356 intelligere

535 5387 654 5437 eos,
696 5375 789 5445 qui
829 5375 1118 5430 didicerint
1180 5392 1246 5430 ex
1299 5387 1458 5430 sacra
1500 5372 1784 5444 Scriptura
1841 5385 2094 5430 naturam

536 5481 727 5521 eorum
771 5483 892 5537 quae
939 5466 1292 5520 nominantur
1339 5470 1604 5518 aromata.
1657 5463 1897 5530 Quodvis
1963 5467 2097 5521 bene

537 5557 755 5628 spirans
785 5573 968 5612 aroma
1000 5557 1057 5612 iit
1095 5558 1342 5628 voluptas
1373 5572 1568 5614 sensus
1603 5557 1888 5615 odoratus.
1931 5557 2092 5614 Intel-

490 5649 505 5692 ὲ
537 5649 766 5716 ligamus
785 5665 915 5720 ergo
950 5650 1038 5703 illa
1092 5649 1197 5705 dici
1271 5659 1536 5712 aromata,
1557 5665 1680 5718 qua:
1713 5652 1853 5706 bene
1882 5651 2092 5721 spirare

536 5739 890 5794 didicimusa
944 5740 1224 5809 Scriptura
1283 5755 1460 5798 sacra.
1515 5740 1586 5797 Ut
1639 5740 1752 5797 Noe
1779 5742 1939 5798 oll'ert
1979 5741 2090 5798 Deo

551 5827 894 5890 sacriﬁcium,
926 5836 981 5884 et
1013 5829 1273 5887 odoratus
1306 5838 1389 5888 est
1443 5829 1586 5889 Deus
1644 5831 1864 5888 odorem
1916 5831 2094 5887 suavi-

2208 4646 2571 4719 ήεύφροσύνη
2623 4647 2849 4716 γίνεται,
2892 4649 2996 4703 τῶν
3044 4654 3235 4720 μηκέτι
3287 4654 3389 4707 ὑπὸ
3451 4656 3774 4724 νηπιότητος

2209 4739 2704 4810 κλυδωνιζομένων,
2737 4740 2848 4794 ἀλλ’
2881 4743 2947 4794 ὲκ
2987 4742 3082 4796 τοῦ
3127 4746 3399 4816 κρατῆρος
3437 4745 3539 4815 τῆς
3581 4749 3772 4816 σοφίας

2208 4831 2562 4901 ἐμφορεῖσθαι
2611 4831 2919 4902 δυναμένων
2957 4835 3036 4906 τῷ
3077 4836 3300 4906 στόματι
3343 4838 3435 4892 καὶ
3475 4837 3544 4892 τὰ
3593 4839 3771 4907 ἀγαθά

2207 4921 2546 4990 ἐφέλκεσθαι..

2293 5014 2614 5078 Ἐπαινέσας
2645 5014 2822 5068 τοίνυν
2866 5017 2992 5080 τοὺς
3035 5016 3240 5086 μαζοὺς
3262 5018 3348 5072 διὰ
3381 5019 3480 5091 τὴν
3503 5021 3599 5075 τοῦ
3623 5023 3764 5077 οίνου

2205 5103 2395 5174 φορὰν,
2421 5101 2741 5175 προστίθησι
2771 5103 2865 5156 καὶ
2891 5105 2992 5174 τῆς
3032 5105 3285 5175 εὐοδμίας
3303 5107 3397 5160 τὸν
3426 5108 3661 5172 ἔπαινον,
3691 5115 3764 5164 si-

2203 5194 2348 5246 πών·
2371 5193 2452 5244 ὅτι
2486 5191 2595 5245 Kal
2626 5191 2784 5260 ὀσμὴ
2807 5190 3190 5262 τῶνιιματίων
3217 5210 3334 5248 σου
3398 5195 3549 5264 ὑπὲρ
3572 5197 3762 5251 πάντα

2201 5284 2273 5337 τὰ
2310 5281 2602 5351 ἀρώματα.
2635 5282 2839 5354 Νοῆσαι
2877 5282 2933 5336 δὲ
2964 5283 3082 5356 ’χρὴ
3128 5285 3219 5337 τὸν
3249 5284 3486 5348 τοιοῦτον
3524 5286 3758 5347 ἔπαινον.

2203 5377 2267 5428 ἐκ
2306 5376 2407 5445 τῆς
2449 5375 2608 5443 ἀγίας
2638 5375 2857 5446 Γραφῆς
2885 5375 2991 5429 τῶν
3013 5375 3416 5444 ὀνομασθέντων
3459 5380 3762 5450 ἀρωμάτων

2202 5468 2547 5540 διδαχθέντας
2589 5467 2688 5539 τὴν
2727 5466 2906 5537 φύσιν.
2958 5469 3074 5522 Πᾶν
3104 5470 3164 5522 τὺ
3185 5467 3414 5524 εὔπνουν
3441 5472 3639 5544 ἀρωμα
3670 5472 3764 5543 τῆς

2203 5559 2567 5632 ὀσφραντικῆς
2599 5558 2899 5631 αἰσθήσεως
2919 5559 3078 5632 ἡδονὴ
3102 5560 3323 5629 γίνεται.
3345 5561 3554 5615 Οὐκοῦν
3584 5563 3762 5616 ἐκεῖνα

2203 5651 2381 5720 λέγειν
2423 5650 2694 5722 ἀρώματα
2725 5651 2816 5706 τὸν
2851 5649 3008 5720 λόγον
3033 5652 3333 5723 νοήσωμεν,
3349 5653 3448 5706 ὅσα
3483 5654 3631 5725 παρὰ
3667 5653 3760 5723 τῆς

2203 5743 2422 5813 Γραφῆς
2461 5742 2705 5796 εὐπνοεῖν
2749 5741 3122 5814 ἐδιδάχθημεν.
3157 5738 3282 5796 Οίον
3329 5744 3592 5813 προσάγει
3638 5743 3758 5796 Νῶε

2203 5833 2278 5902 τῷ
2322 5833 2442 5902 Θεῷ
2483 5834 2585 5905 τὴν
2624 5833 2835 5901 θυσίαν,
2877 5835 2972 5888 καὶ
3027 5833 3552 5907 ὠσφράνθη-Κύριος
3587 5834 3758 5905 ὀσμὴν
