4028 6534
579 436 683 496 959

1822 441 1881 497 S.
1924 439 2257 501 GBEGORII
2296 436 2589 497 NYSSENI

3711 422 3816 481 960

580 556 920 624 praeclarum,
952 561 1109 626 cujus
1152 560 1387 626 labores,
1413 568 1473 614 et.
1502 574 1676 629 reges,
1733 564 1787 632 et
1821 558 2015 629 privati
2048 557 2141 613 ad-

2260 551 2307 629 i;
2331 558 2453 620 τοὺς
2474 555 2667 618 πόνους
2690 552 2927 625 βασιλεῖς
2950 553 3044 607 καὶ
3066 551 3270 606 ίδιῶται
3296 549 3433 623 πρὸς
3456 546 3616 617 ύγίαν
3642 561 3819 616 προσ-

580 643 765 699 hibent
786 647 852 702 ad
889 651 1197 715 sanitatem,
1222 659 1278 707 et
1303 667 1423 705 eam
1454 651 1589 705 dicit
1626 650 1879 704 omnibus
1926 648 2138 704 deside-

578 736 805 790 rabilem
836 748 889 793 et
920 741 1209 812 insignem,
1252 751 1310 797 ut
1364 758 1487 813 quae
1535 745 1607 798 sit
1661 742 1869 796 viribus
1923 740 2141 811 quidem

577 822 889 881 imbecilla:
931 829 1278 886 honoraverit
1306 840 1484 886 autem
1534 831 1880 900 sapientiam.
1921 841 1976 886 et
2025 830 2145 884 ideo

581 913 701 972 vita:
737 918 946 975 virtutis
985 922 1236 979 studiosis
1280 923 1537 992 producta
1588 922 1661 979 sit
1707 920 1759 974 in
1815 921 2141 991 exemplum.

582 1006 779 1061 Prodm
801 1023 851 1063 ta
881 1020 964 1067 est
990 1014 1158 1078 enim,
1187 1014 1384 1084 inquit,
1412 1024 1472 1070 ut
1501 1030 1623 1086 quae
1677 1015 2023 1069 honoraverit
2055 1031 2146 1071 sa-

581 1098 865 1169 pientiam.
900 1101 1154 1157 Consulit
1203 1112 1382 1158 autem
1430 1120 1525 1174 per
1551 1119 1613 1159 ea
1662 1119 1781 1173 qua:
1813 1104 1956 1158 dicta
1997 1113 2146 1168 sunt,

583 1204 613 1241 a
642 1190 789 1243 nulla
822 1192 960 1246 bona
996 1194 1274 1250 abstinere
1304 1195 1615 1265 disciplina,
1654 1194 1750 1251 sed
1780 1196 2147 1265 pervolantem

581 1289 797 1351 pratum
826 1282 1213 1353 inspiratorum
1242 1301 1272 1340 a
1313 1286 1422 1341 Deo
1452 1286 1817 1356 eloquiorum,
1847 1283 2151 1355 colligendo

583 1372 787 1443 aliquid
842 1383 1097 1445 tanquam
1128 1378 1314 1431 liorem
1365 1394 1429 1433 ex
1471 1394 1797 1446 unoquoque
1849 1393 2036 1433 eorum
2082 1376 2151 1433 ad

582 1465 1012 1531 procreationem
1063 1470 1363 1538 sapientiae,
1420 1470 1526 1526 sibi
1581 1471 1833 1526 fabricari
1881 1486 2059 1526 ceram
2099 1472 2153 1525 in

583 1553 747 1608 carde
782 1569 901 1619 suo,
957 1565 1210 1626 tanquam
1264 1560 1467 1614 alveari
1526 1560 1786 1630 quodam,
1848 1562 2155 1631 reponendo

583 1642 726 1697 hanc
756 1644 1080 1700 industriam
1117 1656 1171 1702 et
1199 1648 1435 1704 laborem
1484 1650 1862 1720 multiplicium
1910 1653 2154 1719 discipli-

584 1749 777 1788 narum
811 1738 862 1789 iu
895 1738 1197 1795 inconfusis
1228 1741 1282 1795 in
1324 1742 1588 1796 memoria
1625 1743 1843 1806 loculis,
1893 1752 2153 1812 tanquam

582 1827 910 1893 quibusdam
947 1830 1000 1883 in
1036 1831 1159 1884 favo
1193 1833 1368 1888 mellis
1400 1833 1597 1890 fistulis
1624 1833 1941 1890 fabricatis:
1975 1845 2028 1891 et
2073 1838 2155 1893 sic

2242 649 2538 720 φέρονται’
2576 645 2827 716 ποθεινὴν
2865 645 2921 698 δὲ
2972 646 3105 699 πᾶσι
3154 644 3300 712 λέγει
3347 640 3516 713 αὐτὴν
3550 636 3695 693 εῐναι
3730 640 3821 691 καὶ

2242 739 2503 807 ἐπίδοξον,
2534 736 2868 794 ἀσθενοῦσαν
2907 738 3003 807 μὲν
3036 736 3177 790 κατὰ
3216 735 3312 808 τὴν
3355 734 3580 807 ῥώμην,
3617 732 3721 803 τὴν
3764 730 3823 784 δὲ

2245 833 2434 903 σοφίαν
2448 831 2790 901 ,τιμήσασαψ
2814 828 2908 883 καὶ
2932 828 3018 882 διὰ
3031 827 3186 881 τοῦτο
3201 827 3560 899 προαχθεῖσαν
3586 826 3666 888 είς
3700 822 3827 877 ὑπό-

2242 925 2435 995 δειγμα
2485 922 2599 992 βίου
2639 925 2751 985 τοῖς
2786 921 3075 992 ἑναρέτοις.
3114 920 3225 990 Τὴν
3264 920 3373 990 γὰρ
3406 917 3619 986 σοφίαν,
3662 916 3824 984 φησὶ,

2244 1018 2521 1087 τιμήσασα
2573 1013 2840 1086 προήχθη.
2891 1012 3253 1084 Συμϐουλεύει
3283 1011 3341 1065 δὲ
3386 1011 3471 1065 διὰ
3510 1008 3621 1062 τῶν
3670 1010 3828 1078 εἰρη-

2251 1109 2427 1180 μένων
2464 1106 2689 1179 μηδενὸς
2713 1105 3008 1177 ἀπέχεσθαι
3057 1104 3167 1157 τῶν
3212 1101 3430 1171 ἀγαθῶν
3457 1098 3827 1172 μαθημάτων,

2247 1200 2381 1254 ἀλλά
2405 1199 2485 1270 τῷ
2514 1198 2738 1269 λειμῶνι
2787 1196 2895 1251 τῶν
2938 1194 3305 1249 θεοπνεύστων
3347 1191 3721 1261 ἐφιπτάμενον
3743 1187 3830 1240 λό-

2249 1308 2381 1360 γων,
2424 1292 2516 1361 ἀφ’
2549 1290 2778 1344 ἑκάστου
2827 1306 2879 1341 τι
2931 1286 3065 1359 πρὸς
3117 1286 3215 1355 τὴν
3248 1283 3440 1355 κτῆσιν
3482 1282 3584 1351 τῆς
3631 1280 3832 1349 σοφίας

2254 1382 2702 1452 ἀπανθιζόμενον,
2736 1378 3131 1450 κηροπλασιεῖν
3158 1373 3336 1445 ἑαυτῷ
3366 1373 3428 1426 τὸ
3455 1372 3648 1443 κηρίον
3668 1410 3686 1433 ,
3716 1363 3829 1422 οἷον

2252 1478 2309 1529 έν
2333 1473 2539 1545 σίμϐλῳ
2563 1473 2668 1526 τινὶ
2688 1474 2751 1543 τῇ
2770 1468 2964 1524 ἑαυτοῦ
2986 1467 3179 1539 καρδίᾳ
3200 1467 3300 1538 τὴν
3317 1462 3601 1535 φιλεργίαν
3619 1459 3829 1530 ταύτην

2252 1564 2639 1635 ἀποτιθέμενον
2658 1580 2671 1593 ·
2712 1563 2900 1633 ὥσπερ
2927 1560 3077 1624 τινὰς
3098 1560 3155 1613 ὲν
3192 1557 3372 1628 κηρίῳ
3414 1554 3703 1627 σύριγγας,
3723 1551 3833 1605 τῶν

2256 1656 2546 1711 πολυειδῶν
2584 1654 2922 1727 μαθημάτων
2958 1649 3293 1721 ἀσυγχύτους
3326 1650 3383 1700 ὲν
3410 1648 3476 1718 τῇ
3510 1645 3701 1716 μνήμῃ
3732 1643 3834 1706 τὰς

2257 1749 2429 1821 θήκας
2448 1748 2928 1819 δημιουργήσαντα
2946 1762 2961 1776 ο
2989 1745 3081 1797 καὶ
3105 1743 3276 1804 οὓτως
3307 1737 3449 1793 κατά
3478 1738 3712 1810 μίμησιν
3733 1735 3834 1804 τῆς

2261 1841 2428 1909 σοφῆς
2457 1839 2669 1909 ἐκείνης
2693 1837 2968 1909 μελίσσης,
2986 1832 3053 1908 ἧς
3079 1835 3176 1905 ἡδὺ
3212 1833 3311 1905 μὲν
3340 1833 3401 1886 τὸ
3429 1827 3834 1901 κηρίον,ἀπλη-

585 1915 758 1970 instar
804 1919 1068 1988 sapientis
1103 1922 1250 1977 illius
1276 1923 1413 1991 apis,
1456 1924 1617 1995 cujus
1646 1923 1802 1980 favus
1827 1927 2045 1996 quidem
2072 1936 2156 1984 est

2260 1949 2381 1986 κτον
2408 1931 2464 1984 δὲ
2497 1928 2560 1983 τὸ
2602 1929 2843 2000 κέντρον,
2872 1926 2968 1998 τὴν
3002 1926 3204 1996 σεμνὴν
3229 1922 3435 1994 ταύτην
3465 1919 3572 1973 τῶν
3612 1918 3832 1991 ἀρετῶν

584 2006 782 2068 dulcis,
803 2024 909 2063 non
938 2026 1186 2081 puugens
1212 2025 1391 2068 autem
1418 2015 1701 2079 stimulus,
1737 2027 1996 2087 perpetuo
2022 2036 2158 2074 unn-

582 2098 761 2152 dinari
790 2100 931 2155 hanc
956 2105 1273 2172 praeclaram
1302 2105 1565 2160 virtutum
1595 2111 1991 2177 operationem.
2019 2110 2159 2166 Vere

581 2190 726 2243 enim
759 2191 850 2246 ille
904 2195 1257 2258 uundinatur,
1297 2197 1391 2267 qui
1459 2198 1600 2253 bona
1635 2206 1838 2254 aeterna
1876 2200 2158 2255 laboribus

583 2281 675 2349 qui
705 2283 794 2338 hic
833 2286 1216 2356 suscipiuntur
1239 2298 1533 2359 permutat,
1576 2301 1631 2345 et
1678 2307 1809 2347 suos
1848 2292 2063 2347 labores
2094 2290 2161 2345 ad

586 2374 874 2430 sanitatem
917 2378 1111 2432 animae
1159 2379 1441 2435 distribuit
1494 2381 1713 2451 regibus
1773 2390 1828 2436 et
1889 2383 2156 2451 privatis:

585 2466 721 2520 adeo
754 2476 812 2520 ut
842 2484 1044 2537 sponso
1077 2472 1167 2524 liat
1196 2472 1308 2526 haec
1337 2474 1517 2527 anima
1547 2473 1951 2537 desiderabilis.
1985 2475 2163 2529 clara-

584 2573 692 2625 que
720 2566 773 2613 et
804 2560 1029 2630 insignis
1068 2563 1300 2631 angelis,
1336 2564 1465 2618 dum
1504 2565 1555 2617 in
1599 2564 1917 2619 infirmitate
1950 2565 2163 2635 perlicit

585 2650 839 2705 virtutem
867 2662 1089 2722 propter
1122 2655 1383 2709 honorem
1419 2656 1718 2725 sapientiae.
1738 2656 2003 2722 Quoniam
2033 2672 2162 2727 ergo

584 2746 911 2802 eruditionis
948 2756 1003 2801 et
1034 2748 1324 2818 diligentiae
1351 2760 1479 2805 sunt
1515 2752 1781 2822 exempla,
1814 2769 1934 2822 qua:
1967 2755 2033 2808 de
2062 2770 2165 2808 sa—

588 2838 756 2908 pienti
818 2839 908 2892 illa
968 2856 1067 2910 ape
1102 2850 1228 2895 sunt
1280 2844 1647 2904 narrationes.
1689 2852 1743 2900 et
1797 2845 2161 2915 Spiritualium

586 2930 985 2986 charismatum
1016 2934 1181 2987 varia:
1215 2933 1536 2996 divisiones,
1572 2936 1958 2990 convenienter
1998 2935 2164 2990 studii

588 3031 643 3076 et
674 3022 967 3093 diligentia:
1001 3026 1338 3094 proportioni
1382 3027 1649 3083 accedunt
1685 3028 1752 3083 iis
1812 3027 1905 3097 qui
1954 3028 2166 3083 labora-

590 3122 716 3167 runt
741 3133 754 3179 ;
782 3124 1067 3185 propterea
1097 3117 1228 3171 dicit
1256 3132 1468 3185 sponsae
1497 3136 1509 3171 :
1539 3119 1648 3173 Cor
1677 3129 1828 3173 tuum
1860 3118 2057 3174 factum
2081 3126 2167 3173 est

589 3206 809 3275 plenum
846 3207 981 3262 favis
1009 3224 1171 3262 omne
1202 3225 1374 3276 genus
1404 3209 1751 3272 eruditionis,
1783 3212 1926 3265 unde
1952 3210 2163 3279 profers

588 3312 655 3351 ex
683 3297 826 3351 bono
865 3298 1124 3353 thesauro
1154 3300 1338 3353 cordis
1370 3316 1565 3356 suaves
1597 3302 1771 3355 stillas
1806 3316 2117 3356 sermonum
2145 3319 2158 3354 :

589 3385 727 3440 adeo
770 3393 829 3438 ut
882 3388 979 3440 tibi
1041 3387 1112 3440 sit
1164 3390 1341 3442 oratio
1373 3389 1479 3441 mel
1527 3391 1747 3444 mistum
1814 3405 1937 3443 cum
2000 3391 2159 3445 laete.

591 3474 801 3529 Favum
831 3477 995 3538 enim,
1038 3478 1236 3547 inquit,
1288 3479 1548 3533 distillant
1584 3482 1725 3534 labia
1775 3491 1885 3541 tua.
1930 3499 2161 3552 sponsa,

590 3566 694 3619 mel
724 3576 775 3620 et
821 3568 904 3621 lac
950 3568 1045 3621 sub
1083 3568 1263 3638 lingua
1316 3580 1428 3623 tua.
1474 3573 1570 3627 Est
1606 3573 1748 3625 enim
1812 3574 1910 3627 tibi
1942 3585 2164 3644 paratus

592 3672 793 3719 sermo,
826 3658 1169 3713 auditoribus
1203 3675 1310 3714 non
1353 3662 1677 3717 uuiformem
1711 3665 2011 3719 ostendens
2053 3668 2163 3720 uti-

592 3746 818 3811 litatem,
870 3748 965 3802 sed
1012 3763 1319 3821 congruens
1374 3752 1582 3806 viribus
1639 3767 1826 3806 eorum
1863 3755 1954 3823 qui
1990 3755 2162 3825 ipsum

593 3840 904 3909 suscipiunt
935 3859 949 3894 :
988 3842 1125 3895 adeo
1158 3849 1297 3897 utet
1326 3842 1742 3911 perfectioribus
1771 3848 2059 3899 conveniat
2112 3856 2189 3900 ct‘

594 3931 903 3988 infantibus
929 3950 942 3987 :
973 3933 1226 4002 perfectis
1258 3935 1479 4005 quidem
1509 3937 1612 3989 mel
1646 3935 1843 4000 factus,
1883 3938 1964 3990 lac
1987 3949 2163 3992 autem

592 4024 919 4089 infantibus,
976 4026 1286 4094 cuiusmodi
1339 4038 1457 4103 erat
1491 4027 1715 4092 Paulus,
1750 4036 1808 4081 ut
1855 4031 1949 4097 qui
1989 4031 2166 4084 verbis

591 4115 811 4185 quidem
845 4116 1103 4171 mollibus
1157 4116 1329 4170 aleret
1362 4132 1554 4172 recens
1604 4125 1785 4179 natos.
1844 4119 2164 4188 sapientiam

594 4216 777 4262 autem
806 4208 1121 4277 loqueretur
1156 4206 1413 4277 perfectis
1442 4207 1497 4261 in
1528 4208 1807 4277 mysterio,
1839 4209 2165 4264 absconsam

595 4314 627 4351 a
664 4299 902 4357 saeculis.
933 4313 1096 4367 quam
1144 4311 1255 4350 non
1316 4296 1463 4365 capit
1494 4296 1597 4351 hoc
1652 4297 1931 4361 saeculum,
1996 4313 2167 4366 neque

597 4391 874 4460 principes
899 4389 1060 4459 hujus
1089 4388 1274 4444 saeculi
1296 4388 1363 4442 ⁸⁸.
1397 4386 1546 4443 Hanc
1579 4403 1708 4458 ergo
1737 4389 1910 4445 mellis
1937 4400 1988 4444 et
2016 4390 2169 4444 lactis

596 4479 1050 4549 praeparationem
1085 4477 1219 4531 dicit
1256 4492 1380 4533 esse
1409 4478 1513 4532 sub
1573 4478 1782 4548 lingua,
1846 4494 2040 4548 nempe
2082 4496 2169 4533 re-

2256 2020 2515 2093 ὲργασίαν
2575 2018 2866 2081 διαπαντὸς
2934 2013 3357 2088 ἐμπορεύεσθαι.
3434 2008 3832 2083 Ἐμπορεύεται

2258 2112 2368 2183 γὰρ
2394 2111 2470 2174 ὡς
2494 2110 2729 2181 ἀληθῶς,
2755 2110 2823 2163 τὰ
2846 2108 3027 2178 ἀγαθά
3055 2109 3123 2160 τὰ
3148 2105 3341 2159 αἰώνια
3368 2103 3476 2158 τῶν
3501 2102 3627 2173 τῇδε
3653 2101 3835 2154 πόνων

2257 2202 2689 2275 διαμειδόμενος,
2725 2202 2819 2255 καὶ
2866 2202 2994 2264 τοὺς
3046 2200 3207 2263 ἰδίους
3244 2197 3439 2260 πόνους
3485 2198 3565 2259 εἰς
3592 2193 3836 2266 ψυχικὴν

2259 2295 2470 2363 ὑγίειαν
2514 2291 2791 2364 βασιλεῦσί
2820 2308 2881 2343 τε
2913 2290 3008 2343 καὶ
3049 2287 3281 2351 ἰδιώταις
3319 2287 3528 2356 νέμων’
3560 2283 3701 2336 ὥστε
3734 2299 3835 2335 τω-

2260 2386 2442 2456 θεινὴν
2469 2384 2548 2454 τῷ
2571 2382 2787 2454 νυμφίῳ
2813 2382 2915 2453 τὴν
2963 2380 3217 2450 τοιαύτην
3243 2376 3494 2447 γενέσθαι
3518 2375 3715 2447 ψυχὴν,
3742 2374 3838 2427 καὶ

2257 2481 2373 2542 τοῖς
2419 2477 2671 2545 ἀγγέλοις
2711 2475 2989 2540 ἐπίδοξον,
3026 2477 3083 2527 ὲν
3118 2472 3368 2542 ἀσθενείᾳ
3401 2469 3706 2523 τελειοῦσαν
3738 2466 3839 2537 τὴν

2260 2565 2486 2637 δύναμιν
2530 2566 2617 2618 διὰ
2649 2565 2749 2636 τὴν
2788 2564 2887 2635 τῆς
2938 2562 3129 2631 σοφίας
3168 2562 3355 2631 τιμήν.
3398 2558 3614 2628 Ἐπειδὴ
3654 2557 3838 2609 τοίνυν

2261 2658 2592 2721 παιδεύσεώς
2616 2659 2733 2711 ὲστι
2778 2658 2873 2710 καὶ
2911 2655 3224 2720 φιλοπονίας
3261 2653 3561 2720 ὑπόδειγμα
3593 2649 3662 2705 τὰ
3702 2648 3839 2719 περὶ

2263 2750 2359 2821 τὴν
2391 2748 2560 2820 σοφὴν
2594 2748 2808 2819 εκείνην
2855 2748 3103 2820 μέλιτταν
3130 2745 3472 2815 διηγήματα,
3501 2742 3593 2794 καὶ
3618 2742 3674 2792 al
3713 2756 3840 2792 ποι-

2262 2842 2412 2894 κίλαι
2433 2842 2541 2893 τῶν
2571 2838 2958 2911 πνευματικῶν
2986 2836 3336 2910 χαρισμάτων
3364 2832 3673 2904 διαιρέσεις,
3691 2830 3838 2883 κατὰ

2262 2934 2360 3004 τὴν
2383 2935 2481 3004 τῆς
2505 2933 2742 3003 σπουδῆς
2763 2932 3051 3000 ἀναλογίαν
3082 2932 3194 2993 τοῖς
3217 2945 3276 2981 τε
3302 2926 3636 2996 πεπονηκόσι
3667 2940 3836 2995 προσ-

2264 3024 2523 3093 γίνονται,
2547 3023 2635 3077 διὰ
2653 3022 2812 3077 τοῦτό
2845 3038 2977 3093 φησι
3003 3020 3139 3094 πρὸς
3173 3019 3273 3091 τὴν
3295 3018 3541 3088 νύμφην·
3563 3020 3644 3073 ὅτι
3680 3017 3796 3086 [Ιλὴ
3812 3045 3827 3055 -

2270 3132 2369 3187 ρης
2414 3132 2498 3169 σοι
2542 3116 2762 3184 γέγονεν
2793 3114 2826 3185 ἡ
2870 3112 3067 3197 καρδία
3108 3110 3218 3164 τῶν
3250 3111 3316 3163 ἐκ
3354 3109 3453 3180 τῆς
3492 3106 3837 3197 παντοδαπῆς

2268 3206 2597 3270 παιδεύσεως
2653 3205 2837 3278 κηρῶν
2857 3243 2872 3267 ,
2899 3196 3023 3258 ὅθεν
3063 3201 3359 3275 προφέρεις
3389 3202 3454 3254 ἐκ
3501 3198 3594 3253 τοῦ
3623 3196 3833 3267 ἀγαθοῦ

2265 3295 2540 3367 θησαυροῦ
2566 3295 2667 3365 τῆς
2697 3294 2923 3364 καρδίας
2948 3293 3050 3357 τὰς
3080 3292 3337 3363 μελιχράς
3366 3290 3478 3345 τῶν
3510 3289 3685 3358 λόγων
3714 3304 3841 3340 στα-

2262 3387 2425 3455 γόνας
2450 3402 2465 3417 ο
2489 3386 2564 3448 ὡς
2586 3384 2724 3439 εἷναί
2753 3404 2835 3439 σοι
2859 3385 2979 3456 μέλι
3003 3384 3092 3438 τὸν
3116 3383 3273 3450 λόγον
3294 3379 3837 3453 συναναμεμιγμένον

2261 3476 2339 3547 τῷ
2390 3478 2640 3546 γάλακτι.
2666 3478 2890 3545 Κηρίον
2917 3479 3050 3546 γὰρ,
3077 3476 3261 3545 φησὶν,
3306 3472 3623 3534 ἀποστάζει
3662 3470 3839 3541 χείλη

2262 3586 2400 3635 σου,
2417 3570 2641 3639 νύμφη,
2654 3568 2791 3638 μέλι
2817 3569 2916 3622 καί
2939 3567 3093 3637 γάλα
3116 3566 3234 3622 ὑπὸ
3257 3564 3372 3636 τὴν
3392 3563 3683 3636 γλῶσσάν
3697 3576 3836 3616 σου.

2263 3662 2708 3734 Παρεσκεύασται
2767 3660 2876 3732 γάρ
2916 3676 2998 3712 σοι
3047 3660 3075 3712 ό
3113 3657 3300 3726 λόγος,
3340 3657 3400 3711 ού
3453 3654 3697 3726 μονοειδῆ
3736 3652 3838 3724 τὴν

2262 3753 2526 3821 ώφέλειαν
2548 3754 2659 3815 τοῖς
2675 3750 2962 3805 ἀκούουσιν
2990 3748 3262 3802 ὲπιδεικνύ
3272 3765 3448 3819 μενος,
3470 3746 3606 3800 ἀλλά
3636 3744 3838 3799 καταλ-

2263 3844 2434 3915 λήλως
2480 3844 2615 3913 πρὸς
2647 3843 2743 3914 τὴν
2782 3842 2891 3895 τῶν
2931 3840 3235 3912 δεχομένων
3269 3839 3498 3909 δύναμιν
3526 3836 3833 3909 ἁρμοζόμε-

2263 3950 2352 3995 νος
2371 3949 2385 3964 ο
2401 3931 2477 3995 ὡς
2507 3933 2601 3985 καὶ
2627 3934 2739 3994 τοῖς
2762 3930 3110 4000 τελειοτέροις
3132 3929 3226 3983 καὶ
3244 3928 3597 3998 νηπιάζουσιν
3623 3926 3841 3988 οίκείως

2263 4024 2408 4094 ἔχειν
2428 4043 2441 4055 ·
2475 4026 2588 4087 τοῖς
2614 4024 2712 4094 μὲν
2743 4021 2966 4084 τελείοις
3007 4019 3128 4089 μέλι
3150 4059 3165 4084 ,
3202 4022 3312 4083 τοῖς
3357 4018 3414 4071 δὲ
3450 4016 3662 4088 νηπίοις
3699 4016 3841 4083 γᾶα

2264 4116 2539 4186 γινόμενος
2572 4131 2587 4146 ’
2611 4112 2722 4178 οἶος
2745 4114 2774 4165 ὁ
2813 4112 3022 4174 Παῦλος
3067 4108 3155 4184 ἦν,
3182 4114 3292 4175 τοῖς
3322 4110 3421 4181 μὲν
3463 4110 3839 4179 ἀπαλωτέροις

2264 4207 2375 4261 τῶν
2421 4208 2595 4277 λόγων
2622 4207 2751 4275 τοὺς
2794 4206 3096 4276 ἀρτιγενεῖς
3125 4202 3528 4274 τιθηνούμενος,
3562 4201 3751 4270 σοφίαν
3779 4200 3840 4253 δὲ

2266 4298 2439 4353 λαλῶν
2464 4301 2523 4353 ὲν
2543 4298 2660 4361 τοῖς
2683 4296 2909 4361 τελείοις
2927 4298 2983 4351 έν
3016 4295 3320 4367 μυστηρίῳ,
3359 4295 3459 4365 τὴν
3487 4295 3840 4363 ἀποκεκρυμ-

2271 4391 2435 4462 μένην
2464 4389 2571 4443 amb
2600 4387 2709 4442 τῶν
2757 4386 2988 4454 αἰώνων,
3016 4388 3085 4459 ἢν
3138 4388 3199 4440 οὐ
3252 4389 3420 4457 χωρεῖ
3444 4387 3472 4439 ὁ
3498 4385 3631 4440 αἰὼν
3660 4379 3835 4448 οὗτος,

2266 4483 2386 4535 οὐδὲ
2431 4484 2479 4534 οί
2510 4482 2767 4554 ἄρχοντες
2797 4480 3007 4535 τούτου.
3038 4480 3149 4551 Τὴν
3199 4475 3292 4532 οῦν
3344 4478 3597 4549 τοιαύτην
3655 4494 3835 4548 παρα-

596 4566 875 4619 conditnm
903 4573 955 4617 et
982 4574 1349 4634 opportunum
1382 4580 1539 4619 usum
1598 4567 1870 4622 sermonis
1902 4582 1995 4635 per
2025 4570 2159 4622 hanc

2270 4571 2466 4643 σκευὴν
2486 4612 2501 4634 ,
2528 4572 2626 4643 τὴν
2662 4571 2875 4642 μέλιτός
2913 4587 2974 4623 τε
3017 4570 3111 4649 καὶ
3159 4569 3251 4623 τοῦ
3289 4569 3587 4638 γάλακτος,
3620 4566 3838 4620 ὑποκεῖ-

597 4670 786 4711 vocem
820 4655 1087 4713 indicans.
1116 4653 1249 4709 Nam
1282 4657 1376 4726 qui
1400 4658 1506 4712 scit
1525 4657 1979 4727 quemadmodum
2002 4676 2165 4728 opor-

600 4754 711 4801 teat
746 4748 1042 4817 unicuique
1073 4748 1427 4819 respondere,
1457 4750 1562 4806 sub
1592 4750 1774 4820 lingua
1796 4750 2000 4806 habens
2024 4752 2163 4806 hanc

599 4838 807 4892 variam
867 4839 977 4893 vim
1038 4842 1331 4909 sermonis,
1391 4852 1515 4913 apte
1553 4844 1759 4914 praebet
1817 4842 1873 4897 in
1924 4851 2161 4913 tempore

600 4928 898 4997 unicuique
922 4944 989 4983 ex
1029 4929 1370 4986 auditoribus
1402 4932 1453 4986 id
1493 4933 1635 5001 quod
1673 4942 1751 4986 est
1795 4930 1842 4985 ei
1876 4932 2018 4985 usui.

2271 4662 2393 4716 σθαι
2417 4663 2562 4731 λέγει
2588 4665 2655 4734 τῇ
2682 4662 2924 4734 γλώσσῃ,
2946 4648 3505 4733 τὴντεταμιευμένην
3546 4678 3607 4713 τε
3631 4661 3724 4713 καὶ
3746 4658 3838 4713 εῦς-

2269 4772 2455 4825 καιρον
2504 4754 2614 4809 τῶν
2645 4753 2818 4823 λόγων
2863 4754 3059 4825 χρῆσιν
3088 4752 3177 4808 διὰ
3216 4753 3316 4824 τῆς
3366 4752 3619 4824 τοιαύτης
3656 4752 3835 4821 φωνῆς

2267 4845 2689 4917 ἐνδεικνύμενος.
2736 4846 2794 4899 '0
2837 4844 2946 4918 γὰρ
2996 4843 3151 4909 εἰδὼς
3198 4844 3315 4908 πῶς
3370 4843 3450 4897 δεῖ
3494 4845 3575 4897 ένὶ
3626 4844 3834 4912 ἑκάστῳ

2266 4936 2677 5007 ἀποκρίνεσθαι,
2719 4936 2858 5008 ἔχων
2888 4936 2993 4991 ὑπὸ
3029 4936 3129 5007 τὴν
3160 4936 3411 5005 γλῶσσαν
3437 4936 3536 5009 τὴν
3593 4935 3834 5005 ποικίλην

598 5021 801 5092 ταύτην
832 5019 925 5073 τοῦ
977 5021 1135 5091 λόγου
1188 5022 1411 5094 δύναμιν
1435 5065 1451 5089 ,
1489 5024 1757 5096 ἁρμοδίως
1795 5024 2007 5093 ἑκάστῳ
2051 5023 2157 5076 τῶν
2194 5025 2498 5081 ἀκουόντων
2554 5028 2615 5081 τὸ
2657 5028 2791 5099 πρὸς
2812 5030 2907 5099 τὴν
2928 5026 3117 5099 χρείαν
3154 5028 3247 5081 ἐπὶ
3285 5027 3480 5099 καιροῦ
3558 5027 3830 5099 προχειρί-

599 5116 768 5181 (erat.

668 5208 808 5263 Cum
837 5209 978 5262 hanc
1006 5219 1185 5264 autem
1222 5207 1463 5263 dedisset
1493 5206 1710 5261 laudem
1748 5207 1830 5262 ori
1887 5216 1943 5262 et
1967 5208 2167 5277 lingua:

602 5314 839 5369 sponsae,
869 5299 1068 5353 transit
1089 5313 1282 5353 rursus
1311 5296 1379 5352 ad
1410 5298 1620 5367 majora
1646 5296 1915 5361 encomia,
1936 5295 2124 5351 dicens
2149 5315 2163 5350 :

606 5390 753 5446 Odor
780 5392 1201 5445 vestimentorum
1256 5398 1464 5442 tuorum
1510 5397 1757 5457 tanquam
1795 5386 1923 5443 odor
1977 5387 2167 5440 thuris.

604 5481 721 5536 Hoc
742 5482 888 5551 quod
921 5480 1127 5535 dicitur
1150 5488 1235 5534 est
1258 5480 1503 5550 quaedam
1528 5478 1896 5549 philosophia,
1919 5479 2167 5547 indicans

605 5573 869 5644 quidnam
910 5576 1190 5630 intueatur
1238 5574 1555 5629 hominibus
1586 5574 1697 5627 vita
1728 5587 1851 5643 quae
1877 5588 1942 5627 ex
1969 5572 2171 5627 virtute

609 5666 812 5734 agitur.
844 5664 976 5719 Nam
1031 5668 1152 5721 vita:
1187 5682 1307 5738 quae
1352 5679 1419 5721 ex
1481 5663 1683 5721 virtute
1715 5663 1894 5734 agitur
1926 5662 2050 5719 linis
2086 5670 2171 5719 est

691 5842 733 5874 "
779 5844 797 5896 Ι
829 5844 953 5898 Cor.
983 5861 1063 5901 ut.
1098 5846 1132 5899 8

2339 5206 2589 5261 Τοιοῦτον
2655 5207 2712 5262 δὲ
2763 5204 3125 5278 προσαγαγὼν
3182 5204 3260 5277 τῷ
3331 5205 3561 5276 στόματι
3614 5206 3709 5260 καὶ
3766 5211 3826 5277 τῇ

2270 5298 2487 5370 γλώσσῃ
2508 5298 2607 5368 τῆς
2625 5296 2842 5369 νύμφης
2866 5297 2958 5352 τὸν
2977 5296 3216 5361 ἔπαινον,
3244 5296 3403 5351 πάλιν
3426 5297 3563 5368 πρὸς
3576 5298 3642 5351 τὰ
3666 5298 3829 5368 μείζω

2270 5387 2377 5441 τῶν
2416 5386 2706 5458 ἐγκωμίων
2739 5387 3088 5460 μετέρχεται,
3122 5386 3323 5454 λέγων·
3357 5387 3439 5440 ὅτι
3483 5387 3672 5457 Ὀσμὴ
3704 5392 3825 5456 ἱμα-

2282 5478 2424 5533 τίων
2455 5477 2592 5543 σοῦ,
2637 5479 2718 5547 ὠς
2765 5478 2925 5550 ὀσμὴ
2971 5478 3238 5535 λιϐάνου.
3304 5478 3361 5532 ’0
3403 5477 3460 5532 δὲ
3492 5477 3650 5548 λόγος
3682 5473 3825 5541 οὗτος

2273 5570 2557 5640 φιλοσοφία
2581 5572 2663 5635 τίς
2694 5574 2860 5641 ἐστιν,
2893 5573 2971 5637 είς
3004 5572 3032 5626 ὃ
3050 5589 3103 5625 τι
3125 5571 3311 5641 βλέπει
3338 5573 3450 5636 τοῖς
3474 5571 3773 5641 ἀνθρώποις
3800 5571 3826 5622 ό

2278 5662 2397 5717 κατ’
2422 5662 2620 5735 ἀρετὴν
2654 5662 2764 5735 βίος
2796 5663 3177 5720 ὑποδεικνύων.
3224 5663 3402 5735 Πέρας
3430 5662 3539 5732 γὰρ
3578 5661 3677 5731 τῆς
3706 5662 3817 5714 ἐνα-
