3932 6514
113 418 215 476 961

1167 419 1235 475 ΙΝ
1268 418 1565 477 CANTICA
1588 415 1854 475 CANTIC.
1895 414 2179 472 HOMILIA
2216 415 2309 471 ιχ.

3243 421 3349 478 96!

112 533 276 605 ρέτου
299 532 444 603 ζωῆς
470 535 504 604 ἡ
534 534 671 604 πρὸς
693 534 757 589 τὸ
774 535 926 589 Θεῖόν
948 536 1095 590 ἐστιν
1116 534 1375 605 ὁμοίωσις
1394 576 1410 602 ,
1439 536 1529 590 καὶ
1558 535 1678 589 τού-

1795 532 1897 588 Deo
1921 533 2238 600 assimilari,
2265 541 2320 587 et
2354 546 2421 589 ea
2449 533 2520 590 de
2565 547 2733 591 causa
2766 532 2959 589 anima:
3012 536 3247 606 puritas,
3295 551 3350 595 et

108 638 211 676 ⁴ι.·ου
238 622 396 693 χάριν
417 624 452 694 ἡ
472 628 530 675 τε
565 625 661 695 τῆς
696 624 874 694 ψυχῆς
905 624 1242 696 καθαρότης,
1280 626 1373 680 καὶ
1402 627 1465 680 1'6
1503 627 1679 697 πάσης

109 715 399 786 ὲμπαθοῦς
422 715 713 780 διαθέσεως
740 718 1119 787 ἀνεπίμικτον,
1149 717 1214 770 δι’
1244 719 1554 790 ἐπιμελείας
1582 736 1682 773 κα-

108 804 399 877 τορθοῦται
430 808 541 870 τοῖς
574 806 864 878 ὲναρέτοις,
898 808 1039 862 ὥστε
1070 807 1196 862 τινὰ
1224 808 1549 880 χαρακτῆρα
1584 811 1683 880 τῆς

109 896 518 967 ὑπερκειμένης
549 899 763 967 φύσεως
791 898 880 952 διά
915 901 1018 969 τῆς
1043 901 1391 973 ἁστειοτέρας
1412 900 1564 972 ζωῆς
1591 902 1683 955 καὶ

108 989 179 1042 ὲν
210 990 393 1052 αὐτοῖς
422 988 693 1057 γενέσθαι.
742 990 959 1061 Ἐπειδὴ
992 992 1170 1045 τοίνυν
1196 994 1258 1046 οὐ
1297 985 1571 1062 μονοειδής
1600 993 1684 1054 τίς

111 1082 288 1144 ἐστιν,
322 1080 439 1134 οὐδὲ
472 1081 801 1152 μονότροπος
828 1083 861 1152 ἡ
898 1084 1018 1135 κατ’
1049 1083 1247 1156 ἀρετὴν
1276 1084 1536 1145 πολιτεία,
1568 1083 1683 1136 ἀλλ’

110 1172 308 1243 ὥσπερ
333 1172 426 1225 ἐπὶ
448 1173 547 1241 τῆς
571 1171 679 1224 τῶν
704 1171 1042 1244 ὑφασμάτων
1071 1177 1412 1245 κατασκευῆς
1439 1174 1528 1228 διὰ
1555 1174 1684 1228 πολ-

110 1263 226 1316 λῶν
269 1264 524 1333 νημάτων
561 1262 671 1317 τῶν
714 1264 813 1335 μὲν
862 1266 950 1318 ἐπ’
999 1265 1215 1329 εὐθείας
1248 1265 1684 1337 ἀνατεταμένων,

108 1356 228 1408 τῶν
275 1354 332 1408 δὲ
372 1354 514 1409 κατά
554 1355 616 1408 τὺ
659 1355 887 1424 πλάγιον
931 1355 1300 1429 διῃρημένων,
1349 1358 1382 1427 ἡ
1420 1357 1685 1427 ὑφαντικὴ

109 1448 279 1517 τέχνη
305 1446 403 1517 τὴν
425 1445 627 1515 ἐσθῆτα
664 1449 841 1499 ποιεῖ’
881 1445 1025 1500 οὕτω
1050 1447 1146 1500 καὶ
1182 1448 1273 1499 ἐπὶ
1305 1447 1403 1517 τῆς
1432 1447 1685 1518 ἐναρέτου

110 1533 266 1605 ζωῆς
298 1534 467 1588 πολλά
504 1538 609 1605 χρὴ
648 1536 972 1607 συνδραμεῖν
991 1576 1006 1602 ,
1038 1537 1103 1589 δι’
1133 1531 1207 1591 ὧν
1239 1540 1268 1591 6
1315 1538 1527 1600 ἀστεῖος
1564 1535 1687 1602 ἐξυ-

112 1625 369 1693 φαίνεται
400 1625 544 1695 βίος,
575 1625 759 1688 καθὼς
790 1628 1185 1699 ἀπαριθμεῖται
1225 1627 1294 1681 τά
1338 1627 1558 1681 τοιαῦτα
1596 1629 1690 1699 νή-

115 1732 273 1785 ματα
316 1716 345 1768 6
394 1715 534 1778 θεῖος
593 1716 947 1781 ’Δπόστολος,
977 1717 1045 1771 δι’
1090 1712 1165 1771 ὧν
1210 1720 1244 1789 ἡ
1282 1717 1390 1772 τῶν
1436 1717 1690 1791 καθαρῶν

113 1806 298 1878 ἔργων
332 1807 611 1877 ίστουργία
644 1808 988 1863 συνίσταται’
1016 1809 1236 1880 ἀγάπην
1268 1808 1441 1878 λέγων
1475 1811 1569 1863 καὶ
1591 1828 1687 1880 χα-

1780 622 1914 677 nihil
1946 624 2147 679 habere
2177 623 2470 679 admistum
2502 624 2746 679 omnium
2776 624 2945 679 animi
3000 634 3246 681 motuum
3283 643 3349 682 ac

1780 714 2279 783 perturbationum,
2308 728 2339 767 a
2360 713 2500 768 viris
2529 713 2692 769 bonis
2719 714 3011 786 diligenter
3034 725 3345 781 exercetur,

1784 815 1841 859 ut
1865 822 1959 876 per
1984 807 2262 861 meliorem
2294 805 2458 860 vitam
2491 806 2566 861 sit
2592 807 2649 860 in
2680 807 2761 863 eis
2795 807 3039 876 quaedam
3076 807 3246 877 ﬁgura
3294 816 3347 862 et

1781 901 2066 955 character
2109 907 2318 954 naturae
2356 899 2842 969 superemineutis.
2898 898 3171 965 Quoniam
3218 916 3348 969 ergo

1782 1007 1890 1046 non
1913 998 2000 1045 est
2029 990 2349 1054 uniformis,
2377 1005 2559 1059 neque
2591 990 2757 1045 unius
2790 990 2936 1043 modi
2972 991 3082 1043 vita
3130 1006 3254 1060 qua:
3284 1006 3349 1044 ex

1785 1085 1984 1136 virtute
2040 1082 2244 1152 agitur,
2298 1081 2395 1136 sed
2448 1080 2726 1152 quomodo
2773 1081 2829 1135 in
2873 1082 2976 1136 tela
3039 1090 3133 1135 aut
3184 1081 3349 1151 panni

1787 1184 2020 1239 textura,
2067 1190 2165 1245 per
2214 1175 2390 1229 multa
2449 1173 2557 1237 lila,
2613 1189 2843 1243 quorum
2877 1174 2982 1227 alia
3038 1173 3256 1242 quidem
3295 1175 3351 1227 in

1784 1274 1994 1321 rectum
2027 1275 2157 1320 sunt
2192 1272 2440 1331 extensa,
2469 1265 2573 1318 alia
2604 1274 2785 1320 autem
2827 1279 2922 1333 per
2972 1272 3350 1319 transversum

1784 1358 1978 1421 divisa,
2015 1372 2105 1412 ars
2140 1355 2359 1412 texendi
2393 1356 2524 1411 facit
2564 1363 2769 1410 vestem
2800 1372 2814 1409 :
2856 1355 2930 1407 ita
2954 1356 3116 1409 etiam
3150 1354 3203 1408 in
3244 1356 3352 1408 vita

1785 1462 1907 1517 qua:
1937 1464 2001 1501 ex
2055 1448 2259 1501 virtute
2305 1446 2507 1516 agitur,
2549 1446 2718 1498 multa
2783 1452 2998 1514 oportet
3055 1460 3354 1500 concurre-

1787 1551 1868 1600 re,
1901 1552 1998 1608 per
2046 1552 2167 1606 quae
2222 1536 2361 1591 bona
2422 1536 2627 1590 texitur
2683 1535 2794 1588 vita
2845 1552 2859 1589 :
2929 1536 3073 1589 sicut
3132 1535 3353 1592 divinus

1785 1626 1990 1684 Paulus
2076 1630 2187 1683 haec
2274 1628 2365 1682 illa
2432 1636 2759 1689 enumerat,
2825 1642 2921 1697 per
3005 1643 3125 1697 quae
3220 1644 3355 1682 cou-

1788 1718 1934 1773 sistit
2006 1725 2225 1772 textura
2312 1716 2584 1770 bonorum
2670 1730 2940 1786 operum,
3031 1719 3354 1772 charitatem

1789 1810 2003 1874 dicens,
2039 1816 2092 1865 et
2118 1808 2400 1879 gaudium,
2440 1816 2493 1863 et
2518 1822 2731 1878 pacem,
2782 1809 3270 1879 longanimitatem,
3303 1819 3358 1866 et

118 1874 227 1969 ρ-ἀν
256 1898 352 1951 καὶ
384 1874 626 1970 εἰρήνην,
674 1874 1077 1971 μακροθυμίαν⁷
1098 1916 1159 1952 τε
1192 1874 1292 1953 καὶ
1328 1874 1688 1972 χρηστότητα,

1795 1874 2201 1971 benignitatem,
2254 1908 2309 1955 et
2371 1874 2712 1970 quaecunque
2769 1874 2903 1956 sunt
2950 1874 3354 1968 hujusmodi",

115 1992 220 2045 καὶ
250 1991 426 2046 πάντα
450 1991 520 2045 τὰ
549 1991 789 2057 τοιαῦτα,
817 1987 897 2057 οἷς
925 1993 1350 2063 κατακοσμεῖται
1377 1995 1405 2047 6
1429 1995 1493 2046 ὲκ
1518 1993 1691 2068 φθαρ-

117 2081 223 2134 τοῦ
248 2100 307 2136 τε
339 2084 431 2136 καὶ
461 2085 647 2153 γηῖνου
692 2084 806 2154 βίου
848 2086 947 2156 τὴν
986 2085 1233 2155 οὐράνιον
1264 2085 1567 2157 ἀφθαρσίαν
1599 2103 1693 2157 με-

116 2173 490 2243 τενδυόμενος.
544 2173 745 2227 Τούτου
801 2174 961 2245 χάριν
1011 2174 1334 2244 ἀποδέχεται
1377 2176 1469 2228 τὸν
1515 2177 1572 2228 ὲν
1624 2177 1691 2247 τῇ

118 2264 310 2335 ἐσθῆτι
338 2265 537 2336 κόσμον
566 2265 667 2337 τῆς
692 2265 932 2337 νύμφης,
959 2266 1036 2330 ὡς
1068 2265 1146 2337 τῷ
1178 2266 1380 2337 λιϐάνῳ
1421 2266 1563 2320 κατὰ
1594 2268 1693 2339 τὴν

118 2354 300 2424 ὀσμὴν
344 2355 715 2426 ὁμοιούμενον.
771 2356 1034 2424 Καίτοιγε
1091 2356 1196 2427 πρὸ
1242 2355 1431 2409 τούτου
1477 2355 1694 2410 πάντων

116 2440 279 2498 εἶπεν
316 2444 425 2499 τῶν
470 2447 778 2518 ἀρωμάτων
820 2448 1071 2519 προέχειν
1105 2447 1203 2518 τὴν
1230 2447 1324 2500 τοῦ
1379 2446 1547 2518 μύρου
1596 2448 1695 2518 τῆς

118 2535 341 2607 νύμφης
369 2536 703 2606 εὐωδίαν,ὼς
724 2538 898 2593 δοκεῖν
927 2540 984 2593 ἐν
1009 2538 1182 2609 τούτῳ
1206 2538 1526 2609 καθαίρεσιν
1556 2533 1694 2591 εἶναι

116 2628 233 2681 τῶν
267 2629 584 2702 ἐγκωμίων,
616 2630 774 2701 ειπερ
813 2631 847 2700 ή
894 2629 1094 2692 παντὸς
1134 2628 1423 2700 ἀρώματος
1466 2629 1695 2700 ὑπερτε-

118 2716 299 2782 Θεῖσα,
354 2718 449 2771 νῦν
500 2719 638 2786 πρὸς
676 2718 735 2772 ἓν
776 2719 883 2772 τῶν
926 2719 1233 2790 ἀρωμάτων
1285 2717 1563 2790 ὁμοιοῦται
1609 2719 1695 2773 διὰ

120 2810 498 2880 συγκρίσεως,
550 2808 721 2873 οὕτως
762 2810 1006 2874 εἰπόντος
1045 2809 1139 2863 τοῦ
1177 2809 1349 2878 Λόγου
1372 2825 1386 2840 ’
1422 2811 1504 2863 ὅτι
1541 2809 1695 2864 Κατά

120 2900 224 2970 τὴν
263 2900 435 2971 ὀσμὴν
463 2898 555 2953 τοῦ
587 2899 804 2953 λιϐάνου
833 2899 942 2953 τῶν
976 2900 1204 2971 ἱματίων
1237 2899 1329 2953 σού
1367 2889 1513 2954 ἐστιν
1541 2902 1575 2971 ἡ
1608 2900 1697 2953 εὑ-

120 2994 279 3047 ωδία.
323 2983 461 3047 Ἀλλ’
506 2993 692 3065 ἐπειδὴ
727 2994 1031 3058 ἰδιαζόντως
1070 2994 1214 3048 κατά
1255 3009 1378 3048 τινα
1416 2995 1572 3062 λόγον
1617 2996 1695 3057 εἰς

120 3088 223 3141 τὴν
253 3086 345 3141 τοῦ
376 3086 531 3141 Θείου
575 3086 740 3158 τιμὴν
782 3086 1221 3156 ἀποτεταγμένον
1264 3081 1333 3156 ἦν
1383 3085 1444 3138 τὸ
1478 3085 1572 3138 τοῦ
1609 3085 1694 3139 λι-

124 3180 292 3234 ϐάνου
313 3179 581 3250 θυμίαμα,
611 3178 796 3231 τούτου
826 3178 983 3249 χάριν
1016 3179 1049 3248 ὴ
1078 3177 1217 3249 ὑπὲρ
1247 3178 1425 3232 πάντα
1456 3178 1521 3231 τὰ
1552 3177 1695 3249 ἀρώ-

126 3289 276 3342 ματα
301 3267 437 3324 είναι
475 3269 721 3342 κριθεῖσα
745 3268 989 3333 ἀξιοῦται
1014 3269 1113 3339 τῆς
1157 3268 1292 3341 πρὸς
1323 3269 1383 3322 τὸ
1412 3270 1469 3322 ἓν
1500 3269 1695 3340 ἀρωμα

126 3363 455 3433 ὁμοιώσεως,
489 3362 551 3415 τὸ
574 3362 652 3433 τῷ
678 3362 794 3432 Θεῷ
818 3361 1193 3432 ἀνακείμενον,
1218 3361 1293 3425 ὡς
1320 3363 1380 3415 τὸ
1404 3362 1578 3434 νόημα
1603 3360 1695 3414 τοῦ

127 3454 445 3524 αἰνίγματος
481 3452 715 3507 τοιοῦτον
759 3447 928 3507 εἶναι’
971 3453 1053 3505 ὅτι
1104 3445 1279 3515 Σοὶ,ὦ
1339 3452 1545 3523 νύμφη,
1592 3451 1697 3505 τῶν

127 3545 338 3615 ἀρετῶν
358 3547 392 3616 ὴ
421 3544 679 3616 περιϐολὴ
706 3545 823 3615 τὴνΔ
843 3543 991 3596 θείαν
1025 3545 1270 3615 μιμεῖται
1302 3544 1694 3615 μακαριότητα,

128 3636 219 3690 διὰ
247 3636 609 3707 καθαρότητός
636 3654 695 3689 τε
718 3637 809 3690 καὶ
834 3635 1124 3701 ἀπαθείας,
1150 3640 1217 3709 τῇ
1239 3637 1514 3707 ἀπροσίτῳ
1540 3634 1696 3703 φύσει

128 3731 480 3803 ὁμοιουμένη.
501 3730 732 3801 Τοιαύτη
760 3730 868 3801 γὰρ
895 3732 929 3801 ἠ
956 3730 1064 3783 τῶν
1094 3730 1250 3784 θείων
1283 3729 1507 3801 ἱματίων
1533 3726 1696 3798 ὀσμὴ,

130 3824 210 3886 ὼς
248 3823 381 3895 πρὸς
416 3822 506 3875 τὸν
540 3821 753 3874 λίϐανον
780 3819 1033 3892 ἐμφερῶς
1061 3818 1206 3890 ἔχειν
1232 3820 1321 3874 τὸν
1349 3818 1698 3887 ἀνακείμενον

129 3917 213 3978 είς
238 3915 334 3984 τὴν
360 3913 451 3966 τοῦ
484 3913 617 3967 Θεοῦ
642 3912 826 3983 τιμήν.

206 4007 370 4060 Πάλιν
411 4004 743 4077 μανθάνομεν
778 4003 865 4057 διὰ
899 4001 1007 4056 τῶν
1049 4002 1244 4074 ἑφεξῆς
1281 4002 1534 4066 ἐπαίνων,
1584 4002 1701 4065 πῶς

132 4099 205 4152 ἂν
229 4115 311 4162 τις
336 4098 543 4167 γένοιτο
565 4095 659 4150 τοῦ
703 4096 908 4165 Κυρίου
946 4095 1148 4167 ἀδελφὴ
1188 4094 1283 4148 καὶ
1314 4093 1595 4164 όμόζυγος,
1634 4093 1698 4146 δι’

129 4184 212 4243 ὧν
251 4206 432 4259 φησιν,
461 4189 542 4242 ὅτι
580 4186 785 4255 Κῆπος
826 4186 1270 4256 κεκλεισμένος,
1320 4184 1549 4255 ἀδελφή
1582 4203 1700 4254 μου

128 4270 601 4349 νύμφη.’οὐκοῦν
634 4278 793 4340 εἴτις
832 4279 1219 4347 μεταποιεῖται,
1257 4274 1439 4345 νύμφη
1476 4275 1572 4344 μὲν
1616 4274 1703 4327 διὰ

128 4372 231 4427 τοῦ
265 4369 727 4443 προσκολληθῆναι
767 4368 844 4439 τῷ
879 4368 1068 4438 Κυρίῳ
1097 4365 1379 4436 γενέσθαιο
1417 4366 1617 4438 ἀδελφὴ
1646 4365 1701 4417 δὲ

127 4464 226 4519 διὰ
255 4464 348 4517 τοῦ
378 4463 435 4516 τὺ
465 4462 676 4533 θέλημα
700 4461 863 4515 αὑτοῦ
882 4458 1332 4533 κατεργάζεσθαι,
1351 4457 1531 4522 καθὼς
1558 4458 1701 4527 λέγει

1789 1992 1986 2062 quibus
2037 2000 2266 2047 ornatur
2318 1992 2412 2061 qui
2472 1994 2751 2046 caelestem
2805 1993 3055 2047 induitur
3103 1994 3357 2051 incorru-

1789 2085 2048 2155 ptionem,
2083 2099 2146 2138 ex
2183 2084 2294 2137 vita
2331 2092 2548 2138 terrena
2596 2083 2649 2136 in
2690 2099 2855 2154 quam
2894 2086 3043 2140 cadit
3079 2086 3355 2142 interitus.

1788 2174 2083 2246 Propterea
2115 2175 2317 2244 accipit
2351 2175 2441 2243 qui
2482 2174 2536 2229 in
2571 2186 2721 2229 veste
2746 2185 2831 2230 est
2881 2186 3133 2230 ornatum
3191 2194 3359 2247 spon-

1789 2282 1881 2329 sae,
1919 2274 1980 2320 ut
2013 2267 2105 2336 qui
2162 2265 2330 2321 odore
2386 2266 2459 2320 sit
2506 2266 2705 2322 similis
2754 2267 2926 2322 thuri.
2978 2258 3143 2338 Atqui
3204 2271 3357 2339 prius

1789 2357 1927 2411 dixit
1979 2357 2236 2413 omnibus
2294 2358 2632 2413 aromatibus
2697 2360 3025 2414 antecellere
3090 2362 3358 2431 unguenti

1790 2463 2004 2517 sponsae
2038 2449 2236 2502 bonum
2272 2449 2493 2503 odorem
2526 2466 2540 2502 :
2576 2447 2712 2502 adeo
2754 2457 2813 2503 ut
2855 2451 2910 2504 in
2941 2451 3045 2509 hoc
3104 2453 3357 2507 videatur

1790 2536 1968 2591 Omnia
2000 2538 2189 2591 tollere
2221 2537 2497 2602 encumia,
2532 2538 2802 2608 siquidem
2842 2556 2963 2610 qua:
3009 2542 3185 2596 cuivis
3220 2558 3359 2612 prte-

1792 2625 1900 2679 lata
1936 2625 2039 2679 fuit
2093 2627 2349 2691 aromati,
2409 2644 2555 2682 nunc
2594 2644 2692 2699 per
2744 2633 3209 2699 comparationem
3264 2635 3359 2687 uni

1790 2717 2130 2771 assimilatur
2181 2718 2443 2783 aromati,
2495 2735 2620 2773 cum
2670 2720 2748 2775 sic
2796 2720 2994 2776 dixerit
3026 2722 3357 2794 Scriptura:

1794 2806 1947 2863 Sicut
1975 2809 2112 2863 odor
2142 2810 2317 2865 thuris
2348 2820 2433 2866 est
2467 2812 2643 2867 bonus
2677 2814 2812 2868 odor
2851 2824 3067 2869 tuarum
3100 2818 3359 2873 vestium.

1795 2899 1898 2955 Sed
1927 2902 2182 2971 quoniam
2213 2904 2475 2973 peculiari
2528 2904 2765 2973 quadam
2798 2906 3013 2963 ratione
3045 2906 3139 2963 Dei
3168 2909 3363 2965 honori

1793 2994 2089 3063 deputatus
2118 3002 2235 3047 erat
2266 2995 2440 3049 thuris
2469 2995 2704 3056 sullitus,
2735 3011 2796 3049 ea
2820 2996 2887 3052 de
2917 3013 3084 3054 causa
3112 3015 3233 3070 quae
3261 2999 3364 3054 fuit

1794 3085 2017 3153 praelata
2046 3084 2300 3140 omnibus
2335 3087 2698 3149 aromatihus,
2726 3086 2891 3156 digna
2932 3100 3189 3145 censetur
3245 3106 3364 3160 quae

1796 3176 2129 3232 assimiletur
2158 3178 2250 3231 ttni
2280 3179 2530 3243 aromati,
2568 3179 2713 3248 quod
2746 3179 2855 3235 Deo
2883 3180 3219 3236 dedicatum.
3246 3184 3364 3249 Quo

1750 3264 1766 3285 ‘
1799 3266 1857 3320 ﬁt
1892 3274 1951 3320 ut
1983 3266 2056 3321 sit
2087 3268 2177 3322 hic
2233 3283 2429 3323 sensus
2459 3270 2798 3337 aanigmatis:
2820 3270 3019 3339 Tuum,
3075 3287 3108 3327 ο
3141 3288 3364 3343 sponsa,

1796 3358 2062 3413 virtutum
2098 3359 2477 3414 indumentum
2532 3361 2778 3415 imitatur
2810 3364 3046 3417 divinam
3077 3365 3360 3419 beatitudi-

1796 3462 1960 3512 nem,
2004 3463 2102 3518 per
2168 3448 2458 3518 puritatem
2513 3458 2566 3503 et
2638 3449 3097 3522 impatibilitatem
3146 3455 3366 3508 assimi-

1797 3538 1903 3593 lata
1965 3550 2175 3595 natura:
2228 3540 2292 3594 ad
2347 3555 2510 3609 quam
2570 3557 2677 3596 non
2736 3550 2886 3611 patet
2951 3543 3153 3598 aditus.
3217 3544 3365 3600 Talis

1796 3638 1880 3685 est
1938 3631 2128 3698 enim,
2188 3631 2414 3701 inquit,
2474 3632 2613 3687 odor
2705 3640 2926 3687 tuorum
3007 3635 3365 3689 vestimento-

1798 3735 1957 3784 rum,
2015 3730 2075 3774 ut
2118 3720 2192 3776 sit
2247 3720 2443 3777 similis
2484 3721 2653 3785 thuri,
2706 3720 2852 3792 quod
2899 3719 2992 3777 Dei
3043 3720 3237 3776 honori
3282 3730 3365 3777 est

1798 3804 2061 3861 dicatum.

1872 3988 2082 4042 Rursus
2139 4002 2235 4056 per
2311 3985 2500 4041 laudes
2556 4002 2678 4057 quae
2749 3986 3010 4058 deinceps
3060 3999 3367 4059 sequuntur

1800 4079 2084 4141 discimus,
2117 4078 2577 4148 quemadmodum
2626 4081 2719 4131 liat
2769 4080 3044 4150 quispiam
3103 4095 3261 4135 soror
3313 4090 3368 4137 et

1800 4168 2001 4237 conjux
2035 4168 2253 4222 Domini
2288 4184 2383 4238 per
2421 4170 2524 4223 hoc
2559 4169 2704 4240 quod
2756 4169 2910 4238 dicit,
2943 4169 3014 4224 Es
3043 4172 3220 4228 hortus
3245 4189 3369 4227 con-

1801 4261 2001 4325 clusus,
2028 4275 2180 4313 soror
2211 4276 2325 4313 mea
2362 4277 2575 4328 sponsa.
2606 4258 2664 4315 Si
2694 4261 2962 4332 quispiam
2989 4278 3117 4333 ergo
3141 4262 3243 4317 hoc
3264 4263 3368 4318 sibi

1802 4351 2061 4414 vindicat,
2107 4359 2166 4405 ut
2216 4351 2286 4407 sit
2335 4352 2552 4421 quidem
2616 4367 2841 4422 sponsa,
2889 4362 3177 4423 propterea
3223 4355 3369 4422 quod

1801 4443 2169 4513 coniungatur
2198 4443 2449 4510 Domino,
2480 4459 2639 4499 soror
2670 4452 2873 4506 autem,
2904 4454 3189 4515 pr0pterea
3222 4446 3367 4516 quod

134 4556 200 4610 τὸ
228 4553 577 4622 Εὑαγγέλιον·
612 4553 793 4618 κῆπος
811 4551 1036 4622 εὐανθὴς
1064 4549 1302 4619 γενέσθω
1327 4552 1540 4603 πάντων
1567 4547 1694 4618 ἔχων

1807 4537 1926 4606 ejus
1955 4536 2117 4590 faciat
2150 4537 2509 4600 voluntatem,
2537 4535 2682 4590 sicut
2709 4535 2842 4591 dicit
2876 4535 3250 4607 Evangelium,
3274 4538 3371 4592 fiat

135 4650 198 4700 ὲν
233 4645 408 4715 ἐαυτῷ
432 4644 539 4696 τῶν
575 4642 753 4712 φυτῶν
780 4642 877 4714 τὴν
910 4643 1079 4713 ὥραν,
1107 4642 1208 4712 τήν
1235 4657 1295 4693 τε
1329 4639 1582 4707 γλυκεῖαν
1611 4655 1702 4691 συ-

137 4737 265 4805 κῆν,
301 4737 392 4790 καὶ
421 4734 518 4805 τὴν
555 4733 903 4805 κατάκαρπον
946 4733 1147 4795 ἐλαίαν,
1184 4731 1279 4785 καὶ
1316 4731 1404 4785 τὸν
1441 4730 1703 4800 ὑψίκομον

138 4828 378 4898 φοίνικα,
420 4826 516 4880 καὶ
557 4826 656 4896 τὴν
696 4824 1023 4894 εύθηνοῦσαν
1065 4823 1325 4895 ἄμπελον,
1376 4822 1450 4892 μὴ
1501 4821 1702 4891 θάμνον

139 4919 427 4986 ἀκανθὼδη
458 4918 604 4981 τινὰ,
638 4915 770 4987 μηδὲ
796 4915 1043 4979 κόνυζαν,
1068 4914 1201 4967 ἀλλά
1227 4912 1556 4984 κυπάρισσον
1588 4912 1701 4965 ἀντ’

139 5008 318 5063 αὐτῶν
352 5008 443 5061 καὶ
492 5006 775 5078 μυρσίνην.
822 5004 974 5058 Οὕτω
1012 5004 1121 5075 γὰρ
1146 5002 1238 5056 τὸν
1268 5002 1503 5056 τοιοῦτον
1533 5002 1703 5071 κῆπον

140 5092 282 5150 οἶδεν
309 5097 560 5168 ὡραΐζειν
588 5098 616 5148 6
655 5095 829 5165 μέγας
858 5093 1036 5156 Δαϐὶδ,
1057 5094 1151 5146 καὶ
1174 5093 1202 5144 6
1228 5090 1425 5161 ὑψηλὸς
1462 5091 1701 5153 Ἡσαΐας·

145 5190 179 5243 ὁ
205 5189 297 5258 μὲν
316 5189 485 5256 λέγων
505 5205 518 5218 ·
552 5187 784 5253 Δίκαιος
801 5186 880 5251 ὡς
903 5184 1098 5254 φοῖνιξ
1119 5182 1385 5249 ἀνθήσει·
1408 5182 1519 5243 καὶ,
1561 5181 1706 5250 Ἐγὼ

147 5279 218 5332 δὲ
248 5280 325 5343 ὡς
348 5279 517 5331 ἐλαία
543 5277 932 5345 κατάκαρποςο
958 5275 1071 5339 καὶ,
1092 5274 1160 5328 Ἠ
1178 5272 1329 5344 Τυνή
1355 5288 1469 5328 σου
1497 5273 1577 5338 ὡς
1602 5273 1707 5341 ἆμ-

145 5372 335 5433 πελος
378 5367 744 5433 εὐθηνοῦσαο
787 5367 879 5419 καὶ
925 5366 1054 5435 παρ’
1107 5364 1275 5433 ἑτέρῳ
1320 5362 1427 5415 τινὶ
1457 5364 1707 5432 προφήτῃ

152 5459 508 5532 μακαρίζεται
536 5460 563 5512 6
586 5459 836 5513 ὑποκάτω
864 5459 962 5527 τῆς
993 5456 1161 5527 συκῆς
1186 5456 1281 5526 τῆς
1312 5454 1445 5515 ιδίας
1468 5456 1706 5507 ἀναπαυ-

148 5553 363 5623 όμενος.
407 5550 464 5603 '0
489 5549 545 5603 δὲ
581 5551 802 5616 Ἡσαΐας
826 5551 944 5605 ἀντὶ
988 5548 1189 5620 θάμνου
1234 5546 1351 5617 μὲν,
1385 5546 1484 5614 τὴν
1530 5544 1705 5597 κυπά-

152 5660 335 5699 οισσον
358 5659 372 5674 ο
408 5642 526 5695 ἀντὶ
549 5642 605 5694 δὲ
636 5642 864 5713 κονύζης
891 5641 988 5707 τὴν
1023 5638 1281 5713 μυρτίνην
1312 5638 1474 5708 φησιν
1505 5635 1707 5706 ἀναϐή-

1792 4628 1997 4697 hortus
2028 4625 2253 4681 ﬂoridus
2282 4634 2334 4681 et
2358 4626 2493 4680 bene
2523 4626 2861 4696 germinans,
2886 4626 3127 4681 omnium
3158 4626 3370 4685 habens

1806 4721 1862 4775 in
1897 4736 1955 4775 se
1995 4720 2250 4774 arborum
2281 4718 2766 4788 pulchritudinem,
2823 4734 3017 4788 nempe
3058 4727 3112 4775 et
3155 4719 3369 4775 dulcem

1808 4817 1990 4880 licunt,
2047 4824 2101 4868 et
2141 4812 2372 4868 fertilem
2420 4814 2618 4874 oleam,
2650 4820 2706 4866 et
2750 4812 3056 4866 alticomam
3106 4814 3366 4884 palmam,

1809 4916 1863 4963 et
1911 4892 2278 4961 abundantem
2331 4905 2522 4968 vitem,
2556 4919 2662 4957 non
2724 4904 3005 4973 Spinosum
3056 4906 3367 4975 quempiam

1810 4999 2030 5062 rubum,
2084 5011 2263 5067 neque
2313 5010 2574 5066 conyzam
2609 5010 2703 5049 seu
2752 4994 3095 5063 pulicariam,
3145 4997 3236 5050 sed
3272 5010 3368 5063 pro

1808 5093 1890 5147 eis
1916 5105 2237 5160 cupressum
2272 5096 2328 5143 et
2360 5099 2618 5159 myrtum.
2651 5084 2741 5141 Sic
2776 5087 2919 5141 enim
2954 5087 3113 5139 talem
3150 5087 3366 5139 hortum

1810 5188 2070 5238 decorare
2115 5182 2306 5245 novit,
2368 5187 2421 5235 et
2474 5194 2703 5249 magnus
2761 5177 2970 5241 David,
3018 5184 3071 5231 et
3122 5176 3370 5231 sublimis

1810 5272 1995 5328 Isaias.
2032 5272 2125 5327 Ille
2162 5270 2375 5341 quidem
2416 5269 2602 5325 dicens
2637 5287 2649 5323 :
2681 5267 2869 5322 Justus
2902 5277 2957 5319 ιιι
2998 5267 3175 5336 palma
3214 5266 3375 5337 ﬂore-

1812 5366 1884 5419 bit
1915 5365 1997 5431 ";
2037 5372 2092 5419 et
2126 5383 2139 5419 :
2167 5363 2276 5434 Ego
2302 5372 2475 5416 autem
2512 5370 2760 5430 tanquam
2800 5360 2937 5414 oliva
2967 5358 3156 5427 fertilis
3177 5357 3261 5424 “;
3295 5366 3370 5420 ct,

1817 5455 1961 5510 Uxor
1990 5466 2080 5509 tua
2115 5456 2249 5509 sicut
2274 5454 2391 5508 vitis
2432 5451 2710 5505 abundans
2734 5450 2800 5502 ⁸⁸.
2837 5447 2971 5502 Nam
3007 5456 3060 5502 et
3089 5447 3156 5500 ab
3190 5448 3374 5518 aliquo

1813 5547 1918 5600 alio
1960 5547 2219 5616 propheta
2273 5545 2466 5599 beatus
2508 5542 2791 5611 judicatur
2835 5538 2925 5609 qui
2963 5536 3065 5592 sub
3118 5552 3218 5591 sua
3270 5537 3372 5593 ﬁcu

1813 5635 2046 5690 quiescit
2073 5636 2138 5688 ⁸⁵.
2170 5635 2336 5690 Isaias
2377 5641 2556 5688 autem
2585 5631 2716 5685 dicit
2749 5629 2992 5683 futurum
3024 5633 3082 5681 ut
3107 5642 3205 5697 pro
3237 5629 3375 5683 rubo

220 5817 266 5850 "
303 5815 474 5872 Galat.
505 5833 557 5884 v,
590 5815 679 5872 22.
763 5815 806 5848 "
845 5814 988 5871 Psal.
1023 5829 1131 5879 xei,
1177 5812 1259 5867 l5.
1341 5810 1388 5844 “
1426 5807 1574 5866 Psal.
1598 5820 1799 5875 cxxvn,
1824 5805 1912 5863 lt).
1988 5805 2033 5839 ⁸⁵
2055 5802 2189 5862 ibid.
2218 5804 2268 5858 5.
2344 5805 2389 5837 ⁸⁸
2414 5801 2578 5861 Mich.
2621 5817 2696 5868 tv,
2721 5799 2776 5856 4.
