4028 6514
613 398 718 455 965

1825 413 1827 415 ‘
1868 397 1924 454 S.
1966 397 2290 455 GREGORH
2325 396 2619 454 NYSSENI
2734 450 2739 457 .

3746 402 3839 461 964

610 518 834 591 quidem
866 528 1185 585 cupressus,
1222 526 1322 584 pro
1350 527 1557 585 conyza
1589 522 1770 571 autem
1816 515 2005 571 lloreat
2036 531 2154 587 myr

2254 566 2256 573 ,
2285 514 2487 569 σεσθαι.
2519 517 2600 571 Τά
2630 516 2687 570 δὲ
2712 515 2834 572 καθ’
2857 517 3081 573 ἕκαστον
3110 519 3234 591 περὶ
3260 519 3367 575 τῶν
3394 519 3623 592 δένδρων
3648 521 3839 578 τούτων

609 620 700 668 tus
726 612 793 665 ⁸⁷.
828 610 1051 680 Singula
1094 612 1274 662 autem
1315 607 1382 662 de
1411 606 1496 662 his
1551 608 1836 666 arboribus
1866 610 2174 681 aenigmata,

610 719 731 772 qua:
763 702 924 757 nobis
955 708 1175 754 ostensa
1227 698 1432 755 fuerint
1473 715 1503 754 a
1537 700 1839 771 prOpbetia,
1876 698 2040 755 fuerit
2080 716 2175 755 su-

611 805 1009 861 pervacaneum
1045 795 1300 843 accurate
1329 802 1616 858 exponere,
1647 803 1770 842 cum
1821 788 1894 843 sit
1923 788 2177 844 omnibus

614 884 989 951 perspicuum,
1013 880 1138 949 quis
1172 879 1244 932 sit
1277 879 1462 934 suavis
1487 879 1698 933 fructus
1732 878 1889 944 licus,
1918 893 1984 934 ex
2012 894 2178 935 succo

611 973 881 1027 acerrimo
930 979 1261 1034 maturatus,
1321 971 1411 1040 qui
1475 971 1542 1025 ab
1604 970 1762 1025 initio
1813 971 2029 1041 quidem
2093 978 2178 1026 est

611 1081 835 1119 amarus
866 1072 919 1119 et
951 1064 1173 1118 minime
1196 1066 1529 1129 esculentus,
1565 1072 1750 1134 postea
1793 1075 1969 1119 autem
1999 1064 2175 1121 dulcis

608 1157 823 1213 fructus
869 1154 1129 1216 eli‘ectus.
1177 1170 1371 1210 sensus
1425 1157 1615 1210 animae
1661 1154 1823 1211 allicit
1866 1156 2170 1212 dulcedine.

504 1262 507 1263 '
610 1250 753 1317 Quid
779 1258 958 1304 autem
989 1248 1147 1302 nobis
1186 1248 1397 1303 confert
1426 1251 1731 1316 procreatio
1776 1248 1985 1305 fructus
2043 1250 2176 1305 uleze

608 1357 710 1411 per
748 1342 1075 1395 acerrimum
1112 1348 1167 1394 et
1221 1340 1623 1394 amarissimum
1676 1356 1923 1405 succum,
1960 1342 2053 1411 qui
2108 1342 2175 1397 ab

611 1432 768 1486 initio
798 1432 853 1485 in
883 1446 949 1486 eo
975 1431 1158 1491 alitur,
1191 1440 1376 1499 postea
1418 1439 1594 1485 autem
1632 1447 1729 1500 per
1761 1432 2171 1487 convenientem

610 1524 1031 1577 maturationem
1086 1532 1139 1576 ει
1197 1524 1465 1576 culturam
1523 1531 1765 1578 mutatur
1816 1524 1870 1578 in
1928 1534 2171 1579 naturam

613 1615 717 1670 olei
742 1616 764 1669 ?
793 1616 937 1685 quod
982 1614 1039 1667 fit
1076 1614 1214 1668 lucis
1246 1616 1492 1677 materia,
1531 1625 1739 1670 recreat
1770 1615 2170 1680 lassitudinem,

612 1709 819 1762 relaxat
850 1708 1111 1772 laborem,
1138 1718 1302 1776 caput
1362 1707 1652 1770 exhilarat,
1680 1714 1735 1762 et
1766 1708 1830 1761 ad
1876 1708 2171 1763 certamina

609 1814 765 1867 opem
796 1799 900 1852 fert
932 1798 997 1852 iis
1024 1799 1115 1867 qui
1143 1805 1356 1852 certant
1382 1799 1663 1868 legitime?
1684 1798 1965 1866 Quomodo
1991 1808 2168 1853 autem

2282 608 2597 679 αἰνίγματα,
2620 609 2728 664 τῶν
2758 610 2862 664 ὑπὸ
2879 611 2977 683 τῆς
3000 612 3331 684 προφητείας
3351 615 3481 684 ήμῐν
3504 612 3835 683 ὐποδειχθέν-

2275 719 2383 754 των
2416 702 2685 774 παρέλκον
2722 703 2789 758 ἂν
2828 703 2913 775 εἴη
2942 706 3011 759 δι’
3039 705 3322 777 ἀκριϐείας
3350 706 3680 768 ἐκτίθεσθαι,
3712 723 3836 777 προ-

2275 789 2434 860 δήλου
2468 793 2630 845 πᾶσιν
2657 791 2826 857 ὄντος,
2864 792 2946 856 τίς
2978 793 3076 862 μὲν
3114 795 3142 847 6
3168 793 3373 862 γλυκὺς
3404 792 3504 863 τῆς
3532 793 3703 862 συκῆς
3736 793 3837 844 ἐστι

2276 881 2505 952 καρπὸς,
2548 883 2577 934 6
2613 884 2679 936 ὲκ
2708 883 2802 936 τοῦ
2831 883 3157 955 δριμυτάτου
3191 884 3326 937 ὀποῦ
3361 885 3789 955 πεπαινόμενος,
3813 886 3839 937 6

2276 973 2394 1027 κατ’
2437 972 2611 1045 ἀρχὰς
2650 975 2749 1045 μὲν
2778 976 2972 1045 πικρός
3005 992 3065 1028 τε
3101 975 3196 1029 καὶ
3234 976 3495 1045 ἄϐρωτος,
3526 975 3755 1048 ὕστερον
3790 977 3838 1031 δὶ

2276 1060 2485 1132 καρπὸς
2514 1062 2787 1134 εἰρηνικὸς
2822 1064 3131 1135 γινόμενος,
3175 1065 3267 1118 καὶ
3297 1064 3748 1134 καταγλυκαίνων
3784 1070 3841 1122 τὰ

2274 1158 2371 1230 τῆς
2405 1158 2581 1229 ψυχῆς
2616 1160 2962 1231 αίσθητήρια.
2990 1160 3057 1212 Τί
3084 1159 3141 1213 δὲ
3178 1162 3309 1231 ἡμῖν
3336 1162 3429 1214 καὶ
3465 1162 3499 1233 ή
3528 1162 3631 1232 τῆς
3661 1163 3837 1227 ἐλαίας

2275 1251 2606 1320 καρπογονία
2636 1250 2913 1322 χαρίζεται
2946 1251 3034 1306 διά
3058 1252 3151 1306 τοῦ
3178 1253 3504 1323 δριμυτάτου
3540 1272 3600 1307 τε
3634 1256 3731 1308 καὶ
3757 1274 3838 1308 πι·

2274 1339 2534 1409 κροτάτου
2588 1340 2786 1411 χυμοῦ,
2834 1340 2927 1395 τοῦ
2960 1343 3080 1395 κατ’
3122 1342 3294 1413 ἀρχὰς
3340 1343 3736 1415 ἐντρεφομένου
3778 1350 3836 1417 τῇ

2272 1427 2479 1501 ὀπώρᾳ,
2518 1430 2653 1500 μετά
2688 1429 2861 1484 ταῦτα
2899 1431 2987 1486 διὰ
3019 1433 3120 1503 τῆς
3162 1433 3490 1503 καταλλήλου
3523 1434 3835 1499 πεπάνσεὼς

2270 1532 2330 1568 τε
2370 1518 2464 1570 καὶ
2494 1518 2764 1589 γεωργίας
2808 1520 2888 1581 είς
2931 1519 3111 1572 ἐλαίου
3160 1521 3565 1590 μεταϐάλλουσα
3599 1522 3835 1592 φύσιν,ὅ

2269 1606 2362 1660 τοῦ
2397 1608 2570 1678 φωτὸς
2600 1608 2805 1678 γίνεται
2838 1607 2934 1681 ὕλη
2962 1651 2976 1674 ,
3017 1610 3110 1664 καὶ⁸
3137 1612 3394 1683 καμάτων
3425 1612 3701 1685 λυτήριον,
3747 1616 3835 1668 καὶ

2270 1698 2446 1753 πόνων
2473 1700 2673 1765 ἄνεσις,
2708 1702 2800 1754 καὶ⁵
2830 1702 3069 1773 κεφαλῆς
3095 1703 3401 1775 φαιδρότης,
3434 1707 3527 1758 κοιλ⁵
3552 1708 3691 1777 πρὸς
3718 1708 3833 1771 τοὺς

2271 1791 2482 1859 ἀγῶνας
2512 1794 2623 1856 τοῖς
2651 1793 2893 1864 νομίμως
2922 1793 3140 1848 ἀθλοῦσι
3171 1797 3459 1867 συνεργία;
3484 1798 3609 1861 Πῶς
3631 1799 3688 1851 δὲ
3708 1799 3833 1852 δυσ-

608 1861 771 1945 ellicit
810 1891 1013 1960 palma,
1041 1861 1129 1942 -ut
1170 1890 1406 1942 fructum
1435 1861 1627 1944 vsuum
1678 1861 1826 1945 fures
1881 1889 2154 1944 dillicilitel

2284 1883 2626 1954 ε’πιχείρητον
2671 1861 2863 1937 ἑαυτοῦ
2903 1885 3113 1956 καρπὸν
3172 1861 3315 1940 ποιεί
3347 1861 3462 1951 τοῖς
3507 1886 3768 1951 κλέπταις
3806 1890 3832 1942 6

607 1983 1021 2055 aggrediantur,
1074 1990 1133 2035 ut
1184 1996 1304 2050 qua
1354 1997 1477 2037 eum
1538 1990 1797 2051 tanquam
1852 1981 2168 2036 thesaurum

606 2092 825 2132 sursum
859 2074 1139 2139 recondat,
1171 2089 1271 2129 nec
1295 2075 1535 2129 vicinum
1576 2082 1735 2128 terrae
1766 2089 1888 2129 eum
1925 2073 2084 2140 ferat,
2116 2081 2170 2128 et

603 2168 733 2221 vitis
749 2177 832 2222 est
855 2168 1027 2237 gratia
1044 2180 1107 2220 ac
1129 2164 1314 2230 decor,
1340 2173 1533 2235 estque
1555 2164 1829 2220 odorifera
1853 2181 2166 2235 cupressus,

603 2268 658 2313 et
690 2267 775 2314 est
807 2258 969 2329 myrti
998 2257 1279 2313 suavitas?
1326 2255 1450 2311 Haec
1487 2256 1667 2311 omnia
1698 2272 1794 2327 per
1834 2258 2169 2327 contempla--

605 2350 810 2404 tionem
874 2348 1135 2418 tropicam
1190 2347 1257 2401 ad
1311 2348 1527 2402 virtutis
1585 2346 1835 2401 traducta
1878 2348 2163 2412 rationem,

602 2442 826 2497 evidens
856 2448 940 2495 est
973 2440 1237 2495 omnibus
1265 2439 1541 2509 sapienter
1570 2438 1941 2500 audientibus,
2002 2455 2168 2508 quor-

603 2548 726 2587 sum
755 2542 1020 2602 spectent.
1059 2531 1380 2600 Hujusmodi
1410 2538 1491 2584 est
1518 2546 1646 2599 ergo
1669 2530 1923 2583 arborum
1949 2530 2162 2590 hortus,

601 2625 695 2693 qui
727 2624 863 2679 bene
899 2623 1186 2692 germinat,
1220 2630 1275 2676 et
1301 2629 1385 2677 est
1411 2622 1546 2676 bene
1570 2621 1833 2685 consitus,
1857 2629 1911 2675 et
1941 2620 2165 2673 manda-

2272 1976 2463 2044 φοῖνιξ,
2491 1975 2693 2029 ἄνωθεν
2732 1975 3071 2047 θησαυρίζων
3093 2018 3109 2042 ,
3140 1979 3234 2032 καὶ
3269 1979 3389 2050 οὐχὶ
3420 1980 3710 2050 πρόσγειον
3740 1983 3831 2034 αὐ-

2269 2063 2360 2118 τὸν
2396 2064 2640 2136 ἐκφέρων
2660 2105 2675 2129 ,
2704 2066 2811 2136 ἦτε
2832 2068 2924 2121 τοῦ
2955 2068 3195 2137 ἀμπέλου
3228 2070 3417 2141 χάρις,
3446 2072 3540 2125 καὶ
3568 2074 3602 2142 ἡ
3633 2073 3831 2143 εὐώδης

2268 2156 2622 2225 κυπάρισσος,
2654 2157 2748 2208 καὶ
2778 2157 2839 2208 τὸ
2863 2157 2960 2227 ήδὺ
2989 2158 3090 2227 τῆς
3118 2162 3409 2231 μυρσίνηςς
3441 2162 3625 2216 Ταῦτα
3664 2165 3832 2217 πάντα

2266 2245 2355 2299 διά
2400 2248 2663 2318 τροπικῆς
2708 2246 2937 2317 θεωρίας
2980 2248 3116 2320 πρὸς
3146 2250 3237 2303 τὸν
3265 2252 3383 2304 κατ’
3420 2253 3619 2324 ἀρετὴν
3666 2272 3830 2307 κατα-

2267 2336 2535 2407 ληφθέντα
2579 2338 2752 2405 λόγον,
2780 2338 3019 2410 πρόδηλα
3052 2336 3215 2393 πᾶσίν
3252 2342 3367 2395 ἐστι
3416 2347 3527 2407 τοῖς
3569 2347 3833 2416 νουνεχῶς

2267 2431 2512 2483 ἐπαΐουσι
2559 2432 2694 2503 πρὸς
2722 2433 2750 2485 ὅ
2774 2448 2825 2484 τι
2854 2432 3058 2502 βλέπει.
3098 2433 3307 2487 Οὐκοῦν
3350 2436 3380 2487 6
3424 2435 3679 2491 τοιούτων
3715 2439 3831 2492 δέν-

2263 2522 2400 2592 δρων
2433 2523 2605 2592 κῆπος
2633 2524 2868 2590 γεγονὼς
2898 2522 3127 2593 εὐθαλὴς
3153 2523 3244 2578 καὶ
3273 2525 3594 2594 κατάφυτος,
3627 2531 3720 2581 καί
3752 2531 3829 2599 τῷ

2262 2612 2368 2665 τῶν
2411 2613 2638 2666 ἐντολῶν
2680 2614 2847 2685 ἐρκίῳ
2895 2614 3229 2668 παντακόθεν
3270 2618 3703 2689 ὴσφαλισμένος,
3756 2622 3830 2685 ὡς

601 2720 784 2767 torum
828 2712 966 2765 vallo
1010 2712 1159 2764 omni
1188 2726 1254 2763 ex
1288 2719 1441 2780 parte
1469 2710 1731 2772 munitus,
1767 2716 1826 2763 ut
1857 2708 2069 2764 furibus
2107 2717 2154 2763 el

2265 2706 2531 2775 μηδεμίαν
2558 2705 2678 2759 καθ’
2706 2706 2897 2759 ἑαυτοῦ
2925 2708 3225 2778 παρασχεῖν
3253 2707 3329 2777 τῷ
3361 2709 3563 2782 κλέπτῃ
3592 2712 3690 2765 καὶ
3716 2715 3828 2775 τοῖς

603 2800 796 2855 bestiis
853 2799 1062 2853 nullum
1122 2799 1188 2851 ad
1238 2814 1297 2853 se
1349 2798 1585 2867 praebeat
1620 2797 1848 2851 aditum.
1907 2796 2039 2851 Nam
2068 2798 2154 2869 qui

2261 2790 2465 2867 θηρίοις
2504 2797 2602 2867 τὴν
2646 2797 2896 2868 πάροδον.
2942 2798 3001 2850 '0
3032 2797 3140 2869 γὰρ
3171 2800 3229 2851 ἐν
3259 2798 3441 2870 κύκλῳ
3464 2801 3553 2873 ’τῷ
3585 2804 3826 2874 φραγμῷ

602 2890 983 2946 mandatorum
1015 2891 1131 2959 sepi
1163 2900 1246 2943 est
1273 2891 1421 2942 omni
1466 2907 1529 2944 ex
1573 2898 1727 2959 parte
1767 2888 2154 2952 circumdatus,

2258 2887 2362 2942 τῶν
2384 2888 2608 2942 ἐντολῶν
2633 2889 3032 2960 διειλημμένος,
3058 2891 3383 2955 ἀνεπίϐατός
3408 2894 3520 2946 ἐστι
3549 2895 3627 2965 τῷ
3656 2896 3823 2969 μονιῷ

603 2983 747 3039 adiri
774 2999 882 3038 non
912 2991 1092 3054 potest
1125 2998 1153 3034 a
1186 2982 1301 3035 fero
1337 2982 1618 3052 singulari,
1652 2996 1752 3035 nec
1770 2996 1891 3036 eum
1914 2980 2154 3051 depascit

2256 2981 2333 3051 τῷ
2365 2982 2559 3052 ἀγρίῳ,
2590 2982 2683 3035 καὶ
2712 2985 2739 3035 6
2772 2983 2835 3035 ὲκ
2859 2982 2951 3035 τοῦ
2982 2983 3185 3055 δρυμοῦ
3216 2985 3375 3038 αὐτὸν
3394 2980 3458 3050 ὗς
3482 2988 3541 3039 οὐ
3572 2987 3829 3058 λυμαίνε-

598 3091 664 3131 ac
702 3074 995 3146 pepulatur
1026 3090 1155 3143 aper
1181 3090 1244 3127 ex
1277 3076 1431 3129 silva.
1488 3073 1545 3128 Si
1579 3075 1850 3144 quispiam
1894 3090 2022 3144 ergo
2075 3086 2154 3130 est

2256 3091 2363 3125 ται.
2407 3074 2473 3126 Ei'
2498 3092 2580 3137 τις
2604 3074 2780 3128 τοίνυν
2810 3075 2985 3145 κῆπός
3011 3078 3125 3130 ἐστι
3159 3077 3253 3130 καὶ
3282 3079 3701 3150 ὴσφαλισμένος,
3733 3076 3829 3136 οὗ·

596 3170 792 3223 hortus
841 3169 993 3237 isque
1026 3167 1290 3229 munitus,
1339 3166 1383 3219 is
1421 3166 1477 3219 lit
1525 3181 1680 3220 soror
1709 3174 1763 3220 et
1804 3180 2003 3235 sponsa
2038 3166 2154 3235 ejus

2255 3182 2346 3229 τος
2381 3164 2578 3237 ἀδελφὴ
2600 3166 2693 3219 καὶ
2712 3166 2894 3236 νύμφη
2925 3166 3131 3235 γίνεται
3174 3168 3267 3222 τοῦ
3295 3169 3429 3240 πρὸς
3454 3171 3552 3243 τὴν
3570 3172 3828 3243 τοιαύτην

594 3261 689 3330 qui
724 3260 860 3314 dixit
898 3259 1024 3313 huic
1054 3259 1247 3311 anima.-
1280 3274 1291 3308 :
1334 3256 1401 3310 Es
1448 3256 1629 3310 hortus
1663 3257 1961 3321 conclusus,
2005 3274 2154 3311 soror

2256 3258 2497 3321 εἰπόντος
2529 3257 2741 3331 ψυχήν·
2774 3259 2854 3312 ὅτι
2881 3257 3085 3328 Κῆπος
3119 3262 3559 3331 κεκλεισμένος,
3589 3263 3825 3333 ἀδελφή

595 3369 711 3407 mea
740 3369 954 3421 sponsa.

667 3442 773 3496 Sed
799 3441 1065 3509 ejusmodi
1106 3440 1262 3494 horto
1289 3454 1426 3508 opus
1457 3448 1539 3493 est
1565 3440 1724 3491 etiam
1760 3439 1928 3501 fonte,
1960 3448 2017 3493 ut
2048 3455 2155 3493 ma-

592 3541 721 3589 neat
747 3549 937 3587 nemus
958 3532 1155 3586 ﬂorens
1182 3547 1245 3586 ac
1266 3532 1399 3586 bene
1421 3532 1751 3601 germinans,
1771 3547 1906 3601 aqua
1931 3533 2152 3600 perenni

592 3624 915 3694 irrigatum;
970 3631 1251 3692 propterea
1302 3624 1355 3677 in
1403 3623 1654 3678 laudibus
1700 3624 1856 3679 horto
1908 3624 2154 3692 adjunxit

592 3713 820 3776 fontem,
856 3711 1081 3767 dicens:
1127 3711 1326 3765 Hortus
1354 3713 1651 3776 conclusus,
1678 3713 1795 3780 fons
1829 3714 2147 3784 obsignatas.

590 3805 780 3862 Fontis
812 3814 989 3859 autem
1020 3805 1282 3859 rationem
1319 3820 1412 3873 per
1436 3806 1666 3875 aanigma
1701 3821 1801 3860 nos
1824 3806 1979 3861 docet
2013 3806 2150 3860 Pro-

590 3897 858 3962 verbium,
902 3911 1024 3950 cum
1065 3896 1236 3950 dicit:
1280 3894 1424 3951 Fons
1456 3913 1605 3967 aqua:
1652 3899 1721 3951 sit
1747 3897 1935 3965 dulcis,
1988 3911 2036 3953 et
2081 3899 2148 3952 sit

592 3989 687 4043 tibi
732 3988 853 4050 soli,
905 4004 1063 4058 neque
1092 3988 1233 4041 ullus
1282 3990 1480 4043 alienus
1508 3989 1622 4058 ejus
1657 3990 1727 4044 sit
1770 4001 1933 4045 tecum
1977 3992 2148 4057 parti-

589 4097 708 4151 ceps
730 4080 797 4134 ⁸⁸.
828 4079 1109 4148 Quomodo
1138 4082 1280 4135 enim
1313 4082 1422 4135 illic
1453 4081 1722 4149 prohibet,
1757 4097 1824 4137 ne
1858 4082 1911 4136 in
1942 4083 2146 4139 alienos

587 4183 942 4229 consumatur
989 4187 1127 4242 aqua
1176 4171 1365 4236 fontis,
1410 4172 1480 4226 ita
1519 4172 1607 4226 hic
1661 4181 1891 4229 testatur
1944 4174 2145 4228 fontem

586 4264 810 4319 minime
857 4262 1059 4317 eﬁ'undi
1117 4263 1171 4316 in
1224 4263 1449 4324 alienos,
1509 4263 1757 4327 dicendo,
1815 4263 2143 4334 obsignatas,

584 4354 731 4426 quod
770 4353 993 4424 perinde
1027 4361 1110 4408 est
1150 4366 1213 4407 ac
1251 4352 1297 4406 si
1333 4352 1503 4415 dicas,
1534 4355 1859 4410 custoditus.
1891 4354 2019 4409 Tale
2061 4365 2145 4411 est

585 4453 764 4499 autem
806 4444 950 4514 quod
990 4443 1223 4497 dicitur:
1257 4440 1417 4507 Fons,
1463 4458 1579 4498 mea
1608 4445 1824 4514 quidem
1855 4447 2139 4513 sententia,

2248 3366 2366 3418 μου
2391 3350 2609 3417 νύμφη.

2332 3438 2490 3491 Ἀλλά
2535 3437 2611 3509 τῷ
2648 3438 2809 3509 κήπῳ
2865 3438 3071 3510 τούτῳ,
3112 3441 3203 3493 καὶ
3250 3442 3430 3513 πηγῆς
3469 3444 3583 3496 ἐστι
3624 3446 3820 3515 χρεία.

2250 3528 2325 3593 ὡς
2364 3528 2428 3582 ἂν
2466 3528 2685 3595 εὐθαλὲς
2724 3530 2968 3605 διαμένοι
3016 3531 3078 3585 τὸ
3114 3531 3274 3597 ἄλσος
3298 3573 3313 3597 ,
3369 3533 3448 3603 τῷ
3488 3533 3639 3589 ὕδατι
3686 3539 3827 3608 πρὸς

2251 3621 2311 3673 τὸ
2391 3620 2636 3691 διηνεκὲς
2702 3622 3081 3693 πιαινόμενονο
3151 3624 3239 3677 διὰ
3316 3623 3471 3679 τοῦτο
3536 3628 3826 3696 συνέζευξε

2248 3715 2359 3776 τοῖς
2386 3713 2627 3776 ἐπαίνοις
2653 3714 2752 3786 τὴν
2780 3715 2961 3785 πηγὴν
2981 3714 3059 3785 τῷ
3084 3716 3264 3786 κήπῳ,
3294 3715 3479 3772 εἰπών’
3499 3719 3581 3771 ὅτι
3609 3719 3825 3788 Κῆπυς

2250 3805 2688 3876 κειὶεισμένος,
2704 3806 2865 3876 πηγὴ
2884 3808 3474 3877 ἐσφραγισμένηὶτὺν
3488 3807 3543 3863 δὲ
3564 3828 3631 3864 πε
3638 3813 3695 3881 pi
3718 3812 3825 3882 τῆς

2249 3896 2429 3968 πηγῆς
2464 3895 2618 3964 λόγον
2651 3898 2685 3967 ἡ
2717 3897 2986 3968 Παροιμία
3016 3896 3253 3951 διδάσκει
3284 3899 3431 3968 ἡμᾶς
3468 3899 3535 3952 δι’
3565 3901 3826 3971 αἰνίγμαο

2244 4003 2355 4050 τος,
2385 3988 2442 4039 ὲν
2477 3982 2558 4051 οἷς
2587 4004 2782 4057 φησιν·
2827 3988 2890 4042 Ἡ
2922 3986 3082 4056 πηγὴ
3125 3987 3230 4041 τοῦ
3271 3987 3487 4054 ὕδατος
3525 3990 3684 4044 ἔστω
3716 3990 3826 4046 σοι

2245 4078 2432 4148 ἡδεῖα,
2461 4081 2555 4133 καὶ
2582 4080 2735 4132 ἕστω
2770 4079 2868 4133 σοι
2906 4082 3102 4148 μόνῳ,
3126 4080 3225 4133 καί
3255 4079 3469 4148 μήδείς
3497 4081 3822 4152 ἀλλότριος

2239 4170 2581 4240 μετασχέτω
2604 4184 2721 4224 σοι.
2765 4170 2851 4234 Ὧς
2883 4170 2991 4242 γὰρ
3023 4173 3141 4224 ἐκεῖ
3160 4169 3354 4226 κωλύει
3374 4176 3484 4237 τοῖς
3509 4173 3815 4247 ἀλλοτρίοις

2243 4262 2638 4316 ὲνδαπανᾶσθαι
2662 4263 2760 4333 τῆς
2793 4263 2974 4334 πηγῆς
3006 4262 3065 4315 τὸ
3090 4262 3255 4334 ὕδωρ,
3290 4264 3459 4329 οὕτως
3486 4267 3722 4321 ἐνταῦθα
3750 4270 3817 4322 τὸ

2245 4353 2492 4426 μηδαμοῦ
2542 4354 2837 4425 διαχεῖσθαι
2902 4354 3038 4424 πρὸς
3087 4355 3401 4426 ἀλλοτρίους
3451 4358 3553 4424 τὴν
3600 4360 3813 4430 πηγὴν,

2245 4446 2506 4515 μαρτυρεῖ
2532 4443 2617 4497 διά
2650 4443 2745 4495 τοῦ
2782 4444 2956 4496 εἰπεῖν
2981 4444 3061 4496 ὅτι
3116 4444 3620 4514 Ἐσφραγισμένη,
3672 4448 3813 4517 ὅπερ

584 4534 803 4605 preprie
830 4534 1144 4588 nominatur
1171 4533 1461 4603 cogitativa
1502 4543 1703 4590 nostra:
1746 4536 1937 4590 animae
1974 4535 2142 4591 lacul-

2254 4533 2355 4587 ἴσον
2376 4534 2492 4587 ἐστὶ
2526 4534 2604 4605 τῷ
2633 4535 2827 4599 εἰπεῖν,
2857 4535 2937 4587 ὅτι
2963 4534 3381 4606 Πεφυλαγμένη·
3410 4535 3473 4589 τὸ
3503 4536 3561 4590 δὲ
3590 4537 3815 4609 λεγόμε-

584 4636 689 4692 tas,
726 4641 845 4695 quae
867 4639 1026 4679 omne
1064 4639 1234 4694 genus
1264 4624 1709 4682 ratiocinationes
1739 4626 1793 4681 in
1818 4627 1975 4682 nobis
2008 4627 2139 4682 facit

581 4726 791 4773 scatere
826 4727 879 4771 et
903 4731 1175 4770 emanare.
1212 4715 1315 4771 Sed
1352 4724 1483 4770 tunc
1519 4724 1704 4773 noster
1732 4716 1789 4772 lit
1834 4725 2010 4772 motus
2041 4733 2135 4772 co-

580 4808 879 4879 gitationis,
918 4808 1134 4876 quando
1174 4810 1351 4865 omnis
1383 4819 1569 4864 nostra
1612 4816 1860 4864 movetur
1893 4810 2137 4882 operatio

580 4900 648 4953 ad
674 4915 737 4954 ea
771 4914 890 4969 quae
927 4908 1053 4953 sunt
1079 4900 1237 4955 nobis
1266 4899 1644 4965 conducibilia,
1670 4910 1722 4955 et
1753 4901 2014 4955 bonorum
2042 4917 2137 4956 ex-

580 4991 731 5045 hibet
782 4991 1227 5061 procreationem.
1295 4991 1524 5058 Quando
1574 4999 1752 5046 autem
1806 4992 2137 5047 converterit

578 5082 849 5153 quispiam
884 5081 1266 5153 cogitationum
1315 5086 1688 5153 operationem
1725 5082 1791 5137 ad
1818 5084 2131 5154 excogitan-

576 5172 706 5229 dum
735 5174 945 5238 vitium,
983 5182 1111 5227 tunc
1145 5174 1201 5227 in
1234 5176 1438 5230 alienos
1469 5175 1807 5230 consumitur
1830 5174 2087 5228 fluentum
2116 5191 2129 5226 :

576 5269 713 5325 adeo
749 5276 809 5322 ut
838 5267 975 5322 bene
1013 5265 1187 5320 alatur
1218 5266 1434 5337 quidem
1469 5268 1686 5336 spinosa
1729 5269 1857 5331 vita,
1907 5268 2128 5339 irrigata

573 5377 677 5432 ope
734 5360 998 5414 malarum
1043 5359 1454 5429 c0gitationum,
1505 5362 1807 5414 exsiccetur
1857 5368 2034 5415 autem
2076 5370 2129 5415 et

574 5461 878 5509 marcescat
912 5452 1103 5507 melior
1150 5451 1351 5521 planta,
1396 5452 1547 5506 nullo
1592 5452 1817 5507 humore
1868 5452 2127 5506 bonarum

573 5547 963 5617 cogitationum
1019 5544 1288 5600 nutriente
1347 5544 1605 5599 radicem.
1664 5542 1930 5610 Quoniam
1994 5560 2126 5615 ergo

574 5635 912 5708 signaculum
935 5636 985 5692 ei
1016 5634 1162 5707 quod
1193 5648 1289 5706 per
1320 5634 1496 5705 ipsum
1534 5634 1859 5700 custoditur,
1896 5634 1998 5692 hoc
2025 5634 2127 5692 do-

676 5815 722 5847 ⁸⁷
753 5814 857 5873 lea.
895 5817 1095 5883 ιν,15.
1174 5817 1219 5851 ⁸⁸
1250 5814 1410 5873 Prov.
1452 5832 1506 5883 ν,
1535 5816 1619 5873 l7.

2243 4644 2351 4692 νον,
2379 4624 2615 4681 τοιοῦτόν
2638 4628 2753 4679 ἐστι
2774 4644 2788 4659 ο
2808 4626 2960 4697 Πηγὴ
2986 4625 3188 4698 κυρίως
3214 4626 3637 4698 κατονομάζεται
3667 4631 3813 4684 κατά

2242 4734 2305 4786 γε
2349 4716 2438 4771 τὸν
2482 4718 2611 4789 ἐμὸν
2652 4717 2827 4785 λόγον,
2882 4719 2916 4789 ή
2948 4717 3256 4789 διανοητικὴ
3291 4716 3393 4788 τῆς
3422 4717 3603 4789 ψυχῆς
3645 4720 3810 4791 ήμῶν

2240 4809 2483 4881 δύναμις,
2518 4813 2551 4881 ή
2585 4811 2868 4873 παντοίους
2902 4809 3191 4881 λογισμοὺς
3219 4810 3278 4862 ὲν
3316 4810 3447 4880 ἡμῖν
3480 4809 3724 4881 βρύουσά
3747 4830 3808 4865 τε

2240 4901 2333 4955 καὶ
2364 4901 2701 4973 πηγάζουσα.
2769 4900 2928 4953 Ἀλλά
2977 4902 3099 4953 τότε
3149 4899 3414 4971 ⁴ἡμέτερον
3459 4901 3666 4968 γίνεται
3705 4902 3807 4973 τῆς

2233 4990 2469 5054 διανοίας
2490 4991 2551 5043 τὺ
2588 4990 2815 5061 κίνημα,
2849 4991 2977 5044 ὅταν
3019 4990 3153 5062 πρὸς
3188 4990 3257 5043 τὰ
3288 4989 3629 5061 συμφέροντα
3665 4993 3805 5063 ἡμῖν

2234 5083 2467 5153 κινῆται,
2498 5083 2677 5135 πᾶσαν
2701 5082 2832 5152 ἡμῖν
2857 5081 3143 5153 συνεργίαν
3175 5080 3312 5151 πρὸς
3339 5081 3436 5151 τὴν
3466 5081 3657 5152 κτῆσιν
3687 5082 3801 5138 τῶν

2233 5173 2448 5243 ἀγαθῶν
2480 5174 2868 5244 παρεχόμενον.
2899 5173 3065 5226 Ὅταν
3110 5171 3168 5225 δέ
3195 5189 3277 5235 τις
3304 5172 3474 5244 τρέψῃ
3502 5173 3611 5228 τῶν
3649 5173 3803 5243 λογι-

2235 5264 2387 5336 σμῶν
2407 5264 2505 5335 τὴν
2535 5263 2809 5335 ἐνέργειαν
2848 5262 2983 5334 πρὸς
3008 5262 3203 5325 κακίας
3230 5262 3491 5327 ἐπίνοιαν,
3517 5263 3638 5315 τότε
3684 5268 3801 5333 τοῖς

2224 5355 2521 5427 ἀλλοτρίοις
2543 5355 2901 5408 ὲνδαπανᾶται
2930 5352 2991 5405 τὸ
3015 5353 3223 5424 ῥεῖθρον
3244 5370 3256 5383 ·
3276 5352 3350 5419 ὠς
3378 5353 3657 5423 εὐτροφεῖν
3690 5356 3794 5425 μὲν

2222 5448 2313 5502 τὸν
2359 5446 2640 5518 ἀκανθώδη
2692 5446 2804 5516 βίον
2836 5448 2903 5517 τῇ
2958 5444 3241 5517 συμμαχίᾳ
3269 5444 3377 5498 τῶν
3415 5445 3666 5515 πονηρῶν
3704 5448 3793 5500 λο-

2223 5539 2436 5612 γισμῶν
2467 5539 2883 5611 καταρδόμενον,
2932 5535 3389 5609 ἀποξηραίνεσθαι
3434 5536 3490 5591 δὲ
3540 5537 3632 5590 καὶ
3688 5555 3794 5606 μαο

2226 5630 2497 5706 ραίνεσθαι
2517 5630 2615 5701 τὴν
2637 5630 2867 5703 κρείττω
2890 5628 3111 5683 φυτείαν
3159 5626 3425 5700 μηδεμιᾶς
3448 5627 3545 5701 τῆς
3568 5626 3627 5694 ἐξ
3652 5626 3795 5696 ἀγα·
