3932 6522
145 450 254 508 965

1187 445 1250 500 ΙΝ
1281 444 1569 501 CANTlCA
1594 445 1867 501 CANTIC.
1902 443 2183 500 HOMILIA
2224 446 2318 499 IX.

3276 448 3382 504 966

138 564 256 620 θῶν
313 562 589 634 λογισμῶν
643 563 865 635 ἰκμάδος
920 563 1326 635 ὑποτρεφούσης
1385 562 1483 634 τὴν
1537 563 1711 635 ῥίζαν.

1823 567 1933 621 nat,
1961 566 2019 611 ut
2044 559 2268 613 minime
2290 557 2646 627 subripiatur,
2674 558 2830 628 signo
2864 556 3038 614 furem
3067 558 3379 618 deterrens:

153 651 371 722 Ἐπειδὴ
407 652 587 706 τοίνυν
622 655 655 723 ἡ
703 653 936 721 σφραγὶς
975 652 1036 704 τὸ
1085 652 1278 706 ἄσυλον
1315 652 1388 723 τῷ
1435 653 1502 706 δι’
1543 654 1707 722 αὐτῆς

139 743 540 813 φυλασσομένῳ
573 743 875 814 χαρίζεται,
909 743 1146 813 φοϐοὖσα
1187 745 1265 815 τῷ
1295 745 1589 815 σημάντρῳ
1621 744 1710 797 τὸν

138 830 419 900 κλέπτηνο
474 831 581 883 πᾶν
616 832 673 884 δὲ
725 832 786 884 τὸ
835 830 909 901 μὴ
949 832 1311 902 κλεπτόμενον
1349 834 1425 903 τῷ
1475 832 1711 905 δεσπότῃ

144 918 298 989 μένει
327 918 607 989 ἀκέραιον·
630 919 727 987 τὴν
764 918 1039 988 ἀκρότητα
1071 919 1244 972 ἔοικεν
1278 918 1474 989 ἀρετὴν
1507 935 1713 988 μαρτυο

145 1014 263 1079 ρείν
292 1012 355 1080 τῇ
389 1009 572 1079 νύμφῃ
602 1009 832 1063 ἐνταῦθα
864 1010 892 1061 ὁ
926 1009 1170 1073 ἔπαινος,
1202 1012 1282 1063 ὅτι
1311 1010 1584 1078 ἁνέπαφος
1612 1009 1711 1063 αύ-

136 1101 243 1171 τῆς
270 1102 419 1170 μένει
445 1104 556 1163 τοῖς
591 1100 803 1170 ἐχθροῖς
835 1102 867 1170 ἠ
899 1101 1122 1165 διάνοια,
1169 1102 1225 1153 ὲν
1254 1101 1580 1170 καθαρότητι
1620 1101 1712 1152 καὶ

138 1190 385 1260 ἀπαθείᾳ
418 1191 815 1260 φυλασσομένη.
858 1192 945 1260 Τῷ
976 1192 1090 1261 ἰδίῳ
1128 1193 1371 1262 Δεσπότῃ
1419 1191 1713 1260 σφραγίζε-

137 1297 232 1331 ται
258 1282 358 1347 τὴν
385 1278 563 1349 πηγὴν
589 1281 787 1349 ταύτην
816 1283 849 1351 ἡ
880 1281 1202 1351 καθαρότης,
1241 1283 1477 1351 μηδεμιᾷ
1510 1280 1714 1350 νοημά-
1744 1266 1750 1274 ’

137 1388 253 1423 των
283 1371 389 1423 tm
419 1371 479 1423 τὸ
510 1370 727 1439 διαυγές
750 1389 808 1423 τε
841 1373 934 1424 καὶ
960 1372 1192 1441 ἀερῶδες
1222 1374 1316 1436 τῆς
1348 1372 1565 1442 καρδίας
1592 1374 1710 1424 ὲπι-

142 1459 445 1512 θολώσασα.
482 1459 569 1522 Ὠς
591 1459 631 1511 δ’
658 1460 722 1513 ἄν
749 1477 831 1524 τις
854 1462 947 1514 ἐπὶ
970 1461 1029 1513 τὸ
1060 1463 1386 1531 σαφέστερον
1412 1462 1713 1530 προαγάγοι

139 1551 205 1602 τὸ
237 1550 448 1620 νόημα,
484 1548 722 1602 τοιοῦτόν
768 1552 940 1605 ἐστιν’
976 1553 1193 1623 Ἐπειδὴ
1228 1552 1334 1605 τῶν
1377 1555 1434 1604 ἐν
1476 1555 1609 1623 ἡμῖν
1648 1554 1714 1606 τὰ

145 1643 248 1711 μέν
279 1644 426 1695 ἐστιν
466 1642 540 1706 ὡς
568 1642 780 1712 άληθῶς
817 1640 1079 1714 ἡμέτερα,
1115 1644 1211 1695 ὅσα
1238 1643 1339 1712 τῆς
1364 1643 1541 1713 ψυχῆς
1570 1646 1714 1697 ἐστιν

144 1733 256 1786 ἴδια
275 1750 288 1763 ⁸
318 1733 386 1786 τὰ
405 1734 462 1786 δὲ
483 1732 826 1801 οἰκειούμεθα
848 1733 923 1795 ὡς
951 1734 1211 1803 ἡμέτερα,
1235 1735 1300 1787 τὰ
1323 1736 1448 1806 περὶ
1476 1736 1537 1787 τὸ
1559 1737 1716 1805 σῶμα

140 1820 309 1887 λέγω,
344 1821 436 1873 καὶ
461 1823 530 1875 τὰ
561 1820 756 1884 ἔξωθεν
775 1861 788 1883 ,
820 1821 907 1875 διά
930 1839 1072 1885 τινος
1101 1824 1492 1895 ὴμαρτημένης
1524 1826 1719 1896 ὑπολή-

1813 650 2079 723 quidquid
2118 658 2296 705 autem
2328 666 2437 704 non
2475 650 2795 721 subripitur,
2827 651 3049 708 domino
3079 663 3261 710 manet
3298 656 3385 709 in-

1814 754 2024 815 tegrum
2049 760 2063 798 :
2087 744 2300 797 videtur
2327 742 2417 797 hic
2445 744 2565 798 laus
2596 759 2811 814 sponsa:
2841 744 2909 799 de
2943 760 3153 799 summa
3184 746 3385 801 virtute

1813 833 1956 889 ferre
1992 833 2387 896 testimonium,
2423 848 2616 902 nempe
2646 832 2791 902 quod
2818 834 2885 887 ab
2914 834 3150 890 inimicis
3181 836 3380 889 intacta

1811 925 1860 980 ei
1890 932 2071 979 manet
2094 923 2371 993 cogitatio,
2420 923 2695 977 custodita
2731 925 2785 977 in
2830 928 3065 994 puritate
3090 933 3141 979 et
3170 927 3386 995 impati-
3434 970 3437 973 .

1813 1015 2043 1069 bilitate.
2073 1012 2302 1067 Domino
2331 1028 2431 1068 suo
2469 1013 2719 1084 obsignat
2748 1014 2894 1070 hunc
2920 1015 3121 1068 fontem
3155 1016 3384 1085 puritas,

1813 1108 1965 1161 nullo
2020 1107 2147 1175 limo
2197 1105 2587 1175 cogitationum
2637 1106 2971 1160 conturbatis
3021 1105 3069 1157 id
3118 1107 3260 1176 quod
3303 1114 3387 1161 est

1812 1197 1994 1250 cordis
2044 1197 2281 1250 lucidum
2336 1205 2389 1251 et
2441 1197 2669 1250 aerium.
2717 1194 2786 1249 Ut
2830 1206 3007 1250 autem
3052 1196 3141 1248 ﬁat
3189 1197 3386 1249 clarior

1814 1289 2105 1351 sententia,
2138 1289 2245 1343 tale
2288 1298 2373 1342 est
2416 1289 2560 1358 quod
2590 1288 2822 1342 dicimus
2849 1302 2864 1341 :
2891 1286 3155 1353 Quoniam
3196 1302 3385 1342 eorum

1811 1396 1931 1450 quae
1973 1390 2100 1435 sunt
2128 1382 2181 1435 in
2214 1382 2394 1444 nobis,
2442 1383 2547 1436 alia
2578 1382 2796 1451 quidem
2847 1388 2976 1436 sunt
3006 1397 3131 1436 vere
3169 1390 3381 1442 nostra,

1814 1488 1934 1541 qua)
1985 1482 2112 1527 sunt
2169 1474 2363 1527 animat
2419 1474 2674 1543 propria;
2737 1473 2841 1526 alia
2895 1458 3074 1526 autem
3126 1483 3382 1542 tanquam

1815 1570 2001 1616 nostra
2055 1562 2123 1616 ad
2157 1576 2399 1618 nostram
2444 1564 2790 1632 adjungimus
2836 1564 3244 1633 proprietatem.
3296 1578 3382 1629 ea,

1814 1653 2055 1723 inquam,
2092 1670 2214 1723 qua:
2255 1664 2384 1710 sunt
2429 1655 2676 1725 corporis
2710 1664 2764 1709 et
2796 1671 2917 1724 qua:
2964 1663 3093 1709 sunt
3136 1665 3382 1713 externa.

1815 1742 1950 1798 falsa
2003 1745 2235 1814 quadam
2286 1746 2690 1800 existimatione
2740 1747 3116 1801 existimantes
3166 1745 3383 1816 propria

1816 1848 1937 1901 (lum
1964 1841 2091 1887 sunt
2121 1835 2296 1888 aliena
2333 1836 2485 1905 (quid
2512 1837 2654 1890 enim
2687 1836 2929 1890 materiae
2952 1839 3160 1906 experti
3190 1837 3385 1891 anima:

138 1914 293 1979 ψεως
330 1913 433 1964 ῐδια
466 1913 773 1982 νομίζοντες
798 1914 864 1966 τὰ
898 1914 1182 1983 ἀλλότρια·
1215 1915 1267 1967 τί
1303 1917 1409 1986 γὰρ
1443 1919 1617 1971 κοινὸν
1648 1922 1711 1989 τῇ

1823 1939 2103 1979 coiiitunne
2153 1934 2238 1980 est
2287 1942 2411 1980 cum
2464 1928 2704 1982 materia:
2747 1928 3173 1997 crassitudine?)
3220 1943 3282 1983 ea
3318 1927 3385 1982 de

142 2003 298 2071 ἀΰλῳ
319 2004 419 2073 τῆς
440 2003 618 2074 ψυχῆς
640 2004 797 2073 φύσει
824 2005 958 2077 πρὸς
980 2006 1078 2078 τὴν
1102 2006 1288 2077 ύλικὴν
1310 2009 1714 2079 παχυμέρειαν;

144 2094 354 2149 Τούτου
393 2096 549 2165 χάριν
584 2097 612 2148 ὁ
649 2096 1019 2167 παροιμιώδης
1052 2098 1403 2167 συμϐουλεύει
1432 2100 1607 2167 λόγος,
1644 2103 1716 2171 μὴ

143 2188 262 2247 τοῖς
292 2185 585 2256 ἀλλοτρίοις
616 2188 789 2257 ἡμῶν,
820 2191 932 2251 τοῖς
959 2190 1087 2259 περὶ
1127 2189 1188 2242 τὸ
1220 2190 1379 2261 σῶμά
1413 2208 1553 2261 φημι
1576 2228 1587 2250 ,
1625 2192 1719 2245 καὶ

142 2277 217 2329 τὰ
252 2276 467 2341 ἔξωθεν,
496 2277 593 2349 τὴν
633 2278 816 2349 πηγὴν
848 2279 946 2348 τῆς
980 2279 1216 2342 διανοίας
1254 2280 1411 2350 ἡμῶν
1445 2280 1719 2335 ἐναλίσκε-

146 2368 295 2422 σθαι.
354 2368 509 2422 ’Λλλά
558 2370 687 2439 περὶ
714 2369 804 2421 τὸν
842 2369 971 2423 ίδιον
1001 2371 1485 2440 ὲναναστρέφεσθαι
1517 2372 1710 2443 κῆπον,

141 2460 248 2530 τὴν
287 2461 379 2514 τοῦ
422 2460 555 2514 Θεοῦ
596 2460 817 2529 φυτείαν
849 2461 1187 2514 πιαίνουσαν.
1238 2462 1461 2531 ’Λρετάς
1487 2462 1542 2515 δὲ
1576 2458 1713 2516 εἶναι

140 2553 249 2624 τὴν
274 2553 368 2606 τοῦ
397 2551 530 2604 Θεοῦ
564 2551 785 2620 φυτείαν
816 2549 1212 2621 μεμαθήκαμεν
1231 2591 1244 2613 ,
1278 2553 1405 2621 περὶ
1437 2551 1502 2614 ἃς
1545 2553 1572 2621 ἡ
1601 2554 1714 2605 δια-

142 2646 374 2715 νοητικὴ
416 2645 514 2713 τῆς
542 2643 718 2713 ψυχῆς
759 2642 915 2713 ἡμῶν
948 2641 1174 2710 δύναμις
1201 2642 1590 2713 ἀσχολουμένη,
1622 2644 1715 2696 καὶ

1814 2029 1981 2068 causa
2012 2016 2369 2084 proverbialis
2422 2018 2577 2072 nobis
2607 2019 2846 2073 consulit
2876 2019 3185 2089 Scriptura,
3231 2034 3299 2073 ne
3328 2018 3382 2074 in

1814 2120 1877 2158 ea
1911 2120 2030 2175 quae
2057 2115 2184 2162 sunt
2215 2125 2244 2163 a
2275 2108 2434 2163 nobis
2474 2110 2670 2173 aliena,
2700 2110 2753 2163 in
2789 2125 3009 2179 corpus,
3044 2112 3287 2179 inquam,
3331 2118 3386 2166 et

1816 2211 1879 2249 ea
1913 2212 2033 2265 quae
2062 2207 2189 2253 sunt
2211 2209 2456 2263 externa,
2484 2209 2838 2255 consumatur
2866 2202 2991 2257 fons
3012 2202 3381 2272 cogitationis,

1817 2288 1909 2341 sed
1930 2288 1984 2341 in
2005 2304 2105 2343 suo
2126 2281 2376 2345 versetur
2391 2293 2570 2354 horto,
2600 2291 2692 2347 Dei
2718 2292 2950 2364 irrigans
2975 2294 3381 2363 plantationem.

1824 2376 2125 2435 Didicimus
2149 2390 2329 2436 autem
2356 2382 2586 2438 virtutes
2615 2397 2738 2438 esse
2767 2382 2859 2437 Dei
2886 2385 3295 2454 plantationem,
3329 2383 3383 2439 in

1820 2468 2017 2536 quibus
2050 2481 2318 2544 occupata
2347 2476 2639 2547 cogitativa
2676 2477 2871 2531 animae
2901 2486 3100 2533 nostra;
3132 2477 3383 2542 facultas,

1819 2568 1873 2612 et
1910 2560 1977 2613 ad
2005 2562 2138 2617 nihil
2183 2574 2466 2621 externum
2517 2567 2777 2634 deﬂuens,
2826 2569 3147 2639 obsignatur
3190 2568 3385 2623 chara-

1821 2656 1968 2704 ctere
2000 2654 2265 2719 veritatis,
2308 2657 2598 2711 informata
2623 2659 2688 2712 ad
2716 2660 2919 2715 bonum
2957 2657 3293 2713 habitudine.

144 2741 291 2811 πρὸς
336 2741 486 2794 οὐδὲν
517 2739 624 2793 τῶν
660 2738 853 2803 ἔξωθεν
894 2737 1267 2809 ἀπορρέουσα,
1298 2736 1377 2807 τῷ
1409 2741 1710 2810 χαρακτῆρι
1744 2741 1839 2811 τῆς
1867 2744 2119 2814 ἀληθείας
2148 2750 2527 2821 σφραγίξεται,
2589 2755 2655 2824 τῇ
2720 2753 2875 2823 πρὸςμ
2891 2753 2950 2806 τὸ
2978 2752 3179 2821 ἀγαθὸν
3205 2749 3386 2822 σχέσει

144 2832 216 2903 ειν
230 2828 597 2902 μορφουμένη·

228 2946 456 3016 Ἵδωμεν
486 2943 540 2997 δὲ
571 2943 664 2995 καὶ
695 2940 801 2994 τῶν
840 2940 1036 3011 ἑφεξῆς
1062 2942 1296 2995 ἐπαίνων
1335 2940 1430 3012 τὴν
1473 2940 1717 3011 δύναμιν.

163 3034 518 3090 Ἀποστολαι
560 3048 707 3092 σου,
767 3032 918 3101 φησι,
976 3031 1335 3099 παράδεισος
1375 3032 1538 3097 ῥοῶν
1573 3035 1724 3101 μετὰ

148 3126 388 3194 καρποῦ
412 3122 771 3191 ἀκροδρύων,
800 3123 1013 3188 κύπροι
1034 3120 1182 3189 μετὰ
1207 3120 1462 3189 νάρδων.
1493 3122 1720 3190 Νάρδος

1899 2939 2191 2994 Videamus
2234 2950 2415 2995 autem
2450 2958 2635 3021 earum
2695 2958 2930 3013 quoque,
2974 2959 3096 3013 quae
3130 2944 3387 3015 deinceps

1823 3041 2159 3101 sequuntur,
2231 3032 2449 3086 laudum
2511 3034 2788 3089 virtutem.
2860 3034 3179 3091 Emissiones
3244 3046 3384 3100 tum,

1828 3122 2021 3192 inquit,
2070 3123 2350 3190 paradisus
2391 3126 2651 3177 malorum
2692 3128 3026 3193 punitorum,
3061 3143 3176 3179 cum
3211 3128 3388 3197 [ructu

149 3216 255 3271 καὶ
288 3216 500 3283 κρόκος
518 3254 532 3279 ,
561 3214 827 3281 κάλαμος
856 3212 952 3265 καὶ
979 3211 1373 3281 κιννάμωμον,
1397 3214 1544 3281 μετὰ
1569 3213 1719 3266 πάν-

1824 3228 2118 3280 pomorum,
2146 3220 2196 3264 et
2239 3212 2383 3280 cypri
2434 3227 2552 3264 cum
2587 3212 2789 3266 nardis.
2838 3211 3056 3265 Nardus
3096 3223 3143 3267 et
3179 3230 3383 3277 crocus,

150 3324 277 3360 των
309 3306 507 3371 ξύλων
546 3306 651 3358 τοῦ
685 3303 961 3358 Λιϐάνου·
1000 3305 1235 3373 σμύρνα
1268 3305 1365 3357 καί
1396 3306 1546 3371 ἀλόη
1572 3306 1722 3373 μετὰ

152 3398 400 3453 πάντων
421 3397 539 3451 τῶν
567 3397 809 3466 πρώτων
830 3398 1052 3465 μύρων.
1080 3395 1248 3464 lim-1‘1
1286 3396 1511 3463 κήπων,
1539 3396 1722 3465 φρέαρ

152 3490 377 3554 ὕδατος
409 3488 619 3555 ζῶντος
651 3489 747 3541 καί
781 3487 1119 3556 ροιζοῦντος
1151 3489 1267 3543 ἀπὸ
1305 3489 1410 3543 τοῦ
1445 3489 1719 3542 Λιϐάνου.

156 3581 285 3633 ’Ότι
321 3580 414 3650 μὲν
445 3577 538 3633 οὖν
573 3579 923 3650 παμμέγεθες
946 3597 1000 3633 τι
1036 3582 1129 3633 καὶ
1161 3580 1393 3645 ἐξαίσιον
1434 3585 1543 3645 τοῖς
1572 3583 1722 3653 είρη-

162 3671 347 3742 μένοις
388 3670 629 3738 ἔγκειται
676 3672 872 3742 νόημα,
918 3671 985 3725 δι’
1018 3664 1078 3725 οὗ
1108 3672 1207 3742 τῆς
1243 3674 1382 3727 κατὰ
1417 3673 1546 3725 Θεὸν
1577 3674 1723 3743 ὑψω-

158 3763 345 3833 θείσης
381 3763 441 3816 τὺ
469 3762 660 3826 κάλλος
688 3765 744 3815 ὲν
784 3763 1019 3832 θαύματι
1050 3764 1276 3831 γίνεται,
1318 3768 1436 3828 ταῖς
1465 3765 1725 3835 πολυτρό-

162 3872 287 3917 ποις
310 3854 418 3906 τῶν
451 3854 683 3907 ἐπαίνων
728 3854 1050 3922 ὑπερϐολαῖς
1091 3855 1527 3925 εὐφημουμένης,
1571 3856 1724 3924 δῆλον

161 3948 261 4000 καὶ
300 3948 362 3999 ὲκ
403 3947 501 4015 τῆς
538 3945 825 4017 προχείρου
857 3945 1053 4011 λέξεως
1088 3945 1196 3997 τῶν
1242 3947 1544 4016 εἰρημένων
1588 3948 1722 4000 ὲστί.

160 4038 262 4100 Τίς
303 4037 359 4090 δὲ
402 4036 604 4107 ἀληθής
638 4038 753 4088 ὲστι
790 4035 1028 4099 διάνοια,
1062 4036 1127 4105 ἢν
1169 4036 1510 4106 διασημαίνει
1557 4038 1727 4090 ταῦτα

159 4129 235 4183 τὰ
268 4130 503 4200 ῥήματα,
551 4128 709 4197 μόνον
740 4127 806 4181 ἂν
855 4126 938 4197 εἴη
992 4127 1178 4197 σαφῶς
1214 4128 1411 4181 εἰδέναι
1462 4129 1555 4180 τοῦ
1589 4129 1727 4182 κατὰ

161 4221 258 4275 τὸν
311 4221 461 4287 ἅγιον
515 4220 724 4273 Παῦλον
789 4221 1148 4291 ἐπισταμένου
1212 4220 1485 4289 Πνεύματι
1554 4219 1728 4273 λαλεῖν

162 4311 235 4364 τὰ
290 4310 405 4363 θεῖα
466 4310 761 4380 μυστήρια.
813 4308 935 4370 Πῶς
993 4308 1101 4380 γὰρ
1157 4310 1219 4360 τὸ
1276 4308 1728 4378 ἀποστελλόμενον

168 4400 321 4471 παρά
366 4401 463 4470 τῆς
503 4399 716 4469 νύμφης
764 4400 901 4469 ῥοῶν
942 4401 1056 4452 ἐστι
1108 4400 1466 4470 παράδεισος;
1506 4399 1631 4462 Πῶς
1672 4400 1729 4453 δὲ

167 4495 234 4545 ἐκ
256 4491 362 4543 τῶν
394 4488 528 4558 ῥοῶν
556 4492 583 4542 ό
608 4489 817 4559 καρπὸς
844 4489 951 4541 τῶν
985 4490 1298 4561 ἀκροδρύων
1328 4489 1578 4561 φέρεται;
1608 4490 1729 4552 Πῶς

1823 3306 2058 3357 calamus
2089 3314 2138 3357 et
2167 3304 2573 3366 cinnamomum,
2606 3319 2723 3355 cum
2743 3304 2983 3357 omnibus
3002 3303 3156 3373 tignis
3175 3302 3386 3373 Libani,

1822 3395 2037 3465 myrrha
2064 3403 2114 3448 et
2145 3395 2281 3456 aloe,
2325 3410 2443 3447 cum
2477 3395 2714 3447 omnibus
2744 3395 2930 3462 primis
2969 3396 3262 3464 unguentis.
3296 3395 3384 3450 15.

1822 3484 1969 3539 Fons
1995 3486 2151 3551 horti,
2193 3494 2379 3554 puteus
2413 3501 2563 3554 aqua:
2607 3487 2733 3539 vim
2767 3495 2815 3539 et
2843 3487 3037 3553 impetu
3081 3487 3292 3555 ﬂuentis
3323 3502 3386 3541 ex

1822 3575 2045 3632 Libano.
2075 3576 2251 3646 Atque
2276 3574 2420 3645 quod
2450 3575 2504 3629 in
2546 3574 2612 3630 iis
2641 3575 2859 3645 quidem
2890 3591 3010 3645 qua:
3052 3576 3196 3631 dicta
3235 3585 3385 3641 sunt,

1822 3678 1906 3724 est
1932 3666 2153 3738 quidam
2196 3667 2357 3737 longe
2384 3667 2654 3721 maximus
2684 3681 2747 3720 ac
2776 3667 3226 3736 praeclarissimus
3259 3682 3390 3723 sen-

1823 3778 1939 3827 sus,
1971 3775 2065 3831 per
2083 3776 2246 3831 quem
2269 3760 2390 3829 ejus
2416 3775 2535 3829 qua:
2560 3775 2626 3813 ex
2652 3759 2760 3814 Deo
2786 3768 2869 3814 est
2897 3759 2950 3813 in
2983 3760 3150 3814 altum
3176 3771 3386 3825 evecta,

1824 3856 1878 3909 in
1909 3838 2265 3909 admiratione
2312 3852 2541 3907 habetur
2572 3853 2940 3922 pulchritudo,
2972 3852 3143 3907 variis
3171 3859 3226 3907 et
3269 3868 3390 3908 mo-

1824 3947 1952 4001 dum
1990 3943 2444 4015 exsuperantibus
2469 3944 2738 3998 celebrata
2767 3943 3040 4009 laudibus,
3066 3954 3151 3999 est
3181 3944 3389 4013 perspi-

1825 4054 1987 4092 cuum
2018 4038 2096 4091 vel
2131 4052 2197 4090 ex
2234 4042 2491 4090 contextu
2526 4049 2589 4088 ac
2630 4050 2793 4088 sensu
2828 4035 3061 4104 primum
3092 4035 3252 4090 obvio
3294 4051 3389 4090 eo-

1824 4143 1945 4182 rum
2001 4141 2121 4197 quae
2176 4125 2319 4181 dicta
2368 4134 2515 4179 sunt.
2562 4124 2822 4190 Quisnam
2863 4126 2934 4179 sit
2986 4136 3166 4180 autem
3226 4142 3390 4183 verus

1826 4235 2023 4275 sensus
2074 4233 2233 4288 quem
2290 4217 2402 4271 haec
2450 4216 2611 4271 verba
2662 4216 2989 4285 significant,
3047 4216 3167 4286 ejus
3216 4218 3389 4273 solius

1827 4310 1989 4364 fuerit
2047 4317 2229 4379 aperte
2293 4308 2453 4372 scire,
2517 4307 2630 4377 qui,
2681 4308 2837 4377 juxta
2892 4308 3075 4363 divum
3136 4308 3387 4373 Paulum,

1829 4400 2031 4470 Spiritu
2069 4401 2173 4455 scit
2205 4400 2352 4469 loqui
2386 4399 2568 4453 divina
2604 4400 2883 4470 mysteria.
2919 4398 3385 4466 Quemadmodum

1827 4493 1973 4547 enim
2012 4490 2157 4560 quod
2188 4492 2455 4545 emittitur
2482 4505 2512 4543 a
2539 4506 2760 4560 sponsa,
2791 4499 2874 4546 est
2903 4492 3184 4561 paradisus
3218 4495 3388 4547 malo-

165 4582 225 4636 δὲ
253 4579 320 4633 τὰ
347 4579 618 4650 ἀκρόδρυα
662 4579 845 4651 μύρων
875 4579 1081 4647 γίνεται
1111 4581 1202 4633 καὶ
1233 4581 1535 4651 ἀρωμάτων
1565 4581 1722 4634 κατά-

1831 4597 1951 4636 rum
1994 4581 2360 4652 punicorum?
2407 4580 2863 4650 quemadmodum
2905 4590 3083 4635 autem
3132 4598 3197 4637 ex
3229 4586 3388 4637 malis

167 4673 354 4740 λογος;
401 4671 488 4723 Ἐν
508 4670 614 4742 γὰρ
640 4674 751 4734 τοῖς
771 4671 879 4723 τῶν
901 4671 1211 4744 ἀκροδρύων
1237 4675 1484 4744 καρποῖς,
1520 4670 1729 4741 κύπρος

169 4765 263 4819 xui.
292 4764 479 4835 νάρδος
517 4764 610 4817 καὶ
644 4764 839 4835 κρόκος
866 4763 1001 4827 ἐστὶ,
1043 4764 1286 4834 κάλαμός
1332 4781 1389 4816 τε
1423 4764 1514 4817 καὶ
1543 4763 1729 4815 κιννά-

174 4873 381 4928 μωμον,
442 4855 538 4909 καὶ
582 4856 691 4929 πᾶν
737 4855 830 4908 τοῦ
862 4854 1095 4908 Λιϐάνου
1144 4855 1319 4922 ξύλον,
1358 4857 1433 4920 ὡς
1477 4855 1730 4926 οὐδεμιᾶς

170 4949 268 5020 τῆς
308 4948 450 5002 κατὰ
491 4948 552 5001 τὸ
595 4950 792 5020 ἄρωμα
828 4947 921 5001 τοῦ
960 4948 1192 5002 Λιϐάνου
1229 4951 1490 5019 διαφορᾶς
1520 4950 1577 5002 ὲν
1620 4951 1729 5011 τοῖς

173 5039 641 5110 ἀπηριθμημένοις
667 5039 975 5111 λειπούσης
1009 5036 1090 5105 οἷς
1133 5040 1476 5111 προστίθεται
1518 5038 1730 5109 σμύρνα

178 5133 269 5185 καὶ
294 5126 421 5203 ἀλόη
442 5171 457 5195 ,
488 5132 583 5186 και
620 5132 689 5185 τά
720 5133 909 5203 πρῶτα
934 5132 1081 5205 μῦρα
1120 5134 1314 5195 πάντα,
1348 5134 1440 5186 καὶ
1465 5134 1498 5203 ὴ
1538 5133 1728 5203 πρότε-

183 5237 269 5290 ρον
292 5220 462 5289 κῆπος
494 5223 551 5274 ὲν
586 5224 699 5285 τοῖς
729 5222 841 5276 ἄνω
863 5223 1012 5293 παρὰ
1038 5221 1131 5276 τοῦ
1162 5222 1503 5285 ἐπαινοῦντος
1536 5224 1732 5292 ὀνομα-

182 5309 384 5372 σθεῖσα,
409 5310 502 5363 νῦν
535 5313 684 5383 πηγὴ
723 5312 943 5381 λέγεται
983 5316 1194 5385 κήπων,
1220 5314 1313 5367 καὶ
1343 5314 1516 5385 φρέαρ
1542 5312 1732 5376 ὓδατος

181 5400 376 5465 ζῶντος
404 5401 496 5453 καὶ
532 5402 832 5473 ροιςοὼτος
864 5404 970 5459 ἀπὸ
1014 5403 1109 5458 τοῦ
1147 5405 1398 5459 Λιϐάνου.
1456 5404 1614 5457 Ἀλλά
1641 5403 1731 5457 τὸν

185 5490 280 5560 μὲν
304 5489 477 5559 ἀληθῆ
501 5489 654 5559 λόγον
673 5493 802 5565 περὶ
826 5494 1026 5549 τούτων
1054 5495 1209 5550 ῐδοιεν
1231 5495 1316 5555 ἂν.
1346 5493 1527 5558 καθὼς
1550 5496 1733 5566 προεῖ-

184 5600 301 5643 πον,
353 5584 402 5634 οί
440 5582 500 5635 τὸ
536 5582 695 5653 βάθος
735 5585 829 5638 τοῦ
877 5587 1105 5641 πλούτου
1144 5589 1238 5642 καὶ
1268 5588 1367 5657 τῆς
1415 5589 1605 5656 σοφίας
1640 5589 1733 5641 καὶ

180 5674 276 5744 τῆς
297 5673 545 5741 γνώσεως
566 5674 659 5728 τοῦ
672 5675 804 5729 Θεοῦ
825 5678 1192 5749 διερευνᾶσθαι
1212 5679 1515 5748 δυνάμενοι.
1544 5678 1732 5748 Ἡμεῖς

152 5788 153 5791 ‘
179 5766 235 5823 δὲ
258 5766 329 5829 ὡς
352 5766 416 5820 ἂν
441 5766 515 5838 μὴ
538 5770 813 5833 παντελῶς
828 5772 1076 5838 ἄγευστοι
1102 5770 1207 5823 τῶν
1229 5771 1285 5823 ὲν
1296 5769 1372 5840 τῷ
1394 5770 1542 5839 τόπῳ
1561 5768 1733 5839 τούτῳ

180 5859 552 5914 προκειμένων
599 5861 841 5922 ἀγαθῶν.
896 5862 989 5915 καὶ
1034 5862 1425 5917 ἀναπόλαυστοι
1481 5859 1729 5915 καταλει-

1828 4672 2043 4744 punicis
2096 4671 2416 4741 producitur
2469 4672 2683 4727 fructus
2737 4673 3066 4741 pomorum?
3118 4672 3391 4739 Quemad-

1830 4763 2049 4817 modum
2080 4778 2208 4818 vero
2234 4778 2392 4832 poma
2425 4764 2561 4817 ﬁunt
2604 4763 2883 4832 catalogus
2913 4773 3305 4836 unguentorum
3338 4777 3393 4822 et

1831 4853 2180 4908 aromatum?
2205 4854 2263 4907 ln
2292 4867 2575 4922 pomorum
2601 4854 2747 4908 enim
2772 4853 3042 4911 fructibus
3066 4872 3263 4927 cyprus
3286 4866 3391 4922 est,

1830 4948 2034 5001 nardus
2084 4952 2139 4999 et
2192 4960 2410 5011 crocus,
2465 4952 2519 4999 et
2560 4946 2824 5009 calamus,
2868 4953 2923 5001 et
2963 4948 3389 5012 cinnamomum,

1831 5046 1886 5093 et
1914 5053 2075 5093 omne
2104 5037 2305 5107 lignum
2338 5036 2552 5101 Libani,
2601 5038 2755 5107 quasi
2790 5039 2938 5093 nulla
2970 5041 3025 5095 in
3057 5043 3393 5098 aromatibus

1832 5127 2023 5184 Libani
2051 5128 2356 5183 diii‘erentia
2378 5128 2519 5183 desit
2552 5129 2607 5183 in
2635 5129 2703 5185 iis
2732 5144 2850 5199 qua:
2878 5139 3005 5185 sunt
3035 5141 3347 5187 enumerata
3373 5151 3388 5187 :

1832 5220 2030 5289 quibus
2061 5219 2276 5273 additur
2299 5220 2518 5288 myrrha
2549 5229 2602 5273 et
2634 5220 2774 5283 aloe,
2804 5230 2857 5275 et
2888 5222 3067 5277 omnia
3095 5224 3265 5291 prima
3287 5240 3391 5277 un-

1831 5318 2047 5379 guenta.
2085 5306 2150 5361 Et
2191 5323 2312 5377 qua:
2359 5307 2510 5376 prius
2538 5307 2733 5364 hortus
2765 5324 2795 5362 a
2825 5310 3079 5367 laudante
3110 5327 3277 5382 supra
3306 5322 3392 5368 est

1832 5399 2133 5465 nominata,
2173 5413 2324 5453 nunc
2351 5398 2474 5453 fons
2521 5399 2724 5454 dicitur
2756 5400 3062 5466 hortorum,
3104 5410 3159 5458 et
3198 5412 3394 5473 puteus

1833 5505 1987 5560 aquae
2015 5490 2171 5554 vivae,
2221 5496 2277 5546 et
2312 5490 2517 5561 impetu
2565 5489 2783 5547 liuentis
2816 5508 2879 5546 ex
2920 5492 3145 5549 Libano.
3187 5493 3292 5551 Sed
3326 5496 3394 5551 de

1833 5585 1920 5639 his
1958 5582 2175 5654 quidem
2209 5598 2329 5652 qua:
2354 5583 2501 5639 dicta
2550 5592 2679 5640 sunt
2707 5585 2987 5639 veritatem
3023 5586 3279 5651 viderint,
3335 5598 3393 5641 ut

1834 5676 1984 5746 prius
2020 5674 2155 5737 dixi,
2206 5674 2242 5728 ii
2273 5674 2367 5743 qui
2418 5684 2649 5746 possunt
2687 5679 3021 5747 perscrutari
3050 5678 3395 5749 profundita-

1833 5776 1940 5822 tem
1970 5765 2302 5827 divitiarum,
2332 5773 2386 5821 et
2416 5766 2717 5835 sapientiae,
2751 5776 2805 5822 et
2835 5768 3077 5825 scientiae
3115 5768 3231 5826 Dei.
3284 5769 3397 5826 Nos

1835 5867 2036 5921 autem,
2088 5872 2155 5914 ne
2209 5856 2433 5913 omnino
2489 5859 2861 5928 relinquantur
2905 5870 3153 5931 expertes
3202 5873 3396 5931 gustu:
