4028 6518
556 412 671 471 967

1778 410 1841 467 S.
1892 411 2223 470 GREGOBII
2255 412 2552 470 NYSSENI

3715 415 3816 470 968

561 526 834 583 honorum
860 540 982 597 qua:
1017 524 1072 580 in
1099 522 1205 579 hoc
1233 524 1355 579 loco
1388 524 1493 579 sita
1524 533 1673 589 sunt,
1711 524 1887 595 iisque
1916 528 2134 583 minime

2239 530 2526 599 φθείημεν,
2556 529 2623 581 δι’
2650 528 2845 596 ὀλίγων
2862 527 3036 595 λόγων
3058 527 3135 598 τῷ
3155 528 3298 599 λόγῳ
3324 530 3693 600 προσάξομν,
3722 540 3812 584 ιω-

564 623 834 683 lruamur,
883 618 1075 689 paucis
1112 616 1437 674 accedemus
1478 618 1546 673 ad
1573 625 1886 673 contextum
1932 620 2140 674 oratio-

560 712 674 773 nis,
732 711 851 781 ipso
885 709 996 765 Deo
1052 707 1233 765 Verbo
1287 711 1552 771 adhibito,
1609 721 1668 765 ut
1709 713 1779 766 sit
1809 712 1921 765 dux
1968 713 2140 767 nostri

565 802 733 857 studii
782 817 847 855 ac
875 802 1189 871 diligentia.
1232 799 1534 857 Universus
1584 803 1827 867 laudum,
1877 804 1971 873 qui
2017 812 2143 859 ante

563 893 745 946 dictus
774 890 898 955 l'uit,
938 892 1243 959 catalogus,
1275 900 1329 946 et
1358 909 1479 961 quae
1504 908 1649 947 nunc
1674 894 1741 949 de
1775 894 1892 962 ipsa
1918 893 2143 948 adduxit

562 982 763 1045 oratio,
793 996 901 1035 non
937 981 1190 1036 videntur
1224 982 1423 1037 intueri
1459 986 1728 1053 praecipue
1757 985 1826 1038 ad
1847 984 2139 1054 quamdam

564 1074 769 1128 nudam
809 1088 873 1128 ac
900 1075 1072 1129 solam
1115 1076 1502 1135 laudationem,
1550 1078 1642 1131 sed
1680 1092 1775 1146 per
1804 1092 1868 1131 ea
1899 1094 2019 1147 qua:
2056 1078 2142 1132 di-

562 1173 788 1229 cuntur,
814 1166 921 1219 vim
941 1165 1235 1234 quamdam
1266 1181 1330 1219 ac
1358 1168 1613 1221 virtutem
1636 1168 1849 1232 all'erre,
1878 1184 1939 1223 ac
1957 1171 2140 1226 cordis

560 1271 852 1312 ascensum
886 1258 953 1311 ad
986 1273 1048 1312 ea
1080 1274 1203 1327 qua:
1229 1268 1356 1313 sunt
1387 1260 1595 1328 majora
1624 1271 1679 1315 et
1707 1263 2028 1326 excelsiora,
2064 1273 2142 1317 ut-

565 1356 691 1419 pote
721 1349 1038 1403 nominatur
1061 1365 1222 1403 soror
1255 1358 1309 1404 et
1342 1367 1539 1419 sponsa
1581 1350 1764 1417 Verbi,
1797 1354 1892 1408 sed
1931 1364 2140 1407 utrum-

563 1457 672 1509 que
718 1442 910 1495 borum
961 1444 1240 1494 nominum
1291 1456 1553 1510 sponsam
1584 1444 1865 1512 conjungit
1911 1462 2136 1514 sponso,

565 1548 784 1603 sponsa:
808 1533 1027 1603 quidem
1052 1532 1451 1603 signiﬁcatione
1475 1550 1619 1599 eam,
1650 1547 1709 1591 ut
1742 1537 1984 1591 nominat
2007 1538 2140 1592 Pau-

565 1622 652 1677 lus
674 1623 744 1685 ⁸³,
778 1622 1011 1678 faciente
1042 1627 1490 1694 concorporalem
1522 1642 1745 1697 sponso,
1774 1630 1867 1698 qui
1898 1645 2006 1684 non
2039 1647 2137 1700 po-

566 1721 672 1769 test
696 1715 997 1784 corrumpi,
1038 1723 1091 1770 et
1123 1716 1179 1769 in
1212 1734 1370 1787 quem
1405 1734 1509 1771 non
1538 1720 1683 1773 cadit
1710 1721 1987 1776 interitus:
2025 1734 2136 1777 stu-

565 1806 658 1859 dio
684 1814 866 1860 autem
894 1808 1041 1877 quod
1067 1820 1313 1863 versatur
1343 1811 1396 1864 in
1425 1811 1721 1877 voluntate,
1749 1813 1813 1866 ad
1840 1812 2133 1867 fraternam

2240 622 2331 674 τὸν
2352 622 2443 674 τὸν
2469 621 2601 674 Θεὸν
2631 622 2800 689 Λόγον
2821 619 3169 691 καθηγεμόνα
3202 622 3302 691 τῆς
3326 622 3558 692 σπουδῆς
3586 624 3815 692 ποιησά-

2244 732 2411 785 μενοι.
2454 714 2669 766 Ἔοικεν
2705 714 2847 776 ἀπας
2876 715 2904 765 ὁ
2935 713 3043 766 τῶν
3076 714 3312 767 ἐπαίνων
3348 714 3674 781 κατάλογος,
3701 715 3731 767 δ
3757 731 3812 767 τε

2241 806 2349 878 πρὸ
2376 805 2581 859 τούτων
2608 806 2916 875 εἰρημένος,
2944 806 3037 859 καὶ
3070 808 3170 860 ὅσα
3194 806 3289 860 νῦν
3316 808 3446 876 περὶ
3476 807 3652 875 αὐτῆς
3679 808 3810 876 ἡμῖν

2239 898 2269 950 6
2314 895 2467 963 λόγος
2514 894 2819 965 παρέθετο,
2862 897 2933 964 μὴ
2988 894 3123 964 πρὸς
3172 896 3443 965 εὐφημίαν
3488 897 3613 949 τινὰ
3651 897 3814 969 ψιλὴν

2242 988 2383 1040 κατά
2408 986 2470 1039 τὸ
2509 986 2915 1057 προηγούμενον
2942 986 3177 1056 βλέπειν
3220 987 3356 1040 ἀλλὰ
3394 988 3627 1059 δύναμιν
3672 990 3813 1042 ὲντι·

2241 1078 2393 1132 θέναι
2429 1078 2517 1132 διά
2543 1078 2650 1131 τῶν
2683 1076 2990 1147 λεγομένων
3018 1078 3153 1149 πρὸς
3195 1076 3292 1147 τὴν
3318 1080 3410 1130 ἐπὶ
3446 1082 3513 1131 τά
3548 1080 3728 1149 μείζω
3753 1097 3812 1133 τε

2241 1172 2335 1224 καὶ
2384 1171 2691 1240 ὑψηλότερα
2734 1169 2834 1239 τῆς
2880 1171 3107 1242 καρδίας
3133 1172 3416 1233 ἀνάϐασιν,
3455 1167 3569 1225 οἷον
3608 1173 3812 1243 ἀδελφὴ

2240 1264 2335 1316 καὶ
2363 1262 2546 1332 νύμφη
2592 1262 2685 1316 τοῦ
2708 1264 2881 1333 Λόγου
2907 1262 3358 1333 κατονομάζεται,
3380 1263 3513 1317 ἀλλά
3553 1265 3813 1317 cavam:

2239 1355 2347 1407 τῶν
2388 1356 2666 1425 ὀνομάτων
2704 1355 2907 1408 τούτων
2940 1356 3199 1426 ἑκάτερον
3237 1355 3337 1424 τὴν
3358 1356 3533 1426 ψυχὴν
3573 1356 3654 1425 τῷ
3679 1374 3815 1426 νυμ-

2240 1448 2367 1515 φίῳ,
2398 1449 2494 1518 τῆς
2532 1449 2629 1517 μὲν
2654 1446 2795 1500 κατά
2820 1448 2915 1518 τὴν
2935 1446 3151 1518 νύμφην
3184 1447 3458 1518 σημασίας
3524 1446 3814 1515 σύσσωμον

2240 1539 2432 1608 αὐτὴν,
2462 1539 2644 1603 καθὼς
2674 1542 2702 1592 6
2730 1538 2970 1602 Παῦλος,
3002 1539 3259 1611 ποιούσης
3289 1539 3366 1611 τῷ
3390 1540 3654 1610 ἀφθάρτῳ
3679 1557 3815 1609 νυμ-

2240 1630 2365 1700 φίῳ·
2399 1631 2496 1700 τῆς
2538 1631 2595 1684 δὲ
2625 1633 2753 1703 περὶ
2780 1632 2848 1683 τά
2899 1632 3178 1702 θελήματα
3220 1632 3452 1701 σπουδῆς
3484 1634 3562 1694 εἰς
3596 1631 3812 1698 ἀδελφι-

2239 1722 2340 1793 κὴν
2365 1722 2679 1792 ἀγχιστείαν
2725 1723 3091 1793 προαγούσης,
3138 1723 3278 1775 κατά
3312 1723 3408 1793 τὴν
3438 1721 3532 1775 τοῦ
3567 1722 3813 1790 Εὐαγγε-
3878 1750 3891 1761 -

2239 1812 2353 1864 λίου
2386 1815 2603 1883 φωνήν·
2641 1809 2759 1865 εἶτα
2800 1815 3101 1866 ἐπαινεῖται
3148 1812 3309 1880 φύσις
3347 1811 3565 1882 μαστῶν
3611 1816 3645 1883 ἠ
3694 1814 3813 1866 ἀντὶ

564 1896 868 1952 deduceute
902 1899 1215 1955 allinitatem
1240 1910 1294 1955 et
1315 1902 1780 1969 conjunctionem,
1809 1908 2134 1961 convenient--

2239 1904 2505 1970 γάλακτος
2544 1899 2687 1957 οἶνον
2724 1905 3061 1974 προχέουσα,
3113 1906 3206 1957 καὶ
3252 1904 3407 1974 δῆλον
3447 1905 3529 1956 ὅτι
3577 1904 3743 1973 ἔργον
3784 1905 3811 1956 6

564 1996 647 2043 ter
676 1990 796 2043 voci
825 1989 1120 2061 Evangelii.
1159 1991 1365 2046 Deinde
1390 1994 1644 2048 laudatur
1663 2005 1859 2049 natura
1884 1996 2131 2062 uberum,

562 2096 686 2152 qua:
722 2097 821 2152 pro
868 2083 1007 2138 lacte
1039 2084 1227 2138 vinum
1276 2084 1524 2149 ell‘undit,
1578 2094 1632 2159 et
1663 2086 2012 2142 manifestum
2052 2097 2136 2143 est

562 2170 709 2241 quod
732 2172 850 2228 laus
873 2188 1011 2244 opus
1031 2174 1285 2229 efﬁcitur.
1315 2175 1432 2229 Non
1457 2176 1625 2240 enim,
1654 2177 1708 2231 id
1736 2180 1877 2247 quod
1906 2188 2133 2242 nonest,

565 2263 841 2317 laudatur.
874 2265 1141 2321 Praeterea
1168 2268 1288 2335 ejus
1327 2277 1664 2338 unguentum
1710 2269 1987 2337 judicatur
2014 2286 2136 2325 esse

563 2355 819 2425 Superius
861 2358 1116 2412 omnibus
1156 2359 1511 2419 aromatibus,
1568 2361 1713 2429 quod
1758 2362 1975 2430 quidem
2026 2378 2135 2415 non

566 2448 640 2501 ita
659 2462 719 2501 se
734 2446 934 2502 habere
959 2447 1485 2518 fuissetjudicatum,
1505 2452 1549 2504 si
1570 2468 1677 2505 non
1704 2468 1887 2506 revera
1906 2454 1970 2506 ad
1991 2454 2133 2506 illam

565 2546 905 2614 pervenisset
951 2546 1290 2599 altitudinem
1323 2562 1419 2614 per
1451 2548 1755 2616 profectum
1807 2550 1863 2601 in
1891 2565 1957 2603 eo
1990 2551 2134 2619 quod

566 2648 650 2691 est
702 2638 915 2691 melius.
969 2636 1249 2692 Habentur
1288 2648 1474 2708 postea
1528 2641 1582 2693 in
1632 2641 1990 2695 admiratione
2028 2641 2132 2694 favi

565 2730 833 2785 orationis
858 2732 948 2801 qui
982 2731 1250 2785 distillant
1284 2747 1346 2786 ex
1384 2732 1503 2801 ejus
1540 2747 1655 2798 ere,
1683 2742 1737 2789 et
1762 2742 2133 2803 contempera-

567 2824 643 2877 tio
670 2832 891 2893 paratur
918 2826 1198 2894 sapientiae
1221 2824 1468 2892 subjecta
1494 2825 1708 2893 lingua‘,
1731 2833 2135 2895 contemperato

564 2915 704 2969 lacte
728 2930 853 2969 eum
903 2916 1080 2970 melle.
1127 2914 1191 2968 Et
1224 2916 1335 2969 haec
1365 2932 1581 2986 quoque
1617 2925 1745 2971 sunt
1780 2917 1970 2973 virtus.
2029 2934 2133 2972 non

564 3007 751 3067 verba,
786 3014 846 3059 ut
874 3020 995 3075 qua:
1023 3021 1052 3059 a
1092 3004 1268 3059 Verbo
1303 3008 1368 3058 ad
1394 3007 1647 3060 altiorum
1679 3007 1910 3061 deducta
1946 3024 2137 3061 ascen-

564 3112 686 3151 sum
714 3097 849 3151 adeo
877 3106 1036 3152 aucta
1087 3100 1178 3156 sit.
1219 3107 1276 3152 ut
1320 3115 1383 3153 os
1419 3099 1579 3152 faciat
1614 3100 1813 3152 fontem
1848 3100 2044 3156 mellis.
2082 3108 2135 3151 et

568 3188 806 3255 linguam
841 3190 1265 3258 promptuarium
1296 3192 1595 3245 commislze
1620 3191 1919 3258 sapientiae,
1950 3192 2002 3243 in
2028 3206 2133 3259 qua

565 3278 948 3335 consideratur
986 3291 1128 3335 terra
1162 3282 1563 3349 promissionis,
1599 3296 1720 3350 quae
1755 3280 1869 3332 i’luit
1896 3283 2050 3334 melle
2084 3292 2136 3334 et

565 3370 727 3426 lacte.
758 3371 894 3426 Cum
922 3381 1102 3426 autem
1135 3373 1371 3426 Verbum
1413 3388 1507 3441 per
1545 3388 1809 3427 ascensus
1846 3387 1961 3425 eam
2003 3370 2140 3425 adeo

564 3462 871 3524 extulisset,
902 3462 1055 3515 ducit
1105 3463 1282 3515 adhuc
1330 3464 1515 3528 altius,
1557 3463 1746 3515 dicens
1785 3462 1905 3530 ejus
1937 3471 2139 3515 vestem

568 3553 705 3606 bene
735 3555 945 3621 spirare
981 3553 1155 3607 thuris
1184 3555 1374 3618 odore,
1429 3570 1525 3623 per
1556 3553 1701 3623 quod
1749 3563 1978 3609 testatur
2007 3552 2139 3606 Ver-

564 3642 693 3695 bum
736 3657 856 3697 eam
891 3642 1167 3697 Christum
1214 3643 1477 3699 induisse.
1519 3644 1776 3713 Cujusvis
1820 3644 1965 3697 enim
2020 3644 2140 3696 vitae

566 3748 687 3803 qua:
710 3750 778 3788 ex
809 3736 1014 3789 virtute
1039 3736 1217 3804 agitur
1249 3736 1372 3789 linis
1395 3744 1478 3790 est
1504 3736 1595 3791 Dei
1627 3735 1993 3805 partieipatio.
2038 3732 2138 3787 Per

565 3827 693 3881 tlms
718 3826 863 3880 enim
892 3824 1034 3881 Deus
1062 3827 1385 3883 ostenditur.
1420 3825 1485 3879 Et
1509 3842 1609 3880 nec
1641 3828 1694 3880 in
1726 3827 1795 3880 iis
1824 3825 2039 3894 quidem
2078 3839 2137 3878 se

566 3918 710 3974 sistit
737 3918 940 3983 anima,
986 3934 1109 3989 qua:
1132 3934 1348 3989 semper
1376 3933 1406 3972 a
1446 3917 1625 3974 Verbo
1650 3918 1939 3973 deducitur
1971 3919 2036 3971 ad
2083 3918 2134 3970 id

564 4010 710 4081 quod
735 4018 820 4066 est
861 4010 1043 4065 altius.
1079 4009 1185 4066 Sed
1216 4021 1504 4082 postquam
1528 4012 1829 4066 assimilata
1860 4011 1957 4064 fuit
1989 4010 2133 4064 thuri

564 4100 621 4155 in
652 4101 798 4156 bono
831 4100 1018 4166 odore,
1063 4102 1119 4156 lit
1165 4102 1357 4158 hortus
1396 4103 1570 4157 instar
1614 4102 1874 4173 paradisi.
1910 4101 2131 4164 Hortus,

565 4208 675 4248 non
703 4195 990 4248 sicuterat
1038 4195 1176 4249 inter
1206 4195 1410 4263 primos
1450 4195 1719 4256 homines,
1772 4195 1927 4248 laxus
1958 4204 2011 4248 et
2052 4195 2133 4247 iu-

563 4284 899 4347 custoditus,
954 4284 1048 4338 sed
1097 4287 1339 4357 undique
1390 4287 1631 4340 munitus
1673 4288 1933 4341 memoria
1980 4301 2134 4338 man-

565 4374 697 4429 dati.

635 4463 801 4520 Vides
856 4479 1114 4535 quantam
1164 4468 1433 4537 acceperit
1480 4468 1755 4530 virtutem,
1813 4467 1877 4520 ad
1925 4468 2025 4521 hoc
2071 4475 2130 4521 ut

564 4571 782 4610 sursum
828 4557 1103 4613 ferretur?
1132 4557 1345 4614 Rursus
1370 4559 1491 4614 vide
1517 4560 1646 4612 mihi
1679 4575 1801 4613 eum
1828 4561 1918 4628 qui
1967 4574 2127 4628 supra

565 4648 696 4702 illud
732 4649 788 4703 lit
819 4666 1127 4705 ascensum.
1166 4650 1282 4705 Non
1314 4652 1489 4707 solum
1522 4652 1667 4705 enim
1700 4649 1843 4704 facta
1888 4660 1973 4705 est
2004 4652 2131 4703 hor-

564 4752 652 4793 tus
704 4744 1015 4807 conclusus,
1075 4745 1351 4814 proprium
1400 4744 1578 4799 ferens
1629 4742 1889 4806 fructum,
1949 4742 2131 4798 sedﬁt

562 4834 723 4886 etiam
774 4834 1032 4902 potabilis
1080 4837 1413 4896 sitientibus.
1471 4837 1731 4891 translata
1772 4835 1826 4889 in
1878 4842 2128 4889 naturam

566 4923 749 4988 fontis,
792 4926 953 4993 idque
977 4927 1265 4997 obsignati.
1296 4928 1359 4983 Et
1388 4945 1487 4984 nec
1514 4930 1567 4983 in
1598 4930 1682 4983 his
1707 4927 1990 4982 constitit:
2029 4925 2128 4980 sed

565 5014 631 5067 ad
670 5015 770 5070 hoc
810 5032 982 5087 usque
1016 5020 1154 5073 stitit
1192 5034 1350 5073 suum
1398 5021 1450 5073 in
1499 5022 1678 5090 majus
1710 5020 2126 5078 incrementum,

565 5116 624 5162 ut
644 5124 708 5160 ex
731 5122 826 5161 ore
849 5109 971 5177 ejus
997 5111 1328 5179 germinaret
1370 5112 1673 5180 paradisus.
1710 5110 1813 5177 Qui
1856 5110 2000 5164 enim
2033 5123 2126 5161 ac-

561 5200 802 5257 curatius
824 5200 1051 5254 attendit
1078 5200 1371 5269 emphasim
1401 5198 1646 5255 dictionis
1695 5201 1994 5265 llubraicae,
2042 5198 2126 5253 di-

561 5297 635 5345 rit
657 5332 671 5357 ,
709 5307 807 5359 pro
829 5307 896 5346 eo
921 5291 1063 5361 quod
1093 5292 1381 5345 dicendum
1406 5300 1542 5355 erat,
1572 5290 1903 5346 [missiones
1932 5300 2038 5344 tuae
2059 5306 2123 5345 ex

566 5400 654 5439 ore
683 5393 777 5438 tuo
806 5404 819 5441 :
856 5383 1144 5438 Paradisus
1166 5379 1423 5435 malorum
1448 5382 1768 5449 punicei-um.
1822 5384 1976 5450 Quod
2003 5383 2127 5454 qui-

562 5478 682 5532 dem
716 5476 941 5546 perinde
973 5486 1057 5529 est
1087 5492 1147 5529 ac
1179 5476 1222 5526 si
1270 5477 1470 5527 dll‘CI‘Cl
1496 5491 1508 5524 :
1538 5474 1727 5529 Sermo
1754 5486 1880 5531 tuus
1908 5476 1998 5546 qui
2033 5491 2128 5545 per

561 5582 623 5620 os
655 5580 805 5620 tuum
840 5567 1131 5629 emittitur,
1178 5572 1261 5620 est
1293 5565 1577 5634 paradisus
1610 5566 1873 5619 malorum
1904 5567 2127 5635 punico-

564 5675 706 5714 rum.
761 5660 898 5713 Mala
945 5668 1123 5715 autem
1179 5660 1375 5729 punica
1411 5661 1719 5733 producunt
1765 5675 1925 5718 omne
1954 5677 2128 5733 genus

532 5832 538 5841 ’
603 5834 652 5872 ⁸⁸
690 5836 895 5902 Ephes.
934 5853 985 5901 v,
1046 5834 1116 5891 23
1141 5852 1256 5903 sqq.

2235 1995 2455 2058 ἔπαινος
2494 1997 2723 2063 γίνεται.
2780 1996 2853 2047 Οὐ
2886 1994 2993 2067 γὰρ
3034 1996 3434 2064 ὲγκωμιάζεται
3468 1996 3530 2048 τὺ
3564 1996 3814 2066 ἀνύπαρ-

2234 2103 2381 2139 κτον.
2409 2086 2551 2156 Πρὸς
2578 2086 2787 2151 τούτοις
2814 2087 2876 2140 τὸ
2904 2087 3072 2158 μῦρον
3094 2088 3264 2156 αὐτῆς
3295 2088 3508 2140 πάντων
3534 2087 3644 2139 τῶν
3670 2090 3813 2157 ἀρω-

2238 2178 2420 2247 μάτων
2444 2178 2741 2249 ὑπέρτερον
2769 2178 3029 2249 κρίνεται.
3054 2179 3231 2248 Ὀπερ
3255 2176 3358 2229 οὐκ
3382 2176 3447 2229 ἂν
3468 2176 3646 2238 οὕτως
3669 2176 3810 2245 ἔχειν

2235 2269 2449 2340 ἐκρίθη,
2478 2270 2554 2340 μὴ
2584 2270 2725 2323 κατά
2748 2270 3006 2339 ἀλήθειαν
3034 2269 3168 2340 πρὸς
3192 2271 3367 2321 ἐκεῖνο
3396 2267 3456 2321 τὸ
3480 2267 3615 2337 ὕψος
3642 2268 3811 2336 αὐτῆς

2233 2362 2321 2415 διά
2366 2363 2465 2430 τῆς
2520 2364 2575 2413 ἐν
2619 2362 2695 2432 τῷ
2738 2363 3003 2432 κρείττονι
3047 2360 3329 2433 προκοπῆς
3374 2359 3807 2431 ἀναδραμούσης.

2234 2450 2579 2521 Θαυμάζεται
2616 2453 2751 2521 μετά
2788 2452 2943 2505 τούτο
2968 2450 3036 2503 τά
3087 2452 3251 2521 κηρία
3279 2450 3375 2504 τού
3411 2451 3569 2519 λόγου
3614 2453 3682 2505 τά
3713 2453 3808 2505 τοῦ

2237 2546 2502 2613 στόματος
2534 2545 2702 2614 αὐτῆς
2746 2542 3153 2607 άποστάζοντα,
3183 2545 3275 2596 καὶ
3309 2546 3342 2613 ἡ
3380 2542 3683 2613 σύγκρατος
3710 2545 3809 2613 τῆς

2238 2638 2429 2703 σοφίας
2458 2636 2783 2707 παρασκευὴ
2814 2635 3142 2706 ὑποκειμένη
3166 2638 3229 2705 τῇ
3261 2634 3481 2707 γλώσσῃ
3500 2673 3516 2696 ,
3540 2635 3809 2703 γάλακτος

2238 2731 2371 2799 πρὸς
2400 2731 2519 2798 μέλι
2564 2730 3026 2800 συγκεκραμένου.
3068 2729 3175 2781 Καὶ
3199 2729 3367 2780 ταῦτα
3386 2726 3615 2797 δύναμίς
3638 2730 3805 2793 ἐστιν,

2236 2822 2295 2874 οὐ
2350 2825 2585 2891 ῥήματα.
2634 2822 2774 2893 Πρὸς
2812 2822 2918 2891 γὰρ
2948 2822 3045 2892 τὴν
3088 2820 3197 2872 τῶν
3234 2819 3581 2891 ὑψηλοτέρων
3629 2820 3808 2874 ἀνοδσν

2237 2913 2715 2983 χειραγωγουμένη
2753 2914 2858 2966 ὑπὸ
2890 2913 2983 2966 τοῦ
3027 2912 3233 2979 Λόγου,
3274 2911 3523 2966 τοσοῦτον
3561 2911 3804 2982 ηὐξήθη,

2204 3005 2375 3063 ,ὥστε
2408 3006 2619 3074 μέλιτος
2654 3005 2875 3073 ποιῆσαι
2918 3004 3100 3073 πηγὴν
3124 3003 3185 3056 τὸ
3216 3003 3415 3073 στόμα,
3450 3003 3542 3055 καὶ
3564 3007 3808 3073 ταμιεῖον

2235 3102 2334 3167 τῆς
2371 3098 2673 3167 συμμίκτου
2718 3097 2906 3165 σοφίας
2945 3096 3045 3166 τὴν
3082 3094 3352 3164 γλῶσσαν,
3464 3094 3809 3166 ἐνθεωρεῑται

2238 3192 2270 3260 ἡ
2301 3191 2371 3259 γῆ
2402 3191 2501 3258 τῆς
2531 3188 2881 3257 ἐπαγγελίας,
2933 3189 2969 3259 ἡ
3004 3188 3201 3259 ῥέουσα
3230 3188 3350 3259 μέλι
3393 3189 3485 3241 καὶ
3510 3189 3669 3255 γάλα.
3704 3189 3800 3243 Το-

2243 3281 2430 3333 σοῦτον
2461 3280 2629 3349 αὐτὴν
2656 3278 2745 3332 διά
2782 3279 2891 3331 τῶν
2913 3277 3231 3331 ἀναϐάσεων
3275 3277 3494 3346 ὑψώσας
3538 3280 3566 3330 6
3594 3278 3773 3345 Λόγος
3794 3320 3810 3344 ,

2241 3373 2318 3425 ἔτι
2347 3372 2479 3442 πρὸς
2512 3372 2572 3425 τὸ
2613 3372 2939 3441 ὑψηλότερον
2969 3372 3091 3439 άγει
3110 3411 3124 3434 ,
3168 3370 3266 3438 τὴν
3296 3372 3495 3441 ὲσθήτα
3520 3371 3690 3441 αὐτῆς
3715 3372 3811 3427 εὐο

2243 3463 2421 3511 πνοεῖν
2453 3459 2624 3526 λέγων
2648 3459 2783 3511 κατά
2816 3461 2910 3529 τὴν
2948 3460 3041 3512 τοῦ
3077 3459 3290 3513 λιϐάνου
3328 3460 3519 3529 ὀσμὴν,
3561 3462 3630 3513 δι’
3658 3456 3719 3514 οὐ
3752 3460 3815 3513 τὸ

2240 3550 2548 3603 ἐνδεδύσθαι
2590 3551 2757 3619 αὐτὴν
2802 3550 2894 3603 τὸν
2940 3550 3174 3621 Χριστὸν
3224 3554 3488 3622 μαρτυρεί
3537 3553 3564 3604 6
3610 3550 3808 3619 Λόγος.

2240 3639 2447 3701 Παντὸς
2475 3639 2583 3708 γὰρ
2612 3640 2867 3708 ἐναρέτου
2890 3639 3004 3709 βίου
3024 3640 3175 3703 τέλος
3204 3642 3238 3711 ἡ
3260 3640 3355 3694 τοῦ
3379 3640 3511 3695 Θεοῦ
3546 3643 3814 3710 μετουσία

2237 3733 2465 3797 γίνεται.
2504 3730 2602 3783 Διά
2645 3732 2755 3801 γὰρ
2796 3731 2891 3785 τοῦ
2930 3731 3145 3785 λιϐάνου
3185 3732 3244 3785 τὺ
3270 3731 3424 3787 Θείον
3450 3731 3808 3787 ἐνδείκνυται.

2239 3824 2347 3876 Καὶ
2386 3824 2506 3877 οὐδὲ
2544 3826 2600 3877 ὲν
2628 3825 2836 3887 τούτοις
2865 3824 2995 3894 ἔστη
3034 3827 3067 3895 ὴ
3099 3825 3234 3895 πρὸς
3264 3824 3325 3876 τὸ
3361 3824 3691 3895 ὑψηλότερον
3720 3826 3815 3879 ἀεὶ

2237 3915 2342 3969 ὑπὸ
2363 3916 2455 3968 τοῦ
2482 3917 2654 3985 Λόγου
2693 3915 3171 3986 χειραγωγουμένη
3204 3915 3384 3985 ψυχή·
3420 3915 3554 3969 ἀλλά
3577 3914 3718 3985 μετά
3748 3914 3815 3968 τδ

2234 4009 2563 4079 ὁμοιωθῆναι
2601 4008 2694 4061 τοῦ
2718 4008 2935 4061 λιϐάνου
2961 4008 3060 4076 τὴν
3095 4007 3366 4076 εὐοδμίαν,
3399 4007 3572 4078 κῆπος
3596 4008 3810 4076 γίνεται

2235 4098 2356 4152 καθ’
2393 4098 2686 4167 ὁμοιότητα
2717 4096 2812 4150 τοῦ
2856 4096 3202 4167 παραδείσου.
3239 4095 3429 4164 Κῆπος
3451 4134 3466 4157 ,
3494 4096 3591 4165 οὐχ
3628 4097 3706 4160 ὡς
3748 4098 3812 4149 ἐν

2233 4195 2345 4254 τοῖς
2375 4190 2609 4261 πρώτοις
2637 4189 2944 4261 ἀνθρώποις
2964 4185 3053 4260 ἦν,
3077 4188 3262 4251 ἀνετός
3281 4205 3340 4240 τε
3362 4188 3456 4240 καὶ
3475 4186 3807 4255 ἀφύλακτος,

2232 4283 2371 4338 ἀλλά
2414 4286 2479 4355 τῇ
2529 4284 2715 4354 μνήμῃ
2762 4282 2861 4352 τῆς
2912 4280 3132 4350 ἐντολῆς
3181 4279 3513 4350 πανταχόθεν
3560 4296 3795 4349 τετειχι-

2234 4375 2448 4446 σμένος.

2313 4468 2475 4538 ’ορᾷς
2519 4467 2650 4536 ὅσην
2676 4463 3009 4536 προσέλαϐεν
3048 4463 3129 4527 είς
3153 4463 3214 4516 τὸ
3252 4464 3365 4517 ἀνω
3399 4462 3495 4533 τὴν
3536 4462 3803 4533 δύναμιν;

2233 4559 2403 4612 Πάλιν
2449 4559 2551 4627 ὅρα
2597 4574 2686 4627 μοι
2729 4556 2827 4627 τὴν
2873 4554 3014 4626 ὑπὲρ
3053 4554 3211 4609 τοῦτο
3252 4552 3533 4607 ἀνάϐασιν.
3570 4554 3649 4606 Οὐ
3693 4554 3806 4625 γὰρ

2238 4652 2396 4722 μόνον
2425 4650 2601 4719 κῆπος
2636 4647 3022 4716 κεκλεισμένος
3049 4646 3282 4714 ἐγένετο,
3324 4645 3421 4717 τὴν
3454 4645 3639 4715 ἡδεῖαν
3664 4662 3803 4715 καρ-

2229 4742 2539 4813 ποφοροῦσα
2571 4742 2810 4812 τροφὴν,
2854 4739 2989 4793 ἀλλά
3033 4739 3126 4793 καὶ
3168 4739 3396 4809 πότιμος
3435 4738 3645 4805 γίνεται
3690 4740 3805 4801 τοῖς

2228 4834 2474 4905 διψῶσινν
2520 4835 2601 4897 εἷς
2629 4832 2812 4903 πηγῆς
2845 4831 3007 4902 φύσιν
3043 4830 3427 4901 μετατεθείσα,
3458 4831 3553 4884 καὶ
3596 4830 3802 4900 ταύτης

2227 4924 2688 4993 έσφραγισμένης.
2740 4923 2847 4976 Καὶ
2889 4922 3009 4976 οὐδὲ
3052 4923 3109 4975 ὲν
3142 4922 3350 4986 τούτοις
3378 4920 3538 4992 ἔστη’
3565 4922 3683 4976 ἀλλ’
3722 4925 3804 4985 είς

2226 5015 2475 5069 τοσοῦτον
2504 5014 2703 5084 ἔφθασε
2736 5015 2835 5084 τῆς
2866 5014 2959 5067 ἐπὶ
2994 5012 3055 5067 τὺ
3083 5011 3265 5084 μεῖζον
3296 5012 3596 5082 αὐξήσεως,
3628 5014 3710 5078 ὡς
3736 5016 3802 5070 ἑκ

2230 5107 2322 5162 τοῦ
2356 5107 2617 5177 στόματος
2656 5106 2824 5176 αὐτῆς
2860 5104 3181 5175 βλαστάνειν
3214 5104 3558 5175 παράδεισον.
3602 5104 3663 5157 '0
3690 5104 3800 5175 γὰρ

2231 5200 2617 5271 ἀκριϐέστερον
2664 5198 2947 5269 προσέχων
2974 5200 3040 5269 τῇ
3079 5196 3177 5268 τῆς
3213 5195 3501 5267 Ἐϐραῖκῆς
3525 5196 3796 5267 ἔμφάσει,

2230 5292 2351 5346 ἀντὶ
2380 5290 2472 5345 τοῦ
2494 5293 2665 5345 εἰπεῖν
2688 5330 2703 5356 ,
2740 5293 2807 5345 Ai
2844 5287 3130 5346 άποστολαί
3168 5304 3261 5342 σου
3298 5288 3361 5342 ὲκ
3394 5287 3487 5341 τοῦ
3525 5287 3794 5359 στόματός

2234 5403 2327 5439 σου
2348 5428 2362 5452 ,
2400 5387 2554 5456 φησὶ,
2590 5383 2954 5452 Παράδεισος
2968 5378 3333 5451 ροὥν.“’οπερ
3364 5379 3603 5435 τοιοῦτόν
3624 5383 3796 5444 ἐστιν,

2228 5476 2310 5528 ὅτι
2350 5476 2408 5529 '0
2436 5476 2589 5545 λόγος
2620 5479 2647 5531 6
2671 5474 2778 5529 ἀπὺ
2804 5474 2898 5527 τοῦ
2931 5472 3195 5543 στόματός
3219 5489 3311 5525 σου
3335 5472 3799 5545 ἀποστελλόμενος

2229 5569 2554 5641 παράδεισός
2588 5570 2701 5622 ἐστι
2739 5566 2896 5639 ῥοῶν.
2937 5566 3002 5618 Αἱ
3031 5565 3087 5619 δὲ
3131 5566 3251 5636 ῥοαὶ
3288 5566 3642 5637 παγκαρπίαν
3673 5565 3795 5619 nvi

2229 5663 2337 5719 τῶν
2382 5660 2694 5732 ἀκροδρύων
2734 5657 2995 5729 ὲκφύουσι
3018 5674 3032 5689 ⁸
3076 5658 3146 5713 τά
3181 5656 3240 5713 δὲ
3268 5656 3543 5729 ἀκρόδρυα
3584 5656 3793 5730 κύπρος
