4028 6490
189 399 305 460 969

1227 389 1293 446 ΙΝ
1325 385 1622 445 CANTICA
1669 383 1937 440 CANTIC.
1981 383 2266 440 HOMILIA
2305 385 2395 440 IX.

3339 381 3433 440 D70

195 513 339 586 μετά
366 511 580 586 νάρδου,
611 513 705 568 καὶ
748 512 965 585 κρόκος,
999 509 1237 581 κάλαμος
1278 509 1371 561 καὶ
1396 505 1763 576 κιννάμωμον,

1889 501 2145 557 ’rnctuum
2179 521 2195 558 :
2226 516 2407 572 poma,
2452 515 2679 572 cyprum
2711 513 2837 554 cum
2881 495 3075 554 nardo.
3105 503 3158 552 et
3187 509 3432 560 crocum.

190 608 292 662 καὶ
322 607 430 661 πᾶν
472 601 612 671 εἶδος
643 605 738 660 τοῦ
769 606 1023 666 Λιϐάνου,
1059 604 1152 658 καὶ
1180 600 1412 673 σμύρνα,
1455 599 1551 654 καὶ
1591 596 1722 664 ἀλόη
1746 637 1761 658 ,

190 701 293 755 καὶ
319 699 388 753 τά
415 700 605 771 πρῶτα
643 699 810 770 μύρα.
853 697 1068 769 Ἐπειδὴ
1099 696 1277 749 τοίνυν
1315 693 1455 748 κατὰ
1493 692 1584 746 τὸν
1611 693 1668 744 ἐν
1692 688 1769 759 τῷ

190 792 398 864 ψαλμῷ
438 790 878 862 διαμακαρισμὸν
910 789 1011 859 τῆς
1055 787 1392 858 ἀντιλήψεως
1439 785 1576 854 αὐτῇ
1617 781 1769 852 παρά

190 882 290 936 τοῦ
316 882 451 935 Θεοῦ
487 881 777 951 γινομένης
796 921 812 945 ,
844 881 942 943 τὰς
973 879 1142 938 καλάς
1173 877 1376 940 ταύτας
1399 876 1690 936 ἀναϐάσεις
1712 874 1770 926 ἐν

192 978 265 1047 τῇ
295 974 491 1046 καρδίᾳ
516 972 739 1033 διέθετο,
773 971 1000 1024 πάντοτε
1025 971 1088 1024 έκ
1115 969 1394 1038 δυνάμεως
1429 963 1768 1037 πορευομένη

193 1069 280 1131 εἰς
319 1067 570 1136 δύναμιν,
617 1063 797 1127 καλῶς
834 1063 928 1115 ἐπὶ
963 1063 1062 1133 τῆς
1108 1059 1445 1130 τελειοτέρας
1494 1057 1769 1111 καταστά-

195 1177 339 1224 σεως
373 1159 512 1230 ῥοῶν
542 1157 868 1228 παράδεισος
911 1156 966 1208 αἱ
1006 1153 1100 1206 τοῦ
1137 1153 1403 1222 στόματος
1429 1150 1599 1220 αὐτῆς
1631 1149 1769 1201 ἀπο·-

195 1251 386 1305 στολαὶ
431 1249 800 1320 ὀνομάζονται.
851 1246 1152 1318 Προσφυῶς
1200 1246 1258 1299 δὲ
1305 1245 1382 1315 τῷ
1425 1241 1772 1312 ὑποκειμένῳ

189 1345 430 1414 νοήματι
464 1343 497 1413 ή
530 1340 674 1405 λέξις
707 1341 808 1409 τῆς
837 1337 1143 1407 ἀποστολῆς
1182 1335 1523 1408 ὲφηρμόσθη.
1556 1334 1630 1388 Τὺ
1661 1334 1772 1404 γὰρ

191 1432 658 1501 ἀποστελλόμενον
687 1431 794 1484 ἀπὸ
820 1431 913 1484 τοῦ
952 1430 1257 1500 πέμποντος
1283 1430 1362 1491 είς
1397 1427 1486 1479 τὸν
1515 1423 1774 1495 ὑποδεχὸ-

196 1543 363 1595 μενον
405 1524 738 1595 μεταϐαίνει.
781 1525 888 1576 Καὶ
929 1523 1087 1575 τοῦτο
1125 1524 1188 1574 ἐκ
1234 1521 1334 1590 τῆς
1380 1518 1642 1589 συνήθους
1675 1515 1772 1569 τοῦ

194 1614 449 1684 ῥήματος
481 1612 870 1684 καταχρήσεως
901 1610 1016 1663 ἔστι
1047 1610 1255 1680 μαθεῖν,
1287 1610 1363 1671 ὡς
1379 1608 1473 1661 καὶ
1503 1607 1564 1660 τὺ
1593 1608 1772 1676 Εὐαγ-

97 1757 118 1781 ,
192 1703 379 1771 γέλιον
401 1701 573 1770 λέγει,
600 1702 679 1757 ὅτι
708 1700 833 1760 τοὺς
860 1698 1103 1769 μαθητάς
1121 1699 1246 1760 τοὺς
1269 1696 1404 1768 πρὸς
1429 1696 1490 1748 τὸ
1512 1697 1773 1766 κήρυγμα

193 1794 298 1864 τῆς
323 1792 582 1862 ἀληθείας
629 1789 1110 1860 ἐκπεμπομένους,
1153 1786 1509 1848 Ἀποστόλους
1539 1786 1569 1837 6
1599 1784 1772 1851 Λόγος

191 1886 471 1958 ὠνόμασε.
510 1885 575 1937 Τί
614 1879 707 1936 οὖν
743 1884 886 1935 ἐστιν
915 1881 943 1934 ὃ
990 1880 1307 1934 ἀποστέλλει
1350 1879 1410 1931 τὸ
1455 1877 1631 1947 στόμα
1672 1876 1773 1945 τῆς
1803 1864 1846 1919 Β

194 1975 421 2046 νύμφης
443 1991 459 2040 ;
498 1973 667 2044 Δῆλον
693 1973 774 2025 ὅτι
795 1971 886 2024 τὸν
917 1969 1074 2038 λόγον
1099 1969 1196 2038 τῆς
1223 1968 1476 2029 πίστεως,
1503 1965 1561 2029 ὃς
1585 1967 1643 2018 ιν
1664 1967 1775 2028 τοῖς

195 2067 620 2137 ὐποδεχομένοις
651 2064 979 2132 γενόμενος,
1025 2061 1350 2132 παράδεισος
1396 2058 1646 2127 γίνεται,
1688 2055 1777 2110 διά

194 2162 302 2232 τῆς
330 2159 498 2228 ἀκοῆς
526 2159 646 2220 ταῖς
679 2155 926 2226 καρδίαις
947 2152 1400 2223 ὲμφυτευόμενος.
1427 2149 1502 2204 Τὸ
1527 2149 1582 2203 δὲ
1611 2149 1780 2203 κατά-

199 2267 369 2322 φυτον
400 2250 495 2302 καὶ
519 2249 820 2318 συνηρεφὲς
839 2247 950 2308 τοῖς
974 2243 1210 2313 δένδροις
1237 2241 1418 2304 ἄλσος,
1450 2240 1777 2312 παράδεισον

195 2341 364 2396 εἴωθε
402 2341 588 2394 καλεῖν
620 2339 655 2408 ἡ
701 2335 975 2407 συνήθεια.
1021 2335 1109 2397 Ὠς
1151 2335 1218 2388 ἀν
1264 2329 1356 2386 οὖν
1393 2332 1488 2385 καὶ
1531 2332 1592 2385 τὸ
1624 2331 1780 2398 γένος

201 2434 472 2504 μάθοιμεν
502 2429 609 2484 τῶν
651 2427 854 2497 φυτῶν,
890 2428 1025 2497 ὅπερ
1067 2425 1155 2478 διὰ
1188 2424 1487 2491 τοῖΓΛόγου
1521 2425 1642 2484 ταῖς
1678 2422 1781 2490 ψυ-

195 2529 328 2597 χαῖς
363 2524 471 2576 τῶν
510 2520 948 2575 πεπιστευκότων
987 2516 1289 2589 κηπεύεται
1313 2555 1328 2579 ,
1361 2515 1489 2586 ῥόας
1525 2513 1780 2584 ὀνομάζει

198 2621 274 2674 τά
304 2619 493 2689 δένδρα
535 2617 601 2679 ἃς
631 2616 934 2685 φυτηκομεῖ
973 2614 1001 2665 6
1047 2612 1243 2680 Λόγος,
1277 2613 1305 2664 6
1344 2611 1494 2681 παρά
1530 2608 1625 2662 τοῦ
1663 2609 1782 2662 στό-

203 2728 377 2783 ματος
412 2711 511 2779 τῆς
540 2708 757 2778 νύμφης
797 2703 1274 2773 ἀποστελλόμενος.
1324 2702 1388 2754 Ἥ
1422 2701 1479 2754 δέ
1519 2702 1618 2771 ῥόα
1653 2700 1780 2753 δυσ-

195 2802 551 2872 επιχείρητός
591 2800 706 2851 ἐστι
738 2797 816 2868 τῷ
860 2796 1065 2867 κλέπτῃ
1116 2793 1444 2856 ἀκανθώδεις
1487 2791 1782 2863 προϐαλλοο

203 2896 351 2968 μένῃ
395 2895 521 2955 τοὺς
547 2893 797 2963 ὄρπηκας
825 2929 839 2952 ,
875 2888 1089 2941 καὶτὸν
1131 2886 1341 2958 καρπὸν
1383 2882 1641 2955 αὐστηρῷ
1677 2901 1781 2936 τινι

200 2985 303 3042 καὶ⁵
321 2984 656 3056 πικραίνοντι
687 2981 829 3035 κατὰ
849 2979 947 3050 τήν
977 2978 1165 3047 γεῦσιν
1186 2976 1264 3047 τῷ
1285 2975 1604 3046 καλύμματι
1627 2992 1782 3042 περι-

201 3078 412 3150 έχουσά
440 3093 499 3128 τε
552 3074 648 3129 καὶ
675 3071 1072 3143 ὑποτρέφουσα·
1114 3069 1174 3132 ὃς
1213 3067 1354 3122 κατά
1387 3068 1477 3120 τὸν
1506 3066 1633 3120 ἴδιον
1662 3082 1784 3118 και-

1867 591 2136 646 calamum
2160 599 2215 646 et
2238 591 2665 654 cinnamomum,
2695 597 2749 644 et
2769 603 2985 646 omnem
3005 585 3168 644 aliam
3197 585 3432 656 speciem

1867 682 2078 750 Libani,
2105 691 2161 738 et
2191 682 2492 754 myrrham,
2538 688 2592 736 et
2626 681 2804 744 aloen,
2847 689 2902 736 et
2929 679 3105 750 prima
3137 685 3432 748 unguenta.

1867 775 2161 848 Postquam
2193 791 2325 846 ergo
2357 775 2743 830 convenienter
2772 774 2824 829 ei
2866 787 2988 844 quae
3014 779 3098 827 est
3127 770 3184 828 in
3218 769 3437 832 Psalmo

1869 871 2208 934 beatitudini,
2234 875 2349 942 ipsa
2364 869 2455 925 Dei
2482 869 2616 925 freta
2642 869 2868 934 auxilio,
2897 867 3166 938 disposuit
3192 865 3246 920 in
3270 863 3438 920 corde

1869 966 1970 1020 bas
2006 964 2264 1034 pulchras
2307 964 2680 1025 escensiones,
2713 976 2926 1030 semper
2956 977 2985 1013 a
3013 961 3212 1013 virtute
3249 957 3438 1011 ambu-

1870 1059 1989 1114 lans
2026 1059 2080 1112 in
2110 1058 2388 1120 virtutem,
2416 1055 2646 1125 pulchre
2671 1053 2727 1108 in
2757 1060 2902 1109 statu
2929 1051 3242 1122 perfectiori
3270 1049 3440 1104 malo-

1871 1164 1990 1203 rum
2045 1149 2367 1219 punicorum
2414 1145 2706 1215 paradisus
2746 1145 3099 1198 nominantur
3150 1141 3262 1196 oris
3321 1140 3440 1209 ejus

1871 1242 2210 1297 emissiones.
2271 1239 2534 1308 Apposite
2595 1245 2779 1291 autem
2841 1234 3100 1300 subjecta:
3158 1230 3442 1285 sententia:

1871 1335 2124 1402 adaptata
2175 1329 2275 1384 fuit
2334 1328 2498 1384 dictio
2537 1324 2868 1382 emissionis.
2913 1321 3047 1376 Nam
3094 1320 3238 1390 quod
3283 1318 3440 1372 entit-

1873 1423 2114 1488 titnr,a|i
2165 1436 2231 1476 eo
2289 1421 2382 1489 qui
2422 1417 2610 1480 mittit,
2651 1415 2847 1470 transit
2885 1415 2950 1469 ad
3005 1429 3129 1468 eum
3169 1411 3264 1480 qui
3313 1425 3440 1466 sus-

1872 1515 2024 1582 cipit.
2081 1512 2246 1583 ldque
2308 1514 2432 1567 licet
2486 1511 2700 1564 discere
2739 1524 2805 1563 ex
2859 1514 3129 1562 consuete
3186 1519 3288 1560 usu
3329 1516 3449 1555 ver-

1873 1607 1965 1673 bi,
1994 1605 2170 1676 quod,
2213 1614 2272 1660 ut
2297 1604 2430 1659 dicit
2470 1602 2822 1672 Evangelium
2844 1639 2859 1663 ,
2891 1615 2986 1654 eos
3026 1597 3120 1668 qui
3152 1596 3446 1651 mittuntur

1873 1699 1940 1753 ad
1966 1698 2366 1769 praedicandam
2387 1696 2673 1752 veritatem
2691 1735 2706 1759 ,
2727 1691 2967 1748 Verbum
2991 1687 3292 1746 nominavit
3316 1700 3447 1756 apo-

1876 1789 2049 1845 stolos
2069 1829 2083 1850 .
2112 1787 2168 1843 id
2205 1795 2290 1843 est
2335 1787 2555 1842 missos.
2587 1783 2728 1850 Quid
2757 1791 2842 1838 est
2873 1781 3042 1852 igitur
3069 1778 3216 1849 quod
3245 1777 3448 1834 emittit

1877 1897 1939 1936 os
1968 1879 2226 1950 sponsae?
2255 1879 2480 1934 verbum
2513 1878 2728 1934 scilicet
2759 1875 2879 1929 ﬁdei
2909 1891 2924 1942 ;
2952 1871 3099 1944 quod
3126 1885 3250 1925 cum
3277 1877 3360 1945 est
3389 1869 3446 1928 ἱι

1875 1975 1946 2028 iis
1977 1975 2071 2042 qui
2103 1972 2445 2042 suscipiunt,
2478 1972 2536 2024 lit
2563 1969 2856 2042 paradisus
2893 1965 2988 2036 qui
3026 1965 3307 2036 plantatur
3350 1975 3448 2032 per
3547 2037 3549 2042 τ

1878 2065 2211 2119 auditionem
2236 2063 2289 2117 in
2317 2062 2601 2118 cordibus.
2631 2059 2836 2116 Nemus
2862 2067 3040 2113 autem
3068 2057 3370 2128 plantatum
3394 2059 3450 2108 et

1879 2156 2139 2225 frequens
2189 2153 2514 2216 arboribus,
2559 2150 2874 2222 paradisum
2919 2148 3058 2203 solet
3085 2159 3285 2201 vocare
3310 2157 3447 2210 con-

1880 2246 2136 2302 suetudo.
2172 2243 2244 2298 Ιᾶι
2277 2258 2408 2314 ergo
2437 2243 2719 2298 discamus
2749 2241 2912 2297 etiam
2953 2254 3126 2310 genus
3155 2237 3446 2300 arborum,

1879 2352 2002 2407 qua:
2033 2350 2128 2405 per
2156 2332 2393 2388 Verbum
2425 2333 2684 2386 coluntur
2713 2330 2768 2384 in
2797 2329 2975 2384 hortis
3013 2327 3321 2382 animarum
3359 2340 3452 2380 eo-

1880 2445 2002 2485 rum
2032 2427 2124 2497 qui
2161 2425 2553 2488 crediderunt,
2589 2423 2764 2478 malos
2807 2421 3034 2492 punicas
3077 2419 3326 2474 nominat
3359 2431 3453 2470 ar.-

1881 2520 2041 2575 bores
2061 2558 2075 2582 ,
2107 2531 2248 2588 quas
2277 2514 2514 2570 Verbum
2544 2515 2756 2586 plantat
2787 2523 2841 2567 et
2871 2511 3036 2576 colit,
3068 2509 3214 2580 quod
3247 2508 3454 2564 emitti-

1881 2620 1972 2667 tur
1997 2627 2064 2666 ex
2094 2625 2190 2664 ore
2219 2622 2455 2678 sponse.
2488 2606 2690 2662 Malum
2721 2613 2904 2660 autem
2941 2602 3194 2674 punicam
3223 2600 3458 2656 diﬁicili-

1881 2713 1966 2758 ter
1993 2702 2080 2757 fur
2104 2699 2438 2772 aggreditur,
2467 2708 2528 2753 ut
2551 2713 2674 2768 quae
2697 2697 2952 2768 spinosos
2979 2693 3223 2764 proferat
3247 2707 3456 2756 ramos,

1881 2805 1939 2852 et
1971 2795 2208 2866 quodam
2241 2796 2294 2848 in
2328 2801 2492 2864 gustu
2522 2799 2748 2846 austero
2775 2799 2830 2845 et
2859 2788 3221 2844 amarescenti
3255 2801 3461 2858 propu-

1883 2887 2116 2959 gnaculo
2146 2886 2384 2941 fructum
2416 2883 2698 2939 contineat
2721 2889 2769 2936 et
2803 2881 3010 2936 nutriat
3035 2900 3048 2936 :
3075 2881 3166 2950 qui
3195 2893 3296 2935 suo
3325 2888 3464 2934 tem-

1883 2994 2036 3049 pore,
2090 2988 2377 3048 postquam
2432 2971 2781 3038 maturuerit,
2829 2972 3004 3039 fracto
3053 2971 3258 3026 cortice
3313 2970 3463 3026 intus

1885 3078 2132 3141 apparet,
2173 3069 2296 3124 visu
2347 3066 2566 3137 quidem
2609 3063 2890 3134 jucundus
2929 3071 2984 3118 et
3027 3062 3166 3118 bene
3212 3060 3462 3130 allectus,

202 3171 306 3241 ρὸν
347 3167 484 3240 μετά
513 3166 575 3219 τὸ
600 3163 974 3233 πεπανθῆναι,-
992 3160 1086 3214 τοῦ
1110 3159 1331 3230 ὲλύτρου
1359 3156 1784 3228 περιρραγέντος

1889 3163 2069 3235 gustui
2104 3171 2282 3216 autem
2329 3159 2570 3214 mellitus
2617 3164 2672 3212 et
2713 3155 2851 3211 nihil
2891 3155 3125 3210 aﬂ'erens
3176 3153 3460 3217 molestiae,

203 3259 422 3315 ἔνδοθεν
453 3255 813 3321 διαφαίνεται,
842 3252 974 3322 ἡδὺς
1012 3251 1109 3321 μὲν
1155 3249 1252 3320 τὴν
1283 3247 1404 3316 ὄψιν
1428 3247 1521 3300 καὶ
1546 3244 1785 3300 εὐδιάθε-

203 3371 324 3417 τος,
362 3349 630 3424 μελιειδὴς
661 3348 717 3401 δὲ
745 3347 842 3418 τὴν
870 3348 1056 3413 γεῦσιν
1101 3342 1193 3395 καὶ
1234 3341 1458 3406 ἄλυπος,
1495 3340 1586 3392 καὶ
1626 3355 1788 3391 κατα-

207 3444 524 3514 γλυκαίνων
556 3441 635 3511 τῷ
666 3438 911 3492 οἰνοειδεῖ
939 3433 1097 3506 χυμῷ
1140 3433 1208 3486 τά
1234 3429 1500 3499 γευστικά
1525 3429 1789 3498 αἰσθητή-

214 3555 332 3611 ρια.
373 3536 472 3589 Διά
515 3533 672 3587 τοῦτό
717 3549 804 3602 μοι
837 3530 985 3582 δοκεῖ
1032 3525 1170 3597 ῥοῶν
1215 3523 1540 3594 παράδεισος
1583 3521 1644 3572 ἐν
1669 3521 1791 3582 ταῖς

206 3609 326 3685 τῶν
352 3627 658 3681 ἀκουόντων
691 3624 889 3693 ψυχαῖς
916 3623 944 3674 ὁ
971 3615 1430 3685 ἀποστελλόμενος
1455 3614 1519 3665 ὲκ
1543 3610 1637 3665 τοῦ
1671 3609 1792 3663 στό-

214 3737 388 3793 ματος
407 3718 508 3787 τῆς
534 3717 752 3785 νύμφης
781 3713 936 3781 λόγος
971 3707 1321 3782 ἐργάζεσθαι,
1346 3707 1431 3759 ἵνα
1459 3703 1792 3774 διδαχθῶμεν

209 3814 306 3867 διὰ
322 3811 428 3864 τῶν
447 3807 777 3877 λεγομένων,
814 3805 888 3876 μὴ
913 3803 1001 3856 διά
1017 3819 1161 3865 τινος
1188 3799 1458 3861 ἐκλύσεως
1475 3799 1568 3851 καὶ
1581 3796 1793 3868 τρυφῆς

213 3903 366 3958 κατὰ
408 3900 508 3970 τὴν
540 3895 820 3966 παροῦσαν
863 3892 1007 3962 ζωὴν
1055 3888 1485 3966 μαλακίζεσθαι,
1522 3886 1658 3940 ἀλλὰ
1701 3885 1793 3938 τὸν

214 3987 630 4059 κατεσκληκότα
683 3984 771 4037 διά
819 3983 916 4052 τῆς
960 3979 1286 4052 ἐγκρατείας
1337 3977 1608 4049 αἱρεῖσθαι
1657 3975 1789 4045 βίον.

213 4081 382 4136 Οὕτω
408 4080 517 4150 γάρ
537 4077 828 4148 ἀπρόσιτος
848 4072 1054 4141 γένοιτο
1075 4073 1187 4133 τοῖς
1217 4068 1472 4130 κλέπταις
1493 4068 1520 4119 6
1543 4067 1641 4136 τῆς
1667 4065 1797 4136 ἀρεο

215 4174 320 4244 τῆς
349 4170 581 4240 καρπὸς,
613 4169 680 4236 τῇ
711 4166 887 4234 στυφῇ
920 4162 1014 4218 καὶ
1058 4164 1125 4232 τῇ
1166 4162 1264 4232 τῆς
1293 4157 1617 4229 ἐγκρατείας
1642 4173 1798 4226 περι-

214 4267 354 4336 ϐολῇ
381 4260 785 4333 πεφραγμένος,
814 4258 909 4310 καὶ
938 4255 1026 4308 διὰ
1053 4255 1152 4323 τῆς
1180 4253 1384 4323 σεμνῆς
1416 4269 1476 4303 τε
1510 4251 1602 4302 καὶ
1635 4249 1798 4318 ἀμει-

215 4335 350 4418 δοῦς
376 4352 778 4410 καταστάσεως,
805 4341 914 4400 οἷόν
935 4361 1074 4400 τισιν
1097 4340 1347 4395 ἀκανθῶν
1375 4340 1601 4410 ἀκμαῖς.
1626 4335 1801 4407 ἀμύσο

211 4431 338 4502 ’σων
388 4445 514 4504 τοὺς
557 4442 648 4494 ἐπὶ
692 4437 847 4509 κακῷ
895 4432 1370 4506 προσεγγίζοντας.
1421 4430 1562 4483 Ἀλλ’
1603 4430 1728 4482 ὅταν
1770 4429 1800 4482 6

1893 3257 1984 3326 qui
2023 3269 2220 3325 sapore
2249 3252 2485 3323 quodam
2519 3250 2631 3304 vini
2666 3248 2835 3303 simili
2867 3257 3061 3318 gustus
3102 3246 3464 3301 instrumenta

1891 3346 2052 3403 allicit
2086 3344 2391 3400 dulcedine.
2424 3341 2719 3411 Propterea
2765 3337 2899 3393 mibi
2929 3337 3146 3392 videtur
3179 3334 3464 3406 paradisus

1893 3440 2160 3492 malorum
2189 3433 2512 3504 punicarum
2532 3472 2547 3496 ,
2572 3444 2768 3499 nempe
2794 3441 2974 3483 sermo
2999 3426 3092 3496 qui
3117 3425 3384 3482 emittitur
3408 3427 3466 3478 in

1891 3529 2108 3593 animas
2153 3525 2463 3580 auditorum
2494 3537 2562 3577 ex
2588 3535 2686 3575 ore
2713 3533 2957 3590 sponsae,
2987 3517 3232 3580 eilicere,
3263 3524 3321 3570 ut
3361 3515 3468 3570 do-

1892 3635 2115 3676 ceamur
2136 3631 2234 3688 per
2255 3631 2318 3671 ea
2343 3629 2463 3685 qua
2483 3612 2764 3671 dicuntur,
2795 3623 2904 3663 non
2932 3623 3028 3678 per
3053 3606 3467 3663 dissolutionem

1893 3713 2134 3782 aliquam
2181 3717 2237 3764 et
2265 3707 2497 3764 delicias
2552 3704 2610 3758 in
2659 3702 2770 3756 vita
2817 3699 3072 3772 pmsenti
3119 3697 3356 3754 emolliri
3403 3711 3470 3750 ac

1893 3798 2145 3856 encrvari
2165 3837 2182 3858 ,
2209 3796 2305 3853 sed
2335 3811 2431 3863 per
2454 3791 2846 3849 continentiam
2871 3829 2886 3852 ,
2918 3789 3111 3843 duram
3139 3795 3194 3843 et
3222 3803 3471 3856 asperam

1891 3893 2058 3950 vitam
2086 3891 2306 3959 eligere.
2337 3885 2414 3944 Ita
2442 3887 2587 3940 enim
2623 3883 2691 3936 ad
2721 3881 2960 3936 fructum
2995 3879 3217 3934 virtutis
3253 3878 3470 3932 furibus

1893 4001 2004 4041 non
2037 3982 2241 4054 patebit
2266 3979 2446 4034 aditus
2467 4017 2481 4042 ,
2502 3987 2562 4032 ut
2585 3975 2683 4046 qui
2712 3975 2783 4029 sit
2809 3975 3071 4043 obseptus
3097 3981 3317 4027 austero
3340 3986 3474 4025 con-

1895 4077 2141 4134 tinentia:
2183 4072 2389 4128 ambitu
2413 4111 2428 4136 ,
2472 4076 2528 4124 et
2570 4082 2665 4138 per
2703 4080 2948 4122 severam
2996 4079 3060 4119 ac
3087 4063 3318 4134 rigidam
3349 4062 3474 4117 vitae

1896 4166 2382 4226 constitutionem,
2442 4160 2606 4216 veluti
2652 4174 2751 4229 per
2793 4156 3057 4228 quasdam
3103 4154 3327 4224 spinas,
3375 4168 3476 4213 eos

1897 4275 2181 4335 pungens,
2211 4256 2304 4327 qui
2337 4267 2396 4310 ut
2427 4253 2573 4309 malo
2601 4251 2870 4315 alliciant,
2914 4249 3180 4305 accedunt
3220 4247 3471 4319 propius.

1901 4355 2008 4412 Sed
2038 4352 2258 4424 quando
2285 4361 2499 4419 tempus
2530 4345 2825 4416 praebuerit
2855 4342 3322 4413 opportunitatem
3353 4341 3474 4395 fru-

1901 4447 2028 4504 endi
2061 4444 2366 4503 fructibus,
2399 4439 2576 4494 malus
2606 4437 2806 4508 punica
2836 4434 2896 4490 ﬁt
2921 4433 3164 4488 omnium
3195 4431 3476 4488 fructuum

219 4538 420 4608 καιρὸς
458 4535 716 4605 παράσχῃ
755 4531 854 4597 τῆς
899 4525 1254 4590 ἀπολαύσεως
1302 4522 1410 4578 τῶν
1463 4520 1692 4591 καρπῶν
1741 4519 1789 4572 τί

1905 4537 2115 4594 deliciae
2140 4551 2208 4591 ex
2241 4534 2440 4604 quovis
2466 4544 2668 4600 genere
2695 4527 2963 4582 malorum
2985 4566 3000 4588 ,
3031 4539 3142 4579 non
3172 4523 3318 4594 quod
3347 4538 3479 4594 pru-

220 4631 528 4699 ὲνδόσιμον,
564 4623 892 4699 παγκαρπία
918 4622 1013 4690 τῆς
1041 4619 1253 4690 τρυφῆς
1291 4619 1355 4670 ὲκ
1384 4615 1584 4678 παντὸς
1612 4613 1802 4681 γένους

219 4721 340 4775 τῶν
372 4695 687 4790 ἀκροδρύων
720 4715 816 4785 ῥόα
849 4713 1076 4782 γίνεται,
1107 4714 1207 4764 οὐκ
1247 4711 1306 4762 ἐν
1337 4707 1624 4782 βραϐύλοις
1655 4708 1687 4777 ἢ
1717 4707 1806 4777 βα-

225 4814 443 4875 λάνοις,
477 4811 512 4881 ή
557 4825 666 4861 τισι
702 4809 815 4869 τοῖς
841 4805 1100 4866 τοιούτοις
1136 4804 1234 4873 τῆς
1270 4802 1378 4856 τῶν
1412 4800 1638 4870 καρπῶν
1667 4801 1804 4852 ἀπο-

224 4905 477 4968 λαύσεως
505 4900 815 4970 γινομένης·
851 4897 986 4952 ἀλλά
1023 4895 1240 4965 ποικίλη
1261 4911 1343 4956 τις
1387 4893 1480 4947 καὶ
1525 4890 1808 4960 πολυειδὴς

227 4997 543 5070 ἀρωμάτων
567 4993 724 5063 φύσις
753 4993 817 5044 ὲκ
840 4989 949 5043 τῶν
977 4987 1288 5059 ἀκροδρύων
1327 4985 1663 5056 εὑρίσκεται.
1695 4980 1808 5034 Κύ-

229 5107 374 5163 προς
406 5088 516 5158 γάρ
546 5088 662 5139 ἐστι
698 5083 836 5154 μετὰ
873 5081 1082 5151 νάρδων
1114 5081 1147 5148 ἡ
1176 5079 1315 5148 καλὴ
1341 5075 1592 5143 συζυγία,
1618 5073 1678 5125 τὸ
1709 5072 1809 5142 μὲν

230 5181 460 5254 θερμὸν,
501 5179 562 5232 τὸ
592 5178 648 5230 δὲ
678 5176 894 5236 εύῶδες.
934 5172 1009 5225 Ού
1047 5173 1156 5241 γάρ
1195 5171 1471 5226 ἐπαινετὸν
1499 5172 1583 5239 ἐφ’
1613 5169 1807 5224 ἑαυτοῦ

232 5275 297 5328 τὸ
323 5270 545 5344 θερμὸν,
571 5271 698 5323 ὅταν
719 5264 960 5335 δυσώδης
982 5263 1226 5334 πύρωσις
1249 5262 1569 5334 ήθερμότης
1675 5263 1811 5318 ἀλλά

235 5359 750 5434 συμμαρτυρεῖσθαι
791 5356 897 5428 χρὴ
934 5353 1011 5425 τῷ
1068 5353 1255 5424 θερμῷ
1287 5353 1372 5408 διά
1419 5354 1516 5425 τῆς
1556 5354 1814 5418 εὐπνοίας

232 5458 341 5528 τὴν
391 5452 765 5522 καθαρότητα,
813 5448 902 5502 ἵνα
930 5447 1152 5515 γένηται
1191 5443 1268 5514 τῷ
1292 5443 1568 5516 Πνεύματι
1597 5444 1754 5510 ζέων,
1783 5448 1812 5499 ὁ

234 5549 341 5618 τῆς
377 5543 574 5616 ἀηδοῦς
601 5541 944 5612 θερμότητος
984 5535 1412 5607 κεκαθαρμένος.
1478 5537 1564 5590 Ἐν
1607 5538 1815 5602 τούτοις

240 5637 390 5690 ἔστιν
416 5634 596 5706 εὑρεῖν
621 5633 732 5693 τοῖς
763 5626 1100 5698 ἀκροδρύοις,
1129 5628 1222 5678 καὶ
1258 5626 1324 5679 τά
1366 5626 1500 5680 ἀλλά
1529 5627 1813 5699 ἀρώματα,

236 5731 456 5803 νάρδον,
503 5730 667 5799 φησι,
717 5726 811 5778 καὶ
861 5723 1075 5792 κρόκον.
1145 5721 1302 5775 Ἀλλά
1347 5723 1444 5792 τῆς
1493 5723 1590 5792 μὲν
1626 5721 1816 5793 νάρδου

237 5828 342 5894 την
374 5822 625 5874 εἷρπντιαν
658 5820 714 5868 ἐν
741 5818 848 5878 τοῖς
881 5815 992 5868 ἀνω
1031 5813 1428 5883 μεμαθήκαμεν
1462 5811 1661 5879 λόγοις·
1704 5811 1812 5865 λοι·

569 5915 839 5973 Damon.
875 5907 990 5968 Gn.
1027 5905 1247 5968 XLlV.

1906 4632 1993 4688 nis
2023 4627 2376 4683 Damascenis
2397 4665 2412 4688 ,
2441 4631 2537 4678 aut
2565 4619 2856 4692 glandibus
2875 4656 2892 4680 ,
2927 4624 3023 4671 aut
3052 4615 3326 4686 aliquibus
3354 4615 3478 4672 aliis

1904 4719 2176 4793 ejusmodi
2218 4721 2290 4774 sit
2317 4714 2644 4776 fruendum,
2673 4709 2769 4767 sed
2793 4709 2945 4766 varia
2975 4716 3031 4760 et
3059 4706 3342 4776 multiplex
3373 4720 3477 4764 na-

1905 4822 2030 4868 tura
2077 4819 2385 4866 aromatum
2432 4806 2710 4862 invenitur
2761 4802 2816 4855 in
2861 4799 3022 4854 malis
3049 4817 3063 4852 :
3095 4807 3180 4855 est
3205 4798 3350 4853 enim
3382 4813 3479 4869 cy-

1905 4921 2038 4976 prus
2064 4919 2190 4958 cum
2221 4901 2407 4957 nardis
2437 4897 2726 4970 pulchrum
2754 4892 3066 4962 coniugium
3089 4931 3104 4958 ,
3136 4891 3228 4944 illa
3255 4889 3478 4960 quidem

1907 4994 2086 5050 calida
2105 5033 2120 5056 ,
2151 4993 2267 5047 hate
2295 5004 2422 5045 vero
2447 4985 2742 5042 odorifera.
2785 4981 2906 5038 Non
2928 4990 3012 5038 est
3038 4983 3182 5038 enim
3210 4982 3360 5036 calor
3383 4995 3484 5049 per

1909 5101 1969 5142 se
1997 5083 2290 5139 laudabilis
2309 5122 2323 5146 ,
2359 5080 2582 5152 quando
2609 5079 2762 5134 calor
2787 5087 2874 5134 est
2903 5075 3070 5131 fetida
3099 5072 3479 5134 inﬂammatio,

1911 5176 2006 5233 sed
2038 5183 2254 5245 oportet
2279 5173 2595 5244 puritatem
2609 5185 2706 5240 per
2734 5169 2936 5224 bonum
2968 5167 3195 5221 odorem
3231 5162 3376 5220 ferre
3402 5169 3486 5226 te-

1911 5267 2228 5326 stimonium
2258 5266 2326 5321 de
2353 5264 2568 5329 calore,
2592 5273 2657 5319 ut
2679 5262 2752 5318 sit
2779 5268 2971 5318 sancto
3001 5258 3206 5325 Spiritu
3240 5254 3479 5316 fervens.

1912 5359 2006 5430 qni
2033 5369 2116 5415 est
2144 5373 2173 5411 a
2207 5365 2348 5412 tetro
2377 5355 2560 5412 calore
2591 5360 2945 5424 expurgatus.
2982 5347 3044 5404 In
3078 5348 3165 5402 his
3199 5345 3360 5401 malis
3391 5345 3482 5400 in-

1914 5451 2100 5506 venire
2127 5451 2257 5505 licet
2301 5449 2467 5504 etiam
2504 5446 2610 5502 alia
2646 5452 2926 5508 aromata,
2968 5439 3231 5502 nardum,
3262 5436 3442 5507 inquit
3467 5475 3484 5496 ,

1914 5552 1970 5598 et
1997 5558 2242 5600 crocum.
2273 5540 2379 5596 Sed
2411 5539 2568 5596 nardi
2599 5538 2821 5608 quidem
2866 5548 3086 5591 suavem
3131 5530 3358 5585 odorem
3404 5528 3491 5582 di-

1917 5633 2151 5689 dicimus
2177 5635 2231 5688 in
2263 5633 2332 5687 iis
2357 5647 2482 5701 qua:
2512 5644 2680 5699 supra
2715 5628 2861 5682 dicta
2901 5632 3029 5684 sunt
3058 5640 3072 5687 ;
3104 5630 3274 5680 restat
3305 5630 3488 5676 autem

1919 5737 1978 5779 ιιι
2025 5726 2172 5780 croci
2223 5724 2579 5780 ostendamus
2622 5721 2928 5790 aenigmata.
2980 5716 3180 5772 Dicunt
3228 5729 3358 5786 ergo
3395 5711 3490 5782 qui

1921 5817 2085 5888 hujus
2123 5816 2271 5873 ﬂoris
2312 5816 2566 5872 virtutem
2611 5813 3065 5873 considerarunt,
3115 5825 3240 5863 eum
3289 5807 3489 5861 habere

3097 5903 3164 5964 3i
