4028 6566
686 393 787 449 971

1926 391 1984 446 S.
2024 389 2349 448 GREGOBII
2384 387 2674 446 NYSSENI
3753 398 3819 454 9η
3908 391 3909 454 ἦ

687 504 927 562 medium
976 505 1116 561 inter
1157 503 1396 560 calorem
1443 514 1496 560 et
1550 506 1756 578 lrigns,
1797 515 1852 562 et
1904 509 1959 563 in
2007 509 2241 577 utrisque

2314 533 2328 567 ι
2353 506 2457 560 πον
2485 508 2529 560 δ’
2570 508 2635 560 ἄν
2674 505 2762 580 εἴη
2783 503 2878 560 τοῦ
2903 505 3099 579 κρόκου
3128 506 3189 560 τὸ
3221 507 3442 577 αἴνιγμα
3473 509 3754 580 παραστῆσαι
3771 517 3819 583 τῲ

686 601 874 671 fugere
917 597 1464 664 immoderationem,
1512 607 1566 654 et
1612 599 1812 655 habere
1859 600 1968 655 vim
2021 600 2256 656 leniendi

686 692 902 745 dolores
951 706 965 743 :
1014 688 1149 743 adeo
1200 695 1259 742 ut
1303 703 1402 760 per
1449 691 1551 745 hoc
1605 690 1746 747 forte
1798 690 2157 762 (Scriptura)
2200 691 2256 746 in

688 782 980 853 aenigmate
1008 779 1424 851 philosophetur
1452 780 1520 836 de
1553 782 1775 837 virtute.

751 1067 1052 1140 Propterea
1079 1068 1226 1139 quod
1256 1069 1428 1124 virtus
1455 1076 1540 1126 est
1566 1069 1742 1124 media
1772 1069 1914 1124 inter
1941 1069 2048 1125 duo
2080 1071 2210 1124 vitia
2232 1110 2248 1134 ,

683 1149 878 1230 nempe
907 1162 1051 1214 inter
1092 1158 1361 1214 delectum
1404 1160 1615 1215 honesti
1659 1169 1714 1215 et
1753 1162 2248 1230 exsuperationem.

683 1248 837 1312 Sicut
858 1249 1049 1305 dicunt
1073 1250 1250 1321 magni
1278 1251 1443 1304 animi
1466 1251 1720 1305 virtutem
1749 1262 1804 1306 et
1831 1252 2210 1308 liberalitatem
2233 1292 2249 1316 ,

681 1340 828 1394 illam
867 1341 1086 1410 quidem
1134 1341 1472 1396 considerari
1517 1343 1568 1396 in
1612 1341 1793 1397 medio
1839 1343 2151 1400 timiditatis
2197 1351 2251 1400 et

681 1431 963 1486 audaciae:
996 1431 1138 1486 hanc
1173 1446 1302 1487 vero
1328 1433 1382 1486 in
1417 1433 1596 1488 medio
1626 1436 1867 1489 avaritiae
1896 1444 1948 1490 et
1975 1436 2249 1505 profusio-

682 1523 804 1588 nis;
833 1531 884 1577 et
913 1523 1252 1578 timiditatem
1278 1524 1495 1593 quidem
1525 1534 1579 1579 et
1609 1526 1893 1580 avaritiam
1916 1527 2106 1582 dicunt
2127 1543 2249 1585 esse

681 1615 737 1668 in
769 1614 900 1668 vitio
925 1623 1148 1684 propter
1175 1613 1445 1670 defectum
1479 1617 1601 1685 ejus
1628 1619 1772 1688 quod
1815 1619 1970 1675 decet
1997 1639 2012 1674 :
2056 1621 2247 1691 profu-

679 1706 888 1759 sionem
932 1714 1109 1759 autent
1147 1715 1200 1759 ct
1243 1705 1525 1760 audaciam
1568 1707 1625 1761 in
1667 1724 1900 1764 excessu
1933 1718 1988 1766 et
2015 1726 2245 1782 supera-

677 1796 998 1853 bundantia.
1027 1795 1260 1851 Medium
1292 1808 1473 1853 autem
1519 1799 1912 1856 moderationis
1957 1803 2078 1872 ejus
2123 1820 2246 1874 qum

678 1897 763 1943 est
791 1890 845 1942 in
877 1896 1144 1956 utroque,
1179 1890 1467 1944 nominant
1500 1891 1782 1946 virtutem.
1828 1892 1998 1948 Habet
2035 1910 2165 1964 ergo
2195 1895 2248 1950 id

675 1981 819 2050 quod
860 1979 928 2034 de
970 1995 1133 2034 croco
1174 1980 1393 2044 dicitur,
1439 1981 1584 2052 quod
1626 1981 1691 2035 ad
1736 1984 1990 2038 virtutem
2023 1987 2246 2052 attinet,

676 2071 880 2139 aliquid
908 2086 1253 2141 consequens
1283 2072 1647 2128 mediocritati
1679 2074 1984 2140 facultatis,
2017 2085 2077 2131 ut
2103 2078 2247 2148 quod

677 2165 1071 2232 interpretatur
1102 2164 1238 2217 nihil
1268 2165 1458 2218 virtuti
1495 2166 1730 2221 deiicere
1772 2178 1826 2221 et
1863 2169 2099 2224 ellluere.
2138 2169 2250 2240 Ego

675 2263 855 2310 autent
884 2255 1008 2309 dico
1031 2295 1045 2316 ,
1073 2257 1286 2310 etiamsi
1320 2257 1514 2311 rndius
1544 2267 1598 2312 et
1628 2261 1899 2328 agrestius
1927 2262 2172 2316 videatur
2196 2263 2249 2317 id

673 2346 820 2414 quod
851 2346 1077 2406 dicitur,
1104 2349 1252 2400 croci
1286 2348 1515 2417 aenigma
1545 2348 1686 2403 forte
1716 2351 1888 2420 magis
1916 2355 2136 2422 proprie
2162 2370 2250 2408 as-

676 2437 817 2490 sumi
851 2437 916 2489 ad
953 2439 1219 2490 rationem
1263 2437 1408 2492 lidei.
1459 2437 1594 2491 Nam
1625 2438 1724 2493 llos
1754 2442 1972 2508 quidem
2001 2453 2250 2498 versatur

673 2529 730 2580 in
760 2527 958 2596 triplici
992 2528 1302 2582 involucro.
1335 2528 1517 2596 lpsum
1558 2539 1739 2583 autem
1787 2531 2129 2587 involucrum
2163 2547 2248 2591 est

673 2618 773 2673 llos
804 2621 859 2672 in
891 2621 1075 2674 colore
1101 2634 1279 2674 aereo.
1312 2621 1584 2673 lnvolucri
1615 2631 1794 2675 autem
1823 2632 1988 2677 exuto
2013 2628 2244 2695 amictu,

673 2719 786 2765 tres
832 2712 1055 2764 omnino
1101 2712 1453 2764 inveniuntur
1501 2711 1664 2766 ﬂores
1711 2713 1850 2768 bene
1896 2718 2138 2782 olentes,
2194 2731 2247 2775 et

675 2800 835 2854 utiles
875 2799 943 2852 ad
976 2800 1318 2863 curationes,
1352 2799 1528 2867 operti
1571 2799 1908 2868 involucris,
1954 2807 2048 2875 qui
2096 2809 2247 2862 simi~

675 2891 794 2945 liter
827 2900 882 2945 et
927 2889 1116 2945 eodem
1162 2890 1323 2943 modo
1364 2891 1504 2945 inter
1532 2907 1654 2946 sese
1681 2893 1908 2958 habent,
1947 2899 2248 2966 pulchritu-

671 2981 804 3035 dine
832 2991 884 3034 et
918 2982 1294 3052 magnitudine
1327 2989 1381 3035 et
1418 2982 1562 3037 bono
1607 2984 1774 3041 odore
1816 2996 1869 3040 et
1915 2991 2248 3059 proprietate

672 3075 923 3135 virtutis,
953 3083 1012 3128 et
1039 3084 1151 3129 tres
1186 3091 1280 3145 per
1310 3080 1494 3132 omnia
1542 3097 1686 3136 unus
1727 3084 2113 3146 ostenduntur,
2150 3098 2244 3136 co-

671 3168 805 3222 loris
838 3168 1077 3221 bonitate
1101 3209 1114 3232 ,
1149 3167 1338 3223 odoris
1373 3173 1648 3228 suavitate
1675 3213 1690 3235 ,
1735 3184 1788 3228 et
1830 3176 2093 3244 qualitate
2130 3176 2243 3228 vir-

2363 597 2526 668 λόγῳ.
2557 599 2691 652 Φασὶ
2721 598 2819 668 μὲν
2847 593 2938 652 οὖν
2983 599 3030 650 οἱ
3067 597 3165 669 τὴν
3200 598 3423 668 δύναμιν
3458 599 3544 651 τοῦ
3570 599 3724 666 ἄνθους
3744 605 3820 657 τού-

2362 711 2456 747 του
2483 693 2932 764 κατανοήσαντες,
2967 690 3146 762 μέσως
3175 690 3316 761 ἔχειν
3338 689 3538 758 ψύξεὼς
3559 709 3610 744 τε
3643 696 3716 746 καὶ
3743 695 3821 766 θερ-

2366 783 2613 854 μότητος,
2643 783 2737 837 καὶ
2769 782 2827 836 τὸ
2860 781 3082 852 φεύγειν
3109 781 3204 852 τὴν
3245 783 3326 850 ἐφ’
3357 783 3593 853 ἑκάτερον
3619 785 3820 853 ἀμετρίινο

2361 874 2437 938 ὼς
2471 874 2557 927 διὰ
2586 873 2775 927 τούτου
2801 875 2940 945 τάχα
2975 875 3065 927 τὸν
3097 874 3226 946 περὶ
3250 876 3346 945 τῆς
3375 876 3561 948 ἀρετῆς
3582 879 3691 946 ἡμῖν
3720 875 3822 946 λόγον

2361 963 2666 1033 φιλοσοφεῖν
2694 963 2771 1034 τῷ
2796 965 3096 1034 αἰνίγματι.

2429 1055 2572 1107 Διότι
2602 1055 2750 1107 πᾶσα
2788 1054 2955 1123 ἀρετὴ
2987 1054 3172 1107 κακῶν
3199 1055 3314 1108 ἐστι
3341 1056 3496 1125 μέση,
3533 1057 3622 1126 τῆς
3643 1077 3691 1112 τε
3715 1061 3826 1115 ὲλλεί.

2357 1146 2504 1216 ψεως
2534 1146 2627 1200 τοῦ
2660 1147 2847 1207 καλοῦ,
2875 1147 2969 1200 καὶ
2991 1149 3088 1219 τῆς
3112 1148 3527 1220 ύπερπτώσεως.
3553 1146 3659 1202 Οἷον
3681 1153 3754 1222 τὴν
3772 1155 3827 1206 ἄν·

2356 1237 2537 1309 δρείαν
2569 1237 2786 1312 καιτὴν
2828 1237 3137 1309 ἐλευθερίαν
3174 1239 3326 1308 φασὶ,
3371 1240 3466 1308 τὴν
3510 1239 3598 1308 μὲν
3625 1241 3777 1304 δειλίας
3793 1260 3828 1294 τε

2357 1331 2450 1383 καὶ
2495 1329 2846 1401 θρασύτητος,
2874 1331 2970 1402 τὴν
3011 1331 3066 1384 δὲ
3099 1330 3446 1401 μικρολογίας
3479 1348 3534 1383 τε
3559 1332 3642 1384 καὶ
3666 1333 3828 1397 ἀσωτίας

2356 1426 2413 1476 ὲν
2444 1421 2593 1493 μέσῳ
2629 1421 2948 1493 θεωρεῖσθαι
2969 1439 2982 1452 ο
3009 1423 3102 1476 καὶ
3134 1423 3232 1492 τὴν
3264 1422 3361 1492 μὲν
3400 1422 3585 1475 δειλίαν
3614 1439 3664 1475 τε
3686 1425 3756 1476 καὶ
3775 1443 3829 1494 μι-

2355 1513 2660 1585 κρολογίαν,
2707 1515 2828 1567 κατ’
2866 1513 3098 1583 ἔλλειψιν
3137 1513 3230 1566 τοῦ
3276 1513 3625 1584 καθήκοντες,
3651 1516 3697 1567 ὲν
3719 1517 3829 1586 κακίᾳ

2353 1607 2568 1674 λέγουσι
2597 1606 2860 1675 γίνεσθαι·
2891 1607 2990 1676 τὴν
3010 1606 3066 1659 δὲ
3088 1607 3322 1661 ἀσωτίαν
3347 1608 3437 1660 καὶ
3463 1607 3553 1677 τὴν
3575 1605 3826 1677 θρασύτητα,

2354 1699 2494 1754 κατὰ
2520 1699 2853 1770 πλεονασμὸν
2880 1699 2974 1752 καὶ
3012 1698 3380 1770 ύπέρπτωσιψ
3424 1698 3519 1768 τῆς
3541 1698 3592 1752 δὲ
3635 1698 3731 1751 καθ’
3751 1699 3829 1751 ἑκά·

2351 1809 2506 1864 τερον
2549 1792 2812 1864 ἀμετρίας
2850 1791 2910 1845 τὸ
2939 1791 3122 1862 μέσον,
3151 1789 3352 1860 ἀρετὴν
3377 1790 3711 1859 ὀνομάζουσιν·
3745 1789 3828 1842 οὒκ-

2285 1875 2324 1929 Β
2353 1882 2446 1936 οὖν
2483 1882 2595 1952 έχοι
2627 1882 2694 1936 ἄν
2737 1899 2791 1935 τι
2832 1881 2961 1952 περὶ
2999 1881 3097 1952 τὴν
3137 1879 3336 1952 ἀρετὴν
3373 1882 3400 1933 ὁ
3429 1881 3549 1950 περὶ
3589 1880 3670 1932 τοῦ
3693 1879 3828 1951 κρόκον

2356 1971 2528 2040 λόγος,
2561 1971 2850 2026 ἀκόλουθον
2873 1975 2938 2043 τῇ
2962 1971 3062 2040 τῆς
3085 1971 3367 2041 δυνάμεως
3395 1971 3649 2041 μεσότητι,
3675 1971 3721 2023 τὸ
3735 1970 3830 2023 ἀνελ-

2355 2063 2537 2125 λειπές
2565 2081 2624 2118 τε
2661 2065 2757 2118 καὶ
2797 2066 3083 2135 ἀπέριττον
3110 2063 3210 2133 τῆς
3241 2064 3490 2134 ἐναρέτου
3536 2063 3830 2124 καταστάσεως

2355 2156 2673 2229 ἐρμηνεῦον.
2723 2157 2862 2226 Ἐγὼ
2906 2157 2963 2210 δέ
2995 2174 3170 2227 φημι,
3205 2157 3309 2210 κᾶν
3344 2157 3714 2226 ἰδιωτικώτερον
3795 2157 3832 2207 τὸ

2353 2250 2663 2321 λεγόμενον,
2685 2252 2825 2321 τάχα
2874 2250 3072 2320 μᾶλλον
3101 2252 3235 2322 πρὸς
3271 2251 3362 2303 τὸν
3391 2251 3486 2321 τῆς
3509 2251 3712 2312 πίστεως
3729 2250 3832 2316 λόγον

2353 2343 2675 2415 οἰκειότερον
2727 2342 2787 2394 τὸ
2833 2343 3060 2412 αἴνιγμα
3110 2343 3202 2396 τοῦ
3249 2342 3448 2414 κρόκου
3500 2340 3830 2410 παραλαμόάνε-

2356 2434 2498 2487 σθαι.
2527 2434 2748 2506 Τριπλῷ
2776 2436 2873 2506 μὲν
2911 2436 3018 2506 γάρ
3048 2435 3417 2506 ύποτρέφεται
3443 2435 3500 2487 τὸ
3522 2432 3663 2496 ἄνθος
3684 2432 3744 2502 τῷ
3768 2434 3830 2484 κᾶ-

2353 2525 2495 2578 λυκιο
2524 2527 2614 2578 καλ⁸
2643 2527 2805 2588 αὐτὸς
2830 2525 2886 2578 δὲ
2923 2527 2952 2578 ό
2985 2526 3152 2592 κάλυξ
3182 2529 3240 2579 ἐν
3275 2526 3534 2596 ἁεροειδεῖ
3555 2527 3614 2593 τῇ
3636 2526 3758 2596 χροίᾳ
3776 2524 3832 2575 ἂν·

2353 2616 2444 2677 θος
2471 2617 2636 2671 ἐστίν.
2698 2617 3041 2687 Έκλυθείσης
3067 2619 3124 2670 δὲ
3156 2618 3253 2688 τῆς
3280 2619 3390 2671 τῶν
3417 2619 3644 2672 καλύκων
3680 2615 3832 2688 περιδο-

2352 2709 2469 2779 λῆς,
2497 2710 2621 2780 τρία
2651 2710 2962 2780 εὑρίσκεται
2987 2711 3202 2774 πάντως
3225 2709 3298 2764 τὰ
3321 2710 3628 2764 εύπνοοῦντα
3648 2710 3723 2763 καὶ
3745 2725 3833 2778 χρηο

2355 2801 2643 2872 σιμεύοντα
2679 2802 2812 2872 πρὸς
2837 2801 2935 2864 τὰς
2965 2803 3134 2865 ἰάσεις
3175 2802 3336 2875 ἄνθη,
3377 2804 3442 2857 τὰ
3463 2800 3832 2874 ύποκεκρυμμένα

2350 2897 2462 2954 τοῖς
2491 2892 2698 2958 κάλυξι,
2737 2893 2955 2964 μεγέθει
2995 2895 3089 2946 καὶ
3114 2894 3303 2948 κάλλει
3339 2895 3432 2948 καὶ
3467 2894 3669 2965 εύπνοὶᾳ
3699 2893 3770 2946 καὶ
3791 2890 3831 2956 τῇ

2351 2983 2451 3053 τῆς
2477 2983 2754 3055 δυνάμεως
2789 2985 3006 3054 ἰδιότητι
3032 2984 3295 3048 ὡσαύτως
3322 2985 3453 3054 πρὸς
3480 2984 3666 3052 ἄλληλα
3685 2983 3831 3052 ἔχοντα,

2353 3077 2446 3128 καὶ
2477 3075 2534 3128 ἓν
2561 3080 2628 3129 τὰ
2655 3075 2780 3146 τρία
2814 3075 2902 3128 διὰ
2942 3077 3159 3130 πάντων
3193 3076 3533 3146 δεικνύμενα,
3560 3075 3745 3146 εύχροίᾳ
3773 3089 3832 3129 τε.

2353 3163 2531 3228 καθὼς
2559 3166 2793 3235 εἴρηται,
2829 3165 2920 3218 καὶ
2946 3164 3189 3234 εύπνοίᾳ,
3229 3169 3327 3218 καὶ
3359 3164 3435 3235 τῷ
3464 3163 3591 3234 ποιῷ
3617 3163 3698 3231 τῆς
3723 3157 3832 3212 δυνάι

672 3259 826 3312 tutis.
862 3256 1073 3324 Quibus
1099 3259 1280 3327 agnati
1309 3267 1441 3314 sunt
1467 3263 1631 3316 etiam
1666 3233 1778 3318 tres
1813 3233 1940 3328 alii,
1972 3266 2089 3320 visu
2120 3267 2241 3334 qui-

2350 3273 2513 3326 μεως.
2546 3233 2641 3320 Οἷς
2668 3233 3186 3328 -συμπαραπέφυκεν
3221 3256 3388 3328 ’ἑτερα
3408 3233 3571 3328 τρία,
3602 3254 3740 3321 ξανθὰ
3770 3252 3831 3321 μὲν

671 3353 791 3404 dem
823 3343 966 3405 llavi,
1004 3347 1070 3402 ad
1103 3363 1320 3403 omnem
1353 3361 1532 3406 autem
1568 3369 1726 3406 usum
1775 3354 2050 3408 salubrem
2091 3356 2240 3409 nulla

670 3438 934 3508 qualitate
966 3439 1198 3508 prmditi.
1251 3438 1372 3506 Quo
1406 3441 1465 3495 ﬁt
1498 3450 1557 3495 ut
1588 3443 1871 3512 imperitos
1904 3447 1957 3499 in
2000 3448 2068 3501 iis
2108 3463 2241 3501 con-

671 3529 848 3599 tingat
873 3545 1082 3592 errare,
1114 3531 1206 3599 qui
1237 3541 1458 3601 propter
1482 3534 1682 3588 bonum
1709 3537 1946 3592 colorem
1973 3554 2073 3608 pro
2099 3540 2241 3594 bono

669 3621 971 3688 decerpunt
996 3619 1387 3675 adulterinum.
1418 3622 1576 3688 Quod
1611 3641 1756 3680 nunc
1783 3643 1999 3698 quoque
2034 3629 2241 3685 faciunt

672 3711 766 3780 qui
793 3720 982 3765 errant
1009 3712 1156 3766 circa
1190 3712 1372 3777 ﬁdem,
1393 3716 1486 3784 qui
1514 3717 1824 3787 suscipiunt
1851 3736 2042 3775 omnes
2073 3722 2240 3777 falsas

670 3815 724 3857 et
753 3813 871 3858 arte
899 3804 1202 3873 sophistica
1232 3806 1513 3865 confectas
1543 3810 1862 3878 opiniones,
1892 3821 1946 3867 et
1976 3829 2069 3868 eas
2099 3831 2238 3884 pra:-

674 3895 853 3951 ferunt
879 3897 1038 3951 bonis
1065 3906 1120 3951 et
1155 3900 1306 3952 sanis
1335 3900 1704 3970 dogmatibus.
1755 3902 1930 3974 Eligat
1975 3907 2239 3962 auditoris

665 3989 936 4058 judicium
989 3989 1136 4060 quod
1190 3991 1362 4058 velit,
1411 3993 1529 4048 sive
1576 3995 1806 4050 alterum
1855 4013 1920 4051 ex
1973 3999 2074 4063 iis,
2124 4001 2238 4055 sive

670 4089 1004 4152 utrumque:
1053 4092 1184 4136 sunt
1233 4086 1378 4139 enim
1423 4101 1592 4140 unum
1637 4088 2042 4156 quodammodo
2090 4103 2239 4148 utra-

667 4189 804 4244 que,
858 4173 1112 4244 perfectae
1158 4175 1421 4238 virtutis,
1469 4187 1522 4232 et
1568 4178 1872 4235 divinitatis
1922 4185 2234 4252 arquisitio.

666 4266 786 4320 Non
816 4273 902 4322 est
929 4267 1074 4320 enim
1111 4268 1287 4320 virtus
1316 4276 1470 4321 extra
1500 4268 1862 4325 divinitatem.

741 4357 853 4412 Nos
887 4365 1066 4411 autem
1093 4367 1438 4413 transeamus
1468 4361 1534 4413 ad
1569 4364 2082 4431 contemplationem
2126 4383 2231 4422 ea:-

665 4457 909 4504 terorum
941 4459 1268 4512 aromatum,
1305 4450 1372 4504 de
1401 4453 1600 4519 quibus
1637 4467 2042 4524 consequenter
2091 4459 2234 4514 facta

2347 3345 2493 3408 ἰδεῖν,
2522 3347 2687 3401 ἄποια
2708 3347 2763 3398 δὲ
2790 3348 2924 3418 πρὸς
2947 3349 3126 3400 πᾶσαν
3151 3347 3397 3417 ὑγιεινὴν
3412 3349 3722 3418 εὐχρηστίαν.
3744 3340 3832 3409 Περὶ

2323 3437 2378 3492 -ὃι
2409 3440 2614 3507 γίνεται
2645 3443 2756 3502 τοῖς
2798 3440 3046 3510 ἀπείροις
3085 3443 3116 3510 ἡ
3165 3441 3364 3512 πλάνη.
3410 3445 3516 3504 rei;
3553 3440 3631 3492 διὰ
3668 3437 3745 3506 τὴν
3778 3433 3833 3486 εὖ·

2343 3549 2534 3602 χροιαν
2584 3532 2644 3585 τὸ
2689 3531 2838 3586 νόθον
2881 3533 3233 3604 δρεπομένοις
3279 3536 3399 3588 ἀντὶ
3445 3532 3536 3586 τοῦ
3579 3531 3830 3600 κρείττονος.

2343 3625 2522 3695 Ὅπερ
2560 3625 2652 3678 καὶ
2681 3624 2774 3678 νῦν
2806 3625 3050 3678 ποιοῦσιν
3085 3627 3135 3678 οἱ
3167 3626 3298 3696 περὶ
3334 3626 3431 3698 τὴν
3475 3625 3640 3678 πίστιν
3660 3621 3834 3689 ἐξαμαρο
3912 3621 3913 3650 ³

2339 3714 2605 3780 τεύοντες,
2628 3715 2727 3778 τὰς
2751 3717 3146 3786 σεσοφισμένας
3169 3718 3384 3782 ἀπάτας
3410 3717 3512 3788 πρὸ
3533 3716 3628 3768 τῶν
3651 3707 3834 3780 ὑγιεινῶν

2339 3807 2624 3877 δογμάτων
2665 3807 2995 3879 αἱρούμενοι.
3042 3809 3274 3862 Ἐλέσθω
3309 3810 3365 3863 δὲ
3395 3811 3452 3875 ἐξ
3474 3806 3708 3878 ἐκατέρου
3728 3806 3753 3872 ἡ
3774 3795 3834 3853 τοῦ

2339 3899 2610 3970 ἀκροατοῦ
2637 3900 2814 3971 κρίσις
2839 3900 2867 3952 ὃ
2897 3899 3166 3970 βούλεται,
3195 3901 3248 3953 ετ
3265 3918 3325 3954 τε
3349 3901 3408 3954 τὸ
3433 3901 3607 3971 ἕτερον
3624 3897 3674 3964 ἐξ
3691 3893 3832 3949 αὐτῶν.

2339 3993 2392 4045 εἴ
2416 4010 2473 4046 τε
2506 3993 2810 4064 ἀμφότεραο
2845 3993 2905 4048 ἓν
2946 3991 3056 4064 γὰρ
3079 3993 3276 4064 τρόπον
3303 3994 3424 4047 τινά
3446 3995 3584 4045 ἐστιν
3604 3988 3832 4060 ἀμφότερπν

2338 4086 2372 4156 ἥ
2397 4101 2448 4138 τε
2464 4085 2562 4156 τῆς
2585 4085 2797 4149 τελείας
2832 4086 3033 4156 ἀρετῆς
3054 4125 3070 4149 ,
3102 4086 3196 4138 καὶ
3237 4087 3270 4156 ἡ
3301 4089 3400 4157 τῆς
3424 4085 3658 4155 θεότητος
3680 4080 3834 4147 κτῆσις·

2339 4175 2414 4228 Ού
2443 4174 2549 4245 γὰρ
2577 4173 2681 4238 ἔξω
2701 4173 2871 4245 ἀρετὴ
2896 4174 2994 4243 τῆς
3019 4172 3291 4242 θεότητος.

2418 4369 2607 4438 Ἡμεῖς
2645 4369 2702 4422 δὲ
2735 4370 2828 4422 ὲπὶ
2858 4369 2957 4438 τὴν
2983 4368 3092 4421 τῶν
3120 4367 3324 4421 λοιπῶν
3354 4367 3644 4439 ἀρωμάτων
3663 4356 3833 4424 θεωρίαν

2341 4461 2703 4531 μετέλθωμεν,
2734 4459 2842 4513 τῶν
2875 4461 2942 4512 δι’
2973 4458 3264 4512 ἀκολούθου
3298 4456 3740 4531 μνημονευθέντων
3762 4442 3835 4499 ὑπὸ

666 4551 750 4595 est
783 4541 988 4612 mentio
1018 4541 1072 4594 in
1097 4541 1366 4596 oratione.
1415 4540 1690 4606 Calamus,
1725 4549 1921 4616 inquit,
1973 4561 2022 4602 et
2047 4553 2234 4605 cinna-

2339 4552 2432 4605 τοῦ
2468 4552 2644 4621 λόγου.
2680 4551 2994 4620 Κάλαμος,
3033 4551 3200 4621 φησὶ,
3234 4551 3336 4604 καὶ
3371 4547 3738 4616 κιννάμωμονι
3765 4534 3832 4624 ⁷⁸αά

665 4647 920 4693 momum,
965 4640 1014 4684 et
1044 4647 1223 4698 poma.
1269 4631 1431 4685 Poma
1479 4643 1661 4689 autem
1700 4646 1829 4691 sunt
1879 4640 2088 4696 fructus
2143 4647 2236 4712 qui

665 4723 1046 4793 producuntur
1097 4739 1162 4779 ex
1223 4724 1384 4780 malis
1442 4727 1659 4796 punicis
1714 4730 1956 4800 paradisi
1993 4749 2227 4802 sponsae.

667 4813 774 4869 Sed
825 4814 1096 4868 calamum
1147 4815 1366 4884 quidem
1396 4816 1586 4872 dicunt
1619 4820 1763 4874 bono
1800 4822 1969 4878 odore
2016 4828 2230 4883 caeteris

663 4907 1013 4970 antecellere,
1039 4907 1174 4963 adeo
1207 4915 1318 4962 uta
1361 4911 1478 4980 lege
1517 4924 1829 4968 assumatur
1866 4916 1932 4970 ad
1987 4918 2229 4975 suﬂltnm

662 4996 1603 5057 sacerdotalem”:cinnamomum
1671 5014 1852 5059 autem
1919 5009 2122 5063 variam
2183 5018 2239 5065 et

661 5086 1016 5156 multiplicem
1057 5090 1427 5156 operationem
1465 5109 1567 5163 per
1597 5097 1895 5164 quamdam
1931 5101 2236 5155 naturalem

660 5177 974 5234 facultatem
1005 5183 1342 5250 promittere,
1395 5201 1461 5240 ex
1492 5188 1697 5257 quibus
1745 5191 1913 5244 multa
1947 5191 2107 5247 [idem
2148 5195 2232 5248 vi-

660 5269 862 5326 dentur
903 5287 1185 5343 superare.
1239 5277 1404 5331 Aiunt
1430 5280 1576 5332 enim
1607 5296 1745 5350 aqua
1787 5282 2048 5338 bulliente
2071 5285 2126 5338 in
2158 5285 2235 5340 le-

661 5363 804 5426 bete,
862 5364 910 5419 si
939 5381 1060 5420 eam
1085 5367 1264 5421 solum
1299 5376 1485 5440 tangat
1520 5371 1623 5426 hoc
1656 5387 1865 5436 aroma,
1915 5390 2113 5445 aquam
2148 5393 2234 5433 re-

664 5453 929 5526 lrigerare
958 5459 1234 5527 protinus,
1265 5468 1319 5517 et
1343 5461 1548 5514 illatam
1580 5461 1636 5516 in
1667 5462 1886 5520 fervens
1923 5465 2226 5536 lavacrum,

621 5573 630 5584 ο
662 5549 914 5602 ardorem
946 5549 1037 5618 qni
1071 5558 1156 5606 est
1183 5552 1240 5605 in
1271 5565 1420 5615 aere,
1455 5560 1825 5611 transmittare
1870 5558 1926 5612 in
1961 5558 2226 5630 algorem.

657 5645 716 5694 es
745 5639 944 5696 habere
968 5649 1218 5696 naturam
1267 5642 1568 5713 perimendi
1597 5658 1661 5702 ea
1710 5661 1832 5717 quae
1893 5659 2226 5718 generantur

734 5811 782 5844 '°
807 5812 980 5871 Exod.
1012 5832 1136 5882 xxx,
1159 5817 1234 5874 25

2342 4643 2662 4712 ἀκρόδρυα.
2698 4645 2854 4696 Ἔστι
2893 4643 2963 4697 τὰ
2998 4643 3271 4714 ἀκρόδρυα
3300 4643 3372 4695 τὰ
3414 4644 3477 4694 ἐκ
3512 4639 3612 4693 τῶν
3641 4633 3752 4707 ῥοῶν
3769 4623 3832 4680 τοῦ

2343 4735 2669 4807 παραδείσου
2692 4734 2793 4804 τῆς
2827 4733 3046 4804 νύμφης
3083 4733 3588 4805 καρποφορούμενα,
3622 4721 3754 4782 Ἀλλὰ
3772 4717 3833 4770 τὸν

2344 4827 2442 4895 μὲν
2475 4825 2736 4896 κάλαμον,
2761 4823 2987 4896 εὐπνοία
3017 4824 3272 4895 προέχειν
3298 4825 3438 4893 ὑπὲρ
3463 4823 3527 4875 τά
3547 4819 3666 4876 ἄλλα
3690 4809 3831 4883 φασίνο

2339 4919 2414 4979 ὡς
2448 4919 2541 4971 καὶ
2589 4915 2724 4988 πρὸς
2769 4916 2831 4969 τὸ
2865 4917 3008 4986 ἱερὸν
3041 4916 3290 4986 θυμίαμα
3333 4917 3441 4968 ὑπὸ
3471 4913 3564 4967 τοῦ
3597 4912 3736 4978 νόμου
3759 4916 3832 4952 πα·

2340 5006 2812 5079 ραλαμϐἀνεσθαιο
2863 5006 2922 5060 τὸ
2965 5007 3023 5059 δὲ
3075 5009 3425 5078 κιννάμωμον
3475 4999 3704 5068 πολυειδῆ
3747 5002 3832 5044 τινα

2335 5102 2431 5153 καὶ
2462 5099 2708 5170 ποικίλην
2734 5099 3034 5170 ἐνέργειαν,
3073 5098 3162 5153 διά
3191 5117 3337 5163 τινος
3365 5098 3590 5169 φυσικῆς
3614 5091 3831 5156 δυνάμεως

2335 5191 2788 5261 ἐπαγγέλλεσθαι,
2825 5185 2901 5245 ὧν
2943 5192 3012 5246 τὰ
3056 5192 3225 5246 πολλὰ
3251 5193 3346 5246 καὶ
3379 5193 3516 5262 ὑπὲρ
3553 5189 3710 5242 πίστιν
3732 5173 3830 5233 εἶναι

2333 5282 2499 5338 δοκεῖ.
2541 5285 2651 5339 Καὶ
2681 5284 2789 5354 γὰρ
2836 5282 3048 5348 ζέοντός
3085 5300 3217 5355 φησι
3255 5283 3350 5337 τοῦ
3383 5286 3441 5336 ἐν
3465 5281 3540 5352 τῷ
3561 5269 3828 5346 λέϐητιῦδα·

2331 5391 2452 5438 τος,
2498 5376 2654 5447 εἴπερ
2687 5375 2823 5443 θίγοι
2853 5375 3012 5446 μόνον
3051 5376 3208 5429 τοῦτο
3245 5376 3307 5429 τὸ
3351 5377 3575 5447 ἀρωμα,
3607 5367 3742 5426 εὐθὺς
3762 5374 3829 5411 κα·

2333 5466 2591 5538 ταψύχειν
2631 5467 2691 5520 τὺ
2736 5467 2913 5540 ὕδωρ,
2969 5469 3061 5521 καὶ
3094 5467 3304 5539 λουτρῷ
3354 5461 3704 5530 ἐπεισενεχθὲν
3744 5452 3828 5506 δια·

2337 5559 2522 5631 πύρῳ,
2561 5562 2871 5630 μεταποιεῖν
2905 5560 2997 5613 τὸν
3030 5561 3088 5614 έν
3116 5560 3199 5630 τῷ
3240 5561 3358 5632 ἀέρι
3404 5556 3629 5630 φριγμδν
3666 5549 3731 5610 εἰς
3751 5542 3825 5611 ψυσ

2332 5653 2596 5725 χρότητα,
2658 5655 2750 5708 καὶ
2807 5653 3165 5726 ἀφανιστικὴν
3212 5655 3318 5710 τῶν
3375 5655 3442 5708 ἐκ
3495 5649 3680 5722 φθορὶς
3724 5645 3826 5696 ανθῧ
