4028 6540
277 445 387 512 9‘13

1303 457 1371 515 IN
1396 461 1691 520 CANTICA
1728 465 2000 524 CANTIG.
2045 465 2328 524 IIOMILIA
2370 470 2460 526 IX.

3421 466 3527 521 9M

277 566 730 642 ζωογονουμένων
769 573 866 644 τὴν
908 571 1069 643 φύσιν
1117 574 1289 645 ἔχειν,
1325 580 1418 632 καὶ
1449 578 1583 634 ἄλλα
1631 581 1823 636 τοιαῦτ.

1959 597 2026 637 ex
2060 585 2436 655 corruptione.
2466 591 2520 640 et
2550 583 2655 638 alia
2690 583 2999 654 bujusmodi
3054 583 3120 638 de
3153 598 3217 637 eo
3270 590 3520 642 narrant,

283 663 417 733 περὶ
458 663 624 716 αὐτοῦ
675 664 1070 738 διεξέρχονται,
1117 669 1152 721 ἃ
1191 670 1331 742 ὑπὲρ
1379 671 1480 744 τὴν
1525 673 1704 727 πίστιν
1742 675 1851 728 τῶν

272 753 581 830 ἀκουόντων
619 749 757 809 εἶναι
783 755 947 809 δοκεῖ.
978 757 1209 827 Λέγουσι
1235 760 1376 832 γάρ,
1411 763 1460 814 εί
1501 764 1740 834 ἐντεθείη
1772 765 1850 836 τῷ

275 844 506 916 στόματι
541 845 634 899 τοῦ
668 845 1046 913 καθεύδοντος,
1081 850 1245 922 μηδὲν
1287 853 1669 924 ἐμποδίζεσθαι
1715 858 1849 927 πρὸς

269 935 371 1006 τὴν
419 935 526 989 τῶν
569 935 986 1006 πυνθανομένων
1031 939 1321 1011 ἀπόκρισιν
1355 942 1446 996 τὸν
1484 944 1843 1000 καθεύδοντα⁴

268 1024 412 1079 ἀλλὰ
438 1026 532 1080 καιλ⁸
565 1028 622 1080 ἐν
648 1026 725 1096 τῷ
762 1027 915 1099 ὕπνῳ
963 1030 1143 1100 μένειν
1186 1032 1375 1098 αὐτὸν,
1420 1035 1512 1087 καὶ
1547 1036 1846 1106 νηφαλέους

266 1118 364 1170 καὶ
409 1117 821 1202 διηρθρωμένας
847 1122 1116 1176 ποιεῖσθαι
1147 1124 1282 1196 πρὸς
1327 1125 1454 1190 ἔπος
1485 1127 1583 1192 τὰς
1617 1129 1846 1202 ἀποκρί-

262 1214 402 1270 σεις.
435 1207 569 1276 Περὶ
593 1200 668 1261 ὧν
693 1207 1186 1266 διαϐεϐαιώσασθαι
1219 1213 1317 1284 μὲν
1351 1214 1523 1282 οὕτως
1545 1216 1710 1288 ἔχειν,
1749 1200 1842 1274 τὸν

264 1297 346 1370 μὴ
369 1299 458 1352 διά
504 1299 603 1368 τῆς
635 1301 829 1372 πείρας
871 1302 1110 1373 μαθόντα
1137 1305 1246 1358 τῶν
1277 1308 1672 1379 ἱστορουμένων
1712 1312 1842 1384 περὶ

257 1388 430 1443 αὑτοῦ
477 1389 576 1462 τὴν
615 1390 891 1461 ἀλήθειαν,
944 1396 1233 1464 προπετὲς·
1265 1396 1332 1450 ἂν
1360 1396 1444 1470 εἴη
1511 1399 1606 1454 καὶ
1650 1401 1840 1456 ἀνεπίι

260 1498 522 1536 σκεπτον.
545 1483 693 1554 Πλὴν
715 1483 829 1538 ἀλλ’
853 1487 1040 1560 ἐπειδὴ
1070 1489 1214 1543 κατά
1243 1507 1366 1545 τινα
1397 1493 1657 1562 μυστικὸν
1683 1493 1839 1565 λόγον

255 1573 600 1646 ὲνηριθμήθη
635 1575 713 1645 τῷ
745 1578 1030 1650 καταλόγῳ
1062 1579 1170 1633 τῶν
1201 1582 1514 1654 ἀκροδρύων
1555 1586 1647 1638 καὶ
1681 1587 1838 1640 τοῦτο

251 1665 321 1718 τὸ
349 1666 572 1737 ἀρωμα,
617 1669 717 1721 οὐκ
753 1670 967 1739 άληθῶς
998 1672 1137 1742 ῥοῶν
1173 1675 1522 1746 ἐκφυομένων
1544 1694 1558 1708 ·
1582 1678 1704 1733 οὐδὲ
1727 1680 1836 1752 γὰρ

251 1754 432 1819 οὕτως
464 1757 757 1828 αἰσθητοὺς
786 1760 1148 1830 παραδείσους
1191 1763 1252 1815 τὸ
1283 1765 1455 1836 στόμα
1491 1767 1588 1838 τῆς
1617 1767 1836 1839 νύμφης

254 1849 544 1917 προΐεταιο
593 1849 708 1903 ἀλλ’
753 1850 892 1904 ὥστε
944 1853 1210 1923 σύμϐολον
1269 1857 1517 1924 γενέσθαι
1564 1860 1834 1930 νοήματος

1953 690 2073 744 qua:
2102 691 2268 745 supra
2305 676 2462 730 fidem
2496 675 2808 730 auditorum
2852 676 3109 730 videntur
3160 690 3302 730 esse.
3353 675 3520 726 Aiunt

1951 767 2094 821 enim
2127 769 2170 823 si
2202 768 2364 822 fuerit
2394 769 2628 838 positum
2661 769 2713 822 in
2745 783 2840 823 ore
2887 767 3230 832 dormientis,
3273 781 3394 820 eum
3425 765 3519 836 qui

1951 857 2154 912 dormit
2194 859 2692 929 minimeimpediri
2725 860 3020 929 quominus
3066 858 3396 929 respondeat
3443 855 3512 910 ad

1949 966 2014 1006 ca
2043 968 2166 1023 quae
2197 954 2644 1024 interrogantur;
2682 956 2775 1008 sed
2802 962 2992 1008 etenm
3017 965 3234 1009 manere.
3273 953 3324 1007 in
3370 966 3519 1007 soma

1947 1059 2040 1107 uo,
2081 1046 2403 1116 sobriasque
2455 1054 2508 1098 et
2555 1045 2621 1098 ad
2669 1047 2891 1100 verbum
2947 1061 3234 1114 expressas
3292 1044 3517 1100 reddere

1964 1137 2372 1206 responsiones.
2409 1136 2481 1192 De
2505 1138 2704 1206 quibus
2745 1137 2961 1206 quidem
3015 1137 3288 1193 aflirmare
3333 1137 3406 1190 ita
3453 1151 3517 1192 se

1945 1225 2168 1286 habere.
2207 1229 2313 1283 nisi
2345 1230 2471 1298 quis
2506 1244 2600 1298 per
2625 1229 3014 1296 experientiam
3051 1228 3510 1284 didiceriteorum

1944 1334 2065 1389 quae
2093 1319 2161 1373 de
2193 1335 2258 1374 eo
2301 1332 2594 1373 nari-amur
2649 1319 2953 1384 veritatem,
3008 1320 3352 1374 temerarium
3395 1318 3516 1374 fue-

1943 1409 2013 1461 rit
2040 1417 2095 1463 et
2130 1408 2614 1463 inconsideratum.
2682 1408 2786 1463 Sed
2845 1409 3099 1478 quoniam
3137 1408 3347 1462 ratione
3385 1423 3515 1478 qua-

1942 1499 2066 1552 dam
2100 1502 2350 1571 mystica,
2390 1499 2493 1554 hoc
2535 1514 2752 1570 quoque
2799 1513 2987 1553 aroma
3035 1497 3267 1552 relatum
3321 1507 3405 1553 est
3453 1499 3510 1552 in

1940 1603 2223 1642 numerum
2280 1604 2589 1658 pomorum,
2635 1603 2741 1642 non
2784 1603 2910 1643 vcre
2959 1601 3195 1642 nascens
3241 1601 3306 1641 ex
3351 1585 3514 1641 malis

1940 1682 2154 1750 punicis
2183 1681 2380 1751 (neque
2428 1683 2573 1737 enim
2597 1682 2829 1736 sensiles
2877 1681 3166 1751 paradisos
3203 1679 3404 1735 emittit
3441 1690 3513 1734 es

1937 1787 2032 1826 ore
2059 1773 2306 1841 sponsa),
2363 1772 2454 1827 sed
2489 1783 2546 1827 ut
2578 1771 2920 1826 consulendo
2972 1779 3228 1842 suggerat
3269 1770 3510 1840 aliquam

1937 1863 2285 1927 sententiam,
2340 1881 2404 1918 ex
2436 1863 2502 1917 iis
2535 1878 2658 1932 qua:
2692 1878 2910 1931 sponsa:
2959 1862 3252 1916 conferunt
3281 1860 3349 1914 ad
3394 1860 3511 1913 lau«

251 1956 402 2004 τινος
447 1938 555 1994 τῶν
595 1943 671 2006 είς
711 1942 928 1997 ἔπαινον
966 1945 1360 2000 συντελούντων
1389 1951 1454 2019 τῇ
1486 1949 1700 2022 νύμφῃ,
1733 1952 1823 2006 οὐκ

1936 1954 2080 2017 dem,
2117 1971 2224 2008 non
2261 1963 2404 2009 recte
2424 1953 2676 2009 existimo
2713 1969 2772 2008 se
2817 1953 3035 2016 habere,
3067 1952 3115 2006 si
3147 1966 3211 2006 ea
3253 1947 3511 2020 rejician‘

250 2027 410 2102 οἶμαι
436 2033 615 2097 καλῶς
661 2035 806 2105 ἔχειν
830 2038 898 2090 τά
927 2039 1053 2108 περὶ
1091 2038 1184 2091 τοῦ
1227 2040 1578 2112 κινναμώμου
1609 2042 1831 2107 μυθολο-

249 2126 526 2197 γούμενα,
572 2127 746 2182 ταῦτά
793 2136 853 2181 τε
887 2129 924 2184 ἃ
959 2129 1052 2183 νῦν
1102 2134 1227 2202 περὶ
1272 2133 1435 2186 αὑτοῦ
1481 2131 1753 2205 διεξῆλθεν
1802 2139 1830 2189 ὁ

248 2215 409 2283 λόγος
429 2255 443 2276 ,
475 2217 569 2270 καὶ
597 2218 650 2270 εἴ
674 2229 727 2270 τι
762 2217 900 2285 μετὰ
927 2220 1134 2274 τούτων
1164 2221 1292 2275 ἀλλο
1321 2225 1433 2285 τοῖς
1464 2223 1532 2276 τὰ
1559 2224 1688 2295 περὶ
1728 2226 1827 2278 αύ-

247 2306 346 2360 τοῦ
367 2307 746 2378 διηγουμένοις
771 2308 1026 2374 διεξιέναι
1047 2311 1215 2375 δοκεῖ,
1254 2314 1621 2384 παραλιπεῖν.,

320 2398 360 2448 Γ
361 2398 536 2451 ένοιτο
575 2399 684 2471 γὰρ
709 2401 774 2454 ἄν
800 2418 883 2464 τις
919 2401 1056 2471 πρὸς
1076 2403 1168 2455 τὸν
1201 2404 1320 2458 κατ’
1349 2404 1548 2476 ἀρετὴν
1573 2405 1792 2460 ἔπαινον
1811 2445 1826 2469 ,

243 2489 312 2540 ὲκ
339 2488 446 2541 τῶν
480 2487 788 2560 λεγομένων
829 2493 1160 2563 συνεισφορά
1184 2489 1413 2547 ἑκάστου
1458 2495 1564 2548 τῶν
1612 2497 1827 2567 ἱστορη-

243 2577 448 2632 θέντων
497 2579 757 2651 εὐσήμως
827 2582 1373 2654 μεταλαμϐανομένου
1431 2586 1565 2655 πρὸς
1608 2586 1828 2654 ἔνδειξιν

241 2671 345 2737 τῆς
374 2668 470 2722 τοῦ
507 2670 623 2740 βίου
655 2673 775 2725 κατ’
815 2673 1016 2744 ἀρετὴν
1045 2675 1399 2744 τελειότητος.
1437 2679 1590 2731 Ἐστι
1622 2678 1730 2748 γὰρ
1770 2681 1826 2732 ὲν

238 2762 356 2821 τοῖς
406 2762 861 2833 πεπαιδευμένοις
912 2781 972 2816 τε
1031 2766 1126 2818 καὶ
1182 2767 1611 2839 λελογισμένοις,
1671 2771 1828 2825 τοῦτο

240 2852 429 2922 εύρεῖν
460 2854 517 2905 ὲν
555 2857 619 2923 τῇ
649 2854 794 2927 ψυχῇ
821 2857 880 2910 τὸ
924 2857 1303 2929 κιννάμωμον,
1339 2862 1466 2913 ὅταν
1503 2879 1584 2927 τις
1617 2865 1730 2934 ἤτοι
1758 2865 1824 2919 δι’

242 2944 549 3014 ἐπιθυμίαν
597 2946 758 3011 ζέων,
795 2948 827 3018 ἦ
862 2949 939 3020 τῷ
980 2949 1135 3020 θυμῷ
1161 2951 1608 3022 πυρακτούμενος
1638 2955 1712 3024 τῷ
1739 2955 1824 3008 λο-

241 3036 429 3107 γισμῷ
455 3028 766 3113 κατασϐέσῃ
799 3041 866 3094 τά
902 3041 1050 3112 πάθη
1070 3059 1083 3072 ·
1114 3043 1146 3113 ἢ
1177 3045 1236 3096 ὲν
1275 3043 1353 3113 τῷ
1386 3045 1538 3114 ὕπνῳ
1583 3047 1673 3099 τοῦ
1705 3047 1821 3118 βίου

236 3127 332 3180 διὰ
373 3129 638 3198 στόματος
671 3131 810 3201 έχων
859 3133 917 3186 τὸ
945 3134 1204 3204 νηφάλιον
1247 3136 1406 3189 τοῦτο
1430 3137 1522 3191 τοῦ
1561 3139 1820 3210 λογισμοῦ

239 3220 616 3292 κιννάμωμον,
649 3224 1047 3294 παραπλησίως
1070 3230 1184 3289 τοῖς
1211 3229 1439 3291 ἁΰπνοες
1459 3246 1517 3281 τε
1541 3231 1633 3282 καὶ
1657 3233 1791 3302 ἐγρη

1935 2053 2024 2100 tur
2073 2063 2194 2117 quae
2227 2057 2517 2100 narrantur
2550 2045 2617 2100 de
2661 2047 3007 2099 cinnamomo
3038 2063 3050 2097 :
3085 2045 3218 2107 bzec,
3261 2044 3505 2113 inquam,

1936 2154 2057 2208 qum
2082 2155 2225 2193 nunc
2261 2139 2615 2193 narrantibus
2647 2136 2902 2192 videntur
2926 2117 3325 2208 persequenda.

2004 2398 2077 2452 Ex
2123 2399 2188 2454 iis
2225 2400 2368 2454 enim
2393 2413 2516 2470 quae
2546 2393 2822 2463 dicuntur,
2858 2399 3073 2454 videtur
3106 2398 3312 2469 aliquid
3344 2411 3506 2468 posse

1932 2489 2174 2547 conferri
2203 2493 2268 2546 ad
2302 2493 2520 2548 laudem
2555 2493 2793 2556 virtutis,
2827 2506 3159 2563 unoquoque
3183 2507 3248 2546 ex
3289 2491 3356 2547 iis
3378 2504 3502 2561 qua!

1932 2592 2060 2638 sunt
2092 2584 2281 2646 relata,
2326 2591 2546 2653 sumpto
2605 2583 2671 2637 ad
2717 2581 3064 2636 iudicandam
3109 2581 3231 2635 vitae
3273 2596 3396 2652 qua:
3436 2591 3505 2636 ex

1931 2678 2132 2732 virtute
2163 2677 2344 2747 agitur
2377 2675 2787 2746 perfectionem.
2836 2672 2892 2728 lu
2946 2673 3014 2728 iis
3059 2674 3202 2728 enim
3238 2672 3330 2742 qui
3375 2679 3506 2726 sunt

1927 2769 2127 2822 eruditi
2156 2776 2209 2823 et
2238 2767 2596 2828 considerati,
2652 2763 2778 2820 licet
2805 2765 3050 2819 invenire
3088 2760 3499 2817 cinnamomum

1929 2861 1984 2917 in
2013 2861 2212 2924 anima,
2247 2860 2468 2930 quando
2493 2858 2763 2929 quispiam
2797 2855 2879 2911 vel
2911 2855 3128 2910 fervens
3178 2854 3501 2924 cupiditate,

1927 2953 2010 3006 vel
2039 2952 2118 3005 ira
2145 2965 2430 3012 accensus,
2465 2949 2676 3003 ratione
2707 2947 3035 3001 exstinxerit
3083 2946 3249 2999 animi
3289 2952 3506 3014 pertur-

1926 3045 2210 3109 bationes;
2272 3051 2368 3099 aut
2399 3043 2452 3096 in
2519 3057 2714 3096 somno
2755 3040 2878 3094 vita:
2928 3039 2980 3092 in
3020 3053 3115 3093 ore
3161 3037 3370 3093 habens
3413 3053 3502 3092 εοι

1925 3136 2103 3190 brium
2149 3133 2312 3205 hujus
2347 3133 2578 3187 rationis
2611 3128 3040 3191 cinnamomum,
3090 3127 3501 3185 ostenditinerc

1925 3235 2134 3280 rantem
2171 3234 2224 3280 et
2260 3221 2612 3279 iuconfusum
2663 3237 2886 3278 sensum
2917 3237 3105 3276 eorum
3153 3237 3273 3290 qua:
3305 3221 3502 3276 dicun-

238 3310 462 3382 γορόσιν
508 3312 794 3380 ἀγγέλοις,
859 3315 1074 3386 ἀπλανῆ
1136 3319 1228 3370 καὶ
1262 3319 1569 3388 ἀσύγχυτον
1621 3322 1821 3375 ἐπιδει-

1929 3324 2033 3377 tur,
2094 3327 2188 3384 per
2245 3313 2519 3368 sermonis
2572 3312 2856 3366 veritatem
2920 3311 3142 3365 imitans
3189 3313 3498 3365 insomnem

238 3401 395 3454 κνύει
447 3402 540 3474 τὴν
595 3403 701 3457 τῶν
730 3403 1036 3475 λεγομένων
1074 3403 1344 3471 διάνοιαν,
1378 3409 1708 3480 μιμούμενος
1733 3412 1821 3465 διὰ

236 3492 341 3562 τῆς
396 3494 656 3563 ἀληθείας
705 3495 799 3548 τοῦ
850 3496 1008 3564 λόγου
1035 3497 1132 3568 τὴν
1176 3498 1380 3552 ἆῦπνον
1431 3501 1540 3553 τῶν
1571 3503 1820 3570 ἀγγέλων

237 3584 426 3652 φύσιν,
458 3584 553 3648 οὓς
581 3584 839 3656 οὐδεμιᾶς
868 3588 1169 3655 φαντασίας
1195 3590 1407 3662 ἀνάγκη
1435 3593 1532 3664 τῆς
1559 3591 1816 3663 ἀληθείας

238 3675 537 3747 ἐξίστησιν,
561 3672 714 3740 οὗτος
745 3677 953 3744 λέγοιτο
987 3677 1282 3748 ἁναϐρύειν
1308 3681 1395 3734 διὰ
1427 3681 1521 3734 τοῦ
1553 3683 1819 3754 στόματος

234 3768 300 3820 τὸ
345 3769 733 3840 κιννάμωμον·
779 3768 845 3821 δι’
879 3759 939 3822 οὗ
974 3770 1068 3823 καὶ
1099 3772 1131 3841 ἡ
1174 3772 1273 3841 τῆς
1302 3771 1598 3844 ἐπιθυμίας
1630 3775 1816 3846 πύρω-

239 3877 347 3924 σις,
391 3861 485 3914 καὶ
534 3862 568 3930 ἡ
616 3862 968 3934 περικάρδιος
1019 3864 1112 3918 τοῦ
1169 3865 1342 3936 θυμοῦ
1391 3868 1815 3921 κατασϐέννυται

236 3951 427 4016 ξέσις,
473 3954 568 4006 καὶ
625 3955 804 4025 πάσης
847 3953 946 4025 τῆς
995 3957 1134 4010 κατά
1177 3957 1265 4009 τὸν
1297 3959 1410 4026 βίον
1441 3959 1626 4013 τοῦτον
1675 3961 1815 4012 όνει-

235 4043 446 4115 ρὼδους
489 4045 788 4112 φαντασίας
817 4062 874 4098 τε
909 4048 1002 4101 καὶ
1048 4049 1357 4118 συγχύσεως
1402 4049 1695 4120 καθαρεύει
1737 4044 1815 4121 τῷ

233 4133 405 4207 λόγῳ.
457 4135 562 4190 Καὶ
619 4137 809 4209 μηδεὶς
844 4139 980 4211 πρὸς
1027 4141 1088 4194 τὸ
1134 4141 1394 4195 ἀπίθανον
1455 4143 1665 4212 βλέπων
1707 4142 1815 4195 τῶν

234 4227 368 4298 περὶ
409 4226 504 4280 τοῦ
554 4229 910 4301 κινναμώμου
965 4232 1301 4303 λεγομένων,
1346 4233 1677 4287 διαϐαλλέτω
1724 4234 1815 4285 τὸν

233 4313 415 4387 λόγον.
447 4318 521 4381 ὡς
552 4319 651 4372 οὐκ
679 4320 743 4373 ἐκ
773 4321 880 4374 τῶν
914 4322 1128 4394 ἀληθῶν
1162 4325 1504 4395 προσάγοντα
1527 4327 1593 4394 τῇ
1627 4325 1814 4396 νύμφῃ

232 4406 327 4458 τὸν
359 4405 598 4460 ἔπαινον.
652 4404 774 4462 Οἵδε
816 4411 923 4483 γάρ
958 4413 1213 4477 πολλάκις
1247 4417 1279 4485 ἡ
1311 4413 1442 4482 ἁγία
1486 4411 1674 4486 Γραφὴ
1720 4415 1814 4469 καὶ

235 4495 444 4565 μύθους
472 4496 624 4560 τινὰς
673 4499 737 4551 ἐκ
765 4499 872 4552 τῶν
907 4500 1101 4565 ἔξωθεν
1136 4502 1699 4575 συμπαραλαμϐάνειν
1734 4507 1812 4570 είς

232 4586 332 4657 τὴν
357 4586 447 4639 τοΞ
489 4587 620 4642 ἰδίου
653 4591 855 4644 σκοποῦ
893 4594 1212 4664 συνεργίαν,
1245 4595 1339 4648 καὶ
1369 4597 1810 4668 άνεπαισχύντως

230 4681 298 4732 ὲκ
319 4679 419 4748 τῆς
443 4679 677 4751 μυθικῆς
698 4682 932 4753 ἱστορίας
950 4685 1227 4756 ὀνομάτων
1253 4688 1611 4758 μνημονεύειν
1627 4689 1809 4753 τινῶν,

229 4770 312 4832 είς
353 4767 747 4841 ἐναργεστέραν
787 4772 1008 4840 ἔνδειξιν
1055 4775 1147 4828 τοῦ
1190 4777 1548 4848 προκειμένου
1604 4781 1809 4850 νοήμα-

229 4879 344 4924 τος·
375 4860 450 4923 ὡς
472 4862 564 4913 ἐπὶ
590 4861 697 4914 τῶν
725 4862 816 4916 τοῦ
848 4859 966 4917 Ἰὼϐ
995 4865 1309 4936 θυγατέρων
1331 4869 1391 4922 τὸ
1415 4869 1611 4933 κάλλος
1640 4870 1811 4942 ὑπερ⁴

230 4951 518 5022 θαυμάσας
540 4955 567 5004 ὁ
594 4951 770 5022 λόγος,
785 4956 878 5008 καὶ
901 4955 987 5008 διὰ
1012 4958 1118 5011 τῶν
1148 4960 1428 5032 ὀνομάτων
1449 4961 1546 5031 τὴν
1575 4961 1812 5032 ὑπερϐοο

227 5035 332 5113 λὴν
349 5041 440 5095 τοῦ
463 5061 528 5095 πε
539 5044 590 5115 pl.
613 5043 790 5098 αὐτῶν
819 5038 1093 5116 θαύματος
1119 5048 1438 5116 ἐνεδείξατο,
1471 5051 1645 5121 λέγων
1666 5067 1679 5081 ο
1711 5051 1811 5122 τὴν

233 5134 336 5202 μὲν
373 5132 616 5206 Ἡμέραν
637 5128 905 5203 λέγεσθαι.
928 5136 1024 5208 τὴν
1041 5137 1096 5190 δὲ
1122 5141 1384 5204 Κασπίαν,
1405 5141 1501 5213 τὴν
1529 5141 1585 5195 δὲ
1605 5141 1812 5212 τρίτην,

243 5223 573 5294 Ἀμαλθείας
605 5226 806 5297 Κέρας.
839 5225 1009 5281 Τοῦτο
1036 5228 1092 5282 δὲ
1123 5233 1284 5285 παντὶ
1319 5232 1474 5304 δῆλόν
1517 5234 1683 5297 ἐστιν,
1733 5234 1818 5288 ὅτι

234 5313 406 5385 μῦθος
466 5315 768 5388 Ἐλληνικὸς
817 5317 1018 5374 ἔπλασε
1068 5323 1129 5375 τὸ
1164 5325 1304 5378 κατά
1336 5325 1434 5396 τὴν
1487 5325 1814 5396 Ἀμάλθειαν

230 5403 506 5477 διήγημα,
538 5408 603 5478 ἠν
630 5403 762 5478 αἶγα
789 5405 952 5465 οὖσαν
985 5413 1180 5484 τροφὸν
1205 5414 1459 5484 γενέσθαι
1482 5416 1575 5471 τοῦ
1598 5418 1818 5489 Κρητὸς

233 5499 446 5553 ἑκείνου
474 5497 881 5571 μυθολογοῦσιν,
912 5500 980 5577 ἦς
1004 5504 1097 5559 τοῦ
1125 5501 1242 5571 ἐνὸς
1267 5509 1592 5572 ἐκπεσόντος
1614 5507 1812 5581 κέρως,

234 5594 422 5667 βρύειν
455 5599 520 5652 ὲκ
538 5597 632 5652 τοῦ
667 5597 845 5652 κοίλου
870 5600 969 5672 τὴν
1001 5599 1358 5672 παγκαρπίαν
1378 5600 1406 5653 ὁ
1439 5597 1606 5671 μῦθος
1628 5597 1814 5668 ἐποίη-

236 5699 348 5744 σεν.
387 5683 515 5761 'Ap’
545 5684 638 5744 οὖν
673 5690 954 5744 ἐπίστευσε
1005 5695 1115 5756 τοῖς
1162 5693 1291 5764 περὶ
1344 5694 1444 5764 τῆς
1489 5689 1812 5763 ⁹Ἀμαλθείας

307 5867 352 5899 ’ί
388 5864 488 5921 Job
512 5881 659 5935 mn,
682 5863 774 5925 ll.

1923 3404 2238 3474 angelorum
2277 3411 2714 3471 naturam.quos
2759 3401 3074 3455 necessario
3125 3401 3274 3454 nulla
3324 3400 3499 3470 phan-

1924 3498 2060 3551 tasia
2098 3510 2162 3549 ac
2185 3492 2324 3550 visio
2361 3483 2606 3548 dimovef
2637 3509 2666 3547 a
2697 3493 2948 3558 veritate,
2987 3506 3051 3547 ex
3093 3494 3216 3562 ejus
3258 3508 3355 3550 ore
3383 3494 3496 3550 dlcl

1923 3596 2100 3655 potest
2148 3595 2411 3658 tanquam
2445 3599 2475 3641 e
2521 3585 2854 3656 scaturigine
2889 3585 3169 3640 effundere
3209 3586 3499 3640 cinnamo-

1923 3696 2072 3734 mum
2111 3693 2247 3750 :per
2277 3678 2420 3749 quod
2455 3685 2510 3732 et
2544 3676 2707 3732 ardor
2750 3675 3069 3747 cupiditatis
3103 3677 3496 3747 exstinguitur,

1919 3780 1973 3826 et
2001 3773 2094 3826 iraa
2111 3773 2257 3826 circa
2284 3786 2381 3825 cor
2411 3770 2678 3831 ebullitio.
2716 3777 2770 3825 et
2809 3772 2922 3837 ipse
2943 3777 3028 3823 est
3055 3785 3228 3838 purus
3282 3771 3498 3825 ratione

1919 3866 1988 3918 ab
2022 3864 2171 3920 omni
2203 3878 2322 3932 qua:
2365 3869 2450 3917 est
2489 3863 2667 3916 instar
2723 3861 2923 3916 somnii
2974 3859 3206 3914 confusa
3259 3862 3489 3915 visione.

1919 3955 2090 4010 Nemo
2153 3963 2334 4009 autem
2400 3950 2740 4007 incredibilia
2781 3952 2883 4007 ist‘a
2945 3968 3066 4007 esse
3109 3951 3491 4014 considerans,

1916 4063 2038 4116 quae
2065 4046 2326 4100 dicuntur
2355 4044 2422 4099 de
2450 4045 2831 4104 einnamomo,
2865 4043 3169 4097 orationem
3198 4042 3495 4112 reprehen-

1917 4138 2032 4200 dat,
2066 4145 2126 4190 ut
2154 4151 2274 4206 qua)
2302 4152 2364 4189 ex
2404 4135 2471 4190 iis
2496 4149 2617 4205 qua:
2643 4147 2752 4187 non
2785 4141 2913 4189 sunt
2934 4149 3083 4194 vera,
3118 4147 3338 4202 sponsze
3374 4133 3493 4186 lau-

1917 4228 2040 4282 dem
2087 4227 2309 4281 tribuat.
2369 4225 2520 4280 Solet
2576 4224 2723 4280 enim
2773 4239 2914 4290 saepe
2965 4231 3157 4278 sancta
3204 4221 3490 4292 Scriptura

1915 4320 2078 4373 etiam
2134 4319 2202 4371 ab
2235 4317 2479 4372 externis
2530 4315 2744 4371 fabulas
2785 4315 3034 4385 accipere
3077 4313 3144 4368 ad
3190 4328 3346 4384 opem
3389 4328 3493 4369 suo

1918 4423 2083 4477 scopo
2115 4403 2419 4468 ferendam,
2469 4412 2524 4458 et
2557 4404 2693 4458 citra
2726 4403 2990 4474 pudorem
3024 4403 3342 4457 meminisse
3381 4402 3489 4456 ali-

1915 4516 2148 4574 quorum
2170 4499 2450 4555 nominum
2480 4498 2545 4552 ad
2574 4512 2794 4552 sensum
2825 4495 3162 4564 propositum
3183 4494 3493 4550 evidentius

1917 4592 2296 4655 indicandum,
2331 4591 2476 4646 sicut
2502 4590 2556 4644 in
2587 4589 2804 4643 filiabus
2832 4585 2957 4648 Job,
2983 4601 3218 4658 quarum
3241 4587 3491 4657 pulchri-

1920 4685 2163 4740 tudinem
2193 4685 2367 4738 oratio
2401 4695 2566 4752 supra
2609 4680 2832 4735 modum
2881 4679 3136 4742 laudans,
3184 4679 3349 4734 etiam
3394 4691 3492 4749 per

1923 4780 2141 4835 nomina
2178 4778 2419 4833 ostendit
2460 4776 2735 4832 excellens
2767 4786 2955 4829 earum
3009 4773 3355 4837 miraculum,
3401 4774 3493 4829 di-

1925 4886 2078 4934 cens,
2106 4884 2268 4924 unam
2321 4868 2538 4938 quidem
2590 4867 2698 4921 dlci
2745 4865 2915 4929 Diem,
2964 4865 3189 4920 alteram
3223 4879 3352 4920 vero
3387 4863 3493 4920 Ca-

1923 4960 2079 5022 siam,
2097 4958 2314 5013 tertiam
2341 4965 2520 5011 autem
2550 4954 2735 5010 Cornu
2765 4954 3062 5010 Amalthea:
3083 4957 3154 5009 “.
3173 4953 3289 5010 lloc
3309 4964 3492 5011 autem

1921 5056 2007 5101 est
2049 5045 2222 5101 cuivis
2268 5045 2641 5114 perspicuum,
2665 5045 2810 5112 quod
2850 5043 2918 5098 de
2961 5045 3260 5100 Amalthea:
3309 5044 3493 5100 fabula

1924 5136 2111 5193 Graaca
2141 5134 2405 5190 confinxit
2442 5135 2837 5198 narrationem,
2873 5150 3038 5205 quam
3069 5150 3192 5190 cum
3223 5145 3370 5191 esset
3400 5149 3495 5190 ea-

1923 5245 2044 5301 pra,
2085 5226 2402 5282 fabulantur
2448 5224 2625 5282 fuisse
2665 5226 2938 5280 nutricem
2996 5226 3144 5281 illius
3183 5225 3478 5291 Cretensis,

1920 5318 2078 5390 cujus
2110 5335 2232 5375 cum
2255 5331 2425 5372 cornu
2448 5315 2757 5377 cecidisSct.
2787 5315 2970 5370 fabula
2999 5315 3127 5370 fecit
3145 5329 3211 5370 ex
3242 5328 3502 5374 concavo,

1919 5412 2089 5470 ﬂuere
2119 5406 2280 5467 omne
2305 5424 2480 5482 genus
2521 5409 2736 5479 frugum
2792 5423 2856 5464 ac
2904 5407 3187 5463 fructuum
3247 5407 3488 5477 copiam.

1920 5501 2059 5560 Num
2095 5505 2262 5575 igitur
2289 5499 2522 5557 credidit
2547 5507 2738 5556 sancta
2767 5501 3052 5571 Scriptura
3089 5499 3156 5553 iis
3205 5513 3328 5567 quae
3358 5513 3490 5552 nar-

1920 5605 2114 5653 rantur
2167 5596 2235 5651 de
2282 5592 2611 5649 Amalthea?
2652 5589 3031 5662 Nequaquam,
3081 5589 3178 5645 sed
3227 5589 3350 5644 filiae
3387 5586 3496 5644 Job

1922 5689 2101 5744 ferens
2137 5684 2536 5750 testimonium,
2577 5682 2722 5753 quod
2765 5687 2912 5738 esset
2975 5679 3320 5735 feracissima
3366 5692 3495 5734 oat-
