4028 6486
221 446 328 501 977

1247 462 1311 517 ΙΝ
1332 465 1626 526 CANTICA
1649 472 1921 531 CANTIC.
1965 476 2243 531 llOMlLIA
2283 478 2373 535 IX.

3341 485 3447 544 973

221 564 504 637 ποιούσης,
548 573 640 624 καὶ
683 572 744 625 τὺ
772 575 1007 647 καθαρὸν
1048 579 1154 632 τῶν
1192 584 1424 653 πρώτων
1472 591 1658 663 μύρων
1701 594 1787 649 διὰ

1890 597 2192 652 adulterina
2218 598 2491 668 dogmata,
2512 616 2605 671 per
2628 602 3032 671 productionem
3053 601 3324 657 fructuum
3346 602 3445 670 pri-

219 656 323 753 τῆς
481 662 733 732 πονηρῶν
754 666 1038 736 νοημάτων
1060 670 1339 740 ἐπιμιξίας
1363 656 1782 753 λυμαινομένης.

234 747 500 803 Ἐνταῦθα
540 753 721 821 μέντοι
768 756 830 809 τδ
880 758 1259 831 άκιϐδήλευτόν
1296 785 1355 820 τε
1407 747 1500 823 aeui.
1550 747 1789 846 καθαρὸν

220 840 335 937 τίὲν
368 841 653 937 δογμάτων
682 853 953 937 μαρτυρεῖ
981 854 1045 922 τῇ
1080 853 1265 930 νύμφῃ
1305 861 1333 911 6
1362 861 1548 931 λόγος,
1579 865 1667 920 διὰ
1692 840 1789 937 τῆς

218 929 332 983 τῶν
362 932 591 1001 πρώτων
622 936 807 1008 μύρων
838 929 1245 1016 καρποφορίας,
1274 951 1384 1005 Καὶ
1415 929 1537 1009 οὐδὲ
1581 959 1639 1011 ἐν
1668 929 1792 1013 τούί-

218 1039 337 1122 τοις
379 1024 508 1122 ἔστη
552 1025 679 1081 οὗτε
702 1031 758 1122 Λή
807 1030 1016 1122 νύμφη,
1062 1039 1175 1101 τοῖς
1208 1040 1557 1117 ὑψηλοτέροις
1591 1048 1790 1122 ἑαυτὴν

220 1113 638 1210 ἐπεκτείνουσα,
668 1117 789 1172 οὔτε
818 1122 847 1174 ὁ
871 1121 1028 1190 λόγος
1056 1130 1334 1199 συνεργῶν
1361 1113 1497 1207 αὐτῇ
1529 1138 1665 1210 πρὸς
1690 1113 1789 1209 την

218 1202 427 1257 ἄνοδον.
453 1198 559 1267 Ἦς
585 1206 693 1278 γὰρ
720 1208 784 1262 ὲκ
803 1210 897 1263 τοῦ
919 1198 1498 1297 στόματοςάποστολαῖ
1521 1198 1660 1297 ῥοῶν
1684 1198 1788 1284 εισι

221 1293 317 1385 καὶ
341 1294 647 1385 ἀρωμάτων
688 1300 1038 1370 παράδεισοι,
1085 1293 1221 1378 αὕτη
1246 1310 1341 1364 νῦν
1370 1293 1785 1385 πηγὴ-γίνεται,

218 1381 433 1476 τοὺςᾼὲξ
456 1384 624 1476 αὐτῆς
651 1387 988 1458 άναφυέντας
1013 1396 1375 1465 παραδείσους
1404 1381 1783 1476 διαττάρδουσαέ

216 1471 319 1540 οὐχ
348 1471 423 1571 ὡς
452 1474 676 1571 ἐπὶ-τοῦ
708 1480 918 1533 Παύλου
952 1498 1011 1534 τε
1050 1485 1144 1537 καὶ
1190 1489 1428 1545 Ἀπολλῶ
1472 1471 1791 1571 μεμαθήκα-

219 1570 346 1623 μεν,
481 1560 582 1651 Δτοῦ
609 1562 709 1632 μὲν
742 1568 1084 1634 φυτεύοντος,
1115 1573 1209 1626 τοῦ
1239 1577 1298 1629 δὲ
1326 1556 1513 1651 ἐτέρου
1542 1556 1789 1648 hostibv-

217 1661 313 1748 τος
333 1663 347 1679 ·
377 1647 493 1702 ἀλλ’
520 1650 660 1748 αῦτη
685 1655 753 1709 τὰ
778 1657 870 1712 δύο
897 1663 1202 1736 ἐργάζεται.
1230 1647 1437 1736 φύουσά
1457 1675 1582 1738 τοὺς
1614 1694 1791 1748 παρα-

217 1734 431 1837 δείσους
450 1743 609 1811 ὁμοῦ,
639 1749 733 1802 καὶ
762 1734 1072 1818 ποτίζουσα.
1092 1761 1161 1812 Ἦ
1180 1734 1317 1831 τάχα
1338 1764 1433 1815 καὶ
1461 1734 1790 1837 ὑψηλότερόν

216 1840 341 1924 τινα
373 1827 531 1896 λόγον
586 1837 827 1907 περιέχει
849 1842 878 1893 ό
909 1843 1150 1910 ἔπαινος.
1389 1827 1706 1924 γὰράύτὴηί
1726 1857 1788 1908 ού

218 1913 458 2014 νάματος
488 1928 847 1997 προχεομένου
876 1935 1038 2001 τινὸς,
1056 1937 1191 1991 ἀλλὰ
1212 1913 1557 2010 κηπωνείναί
1584 1913 1745 2014 φησιν
1767 1963 1781 1976 ο

1888 705 2099 743 morum
2129 702 2546 760 unguentorum.
2559 692 2662 748 Sed
2677 710 2775 750 nec
2794 696 2848 748 in
2866 695 2950 749 his
2968 693 3209 749 substitit
3226 707 3446 762 sponsa.

1888 780 2181 850 quominus
2199 795 2257 835 se
2293 782 2608 838 extenderet
2631 785 2695 838 ad
2725 785 2939 850 altiora,
2967 799 3143 854 neque
3162 782 3447 853 Scriptura

1887 866 2184 935 quominus
2225 870 2275 923 ei
2298 883 2454 938 opem
2486 870 2651 925 ferret
2675 872 2742 927 ad
2771 888 3078 928 ascensum.
3105 872 3276 944 Cujus
3303 873 3449 927 enim

1885 971 1953 1011 ex
1984 971 2078 1012 ore
2094 964 2221 1012 sunt
2245 961 2569 1017 emissiones
2594 964 2859 1018 malorum
2880 966 3197 1034 punicorum
3222 972 3277 1018 et
3294 978 3449 1034 para-

1887 1044 1994 1101 disi
2037 1055 2360 1114 aromatum,
2382 1065 2446 1105 ea
2472 1066 2619 1107 nunc
2648 1053 2705 1106 ﬁt
2725 1054 2865 1116 fons.
2886 1055 3119 1124 irrigans
3148 1054 3335 1109 hortos
3355 1054 3448 1123 qui

1887 1151 1955 1191 ex
1982 1152 2046 1192 ea
2074 1139 2325 1194 ortisunt
2344 1160 2356 1195 :
2377 1158 2485 1196 non
2516 1142 2659 1198 sicut
2682 1143 2751 1199 de
2776 1144 2944 1199 Paulo
2973 1153 3026 1200 et
3054 1145 3449 1215 Apollodidici-

1890 1238 2035 1291 mus,
2070 1227 2213 1294 quod
2242 1228 2378 1283 alter
2405 1231 2625 1298 quidem
2669 1232 2965 1301 plantaret,
3014 1234 3152 1289 alter
3178 1249 3306 1290 vero
3332 1235 3451 1289 irri-

1888 1324 2073 1383 garet;
2103 1317 2199 1372 sed
2253 1319 2371 1389 ipsa
2401 1321 2511 1377 duo
2563 1331 2844 1393 operatur,
2907 1332 2967 1378 ut
3010 1340 3134 1394 qua;
3182 1325 3345 1380 simul
3398 1334 3455 1379 et

1891 1403 2094 1471 plantct
2125 1406 2311 1464 hortos
2338 1420 2393 1464 et
2428 1411 2637 1483 irriget.
2659 1411 2918 1469 Fortasse
2949 1421 3135 1468 autem
3164 1414 3451 1469 sublimio-

1888 1510 2004 1548 rem
2031 1513 2249 1567 quoque
2272 1501 2511 1572 aliquam
2541 1506 2808 1560 rationem
2848 1506 2967 1559 laus
2997 1506 3265 1561 continet.
3312 1504 3455 1559 Dicit

1889 1586 2033 1639 enim
2064 1604 2189 1643 enim
2220 1607 2345 1648 esse
2377 1593 2580 1649 fontem
2615 1612 2726 1651 non
2776 1596 2965 1650 ﬂuenti
3004 1598 3151 1667 quod
3205 1596 3453 1667 proﬂuit.

1894 1677 1989 1731 sed
2025 1678 2304 1735 hortorum
2344 1703 2358 1738 :
2397 1701 2506 1740 non
2535 1688 2750 1757 aliquas
2789 1704 3057 1758 aquarum
3110 1688 3455 1753 cllluxiones,

1892 1766 1987 1820 sed
2012 1768 2198 1824 hortos
2239 1772 2389 1841 ipsos
2439 1776 2781 1847 irrigantem.
2825 1778 2903 1832 lta
2942 1780 3213 1833 animatos
3267 1778 3457 1831 hortos

1892 1871 2146 1914 eiiianare
2177 1861 2303 1916 fecit
2332 1865 2549 1922 divinus
2579 1868 2869 1937 Apostolus
2895 1871 2962 1935 ⁸⁸,
2988 1886 3085 1925 eos
3136 1870 3277 1939 apud
3318 1882 3458 1937 σικοε

1891 1945 2008 2011 fuit,
2040 1964 2133 2017 per
2154 1951 2457 2007 doctrinam
2483 1957 2666 2012 enasci
2692 1957 2899 2013 faciens
2925 1958 3144 2013 hortum
3175 1957 3453 2011 Ecclesiae.

214 2005 315 2118 οῦκ
345 2010 550 2066 ὑδάτων
565 2016 716 2080 τινάς
736 2020 1029 2093 ἀπορροὰς,
1046 2005 1369 2093 ἁλλάύτοὺς
1390 2032 1515 2095 τοὺς
1540 2005 1749 2103 κήπους
1776 2005 2119 2103 ηγάζουσάν
2134 2057 2191 2092 τε
2210 2042 2303 2093 καὶ
2330 2043 2724 2115 ἀναϐρύουσαν.
2747 2046 2932 2110 Οὕτως
2960 2048 3192 2117 ἀνέϐρυε
3206 2049 3332 2111 τοὺς
3361 2050 3460 2118 ἐμ-

216 2095 422 2208 ψύχους
434 2102 684 2208 κήπουςιό
700 2105 843 2208 ύεῐος
854 2110 1188 2208 Ἀπόστρλος,
1203 2120 1330 2189 παρ’
1343 2113 1423 2181 οἷς
1432 2119 1497 2173 ἂν
1513 2095 1747 2189 ἐγένετο,
1764 2095 1967 2193 «mea;
1983 2127 2038 2179 Ἐ
2044 2132 2178 2197 κκλη
2185 2131 2303 2195 σίας
2318 2150 2396 2186 πα
2402 2095 2526 2204 ράῦε
2535 2153 2645 2189 ισον
2657 2136 2743 2189 διὰ
2752 2139 2849 2207 τῆς
2859 2095 3203 2203 διδασκαλίας
3219 2095 3456 2208 ὲκφύοξν.

449 2188 583 2235 πρὸς
610 2191 670 2235 τὸ
708 2194 1006 2235 ἃνηΑιι-ηφηυ
1036 2200 1153 2235 ἥνεο
1184 2179 1522 2235 ’δυ’-ητηρλαηη
1560 2208 1644 2235 ἒυὶ.
1677 2208 1746 2235 -.Ἴ

311 2188 424 2237 εἶτα
449 2188 583 2258 πρὸς
610 2191 670 2243 τὸ
708 2194 1006 2265 ἀκρότατον
1035 2200 1157 2269 ἄγει
1184 2205 1281 2272 τὴν
1308 2204 1522 2276 νύμφην
1559 2208 1646 2261 διὰ
1677 2208 1787 2262 τῶν
1819 2218 1859 2270 Β

218 2274 459 2365 έπαίνων
505 2282 533 2332 6
593 2281 778 2351 λόγος,
830 2290 1006 2361 φρέαρ
1056 2292 1225 2363 αὐτὴν
1279 2274 1549 2365 ὀνομάσας
1601 2299 1789 2363 ὓδατος

219 2363 452 2431 ζῶντος.
494 2373 587 2423 καὶ
638 2376 943 2443 ροιζοῦντος
985 2382 1093 2435 ἀπὸ
1138 2385 1229 2438 τοῦ
1274 2363 1529 2441 Λιϐάνου.
1586 2392 1652 2443 "A
1680 2393 1790 2461 γὰρ

220 2458 350 2550 περὶ
521 2460 784 2524 ζωοποιοῦ
831 2470 1233 2542 μεμαθήκαμεν
1268 2474 1481 2543 φύσεως
1511 2480 1660 2548 παρὰ
1692 2458 1790 2550 τῆς

219 2545 649 2639 ἁγίαςΑΓραφῆς,
678 2555 771 2609 νῦν
804 2559 905 2628 μὲν
938 2560 1037 2630 τῆς
1064 2565 1397 2634 προφητείας
1438 2545 1700 2639 λεγούσης
1726 2545 1789 2620 ἐκ

220 2636 515 2728 προσώπου
544 2642 638 2695 τοῦ
667 2644 800 2699 Θεοῦ
821 2688 835 2712 ,
860 2650 942 2702 ὅτι
995 2652 1132 2721 Ἐμὲ
1152 2654 1547 2724 ἐγκατέλιπον
1583 2636 1789 2728 miri)?

216 2724 439 2793 ὕδατος
466 2728 679 2800 ζῶντος
699 2750 713 2765 ⁸
750 2737 909 2792 πάλιν
948 2740 1003 2793 δὲ
1028 2741 1122 2794 τοῦ
1154 2746 1358 2815 Κυρίου
1389 2748 1525 2817 πρὸς
1546 2724 1786 2820 τὴνὲα-

219 2820 469 2889 μαρείτιν
497 2823 769 2889 εἰπόντος’
800 2832 869 2882 Εἰ
896 2828 1059 2898 ᾕδεις
1086 2834 1201 2902 τὴν
1226 2836 1451 2903 δωρεὰν
1477 2839 1584 2892 τοῦ
1614 2840 1783 2904 Θεοῦ,

218 2908 319 2961 καὶ
346 2912 439 2977 τίς
468 2912 639 2968 ἐστιν
668 2920 701 2970 ό
729 2918 919 2987 λέγων
959 2938 1059 2977 σοι
1082 2942 1096 2955 ο
1134 2928 1248 2993 Δός
1274 2946 1377 2995 μοι
1414 2929 1569 2999 ὕδωρ
1608 2932 1787 2997 πιεῖν,

216 2999 302 3092 ii:
334 3000 411 3054 ἂν
452 3004 682 3073 ᾔτησας
724 3010 939 3074 αὐτὸν,
990 3014 1087 3067 καὶ
1118 3017 1339 3071 ἔδωκεν
1366 3019 1444 3072 ἄν
1484 3036 1583 3075 σοι
1636 3021 1791 3092 ὕδωρ

218 3088 362 3149 ζῖῦνο
398 3094 510 3158 καὶ,
538 3098 614 3150 El
644 3114 733 3164 τις
760 3098 943 3168 διψᾷ,
979 3104 1243 3174 ἐρχέσθω
1278 3110 1429 3177 πρὸς
1460 3111 1540 3179 μὲ
1572 3112 1669 3166 καὶ
1700 3088 1792 3166 πὶ-

216 3179 391 3238 νέτω.
440 3184 494 3236 ’0
530 3188 641 3256 γὰρ
684 3194 983 3248 πιστεύων
1025 3198 1110 3264 εὶς
1156 3198 1260 3267 ἐμὲ
1283 3240 1297 3263 ,
1344 3202 1536 3267 καθὼς
1559 3199 1727 3256 εἶπεν
1750 3206 1789 3273 ἡ

228 3276 462 3344 Γραερὴ,
496 3281 746 3350 ποταμοὶ
772 3283 839 3337 ἐκ
862 3284 970 3353 τῆς
993 3289 1225 3356 κοιλίας
1257 3293 1441 3347 αὐτοῦ
1455 3291 1792 3357 ῥεύσουσιν

210 3361 436 3426 ὕδατος
448 3364 678 3429 ζῶντος.
706 3368 884 3421 Τοῦτο
897 3371 963 3422 δὲ
974 3371 1145 3442 ἔλεγε
1159 3376 1290 3443 περὶ
1306 3377 1411 3432 τοῦ
1426 3383 1790 3458 Πνεύματος,

207 3448 284 3507 οὗ
312 3452 575 3521 ἔμελλον
598 3458 923 3526 λαμϐάνειν
956 3464 1012 3515 οἱ
1040 3468 1430 3537 πιστεύοντες
1464 3477 1554 3541 εἰς
1580 3448 1785 3540 exordri.

217 3541 504 3615 Πανταχοῦ
536 3546 714 3602 τοίνυν
749 3551 845 3622 τῆς
896 3552 1047 3620 θείας
1087 3558 1299 3626 φύσεως
1338 3561 1424 3616 διὰ
1456 3563 1550 3617 τοῦ
1590 3565 1791 3630 ζῶντος
1815 3543 1859 3603 c

220 3630 417 3727 ῦδατος
445 3639 758 3711 νοουμένης,
789 3643 1022 3699 ἐνταῦθα
1065 3650 1099 3719 ἡ
1132 3650 1366 3723 ἀψευδὴς
1398 3656 1669 3727 μαρτυρία
1696 3657 1788 3711 τοῦ

213 3725 378 3793 λόγου
412 3728 589 3799 φρέαρ
619 3728 810 3797 ὕδατος
831 3735 926 3806 τὴν
956 3739 1174 3811 νύμφην
1202 3737 1341 3796 εἶναι
1382 3725 1713 3817 συνίστησιν,
1746 3743 1791 3816 ᾧ

216 3817 284 3869 ἐκ
334 3817 429 3871 τοῦ
472 3821 703 3876 Λιϐάνου
749 3825 896 3880 ἐστὶν
927 3830 961 3899 ἠ
992 3832 1151 3903 φορά.
1188 3831 1356 3887 Τοῦτο
1394 3835 1457 3906 δὴ
1492 3837 1552 3890 τὸ
1575 3838 1790 3892 πάντων

216 3909 671 3979 παραδοξότατον.
714 3916 938 3973 Πάντων
973 3920 1082 3993 γὰρ
1132 3923 1239 3976 τῶν
1273 3927 1557 3995 φρεάτων,
1606 3932 1664 3982 ἐν
1701 3948 1792 3984 συ·-

219 4001 461 4068 στήματι
498 3999 559 4054 τὸ
606 4001 748 4074 ὕδωρ
774 4006 1024 4076 ἐχόντων,
1054 4010 1188 4082 μόνη
1222 4013 1254 4082 ἠ
1282 4014 1465 4085 νύμφη
1501 4015 1790 4083 διεξοδικὺν

219 4090 280 4142 ἐν
314 4090 479 4163 ἑαυτῇ
510 4092 621 4162 ἔχει
647 4095 707 4148 τὸ
731 4095 894 4168 ὕδωρ,
933 4098 1071 4152 ὥστε
1106 4101 1169 4154 τὸ
1198 4105 1296 4172 μὲν
1327 4103 1487 4173 βάθος
1518 4105 1661 4175 ἔχειν
1694 4108 1789 4161 τοῦ

220 4180 479 4248 φρέατος,
506 4183 597 4236 τοῦ
618 4184 676 4237 δὲ
710 4188 954 4256 ποταμοῦ
978 4190 1039 4265 τὸ
1060 4192 1385 4264 ἀεικίνητον.
1411 4195 1506 4258 Τίς
1531 4198 1639 4265 γὰρ
1671 4198 1790 4250 κατ’

218 4267 382 4333 ἀξίαν
405 4270 644 4338 ἐφίκοιτο
657 4274 763 4327 τῶν
788 4276 1251 4351 ὑποδεικνυμένων
1268 4283 1580 4355 θαυμάτων,
1608 4278 1681 4350 ὦς
1703 4282 1792 4341 διὰ

215 4357 319 4427 τῆς
360 4356 457 4446 νῦν
502 4363 860 4435 ἐγγινομένης
884 4367 1019 4438 αὐτῇ
1043 4368 1390 4439 ’όμοιώσεωςς
1429 4375 1582 4446 Τάχα
1609 4376 1791 4432 ούκέτι

215 4448 333 4518 ἔχει
354 4438 486 4504 ὅπου
502 4451 697 4524 ἑαυτὴν
715 4455 814 4507 ὐπε
824 4456 961 4528 ράρῃ
976 4458 1063 4512 διὰ
1075 4438 1290 4515 πάντων
1307 4438 1633 4533 ὁμοιωθεῖσα
1654 4467 1792 4538 πρὸς

214 4538 278 4590 τὸ
301 4539 605 4608 ἀρχέτυπον
635 4542 847 4608 κάλλος.
889 4545 1207 4620 Μεμίμηται
1233 4551 1341 4620 γὰρ
1385 4550 1456 4604 δι’
1502 4553 1793 4625 ἀκριϐείας

212 4632 284 4700 τῇ
338 4629 439 4700 μὲν
485 4636 634 4704 πηγῇ
676 4635 773 4707 τὴν
810 4638 1013 4709 πηγὴν,
1062 4643 1129 4713 τῇ
1159 4642 1215 4695 δὲ
1255 4642 1367 4713 ζωῇ
1401 4644 1499 4714 τὴν
1532 4645 1699 4717 ζωὴν,
1731 4648 1793 4701 τὸ

215 4719 276 4771 δὲ
305 4716 450 4790 ὕδωρ
484 4721 563 4793 τῷ
603 4722 774 4778 ὕδατι.
813 4727 926 4779 Ζῶν
957 4729 986 4780 ὁ
1025 4728 1181 4798 λόγος
1206 4730 1300 4784 τοῦ
1326 4732 1497 4798 Θεοῦ,
1530 4733 1595 4805 ζῇ
1632 4716 1726 4788 οιαὶ
1757 4738 1792 4808 ἡ

216 4810 311 4862 τὸν
344 4811 515 4880 Λόγον
536 4813 800 4888 δεξαμένη
830 4817 997 4889 ψυχή.
1025 4819 1099 4873 Τδ
1126 4821 1183 4873 δὲ
1211 4821 1351 4893 ὕδωρ
1390 4825 1563 4878 ἐκεῖνο
1596 4827 1659 4878 ὲκ
1696 4826 1788 4880 τοῦ

216 4900 357 4953 Θεοῦ
390 4903 523 4972 ῥέει,
546 4905 729 4962 καθώς
762 4924 926 4979 φησιν
962 4910 995 4979 ἡ
1032 4912 1202 4981 πηγὴ,
1233 4912 1315 4965 ὅτι
1368 4913 1467 4967 Ἐκ
1502 4915 1609 4969 τοῦ
1641 4917 1791 4971 Θεοῦ

214 4989 485 5058 ἐξῆλθον
526 4993 623 5047 καὶ
655 4997 808 5066 ἥκω.
846 4996 992 5068 Λῦτη
1024 4998 1081 5052 δὲ
1112 5001 1353 5071 περιέχει
1380 5001 1441 5054 τὸ
1470 5002 1680 5075 εἰσρέον
1713 5004 1791 5075 τῷ

216 5080 319 5148 τῆς
351 5078 529 5149 ψυχῆς
576 5084 801 5151 φρέατι,
839 5085 932 5138 καὶ
976 5085 1063 5138 διὰ
1107 5086 1263 5140 τοῦτο
1300 5089 1507 5156 γίνεται
1544 5096 1790 5162 ταμιεῖον

215 5168 315 5225 τοῦ
350 5168 550 5235 ζῶντος
587 5173 794 5226 ἐκείνου
835 5172 1023 5237 ὓδατος
1049 5176 1141 5228 τοῦ
1172 5181 1234 5231 ὲκ
1264 5177 1357 5230 τοῦ
1383 5179 1613 5234 Λιϐάνου
1641 5182 1790 5252 ῥέον-

216 5275 333 5323 τος,
366 5260 565 5329 μᾶλλον
594 5262 649 5315 δὲ
673 5264 995 5334 ροιζοῦντος,
1028 5264 1207 5329 καθὼς
1243 5268 1271 5319 ὁ
1303 5268 1462 5338 λόγος
1486 5269 1786 5339 ὠνόμασεν.

220 5344 299 5403 Οῦ
359 5352 453 5405 καὶ
502 5353 661 5422 ἡμεῖς
708 5356 997 5426 γενοίμεθα
1051 5358 1299 5429 μέτοχοι,
1353 5362 1678 5433 κτησάμενοι
1728 5364 1789 5417 τὸ

219 5440 401 5512 φρέαρ
442 5442 636 5506 ἐκεῖνο,
667 5445 753 5497 ἵνα
794 5447 931 5499 κατὰ
969 5448 1031 5500 τὸ
1057 5448 1156 5517 τῆς
1189 5449 1379 5519 σοφίας
1423 5453 1785 5525 παράγγελμα

215 5529 491 5602 ἡμέτερον
519 5533 761 5604 πίνωμεν
799 5536 961 5607 ὕδωρ,
995 5539 1088 5591 καὶ
1112 5538 1185 5610 μὴ
1220 5539 1517 5613 ἀλλότριον.
1554 5543 1641 5597 Ἑν
1664 5524 1796 5615 Χρι-

221 5620 334 5690 στῷ
371 5622 545 5692 Ἰησοῦ
592 5624 782 5697 Κυρίῳ
814 5627 1001 5698 ἡμῶν,
1037 5623 1080 5697 ᾧ
1114 5632 1147 5702 ἡ
1178 5630 1304 5696 δόξα
1330 5633 1407 5696 εἱς
1437 5636 1561 5699 τοὺς
1593 5635 1793 5700 αἰῶνας

218 5711 333 5764 τῶν
363 5711 590 5768 αἰώνων.
639 5717 826 5787 Ἀμήν.

1821 4883 1865 4939 ιι
1895 4864 2042 4919 sicut
2076 4861 2197 4918 fons
2234 4863 2367 4919 dicit
2396 4883 2410 4919 :
2442 4850 2447 4857 ’
2476 4865 2557 4920 Ea:
2579 4866 2673 4920 deo
2714 4866 2965 4937 processi,
3002 4873 3051 4920 et
3076 4864 3240 4920 venio.

2054 2214 2260 2273 Deinde
2297 2218 2581 2291 Scriptura
2614 2224 2871 2282 laudibus
2893 2229 2961 2283 ad
2993 2243 3269 2283 summum
3289 2245 3458 2300 spon-

1893 2320 2008 2359 sam
2040 2310 2242 2372 evehit.
2276 2327 2395 2367 eam
2426 2317 2719 2373 nominans
2754 2329 2979 2388 puteum
3012 2336 3167 2392 aqua:
3208 2324 3363 2390 vivae,
3404 2332 3460 2380 et

1888 2409 2013 2449 cum
2040 2398 2243 2469 impetu
2274 2402 2493 2462 ﬂuentis
2542 2422 2607 2461 ex
2636 2408 2863 2465 Libano.
2887 2411 3019 2477 Quae
3044 2416 3187 2467 enim
3209 2429 3240 2468 a
3262 2423 3456 2469 sancta

1890 2485 2172 2558 Scriptura
2198 2492 2266 2548 de
2299 2504 2494 2552 natura
2533 2498 2825 2558 didicimus
2872 2504 3107 2569 vivitica,
3150 2521 3296 2561 nunc
3332 2508 3456 2573 qni-

1888 2579 2011 2634 dem
2054 2585 2339 2654 prophetia
2379 2589 2511 2645 dicit
2546 2608 2612 2647 ex
2666 2592 2759 2651 Dei
2819 2610 3048 2665 persona
3078 2617 3091 2653 :
3127 2598 3212 2652 Me
3242 2602 3458 2671 relique-

1888 2683 2013 2727 runt
2041 2676 2238 2743 fontem
2267 2696 2417 2750 aqum
2446 2685 2574 2738 victe
2589 2685 2670 2751 9';
2701 2694 2756 2741 et
2784 2702 2978 2743 rursus
2995 2688 3224 2745 Domino
3240 2690 3467 2747 dicente

1890 2764 2248 2824 Samaritana!
2284 2789 2297 2825 :
2339 2770 2399 2826 Si
2444 2777 2605 2830 scires
2632 2776 2832 2830 donum
2860 2777 2981 2845 Dei,
3024 2782 3219 2850 etquis
3262 2783 3334 2835 sit
3364 2785 3459 2853 qui

1886 2857 2017 2911 dicit
2038 2860 2155 2920 tibi,
2192 2861 2271 2915 Da
2302 2865 2430 2918 mihi
2456 2877 2658 2935 potum,
2692 2880 2748 2923 tu
2777 2871 3013 2936 petiisses
3044 2871 3109 2923 ab
3137 2889 3218 2936 eo,
3269 2885 3320 2927 et
3346 2875 3463 2942 ipso

1889 2947 1986 2999 tibi
2010 2948 2242 3004 dedisset
2294 2969 2486 3022 aquam
2529 2957 2789 3020 vivam”;
2816 2966 2871 3012 et
2903 2977 2916 3012 :
2946 2958 3007 3013 Si
3039 2961 3155 3028 quis
3196 2961 3329 3026 sitit,
3373 2979 3458 3016 ve-

1889 3040 2000 3091 niat
2034 3039 2101 3092 ad
2133 3057 2212 3093 me
2240 3051 2289 3095 et
2312 3043 2476 3099 bibat.
2508 3045 2615 3111 Qui
2642 3047 2780 3099 enim
2807 3048 2971 3100 credit
2995 3048 3166 3109 inme.
3216 3049 3354 3103 sicut
3375 3050 3459 3103 di-

1888 3130 1970 3181 xit
2004 3128 2303 3198 Scriptura,
2356 3134 2581 3200 ﬂumina
2628 3151 2695 3189 ea:
2724 3146 2898 3191 ventre
2942 3137 3056 3206 ejus
3100 3139 3264 3206 [luent
3304 3156 3460 3209 aqua

1889 3216 2016 3270 viva:
2044 3232 2063 3271 :
2097 3218 2208 3272 lucc
2259 3232 2432 3275 autem
2478 3223 2683 3277 dicebat
2734 3224 2799 3279 de
2842 3224 3053 3293 Spiritu
3092 3243 3244 3296 quem
3306 3245 3459 3283 acce-

1888 3308 2031 3375 pturi
2060 3319 2213 3363 erant
2244 3313 2335 3380 qui
2364 3313 2645 3368 credebant
2668 3318 2721 3369 in
2743 3318 2942 3371 eum”.
2965 3318 3100 3372 Cum
3115 3334 3244 3389 ergo
3273 3318 3459 3375 divina

1891 3408 2085 3453 natura
2114 3400 2317 3471 ubique
2359 3403 2696 3476 intelligatur
2746 3423 2843 3477 per
2872 3424 3070 3478 aquam
3105 3411 3311 3473 vivam,
3366 3410 3457 3465 hic

1892 3504 2079 3544 verum
2111 3492 2408 3563 Scriptura:
2438 3496 2813 3553 testimonium
2833 3501 3025 3555 statuit
3052 3516 3311 3570 sponsam
3334 3517 3469 3558 esse

1892 3588 2113 3649 puteum
2147 3598 2300 3653 aqua:
2328 3586 2481 3651 vivaa,
2518 3588 2610 3659 qui
2641 3606 2765 3644 cum
2818 3592 3019 3662 impetu
3073 3592 3248 3647 fertur
3273 3609 3337 3648 ex
3368 3594 3461 3647 Li-

1890 3670 2053 3727 bano.
2086 3671 2197 3728 Hoc
2232 3684 2414 3730 autem
2440 3686 2524 3732 est
2546 3680 2791 3734 omnium
2827 3682 3063 3738 maxime
3110 3683 3454 3739 admirabile.

1890 3759 2024 3815 Nam
2054 3778 2179 3817 cum
2213 3780 2402 3823 omnes
2447 3770 2596 3839 putei
2640 3786 2837 3840 aquam
2868 3774 3033 3827 simul
3062 3774 3303 3828 habeant
3325 3792 3458 3830 con-

1892 3851 2201 3920 sistentem,
2256 3858 2373 3910 sola
2426 3874 2628 3928 sponsa
2673 3877 2871 3929 aquam
2927 3863 2982 3916 in
3024 3879 3083 3917 se
3125 3864 3289 3919 habet
3324 3880 3452 3933 per-

1892 3954 2184 4010 meantem,
2220 3948 2357 4003 adeo
2386 3958 2442 4003 ut
2471 3951 2619 4020 putei
2654 3951 2988 4020 profundum
3038 3953 3261 4018 habeat,
3300 3954 3457 4010 ﬂuvii

1890 4053 2021 4092 vero
2051 4054 2346 4108 perennem
2378 4045 2693 4097 motionem.
2737 4042 2873 4109 Quis
2904 4051 3088 4098 autem
3132 4061 3237 4114 pro
3268 4046 3451 4116 digni-

1892 4135 2003 4182 tale
2029 4129 2209 4184 verbis
2237 4132 2413 4199 possit
2442 4134 2658 4203 assequi
2693 4135 2960 4188 miracula
2987 4150 3108 4205 quae
3148 4135 3455 4190 ostendun-

1891 4229 1981 4273 tur
2008 4236 2102 4290 per
2130 4236 2248 4276 eam
2273 4238 2393 4293 quae
2422 4239 2568 4278 nunc
2615 4224 2755 4279 facta
2807 4234 2892 4280 est
2947 4228 3066 4297 ejus
3118 4227 3461 4281 assimilatio-

1892 4312 2065 4365 nem?
2117 4310 2372 4369 Fortasse
2422 4331 2531 4370 non
2566 4316 2731 4371 habet
2781 4318 3017 4387 amplius
3047 4333 3157 4388 quo
3190 4318 3354 4373 altius
3398 4333 3459 4373 se

1891 4404 2137 4465 extollat,
2168 4420 2264 4474 per
2292 4407 2476 4461 omnia
2511 4411 2813 4465 assimilata
2861 4410 3159 4481 exemplari
3214 4409 3459 4480 pulchri-

1893 4495 2087 4549 tudini.
2117 4494 2318 4552 Exacte
2356 4499 2501 4554 enim
2537 4509 2592 4555 et
2620 4510 2877 4557 accurate
2913 4512 3003 4557 est
3027 4504 3262 4567 imitata,
3307 4502 3463 4557 fonte

1891 4586 2114 4655 quidem
2167 4586 2398 4655 fontem,
2449 4592 2558 4645 vita
2601 4600 2783 4647 autem
2834 4595 3027 4655 vitam,
3073 4608 3215 4663 aqua
3273 4602 3458 4647 autem

1894 4693 2111 4749 aquam.
2149 4679 2319 4737 Vivus
2362 4689 2448 4737 est
2504 4698 2687 4738 sermo
2710 4683 2804 4738 Dci
2838 4703 2852 4739 :
2881 4685 3013 4739 vivit
3051 4686 3219 4740 etiam
3275 4683 3458 4738 anima

1892 4785 2015 4841 qua:
2082 4769 2317 4826 Verbum
2367 4774 2627 4842 suscepit.
2694 4775 2847 4844 Aqua
2906 4775 2997 4830 illa
3044 4774 3161 4829 ﬂuit
3205 4792 3270 4830 ex
3305 4774 3455 4841 Deo,

3334 4868 3457 4938 Ipsa

1890 4963 2070 5008 autem
2110 4969 2235 5008 eum
2269 4955 2517 5009 continet
2545 4956 2638 5025 qui
2673 4957 2850 5012 inﬂuit
2882 4958 2935 5012 in
2971 4968 3199 5028 puteum
3234 4960 3453 5021 animae,

1890 5057 1945 5103 ct
1982 5055 2273 5118 propterea
2309 5047 2368 5100 ﬁt
2427 5050 2861 5117 promptuarium
2912 5065 3069 5119 aqua:
3122 5050 3271 5103 illius
3321 5050 3457 5103 viva:

1890 5155 2013 5207 qua
2042 5138 2161 5192 ﬂuit
2200 5155 2265 5192 ex
2304 5137 2533 5202 Libano,
2574 5141 2658 5194 vel
2682 5142 2866 5211 potius
2892 5140 3011 5196 ﬂuit
3048 5157 3174 5195 cum
3225 5140 3455 5210 impetu,

1891 5232 2035 5285 sicut
2072 5231 2357 5300 Scriptura
2389 5232 2651 5302 loquitur.
2686 5232 2860 5303 Cujus
2890 5249 2993 5288 nos
3021 5248 3240 5303 quoque
3279 5233 3454 5288 simus

1894 5323 2205 5392 participes.
2234 5323 2579 5392 possidentes
2601 5326 2752 5379 illum
2786 5335 3033 5394 puteum,
3063 5332 3122 5378 ut
3142 5338 3456 5393 congruen-

1892 5421 1976 5469 ter
2009 5423 2276 5483 praaccpto
2315 5416 2591 5485 sapientia:
2634 5416 2885 5473 bibamus
2931 5426 3176 5470 nostram
3233 5430 3453 5485 aquam,

1895 5512 1950 5558 et
1978 5520 2084 5559 non
2116 5506 2366 5560 alienam.
2419 5506 2474 5561 In
2504 5506 2746 5576 Christo.
2775 5506 2905 5563 Jesu
2962 5506 3193 5561 Domino
3238 5514 3457 5573 nostro,

1893 5610 2052 5665 quem
2083 5595 2238 5651 decet
2271 5597 2439 5667 gloria
2484 5599 2537 5653 in
2568 5599 2765 5655 saecula
2798 5597 3149 5654 saeculorum.
3178 5596 3375 5652 Amen.

293 5819 344 5854 ’⁸
374 5819 537 5877 Hebr.
562 5837 598 5876 ι.
676 5824 718 5855 "
757 5822 863 5881 Jer.
904 5842 965 5895 ιι,
1008 5828 1089 5883 13.
1166 5830 1208 5864 ⁸⁸
1238 5828 1395 5888 Joan.
1438 5848 1511 5899 ιν,
1552 5832 1635 5889 12.
1693 5834 1737 5868 9’
1776 5830 1791 5887 Δ

1890 5850 1931 5891 a.
1976 5835 2162 5900 “1,37
2190 5851 2309 5905 sqq.

556 6076 697 6101 ,κάρ
1055 6074 1067 6085 ι
1588 6064 1667 6089 of"
