4028 6486
658 447 767 504 979

1254 561 1539 619 IIOMILIA
1580 566 1644 624 Χ.

731 649 920 722 Surge,
965 654 1165 724 ayuilo,
1203 664 1253 709 et
1293 657 1427 722 veni,
1479 667 1676 722 auster,
1711 667 1760 710 et
1813 659 1977 726 perita
2021 658 2227 711 hortum

663 758 856 802 meum.
906 755 955 796 et
1005 743 1174 811 ﬂuant
1227 755 1467 799 aromata
1522 763 1656 800 mea.
1701 747 1829 802 CAP.
1885 765 1935 801 ν.
2003 750 2054 803 Ι.
2125 747 2229 801 De-

658 837 878 892 ﬂendat
923 837 1178 905 patruelis
1222 854 1367 892 meus
1401 837 1468 890 ad
1507 840 1716 892 hortum
1760 855 1935 902 suum,
1977 849 2026 893 et
2056 855 2228 893 conte-

659 928 755 982 dat
789 928 993 998 fructus
1030 945 1304 998 pomorum
1343 947 1579 984 suorum.
1629 929 1880 985 Ducendi
1925 931 1980 984 iu
2020 930 2231 985 hortum

658 1036 851 1086 meum,
883 1037 1036 1075 soror
1085 1037 1200 1075 mea
1244 1038 1459 1091 sponsa,
1509 1023 1701 1077 messui
1740 1022 2010 1092 myrrham
2059 1039 2230 1076 meam

657 1127 780 1167 cum
838 1113 1163 1168 aromatibus
1211 1114 1363 1170 meis.
1417 1111 1632 1168 Comedi
1682 1131 1870 1183 partem
1895 1131 2068 1169 meum
2113 1131 2230 1168 cum

655 1204 810 1259 melle
850 1220 985 1268 meo,
1019 1204 1126 1258 bibi
1149 1205 1323 1259 uinum
1368 1222 1538 1260 meum
1565 1222 1683 1259 cum
1713 1207 1848 1260 lacte
1877 1223 2008 1261 meo.
2041 1205 2229 1261 Come-

655 1297 785 1361 dite,
832 1297 1012 1362 amici,
1061 1307 1111 1351 et
1148 1297 1324 1362 bibite,
1371 1308 1422 1351 et
1472 1298 1822 1365 inebriamini,
1877 1299 2072 1368 fratres
2105 1301 2225 1353 mei.

655 1387 710 1448 2.
748 1385 860 1457 Ego
890 1387 1116 1453 dormio,
1147 1401 1192 1441 et
1219 1404 1312 1442 cor
1336 1405 1508 1442 meum
1547 1389 1746 1459 vigilat.

725 1566 866 1622 Cum
897 1566 1206 1620 divinorum
1237 1565 1530 1620 verborum
1578 1566 1739 1621 nobis
1782 1567 2058 1636 proposita
2091 1582 2228 1622 con-

654 1656 940 1726 templatio
1001 1663 1058 1710 et
1128 1657 1522 1725 consequentia
1577 1656 1790 1712 Cantici
1843 1659 2225 1722 canticorum,

654 1747 947 1817 quasdam,
983 1763 1121 1818 quas
1160 1747 1378 1803 dillicile
1425 1758 1512 1804 est
1562 1751 1804 1818 assequi,
1844 1757 1899 1805 et
1947 1766 2068 1820 quas
2100 1760 2229 1806 sunt

655 1845 812 1894 tecta
856 1847 1078 1909 propter
1118 1839 1532 1906 obscuritatem,
1575 1840 1629 1894 in
1677 1841 1896 1896 arcanis
1947 1843 2222 1898 contineat

652 1931 980 1995 sententias,
1023 1929 1184 1985 nobis
1224 1930 1419 2000 majori
1449 1945 1589 2001 Opus
1639 1939 1724 1986 est
1751 1933 2076 1995 attentione.
2117 1935 2228 1989 imo

652 2036 783 2077 vero
827 2022 1021 2092 majori
1065 2037 1162 2092 per
1193 2037 1384 2092 preces
1423 2023 1650 2086 auxilio,
1683 2031 1738 2078 et
1773 2025 1947 2078 sancti
1991 2023 2228 2094 Spiritus

653 2111 1006 2178 deductione,
1045 2130 1114 2168 ne
1141 2114 1377 2185 idipsum
1409 2115 1570 2170 nobis
1599 2114 1819 2168 accidat
1853 2115 1905 2168 in
1946 2116 2227 2186 stupendis

652 2202 742 2258 his
784 2204 1085 2270 miraculis,
1127 2205 1274 2275 quod
1308 2206 1449 2260 solet
1485 2204 1739 2260 accidere
1775 2206 1830 2259 in
1865 2207 2060 2260 stellis.
2092 2205 2224 2260 Nam

650 2295 844 2365 procul
889 2295 1103 2349 illarum
1156 2294 1495 2351 admirantes
1548 2295 2048 2365 pulchritudinem,
2104 2294 2226 2347 nul-

649 2385 758 2446 lam
814 2401 1108 2456 possumus
1156 2387 1406 2441 invenire
1450 2387 1718 2441 rationem
1777 2386 1845 2440 ad
1891 2399 2226 2455 cognoscen-

649 2477 776 2531 dam
831 2492 1018 2532 earum
1059 2479 1415 2540 creationem,
1454 2477 1546 2534 sed
1597 2477 2001 2547 pulchritudine
2047 2477 2222 2531 solum

650 2569 758 2628 frui
795 2585 1111 2638 possumus.
1161 2579 1450 2638 propterea
1507 2569 1652 2638 quod
1691 2568 1941 2624 dicamus
1996 2583 2098 2624 nos
2143 2577 2224 2622 te-

647 2661 770 2717 neri
807 2675 995 2716 earum
1040 2660 1423 2716 admiratione.
1477 2659 1619 2715 Sunt
1650 2662 1794 2716 enim
1835 2676 2028 2716 revera
2075 2677 2224 2731 qua:-

649 2752 774 2806 dam
808 2751 999 2814 stellae,
1033 2751 1354 2821 splendores
1389 2752 1698 2806 divinorum
1738 2751 1933 2807 borum
1977 2754 2224 2822 eloquio-

648 2861 771 2902 rum
817 2852 870 2899 et
917 2845 1156 2916 fulgores
1205 2847 1490 2900 oculorum
1546 2848 1762 2907 animas,
1819 2847 2002 2902 carnis
2045 2849 2223 2904 oculis

647 2937 1032 3008 praefulgentes
1079 2947 1134 2992 et
1175 2939 1580 3008 praecellentes,
1633 2940 1933 2993 secundum
1983 2941 2223 2995 altitudi-

647 3044 773 3089 nem
801 3029 925 3083 caeli
966 3043 995 3080 a
1031 3037 1198 3091 terra,
1241 3039 1299 3082 ut
1331 3029 1466 3082 dicit
1515 3027 1782 3098 Propheta
1812 3031 1850 3083 ¹.
1885 3030 2040 3096 Quod
2087 3033 2130 3086 si
2168 3031 2222 3085 id

648 3131 849 3184 nostra:
877 3123 1072 3176 anima:
1107 3123 1392 3176 usuveniat
1427 3120 1575 3192 quod
1611 3122 1865 3178 audimus
1899 3124 2222 3178 usuvenisse

647 3215 812 3282 Eliaa;
847 3225 900 3270 et
941 3215 994 3268 in
1042 3215 1200 3285 igneo
1246 3231 1410 3268 curru
1465 3223 1742 3283 assumpta
1767 3215 1786 3244 '
1810 3231 2028 3285 quoque
2066 3230 2219 3270 mens
2247 3251 2288 3307 ε

646 3315 835 3368 nostra
869 3307 1120 3361 sublimis
1153 3305 1522 3360 transferatur
1568 3305 1636 3360 ad
1681 3306 1933 3361 cmlestes
1979 3305 2220 3374 pulchri-

649 3396 869 3449 tudines
922 3394 1210 3464 (Spiritum
1267 3406 1514 3448 sanctum
1557 3400 1737 3446 autem
1788 3408 2053 3463 ponemus
2097 3409 2220 3455 esse

645 3487 848 3557 ignem,
899 3499 1058 3553 quem
1115 3485 1374 3537 Dominus
1415 3483 1560 3537 venit
1609 3491 1668 3536 ut
1716 3483 1949 3538 mitteret
1998 3483 2053 3536 in
2108 3490 2218 3538 ter-

644 3593 786 3640 ram,
827 3576 920 3647 qui
956 3577 1010 3629 in
1043 3577 1224 3645 specie
1268 3576 1574 3646 linguarum
1602 3574 1949 3630 dividebatur
1974 3576 2218 3646 discipu-

645 3667 876 3739 lis),non
922 3668 1081 3738 plane
1129 3667 1538 3736 desperabimus
1573 3682 1674 3722 nos
1713 3666 1799 3720 his
1847 3668 2014 3722 astris
2057 3683 2217 3734 posse

645 3763 1108 3841 appropinquare,
1146 3760 1374 3815 divinis.
1407 3759 1653 3829 inquam,
1701 3758 1988 3814 sententiis
2024 3767 2078 3814 et
2128 3759 2215 3814 in-

645 3854 979 3925 telligentils,
1040 3869 1162 3923 qua:
1199 3869 1294 3923 per
1344 3852 1590 3910 caelestia
1640 3860 1694 3907 et
1745 3853 2053 3922 spiritualia
2098 3853 2214 3909 elo-

642 3946 773 4018 quia
804 3946 856 4000 in
889 3948 1093 4001 nostris
1129 3945 1337 4015 fulgent
1367 3946 1585 3999 animis.
1612 3946 1811 4016 Aspice
1839 3949 1985 4001 enim
2020 3946 2215 4000 animae

642 4037 825 4102 oculo,
877 4045 929 4092 te
968 4037 1237 4107 alloquor,
1274 4053 1307 4091 ο
1339 4037 1582 4099 auditor,
1632 4052 1820 4092 vocem
1859 4052 1982 4107 qua:
2031 4052 2060 4089 a
2102 4036 2211 4091 Do-

1885 455 1942 511 S.
1983 456 2304 514 GREGORII
2345 457 2635 515 NYSSENI
3724 473 3795 531 θω

2947 577 3180 632 ΟΜΙΛΙΔ
3234 578 3285 628 1⁸.

2415 666 2803 736 Ἐξεγέρθητι,
2833 667 3023 738 Βορῤᾶ
3039 707 3054 732 ,
3082 668 3177 722 καὶ
3201 669 3396 736 ἔρχου,
3421 669 3556 724 Νότε
3575 708 3588 734 ,
3613 672 3691 725 καί
3713 674 3798 728 διά.

2331 767 2603 804 πνευσον
2632 751 2830 819 κῆπόν
2865 771 2983 821 μου
3005 793 3020 817 ,
3046 753 3144 806 καί
3181 751 3558 819 ρευσάτωσαν
3593 756 3800 825 ἀρώματὰ

2324 854 2465 906 μου.
2505 837 2820 906 Καταόήτω
2853 838 3172 908 ἀδελφιδός
3194 857 3310 908 μου
3339 843 3422 906 εὶς
3455 839 3628 906 κῆπον
3647 847 3798 911 αὑτοῦ,

2331 927 2430 980 καί
2454 928 2682 998 φαινέτω
2707 929 2937 999 καρπὸν
2959 929 3317 998 ἀκροδρύων.
3342 929 3619 998 Εἰσῆλθον
3645 936 3714 1000 εις
3729 933 3802 1002 κῆ-

2331 1018 2449 1070 πόν
2465 1036 2604 1087 μου.
2645 1018 2878 1089 ἀδελφή
2896 1038 3014 1089 μου
3040 1021 3242 1090 νύμφη
3266 1036 3281 1052 ο
3302 1020 3579 1090 ἐτρύγησα
3595 1026 3803 1094 σμύρναν

2331 1124 2450 1176 μου
2485 1107 2633 1178 μετὰ
2681 1109 3002 1178 ἀρωμάτων
3046 1126 3186 1178 μου.
3226 1109 3484 1180 Ἔφαῃον
3529 1113 3684 1181 ἄρτον·
3721 1133 3804 1184 μου

2324 1200 2474 1269 μετὰ
2493 1199 2733 1270 μέλιτός
2748 1219 2889 1270 μου,
2909 1201 3081 1255 ἔπιον
3108 1197 3275 1254 οϊνόν
3293 1219 3408 1270 μου
3424 1203 3561 1270 μετὰ
3580 1204 3806 1272 γάλακτός

2327 1309 2469 1360 μου.
2497 1291 2738 1361 Φὰγετε,
2773 1295 2826 1345 ot
2853 1291 3117 1358 πλησίον
3140 1309 3278 1360 μου,
3310 1292 3404 1345 καὶ
3424 1293 3575 1346 utere
3593 1333 3608 1359 ,
3636 1294 3715 1347 καί
3736 1313 3809 1362 με..

2331 1383 2614 1449 θύσθητε,
2650 1383 2922 1452 ἀδελφοί.
2963 1381 3102 1452 Ἐγὼ
3129 1383 3390 1438 καθεύδω
3413 1425 3428 1448 ,
3471 1385 3560 1439 καί
3585 1387 3620 1454 ὴ
3653 1387 3808 1455 καρδία

2325 1489 2445 1541 μου
2478 1471 2786 1542 ἀγρυπνεῖ.

2400 1559 2517 1635 Τῆς
2535 1563 2632 1618 νῦν
2681 1565 3033 1636 προτεθείσης
3065 1567 3194 1635 ἡμῖν
3221 1565 3331 1618 τῶν
3360 1566 3510 1620 θείων
3548 1568 3698 1638 ῥητῶν
3719 1568 3808 1621 θεω-

2332 1655 2453 1728 ρίας
2501 1659 2566 1710 ἐκ
2595 1657 2693 1726 τῆς
2722 1656 2816 1709 τοῦ
2869 1656 3144 1728 ’ᾼσματος
3191 1658 3301 1712 τῶν
3351 1658 3614 1729 ’ᾼσμάτων
3643 1660 3808 1713 ἀκολου-

2329 1747 2452 1812 θίας
2472 1787 2486 1812 ,
2531 1747 2827 1816 δυσέφικτά
2854 1765 2972 1801 τινα
3001 1749 3096 1802 καὶ
3125 1750 3503 1821 κεκαλυμμένα
3523 1751 3585 1804 δι’
3611 1752 3810 1820 ἀσαφείας

2331 1840 2390 1892 ἐν
2411 1841 2740 1911 ἀπορρήτοις
2769 1839 3124 1911 περιεχούσης
3163 1843 3408 1911 νοήματα
3426 1880 3440 1904 ,
3477 1841 3691 1911 μείζονος
3719 1846 3810 1912 ἡμῖν

2258 1911 2301 1967 Β
2329 1929 2484 2001 χρεία
2511 1931 2606 2000 τῆς
2631 1930 2902 2000 προσοχῆς
2921 1969 2936 1992 ,
2970 1930 3166 1999 μᾶλλον
3191 1930 3247 1982 δὲ
3285 1930 3520 1994 πλείονος
3541 1932 3629 2002 τῆς
3645 1931 3715 1984 διὰ

2329 2020 2501 2091 εὐχῶν
2535 2020 2823 2090 συνεργίας
2847 2062 2862 2086 ,
2896 2020 2987 2073 καὶ
3017 2020 3113 2091 τῆς
3145 2021 3296 2091 παρὰ
3327 2019 3417 2072 τοῦ
3445 2019 3591 2088 ἁγίου
3624 2020 3810 2089 Πνεύμιι-

2326 2129 2418 2175 τος
2440 2111 2690 2184 ὁδηγίας·
2712 2111 2787 2176 ὡς
2816 2111 2881 2165 ἂν
2917 2113 2991 2182 μὴ
3019 2111 3212 2165 ταύτὸν
3244 2112 3505 2183 πάθοιμεν
3530 2112 3614 2164 ἐπὶ
3639 2112 3722 2182 τῆς
3740 2111 3814 2164 τῶν

2328 2204 2546 2276 ὑψηλῶν
2572 2203 2774 2258 τούτων
2804 2203 3092 2274 θαυμάτων
3128 2203 3464 2274 ἐκπλήξεως,
3493 2203 3614 2274 ὅπερ
3647 2203 3722 2254 καὶ
3752 2203 3813 2253 tat

2325 2297 2434 2350 τῶν
2482 2297 2726 2367 ἀστέρων
2768 2296 2996 2361 πάσχειν
3047 2295 3336 2366 εἰώθαμεν.
3366 2297 3472 2349 Καὶ
3510 2296 3609 2367 γὰρ
3652 2293 3815 2347 ἐκείνων

2325 2387 2605 2458 πόρρωθεν
2629 2386 2691 2440 τὸ
2718 2386 2912 2449 κάλλος
2939 2386 3308 2456 θαυμάζοντες
3326 2428 3342 2449 ,
3369 2387 3609 2458 οὕδεμίαν
3633 2385 3814 2456 μηχανὴν

2326 2478 2608 2548 ἐπινοῆσαι
2639 2477 2912 2548 δυνάμεθα
2955 2478 3090 2548 πρὸς
3143 2479 3203 2531 τὸ
3234 2478 3438 2547 γνῶναι
3468 2478 3560 2545 τὴν
3586 2477 3731 2531 κτίσιν
3751 2475 3817 2527 αὖ·

2325 2571 2460 2625 τῶνσ
2496 2570 2630 2624 ἀλλὰ
2665 2569 2750 2622 διὰ
2775 2568 2868 2622 τοῦ
2895 2570 3121 2632 κάλλους
3153 2571 3332 2624 αὐτῶν
3363 2572 3506 2624 ἐστιν
3533 2571 3698 2640 ἡμῖνὴ
3726 2569 3816 2622 ἀπό·

2323 2660 2544 2726 λαυσις,
2578 2660 2640 2712 τὸ
2680 2660 3066 2730 θαυμαστικῶς
3114 2661 3240 2730 περὶ
3273 2661 3334 2713 τὸ
3379 2661 3674 2731 φαινόμενον
3700 2660 3814 2730 ἔχειν.

2337 2751 2587 2822 Ἀστέρες
2619 2751 2726 2822 γάρ
2751 2750 2894 2816 τινές
2921 2752 3057 2804 είσιν
3085 2752 3326 2824 ἀτεχνῶς
3356 2753 3412 2806 αἱ
3445 2753 3545 2806 τῶν
3572 2752 3707 2805 θείων
3736 2750 3818 2802 τού-

2322 2864 2428 2900 των
2465 2847 2660 2916 λογίων
2690 2847 3044 2918 μαρμαρυγαί
3084 2863 3140 2898 τε
3167 2847 3263 2899 καὶ
3293 2847 3618 2917 λαμπηδὸνες
3640 2845 3730 2898 τῶν
3752 2845 3819 2912 τῆς

2321 2938 2496 3008 ψυχῆς
2527 2937 2787 3009 ὁμμά.των
2833 2937 3284 3009 ὑπερλάμπουσαί
3318 2956 3375 2990 τε
3425 2939 3516 2991 καὶ
3557 2935 3817 3006 ὑπερκείμε·

2322 3047 2454 3094 ναι,
2491 3028 2632 3084 κατά
2667 3029 2728 3082 τὸ
2766 3028 2896 3098 ὕψος
2943 3029 3034 3082 τοῦ
3083 3029 3314 3098 ούρανοῦ
3363 3029 3469 3082 άπὸ
3513 3028 3606 3096 τῆς
3636 3029 3747 3096 γῆς.
3770 3021 3818 3084 ὥς

2322 3139 2484 3192 φησιν
2509 3123 2538 3174 ό
2579 3122 2884 3192 Προφήτης.
2922 3121 2982 3173 Ei
3019 3120 3073 3172 δὲ
3107 3120 3318 3188 γένοιτο
3351 3121 3442 3173 καὶ
3473 3119 3592 3189 περὶ
3618 3118 3700 3184 τὴν
3723 3117 3818 3184 ἡμε-

2321 3217 2483 3285 τέραν
2508 3213 2705 3284 ψυχὴν,
2737 3213 2766 3266 ὃ
2805 3213 2932 3283 περὶ
2963 3212 3054 3265 τὸν
3103 3212 3288 3265 Ἠλίαν
3321 3212 3610 3281 ἀκούομεν’
3637 3207 3819 3262 καὶάνα-

2328 3306 2591 3377 ληφθεῖσα
2615 3305 2692 3374 τῷ
2722 3305 2929 3374 πυρίνῳ
2964 3305 3164 3374 ᾶρματι
3193 3303 3350 3375 ἡμῶν
3375 3305 3408 3374 ἡ
3439 3302 3649 3362 διάνοια,
3678 3295 3821 3400 μετάῖ
3904 3337 3905 3400 ι

2328 3416 2441 3460 σιος
2476 3397 2609 3467 πρὸς
2637 3398 2706 3449 τὰ
2732 3396 2956 3466 οὐράνια
2996 3395 3168 3464 κάλλη
3209 3395 3524 3464 μετατεθείη
3559 3385 3822 3462 (Πνεῦμσδὲ

2326 3492 2478 3558 ἅγιον
2503 3485 2638 3541 εἶναι
2668 3488 2728 3540 τὸ
2753 3487 2862 3558 πῦρ
2886 3487 3231 3556 ἐννοήσωμεν,
3265 3488 3405 3559 ὅπερ
3441 3485 3640 3556 βάλλειν
3667 3483 3740 3535 ἐπὶ
3761 3479 3823 3548 τὴν

2325 3582 2425 3651 γῆν
2452 3575 2614 3652 ἦλθεν
2639 3580 2666 3631 ὁ
2702 3577 2906 3649 Κύριος
2926 3618 2940 3643 ,
2970 3579 3028 3632 τὸ
3057 3579 3114 3630 ὲν
3139 3577 3400 3646 γλωσσῶν
3426 3578 3548 3630 εῖδει
3580 3578 3676 3637 τοῖς
3699 3570 3822 3643 μαθη-

2324 3675 2440 3736 ταῖς
2473 3668 2888 3742 μεριζόμενον),
2935 3669 3033 3722 οὐκ
3067 3669 3159 3721 ἀπ’
3189 3668 3405 3733 ἐλπίδος
3436 3670 3562 3738 ἡμῖν
3605 3665 3823 3734 γενήσεται

2322 3767 2383 3819 τὸ
2409 3765 2702 3835 πλησιάσαι
2732 3763 2942 3827 τούτοις
2967 3768 3080 3828 τοῖς
3123 3765 3344 3836 ἄστροις
3363 3805 3378 3829 ,
3421 3768 3532 3827 τοῖς
3566 3763 3708 3822 θείοις
3727 3760 3824 3823 λέγω

2323 3858 2552 3927 νοήμασι
2573 3897 2586 3916 ,
2613 3858 2727 3917 τοῖς
2744 3854 2834 3908 διὰ
2859 3855 2964 3907 τῶν
3009 3855 3066 3907 ού
3078 3856 3270 3925 ρανίων
3295 3874 3354 3908 τε
3383 3857 3476 3910 καί
3513 3848 3826 3923 πνευματικῶν

2320 3948 2515 4016 λογίων
2564 3949 2661 4010 τὰς
2709 3945 2884 4016 ψυχὰς
2938 3947 3094 4016 ἡμῶν
3133 3948 3668 4017 περιαστράπτουσιν.
3713 3939 3823 3992 Ἀνά-

2320 4037 2513 4107 ϐλεψον
2540 4035 2649 4108 γὰρ
2690 4035 2768 4106 τῷ
2805 4035 2902 4105 τῆς
2942 4036 3118 4106 ψυχῆς
3147 4036 3410 4107 ὀφθαλμῷ
3437 4077 3452 4100 ,
3487 4035 3615 4106 πρὸς
3649 4033 3699 4086 σὲ
3727 4031 3825 4094 Εγω

641 4129 790 4183 mino
821 4130 1021 4184 emissa
1053 4137 1136 4183 est
1163 4130 1229 4182 ad
1277 4129 1638 4200 patriarcbam
1663 4131 1704 4186 ³,
1767 4128 1967 4198 Aspice
2002 4129 2069 4182 ad
2109 4129 2212 4184 hoc

2318 4128 2408 4180 τὸν
2437 4125 2710 4197 ἀκροατὴν
2734 4164 2748 4187 ,
2781 4125 2881 4195 τὴν
2922 4125 3056 4195 πρὸς
3089 4124 3180 4176 τὸν
3221 4127 3564 4196 πατριάρχην
3594 4118 3823 4189 γενομένην

639 4219 862 4284 ctelurn,
897 4227 952 4274 et
980 4219 1102 4274 vide
1142 4220 1242 4274 has
1282 4221 1489 4283 stellas,
1528 4219 1573 4275 si
1616 4228 1770 4289 potes
1811 4219 1987 4272 metiri
2022 4219 2208 4273 altitu-

2318 4216 2469 4288 παρὰ
2509 4214 2602 4269 τοῦ
2631 4213 2832 4283 Κυρίου
2862 4215 3042 4285 φωνὴν
3065 4253 3080 4276 ,
3111 4215 3417 4284 ἀνάδλεψον
3445 4219 3524 4278 εἰς
3551 4214 3633 4266 τὸν
3658 4206 3825 4281 οὐρανὸν

639 4309 822 4363 dinem
852 4309 1096 4378 ipsarum
1129 4310 1635 4379 intelligentiarum.
1670 4309 1868 4379 Aspice
1893 4309 2092 4378 regina:
2123 4324 2210 4380 po-

2315 4310 2534 4375 τοῦτον,
2566 4309 2657 4363 καὶ
2694 4309 2768 4361 ἴδε
2800 4310 2925 4370 τοὺς
2951 4307 3183 4377 ἀστέρας
3205 4347 3217 4368 ,
3256 4311 3302 4358 εί
3341 4307 3565 4360 δύνασαι
3595 4301 3743 4358 αὐτῶν
3762 4301 3822 4349 ix-

637 4409 912 4465 testatem,
946 4416 1010 4454 ex
1050 4400 1321 4454 mandatis
1359 4399 1482 4468 ejus
1523 4400 1781 4454 virtutem
1823 4398 2207 4462 considerans,

2319 4401 2586 4474 μετρῆσαι
2613 4402 2720 4455 τῶν
2743 4401 3029 4476 νοημάτων
3059 4400 3120 4452 τὸ
3142 4400 3293 4469 ὕψος.
3327 4400 3496 4456 Βλέπε
3523 4399 3614 4469 τὴν
3640 4390 3825 4460 ἐξουσίαν

638 4501 840 4563 quanta
871 4508 964 4561 per
997 4508 1056 4546 se
1097 4492 1375 4562 imperans
1413 4501 1672 4547 cernatur
1701 4493 2003 4545 auctoritas
2044 4492 2099 4546 in
2139 4492 2208 4547 iis

2314 4495 2413 4563 τῆς
2453 4492 2722 4562 βασιλίδος
2749 4493 2812 4544 ὲκ
2840 4490 2947 4543 τῶν
2994 4493 3434 4560 προσταγμάτων
3481 4490 3638 4559 αὐτῆς
3661 4485 3740 4553 τὴν
3761 4479 3823 4530 δυ·

636 4599 759 4654 qua!
795 4567 1072 4636 dicuntur.
1103 4581 1222 4636 Non
1251 4584 1394 4636 enim
1427 4583 1680 4652 precibus
1715 4591 1770 4636 et
1810 4582 1948 4637 votis
1981 4581 2035 4636 id
2063 4581 2207 4652 quod

2313 4584 2564 4636 ναστείαν
2597 4585 2933 4653 κατανοήσας
2952 4622 2966 4643 ,
2992 4582 3066 4644 ὡς
3112 4581 3550 4652 αὑτοκρατορική
3580 4596 3655 4640 τις
3683 4571 3825 4628 αὐθενο

637 4677 754 4728 vult
784 4674 965 4737 cilicii,
1000 4674 1094 4729 sed
1131 4673 1522 4728 convenienter
1556 4673 1676 4727 voci
1711 4675 1833 4742 ejus
1881 4674 1973 4743 qui
2003 4674 2209 4743 promi-

2311 4675 2430 4728 τεία
2468 4677 2578 4738 τοῖς
2617 4674 2930 4743 λεγομένοις
2972 4674 3314 4744 ἐμφαίνεται.
3359 4675 3434 4726 οο)
3471 4672 3574 4742 γὰρ
3616 4669 3674 4720 δι’
3703 4659 3823 4730 εὐχῆς

639 4770 731 4833 sit,
762 4767 854 4837 qui
891 4767 1110 4836 quidem
1155 4766 1293 4820 dicit
1325 4765 1534 4820 ﬁdelem
1563 4774 1617 4820 et
1644 4766 1963 4835 prudentem
1993 4765 2210 4832 dispen-

2313 4766 2567 4838 κατορθοῖ
2588 4767 2722 4837 ὅπερ
2753 4765 2998 4836 βούλεται
3025 4806 3038 4828 ,
3075 4764 3211 4819 ἀλλὰ
3241 4765 3380 4819 κατὰ
3422 4764 3517 4834 τὴν
3556 4757 3736 4830 ἀψευδῆ
3759 4747 3823 4804 τοῦ

638 4871 876 4914 satorem
909 4858 1110 4913 factum
1144 4875 1267 4914 esse
1288 4858 1570 4912 dominum
1613 4859 1854 4911 omnium
1882 4871 2004 4925 qua:
2047 4855 2211 4908 habet

2311 4858 2774 4928 ἐπαγγειλαμένου
2806 4858 2986 4928 φωνὴν
3005 4897 3021 4919 ,
3049 4859 3105 4922 ὃς
3141 4873 3272 4927 φησι
3297 4857 3390 4908 τὸν
3421 4855 3604 4908 πιστὸν
3630 4849 3710 4903 καὶ
3733 4842 3823 4912 $.06-

636 4950 958 5005 Dominus‘.
1018 4949 1130 5004 Hac
1176 4958 1402 5019 accepta
1465 4956 1774 5019 potestate,
1839 4947 1984 5014 regis
2036 4945 2211 5002 instar

2312 4967 2464 5020 νιμον
2493 4949 2771 5018 οἰκονόμον
2801 4951 3014 5001 πάντων
3032 4947 3138 4999 τῶν
3164 4947 3518 5016 ὑπαρχόντων
3543 4942 3617 5015 τῷ
3637 4933 3823 4998 ,δεσπότῃ

636 5038 777 5094 duos
822 5047 1017 5093 ventos
1056 5039 1221 5108 regit,
1271 5046 1326 5094 et
1363 5038 1666 5108 dispensat,
1703 5047 1764 5092 ut
1805 5035 1911 5092 sibi
1951 5035 2206 5090 videtur:

2315 5042 2500 5117 κύριον
2545 5039 2806 5108 γίνεσθαι.
2855 5037 3069 5106 Ταύτης
3098 5035 3464 5106 ἐπιλαϐομένη
3495 5035 3588 5103 τῆς
3613 5023 3822 5117 ἐξουσίαξο

637 5130 948 5202 aquilonem
993 5130 1210 5201 quidem
1243 5131 1347 5187 sibi
1376 5147 1689 5201 segregatus,
1733 5137 1978 5182 austrum
2026 5135 2206 5182 autem

2316 5133 2608 5204 βασιλικῶς
2639 5134 2802 5202 ἑαυτῇ
2851 5131 3130 5184 διοικεῖται
3174 5129 3242 5182 τὰ
3289 5127 3600 5198 καταθύμια
3650 5120 3739 5174 τῶν
3760 5112 3824 5166 δύο

638 5223 871 5293 benigne
919 5238 1150 5288 vocans,
1203 5231 1256 5276 et
1299 5237 1500 5294 urgens
1545 5230 1604 5274 ut
1664 5218 1733 5272 ad
1777 5233 1836 5274 se
1881 5217 2082 5272 veniat.
2128 5218 2206 5270 Ita

2314 5227 2565 5296 ἀνέμωνο
2603 5225 2694 5277 τὸν
2741 5225 2839 5300 μὲν
2870 5223 3079 5296 Βορρἇ
3126 5221 3213 5280 διὰ
3263 5221 3674 5292 προστάγματος
3704 5205 3822 5300 ἑαυτῇ

638 5323 816 5368 autem
859 5313 1021 5369 habet
1050 5321 1338 5370 contextus
1382 5293 1637 5368 dictionis
1665 5309 1887 5380 :Surge,
1921 5309 2122 5380 aquilo,
2158 5318 2207 5364 et

2315 5293 2648 5388 ἀφορίζουσα
2671 5334 2685 5346 ·
2714 5293 2804 5368 τον
2829 5315 2885 5368 δὲ
2913 5293 3103 5381 Νότον,
3134 5313 3474 5383 φιλοφρόνως
3503 5305 3734 5362 καλοῦσα,
3759 5293 3822 5388 13‘-

636 5405 771 5469 υθηίι
797 5416 996 5470 auster.
2480 5408 2675 5479 ἑαυτὴν
2723 5406 2897 5466 ἐλθεῖν
2927 5405 3344 5473 κατεπείγουσα.
3393 5404 3547 5473 Ἔχει
3574 5400 3627 5453 δὲ
3656 5398 3683 5463 ἡ
3721 5386 3822 5450 λέξεῖ

2309 5500 2482 5563 οὓτως
2504 5511 2520 5526 ⁸
2546 5497 2935 5568 Ἐξεγέρθητι,
2967 5497 3179 5565 Βορῤᾶ,
3214 5496 3308 5549 καί
3339 5495 3549 5565 ἔρχου,
3580 5488 3740 5580 Νότεέ
3786 5571 3796 5580 .

709 5601 854 5656 Licet
873 5601 1104 5657 fortasse
1135 5601 1379 5656 invenire
1401 5601 1455 5654 in
1488 5598 1670 5654 verbis
1699 5596 2036 5653 centurionis
2055 5595 2202 5649 aliud

2380 5591 2528 5660 Τάχα
2576 5608 2627 5642 τι
2667 5588 2927 5658 συγγενὲς
2977 5588 3087 5642 ἔστι
3119 5590 3228 5651 τοῖς
3261 5586 3576 5658 λεγομένοις
3610 5576 3760 5648 εὑρεῖν
3783 5576 3822 5620 ἐν

633 5691 777 5769 quod
805 5691 1041 5759 aliquam
1075 5690 1238 5746 habet
1267 5688 1643 5761 cognationem
1673 5695 1726 5744 et
1759 5685 2200 5758 conjunctionem

2307 5688 2418 5748 τοῖς
2461 5683 2854 5754 ἑκατοντάρχου
2907 5681 3114 5751 λόγοις,
3152 5681 3245 5746 οὓς
3292 5679 3458 5742 αὐτὸς
3497 5680 3526 5732 ὁ
3553 5673 3672 5736 Θεὸς
3696 5663 3820 5731 Mi“

716 5865 734 5903 ⁸
774 5861 916 5926 Psal.
956 5881 1052 5934 cu,
1094 5867 1177 5924 11.
1255 5870 1273 5901 ³
1309 5867 1376 5925 1V
1412 5867 1541 5952 Reg.
1574 5885 1634 5938 ιι,
1667 5867 1750 5926 il.
1829 5867 1848 5900 ³
1876 5865 2071 5925 Cenes.
2099 5881 2189 5936 xv,

2305 5877 2425 5938 sqq.
2502 5862 2520 5894 ‘
2543 5859 2674 5920 Luc.
2706 5874 2801 5927 xu,
2832 5858 2923 5915 42.
