4028 6530
247 445 345 502 981

1303 470 1367 523 ιΝ
1397 470 1694 526 CANTICA
1734 471 2001 528 CANTIC.
2045 472 2326 530 liOMlLlA
2364 477 2432 535 Χ.

3377 482 3480 535 f3“.

243 561 546 663 ἐθαύμασε,
578 570 757 636 καθὼς
785 575 814 626 6
842 577 1240 657 Εῦαγγελιστὴς
1266 586 1582 657 διηγήσατο.
1612 590 1811 658 λέγων⁴

1918 602 2039 640 cum
2092 590 2158 643 iis
2207 606 2327 659 quae
2377 590 2465 643 hic
2516 591 2793 647 dicuntur.
2863 590 2993 657 Qua:
3047 590 3265 663 quidem
3320 594 3485 655 verba

240 656 327 754 ὅτι
370 658 655 754 Ἀκούσας
676 664 745 718 δὲ
784 668 1016 736 Ἰησοῦς
1035 674 1356 743 ἐθαύμασε.
1388 656 1479 733 καὶ
1512 656 1816 754 ὑπερέθηκε

237 752 342 821 τῆς
378 752 517 847 ΔτοῦΔ
542 755 771 847 ,Ἰσραὴλ
824 761 1061 827 πίστεως
1109 766 1208 838 τὴν
1270 771 1360 822 τοῦ
1418 752 1815 847 ἑκατοντάρχου

241 843 452 915 φωνήν.
483 842 559 899 Οὐ
594 846 704 919 γὰρ
728 851 879 921 πρὸς
906 854 999 909 τὸν
1030 855 1157 912 λαόν
1179 878 1267 929 μοι
1297 862 1444 917 δοκεῖ
1468 865 1559 919 τὸν
1601 842 1815 939 Ἰσραη-

234 943 439 999 λτικὸν
481 947 744 1001 ποιεῖσθαι
791 950 871 1003 τὸν
930 953 1348 1023 Ἑκατόνταρχον
1382 956 1480 1025 τὴν
1527 956 1809 1026 σύγκρισιν

228 1040 293 1092 ὲν
311 1034 391 1107 τῷ
420 1036 520 1107 τῆς
563 1038 799 1103 πίστεως
826 1039 971 1111 λόγῳ
990 1081 1005 1105 ,
1056 1042 1193 1097 ἀλλά
1225 1045 1360 1115 πρὸς
1391 1047 1553 1101 αὑτὸν
1603 1050 1808 1102 ἐκεῖνον

228 1130 325 1185 τὸν
364 1130 579 1203 Ἰσραήλ
601 1149 613 1160 .
644 1131 704 1195 ὃς
750 1133 899 1211 ὲνδτῇ
943 1135 1080 1207 πρὸς
1104 1137 1195 1190 τὸν
1227 1140 1598 1211 ἀντικείμενον
1639 1140 1805 1212 πάλῃ,

233 1222 378 1293 μετά
409 1224 508 1294 τῆς
539 1222 635 1277 τοῦ
680 1225 814 1279 Θεοῦ
853 1229 1170 1299 συμμαχίας
1201 1230 1358 1300 μόγις
1389 1231 1449 1285 τὸ
1482 1231 1683 1303 πτῶμα
1705 1232 1810 1286 διέ-

231 1332 436 1386 φυγεν,
472 1317 572 1371 οὐκ
618 1316 861 1389 ἀκριϐῶς
884 1322 981 1389 τῆς
1012 1320 1107 1373 τοῦ
1134 1322 1427 1376 ἀντιπάλου
1459 1323 1661 1394 βλάϐης
1706 1323 1810 1389 ἔξω

230 1409 543 1480 γενόμενος.
584 1412 671 1465 Ἐν
709 1411 818 1484 γὰρ
854 1412 931 1485 τῷ
964 1414 1125 1487 μηρῷ
1151 1416 1212 1469 τὸ
1245 1416 1415 1480 πάθος
1445 1418 1681 1482 ἐδέξατο.
1710 1413 1811 1473 Οὗ-

228 1520 326 1566 τος
358 1502 414 1555 δὲ
442 1504 471 1556 6
506 1505 941 1578 Ἐκατοντάρχης
964 1548 978 1571 ,
1014 1508 1143 1578 περὶ
1190 1504 1251 1564 οὗ
1292 1510 1385 1563 νῦν
1416 1512 1445 1563 ὁ
1491 1511 1645 1580 λόγος
1672 1512 1807 1574 ἐστὶ,

232 1594 490 1668 βασιλικῇ
536 1614 641 1652 τινι
699 1598 926 1670 δυνάμει
974 1600 1035 1652 τὸ
1072 1600 1349 1672 ἀλλότριον
1396 1603 1513 1656 κατ’
1564 1602 1811 1667 ἐξουσίαν

229 1687 728 1758 ἀποπεμπόμενος,
754 1690 1048 1744 οἰκειοῦται
1076 1691 1137 1743 τὸ
1162 1691 1517 1763 καταθύμιον.
1548 1694 1668 1745 Ἐπὶ
1688 1692 1812 1745 τούσ-

230 1795 314 1850 τῳ
338 1778 449 1851 γάρ
480 1797 571 1850 μοι
598 1781 747 1834 δοκεῖ
780 1783 1013 1854 μάλιστα
1033 1786 1390 1856 τετυχηκέναι
1415 1787 1507 1839 τοῦ
1539 1785 1811 1857 θαύματος

229 1870 262 1920 6
293 1871 466 1942 ἀνήρ·
496 1872 578 1925 ὅτι
632 1873 796 1943 φησὶν
838 1876 898 1927 ὲν
925 1877 1037 1937 τοῖς
1076 1876 1409 1947 προχειρίοις
1446 1876 1610 1931 αὐτοῦ
1644 1894 1807 1948 στρα-

231 1962 456 2027 τιώταις
484 1966 542 2018 ὲν
574 1964 863 2036 αὐθεντικῇ
899 1966 1115 2038 ἐξουσίᾳ
1147 1968 1566 2038 ἀποπέμπεσθαι
1597 1969 1655 2023 ὃν
1689 1968 1812 2040 βού-

231 2056 384 2108 λεται
410 2095 425 2122 ,
458 2056 553 2109 καὶ
591 2058 1021 2127 προσκαλεῖσθαι
1055 2058 1146 2112 τὸν
1190 2061 1523 2131 καταθύμιον
1546 2100 1561 2123 ,
1611 2062 1704 2115 καὶ
1732 2059 1811 2131 τῷ

230 2146 405 2219 δούλῳ
438 2148 539 2221 τὴν
583 2149 928 2219 καθήκουσαν
966 2152 1271 2205 ἐπιτάττειν
1318 2154 1638 2224 ὑπηρεσίαν.
1698 2155 1812 2207 Κὰ-

234 2244 322 2293 κεῖ
345 2242 455 2313 γὰρ
483 2242 769 2311 φιλοσοφία
804 2260 887 2306 τις
923 2245 979 2296 ὲν
1008 2246 1074 2315 τῇ
1107 2244 1201 2298 τοῦ
1239 2247 1665 2317 Ἐκατοντάρχου
1696 2263 1809 2314 (poi-

234 2334 300 2403 νῇ
324 2372 340 2395 ,
372 2334 455 2385 ὅτι
484 2334 575 2387 τὸν
606 2333 755 2399 ἅπαξ
790 2336 1217 2406 ἀποπεμφθέντα
1248 2338 1430 2392 οὐκέτι
1462 2338 1597 2410 πρὸς
1624 2338 1813 2392 ἑαυτὸν

236 2425 535 2494 ἐπανάγει·
570 2427 706 2480 ἀλλὰ
744 2427 931 2480 τούτου
981 2428 1445 2499 ἀποφοιτὴσαντος
1469 2430 1655 2501 ἕτερον
1696 2429 1811 2484 ἀντ’

235 2516 406 2570 αὐτοῦ
443 2517 811 2579 εἰσοικίζεται.
842 2516 1011 2572 Τοῦτο
1036 2519 1145 2589 γὰρ
1177 2512 1813 2583 είπὼν,ὃτιηορεύθητιν

234 2610 335 2664 καί
371 2611 706 2677 πορεύεται,
739 2610 895 2664 ἄλλον
936 2611 1360 2681 προσκαλεῖσθαι
1389 2628 1552 2682 φησιν
1581 2650 1596 2675 ,
1627 2611 1726 2681 οὐχ
1754 2609 1811 2662 ὃν

236 2700 621 2770 ἀπεπέμψατο.
654 2700 1005 2763 Παιδεύοντος
1044 2696 1195 2771 οἶμαι
1215 2702 1309 2754 τοῦ
1353 2699 1515 2770 λόγου
1540 2701 1601 2754 τὸ
1636 2703 1811 2756 τοιοῦν

235 2810 328 2846 τον
370 2792 584 2862 δόγμα,
617 2792 701 2844 ὃτι
742 2791 811 2845 τὰ
858 2790 1107 2861 ἀλλήλοις
1158 2791 1505 2863 ἀντικείμενα
1547 2791 1626 2863 τῷ
1665 2792 1813 2862 αὐτῷ

235 2885 357 2955 μετ’
392 2883 636 2953 ἀλλήλων
669 2882 1151 2954 συνεπιχωριάζειν
1183 2882 1342 2952 φύσιν
1383 2883 1482 2937 οὐκ
1516 2882 1647 2954 ἔχει.
1694 2886 1813 2937 06-

235 2975 401 3047 δεμία
443 2979 550 3044 γάρ
612 2975 865 3029 κοινωνία
920 2976 1060 3043 φωτὶ
1106 2977 1246 3046 πρὸς
1298 2975 1519 3040 σκότος,
1568 2978 1732 3047 φησὶν
1783 2979 1812 3031 6

248 3066 571 3129 ’Δπόστολος
596 3084 609 3097 ·
646 3066 758 3119 ἀλλ’
787 3066 997 3136 ἀνάγκη
1030 3067 1179 3119 πᾶσα
1194 3066 1288 3119 τοῦ
1318 3067 1539 3130 σκότους
1568 3068 1813 3139 ἐκχωρή-

234 3174 460 3223 σαντος,
490 3157 605 3227 φῶς
629 3153 766 3210 εἶναι
795 3158 856 3210 τὸ
879 3158 994 3210 ἀντ’
1029 3157 1235 3210 ἐκείνου
1267 3157 1561 3229 ὁρώμενον,
1588 3159 1683 3212 καὶ
1715 3162 1811 3231 τῆς

232 3250 433 3315 κακίας
477 3250 720 3305 ἐκποδὼν
758 3250 1083 3321 γενομένης,
1122 3250 1219 3321 τὴν
1271 3251 1470 3322 ἀρετὴν
1507 3252 1813 3320 ἀντεισάγε-

234 3344 394 3398 σθαν
423 3344 613 3397 τούτου
647 3344 702 3397 δὲ
731 3342 1195 3415 κατορθωθέντος,
1233 3344 1427 3415 μηκέτι
1456 3345 1517 3397 τὸ
1557 3346 1813 3416 φρόνημα

231 3437 333 3506 τῆς
363 3436 564 3506 σαρκὸς
590 3434 861 3507 ἀνταίρειν
903 3434 980 3505 τῷ
1006 3435 1294 3505 πνεύματι.
1333 3434 1478 3505 Μηδὲ
1524 3438 1633 3506 γὰρ
1657 3437 1814 3491 δύνα-

233 3528 362 3583 σθαι
396 3527 761 3599 νεκρωθείσης
788 3527 949 3581 αὑτοῦ
980 3528 1079 3597 τῆς
1111 3529 1190 3591 εἰς
1219 3527 1278 3581 τὸ
1297 3528 1616 3581 ἀντιτείνειν
1648 3529 1810 3583 δυνά-

234 3638 416 3693 μεως,
449 3618 586 3674 ἀλλὰ
616 3619 756 3689 πρὸς
794 3620 972 3673 πᾶσαν
1003 3619 1348 3690 καθήκουσαν
1383 3620 1683 3691 ὑπηρεσίαν
1732 3622 1814 3675 εῦ-

233 3715 389 3768 θετον
425 3713 707 3783 γίνεσθαι,
741 3716 806 3785 τῇ
837 3713 1128 3784 δυναστείᾳ.
1152 3713 1246 3766 τοῦ
1288 3714 1596 3784 πνεύματος
1630 3715 1814 3768 εὐπει-

233 3809 326 3871 θὲς
358 3806 602 3878 ὑπάρχον
629 3807 725 3859 καὶ
771 3806 1105 3877 ὑποχείριον.
1143 3807 1311 3859 Ὅταν
1353 3805 1462 3877 γὰρ
1504 3806 1810 3877 ἀπώιωχθῇ

237 3900 340 3970 μὲν
366 3902 395 3951 6
427 3902 527 3968 τῆς
557 3898 754 3960 κακίας
791 3896 1076 3967 σύμμαχος
1102 3895 1435 3967 στρατιώτης
1455 3938 1470 3959 ,
1500 3898 1812 3969 ἀντεισέλθῃ

236 3990 295 4043 δὲ
326 3990 355 4041 6
380 3988 479 4059 τῆς
509 3988 712 4059 ἀρετῆς
735 3986 959 4057 ὁπλίτης
979 4028 994 4052 ,
1021 3986 1315 4050 ἐνδεδυκὼς
1330 3987 1423 4043 τὸν
1450 3986 1673 4057 θώρακα
1713 3991 1812 4057 τῆς

229 4080 581 4149 δικαιοσύνης
602 4122 615 4141 ,
650 4080 743 4133 καὶ
788 4079 886 4150 τὴν
939 4078 1211 4149 μάχαιραν
1243 4079 1337 4131 τοῦ
1386 4078 1692 4151 πνεύματος
1724 4080 1811 4133 διὰ

231 4173 416 4245 χειρὸς
471 4171 685 4243 φέρων,
733 4169 1166 4242 προϐαλλόμενος
1207 4170 1264 4222 δὲ
1314 4170 1384 4224 τὰ
1433 4173 1813 4244 σκεπαστήρια

227 4266 342 4319 τῶν
366 4265 567 4328 ὃπλων,
594 4266 693 4335 τήν
712 4281 772 4316 τε
809 4263 1243 4334 περικεφαλαίαν
1271 4263 1363 4316 τοῦ
1390 4265 1656 4337 σωτηρίου
1678 4305 1693 4329 ,
1720 4266 1812 4318 καὶ

229 4358 324 4411 τὸν
354 4356 546 4429 θυρεὸν
577 4358 679 4427 τῆς
718 4358 953 4420 πίστεως
979 4398 993 4420 ,
1028 4358 1120 4409 καὶ
1146 4359 1327 4410 πᾶσαν
1350 4358 1528 4429 φέρων
1553 4361 1610 4413 ὲν
1635 4358 1813 4430 ἑαυτῴ

230 4452 337 4521 τὴν
367 4448 741 4521 πνευματικὴν
783 4449 1081 4503 πανοπλίαν
1100 4492 1115 4514 ,
1143 4450 1264 4502 τότε
1296 4451 1537 4519 φοϐεῖται
1564 4455 1654 4506 τὸν
1696 4454 1814 4507 ἑαυο

232 4543 329 4595 τοῦ
372 4541 561 4613 κύριον
613 4543 641 4594 6
672 4541 856 4605 δοῦλος
899 4542 959 4594 τὸ
998 4541 1196 4612 σῶμα,
1235 4543 1328 4596 καὶ
1372 4524 1672 4614 προθύμως
1717 4544 1810 4598 τοῦ

1913 681 2288 745 centurionis,
2356 682 2471 747 ipse
2523 682 2663 737 Deus
2721 682 2954 738 Verbum
3008 694 3092 739 est
3147 683 3484 752 admiratus,

1914 773 2055 827 sicut
2090 773 2425 841 evangelista
2468 774 2747 838 narravit,
2788 776 2976 831 dicens
3008 795 3021 830 :
3057 778 3187 853 Qum
3217 794 3334 833 cum
3386 794 3483 830 au-

1912 865 2075 919 disset
2120 864 2300 923 Iesus.
2351 866 2577 920 miratus
2624 877 2700 921 est
2724 868 2767 928 ⁸.
2811 878 2865 923 ct
2906 884 3090 924 vocem
3141 869 3481 924 centurionis

1911 960 2150 1029 praetulit
2183 958 2305 1014 ﬁdei
2343 959 2580 1014 lsraelis.
2623 958 2740 1014 Non
2769 960 2913 1016 enim
2941 961 3072 1015 mihi
3108 962 3320 1017 videtur
3345 978 3477 1019 con-

1912 1050 2055 1106 ferre
2098 1051 2473 1106 centurionem
2520 1067 2646 1106 cum
2699 1053 2899 1122 populo
2945 1052 3245 1108 Israelitico
3286 1054 3340 1108 in
3390 1069 3479 1108 ra-

1914 1142 2064 1196 tione
2095 1141 2239 1205 fidei,
2273 1142 2364 1197 sed
2396 1157 2519 1195 cum
2557 1142 2675 1211 ipso
2704 1142 2898 1199 lsraele
2929 1162 2941 1197 :
2973 1144 3066 1213 qui
3096 1144 3150 1198 in
3174 1144 3318 1199 lucta
3349 1159 3479 1199 cum

1913 1233 2232 1287 adversario
2257 1249 2379 1287 cum
2416 1233 2506 1289 Dei
2553 1233 2758 1288 auxilio
2802 1235 2889 1301 vix
2923 1236 3095 1289 evasit
3136 1251 3207 1290 ne
3237 1236 3479 1301 caderet,

1911 1340 2011 1379 nec
2070 1325 2203 1378 abiit
2239 1326 2455 1396 penitus
2520 1327 2721 1381 illaesus
2787 1326 2854 1379 ab
2905 1328 3219 1382 adversario
3267 1328 3478 1384 :laesus

1909 1420 2053 1471 enim
2091 1417 2195 1473 l‘uit
2244 1419 2296 1472 iu
2346 1418 2570 1474 femore.
2604 1417 2702 1473 llic
2732 1426 2911 1474 autem
2952 1419 3218 1483 centurio,
3266 1419 3337 1475 de
3372 1436 3481 1489 quo

1913 1527 2093 1565 sermo
2116 1520 2200 1565 est
2232 1511 2284 1564 in
2315 1512 2622 1581 prmsentia,
2654 1511 2800 1580 regia
2834 1518 3099 1581 potestate
3123 1526 3219 1581 pro
3252 1513 3481 1582 imperio

1914 1604 2172 1658 amandat
2218 1601 2272 1656 id
2320 1604 2465 1672 quod
2517 1610 2600 1657 est
2646 1603 2902 1664 alienum,
2946 1603 3170 1657 asciscit
3216 1611 3394 1658 autem
3428 1614 3481 1658 ct

1913 1695 1982 1749 ad
2029 1711 2183 1750 suam
2231 1694 2469 1749 admittit
2509 1694 2929 1748 fainiliaritatem
2971 1694 3023 1746 id
3063 1694 3211 1763 quod
3252 1703 3337 1749 cst
3378 1696 3480 1749 sibi

1911 1798 2144 1860 gratum.
2176 1790 2227 1842 ls
2262 1789 2404 1842 enim
2426 1797 2709 1857 propterea
2746 1786 2977 1841 maxime
3003 1786 3223 1855 videtur
3245 1786 3481 1840 admira-

1920 1880 2067 1935 tione
2090 1878 2291 1950 dignus
2333 1878 2523 1939 fuisse,
2572 1877 2716 1947 quod
2769 1876 2913 1930 dicat
2963 1892 3021 1931 se
3071 1878 3124 1931 in
3162 1877 3247 1931 bis
3286 1878 3379 1948 qui
3428 1878 3481 1931 in

1919 1970 2041 2041 ejus
2086 1976 2215 2024 sunt
2258 1975 2526 2038 potestate
2580 1966 2865 2026 militibus.
2902 1982 2999 2021 sua
3046 1966 3373 2020 auctoritate
3420 1965 3482 2017 li-

1913 2060 2040 2116 bere
2070 2074 2230 2129 quem
2282 2059 2409 2113 velit
2457 2056 2775 2121 amandare,
2817 2063 2871 2111 et
2918 2070 3199 2109 accersere
3230 2071 3351 2109 eum
3391 2055 3481 2123 qui

1912 2160 1999 2208 est
2043 2152 2145 2207 sibi
2185 2159 2374 2222 gratus
2414 2168 2425 2204 ε
2460 2161 2514 2204 et
2550 2163 2708 2203 servo
2737 2147 2881 2218 quod
2916 2148 3172 2201 convenit
3216 2148 3484 2215 imperare

1911 2243 2298 2300 ministerium.
2349 2239 2481 2299 Nam
2536 2239 2648 2293 illic
2696 2253 2912 2308 quoque
2956 2237 3201 2307 qumdam
3243 2237 3485 2305 pbiloso.

1912 2337 2040 2407 pliia
2079 2344 2163 2390 est
2207 2333 2261 2387 in
2294 2348 2425 2389 voce
2471 2331 2829 2392 centurionis.
2882 2332 3023 2401 quod
3072 2346 3193 2384 eum
3239 2329 3330 2399 qui
3384 2328 3483 2382 fuit

1913 2431 2258 2491 amandatus,
2302 2444 2410 2483 non
2451 2427 2686 2497 amplius
2729 2426 2796 2479 ad
2838 2441 2899 2480 se
2934 2424 3164 2485 reducit,
3210 2420 3303 2476 sed
3358 2436 3482 2474 cum

1916 2522 1964 2577 is
2007 2521 2254 2584 abiisset,
2292 2536 2390 2589 pro
2425 2520 2545 2589 ipso
2601 2520 2655 2573 in
2699 2518 2921 2572 domum
2965 2513 3199 2570 admittit
3229 2513 3483 2569 alterum.

1917 2611 2053 2667 Nam
2104 2627 2228 2666 cum
2280 2611 2329 2666 ei
2395 2611 2671 2665 dixisset:
2718 2608 2882 2673 Vade,
2935 2616 2986 2661 et
3030 2604 3195 2670 vadit,
3244 2603 3376 2658 dicit
3426 2619 3486 2657 se
3556 2620 3561 2625 ’

1923 2708 2087 2761 alium
2120 2719 2423 2768 accersere,
2459 2719 2567 2757 non
2612 2717 2736 2757 eum
2760 2715 2921 2771 quem
2949 2696 3304 2752 amandavit:
3338 2693 3486 2748 Scri-

1912 2809 2096 2868 ptura,
2134 2804 2194 2851 ut
2244 2796 2456 2864 opinor,
2509 2793 2742 2848 docente
2780 2792 2885 2846 tale
2930 2790 3147 2868 dogma,
3190 2786 3335 2858 quod
3366 2800 3487 2855 quae

1915 2891 2020 2946 sibi
2057 2890 2290 2944 invicem
2322 2886 2703 2950 adversantur,
2740 2900 2849 2937 non
2875 2864 3011 2952 ejus'
3027 2889 3158 2936 sunt
3184 2889 3392 2934 naui-ia:
3429 2886 3487 2935 ut

1913 2982 2128 3054 possint
2159 2980 2321 3036 simul
2375 2980 2428 3032 in
2461 2993 2572 3031 uno
2614 2984 2669 3031 et
2711 2974 2901 3030 eodem
2930 2973 3158 3027 versari.
3211 2971 3369 3024 Nulla
3401 2979 3485 3027 est

1911 3075 2056 3130 enim
2105 3070 2340 3126 societas
2382 3068 2489 3123 luci
2531 3084 2653 3123 cum
2687 3066 2949 3126 tenebris,
2994 3065 3072 3117 ait
3114 3063 3494 3134 Apostolus“,

1915 3166 2011 3221 sed
2042 3178 2267 3219 necesse
2298 3168 2383 3217 est
2409 3161 2657 3224 omnino,
2690 3166 2749 3210 ut
2780 3158 2827 3212 si
2862 3156 3099 3210 tenebrae
3130 3154 3484 3211 recesserint,

1916 3262 1987 3316 sit
2023 3258 2115 3311 lux
2164 3269 2285 3325 qua:
2336 3268 2435 3323 pro
2477 3252 2557 3306 eis
2602 3248 2845 3306 cernitur
2878 3253 2971 3300 :et
3015 3244 3061 3298 si
3091 3244 3281 3296 vitium
3326 3241 3489 3294 fuerit

1917 3349 2289 3411 amandatum,
2333 3360 2432 3416 pro
2460 3360 2526 3399 eo
2557 3343 2731 3397 virtus
2774 3338 3190 3400 introducitur;
3218 3343 3272 3390 et
3306 3336 3349 3389 si
3386 3334 3488 3386 hoc

1915 3444 2021 3497 rite
2066 3440 2270 3493 factum
2320 3436 2506 3498 fuerit,
2546 3431 2836 3504 prudentia
2866 3428 3053 3483 carnis
3097 3442 3205 3481 non
3254 3424 3493 3493 amplius

1914 3537 2135 3591 resistat
2171 3529 2426 3601 spiritui;
2468 3541 2644 3595 neque
2668 3525 2813 3579 enim
2860 3529 3056 3592 potest,
3092 3526 3264 3572 morte
3293 3515 3489 3575 allecta

1917 3627 2037 3696 ejus
2084 3622 2377 3679 resistendi
2428 3623 2719 3690 potestate,
2761 3612 2856 3668 sed
2904 3610 2971 3664 ad
3008 3625 3170 3664 omne
3207 3606 3350 3677 quod
3393 3620 3491 3675 par

1914 3729 1999 3776 est
2044 3716 2411 3773 ministerium
2458 3711 2519 3767 ﬁt
2556 3718 2681 3782 apta
2720 3717 2775 3765 et
2818 3715 3033 3777 parata,
3067 3713 3124 3756 ut
3155 3718 3275 3771 quae
3301 3705 3493 3771 pareat

1916 3821 1971 3869 et
2020 3809 2351 3880 subjiciatur
2400 3801 2702 3859 dominatui
2752 3799 3002 3869 spiritus.
3059 3790 3288 3859 Quando
3344 3789 3490 3844 enim

1913 3908 2176 3978 expulsus
2229 3902 2450 3973 quidem
2498 3898 2663 3952 fuerit
2712 3896 2873 3949 miles
2924 3890 3043 3946 vitii
3092 3887 3313 3950 socius;
3369 3882 3491 3951 ejus

1915 3976 2094 4055 autem
2139 3999 2262 4051 loco
2308 3998 2597 4063 ingressus
2648 3988 2813 4042 fuerit
2857 3985 3015 4039 miles
3045 3980 3287 4042 virtutis,
3317 3976 3491 4030 lorica

1909 4094 2140 4164 justitiaa
2191 4089 2441 4150 indutus,
2493 4094 2548 4139 et
2602 4083 2658 4136 in
2708 4079 2963 4135 manibus
3012 4074 3195 4131 ferens
3250 4068 3492 4141 gladium

1914 4187 2164 4257 spiritus,
2203 4180 2449 4237 munitus
2476 4186 2658 4232 autem
2697 4174 2841 4245 aptis
2872 4171 2940 4226 ad
2976 4168 3265 4240 tegendum
3300 4164 3489 4226 armis,

1915 4254 2111 4349 nempe
2137 4276 2289 4347 galea
2317 4272 2546 4329 salutari
2576 4311 2591 4335 ,
2621 4275 2678 4323 et
2700 4274 2859 4322 scuto
2882 4261 3029 4325 ﬁdei,
3058 4266 3111 4315 et
3139 4258 3194 4311 in
3221 4272 3281 4311 se
3313 4254 3491 4309 ferens

1914 4385 2131 4428 omnem
2178 4365 2515 4438 spiritualem
2570 4370 2927 4417 armaturam,
2962 4362 3094 4407 tunc
3139 4350 3291 4404 timet
3330 4359 3499 4401 suum

1914 4465 2217 4525 dominum,
2250 4472 2444 4527 nempe
2486 4460 2748 4515 mentem,
2785 4461 2979 4505 servus
3011 4444 3222 4499 scilicet
3266 4452 3491 4508 corpus,

1916 4566 2275 4630 promptaque
2306 4560 2361 4609 et
2408 4548 2575 4605 alacri
2612 4545 2796 4600 animo
2842 4538 3173 4630 exsequitur-
3204 4530 3492 4629 imperium

230 4634 565 4707 κρατοῦντος
584 4634 653 4686 τὰ
680 4633 1117 4705 παραγγέλματα
1140 4632 1373 4704 δέχεται,
1391 4634 1456 4687 δι’
1477 4628 1551 4688 ὧν
1580 4638 1611 4707 ἡ
1642 4637 1810 4709 ἀρετὴ

1916 4619 2036 4717 ejus
2062 4619 2155 4717 qui
2178 4619 2494 4699 dominatur
2519 4658 2531 4693 :
2560 4651 2670 4706 quo
2702 4633 2781 4696 (it,
2815 4641 2877 4685 ut
2904 4624 3213 4683 ministerio
3242 4619 3493 4717 corporis

233 4726 597 4799 κατορθοῦται
626 4730 691 4797 τῇ
747 4725 1017 4796 ὑπουργία
1048 4724 1141 4778 τοῦ
1174 4725 1419 4796 σώματος
1446 4743 1460 4758 ⁸
1514 4727 1671 4781 τοῦτο
1702 4729 1809 4800 γὰρ

232 4818 571 4871 ἐνδείκνυται
618 4817 713 4870 τοῦ
755 4816 1185 4887 Ἐκατοντάρχου
1230 4818 1259 4870 6
1287 4816 1441 4887 λόγος
1484 4818 1688 4885 εἰπὼν,
1729 4820 1812 4874 ὅτι

233 4909 347 4963 Kal
377 4907 459 4974 τῷ
507 4908 708 4974 δούλῳ
738 4924 857 4976 μου
892 4907 1044 4975 λέγω
1066 4945 1080 4970 ,
1132 4907 1399 4974 Ποίησον
1450 4908 1622 4963 τοῦτο
1646 4950 1661 4974 ,
1711 4912 1811 4964 καί

231 5000 410 5055 ποιεῖ.

318 5092 457 5144 Ἀλλ’
485 5091 805 5161 ἀκούσωμεν
827 5090 925 5159 τῆς
953 5090 1220 5161 βασιλίδος
1241 5131 1255 5153 ,
1278 5092 1425 5155 ὅπως
1453 5093 1813 5165 ἀπανίστησιν

230 5188 329 5256 ἀφ’
360 5188 558 5256 ἑαυτῆς
608 5185 698 5237 τὸν
726 5186 970 5257 Βορρᾶν,
1021 5186 1099 5248 εἰς
1136 5186 1196 5237 τὸ
1242 5185 1479 5256 ἔμπαλιν
1509 5186 1675 5240 αὐτοῦ
1717 5186 1816 5258 τὴν

231 5277 406 5347 πνοὴν
438 5276 840 5346 ἀναστρέψασα.
868 5276 943 5329 Οὐ
977 5276 1085 5348 γὰρ
1111 5277 1339 5345 ἠρεμεῖν
1367 5277 1683 5341 ἐπιτάσσει,
1716 5296 1815 5333 κα-

1918 4709 2098 4794 virtus
2139 4746 2288 4791 recte
2336 4730 2770 4787 administretur.
2822 4722 2937 4777 lloc
2990 4718 3135 4774 enim
3182 4714 3389 4769 indicat
3438 4709 3494 4769 id

1920 4830 2066 4901 quod
2092 4829 2295 4884 dicitur
2335 4840 2365 4879 a
2391 4821 2711 4879 centurione
2738 4835 2749 4871 ;
2774 4814 2909 4869 Nam
2938 4822 2987 4866 et
3012 4824 3159 4864 servo
3196 4821 3310 4858 meo
3336 4801 3491 4856 dico:

1920 4926 2035 4981 Fac
2064 4925 2180 4987 hoc,
2211 4931 2257 4975 et
2285 4918 2435 4988 facit.

1986 5099 2091 5155 Sed
2120 5095 2409 5150 audiamus
2447 5083 2903 5159 quemadmodum
2933 5081 3118 5151 regina
3151 5088 3376 5145 surgere
3411 5067 3493 5127 fa-

1913 5192 1995 5247 cit
2018 5188 2330 5259 aquilonem
2371 5189 2423 5236 et
2452 5196 2488 5237 a.
2518 5193 2583 5233 se
2614 5174 2894 5237 amandat,
2944 5172 3065 5240 ejus
3119 5165 3304 5220 ﬂatum
3341 5175 3496 5219 aver-

1914 5294 2036 5339 tens
2064 5257 2119 5335 in
2162 5277 2477 5331 adversum.
2511 5271 2627 5324 Non
2657 5268 2802 5323 enim
2842 5278 2965 5319 eum
2994 5261 3151 5331 jubet
3188 5257 3493 5327 quiescere,

229 5344 416 5441 θάπερ
456 5369 548 5422 ἐπὶ
594 5344 695 5422 τοῦ
738 5344 1172 5439 κλυδωνίου
1215 5367 1490 5440 θαλάσσης
1541 5369 1570 5421 6
1615 5368 1811 5439 Κύριος

1919 5371 2197 5447 quomodo
2230 5371 2282 5424 in
2320 5366 2488 5421 maris
2537 5365 2864 5431 tempestate
2896 5353 3063 5426 jussit
3096 5348 3360 5447 Dominus
3395 5344 3497 5399 ilu-

228 5461 468 5532 ήσυχίαν
490 5461 588 5529 ἀγε
598 5477 644 5513 ιν
660 5459 758 5532 τὴν
788 5460 1044 5523 λαίλαπα,
1074 5459 1283 5531 σιωπὴν
1308 5460 1683 5532 παραγγείλας
1701 5464 1814 5524 τοῖς

229 5555 503 5626 κύμασιν·
528 5554 642 5607 ἀλλ’
666 5554 970 5623 ἀποχωρεῖν
998 5551 1091 5605 καὶ
1117 5550 1336 5621 φεύγειν
1357 5552 1811 5623 παρακελεύεται.

233 5647 310 5711 ὣς
334 5646 402 5701 ἂν
430 5644 725 5708 ἀκωλύτως
752 5646 782 5698 6
814 5644 981 5707 Νότος
1004 5644 1115 5715 ῥέοι
1136 5682 1176 5714 ,,
1205 5644 1476 5717 μηδεμιᾶς
1500 5645 1814 5710 ἀντιπνοίας

230 5738 640 5812 ὶμποδιζούσης
693 5735 843 5808 αὐτῷ
890 5735 990 5807 τὴν
1022 5736 1195 5809 φοράν
1221 5752 1236 5768 ·
1282 5736 1655 5807 Ἐξετέρθητι
1679 5778 1695 5805 ,
1728 5737 1815 5793 λέ-

288 5922 313 5957 ⁸
353 5920 543 5976 Hattb.
584 5936 704 5977 vui.
749 5920 813 5977 l0
844 5937 963 5989 sqq.
1046 5921 1064 5953 ⁸
1104 5918 1147 5976 ll
1186 5918 1308 5976 Cor.
1353 5932 1428 5982 vt,
1472 5916 1560 5971 ιι.

1922 5439 2107 5520 etibus
2148 5461 2434 5532 quiescere
2478 5465 2535 5511 et
2565 5452 2845 5508 silentium
2886 5460 3087 5518 agere;
3122 5441 3217 5497 sed
3266 5439 3499 5532 imperat

1924 5566 1984 5610 ut
2022 5528 2243 5611 recedat
2283 5560 2338 5606 et
2378 5548 2569 5619 fugiat,
2612 5554 2671 5599 ut
2699 5543 2906 5611 absque
2946 5537 3058 5591 ullo
3106 5528 3497 5619 impedimento

1924 5648 2057 5703 ﬂuat
2107 5652 2313 5706 auster,
2362 5640 2512 5695 nullo
2564 5635 2794 5692 adverso
2849 5628 2979 5683 ﬂatu
3022 5623 3325 5680 obsistente
3378 5618 3500 5689 ejus

1926 5738 2171 5813 irnpetui,
2205 5736 2393 5795 dicens
2420 5753 2432 5789 :
2467 5730 2654 5803 Surge,
2684 5724 2883 5798 aquilo.
2913 5718 3173 5788 Quanam
3202 5722 3287 5772 est
3319 5718 3513 5775 autem
