4028 6504
586 477 696 536 985

1792 483 1850 538 S.
1883 479 2212 540 GREGORII
2252 477 2536 536 NYSSENI

3727 469 3824 532 934

583 609 752 650 causa
784 610 884 650 cur
917 593 1240 648 amandatur
1272 593 1361 650 hic
1385 597 1622 652 ventus?
1649 597 1845 668 Aquilo
1874 609 1958 656 est
1985 600 2150 656 durus

2258 616 2430 669 γουσα
2451 597 2532 670 τῷ
2565 597 2773 670 Βορρᾲο
2805 594 2890 660 τίς
2909 593 2968 646 δέ
2994 593 3028 663 ἡ
3055 593 3202 646 αἰτία
3223 590 3320 660 τῆς
3351 589 3444 642 τοῦ
3477 587 3676 658 ἀνέμου
3707 587 3817 640 τοὺ-

583 697 637 742 et
678 701 839 757 asper
871 693 1090 748 ventus.
1143 695 1203 740 ut
1247 687 1448 742 alicubi
1489 689 1693 744 dicitur
1738 692 1792 745 in
1839 691 2157 748 Proverbio.

585 777 826 832 Vocatur
861 787 1042 832 autem
1074 779 1267 832 dexter
1295 780 1534 834 nomine.
1573 780 1680 836 Sed
1717 799 1826 836 non
1863 793 1947 838 est
1970 785 2160 840 dexter

585 870 792 938 aquilo,
825 868 929 922 nisi
955 868 1081 939 qui!
1108 883 1136 922 a
1167 877 1318 940 tergo
1355 871 1552 926 habeat
1576 875 1864 938 orientem,
1896 891 2159 946 peragens

583 975 806 1016 cursum
857 961 924 1015 ad
980 961 1344 1018 occidentem.
1392 961 1631 1020 Omnino
1671 976 1849 1022 autem
1904 969 2158 1041 intelligis

581 1053 816 1123 aanigma
841 1069 1029 1110 eorum
1059 1071 1178 1125 qua'
1207 1055 1492 1122 dicuntur,
1523 1059 1669 1128 quod
1709 1059 1920 1115 scilicet
1947 1063 2040 1131 qui
2069 1078 2158 1117 res

580 1149 752 1199 cessit
787 1147 854 1200 ab
880 1148 1094 1203 oriente
1145 1149 1248 1217 (sic
1289 1151 1434 1205 enim
1472 1151 1791 1207 nominatur
1835 1153 2088 1211 Christus
2126 1172 2158 1212 a

581 1235 867 1304 prophetia
908 1231 1048 1302 “'),et
1079 1253 1138 1293 se
1167 1241 1438 1310 protrudit
1471 1243 1536 1296 ad
1573 1257 1830 1299 occasum
1871 1246 2032 1308 lucis,
2063 1247 2156 1302 ubi

581 1336 670 1380 est
733 1333 983 1396 potestas
1051 1331 1441 1396 tenebrarum,
1495 1334 1600 1388 sibi
1650 1334 1931 1392 dexterum
1997 1338 2158 1393 habet

580 1417 919 1486 aquilonem,
964 1419 1229 1490 improbis
1265 1423 1566 1480 insultibus
1603 1441 1728 1480 eum
1770 1428 2154 1500 excipientem,

579 1519 680 1579 per
725 1525 864 1580 quos
908 1527 1107 1568 cursus
1157 1514 1451 1570 conﬁcitur
1494 1516 1563 1570 ad
1604 1517 1878 1574 tenebras.
1905 1519 2001 1582 ,lta
2048 1520 2156 1577 sibi

579 1605 865 1657 dexterum
894 1605 1206 1674 aquilonem
1238 1607 1446 1663 invenit
1473 1609 1780 1679 impudicus
1803 1619 1860 1666 et
1886 1612 2155 1683 intempe-

579 1709 732 1756 rans.
773 1697 1178 1767 conspirantem
1213 1699 1432 1756 aﬂ‘ectui
1483 1709 1539 1755 et
1571 1703 1966 1772 perturbationi
2007 1705 2158 1774 igno-

581 1787 784 1841 minize.
813 1790 893 1843 lta
937 1805 1103 1845 avaro
1143 1791 1204 1845 ﬂt
1239 1793 1430 1848 dexter
1459 1793 1690 1863 spiritus
1731 1795 1835 1850 istc
1873 1796 2156 1866 nequitiae,

577 1877 803 1947 quando
855 1882 1138 1936 Iriateriam
1182 1885 1446 1952 avaritiae,
1491 1897 1750 1956 tanquam
1796 1902 2018 1944 arenam
2061 1891 2155 1944 ali-

577 1985 742 2038 quam
781 1981 832 2028 et
864 1973 1142 2044 pulverem
1176 1975 1224 2030 ei
1271 1979 1534 2048 congerit.
1581 1955 1656 2032 Ita
1695 1979 1762 2034 ad
1804 1981 2155 2052 unumquoda
2189 1955 2230 2015 Β

576 2077 685 2132 que
722 2072 1005 2133 peccatum
1043 2081 1202 2122 suum
1237 2069 1486 2136 praebens
1529 2071 1792 2125 auxilium
1837 2071 1896 2126 ﬁt
1939 2073 2150 2130 dexter.

577 2153 714 2208 Cum
745 2163 926 2210 autem
955 2157 1026 2213 sit
1055 2159 1273 2228 quidem
1311 2161 1483 2218 durus
1521 2173 1737 2231 natura,
1767 2163 2022 2220 duritiem
2055 2181 2153 2220 au-

575 2249 686 2298 tem
713 2245 952 2302 occultet
971 2249 1364 2320 voluptatibus,
1399 2263 1688 2324 propterea
1727 2271 1758 2310 a
1789 2272 1890 2312 suo
1922 2257 2151 2328 imperio

573 2335 729 2406 fugat
773 2337 1106 2407 aquilonem,
1140 2357 1204 2395 ca
1257 2357 1379 2410 qua:
1421 2343 1688 2401 adversus
1722 2347 1890 2400 animi
1933 2355 2150 2416 pertur-

571 2423 828 2482 bationes
857 2436 912 2482 et
941 2428 1072 2482 vitia
1111 2430 1352 2485 obtinuit
1391 2433 1758 2500 dominatum,
1791 2437 2032 2505 aquiloni
2068 2437 2153 2493 di-

571 2529 708 2572 cens
743 2535 756 2571 :
791 2517 981 2587 Surge:
1015 2517 1176 2584 Quod
1203 2529 1386 2576 autem
1420 2522 1524 2576 hoc
1553 2524 1776 2579 nomine
1811 2525 2152 2595 signiﬁcetur

573 2617 821 2678 potestas
855 2609 1192 2678 adversaria,
1234 2613 1409 2668 cuivis
1447 2613 1616 2670 fuerit
1650 2617 2022 2686 perspicuum,
2054 2617 2147 2686 qui

571 2701 1008 2757 consideraverit
1041 2710 1293 2758 naturam
1325 2719 1510 2760 rerum
1547 2707 1984 2776 aspcctabilium.
2013 2707 2150 2774 Quis

573 2793 722 2846 enim
761 2809 870 2848 non
901 2794 1054 2862 novit
1075 2796 1207 2850 solis
1237 2803 1468 2863 motum,
1503 2796 1648 2867 quod
1693 2798 1904 2854 scilicet
1929 2797 1998 2852 ab
2023 2805 2146 2852 ortu

569 2899 671 2953 per
726 2893 976 2942 austrum
1016 2903 1238 2941 cursum
1287 2888 1608 2956 conﬁciens,
1651 2889 1890 2946 declinat
1939 2892 2006 2946 ad
2047 2889 2148 2947 oc-

569 2975 994 3032 casum?Terra
1027 2985 1207 3031 autem
1235 2979 1405 3049 ﬁgura
1460 2995 1586 3035 cum
1631 2982 1705 3037 sit
1751 2983 2040 3053 sphaerica,
2091 2991 2148 3037 ut

569 3072 762 3125 dicunt
801 3073 895 3140 qui
953 3072 1008 3125 in
1062 3071 1146 3127 his
1201 3089 1364 3128 suum
1421 3075 1667 3131 studium
1715 3085 2038 3148 posuerunt,
2089 3078 2145 3133 in

568 3171 680 3232 qua
718 3173 876 3232 parte
921 3179 950 3218 a
989 3164 1106 3218 sole
1147 3163 1484 3228 illustratur,
1536 3169 1591 3222 in
1626 3169 1748 3236 ejus
1774 3169 2005 3226 adversa
2052 3185 2147 3226 ne-

567 3257 810 3308 cessario
833 3253 1250 3323 obtenebratur,
1284 3264 1344 3311 ut
1381 3273 1504 3328 qua:
1532 3261 1894 3317 adumbretur
1923 3262 2146 3318 obstru-
2171 3295 2215 3352 ο

567 3346 749 3401 ctione
781 3347 900 3415 ejus
931 3348 1076 3417 quod
1112 3355 1196 3404 est
1247 3349 1661 3407 intermedium.
1699 3353 1974 3420 Quoniam
2014 3369 2145 3425 ergo

567 3436 726 3492 locus
757 3438 849 3492 ille
879 3447 1146 3508 perpetuo
1181 3451 1364 3496 manet
1402 3443 1526 3498 luce
1559 3459 1758 3500 carens
1801 3453 1855 3500 et
1887 3429 2143 3516 frigidus,

570 3539 632 3582 ut
657 3531 749 3598 qui
781 3545 812 3584 a
857 3531 1029 3587 radiis
1075 3535 1210 3589 solis
1239 3551 1418 3605 neque
1467 3537 1814 3591 illuminetur
1849 3553 2028 3608 neque
2059 3538 2146 3593 f0~

565 3626 798 3677 veatur:
846 3631 1130 3691 propterea
1181 3626 1486 3695 principem
1537 3628 1829 3698 potestatis
1883 3631 2144 3685 tenebra-

565 3725 716 3775 rum,
749 3712 844 3782 qui
875 3715 1094 3770 mollem
1139 3717 1450 3774 animarum
1484 3729 1736 3775 naturam
1771 3723 1949 3776 instar
1985 3737 2142 3793 aqua

565 3815 928 3859 concrescere
969 3801 1104 3860 facit
1147 3815 1202 3862 et
1234 3807 1430 3864 duram
1463 3809 1666 3875 reddit,
1706 3815 1956 3866 nominat
2011 3813 2140 3868 Ver-

564 3889 695 3947 bum
736 3893 934 3949 durum
981 3899 1321 3967 aquilonem,
1370 3902 1684 3958 effectorem
1738 3905 1982 3960 tristitiae
2029 3906 2140 3960 hie-

563 3985 694 4048 mis,
732 3986 787 4040 in
819 4001 928 4057 qua
961 3987 1099 4044 dicit
1131 3991 1486 4065 Evangelium
1529 3997 1678 4050 nulla
1721 3998 1940 4054 ratione
1975 3999 2138 4071 eﬂ‘ugi

563 4093 728 4148 posse
761 4081 1026 4150 pericula.
1055 4083 1113 4138 ln
1147 4101 1212 4140 ea
1240 4089 1384 4142 enim
1427 4090 1720 4145 marcescit
1748 4092 1916 4146 decor
1945 4109 2136 4150 eorum

559 4169 653 4238 qui
685 4169 882 4227 ﬂorent
909 4188 977 4228 ex
1007 4175 1232 4231 virtute.

632 4435 797 4501 Recte
819 4453 999 4502 autem
1043 4463 1142 4503 sua
1174 4454 1500 4508 auctoritate
1520 4469 1626 4509 vox
1651 4470 1774 4510 eum
1805 4457 2026 4526 expellit
2046 4475 2137 4515 re-

2259 705 2354 743 του
2411 689 2894 760 μεταναστάσεως;
2946 682 3188 753 Σκληρὸς
3219 679 3418 752 ἄνεμός
3471 682 3622 742 ἐστι,
3674 678 3802 748 φησὶ

2260 781 2398 853 πρὸς
2431 779 2588 833 τοῦτο
2609 779 2706 850 τῆς
2730 775 3034 848 Παροιμὶας
3077 775 3236 842 λόγος
3255 791 3270 804 -
3305 771 3527 842 ὀνόματι
3555 771 3611 824 δέ
3653 768 3821 822 ἐπιδέ-

2261 873 2370 938 ξιος
2401 872 2678 926 καλεῖται·
2725 871 2839 923 ἀλλ’
2881 869 3052 923 οὐδενὶ
3097 867 3268 930 δεξιὸς
3309 864 3578 938 Βορρἐς,
3613 861 3752 934 πλὴν
3775 859 3826 914 εἰ

2259 983 2343 1030 τις
2373 964 2515 1020 κατά
2541 965 2730 1018 Νώτου
2755 962 2852 1033 τὴν
2881 959 3141 1032 ἀνατολὴν
3165 959 3298 1029 ἔχοι,
3329 961 3464 1028 πρὸς
3495 955 3593 1018 τάς
3619 953 3822 1023 δυσμάς

2257 1059 2350 1112 τὸν
2379 1057 2577 1128 δρόμον
2617 1053 2956 1125 ποιούμενος.
2984 1053 3142 1114 Νοεϊς
3187 1051 3244 1104 δὲ
3278 1048 3494 1110 πάντως
3525 1045 3634 1098 τῶν
3679 1044 3824 1110 λεγο-

2263 1148 2437 1220 μένων
2463 1147 2525 1201 τὸ
2551 1149 2797 1217 αἴνιγμα,
2823 1145 2906 1198 ὅτι
2927 1147 2956 1198 ό
2981 1141 3082 1212 τῆς
3111 1141 3372 1209 ἀνατολῆς
3392 1137 3637 1200 ἀποστάς
3669 1135 3824 1203 (οὕτω

2258 1239 2368 1311 γὰρ
2399 1237 2548 1310 παρὰ
2586 1237 2685 1307 τῆς
2731 1235 3068 1307 προφητείας
3098 1235 3127 1287 ὁ
3163 1231 3396 1303 Χριστὸς
3485 1229 3824 1306 ὀνομάζεται)

2259 1332 2352 1384 καὶ
2378 1331 2514 1402 πρὸς
2539 1327 2639 1392 τὰς
2681 1327 2889 1397 δυσμάς
2913 1325 3007 1380 τοῦ
3039 1324 3216 1394 φωτὸς
3249 1321 3442 1375 ὲαυτδν
3467 1317 3824 1378 συνελαύνων,

2256 1423 2390 1477 ὅπου
2424 1422 2572 1475 ἐστὶν
2605 1419 2824 1485 ἐξουσία
2856 1418 2949 1472 τοῦ
2977 1413 3400 1486 σκότους,δεξιὸν
3421 1412 3537 1484 ἔχει
3571 1411 3657 1480 ἐφ’
3701 1411 3826 1463 ἐαυ-

2255 1515 2349 1568 τοῦ
2375 1513 2466 1567 τὸν
2497 1511 2708 1584 Βορρᾶν
2737 1514 2849 1574 τοῖς
2878 1511 3134 1580 πονηροῖς
3167 1505 3330 1560 αὐτὸν
3371 1504 3604 1573 ἐφοδίοις
3633 1501 3828 1567 δεξιού-

2259 1621 2438 1678 μενον,
2473 1603 2537 1659 δι⁸
2561 1598 2636 1658 ὧν
2659 1606 2687 1658 ὁ
2715 1602 2850 1676 πρὸς
2879 1601 2940 1655 τὸ
2961 1601 3150 1663 σκότος
3175 1599 3380 1666 γίνεται
3405 1596 3620 1666 δρόμος.
3645 1591 3826 1655 Οὕτως

2256 1699 2498 1769 εὑρίσκει
2525 1699 2617 1752 τὸν
2655 1697 2867 1768 Βορρᾶν
2893 1691 3087 1748 ἑαυτοῦ
3157 1691 3328 1758 δεξιὸν
3347 1691 3375 1743 ὁ
3403 1688 3722 1749 ἀκόλαστος,
3751 1683 3826 1751 τῷ

2257 1791 2418 1846 πάθει
2465 1789 2562 1860 τῆς
2610 1787 2832 1857 ἀτιμίας
2881 1784 3244 1856 συμπνέοντα.
3301 1781 3458 1834 υῦτω
3497 1785 3708 1848 γενεται
3751 1777 3826 1848 τῷ

2257 1879 2552 1950 πλεονέκτῃ
2609 1877 2783 1944 δεξιὸν
2835 1875 2896 1929 τὸ
2947 1874 3166 1945 πνεῦμα
3197 1871 3356 1926 τοῦτο
3387 1871 3486 1938 τῆς
3535 1866 3824 1937 πονηρίας,

2255 1974 2384 2026 ὅταν
2409 1969 2552 2040 αὐτῷ
2580 1969 2680 2034 τὰς
2707 1968 2840 2032 ὕλας
2867 1967 2966 2038 τῆς
2997 1965 3304 2029 πλεονεξίας
3331 1958 3443 2016 οἷόν
3463 1977 3582 2014 τινα
3602 1960 3826 2028 ψάμμον

2253 2065 2286 2134 ἢ
2314 2061 2462 2117 κόνιν
2490 2060 2868 2134 περισωρεύει.
2893 2059 3080 2121 Οὕτως
3109 2057 3245 2128 πρὸς
3263 2055 3492 2108 ἕκαστον
3519 2052 3628 2104 τῶν
3658 2051 3829 2120 πλημ-

2256 2155 2582 2228 μελημάτων
2609 2154 2708 2226 τὴν
2740 2153 2870 2224 παρ’
2899 2148 3092 2205 ἑαυτοῦ
3126 2147 3412 2219 συνεργίαν
3449 2143 3824 2216 χαριζόμενος,

2253 2247 2517 2314 ἐπιδέξιος
2546 2247 2776 2315 γίνεται,
2810 2239 2892 2307 οἷς
2921 2242 2988 2296 ἂν
3017 2243 3262 2312 γένηται.
3291 2239 3530 2310 Σκληρὸς
3567 2236 3668 2308 μὲν
3690 2235 3827 2289 κατά

2250 2341 2348 2414 τὴν
2379 2343 2541 2412 φύσιν
2579 2340 2676 2406 ὢν,
2712 2337 3065 2410 ἐπικρύπτων
3097 2336 3154 2390 δὲ
3179 2337 3302 2397 ταῖς
3347 2332 3560 2404 ἡδοναῖς
3591 2330 3654 2382 τὸ
3679 2328 3827 2381 ἀντέ-

2249 2449 2444 2494 τυπον,
2471 2432 2556 2484 διά
2583 2430 2742 2502 τοῦτο
2773 2426 3068 2498 φυγαδεύει
3087 2427 3187 2498 τῆς
3214 2425 3350 2487 ἰδίας
3369 2423 3542 2494 ἀρχῆς
3569 2420 3664 2474 τὸν
3697 2419 3830 2490 Βορ-

2254 2526 2385 2594 ρᾶν,
2433 2525 2466 2594 ἡ
2505 2523 2646 2576 κατά
2691 2521 2801 2574 τῶν
2850 2519 3040 2574 παθῶν
3071 2516 3446 2588 ἀναδυσαμένη
3501 2513 3562 2567 τὸ
3591 2513 3826 2583 κράτος,

2263 2613 2919 2685 Ἐξεγέρθητι,λὲγουσα,
2943 2607 2992 2667 ὦ
3017 2609 3230 2679 Eappa.
3264 2609 3386 2662 Ὀτι
3416 2607 3472 2659 δὲ
3501 2605 3578 2675 τῷ
3604 2603 3826 2673 ὀνόματι

2247 2707 2424 2779 τούτῳ
2459 2709 2494 2778 ὴ
2533 2705 2882 2776 ἀντικειμένη
2915 2703 3326 2774 διασημαίνεται
3357 2699 3585 2767 δύναμις
3608 2737 3623 2760 ,
3669 2696 3828 2748 παντὶ

2247 2799 2405 2870 δῆλον
2435 2797 2502 2852 ἂν
2531 2797 2616 2868 εἴη
2644 2796 2722 2867 τῷ
2750 2794 3172 2865 κατανενοηκότι
3200 2793 3298 2863 τὴν
3331 2789 3439 2844 τῶν
3473 2787 3686 2859 ὁρατῶν
3723 2786 3826 2854 φύ-

2251 2907 2354 2944 σιν.
2390 2889 2486 2953 Τίς
2507 2889 2616 2960 γάρ
2653 2889 2752 2942 οὐκ
2776 2881 2884 2940 οἶδε
2912 2885 3008 2939 τοῦ
3047 2885 3196 2956 ἡλίου
3241 2884 3340 2954 τὴν
3385 2881 3596 2951 κίνησιν
3615 2919 3632 2944 ,
3661 2880 3742 2932 ὅτι
3765 2879 3832 2930 ἐκ

2245 2983 2356 3037 τῶν
2389 2982 2664 3038 ἀνατολῶν
2687 2981 2776 3036 διὰ
2803 2982 2898 3035 τοῦ
2927 2981 3104 3034 νοτίου
3138 2979 3230 3032 τὸν
3257 2977 3456 3050 δρόμον
3485 2975 3828 3046 ποιούμενος,

2247 3075 2385 3148 πρὸς
2411 3075 2512 3139 τάς
2543 3074 2754 3144 δυσμὰς
2786 3073 3156 3138 ἐπικλίνεται;
3187 3071 3261 3124 Τδ
3287 3070 3344 3122 δὲ
3375 3069 3559 3138 σχῆμα
3595 3071 3698 3136 τῆς
3727 3066 3834 3134 γῆς

2247 3169 2586 3240 σφαιροειδὲς
2611 3168 2692 3231 ὃν,
2719 3167 2905 3232 καθὼς
2931 3185 3092 3237 φασιν
3130 3167 3180 3221 οἱ
3211 3166 3279 3220 τά
3303 3164 3529 3218 τοιαῦτα
3562 3161 3832 3231 κατανοή-

2249 3279 2470 3328 σαντες,
2497 3263 2555 3314 ἐν
2579 3254 2732 3333 ᾧπερ
2759 3261 2836 3332 τῷ
2889 3259 3022 3331 ἡλίῳ
3049 3257 3401 3330 περιλαμφθῇ
3431 3295 3446 3318 .
3477 3253 3615 3310 κατὰ
3649 3255 3832 3307 πᾶσαν

2247 3354 2492 3425 ἀνάγκην
2523 3355 2581 3407 ἐν
2605 3353 2683 3424 τῷ
2706 3353 3069 3424 ἀντικειμένῳ
3099 3351 3402 3414 σκοτίζεται
3426 3379 3442 3412 ,
3473 3350 3542 3419 τῇ
3567 3346 3835 3415 ἀντιφρά-

2245 3443 2326 3510 ξει
2354 3444 2448 3498 τοῦ
2474 3445 2639 3515 μέσου
2685 3445 3059 3515 σκιαζόμενον.
3108 3445 3258 3496 Ἐπεὶ
3291 3439 3384 3496 οὖν
3414 3439 3666 3509 ἀφεγγὴς
3687 3441 3720 3492 ὀ
3741 3437 3834 3491 τό-

2245 3555 2344 3601 πος
2370 3539 2576 3602 ἐκεῖνος
2625 3539 2720 3592 καὶ
2749 3537 3164 3616 κατεψυγμένος
3195 3536 3367 3590 εἰσαεὶ
3411 3535 3656 3601 διαμένει
3691 3532 3834 3602 pira

2242 3629 2589 3700 λαμπόμενος
2623 3630 2728 3684 ὑπὸ
2765 3629 2874 3682 τῶν
2903 3627 3146 3700 ἡλιακῶν
3179 3627 3414 3681 ἀκτίνων
3459 3627 3596 3696 μήτε
3621 3621 3834 3676 θαλπό-

2249 3736 2410 3790 μενος
2438 3736 2450 3747 ·
2479 3719 2566 3772 διὰ
2593 3719 2751 3773 τοῦτο
2781 3719 2871 3772 τὸν
2903 3720 3137 3791 ἄρχοντα
3169 3718 3268 3788 τῆς
3300 3716 3546 3784 ἐξουσίας
3575 3713 3674 3766 τοῦ
3705 3711 3836 3766 σκό-

2246 3827 2398 3874 τους,
2426 3811 2518 3864 τδν
2546 3813 2646 3883 τὴν
2682 3811 2895 3881 ἁπαλὴν
2923 3810 3032 3864 τῶν
3052 3809 3237 3880 ψυχῶν
3269 3810 3428 3877 φύσιν
3457 3807 3648 3872 ὓδατος
3673 3805 3836 3872 δίκην

2247 3899 2606 3954 ἀπολιιθοῦντα
2629 3901 2716 3955 διὰ
2762 3901 2862 3972 τῆς
2892 3899 3136 3972 πήξεως,
3183 3900 3278 3953 καὶ
3325 3899 3566 3970 σκληρὰν
3597 3896 3838 3967 ἐργαζὸ-

2249 4009 2409 4062 μενον
2436 4033 2450 4057 ,
2487 3993 2727 4065 Βορῤέαν
2777 4011 2838 4047 τε
2869 3993 2964 4046 καὶ
2999 3992 3230 4064 σκληρὸν
3266 3990 3522 4062 ὀνομάζει
3569 3991 3600 4042 ό
3629 3990 3834 4057 Λόγος,

2244 4083 2336 4138 τὸν
2367 4085 2466 4155 τῆς
2493 4083 2794 4156 κατηφείας
2831 4085 2924 4138 τοῦ
2973 4085 3240 4155 χειμῶνος
3289 4084 3526 4156 ἐργάτην
3549 4123 3566 4146 ,
3611 4083 3834 4136 ἐκείνου

2247 4174 2391 4243 λέγω
2419 4175 2513 4228 τοῦ
2565 4177 2832 4246 χειμῶνος
2866 4177 2924 4228 ὲν
3029 4177 3127 4245 τὴν
3177 4175 3352 4246 φυγὴν
3404 4175 3514 4227 τῶν
3565 4174 3835 4228 κινδύνων

2246 4267 2527 4338 ἀμήχανον
2559 4268 2706 4336 λέγει
2755 4267 2818 4320 τὸ
2850 4266 3200 4335 Εὐαγγέλιον.
3247 4267 3332 4320 Ἐν
3379 4265 3528 4336 αύτῷ
3559 4265 3674 4336 γάρ
3719 4263 3836 4318 τῶν

2244 4359 2366 4412 κατ’
2399 4359 2600 4431 ἀρετὴν
2635 4357 2939 4412 ἀνθούντων
2969 4361 3002 4429 ἡ
3042 4357 3160 4429 ὥρα
3197 4357 3536 4428 μαραίνεται.

2316 4451 2512 4516 Καλῶς
2545 4447 2636 4506 οὖν
2657 4450 2950 4505 ἀπελαύνει
2975 4449 3161 4504 τοῦτον
3196 4449 3318 4503 κατ’
3342 4449 3590 4514 ἐξουσίαν
3615 4449 3650 4519 ἡ
3681 4446 3838 4516 βασι-

559 4535 731 4605 ςῐηεες
765 4539 999 4592 accersit
1031 4547 1212 4594 autem
1253 4549 1472 4597 ventum
1503 4546 1886 4615 meridianum,
1921 4550 2016 4618 qui
2051 4560 2137 4606 est

2250 4541 2384 4605 λιδος
2407 4542 2558 4612 φωνὴ
2581 4557 2596 4571 ⁸
2622 4539 3082 4612 προσκαλεῖταιδέ
3102 4538 3162 4590 τὸ
3187 4536 3555 4609 μεσημϐρινὸν
3581 4534 3831 4604 πνεῦμα..

560 4627 772 4682 calidus
802 4635 856 4682 et
890 4645 1106 4699 semper
1134 4629 1372 4698 lucidus,
1405 4649 1566 4704 quem
1595 4639 1840 4692 nominat
1864 4653 2135 4710 austrum,

2250 4635 2302 4688 τὺ
2333 4633 2532 4706 θερμόν
2549 4610 2620 4686 τε
2647 4610 2742 4686 καὶ
2768 4631 3218 4702 ἀειφεγγὲς,ὃπερ
3245 4627 3500 4698 ὀνομάζει
3525 4627 3702 4678 Νότον
3721 4665 3738 4688 ,
3763 4625 3832 4678 δι’

559 4731 658 4786 per
686 4733 846 4784 quem
870 4716 988 4771 ﬂuit
1018 4727 1233 4776 torrens
1257 4722 1602 4788 deliciarum,
1639 4728 1828 4786 dicens
1859 4749 1874 4786 :
1915 4731 1982 4784 Et
2005 4733 2139 4798 veni,

559 4815 760 4868 auster,
783 4808 952 4875 perﬂa
977 4809 1187 4864 hortum
1221 4829 1415 4874 meum,
1446 4825 1496 4869 et
1516 4817 1688 4885 ﬂuant
1717 4831 1962 4875 aromata
1991 4839 2140 4879 mea:

559 4895 698 4948 adeo
722 4903 780 4948 ut
803 4897 1041 4952 violento
1064 4900 1284 4966 spiritu,
1313 4905 1458 4958 sicut
1489 4907 1744 4964 audimus
1773 4909 1974 4966 factum
2004 4912 2140 4970 fuis-

557 5000 620 5038 se
653 4985 706 5037 in
738 4989 1024 5070 caenaculo
1051 4990 1362 5062 discipulis,
1393 4997 1446 5051 in
1485 5000 1701 5068 plantas
1725 5001 1974 5060 incidens
2019 5007 2140 5059 ani-

559 5083 759 5140 matas,
789 5089 1002 5135 moveat
1029 5081 1124 5138 Dei
1153 5087 1546 5154 plantationem
1572 5093 1636 5146 ad
1662 5105 1971 5151 aromatum
2001 5113 2134 5168 pro-

557 5167 894 5234 ductionem,
925 5181 980 5227 et
1010 5173 1205 5230 eﬂiciat
1231 5187 1291 5232 ut
1319 5195 1416 5248 per
1442 5197 1506 5236 os
1535 5182 1666 5238 ﬂuat
1695 5185 1968 5242 odorifera
2002 5167 2158 5258 pro-

559 5259 742 5350 phetia
775 5271 829 5316 et
863 5264 1124 5320 salutaria
1158 5268 1281 5325 ﬁdei
1315 5271 1591 5341 dogmata,
1639 5291 1737 5345 per
1767 5293 1932 5333 omne
1961 5294 2132 5350 genus

560 5341 758 5417 linguae
820 5349 1154 5410 eﬂ'unilentia
1214 5359 1352 5412 citra
1417 5341 1859 5430 impedimentum
1927 5341 2131 5424 bonum

557 5443 781 5498 odorem
809 5445 1288 5506 documentorum.
1318 5453 1410 5511 Sic
1431 5469 1647 5512 centum
1673 5459 1864 5529 viginti
1897 5461 2139 5532 discipu-

559 5536 618 5600 li,
648 5540 741 5606 qui
775 5541 1095 5609 plantantur
1127 5545 1182 5598 in
1213 5545 1377 5603 domo
1408 5549 1525 5616 Dei,
1555 5551 1683 5606 ﬂatu
1731 5553 1895 5623 hujus
1927 5555 2136 5621 austri,

558 5645 680 5698 quae
709 5646 807 5699 per
838 5633 1055 5700 linguas
1085 5639 1342 5705 traditur,
1374 5640 1680 5699 doctrinam
1715 5645 1961 5700 fecerunt
1991 5646 2141 5702 eﬂlo-

557 5735 704 5778 rere.
733 5723 1028 5795 Propterea
1055 5745 1187 5801 ergo
1203 5733 1331 5791 huic
1361 5744 1554 5794 austro
1583 5738 1716 5802 dicit
1748 5755 1985 5812 sponsa:
2005 5740 2140 5796 Per-

613 5894 645 5929 τ
670 5893 840 5955 Each.
873 5919 946 5969 νι,
977 5905 1064 5960 12.

2239 4723 2300 4783 οὗ
2333 4730 2362 4780 ό
2395 4728 2730 4799 χειμάρρους
2752 4727 2850 4796 τῆς
2876 4723 3089 4795 τρυφῆς
3122 4723 3258 4794 ῥέει,
3286 4720 3550 4789 λέγουσα·
3589 4719 3704 4773 Καὶ
3735 4720 3836 4785 ἔρ-

2239 4837 2372 4888 χου,
2403 4819 2572 4880 Νότε,
2597 4815 2972 4870 διὰπνευσον
2993 4813 3104 4866 τὸν
3124 4811 3323 4879 κῆπόν
3331 4829 3470 4880 μου,
3493 4809 3594 4863 καὶ
3601 4805 3840 4876 ῥευσά-

2236 4929 2438 4968 τωσαν
2465 4908 2741 4980 ἀρώματά
2791 4925 2911 4978 μου
2931 4924 2944 4937 ·
2981 4906 3121 4960 ὥστε
3145 4909 3211 4977 τῇ
3241 4905 3392 4976 βιαίᾳ
3425 4905 3600 4974 πνοῇ,
3641 4901 3840 4966 καθὼς

2237 5007 2294 5058 ἐν
2325 5003 2402 5075 τῷ
2434 5001 2664 5073 ὑπερὼῳ
2691 4999 3017 5070 γεγενῆσθαι
3041 5001 3153 5062 τοῖς
3183 4996 3452 5068 μαθηταῖς
3486 4994 3838 5064 ἠκούσαμεν,

2241 5099 2355 5159 τοῖς
2411 5094 2675 5165 ἐμψύχοις
2723 5095 2910 5162 φυτοῖς
2948 5089 3278 5144 ἐπιπεσόντα
3325 5088 3545 5157 κινῆσαι
3597 5085 3704 5158 τὴν
3737 5084 3840 5139 τοῦ

2242 5189 2376 5242 Θεοῦ
2426 5188 2652 5258 φυτείαν
2681 5183 2818 5256 πρὸς
2859 5185 2960 5257 τὴν
3010 5184 3120 5238 τῶν
3152 5181 3458 5254 ἀρωμάτων
3494 5181 3670 5252 φοράν
3697 5197 3716 5211 ο
3743 5179 3843 5233 καὶ

2245 5279 2390 5352 ῥέειν
2444 5276 2866 5349 παρασκευάσαι
2919 5275 3006 5328 διὰ
3047 5273 3140 5328 τοῦ
3199 5273 3462 5344 στόματος
3507 5273 3610 5343 τὴν
3645 5271 3839 5339 εὐώδη

2240 5369 2600 5442 προφητείαν,
2636 5367 2730 5421 καὶ
2774 5368 2844 5420 τὰ
2879 5367 3121 5437 σωτήρια
3145 5365 3242 5434 τῆς
3278 5364 3510 5427 πὲστεως
3553 5363 3840 5432 δόγματα,

2237 5463 2378 5518 κατά
2405 5463 2516 5516 πᾶν
2552 5457 2692 5524 εἶδος
2723 5459 2978 5529 γλώσσης
3008 5457 3302 5520 ἀκωλύτως
3333 5455 3431 5527 τὴν
3459 5455 3696 5508 εὐωδέαν
3721 5453 3842 5508 τῶν

2236 5553 2580 5625 διδαγμάτων
2631 5550 2950 5622 προχέονται.
2987 5549 3176 5614 Οὕτως
3215 5553 3266 5602 οξ
3303 5547 3500 5602 ἑκατὸν
3525 5549 3620 5601 καὶ
3645 5545 3840 5600 εἴκοσι

2241 5646 2499 5720 μαθηταὶ,
2525 5645 2574 5698 οἱ
2597 5645 2656 5699 ἐν
2682 5643 2816 5714 οἴκῳ
2838 5642 2936 5696 τοῦ
2963 5641 3100 5696 Θεοῦ
3125 5641 3522 5712 πεφυτευμένα
3539 5679 3556 5706 ,
3583 5641 3648 5709 τῇ
3686 5639 3840 5708 πνοῇ

2237 5735 2304 5810 τῇ
2330 5735 2426 5792 τοῦ
2457 5734 2700 5790 τοιούτου
2731 5733 2902 5788 Νότου
2927 5771 2944 5800 ,
2979 5733 3078 5804 τὴν
3127 5729 3218 5786 διά
3252 5731 3361 5784 τῶν
3397 5729 3656 5798 γλωσσῶν
3679 5727 3840 5782 διδαο
