3932 6514
197 430 301 489 985

1245 431 1312 486 |.\'
1334 428 1636 487 CANTICA
1657 427 1932 487 CANTIC.
1981 429 2266 487 HOMILIA
2297 435 2365 488 Χ.

3329 433 3442 491 988

194 541 421 597 σκαλίαν
445 542 761 616 ἐξήνθησαν.
793 544 891 598 Διά
936 545 1093 599 τοῦτο
1118 546 1295 599 τοίνυν
1322 548 1455 617 φησὶ
1480 547 1559 617 τῷ
1586 546 1761 601 τοιού·

1869 547 1937 615 ﬂa
1954 548 2165 603 hortum
2198 564 2389 616 meum,
2408 551 2850 621 quandoquidem
2877 548 3038 604 horto
3067 548 3172 605 fuit
3198 557 3372 604 mater
3403 567 3437 605 a

191 635 434 704 τφΝότῳ
463 637 497 705 ή
527 635 740 706 νύμφηο
769 639 848 690 ὅτι
870 637 1244 691 Διάπνευσον
1273 638 1378 692 τὸν
1403 637 1602 706 κῆπόν
1619 655 1760 708 μου.

204 726 420 797 Ἐπειδὴ
464 728 646 799 μήτηρ
672 730 831 800 κήπῳ
862 731 1079 797 ἐγένετο
1106 732 1255 801 παρὰ
1283 732 1380 802 τῆς
1408 731 1501 784 τοῦ
1531 731 1765 801 νυμφίου

191 817 372 887 φωνῆς
397 817 490 870 τοῦ
515 821 839 890 ποιήσαντος
864 822 1051 892 αὐτὴν,
1075 822 1257 885 καθὼς
1281 823 1528 894 περιέχει
1551 824 1579 875 ὁ
1612 823 1767 891 λόγος

188 910 371 979 κήπου
407 910 501 961 καὶ
550 911 752 980 πηγῆς.
790 904 863 964 Οὐ
896 913 1056 981 χάριν
1099 913 1192 965 τὸν
1246 913 1422 982 κῆπον
1467 914 1635 983 αὐτῆς
1667 914 1766 982 τὴν

200 998 527 1070 Ἐκκλησίαν
555 1001 655 1071 τὴν
673 1004 784 1065 τοῖς
811 1002 1071 1073 ἐμψύχοις
1100 1003 1367 1073 βρύουσαν
1396 1003 1631 1073 δένδροις
1651 1003 1768 1055 δια-

186 1091 521 1160 πνευσθῆναι
550 1091 817 1161 βούλεται,
845 1094 984 1147 ὥστε
1012 1095 1202 1163 ῥεῦσαι
1229 1091 1515 1149 ἀπἀὐτῶν
1538 1094 1607 1147 τὰ
1629 1093 1767 1165 ἀρώ-

189 1198 360 1250 ματα.
404 1184 461 1235 '0
498 1184 596 1253 μὲν
629 1185 735 1255 γὰρ
768 1187 1058 1257 Προφήτης
1088 1187 1283 1258 φησὶν,
1304 1188 1385 1241 ὅτι
1416 1187 1668 1240 Πνεύσει
1699 1185 1765 1238 τὸ

183 1273 426 1340 πνεῦμα
457 1276 665 1341 αὑτοῦ,
701 1277 799 1329 καί
828 1277 1122 1344 ρυήσεται
1155 1278 1364 1332 ὕδατα.
1400 1279 1461 1330 Ἦ
1487 1278 1543 1330 δὲ
1572 1276 1648 1347 τῷ
1678 1276 1768 1346 βαι

185 1363 383 1434 σιλικῷ
416 1365 629 1436 πλούτῳ
664 1367 891 1437 κομῶσα
918 1368 1101 1440 νύμφη
1123 1410 1137 1433 ,
1167 1370 1302 1439 πρὸς
1345 1370 1405 1421 τὸ
1437 1368 1768 1439 μεγαλοφυέ-

184 1471 381 1524 στερον
412 1456 726 1522 ἐξαλλάσσει
756 1458 825 1510 τὰ
852 1459 1118 1528 ῥεύματα,
1155 1459 1460 1530 ἀρωμάτων
1490 1460 1767 1528 ποταμοὺς

184 1545 420 1598 ποιοῦσα
446 1547 555 1600 τῶν
584 1546 677 1602 τοῦ
724 1550 902 1619 κήπου
935 1550 1165 1621 δένδρων
1194 1550 1483 1621 ὲκρέοντας
1506 1591 1520 1614 ,
1554 1549 1642 1602 διὰ
1668 1551 1767 1619 τῆς

186 1636 315 1705 βίας
361 1636 456 1690 τοῦ
508 1640 851 1710 πνεύματος⁶
881 1640 1021 1693 ὥστε
1075 1641 1163 1694 διὰ
1202 1640 1390 1693 τούτου
1446 1641 1634 1709 μαθεῖν
1668 1640 1765 1710 τῆς

174 1724 426 1793 ﬂama;
447 1731 715 1802 Διαθήκης
755 1733 890 1804 πρὸς
928 1734 1025 1803 τὴν
1040 1728 1245 1803 Καινὴν
1275 1732 1336 1785 τὸ
1363 1733 1617 1802 διάφορον
1641 1748 1655 1763 °
1684 1734 1766 1785 ὅτι

179 1825 211 1875 ὁ
244 1823 343 1893 μὲν
386 1825 719 1894 προφητικὸς
752 1825 993 1895 ποταμὸς
1033 1824 1322 1896 ἐπληρώθη
1354 1825 1560 1878 ὐδάτων
1584 1841 1597 1856 ·
1645 1825 1674 1876 ὁ
1709 1823 1765 1876 δὲ

1868 654 2001 693 voce
2028 640 2213 709 sponsi
2243 641 2334 710 qui
2359 642 2527 710 ipsam
2567 643 2713 703 fecit,
2747 643 2889 697 sicut
2946 641 3196 696 continet
3252 655 3440 696 sermo

1867 731 2012 785 horti
2066 738 2121 785 et
2172 733 2358 785 fontis.
2408 732 2771 797 Quamobrem
2818 733 2932 786 vult
2978 747 3137 786 suum
3188 732 3439 796 hortum,

1868 838 2061 892 nempe
2092 822 2416 886 Ecclesiam,
2458 841 2577 893 quze
2602 832 2777 879 scatet
2804 823 3094 879 arboribus
3147 824 3435 888 animatis,

1867 915 2032 969 etiam
2070 914 2309 983 perﬂari,
2343 923 2403 969 ut
2431 932 2496 971 ex
2526 922 2605 971 eis
2637 916 2807 969 ﬂuant
2833 924 3098 971 aromata.
3151 914 3282 968 Nam
3306 912 3441 967 Pro-

1870 1005 2031 1074 pheta
2065 1005 2284 1075 quidem
2315 1006 2481 1061 dicit:
2519 1005 2717 1060 Flabit
2749 1007 2965 1074 spiritus
3002 1006 3143 1074 ejus,
3173 1015 3223 1059 et
3276 1005 3441 1074 ﬂuent

1868 1114 2019 1167 aqum
2035 1097 2079 1151 ⁸.
2140 1098 2351 1167 Sponsa
2386 1107 2565 1154 autem
2598 1100 2761 1169 regiis
2788 1106 2978 1153 ornata
3006 1098 3232 1159 divitiis,
3264 1106 3440 1151 mutat

1868 1188 2069 1242 ﬂuenta
2115 1190 2182 1243 ad
2236 1190 2497 1259 majorem
2554 1190 2965 1259 amplitudinem
3004 1196 3059 1243 et
3089 1187 3441 1258 magniﬁcen-

1869 1282 2021 1346 tiam,
2056 1280 2264 1336 faciens
2294 1292 2595 1336 aromatum
2627 1281 2821 1335 ﬂuvios
2849 1280 3130 1335 ellluentes
3184 1294 3282 1348 per
3327 1278 3437 1333 vim

1868 1373 2094 1443 spiritus
2112 1390 2178 1428 ex
2203 1374 2491 1428 arboribus
2515 1374 2675 1427 horti.
2706 1372 2825 1438 Quo
2864 1372 2943 1433 ﬁt,
2977 1379 3033 1425 ut
3072 1386 3167 1439 per
3193 1371 3297 1425 hoc
3346 1368 3437 1425 di-

1868 1477 2088 1515 scamus
2117 1460 2331 1516 Veteris
2379 1460 2710 1516 Testamenti
2766 1476 2797 1514 a
2838 1460 2989 1514 Novo
3042 1455 3435 1512 diﬂerentiamo

1868 1554 2123 1623 quoniam
2155 1553 2350 1608 ﬂuvius
2378 1552 2598 1623 quidem
2630 1552 2983 1623 propheticus
3036 1549 3293 1619 impletus
3337 1547 3440 1601 fuit

1874 1645 2070 1714 aquis,
2101 1645 2449 1716 evangelicus
2491 1651 2670 1697 autem
2718 1641 3076 1696 aromatibus.
3139 1636 3290 1692 Talis
3335 1634 3440 1690 ﬁu-

1868 1737 1991 1791 vius
2018 1745 2322 1790 aromatum
2356 1751 2420 1790 ex
2446 1736 2605 1789 horto
2640 1732 2897 1787 Ecclesia:
2929 1729 3103 1786 ﬂuens
3137 1744 3234 1798 per
3283 1727 3441 1796 spiri-

1871 1837 2008 1891 tum,
2036 1835 2153 1882 erat
2178 1843 2407 1898 inagnus
2434 1826 2654 1888 Paulus,
2678 1824 2836 1894 cujus
2861 1823 3121 1878 ﬂuentum
3143 1831 3257 1876 erat
3288 1818 3440 1874 Chri-

182 1889 537 1983 εὐαγγελίκὸς
552 1889 878 1987 ἀρωμάτων.
897 1889 1427 1987 ’Τοιοῦτος-’ποταμὸς
1455 1915 1762 1987 ἀρωμάτων

1869 1920 1938 1975 sti
1969 1889 2143 1975 bonus
2171 1889 2325 1972 odor.
2372 1917 2521 1973 Talis
2551 1918 2693 1973 alius
2745 1889 2848 1970 l'uit
2894 1913 3165 1976 Joannes,
3226 1912 3437 1977 Lucas,

181 1999 277 2074 ἦν,
303 2006 365 2058 ὲκ
390 2005 481 2058 τοῦ
507 2008 683 2076 κήπου
708 2008 808 2076 τῆς
835 2006 1158 2077 Ἐκκλησίας
1194 2008 1332 2077 ῥέων
1371 2006 1459 2060 διὰ
1490 2005 1583 2060 τοῦ
1610 2005 1765 2060 πνεύο

188 2111 397 2163 ματος,
450 2098 478 2149 ὁ
528 2097 699 2167 μέγας
746 2094 983 2163 Παῦλος,
1040 2092 1099 2151 οὐ
1152 2098 1212 2151 τὸ
1261 2097 1472 2169 ῥεῖθρον
1526 2095 1761 2167 Χριστοῦ

183 2185 387 2247 εὐῶδες
417 2182 507 2257 ἦν.
550 2188 800 2252 Τοιοῦτος
840 2190 998 2253 ἄλλος
1043 2191 1327 2261 Ἰωάννης,
1372 2193 1401 2243 ὁ
1434 2191 1682 2253 Λουκᾶς,
1735 2191 1764 2243 ὁ

182 2275 482 2343 Ματθαῖος,
507 2280 534 2330 ὁ
560 2279 804 2350 Μάρκος,
826 2280 921 2333 καὶ
951 2282 1001 2332 οί
1034 2280 1209 2333 λοιποὶ
1243 2280 1441 2343 πάντες
1465 2281 1531 2333 τὰ
1570 2280 1763 2349 εὐγενῆ

1870 2006 2175 2070 Matthaeus,
2199 2007 2436 2070 Marcus,
2459 2016 2511 2060 et
2534 2005 2622 2058 alii
2656 2004 2868 2058 nobiles
2888 2003 3083 2073 planta:
3109 2000 3249 2055 horti
3280 2014 3441 2069 spon-

1870 2114 1965 2162 διε,
1996 2100 2088 2168 qui
2122 2098 2412 2168 perspirati
2449 2095 2633 2151 lucido
2687 2104 2875 2149 austro
2924 2093 3246 2156 meridiano,
3308 2089 3439 2145 facti

1871 2201 1999 2245 sunt
2048 2190 2225 2244 fontes
2273 2198 2599 2251 aromatum,
2658 2194 2872 2242 scatere
2922 2172 3469 2241 facientes‘bonum.

1872 2282 2096 2335 odorem
2136 2280 2437 2349 Evangelii.

182 2368 333 2426 φυτὰ
361 2368 452 2421 τοῦ
500 2371 677 2440 κήπου
710 2372 810 2439 τῆς
837 2371 1083 2441 νύμφης,
1132 2373 1181 2423 οί
1218 2371 1295 2441 τῷ
1318 2370 1562 2441 φωτεινῷ
1594 2371 1785 2440 ἐκείνῳ
1836 2371 1915 2441 τῷ
1956 2371 2311 2443 μεσημϐρινῷ
2348 2370 2503 2441 Νότῳ
2539 2368 3024 2434 διαπνευσθέντες,
3079 2368 3252 2438 πηγαὶ
3296 2367 3442 2439 ἀρω-

186 2461 374 2529 μάτων
403 2463 648 2527 ἐγένοντο
666 2505 681 2529 ,
716 2464 967 2534 βρύοντες
995 2466 1092 2536 τὴν
1114 2466 1219 2519 τῶν
1250 2466 1591 2535 Εὐαγγελίων
1623 2465 1870 2522 εὐωδίαν.

257 2556 596 2622 Καταὸήτω,
622 2559 803 2628 φησὶν,
827 2563 859 2613 ό
889 2560 1208 2629 ἀδελφιδός
1245 2580 1363 2630 μου
1387 2601 1404 2625 ,
1444 2564 1532 2627 εἰς
1562 2562 1762 2629 κῆπον

182 2646 411 2712 αὐτοῦ,
466 2649 564 2700 καί
612 2650 844 2719 pareto)
894 2651 1131 2718 καρπὸν
1168 2651 1509 2720 ἀκροδρύων
1551 2652 1758 2707 αὐτοῦ.

184 2732 259 2790 Ὦ
288 2744 844 2814 πεπαρρησιασμένης
896 2744 1079 2813 φωνῆς
1107 2746 1120 2797 !
1148 2741 1219 2796 Ὦ
1270 2744 1548 2814 φιλοτίμου
1577 2761 1636 2796 τε
1668 2744 1762 2796 καὶ

189 2830 569 2901 μεγαλοδώρου
611 2834 786 2904 duxi};
808 2876 823 2897 ,
859 2837 1037 2887 πᾶσαν
1083 2835 1384 2906 ὑπερϐολὴν
1421 2836 1761 2905 μεγαλοφρο-

189 2920 358 2991 σύνης
399 2923 632 2994 νικώσης
666 2926 678 2978 !
708 2926 841 2979 Τίνα
890 2926 1155 2992 δεξιοῦται
1194 2927 1327 2997 πρδς
1381 2926 1610 2995 εὐωχίαν
1652 2928 1760 2989 τοῖς

191 3010 348 3073 ίδίοις
367 3017 620 3083 καρποῖς;
640 3017 757 3069 Τίνι
784 3018 1191 3087 παρασκευάζει
1217 3017 1304 3069 διὰ
1318 3017 1423 3069 τῶν
1450 3018 1593 3070 ἰδίων
1625 3018 1764 3083 ἁγα-

186 3101 298 3153 Θῶν
323 3102 421 3173 τὴν
450 3105 802 3171 πανδαισίαν;
833 3107 963 3160 Τίνα
1000 3108 1154 3162 καλεῖ
1183 3109 1320 3179 πρὸς
1352 3109 1448 3178 τὴν
1502 3108 1608 3161 τῶν
1657 3126 1765 3159 πα-

1943 2556 2257 2623 Descendat,
2307 2555 2503 2625 inquit,
2534 2554 2789 2622 patruelis
2821 2571 2966 2608 meus
2996 2555 3063 2607 ad
3096 2557 3326 2617 hortum,
3360 2572 3444 2611 co-

1870 2650 2046 2705 medat
2072 2651 2275 2717 fructus
2300 2660 2575 2715 pomorum
2607 2661 2845 2697 suorum.
2903 2642 2948 2697 Ο
2978 2658 3163 2698 vocem
3212 2644 3441 2699 liberam

1869 2753 1922 2798 et
1981 2739 2319 2796 conﬁdenter
2366 2737 2662 2807 prolatam!
2717 2733 2762 2789 Ο
2806 2737 3044 2789 animam
3078 2736 3353 2790 liberalem
3386 2741 3442 2789 et

1869 2830 2232 2901 splendidam,
2256 2842 2377 2896 quae
2397 2842 2609 2880 munem
2636 2827 2989 2896 quantumvis
3016 2842 3266 2896 magnam
3289 2841 3443 2896 supeo

1871 2932 1955 2975 rat
2000 2918 2496 2988 magniﬁcentiam!
2537 2917 2837 2982 Quemnam
2872 2918 2938 2971 ad
2978 2917 3290 2971 convivium
3324 2917 3440 2973 suis

1867 3014 2068 3082 excipit
2122 3010 2432 3065 fructibus?
2460 3009 2677 3063 cuinam
2713 3025 2809 3078 per
2840 3008 2981 3063 bona
3014 3010 3233 3080 propria
3284 3019 3441 3079 parat

1867 3104 2125 3173 epulum?
2174 3101 2475 3166 Quemnam
2504 3108 2662 3154 vocat
2700 3099 2768 3153 ad
2799 3100 3131 3154 vescendum
3188 3100 3257 3155 iis
3311 3115 3436 3170 qua:

190 3197 639 3267 ρεσκευασμένων
670 3198 946 3265 ὲστίασινς
980 3201 1082 3253 Τὸν
1133 3201 1192 3265 ἐξ
1219 3194 1279 3253 οὐ
1312 3202 1378 3253 τὰ
1422 3200 1600 3253 πάντα
1624 3243 1638 3264 ,
1675 3200 1764 3254 καὶ

1873 3203 2001 3250 sunt
2026 3194 2259 3264 parata?
2292 3192 2426 3245 Eum
2450 3207 2516 3246 ex
2549 3205 2659 3261 quo
2689 3198 2818 3245 sunt
2846 3191 3047 3255 omnia,
3081 3198 3135 3244 et
3155 3205 3252 3260 per
3278 3206 3438 3260 quem

183 3283 254 3336 δι’
283 3280 342 3339 οὐ
376 3285 444 3339 τὰ
474 3288 666 3352 πάντα,
692 3290 783 3341 καὶ
820 3290 877 3341 ἐν
902 3284 945 3358 ᾧ
976 3290 1045 3343 τὰ
1066 3290 1263 3352 πάντα,
1298 3292 1389 3344 τὸν
1418 3291 1625 3344 διδόντα
1658 3296 1767 3356 τοῖς

186 3378 325 3429 πᾶσι
374 3380 582 3450 τροφὴν
626 3383 682 3433 ὲν
715 3381 970 3452 εὐκαιρίᾳ
993 3422 1008 3445 ,
1045 3382 1133 3435 τὸν
1166 3383 1449 3450 ἀνοίγοντα
1478 3384 1578 3452 τὴν
1612 3387 1769 3453 χεῖρα

186 3468 354 3521 αὐτοῦ
378 3510 390 3528 ,
416 3472 511 3523 καὶ
542 3471 647 3541 πλη
658 3472 851 3542 ροῦντα
879 3476 987 3527 πᾶν
1019 3473 1158 3537 ζῶον
1188 3474 1433 3537 εὐδοκίας
1456 3514 1469 3534 ,
1495 3475 1583 3526 τὸν
1606 3473 1768 3543 ἄρτον

185 3558 282 3611 τὸν
312 3561 375 3612 ὲκ
398 3560 490 3613 τοῦ
520 3562 748 3633 οὐρανοῦ
778 3565 1174 3618 καταϐαίνοντα
1196 3606 1210 3629 ,
1246 3566 1338 3617 καὶ
1372 3565 1515 3635 ζωὴν
1561 3565 1768 3618 διδόντα

184 3647 267 3718 τῷ
292 3650 497 3720 κόσμῳ,
534 3652 621 3705 τὸν
643 3656 776 3706 πᾶσι
807 3659 916 3718 τοῖς
935 3651 1053 3709 οὖσι
1088 3655 1186 3725 τὴν
1214 3656 1357 3727 ζωὴν
1383 3657 1446 3709 ὲκ
1491 3659 1590 3725 τῆς
1634 3657 1768 3720 ἰδίας

188 3740 374 3809 πηγῆς
417 3743 771 3814 ἐπιρρέονταο
810 3747 983 3817 τούτῳ
1018 3748 1051 3816 ἡ
1094 3746 1280 3817 νύμφη
1310 3747 1596 3818 προτίθησι
1632 3748 1765 3817 τρα-

188 3832 380 3895 πεζαν.
405 3834 595 3904 Κῆπος
620 3836 676 3889 δέ
701 3839 847 3890 ἐστιν
870 3840 903 3907 ἡ
932 3838 1196 3907 τράπεζα,
1225 3840 1252 3891 ὁ
1277 3838 1364 3891 διὰ
1382 3839 1487 3891 τῶν
1509 3839 1766 3909 ἐμψύχων

188 3924 419 3996 δένδρων
446 3929 868 3998 πεφυτευμένος.
912 3931 1101 4001 Ἡμεῖς
1133 3932 1187 3984 δὲ
1232 3931 1297 3983 τὰ
1338 3930 1560 4001 δένδρα,
1608 3932 1766 4000 εἴπερ

186 4013 255 4084 δὴ
277 4018 368 4068 καὶ
394 4019 550 4086 ήμεῖς
575 4019 625 4070 οἱ
650 4018 853 4090 τροφὴν
880 4020 1029 4090 αὐτῷ
1052 4020 1397 4091 προτιθέντες
1422 4018 1517 4089 τὴν
1542 4019 1649 4071 τῶν
1673 4021 1768 4088 ψυ-

192 4105 303 4177 χῶν
329 4108 488 4177 ἡμῶν
513 4110 805 4179 σωτηρίαν,
840 4110 1011 4174 οὕτως
1044 4110 1287 4173 εἰπόντος
1318 4109 1409 4162 τοῦ
1446 4109 1545 4181 τὴν
1569 4110 1767 4180 ἡμετέ-

194 4214 295 4268 ραν
312 4200 683 4269 εὐωχουμένου
702 4200 847 4270 ζωήν
884 4213 897 4225 ·
935 4196 1015 4253 ὅτι
1035 4201 1210 4269 Ἐμὸν
1221 4199 1432 4269 ,ϐρῶμὰ
1453 4200 1645 4263 ἐστιν,
1667 4201 1768 4252 ἵνα

193 4288 341 4341 ποιῶ
360 4290 425 4344 τὸ
460 4289 689 4359 θέλημα
708 4290 814 4345 τοῦ
834 4292 1064 4360 Πατρός
1077 4309 1216 4358 μου.
1242 4290 1405 4361 Δῆλος
1426 4289 1482 4342 δὲ
1504 4290 1532 4341 ὁ
1562 4289 1761 4352 σκοπὸς

192 4378 287 4432 τοῦ
316 4379 459 4433 θείου
480 4381 801 4451 θελήματος,
827 4389 895 4448 ὃς
920 4381 1150 4447 πάντας
1170 4379 1328 4436 θέλει
1357 4379 1645 4448 σωθῆναι,
1666 4380 1765 4432 καί

193 4473 282 4535 είς
309 4471 635 4537 ἐπίγνωσιν
661 4473 947 4540 ἀληθείας
976 4471 1195 4526 ἐλθεῖν.
1228 4470 1375 4541 Λῦτη
1424 4467 1515 4524 οὖν
1539 4472 1701 4539 ιὲστιν
1731 4471 1763 4541 ή

194 4561 576 4632 ἐτοιμασθεῖσα
601 4556 799 4633 βρῶσις
831 4564 1057 4635 αὐτῷοτδ
1077 4564 1318 4635 σωθῆναι
1340 4565 1504 4634 ἡμᾶς.
1542 4563 1765 4633 Καρπδς

191 4652 250 4705 δὲ
293 4652 513 4723 ήμῶνή
568 4656 884 4726 προαίρεσις
942 4656 1190 4721 γίνεται,
1240 4657 1274 4726 ή
1336 4654 1414 4726 τῷ
1451 4653 1767 4725 δρεπομένῳ

190 4746 341 4817 ἡμᾶς
367 4745 484 4816 Θεῷ
509 4746 575 4798 δι’
600 4748 795 4818 ἑαυτῆς
826 4749 900 4811 ὡς
922 4748 1009 4801 δια
1042 4766 1188 4811 τινος
1220 4750 1521 4820 ἀκρεμὸνος
1542 4747 1638 4817 τὴν
1663 4747 1766 4817 diu-

190 4836 293 4909 χὴν
320 4838 713 4909 ὲγχειρίζουσα.
748 4839 866 4911 Χρὴ
906 4840 962 4893 δὲ
994 4840 1080 4893 διὰ
1105 4840 1308 4893 τούτων
1343 4840 1470 4893 ἰδεῖν
1516 4841 1595 4891 ὅτι
1634 4840 1766 4909 πρό-

189 4946 345 5001 τερον
377 4931 411 5000 ἡ
437 4929 621 5001 νύμφη
657 4930 736 5000 τῷ
778 4931 973 5001 καρπῷ
996 4931 1087 4983 τοῦ
1129 4931 1298 5003 μήλου
1333 4930 1763 4999 καταγλυκαίνε-

188 5039 278 5074 ται
310 5020 569 5074 εἰποῦσα·
609 5022 717 5075 Καὶ
763 5025 795 5075 ό
826 5022 1054 5089 καρπὸς
1093 5022 1280 5076 αὑτοῦ
1319 5021 1546 5092 γλυκὺς
1584 5021 1653 5073 ἐν
1686 5018 1765 5085 τῷ

190 5107 444 5175 στόματί
488 5126 607 5177 μου
635 5124 648 5136 ·
705 5110 799 5161 καὶ
829 5110 949 5162 τότε
986 5110 1193 5179 καρπὸς
1229 5111 1324 5163 καὶ
1372 5111 1508 5181 αὐτὴ
1558 5109 1764 5177 γίνεται

192 5195 397 5267 ὦριμός
425 5217 484 5252 τε
514 5201 609 5253 καὶ
646 5200 971 5268 γλυκαίνων,
1010 5202 1104 5253 καὶ
1131 5202 1209 5271 τῷ
1237 5200 1467 5273 γεωργῴ
1507 5202 1641 5275 πρὸς
1683 5202 1768 5254 εὐ-

195 5290 465 5359 φροσύνην
495 5293 872 5362 προκείμενος.
919 5292 983 5345 Ἥ
1032 5292 1088 5345 δὲ
1120 5293 1213 5345 τοῦ
1243 5292 1560 5361 Κατᾳΰήτω
1597 5293 1762 5358 λέξις,

196 5378 453 5450 εὐκτικὴν
498 5382 609 5451 ἔχει,
634 5384 733 5452 τὴν
768 5384 1041 5454 σημασίαν
1069 5426 1083 5449 ,
1118 5386 1485 5456 ὁμοιοτρόπως
1514 5386 1763 5456 ἐκφωνη-

195 5470 349 5522 θεῖσα
395 5470 868 5543 τῷςἊγιασθήτω
909 5476 975 5530 τὸ
1010 5478 1197 5547 ὄνομά
1243 5494 1357 5532 σου
1386 5494 1400 5507 ο
1453 5479 1547 5531 καὶ
1590 5496 1763 5547 γενη-

194 5563 350 5629 θήτω
377 5564 442 5615 τὸ
494 5565 721 5633 θέλημά
766 5584 904 5622 σου.
951 5570 1038 5633 Ὠς
1078 5570 1185 5641 γὰρ
1232 5572 1347 5623 ἐκεῖ
1376 5570 1474 5641 τὴν
1506 5570 1762 5640 εὐκτικὴν

190 5652 429 5728 ἔμφασιν
458 5654 487 5705 ὁ
512 5654 620 5707 τῶν
645 5659 819 5728 ῥητῶν
845 5660 1066 5712 ἐκείνων
1092 5660 1465 5730 σχηματισμὸς
1494 5659 1755 5730 περιέχει,

242 5827 276 5861 θ
311 5827 456 5886 Psal.
497 5847 699 5897 cum,
740 5834 821 5889 i8.
897 5834 1094 5891 'Joan.
1124 5836 1307 5897 tv.54.

1868 3287 2071 3349 omnia,
2093 3292 2146 3339 et
2171 3286 2223 3337 in
2247 3298 2357 3353 quo
2381 3283 2589 3343 munia,
2614 3283 2705 3350 qui
2728 3280 2821 3332 dat
2839 3280 3096 3335 omnibus
3123 3282 3438 3335 alimentum

1868 3380 1922 3433 in
1957 3388 2202 3447 tempore
2228 3391 2350 3441 suo,
2376 3374 2470 3443 qui
2499 3374 2673 3443 aperit
2700 3388 2919 3426 manum
2945 3388 3125 3435 suam,
3173 3380 3229 3427 et
3255 3373 3442 3443 implet

1866 3484 2028 3522 omne
2052 3467 2253 3520 animal
2284 3464 2428 3518 bona
2458 3463 2758 3527 voluntate,
2818 3476 3011 3530 panem
3062 3461 3154 3531 qui
3193 3461 3261 3515 de
3298 3463 3440 3516 cmlo

1866 3557 2168 3622 descendit,
2221 3564 2275 3609 et
2321 3554 2416 3608 dat
2458 3554 2625 3607 vitam
2685 3554 2909 3617 mundo,
2966 3554 3057 3621 qui
3104 3569 3169 3606 ex
3219 3553 3441 3622 proprio

1867 3649 2017 3703 {unite
2044 3648 2109 3700 ad
2141 3646 2322 3699 omnia
2358 3660 2479 3714 qua:
2510 3652 2639 3699 sunt
2683 3646 2844 3698 vitam
2897 3644 3027 3697 facit
3078 3659 3334 3700 emanare
3385 3655 3440 3699 et

1868 3743 2169 3807 scaturire;
2226 3740 2353 3817 huic
2399 3753 2603 3808 sponsa
2662 3737 2885 3806 apponit
2927 3752 3193 3792 mensam.
3233 3739 3440 3792 Hortus

1868 3842 2051 3889 autem
2086 3842 2171 3888 est
2204 3846 2414 3894 mensa,
2445 3832 2722 3900 plautatus
2754 3845 2849 3897 per
2891 3830 3117 3884 arbores
3148 3830 3436 3885 animatas.

1866 3927 1979 3982 Nos
2030 3936 2210 3980 autem
2268 3939 2461 3978 sumus
2519 3923 2783 3984 arbores,
2842 3921 3279 3990 quandoquidem
3337 3936 3440 3976 nos

1866 4034 2086 4091 quoque
2119 4034 2309 4073 smnus
2363 4014 2455 4084 qui
2488 4014 2537 4067 ei
2582 4014 2761 4067 cibum
2813 4015 3163 4081 apponimus,
3210 4012 3439 4066 salutem

1866 4119 2182 4165 nostrarum
2212 4108 2543 4171 animarum,
2578 4119 2702 4157 cum
2737 4104 2818 4158 sic
2842 4103 3041 4157 dixerit
3074 4105 3120 4158 is
3144 4103 3237 4173 qui
3264 4103 3444 4158 convi-

1866 4203 1956 4257 vio
1984 4209 2227 4255 nostram
2250 4199 2448 4268 excipit
2476 4196 2712 4250 animam
2741 4214 2756 4248 :
2786 4193 2936 4248 Meus
2964 4204 3040 4248 est
3063 4195 3230 4260 cibus,
3263 4204 3321 4247 ut
3351 4194 3440 4263 fa-

1868 4294 2006 4345 ciam
2041 4292 2360 4345 voluntatem
2391 4289 2569 4342 Patris
2594 4288 2747 4341 mei".
2781 4286 2877 4340 Est
2898 4294 3078 4340 autem
3116 4286 3440 4342 manifestus

1869 4402 2071 4453 scopus
2113 4385 2311 4439 divinae
2363 4380 2822 4457 voluntatis,'qzti
2847 4381 2954 4433 vult
2984 4395 3157 4433 omnes
3204 4377 3441 4433 homines

1869 4477 2042 4531 salvos
2074 4477 2211 4545 ﬁeri,
2246 4485 2295 4529 et
2321 4476 2492 4529 venire
2522 4472 2589 4525 ad
2616 4472 2937 4541 agnitionem
2966 4469 3201 4524 veritatis
3222 4469 3287 4521 ¹⁰.
3339 4465 3440 4522 Hic

1868 4576 1953 4623 est
1980 4583 2111 4637 ergo
2141 4569 2188 4621 ei
2226 4574 2448 4635 paratus
2472 4566 2713 4623 cibus,ut
2747 4580 2848 4617 nos
2878 4562 3013 4617 salvi
3067 4561 3257 4616 simus.
3288 4558 3425 4614 Fru-

1869 4668 1996 4714 ctus
2028 4665 2206 4711 autem
2228 4666 2417 4709 noster
2438 4666 2522 4710 est
2548 4654 2925 4708 luberiarbitrii
2952 4653 3166 4713 electio.
3188 4650 3319 4718 Deo,
3342 4650 3438 4721 qui

1868 4767 1968 4805 nos
1994 4751 2147 4803 metit
2181 4763 2243 4803 ac
2270 4746 2532 4815 decerpit,
2566 4753 2823 4815 tanquam
2853 4760 2949 4814 per
3000 4743 3290 4813 quemdam
3340 4756 3434 4795 ra-

1868 4859 2016 4896 mum
2044 4841 2265 4895 tradens
2294 4840 2555 4892 animam.
2574 4835 2676 4891 Per
2706 4838 2819 4891 lucc
2848 4844 3027 4890 autem
3046 4834 3335 4888 videndum
3353 4841 3439 4889 est

1868 4933 2013 5003 quod
2037 4947 2236 5002 sponsa
2276 4932 2427 5001 prius
2457 4930 2686 4985 aﬂicitur
2714 4930 2999 4984 dulcedine
3032 4927 3243 4981 iructus
3268 4926 3433 4996 pomi,

1869 5034 1928 5079 ut
1955 5041 2076 5094 qua:
2107 5024 2348 5078 dixerit:
2387 5022 2453 5076 Et
2483 5025 2687 5091 fructus
2720 5023 2833 5090 ejus
2890 5021 3060 5074 dulcis
3116 5022 3169 5073 in
3228 5028 3438 5089 gutture

1867 5132 1999 5181 meo,
2028 5124 2082 5168 et
2111 5124 2237 5168 tunc
2283 5115 2398 5183 ipsa
2447 5130 2662 5183 quoque
2711 5113 2923 5166 fructus
2962 5120 3047 5165 est
3095 5110 3339 5180 pulcher,
3379 5116 3434 5163 ct

1866 5206 2153 5259 dulcedine
2181 5204 2436 5267 aﬂiciens,
2460 5218 2513 5260 et
2538 5206 2787 5274 agricola:
2820 5203 3130 5273 propositus
3176 5199 3242 5252 ad
3295 5200 3433 5253 laeti-

1864 5299 2017 5353 tiam.
2086 5297 2220 5351 Illud
2274 5307 2452 5351 autem
2501 5298 2841 5361 vocabulum,
2902 5291 3218 5355 Descendat,
3272 5291 3436 5345 habet

1869 5389 2089 5459 optandi
2123 5389 2594 5460 signiﬁcationem,
2631 5403 2695 5442 eo
2727 5387 2888 5440 modo
2913 5384 3182 5453 prolatum
3209 5395 3317 5451 quo
3369 5380 3438 5434 il-

1868 5482 1959 5536 lud
1978 5500 1991 5537 :
2008 5482 2376 5548 Sanctiﬁcetur
2394 5496 2577 5535 nomen
2601 5490 2777 5541 tuum;
2806 5483 2857 5529 et
2880 5476 2974 5542 ﬁat
2996 5472 3233 5526 voluntas
3261 5467 3431 5523 tua“.

1867 5574 2152 5641 Quomodo
2179 5574 2323 5628 enim
2352 5574 2461 5628 illic
2487 5569 2709 5641 cptandi
2756 5564 3207 5635 signiﬁcationem
3258 5560 3436 5617 conti-

1867 5672 1960 5719 net
1988 5664 2205 5718 illorum
2234 5664 2520 5719 verborum
2558 5660 2750 5731 ﬁgura,
2804 5657 2877 5711 ita
2913 5656 3001 5712 hic
3029 5670 3245 5728 quoque
3276 5650 3432 5721 illud,

1405 5835 1645 5892 “lTim.
1685 5854 1743 5905 η,
1770 5838 1822 5895 4.
1889 5840 1927 5872 ”
1962 5839 2152 5895 Matth.
2188 5856 2264 5906 vi,
2298 5838 2385 5893 ll.
