3932 6516
489 421 594 479 987

1722 419 1780 474 S.
1811 416 2139 474 GREGORII
2175 417 2471 476 NYSSENI
3639 416 3723 476 988

490 535 808 602 Descendat,
873 544 958 592 cst
1019 546 1204 592 votum
1272 551 1507 607 sponsae,
1565 535 1673 593 Deo
1722 538 2060 592 ostendentis

2190 534 2304 607 ηὔξω
2332 538 2426 589 καὶ
2453 535 2685 590 ἐνταῦθα
2714 533 2776 588 τὸ
2815 531 3174 599 Καταϐήτω,
3224 531 3364 603 εὐχὴ
3400 532 3506 603 τῆς
3533 528 3725 605 νύμφης

494 628 794 680 ubertatem
819 640 1100 695 pomorum
1132 626 1374 681 virtutis.
1411 626 1718 682 Descensus
1765 637 1946 684 autem
1985 630 2065 685 si-

491 718 716 788 gniﬁcat
743 733 882 787 opus
909 717 1262 788 benignitatis
1290 725 1345 773 et
1372 719 1655 774 charitatis
1682 721 1736 774 iu
1790 719 2060 775 homines.

492 812 763 878 Quoniam
795 811 939 867 enim
964 812 1079 867 fieri
1100 829 1210 867 non
1241 820 1440 883 potest,
1462 820 1524 867 ut
1544 814 1700 868 aliter
1721 829 2066 868 assumamur

494 905 562 960 ad
593 905 960 968 Altissimum.
989 906 1096 961 nisi
1149 908 1441 962 inclinetur
1486 907 1552 962 ad
1613 907 1969 963 humilitatem
2003 924 2067 963 ac

495 998 926 1068 depressionem,
977 999 1067 1068 qui
1123 1007 1435 1054 mansuetos
1495 999 1726 1064 assumit
1776 999 2065 1065 Dominus,

494 1099 783 1160 propterea
811 1091 865 1145 in
895 1091 1128 1146 sublime
1159 1090 1464 1146 ascendens
1509 1106 1734 1161 sponsa,
1792 1092 2067 1148 advocaus

495 1183 878 1240 deductionem
915 1183 1217 1239 faciendam
1247 1183 1315 1238 ab
1348 1199 1415 1239 eo
1446 1183 1538 1253 qui
1567 1184 1885 1251 inclinatur,
1917 1195 2069 1254 optat

496 1281 556 1331 ut
578 1275 694 1346 ipse
717 1275 1014 1331 descendat
1042 1290 1070 1328 a
1104 1291 1202 1330 sua
1233 1275 1625 1346 magnitudine,
1658 1287 1715 1330 ut
1740 1293 1863 1332 eum
1919 1293 2070 1332 asse-

495 1366 591 1436 qui
637 1367 848 1436 possint
869 1367 962 1436 qui
990 1366 1220 1422 inferius
1245 1375 1553 1421 versantur.
1587 1367 1688 1434 Qui
1716 1380 1895 1422 autem
1931 1370 2065 1423 dixit

497 1471 596 1533 per
639 1458 996 1528 prophetam:
1046 1460 1117 1514 Te
1146 1459 1320 1512 adhuc
1347 1459 1458 1513 illic
1492 1460 1753 1525 loquente,
1804 1478 1919 1516 ecce
1968 1463 2070 1515 ad-

498 1549 678 1602 sum"
707 1566 719 1601 :
752 1551 1069 1620 priusquam
1100 1552 1273 1606 exiret
1300 1561 1485 1606 votum
1511 1568 1745 1624 sponsae,
1775 1553 1981 1608 audivit
2006 1569 2070 1609 ea

497 1655 620 1708 qua:
652 1648 736 1694 est
761 1652 1002 1710 precata,
1032 1649 1086 1696 et
1120 1644 1574 1712 praeparationem
1623 1647 1805 1702 cordis
1835 1649 1954 1712 ejus
1983 1657 2069 1700 at-

498 1731 692 1795 tendit,
723 1731 848 1785 etin
881 1732 1041 1786 horto
1073 1731 1176 1786 fuit
1205 1733 1432 1803 perflato
1459 1737 1528 1791 ab
1554 1749 1764 1804 austro,
1785 1749 1838 1794 et
1861 1739 2072 1795 fructus

500 1831 802 1876 aromatum
830 1823 1119 1893 decerpsit,
1152 1833 1206 1880 et
1240 1827 1495 1896 impletus
1541 1829 1640 1883 fuit
1685 1832 1860 1900 pomis
1893 1833 2069 1887 virtu-

499 1912 593 1977 tis,
622 1919 674 1967 et
696 1913 1062 1969 narrationem
1092 1917 1356 1973 instruxit
1379 1921 1710 1985 convivium,
1746 1939 1962 1992 sponsae
1988 1926 2068 1980 sic

500 2003 724 2064 dicens:
765 2003 1016 2062 Descendi
1052 2008 1106 2061 in
1135 2009 1345 2062 hortum
1381 2027 1572 2078 meum,
1600 2030 1751 2068 soror
1778 2032 1892 2070 mea
1918 2033 2072 2085 spon-

499 2112 582 2148 sa.
613 2093 812 2150 Μειδυὶ
849 2097 1119 2167 myrrham
1159 2115 1328 2152 meum
1379 2117 1496 2154 cum
1536 2104 1866 2160 aromatibus
1923 2109 2070 2163 meis.

501 2185 720 2240 ϐοτηεάί
749 2204 937 2258 panem
982 2206 1155 2244 meum
1192 2207 1309 2244 cum
1343 2192 1493 2247 melle
1548 2210 1681 2249 meo.
1717 2194 1839 2248 Bibi
1903 2198 2074 2251 vinum

502 2292 676 2330 meum
699 2294 816 2331 cum
851 2278 986 2333 lacte
1017 2296 1152 2334 meo.
1185 2276 1475 2349 Comedite,
1505 2286 1788 2356 propinqui
1845 2289 1964 2354 mei,
2026 2297 2077 2343 et

509 2367 684 2435 bibite,
717 2378 767 2423 et
799 2369 1160 2438 inebriamini,
1193 2371 1390 2442 fratres
1426 2376 1548 2429 mei.

575 2625 742 2686 Vides
766 2631 1223 2701 quemadmodum
1245 2635 1374 2692 doni
1392 2640 1766 2709 magnitudine
1785 2655 2081 2715 exsuperat

503 2720 865 2789 petitionem?
897 2721 1118 2794 Optavit
1164 2742 1369 2797 sponsa
1427 2729 1544 2785 ﬁeri
1592 2732 1697 2788 sibi
1737 2731 1915 2790 fontes
1954 2751 2082 2789 aro-

508 2815 739 2876 rnatum,
789 2826 918 2866 suas
951 2813 1007 2867 in
1057 2814 1214 2870 horto
1245 2817 1462 2886 plantas
1494 2820 1710 2888 perflari
1765 2831 1955 2878 austro
1986 2825 2081 2894 qui

506 2895 603 2951 flat
631 2912 662 2950 a
701 2899 949 2965 meridie,
986 2909 1042 2958 et
1074 2902 1252 2959 fructu
1288 2921 1574 2976 pomorum
1607 2910 1902 2980 agricolam
1935 2914 2085 2968 exci-

509 3006 660 3062 pere.
690 2991 806 3049 Hoc
830 3003 1012 3052 autem
1042 2998 1218 3055 cuivis
1266 3009 1350 3055 est
1381 3003 1752 3072 perspicuum,
1787 3008 1931 3076 quod
1968 3025 2085 3064 om-

509 3086 600 3141 nis
630 3086 805 3143 bonus
843 3087 978 3144 odor
1005 3095 1091 3144 est
1116 3091 1369 3162 voluptas
1400 3109 1596 3150 sensus
1626 3095 1883 3153 olfactus.
1917 3097 2085 3154 Poma

512 3186 693 3234 autem
723 3187 852 3235 sunt
875 3181 944 3236 ad
977 3197 1131 3237 esum
1160 3184 1534 3242 imbecillioris
1569 3188 1787 3245 virtutis
1819 3206 1980 3262 quam
2014 3193 2086 3248 sit
2112 3241 2156 3298 Ο

512 3272 669 3298 ειη-ιὲιι
734 3273 876 3298 ι-..ιιλ
919 3275 1110 3298 λιιι--.
1149 3277 1213 3298 Α..
1246 3277 1441 3298 1.Α--..-
1501 3294 1617 3298 --.γη
1664 3297 1671 3298 ,
1805 3283 1816 3294 ο
1900 3285 1912 3298 ι
2001 3293 2011 3298 -

511 3272 691 3342 panis,
732 3273 877 3342 quod
918 3275 1113 3330 attinet
1148 3277 1216 3330 ad
1244 3277 1446 3332 bonam
1491 3294 1679 3336 eorum
1725 3283 1818 3352 qui
1864 3285 2087 3342 aluntur

513 3362 912 3420 habitudinem.
936 3364 1028 3421 Ille
1043 3381 1171 3422 vero
1200 3385 1326 3424 cum
1352 3371 1405 3425 in
1428 3387 1588 3427 suum
1613 3374 1830 3429 hortum
1860 3376 2090 3433 descen-

514 3453 707 3518 disset,
740 3463 795 3510 et
838 3457 894 3511 in
947 3457 1002 3512 id
1032 3461 1178 3529 quod
1215 3469 1301 3516 est
1351 3463 1529 3534 majus
1563 3474 1618 3521 et
1646 3468 1939 3536 pretiosius
1969 3469 2088 3524 fru-

516 3552 703 3599 ctuum
733 3555 998 3604 mutasset
1021 3559 1296 3618 naturam,
1327 3553 1572 3625 decerpit
1600 3559 1819 3627 quidem
1841 3575 1908 3614 ex
1929 3560 2091 3616 horto

517 3636 797 3706 myrrham
843 3639 1115 3696 inventam
1157 3657 1282 3698 cum
1313 3645 1432 3701 suis
1459 3649 1817 3707 aromatibus.
1849 3653 1931 3709 Ab
1971 3655 2093 3724 ipso

518 3727 666 3781 enim
691 3730 893 3787 esse.si
945 3733 1075 3803 quid
1118 3735 1190 3790 sit
1235 3736 1526 3806 pulchrum
1563 3754 1626 3794 ac
1661 3740 1974 3811 honestum,
2037 3747 2094 3802 in

518 3835 851 3894 quocunque
883 3823 1048 3880 fuerit
1082 3825 1383 3893 inventum,
1416 3844 1596 3886 sermo
1626 3833 1936 3901 praedicavit
1967 3853 2094 3908 pro-

520 3913 792 3984 pheticus.
819 3913 926 3971 Pro
957 3919 1135 3988 pomis
1155 3928 1335 3976 autem
1365 3920 1528 3976 eflicit
1556 3931 1613 3978 ut
1651 3926 1875 3983 arbores
1903 3944 2093 3998 panem

521 4004 702 4061 ferant
738 4008 960 4065 mistum
1008 4024 1133 4065 cum
1183 4013 1341 4069 melle
1384 4029 1506 4070 suo.
1562 4017 1628 4070 Et
1665 4018 1744 4073 sic
1794 4021 2098 4090 explicetur

524 4100 907 4170 propheticum
945 4103 1102 4166 illud,
1151 4105 1298 4174 quod
1333 4105 1450 4174 ejus
1487 4109 1613 4172 mel,
1640 4117 1694 4165 et
1731 4120 1927 4167 cmtera
1979 4115 2100 4184 pul-

524 4191 659 4245 chra
691 4208 754 4246 ac
785 4193 947 4258 bona,
992 4204 1046 4249 et
1079 4196 1266 4252 vinum
1302 4197 1370 4252 ab
1405 4199 1525 4270 ipso
1569 4201 1825 4257 hauritur
1856 4214 2102 4261 contem-

526 4293 775 4358 peratum
806 4285 948 4340 lacte
989 4286 1131 4356 ejus.
1188 4287 1274 4341 Ex
1312 4291 1424 4358 ipso
1472 4292 1632 4357 enim,
1692 4302 1742 4346 et
1781 4309 1874 4362 per
1907 4295 2099 4363 ipsum,

525 4387 579 4434 et
630 4380 684 4433 in
728 4381 843 4450 ipso
895 4391 1018 4434 sunt
1065 4383 1246 4437 omnia
1271 4383 1335 4436 ".
1391 4382 1436 4438 Ο
1480 4385 1668 4441 beatos
1716 4386 1839 4442 illos
1891 4389 2101 4454 hortos,

527 4484 760 4543 quorum
806 4471 1022 4540 plantas
1065 4473 1203 4528 tales
1254 4473 1469 4529 fructus
1508 4475 1812 4545 producere
1847 4488 2104 4535 testatum

2163 621 2309 678 ὲᾶτὶν
2352 624 2794 696 ἐπιδεικνυμένης
2817 623 2895 695 τῷ
2929 622 3052 694 Θεῴ
3073 622 3182 680 τῶν
3219 621 3319 692 τῆς
3351 622 3564 693 ἀρετῆς
3583 622 3726 693 ἀκρο-

2163 716 2340 788 δρύων
2364 716 2463 790 τὴν
2491 717 2770 788 εὐφορίαν.
2805 715 2870 770 Ἦ
2912 715 2971 769 δὲ
2999 715 3300 779 κατάϐασις
3331 714 3401 769 τὸ
3440 714 3542 785 τῆς
3569 714 3726 782 φιλαν-

2165 810 2409 883 θρωπίας
2449 811 2606 882 ἔργον
2651 809 3016 881 διασημαίνει.
3055 808 3273 878 Ἐπειδὴ
3305 807 3428 879 γὰρ
3461 807 3564 861 οὐκ
3607 808 3728 872 ἐστιν

2165 905 2339 964 ἄλλως
2368 905 2744 975 ἀναληφθῆναι
2777 904 2913 975 πρὸς
2956 904 3048 957 τὸν
3079 895 3366 966 Ὕψιστον,
3419 902 3472 954 εί
3509 899 3583 972 μὴ
3615 903 3732 973 πρὸς

2166 998 2226 1047 τὸ
2285 995 2700 1068 χθαμαλώτερον
2753 993 3053 1065 ἐπικλιθείη
3095 995 3125 1047 ὁ
3174 991 3583 1063 ἀναλαμϐάνων
3627 995 3730 1057 τοὺς

2169 1090 2365 1158 πραεῖς
2393 1088 2596 1158 Κύριος
2623 1129 2636 1152 ,
2671 1087 2759 1141 διὰ
2802 1085 2962 1140 τοῦτο
3010 1088 3044 1157 ἡ
3096 1085 3320 1139 ἀνιοῦσα
3358 1083 3504 1156 πρὸς
3534 1083 3601 1137 τά
3638 1083 3734 1138 ἀνω

2167 1180 2311 1251 ψυχὴ
2335 1221 2351 1243 ,
2412 1179 2508 1252 τὴν
2576 1179 2727 1252 παρά
2775 1179 2868 1233 τοῦ
2924 1178 3320 1249 ὑπερκειμένου
3380 1178 3732 1246 χειραγωγίαν

2171 1270 2616 1342 προσκαλουμένη
2639 1311 2654 1334 ,
2683 1269 3094 1340 ὁποκαταϐἦναι
3136 1267 3298 1322 αὐτὸν
3329 1265 3436 1320 τοῦ
3492 1265 3618 1319 ἰδίου
3660 1283 3733 1336 με-

2171 1361 2362 1431 γέθους
2390 1361 2637 1434 εὔχεται,
2687 1363 2775 1417 ἴνα
2803 1365 2917 1427 τοῖς
2955 1362 3108 1415 κάτω
3149 1359 3374 1429 ὲφικτὺς
3407 1358 3652 1427 γένηται.
3685 1359 3733 1411 '0

2170 1457 2226 1511 δὲ
2269 1457 2436 1511 εἰπὼν
2482 1458 2570 1510 διὰ
2614 1456 2708 1511 τοῦ
2762 1459 3075 1528 προφήτουο
3115 1456 3198 1508 ὅτι
3250 1454 3385 1507 Ἔτι
3416 1452 3734 1518 λαλοῦντός

2172 1565 2288 1602 σου
2313 1548 2440 1603 ἐκεῖ
2462 1590 2475 1613 ,
2506 1549 2634 1603 ἱεοὺ
2683 1546 2919 1618 πάρειμι
2939 1563 2953 1575 ⁸
2997 1547 3125 1617 πρὶν
3155 1543 3474 1609 ἐπεξελθεῖν
3527 1546 3594 1614 τῇ
3624 1544 3733 1614 εὐχῇ

2172 1645 2238 1713 τῇ
2268 1641 2474 1712 νύμφῃ,
2505 1642 2598 1694 καὶ
2622 1641 2850 1711 ἤκουσεν
2886 1632 2961 1692 ὧν
2989 1637 3204 1708 ἐδεήθη.
3231 1636 3326 1690 καὶ
3353 1637 3430 1706 τῇ
3471 1635 3736 1705 ἑτοιμασίᾳ

2171 1735 2272 1805 τῆς
2297 1734 2521 1805 καρδίας
2551 1734 2720 1804 αὐτῆς
2767 1733 3034 1804 προσέσχε
3059 1771 3074 1794 ,
3106 1725 3199 1784 καὶ
3226 1732 3284 1783 ὲν
3312 1727 3399 1798 τῷ
3443 1729 3606 1798 κήπῳ
3634 1728 3736 1795 ἐγέ-

2177 1842 2297 1878 νετο
2322 1823 2398 1895 τῷ
2418 1822 2819 1878 διαπνευσθὲντι
2849 1823 2954 1876 ὑπὸ
2985 1821 3079 1878 τοῦ
3107 1821 3281 1875 Νότου
3305 1862 3320 1885 ,
3350 1819 3453 1872 καὶ
3477 1819 3604 1881 τοὺς
3629 1834 3738 1887 mp-

2182 1919 2316 1982 ποὺς
2341 1916 2450 1970 τῶν
2479 1915 2785 1987 ἀρωμάτων
2813 1915 3073 1986 ὲδρέψατο
3091 1953 3106 1975 ,
3150 1912 3245 1965 καὶ
3278 1911 3390 1964 τῶν
3408 1905 3416 1910 ⁷
3435 1910 3538 1978 τῆς
3567 1908 3738 1978 ἀρετῆς

2181 2010 2496 2083 ἀκροδρύων
2525 2007 2823 2080 ὲνεφορήθη
2847 2048 2861 2072 ,
2897 2008 2990 2063 καὶ
3013 2007 3258 2077 διήγημα
3286 2004 3388 2075 τὴν
3417 2001 3648 2072 εὐωχίαν
3669 2016 3741 2053 πε·

2180 2104 2400 2174 ποίηται
2423 2147 2436 2168 ,
2489 2101 2661 2168 λέγων
2690 2100 2888 2154 οὑτωσὶ
2917 2097 3052 2169 πρὸς
3079 2096 3177 2167 τὴν
3202 2096 3427 2166 νύμφην
3450 2111 3466 2126 ·
3500 2093 3739 2158 Κατέὄηγ

2181 2198 2269 2262 εἱς
2294 2193 2510 2263 κῆπον,
2537 2189 2770 2260 ἀδελφή
2796 2207 2916 2260 μου
2946 2189 3171 2258 νύμφη.
3219 2187 3567 2255 Ἐτρύτησα
3588 2183 3742 2252 07mp-

2181 2303 2299 2341 ναν
2314 2303 2434 2356 μου
2457 2282 2607 2354 μετά
2629 2280 2956 2350 ἀρωμάτων»
2972 2295 3112 2347 μου.
3147 2277 3423 2346 Ἕφιιῃον
3454 2275 3632 2342 ἄρτον
3647 2289 3738 2339 μου

2178 2383 2329 2449 μετὰ
2362 2375 2600 2446 μέλιτός
2633 2390 2775 2441 μου.
2827 2373 3041 2424 Ἔπιον
3084 2365 3252 2422 οἶνόν
3295 2383 3422 2436 μου
3465 2365 3615 2434 μετὰ
3657 2360 3739 2430 γάρ

2184 2473 2409 2537 laudi;
2428 2485 2568 2539 μου.
2597 2465 2837 2535 mirata,
2880 2466 2934 2516 ot
2969 2461 3236 2528 πλησίον
3265 2457 3413 2530 μοῦ,
3453 2455 3554 2510 καὶ
3582 2454 3737 2512 ,πίε-τε,

2187 2567 2284 2620 καὶ
2303 2565 2662 2634 μεθύσθητε,
2695 2555 2947 2625 ἀδελφοί
2985 2571 3124 2623 μου.

2269 2658 2432 2728 ὐρᾷς
2461 2653 2578 2716 πῶς
2613 2647 2939 2720 ὑπερϐάλλει
2971 2648 3038 2716 τῇ
3065 2641 3454 2715 μεγαλοδωρεᾷ
3481 2640 3579 2712 τὴν
3606 2638 3737 2728 αἴτη-

2190 2766 2302 2814 σιν;
2339 2727 2679 2818 Ἃρωμάτων
2719 2737 2909 2805 εὔξατο
2953 2733 3208 2805 γενέσθαι
3254 2730 3444 2803 πηγὰς
3487 2731 3520 2799 ἡ
3561 2727 3738 2796 νύμφη.

2187 2843 2258 2898 τὰ
2283 2817 2481 2908 ἑαυτῆς
2504 2837 2562 2888 ὲν
2586 2833 2665 2903 τῷ
2713 2832 2876 2902 κήπῳ
2921 2829 3066 2897 φυτά
3119 2821 3557 2879 διαπνευσθέντα
3595 2817 3666 2889 τῷ
3690 2819 3739 2870 ἐκ

2195 2931 2542 3008 μεσημϐρίας
2593 2925 2900 2979 ὲπιπνὲοντι
2949 2921 3126 2991 Νότῳ,
3177 2918 3272 2972 καὶ
3310 2915 3393 2986 τῷ
3443 2911 3634 2984 καρπῷ
3657 2910 3739 2962 τῶν

2191 3005 2506 3101 ἀκροδρύων
2530 3023 2623 3076 τὸν
2651 3017 2893 3090 γεωργὸν
2924 3013 3304 3080 δεξιώσασθαι.
3328 3009 3505 3101 Τοῦτο
3534 3006 3588 3101 δε
3609 3005 3739 3101 παντὶ

2191 3095 2374 3194 δῆλον,
2399 3119 2479 3171 ὅτι
2509 3114 2659 3167 πᾶσα
2680 3109 2924 3168 εύπνοια,
2944 3106 3044 3176 τῆς
3069 3100 3446 3196 ὀσφραντικῌῆς
3472 3095 3739 3196 elabi-esui;

2193 3185 2355 3294 ἡδονὴ
2381 3209 2610 3280 γίνεται.
2637 3203 2720 3294 ἀ
2735 3201 2806 3294 *δὲ
2845 3197 3120 3294 ἀκρόδρυα
3166 3195 3264 3294 της
3289 3191 3389 3293 τοῦ
3416 3191 3579 3260 ἄρτου
3609 3185 3739 3294 δνναί

2191 3274 2504 3383 μεως·)έατὰ
2523 3296 2623 3365 τὴν
2657 3290 2858 3362 βρῶσιν
2889 3288 2966 3351 ὡς
3002 3284 3269 3383 πρδςὲτὴν
3293 3274 3739 3383 τῶνρτρεφομένων

2188 3365 2398 3466 εὐεξίαν
2449 3390 2596 3445 ἐστὶν
2638 3381 2990 3452 ἀτονώτερον.
3050 3380 3109 3431 '0
3142 3377 3201 3430 δὲ
3256 3373 3504 3434 καταϐὰς
3544 3368 3629 3466 ἐπὶ
3672 3365 3741 3417 τὸν

2191 3460 2386 3547 ἑαυτοῦ
2422 3486 2621 3554 κῆπον,
2655 3477 2752 3532 καὶ
2770 3474 2904 3546 πρὸς
2925 3473 2987 3526 τὸ
3029 3469 3212 3542 μεῖζόν
3236 3485 3294 3520 τε
3329 3468 3428 3520 καὶ
3458 3460 3739 3561 τιμιώτερον

2191 3584 2289 3655 τὴν
2314 3577 2422 3633 τῶν
2443 3551 2676 3644 καρπῶν
2722 3564 3041 3639 μεταϐαλὼν
3068 3561 3251 3631 φύσιν,
3297 3559 3556 3630 δρέπεται
3586 3553 3673 3656 μεν
3693 3551 3741 3646 ξκ

2191 3648 2286 3728 τοῦ
2342 3671 2519 3740 κήπου
2549 3662 2794 3735 σμύρναν
2848 3653 3024 3727 εὑρὼν
3071 3651 3209 3724 μετά
3254 3648 3562 3742 ἀρωμάτων
3588 3648 3739 3742 αὑτρν.

2193 3763 2332 3836 Παρ⁹
2367 3728 2533 3816 αύτοῦ
2559 3728 2676 3824 γὰρ⁷
2708 3746 2846 3804 εἶναι
2875 3746 2925 3800 εἰ
2962 3762 3016 3798 τι
3051 3742 3335 3836 καλδνρεν
3371 3733 3528 3836 ᾧπερ
3559 3728 3739 3836 εὑρεθῇ.

2195 3861 2226 3912 δ
2261 3824 2598 3926 προφητικὺς
2617 3845 2827 3915 ὕμνησε
2851 3839 3028 3908 λόγος.
3072 3831 3440 3926 Ἀντὶγδετῶν
3467 3824 3745 3895 ιίικροδρύων⁴

2196 3924 2347 4019 ἄρτιρ
2395 3941 2580 4015 βρύειν
2640 3930 3052 4006 παρασκευάζει
3100 3927 3169 3980 τά
3220 3924 3740 4019 “votam-cuminm-

2202 4001 2451 4113 itly
2473 4032 2611 4105 μετά
2631 4001 2736 4083 τοῦ⁷
2759 4025 2974 4098 μέλιτος
3001 4021 3195 4113 αὐτοῦ.
3220 4017 3330 4113 Καὶ
3359 4014 3532 4113 τούτω
3562 4009 3616 4113 το
3635 4019 3738 4113 apo:

2201 4096 2435 4202 ipqs'txov
2473 4096 2962 4190 'cuvextpwvsicem,
3007 4114 3087 4166 ὅτι
3140 4109 3303 4164 αύτοῦ
3332 4107 3398 4160 τὸ
3427 4104 3563 4176 μέλι,
3671 4096 3743 4148 καὶ

2201 4191 2445 4276 λοιπά
2459 4216 2567 4270 τῶν
2594 4212 2789 4271 ἄλλων,
2811 4207 2907 4261 καὶ
2929 4205 3022 4258 τὸν
3041 4199 3181 4256 οἶνον
3203 4203 3296 4254 ἀπ’
3321 4196 3503 4252 αὐτῶν
3529 4191 3736 4264 ἀρύεται,

2205 4300 2743 4375 συνανακεκραμένον
2765 4297 2840 4367 τῷ
2859 4295 3087 4365 γάλακτι
3120 4287 3305 4344 αὐτοῦ.
3342 4287 3440 4351 Ἐξ
3464 4279 3636 4339 αὑτοῦ
3656 4277 3742 4383 γὰρ

2204 4402 2303 4456 καὶ
2330 4399 2401 4452 δι’
2427 4394 2613 4451 αὐτοῦ
2642 4390 2741 4445 καὶ
2771 4391 2859 4455 εἰς
2891 4386 3076 4442 αὑτὸν
3092 4383 3166 4436 τὰ
3189 4375 3481 4435 πάντα.Ὦ
3503 4375 3739 4446 μακαρίων

2205 4494 2396 4564 κήπων
2429 4487 2670 4549 ἐκείνων,
2697 4475 2772 4536 ὧν
2799 4480 2869 4533 τά
2889 4476 3031 4548 φυτά
3061 4475 3322 4538 τοιούτοις
3351 4472 3531 4546 βρύειν
3549 4463 3740 4564 καρποῖς

528 4571 632 4625 est,
669 4571 730 4618 ut
765 4561 822 4615 in
847 4577 1010 4617 omne
1039 4578 1212 4633 genus
1242 4563 1585 4630 nutrimenti,
1630 4582 1734 4636 pro
1768 4567 1982 4624 fruendi
2011 4571 2087 4626 de-

2213 4552 2647 4656 μεμαρτύρηται,
2683 4575 2759 4638 ὡς
2787 4571 2924 4644 πρὸς
2945 4570 3089 4624 ἆπαν
3123 4563 3262 4630 εἶδος
3277 4565 3482 4638 τροφῆς
3508 4557 3633 4656 κατὰ

532 4655 734 4710 siderio
773 4663 1140 4726 congruenter
1169 4655 1674 4714 transformenturl
1715 4659 1776 4715 Ei
1830 4662 1975 4716 enim
2015 4663 2104 4718 cui

533 4749 711 4802 bonus
731 4744 867 4801 odor
883 4755 1012 4802 sunt
1035 4747 1266 4812 deliciae,
1295 4747 1355 4801 tit
1375 4747 1616 4818 myrrha,
1644 4765 1741 4820 per
1761 4758 2106 4808 terrenorum

533 4839 905 4893 membrorum
923 4838 1395 4920 mortificationem
1419 4853 1611 4910 puram
1631 4849 1686 4895 et
1716 4839 1854 4896 bene
1871 4841 2108 4898 olentem

534 4941 794 5002 tanquam
842 4940 1180 5002 unguentum
1225 4947 1540 5003 excoquens
1612 4933 1800 4998 vitam,
1866 4942 2112 4990 contem-

535 5031 782 5093 peratam
814 5038 880 5077 ex
911 5023 1081 5078 variis
1119 5031 1175 5078 et
1221 5022 1456 5080 diversis
1501 5025 1721 5081 virtutis
1751 5027 2106 5082 aromatibus.

535 5113 599 5168 Ei
637 5125 818 5170 autem
848 5113 943 5185 qui
977 5117 1173 5186 quaerit
1227 5117 1626 5172 nutrimentum
1681 5117 1998 5190 perfectius,
2052 5120 2112 5173 [it

537 5208 714 5277 panis,
770 5207 865 5277 qui
914 5221 1023 5262 non
1079 5206 1316 5279 amplius
1349 5207 1657 5263 comeditur
1705 5225 1832 5264 cum
1882 5209 2114 5265 lactucis

539 5300 866 5370 agrestibus,
921 5308 981 5354 ut
1015 5301 1102 5356 lex
1129 5300 1288 5372 jubet
1311 5299 1384 5355 ιιι
1441 5299 1497 5355 in
1529 5302 1783 5371 przesenti
1831 5302 1975 5356 enim
2031 5308 2116 5356 est

541 5393 849 5449 amaritudo
878 5392 1251 5450 lactiicaazsed
1276 5395 1564 5464 opsonium
1597 5394 1701 5448 sibi
1741 5394 1842 5464 ipsi
1878 5395 1984 5449 mel
2005 5392 2118 5449 clli-

541 5486 740 5550 cietur,
777 5485 998 5557 quando
1028 5501 1129 5542 suo
1152 5491 1398 5555 tempore
1426 5484 1638 5540 fructus
1668 5483 1889 5539 virtutis
1918 5500 2115 5541 sensus

541 5581 739 5636 anima:
767 5577 970 5634 afﬁciet
1015 5579 1322 5646 dulcedine,
1374 5577 1534 5647 cujus
1578 5576 1659 5631 rei
1694 5582 1903 5631 certum
1955 5591 2117 5647 argu-

547 5683 790 5730 mentum
829 5679 913 5729 est
939 5673 1099 5741 panis
1129 5672 1222 5743 qui
1261 5679 1388 5744 post
1413 5666 1874 5726 resurrectionem
1901 5666 2116 5724 Domini

631 5851 677 5886 “
716 5850 840 5908 lsai.
894 5865 1047 5917 tvm,
1081 5851 1131 5907 9.

2205 4642 2497 4742 ἑπὶθυξιιαίι
2507 4642 2604 4739 τῆς
2619 4642 2966 4725 ἀπολαύσεως
2978 4659 3251 4732 ἁρμοδίως
3266 4642 3739 4746 μεταποιεῖσθαιῑῑιξ

2209 4761 2308 4830 μὲν
2323 4731 2430 4830 γάρ
2449 4755 2536 4809 διὰ
2555 4731 2654 4825 τῆς
2669 4751 2897 4814 εύωδίας
2910 4731 3184 4818 τρυφῶντι
3206 4745 3315 4816 σμύ
3324 4762 3422 4852 ρνα
3441 4742 3648 4852 γίνεται.

2207 4828 2309 4920 τῆς
2337 4828 2442 4902 τών
2474 4844 2732 4913 ἐπιγείων
2759 4841 2939 4914 μελῶν
2956 4840 3300 4910 νεκρότητος,
3325 4836 3422 4889 τὸν
3434 4828 3739 4920 καθαρὸν-καὶ

2209 4917 2384 5010 εὐώδη
2415 4958 2485 5010 μυ
2495 4935 2670 5010 ρεψῶν
2694 4935 2828 5006 βίον,
2851 4933 2943 4987 τὸν
2972 4933 3036 4986 ὲκ
3050 4930 3310 4986 ποικίλων
3334 4945 3394 4982 τε
3415 4927 3504 4980 καὶ
3517 4917 3738 5010 διαφᾴριγν

2211 5031 2318 5084 τῶν
2448 5005 2649 5096 ἀρετῆς
2662 5005 2968 5095 ἀρωμάτων
2983 5038 3150 5091 συγκε
3159 5019 3319 5093 ραννύ
3328 5035 3502 5090 μενον.
3516 5011 3596 5082 Τῷ
3606 5009 3653 5062 δὲ
3663 5005 3736 5113 “illi

2213 5122 2549 5190 τελειοτέραν
2574 5115 2923 5188 ὲπιζητοῦντι
2959 5113 3186 5187 τροφὴν.
3214 5113 3378 5182 ἄρτος
3405 5110 3614 5180 γίνεται,
3642 5110 3736 5150 oux-

2216 5214 2297 5267 ἑτι
2317 5212 2409 5266 ἐπὶ
2434 5209 2694 5281 πικρίδων
2712 5207 3045 5278 ὲσθιόμενος,
3063 5205 3140 5268 ὼς
3159 5204 3189 5256 ὁ
3213 5203 3376 5275 νόμος
3402 5191 3732 5282 διακελεύετας

2217 5303 2355 5375 πρὸς
2377 5300 2486 5371 γὰρ
2518 5300 2580 5353 τὸ
2606 5299 2778 5370 παρόν
2803 5299 2950 5350 ἐστιν
2981 5299 3015 5366 ἡ
3057 5293 3247 5366 πικρίς
3269 5310 3282 5323 ·
3326 5292 3438 5346 ἀλλ’
3459 5289 3576 5358 ὄψον
3599 5283 3736 5375 ὲαυξφ

2219 5363 2280 5450 τδ
2311 5363 2432 5466 μέλι
2455 5363 2800 5462 ποιούμενος,
2831 5393 2960 5445 ὅταν
2993 5363 3052 5442 εν
3075 5363 3303 5458 τῷ-ίδίῳ
3324 5379 3496 5455 καιρῷ
3521 5379 3547 5430 ὁ
3569 5363 3734 5466 καιρπδ(

2221 5462 2322 5556 τῆς
2350 5483 2552 5556 ἀρετῆς
2592 5479 3001 5553 καταγλυκαίνῃ
3029 5478 3098 5533 τά
3114 5478 3213 5549 τῆς
3251 5475 3426 5547 ψυχῆς
3445 5462 3732 5532 αἰσθητήρια,

2221 5571 2284 5632 οὗ
2321 5573 2589 5639 ἀπόδειξις
2615 5573 2644 5625 ὁ
2679 5572 2816 5644 μετά
2852 5571 2950 5643 τὴν
2977 5571 3270 5625 ἀνάστασιν
3292 5564 3385 5620 τοῦ
3414 5557 3597 5630 Κυρίου
3611 5558 3732 5646 ,παί-

2436 5626 2852 5738 ’μαθηταῖς
2892 5626 3054 5732 άρτος
3097 5659 3235 5720 ἐστὶ,
3263 5654 3340 5726 τῷ
3370 5626 3535 5724 κηρίῲ
3557 5635 3636 5694 τοῦ
3661 5626 3732 5705 ll“

1226 5851 1268 5883 "
1331 5847 1490 5906 Rom.
1541 5862 1617 5916 xi,
1647 5847 1736 5904 '56.
1817 5847 1861 5881 ³⁸
1891 5844 2066 5903 Exod.
2089 5858 2192 5914 xu,
2220 5843 2274 5906 8.
