3932 6520
128 425 231 487 989

1169 434 1235 490 IN
1261 434 1560 492 CANTICA
1583 432 1855 491 C’AN'HC.
1898 430 2183 489 HOMILM
2222 432 2289 486 Χ.

3271 425 3384 483 990.

125 548 639 619 λιτοςπῆδυνόμενος.
662 552 751 623 Τῷ
771 552 993 623 διψῶντι
1012 554 1068 607 δὲ
1103 555 1313 627 κρατὴρ
1330 557 1536 625 γίνεται
1562 556 1691 627 πλή-

1804 552 2055 623 apparuit
2090 549 2376 620 discipulis
2405 548 2459 603 in
2506 546 2631 602 l‘avo
2663 546 2842 602 mellis
2876 544 3151 602 conditus.
3192 544 3248 599 Ei
3279 561 3379 600 au-

128 660 234 716 ρης
266 644 409 697 οῐνου
444 643 535 696 καὶ
557 644 843 712 γάλακτος,
870 648 928 699 ού
961 646 1197 717 σπογγιά
1224 649 1353 720 χολῇ
1384 666 1442 702 τε
1470 650 1564 703 καὶ
1590 648 1701 714 ὄξει

125 731 432 804 διάϐροχος,
452 733 570 786 οῖαν
603 736 651 786 οξ
681 734 926 788 Ἰουδαῖοι
959 735 1037 807 τῷ
1064 737 1326 809 εὐεργέτῃ
1357 739 1456 810 τὴν
1481 739 1701 809 φιλοτη-

127 826 253 879 σίαν
310 825 702 896 ἐνδεικνύμενοι
746 826 834 881 διὰ
889 826 984 881 τοῦ
1037 828 1283 901 καλάμου
1337 830 1698 902 προτείνουσι.

125 917 357 981 Πάντως
392 917 448 971 δὲ
476 918 575 972 οὐκ
629 919 929 989 ἀγνοοῦμεν
964 920 1032 974 τὰ
1074 923 1184 975 τῶν
1229 924 1532 995 εἰρημένων
1561 923 1702 977 αίνί-

124 1024 342 1078 γματαο
376 1009 493 1074 πῶς
551 1008 765 1082 δένδρον
800 1007 868 1083 ἦν
922 1014 1309 1086 σμυρνηφόρον
1346 1018 1375 1069 6
1414 1015 1644 1086 Παῦλος,
1673 1017 1703 1068 6

125 1098 249 1159 καθ’
279 1099 493 1171 ἡμέραν
549 1081 925 1173 ἀποθνήσκων,
960 1081 1063 1157 *και
1091 1081 1253 1170 αὑτός
1302 1081 1480 1177 ἐαυτῷ
1529 1105 1703 1169 διδοὺς

124 1189 189 1243 τὸ
245 1189 339 1243 τοῦ
389 1190 621 1244 θανάτου
658 1192 959 1264 ἀπόκριμα,
994 1196 1089 1248 καὶ
1125 1195 1215 1250 διὰ
1246 1195 1614 1268 καθαρότητός
1640 1213 1701 1249 τε

124 1281 223 1336 καὶ
252 1280 519 1346 ἀπαθείας
545 1283 927 1354 άρωματίζων,
970 1286 1112 1359 ὀσμὴ
1142 1286 1285 1358 ζωῆς
1315 1290 1426 1350 τοῖς
1453 1287 1701 1357 σωζομέ-

125 1384 241 1432 νοις
268 1370 547 1441 γινόμενος
574 1387 589 1402 ο
612 1371 730 1436 πῶς
762 1372 817 1425 δὲ
843 1378 1105 1429 σιτοποιεῖ
1127 1376 1194 1430 τὰ
1228 1377 1449 1447 ἔμψυχα
1470 1377 1564 1429 τοῦ
1601 1378 1700 1447 κή-

125 1476 232 1512 που
255 1460 398 1529 φυτά
420 1462 499 1532 τῷ
522 1462 755 1536 δεσπότῃ
798 1464 893 1518 τοῦ
934 1468 1132 1538 κήπου,
1155 1468 1230 1532 ὠς
1260 1472 1526 1543 μαρτυρεῖ
1553 1471 1581 1522 6
1608 1469 1700 1521 ἐπὶ

122 1550 220 1603 τοῦ
236 1550 425 1622 θρόνου
453 1554 763 1625 καθήμενος
785 1571 799 1586 ·
836 1557 916 1610 ὅτι
952 1559 1297 1622 Ἐπείνασα,
1326 1560 1423 1613 καὶ
1444 1558 1699 1613 ἐδώκατέ

122 1659 223 1711 μοι
260 1638 491 1713 φαγεῖν.
524 1647 722 1717 Ἀρτος
745 1647 852 1719 γὰρ
880 1649 1216 1721 εὐφροσύνης
1244 1650 1435 1720 ἐστὶνὴ
1458 1648 1696 1715 εύποιϊα,

122 1731 204 1803 τῷ
233 1733 410 1804 μέλιτι
437 1737 535 1807 τῆς
558 1738 774 1808 ἐντολῆς
802 1738 1223 1811 γλυκαινόμενος
1244 1759 1257 1774 ’
1292 1741 1408 1806 πῶς
1439 1742 1494 1795 δὲ
1538 1742 1699 1797 πάλιν

122 1826 355 1895 οἰνοχοεῖ
385 1827 461 1898 τῷ
486 1829 701 1900 νυμφίῳ
722 1832 787 1884 τά
831 1831 1024 1903 εύερνῆ
1049 1833 1142 1887 τοῦ
1169 1836 1345 1905 κήπου
1368 1836 1530 1904 φυτὰ,
1560 1834 1698 1906 πρὸς

1803 655 1908 700 tem
1948 644 2039 714 qui
2081 643 2196 698 sitit
2234 642 2292 697 lit
2324 648 2505 697 crater
2541 639 2656 694 vini
2685 646 2739 694 et
2775 638 2954 700 lactis,
3007 653 3115 691 nou
3146 638 3384 708 spongia

1803 736 1925 792 felle
1953 745 2008 791 et
2036 745 2188 790 aceto
2217 734 2423 790 imbuta
2451 733 2516 795 ",
2549 747 2710 801 quam
2743 729 2954 785 Hebraei
3001 745 3154 784 suam
3190 738 3378 784 osten-

1803 827 1992 882 dentes
2022 824 2447 879 munilicentiam
2494 838 2590 892 per
2619 820 2941 874 arundinem
2976 820 3260 890 porrigunt
3283 819 3375 873 be-

1804 918 2089 975 nefactori.
2122 916 2358 972 Omnino
2394 922 2574 970 autem
2607 928 2716 967 non
2752 913 3067 982 ignoramus
3091 913 3373 982 aenigmata

1801 1024 1989 1065 eorum
2022 1023 2145 1079 qua;
2172 1008 2317 1061 dicta
2356 1014 2525 1061 sunt:
2562 1018 2756 1073 nempe
2793 1003 3248 1074 quemadmodum
3282 1017 3373 1056 ar-

1800 1101 1904 1156 bor
1930 1100 2209 1171 myrrham
2245 1097 2430 1155 ferens
2457 1104 2576 1152 erat
2602 1094 2828 1159 Paulus,
2856 1095 2949 1165 qui
2990 1095 3231 1164 quotidie
3258 1109 3375 1149 mo-

1802 1193 2135 1255 riebatur”,
2181 1198 2236 1247 et
2285 1191 2403 1261 ipse
2444 1189 2547 1245 sibi
2585 1188 2752 1244 dabat
2789 1202 3116 1257 responsum
3158 1186 3379 1250 mortis,

1801 1293 1856 1340 et
1880 1300 1977 1357 per
2003 1284 2291 1355 puritatem
2318 1290 2372 1337 et
2403 1282 2645 1337 divinam
2668 1280 2793 1334 vitae
2816 1280 3216 1334 institutionem
3252 1294 3377 1333 ιιι-οη

1802 1379 2093 1442 matizans,
2155 1376 2318 1431 ﬁebat
2362 1371 2765 1445 quodammodo
2818 1370 2953 1425 odor
2989 1371 3114 1424 vita:
3166 1370 3233 1423 iis
3281 1371 3378 1439 qui

1801 1471 1939 1529 salvi
1972 1470 2111 1525 ﬁunt
2134 1470 2205 1521 ‘7:
2237 1466 2695 1538 quemadmodum
2728 1465 2980 1518 animata:
3008 1463 3153 1517 horti
3179 1464 3376 1533 plantae

1800 1563 2019 1617 domino
2053 1562 2196 1616 horti
2239 1575 2430 1631 panem
2467 1559 2691 1619 faciunt,
2737 1565 2794 1610 ut
2829 1563 3061 1611 testatur
3086 1555 3179 1623 qui
3225 1555 3376 1609 sedet

1799 1654 1856 1708 in
1900 1654 2119 1714 throno,
2149 1653 2337 1707 dicens
2374 1670 2387 1706 :
2442 1649 2674 1711 Esurivi,
2706 1656 2754 1703 et
2780 1646 3002 1702 dedistis
3032 1644 3159 1698 mihi
3185 1643 3253 1697 ad
3285 1660 3376 1697 co-

1800 1744 2109 1802 medendum
2131 1745 2194 1797 “.
2241 1742 2403 1797 Panis
2434 1742 2598 1797 enim
2637 1739 2832 1795 laetitiae
2878 1746 2963 1793 est
2995 1735 3372 1799 beneficentia,

1801 1837 2055 1893 conditus
2106 1837 2263 1892 melle
2318 1834 2611 1906 prmeepti;
2674 1829 3133 1902 quemadmodum
3190 1836 3373 1886 autem

124 1917 220 1981 οὒς
240 1918 400 1972 τοῦτό
426 1938 588 1991 φησιν
608 1936 621 1951 ·
665 1899 746 1976 ότι
782 1899 1094 1994 Ἐδίόνησα,
1130 1899 1570 1981 καὶνὲποτίσατέ
1591 1899 1689 1998 με.

1804 1943 1997 1983 rursus
2036 1942 2240 1997 sponso
2273 1899 2459 1997 potum
2493 1899 2734 1995 prmbent
2766 1921 3020 1976 ﬂorentes
3042 1919 3184 1973 horti
3221 1918 3375 1988 plan-

123 2008 354 2077 γάλακτι
402 2011 495 2064 τὸν
544 2007 686 2067 οἶνον
742 2017 1114 2087 κεράσαντες,
1165 2018 1261 2087 οὐχ
1318 2017 1495 2083 ὕδατι,
1554 2021 1706 2076 κατὰ

121 2100 223 2171 τὴν
253 2101 363 2154 τῶν
411 2102 669 2174 καπήλων
718 2107 1024 2177 συνήθειαν.
1080 2108 1154 2161 Τὸ
1185 2107 1241 2161 δὲ
1270 2108 1410 2175 γάλα
1444 2110 1479 2179 ἡ
1505 2108 1695 2181 πρώτη

122 2195 224 2262 τῆς
245 2191 588 2264 ἀνθρωπίνης
618 2194 833 2265 φύσεώς
858 2198 973 2250 ἐστι
1004 2196 1197 2269 τροφὴ,
1220 2200 1252 2268 ἠ
1281 2198 1497 2270 καθαρά
1522 2216 1582 2252 τε
1604 2199 1696 2252 καὶ

124 2282 291 2352 ἁπλῆ,
321 2282 541 2354 ήδντως
566 2284 839 2357 νηπιώδης
855 2288 948 2341 καὶ
974 2287 1175 2352 ἄδολος,
1204 2289 1297 2341 καὶ
1320 2290 1500 2360 πάσης
1532 2307 1696 2361 πονη-

126 2374 227 2444 ρᾶς
257 2373 435 2426 αἰτίας·
463 2373 868 2447 κεκαθαρμένη.

194 2548 381 2603 Ταῦτα
397 2549 563 2603 εἰπὼν
593 2552 727 2621 πρὸς
749 2554 847 2624 τὴν
868 2553 1083 2625 νύμφην
1110 2556 1138 2607 6
1163 2555 1337 2625 λόγος,
1362 2556 1694 2625 περιτίθεται

119 2642 235 2705 τοῖς
262 2640 489 2712 πλησίον
519 2642 589 2696 τά
626 2643 720 2697 τοῦ
769 2646 1102 2714 Εὐαγγελίου
1146 2650 1442 2719 μυστήρια,
1479 2649 1652 2718 λέγων
1674 2668 1689 2680 ο

122 2731 364 2802 Φὰγετε,
382 2736 434 2787 οι
454 2736 720 2801 πλησίον
736 2754 873 2805 μου,
893 2737 991 2791 καὶ
1012 2739 1194 2801 πίετε,
1216 2737 1315 2792 καὶ
1334 2739 1689 2807 μεθύσθητε,

120 2824 373 2894 ἀδελφοί
395 2844 534 2894 μου.
565 2826 655 2896 Τῷ
682 2827 789 2899 γὰρ
820 2830 1164 2901 ἐπισταμένῳ
1180 2831 1277 2893 τὰς
1308 2831 1574 2901 μυστικὰς
1599 2830 1692 2884 τοῦ

121 2914 451 2984 Εύαγγελίου
496 2917 699 2986 φωνάς,
731 2919 957 2990 οὐδεμία
984 2922 1283 2991 φανήσεται
1318 2921 1548 2991 διαφορὰ
1585 2922 1693 2976 τῶν

120 3007 356 3061 ἐνταῦθα
387 3009 584 3079 ῥητῶν,
609 3010 743 3081 πρὸς
771 3010 870 3084 τὴν
893 3014 1008 3064 ἐκεῖ
1034 3015 1145 3074 τοῖς
1171 3011 1440 3081 μαθηταῖς
1469 3011 1692 3082 γινομέ-

120 3114 218 3166 νην
271 3101 675 3169 μυσταγωγίαν.
722 3101 996 3165 Ὡσαύτως
1040 3102 1145 3173 γὰρ
1178 3103 1409 3156 ἐνταῦθα
1440 3105 1534 3157 καὶ
1577 3106 1695 3157 ἐκεῖ

1798 2025 1887 2082 tae,
1924 2017 2124 2088 quibus
2168 2018 2270 2071 hoc
2302 2017 2465 2079 dicit,
2507 2013 2681 2075 Sitivi.
2709 2023 2757 2067 et
2776 2024 2953 2082 potum
2975 2010 3101 2065 milii
3122 2007 3363 2071 dedistis.

1796 2111 1982 2165 vinum
2038 2110 2179 2163 lacte
2223 2114 2610 2178 temperatum,
2662 2120 2768 2159 non
2818 2116 2981 2173 aqua,
3026 2108 3086 2154 ut
3130 2115 3247 2153 tuos
3287 2106 3371 2153 est

1797 2216 2124 2271 cauponum.
2180 2198 2288 2254 Lac
2338 2206 2517 2253 autem
2569 2204 2656 2253 est
2692 2196 2927 2266 primum
2977 2193 3369 2247 nutrimentum

1798 2291 2047 2346 humanm
2075 2300 2303 2351 naturae,
2342 2304 2538 2361 purum
2565 2295 2621 2343 et
2664 2287 2919 2356 simplex,
2950 2293 3005 2340 et
3032 2300 3157 2339 vere
3191 2282 3373 2337 infan-

1797 2382 1893 2436 tile
1944 2391 1999 2437 et
2036 2383 2155 2437 sine
2194 2381 2343 2447 dolo,
2401 2390 2456 2436 et
2505 2386 2862 2451 expurgatum
2914 2378 2983 2433 ab
3031 2376 3179 2431 onmi
3232 2375 3372 2431 mala

1796 2488 1987 2529 causa.
2425 2502 2431 2509 ·
3346 2528 3349 2531 λ

1866 2563 1992 2618 Haec
2042 2579 2167 2618 cum
2217 2564 2397 2619 oratio
2427 2562 2660 2618 dixisset
2693 2576 2931 2632 sponsae,
2988 2559 3210 2629 apponit
3245 2574 3373 2629 pro-

1795 2657 2016 2727 pinquis
2046 2655 2304 2726 mysteria
2331 2653 2634 2724 Evangelii,
2663 2654 2855 2708 dicens
2881 2671 2894 2706 :
2933 2650 3220 2714 Comedite,
3254 2666 3374 2718 pro-

1794 2750 1975 2819 pinqui
2006 2749 2125 2810 mei,
2164 2758 2213 2801 et
2259 2746 2612 2812 inebriamini,
2657 2746 2858 2814 fratres
2898 2745 3021 2797 mei.
3080 2742 3240 2813 Apud
3272 2758 3371 2798 eos

1794 2846 1938 2897 enim
1968 2841 2060 2910 qui
2090 2840 2270 2894 sciunt
2299 2839 2560 2910 mysticas
2586 2852 2749 2892 voces
2771 2835 3072 2904 Evangelii,
3110 2835 3257 2889 nulla
3286 2842 3375 2889 est

1795 2932 2094 2989 differentia
2146 2945 2333 2985 eorum
2384 2945 2507 3000 quae
2554 2929 2643 2983 hic
2693 2936 2823 2984 sunt
2857 2929 3148 2982 verborum
3184 2927 3253 2981 ab
3308 2942 3373 2981 ea

1796 3041 1916 3095 quae
1945 3025 2055 3078 illic
2094 3022 2381 3078 exhibetur
2422 3020 2710 3090 discipulis
2761 3020 3120 3090 mystagogia,
3178 3034 3375 3088 nempe

1797 3115 2182 3186 mysteriorum
2217 3126 2313 3166 seu
2338 3118 2807 3165 sacramentorum
2841 3110 3205 3164 institutione.
3235 3108 3371 3162 Nam

120 3192 285 3293 φησιν
311 3194 339 3245 6
372 3191 526 3261 λόγος
573 3193 883 3264 τὸ,Φάγετε
909 3194 1008 3247 καὶ
1039 3196 1223 3251 alere.
1268 3196 1331 3248 Ἠ
1360 3196 1414 3249 δὲ
1438 3197 1571 3268 πρὸς
1594 3196 1691 3267 τὴν

1797 3210 2049 3266 similiter
2091 3219 2142 3262 et
2170 3208 2300 3268 illic,
2347 3213 2401 3260 et
2437 3205 2527 3260 hic
2564 3205 2699 3259 dicit
2740 3204 3065 3274 Scriptura:
3105 3202 3376 3259 Comedito

122 3279 298 3354 μέθην
353 3282 632 3354 προτροπὴ
681 3284 747 3355 ἥν
783 3284 1015 3338 ἐνταῦθα
1059 3288 1171 3348 τοῖς
1212 3285 1458 3355 ἀδελφοῖς
1483 3289 1511 3339 6
1538 3286 1693 3354 λόγος

119 3371 646 3441 πεποίηται,δόξειεν
683 3374 748 3428 ἂν
770 3377 881 3439 τοῖς
920 3376 1135 3438 πολλοῖς
1166 3376 1347 3429 πλεῖόν
1371 3394 1421 3429 τι
1454 3380 1601 3447 παρὶι
1633 3378 1694 3430 τὸ

118 3462 448 3531 Εὑαγγέλιον
482 3465 643 3535 ἔχειν.
686 3468 748 3520 Εἰ
770 3466 826 3520 δέ
864 3484 947 3531 τις
971 3468 1214 3538 ἀκριϐῶς
1248 3467 1568 3532 ἐξετάσειεν,
1603 3471 1695 3523 καὶ

118 3554 279 3609 τοῦτο
296 3555 583 3627 σύμφωνον
600 3560 708 3621 τοῖς
726 3559 1095 3628 εύαγγξλικοίς
1122 3559 1497 3631 εὑρεθήσεται.
1517 3561 1693 3631 Ὅπερ

116 3646 226 3719 γὰρ
266 3649 496 3703 ἐνταῦθα
534 3651 611 3720 τῷ
665 3651 808 3723 λόγῳ
866 3657 978 3717 τοῖς
1018 3654 1191 3722 φίλοις
1233 3654 1690 3725 παρεκελεύσατο,

114 3740 276 3793 τοῦτο
306 3743 422 3794 ἐκεῖ
448 3742 536 3795 διὰ
562 3743 668 3796 τῶν
698 3744 874 3816 ἔργων
900 3745 1171 3815 ἐποίησεν,
1221 3741 1352 3800 διότι
1380 3749 1528 3801 πᾶσα
1554 3748 1691 3817 μέθη

116 3832 371 3887 ἔκστασιν
393 3834 548 3886 είωθε
568 3838 739 3887 ποιεῖν
761 3836 860 3906 τῆς
876 3836 1245 3906 διανοίας,τῆς
1278 3839 1690 3910 κεκρατημένης

116 3924 222 3976 ὑπὸ
266 3924 359 3977 τοῦ
407 3924 571 3978 οἴνου.
610 3925 816 3978 Ούκοῦν
862 3926 997 3996 ὅπερ
1028 3925 1260 3979 ἐνταῦθα
1303 3928 1688 3997 προτρέπεται,

114 4014 274 4068 τοῦτο
289 4016 375 4069 διὰ
390 4017 489 4085 τῆς
517 4016 664 4081 θείας
683 4018 895 4087 ἐκείνης
911 4016 1165 4087 βρώσεως
1184 4035 1244 4070 τε
1262 4019 1354 4070 καὶ
1369 4020 1574 4081 πόσεως
1599 4022 1692 4073 καὶ

115 4107 234 4158 τότε
253 4106 479 4174 ἐγίνετο,
499 4108 589 4160 καὶ
605 4109 831 4161 πάντοτε
848 4109 1074 4176 γίνεται,
1091 4109 1534 4181 συνεισιούσηςτῇ
1555 4110 1693 4181 βρώ-

117 4214 272 4255 σειτε
295 4200 388 4249 καὶ
410 4202 478 4268 τῇ
498 4200 650 4252 πόσει
677 4200 775 4271 τῆς
793 4199 901 4253 ἀπὸ
926 4198 1034 4251 τῶν
1060 4200 1317 4270 χειρόνων
1339 4201 1473 4271 πρὸς
1492 4204 1559 4254 τὰ
1574 4201 1693 4271 βελ-

114 4290 214 4343 τίω
235 4290 532 4359 μεταϐολῆς
553 4291 1146 4354 κα“ιὲκστάσεως.οὖτω
1162 4290 1435 4361 μεθύουσι,
1457 4292 1638 4356 καθὼς
1657 4296 1690 4365 ή

117 4380 422 4451 προφητεία
449 4383 633 4451 φησὶν,
660 4384 709 4434 οἱ
732 4383 830 4453 τὴν
863 4382 1095 4452 πιότητα
1127 4382 1220 4436 τοῦ
1252 4384 1400 4436 οἴκου
1428 4383 1523 4437 τοῦ
1554 4384 1690 4437 Θεοῦ

116 4473 381 4534 πίνοντες,
420 4473 514 4524 καὶ
546 4472 622 4541 τῷ
649 4473 929 4545 χειμάρρῳ
960 4474 1058 4542 τῆς
1086 4475 1293 4544 τρυφῆς
1325 4474 1686 4544 ποτιζόμενοι.

1796 3310 1847 3353 et
1879 3298 2056 3353 bibite.
2082 3292 2403 3351 Adliortatio
2432 3302 2615 3349 autem
2649 3294 2714 3348 ad
2740 3294 3056 3349 ebrietatem
3087 3308 3249 3363 quam
3283 3293 3372 3348 hic

1797 3390 2056 3446 fratribus
2093 3389 2220 3444 fecit
2249 3386 2554 3457 Scriptura,
2582 3386 2822 3456 potuerit
2846 3386 3015 3440 videri
3050 3386 3239 3441 multis
3271 3386 3370 3439 ha-

1796 3483 1924 3536 bere
1949 3479 2150 3549 aliquid
2181 3479 2416 3547 amplius
2444 3492 2606 3547 quam
2638 3476 3012 3547 Evangelium.
3049 3476 3154 3531 Sed
3189 3477 3233 3531 si
3267 3477 3371 3530 hoc

1797 3574 2082 3643 diligenter
2109 3581 2164 3624 ει
2190 3578 2447 3624 accurate
2479 3568 2649 3623 fuerit
2681 3568 3076 3633 examinatum,
3123 3568 3371 3623 invenie-

1796 3677 1886 3719 tur
1929 3678 2241 3719 consonare
2283 3662 2466 3717 verbis
2508 3660 2861 3730 evangelicis,
2894 3659 3049 3725 Quod
3101 3660 3246 3715 enim
3282 3660 3372 3714 hic

1795 3755 1960 3809 verbo
1982 3754 2151 3822 jussit
2181 3752 2394 3815 amicis,
2437 3751 2540 3805 hoc
2568 3750 2679 3805 illic
2718 3750 2896 3819 reipsa
2941 3750 3087 3812 fecit,
3120 3750 3370 3819 quando-

1795 3845 2013 3914 quidem
2055 3843 2235 3896 omnis
2259 3841 2498 3895 ebrietas
2545 3842 2683 3895 solet
2711 3841 2942 3901 elucere,
2981 3849 3039 3892 ut
3075 3855 3228 3893 mens
3270 3855 3369 3897 cx-

1794 3948 2011 3986 cessum
2068 3931 2305 3999 patiatur
2339 3946 2368 3981 a
2399 3930 2526 3982 vino
2569 3937 2848 3998 superata.
2903 3927 3060 3994 Quod
3111 3944 3244 3999 ergo
3281 3930 3371 3985 hic

1796 4024 2139 4083 adhortatur,
2175 4022 2276 4074 hoc
2324 4032 2459 4074 tunc
2486 4035 2704 4089 quoque
2744 4019 2947 4073 factum
2985 4029 3069 4075 est
3100 4036 3195 4090 per
3232 4019 3370 4074 divi-

1794 4128 1923 4167 num
1967 4111 2115 4164 illum
2152 4111 2334 4163 cibum
2385 4118 2437 4162 et
2467 4118 2674 4179 potum,
2729 4117 2781 4162 et
2813 4124 3029 4178 semper
3070 4108 3147 4171 ﬁt,
3204 4109 3367 4163 simul

1794 4203 2151 4259 conveniente
2177 4217 2301 4255 cum
2325 4202 2448 4256 cibo
2477 4208 2531 4254 et
2562 4212 2690 4271 potu
2720 4200 3021 4254 mutatione
3049 4209 3103 4256 et
3134 4217 3363 4257 excessu

1794 4312 1823 4349 a
1860 4294 2222 4349 deterioribus
2267 4293 2332 4347 ad
2370 4307 2432 4346 ea
2494 4307 2615 4362 qua:
2665 4299 2793 4347 sunt
2835 4291 3077 4346 meliora.
3137 4292 3227 4346 Sic
3271 4294 3362 4348 in-

1792 4386 2096 4448 ebriantur,
2123 4391 2181 4437 ut
2205 4382 2335 4435 dicit
2355 4382 2657 4453 prophetia,
2687 4384 2780 4452 qui
2809 4381 3005 4436 bibunt
3026 4398 3094 4439 ex
3120 4385 3366 4440 ubertate

1794 4482 2012 4541 domus,
2077 4487 2131 4531 ct
2187 4483 2447 4558 potantur
2499 4482 2742 4529 torrente
2795 4475 3111 4529 deliciarum
3139 4476 3204 4531 ¹⁹.
3244 4477 3364 4547 Quo

116 4564 324 4633 Ὥσπερ
349 4563 622 4634 ἐμεθύσθη
650 4564 780 4617 ποτὲ
807 4565 902 4618 καὶ
929 4566 958 4618 6
992 4565 1167 4635 μέγας
1201 4566 1382 4629 Δαϐὶδ,
1407 4566 1495 4618 ὅτε
1521 4566 1686 4632 ἐκϐὰς

1796 4570 2090 4624 inebriatus
2138 4554 2431 4636 aliquando
2464 4564 2565 4619 fuit
2593 4554 2755 4620 etiam
2787 4580 3018 4636 magnus
3062 4565 3251 4631 David,
3306 4576 3365 4622 ut

113 4655 275 4718 αὐτὸς
325 4655 540 4718 ἑαυτοῦ,
595 4657 690 4708 καὶ
735 4657 792 4708 ἐν
846 4657 1102 4709 ἐκστάσει
1134 4656 1442 4728 γενόμενος.
1482 4653 1589 4710 εἶδε
1626 4658 1686 4711 τὸ

112 4748 338 4802 ἀθέατον
377 4748 593 4811 κάλλος,
618 4750 708 4801 καὶ
730 4750 828 4820 τὴν
853 4749 1094 4819 ἀοίδιμον
1122 4749 1336 4820 ἐκείνην
1361 4749 1542 4821 φωνὴν
1567 4749 1684 4815 ἐξε-

114 4839 340 4911 ϐόησεν·
393 4840 475 4892 ὃτι
528 4838 653 4904 Πᾶς
708 4840 1013 4908 ἄνθρωπος
1056 4842 1330 4909 ψεύστης
1354 4859 1367 4872 ο
1406 4840 1548 4912 λόγῳ
1576 4840 1683 4895 τῶν

114 4930 403 5001 ἀφράστων
420 4927 706 4999 θησαυρῶν
727 4930 1035 5000 ἐπιτρέπων
1046 4931 1143 5002 τὴν
1161 4932 1472 5003 ἑρμηνείαν.
1494 4932 1681 4998 Οὕτως

114 5020 383 5091 ἐμεθύσθη
434 5022 525 5074 καὶ
575 5023 604 5074 6
638 5021 899 5093 νεώτερος
934 5022 1186 5094 Βενιαμὶν
1226 5024 1457 5087 Παῦλος,
1490 5025 1579 5078 ὅτε
1624 5028 1682 5078 ἐν

117 5113 363 5167 ἐκστάσει
385 5113 596 5182 ἐγένετο
627 5114 828 5180 λέγων·
857 5114 991 5167 Εἴτε
1019 5115 1128 5183 γὰρ
1150 5114 1500 5185 ἐξέστημεν,
1537 5116 1678 5181 Θεῴ’

116 5204 249 5273 πρὸς
275 5207 477 5259 ἐκεῖνον
498 5206 607 5277 γὰρ
642 5207 801 5261 αὐτὸν
827 5207 860 5275 ἡ
878 5206 1129 5270 ἔκστασις
1151 5202 1218 5277 ἦν
1238 5223 1251 5235 ’
1287 5208 1414 5261 εἴτε
1445 5225 1679 5277 σωφρο-

117 5294 355 5364 νοῦμεν.
413 5297 585 5366 ὑμῖν
646 5297 721 5360 ὡς
775 5298 1010 5351 ἐδείκνυε
1052 5302 1161 5361 τοῖς
1204 5300 1338 5369 πρὸς
1358 5298 1448 5351 τὸν
1473 5300 1679 5368 Φῆστον

117 5386 308 5455 λόγοις,
339 5387 527 5441 ἐαυτὸν
561 5388 637 5459 μὴ
687 5390 1028 5460 μαινόμενον,
1075 5389 1211 5443 ἀλλὰ
1243 5391 1597 5463 σωφροσύνης
1617 5410 1678 5446 τε

118 5480 208 5533 και
233 5478 573 5549 δικαιοσύνης
626 5481 1102 5552 ἀποφθεγγόμενον
1134 5482 1374 5553 ῥήματα.
1411 5478 1541 5537 Οἶδα
1585 5486 1678 5538 καὶ

115 5569 207 5624 τὸν
239 5568 502 5640 μακάριον
527 5569 729 5641 Πέτρον
762 5571 819 5623 ἐν
852 5571 926 5641 τῷ
955 5571 1177 5642 τοιούτῳ
1215 5574 1315 5645 τῆς
1352 5572 1520 5643 μέθης
1550 5573 1677 5629 εἴδει

191 5774 231 5805 ¹¹
254 5771 385 5829 Luc.
420 5790 576 5836 mn.
612 5777 699 5832 '56.
754 5777 797 5808 “
826 5775 843 5829 l
870 5776 995 5831 Cor.
1040 5774 1228 5837 “.31.

120 5857 241 5913 ειν,
278 5844 365 5901 Η.
478 5849 518 5879 ’⁸
553 5846 592 5902 ll
620 5850 746 5905 Cor.
780 5864 835 5917 γ,
860 5848 937 5901 15.
1010 5849 1056 5878 υ
1094 5845 1216 5900 Act.
1260 5858 1412 5913 xm,
1446 5844 1515 5904 Ἡ
1541 5860 1660 5919 sqq.

1344 5774 1386 5805 ιτ
1412 5771 1453 5826 u
1487 5773 1614 5828 Cor.
1644 5776 1794 5842 1,16.
1854 5778 1895 5811 ιε
1926 5774 2114 5834 Matth.
2152 5791 2280 5842 xxv,
2335 5742 2422 5831 35.
2495 5772 2701 5831 "Psal.
2761 5789 2923 5841 xxxv,
2964 5773 3016 5832 9.

1785 4661 1881 4733 qui
1918 4676 2041 4715 cum
2071 4675 2100 4712 a
2136 4673 2195 4713 se
2229 4657 2580 4719 excessisset,
2611 4664 2666 4711 et
2697 4654 2890 4711 fuisset
2920 4657 2973 4711 in
2998 4659 3234 4724 exstasi,
3284 4661 3365 4713 vi-

1786 4753 1866 4807 dit
1922 4747 2379 4821 pulchritudinem
2417 4763 2534 4817 qua:
2582 4761 2691 4800 nou
2734 4746 2879 4803 cadit
2909 4747 3011 4802 sub
3058 4760 3359 4819 aspectum,

1786 4843 2165 4913 insignemque
2193 4848 2248 4895 et
2287 4839 2557 4894 celebrem
2601 4840 2748 4892 illam
2783 4840 3105 4895 exclamavit
3130 4840 3357 4900 vocem:

1788 4934 1974 4991 Omnis
2008 4932 2160 4991 homo
2208 4929 2431 4985 mendax
2458 4930 2526 4992 ²⁰,
2573 4930 2805 4985 orationi
2856 4933 3235 4989 thesaurorum
3274 4935 3359 4989 in-

1786 5024 2077 5080 ellabilium
2133 5022 2452 5092 permittens
2512 5023 3030 5092 interpretationem.
3098 5025 3187 5079 Sic
3261 5030 3349 5079 in-

1786 5115 2030 5170 ebriatus
2052 5128 2269 5182 quoque
2297 5112 2396 5166 fuit
2418 5127 2590 5168 novus
2614 5122 2800 5168 noster
2825 5113 3101 5183 Benjamin
3135 5115 3355 5183 Paulus,

1785 5208 2041 5277 quoniam
2077 5204 2179 5258 fuit
2204 5204 2259 5258 in
2292 5204 2496 5260 exstasi
2523 5220 2648 5262 cum
2680 5206 2914 5261 diceret:
2946 5208 3064 5262 Sive
3093 5209 3232 5261 enim
3261 5225 3357 5263 εω-

1786 5301 2058 5363 cessimus,
2100 5296 2209 5352 Deo
2251 5298 2348 5363 (ad
2382 5297 2530 5352 illum
2569 5298 2714 5352 enim
2746 5307 2863 5353 erat
2908 5300 3224 5371 excessus),
3252 5301 3360 5356 sive

1786 5390 1950 5446 sobrii
1976 5405 2181 5454 sumus,
2211 5387 2352 5443 vobis
2371 5391 2450 5456 ²¹;
2480 5390 2624 5447 sicut
2660 5405 2783 5444 eum
2815 5391 2867 5442 in
2905 5391 2971 5444 iis
2991 5406 3112 5459 qua:
3144 5391 3358 5448 diccbat

1783 5478 1969 5543 Festo,
2004 5492 2064 5533 se
2102 5492 2208 5531 non
2239 5478 2481 5534 insanire
2505 5480 2830 5539 enuntiaret.
2877 5479 2972 5533 sed
3013 5478 3158 5550 loqui
3191 5483 3354 5540 verba

1789 5572 2104 5630 sobrietatis
2125 5582 2179 5629 et
2198 5570 2425 5642 justitia:
2445 5572 2512 5626 “.
2546 5569 2682 5625 Novi
2702 5571 2864 5626 etiam
2887 5571 3102 5627 beatum
3128 5552 3365 5630 Petrum

3113 5774 3158 5805 ὀ
3200 5766 3340 5830 psal.
