4028 6518
523 407 625 469 θ91

1757 416 1816 470 S.
1855 413 2182 472 GREGORII
2219 413 2512 475 NYSSENI

3665 422 3780 482 993

523 531 581 587 in
616 530 720 585 hoc
752 546 947 601 genere
980 529 1282 595 ebrietatis,
1327 533 1488 588 simul
1522 542 1572 589 et
1673 537 2000 596 esurientem
2039 550 2092 594 et

2197 541 2522 612 πρόσπεινόν
2540 556 2600 593 τε
2628 539 2762 595 δντα,
2777 537 2913 609 ὁμοῦ
2941 537 3035 591 καὶ
3062 537 3348 607 μεθύοντα.
3384 537 3520 609 Πρὶν
3539 538 3651 610 γὰρ
3671 543 3774 613 τὴν

527 623 880 677 iuebriatum.
941 622 1265 692 Priusquam
1319 627 1463 679 enim
1510 630 1793 696 corporale
1843 638 1988 685 esset
2045 631 2096 686 ei

522 716 746 770 allatum
799 703 1211 779 nutrimentum,
1268 733 1393 771 cum
1429 719 1662 774 esuriret
1709 728 1765 774 et
1795 722 1955 776 vellet
1997 737 2099 792 gu-

522 805 694 866 stare,
724 804 841 859 suis
887 803 992 874 ipsi
1023 804 1342 873 parantibus
1381 821 1642 869 mensam,
1697 809 1757 860 tit
1802 807 1877 861 illi
1908 807 2094 861 divina

519 904 576 952 et
605 897 785 951 sobria
821 897 981 962 visio,
1027 913 1124 968 per
1149 913 1310 968 quam
1342 898 1459 970 ipse
1491 913 1522 952 a
1560 899 1744 968 seipso
1770 898 2010 955 excedit.
2041 905 2097 952 et

516 986 894 1055 evangelicum
923 989 1330 1057 contemplatur
1361 989 1612 1054 linteum,
1646 998 1881 1060 quatuor
1925 989 2095 1044 initiis

519 1075 591 1132 ab
641 1078 750 1133 alto
779 1078 993 1133 demitti
1024 1079 1077 1134 in
1118 1088 1343 1144 terram,
1397 1093 1559 1136 omne
1597 1093 1769 1150 genus
1810 1081 2092 1140 hominum

520 1170 578 1223 in
607 1183 666 1224 se
716 1169 1006 1225 continens
1043 1170 1398 1245 [priuatorum
1450 1173 1507 1226 in
1540 1170 1732 1227 formis
1771 1174 2090 1227 innumera-

518 1262 724 1318 bilibus
782 1262 1084 1327 volucrum,
1133 1247 1551 1333 quadrupedum
1579 1273 1634 1319 et
1671 1264 1944 1334 reptilium
1999 1263 2095 1319 be-

518 1357 772 1416 stiarum,
804 1369 904 1424 pro
931 1355 1218 1424 multiplici
1245 1355 1518 1411 'variorum
1547 1357 1791 1411 caltuum
1825 1365 1880 1412 et
1901 1372 2095 1428 super-

516 1446 805 1501 stitionum
857 1445 1194 1500 diversitate.
1226 1447 1302 1501 Ex
1333 1448 1532 1518 quibus
1569 1447 1729 1503 Petro
1767 1449 1925 1518 jubet
1969 1463 2096 1518 ora-

2198 630 2515 702 σωματικὴν
2565 629 2772 702 τροφὴν
2850 628 3352 699 προσενέγκασθαι,
3421 629 3510 682 ὅτε
3553 632 3776 699 ἐγένετο

2194 721 2520 793 πρόσπεινος
2559 721 2654 774 καὶ
2696 720 2853 790 ἤθελε
2883 717 3203 788 γεύσασθαι,
3247 720 3776 788 παρασκευαζόντων

2194 811 2344 884 αὕτῷ
2361 813 2470 866 τῶν
2494 813 2638 866 ἰδίων
2653 811 2750 883 τὴν
2771 811 3072 883 τράπεζαν,
3097 812 3303 882 γίνεται
3334 813 3480 882 αὕτῷ
3503 815 3534 884 ὴ
3560 813 3683 868 θεία
3715 831 3775 867 τε

2194 905 2294 980 καὶ,
2333 903 2594 974 νηφάλιος
2630 900 2790 974 μέθη,
2840 902 2906 955 δι’
2941 897 3011 974 ἦς
3054 901 3330 966 ἐξίσταται
3363 904 3524 967 αὐτὸς
3549 905 3773 967 ἑαυτοῦ,

2193 988 2511 1067 καὶθεωρεί
2535 997 2631 1067 τὴν
2651 995 3009 1066 εὐαγγελικὴν
3024 993 3233 1064 όθόνην,
3256 995 3543 1066 τέσσαρσιν
3574 999 3780 1068 ἀρχαῖς

2193 1086 2400 1141 ἄνωθεν
2451 1085 2803 1156 καθιεμένην,
2843 1085 2952 1138 πᾶν
2986 1085 3140 1154 γένος
3520 1087 3580 1139 ὲν
3631 1089 3775 1159 αὐτῇ

2194 1177 2555 1248 περιέχουσαν
2599 1177 2657 1229 ὲν
2713 1176 2926 1246 μυρίοις
2963 1176 3148 1239 εἴδεσι,
3181 1177 3441 1230 πετεινῶν
3470 1195 3527 1230 τε
3559 1179 3654 1230 καὶ
3683 1195 3779 1230 τε·

2192 1269 2476 1343 τραπόδων
2505 1268 2600 1322 καὶ
2655 1268 2898 1340 ἑρπετῶν
2948 1267 3042 1323 καὶ
3100 1268 3325 1339 θηρίων,
3357 1269 3498 1323 κατὰ
3526 1264 3626 1334 τὰς
3662 1261 3782 1323 τῶν

2195 1360 2554 1431 σεϐασμάτων
2583 1357 2844 1431 διαφορὰς
2868 1361 3337 1432 μεμορφωμένων.
3356 1355 3456 1412 Ὧν
3477 1361 3538 1414 τὸ
3567 1360 3776 1430 θηριῶ-

2191 1452 2283 1516 δές
2309 1469 2368 1505 τε
2395 1453 2489 1505 καὶ
2518 1452 2709 1521 ἄλογον
2743 1448 2882 1514 εἶδος
2907 1451 3065 1505 θῦσαι
3093 1451 3170 1522 τῷ
3208 1451 3398 1524 Πέτρῳ
3422 1454 3451 1505 6
3481 1453 3638 1521 λόγος
3653 1454 3774 1507 δια⁸

518 1540 616 1601 tio,
665 1543 726 1591 ut
755 1536 810 1591 id
845 1537 1118 1593 sacriﬁcet
1147 1539 1294 1607 quod
1334 1549 1419 1594 est
1469 1539 1766 1594 belluinum
1809 1546 1864 1595 et
1895 1553 2092 1608 expers

2192 1544 2488 1608 κελεύεται,
2541 1545 2629 1598 ἴνα
2679 1542 3058 1614 καθαρθέντων
3105 1542 3305 1609 αὐτῶν,
3350 1543 3410 1597 τὸ
3451 1544 3776 1614 λειπόμενον

517 1628 772 1691 rationis,
823 1636 883 1681 ut
924 1628 993 1683 iis
1025 1630 1287 1700 purgatis,
1336 1629 1484 1701 quod
1536 1640 1706 1686 restat
1740 1632 1813 1686 sit
1843 1631 2092 1686 esculen-

2192 1636 2450 1708 ἐδώδιμον
2496 1636 2738 1707 γένηται,
2771 1636 2860 1689 ὅτε
2909 1636 3002 1688 καὶ
3038 1635 3239 1706 γυμνὸς
3279 1637 3308 1688 6
3337 1636 3436 1706 τῆς
3488 1634 3776 1699 εὐσεϐείας

518 1731 658 1786 ιυιη,
699 1720 916 1791 quando
955 1721 1192 1775 traditur
1221 1722 1426 1776 nudum
1446 1724 1674 1778 verbttm
1706 1723 1944 1792 pietatis,
1966 1735 2092 1777 cum

2195 1727 2548 1798 παραδίδοται
2600 1727 2774 1795 λόγος,
2830 1726 2929 1796 οὐχ
2981 1726 3126 1791 ἅπαξ
3182 1726 3443 1797 εἰπούσης
3483 1725 3586 1795 τῆς
3623 1726 3777 1790 Θείας

515 1815 626 1868 non
664 1817 830 1869 semel
876 1813 1077 1868 dixerit
1115 1828 1217 1868 vox
1249 1814 1432 1869 divina
1455 1856 1469 1882 ,
1517 1830 1627 1870 non
1655 1831 1777 1870 esse
1815 1815 2090 1884 impurum

2194 1820 2400 1890 φωνῆς,
2421 1821 2505 1873 ὅτι
2526 1821 2647 1873 Οὐκ
2673 1820 2807 1874 ἐστι
2849 1819 3052 1872 κοινὸν
3089 1818 3234 1887 ὅπερ
3261 1821 3293 1872 ό
3327 1818 3471 1884 Θεὸς
3502 1816 3777 1885 ἐκαθάρι-

514 1903 662 1975 quod
686 1904 829 1961 Deus
854 1906 1126 1976 purgavit.
1163 1904 1277 1960 Hac
1308 1905 1452 1962 facta
1497 1882 2088 1978 praedicationes—tribus

2195 1882 2609 1976 αενονἍλλέίς
2638 1912 2758 1983 τρὶς
2779 1911 3070 1981 γενομένου
3097 1882 3460 1965 τοῦντοιούτου
3485 1882 3779 1982 κηρύγμα-

513 1997 747 2061 vi'cibus,
769 2004 828 2052 ut
848 2012 955 2051 una
977 2013 1110 2054 voce
1135 1998 1412 2054 discamus
1432 1997 1600 2054 Deum
1619 2006 1939 2069 purgantem
1961 2013 2087 2056 esse

2189 2019 2302 2071 τος,
2329 2004 2416 2056 ἵνα
2451 2002 2712 2073 μάθωμεν
2750 2004 2816 2074 τῇ
2866 2003 2966 2074 μιᾷ
3007 2004 3178 2072 φωνῇ,
3227 2001 3358 2054 Θεὸν
3411 2000 3780 2070 καθαρίζοντα

514 2087 754 2152 Patrem,
781 2097 835 2143 et
857 2089 910 2142 in
940 2088 1044 2142 alia
1076 2090 1328 2144 similiter
1356 2087 1525 2144 Deum
1553 2098 1872 2160 purgantem
1893 2090 2086 2162 unige-

2189 2094 2279 2149 τὸν
2330 2093 2582 2165 Πατέρα,
2649 2092 2744 2146 καὶ
2793 2094 2851 2144 ὲν
2881 2095 2946 2162 τῇ
2993 2092 3155 2163 ἑτέρᾳ
3207 2091 3470 2155 ὡσαύτως
3531 2090 3778 2161 καθαρί-

514 2181 692 2234 nilum
710 2194 833 2236 esse
850 2178 943 2234 Dei
969 2178 1248 2244 Filium,et
1266 2179 1318 2234 in
1337 2181 1441 2236 alia
1460 2181 1729 2247 similiter,
1748 2181 1893 2252 quod
1910 2181 2086 2252 quod~

2189 2182 2347 2250 ζοντα
2394 2182 2486 2236 τὸν
2514 2181 2664 2246 Θεὸν,
2709 2182 2802 2234 τὸν
2835 2183 3094 2252 μονογενῆ
3122 2182 3246 2235 Υίδν
3293 2179 3451 2246 εἶναι,
3479 2183 3574 2234 καὶ
3604 2185 3662 2234 ἐν
3706 2183 3776 2251 τῇ

511 2273 598 2328 vis
626 2272 965 2326 immundum
999 2289 1236 2344 purgans
1267 2273 1412 2329 Deus
1439 2283 1524 2329 est
1565 2271 1802 2344 Spiritus
1837 2283 2086 2330 sanctus.

514 2365 650 2420 Cum
669 2380 800 2435 ergo
820 2365 967 2420 sitex
1002 2367 1126 2420 vino
1152 2364 1462 2435 huiusmodi
1492 2366 1748 2429 ebrietas,
1771 2382 1933 2437 quam
1958 2359 2090 2421 con-

511 2458 652 2512 vivis
675 2458 897 2528 apponit
919 2456 1198 2515 Dominus.
1220 2471 1314 2525 per
1341 2455 1486 2526 quod
1521 2457 1716 2512 animae
1743 2457 1804 2511 lit
1830 2473 2092 2514 excessus

515 2549 581 2602 ad
602 2564 663 2603 ea
685 2565 804 2620 qua:
831 2547 1258 2612 suntdiviniora,
1285 2545 1601 2617 rectejubet
1624 2547 1882 2605 Dominus
1907 2549 1974 2604 iis
1995 2549 2092 2619 qui

514 2655 685 2710 prope
717 2648 845 2695 sunt
880 2655 976 2709 per
1014 2639 1262 2705 virtutes,
1297 2654 1404 2694 non
1438 2640 1506 2695 iis
1553 2641 1647 2710 qui
1679 2641 1837 2711 longe
1867 2641 2096 2697 absunt:

513 2727 805 2793 Comedile,
834 2729 1111 2798 propinqui
1128 2729 1247 2796 mei,
1277 2739 1325 2784 et
1357 2729 1512 2784 bibite
1533 2740 1585 2784 et
1618 2730 1969 2786 inebriamim.
1987 2730 2089 2798 Qui

512 2823 660 2876 enim
685 2822 904 2890 indigne
929 2821 1166 2876 comedit
1196 2831 1250 2876 et
1273 2822 1709 2890 bibit.judicium
1733 2821 1836 2876 sibi
1860 2819 2094 2876 comedit

510 2925 567 2969 et
609 2912 747 2967 bibit
767 2915 832 2968 ”.
870 2912 1036 2969 Recte
1082 2922 1262 2968 autem
1293 2915 1584 2985 appellavit
1627 2913 1824 2970 fratres
1870 2929 1968 2969 eos
1996 2913 2091 2982 qui

511 3006 662 3076 digni
703 3017 832 3062 sunt
881 3013 941 3062 ut
969 3007 1278 3062 comedant.
1310 3007 1446 3062 Nam
1481 3009 1573 3078 qui
1603 3007 1732 3063 facit
1758 3007 2090 3062 voluntatem

511 3096 713 3164 Patris,
741 3099 1054 3154 nominatur
1075 3113 1104 3153 a
1142 3096 1318 3155 Verbo
1343 3099 1512 3154 frater
1539 3107 1596 3156 et
1631 3107 1804 3154 mater
1827 3106 1880 3154 et
1909 3112 2084 3154 soror.

2189 2274 2323 2346 ἄλλῃ
2374 2273 2806 2347 παραπλησίως,
2855 2275 2936 2326 ὅτι
2973 2275 3001 2327 6
3041 2275 3148 2326 πᾶν
3191 2272 3500 2343 ἀκάθαρτον
3544 2269 3777 2339 καθαρί-

2191 2367 2300 2433 ζων
2337 2365 2488 2430 Θεὸς.
2527 2366 2588 2419 τὸ
2623 2365 2848 2436 ΙΙνεῦμά
2881 2366 2996 2420 ἐστι
3027 2365 3087 2417 τὸ
3132 2363 3302 2432 ἅγιον.
3349 2364 3616 2434 Τοιαύτης
3664 2361 3777 2416 τοί-

2193 2473 2288 2510 νυν
2341 2453 2630 2525 γινομένης
2677 2455 2776 2523 τῆς
2801 2455 2867 2507 ὲκ
2888 2453 2980 2510 τοῦ
3017 2453 3160 2506 οἴνου
3197 2454 3386 2525 μέθης.
3408 2454 3465 2507 δν
3486 2453 3783 2524 προτίθησι,

2191 2549 2304 2610 τοῖς
2334 2545 2640 2616 συμπόταις
2658 2548 2687 2600 6
2709 2545 2930 2617 Κύριος,
2955 2545 3024 2598 δι’
3042 2541 3112 2617 ἧς
3131 2545 3266 2616 πρὸς
3297 2545 3365 2599 τά
3394 2545 3640 2616 θειότερα
3670 2545 3774 2615 τῆς

2182 2639 2372 2711 ψυχῆς
2403 2637 2658 2702 ἔκστασις
2705 2638 2936 2707 γίνεται,
2987 2637 3168 2702 καλῶς
3195 2638 3629 2709 παρακελεύεται
3661 2640 3774 2700 τοῖς

2195 2727 2420 2798 πλησίον
2449 2727 2536 2782 διὰ
2567 2728 2673 2780 τῶν
2726 2728 2937 2800 ἀρετῶν
2971 2729 3270 2797 γεγονόσιν,
3317 2729 3378 2782 οὕ
3410 2731 3522 2788 τοῖς
3556 2723 3778 2799 πόρρω-

2196 2820 2288 2873 θεν
2317 2819 2679 2891 ἀφεστηκόσιν
2706 2822 2734 2873 ὁ
2763 2819 2993 2892 Κύριος·
3028 2821 3109 2873 δτι
3142 2818 3389 2888 Φάγετε,
3425 2821 3478 2872 οι
3503 2819 3777 2884 πλησίον

2189 2930 2332 2983 μου,
2381 2913 2482 2967 καὶ
2535 2913 2722 2976 alere,
2759 2913 2855 2965 καὶ
2896 2913 3250 2982 μεθύσθητε.
3286 2909 3345 2965 Ὀ
3379 2911 3486 2981 γάρ
3537 2910 3774 2975 ἀναξίως

2197 3002 2391 3056 ἐσθίων
2452 3002 2548 3057 καὶ
2592 3003 2782 3064 πίνων,
2846 3001 3019 3074 κρίμα
3065 3001 3242 3072 ἐαυτῷ
3281 2999 3449 3054 ἐσθίει
3479 3000 3574 3054 καὶ
3604 2999 3772 3051 πίνει.

2195 3094 2390 3158 Καλῶς
2419 3095 2477 3149 δὲ
2519 3097 2645 3159 τοὺς
2691 3095 2870 3160 ἀξίους
2895 3095 2992 3165 τῆς
3017 3091 3271 3164 βρώσεως
3298 3094 3558 3162 ἀδελφοὺς
3600 3108 3777 3163 προσ-

511 3193 838 3264 ηγόρευσεν.
882 3192 944 3246 '0
972 3192 1081 3266 γὰρ
1108 3194 1278 3248 ποιῶν
1325 3192 1387 3246 τὸ
1408 3191 1622 3264 θέλημα
1659 3190 1846 3256 αὐτοῦ,
1907 3189 2002 3245 καὶ
2043 3187 2272 3256 ἁδελφὸς
2313 3189 2407 3240 καὶ
2451 3186 2654 3260 ἀδελφή
2684 3188 2780 3242 καὶ
2810 3188 2993 3258 μήτηρ
3025 3186 3128 3239 ὑπὸ
3173 3185 3268 3239 τοῦ
3320 3185 3494 3255 Λόγου
3547 3201 3774 3238 κατονο-

515 3284 760 3356 μάζεται.

583 3377 915 3434 Ebrietatem
947 3387 1126 3433 autem
1143 3383 1546 3447 consequenter
1568 3377 1817 3446 sequitur
1835 3391 2086 3442 somnus,
2118 3383 2158 3438 C

512 3477 574 3524 ut
605 3485 700 3540 per
727 3470 1142 3524 concoctionem
1173 3468 1333 3523 detur
1356 3467 1590 3524 facultas
1616 3468 1861 3523 convivis
1887 3469 1954 3522 ad
1989 3470 2088 3522 bo-

512 3575 640 3615 nam
695 3559 1070 3615 habitudinem
1100 3559 1381 3631 digerendi
1420 3561 1593 3616 cibos.
1629 3559 1922 3630 Propterea
1965 3567 2090 3630 post

512 3650 646 3706 illud
705 3651 925 3721 epulum
981 3667 1182 3723 sponsa
1238 3661 1456 3708 tenetur
1506 3664 1722 3707 somno.
1771 3650 1867 3706 Est
1905 3660 2084 3706 autem

514 3745 728 3799 alienus
758 3743 976 3814 quidem
1006 3759 1250 3809 somnus,
1286 3756 1340 3800 et
1369 3759 1398 3798 a
1429 3743 1824 3800 consuetudine
1851 3743 2088 3797 naturali

512 3844 778 3892 remotus.
809 3835 946 3890 Nam
979 3837 1033 3891 in
1073 3844 1338 3892 consueto
1377 3835 1592 3907 quidem
1623 3851 1816 3891 somno
1842 3836 1934 3904 qui
1957 3833 2089 3889 dor-

514 3925 614 3980 mit
661 3941 768 3981 non
815 3927 1020 3997 vigilat,
1079 3935 1134 3981 et
1163 3926 1257 3997 qui
1294 3927 1501 3997 vigilat,
1551 3941 1663 3980 non
1710 3926 1932 3991 dormit,
1993 3924 2088 3981 sed

513 4027 810 4089 utrumque
843 4019 898 4072 in
935 4033 994 4074 se
1028 4017 1257 4073 invicem
1296 4018 1518 4082 desinit,
1560 4033 1754 4088 nempe
1783 4033 2010 4074 somnus
2036 4027 2092 4073 et

511 4111 697 4180 vigilia
733 4110 836 4165 sibi
885 4104 1117 4165 invicem
1164 4109 1510 4165 succedendo
1537 4110 1806 4176 cedentia,
1846 4117 1902 4165 et
1928 4110 2092 4164 vicis-

515 4201 620 4254 sim
654 4202 721 4256 ad
761 4214 1205 4272 unumquemque
1229 4201 1568 4257 accedentia.
1609 4200 1710 4256 Hic
1736 4210 1916 4257 autem
1949 4217 2090 4256 nova

512 4295 764 4367 quaedam
794 4304 847 4350 et
892 4294 1230 4350 admirabilis
1274 4295 1458 4350 mistio
1493 4304 1546 4349 et
1573 4293 1738 4350 coitio
1781 4295 2088 4350 contrario-

513 4404 636 4445 rum
669 4386 817 4442 circa
851 4402 972 4458 eam
1001 4386 1264 4441 cernitur.
1297 4384 1407 4456 Ego
1435 4387 1595 4451 enim,
1627 4385 1825 4454 inquit,
1857 4385 2086 4453 dormio,

511 4486 562 4532 et
587 4495 680 4533 cor
703 4494 877 4531 meum
905 4475 1110 4546 vigilat.
1145 4476 1403 4541 Quaenam
1434 4490 1564 4545 ergo
1593 4483 1678 4531 est
1704 4476 1771 4532 de
1803 4477 1889 4532 his
1923 4478 2089 4534 rebus

513 4568 832 4640 accipienda
852 4565 1162 4623 sententia?
1186 4563 1424 4619 Somnus
1447 4574 1532 4619 est
1557 4567 1748 4623 Inertis
1764 4569 2085 4624 similitudo.

514 4665 572 4719 in
613 4680 678 4719 eo
699 4663 842 4719 enim
875 4659 1106 4716 solvitur
1132 4657 1315 4713 omnis
1353 4659 1595 4714 sentiens
1628 4674 1918 4730 corporum
1957 4676 2086 4732 ope.

2275 3373 2608 3438 Ἀκολούθως
2630 3373 2686 3428 δὲ
2732 3373 3038 3444 διαδέχεται
3085 3373 3184 3445 τὴν
3229 3372 3400 3445 μέθην
3425 3371 3456 3428 ό
3484 3373 3671 3439 ὕπνος,
3696 3373 3778 3440 ὡς

2189 3466 2256 3520 ἂν
2285 3467 2374 3521 διὰ
2437 3467 2539 3538 τῆς
2583 3467 2798 3536 πέψεως
2849 3467 3134 3538 ἁναδοθείη
3189 3471 3303 3532 τοῖς
3342 3469 3660 3540 δαιτυμόσιν
3690 3472 3782 3535 είς

2189 3556 2404 3622 εὐεξίαν
2451 3558 2485 3626 ὴ
2527 3557 2774 3628 δύναμις.
2814 3556 2913 3609 Διά
2953 3556 3111 3611 τοῦτο
3154 3556 3292 3626 μετά
3324 3556 3422 3629 τὴν
3455 3557 3778 3611 πανδαισίαν

2189 3649 2407 3719 ἐκείνην
2457 3650 2515 3700 ὲν
2545 3647 2624 3718 τῷ
2679 3647 2832 3718 ὕπνῳ
2865 3649 2898 3717 ἡ
2925 3646 3107 3717 νύμφη
3140 3647 3370 3715 γίνεται.
3409 3644 3572 3709 Ξένος
3603 3647 3662 3700 δέ
3689 3666 3777 3712 τις

2189 3734 2344 3802 οὕτος
2364 3741 2392 3792 6
2425 3737 2592 3800 ὕπνος
2621 3738 2762 3799 ἐστὶ,
2786 3737 2881 3792 καὶ
2905 3738 3002 3808 τῆς
3045 3737 3277 3807 φυσικῆς
3311 3737 3591 3806 συνηθείας
3622 3739 3778 3792 ἀλλό-

2188 3847 2359 3900 τριος.
2395 3830 2517 3882 Ἐπὶ
2540 3829 2636 3901 μὲν
2658 3829 2765 3902 γὰρ
2797 3829 2890 3883 τοῦ
2922 3829 3182 3899 συνήθους
3217 3826 3409 3894 ὕπνου,
3440 3828 3560 3881 οὕτε
3583 3829 3610 3880 6
3638 3829 3782 3883 καθ-Δ

2189 3922 2360 3976 εὕδων
2428 3924 2748 3994 ἐγρήγορεν,
2806 3922 2900 3974 καὶ
2961 3924 2989 3975 6
3040 3921 3354 3993 ἐγρηγορὼς
3389 3922 3448 3973 ού
3483 3921 3773 3976 καθεύδειο

2190 4015 2305 4070 ἀλλ’
2342 4017 2400 4068 ἐν
2438 4015 2687 4086 ἀλλήλοις
2735 4014 2890 4084 λήγει
2931 4014 3236 4084 ἀμφότερα,
3267 4015 3295 4066 ὃ
3334 4031 3392 4066 τε
3423 4013 3586 4077 ὕπνος
3611 4016 3710 4068 καὶ
3734 4018 3780 4089 ἡΔ

2189 4108 2573 4181 ἑγρηγόρησις,
2607 4109 2728 4170 ταῖς
2756 4106 3024 4175 διαδοχαῖς
3055 4105 3301 4173 ἀλλήλων
3341 4103 3768 4177 ὑπεξιστάμενα.

2204 4197 2468 4252 Ἐνταῦθα
2491 4196 2547 4249 δέ
2579 4213 2664 4260 τις
2692 4197 2853 4266 καινὴ
2875 4197 2968 4250 καὶ
2992 4197 3290 4267 παράδοξος
3314 4199 3460 4267 μίξις
3487 4197 3592 4251 τῶν
3613 4201 3773 4254 ὲνανο

2188 4289 2320 4343 τίων
2343 4288 2436 4342 καὶ
2475 4287 2690 4350 σύνοδος
2721 4285 3005 4358 θεωρεῖται
3052 4289 3178 4358 περὶ
3217 4290 3408 4360 αὐτήν.
3453 4289 3599 4360 Ἐγὼ
3627 4292 3776 4359 γὰρι

2190 4383 2343 4453 φησὶ,
2379 4380 2664 4443 καθεύδω,
2689 4379 2790 4432 καὶ
2817 4379 2856 4446 ἡ
2886 4379 3102 4448 καρδία
3129 4399 3248 4450 μου
3290 4381 3598 4451 ἀγρυπνεῖ.
3627 4384 3768 4436 Τίνα

2187 4467 2281 4526 οὖν
2306 4471 2411 4543 χρὴ
2444 4472 2678 4526 διάνοιαν
2700 4471 2828 4541 περὶ
2857 4469 3059 4524 τούτων
3090 4471 3309 4538 λαϐεἰν;
3355 4472 3561 4536 Ὕπνος
3597 4472 3770 4527 θανά-

2188 4582 2281 4618 του
2315 4564 2461 4617 ὲστὶν
2488 4563 2762 4634 ὁμοίωμα.
2783 4562 2985 4617 Λύεται
3006 4563 3114 4633 γὰρ
3145 4564 3205 4616 ἐν
3232 4562 3380 4634 αὐτῷ
3411 4565 3559 4618 πᾶσα
3577 4564 3768 4634 αἰσθη-

2187 4658 2315 4729 τικὴ
2343 4656 2454 4710 τῶν
2492 4656 2760 4726 σωμάτων
2783 4654 3052 4723 ἐνέργεια,
3072 4655 3171 4709 οὐκ
3203 4655 3396 4725 ὅψεως,
3438 4657 3539 4709 οὕκ
3571 4657 3772 4728 ἀκοῆς,

512 4757 837 4818 ratio,cum
888 4766 990 4806 nec
1027 4751 1201 4816 visus,
1245 4765 1346 4805 nec
1378 4751 1616 4816 auditus,
1658 4767 1759 4808 nec
1799 4751 2083 4818 odoratus,

2189 4753 2288 4805 οὐκ
2333 4751 2673 4820 ὀσφρήσεως,
2713 4749 2774 4801 οὐ
2826 4747 3087 4817 γεύσεως,
3123 4749 3224 4818 οὑχ
3277 4749 3442 4819 ἁφῆς,
3486 4748 3637 4821 παρά
3673 4750 3770 4803 τὸν

514 4862 614 4900 nec
640 4852 854 4915 gustus,
899 4857 997 4896 nec
1030 4850 1229 4906 tactus.
1281 4843 1458 4898 somni
1508 4849 1770 4916 tempore,
1825 4859 1928 4900 suo
1963 4843 2091 4901 fun-

514 4946 676 5007 gatur
706 4949 971 4988 munere:
1028 4934 1124 4988 sed
1173 4941 1226 4988 et
1260 4936 1504 5005 corporis
1532 4937 1677 4995 vires
1723 4938 2089 5009 franguntur;

514 5036 770 5098 procreat
811 5026 976 5080 etiam
1011 5025 1338 5081 oblivionem
1375 5028 1804 5085 sollicitudinum
1834 5038 1888 5086 et
1925 5044 2090 5084 cura-

512 5130 636 5168 rum
667 5129 788 5184 qua:
817 5120 944 5167 sunt
1000 5111 1056 5166 in
1106 5113 1345 5183 homine,
1401 5119 1544 5188 sopit
1581 5127 1809 5184 metum,
1857 5127 1913 5174 et
1951 5119 2090 5172 iram

513 5207 670 5269 lenit,
723 5215 778 5261 et
808 5221 998 5262 eorum
1041 5206 1135 5276 qui
1186 5218 1315 5264 sunt
1356 5213 1501 5269 acris
1530 5221 1585 5269 et
1627 5214 1867 5269 acerbati
1919 5211 2092 5267 animi

514 5299 741 5355 remittit
783 5298 1205 5366 vehementiam,
1248 5311 1303 5358 et
1343 5304 1514 5362 efficit
1554 5317 1615 5362 ut
1653 5307 1838 5361 nullus
1868 5305 1941 5361 sit
1965 5319 2087 5360 om-

514 5390 666 5446 nium
709 5391 977 5444 malorum
1029 5404 1249 5458 sensus,
1300 5400 1542 5468 quandiu
1599 5397 1913 5454 dominatur
1961 5410 2087 5452 cor-

517 5483 656 5554 pori.
712 5481 826 5538 Hoc
877 5498 1009 5554 ergo
1055 5483 1318 5546 discimus
1352 5503 1448 5562 per
1485 5505 1549 5546 ea
1589 5503 1710 5560 quae
1755 5487 1900 5544 dicta
1935 5496 2082 5552 sunt,

517 5574 662 5644 quod
693 5575 873 5645 seipsa
899 5575 1073 5631 evasit
1097 5580 1384 5648 excelsior,
1415 5597 1536 5653 qua:
1558 5580 1639 5638 sic
1672 5580 1955 5652 magnifice
1978 5580 2068 5650 glo

518 5666 692 5723 tiatur
743 5675 801 5722 et
831 5665 968 5723 dicit
994 5682 1009 5720 :
1039 5666 1151 5741 Ego
1193 5671 1418 5742 dormio,
1460 5685 1510 5731 et
1541 5691 1633 5730 cor
1661 5688 1832 5728 meum
1877 5670 2080 5744 vigilat.
2109 5685 2118 5690 ν

627 5853 719 5908 ³³1
753 5853 880 5911 Cor.
918 5871 997 5924 ιι,
1020 5854 1112 5941 27.

2189 4841 2283 4895 τοῦ
2321 4841 2490 4895 ὕπνου
2519 4840 2711 4912 καιρὸν
2733 4838 3062 4912 ἐνεργούσης
3086 4839 3152 4892 τὸ
3177 4841 3307 4897 ἴδιον
3325 4856 3339 4868 ο
3363 4840 3500 4894 ἀλλὰ
3533 4843 3626 4894 καὶ
3649 4841 3776 4896 λύει

2187 4937 2279 4989 τὸν
2310 4936 2463 4989 τόνον
2493 4931 2590 4986 τοῦ
2635 4930 2885 5001 σώματος
2914 4947 2930 4962 ο
2965 4933 3112 4984 ποιεῖ
3154 4931 3212 4986 δὲ
3243 4932 3335 4985 καὶ
3364 4931 3536 5002 λήθην
3564 4931 3672 4985 τῶν
3709 4933 3773 4986 ὲν

2187 5027 2265 5096 τῷ
2315 5023 2587 5095 ἀνθρώπῳ
2640 5021 2955 5094 φροντίδων,
2997 5022 3092 5075 καὶ
3118 5022 3440 5086 κατευνάζει
3465 5023 3558 5076 τὸν
3579 5023 3764 5092 φόϐον,

2187 5120 2283 5174 καὶ
2315 5118 2511 5189 ἡμεροί
2533 5117 2624 5170 τὸν
2664 5115 2854 5187 θυμὸν,
2884 5116 2978 5169 καὶ
2999 5114 3244 5186 ὕποχαλᾷ
3274 5115 3382 5169 τῶν
3409 5115 3762 5188 πικραινομέ-

2190 5228 2295 5265 νων
2318 5211 2410 5264 τὸν
2442 5210 2615 5274 τόνον,
2648 5208 2744 5262 καὶ¹
2774 5207 2991 5261 πάντων
3018 5206 3128 5261 τῶν
3175 5208 3361 5261 κακῶν
3406 5208 3766 5278 ἀναισθησίαν

2189 5300 2352 5362 ποιεί,
2382 5297 2487 5361 ἕως
2507 5296 2574 5351 ἂν
2590 5295 2950 5368 κατακρατῶν
2977 5296 3116 5369 τύχῃ
3137 5296 3230 5350 τοῦ
3263 5297 3536 5368 σώματος.
3555 5297 3767 5352 υύκοῦν

2189 5389 2346 5444 τοῦτο
2370 5389 2458 5443 διὰ
2484 5389 2592 5443 τῶν
2613 5390 2916 5460 εἰρημένων
2948 5389 3312 5460 μανθάνομεν,
3341 5392 3423 5445 ὅτι
3455 5389 3764 5461 ὑψηλοτέρα

2188 5483 2408 5552 γέγονεν
2424 5480 2671 5552 ἑαυτῆςή
2693 5479 2864 5535 ταῦτα
2886 5480 3227 5553 μεγαλαυχου
3235 5481 3372 5552 μένη
3390 5481 3486 5536 καὶ
3506 5481 3758 5548 λέγουσα,

2128 5592 2130 5594 '
2187 5574 2272 5628 ὅτι
2305 5571 2447 5642 Ἐγὼ
2466 5573 2753 5638 καθεύδω,
2777 5571 2880 5628 καὶ
2900 5573 2940 5642 ἠ
2963 5571 3178 5641 καρδία
3195 5590 3313 5643 μου
3330 5572 3636 5642 ἀγρυπνεῖ.
3670 5571 3759 5640 Τῷ

2191 5667 2304 5723 δντι
2357 5665 2486 5750 γὰρ.
2512 5664 2597 5736 ἐφ’
2625 5658 2701 5722 ὧν
2736 5665 2895 5737 μόνος
2941 5665 2971 5719 6
3013 5661 3138 5728 νοῦς
3169 5663 3255 5734 ἐφ’
3289 5663 3481 5719 ἑαυτοῦ
3509 5660 3757 5735 βιοτεύει,
