3932 6476
157 434 246 488 993
1128 415 1192 472 IN
1223 406 1522 471 caurum
1553 401 1826 465 caurus.
1866 396 2150 460 (nostle
2185 394 2277 453 XI.
3215 380 3328 455 nu

155 540 296 597 οὐδενὶ
316 538 404 591 τῶν
446 535 811 609 αἰσθητηρίων
843 530 1360 604 παρενοχλούμενος,
1405 528 1481 590 ὡς
1511 526 1664 596 ὕπνῳ
1691 539 1707 590 Α

1813 537 1970 579 evera
2003 521 2149 576 enim
2202 514 2443 586 quandiu
2494 510 2611 566 sola
2661 507 2841 568 anima
2891 505 2947 560 in
2987 518 3047 561 se
3079 501 3235 570 vivit,
3291 515 3325 554 α

266 632 341 687 καὶ
352 631 550 702 κώματι
566 595 842 698 «rape-cogi)
862 595 956 687 τού
987 595 1237 695 σώματος
1265 622 1466 690 γίνοιτο
1479 595 1657 688 φύσις,

1812 614 2012 669 lusibus
2060 609 2282 664 minime
2319 604 2659 676 perturbata,
2693 608 2952 669 tanquam
2994 595 3097 650 sub
3130 603 3325 648 somno

154 687 234 781 διαὶ
258 687 436 796 ἀληθῶς
470 723 614 778 ἐστιν
647 687 856 782 ἐίπείν,
888 719 968 772 ὅτι
998 687 1254 786 κοίμᾶται
1278 687 1362 766 ⁷δι’
1391 687 1662 782 ἀπραξίας

1812 749 1814 756 τ
1843 719 2040 776 sapore
2060 701 2297 773 quodam
2335 704 2552 753 tenetur
2577 703 2772 749 natura
2805 687 3072 760 corporis,
3115 693 3175 740 et
3200 698 3331 748 vere

2261 791 2274 796 _
2330 790 2344 796 _
2475 789 2486 796 _
2611 788 2622 796 ,
2981 775 3330 796 W_,_____AL

154 775 815 891 ηδάσιξᾶτίμαζομένων
828 775 936 864 τῶν
966 775 1252 878 θεαμάτων
1285 775 1528 862 ἐκείνων,
1563 800 1664 853 ὅσα

1812 798 1870 852 ici
1906 775 2103 867 potest,
2133 791 2278 863 quod
2315 789 2548 844 dormiat
2575 788 2727 841 visus
2752 799 2848 854 per
2876 779 3238 836 cessationem
3260 775 3334 838 ab

173 871 183 891 .
230 871 239 889 .
342 871 374 879 --
497 871 508 884 .
583 871 598 876 ν
639 871 652 882 .
1069 871 1081 878 .

152 911 236 972 τὰς
258 906 478 967 παιδικὰς
510 903 660 973 δψεις
686 901 1007 970 ἐκπλήττειν
1029 898 1236 952 εἴωθεν.
1267 897 1340 950 Ού
1374 893 1548 948 ταῦτα
1574 892 1664 946 λέ-

1812 905 1949 960 pere,
2004 883 2337 953 contemptui
2385 880 2587 935 habitis
2641 877 2753 931 illis
2811 871 3160 943 spectaculis,
3210 881 3334 936 qua

151 958 234 1068 ἧξῖ
249 958 361 1068 μόνα
451 958 565 1063 τῆς⁸
590 958 825 1061 γεώδους
847 958 990 1060 ’ὕλης
1023 990 1192 1051 ἐστὶν,
1221 981 1332 1040 οἷον
1365 984 1583 1056 χρυσίον
1605 999 1666 1035 τε

1812 958 2060 1033 berorum
2099 974 2276 1028 oculis
2311 971 2487 1027 solent
2515 967 2708 1022 aﬂ'erre
2733 972 3034 1032 stuporem.
3086 958 3205 1012 Non
3245 971 3330 1018 ea,

151 1092 233 1145 καὶ
263 1089 516 1160 ἀργύριον,
547 1087 642 1140 καὶ
680 1085 788 1136 τῶν
831 1083 994 1136 λίθων
1039 1083 1224 1134 ἐκεῖνα
1265 1081 1364 1132 ὅσα
1395 1077 1485 1131 διά
1524 1092 1668 1138 τινος

151 1183 364 1254 εὐχροίας
387 1183 519 1233 κινεί
537 1179 648 1240 τοῖς
675 1175 968 1245 ὀφθαλμοῖς
997 1172 1094 1244 τὴν
1114 1169 1374 1241 λιχνείαν,
1413 1166 1550 1222 ἀλλὰ
1575 1167 1670 1220 καὶ

149 1274 209 1327 τὰ
236 1272 346 1340 περὶ
366 1271 448 1323 τὸν
477 1268 704 1340 οὐρανὸν
750 1265 1048 1335 φαινόμενα
1096 1254 1525 1331 θαύματα,αἷτε
1562 1257 1670 1310 τῶν

1768 1073 2012 1141 inquam,
2048 1068 2162 1123 sola
2189 1080 2311 1135 qua:
2334 1071 2460 1120 sunt
2484 1070 2689 1115 naturae
2713 1056 3012 1114 terrestris,
3044 1063 3102 1106 ut
3138 1063 3336 1104 aurum

1767 1171 1821 1219 et
1847 1140 2155 1232 argentum,
2179 1164 2233 1213 ct
2265 1170 2488 1226 gemmae
2516 1167 2636 1221 quae
2676 1148 2904 1218 pulchro
2942 1145 3126 1213 aliquo
3154 1140 3340 1196 colore

1769 1229 2052 1308 oculorum
2087 1255 2305 1301 movent
2333 1243 2668 1304 aviditatem,
2705 1237 2800 1294 sed
2855 1247 2904 1290 et
2949 1232 3211 1295 miracula
3244 1229 3334 1292 illa

149 1325 361 1434 ἀστέρῶν
383 1325 563 1430 αὐγαὶ,
596 1359 690 1413 καὶ
706 1325 802 1410 toi)
820 1325 970 1425 ἡλίου
999 1356 1028 1407 ὁ
1056 1325 1274 1416 κύκλος,
1303 1349 1398 1404 καὶ
1422 1350 1483 1402 τὸ
1513 1347 1673 1401 πολύ-

1812 1360 1892 1400 ua:
1924 1352 2209 1398 moventur
2244 1340 2297 1392 in
2331 1337 2491 1394 caelo.
2526 1343 2579 1390 et
2604 1331 2883 1388 stellarum
2913 1325 3254 1396 splendores,
3286 1328 3341 1375 et

361 1415 704 1524 τῆςισελήνης
741 1415 898 1511 εἶδος,
928 1447 1023 1499 καὶ
1053 1446 1103 1498 εἰ
1119 1461 1172 1496 τι
1195 1415 1322 1496 ἄλλο
1334 1444 1452 1510 ,τοῖς
1477 1438 1675 1508 ὀφθαλ-

1813 1439 1924 1493 rbis
1967 1435 2120 1495 solis,
2161 1429 2550 1497 multiplexque
2591 1433 2644 1476 et
2691 1419 2841 1473 varia
2883 1419 3024 1470 lunae
3059 1415 3252 1472 forma,
3288 1421 3343 1464 et

150 1511 265 1621 lae,“
290 1511 463 1617 ἡδονὴν
491 1511 672 1614 φέρει,
688 1511 780 1595 διὰ
813 1540 875 1592 τδ
901 1538 1065 1608 μηδὲν
1093 1538 1173 1598 εἰς
1194 1535 1280 1588 ἀει
1309 1532 1511 1605 μένειν,
1543 1530 1678 1584 ἀλλὰ

1812 1533 1823 1585 i
1871 1528 2002 1600 quid
2049 1524 2194 1580 aliud
2235 1521 2390 1575 affert
2435 1519 2762 1596 voluptatem
2801 1511 2997 1572 oculis,
3055 1514 3344 1576 propterea

148 1633 628 1708 συμμετακινεῖσθαι
660 1633 728 1701 τῇ
763 1627 978 1699 παρόδῳ
996 1624 1089 1678 τοῦ
1106 1623 1316 1694 χρόνου,
1345 1623 1438 1675 καὶ
1471 1636 1680 1690 συμπε-

1812 1621 1925 1692 uod
1968 1618 2106 1674 nihil
2145 1621 2409 1686 perpetuo
2437 1615 2673 1672 maneat,
2726 1603 2820 1659 sed
2855 1602 3014 1656 simul
3064 1604 3346 1652 moveatur

148 1726 420 1800 ριὰγεσθαι.
448 1725 670 1777 Πάντων
701 1719 811 1773 τῶν
844 1716 1099 1770 τοιούτων
1136 1711 1568 1785 ὑπεροφθέντων,
1592 1710 1680 1762 διὰ

1812 1688 1834 1767 ἰ
1861 1714 2261 1778 circumagatur
2286 1718 2408 1760 cum
2433 1701 2670 1754 motione
2693 1709 2748 1751 et
2780 1709 3032 1750 mensura
3059 1688 3342 1759 tcmpnr'is.

143 1784 357 1892 τῆν’τῶν
381 1815 642 1887 ἀληθινῶν
671 1810 888 1881 ἀγαθῶν
935 1809 1186 1879 θεωρίαν,
1215 1784 1447 1875 πάρετός
1480 1804 1628 1856 ἐστιν
1653 1802 1682 1854 ὁ

1812 1806 1881 1860 Ιίε
1920 1802 2173 1858 omnibus
2213 1793 2487 1865 deSpectis
2532 1796 2749 1860 propter
2783 1800 3037 1841 verorum
3081 1784 3349 1835 bonorum

143 1874 228 1965 τοῦ
253 1874 482 1981 σώματος
511 1874 805 1976 ὀφθαλμὸς,
842 1901 978 1972 πρὸς
1032 1874 1180 1953 οὐδὲν
1208 1874 1319 1951 τῶν
1349 1895 1478 1966 παρ’
1517 1893 1678 1951 αὐτοῦ

1815 1891 2319 1962 ontemplationem,
2349 1885 2562 1940 otiosus
2593 1891 2678 1936 est
2703 1879 2895 1934 oculus
2921 1874 3188 1943 corporis,
3224 1886 3354 1924 cum

145 1963 583 2068 ύποδειένυμένων
628 1963 726 2065 cii;
755 1963 1100 2061 τελείοτέρας
1140 1988 1317 2058 ψυχῆς
1348 1963 1682 2054 καθελκομέ-

1817 1987 1849 2041 d
1877 1985 2015 2040 nihil
2039 1997 2228 2039 eorum
2258 1995 2378 2050 quae
2415 1978 2483 2032 ab
2521 1978 2642 2046 ipso
2677 1972 3036 2028 ostenduntur
3085 1963 3356 2036 perfectio

141 2111 250 2164 νης,
282 2077 362 2147 διὰ
384 2057 442 2143 τιὸ
485 2090 620 2160 μόνα
665 2057 884 2158 βλέπειν
906 2083 972 2155 τῇ
999 2057 1309 2152 διανοίᾳῗτὰ
1336 2080 1446 2134 τῶν
1476 2076 1683 2149 ὁρατῶν

1817 2074 2088 2129 ttrahatur
2138 2071 2353 2134 animm,
2412 2075 2698 2137 propterea
2747 2062 2890 2132 quod
2925 2057 3255 2128 cogitatione
3289 2067 3354 2108 ea

141 2149 508 2252 ὑπερκείμενα..
537 2149 692 2231 Οὕτω
711 2176 802 2229 καὶ
830 2177 868 2244 ἡ
887 2149 1022 2244 dici]
1045 2149 1215 2244 νεκρᾶ
1241 2188 1326 2235 τις
1352 2169 1446 2224 καὶ
1469 2167 1685 2238 ἀνενέρ-

1815 2169 1900 2223 ola
1925 2165 2158 2236 aspiciat
2187 2177 2309 2233 quae
2347 2167 2475 2216 sunt
2505 2155 2790 2226 superiora
2835 2153 2904 2207 iis
2934 2165 3055 2220 qua:
3082 2149 3352 2201 videntur.

140 2240 296 2343 γητος
318 2240 540 2339 γίνεται,
579 2268 715 2341 πρὸς
740 2267 810 2320 τὰ
836 2240 977 2337 ύπέρ
1006 2240 1162 2333 λόγον
1186 2263 1285 2333 τῆς
1320 2261 1498 2333 ψυχῆς
1524 2260 1686 2329 ἀσχο-

1812 2267 1863 2312 ta
1899 2257 2062 2312 etiam
2084 2262 2333 2309 mortuus
2360 2259 2442 2306 est
2477 2248 2696 2302 auditus
2730 2257 2783 2300 et
2812 2257 3036 2298 Cessans
3068 2240 3136 2293 ab
3159 2250 3354 2307 Opera-

1785 2347 1955 2412 liene,
1993 2361 2116 2400 cum
2157 2345 2211 2402 in
2249 2344 2318 2399 iis
2354 2355 2477 2412 quae
2515 2347 2642 2395 sunt
2675 2349 2842 2406 supra
2880 2333 3148 2386 rationem
3189 2343 3353 2382 occu-

1788 2447 1946 2510 petur
1976 2437 2177 2492 anima.

1858 2527 1935 2582 De
1960 2529 2210 2582 sensibus
2240 2535 2418 2580 autem
2449 2523 2621 2594 magis
2653 2522 2904 2577 belluims
2937 2533 3044 2573 non
3095 2515 3360 2571 convenit

1791 2619 1994 2688 aliquid
2031 2619 2246 2682 dicere,
2291 2616 2434 2686 quod
2495 2616 2704 2670 scilicet
2755 2621 3016 2681 tanquam
3076 2609 3362 2664 morticini

1793 2711 2063 2780 quispiam
2104 2709 2242 2764 letor
2267 2708 2334 2762 ab
2370 2707 2550 2761 anima
2589 2705 2661 2759 sit
2691 2705 2961 2772 abjectus,
3015 2709 3070 2755 et
3132 2701 3362 2754 naribus

1794 2801 1992 2856 odores
2021 2809 2246 2868 captans
2278 2798 2573 2858 odoratus,
2605 2803 2659 2849 et
2686 2795 2891 2849 ventris
2941 2792 3170 2847 servitio
3222 2792 3365 2846 assi-

1787 2891 1932 2956 dens
1963 2899 2180 2960 gustus,
2203 2897 2259 2944 et
2290 2896 2549 2958 praeterea
2579 2895 2774 2948 tactus,
2809 2886 2901 2955 qui
2945 2885 3148 2941 servile
3171 2893 3224 2938 et
3255 2897 3361 2937 caa-

1798 2997 1921 3037 eum
1949 2990 2033 3036 est
2091 2979 2359 3036 sentiendi
2423 2979 2869 3038 instrumentum,
2931 2975 3078 3045 quod
3141 2971 3368 3043 quidem

1800 3073 1940 3128 forte
1967 3079 2188 3142 pr0pter
2219 3085 2393 3126 caecos
2425 3070 2552 3124 fecit
2593 3078 2806 3122 natura.
2865 3066 2996 3133 Quze
3025 3067 3213 3121 omnia
3240 3082 3367 3126 cum

1801 3173 2024 3238 propter
2052 3164 2409 3219 cessationem
2449 3162 2518 3216 ab
2552 3176 2734 3232 opere,
2761 3168 3020 3229 tanquam
3051 3173 3246 3214 somno
3277 3157 3374 3221 ali¢

138 2362 410 2433 λουμένης.

205 2543 282 2596 Τὰ
313 2542 367 2594 δέ
397 2539 801 2611 κτηνωδέστερα
829 2537 935 2590 τῶν
979 2535 1281 2606 αἰσθήσεων
1302 2573 1318 2595 ,
1365 2531 1487 2585 οὔτε
1514 2529 1692 2599 λέγειν

135 2638 302 2704 ἀξιον,
331 2637 412 2688 ὅτι
445 2633 722 2705 πόρρωθεν
766 2631 1012 2701 καθάπερ
1039 2647 1123 2692 τις
1155 2626 1430 2699 νεκρώδης
1461 2625 1691 2679 δυσωδία

134 2729 232 2800 τῆς
269 2727 441 2798 ψυχῆς
499 2725 934 2796 ἁποῤῥίπτεται,
984 2723 1018 2792 ἦ
1066 2737 1127 2773 τε
1175 2717 1548 2791 ρηνηλατοῦσα
1592 2715 1692 2779 τὰς

133 2819 305 2890 ὀσμὰς
369 2817 675 2888 δσφρησις,
728 2814 820 2868 καί
863 2814 896 2884 ἡ
942 2815 1008 2883 τῇ
1058 2809 1283 2882 λατρεία
1342 2808 1444 2878 τῆς
1491 2807 1695 2868 κοιλίας

135 2907 556 2980 προσκαθημένη
586 2905 794 2976 γεῦσις,
838 2905 931 2958 καὶ
973 2905 1007 2972 η
1054 2901 1164 2972 ἁφὴ
1211 2900 1347 2973 πρὸς
1373 2899 1600 2962 τούτοις,
1636 2898 1697 2950 τὸ

133 3000 536 3072 ἀνδραποδῶδες
581 3001 676 3052 καὶ⁸
727 2996 923 3066 τυφλὸν
972 2993 1343 3064 αἰσθητήριον,
1387 2992 1415 3045 ὃ
1443 2992 1582 3061 τάχα
1611 2989 1699 3044 διὰ

129 3096 258 3157 τοὺς
289 3092 523 3161 τυφλοὺς
566 3090 730 3161 μόνον
765 3091 800 3159 ἡ
832 3087 991 3157 φύσις
1030 3085 1304 3156 ἐποίησεν.
1353 3077 1454 3136 Ὧν
1485 3082 1699 3136 πάντων

129 3185 322 3256 ῶσπερ
345 3187 402 3237 ἐν
427 3183 578 3254 ὕπνῳ
602 3182 707 3236 τινὶ
733 3181 799 3235 δι’
826 3178 1097 3251 ἀπραξίαν
1129 3174 1569 3248 κεκρατημένων,
1599 3190 1699 3230 καέ

131 3277 275 3346 θαρὰ
426 3233 650 3346 ζιᾶῥὲίαξ
846 3273 879 3342 ἡ
910 3233 1184 3340 ἐνέργεια,
1213 3233 1306 3322 atat
1340 3233 1474 3337 πρὸς
1501 3233 1565 3318 τό
1591 3264 1703 3317 ἅνω

1812 3233 1920 3326 quo
1949 3252 2060 3306 sint
2086 3253 2227 3305 victa
2253 3259 2307 3304 et
2335 3242 2620 3319 oppressa,
2670 3264 2804 3321 pura
2851 3257 2936 3304 est
2961 3249 3144 3304 cordis
3176 3262 3371 3317 opera-

130 3369 323 3439 βλέ-πει
350 3369 379 3420 ὁ
406 3365 682 3435 λογισμὸς,
709 3363 1074 3433 ἀπεριήχητος
1102 3361 1277 3432 μένων
1306 3361 1371 3413 ἐκ
1397 3358 1495 3429 τῆς
1518 3355 1706 3427 αἰσθη-

127 3462 289 3530 τικῆς
327 3459 592 3529 κινήσεως
631 3457 724 3508 καὶ
754 3454 1039 3517 ἀθόλωτος.
1070 3453 1272 3522 Διπλῆς
1311 3453 1420 3523 γὰρ
1455 3450 1620 3521 οὔσης
1649 3452 1706 3503 ἐν

125 3556 195 3624 τῇ
231 3551 553 3623 ἀνθρωπίνῃ
582 3548 741 3618 φύσει
786 3547 886 3618 τῆς
931 3547 1156 3617 ἡδονῆς·
1202 3546 1301 3616 τῆς
1349 3545 1448 3616 μὲν
1479 3547 1536 3598 ἐν
1561 3543 1704 3616 ψυχῇ

123 3647 196 3699 δι’
226 3644 503 3706 ἀπαθείας
537 3640 949 3712 ἐνεργουμένης,
971 3639 1069 3710 τῆς
1097 3638 1153 3692 δὲ
1172 3637 1258 3692 διὰ
1290 3635 1493 3699 πάθους
1520 3637 1577 3689 ἐν
1601 3635 1706 3688 σώ-

130 3754 292 3808 ματι,
327 3737 509 3806 ⁴ἤνπερ
536 3733 602 3790 ἂν
646 3732 706 3798 ἐξ
744 3732 1067 3803 ἀμφοτέρων
1091 3734 1125 3801 ἠ
1157 3731 1473 3802 προαίρεσις
1502 3729 1708 3800 ἓληται,

123 3827 272 3898 αὕτη
301 3825 448 3880 κατὰ
469 3827 566 3897 τῆς
592 3825 780 3896 ἐτέρας
805 3823 867 3876 τὸ
890 3823 1088 3893 κράτος
1112 3821 1243 3891 ἔχει.
1285 3821 1371 3885 Ὡς
1395 3820 1448 3872 εί
1471 3837 1551 3882 τις
1576 3818 1710 3891 πρὸς

121 3917 228 3986 τὴν
273 3915 536 3984 αἴσθησιν
571 3913 777 3984 βλέποι,
807 3913 905 3982 τὴν
946 3911 1013 3970 δι’
1041 3910 1211 3980 αὐτῆς
1255 3911 1602 3983 ἐμφυομένην
1634 3907 1712 3978 τῷ

125 4005 354 4075 σώματι
383 4003 576 4075 ἡδονὴν
602 4002 979 4072 ἐφελκόμενος,
1015 3999 1276 4068 ἄγευστος
1304 4000 1402 4070 τῆς
1440 3999 1586 4062 θείας
1619 3999 1712 4050 εύ-

120 4097 420 4169 φροσύνης
453 4095 818 4158 διαδιώσεται,
861 4089 992 4146 διότι
1021 4091 1231 4162 πέφυκέ
1261 4109 1376 4155 πως
1411 4091 1714 4144 ἐπισκοτεῖ-

123 4187 261 4240 σθαι
291 4186 357 4240 τὸ
385 4190 632 4257 κρεῖττον
656 4185 760 4238 ὑπὸ
780 4183 873 4237 τοῦ
893 4183 1153 4254 χείρονος.
1184 4177 1278 4245 Οἷς
1299 4182 1341 4234 δ’
1366 4181 1431 4235 ἂν
1454 4179 1718 4249 ἐπιθυμία

116 4277 228 4346 τὴν
262 4277 412 4348 πρὸς
437 4276 499 4329 τὸ
513 4275 667 4328 Θεῑον
696 4274 808 4345 ἔχει
839 4273 1029 4345 ῥοπὴν,
1056 4270 1266 4334 τούτοις
1295 4271 1717 4338 ἁνεπισκότητον

119 4369 290 4440 μένει
335 4367 404 4420 τὸ
433 4366 657 4435 ἀγαθὸν,
693 4367 786 4420 καὶ
829 4365 1060 4434 φευκτὸν
1085 4363 1247 4417 ἅπαν
1278 4362 1554 4432 νομίζεται
1581 4358 1718 4414 εἶναι

112 4461 184 4514 τὸ
218 4457 641 4528 καταγοητεῦον
687 4458 789 4528 τὴν
819 4455 1091 4526 αἴσθησιν.
1141 4455 1239 4508 Διὰ
1283 4454 1438 4506 τοῦτο
1475 4455 1507 4520 ἡ
1551 4452 1716 4524 ψυχὴ,

1805 3347 1904 3411 tio,
1933 3352 1986 3398 et
2014 3357 2231 3397 rursum
2264 3342 2461 3412 aspicit
2498 3341 2778 3410 cogitatio,
2811 3348 2871 3396 ut
2921 3357 3041 3411 qua:
3085 3357 3115 3394 a
3173 3355 3377 3398 sensus

1806 3437 2048 3488 motione
2077 3434 2149 3488 sit
2176 3432 2346 3487 libera
2373 3440 2426 3485 et
2455 3431 2677 3488 minime
2717 3434 3051 3502 perturbata.
3080 3430 3213 3486 Nam
3244 3447 3371 3486 cum

1809 3526 1862 3580 in
1897 3525 2175 3581 hominum
2200 3534 2394 3578 natura
2416 3523 2613 3593 duplex
2646 3523 2720 3579 sit
2752 3525 3018 3593 voluptas,
3049 3525 3220 3580 altera
3250 3523 3376 3593 qui-

1809 3618 1933 3673 dem
1958 3632 2081 3689 quae
2112 3623 2398 3672 exercetur
2427 3617 2483 3670 in
2519 3616 2696 3670 anima
2734 3632 2830 3687 per
2879 3617 3333 3687 impatibilitatem
3355 3652 3377 3679 ,

1809 3709 1980 3763 altera
2017 3723 2146 3763 vero
2176 3723 2271 3776 per
2309 3709 2773 3776 perturbationem
2805 3708 2974 3762 animi
3005 3709 3061 3762 in
3121 3723 3376 3777 corpore,

1809 3813 1975 3869 quam
2005 3813 2068 3852 ex
2097 3798 2360 3852 ambabus
2387 3798 2616 3853 liberum
2671 3798 2894 3868 elegerit
2953 3799 3282 3861 arbitrium,
3312 3812 3382 3853 ea

1811 3890 2120 3946 dominatur
2147 3889 2200 3942 in
2227 3890 2474 3943 alteram.
2504 3888 2607 3954 Qui
2641 3889 2784 3942 enim
2815 3888 3010 3958 aspicit
3037 3889 3102 3942 ad
3129 3904 3381 3952 sensum,

1811 3981 1906 4051 qui
1939 3996 2035 4050 per
2061 3995 2121 4036 se
2150 3980 2371 4034 innatus
2406 3988 2491 4034 est
2531 3981 2780 4049 corpori,
2808 3979 2855 4034 is
2905 3989 3115 4034 tractus
3153 3994 3184 4033 a
3220 3981 3384 4035 v-oluv

1812 4081 1977 4145 ptate.
2003 4071 2171 4126 vitam
2197 4072 2452 4126 transibit
2483 4087 2679 4142 expers
2711 4083 2902 4142 gustus
2929 4073 3130 4128 divinae
3156 4074 3380 4138 laetitiae,

1816 4174 2102 4238 propterea
2137 4163 2278 4234 quod
2304 4164 2443 4219 solet
2479 4164 2806 4234 plerumque
2833 4166 2975 4234 quod
3030 4167 3387 4235 praestantius

1817 4265 1930 4321 est,
1964 4271 1994 4310 a
2044 4256 2303 4311 deteriori
2361 4256 2665 4311 obscurari.
2707 4255 2917 4322 Quibus
2953 4267 3131 4312 autem
3167 4258 3382 4314 deside-

1817 4349 1959 4404 rium
1985 4348 2052 4402 ad
2084 4348 2252 4402 Deum
2279 4356 2365 4402 est
2405 4363 2756 4418 propensum,
2796 4350 2863 4404 iis
2921 4365 3028 4404 non
3079 4351 3388 4406 involutum

1819 4440 2060 4495 tenebris
2091 4448 2272 4494 manet
2295 4439 2520 4504 bonum,
2549 4447 2603 4494 et
2632 4450 2887 4497 censetur
2915 4457 3037 4496 esse
3070 4441 3390 4509 fugiendum

109 4552 263 4604 ὅταν
315 4549 464 4621 μόνῃ
510 4551 574 4619 τῇ
612 4547 816 4618 θεωρίᾳ
857 4547 948 4600 τοῦ
993 4545 1142 4609 ὄντος
1167 4545 1541 4616 εὐφραίνηται,
1583 4546 1707 4616 πρὸς

1821 4529 2086 4601 quidquid
2106 4531 2274 4584 veluti
2300 4530 2627 4601 quibusdam
2663 4533 2888 4601 magicis
2930 4535 3262 4591 carminibus
3292 4535 3392 4589 de-

109 4642 289 4697 οὐδέν
347 4641 624 4712 ἐγρήγορε
658 4640 767 4692 τῶν
811 4638 1212 4708 ἐνεργουμένων
1262 4636 1382 4690 καθ’
1425 4636 1616 4708 ἡδονὴν
1650 4637 1716 4690 δι’

111 4734 493 4804 αἰσθήσεωςο
542 4729 679 4782 ἀλλὰ
710 4730 886 4782 πᾶσαν
919 4728 1232 4800 σωματικὴν
1269 4729 1720 4799 κατακοιμήσασα

111 4829 384 4897 κίνησιν,
421 4825 604 4894 γυμνῇ
639 4838 696 4874 τε
730 4821 825 4875 καὶ
876 4821 1090 4896 καθαρᾷ
1129 4823 1194 4891 τῇ
1239 4819 1444 4891 διανοίᾳ
1487 4819 1575 4872 διὰ
1622 4819 1720 4890 τῆς

111 4920 286 4982 θείας
319 4916 718 4989 ἐγρηγόρσεως
761 4903 974 4984 δέχεται
1001 4913 1095 4966 τοῦ
1124 4912 1256 4966 Θεοῦ
1280 4911 1377 4984 τὴν
1404 4911 1722 4982 ἐμφάνειαν.

109 5005 238 5072 τΗς
267 5009 379 5062 καὶ
413 5010 574 5078 ἡμεῖς
598 5003 959 5074 ἀξιωθείημεν
984 5003 1071 5057 διὰ
1100 5002 1192 5056 τοῦ
1237 5003 1524 5074 εἰρημένου
1557 5001 1725 5054 ὕπνου

111 5101 547 5174 κατορθοῦντες
613 5098 715 5164 τῆς
793 5095 970 5166 ψυχῆς
1041 5095 1138 5167 τὴν
1205 5096 1552 5166 ἐγρήγορσιν.
1639 5093 1728 5145 Ἐν

111 5189 372 5260 Χριστῷ
423 5187 617 5262 Ἰησοῦ,
657 5180 704 5256 ᾧ
730 5187 771 5260 ἡ
796 5185 921 5250 δόξα
954 5186 1034 5261 εἰς
1060 5186 1183 5260 τοὺς
1225 5182 1424 5248 αἰῶνας
1465 5182 1572 5236 τῶν
1601 5179 1729 5234 αἰώ-

111 5297 260 5332 νων.
283 5279 351 5330 ’Δ
362 5281 494 5349 μήν.

755 5455 851 5508 ΟΜ
859 5454 999 5508 [MA
1037 5454 1138 5506 Μ’.

193 5543 406 5611 Φωνὴ
455 5544 776 5613 ἀδελφιδοῦ
821 5565 941 5616 μου
993 5547 1191 5614 κρούει
1230 5546 1328 5600 ἐπὶ
1371 5547 1484 5614 τὴν
1526 5547 1731 5613 θύραν.

109 5640 190 5692 Ἀ
203 5638 450 5698 νοιξόν
465 5652 586 5703 μοι,
607 5638 643 5701 ἡ
661 5637 889 5707 ἀδελφή
909 5656 1051 5707 μου,
1073 5638 1113 5704 ἢ
1131 5639 1396 5705 πλησίον
1415 5656 1554 5706 μου,
1575 5654 1734 5706 περι-

101 5729 333 5798 στεριὶ
358 5744 512 5793 μου,
549 5729 745 5780 τελεία
776 5748 913 5797 μουο
950 5729 1039 5783 ὅτι
1070 5731 1108 5798 ἠ
1145 5727 1377 5798 κεφαλή
1401 5746 1518 5797 μου
1552 5728 1708 5793 ἐπλή

98 5823 251 5889 of";
285 5817 558 5889 δρόσου,
592 5819 690 5873 καὶ
721 5823 775 5873 oi
799 5821 1134 5889 βόστρυχοί
1167 5838 1285 5888 μου
1326 5818 1610 5886 ψεκὰδων
1631 5839 1735 5878 νυ.

1823 4622 1944 4677 linit
1973 4637 2038 4676 ac
2059 4621 2261 4691 decipit
2303 4637 2548 4678 sensum.
2603 4620 2893 4691 Propterea
2931 4625 3112 4679 anima
3169 4628 3395 4696 quando

1824 4715 2127 4770 delectatur
2159 4714 2277 4770 sola
2322 4714 2442 4783 ejus
2501 4714 2644 4784 quod
2676 4725 2761 4770 est
2807 4719 3287 4787 contemplatione,
3321 4735 3396 4775 ac

1824 4807 1962 4862 nihil
1993 4807 2192 4862 dicitur
2247 4805 2474 4875 vigilare
2505 4821 2692 4878 eorum
2755 4824 2878 4876 quze
2932 4809 3002 4862 ad
3057 4811 3398 4880 voluptatem

1827 4899 1964 4952 frunt
1996 4913 2093 4967 per
2115 4911 2360 4960 sensum,
2403 4897 2495 4952 sed
2529 4897 2673 4951 omni
2705 4914 2869 4954 sensu
2908 4904 3177 4971 corporali
3207 4913 3398 4968 exuta,

1826 4988 1972 5042 nuda
2000 4994 2054 5041 et
2085 5002 2219 5058 pura
2255 4995 2435 5042 mente
2463 5001 2560 5056 per
2597 4987 2836 5042 divinam
2870 4991 3106 5060 vigiliam
3141 4993 3234 5047 Dei
3268 5010 3398 5050 sus-

1833 5078 1966 5148 cipit
2011 5077 2429 5147 apparitionem.
2485 5078 2657 5144 Quam
2693 5095 2793 5134 nos
2820 5097 3037 5151 quoque
3068 5084 3217 5152 digni
3263 5099 3401 5138 cen-

1829 5184 2048 5234 seamur
2114 5167 2333 5238 assequi
2396 5183 2494 5239 per
2548 5184 2797 5225 somnum
2869 5173 3184 5243 praedictum
3252 5183 3406 5230 recte

1831 5268 2052 5332 agentes
2081 5259 2276 5313 animae
2307 5258 2572 5329 vigiliam.
2597 5260 2655 5315 ln
2681 5262 2899 5318 Christo
2922 5262 3077 5326 Jesu,
3104 5264 3190 5319 cui
3225 5265 3405 5336 gloria

1832 5355 1895 5409 in
1912 5352 2110 5409 sazcula
2140 5350 2483 5406 saeculorum.
2519 5352 2713 5407 Amen.

2406 5442 2695 5498 HOMILIA
2743 5445 2833 5500 XI.

1905 5533 2037 5591 Cn.
2066 5551 2119 5598 ν,
2147 5551 2202 5589 v.
2242 5534 2295 5589 2.
2330 5534 2441 5598 Vua:
2472 5538 2731 5605 patruelis
2759 5539 2860 5592 mei
2891 5539 3067 5607 pulsat
3087 5539 3156 5594 ad
3185 5542 3407 5596 ostium.

1836 5629 1994 5698 Aperi
2038 5627 2198 5692 mihi,
2255 5643 2406 5682 soror
2450 5645 2584 5690 mea,
2631 5631 2925 5698 propinqua
2973 5647 3108 5696 mea,
3160 5632 3410 5687 culmum

1842 5737 1978 5788 mea,
2006 5719 2234 5789 perfecta
2255 5737 2368 5775 mea
2395 5737 2412 5774 .'
2442 5724 2687 5791 quoniam
2718 5733 2872 5792 caput
2891 5740 3058 5777 meum
3087 5725 3295 5794 plenum
3325 5738 3409 5780 est
3495 5733 3498 5736 ’

1844 5835 1981 5888 rore,
2019 5826 2068 5876 ct
2099 5818 2327 5873 cincinni
2361 5819 2461 5873 mei
2505 5820 2663 5888 guttis
2698 5821 2886 5874 noctis.
2916 5821 2967 5876 5.
3006 5819 3144 5876 Exui
3173 5825 3407 5878 tunica»
