4028 6506
543 412 650 470 9i!

1747 405 1806 458 S.
1846 396 2172 458 GREGORII
2207 401 2498 465 NYSSENI

3695 405 3795 458 9'36

544 541 739 589 nteant,
789 524 1047 596 quomodo
1096 521 1313 576 induam
1369 520 1532 573 eam?
1583 515 1710 569 Lavi
1759 513 1912 583 pedes
1957 527 2119 571 meos,

2227 513 2386 579 κτός.
2437 512 2855 583 Ἐεεδυσάμην
2897 514 3002 570 τόν
3033 512 3252 583 χιτῶνά
3269 531 3415 583 μου.
3463 510 3589 579 πῶς
3621 514 3791 567 ἐνδύ-

545 618 802 676 quomodo
853 615 1138 686 inquinabo
1181 615 1316 668 eos?
1348 612 1402 664 4.
1462 608 1734 662 Patruelis
1787 622 1933 660 meus
1979 605 2122 658 misit

545 720 759 762 manum
801 723 950 759 suam
970 723 1068 779 per
1088 705 1350 773 foramen,
1414 710 1463 754 et
1501 711 1676 754 uenter
1710 713 1855 750 meus
1887 711 2122 750 commo-

545 813 632 855 tus
682 808 761 854 est
790 801 843 852 in
871 801 1066 866 ipsum.

607 973 729 1031 Hoc
753 989 971 1045 quoque
999 982 1083 1030 est
1121 989 1290 1028 unum
1316 989 1382 1028 ex
1411 985 1625 1040 magnis
1670 967 1888 1022 Domini
1917 980 2122 1036 praece-

538 1069 674 1140 ptis,
739 1085 836 1141 per
887 1084 1010 1138 quze
1083 1081 1240 1120 mens
1300 1063 1692 1134 discipulorum
1745 1057 1933 1120 Verbi,
1995 1064 2119 1111 tan-

547 1177 713 1232 quam
745 1160 976 1231 quodam
1005 1160 1231 1230 pulvere
1261 1173 1290 1211 a
1324 1173 1382 1212 se
1411 1169 1646 1211 excusso
1678 1153 1940 1207 universo
1968 1149 2117 1220 quod

541 1254 596 1307 in
627 1263 824 1308 natura
857 1251 1132 1322 particeps
1171 1257 1255 1306 est
1305 1248 1566 1312 materiae,
1623 1245 1694 1299 ad
1753 1256 2119 1314 supernorum

536 1347 817 1402 attollitur
854 1344 1210 1401 desiderium.
1233 1340 1348 1398 Hoc
1379 1351 1562 1396 autem
1595 1348 1680 1395 est
1711 1346 1965 1408 oportere
1989 1351 2116 1392 esse

539 1457 739 1498 somno
770 1444 1104 1512 potentiores
1128 1454 1224 1494 eos
1264 1438 1362 1509 qui
1393 1436 1461 1492 ad
1491 1436 1656 1491 vitam
1701 1434 1976 1504 aspiciunt
2025 1447 2120 1486 su-

537 1547 787 1603 pernam,
821 1540 875 1588 et
902 1539 1081 1586 mente
1115 1539 1379 1602 perpetuo
1422 1529 1668 1598 vigilare,
1701 1526 1870 1582 veluti
1921 1539 2119 1595 quam-

543 1626 670 1678 dam
710 1624 1017 1678 animarum
1049 1622 1417 1692 deceptricem
1444 1628 1499 1676 et
1524 1619 1771 1675 veritatis
1813 1615 2118 1673 insidiatri-

539 1731 660 1770 cem
691 1716 1026 1786 expellentes
1072 1730 1141 1770 ex
1209 1715 1384 1770 oculis
1430 1713 1897 1768 domitation‘enr.
1957 1709 2113 1764 illum

541 1809 667 1864 dico
696 1825 948 1864 somnum
977 1818 1034 1864 et
1057 1808 1527 1868 dormitationem,
1561 1821 1656 1876 per
1679 1821 1802 1875 qua:
1835 1804 1904 1860 iis
1935 1803 2030 1874 qui
2058 1804 2112 1857 in

2225 619 2406 673 σομαι
2453 607 2671 671 ain-6r;
2735 606 3063 676 Ἐνιψὰμην
3102 605 3243 672 τοὺς
3274 605 3462 671 πόδας
3495 624 3639 674 μου,
3671 604 3793 671 πῶς

2217 695 2463 765 μολυνῶ
2486 699 2746 766 αὐτούς;
2783 699 3128 769 Ἀδελφιδός
3141 717 3260 769 μου
3286 698 3606 753 ἀπέστειλε
3632 697 3794 768 χεῖρα

2223 790 2409 844 αὐτοῦ
2437 791 2555 844 ἀπὸ
2589 792 2766 859 ὀπῆς,
2806 793 2906 847 καὶ
2949 794 2988 862 -ὴ
3037 795 3234 848 κοιλία
3264 811 3383 864 μου
3425 792 3676 861 ἐθροήθη
3705 792 3794 845 ἐπ’

2223 882 2430 935 αὐτόν.

2300 973 2394 1025 Ἐν
2423 975 2516 1026 καὶ
2545 975 2701 1028 τοῦτο
2737 975 2846 1028 τῶν
2887 975 3135 1046 μεγάλων
3179 974 3654 1046 παραγγελμάτων
3681 973 3798 1026 ἐστὶ

2220 1068 2316 1122 τοῦ
2349 1067 2573 1137 Κυρίου,
2604 1068 2671 1121 δι’
2707 1061 2782 1120 ὦν
2813 1071 2846 1138 ἡ
2872 1070 3080 1122 διάνοια
3102 1068 3210 1121 τῶν
3241 1067 3694 1139 μαθητευομένων
3721 1065 3798 1136 τῷ

2221 1157 2400 1229 Λόγῳ,
2423 1159 2671 1230 καθάπερ
2699 1160 2820 1214 τινὰ
2841 1161 2968 1230 χοῦν
2998 1162 3141 1215 ἆπαν
3165 1159 3225 1213 τὸ
3250 1160 3446 1223 ὑλῶδες
3464 1159 3560 1230 τῆς
3582 1157 3797 1228 φύσεως

2219 1250 2314 1319 ἀφ’
2367 1253 2567 1321 ἑαυτῆς
2611 1252 2974 1318 ὲκτινάξασα,
3023 1251 3158 1322 πρὸς
3201 1253 3300 1322 τὴν
3344 1251 3638 1321 ὲπιθυμίαν
3686 1250 3798 1304 τῶν

2221 1343 2630 1415 ὑπερκειμένων
2678 1347 2982 1416 ἐπαίρεται.
3037 1345 3208 1398 Τοῦτο
3268 1345 3325 1398 δέ
3376 1347 3531 1411 ἐστι,
3583 1343 3645 1398 τὸ
3686 1344 3797 1397 δεῖν

2219 1435 2502 1507 κρείττους
2532 1433 2667 1490 εἶναι
2699 1436 2794 1490 τοῦ
2825 1438 2993 1492 ὑπνου
3058 1440 3184 1502 τοὺς
3222 1438 3358 1510 πρὸς
3389 1439 3487 1509 τὴν
3515 1438 3630 1492 ἄνω
3652 1436 3796 1508 ζωὴν

2221 1526 2534 1598 βλέποντας,
2567 1530 2660 1582 καὶ
2684 1529 2775 1583 διὰ
2799 1530 3000 1594 παντὸς
3041 1530 3404 1603 ἐγρηγορέναι
3449 1533 3516 1602 τῇ
3563 1530 3795 1602 διανοίᾳ,

2217 1612 2329 1673 οἷον
2376 1619 2668 1674 ἀπατεῶνα
2714 1638 2834 1674 τινα
2877 1622 2985 1674 τῶν
3033 1621 3220 1693 ψυχῶν
3267 1622 3363 1675 καὶ
3410 1621 3512 1691 τῆς
3543 1621 3798 1692 ἀληθείας

2218 1709 2526 1775 ἐπίϐουλον,
2552 1711 2642 1764 τὸν
2668 1713 2977 1784 νυσταγμδν
3009 1712 3117 1766 τῶν
3147 1713 3442 1783 ὀφθαλμῶν
3469 1713 3799 1768 ἀπελαύνον-

2217 1820 2339 1864 τας.
2389 1803 2626 1857 Ἐκεῖνον
2670 1803 2814 1871 λέγω
2860 1805 2952 1858 τὸν
2999 1806 3308 1876 νυσταγμὺν
3341 1806 3436 1860 καὶ
3473 1806 3564 1859 τὸν
3608 1805 3797 1871 ὕπνον,

539 1901 663 1955 vita:
708 1915 951 1955 errorem
1011 1897 1282 1970 profunde
1346 1867 1776 1966 imnterguntur,
1837 1893 2116 1964 ﬁnguntur

2221 1895 2288 1948 δι’
2310 1889 2386 1949 ὧν
2416 1895 2710 1950 πλάττεται
2737 1867 2850 1960 τοῖς
2872 1867 3231 1968 ἐμϐαθύνουσι
3255 1901 3318 1969 τῇ
3347 1897 3444 1952 τοῦ
3472 1897 3589 1969 βίου
3612 1867 3798 1971 ἀπάτη

537 1990 655 2045 haec
695 1989 809 2044 visa
835 1989 1197 2051 somniorum,
1232 2002 1426 2058 nempe
1482 1986 1859 2056 magistratus,
1891 1983 2117 2045 divitiae,

538 2083 736 2146 fastus,
803 2082 1090 2153 praestigiae
1160 2081 1524 2150 voluptatum,
1584 2078 1769 2149 gloriae
1823 2076 2117 2146 cupiditas,

521 2175 755 2230 deliciis
791 2172 1005 2229 fruendi
1028 2172 1389 2232 desiderium.
1421 2171 1669 2234 ambitio,
1699 2178 1753 2224 et
1779 2183 2123 2239 quaecunque

541 2268 600 2320 in
627 2267 728 2321 hac
755 2267 866 2320 vita
897 2267 965 2321 ab
995 2267 1064 2320 iis
1101 2265 1194 2334 qui
1228 2271 1360 2320 sunt
1387 2264 1570 2319 minus
1605 2261 1964 2326 considerati,
2001 2261 2121 2315 fru-

537 2367 655 2412 stra
701 2358 1008 2412 vehementi
1070 2356 1256 2412 studio
1309 2361 1670 2425 appetuntur,
1721 2370 1841 2424 qua;
1878 2361 2008 2410 sunt
2039 2351 2123 2408 εἱσι

539 2449 762 2503 ﬂuentia
795 2463 921 2502 cum
942 2447 1161 2503 labente
1184 2463 1248 2502 ac
1279 2454 1600 2502 transeunte
1620 2446 1880 2516 temporis
1903 2453 2131 2524 natura,

537 2552 593 2594 et
625 2554 779 2596 suam
811 2541 1016 2595 habent
1048 2539 1343 2596 essentiam
1375 2540 1430 2593 in
1461 2554 1532 2594 eo
1563 2538 1707 2607 quod
1737 2553 1858 2592 esse
1893 2537 2117 2591 videan-

539 2642 650 2697 tur,
677 2640 734 2685 ut
771 2647 891 2701 qua:
920 2646 1096 2700 neque
1153 2638 1258 2689 sint
1291 2630 1436 2700 quod
1465 2630 1874 2692 existimantur,
1932 2643 2112 2699 neque

539 2733 802 2795 perpetuo
825 2732 1180 2793 permaneant
1209 2724 1262 2778 in
1294 2739 1358 2778 eo
1397 2723 1540 2794 quod
1570 2723 1980 2786 existimantur,
2017 2722 2118 2779 sed

512 2832 514 2835 '
541 2817 707 2872 simul
738 2825 791 2870 et
828 2815 942 2869 ﬁeri
973 2815 1262 2870 videantur
1287 2824 1341 2869 et
1374 2823 1626 2885 pereant,
1651 2815 1827 2870 instar
1855 2815 2118 2869 ﬂuctuum

541 2907 635 2976 qui
675 2907 729 2961 in
759 2907 918 2977 aquis
957 2915 1252 2977 assurgunt
1287 2907 1341 2960 in
1387 2908 1668 2972 verticem,
1709 2914 1762 2961 et
1801 2906 1865 2960 ad
1904 2915 2120 2976 tempus

540 3005 694 3053 motu
723 3006 1014 3053 ventorum
1051 2997 1245 3062 inﬂati,
1279 3014 1386 3052 non
1434 2998 1635 3052 habent
1666 2997 1874 3052 firmam
1911 3013 1972 3051 ac
2009 3011 2121 3050 sta-

541 3088 706 3144 bilem
733 3091 970 3144 tumoris
1010 3090 1382 3157 durationem,
1421 3097 1482 3144 ut
1511 3091 1604 3160 qui
1645 3105 1769 3143 cum
1813 3090 1962 3144 brevi
2005 3105 2121 3143 mo-

546 3191 733 3236 mento
763 3185 1022 3252 temporis
1089 3183 1254 3238 simul
1297 3183 1722 3247 assurrexerint,
1759 3198 1955 3238 rursus
2005 3183 2118 3252 pla-
2147 3216 2191 3274 ο

543 3290 670 3330 nam
702 3282 756 3330 et
791 3275 1109 3344 aequabilem
1144 3275 1436 3328 ostendant
1463 3274 1628 3328 maris
1662 3273 2025 3343 superficiem,
2065 3281 2121 3325 ut

542 3367 638 3437 qui
667 3367 844 3421 simul
865 3380 991 3419 cum
1032 3364 1161 3418 ﬂatu
1186 3365 1502 3420 defecerint.
1537 3363 1608 3418 Ut
1651 3381 1782 3435 ergo
1832 3366 2014 3436 procul
2052 3367 2122 3420 sit

513 3473 698 3511 utens
731 3469 919 3510 nostra
983 3470 1011 3508 a
1055 3456 1188 3510 visis
1219 3455 1508 3523 ejusmodi,
1545 3471 1762 3524 gravem
1797 3457 1942 3511 hunc
1977 3471 2123 3510 som-

553 3561 684 3599 num
742 3545 898 3614 jubet
953 3547 1132 3600 excuti
1169 3547 1238 3600 ab
1285 3547 1458 3602 oculis
1493 3547 1714 3612 mentis,
1771 3564 1838 3602 ne
1887 3549 2014 3602 dum
2066 3548 2121 3603 in

512 3671 514 3674 ν
551 3652 638 3699 ca,
671 3652 795 3706 qum
819 3651 928 3690 non
961 3645 1107 3700 sunt,
1142 3637 1382 3689 studium
1420 3636 1777 3699 conferimus,
1802 3639 2120 3693 excidamus

560 3728 629 3782 ab
670 3727 737 3782 iis
771 3741 892 3797 qua:
930 3729 1234 3782 consistunt
1266 3739 1318 3781 et
1353 3743 1478 3781 vere
1533 3738 1677 3782 sunt.
1722 3728 1786 3781 Et
1842 3730 1965 3784 ideo
2019 3745 2122 3785 nos

543 3819 799 3875 admonet
831 3827 890 3873 ut
937 3819 1247 3890 vigilemus,
1300 3819 1534 3874 dicens:
1595 3818 1713 3874 Sint
1750 3821 1914 3875 lumbi
1962 3823 2122 3876 vestri

561 3913 835 3976 succincti,
863 3920 910 3966 et
939 3911 1167 3965 lucerna:
1196 3913 1436 3965 ardentes
1470 3913 1522 3965 in
1549 3912 1808 3967 manibus
1841 3915 2026 3968 vestris
2052 3917 2117 3967 “.

507 4025 510 4027 λ
551 4002 687 4062 Nam
745 4015 801 4060 et
852 4005 943 4059 lux
998 4020 1268 4074 apparens
1307 4006 1361 4058 in
1399 4005 1593 4069 oculis,
1628 4006 1696 4059 ab
1759 4006 1839 4060 eis
1901 4007 2120 4076 expellit

551 4112 803 4150 somnum
831 4113 847 4152 :
879 4105 934 4150 et
959 4095 1180 4152 lumbus
1220 4097 1500 4151 accinctus
1529 4097 1688 4152 eﬂicit
1718 4113 1810 4168 per
1843 4099 2119 4168 cingulum

542 4193 597 4236 ut
635 4199 834 4254 corpus
865 4184 1138 4238 somnium
1201 4199 1306 4236 non
1366 4186 1542 4253 possit
1585 4185 1895 4248 admittere,
1953 4201 2120 4241 sensu

543 4276 789 4330 laborum
816 4291 926 4329 non
961 4274 1282 4329 admittente
1321 4277 1498 4329 somni
1537 4277 1948 4333 relaxationetn.
1981 4278 2121 4332 Sunt

541 4375 724 4422 autem
756 4367 980 4421 omnino
1037 4366 1368 4429 manifesta,
1424 4382 1545 4437 quae
1600 4368 1974 4438 signiﬁcantur
2027 4385 2121 4440 per

542 4460 870 4529 amigmata:
904 4473 1098 4529 nempe
1129 4459 1274 4528 quod
1329 4462 1421 4528 qui
1460 4468 1544 4514 est
1586 4462 1868 4518 accinctus
1914 4472 2121 4532 tempe-

2220 1989 2290 2043 τὰ
2307 1987 2564 2058 ὀνειρώδη
2589 1989 2759 2042 ταῦτα
2784 1990 3164 2060 φαντάσματα,
3187 1991 3241 2043 αἱ
3275 1991 3458 2062 ἀρχαὶ,
3483 1992 3532 2044 oi
3553 1990 3796 2054 πλοῦτοι,

2222 2080 2278 2133 αἱ
2309 2079 2634 2138 δυναστεῖαι,
2681 2083 2708 2133 ὁ
2747 2082 2936 2148 τύφος,
2983 2083 3018 2151 ἡ
3068 2081 3154 2134 διὰ
3185 2081 3293 2134 τῶν
3328 2081 3528 2152 ἡδονῶν
3554 2082 3796 2153 γοητεία.

2223 2169 2283 2222 τὸ
2313 2168 2584 2238 φιλόδοξάν
2609 2186 2667 2222 τε
2700 2171 2794 2226 καὶ
2812 2169 3228 2237 ἀπολαυστικὸν,
3256 2171 3351 2225 καὶ
3379 2171 3682 2243 φιλότιμον,
3706 2174 3802 2226 καὶ

2223 2261 2400 2315 πάντα
2426 2263 2526 2315 ὅσα
2558 2263 2702 2316 κατὰ
2728 2263 2818 2316 τὸν
2852 2263 2965 2332 βίον
2994 2262 3184 2318 τοῦτον
3229 2266 3341 2328 τοῖς
3380 2265 3803 2328 ἀνεπισκέπτως

2223 2351 2309 2406 διά
2337 2368 2484 2414 τινος
2519 2351 2816 2420 φαντασίας
2853 2351 3028 2422 μάτην
3065 2351 3442 2416 σπουδάζεται,
3469 2351 3505 2406 ἃ
3527 2355 3596 2422 τῇ
3632 2369 3802 2424 παρο-

2222 2442 2342 2513 δικῇ
2366 2441 2459 2495 τοῦ
2488 2442 2678 2513 χρόνου
2707 2441 3199 2513 συμπαραρῤἐοντα
3224 2441 3405 2511 φύσει,
3439 2443 3495 2494 ὲν
3525 2440 3600 2511 τῷ
3625 2440 3802 2495 δοκεῖν

2224 2533 2334 2602 ἔχει
2365 2533 2424 2584 τὸ
2453 2528 2612 2596 εἷναι,
2647 2531 2768 2583 οὔτε
2803 2531 2932 2584 ὄντα
2963 2531 3101 2602 ὅπερ
3132 2531 3433 2601 νομίζεται,
3461 2530 3584 2584 οὔτε
3615 2531 3675 2584 ὲν
3697 2532 3800 2584 αὑ-

2222 2627 2402 2698 τῷτῴ
2443 2625 2755 2696 νομίζεσθαι
2795 2625 2931 2696 πρὸς
2977 2626 3038 2678 τὸ
3084 2625 3330 2696 διηνεκὲς
3378 2625 3799 2696 παραμένοντα·

2225 2719 2339 2773 ἀλλ’
2368 2718 2502 2788 ὁμοῦ
2532 2716 2778 2786 γίνεσθαί
2809 2733 2870 2770 τε
2899 2716 3159 2770 δοκοῦντα
3192 2718 3282 2771 καὶ
3313 2717 3682 2788 ἀπολλύμενα,
3713 2735 3803 2770 κυ-

2225 2815 2412 2884 μάτων
2455 2812 2610 2884 δίκην
2657 2812 2764 2866 τῶν
2811 2812 3300 2884 ὲγκορυφουμένων
3337 2815 3448 2875 τοῖς
3495 2811 3721 2876 ὕδασιν,
3767 2811 3804 2865 ἃ

2223 2908 2360 2978 πρὸς
2386 2908 2574 2976 καιρὸν
2599 2908 2665 2975 τῇ
2691 2905 2900 2976 κινήσει
2930 2904 3036 2958 τῶν
3069 2903 3290 2974 ἀνέμων
3321 2903 3801 2973 συνδιογκούμενα,

2223 2999 2475 3052 ἀϐέϐαιον
2519 3001 2598 3062 είς
2643 2999 2901 3070 διαμονὴν
2947 2998 3059 3069 ἔχει
3102 2998 3192 3050 τὸν
3233 2998 3429 3066 ὖγκονσ
3479 3000 3537 3052 ἐν
3574 2997 3808 3069 βραχείᾳ

2225 3090 2332 3160 γὰρ
2365 3093 2428 3161 τῇ
2462 3092 2600 3161 ῥοπῇ
2632 3093 3036 3143 συναναστάντα
3060 3088 3154 3142 τοῦ
3190 3089 3519 3158 πνεύματος,
3551 3089 3712 3142 πάλιν
3746 3093 3804 3141 ὲν

2225 3182 2412 3252 ὁμαλῷ
2441 3182 2536 3253 τὴν
2560 3186 2658 3253 τῆς
2692 3182 2965 3253 θαλάσσης
3018 3184 3340 3252 ἐπιφάνειαν
3365 3176 3625 3250 δείκνυσι,
3670 3200 3806 3251 συγ-

2226 3273 2632 3326 κατασταλέντα
2664 3273 2742 3344 τῷ
2771 3273 3060 3344 πνεύματι.
3120 3275 3208 3338 Ὠς
3239 3270 3332 3328 οὖν
3361 3274 3466 3340 ἔξω
3492 3274 3601 3327 τῶν
3626 3274 3808 3328 τοιούο

2223 3382 2331 3418 των
2374 3363 2582 3433 γένοιτο
2631 3367 2931 3436 φασμάτων
2960 3366 3090 3438 ἡμῖν
3140 3369 3172 3438 ἡ
3219 3368 3448 3430 διάνοια,
3495 3367 3587 3420 τὸν
3632 3368 3806 3438 βαρὺν

2222 3456 2408 3513 τοῦτον
2439 3459 2603 3512 ὕπνον
2638 3458 2987 3512 ἀποσείεσθαι
3029 3459 3135 3512 τῶν
3177 3460 3276 3530 τῆς
3320 3461 3498 3530 ψυχῆς
3541 3461 3808 3531 ὀμμάτων

2226 3549 2618 3610 διακελεύεται,
2651 3550 2736 3602 ἵνα
2769 3551 2842 3622 μὴ
2870 3552 2935 3620 τῇ
2986 3553 3115 3622 περὶ
3151 3551 3212 3604 τὸ
3244 3551 3593 3622 ἀνύπαρκτον
3631 3570 3808 3606 octaua

2223 3640 2308 3712 δῇ,
2354 3642 2462 3694 τῶν
2494 3635 2815 3710 ὑφεστώτων
2839 3659 2899 3694 τε
2935 3643 3028 3696 καὶ
3069 3642 3144 3704 ὡς
3170 3641 3386 3712 ἀληθῶς
3415 3643 3586 3696 δντων
3614 3643 3811 3697 ἀπολι-

2225 3733 2530 3803 σθήσωμεν.
2579 3734 2676 3785 Διὰ
2715 3732 2874 3787 τοῦτο
2909 3735 3004 3788 καὶ
3031 3733 3342 3787 ὑποτίθεται
3387 3735 3517 3804 ἡμῖν
3557 3735 3808 3789 ἐπίνοιαν

2221 3828 2322 3896 τῆς
2341 3825 2740 3897 ἐγρηγόρσεως,
2757 3826 2952 3895 λέγων·
2978 3828 3296 3880 Ἔστωσαν
3307 3826 3472 3896 ὑμῶν
3493 3830 3552 3881 αλ
3573 3826 3812 3897 ὀσφῦες

2223 3917 2697 3985 περιεζωσμέναι,
2729 3918 2824 3970 καὶ
2872 3921 2927 3972 οἱ
2968 3919 3185 3986 λύχνοι
3228 3922 3527 3989 καιόμενοι
3558 3921 3628 3973 ἐν
3677 3922 3813 3987 ταῖς

2223 4010 2438 4078 χερσὶν
2477 4008 2662 4079 ὑμῶν.
2711 4011 2835 4075 Τοῖς
2879 4029 2939 4064 τε
2980 4012 3088 4084 γὰρ
3133 4011 3430 4082 ὀφθαλμοῖς
3460 4013 3519 4066 τὸ
3553 4013 3670 4082 φῶς
3701 4015 3810 4084 ep-

2224 4100 2548 4171 φαινόμενον
2579 4101 2836 4154 ἀποσοϐεῖ
2861 4101 2970 4155 τῶν
2997 4102 3260 4173 ὀμμάτων
3283 4103 3374 4156 τὸν
3403 4103 3570 4158 ὕπνον
3591 4120 3602 4132 ·
3650 4107 3745 4158 καὶ
3773 4107 3811 4176 ἡ

2222 4194 2394 4262 ὀσφὺς
2431 4193 2786 4264 διεσφιγμένη
2836 4193 2923 4248 διὰ
2955 4195 3054 4266 τῆς
3084 4193 3280 4267 ζώνης,
3315 4196 3697 4266 ἁπαράδεκτον
3725 4197 3812 4268 τῷ

2225 4283 2377 4355 ὕπνῳ
2397 4286 2801 4356 παρασκευάζει
2829 4286 2891 4339 τὸ
2917 4285 3097 4356 σῶμα,
3127 4287 3188 4340 ού
3220 4288 3590 4358 προσιεμένης
3613 4288 3717 4359 τὴν
3737 4289 3810 4342 ἐκ

2222 4376 2316 4430 τοῦ
2349 4378 2518 4432 ὕπνου
2562 4377 2746 4431 ἄνεσιν
2775 4379 2873 4448 τῆς
2897 4377 3005 4431 τῶν
3044 4379 3221 4432 πόνων
3269 4377 3593 4449 αἰσθήσεως.
3649 4378 3810 4446 Σαφῆ

2223 4470 2281 4523 δὲ
2313 4470 2526 4534 πάντως
2569 4471 2687 4523 ἐστὶ
2718 4470 2786 4523 τὰ
2814 4470 2903 4524 διὰ
2943 4469 3052 4522 τῶν
3087 4471 3425 4542 αἰνιγμάτων
3452 4470 3760 4542 δηλούμενα
3789 4481 3807 4500 δ

545 4551 742 4613 rantia,
769 4550 824 4604 in
855 4550 975 4604 luce
1001 4565 1150 4620 pura:
1180 4553 1528 4607 conscientiae
1555 4555 1710 4619 vivit,
1741 4555 1870 4609 dmn
1895 4556 2117 4610 lucerna

2226 4565 2306 4618 ὅτι
2325 4565 2354 4616 ὁ
2380 4567 2445 4635 τῇ
2478 4563 2799 4637 σωφροσύνῃ
2827 4562 3185 4635 διεζωσμένος
3217 4567 3275 4618 ὲν
3308 4561 3448 4634 φωτὶ
3474 4564 3540 4636 ζῇ
3574 4564 3668 4618 τοῦ
3698 4582 3808 4618 κα-

544 4643 713 4697 vitam
769 4643 1011 4697 illustrat
1073 4655 1421 4713 prmsentetn,
1481 4661 1577 4716 per
1621 4663 1785 4716 quam
1824 4656 2120 4718 apparente

551 4735 801 4798 veritate,
832 4735 1014 4790 anima
1048 4747 1229 4791 manet
1277 4737 1546 4793 insomnis
1577 4747 1632 4793 et
1674 4739 1981 4810 deceptioni
2015 4741 2119 4795 mi-

547 4825 699 4878 nime
739 4814 1016 4889 'obnoxia,
1060 4834 1114 4880 et
1166 4843 1288 4896 quae
1346 4829 1548 4884 nullius
1602 4830 1796 4885 horum
1843 4831 2118 4904 fallaciam

543 4913 883 4969 somniorum
938 4915 1007 4971 sit
1047 4917 1340 4986 particeps.
1407 4917 1474 4973 Ut
1519 4929 1703 4974 autem
1753 4931 2118 4993 congruenter

543 5004 710 5060 Verbi
772 5006 1118 5077 explicationi
1177 5009 1279 5064 hoc
1339 5019 1488 5066 recte
1544 5021 1804 5083 geratur,
1870 5015 2117 5085 angelica

539 5095 790 5167 quaedam
815 5099 928 5152 vita
965 5115 1066 5154 nos
1092 5101 1313 5172 excipit.
1360 5099 1456 5158 llis
1506 5105 1653 5158 enim
1715 5120 1816 5161 nos
1850 5106 2116 5162 assimilat

543 5188 785 5242 divinum
818 5197 1168 5260 preceptum,
1201 5207 1323 5245 cum
1348 5191 1480 5247 dicit
1511 5211 1525 5247 :
1556 5192 1626 5247 Et
1661 5211 1747 5248 vos
1781 5196 1978 5251 similes
2017 5197 2116 5252 Ito-

545 5280 778 5334 minibus
812 5275 1237 5348 exspectantibus
1264 5283 1536 5338 dominum
1561 5301 1718 5340 suum
1766 5289 1981 5357 quando
2030 5303 2117 5345 re-

496 5359 504 5368 ’
543 5371 664 5425 deat
690 5389 723 5424 a
753 5372 977 5441 nuptiis,
1023 5382 1081 5427 ut
1126 5391 1242 5428 cum
1277 5377 1470 5429 venerit
1499 5387 1549 5431 et
1594 5377 1906 5446 pulsauerit,
1940 5383 2120 5453 confe-

553 5467 676 5519 stim
713 5468 762 5520 ei
797 5468 1036 5536 aperiant
1065 5466 1131 5522 ⁸⁸.
1160 5467 1236 5521 Illi
1269 5470 1414 5523 enim
1464 5479 1594 5526 sunt
1639 5473 1734 5542 qui
1775 5472 1987 5530 Domini
2022 5491 2119 5533 ex-

551 5565 806 5627 spectant
843 5559 1075 5614 reditum
1109 5573 1138 5613 a
1182 5560 1409 5630 nuptiis,
1467 5569 1522 5617 et
1565 5565 1888 5624 cmlestibus
1946 5571 2119 5638 portis

544 5648 721 5705 oculis
754 5649 999 5706 assident
1042 5649 1415 5723 vigilantibus,
1451 5662 1510 5709 ut
1539 5670 1634 5727 per
1666 5671 1761 5714 eas
1807 5674 2000 5718 rursus
2031 5661 2116 5718 in-

628 5821 938 5894 κιυωυ,
973 5828 1058 5883 55.
1161 5830 1203 5862 "
1241 5830 1370 5887 ibid.
1411 5833 1496 5890 3'5.

2223 4658 2392 4730 θαροῦ
2421 4653 2739 4724 συνειδότος,
2773 4655 2868 4710 τοῦ
2889 4655 3082 4728 λύχνου
3112 4659 3212 4726 τῆς
3240 4657 3554 4728 παρρησίας
3573 4657 3664 4710 τὸν
3689 4656 3810 4728 βίον

2223 4749 2680 4822 περιαυγὰζοντος
2705 4788 2720 4812 ,
2772 4743 2832 4804 οὗ
2885 4747 2985 4821 τῆς
3046 4748 3305 4819 ἀληθείας
3360 4750 3810 4822 προφαινομένης

2221 4836 2426 4903 ἄϋπνός
2469 4857 2528 4894 τε
2561 4841 2653 4895 καὶ
2679 4839 3087 4910 ἀνεξαπάτητος
3123 4839 3157 4912 ἡ
3205 4839 3350 4912 ψυχὴ
3399 4839 3664 4911 διαμένει,
3713 4840 3810 4892 οὑο

2219 4931 2330 4986 δενὶ
2355 4932 2464 4986 τῶν
2491 4931 2697 4986 ἀτελῶν
2728 4932 2931 4986 τούτων
2963 4932 3187 5003 ὀνείρων
3220 4931 3697 5003 ὲμματαιάζουσα.
3741 4922 3808 4984 εἰ

2218 5023 2276 5079 δὲ
2297 5023 2454 5078 τοῦτο
2479 5023 2846 5096 κατορθωθείη
2884 5023 3021 5078 κατὰ
3047 5025 3146 5096 τὴν
3165 5023 3258 5078 τοῦ
3295 5021 3470 5093 Λόγου
3495 5023 3805 5093 ὑφήγησιν.

2220 5118 2505 5187 άγγελικός
2541 5135 2624 5181 τις
2675 5119 2822 5188 ἡμᾶς
2867 5117 3170 5185 διαδέχεται
3231 5116 3362 5187 βίος.
3421 5115 3643 5178 Τούτοις
3689 5115 3806 5184 γὰρ

2219 5208 2365 5278 ἡμᾶς
2392 5206 2567 5279 ὁμοιοῖ
2591 5208 2651 5260 τδ
2680 5207 2820 5262 θεῖον
2851 5207 3237 5279 παράγγελμα,
3267 5202 3333 5260 δι’
3361 5199 3436 5261 ὧν
3465 5223 3631 5277 φησιν
3651 5223 3666 5236 ·
3718 5208 3806 5259 ὅτι

2218 5297 2326 5352 Καὶ
2356 5298 2525 5367 ὑμεῖς
2551 5297 2739 5367 ὅμοιοι
2782 5297 3120 5366 ἀνθρώποις
3150 5297 3661 5368 προσδεχομένοις
3695 5296 3807 5350 τὸν

2218 5390 2426 5456 κύριον
2449 5389 2698 5455 ἑαυτῶν,
2728 5391 2873 5444 πότε
2899 5391 3182 5458 ἀναλύσῃ
3203 5391 3272 5444 ἐκ
3304 5389 3424 5443 τῶν
3450 5389 3676 5459 γάμων,
3701 5390 3805 5441 ἵνα

2216 5484 2501 5549 ἐλθόντος
2555 5481 2652 5536 καὶ
2719 5483 3126 5552 κρούσαντος,
3189 5480 3406 5548 εὐθέως
3469 5478 3807 5545 ἀνοίξωσιν

2216 5566 2393 5640 αὐτῷ.
2447 5575 2674 5629 Ἐκεῖνοι
2700 5575 2807 5648 γάρ
2839 5576 2977 5629 εἰσιν
3021 5575 3071 5629 οί
3116 5567 3536 5646 προσδεχόμενοι
3563 5571 3655 5625 τοῦ
3689 5569 3803 5625 Κυ-

2231 5667 2344 5738 ρίου
2383 5664 2482 5741 τὴν
2518 5669 2583 5722 ἐκ
2619 5667 2726 5723 τῶν
2754 5663 2946 5739 γάμων
2971 5668 3247 5736 ἐπάνοδον,
3289 5667 3381 5720 καὶ
3416 5667 3537 5729 ταῖς
3559 5667 3802 5733 incapa-
