4028 6486
1876 385 1936 441 S.
1976 380 2304 440 GREGORII
2338 380 2629 437 NYSSENI

3700 398 3792 453 1000

642 512 864 565 semper
889 500 1144 554 convenit
1173 513 1276 553 vox
1306 499 1580 569 Apostoli,
1615 500 1809 556 dicens
1837 518 1850 554 :
1883 499 1944 556 Si
1976 501 2092 568 quis
2121 498 2197 552 sib

2279 512 2296 557 ι
2323 499 2626 569 εἰρημένων
2657 500 2718 554 τὸ
2757 499 2931 570 δόγμα
2963 501 3331 572 μανθάνομεν,
3379 505 3456 557 ὅτι
3501 505 3689 562 πάντοτε
3721 517 3796 578 τοῖς

644 585 852 644 videtur
879 591 1080 660 aliquid
1115 592 1272 658 scire,
1300 593 1533 646 nondum
1570 594 1666 647 scit
1696 592 1954 662 quomodo
1979 599 2216 660 oporteat

639 696 762 732 eum
792 682 927 735 scire
949 683 1013 735 ²⁹.
1044 681 1100 736 In
1127 684 1206 737 eis
1230 685 1374 738 enim
1406 701 1528 754 quae
1561 692 1978 756 praecesserant,
2005 694 2214 738 tantum

641 787 707 826 se
755 775 1008 843 cognovit
1063 776 1246 829 anima
1301 787 1562 846 quantum
1621 774 2054 846 comprehendit.
2109 773 2216 828 Sed

642 863 902 930 quoniam
941 865 1086 932 quod
1120 867 1361 920 nondum
1397 875 1484 922 est
1520 869 1994 936 comprehensum,
2022 874 2106 920 est
2134 866 2217 920 in-

639 952 813 1007 ﬁnitis
846 955 1096 1023 partibus
1131 957 1309 1024 majus
1341 974 1505 1028 quam
1551 958 1698 1028 quod
1736 965 1822 1013 est
1859 958 2217 1027 comprehen-

641 1058 787 1110 sum,
823 1056 1111 1116 pr0pterea
1141 1050 1337 1104 anima:
1364 1052 1563 1120 szepius
1589 1052 1843 1121 apparuit
1872 1066 2128 1120 sponsus.
2162 1061 2216 1106 et

635 1144 899 1205 tanquam
955 1138 1195 1192 nondmn
1236 1149 1564 1210 conspectus
1621 1141 1816 1197 fuisset
1853 1143 1973 1211 ejus
2011 1142 2210 1204 oculis,

645 1244 782 1283 voce
827 1245 1046 1300 sponsae
1079 1240 1163 1286 est
1197 1234 1476 1302 pollicitus
1507 1250 1566 1288 se
1591 1237 1661 1289 ab
1698 1250 1762 1290 ea
1795 1233 2114 1288 videndum.
2146 1232 2214 1295 Ut

636 1329 823 1373 autem
866 1324 937 1375 sit
974 1324 1132 1378 nobis
1166 1339 1364 1380 sensus
1419 1325 1729 1389 dilucidior,
1781 1325 2013 1396 exempli
2047 1340 2211 1381 causa

641 1411 836 1464 addam
868 1413 1162 1480 quamdam
1196 1415 1633 1470 similitudinem.
1663 1415 1948 1480 Quomodo
1989 1415 2134 1471 enim
2165 1415 2210 1470 si

635 1502 766 1570 quis
792 1501 956 1556 fuerit
987 1519 1153 1573 prope
1184 1505 1384 1559 fontem
1414 1506 1772 1577 illum,quem
1805 1523 1872 1562 ex
1905 1515 2054 1562 terra
2080 1508 2213 1562 dicit

640 1591 711 1646 ab
743 1593 898 1646 initio
927 1594 1222 1649 ascendere
1246 1595 1529 1665 Scriptura
1548 1597 1614 1663 ³⁰,
1641 1599 1733 1669 qui
1762 1607 1948 1655 tantus
1962 1611 2046 1655 est
2071 1601 2213 1654 mul-

637 1680 870 1734 titudine
905 1689 964 1734 nt
1014 1683 1322 1738 universam
1389 1695 1586 1740 terram
1643 1688 1963 1755 circumeat,
2020 1689 2210 1744 videns

637 1785 832 1840 aquam
865 1772 1010 1826 illam
1049 1773 1339 1839 inlinitam,
1373 1792 1495 1846 qum
1523 1793 1588 1832 ex
1615 1793 1682 1832 eo
1704 1780 1930 1833 omnino
1968 1780 2135 1834 ellluit
2156 1789 2210 1834 et

634 1861 957 1929 effunditur,
1015 1881 1124 1919 non
1183 1866 1386 1922 dixerit
1425 1884 1485 1924 se
1529 1880 1701 1924 totam
1737 1871 1943 1926 vidisse
1988 1887 2205 1941 aquam.

633 1951 1107 2018 Quemadmodum
1144 1957 1290 2011 enim
1320 1958 1518 2014 viderit
1556 1962 1701 2031 quod
1731 1971 1816 2016 est
1845 1962 2122 2016 occultum
2154 1963 2208 2016 in

633 2045 762 2100 sinu
797 2053 954 2100 terrae
979 2047 1002 2101 ἲ
1024 2047 1162 2103 adeo
1192 2058 1252 2102 ut
1284 2051 1501 2106 etiamsi
1532 2051 1626 2106 diu
1660 2062 1878 2108 maneat
1907 2053 1976 2108 ad
2010 2068 2206 2123 aquam

633 2136 1029 2202 salientem,est
1046 2154 1262 2210 semper
1281 2141 1335 2194 in
1358 2142 1515 2196 initio
1533 2159 1688 2214 aqua:
1711 2146 2205 2216 contemplationis.

631 2226 754 2282 Non
781 2229 928 2284 enim
951 2239 1136 2284 cessat
1159 2246 1318 2301 aqua,
1341 2241 1396 2288 et
1422 2250 1638 2305 semper
1659 2235 1836 2292 ﬂuens
1855 2247 1910 2291 et
1939 2237 2207 2306 incipiens

627 2322 929 2376 scaturire.
985 2320 1078 2378 Sic
1131 2331 1186 2378 et
1241 2325 1338 2396 qui
1390 2327 1458 2380 ad
1493 2327 1643 2384 illam
1701 2329 1942 2384 divinam
1987 2339 2042 2384 et
2096 2346 2205 2385 non

628 2412 1022 2480 aspectabilem
1055 2413 1254 2483 aSpicit
1301 2416 1792 2486 pulchritudinem,
1829 2421 2049 2490 quando
2077 2424 2205 2491 qui-

625 2501 757 2557 dem
787 2503 935 2573 quod
967 2519 1184 2574 semper
1213 2508 1508 2571 invenitur,
1547 2512 1822 2564 recentius
1860 2520 1912 2566 et
1963 2513 2204 2567 admira-

629 2593 799 2649 bilius
845 2596 1070 2650 omnino
1100 2598 1385 2666 cernitur,
1443 2616 1608 2670 quam
1657 2603 1713 2656 id
1759 2605 1904 2674 quod
1960 2613 2046 2660 est
2087 2607 2202 2672 jam

629 2687 1106 2755 comprehensum,
1161 2689 1396 2743 miratur
1427 2691 1653 2761 quidem
1694 2694 1747 2748 id
1797 2695 1944 2764 quod
1988 2712 2203 2767 semper

623 2785 878 2846 apparet,
902 2779 1143 2832 nondum
1169 2789 1353 2835 autem
1373 2781 1593 2839 desistit
1615 2799 1645 2838 a
1667 2785 1944 2841 desiderio
1961 2787 2199 2852 videndi,

626 2875 920 2938 propterea
952 2869 1101 2940 quod
1138 2872 1384 2940 quolibet
1415 2874 1561 2944 quod
1593 2876 1838 2930 cernitur
1872 2876 1931 2930 lit
1963 2877 2201 2935 divinius

627 2962 683 3008 et
731 2957 1173 3024 magniﬁcentius
1222 2959 1274 3014 id
1322 2962 1467 3031 quod
1496 2973 1866 3034 exspectatur.
1905 2965 2199 3036 Propterea

621 3061 763 3117 ergo
783 3048 870 3102 hic
891 3064 1109 3121 quoque
1131 3067 1334 3122 sponsa
1356 3069 1569 3125 semper
1585 3057 1866 3113 admirans
1892 3068 1948 3114 et
1971 3069 2199 3130 stupens

621 3137 681 3191 id
725 3139 870 3208 quod
930 3144 1305 3211 cognoscitur,
1364 3161 1647 3216 nunquam
1689 3149 1744 3202 in
1795 3149 1864 3203 iis
1905 3167 2026 3220 qua:
2067 3160 2196 3207 sunt
2223 3193 2268 3253 ο

621 3227 841 3253 ιιιιιηιιζιιιι
883 3228 1023 3253 ..ΞΑ-ζ.
1062 3231 1388 3253 J--:,I---2-----
1451 3234 1556 3253 se.--
1599 3251 1687 3253 η..-
1719 3237 1731 3253 ι
1889 3239 1924 3253 ο-
1983 3240 1993 3251 ο

621 3227 843 3297 cognita
883 3228 1028 3282 sistit
1057 3231 1393 3286 desiderium
1441 3234 1562 3304 ejus
1587 3237 1733 3305 quod
1784 3239 1933 3292 venit
1981 3240 2036 3293 in
2068 3256 2199 3296 con-

620 3318 1058 3386 templationem.
1093 3321 1460 3386 Quamobrem
1493 3341 1639 3385 nunc
1667 3343 1888 3398 quoque
1936 3339 2196 3399 tanquam

617 3406 695 3460 ad
727 3408 930 3462 ostium
985 3411 1215 3479 pulsans
1261 3416 1430 3468 sentit
1463 3413 1722 3479 Verbum,
1753 3426 1807 3472 et
1852 3418 1921 3473 ad
1950 3419 2196 3477 auditum

620 3501 805 3570 surgit
824 3509 880 3554 et
907 3500 1076 3555 dicit:
1121 3503 1231 3558 Vox
1250 3507 1508 3575 patruelis
1544 3508 1644 3561 mei
1664 3511 1856 3578 -pulsat
1887 3513 1955 3564 ad
1979 3516 2194 3570 ostium.

621 3590 830 3646 Deinde
858 3607 981 3646 cum
1036 3595 1305 3650 auditioni
1350 3598 1596 3653 dedisset
1646 3601 1884 3669 quietem
1935 3620 1998 3658 ac
2029 3606 2197 3660 silen-

615 3682 781 3746 tium,
814 3683 968 3737 audit
991 3683 1226 3740 Verbum
1256 3689 1336 3743 sic
1364 3704 1494 3744 voce
1520 3706 1790 3746 resonans
1818 3713 1832 3749 :
1863 3697 2023 3764 Aperi
2046 3698 2193 3762 mihi,

620 3789 772 3827 soror
802 3790 938 3841 mea,
988 3777 1235 3832 columba
1265 3796 1401 3843 mea,
1450 3782 1681 3850 perfecta
1736 3800 1896 3839 utea:
1947 3789 2194 3856 quoniam

612 3876 777 3933 caput
803 3883 970 3921 meum
998 3869 1209 3936 plenum
1240 3881 1317 3925 est
1348 3889 1488 3937 rore,
1525 3884 1574 3927 et
1607 3875 1843 3929 cincinni
1889 3879 1989 3931 mei
2029 3880 2192 3948 guttis

619 3959 808 4013 noctis.
864 3958 1040 4028 Hujus
1087 3972 1269 4017 autem
1319 3979 1543 4019 sensum
1592 3967 1673 4021 sic
1708 3969 2193 4038 comprehenderis

609 4051 1064 4122 contemplando.
1100 4052 1298 4125 Magno
1332 4055 1467 4112 Mosi
1502 4073 1600 4128 per
1651 4058 1828 4113 lucem
1877 4061 2048 4131 coepit
2093 4060 2192 4116 Dei

617 4142 928 4211 apparitio;
956 4152 1147 4213 postea
1187 4153 1368 4201 autem
1405 4163 1500 4217 per
1528 4149 1729 4203 nubem
1761 4148 1906 4205 Deus
1951 4166 2076 4206 cum
2125 4167 2192 4209 eo

609 4234 881 4304 loquitur.
912 4234 1119 4292 Deinde
1153 4254 1276 4292 cum
1309 4239 1419 4308 jam
1451 4238 1642 4296 luisset
1671 4243 1964 4297 sublimior
1988 4253 2041 4299 et
2068 4261 2192 4315 per-

616 4324 830 4390 fectior,
883 4324 1052 4380 Deum
1104 4327 1253 4381 videt
1287 4329 1340 4382 in
1367 4330 1621 4398 caligine.
1667 4331 1826 4397 Quod
1869 4343 2050 4389 autem
2095 4351 2191 4405 per

614 4415 719 4468 hoc
747 4415 1033 4481 discimus,
1086 4427 1169 4472 est
1226 4418 1580 4486 hujusmodi:
1615 4419 1832 4476 Primus
1863 4438 2114 4480 recessus
2157 4441 2189 4481 a

2239 1832 2286 1891 B

2317 589 2412 644 ἐπὶ
2447 590 2516 644 τὰ
2565 591 2735 662 μείζω
2783 593 3199 664 προκόπτουσιν.
3231 595 3476 666 ἁρμόδιός
3515 598 3641 651 ἐστιν
3682 603 3794 672 ﬁmi

2333 681 2655 734 ’Δποστόλου
2678 683 2829 753 φωνὴ
2853 684 2887 754 ἡ
2913 683 3142 751 λέγουσα
3165 700 3180 713 ο
3213 684 3292 736 ὅτι
3320 686 3392 737 Εἴ
3409 703 3492 750 τις
3519 685 3656 740 δοκεῖ
3673 689 3793 758 ἐπω-

2318 772 2504 836 κέναι,
2551 775 2714 827 οὔπω
2747 774 2900 844 ἔγνω
2929 775 3122 842 καθὼς
3153 775 3247 830 δεῖ
3289 774 3517 846 γνῶναι.
3560 778 3707 846 Ἔγνω
3733 783 3795 849 μὲι

2318 865 2426 936 γὰρ
2471 866 2633 920 αὑτὸν
2672 869 2729 919 ἐν
2767 870 2882 931 τοῖς
2916 867 3185 937 φθάσασιν
3225 868 3257 939 ὴ
3288 868 3430 938 ψυχὴ
3461 868 3676 922 τοσοῦτον
3715 872 3795 925 ὅσον

2317 959 2634 1013 κατέλαϐεν.
2668 959 2804 1013 Ἀλλ’
2826 961 3008 1031 ἐπειδὴ
3036 963 3098 1016 τό
3116 962 3280 1033 μήπω
3294 963 3678 1033 κατειλημμένον
3691 965 3794 1020 ἄπει.

2314 1051 2603 1127 ροπλάσιον
2643 1049 2738 1103 τοῦ
2812 1053 3246 1124 καταληφθέντος
3267 1052 3379 1106 ἐστί
3400 1071 3412 1082 ·
3439 1053 3521 1106 διὰ
3545 1055 3676 1108 τοῦτο
3689 1056 3796 1126 ὤφθη

2316 1144 2572 1208 πολλάκις
2628 1147 2692 1215 τῇ
2745 1145 2888 1216 ψυχῇ
2936 1148 2964 1198 ὁ
3005 1149 3233 1214 νυμφίος
3253 1185 3267 1207 ,
3315 1145 3406 1198 καὶ
3439 1145 3508 1208 ὼς
3556 1146 3734 1216 μηδέπω
3761 1150 3797 1200 ἐν

2314 1237 2611 1306 ὀφθαλμοῖς
2644 1238 2952 1308 γενόμενος,
2985 1238 3315 1309 ὀφθήσεσθαι
3343 1241 3407 1308 τῇ
3447 1239 3613 1310 νύμφῃ
3641 1239 3711 1294 διὰ
3732 1242 3797 1310 τῆς

2315 1330 2497 1399 φωνῆς
2528 1329 2938 1398 ἐπαγγέλλεται.
2998 1331 3083 1393 Ὠς
3120 1329 3165 1382 δ’
3201 1330 3266 1384 ἂν
3301 1330 3610 1399 σαφέστερον
3635 1333 3738 1401 ἡμῖν
3760 1334 3798 1384 τὸ

2313 1421 2490 1490 νόημα
2508 1421 2734 1489 γένοιτο,
2750 1422 2932 1475 εἰκόνα
2957 1421 3073 1476 τινὰ
3093 1421 3158 1475 δι’
3183 1422 3558 1491 ὐποδείγματος
3580 1423 3797 1494 προσθήσω

2313 1512 2390 1583 τῷ
2422 1512 2582 1581 λόγῳ.
2616 1513 2825 1584 Ὥσπερ
2854 1514 2961 1585 γὰρ
2990 1515 3044 1566 εἴ
3066 1532 3148 1577 τις
3176 1515 3400 1588 πλησίον
3437 1517 3627 1586 ἐκείνης
3651 1518 3799 1584 γένοιτο

2313 1603 2412 1673 τῆς
2441 1604 2644 1674 πηγῆς,
2674 1602 2740 1673 ἣν
2755 1606 3072 1672 ρναδαίνειν
3105 1600 3257 1661 εἶπεν
3293 1610 3357 1660 ἐκ
3385 1608 3478 1677 τῆς
3500 1609 3590 1677 γῆς
3611 1609 3708 1659 κατ’
3730 1611 3796 1678 ἁρ-

2312 1695 2413 1764 χὰς
2441 1696 2474 1764 ἡ
2512 1696 2550 1746 Γ
2558 1695 2722 1765 ραφὴ,
2765 1696 3031 1767 τοσαύτην
3076 1693 3238 1751 οὖσαν
3285 1698 3346 1750 τὸ
3377 1697 3584 1768 πλῆθος,
3616 1698 3676 1761 ὡς
3700 1697 3798 1752 ἅπαν

2311 1789 2410 1858 τῆς
2440 1789 2543 1859 γῆς
2585 1788 2894 1852 ἐπικλύζειν
2926 1790 2988 1842 τό
3027 1791 3341 1860 πρόσωπον.
3391 1791 3646 1861 Θαυμασει
3686 1791 3798 1860 μὲνό

2309 1882 2376 1950 τῇ
2413 1882 2563 1952 πηγῇ
2598 1879 2905 1950 πλησιάσας
2937 1881 2996 1934 τὸ
3018 1883 3242 1953 ἄπειρον
3279 1882 3419 1953 ὕδωρ
3449 1884 3625 1945 ἐκεῖνο,
3650 1882 3799 1934 τὸτὰ-μ

2306 1990 2428 2026 τοτε
2451 1975 2620 2044 αὐτῆς
2640 1973 2943 2045 ἀνομὸροῦν
2971 1991 3028 2026 τε
3051 1976 3144 2028 καὶ
3174 1977 3529 2046 προχεόμενον
3550 1992 3560 2004 ·
3579 1975 3632 2028 οὑ
3653 1975 3734 2044 μὴν
3750 1973 3798 2026 ti-

2307 2083 2398 2118 ποι
2426 2066 2492 2118 ἂν
2516 2066 2636 2120 ὅλον
2670 2067 2970 2138 ἑωρακέναι
2996 2066 3057 2118 τὸ
3081 2066 3243 2138 ὕδωρ.
3305 2067 3426 2130 Πῶς
3465 2067 3564 2138 γὰρ
3593 2066 3649 2120 ἂν
3665 2067 3740 2119 ἴδοι
3759 2067 3798 2118 τὸ

2306 2160 2398 2212 ἐπὶ
2428 2162 2541 2223 τοῖς
2567 2160 2782 2222 κόλποις
2818 2160 2917 2230 τῆς
2944 2159 3049 2230 γῆς
3083 2162 3548 2231 ἐγκρυπτόμενονς
3578 2161 3712 2213 Ὥστε
3731 2158 3799 2214 κᾶν

2305 2253 2532 2307 ἐπιπολὺ
2566 2253 2880 2324 παραμείνῃ
2913 2252 2992 2324 τῷ
3037 2252 3250 2324 βρύοντι
3275 2293 3291 2317 ,
3319 2254 3402 2306 ἀεὶ
3450 2257 3504 2308 ἐν
3528 2254 3694 2325 ἀρχαῖς
3722 2255 3799 2304 ἐστι

2307 2345 2403 2413 τῆς
2435 2345 2666 2416 Θεωρίας
2705 2345 2800 2399 τοῦ
2848 2346 3055 2410 ὓδατος.
3103 2347 3178 2400 Οὐ
3228 2346 3340 2416 γὰρ
3386 2347 3604 2401 παύεται
3626 2347 3676 2400 τὸ
3700 2346 3798 2413 ὕδωρ

2303 2436 2388 2489 ἀεί
2415 2455 2475 2489 τε
2509 2437 2656 2508 ῥέον,
2693 2438 2786 2490 καὶ
2818 2437 2906 2490 ἀεὶ
2935 2437 3030 2491 τοῦ
3078 2437 3261 2508 βρύειν
3292 2438 3598 2509 ἀρχόμενον.
3620 2434 3799 2498 Οὕτωςὸ

2307 2527 2440 2597 πρὸς
2475 2529 2536 2581 τὸ
2581 2528 2722 2580 θεῖον
2756 2530 2932 2582 ἐκεῖνο
2966 2530 3060 2582 καὶ
3108 2529 3366 2600 ἀόριστον
3411 2530 3592 2592 κάλλος
3625 2528 3796 2598 βλέπων.

2306 2618 2490 2688 ἐπειδὴ
2527 2619 2589 2671 τὸ
2623 2619 2853 2672 πάντοτε
2892 2620 3300 2692 εὑρισκόμενον,
3340 2620 3630 2693 καινότερόν
3665 2636 3711 2671 τε
3737 2618 3800 2670 καὶ

2303 2711 2728 2781 παραδοξότερον
2755 2712 2968 2777 πάντως
3000 2714 3148 2784 παρὰ
3173 2712 3248 2782 τῷ
3277 2713 3407 2766 εῖδει
3446 2711 3798 2782 κατειλημμένον

2299 2807 2516 2875 ὁρᾶται,
2551 2804 2820 2874 θαυμάζει
2863 2806 2960 2875 μὲν
3006 2805 3066 2858 τὸ
3109 2805 3194 2858 ἀεὶ
3235 2807 3668 2876 προφαινόμενον.
3697 2800 3798 2856 οὐδέ-

2302 2911 2431 2947 ποτε
2461 2894 2516 2948 δὲ
2546 2895 2758 2950 ἵσταται
2791 2896 2889 2966 τῆς
2915 2894 3009 2947 τοῦ
3041 2895 3168 2948 ἰδεῖν
3200 2896 3507 2965 ἐπιθυμίας,
3534 2895 3614 2948 διὰ
3638 2894 3688 2946 τὸ
3705 2910 3797 2944 παν·

2299 2985 2391 3050 τὸς
2422 2986 2515 3039 τοῦ
2543 2987 2818 3057 ὁρωμένου
2847 2987 3420 3058 μεγαλοπρεπέστερόν
3453 3005 3509 3039 τε
3538 2988 3622 3040 καὶ
3649 2983 3798 3037 θειότε-

2303 3094 2394 3146 ρον
2416 3072 2555 3130 εἶναι
2569 3077 2630 3130 τὸ
2649 3075 3112 3147 προσδοκώμενον.
3127 3075 3225 3128 Διὰ
3238 3077 3400 3130 τοῦτο
3418 3073 3506 3130 οὖν
3524 3077 3609 3130 καὶ
3624 3071 3798 3128 ἐνταῦθα

2299 3170 2333 3238 ἡ
2365 3168 2549 3239 νύμφη
2596 3169 2684 3221 ἀεὶ
2727 3166 3081 3237 θαυμάζουσά
3123 3185 3182 3221 τε
3234 3169 3328 3221 καί
3363 3166 3732 3239 ἐκπλησσομένη
3757 3164 3798 3215 τὸ

2301 3261 2716 3330 γινωσκόμενον,
2762 3260 3018 3313 οὐδέποτε
3051 3261 3109 3312 ἐν
3147 3261 3257 3322 τοῖς
3299 3260 3640 3330 ἐγνωσμένοις
3668 3258 3797 3322 ἵστησι

2299 3350 2393 3405 τοῦ
2418 3351 2790 3423 θεωρουμένου
2824 3354 2914 3406 τὸν
2947 3351 3128 3405 πόθον.
3170 3346 3243 3405 Θῦ
3267 3354 3427 3422 χάριν
3453 3353 3541 3406 καὶ
3559 3351 3642 3404 νῦν
3670 3347 3798 3411 ὡςέτι

2299 3442 2747 3514 θυροκροτοῦντος
2787 3442 2879 3496 τοῦ
2905 3441 3076 3510 Δόγου
3106 3442 3440 3507 αἰσθάνεται,
3481 3443 3569 3497 καὶ
3598 3442 3712 3512 πρὸς
3730 3437 3798 3506 τὴν

2298 3533 2540 3604 ὑπακοὴν
2564 3533 2898 3586 διανίσταται
2921 3532 3014 3586 καί
3039 3549 3194 3601 φησι,
3213 3533 3387 3600 Φωνὴ
3413 3533 3516 3587 τοῦ
3538 3528 3799 3600 ἀδελφιδοῦ

2291 3642 2410 3694 μου
2430 3625 2627 3692 κρούει
2649 3623 2746 3676 ἐπὶ
2770 3621 2884 3690 τὴν
2904 3626 3108 3692 θύραν.
3135 3623 3266 3681 Εἶτα
3287 3628 3516 3699 ἡσυχίαν
3539 3628 3644 3687 ταῖς
3661 3621 3798 3679 ἀκοαῖς

2295 3713 2538 3777 ἐνδοῦσα,
2585 3711 2771 3766 ἀκούει
2801 3712 2894 3765 τοῦ
2923 3713 3008 3767 διὰ
3057 3715 3155 3785 τῆς
3198 3719 3384 3787 φωνῆς
3422 3716 3798 3786 προσηχήεαντος

2290 3799 2482 3860 Λόλουο
2507 3805 2537 3856 ό
2557 3802 2613 3856 δέ
2635 3802 2792 3870 λόγος
2817 3803 3052 3867 τοιοῦτός
3072 3806 3246 3859 ἐστιν⁹
3269 3808 3538 3872 Ἀνοιξόν
3551 3822 3658 3874 μοι.
3677 3801 3800 3855 ἀδελ·

2294 3891 2378 3962 φή
2403 3910 2545 3962 μου.
2578 3895 2619 3963 ἡ
2657 3895 2927 3962 πλησίον
2959 3914 3100 3966 μου,
3153 3900 3470 3968 περιστερά
3498 3917 3624 3969 μου,
3650 3895 3798 3949 τελεία

2287 4002 2439 4055 μου·
2481 3989 2568 4043 ὅτι
2607 3985 2646 4052 ἡ
2690 3985 2922 4054 κεφαλή
2950 4004 3069 4054 μου
3101 3988 3374 4053 ἐπλήσθη
3397 3990 3629 4057 δρόσου,
3661 3985 3736 4040 και
3762 3983 3798 4034 cl

2284 4079 2618 4148 ,βόστρυχοί
2655 4095 2774 4146 μου
2811 4076 3092 4146 ψεκὰδων
3138 4082 3376 4145 νυκτός.
3430 4081 3618 4134 Τούτου
3655 4078 3701 4130 δὲ
3729 4075 3798 4141 τὴν

2289 4169 2521 4224 διάνοιαν
2559 4169 2728 4231 οὓτως
2761 4168 2825 4222 ἄν
2849 4187 2933 4234 τις
2954 4169 3246 4224 καταλάϐοι
3273 4175 3340 4241 τῆ
3368 4172 3582 4243 θεωρίᾳ.
3619 4169 3695 4239 Τῷ
3728 4182 3797 4236 με·

2289 4261 2439 4332 γάλῳ
2458 4262 2680 4315 Μωῦσεί
2701 4259 2787 4313 διὰ
2811 4261 2985 4328 φωτὸς
3007 4260 3206 4331 ἥρξατο
3227 4264 3259 4333 ἡ
3287 4263 3381 4315 τοῦ
3404 4263 3534 4316 Θεοῦ
3557 4259 3794 4332 ἐμφάνειαδ

2293 4353 2428 4423 μετὰ
2457 4350 2627 4404 ταῦτα
2647 4350 2733 4403 διὰ
2759 4349 2986 4419 νεφέλης
3016 4350 3162 4420 αὐτῷ
3188 4351 3512 4420 διαλέγεται.
3564 4346 3681 4404 Εἶτα
3698 4348 3800 4414 ὑψη-

2289 4443 2504 4516 λότερος
2531 4443 2631 4514 ἥδη
2663 4443 2756 4496 καὶ
2780 4442 3107 4514 τελειότερος
3142 4443 3533 4514 γενόμενοςηὲν
3565 4443 3718 4512 γνόφῳ
3734 4437 3797 4490 τὸν

615 4507 774 4564 falsis
818 4517 872 4563 et
908 4511 1224 4563 errantibus
1253 4511 1320 4564 de
1370 4509 1480 4564 Deo
1538 4512 2044 4571 existimationibus
2104 4529 2188 4572 est

2291 4507 2426 4589 Θεὸν
2449 4507 2653 4606 βλέπει,
2711 4532 2774 4589 ὐ
2814 4535 2872 4588 δὲ
2916 4535 3001 4588 διὰ
3035 4535 3222 4590 τούτου
3257 4537 3590 4607 μανθάνομεν
3609 4527 3796 4585 τοιοῦτόν

615 4602 880 4655 transitus
908 4602 974 4656 ad
1011 4602 1184 4656 lucem
1215 4617 1246 4654 a
1285 4604 1548 4658 tenebris.
1579 4603 1948 4676 Propinquior
1997 4617 2182 4664 autem

607 4692 954 4745 occultorum
1007 4694 1402 4760 consideratio,
1454 4712 1548 4766 per
1593 4712 1658 4752 ea
1709 4714 1833 4767 quae
1883 4711 2185 4755 cermmtur

611 4781 891 4838 deducens
919 4785 1158 4840 animam
1189 4788 1256 4841 ad
1289 4797 1538 4842 naturam
1573 4806 1695 4861 quae
1743 4808 1853 4847 non
1893 4795 2041 4849 cadit
2076 4798 2181 4852 sub

608 4883 918 4943 aspectum,
968 4885 1051 4931 est
1100 4881 1266 4934 veluti
1317 4885 1563 4952 quazdam
1612 4886 1788 4942 nubes
1847 4869 2181 4946 adumbratis

609 4965 873 5036 quidquid
905 4968 1152 5024 cernitur
1178 5013 1192 5033 ,
1223 4972 1289 5025 ad
1323 4975 1375 5027 id
1409 4985 1592 5029 autem
1624 4977 1999 5047 aspiciendum
2031 4983 2177 5050 quod

608 5067 694 5112 est
722 5058 1077 5123 absconsum,
1107 5063 1342 5118 animam
1383 5066 1660 5126 deducens
1689 5079 1742 5124 et
1774 5072 2175 5132 assuefaciens.

611 5148 806 5202 Anima
833 5159 1011 5204 autem
1062 5168 1182 5220 qua:
1214 5169 1310 5223 per
1345 5155 1460 5210 hzec
1492 5159 1742 5226 procedit
1797 5160 1863 5215 ad
1894 5179 2128 5233 superna
2158 5203 2175 5230 ,

609 5240 852 5311 qualibet
903 5257 963 5296 re
994 5243 1183 5298 relicta
1230 5261 1393 5315 quam
1432 5249 1667 5305 humana
1721 5262 1904 5320 potest
1958 5260 2177 5327 assequi

609 5341 829 5394 natura,
855 5345 1106 5392 versatur
1155 5337 1210 5390 in
1247 5337 1430 5409 adytis
1458 5339 1552 5395 Dei
1601 5346 1950 5413 cognitionis,
1991 5349 2175 5404 divina

610 5429 839 5499 caligine
865 5431 1102 5500 undique
1135 5431 1432 5502 intercepta
1462 5452 1475 5487 :
1512 5433 1568 5488 in
1601 5451 1708 5506 qua
1744 5439 1986 5505 quolibet
2027 5441 2176 5510 quod

607 5521 855 5578 cernitur
903 5528 959 5577 et
1011 5523 1492 5592 comprehenditur
1535 5525 1668 5583 foris
1718 5530 1931 5597 relicto,
1979 5533 2175 5589 anima:

609 5631 634 5668 c
675 5615 1059 5684 ntemplatibni
1089 5618 1266 5674 solum
1298 5629 1468 5675 restat
1502 5619 1556 5674 id
1581 5621 1724 5692 quod
1756 5638 1865 5679 non
1894 5625 2174 5696 inspecta-

708 5798 801 5853 ”l
835 5799 960 5855 Cor.
998 5800 1192 5867 “11,2.
1272 5801 1316 5834 '°
1373 5787 1506 5858 Cen.
1547 5820 1607 5874 It,
1651 5805 1727 5863 l0.

2283 4629 2429 4682 ἐστιν
2454 4645 2467 4658 ·
2501 4629 2567 4682 Ἠ
2594 4627 2782 4700 πρώτη
2816 4625 2924 4681 ἀπὸ
2944 4627 3052 4680 τῶν
3077 4627 3287 4696 ψευδῶν
3307 4629 3402 4680 καὶ
3427 4622 3795 4695 πεπλανημένων

2282 4738 2348 4774 πε
2359 4721 2409 4792 pi
2429 4719 2562 4773 Θεοῦ
2584 4718 2902 4791 ὑπολήψεων
2928 4717 3290 4789 ἀναχώρησις,
3318 4722 3350 4790 ὴ
3376 4718 3481 4772 ἀπὸ
3507 4717 3594 4770 τοῦ
3621 4712 3796 4768 σκότους

2281 4811 2359 4873 εἰς
2399 4809 2512 4879 φῶς
2558 4809 2674 4861 ἐστι
2721 4809 3068 4878 μετάστασις.
3116 4809 3176 4860 Ἠ
3205 4807 3261 4861 δὲ
3303 4805 3685 4879 προσεχεστέρι
3716 4805 3795 4850 των

2282 4899 2537 4970 κρυπτῶν
2553 4897 2943 4967 κατανόησις,ή
2973 4896 3059 4950 διὰ
3090 4896 3196 4950 τῶν
3224 4898 3558 4968 φαινομένων
3583 4906 3794 4964 χειραγω-

2279 4993 2451 5062 γοῦσα
2477 4991 2574 5062 τὴν
2616 4990 2790 5062 ψυχὴν
2829 4989 2967 5059 πρὸς
3008 4989 3106 5059 τὴν
3159 4989 3388 5060 ἀόρατον
3421 4987 3595 5057 φύσιν,
3618 4978 3712 5036 οἷόν
3736 4991 3794 5036 τις

2272 5084 2464 5154 νεφέλη
2512 5083 2751 5151 γίνεται,
2795 5081 2856 5135 τὸ
2895 5079 3214 5149 φαινόμενον
3257 5081 3354 5149 μὲν
3400 5080 3544 5134 ἅπαν
3588 5078 3787 5128 Emma-

2272 5175 2436 5240 ζουσα
2455 5191 2468 5204 ·
2510 5173 2646 5245 πρὸς
2671 5173 2728 5226 δὲ
2762 5173 2822 5226 τὸ
2851 5171 3080 5242 κρύφιον
3135 5172 3348 5242 βλέπειν
3373 5171 3471 5243 τὴν
3505 5166 3666 5240 ψυχὴν
3685 5176 3795 5232 χειρ-

2273 5262 2561 5332 αγωγοῦσα
2582 5264 2673 5317 καὶ
2703 5263 3074 5326 συνεθίζουσα.
3092 5260 3152 5314 Ἢ
3178 5263 3232 5314 δὲ
3256 5261 3342 5315 διὰ
3370 5260 3570 5315 τούτων
3588 5254 3794 5310 ὁδεύουσι

2281 5353 2416 5423 πρδς
2444 5353 2513 5406 τὰ
2539 5353 2651 5407 ἅνω
2679 5353 2848 5424 ψυχὴ,
2878 5354 3000 5405 ὅσον
3033 5351 3253 5420 ἐφικτόν
3291 5351 3406 5403 ἐστι
3434 5351 3498 5423 τῇ
3531 5339 3794 5439 ἀνθρωπίξῐι

2281 5444 2461 5514 φύσει,
2491 5445 2560 5496 τὰ
2593 5445 2740 5515 κάτῳ
2773 5441 3168 5509 καταλιποῦσα,
3199 5443 3348 5506 ἐντὸς
3374 5442 3482 5496 τῶν
3509 5440 3696 5494 ἀδύτων
3718 5443 3794 5497 της

2280 5536 2604 5604 θεογνωσίας
2632 5537 2858 5606 γίνεται,
2888 5535 2964 5608 τῷ
2993 5535 3124 5607 θείῳ
3160 5536 3341 5606 γνόφῳ
3363 5530 3680 5604 πανταχόθεν
3704 5523 3793 5577 δια·

2277 5627 2541 5700 ληφθεῖσα
2565 5646 2577 5658 ·
2635 5629 2692 5682 ἐν
2728 5621 2773 5696 ᾧ
2798 5627 2890 5683 τοῦ
2921 5627 3245 5699 φαινομένου
3278 5644 3336 5682 τε
3380 5626 3472 5680 καὶ
3495 5613 3792 5687 ica-caluit“
