4028 6492
228 441 366 500 1001

1288 435 1358 492 lN
1382 434 1675 495 CANTICA
1704 434 1977 493 CANTIG.
2016 436 2301 495 HOMILIA
2336 439 2431 494 XI.

3349 434 3486 491 1093

228 561 463 634 νομένου
487 557 693 623 παντὸς
712 556 819 625 ἔξω
843 554 1318 627 καταλειφθέντος,
1347 555 1505 627 μόνον
1533 555 1814 609 ὑπολείπε-

1937 553 2024 609 ιὶιε
2038 563 2093 610 et
2116 552 2688 626 incomprehensibile,
2714 552 2773 607 in
2788 564 2899 623 quo
2919 559 3004 608 est
3024 549 3191 611 Deus,
3213 551 3486 617 quomodo

226 668 331 708 ται
357 651 424 723 τῇ
451 648 657 727 θεωρίᾳ
680 648 779 718 τῆς
799 646 979 719 ψυχῆς
1001 646 1063 702 rb
1086 646 1315 718 ἀόρατόν
1333 664 1393 700 τε
1413 647 1508 700 καί⁵
1539 646 1814 717 ἀκατάλη-

234 764 396 810 πτον,
418 744 479 798 ἐν
506 737 552 811 ᾧ
582 742 732 796 ἔστιν
760 743 790 795 ὁ
821 741 976 805 Θεὸς,
1006 738 1190 803 καθώς
1217 756 1349 811 φησι
1384 739 1512 812 περὶ
1540 738 1634 793 τοῦ
1662 756 1817 809 νομο-

235 838 398 893 θέτου
422 838 452 891 ό
479 835 637 904 λόγος
659 852 675 867 ·
730 835 811 889 ὅτι
852 831 1118 903 Εἰσῆλθε
1161 831 1232 886 δὲ
1275 831 1534 902 Μωῢσῆς
1581 834 1668 898 εἰς
1710 830 1818 885 τὸν

236 933 476 1002 Trogus
498 925 574 986 οὗ
605 924 686 999 ἦν
712 930 747 983 ὀ
772 928 935 994 Θεός.

312 1021 532 1076 Τούτων
572 1021 630 1074 δὲ
656 1022 788 1093 ήμίν
817 1018 961 1073 οὕτω
1001 1019 1407 1091 θεωρηθέντων,
1443 1020 1705 1074 σκεπτέον
1751 1018 1818 1072 ἂν

234 1111 329 1183 εἴη
373 1113 470 1167 καὶ
518 1110 628 1165 τῶν
686 1110 1060 1182 προκειμένων
1120 1112 1251 1183 ἡμῖν
1302 1109 1482 1182 ῥητῶν
1534 1109 1632 1182 τὴν
1682 1110 1819 1181 πρὸς

235 1202 312 1255 τὰ
368 1202 635 1273 εἰρημένα
678 1200 1017 1271 συγγένειαν.
1083 1197 1194 1255 Ἦν
1244 1203 1331 1255 ὅτε
1394 1201 1620 1270 μέλαινα
1664 1196 1733 1273 ῆν
1783 1201 1818 1271 ή

235 1294 454 1365 νύμφη,
491 1295 605 1356 τοῖς
632 1292 956 1361 ἀφωτίστοις
994 1292 1257 1362 δόγμασιν
1285 1293 1640 1363 ἐσκοτωμένη
1660 1333 1675 1357 ,
1717 1309 1821 1344 πα-

240 1384 611 1456 ραϐλέψαντος
638 1383 811 1454 αὐτήν
830 1382 923 1436 τοῦ
940 1382 1114 1454 ήλίου,
1140 1383 1233 1436 τοῦ
1254 1383 1343 1436 διὰ
1365 1382 1474 1436 τῶν
1499 1381 1821 1453 πειρασμῶν

233 1479 343 1550 τήν
393 1476 616 1548 ἄρριζον
653 1475 746 1529 ὲπί
794 1475 905 1529 τῶν
935 1474 1152 1547 πετρῶν
1192 1475 1399 1546 σπορὰν
1443 1474 1816 1541 ὲπικαίοντος·

237 1571 334 1623 ὅτε
386 1568 495 1622 τῶν
549 1569 607 1621 ὲν
666 1567 802 1638 αὐτῇ
862 1566 1264 1638 μαχησαμένων
1316 1565 1614 1637 ήττηθεῖσα
1638 1605 1654 1629 ,
1730 1567 1824 1620 τδν

235 1658 544 1730 ἀμπελῶνα
583 1657 675 1711 τὸν
724 1658 923 1727 ἑαυτῆς
977 1657 1079 1709 οὐκ
1135 1654 1397 1725 ἐφύλαξεν
1430 1672 1443 1685 ο
1502 1656 1582 1709 ὄτι
1628 1655 1823 1726 ἑαυτὴν

237 1751 560 1821 ἀγνοήσασα
591 1749 691 1813 τὰς
714 1748 821 1803 τῶν
863 1748 1066 1819 ἐρίφων
1091 1747 1292 1817 ἀγέλας
1323 1747 1445 1801 ἀντί
1474 1747 1583 1801 τῶν
1617 1748 1823 1818 προὸἀ-

238 1857 354 1895 των
377 1840 692 1911 ἰποίμανεν.
738 1838 879 1892 Ἀλλ’
905 1836 1091 1909 ἐπειδὴ
1116 1838 1214 1909 τῆς
1243 1837 1378 1910 πρὸς
1402 1838 1462 1890 rb
1490 1838 1656 1891 κακὸν
1685 1856 1826 1910 συμ-

240 1934 413 2004 φυΐας
441 1933 638 2005 ἑαυτὴν
670 1933 1048 2003 ἀποστήσασα,
1079 1932 1169 1986 διὰ
1200 1932 1293 1985 τοῦ
1326 1931 1588 2003 μυστικοῦ
1615 1932 1824 1987 ἐκείνου

240 2027 553 2098 φιλήματος
573 2029 641 2097 τῇ
666 2028 817 2097 πηγῇ
845 2024 939 2079 τοῦ
965 2024 1143 2095 φωτὸς
1169 2027 1534 2096 προσαγαγεῖν
1560 2024 1619 2078 τὸ
1653 2024 1825 2093 στόμα

243 2119 505 2189 ἐπόθησε,
539 2118 661 2172 τότε
690 2117 829 2187 καλὴ
870 2116 1109 2185 γίνεται,
1158 2115 1237 2186 τῷ
1266 2115 1407 2185 φωτὶ
1437 2116 1536 2185 τῆς
1568 2115 1827 2186 ἀληθείας

244 2209 711 2282 πριλαμφθεῖσα,
744 2208 837 2263 καὶ
865 2208 925 2261 rb
955 2207 1123 2279 μέλαν
1148 2207 1246 2277 τῆς
1271 2207 1493 2276 ἀγνοίας
1513 2207 1826 2261 ἀποκλυσα-

247 2304 388 2375 μένη
412 2301 490 2373 τῷ
512 2300 685 2356 ῦδατι.
712 2297 846 2354 Εἶτα
875 2300 1025 2371 ἵππῳ
1047 2299 1325 2371 ὁμοιοῦται
1348 2299 1435 2353 διὰ
1462 2299 1521 2353 rb
1545 2298 1825 2369 εὔδρομον,

244 2395 347 2449 καὶ
375 2396 441 2464 τῇ
476 2393 774 2464 περιστερᾷ
804 2390 891 2445 διὰ
920 2392 981 2445 rb
1024 2392 1187 2461 τάχος
1222 2392 1320 2463 τῆς
1347 2390 1603 2454 διανοίας.
1648 2392 1726 2445 Δι’
1752 2383 1829 2444 ὧν

247 2486 361 2538 πᾶν
380 2484 441 2538 τὸ
460 2482 1013 2553 καταλαμϐανόμενόν
1031 2497 1091 2534 τε
1112 2480 1205 2535 καὶ
1229 2482 1549 2551 φαινόμενον
1572 2480 1649 2544 ὡς
1664 2481 1829 2544 ἵππος

246 2575 641 2647 διαδραμοῦσα,
673 2575 768 2628 καὶ
811 2573 888 2637 ὼς
913 2573 1212 2646 περιστερὰ
1248 2574 1541 2637 διαπτᾶσα,
1568 2572 1829 2644 πρότερον

253 2666 360 2737 μὲν
390 2669 458 2737 τῇ
489 2666 617 2736 σκιᾷ
643 2664 736 2717 τοῦ
769 2665 938 2735 μήλου
985 2664 1123 2735 μετά
1156 2664 1450 2735 ἐπιθυμίας
1481 2663 1827 2717 ἑπαναπαύε-

249 2776 369 2821 ται,
387 2758 555 2829 μῆλον
572 2757 693 2811 ἀντί
702 2756 930 2826 νεφέλης
948 2755 1008 2809 rb
1024 2755 1337 2820 έπισκιάζον
1354 2752 1798 2825 κατονομάξουσα
1812 2768 1825 2781 ·

248 2848 352 2903 νῦν
375 2850 432 2903 δὲ
465 2850 568 2921 ήδη
595 2848 699 2902 ὑπὸ
726 2848 824 2919 τῆς
855 2846 1005 2911 θείας
1037 2846 1231 2910 νυκτὸς
1254 2846 1584 2917 περιέχεται,
1617 2845 1737 2899 καθ’
1764 2845 1831 2915 ἥν

246 2946 279 2999 ὁ
303 2943 537 3014 νυμφίος
567 2941 927 3012 παραγίνεται
956 2940 1075 3010 μὲν,
1106 2939 1167 2991 οὐ
1198 2938 1447 3007 φαίνεται
1472 2938 1548 2991 δέ.
1579 2936 1702 3001 Πῶς
1722 2936 1831 3009 γὰρ

247 3034 315 3087 ιν
345 3033 499 3087 νυκτὶ
522 3031 716 3101 φανείη
746 3029 806 3083 rb
845 3030 919 3102 μή
953 3030 1262 3101 όρώμενον;
1314 3029 1428 3083 ἀλλ’
1456 3028 1706 3100 αἴσθησιν
1733 3028 1833 3099 μέν

246 3144 377 3181 τινα
398 3125 581 3179 δίδωσι
602 3126 670 3195 τῇ
698 3123 842 3193 ψυχῇ
878 3122 975 3192 τῆς
1008 3122 1329 3192 παρουσίας,
1358 3119 1615 3190 ἐκφεύγει
1653 3120 1710 3173 δὲ
1734 3120 1832 3190 τὴν

248 3218 464 3292 ἐναργῆ
484 3216 812 3287 κατανόησιν
832 3213 910 3284 τῷ
925 3214 1140 3285 ἀοράτῳ
1166 3213 1267 3284 τῆς
1294 3213 1509 3282 φύσεως
1529 3210 1831 3282 ὲγκρυπτό-
1861 3258 1905 3315 C

254 3326 445 3385 μενος.
491 3308 588 3371 Τίς
614 3306 794 3360 τοίνυν
819 3305 968 3358 ἐστὶν
990 3306 1024 3375 ἡ
1048 3303 1307 3375 γινομένη
1335 3306 1402 3373 τῇ
1439 3302 1584 3375 ψυχῇ
1622 3301 1710 3354 διὰ
1736 3300 1835 3369 τῆς

251 3401 454 3466 νυκτὸς
489 3399 695 3469 ταύτης
736 3396 1123 3469 μυσταγωγίας
1164 3395 1425 3449 "An-“terat
1459 3397 1560 3466 τῆς
1598 3393 1767 3464 θύρας
1809 3394 1837 3445 ὁ

254 3494 454 3564 Λόγος.
484 3492 665 3564 Θύραν
687 3491 745 3544 δὲ
777 3489 1004 3561 νοοῦμεν
1027 3488 1127 3561 τὴν
1155 3484 1509 3560 στοχαστὰήν
1535 3481 1645 3541 τῶν
1667 3486 1839 3557 aper;-

252 3603 369 3641 των
390 3586 652 3649 διάνοιαν,
682 3583 749 3638 δι’
770 3577 842 3654 ἦς
865 3580 1215 3646 εἰσοικίζεται
1234 3581 1296 3634 rb
1326 3578 1672 3652 ζητούμενον.
1696 3577 1839 3642 Ἔξω

253 3680 439 3734 τοίνυν
466 3675 677 3731 ἑστῶσα
696 3675 797 3745 τῆς
825 3673 1039 3745 φύσεως
1059 3672 1215 3744 ήμῶν
1239 3674 1273 3743 ή
1296 3671 1521 3743 ἀλήθεια
1547 3670 1634 3724 διά
1658 3670 1757 3741 τῆς
1776 3671 1840 3722 ὲκ

260 3772 469 3843 μέρους
496 3769 769 3845 γνώσεως,
800 3768 981 3832 καθώς
1009 3784 1173 3838 φησιν
1199 3767 1228 3819 ὁ
1254 3765 1593 3828 ’Δπόστολος,
1621 3766 1679 3817 ὲν
1709 3764 1842 3817 ὑπο-

256 3865 434 3929 νοίαις
464 3864 579 3918 τισὶ
607 3864 703 3918 καὶ
744 3863 1027 3933 αἰνίγμασι
1052 3861 1437 3933 θυροκρουστεῖ
1460 3858 1558 3930 τήν
1582 3858 1838 3916 διάνοιαν.

262 3956 540 4022 Ἀνοίξω·
568 3954 802 4025 λέγουσα
822 3973 837 3986 ·
864 3954 956 4007 καὶ
982 3953 1117 4024 μετὰ
1138 3954 1449 4025 προτροπῆς
1479 3948 1841 4020 ὑπο-τιθεμένη

256 4052 355 4105 τὸν
401 4049 637 4121 τρόπον,
690 4048 836 4110 ὅπως
882 4045 1160 4115 ἀνοιγῆναι
1207 4046 1473 4114 προσήκει
1511 4040 1608 4112 τὴν
1648 4039 1839 4111 θύραν,

256 4139 376 4197 οἷόν
403 4158 552 4206 τινας
575 4140 722 4202 κλεῖς
759 4138 1048 4209 ὀρέγουσα,
1092 4138 1161 4190 rb
1188 4135 1329 4189 καλά
1377 4133 1548 4188 ταῦτα
1579 4133 1839 4203 ὀνόματα,

259 4239 332 4291 δι’
358 4228 434 4289 ὧν
470 4235 531 4288 rb
563 4232 948 4302 κεκλεισμένον
974 4230 1265 4297 ἀνοίγεται.
1316 4228 1536 4290 κλεῖδες
1567 4226 1675 4297 γάρ
1704 4226 1842 4277 εἰσιν

261 4328 525 4397 ἄντικρυς
552 4326 609 4379 αἰ
651 4324 759 4376 τῶν
799 4322 1080 4391 ὀνομάτων
1123 4319 1327 4373 τούτων
1366 4318 1655 4388 ἐμφάσεις,
1688 4316 1744 4369 αἰ
1775 4314 1844 4367 τὰ

263 4417 488 4491 κρυπτά
515 4415 902 4483 διανοίγουσαι,
938 4411 1142 4482 ἀδελφὴ
1184 4410 1279 4464 καὶ
1320 4407 1545 4478 πλησίον
1569 4405 1665 4459 καὶ
1688 4422 1843 4477 περι-

265 4509 439 4581 στερά
465 4510 557 4562 καί
586 4507 782 4560 τελεία.
808 4506 871 4560 Εἰ
892 4505 1001 4576 γὰρ
1024 4503 1201 4573 βούλει
1228 4520 1329 4567 σοι,
1355 4501 1539 4572 φησὶν,
1564 4498 1843 4568 ἀνοιγῆναι

1915 646 2047 700 dicit
2078 645 2363 717 Scriptura
2394 646 2462 702 de
2488 646 2800 715 legislatore
2827 664 2842 701 :
2881 644 3155 718 Ingressus
3182 653 3261 697 est
3318 642 3487 697 Moses

1916 738 1971 792 in
1993 738 2283 808 caliginem
2313 738 2404 793 ubi
2431 746 2547 794 erat
2570 736 2715 791 Deus
2738 737 2805 793 “.

1990 1005 2087 1060 llis
2107 1013 2288 1061 autem
2318 1004 2402 1060 sic
2433 1018 2464 1058 ιι
2491 1003 2650 1059 nobis
2673 1002 3060 1067 consideratis,
3089 1000 3488 1057 consideranda

1915 1110 2003 1154 est
2035 1099 2198 1153 etiam
2234 1098 2553 1169 coniunctio
2572 1105 2625 1153 et
2648 1097 2883 1151 aﬂinitas
2903 1095 3192 1149 verborum
3218 1110 3338 1164 qua:
3363 1101 3491 1149 sunt

1920 1190 2076 1246 nobis
2095 1192 2371 1261 proposita
2390 1206 2513 1243 cum
2527 1190 2594 1245 iis
2611 1188 2891 1260 quaadicta
2906 1187 3184 1241 sunt.Fuit
3199 1186 3493 1255 aliquando

1921 1296 2123 1350 sponsa
2146 1282 2325 1351 nigra,
2345 1280 2599 1338 obscuris
2621 1280 2970 1350 dogmatibus
2997 1278 3348 1332 ohtenehrata
3369 1294 3493 1331 cum

1919 1388 2041 1429 eam
2057 1375 2138 1429 sol
2153 1373 2577 1444 aspexisset,qni
2598 1372 3032 1442 pertentalioncs
3052 1371 3494 1426 uritsementem.

1921 1481 2045 1537 qua:
2068 1482 2235 1537 supra
2270 1473 2477 1536 petram
2512 1465 2675 1519 nullis
2724 1463 2919 1517 nititur
2947 1462 3267 1517 radicibus:
3304 1462 3498 1516 deinde

1924 1559 2068 1629 quod
2089 1574 2214 1613 cum
2238 1567 2384 1613 esset
2412 1558 2564 1614 abiis
2592 1565 2869 1628 superata,
2896 1556 2987 1626 qui
3006 1570 3125 1611 eam
3152 1569 3499 1625 oppugnave-

1922 1660 2075 1715 runt,
2097 1651 2311 1706 vineam
2343 1665 2497 1705 suam
2535 1664 2645 1704 non
2678 1647 3042 1703 custodierit:
3070 1645 3215 1717 quod
3244 1660 3369 1700 cum
3391 1645 3494 1699 sei-

1924 1753 2078 1809 psam
2094 1737 2639 1808 ignorasset,paverit
2656 1753 2847 1808 greges
2864 1736 3144 1791 haedorum
3164 1751 3263 1805 pro
3279 1734 3497 1789 ovibus.

1928 1828 2033 1884 Sed
2067 1838 2355 1899 postquam
2387 1845 2416 1882 a
2447 1830 2839 1899 conjunctione
2869 1844 2995 1883 cum
3045 1828 3189 1881 tnalo
3236 1842 3295 1883 se
3342 1832 3499 1879 avni-

1930 1920 2116 1984 sisset,
2148 1932 2200 1975 et
2233 1936 2327 1989 per
2369 1921 2657 1991 mysticum
2694 1920 2826 1973 illud
2874 1920 3121 1975 osculum
3173 1919 3306 1972 fonti
3364 1918 3499 1971 lucis

1931 2025 1995 2065 os
2024 2010 2314 2065 admovere
2361 2010 2746 2074 desiderasset,
2784 2017 2914 2064 tunc
2970 2010 3027 2063 fit
3084 2010 3333 2079 pulchra,
3384 2010 3502 2061 huc

1933 2103 2178 2157 veritatis
2231 2100 2522 2167 illustrata,
2578 2112 2633 2157 et
2690 2117 2831 2173 aqua
2866 2103 3052 2157 abluto
3084 2104 3302 2172 nigrore
3340 2101 3468 2171 igno

1931 2197 2145 2250 rentia.
2219 2193 2425 2251 Deinde
2491 2209 2632 2265 equo
2698 2194 3041 2251 assimilatur
3099 2200 3324 2264 propter
3379 2192 3501 2261 ejus

1934 2287 2001 2342 ad
2018 2303 2250 2343 cursum
2284 2286 2688 2357 pernicitatem.
2730 2294 2786 2342 et
2818 2285 3105 2348 columbae,
3157 2291 3381 2355 propter
3416 2282 3501 2337 in-

1934 2381 2183 2435 tellectus
2222 2380 2581 2435 celeritatem.
2629 2378 2999 2445 Quamobrem
3053 2392 3179 2431 cum
3237 2373 3500 2446 quidquid

1932 2468 2421 2539 comprehenditur
2447 2478 2503 2523 et
2544 2468 2795 2522 cernitur
2856 2475 3118 2536 tanquam
3158 2480 3334 2535 equus
3387 2478 3507 2534 por—

1934 2561 2222 2625 cnrrisset,
2257 2570 2313 2615 et
2340 2570 2598 2628 tanquam
2636 2560 2885 2615 columba
2907 2559 3329 2624 transvolasset,
3350 2559 3504 2627 prius

1934 2651 2155 2720 quidem
2213 2666 2338 2704 cum
2396 2649 2670 2703 desiderio
2725 2650 2963 2718 quiescit
3000 2650 3053 2703 in
3099 2649 3293 2703 umbra
3349 2649 3504 2706 mali.

1936 2740 2140 2794 malum
2179 2754 2280 2809 pro
2329 2740 2476 2794 nube
2516 2741 2812 2794 nominans
2868 2739 2923 2793 id
2963 2734 3504 2807 quodobscuritatem

1936 2830 2112 2885 alfert.
2144 2829 2305 2885 Nunc
2343 2839 2522 2886 autem
2552 2846 2582 2885 a
2615 2830 2801 2886 divina
2836 2840 2996 2886 nocte
3018 2830 3130 2900 jam
3151 2831 3504 2889 circumitur,

1937 2922 1992 2975 in
2020 2936 2128 2990 qua
2163 2921 2376 2976 accedit
2415 2923 2637 2991 quidem
2671 2936 2932 2992 sponsus,
2969 2920 3064 2975 sed
3110 2936 3218 2974 non
3258 2932 3506 2992 apparet.

1938 3011 2222 3077 Quomodo
2251 3014 2397 3066 enim
2427 3024 2592 3067 noctu
2620 3014 2936 3083 apparuerit
2963 3013 3016 3065 id
3046 3012 3192 3082 quod
3226 3026 3337 3066 non
3383 3025 3508 3067 cer~

1938 3100 2127 3155 nitur?
2156 3101 2248 3154 sed
2278 3101 2717 3171 prazbetqnidem
2741 3102 2935 3157 anima:
2966 3103 3204 3173 aliquem
3238 3117 3352 3157 suae
3372 3117 3512 3172 pra:-

1940 3194 2130 3249 sentiaa
2159 3209 2404 3259 sensum,
2467 3194 2657 3265 eﬂugit
2712 3204 2896 3250 autem
2951 3193 3261 3249 evidentem
3311 3197 3510 3258 mentis

1938 3286 2507 3357 comprehensionem,
2565 3296 2627 3342 ut
2670 3286 2765 3357 qui
2816 3289 3097 3356 operiatur
3142 3294 3337 3338 natura
3390 3301 3513 3354 qua:

1939 3395 2048 3434 non
2079 3381 2227 3435 cadit
2256 3381 2361 3436 sub
2391 3388 2694 3451 aspectum.
2754 3378 3015 3446 Quaenam
3052 3385 3137 3433 est
3168 3387 3351 3432 autem
3390 3393 3479 3449 my
3499 3407 3511 3417 -

1940 3470 2096 3524 stcrii
2132 3470 2491 3535 introductio,
2548 3485 2670 3542 qua:
2700 3485 2799 3540 per
2829 3470 2974 3525 hanc
3005 3478 3220 3523 nontem
3268 3468 3513 3523 induitur

1941 3562 2140 3616 anima:
2161 3561 2184 3615 ?
2208 3559 2428 3615 Ostium
2457 3561 2628 3631 tangit
2666 3557 2930 3615 Verbum.
2960 3556 3175 3614 Ostium
3220 3566 3400 3613 autem
3428 3557 3482 3611 in
3501 3585 3514 3596 ο

1941 3653 2239 3724 telligimus
2275 3652 2709 3723 conjecturalem
2732 3666 3066 3707 arcanorum
3102 3650 3510 3721 cogitationem,

1937 3758 2039 3814 per
2064 3758 2229 3813 quam
2248 3742 2691 3800 introduciturid
2713 3742 2863 3815 quod
2889 3742 3177 3814 quaeritur.
3204 3741 3369 3798 Stans
3383 3757 3514 3812 ergo

1942 3846 2098 3892 extra
2152 3844 2397 3893 nostram
2442 3844 2698 3892 naturam
2739 3835 2967 3898 veritas,
3004 3848 3103 3905 per
3140 3834 3513 3904 cognitionem

1940 3945 2007 3983 ex
2042 3936 2217 3998 parte,
2276 3929 2421 3983 sicut
2458 3929 2595 3984 dicit
2643 3926 3026 3998 Apostolus",
3065 3928 3267 3980 mentis
3310 3932 3517 3981 nostra:

1940 4022 2123 4090 pulsat
2150 4021 2354 4076 ostium
2380 4020 2434 4075 in
2466 4019 2748 4091 allegoriis
2771 4026 2825 4075 et
2862 4016 3265 4089 aenigmatihus,
3290 4015 3512 4073 dicens:

1942 4112 2136 4180 Aperi;
2164 4120 2219 4167 et
2254 4127 2379 4166 cum
2416 4111 2796 4166 adhortatione
2842 4108 3107 4179 suggerit,
3155 4108 3513 4178 quemadmo-

1943 4203 2072 4257 dum
2104 4210 2322 4273 Oportet
2361 4204 2577 4272 aperire
2605 4202 2827 4267 ostium,
2874 4201 3038 4256 veluti
3067 4200 3315 4271 praebens
3352 4214 3517 4271 quas-

1942 4291 2069 4347 dam
2107 4292 2312 4359 claves,
2347 4307 2543 4362 nempe
2574 4291 2804 4362 pulchra
2851 4291 2968 4346 haec
2996 4291 3238 4355 nomina,
3277 4306 3375 4361 per
3398 4307 3518 4361 qua:

1944 4384 2191 4453 aperitur
2220 4383 2276 4438 id
2306 4383 2453 4454 quod
2482 4395 2567 4440 est
2619 4383 2893 4440 clausum.
2949 4383 3146 4441 ﬂlaves
3177 4383 3321 4438 enim
3359 4383 3517 4455 plane

1945 4485 2074 4531 sunt
2104 4476 2297 4531 horum
2339 4477 2626 4532 nominum
2649 4477 3109 4548 signiﬁcationes,
3143 4492 3263 4548 quae
3300 4480 3515 4533 occulta

263 4570 381 4672 τὴν.
399 4601 590 4673 θύραν,
624 4600 716 4653 καί
744 4570 1049 4669 ἐπαρθῆναι
1072 4596 1172 4665 τῆς
1189 4594 1369 4665 ψυχῆς
1398 4570 1493 4646 σου
1520 4594 1616 4655 τὰς
1646 4590 1834 4654 πύλας1

1947 4570 2222 4639 aperiunt,
2253 4585 2450 4640 nempe
2480 4585 2640 4625 soror
2667 4580 2720 4625 et
2750 4570 3064 4641 propinqua
3096 4577 3150 4625 et
3179 4570 3433 4625 columba
3466 4581 3520 4625 et

266 4697 358 4749 ἵνα
390 4692 604 4764 εἰσέλθῃ
635 4695 665 4746 ό
709 4690 956 4761 βασιλεὺς
988 4688 1084 4759 τῆς
1127 4686 1284 4757 δόξης
1304 4726 1319 4749 ,
1375 4686 1479 4756 χρή
1520 4701 1580 4737 σε
1612 4682 1843 4754 ἀδελφήν

267 4806 375 4861 μου
406 4786 680 4855 γενέσθαι.
710 4786 768 4837 ὲν
787 4782 863 4854 τῷ
879 4781 947 4836 rb
970 4780 1248 4851 θελήματά
1268 4795 1369 4849 μου
1394 4779 1457 4848 τῇ
1487 4776 1632 4846 ψυχῇ
1661 4792 1844 4847 παρα-

262 4878 553 4944 δέξασθαι,
615 4874 798 4936 καθὼς
842 4874 900 4926 ὲν
942 4872 1025 4943 τῷ
1067 4868 1383 4939 Εὐαγγελίῳ
1428 4866 1593 4936 φησὶν
1621 4863 1847 4932 ἀδελφὸν

264 4969 436 5025 αὐτοῦ
484 4968 578 5022 καὶ
621 4963 855 5035 ἀδελφήν
899 4960 1143 5032 γίνεσθαι
1190 4959 1282 5012 τὸν
1314 4960 1374 5012 ὲν
1405 4959 1517 5020 τοῖς
1547 4956 1847 5025 θελήμασιν

263 5062 434 5119 αὐτοῦ
461 5061 658 5127 ζῶντα.
699 5057 821 5129 Χρὴ
837 5056 894 5110 δέ
913 5072 972 5108 σε
1000 5054 1095 5107 καὶ
1117 5051 1473 5123 προσεγγίσαι
1494 5052 1559 5119 τῇ
1595 5047 1842 5117 ἀληθείᾳ,

263 5154 365 5209 καὶ
394 5152 622 5223 πλησίον
642 5147 916 5218 γενέσθαι.
945 5144 1084 5197 ὥστε
1113 5141 1302 5213 μηδενὶ
1341 5139 1490 5210 μέσῳ
1521 5132 1845 5205 διατειχίζε-

268 5248 426 5312 σθαι,
468 5245 564 5299 καὶ
603 5245 661 5296 ὲν
690 5244 757 5312 τῇ
797 5238 957 5309 φύσει
995 5237 1093 5307 τῆς
1130 5232 1453 5305 περιστερᾶς
1482 5229 1627 5300 ἔχειν
1660 5226 1722 5280 rb
1754 5224 1846 5279 τέ-

264 5338 414 5394 λειον
436 5353 451 5368 ο
496 5335 656 5389 τοῦτο
674 5334 731 5387 δέ
760 5334 875 5385 ἐστι
909 5330 970 5384 rb
999 5324 1257 5394 ἀνελλιπῆ
1287 5324 1380 5377 καὶ
1412 5318 1847 5391 πεπληρωμένην

263 5432 413 5485 εἰναι
452 5428 631 5499 πάσης
672 5425 902 5487 ἀκακίας
942 5422 1037 5478 καί
1082 5417 1467 5487 καθαρότητος.
1520 5412 1705 5467 Ταῦτα
1748 5410 1847 5463 λα-

267 5519 468 5585 σοῦσα,
495 5513 541 5573 ὦ
558 5517 726 5588 ψυχὴ,
753 5510 863 5569 οἶόν
900 5529 1050 5576 τινας
1075 5511 1223 5572 κλεῖς
1251 5508 1321 5561 τὰ
1346 5506 1605 5575 ὀνόματα,
1639 5502 1849 5566 ἄνοιξον

266 5606 547 5668 διἀὑτῶν
577 5608 643 5678 τῇ
677 5590 916 5675 ἀληθεία
943 5603 1045 5672 τήν
1084 5598 1311 5663 εἴσοδον,
1352 5595 1555 5664 ἀδελφὴ
1581 5592 1849 5664 γενομένη

269 5702 372 5762 καὶ
399 5701 629 5771 πλησίον
655 5699 750 5753 καί
775 5693 1073 5769 περιστερά
1102 5694 1196 5747 καὶ
1221 5690 1422 5745 τελεία.
1452 5689 1642 5742 Ἔσται
1669 5685 1725 5738 δέ
1753 5701 1845 5737 σου

380 5885 424 5918 ⁸¹
452 5883 618 5939 Exod.
649 5896 792 5943 xxiv,
829 5879 915 5933 18.
996 5877 1039 5908 ³¹
1076 5875 1241 5930 lCor.
1278 5888 1395 5938 xm,
1432 5870 1518 5926 l2.

600 5980 869 6038 ΡΑτιιοι..
899 5975 1022 6033 (in.
1069 5971 1289 6033 XLIV.

1946 4662 2218 4735 perfecta.
2254 4661 2313 4718 Si
2361 4664 2445 4720 vis
2468 4664 2637 4728 enim,
2671 4664 2871 4734 inquit,
2917 4662 3115 4733 aperiri
3173 4664 3398 4729 ostium,
3462 4670 3519 4718 et

1945 4756 2123 4813 attolli
2163 4762 2350 4828 portas
2405 4757 2602 4811 animae
2630 4764 2756 4821 tuae,
2803 4762 2865 4809 ut
2891 4770 2985 4809 rex
3014 4754 3203 4825 gloria:
3243 4752 3521 4825 ingredia-

1947 4858 2056 4914 ια’,
2088 4857 2305 4921 oportet
2349 4856 2402 4904 te
2445 4862 2623 4903 meam
2680 4846 2799 4903 ﬁeri
2845 4861 3115 4910 sororem,
3168 4847 3223 4900 in
3256 4862 3320 4901 eo
3375 4846 3521 4917 quod

1949 4943 2145 4997 anima:
2194 4958 2327 4999 mete
2385 4942 2721 4997 voluntatem
2774 4940 3042 5011 accipias,
3096 4940 3239 4996 sicut
3274 4939 3409 4995 dicit
3466 4941 3517 4992 in

1952 5034 2245 5106 Evangelio
2276 5050 2399 5090 eum
2434 5033 2551 5089 fieri
2578 5034 2801 5089 fratrem
2841 5050 3002 5091 suum
3034 5044 3089 5089 et
3120 5050 3391 5092 sororem,
3420 5035 3511 5103 qui

1952 5127 2086 5181 vivit
2119 5128 2171 5182 in
2208 5127 2332 5197 ejus
2366 5126 2666 5183 voluntate.
2723 5125 2954 5199 Oportet
2989 5134 3171 5181 autem
3221 5135 3275 5179 te
3318 5139 3521 5193 appro-

1953 5222 2219 5291 pinquare
2279 5220 2517 5284 veritati,
2575 5228 2631 5276 et
2693 5221 2830 5275 adeo
2881 5229 3071 5275 exacte
3112 5235 3233 5275 esse
3298 5219 3521 5288 propin-

1949 5328 2143 5382 quum,
2178 5319 2239 5366 ut
2272 5313 2425 5367 nullo
2466 5312 2793 5368 intertnedio
2820 5312 3179 5382 disjungaris,
3233 5320 3287 5366 et
3317 5311 3520 5364 habere

1953 5404 2009 5460 in
2036 5412 2233 5460 natura
2262 5405 2533 5461 columba:
2577 5406 2971 5476 perfectionem
3009 5425 3021 5461 :
3056 5406 3158 5460 hoc
3202 5410 3383 5458 autem
3412 5414 3520 5461 est.

1957 5498 2106 5552 nulla
2132 5499 2187 5552 in
2216 5514 2274 5555 re
2295 5498 2548 5562 deiicere,
2583 5507 2639 5553 et
2676 5514 2800 5555 esse
2831 5501 3050 5569 plenum
3078 5497 3226 5552 omni
3256 5496 3522 5550 innocen-

1958 5589 2033 5644 tia
2061 5599 2113 5645 et
2138 5591 2396 5660 puritate.
2442 5591 2570 5646 Haec
2620 5593 2843 5647 nomina
2881 5606 3004 5646 cum
3056 5589 3200 5644 velut
3255 5587 3523 5658 quasdam

1956 5682 2141 5738 claves
2167 5682 2469 5755 acceperis,
2493 5698 2527 5738 ο
2565 5683 2767 5748 anima,
2794 5698 2889 5755 per
2924 5698 2985 5738 ea
3010 5682 3162 5753 aperi
3215 5680 3520 5751 ingressum

3203 5960 3281 6019 32
