4028 6476
684 434 823 490 1003

1837 436 1894 492 S.
1936 432 2261 493 GREGORII
2301 434 2594 493 NYSSENI

3723 448 3813 511 Mt

684 553 919 616 veritati,
964 550 1009 607 si
1036 549 1206 607 fueris
1234 562 1393 605 soror
1428 554 1483 603 et
1537 547 1843 619 propinqua
1902 555 1958 604 et
1993 548 2244 604 columba

2352 549 2408 603 τὸ
2426 551 2614 622 κέρδος
2655 551 2720 605 ἐκ
2758 550 2853 605 τοῦ
2887 550 3222 618 εἰσδέξασθαι
3263 569 3329 623 με
3374 553 3465 607 καὶ
3492 556 3813 628 είσοικῑσασθαι,

676 652 733 699 et
759 643 1020 715 perfecta.
1052 641 1129 695 Ex
1155 656 1221 697 eo
1252 649 1434 696 autem
1464 641 1612 711 quod
1654 656 1739 695 tne
1771 641 2061 696 admiseris
2090 651 2143 696 et
2168 640 2246 694 in-

678 736 1011 799 troduxeris,
1052 732 1365 790 lucrifacies
1410 748 1594 789 rorem
1643 748 1707 788 ex
1740 733 1918 803 capite
1962 733 2093 787 'meo
2137 748 2245 804 quo

676 844 797 883 sum
830 828 1044 897 plenus,
1077 833 1132 880 et
1164 842 1229 880 ex
1260 826 1506 879 noctium
1545 826 1714 895 guttis
1747 841 1867 894 quae
1906 824 2154 879 deﬂuunt
2180 840 2245 879 ex

678 921 816 975 meis
838 918 1132 973 cincinnis.
1194 917 1271 972 Ex
1308 918 1392 972 his
1417 924 1598 971 autem
1654 932 1830 971 rorem
1870 919 2089 987 quidem
2125 932 2247 972 esse

677 1008 1079 1064 curationema
1140 1006 1407 1078 propheta
1471 1006 1733 1075 przeclare
1775 1006 2089 1069 didicimus,
2152 1006 2244 1076 qui

677 1098 811 1153 dicit
842 1118 855 1154 :
890 1098 991 1151 Ras
1021 1098 1110 1165 qui
1144 1114 1176 1150 a
1230 1107 1276 1150 te
1307 1096 1429 1165 ﬂuit
1490 1104 1567 1149 est
1626 1094 1733 1147 illis
1791 1095 2015 1147 curatio.
2061 1093 2247 1149 Noctis

679 1201 861 1247 autem
893 1198 1057 1261 gutta:
1088 1189 1239 1260 prius
1270 1187 1673 1242 consideratam
1707 1186 1955 1255 proxime
2005 1201 2249 1255 sequun-

678 1291 770 1337 tur
797 1282 1146 1337 seutentiam.
1176 1279 1293 1333 Non
1316 1283 1493 1348 potest
1516 1278 1661 1332 enim
1692 1277 1806 1331 ﬂeri
1834 1290 1891 1331 ut
1918 1277 2011 1346 qui
2044 1276 2251 1347 ingres-

679 1389 778 1430 sus
801 1372 967 1428 fuerit
989 1371 1151 1442 adyta
1186 1386 1377 1424 eorum
1410 1383 1535 1439 quas
1582 1369 1729 1423 vires
1774 1369 2043 1423 humanas
2092 1382 2251 1435 supe-

678 1472 825 1527 rant,
866 1478 967 1517 nec
996 1462 1199 1517 cadunt
1250 1460 1353 1516 sub
1394 1460 1933 1529 contemplationem,
1993 1458 2251 1512 deveniat

678 1555 747 1609 ad
781 1555 1012 1609 imbrem
1039 1553 1273 1623 aliquem
1306 1561 1401 1606 aut
1446 1558 1749 1606 torrentem
1779 1550 2131 1621 cognitionis,
2154 1550 2248 1604 sed

680 1648 937 1719 praeclare
966 1661 1090 1701 cum
1122 1661 1189 1702 eo
1216 1652 1426 1715 agetur,
1483 1642 1529 1698 si
1555 1642 1884 1713 quibusdam
1927 1641 2164 1696 exilibus
2196 1648 2251 1696 et

678 1738 931 1794 obscuris
960 1738 1244 1793 sententiis
1274 1735 1644 1806 cognitionem
1692 1735 1813 1804 ejus
1861 1734 2060 1789 irroret
2109 1734 2251 1789 veri-

677 1841 782 1891 tas.
810 1845 907 1900 per
941 1830 1087 1883 viros
1131 1836 1355 1883 sanctos
1394 1834 1450 1881 et
1496 1827 1712 1882 divinos
1768 1825 2042 1881 deﬂuente
2099 1832 2249 1895 gutta

676 1924 930 1979 rationis.
973 1922 1273 1977 Cincinnos
1300 1919 1448 1974 enim
1477 1919 1570 1989 qui
1614 1918 1850 1989 pendent
1881 1919 1948 1972 ab
1979 1917 2250 1972 universi-
2282 1902 2323 1958 Β

677 2016 808 2069 tatis
834 2013 1035 2084 capite,
1083 2014 1290 2081 tropice
1338 2020 1472 2081 puto
1524 2011 1797 2066 nominari
1850 2010 2142 2081 prophetas
2196 2016 2251 2065 et

676 2107 1043 2177 evangelistas
1108 2112 1158 2159 et
1218 2103 1546 2172 apostolos:
1593 2116 1825 2171 quorum
1871 2100 2251 2170 unusquisque

677 2204 943 2269 quantmn
970 2209 1167 2262 capere
1197 2194 1396 2263 potuit,
1421 2192 1683 2247 hauriens
1718 2207 1785 2247 ex
1827 2192 2101 2254 obscuris,
2159 2206 2252 2246 oc-

676 2289 841 2344 cultis
870 2295 923 2341 et
980 2284 1459 2355 inaspectabilibus
1484 2283 1778 2349 thesauris,
1836 2285 1995 2338 nobis
2029 2284 2250 2353 qundem

678 2380 817 2436 ﬁunt
845 2376 991 2434 ﬂuvii
1023 2378 1167 2449 pleni
1200 2376 1376 2446 aquis.
1436 2374 1495 2428 Si
1522 2376 1599 2429 rei
1632 2382 1812 2429 autem
1849 2382 2126 2447 spectetur
2157 2391 2249 2429 ve-

677 2472 838 2535 ritas,
876 2478 1005 2526 sunt
1030 2477 1197 2540 guttae
1231 2469 1396 2530 roris,
1448 2466 1666 2521 etiamsi
1709 2474 2024 2537 restagnent
2065 2466 2252 2519 multi-

676 2563 867 2618 tudine
890 2568 945 2615 et
975 2559 1345 2629 magnitudine
1373 2558 1659 2612 doctrinae.
1705 2555 2025 2627 Cujusmodi
2050 2555 2250 2610 ﬂumen

677 2664 798 2712 erat
826 2654 1047 2717 Paulus,
1079 2653 1171 2724 qui
1206 2666 1374 2721 supra
1393 2650 1591 2704 omlum
1618 2664 1917 2718 assurgens
1943 2648 2103 2701 undis
2129 2662 2254 2701 sen-

676 2747 997 2809 tentiarum,
1034 2759 1205 2810 usque
1238 2742 1305 2795 ad
1336 2741 1557 2796 tertium
1587 2741 1810 2801 ctelum.
1837 2754 2015 2809 usque
2051 2738 2117 2791 ad
2154 2752 2254 2809 pa-

677 2840 946 2899 radisum,
996 2852 1171 2906 usque
1210 2838 1275 2887 ad
1328 2834 1489 2888 verba
1530 2847 1732 2887 arcana
1774 2842 1829 2886 et
1865 2832 2158 2886 ineﬂ‘ahilia
2184 2829 2251 2894 ³³,

677 2935 735 2986 et
784 2942 882 2999 per
933 2940 1151 2981 omnem
1224 2922 1491 2991 ejusmodi
1555 2920 1787 2976 docendi
1836 2920 2250 2990 amplitudinem

676 3021 786 3076 late
832 3017 1142 3080 exundans,
1198 3015 1381 3071 verbis
1432 3030 1626 3070 rursus
1664 3012 1922 3077 ostendit,
1976 3013 2121 3082 quod
2165 3012 2253 3064 hic

678 3126 860 3168 sermo
889 3120 974 3166 est
1020 3110 1196 3165 instar
1242 3116 1409 3180 guttae
1454 3107 1624 3169 roris,
1662 3106 1712 3161 si
1761 3104 2075 3160 conferatur
2127 3119 2252 3158 cum

2349 642 2382 711 ή
2418 643 2482 696 ὲκ
2511 642 2611 713 τῆς
2635 641 2877 714 κεφαλῆς
2904 660 3005 714 μου
3032 643 3223 716 δρόσος
3244 640 3314 717 ἦς
3332 644 3537 717 πλήρης
3556 650 3670 720 εἰμὶ,
3695 656 3763 707 καὶ
3780 661 3814 711 αξ
3906 692 3907 709 χ

2346 734 2447 804 τῆς
2494 734 2688 798 νυκτὸς
2731 735 2838 789 τῶν
2872 735 3182 807 βοστρύχων
3212 737 3322 791 τῶν
3366 738 3507 809 ἐμῶν
3538 743 3815 815 ἀπορρέουσα

2346 792 2599 897 ψεκάδες.
2647 792 2748 880 ’ἐκ
2771 792 2975 881 τούτων
2998 792 3171 891 δὲῗτὸ
3205 827 3304 898 μὲν
3327 792 3465 883 ῐασιν
3504 792 3817 910 εέναῖτῖζ

2350 937 2469 1009 σον,
2507 920 2657 991 παρὰ
2710 920 2825 978 τοῦξ
2852 923 3129 992 προφήτου
3171 922 3355 991 σαφῶς
3397 923 3755 996 μεμαθήκαμεν,
3782 931 3819 993 ὅς

2349 1026 2531 1079 φησιν’
2566 1013 2646 1064 ὅτι
2666 1013 2888 1079 Δρόσος
2913 1012 2950 1079 ἡ
2984 1014 3143 1079 παρά
3164 1028 3303 1073 σου,
3328 1012 3466 1079 ταμα
3489 1014 3668 1079 αὐτοῖς
3688 1016 3817 1071 ἐστιν.

2347 1102 2411 1154 Δί
2435 1102 2492 1154 δὲ
2520 1103 2617 1173 τῆς
2650 1104 2841 1167 νυκτὸς
2868 1102 3101 1172 ψεκάδες
3129 1102 3227 1172 τῆς
3258 1103 3695 1175 προθεωρηθείσης
3718 1107 3819 1177 ἕχον.

2348 1209 2438 1246 ται
2472 1192 2725 1256 διανοίας.
2752 1194 2825 1246 Ού
2856 1194 2962 1265 γάρ
2985 1195 3097 1246 ἐστι
3125 1193 3344 1246 δυνατὸν
3366 1194 3453 1246 τὸν
3480 1195 3614 1257 ἐντὸς
3637 1196 3724 1250 τῶν
3739 1200 3820 1251 ἁδύ-

2352 1300 2461 1337 των
2496 1284 2590 1338 καὶ
2622 1284 2863 1337 ἀθεάτων
2908 1285 3229 1354 γενόμενον,
3286 1283 3473 1355 ὄμϐρῳ
3510 1287 3604 1337 τινὶ
3628 1285 3710 1354 τῆς
3732 1290 3822 1356 γνὼ-

2350 1388 2488 1434 σεως
2534 1374 2772 1442 ἐντυχεῖν
2814 1372 2846 1442 ἢ
2881 1372 3183 1445 χειμάρρῳ.
3252 1373 3391 1425 Ἀλλ’
3427 1374 3694 1446 ἀγαπητὸν,
3712 1378 3749 1430 εί
3766 1377 3821 1431 itt-

2350 1466 2511 1527 πταῖς
2560 1480 2667 1517 τισι
2718 1465 2810 1518 καὶ
2851 1466 3118 1537 ἀμυδραίς
3158 1466 3419 1529 διανοίαις
3461 1466 3737 1537 ὲπιῲεκάζοι
3761 1470 3823 1542 τὴν

2350 1556 2551 1624 γνῶσιν
2575 1554 2795 1626 αύτοῦὴ
2834 1557 3079 1627 ἀλήθεια,
3110 1557 3198 1610 διὰ
3228 1558 3336 1610 τῶν
3366 1559 3532 1626 ἁγίων
3556 1577 3608 1613 τε
3646 1562 3720 1614 καὶ
3751 1562 3825 1616 θεο-

2351 1643 2696 1713 φορουμένων
2720 1643 2820 1713 τῆς
2856 1644 3079 1716 λογικῆς
3108 1646 3365 1714 σταγόνος
3391 1648 3739 1722 ἀπορρεούσης.
3767 1650 3826 1704 Bo-

2352 1733 2615 1806 στρύχους
2654 1734 2761 1807 γὰρ
2800 1731 2951 1806 οἶμαι
2983 1738 3080 1808 τῆς
3124 1738 3218 1790 τοῦ
3253 1738 3453 1803 παντὸς
3492 1742 3702 1811 κεφαλῆς
3728 1742 3825 1811 the

2350 1824 2619 1895 τημένους
2650 1865 2665 1889 ,
2734 1826 3013 1897 τροπικῶς
3060 1827 3418 1899 ὀνομάζεσθαι
3471 1832 3717 1902 προφήτας
3770 1833 3827 1883 καὶ

2348 1916 2734 1985 εὐαγγελιστάς
2766 1918 2861 1971 καὶ
2885 1919 3238 1984 ἀποστόλους,
3265 1914 3340 1975 ὧν
3372 1923 3590 1986 ἕκαστος
3618 1923 3719 1976 ὅσον
3740 1922 3827 1993 ἐχύ-

2352 2024 2478 2079 ρουν
2502 2009 2567 2062 ἐκ
2596 2008 2704 2061 τῶν
2736 2011 3025 2065 σκοτεινῶν
3052 2028 3111 2066 τε
3141 2014 3236 2067 καὶ
3267 2013 3590 2085 ἀποκρύφων
3620 2014 3700 2067 καὶ
3720 2014 3827 2085 ἀορά-

2347 2114 2454 2150 των
2478 2098 2765 2171 θησαυρῶν
2788 2101 3100 2172 ἀρυόμενοι,
3134 2105 3263 2175 ήμίν
3285 2106 3517 2175 ποταμοὶ
3540 2104 3763 2173 γίνονται·
3784 2104 3829 2167 ὡς

2348 2189 2405 2243 δὲ
2436 2191 2573 2261 πρὸς
2600 2191 2700 2264 τὴν
2738 2192 2903 2257 ὅντως
2932 2194 3210 2265 ἀλήθειαν,
3232 2195 3515 2266 δροσώδεις
3538 2198 3633 2249 εἰσὶ
3650 2196 3827 2266 ψεκάδες,

2362 2281 2465 2335 κάν
2489 2281 2567 2353 τῷ
2592 2283 2784 2354 πλήθει
2812 2302 2870 2337 τε
2894 2287 2987 2339 καὶ
3022 2287 3238 2357 μεγέθει
3258 2289 3359 2359 τῆς
3388 2289 3701 2351 διδασκαλίας
3718 2292 3831 2358 πλημι

2354 2374 2618 2444 μυρῶσιν.
2669 2370 2791 2438 Οἷος
2829 2378 2858 2429 ό
2885 2376 3094 2441 Παῦλος
3119 2374 3185 2448 ἦν
3215 2379 3488 2451 ποταμὸς,
3534 2380 3658 2449 ὑπὲρ
3693 2379 3831 2432 τὸνσὸ-

2358 2462 2518 2536 ρανὸν
2546 2466 2655 2526 τοῖς
2683 2465 2789 2517 τῶν
2818 2466 3103 2536 νοημάτων
3132 2466 3339 2537 κύμασι
3374 2468 3736 2540 κορυφούμενος
3767 2468 3831 2529 ἓως

2352 2552 2536 2625 τρίτου
2566 2554 2818 2623 ούρανοῦ,
2850 2556 2954 2619 ἕως
2984 2556 3078 2610 τοῦ
3108 2559 3459 2629 παραδείσου,
3491 2560 3588 2622 ἕως
3609 2560 3700 2613 τῶν
3721 2560 3831 2630 abii,-

2350 2661 2458 2697 των
2496 2662 2555 2697 τε
2602 2648 2697 2699 καὶ
2726 2648 3122 2719 ἀνεκφωνήτων
3158 2651 3438 2720 ῥημάτων,
3481 2651 3569 2705 καλ⁸
3601 2651 3661 2703 δι’
3683 2651 3833 2719 ἀπάσης

2350 2736 2448 2806 τῆς
2471 2737 2725 2809 τοιαύτης
2755 2740 3159 2811 μεγαληγορίας
3194 2743 3286 2795 πελ
3298 2743 3501 2812 αγίζων
3524 2744 3596 2813 τῷ
3617 2742 3735 2815 λόγῳ
3766 2742 3832 2795 δεί-

2352 2844 2508 2880 κνυσι
2553 2829 2713 2882 πάλιν
2752 2831 2834 2883 ὃτι
2881 2830 3056 2900 ψεκάς
3096 2832 3179 2897 τίς
3219 2835 3335 2887 ἐστι
3385 2835 3641 2908 δροσώδης
3678 2838 3702 2890 ὁ
3735 2835 3836 2902 λὸγῡς

2351 2914 2525 2983 οὗτος,
2559 2921 2841 2993 συγκρίσει
2883 2923 2977 2975 τοῦ
3004 2924 3172 2987 ὅντως
3193 2923 3393 2995 Λόγου,
3424 2927 3491 2981 δι’
3522 2921 3591 2981 ὧν
3613 2944 3763 2999 φησιν,
3786 2928 3835 2978 ὅτι

2365 3010 2459 3063 Ἐκ
2470 3012 2691 3078 μέρους
2713 3012 3102 3083 γινώσκομεν,
3120 3014 3215 3068 καὶ
3238 3017 3305 3069 ἐκ
3320 3017 3542 3086 μέρους
3560 3018 3837 3087 προφητεύο-

2348 3119 2462 3170 μεν
2478 3119 2492 3133 ·
2513 3103 2627 3169 καὶ,
2650 3104 2725 3155 ΕΖ
2740 3123 2827 3171 τις
2842 3104 3006 3159 δοκεῖ
3031 3108 3352 3177 ἐγνωκέναι
3368 3127 3442 3175 τι,
3460 3112 3616 3165 οὔπω
3642 3110 3839 3180 eri-uita-

678 3200 1016 3272 Verboquod
1049 3208 1154 3263 est,
1185 3215 1310 3256 cum
1353 3198 1483 3252 dicit
1517 3216 1530 3252 :
1565 3195 1649 3250 Ea:
1679 3203 1829 3265 parte
1868 3195 2251 3262 cognoscimus,

2354 3194 2472 3261 θὼς
2519 3195 2613 3249 δεῖ
2638 3197 2883 3266 γνῶναι·
2919 3200 3012 3252 καὶ
3032 3242 3046 3264 ,
3089 3201 3386 3271 Ἐμαυτὸν
3429 3205 3586 3257 οὔπω
3608 3202 3838 3274 λογίζομαι

678 3303 729 3347 et
758 3308 822 3347 ea:
876 3301 1026 3362 parte
1062 3292 1431 3359 prophetamus
1448 3288 1514 3353 “,
1549 3297 1602 3342 et
1628 3305 1640 3340 :
1666 3286 1726 3341 Si
1754 3286 1869 3349 quis
1902 3286 2001 3338 sibi
2054 3285 2257 3338 videtur

676 3386 833 3444 scire,
887 3381 1117 3435 nondum
1160 3382 1260 3435 scit
1290 3378 1549 3449 quomodo
1594 3378 1729 3431 scire
1757 3377 2098 3445 oporteat";
2153 3385 2254 3430 et:

681 3474 794 3547 Ego
822 3478 1075 3542 meipsum
1102 3471 1328 3526 nondum
1360 3471 1605 3524 existimo
1634 3468 2078 3537 comprehendisse
2106 3467 2173 3520 ³⁸.
2197 3464 2255 3521 Si

682 3581 810 3637 ergo
845 3565 1043 3617 humor
1089 3562 1253 3626 roris,
1309 3569 1362 3616 et
1389 3568 1545 3631 gutta
1577 3558 1959 3612 cincinnorum
2004 3556 2259 3611 videntur

679 3672 802 3712 esse
851 3653 1072 3708 ﬂumina
1105 3660 1158 3708 et
1206 3652 1375 3706 maria
1404 3658 1461 3705 et
1512 3650 1732 3715 ﬂuctus,
1789 3651 1835 3703 si
1872 3664 1994 3703 cum
2051 3649 2257 3704 nostris

680 3745 1039 3801 conferantur
1092 3739 1508 3812 viribuszquid
1565 3749 1650 3795 est
1702 3740 2124 3795 existimandum
2188 3739 2257 3795 de

684 3837 778 3891 illo
806 3834 954 3891 fonte
987 3833 1079 3904 qui
1112 3832 1248 3887 dixit
1282 3850 1294 3886 :
1323 3831 1380 3887 Si
1411 3834 1529 3903 quis
1561 3833 1702 3896 sitit,
1738 3832 1910 3885 veniat
1954 3831 2023 3883 ad
2057 3846 2158 3896 me,
2203 3839 2253 3885 et

682 3929 826 3985 bibat
856 3930 898 3965 ³⁷
921 3929 943 3982 ?
966 3927 1204 3995 Quilibet
1230 3941 1295 3979 ex
1331 3925 1399 3981 iis
1424 3926 1517 3995 qui
1550 3924 1783 3979 audiunt
1812 3940 1879 3978 ex
1910 3926 2256 3995 proportione

680 4038 871 4080 eorum
896 4037 1016 4093 qua:
1045 4020 1191 4076 dicta
1228 4028 1376 4085 sunt,
1422 4019 1792 4087 conjecturam
1837 4026 2017 4071 sumat
2050 4016 2118 4072 de
2149 4019 2253 4071 mi-

684 4117 894 4171 raculo.
957 4113 1092 4169 Nam
1124 4114 1169 4169 si
1196 4122 1345 4184 gutta
1374 4112 1571 4167 suﬂicit
1623 4112 1690 4166 ad
1738 4112 2105 4181 generandum
2154 4109 2257 4164 ﬂuo

681 4209 853 4272 vium.
878 4207 1008 4279 quid
1033 4206 1391 4278 reputandum
1427 4215 1511 4259 est
1529 4219 1649 4258 esse
1677 4204 1853 4275 ipsum
1880 4202 1973 4257 Dei
2005 4202 2253 4271 ﬂuvium,

681 4315 745 4356 ex
775 4300 882 4354 hac
919 4307 1071 4370 gutta
1102 4298 1418 4366 conjectura
1457 4293 1664 4349 durta?

753 4390 1052 4445 Videamus
1093 4395 1275 4442 autem
1320 4385 1775 4457 quemadmodum
1826 4401 2025 4453 sponsa
2071 4386 2255 4441 ohedit

681 4482 886 4545 Verbo,
918 4479 1374 4552 quemadmodum
1406 4494 1608 4547 sponso
1633 4478 1804 4548 aperit
1833 4478 2061 4530 aditum.
2087 4476 2250 4540 Exui,

2357 3288 2800 3356 κατειληφέναι.
2821 3292 2882 3343 Ei
2912 3291 3089 3345 τοίνυν
3112 3293 3276 3363 ίκμάς
3294 3295 3394 3366 τῆς
3418 3295 3617 3368 δρόσου,
3640 3296 3718 3348 καὶ
3732 3296 3756 3365 η
3772 3292 3839 3345 τῶν

2362 3378 2674 3450 βοστρύχων
2715 3381 2887 3451 om;
2926 3387 3159 3455 ποταμοὶ
3199 3386 3419 3442 δοκοῦσι
3448 3390 3538 3442 καὶ
3576 3388 3752 3457 πελάγη
3781 3385 3840 3437 καὶ

2357 3471 2578 3541 κύματα
2620 3473 2758 3543 πρὸς
2798 3475 2895 3546 τὴν
2929 3478 3199 3550 ἡμετέραν
3242 3481 3537 3553 κρινόμενα
3566 3480 3776 3549 δύναμιν·
3809 3476 3841 3527 τί

2357 3561 2463 3633 χρὴ
2494 3563 2622 3635 περὶ
2646 3565 2744 3635 τῆς
2772 3568 2955 3638 πηγῆς
2976 3568 3289 3638 λογίσασθαι
3312 3572 3414 3645 τῆς
3439 3571 3693 3641 εἰπούσης,
3717 3570 3778 3623 δτι
3798 3566 3841 3620 Εἴ

2356 3671 2446 3720 τις
2474 3654 2653 3725 διψᾷ,
2683 3658 2948 3729 ἐρχέσθω
2978 3664 3126 3731 πρός
3144 3681 3221 3733 με
3245 3665 3343 3719 καί
3378 3666 3621 3731 mrem;
3646 3665 3841 3723 Ἕκαστος
3916 3654 3917 3681 ἶ

2355 3745 2464 3800 τῶν
2503 3749 2807 3805 ἀκουόντων
2837 3753 2904 3805 δι’
2936 3754 3226 3824 ἀναλογίαν
3260 3757 3370 3811 τῶν
3406 3759 3691 3831 εἰρημένων
3709 3770 3841 3824 mxi-

2357 3837 2493 3907 σμὸν
2522 3839 2844 3911 λαμϐανέτω
2875 3844 2967 3899 τοῦ
2994 3845 3291 3918 θαύματος.
3350 3850 3416 3903 Et
3442 3851 3547 3923 γὰρ
3584 3846 3773 3921 ηψικὰς
3794 3845 3844 3904 εἰς

2357 3934 2616 4003 ποταμῶν
2652 3934 2915 4007 ἐξήρκεσε
2944 3938 3184 4007 γένεσιν,
3230 3941 3285 3994 τί
3321 3942 3488 3997 αὐτὸν
3528 3943 3615 3996 τὸν
3652 3938 3732 3994 τοῦ
3754 3934 3841 3991 Θεοῦ

2357 4022 2599 4167 ποιξέμὸν
2645 4024 2733 4079 διά
2790 4026 2891 4097 τῆς
2938 4027 3170 4097 ψεκάδος
3229 4030 3437 4104 ταύτης
3491 4032 3630 4087 ἐστὶν
3662 4025 3842 4094 ἀναλογί’

2357 4130 2425 4167 σα
2494 4133 2591 4167 at:

2356 4130 2591 4183 caauat;

2428 4388 2652 4461 Ἵδωμεν
2675 4390 2730 4443 δὲ
2760 4390 2853 4445 καὶ
2892 4391 3008 4455 πῶς
3048 4393 3309 4448 ὑπακούει
3350 4395 3431 4468 τῷ
3463 4396 3613 4467 Λόγῳ
3644 4396 3672 4465 η
3697 4392 3841 4463 νύμφη.

2360 4478 2475 4541 πῶς
2509 4479 2714 4548 ἀνοίγει
2749 4481 2825 4551 τῷ
2848 4483 3065 4553 νυμφίῳ
3097 4483 3192 4555 τὴν
3222 4486 3447 4541 εἴσοδον.
3496 4483 3841 4551 Ἐξεδυσάμην.
3916 4478 3917 4533 1

682 4575 883 4645 inquit,
911 4589 1079 4627 meam
1113 4572 1368 4633 tunicam,
1423 4569 1681 4640 quomodo
1704 4568 1922 4622 induam
1939 4573 2101 4626 eam?
2130 4569 2253 4624 Lavi

2357 4570 2524 4640 φησὶ,
2574 4571 2682 4624 τὸν
2731 4571 2951 4641 χιτῶνά
2979 4591 3124 4641 μου·
3166 4573 3291 4641 πῶς
3332 4576 3646 4645 ἐνδύσομαι
3683 4570 3842 4625 αὺτόνς

681 4666 833 4734 pedes
858 4681 1021 4727 meos,
1058 4662 1316 4732 quomodo
1349 4660 1636 4731 inquinabo
1670 4662 1789 4714 illos
1814 4662 1837 4713 ?
1858 4660 2021 4715 Recte
2052 4662 2257 4715 audivit

683 4773 808 4814 eum
844 4758 936 4828 qui
964 4758 1130 4828 jussit
1175 4758 1349 4827 ipsam
1401 4756 1512 4809 ﬂeri
1543 4762 1596 4809 et
1648 4754 2029 4824 prepinquam,
2076 4763 2130 4807 et
2166 4768 2257 4809 co-

688 4850 952 4915 lumbam,
984 4857 1037 4904 et
1067 4846 1384 4919 perfectam,
1424 4856 1482 4900 ut
1525 4863 1616 4917 per
1645 4862 1763 4901 eam
1802 4847 1867 4898 ad
1905 4847 2139 4898 animam
2171 4846 2253 4899 in-

683 4943 1012 4999 troducatur
1044 4942 1269 4995 veritas.
1298 4939 1447 4995 Fecit
1476 4941 1620 4994 enim
1659 4955 1779 5009 quae
1806 4939 2030 4995 audivit.
2054 4949 2109 4991 ut
2137 4955 2256 5008 qua:

685 5034 898 5091 exuerit
928 5036 1208 5105 pelliceam
1242 5033 1386 5086 illam
1422 5033 1683 5094 tunicam,
1717 5047 1880 5103 quam
1916 5030 2097 5083 induit
2128 5040 2255 5101 post

686 5134 997 5197 peccatum,
1031 5135 1083 5179 et
1110 5140 1140 5177 a
1168 5125 1394 5195 pedibus
1423 5126 1657 5180 abluerit
1690 5131 1939 5178 terrenas
1975 5124 2097 5178 illas
2130 5140 2255 5178 sor-

687 5220 805 5284 des,
834 5218 1033 5289 quibus
1056 5224 1172 5271 erat
1205 5217 1468 5282 involuta,
1527 5224 1583 5271 ut
1616 5232 1739 5285 qua:
1765 5231 1792 5268 a
1824 5216 1931 5268 vita
1970 5232 2131 5286 quam
2156 5217 2253 5270 de-

694 5319 850 5384 gerat
897 5310 951 5363 in
982 5306 1236 5379 paradiso
1276 5323 1494 5363 reversa
1539 5316 1683 5361 esset
1731 5307 1783 5360 in
1832 5316 2030 5361 terram
2070 5327 2083 5362 :
2119 5323 2256 5377 quo-

687 5404 832 5458 niam
871 5400 1080 5455 audivit
1124 5399 1212 5462 ³⁷⁹,
1254 5398 1415 5452 Terra
1444 5415 1519 5461 es,
1559 5399 1693 5451 etin
1732 5407 1925 5450 terram
1958 5400 2252 5453 reverteris.

686 5492 981 5562 Propterea
1017 5489 1222 5545 aditum
1267 5488 1481 5558 aperuit
1529 5486 1707 5542 Verbo
1743 5489 1807 5540 ad
1859 5490 2120 5551 animam.
2179 5490 2257 5543 tli-

688 5582 854 5634 dut-to
886 5582 1071 5637 cordis
1126 5583 1267 5646 velo,
1330 5582 1433 5634 hoc
1477 5588 1565 5634 est
1611 5594 1795 5633 carne.
1851 5579 2082 5634 Carnem
2131 5597 2252 5634 cum

688 5676 835 5735 dico.
867 5683 1105 5729 veterem
1133 5672 1407 5727 hominem
1450 5672 1719 5742 intelligo.
1755 5686 1914 5739 quem
1950 5680 2006 5724 ut
2049 5681 2253 5727 exuant

2356 4660 2686 4732 Ἐνιψάμην
2713 4662 2854 4729 τοὺς
2872 4662 3061 4730 πόδας
3080 4683 3219 4734 μου,
3244 4665 3369 4732 πῶς
3393 4667 3628 4736 μολυνῶ
3656 4661 3844 4722 αὑτούςί

2358 4751 2546 4816 Καλῶς
2590 4753 2789 4825 ἢκουσε
2835 4754 2930 4809 τοῦ
2963 4756 3314 4821 κελεύσαντος
3352 4759 3583 4829 ἀδελφὴν
3624 4756 3763 4825 αὐτὴν
3785 4749 3844 4802 καὶ

2356 4844 2583 4914 πλησίον
2620 4845 2892 4914 γενέσθαι,
2928 4848 3021 4901 καὶ
3065 4850 3392 4921 περιστερὰν
3436 4851 3529 4904 καὶ
3572 4849 3765 4906 τελείαν,
3789 4843 3842 4892 ἵνα

2356 4940 2443 4993 διὰ
2479 4938 2684 4992 τούτων
2708 4940 3006 5012 είσοικισθῇ
3038 4944 3103 5012 τῇ
3144 4942 3286 5013 ψυχῇ
3314 4943 3611 5014 ἡάλήθεια.
3662 4936 3843 5003 Ἐποίησε

2356 5031 2465 5101 γὰρ
2495 5030 2637 5103 ἅπερ
2669 5032 2919 5103 ἧκουσεν,
2970 5032 3307 5104 ὲκδυσαμένη
3351 5036 3441 5087 τὸν
3487 5034 3767 5104 δερμάτινον
3790 5042 3842 5094 λι·

2353 5122 2520 5186 τῶνα,
2555 5121 2613 5175 ὃν
2640 5122 2777 5193 μετά
2804 5122 2900 5194 τὴν
2928 5124 3200 5195 ἁμαρτίαν
3225 5127 3589 5196 περιεϐάλετο,
3609 5124 3690 5178 καὶ
3712 5124 3843 5175 ἀπονι-

2355 5213 2573 5285 ψαμένη
2630 5214 2738 5268 τῶν
2767 5214 2941 5268 ποδῶν
2960 5214 3021 5267 τὸ
3039 5210 3307 5285 γεῶδες,ᾧ
3336 5218 3579 5289 ὲνειλήθη
3602 5216 3697 5269 ἀπὸ
3717 5210 3791 5279 τῆς
3809 5208 3844 5258 ἐν

2356 5305 2672 5375 παραδείσῳ
2723 5305 2998 5376 διαγωγῆς
3042 5308 3122 5370 είς
3164 5308 3263 5377 τὴν
3308 5309 3412 5378 γῆν
3445 5308 3754 5366 ἀναλύσασα,
3788 5302 3843 5353 ὅτε

2360 5397 2611 5466 ῆκουσεν,
2638 5400 2720 5449 ὅτι
2771 5396 2862 5464 Γῆ
2899 5392 2981 5459 εἷ,
3023 5399 3121 5453 καὶ
3165 5402 3253 5466 εἰς
3289 5400 3405 5470 γῆν
3441 5400 3745 5464 ἀπελεύσῃ.
3782 5388 3846 5443 Διὶ

2357 5485 2515 5540 τοῦτο
2542 5485 2750 5557 ῆνοιξεν
2780 5488 2871 5540 ἐπὶ
2900 5487 2999 5559 τὴν
3040 5488 3217 5561 ψυχὴν
3260 5490 3339 5561 τῷ
3365 5490 3522 5561 Λόγῳ
3554 5491 3644 5561 τὴν
3681 5473 3843 5541 simiam

2357 5577 2728 5642 διαπαλέντος
2746 5577 2842 5632 τοῦ
2864 5580 2961 5650 τῆς
2978 5581 3203 5652 καρδίας
3227 5582 3719 5653 παραπετάσματος,
3738 5586 3843 5627 τουτ’

2359 5670 2473 5724 ἐστι
2498 5671 2598 5742 τῆς
2626 5674 2846 5743 σαρκός.
2888 5673 3074 5745 Σάρκα
3105 5673 3163 5727 δὲ
3190 5673 3377 5740 εἰπὼν,
3411 5676 3504 5729 τὸν
3531 5670 3733 5729 παλαιὸν
3750 5662 3844 5728 λέγω

751 5855 797 5887 ⁸⁸
814 5853 856 5909 ll
888 5856 1020 5909 Cor.
1061 5871 1159 5917 xu.
1193 5856 1244 5910 ι.
1308 5857 1352 5887 ³⁵
1377 5854 1394 5907 l
1423 5853 1549 5909 Cor.
1579 5870 1696 5919 sui,
1726 5853 1778 5909 9.
1823 5854 1867 5886 ³⁸
1905 5852 1923 5905 l
1959 5852 2083 5907 Cor.
2133 5869 2253 5918 vm,

2390 5855 2435 5887 "
2477 5852 2616 5909 Phil.
2656 5871 2734 5917 Ill,
2770 5853 2853 5909 i3.
2921 5855 2960 5888 ⁸⁷
2995 5854 3153 5911 Joan.
3188 5856 3397 5923 "1,57.
3465 5855 3527 5887 ⁸⁷·
3555 5851 3676 5905 Gen.
3704 5835 3838 5905 III.”-
