3932 6510
174 446 288 505 lim

1171 443 1239 499 IN
1264 443 1561 503 CANTICA
1582 434 1855 502 CANTIC.
1900 440 2185 499 llOMlLIA
2216 444 2308 501 XI.

3224 457 3365 516 1006

167 558 433 630 ἀνθρωπον,
473 554 536 611 δν
565 554 896 612 ἐκδύσασθαι
938 557 1032 612 καὶ
1069 558 1368 615 ἀποθέσθαι
1415 559 1623 614 κελεύει
1667 558 1696 611 ὁ

1802 570 1862 611 ac
1885 554 2185 627 deponant,
2206 558 2459 613 hortatur
2482 558 2703 617 divinus
2729 561 2820 617 ille
2852 561 3143 637 Apostolus
3174 578 3367 621 omnes

165 652 286 713 θεῖος
316 647 647 714 Ἀπόστολος,
705 648 833 711 τοὺς
878 647 1175 719 μέλλοντας
1223 649 1303 721 τῷ
1342 649 1555 722 λουτρῷ
1599 648 1693 702 τοῦ

161 739 296 810 λόγου
320 740 395 794 τὸν
426 740 597 811 ῥύπον
638 739 747 794 τῶν
786 739 998 810 βάσεων
1039 742 1140 813 τῆς
1168 742 1353 815 ψυχῆς
1382 741 1696 797 ἀποκλύσα-

159 835 285 889 σθαι.
309 832 499 888 οὐκοῦν
524 835 617 888 τὸν
652 835 880 889 παλαιὸν
911 836 1357 907 ἀπεκδυσάμενος
1386 836 1692 909 ἄνθρωπον,

159 925 245 978 καὶ
277 922 519 996 περιελὼν
554 926 651 995 τῆς
682 925 912 996 καρδίας
955 925 1013 978 τὸ
1055 925 1350 997 κάλυμμα,
1402 925 1581 996 ἤνοιξε
1618 924 1696 995 τῷ

155 1017 295 1089 Λόγῳ
321 1010 406 1088 τὴν
447 1014 680 1084 εἴσοδον,
729 1017 787 1070 ὃν
827 1018 977 1082 ἐντὸς
1017 1020 1307 1089 γενόμενον
1336 1018 1536 1088 ἔνδυμα
1578 1035 1695 1071 ποι-

152 1112 278 1163 εῖται
304 1111 484 1181 ἑαυτῆς
517 1112 550 1181 ἡ
594 1110 765 1181 ψυχὴ,
797 1111 937 1165 κατά
964 1110 1064 1184 τὴν
1099 1112 1191 1166 τοῦ
1236 1113 1560 1165 Ἀποστόλου
1593 1113 1695 1180 ὑφ-

152 1205 344 1274 ήγησιν,
366 1202 423 1267 δς
444 1203 654 1257 κελεύει
676 1204 768 1257 τὸν
801 1204 1169 1275 ὲκδυσάμενον
1189 1205 1287 1276 τὴν
1319 1204 1571 1274 σαρκώδη
1600 1203 1694 1257 τοῦ

151 1294 356 1347 παλαιοῦ
379 1293 665 1365 ἀνθρώπου
695 1294 1010 1366 περιϐολὴν,
1037 1295 1355 1348 ἐνδύσασθαι
1381 1294 1582 1365 χιτῶνα
1607 1294 1696 1347 τὸν

149 1388 279 1441 κατά
303 1386 419 1439 Θεὸν
464 1387 786 1452 κτισθέντα,
840 1390 898 1440 ὲν
944 1389 1184 1458 ὁσιότητι
1230 1389 1323 1441 καὶ
1358 1387 1693 1461 δικαιοσύνῃ.

162 1478 345 1549 Ἰησοῦν
371 1478 423 1531 δὲ
448 1478 596 1548 λέγει
621 1475 759 1533 εἶναι
784 1479 846 1532 τὸ
871 1479 990 1532 ἐνδυ
999 1498 1095 1548 μα.
1142 1480 1205 1532 Ἠ
1229 1479 1286 1533 δὲ
1308 1479 1570 1550 ὁμολογία
1597 1480 1697 1550 τῆς

144 1572 345 1644 νύμφης
378 1573 435 1625 τὸ
483 1572 680 1643 μηκέτι
726 1573 818 1626 τὸν
865 1572 1240 1641 ἀποϐληθέντα
1288 1572 1489 1642 χιτῶνα
1534 1571 1697 1625 πάλιν

141 1664 542 1735 ἀναλαμϐάνειν,
589 1665 702 1718 ἀλλ’
739 1664 1025 1736 ἀρκεῖσθαι
1073 1663 1150 1736 τῷ
1193 1665 1274 1717 ἐνὶ
1304 1664 1510 1734 χιτῶνι,
1553 1661 1698 1718 κατὰ

138 1755 227 1808 τὸν
251 1754 453 1807 δοθέντα
481 1757 594 1818 τοῖς
625 1754 895 1825 μαθηταῖς
926 1756 1110 1825 νόμον,
1145 1754 1205 1808 ὃν
1238 1755 1325 1807 διὰ
1359 1758 1457 1825 τῆς
1490 1754 1696 1809 ἄνωθεν

140 1848 425 1918 γεννήσεως
440 1847 888 1902 ἀνακαινισθεῐσα
916 1849 1352 1919 μετημφιάσατο,
1373 1845 1581 1918 βεϐαιοῖ
1599 1846 1693 1899 τοῦ

137 1940 330 2012 Κυρίου
356 1941 443 1996 τὸν
475 1942 648 2011 λόγον,
696 1942 787 1995 τὸν
814 1941 1105 1996 κελεύοντα
1128 1943 1253 2005 τοὺς
1282 1942 1428 2009 ἆπαξ
1454 1941 1531 2013 τῷ
1565 1942 1694 2012 θείῳ

133 2035 495 2106 κοσμηθέντας
513 2035 789 2105 ἐνδύματι,
819 2035 1014 2106 μηκέτι
1043 2035 1438 2090 ἐπενδύσασθαι
1480 2035 1570 2089 τὸν
1595 2036 1695 2105 τῆς

133 2125 393 2198 ἁμαρτίας
418 2126 640 2197 χιτῶνα,
680 2126 816 2197 μηδὲ
853 2126 947 2179 δύο
978 2125 1212 2197 χιτῶνας
1246 2126 1413 2196 ἔχειν,
1444 2125 1580 2179 ἀλλά
1606 2125 1696 2178 τὸν

130 2220 229 2272 ἓνα
257 2218 426 2289 μόνον⁹
478 2219 567 2272 ἵνα
594 2218 668 2289 μὴ
698 2217 790 2272 δύο
821 2218 951 2289 περὶ
988 2218 1081 2271 τὸν
1111 2218 1272 2271 αὑτὸν
1302 2211 1434 2270 ὦσιν
1457 2218 1507 2270 οἱ
1526 2217 1700 2287 ἀσύμ-

125 2314 281 2366 ϐατοι
314 2312 444 2382 πρὸς
494 2311 754 2379 ἀλλήλους
784 2311 1029 2382 χιτῶνες.
1080 2310 1176 2374 Τίς
1197 2310 1306 2383 γὰρ
1337 2310 1592 2363 κοινωνία
1619 2308 1698 2379 τῷ

126 2403 384 2475 σκοτεινῷ
407 2403 664 2474 ὲνδύματι
689 2404 825 2471 πρὸς
864 2402 956 2456 τὸν
987 2401 1245 2473 φωτοειδῆ
1274 2419 1332 2455 τε
1368 2402 1464 2455 καὶ
1493 2402 1653 2456 ἇῦλον
1679 2418 1694 2468 ;

122 2496 207 2547 Οὐ
245 2496 397 2566 μόνον
436 2494 493 2547 δὲ
519 2494 677 2549 τοῦτό
702 2512 866 2566 φησιν
894 2496 923 2547 ό
944 2495 1127 2563 νόμος,
1166 2494 1227 2547 τὸ
1262 2494 1336 2564 μὴ
1365 2494 1475 2547 δεῖν
1503 2494 1595 2546 δύο
1614 2512 1688 2564 χι-

119 2588 301 2650 τῶνας
322 2586 485 2657 ἔχειν,
499 2585 633 2641 ἀλλὰ
653 2587 788 2658 μηδὲ
807 2587 1164 2658 ὲπιρῤἀπτειν
1184 2587 1245 2639 τὸ
1268 2585 1451 2639 καινὸν
1472 2585 1698 2654 ὕφασμα

116 2678 207 2750 τῷ
240 2678 446 2749 παλαιῷ
474 2678 672 2749 ίματίῳ
696 2694 710 2709 ο
766 2677 853 2732 ἵνα
886 2677 961 2749 μὴ
987 2678 1184 2750 χείρων
1204 2677 1430 2749 γένηται
1460 2680 1492 2748 ἡ
1526 2679 1695 2748 ἀσχη-

119 2771 331 2844 μοσύνη
375 2769 469 2825 τοῦ
500 2770 593 2823 τὸν
618 2769 859 2823 τοιοῦτον
894 2770 1383 2842 περιϐαλλομένου,
1436 2772 1573 2841 μήτε
1605 2770 1697 2823 τοῦ

113 2864 452 2937 ὲρραφέντος
498 2862 808 2933 μείναντος,
855 2863 951 2917 καὶ
995 2862 1089 2917 τοῦ
1137 2864 1368 2917 παλαιοῦ
1415 2867 1595 2935 χεῖρον
1640 2863 1701 2915 τὸ

115 2957 333 3028 σχίσμα
354 2955 615 3020 παθόντος
635 2956 730 3009 καὶ
748 2955 1200 3027 δυώεράπευτον.
1223 2956 1377 3026 Αίρει
1401 2956 1528 3027 γὰρ,
1544 2955 1698 3027 φησι,

112 3050 185 3104 τὸ
227 3050 499 3121 πλήρωμα
527 3048 588 3102 τὸ
629 3048 813 3102 καινὸν
843 3048 937 3101 τοῦ
977 3047 1229 3111 παλαιοῦ,
1260 3050 1353 3101 καὶ
1378 3052 1557 3120 χεῖρον
1594 3048 1702 3119 σχί-

112 3157 238 3212 σμα
271 3140 511 3209 γίνεται,
553 3139 630 3203 ὡς
668 3138 1088 3210 δημοσιεύεσθαι
1117 3140 1185 3193 δι’
1225 3139 1389 3193 αὐτοῦ
1432 3140 1499 3193 τὰ
1532 3141 1702 3210 ἀσχή-

1797 648 1889 718 qui
1924 650 2070 705 verbi
2108 650 2323 705 lavacro
2352 658 2483 706 sunt
2502 650 2743 707 abluturi
2785 653 2976 709 sordes
3012 654 3211 725 pedum
3247 656 3367 711 ani-

1798 757 1919 797 mae.
1969 740 2152 798 Veteri
2187 756 2319 813 ergo
2363 750 2529 799 exuto
2578 743 2823 809 homine,
2863 754 2918 801 et
2949 746 3131 801 ablato
3180 746 3366 821 cordis

1798 835 2103 902 involucro,
2172 838 2348 893 Verbo
2424 837 2636 905 aperuit
2685 837 2916 903 aditum,
2954 855 3117 909 quem
3149 840 3365 912 ingres-

1796 940 1918 981 sum
1967 927 2350 984 indumentum
2395 929 2500 986 sibi
2558 928 2689 984 facit
2734 931 2935 996 anima,
2977 933 3367 989 convenienter

1797 1019 2129 1088 expositioni
2157 1020 2425 1089 Apostoli,
2456 1020 2548 1091 qui
2569 1020 2724 1087 jubet
2755 1031 2921 1076 exuto
2955 1025 3229 1093 corporali
3268 1041 3366 1080 ve-

1798 1113 1934 1164 teris
1975 1111 2211 1165 hominis
2242 1110 2581 1175 indumento,
2609 1112 2837 1167 induere
2859 1130 3055 1169 novam
3097 1117 3363 1181 tunicam,

1799 1216 1922 1269 qua:
1969 1201 2271 1255 secundum
2309 1201 2479 1257 Deum
2529 1210 2614 1258 est
2652 1212 2840 1258 creata
2871 1206 2926 1259 in
2969 1209 3262 1264 sanctitate
3310 1218 3367 1266 et

1792 1292 2011 1362 justitia
2033 1293 2102 1348 ⁸⁸.
2150 1293 2336 1349 Jesum
2386 1306 2565 1349 autem
2606 1294 2740 1350 dicit
2794 1297 3174 1354 indumentum
3218 1318 3363 1359 esse.

1800 1384 2029 1454 Sponsa:
2075 1396 2254 1440 autem
2306 1387 2597 1457 professio,
2642 1389 2787 1460 quod
2839 1406 3001 1460 quam
3061 1394 3211 1447 exuit
3256 1410 3366 1450 non

1797 1478 1870 1533 sit
1900 1493 2094 1533 rursus
2129 1491 2418 1550 acceptura
2450 1481 2715 1546 tunicam,
2736 1481 2832 1537 sed
2866 1490 3122 1537 contenta
3153 1484 3225 1539 sit
3256 1503 3365 1540 una

1797 1569 2004 1632 tunica,
2029 1578 2395 1641 congruenter
2418 1572 2519 1642 legi
2550 1570 2692 1625 datzc
2722 1571 3038 1643 discipulis,
3080 1590 3245 1644 quam
3270 1592 3368 1647 per

1796 1662 2264 1732 regenerationem
2312 1670 2572 1717 renovata
2607 1663 2784 1718 induit
2829 1665 3032 1729 anima,
3075 1666 3366 1722 conﬁrmat

1795 1755 2184 1811 convenienter
2203 1755 2251 1810 ei
2278 1756 2422 1825 quod
2451 1756 2590 1810 dixit
2616 1755 2925 1827 Scriptura,
2969 1772 3079 1812 non
3105 1766 3366 1828 oportere

1794 1865 1890 1905 eos
1924 1850 2016 1918 qui
2050 1849 2217 1904 semel
2247 1848 2433 1903 divino
2466 1848 2789 1904 indumento
2820 1860 2949 1904 sunt
2997 1851 3201 1912 ornati,
3236 1865 3366 1919 pec.

1797 1944 1907 1997 cati
1942 1943 2181 1997 tunicam
2227 1943 2476 2007 induere,
2535 1958 2635 1999 nec
2673 1942 2812 1998 duas
2865 1942 3067 1999 habere
3122 1946 3361 2007 tunicas,

1796 2036 1890 2092 sed
1928 2052 2090 2091 unam
2113 2037 2284 2091 solam
2307 2036 2701 2108 (innocentiae),
2745 2052 2815 2091 ne
2857 2035 2995 2091 duas
3055 2036 3364 2091 contrarias

1796 2129 1939 2183 inter
1972 2143 2031 2183 se
2056 2129 2288 2183 invicem
2318 2128 2646 2198 conjunctas
2680 2127 2919 2183 habeant
2960 2129 3193 2182 tunicas.
3223 2129 3362 2194 Quae

1796 2227 1883 2275 est
1910 2222 2058 2275 enim
2078 2220 2316 2276 societas
2342 2221 2589 2275 obscurae
2609 2229 2663 2274 et
2690 2220 2991 2275 tenebrosae
3019 2221 3220 2276 tunica:
3239 2237 3363 2277 cum

1797 2311 2070 2367 luminosa
2100 2318 2155 2366 et
2189 2319 2412 2381 experte
2450 2312 2735 2367 materiae?
2789 2310 2906 2366 Non
2942 2311 3117 2365 solum
3175 2320 3359 2366 autem

1797 2402 1882 2457 lex
1913 2402 2015 2457 hoc
2047 2402 2223 2471 jubet,
2250 2418 2361 2457 non
2388 2410 2643 2471 oportere
2664 2401 2867 2457 habere
2895 2401 3033 2457 duas
3053 2402 3272 2458 tunicas
3293 2404 3362 2465 ³⁸,

1799 2493 1894 2550 sed
1925 2508 2025 2548 nec
2045 2508 2245 2548 novum
2265 2509 2506 2564 pannum
2526 2495 2695 2548 veteri
2717 2494 3049 2548 vestimento
3069 2494 3367 2561 assuere“,

1798 2602 1869 2641 ne
1899 2586 2019 2655 ejus
2047 2588 2140 2656 qui
2172 2586 2275 2641 hoc
2304 2586 2482 2640 induit
2512 2586 2687 2656 major
2713 2585 3124 2641 sitdeformitas
3157 2602 3222 2641 ac
3248 2595 3351 2640 tur-

1799 2675 2011 2746 pitudo,
2047 2692 2170 2731 cum
2208 2691 2383 2746 neque
2414 2685 2633 2731 maneat
2680 2676 2735 2730 id
2764 2675 2912 2747 quod
2956 2685 3042 2731 est
3088 2687 3363 2741 assutum,

1800 2783 1855 2828 et
1878 2774 2080 2828 veteris
2115 2773 2188 2828 sit
2221 2772 2464 2827 scissura
2505 2771 2769 2836 deterior,
2832 2787 2933 2826 nec
2975 2770 3143 2827 facile
3188 2772 3367 2841 possit
3414 2763 3423 2773 ’

1800 2863 2100 2919 remedium
2136 2863 2404 2918 adhiberi.
2438 2860 2603 2916 Tollit
2632 2863 2802 2928 enim,
2840 2862 3042 2931 inquit,
3084 2862 3367 2932 plenitudo

1801 2972 1999 3012 novum
2024 2971 2053 3009 a
2092 2962 2273 3010 vetere
2306 2955 2657 3016 vestimento,
2712 2962 2766 3009 et
2808 2955 2963 3024 pejor
2997 2954 3237 3008 scissura
3287 2956 3367 3018 tit,

1804 3047 1941 3103 adeo
1984 3056 2041 3101 ut
2091 3063 2190 3119 per
2242 3062 2386 3110 eam,
2421 3062 2542 3116 qua:
2580 3046 2760 3116 turpia
2807 3055 2937 3099 sunt
2993 3044 3369 3114 propalentur.

1804 3140 2067 3210 Proptera
2100 3140 2234 3193 dicit
2267 3156 2281 3192 :
2322 3137 2463 3192 Επιιὶ
2496 3139 2729 3191 tunicam
2774 3153 2963 3202 meam,
3001 3136 3265 3205 quomodo
3296 3137 3374 3189 in-

110 3249 282 3303 μονα.
334 3233 436 3285 Διὰ
472 3230 629 3284 τοῦτό
661 3247 848 3301 φησιν’
892 3230 1302 3300 Ἐξεδυσὰμην
1336 3231 1443 3284 τὸν
1484 3230 1697 3305 χιτῶνά

1806 3232 1965 3285 duam
2000 3231 2206 3285 eam“?
2235 3230 2371 3296 Quis
2401 3228 2545 3284 enim
2574 3243 2697 3283 cum
2716 3229 2798 3283 vel
2817 3229 2935 3298 ipso
2952 3228 3068 3283 sole
3085 3227 3373 3282 clariorem

104 3340 239 3393 μου
260 3362 277 3386 ,
323 3320 453 3389 πῶς
486 3320 814 3391 ἐνδύσομαι
842 3322 1069 3386 αὒτόν;
1118 3321 1214 3384 Τίς
1248 3322 1355 3393 γὰρ
1390 3322 1454 3376 ἄν
1486 3322 1696 3391 βλέπων

1807 3321 2022 3374 Domini
2054 3320 2330 3390 aspexerit
2370 3320 2639 3381 tunicam,
2685 3326 2997 3373 contextam
3031 3331 3130 3387 per
3161 3316 3373 3387 purita-

109 3415 253 3486 περὶ
282 3414 475 3469 ἑαυτὸν
504 3414 595 3467 τὸν
618 3413 854 3484 ἡλιοειδῆ
882 3411 977 3468 τοῦ
1005 3414 1209 3485 Κυρίου
1247 3414 1468 3484 χιτῶνα,
1498 3415 1589 3467 τὸν
1611 3414 1697 3469 διὰ

1804 3421 1912 3467 tem
1946 3422 2001 3467 et
2045 3411 2538 3482 incorruptionem,
2580 3412 2797 3481 qualem
2830 3409 3072 3466 ostendit
3105 3410 3160 3464 in
3191 3419 3373 3464 trans-

106 3505 501 3576 καθαρότητος
563 3504 657 3558 καὶ
690 3503 994 3574 ἀφθαρσίας
1018 3503 1166 3575 αὐτῷ
1194 3504 1563 3575 περιτεθέντα,
1588 3500 1697 3557 οἷον

1808 3504 2128 3575 ﬁguratione
2164 3504 2219 3556 in
2252 3511 2454 3567 monte,
2501 3502 2874 3557 mendicorum
2910 3510 3117 3557 vestem
3166 3517 3374 3572 panno-

108 3599 218 3653 ἐπὶ
241 3598 343 3668 τῆς
360 3596 456 3650 τοῦ
472 3596 631 3668 ὅρους
657 3595 1132 3668 μεταμορφώσεως
1160 3596 1379 3664 ἔδειξεν,
1396 3592 1514 3651 εἶτα
1533 3615 1697 3652 κατα-

1807 3613 1923 3653 sam
1963 3596 2215 3651 lubenter
2244 3596 2503 3659 induerit,
2531 3594 2837 3663 cujusmodi
2873 3602 2957 3648 est
2988 3594 3124 3648 ebrii
3151 3601 3206 3648 et
3256 3594 3374 3648 for-

98 3689 339 3759 δέχεται
360 3688 423 3741 τὸ
441 3687 651 3758 πτωχόν
665 3704 725 3739 τε
749 3686 840 3741 καὶ
866 3686 1105 3757 ρακῶδες
1127 3688 1338 3758 ίμάτιον
1355 3688 1531 3760 ἐαυτῷ
1545 3706 1697 3759 περι-

1806 3689 2096 3752 nicatoris,
2124 3688 2265 3742 sicut
2304 3687 2435 3741 dicit
2455 3685 2844 3756 proverbium?
2870 3683 2975 3739 Sed
3009 3700 3187 3755 neque
3208 3693 3363 3755 post-

103 3779 318 3842 θεῖναι,
366 3778 503 3847 ὅπερ
533 3778 561 3829 ό
594 3774 824 3846 μέθυσος
851 3777 945 3829 καὶ
988 3778 1018 3829 ὁ
1048 3778 1379 3848 πορνοκ6πος
1398 3818 1413 3843 ,
1457 3779 1638 3842 καθὼς
1666 3782 1697 3852 ἡ

1806 3797 1968 3853 quam
2008 3780 2172 3851 pedes
2204 3780 2354 3843 lavit,
2388 3794 2581 3845 rursus
2606 3794 2671 3833 ex
2713 3777 2932 3833 incessu
2962 3786 3209 3831 terrenas
3248 3792 3373 3832 sor-

103 3869 400 3941 παροιμία
430 3867 586 3940 φησι,
607 3866 1023 3939 περιϐάλλεταις
1062 3867 1221 3922 Ἀλλὰ
1240 3869 1363 3922 οὐδὲ
1381 3872 1508 3933 τοὺς
1536 3872 1697 3934 πόδας

1809 3875 1906 3930 des
1934 3874 2195 3928 admittit.

101 3961 395 4031 νιψαμένη
416 3998 433 4023 ,
476 3958 638 4013 πάλιν
671 3960 738 4030 τῇ
769 3958 925 4029 βάσει
952 3959 1044 4011 τὸν
1077 3960 1141 4012 ἐκ
1162 3958 1263 4029 τῆς
1294 3962 1398 4029 γῆς
1428 3960 1702 4031 μολυσμὸν

102 4054 522 4124 παραδέχεται.

199 4144 546 4214 Ἐνιψάμην
576 4144 714 4215 γὰρ,
762 4144 926 4213 φησι,
974 4142 1115 4209 τοὺς
1151 4143 1343 4209 πόδας
1380 4162 1534 4213 μου,
1579 4143 1704 4210 πῶς

91 4233 376 4305 polum?)
418 4236 681 4301 αὐτούς;
733 4236 867 4288 Ούδὲ
896 4234 1004 4304 γὰρ
1033 4233 1272 4303 Μωῦσῆς
1302 4232 1380 4302 τῷ
1418 4232 1545 4303 θείῳ
1569 4251 1703 4305 προ-

100 4329 409 4398 στάγματι
435 4328 536 4398 τῆς
566 4328 765 4397 νεκρᾶς
788 4326 896 4380 τῶν
922 4326 1205 4397 δερμάτων
1238 4324 1529 4395 περιϐολῆς
1555 4323 1707 4376 ὲλευε

95 4420 377 4491 θερώσας
407 4420 532 4483 τοὺς
569 4420 755 4484 πόδας,
802 4421 891 4473 ὅτε
928 4420 1027 4489 τῆς
1068 4417 1226 4488 ἁγίας
1254 4435 1313 4471 τε
1338 4418 1433 4471 καὶ
1470 4436 1697 4488 πεφωτι-

1813 4432 2011 4477 terram
2045 4418 2288 4475 ascendit
2311 4428 2558 4473 sanctam
2593 4425 2647 4469 et
2682 4416 3065 4481 illuminatam,
3117 4426 3375 4471 narratur

96 4515 335 4585 σμένης
361 4513 616 4567 ἐπέϐαινε
636 4514 757 4583 γῆς,
788 4512 948 4566 πάλιν
973 4514 1260 4585 ἱστορεῖται
1287 4513 1554 4567 διαλαϐὼν
1582 4515 1697 4578 τοὺς

1815 4533 2007 4574 rursus
2046 4513 2209 4585 pedes
2239 4512 2487 4567 induisse
2539 4511 2740 4565 calceis
2771 4524 2989 4581 :neque
3028 4510 3247 4581 quando
3286 4527 3376 4566 ve-

92 4607 293 4669 πόδας
330 4608 450 4669 τοῖς
475 4607 834 4677 ὑποδήμασιν,
855 4606 943 4659 ὅτε
970 4606 1063 4659 καὶ
1088 4604 1184 4677 τὴν
1209 4608 1485 4679 ἱερατικὴν
1507 4608 1697 4678 ἐσθῆτα

1813 4620 1949 4667 stem
1973 4600 2769 4672 sacerdotalem,congruenter
2797 4603 2983 4673 ﬁgurae
3009 4617 3131 4672 qua:
3151 4610 3376 4658 ostensa

89 4698 266 4755 κατὰ
304 4698 408 4751 τὸν
434 4698 602 4752 τύπον
627 4698 720 4752 τὸν
751 4701 808 4752 ὲν
844 4697 921 4768 τῷ
945 4698 1061 4772 ὄρει
1092 4698 1368 4769 δειχθέντα
1396 4699 1697 4771 φιλοτεχνή-

1809 4699 1913 4753 fuit
1946 4696 2001 4751 in
2036 4703 2240 4760 monte,
2263 4691 2466 4747 aﬂabre
2504 4701 2589 4746 est
2630 4690 2948 4759 fabricatus,
3001 4692 3121 4747 auri
3165 4702 3218 4749 et
3245 4709 3379 4764 pur-

94 4808 241 4854 σας,
281 4789 498 4862 χρυσοῦ
531 4789 625 4842 καὶ
672 4788 978 4860 πορφύρας,
1014 4790 1107 4843 καὶ
1136 4789 1353 4860 βύσσου,
1398 4792 1494 4846 καὶ
1524 4792 1697 4845 ὑακίν·

1809 4804 1977 4862 ραι-ιε,
2027 4796 2081 4841 et
2114 4786 2289 4857 byssi,
2340 4794 2392 4839 et
2426 4783 2731 4854 hyacinthi,
2776 4792 2831 4838 et
2881 4784 3033 4838 cocci
3074 4786 3126 4839 in
3162 4793 3375 4840 textura

90 4884 234 4943 Θου,
274 4880 379 4934 καὶ
424 4880 625 4933 κόκκου
658 4879 753 4943 τὰς
798 4878 971 4946 αὐγὰς
1004 4881 1349 4951 συγκεράσας
1385 4881 1442 4933 ὲν
1466 4880 1543 4951 τῷ
1572 4882 1697 4951 ὑφά.

1808 4878 2231 4950 contemperatis
2261 4876 2668 4947 splendoribus,
2702 4884 2764 4931 ut
2786 4874 3084 4946 refulgeret
3134 4878 3374 4947 pulchri-

95 4990 318 5042 σματι,
351 4971 500 5027 ὥστε
541 4970 844 5041 σύμμικτον
872 4972 936 5023 ὲκ
966 4972 1182 5024 πάντων
1206 4973 1616 5043 ἀπαστράπτειν
1652 4972 1697 5025 τὲ

1809 4973 1944 5027 tudo
1968 4969 2254 5025 commista
2314 4983 2377 5022 ex
2424 4967 2704 5032 omnibus,
2757 4967 2933 5027 ullum,
2990 4977 3376 5024 ornamentum

93 5065 349 5128 κάλλος.
390 5064 585 5119 οὐδένα
607 5067 720 5127 τοῖς
748 5063 875 5117 ποσὶ
911 5064 1113 5135 κόσμον
1152 5065 1566 5135 ὲπετεχνήσατο,
1593 5064 1697 5118 ἀλλ’

1813 5064 2112 5119 fabricatus
2139 5068 2224 5114 est
2260 5060 2510 5130 pedibus,
2557 5058 2652 5115 sed
2696 5059 3055 5115 sacerdotalis
3079 5061 3235 5129 pedis
3261 5067 3380 5115 erat

89 5154 179 5226 ἦν
214 5157 619 5228 καλλωπισμὸς
639 5155 734 5211 τοῦ
760 5156 1034 5229 ἱερατικοῦ
1062 5157 1222 5220 ποδὸς
1252 5157 1312 5210 τὸ
1342 5158 1543 5228 γυμνὸν
1573 5154 1697 5212 εἶναι

1811 5163 2189 5211 ornamentum
2210 5168 2331 5208 esse
2363 5152 2567 5206 nudum
2595 5160 2650 5207 et
2680 5152 2911 5207 liberum
2942 5153 3010 5206 ab
3042 5152 3191 5206 omni
3225 5151 3379 5206 indu-

94 5249 311 5317 πάσης
345 5249 664 5320 περιϐολῆς.
698 5250 792 5303 καὶ
819 5249 1119 5319 ἐλεύθερον.
1155 5250 1275 5320 Χρὴ
1302 5249 1411 5321 γὰρ
1437 5250 1527 5303 τὸν
1560 5251 1697 5321 ίερέο

1813 5255 2016 5303 mento.
2055 5245 2280 5315 Oportet
2320 5247 2464 5299 enim
2517 5243 2854 5300 sacerdotem
2902 5259 3117 5313 semper
3168 5246 3375 5313 ingredi

92 5338 354 5401 πάντως
380 5340 474 5392 ἐπί
489 5340 587 5410 τῆς
610 5340 773 5409 ἁγίας
794 5338 1079 5411 βεϐηκέναι
1099 5340 1222 5410 γῆς,
1246 5336 1311 5412 ἧς
1340 5340 1476 5411 μετὰ
1504 5342 1697 5406 νεκρῶι

1818 5352 1985 5408 super
2031 5345 2236 5393 terram
2294 5344 2565 5401 sanctam,
2622 5351 2788 5406 super
2826 5350 2991 5405 quam
3034 5350 3143 5388 non
3178 5333 3262 5389 tas
3294 5343 3379 5389 est

85 5428 428 5500 δερμάτων
459 5430 801 5484 ἐπιϐατεύειν
832 5432 893 5485 οὑ
924 5431 1098 5502 θέμις.
1151 5431 1247 5485 Διά
1279 5434 1435 5486 τοῦτο
1471 5434 1567 5487 καὶ
1601 5437 1697 5498 τοῖς

1813 5429 2022 5500 ingredi
2055 5445 2179 5484 cum
2236 5430 2473 5499 pellibus
2530 5432 2781 5485 mortuis.
2848 5429 2912 5482 Et
2951 5428 3073 5483 ideo
3115 5427 3379 5485 Dominus

90 5523 417 5595 μαθηταῖς
445 5523 474 5574 ό
506 5521 703 5591 Κύριος
729 5522 1059 5593 ἀπαγορεύει
1095 5521 1162 5575 τὰ
1192 5523 1529 5593 ὑποδήματα,
1560 5525 1712 5576 ἐπει-

82 5617 166 5673 δὴ
206 5612 454 5666 κελεύει
470 5613 664 5676 αὐτοὺς
687 5615 766 5677 είς
788 5614 955 5669 ἐθνῶν
972 5615 1087 5669 ὁδὸν
1118 5614 1191 5687 μὴ
1216 5614 1561 5687 πορεύεσθαι,
1576 5615 1710 5669 ἀλλά

81 5710 193 5763 διὰ
232 5708 348 5778 τῆς
390 5705 553 5775 ἁγίας
579 5704 697 5759 ὁδοῦ
724 5707 989 5778 προϊέναι.
1028 5707 1141 5760 Ούκ
1166 5708 1378 5776 ἀγνοεῖς
1399 5705 1454 5759 δὲ
1497 5706 1713 5770 πάντως

1885 4146 2010 4201 Lavi
2027 4147 2198 4209 enim,
2244 4144 2439 4213 inquit,
2479 4143 2631 4214 pedes
2680 4158 2846 4205 meos,
2891 4152 3153 4212 quomodo
3196 4144 3375 4212 anqui-

1811 4241 1947 4294 nabo
1972 4255 2057 4293 eos
2083 4241 2107 4291 ἱ)
2137 4236 2326 4306 Neque
2357 4236 2500 4291 enim
2543 4234 2724 4290 Moses
2752 4250 2876 4289 cum
2907 4233 3067 4303 jussu
3091 4234 3274 4288 divino
3312 4235 3377 4289 li-

1811 4332 2054 4386 berasset
2074 4328 2237 4399 pedes
2256 4342 2286 4380 a
2317 4334 2532 4379 mortuo
2555 4325 2770 4395 pellium
2796 4324 3133 4388 indumento,
3156 4326 3376 4396 quando

1817 5538 2034 5594 quoque
2079 5521 2364 5592 discipulis
2402 5522 2682 5577 interdicit
2730 5521 2951 5585 calceis,
3006 5521 3227 5590 quando
3282 5536 3379 5576 eos

1815 5616 1967 5685 jubet
1997 5629 2103 5669 non
2144 5614 2224 5669 ire
2249 5612 2306 5669 in
2326 5614 2470 5668 viam
2506 5616 2770 5683 gentium,
2807 5614 2899 5669 sed
2940 5630 3036 5684 per
3069 5615 3210 5669 viam
3249 5630 3379 5670 san-

1818 5716 1960 5762 ctam
1987 5705 2322 5762 incedere".
2358 5704 2611 5760 Sanctam
2650 5714 2829 5760 autem
2866 5706 3009 5763 viam
3048 5709 3272 5763 omnino
3294 5708 3377 5764 in-

189 5884 499 5963 ".Ehlies.
530 5902 601 5951 tv,
632 5886 724 5943 24.
792 5887 836 5919 "
864 5887 1053 5943 Matth.
1098 5904 1153 5951 ι,
1185 5887 1270 5943 10.
1336 5887 1380 5919 ⁸⁸
1412 5885 1572 5941 Marc.
1607 5902 1664 5952 ιι,
1696 5898 1697 5901 ‘

1859 5884 1899 5915 “
1942 5881 2131 5937 Matth.
2159 5896 2288 5948 xvn,
2316 5880 2368 5934 2.
2432 5881 2475 5911 δ’
2506 5878 2692 5937 Matth.
2728 5896 2778 5950 ι,
2815 5880 2868 5947 5,
2898 5879 2950 5936 6.
