4028 6486
666 472 802 529 I007
1925 465 1984 524 S.
2023 463 2221 522 GREGl

2318 463 2348 519 [ι
2379 463 2664 522 stsam
3731 479 3821 541 ,ωε

665 595 884 665 telligis,
907 607 1001 662 per
1023 601 1188 661 quam
1224 583 1489 657 iubentur
1533 597 1756 638 currere
1805 579 2086 652 discipuli,
2142 594 2214 650 qu

2340 577 2439 650 τὴν
2471 579 2631 648 άγίαν
2677 579 2814 645 όδὸν,
2854 579 2922 634 δι’
2963 571 3031 651 ἧς
3063 579 3112 633 oi
3148 578 3386 651 μαθηταὶ
3414 581 3612 654 τρέχειν
3644 586 3822 645 κελεῦον.

665 683 903 741 didicisti
954 681 1022 736 ab
1049 695 1118 736 eo
1149 677 1244 749 qui
1291 677 1428 733 dixit
1463 695 1478 732 :
1509 673 1620 748 Ego
1662 689 1779 729 sum
1824 673 1911 728 via
1955 672 2036 739 “,
2077 688 2221 743 quan

2343 688 2454 734 ται,
2485 669 2674 742 μαθὼν
2719 670 2873 744 παρὰ
2901 671 2997 725 τοῦ
3027 671 3299 737 εἰπόντος’
3341 675 3482 745 Ἐγώ
3505 679 3610 747 ειμι
3649 681 3681 747 ἡ
3709 683 3820 752 όόός,

665 792 776 832 non
807 775 930 828 licet
985 777 1213 842 tangere
1248 759 1391 824 eum'
1425 765 1520 836 qui
1575 765 1816 820 hominis
1866 762 2070 817 mortui
2128 777 2221 818 nol

2337 757 2406 835 ἦς
2430 762 2530 816 οὐκ
2571 762 2718 816 ἔστιν
2745 762 2986 832 ἅψασθαι
3016 763 3107 817 τδν
3137 763 3219 836 μὴ
3247 765 3629 838 ύπολυσάμενον
3651 773 3730 844 τὴν
3757 777 3822 830 τοῦ

666 866 831 922 solvit
866 861 1270 919 indumentum.
1299 857 1438 925 Quia
1476 855 1644 928 igitur
1661 854 1804 910 hanc
1820 854 1966 909 viam
1987 855 2221 926 ingressa

2338 852 2532 926 νεκροῦ
2557 853 2844 924 ἀνθρώπου
2871 855 3185 928 περιδολήν.
3211 855 3362 910 Ἐπεὶ
3388 855 3476 912 οὖν
3507 861 3562 912 ὲν
3585 862 3728 935 ταύτῃ
3747 867 3822 934 ἐγί-

666 966 749 1013 est
778 969 1000 1026 sponsa,
1033 953 1086 1008 in
1111 967 1220 1025 qua
1255 949 1672 1006 ambulantibus
1725 946 1894 1019 pedes
1939 961 2081 1017 aqua
2131 945 2221 1000 Du

2336 962 2458 1000 νετο
2504 947 2570 1018 τῇ
2625 945 2730 1017 όδῷ
2757 947 2790 1018 ἡ
2821 946 3030 1019 νύμφη,
3079 949 3137 1001 ὲν
3229 948 3338 1002 τῶν
3377 949 3442 1003 δι’
3470 951 3624 1018 αὐτῆς
3652 971 3823 1026 mpm-

666 1047 850 1102 minus
879 1043 1074 1110 abluit,
1129 1051 1186 1100 et
1228 1041 1465 1114 extergit
1513 1041 1702 1104 linteo,
1762 1054 1872 1111 quo
1907 1039 2122 1094 cinctus
2154 1048 2221 1094 εει

2333 1035 2567 1090 τούντων
2602 1039 2630 1092 6
2658 1036 2862 1110 Κύριος
2901 1039 3079 1092 νίπτει
3124 1040 3252 1102 τοὺς
3294 1039 3456 1104 πόδας
3489 1041 3559 1112 τῷ
3589 1042 3734 1112 ὕδατι,
3759 1050 3822 1102 καὶ

667 1140 776 1209 (est
803 1147 982 1193 autem
1013 1134 1236 1191 omnino
1265 1131 1475 1188 Domini
1509 1131 1817 1202 cingulum,
1869 1130 1953 1184 vis
1985 1128 2236 1200 quadam

666 1230 966 1303 puriﬁcans
1004 1243 1036 1283 a
1072 1226 1346 1299 peccatis;
1403 1225 1485 1282 sic
1529 1225 1676 1281 enim
1704 1223 2086 1294 praescriptum
2117 1229 2224 1288 est,

666 1323 926 1378 Dominus
967 1321 1211 1376 virtutem
1259 1316 1431 1373 induit
1479 1332 1640 1388 eaque
1671 1331 1736 1370 se
1769 1313 2108 1387 praecinxit):
2151 1313 2235 1368 id-

666 1415 819 1471 circo
853 1411 1018 1485 pedes
1057 1412 1261 1474 abluta,
1321 1415 1493 1465 semet
1531 1407 1587 1462 in
1629 1407 1718 1461 via
1769 1405 1918 1478 regia
1962 1404 2230 1468 custodit,

667 1521 845 1577 neque
900 1505 968 1561 ad
1019 1503 1319 1566 dexteram,
1364 1516 1542 1573 neque
1589 1499 1657 1555 ad
1698 1499 1888 1555 laevam
1915 1497 2232 1564 deﬂectens,

665 1614 736 1655 ne
757 1598 1072 1653 alterutram
1129 1594 1199 1649 ad
1232 1601 1438 1664 partem
1486 1591 1823 1656 exorbitans,
1867 1591 1982 1646 luto
2043 1587 2232 1659 pedem

673 1687 1129 1759 suum'inquinet.
1167 1683 1429 1755 lnt'elligis
1471 1693 1650 1738 autem
1695 1680 1826 1752 quid
1854 1694 1952 1752 per
1993 1678 2109 1733 haec
2160 1678 2237 1733 si-

663 1780 972 1854 gniﬁcetur,
1004 1777 1263 1832 nimirum
1294 1775 1532 1830 animam
1567 1788 1689 1845 qua:
1720 1771 1888 1828 semel
1920 1786 2017 1842 per
2049 1769 2234 1841 bapti-

663 1889 843 1930 smum
900 1872 1115 1928 calceos
1169 1869 1415 1932 solverit,
1447 1867 1576 1940 (est
1621 1866 1765 1923 enim
1796 1865 1902 1921 hoc
1943 1864 2235 1921 mersantis

662 1981 784 2024 sese
831 1967 1136 2038 proprium,
1197 1971 1256 2018 ut
1313 1963 1622 2019 calceorum
1679 1958 1945 2031 corrigias
1996 1958 2221 2015 solvat:

2334 1951 2470 2024 μένη
2485 1951 2555 2006 τά
2583 1951 2904 2025 ὑποδήματα
2927 1969 2941 1985 ·
2969 1952 3102 2008 ἴδιον
3125 1955 3231 2027 γὰρ
3248 1954 3344 2008 τοῦ
3369 1954 3692 2026 βαπτίζοντος
3713 1956 3826 2028 ἔργον

661 2056 1118 2129 quemadmodum
1167 2052 1408 2108 Joannes
1453 2050 1884 2124 protestabatur,
1939 2064 2047 2104 non
2071 2061 2221 2119 posse

2331 2045 2392 2098 τὸ
2417 2043 2565 2098 λύειν
2584 2045 2709 2109 τοὺς
2740 2045 2970 2117 ἱμάντας
2993 2047 3103 2100 τῶν
3127 2046 3512 2118 ὑποδημάτων,
3531 2047 3694 2112 καθὼς
3705 2049 3826 2102 Ἰωάν-

662 2163 724 2204 se
749 2148 855 2203 hoc
889 2147 944 2203 in
973 2146 1092 2203 solo
1129 2144 1359 2200 Domino
1408 2142 1610 2202 facere.
1660 2139 1796 2196 Nam
1838 2139 1931 2213 qui
1977 2139 2221 2196 solvisset

2330 2155 2427 2208 νης
2459 2137 2878 2210 διεμαρτύρατο,
2919 2137 3268 2210 μὴδύνασθαι
3305 2138 3460 2194 τοῦτο
3488 2140 3577 2194 ἐπὶ
3604 2140 3739 2211 μόνον
3761 2139 3825 2192 τοῦ

659 2238 782 2311 ejus
815 2238 1133 2308 corrigiam,
1169 2238 1260 2307 qui
1297 2251 1527 2306 prorsus
1548 2249 1580 2290 a
1603 2233 1836 2305 corrigia
1864 2231 2074 2305 peccati
2094 2247 2221 2287 con-

2329 2228 2537 2301 Κυρίου
2581 2230 2840 2302 ποιῆσαι*
2889 2230 3005 2294 πῶς
3046 2230 3154 2302 γὰρ
3192 2230 3258 2284 ἂν
3309 2231 3462 2285 ἔλυσε
3504 2229 3577 2304 τῷ
3619 2232 3731 2304 μηδὲ
3760 2233 3825 2298 τὴν

660 2330 888 2386 strictus
916 2343 1030 2384 non
1049 2327 1406 2397 tenebatur?)
1441 2342 1559 2382 eam
1585 2327 1750 2398 igitur
1774 2324 2014 2382 abluisse
2039 2322 2221 2396 pedes,

2327 2317 2503 2389 ἀρχὴν
2543 2317 2620 2389 τῷ
2664 2318 2846 2390 ίμάντι
2885 2319 2984 2391 τῆς
3024 2319 3296 2390 ἁμαρτίας
3340 2319 3677 2391 ὲνδεδεμὲνῳ;
3719 2317 3824 2387 Αὕτη

658 2429 714 2478 et
736 2437 845 2477 una
863 2436 989 2476 cum
1014 2420 1400 2476 calceamentis
1431 2434 1620 2476 omnes
1650 2426 1895 2474 terrenas
1918 2415 2108 2473 sordes
2125 2415 2221 2471 ab-

2325 2409 2453 2475 τοὺς
2478 2410 2646 2475 πόδας
2677 2410 2918 2480 ἐνίψατο,
2966 2410 3142 2464 πάντα
3170 2412 3361 2482 γήϊνον
3396 2411 3560 2481 ῥύπον
3588 2409 3826 2465 συναποθα-

656 2513 878 2586 jecisse.
910 2512 1097 2582 Itaque
1129 2519 1316 2567 servat
1347 2511 1402 2566 in
1434 2511 1521 2566 via
1555 2518 1728 2567 strata
1758 2509 1925 2582 pedes
1957 2524 2088 2564 suos
2116 2509 2226 2563 im-

660 2607 923 2680 pollutus,
949 2603 1092 2660 sicut
1118 2612 1174 2659 et
1199 2603 1374 2659 David
1403 2602 1658 2669 faciebat,
1691 2617 1818 2658 cum
1857 2601 2041 2657 abluta
2095 2600 2225 2656 illu-

659 2697 747 2754 vie
775 2697 940 2760 omni,
969 2694 1134 2766 pedes
1167 2709 1298 2750 suos
1327 2694 1383 2748 in
1417 2709 1552 2750 saxo
1578 2693 1894 2760 collocaret,
1929 2702 2094 2765 atque
2123 2694 2223 2750 bis

658 2782 843 2841 verbis
872 2789 1154 2839 uteretur:
1189 2780 1417 2836 Reduxit
1465 2799 1545 2836 me
1578 2781 1641 2836 de
1667 2781 1788 2836 lacu
1835 2781 2087 2845 miserim,
2133 2779 2225 2836 de-

655 2893 754 2948 que
775 2875 956 2931 illuvie
982 2890 1214 2938 mnosa,
1241 2883 1290 2928 et
1319 2872 1472 2943 pedes
1505 2889 1649 2928 meos
1673 2889 1840 2944 supra
1881 2883 2086 2942 petram
2109 2883 2218 2929 sta-

657 2969 780 3034 tuit,
805 2982 1114 3039 gressusque
1154 2981 1295 3020 meos
1329 2963 1604 3020 direxit“.
1644 2965 1747 3020 Per
1793 2973 2005 3036 petram
2040 2975 2222 3021 autem

655 3061 799 3117 hanc
826 3058 1119 3116 Dominum
1149 3059 1329 3130 ipsum
1361 3057 1738 3128 intelligimus,
1785 3056 1880 3127 qui
1917 3063 1973 3112 et
2009 3056 2101 3111 lux
2133 3064 2218 3113 est

2322 3053 2546 3123 πέτραν
2571 3054 2714 3122 τοὺς
2733 3055 2924 3122 πόδας
2935 3073 3078 3126 μου,
3101 3055 3200 3110 καί
3233 3057 3564 3111 eratsi-0W8
3586 3055 3652 3109 τὰ
3675 3050 3825 3114 διαδή-

655 3161 710 3209 et
741 3151 969 3218 veritas,
995 3161 1052 3207 et
1083 3149 1493 3216 immortalitas,
1516 3157 1570 3204 et
1591 3147 1810 3222 justitia
1847 3167 1864 3205 :
1898 3148 2102 3219 quibus
2129 3164 2219 3203 re-

2318 3146 2478 3217 ματά
2502 3165 2640 3218 μου.
2693 3148 2904 3220 Πέτραν
2939 3148 2997 3202 δὲ
3029 3146 3258 3217 νοοῦμεν
3285 3150 3380 3203 τὸν
3406 3147 3633 3220 Κύριον,
3674 3147 3723 3208 ὃς
3745 3147 3825 3196 ἐστι

655 3245 761 3302 bus
806 3244 894 3300 via
946 3243 1257 3314 spiritualis
1310 3242 1470 3313 quasi
1523 3241 1760 3312 quadam
1818 3239 2220 3296 incrustatione

2322 3237 2456 3335 φῶς,
2488 3239 2582 3292 καὶ
2613 3237 2858 3311 ἀλήθεια,
2883 3239 2977 3293 καὶ
3011 3239 3309 3311 ἀφθαρσία,
3343 3240 3436 3294 καὶ
3460 3235 3759 3306 δικαιοσύνη,
3779 3232 3826 3286 δι’

655 3337 943 3394 sternitur.
966 3335 1049 3391 Ab
1079 3335 1168 3391 his
1199 3334 1246 3390 si
1277 3349 1337 3390 se
1369 3343 1621 3389 neutram
1648 3331 1775 3404 quis
1800 3333 1855 3387 in
1889 3340 2099 3403 partem
2123 3330 2221 3386 de-

2323 3321 2398 3383 ὦν
2431 3329 2464 3400 ἡ
2494 3331 2836 3404 πνευματικὴ
2864 3331 2982 3395 όδδς
3007 3330 3423 3387 διαπλακοῦται.
3447 3323 3544 3384 Ὧν
3569 3331 3596 3383 6
3617 3329 3683 3401 μὴ
3702 3342 3828 3397 παρα·

653 3429 856 3491 ﬂectat,
885 3425 934 3480 is
967 3425 1183 3495 plantas
1220 3438 1352 3481 suas
1383 3438 1548 3494 puras
1593 3430 1906 3488 conservat,
1948 3437 2219 3492 nusquam

2320 3419 2552 3491 τραπεὶς
2581 3419 2702 3474 καθ’
2731 3422 3006 3500 ἑκάτερον,
3037 3418 3288 3486 διασώζει
3325 3423 3385 3476 τὸ
3405 3423 3564 3493 ίχνος,
3590 3415 3826 3489 οὐδαμόθεν

655 3535 688 3574 a
714 3518 1010 3589 voluptatis
1040 3531 1198 3572 coeno
1229 3517 1484 3587 pollutas.
1511 3515 1635 3572 Hazc
1665 3524 1793 3572 sunt
1817 3514 1963 3587 (meo
1996 3515 2220 3586 quidem

2320 3509 2397 3581 τῷ
2419 3509 2574 3583 πηλῷ
2601 3512 2698 3584 τῆς
2727 3512 2919 3583 ἡδονῆς
2949 3513 3330 3584 μολυνόμενον.
3361 3513 3544 3568 Ταῦτά
3571 3513 3695 3576 ἐστι,
3724 3505 3826 3562 κατά

653 3609 883 3682 judicio)
915 3623 1014 3682 per
1046 3624 1169 3680 quae
1189 3623 1220 3662 a
1251 3624 1451 3676 sponsa
1500 3606 1680 3664 Verbo
1705 3609 1915 3664 ostium
1945 3609 2214 3680 aperitur.

2319 3619 2384 3671 γε
2412 3603 2502 3656 τὸν
2531 3604 2662 3675 ἐμὸν
2691 3604 2865 3672 λόγον,
2889 3605 2956 3658 δι’
2985 3599 3060 3660 ὧν
3089 3607 3122 3676 ἠ
3159 3603 3300 3678 θύρα
3321 3605 3402 3677 τῷ
3437 3606 3588 3675 Λόγῳ
3612 3598 3742 3674 παρὰ
3757 3600 3827 3668 τῆς

655 3701 868 3757 Etenim
923 3701 1041 3772 ipsa
1101 3700 1199 3755 illa
1261 3698 1559 3766 confessio,
1608 3713 1716 3770 qua
1770 3698 2062 3770 pollicetur
2106 3714 2216 3754 non

2320 3693 2538 3766 νύμφης
2565 3695 2855 3765 ἀνοίγεται.
2903 3697 2967 3750 Ἦ
2996 3697 3105 3771 γὰρ
3131 3696 3396 3769 ὁμολογία
3412 3697 3507 3751 τοῦ
3537 3695 3712 3768 μηκέτι
3727 3692 3826 3746 ἁνα-

655 3797 898 3868 amplius
952 3804 1360 3866 resumpturam
1399 3811 1458 3852 se
1507 3795 1682 3851 lutum
1716 3793 1851 3851 illud
1900 3811 2215 3861 excussum,

655 3901 834 3957 neque
866 3885 1170 3940 incedendo
1201 3886 1257 3940 in
1285 3886 1386 3941 hac
1414 3886 1528 3941 vita
1553 3892 1834 3943 terrenam
1864 3886 2209 3958 inquinatio-

655 3991 780 4033 nem
831 3976 1198 4033 admissuram
1237 3995 1249 4030 :
1285 3975 1466 4032 aditus
1520 3984 1612 4033 est
1659 3977 1857 4033 anima:
1913 3979 2015 4032 hoc
2057 3979 2218 4032 modo

653 4075 982 4139 comparatae
1027 4067 1094 4122 ad
1144 4066 1659 4124 sanctiﬁcationem.
1709 4068 2085 4125 Sanctiﬁcatio
2120 4085 2219 4125 au-

654 4163 765 4212 tem
809 4164 893 4211 est
923 4156 1040 4227 ipse
1092 4153 1378 4212 Dominus.
1437 4155 1615 4230 Atque
1663 4158 1754 4214 hic
1813 4168 1895 4214 est
1926 4161 2216 4218 verborum

653 4262 871 4303 sensus.

723 4336 937 4394 Rursus
964 4347 1143 4393 autem
1173 4338 1473 4395 secundum
1501 4340 1630 4410 hoc,
1668 4341 1896 4398 ulterius
1923 4333 2218 4399 ascendére

2385 4358 2554 4413 Πάλιν
2581 4357 2639 4413 δὲ
2669 4357 2807 4431 μετὰ
2841 4359 2998 4414 τοῦτο
3021 4361 3118 4432 τῆς
3146 4363 3552 4433 ὑπερκειμένης
3575 4357 3830 4414 ἀναδόσεως

657 4440 888 4489 conatur
917 4430 1098 4484 anima
1117 4471 1132 4496 ,
1161 4446 1268 4486 non
1299 4431 1413 4500 jam
1443 4433 1680 4504 amplius
1708 4448 1839 4489 voce
1861 4435 2061 4487 ostium
2095 4449 2216 4487 cor-

2318 4450 2544 4506 ἆτιτεται
2573 4453 2606 4523 ὴ
2631 4430 2795 4522 ψυχὴ,
2817 4451 2996 4505 οὐκέτι
3019 4430 3200 4522 φωνῆς
3221 4430 3319 4524 την
3347 4430 3568 4524 καρδίαν
3594 4450 3829 4520 θυροκρον-

652 4521 738 4578 dis
763 4523 1016 4592 pulsante
1035 4561 1051 4588 ,
1077 4520 1171 4576 sed
1199 4521 1316 4590 ipsa
1347 4537 1510 4576 manu
1537 4522 1720 4577 divina
1752 4538 1846 4593 per
1875 4520 2115 4576 foramen
2148 4523 2212 4576 ad

2319 4541 2567 4612 στούσης,
2594 4520 2738 4598 *ἀλλδ-
2761 4520 2924 4615 αὐτῆς
2959 4520 3054 4615 τῆς
3089 4520 3236 4608 θείας
3271 4520 3454 4616 χειρὸς
3481 4542 3568 4597 διὰ
3609 4542 3696 4612 τῆς
3726 4533 3830 4599 ὀπῆς

652 4611 914 4669 interiora
945 4620 1284 4682 penetrante.
1319 4611 1587 4667 Patruelis
1609 4615 1754 4674 enim
1788 4630 1966 4677 meus,
2002 4614 2207 4684 inquit,

2318 4635 2407 4689 ἐπὶ
2446 4608 2515 4689 τά
2561 4634 2707 4700 ἐντὸς
2752 4608 3138 4706 παραδυείπσης.
3200 4608 3551 4706 Ἀδελεριδός
3592 4608 3699 4704 μου
3734 4625 3831 4696 γὰρ.

651 4706 795 4760 misit
831 4720 1044 4758 manum
1099 4721 1252 4758 suam
1299 4722 1392 4774 per
1438 4706 1706 4774 foramen,
1750 4714 1799 4758 et
1846 4715 2020 4760 venter
2071 4722 2214 4760 meus

2318 4727 2497 4799 φησὶν,
2530 4727 2848 4782 ἀπέστειλε
2876 4728 2990 4795 τὴν
3026 4728 3193 4797 χεῖρα
3230 4729 3419 4783 αὐτοῦ
3449 4728 3546 4782 διὰ
3574 4724 3673 4793 τῆς
3699 4715 3832 4784 ἐπῆςι

650 4805 941 4850 commotus
986 4804 1062 4850 est
1104 4796 1160 4849 in
1205 4795 1395 4865 ipsum.
1442 4791 1758 4865 Perspicere
1804 4804 1984 4850 autem
2037 4799 2217 4867 quivis

2318 4791 2413 4874 νὶάι
2460 4819 2498 4887 ὴ
2537 4821 2733 4874 κοιλία
2762 4837 2882 4888 μου
2927 4791 3178 4889 έθροήίὶη
3219 4820 3309 4874 ἐπ’
3353 4821 3560 4875 αὐτόν.
3607 4791 3754 4885 Δῆλον
3794 4808 3832 4860 δὲ

650 4889 876 4944 omnino
903 4897 1118 4959 potest,
1145 4891 1238 4962 qui
1266 4890 1561 4961 prudenter
1591 4889 1702 4944 haec
1727 4887 1982 4957 audiunt,
2013 4900 2217 4962 quanto

2318 4914 2532 4977 πάντως
2575 4915 2690 4966 ἐστὶ
2735 4911 2813 4984 τῷ
2849 4912 3081 4976 συνετῶς
3123 4914 3388 4977 ὲπαῖοντι,
3436 4914 3558 4966 ὅσον
3603 4900 3831 4964 πλεονάἔεθ

2316 5005 2396 5075 τῷ
2456 5003 2577 5073 ὕψει
2637 5003 2707 5057 τὰ
2771 5003 2864 5056 νῦν
2923 5003 3186 5074 εἰρημένα
3267 5002 3418 5074 παρὰ
3472 5002 3533 5056 τὸ
3592 4997 3833 5071 πρότερον

2323 5095 2591 5159 Ἄνοιξον
2638 5095 2809 5166 λέγων
2837 5094 2972 5168 πρὸς
3003 5095 3099 5167 τὴν
3141 5096 3353 5168 νύμφην
3398 5099 3427 5150 6
3454 5097 3637 5165 Λόγος,
3666 5089 3832 5144 δίδωσιν

2319 5188 2456 5260 αὐτῇ
2489 5187 2577 5241 διὰ
2623 5187 2719 5257 τῆς
2756 5187 2865 5241 τῶν
2904 5187 3060 5243 Θεῖων
3097 5190 3372 5260 ὀνομάτων
3415 5189 3510 5242 τοῦ
3542 5177 3730 5252 ἀνοῖξαι
3762 5177 3832 5248 τὴν

2318 5279 2563 5350 δύναμιν.
2599 5279 2892 5333 ’Υπακούει
2925 5280 3003 5350 τῷ
3031 5281 3189 5353 Λόγῳ
3217 5283 3250 5352 ἡ
3294 5280 3507 5352 νύμφην
3536 5281 3727 5349 γίνεται
3754 5269 3831 5339 τά(

2317 5373 2452 5443 ὅπερ
2479 5373 2736 5443 ἤκουσεν,
2771 5372 2996 5443 ἀδελφὴ,
3030 5373 3124 5428 καὶ
3169 5374 3412 5446 πλησίον,
3447 5375 3541 5427 καὶ
3570 5361 3833 5443 περιστερὰ.

2315 5465 2408 5520 καὶ
2435 5464 2636 5518 τελεία·
2661 5465 2952 5520 ἀποδύεται
2972 5466 3066 5519 τὸν
3091 5466 3414 5538 δερματικὸν
3439 5467 3638 5520 ἐκεῖνον
3656 5457 3832 5532 χιτῶνα,

2315 5559 2408 5612 καὶ
2443 5557 2534 5611 τὸν
2569 5557 2737 5629 ῥύπον
2779 5557 2887 5611 τῶν
2916 5557 3090 5612 ποδῶν
3116 5558 3500 5618 ’άπονίπτεται,
3535 5555 3626 5610 καὶ
3667 5550 3769 5605 οὔτε
3794 5544 3835 5597 τὸ

2313 5650 2546 5722 εἰδεχθὲς
2588 5652 2678 5704 καὶ
2713 5651 2982 5724 ῥωγαλέον
3027 5651 3200 5705 ἐκεῖνο
3249 5651 3463 5722 ἱμάτιον
3514 5649 3667 5704 πάλιν
3705 5637 3832 5701 ἑαυτῆ

2315 5743 2678 5799 περιτίθησιν.
2721 5741 2844 5797 οὔτε
2873 5746 2936 5814 τῇ
2968 5746 3037 5816 γῇ
3073 5743 3207 5816 πρὸς
3232 5743 3292 5798 τὸ
3325 5741 3511 5796 λοιπὸν
3549 5726 3837 5806 ὲναπερείδει

2335 1221 2642 1293 καθαρτικὴ
2667 1221 2772 1276 τῶν
2813 1222 3098 1294 ἁμαρτιῶν
3136 1222 3196 1277 τὸ
3225 1222 3319 1276 τοῦ
3348 1223 3545 1296 Κυρίου
3577 1225 3820 1298 ciarum-

2349 1313 2711 1368 Ἐνεδύσιιτο
2744 1313 2874 1386 γὰρ,
2901 1315 3056 1386 φησὶ,
3087 1315 3299 1384 Κύριος
3337 1315 3598 1386 δύναμιν,
3621 1317 3824 1388 καὶπερι-

2334 1404 2589 1466 εζώσατο
2615 1420 2628 1437 ⁸
2668 1405 2757 1458 διὸ.
2786 1405 2945 1460 τοῦτο
2977 1407 3310 1479 καθαρθείσα
3341 1409 3463 1472 τοὺς
3491 1409 3642 1472 πόδας
3667 1410 3741 1463 ἐπὶ
3758 1412 3823 1482 τῆς

2335 1494 2454 1548 ὁδοῦ
2485 1495 2584 1567 τῆς
2609 1495 2916 1567 βασιλικῆς,
2943 1496 3142 1569 ἑαυτὴν
3164 1497 3444 1566 φυλάσσει,
3464 1499 3559 1553 οὒκ
3576 1500 3824 1555 ἐκκλίνουσα

2336 1588 2415 1650 εἰς
2445 1585 2614 1650 δεξιά,
2646 1586 2678 1659 ἦ
2711 1587 2789 1650 είς
2813 1587 3077 1661 ἀριστερά
3101 1604 3116 1620 ο
3165 1589 3249 1642 ἵνα
3277 1588 3351 1662 μὴ
3373 1589 3491 1643 καθ’
3515 1591 3738 1660 ἑκάτερον
3754 1591 3824 1657 ἔξω

2335 1677 2435 1748 τῆς
2465 1678 2582 1731 ὀδοῦ
2628 1681 3043 1752 παρενεγκοῦσα
3084 1680 3143 1733 τὸ
3185 1680 3355 1750 ἴχνος,
3410 1680 3597 1752 μολύνῃ
3626 1682 3691 1753 τῷ
3717 1683 3825 1753 πηλῷ

2334 1767 2426 1822 τὸν
2452 1769 2606 1824 πόδα.
2642 1769 2800 1834 Νοεῖς
2819 1770 2876 1823 δὲ
2907 1771 3121 1836 πάντως
3153 1771 3214 1824 τό
3233 1771 3322 1824 διὰ
3347 1772 3452 1826 τῶν
3473 1773 3741 1845 εἰρημένων

2333 1859 2612 1931 λούμενον,
2639 1861 2719 1915 ὅτι
2744 1863 2778 1932 ἡ
2805 1861 2949 1928 ἅπαξ
2983 1861 3069 1916 διά
3094 1863 3187 1916 τοῦ
3226 1862 3592 1936 βαπτίσματος
3623 1863 3827 1920 ὑπολύσα-

2326 2592 2691 2665 πλακωμένης
2712 2593 2832 2647 όδοῦ
2859 2594 2959 2664 τὴν
2991 2593 3148 2666 βάσιν
3173 2595 3497 2666 άμόλυντον,
3521 2595 3593 2659 ὡς
3621 2595 3701 2648 καὶ
3721 2593 3743 2645 ό
3761 2595 3826 2644 Aa-

2326 2684 2409 2738 οιδ
2435 2683 2707 2758 εποίησεν,
2742 2683 2832 2738 ὅτε
2874 2683 2966 2738 τοῦ
3004 2683 3178 2754 πηλοῦ
3206 2686 3306 2756 τὴν
3334 2685 3466 2757 ὓλην
3491 2684 3826 2755 ἀπολυσάμενος

2323 2774 2415 2830 ἐπὶ
2436 2777 2535 2848 τῆς
2563 2777 2768 2849 πέτρας
2800 2776 2992 2847 ἔστησε
3021 2779 3146 2841 τοὺς
3169 2777 3368 2831 ἑαυτοῦ
3405 2778 3584 2842 πόδας,
3607 2775 3752 2838 οὕτως
3774 2775 3826 2826 εἰ·

2323 2867 2441 2923 πὼν
2468 2868 2546 2939 τῷ
2573 2868 2743 2940 λόγῳ·
2771 2871 2854 2924 ὅτι
2898 2869 3190 2939 Ἀνήτειρέ
3217 2887 3298 2940 με
3329 2871 3398 2925 ἐκ
3430 2869 3650 2926 λάκκου
3675 2871 3827 2920 ταλαι-

2323 2962 2576 3030 πωρίας,
2601 2961 2700 3015 καὶ
2729 2962 2848 3017 ἀπὸ
2886 2961 3088 3031 πηλοῦ
3128 2963 3299 3030 ἰλύος
3316 3006 3332 3030 ,
3375 2964 3471 3018 καί
3499 2965 3735 3029 ἔστησεν
3756 2958 3823 3011 ἐπὶ

2321 3879 2436 3951 βίου
2471 3879 2559 3933 τὸν
2589 3879 2764 3951 γεώδη
2805 3880 3078 3952 μολυσμὸν
3108 3881 3537 3954 παραδέξασθαι,
3565 3879 3746 3940 εἴσοδος
3766 3871 3828 3942 γε·

2319 3986 2466 4022 νεται
2497 3968 2588 4023 τοῦ
2621 3969 2893 4041 άγιασμοῦ
2937 3972 3031 4024 ἐπὶ
3063 3971 3162 4041 τὴν
3191 3969 3336 4024 οὕτω
3368 3964 3828 4042 παρεσκευασμένην

2317 4060 2514 4132 ψυχήν.
2568 4061 2864 4135 ’Λγιασμὸς
2887 4062 2944 4116 δὲ
2986 4065 3014 4116 ό
3040 4063 3261 4134 Κύριος.
3309 4064 3423 4118 Καὶ
3449 4063 3602 4117 τοῦτο
3642 4060 3728 4133 μὲν
3750 4055 3829 4110 et?"

2318 4152 2621 4226 εἰρημένων
2653 4154 2963 4209 ὲπεοαιώθττ
2995 4155 3056 4210 τὸ
3087 4154 3285 4227 νόημα.

649 4978 968 5035 sublimiora
1017 4981 1308 5035 sunt.th
1355 4981 1659 5051 prioribus.
1694 4981 1828 5038 Cum
1860 4981 2095 5038 Verbum
2142 4984 2212 5039 ad

647 5085 905 5142 sponsam
958 5072 1068 5136 ait,
1101 5071 1296 5142 Aperi,
1344 5073 1571 5144 largitur
1621 5074 1671 5130 ei
1721 5075 2034 5132 facultatem
2085 5094 2215 5148 ape-

647 5163 826 5219 riendi
857 5179 952 5235 per
979 5165 1193 5228 divinos
1225 5180 1442 5221 sensus.
1470 5163 1820 5238 Obtemperat
1850 5169 2024 5228 Verbo
2053 5188 2212 5249 spon-

646 5271 742 5320 sa,
775 5253 835 5310 ﬁt
863 5257 1008 5312 enim
1044 5257 1183 5323 hoc,
1216 5257 1359 5327 quod
1406 5259 1583 5323 audit,
1619 5275 1798 5323 soror,
1849 5263 2026 5318 vicina
2049 5305 2065 5330 ,
2116 5281 2210 5322 co-

646 5346 831 5402 lumba
853 5385 870 5412 ,
906 5348 1184 5418 perfecta:
1222 5349 1374 5403 exuit
1407 5350 1688 5420 pelliceam
1741 5355 1884 5409 illam
1932 5359 2209 5425 tunicam,

649 5438 841 5495 sordes
874 5439 1070 5509 pedum
1104 5439 1297 5503 abluit,
1334 5457 1398 5497 ac
1429 5459 1608 5513 neque
1660 5444 1860 5502 fretum
1906 5450 2037 5504 illud
2071 5451 2214 5506 lacc-

649 5545 879 5601 rumque
902 5531 1282 5588 vestimentum
1313 5535 1546 5607 amplius
1577 5536 1785 5606 induit,
1818 5558 1993 5613 neque
2018 5544 2087 5600 de
2111 5561 2215 5600 cm-

647 5628 768 5678 tero
803 5623 856 5676 in
893 5631 1040 5678 terra
1075 5625 1187 5696 ﬁgit
1217 5628 1485 5699 vestigia:
1522 5631 1730 5688 audivit
1764 5633 1929 5705 igitur
1961 5637 2082 5708 ejus
2117 5656 2211 5693 vo-

647 5725 800 5774 cem,
837 5721 893 5768 et
935 5721 1087 5784 paret
1125 5727 1434 5790 praecepto,
1472 5725 1646 5792 aperit
1688 5728 1889 5782 ostium
1933 5738 1986 5785 et
2029 5733 2208 5789 ablato

702 5897 748 5928 ”
767 5895 925 5956 Joan.
954 5917 1060 5966 xw,
1085 5902 1137 5958 6.
1212 5905 1251 5936 '-"
1271 5904 1416 5964 Psal.
1443 5924 1630 5974 xxxix.
1663 5912 1714 5965 5.

2337 1129 2603 1202 έκμάσσει
2646 1129 2724 1201 τῷ
2755 1129 2947 1201 λεντίῳ
2987 1122 3032 1198 ᾧ
3056 1129 3376 1196 διεζώσατοο
3432 1131 3638 1204 δύναμις
3669 1136 3714 1190 δέ
3744 1138 3822 1191 ἐστι
3928 1197 3929 1204 χ

2325 2501 2491 2556 λοῦσα
2525 2505 2637 2566 τοῖς
2663 2503 2998 2575 ὑποδήμασι·
3050 2502 3316 2572 φυλάσσει
3344 2504 3519 2558 τοίνυν
3552 2503 3636 2555 ἐπὶ
3656 2503 3736 2573 τῆς
3758 2518 3825 2553 πε-
3928 2513 3929 2575 ξ

2319 3787 2503 3840 λαϐεῖν
2528 3786 2618 3840 τὸν
2648 3787 3026 3860 ἀποϐληθέντα
3066 3789 3236 3860 πηλὸν
3253 3831 3268 3853 ,
3315 3791 3452 3864 μηδὲ
3478 3791 3542 3862 τῇ
3569 3786 3741 3857 πορείᾳ
3759 3779 3827 3836 τοῦ
3928 3811 3929 3864 1
