4028 6544
226 458 382 514 1009
400 478 417 495 ο

1295 455 1363 510 ΙΝ
1386 454 1695 512 CANTICA
1718 450 1989 509 CANTIC.
2022 450 2310 506 HOMILIA
2347 450 2438 505 XI.

3366 442 3506 498 1010

218 567 293 623 τὸ
322 568 490 641 ἴχνοςο
521 571 753 642 ἤκουσεν
778 566 871 626 οὖν
895 572 1061 626 αὑτοῦ
1088 574 1187 645 τῆς
1206 573 1411 646 φωνῆς,
1436 574 1631 646 καὶτῷ
1656 591 1802 646 προσ

1926 568 2109 626 cordis
2142 566 2403 639 operculo
2426 606 2441 631 ,
2478 563 2703 621 deduxit
2732 562 2913 619 velum
2941 559 3104 627 ostii,
3142 558 3195 614 id
3242 565 3327 615 est
3373 574 3502 613 car-

218 660 473 732 τάγματι
510 662 776 716 πείθεται.
826 663 1054 732 Ἀνοίγει
1100 662 1200 737 τὴν
1238 662 1428 735 θύραν,
1461 663 1819 737 περιελομένη

217 749 290 802 τὸ
314 748 586 821 κάλυμμα
605 752 704 822 τῆς
728 752 955 825 καρδίας
973 770 988 784 ·
1011 752 1246 824 διέσχισε
1273 754 1375 825 τῆς
1405 754 1573 825 θύρας
1592 795 1607 817 ,
1637 755 1698 808 τὸ
1721 755 1819 825 τῆς

223 841 441 913 σαρκὸς
463 842 831 914 διαπέτασμα,
862 845 1010 897 πᾶσα
1040 845 1230 917 ἠνοίγη
1258 847 1359 917 τῆς
1385 844 1564 916 ψυχῆς
1593 846 1626 916 η
1650 844 1816 917 πύλη,

222 931 319 985 ἵνα
359 933 577 1006 εἰσέλθῃ
601 935 629 987 ὁ
659 935 920 1000 Βασιλεὺς
944 937 1042 1008 τῆς
1066 935 1241 1008 δόξης.
1282 936 1419 989 Ἀλλ’
1448 939 1480 1009 ἡ
1512 937 1613 1007 τῆς
1644 936 1818 1008 πύλης

220 1024 544 1095 εὐρυχωρία
578 1027 751 1099 μικρά
780 1044 865 1091 τις
897 1028 1189 1101 ἀπεδείχθη
1223 1028 1496 1101 τρυμαλιά
1531 1028 1691 1101 στενὴ
1723 1010 1817 1083 καὶ

224 1116 484 1187 βραχεῖα,
516 1116 582 1170 δι’
609 1113 678 1191 ἧς
705 1119 806 1172 οὑκ
834 1120 996 1184 αὐτὸς
1022 1122 1050 1173 ὁ
1085 1120 1336 1192 νυμφίος,
1364 1121 1481 1175 ἀλλ’
1504 1124 1537 1194 ἡ
1568 1122 1688 1193 χεὶρ
1715 1122 1816 1176 αύ-

220 1206 321 1260 τοῦ
365 1208 524 1277 μόγις
569 1206 878 1281 ἐχώρησεν.
912 1211 1052 1265 ὥστε
1097 1211 1162 1266 δι’
1206 1212 1377 1281 αὑτῆς
1425 1213 1517 1265 ἐπὶ
1562 1212 1625 1265 τὸ
1669 1212 1817 1276 ἐντὸς

219 1296 501 1365 γενέσθαι,
544 1299 639 1352 καὶ
665 1299 904 1370 ἅψασθαι
935 1301 1035 1372 τῆς
1065 1301 1439 1374 ἐπιθυμούσης
1464 1302 1556 1356 τὸν
1585 1303 1814 1373 νυμφίον

223 1389 383 1455 ἰδεῖν,
410 1384 455 1458 ᾧ
485 1391 737 1446 τοσοῦτον
766 1392 1022 1465 ἐκέρδανε
1056 1394 1243 1465 μόνον,
1270 1395 1392 1448 ὅσον
1417 1394 1637 1463 γνῶναι,
1670 1395 1751 1447 ὅτι
1777 1396 1810 1464 ἡ

217 1481 352 1551 χεὶρ
382 1483 565 1554 ἐκείνη
602 1484 695 1537 τοῦ
726 1486 1061 1557 ποθουμένου
1097 1488 1264 1543 ἐστίν.
1297 1484 1398 1541 Οία
1430 1488 1485 1542 δὲ
1521 1490 1652 1559 ἡμῖν
1682 1490 1814 1542 ὑπο-

216 1572 500 1628 δείκνυται
532 1574 808 1647 δόγματα,
845 1577 933 1632 διὰ
963 1579 1062 1650 τῆς
1090 1580 1148 1632 ἐν
1176 1583 1288 1644 τοῖς
1321 1581 1629 1651 εἰρημένοις
1663 1579 1812 1649 φιλο-

220 1665 421 1735 σοφίας
447 1666 716 1738 μάθοιμεν
752 1668 841 1733 ἂν,
873 1670 922 1722 εί
964 1670 1157 1743 μικρὸν
1182 1671 1259 1742 τῷ
1288 1671 1431 1745 λόγῳ
1464 1672 1813 1744 προσδιατρί-

216 1756 437 1828 ψωμεν.
489 1758 553 1811 Ἠ
586 1759 903 1833 ἀνθρωπίνη
935 1761 1082 1834 ψυχὴ
1115 1762 1209 1816 δύο
1238 1762 1453 1833 φύσεων
1483 1758 1616 1817 οὖσα
1651 1763 1811 1834 μεθὸ-

220 1863 363 1919 ριος,
390 1840 466 1901 ὧν
496 1849 529 1918 ἡ
563 1848 662 1918 μὲν
698 1849 983 1922 ἀσώματός
1014 1854 1131 1905 ἐστι
1160 1853 1253 1907 καὶ
1285 1853 1447 1926 νοερά
1472 1855 1566 1908 καὶ
1599 1857 1811 1929 ἀκήρα·

216 1953 315 2001 τος
338 1939 408 2010 σή
439 1937 496 1990 δὲ
530 1938 690 2010 ἐτέρα
726 1941 1042 2013 σωματικὴ,
1075 1941 1170 1996 καὶ
1200 1942 1427 2015 ὑλώδης,
1460 1944 1555 1999 καὶ
1596 1925 1809 2014 ἄλογος.
1844 1925 1884 1980 Β

232 2029 489 2087 Ἐπειδὰν
507 2030 563 2083 δὲ
582 2031 812 2102 τάχιστα
835 2034 933 2105 τῆς
955 2034 1091 2105 πρὸς
1114 2035 1205 2089 τὸν
1232 2038 1408 2108 παχύν
1429 2055 1489 2090 τε
1515 2039 1608 2091 καὶ
1633 2039 1813 2113 γεώδη

221 2118 339 2191 βίον
393 2122 631 2193 σχέσεως
677 2124 1101 2197 ἐκκαθαρθείσα,
1155 2128 1222 2182 δι’
1281 2129 1479 2200 ἀρετῆς
1534 2129 1810 2203 ἀναϐλέψῃ

218 2210 362 2281 πρὸς
384 2212 446 2265 τὸ
466 2213 725 2283 συγγενὲς
748 2215 840 2268 καὶ
863 2215 1155 2280 θειότατον,
1186 2218 1245 2271 οὑ
1275 2219 1504 2276 παύεται
1533 2220 1813 2293 διερευνω-

221 2300 359 2373 μένη
383 2304 475 2358 καὶ
498 2304 843 2377 ἀναξητοῦσα
866 2307 964 2379 τὴν
993 2307 1100 2361 τῶν
1123 2309 1291 2364 ὄντων
1317 2308 1487 2383 ἀρχὴν
1512 2329 1526 2342 '
1552 2312 1635 2377 τίς
1658 2314 1692 2386 ἡ
1713 2312 1807 2368 τοῦ

219 2392 451 2458 κάλλους
476 2395 585 2450 τῶν
614 2397 782 2452 ὄντων
824 2398 973 2471 πηγή
994 2440 1008 2464 ,
1042 2399 1205 2453 πόθεν
1235 2400 1445 2474 βρύειή
1477 2403 1725 2475 δύναμις,
1757 2406 1809 2459 τί

215 2484 283 2539 τὸ
314 2486 562 2557 ηγάζον
610 2489 710 2559 τὴν
758 2481 1310 2561 ἐμφαινομένηντῆς
1359 2492 1547 2558 οὐσίας
1594 2495 1804 2564 σοφίαν.

219 2576 437 2643 Πάντας
464 2579 521 2635 δὲ
544 2580 837 2652 λογισμοὺς
864 2586 956 2639 κα)⁸
984 2588 1164 2641 πᾶσαν
1194 2586 1489 2657 ἐρευνητὴν
1521 2587 1808 2658 νοημάτων

216 2670 447 2741 δύναμιν
478 2673 791 2729 διακινοῦσα
833 2678 927 2731 καὶ
961 2678 1439 2752 περιεργαζομένη
1479 2680 1807 2735 καταλαὸεῖν

216 2759 279 2814 τδ
323 2762 681 2834 ζητούμενον,
735 2768 858 2839 ὅρον
893 2773 1126 2825 ποιεῖται
1173 2772 1271 2842 τῆς
1317 2771 1675 2845 καταλήψεως
1708 2771 1805 2826 τοῦ

215 2850 354 2907 Θεοῦ
387 2852 487 2923 τὴν
519 2854 800 2926 ἐνέργειαν
834 2858 1003 2929 μόνην
1034 2859 1133 2932 τὴν
1182 2860 1345 2932 μέχρι
1389 2860 1545 2931 ἡμῶν
1581 2861 1804 2917 κατιοῦ-

218 2958 339 3009 σαν,
362 2938 430 3014 ἦς
455 2944 542 2998 διὰ
568 2946 666 3016 τῆς
695 2948 840 3017 ζωῆς
867 2951 1031 3020 ἡμεῖς
1058 2951 1451 3023 αἰσθανόμεθα.
1481 2954 1591 3008 Καὶ
1614 2954 1805 3027 ὥσπερ

215 3032 277 3086 τὸ
304 3034 383 3105 τῷ
408 3033 560 3089 ὑδατι
596 3037 1070 3110 συναναδιδόμενον
1102 3042 1166 3095 ἐκ
1203 3041 1304 3113 τῆς
1330 3041 1433 3113 γῆς
1462 3043 1679 3115 πνεῦμα
1706 3045 1804 3116 οὑχ

216 3126 432 3183 ῐσταται
465 3129 592 3199 περὶ
628 3130 720 3184 τὸν
751 3131 1002 3203 πυθμένα
1030 3134 1126 3206 τῆς
1157 3134 1376 3206 λίμνης,
1410 3133 1549 3188 ἀλλά
1587 3136 1803 3208 πομφό-

212 3215 310 3285 λυξ
339 3220 628 3331 γενόμενον
658 3222 763 3331 ἱπὶὶ
779 3222 843 3331 ,τὸ
868 3224 980 3278 ἀνω
1011 3225 1144 3297 πρὸς
1172 3225 1232 3279 τὸ
1275 3227 1539 3297 συγγενὲς
1571 3227 1803 3299 ἀνατρέ-
1828 3272 1871 3331 c

213 3325 322 3380 χει,
366 3310 460 3365 καὶ
503 3312 634 3366 ὅταν
664 3313 847 3389 διέλθῃ
897 3314 993 3386 τὴν
1025 3316 1119 3370 τοῦ
1162 3316 1352 3381 ὓδατος
1383 3318 1559 3390 ἄκραν
1603 3318 1801 3388 ἐπιφά-

211 3419 384 3471 νειαν,
415 3404 508 3459 καὶ
530 3407 841 3481 καταμιχθῇ
873 3409 1010 3480 πρὸς
1032 3410 1123 3463 τὸν
1150 3410 1310 3482 ἀέρα.
1342 3410 1464 3464 τότε
1492 3411 1589 3482 τῆς
1613 3411 1705 3465 ἐπὶ
1729 3411 1798 3467 τά

212 3493 326 3549 ἀνω
352 3496 618 3567 κινήσεως
646 3498 856 3553 ῖσταται
879 3517 891 3528 ·
926 3502 1163 3556 τοιοῦτόν
1203 3520 1256 3555 τι
1304 3504 1499 3575 πάσχει
1534 3504 1629 3558 καὶ
1664 3506 1697 3576 ἡ
1729 3507 1797 3559 τά

213 3586 335 3641 θεῖα
376 3587 775 3661 διερευνωμένη
812 3592 991 3663 ψυχή’
1043 3594 1263 3648 ἐπειδὰν
1305 3596 1370 3648 ἐκ
1406 3595 1515 3648 τῶν
1552 3596 1797 3652 κάτωθεν

212 3675 350 3747 πρὸς
368 3676 468 3746 τὴν
494 3675 601 3729 τῶν
623 3678 1031 3751 ὑπερκειμένων
1053 3684 1253 3751 γνῶσιν
1284 3685 1481 3757 ἑαυτὴν
1506 3686 1761 3758 ἀνατείνῃ
1778 3727 1794 3750 ,

209 3765 279 3821 τὰ
302 3768 401 3838 τῆς
423 3769 700 3840 ἐνεργείας
723 3773 886 3825 αὑτοῦ
913 3773 1168 3845 θαύματα
1187 3777 1588 3843 καταλαϐοῦσα,
1614 3798 1679 3832 πε
1688 3798 1799 3853 ραι-

211 3856 356 3928 τέρω
382 3859 663 3930 προελθεῖν
688 3860 776 3914 διά
796 3862 896 3933 τῆς
917 3863 1446 3939 πολυπραγμοσύνης
1468 3869 1527 3922 οὑ
1549 3868 1791 3924 δύναταυ

212 3948 347 4003 ἀλλά
374 3948 645 4021 θαυμάζει
669 3953 764 4006 καὶ
798 3954 1012 4010 σέϐεται
1040 3956 1132 4011 τὸν
1162 3959 1579 4033 ὃτιέστιιζμόνον
1612 3961 1679 4015 δι’
1720 3958 1795 4018 ὧν

212 4041 424 4113 ἐνεργεῖ
454 4045 876 4117 γινωσκόμενον.
924 4047 1055 4121 Ὀρᾷ
1081 4049 1143 4103 τὸ
1172 4050 1420 4121 οὑράνιον
1451 4051 1663 4120 κάλλος,
1694 4053 1795 4118 τάς

210 4132 319 4187 τῶν
354 4136 657 4208 φωστήρων
683 4138 881 4206 αὑγάς,
920 4140 1017 4212 τὴν
1061 4142 1240 4209 ὀξεῖαν
1270 4144 1364 4197 τοῦ
1397 4146 1561 4199 πόλου
1594 4147 1791 4201 κυκλο-

211 4226 425 4297 φορίαν,
481 4227 579 4299 τὴν
629 4228 890 4285 εὔτακτόν
933 4250 993 4286 τε
1050 4234 1144 4288 καὶ
1195 4237 1511 4308 ἐναρμόνιον
1567 4239 1626 4291 ἐν
1680 4241 1791 4304 τοῖς

209 4319 429 4393 ἄστροις
475 4323 812 4395 περιφορὰν,
841 4326 933 4379 τὸν
980 4327 1249 4381 ἐνιαύσιον
1292 4328 1489 4384 κύκλον
1528 4329 1792 4403 τέσσαρσι

209 4414 420 4483 καιροῖς
454 4414 534 4477 εἰς
563 4415 756 4469 ἐαυτὸν
786 4417 1223 4489 ἀναστρέφοντα*
1258 4420 1359 4493 τὴν
1390 4421 1497 4492 γῆν
1526 4423 1791 4479 συνδιατι-

210 4502 443 4575 θεμένην
465 4505 543 4578 τῷ
567 4509 896 4579 περιέχοντι,
920 4511 1014 4564 καὶ
1035 4514 1099 4583 τῇ
1124 4511 1354 4584 διαφορᾷ
1376 4513 1475 4584 τῆς
1492 4514 1601 4571 τῶν
1623 4516 1792 4588 ὑπερσ-

1922 664 2008 719 nis
2035 680 2049 717 :
2086 669 2276 732 aperta
2305 659 2409 713 fuit
2438 664 2549 712 tota
2576 657 2774 711 anima:
2807 665 2960 726 porta
2982 694 2996 717 ,
3025 662 3085 708 ut
3113 652 3500 724 ingrederetur

1921 755 2037 810 Rex
2072 753 2277 826 gloriae.
2318 750 2425 806 Sed
2457 758 2651 821 patens
2680 755 2853 818 porta:
2892 746 3122 801 latitudo
3157 752 3379 800 ostensa
3413 752 3499 798 est

1921 862 2149 918 parvum
2180 844 2454 917 quoddam
2486 850 2541 898 et
2573 848 2864 913 angustum
2898 855 2963 894 ac
3005 838 3173 895 breve
3216 837 3461 891 foramen
3484 873 3499 897 ,

1921 955 2019 1010 per
2047 939 2194 1009 quod
2226 952 2333 992 non
2366 936 2485 1006 ipse
2518 948 2756 1003 sponsus
2782 973 2798 997 ,
2851 930 2950 986 sed
3001 930 3123 1000 ejus
3169 944 3366 983 manus
3409 927 3503 983 vix
3564 981 3572 988 ,

1919 1031 2054 1085 adeo
2084 1028 2392 1103 processit,
2426 1035 2483 1081 ut
2517 1040 2615 1096 per
2644 1025 2826 1095 ipsum
2874 1025 3122 1096 ingressa
3169 1024 3273 1088 sit,
3318 1030 3372 1079 et
3412 1022 3498 1078 vi-

1918 1121 2081 1175 dendi
2116 1120 2306 1191 sponsi
2342 1118 2588 1189 tetigerit
2621 1114 2956 1172 desiderium
2980 1156 2996 1183 ,
3028 1130 3137 1185 quo
3167 1115 3257 1169 vix
3288 1121 3500 1169 tantum

1920 1213 2061 1267 lucri
2094 1212 2225 1268 fecit
2250 1251 2265 1275 ,
2302 1219 2362 1267 ut
2391 1214 2751 1281 cognosceret
2780 1207 2926 1278 quod
2956 1207 3049 1261 illa
3083 1208 3155 1263 sit
3181 1222 3377 1263 manus
3406 1204 3501 1262 de-

1917 1304 2165 1360 siderati.
2216 1300 2541 1373 Cujusmodi
2578 1309 2760 1356 autem
2793 1299 2957 1354 nobis
2991 1301 3361 1353 ostenduntur
3399 1298 3500 1354 do-

1915 1404 2095 1465 gmata
2114 1438 2130 1462 ,
2159 1394 2516 1451 didicerimus
2538 1407 2636 1462 per
2659 1407 2780 1447 eam
2807 1406 2929 1462 quae
2957 1398 3042 1445 est
3067 1391 3121 1445 in
3149 1390 3235 1445 his
3265 1390 3501 1459 philoso-

1914 1487 2127 1557 phiam,
2165 1488 2211 1542 si
2243 1488 2297 1541 in
2326 1496 2587 1542 contextu
2623 1485 2919 1539 verborum
2950 1498 3144 1553 parum
3193 1481 3348 1538 fuero
3397 1482 3501 1536 im-

1914 1588 2181 1634 moratus.
2237 1578 2428 1633 Anima
2478 1579 2720 1633 humana
2767 1584 2850 1631 est
2890 1576 2945 1630 in
2991 1575 3229 1630 confinio
3262 1575 3497 1628 duarum

1913 1680 2271 1736 naturarum,
2314 1685 2547 1740 quarum
2577 1670 2748 1725 altera
2785 1668 3006 1739 quidem
3060 1676 3145 1723 est
3178 1667 3498 1737 incorporea

1912 1770 1966 1819 et
1999 1762 2328 1834 intelligens,
2363 1770 2418 1817 et
2450 1760 2507 1816 in
2542 1776 2709 1832 quam
2750 1774 2861 1815 non
2896 1758 3046 1814 cadit
3081 1759 3337 1813 interitus
3366 1776 3381 1825 ;
3416 1758 3497 1812 al-

1913 1864 2029 1912 tera
2056 1871 2191 1912 vero
2223 1870 2525 1927 corporea,
2556 1862 2611 1911 et
2645 1853 2946 1909 materialis
2968 1894 2980 1917 ,
3018 1863 3072 1907 et
3101 1867 3298 1922 expers
3330 1851 3498 1906 ratio-

1914 1952 2021 2004 nis.
2051 1949 2188 2004 Cum
2220 1949 2458 2019 primum
2491 1953 2674 2002 autem
2707 1952 2936 2017 purgata
2968 1944 3037 1998 ab
3065 1957 3128 1999 ea
3155 1960 3278 2014 qua:
3309 1951 3394 1998 est
3428 1941 3496 1995 ad

1914 2056 2161 2096 crassam
2203 2048 2259 2096 et
2297 2048 2573 2095 terrenam
2604 2038 2775 2091 vitam
2823 2035 3142 2092 habitudine
3166 2074 3181 2100 ,
3221 2034 3497 2106 aspexerit

1913 2148 2009 2203 per
2036 2133 2293 2188 virtutem
2323 2131 2392 2186 ad
2426 2131 2479 2187 id
2514 2130 2663 2202 quod
2695 2137 2781 2185 est
2811 2137 3105 2201 cognatum
3138 2136 3195 2184 et
3217 2127 3487 2193 divinum,

1916 2241 2027 2279 non
2072 2232 2255 2281 cessat
2298 2223 2635 2294 perscrutari
2678 2229 2733 2278 et
2775 2221 3059 2290 inquirere
3109 2236 3337 2279 eorum.
3369 2235 3494 2291 quae

1912 2322 2069 2378 sunt,
2100 2313 2433 2384 principium
2459 2331 2474 2368 :
2505 2310 2780 2383 quodnam
2822 2311 2896 2367 sit
2924 2310 3145 2366 initium
3171 2310 3491 2381 pulchritu-

1909 2403 2056 2459 dinis
2105 2419 2325 2467 rerum,
2376 2401 2651 2458 undenam
2698 2409 2920 2459 emanet
2966 2402 3051 2458 vis
3106 2416 3171 2458 ac
3217 2401 3489 2466 facultas,

1908 2495 2039 2568 quid
2072 2494 2143 2551 sit
2177 2512 2208 2550 a
2241 2510 2350 2563 quo
2383 2493 2665 2551 derivetur
2703 2492 2976 2564 sapientia
3024 2509 3147 2565 quae
3177 2493 3234 2548 in
3270 2494 3339 2549 iis
3368 2510 3490 2565 quae

1910 2594 2036 2642 sunt
2065 2585 2330 2651 cernitur,
2359 2594 2414 2641 et
2437 2600 2560 2657 quae
2593 2593 2773 2640 movet
2814 2600 3010 2641 omnes
3037 2584 3451 2656 disputationes
3471 2625 3487 2651 ,

1908 2694 2235 2749 omnemque
2268 2680 2377 2732 vim
2416 2676 2831 2748 perscrutandi,
2880 2692 3115 2749 qumque
3157 2677 3376 2733 curiose
3408 2678 3490 2732 la-

1908 2770 2064 2826 borat
2098 2768 2151 2824 in
2184 2770 2705 2840 comprehendendo
2739 2784 2805 2826 eo
2834 2767 2982 2840 quod
3013 2768 3301 2840 quazritur,
3337 2778 3392 2824 et
3433 2769 3489 2824 in

1907 2859 2158 2916 faciendo
2184 2862 2478 2917 terminum
2508 2859 2601 2916 Dei
2630 2859 3139 2932 comprehensionis
3167 2860 3340 2915 solam
3366 2875 3492 2931 ope-

1905 2954 2174 3008 rationem
2214 2967 2335 3024 quae
2369 2952 2436 3007 ad
2479 2969 2581 3009 nos
2616 2969 2792 3024 usque
2825 2953 3155 3009 descendit:
3192 2968 3289 3024 per
3325 2953 3490 3023 cujus

1904 3044 2071 3099 vitam
2103 3059 2203 3100 nos
2250 3044 2522 3101 sentimus
2551 3063 2564 3099 :
2601 3058 2655 3101 et
2679 3046 2956 3115 quomodo
2979 3045 3209 3114 spiritus
3241 3044 3334 3115 qui
3361 3060 3489 3099 cum

1904 3152 2045 3209 aqua
2091 3138 2254 3194 simul
2295 3138 2566 3194 emittitur
2594 3154 2661 3194 ex
2689 3146 2837 3194 terra
2860 3180 2875 3205 ,
2910 3153 3022 3193 non
3056 3145 3239 3193 manet
3266 3138 3321 3193 in
3353 3153 3484 3210 pro-

1901 3227 2072 3288 fundo
2100 3231 2255 3289 lacus
2274 3270 2291 3298 ,
2316 3231 2413 3288 sed
2438 3230 2589 3286 bulla
2615 3229 2796 3286 factus
2816 3246 3041 3287 sursum
3069 3231 3317 3287 excurrit
3340 3230 3408 3286 ad
3433 3230 3485 3285 id

1901 3323 2049 3391 quod
2080 3330 2166 3378 est
2189 3321 2296 3379 sibi
2321 3321 2655 3393 cognatione
2689 3320 3047 3392 conjunctum
3079 3340 3091 3376 :
3120 3331 3173 3377 et
3204 3336 3327 3375 cum
3360 3335 3486 3391 per-

1904 3413 2109 3468 vaserit
2135 3428 2310 3484 usque
2336 3413 2404 3468 ad
2439 3427 2709 3468 summam
2742 3428 2896 3484 aqua:
2926 3412 3272 3483 superliciem
3293 3452 3308 3477 ,
3343 3412 3483 3468 aeri-

1903 3521 2010 3575 que
2044 3505 2203 3560 mista
2229 3504 2425 3570 fuerit,
2452 3514 2582 3560 tunc
2609 3502 2811 3559 desinit
2841 3519 3063 3561 sursum
3094 3503 3302 3558 moveri
3333 3521 3346 3557 :
3378 3502 3486 3558 tale

1901 3592 2122 3663 quidem
2151 3592 2316 3647 etiam
2348 3592 2607 3648 usuvenit
2636 3593 2836 3647 animae
2860 3592 3048 3648 divina
3074 3592 3443 3663 perscrutanti
3466 3633 3482 3658 ,

1901 3693 2188 3755 postquam
2219 3699 2250 3738 a
2281 3685 2446 3741 rebus
2492 3684 2847 3742 inferioribus
2890 3700 2950 3741 se
2994 3683 3242 3741 extendit
3273 3682 3341 3738 ad
3387 3699 3484 3740 su»

1899 3791 2195 3849 pernarum
2240 3791 2424 3832 rerum
2469 3778 2877 3851 cognitionem,
2925 3785 3113 3850 utpote
3192 3792 3316 3849 quae
3356 3791 3481 3831 cum

1898 3864 2374 3935 comprehenderit
2402 3866 2671 3922 miracula
2702 3868 2825 3938 ejus
2850 3868 3218 3938 operationis,
3250 3866 3482 3924 ulterius

1896 3958 2115 4013 curiose
2144 3958 2442 4014 scrutando
2474 3958 2680 4014 desinit
2714 3958 3004 4031 progredi,
3039 3959 3137 4015 sed
3168 3959 3349 4030 ipsum
3383 3958 3483 4012 ad-

1897 4050 2131 4102 miratur
2158 4056 2212 4104 et
2239 4049 2668 4119 contemplatur,
2704 4051 2799 4121 qui
2836 4065 2934 4121 per
2967 4065 3032 4105 ea
3060 4064 3184 4120 quae
3211 4059 3476 4120 operatur

1897 4155 2021 4200 esse
2048 4141 2422 4212 cognoscitur.
2462 4139 2621 4198 Videt
2647 4142 2930 4198 cmlestem
2968 4140 3435 4213 pulchritudinem
3460 4181 3475 4205 ,

1897 4232 2249 4288 luminarinm
2270 4232 2623 4304 splendorem
2644 4275 2660 4302 ,
2685 4234 2921 4290 celerem
2953 4234 3061 4305 poli
3088 4232 3478 4289 circumactio-

1894 4338 2044 4389 nem,
2074 4324 2383 4380 ordinatam
2415 4333 2470 4382 et
2500 4340 2877 4392 numerosam,
2902 4332 3179 4381 astrorum
3212 4323 3477 4391 ambitus,

1893 4416 1987 4490 qui
2017 4417 2205 4474 orbem
2240 4433 2483 4473 annuum
2518 4426 2759 4490 quatuor
2794 4417 3136 4489 temporibus
3165 4416 3221 4471 in
3250 4431 3310 4471 se
3342 4430 3479 4471 con-

1890 4518 2112 4565 vertunt
2142 4526 2155 4562 :
2185 4519 2392 4566 terram
2422 4526 2544 4581 qua:
2576 4510 2745 4567 simul
2778 4509 3013 4565 allicitur
3047 4524 3172 4564 eum
3218 4523 3287 4565 eo
3323 4508 3475 4580 quod

210 4600 477 4668 κειμένων
506 4603 771 4673 κινήσεως
806 4603 905 4667 τὰς
942 4604 1078 4668 ἰδίας
1119 4603 1399 4674 ἐνεργείας
1434 4605 1792 4671 συνεξαλλάσ-

1903 4603 2096 4669 ambit,
2129 4611 2337 4659 etcum
2372 4603 2682 4660 dill‘erentia
2732 4612 2917 4658 motus
2978 4616 3348 4674 supernorum
3401 4600 3476 4657 si-

210 4708 428 4757 σουσαν,
460 4694 559 4758 τάς
590 4712 650 4748 τε
690 4694 986 4759 πολυειδεῖς
1023 4696 1082 4748 ἐν
1114 4699 1226 4761 τοῖς
1255 4696 1414 4763 ζώοις
1442 4700 1650 4768 φύσεις,
1682 4700 1793 4755 τῶν

204 4802 264 4839 τε
308 4786 431 4839 καθ’
478 4786 686 4841 ὑδάτων
728 4788 1126 4858 διαιτωμένων,
1163 4790 1258 4843 καὶ
1305 4790 1414 4845 τῶν
1463 4793 1561 4865 τὴν
1606 4792 1791 4865 ἀέριον

205 4877 583 4948 ἀπολαχόντων
616 4878 810 4948 φορὰν,
840 4880 934 4933 καὶ
961 4874 1044 4944 οἷς
1080 4884 1331 4953 χερσαῖος
1360 4884 1387 4935 ὁ
1417 4882 1530 4953 βίος
1553 4899 1567 4914 ·
1601 4884 1700 4948 τάς
1729 4902 1788 4938 τε

205 4968 549 5032 παντοδαπὰς
603 4968 714 5022 τῶν
760 4970 940 5039 φυτῶν
1006 4970 1183 5036 ἰδέας,
1241 4974 1336 5027 καὶ
1383 4973 1482 5038 τάς
1536 4975 1788 5040 ποικίλας

203 5061 361 5124 πόας,
400 5061 665 5133 ποιότητι,
715 5064 808 5116 καὶ
840 5062 1086 5134 δυνάμει,
1122 5066 1217 5119 καὶ
1261 5068 1495 5139 σχήματι
1540 5066 1784 5139 ἀλλήλων

200 5152 591 5225 διαφερούσας,
645 5155 739 5209 καὶ
782 5155 881 5219 τὰς
926 5155 1035 5209 τῶν
1081 5157 1305 5229 καρπῶν
1352 5175 1411 5211 τε
1456 5158 1551 5213 καὶ
1592 5158 1783 5230 χυμῶν

203 5248 491 5319 ἰδιότητας,
524 5249 617 5303 καὶ
650 5250 717 5303 τὰ
751 5249 906 5313 ἀλλα,
935 5249 1001 5303 δι’
1039 5243 1115 5304 ὧν
1146 5253 1180 5323 ἡ
1216 5251 1465 5323 ἐνέργεια
1500 5252 1594 5307 τοῦ
1645 5250 1781 5307 Θεοῦ

198 5337 578 5403 διαδείκνυται,
628 5338 898 5410 βλέπουσα
942 5341 975 5411 ἡ
1027 5340 1196 5413 ψυχὴ,
1236 5342 1325 5397 διὰ
1369 5343 1463 5398 τοῦ
1506 5344 1783 5413 θαύματος

198 5430 307 5483 τῶν
336 5431 677 5502 φαινομένων
700 5431 1080 5500 ἀναλογίζεται
1108 5436 1175 5505 τῇ
1202 5433 1407 5506 διανοίᾳ
1433 5436 1525 5489 τὸν
1554 5436 1643 5491 διά
1669 5438 1778 5491 τῶν

200 5521 375 5592 ἔργων
403 5521 693 5594 νοούμενον
725 5523 806 5576 ὅτι
834 5524 1009 5579 ἐστιν.
1037 5527 1197 5591 Ἴσως
1223 5526 1279 5580 δὲ
1316 5526 1458 5581 κατά
1479 5527 1571 5582 τὸν
1610 5528 1780 5583 αἰῶνα

197 5614 286 5667 τὸν
315 5613 599 5684 μέλλοντα,
623 5615 754 5670 ὅταν
781 5618 1028 5691 παρέλθῃ
1073 5620 1181 5672 πᾶν
1218 5619 1279 5673 τὸ
1310 5620 1609 5691 ὁρώμενον,
1640 5621 1781 5675 κατά

197 5706 295 5779 τὴν
324 5706 418 5760 τοῦ
451 5708 658 5780 Κυρίου
691 5709 895 5781 φωνὴν,
926 5710 984 5775 ὃς
1016 5728 1179 5780 φησιν
1200 5727 1215 5743 °
1252 5712 1314 5767 Ὀ
1344 5713 1603 5782 οὐρανὸς
1625 5713 1780 5780 καὶὴ

198 5797 273 5871 τῆ
304 5802 783 5868 παρελεύσονται
802 5817 817 5832 ⁸
846 5802 917 5856 τὰ
940 5802 1003 5857 δὲ
1028 5803 1267 5873 ῥήματὰ
1280 5824 1400 5875 μου
1423 5806 1495 5861 οὐ
1522 5804 1609 5875 μὴ
1644 5822 1782 5875 παρ-

200 5892 571 5960 ελεύσονται,
600 5894 692 5947 καὶ
722 5896 802 5958 εἰς
831 5896 1046 5967 ἐκείνην
1094 5898 1438 5970 μετέλθωμεν
1479 5898 1577 5971 τὴν
1612 5900 1779 5974 ζωὴν,

278 6000 326 6034 ί·
350 6002 541 6060 Matth.
561 6020 708 6073 utv,
738 6006 830 6062 35.

1896 4694 2087 4751 derum
2134 4696 2297 4751 simul
2351 4695 2518 4751 etiam
2566 4702 2744 4751 mutat
2782 4695 3165 4765 operationes;
3201 4703 3255 4750 et
3291 4693 3475 4749 multi-

1893 4788 2063 4857 plices
2092 4798 2318 4842 naturas
2348 4789 2741 4854 animantium,
2773 4796 2827 4842 et
2853 4803 3042 4842 eorum
3076 4802 3197 4855 qua:
3226 4787 3281 4841 in
3313 4786 3473 4857 aquis

1891 4878 2130 4950 degunt.
2167 4887 2222 4935 et
2262 4880 2466 4951 quibus
2500 4889 2684 4936 motus
2710 4881 2880 4936 cessit
2904 4881 2961 4935 in
2994 4895 3153 4945 aere,
3180 4890 3235 4935 et
3263 4896 3386 4951 quae
3415 4882 3470 4935 in

1890 4973 2055 5028 terris
2082 4973 2248 5025 vitam
2277 4983 2477 5042 agunt:
2532 4980 2587 5026 et
2631 4974 2815 5027 omnia
2864 4973 3176 5043 plantarum
3230 4990 3470 5045 genera,

1890 5076 1945 5121 et
1986 5065 2185 5121 herbas
2227 5066 2447 5129 varias,
2475 5066 2742 5136 qualitate
2766 5074 2820 5122 et
2846 5068 3052 5125 virtute
3123 5074 3177 5121 et
3220 5068 3391 5137 ﬁgura
3438 5081 3469 5119 a

1893 5174 1952 5214 se
1996 5158 2227 5213 invicem
2272 5156 2627 5225 diﬂ'erentes,
2672 5157 3063 5229 fructuumque
3104 5167 3157 5214 et
3209 5173 3469 5227 saporum

1895 5250 2296 5321 proprietates,
2331 5256 2386 5304 et
2424 5264 2547 5320 quae
2589 5265 2686 5320 per
2732 5265 2795 5305 ea
2841 5266 2964 5322 quae
3010 5258 3364 5320 operautnra
3410 5263 3469 5304 sc

1892 5344 2125 5398 invicem
2172 5342 2435 5398 distincta
2481 5340 2871 5408 ostenduntur,
2918 5341 3197 5412 aspiciens
3246 5340 3467 5405 anima,

1883 5453 1980 5508 per
2007 5435 2333 5491 miraculum
2370 5450 2559 5491 eorum
2590 5451 2717 5506 quae
2754 5443 3039 5506 apparent,
3071 5444 3251 5487 mente
3284 5441 3469 5487 versat

1883 5540 1937 5587 et
1964 5530 2277 5587 considerat
2313 5544 2438 5585 eum
2494 5528 2587 5600 qui
2621 5544 2688 5585 ex
2726 5528 3010 5599 operibus,
3059 5526 3202 5596 quod
3245 5526 3337 5587 sit.
3383 5525 3467 5580 in-

1885 5623 2173 5694 telligitur.
2220 5619 2385 5677 Forte
2438 5627 2618 5675 autem
2667 5621 2724 5674 in
2772 5618 2957 5673 futuro
3000 5618 3202 5672 saeculo
3245 5617 3467 5687 quando

1885 5712 2150 5787 quidquid
2177 5712 2393 5768 videtur
2429 5710 2755 5781 praeterierit
2785 5709 3176 5764 convenienter
3209 5708 3326 5762 thti
3359 5707 3465 5760 Do-

1890 5807 2023 5862 mini
2062 5826 2074 5861 :
2106 5805 2308 5861 Caelum
2340 5814 2390 5858 et
2418 5813 2564 5858 terra
2590 5802 2894 5857 transibunt
2921 5816 2938 5855 :
2966 5802 3118 5858 verba
3145 5812 3317 5856 autem
3346 5819 3464 5857 mea

1895 5916 1995 5954 non
2037 5894 2335 5951 transibunt
2357 5893 2404 5927 ’⁸⁸
2433 5911 2447 5949 :
2479 5900 2531 5950 ct
2560 5891 2627 5948 ad
2657 5891 2806 5947 illam
2848 5893 3016 5949 vitam
3049 5892 3457 5953 transierimus,
