4028 6512
596 438 724 498 10H
1373 474 1375 477 -
1907 442 1965 503 S.
1997 438 2317 503 GREGORII
2357 442 2649 501 NYSSENI
3680 449 3784 510 Ιοη

597 573 720 626 quae
752 567 806 615 et
829 561 1007 616 visum
1033 569 1280 628 superat,
1307 567 1362 615 et
1386 559 1636 616 auditum
1656 567 1712 616 et
1741 562 2164 632 cogitationem:
2194 609 2197 619 .

2289 561 2302 632 ξ
2339 561 2480 632 ὑπὲρ
2525 560 2801 632 ὀφθαλμόν
2841 561 2902 615 τέ
2944 561 3182 615 ἐστικαὶ
3219 559 3391 632 ἀκοὴν
3433 549 3524 616 καῖ
3561 561 3783 620 διάνοιαν

598 659 730 704 tunc
757 665 865 704 non
895 650 1130 720 amplius
1158 665 1226 704 ex
1257 660 1413 720 parte
1447 666 1546 722 per
1578 653 1954 721 operationem
1981 667 2172 708 eorum

2289 655 2394 708 τότε
2423 654 2603 707 οὐκέτι
2643 655 2707 707 ἐκ
2739 653 2937 726 μέρους
2967 654 3054 707 διὰ
3084 654 3192 707 τῶν
3224 653 3406 724 ἔργων
3436 655 3786 730 ἐπιγνωσόμεθα

597 755 722 810 qua:
769 748 1078 794 cernuntur
1124 741 1253 794 boni
1292 749 1550 796 naturam
1598 755 1959 812 agnoscemus
1980 741 2062 806 “,
2115 749 2176 795 ut

2289 745 2372 811 τὴν
2406 743 2500 798 τοῦ
2528 743 2729 813 ἀγαθοῦ
2757 743 2938 813 φύσιν,
2966 743 3156 816 ὥσπερ
3193 746 3290 800 καὶ
3315 744 3413 799 νῦν
3435 764 3450 778 ·
3478 748 3590 800 οὐδὲ
3613 748 3692 802 διὰ
3715 752 3786 820 τῆς

598 845 747 886 nunc
789 831 867 893 fit,
908 846 1008 885 nec
1037 846 1104 885 ex
1147 847 1337 886 eorum
1370 848 1491 903 qua:
1521 841 1801 903 apparent,
1835 832 2171 902 operatione,

2289 834 2382 889 τῶν
2410 835 2748 906 φαινομένων
2772 837 3050 906 ἐνεργείας
3077 837 3137 890 τὸ
3169 837 3561 906 ὑπερκείμενον
3588 840 3787 909 νοηθήσε-

598 921 938 992 intelligetur
977 922 1032 976 id
1075 922 1222 992 quod
1265 924 1638 993 supereminet
1671 941 1685 978 z
1713 923 1808 978 sed
1855 923 2015 978 aliter
2058 937 2177 977 om-

2289 941 2363 978 rat
2384 942 2399 957 ·
2443 924 2555 978 ἀλλ’
2591 925 2795 998 ἑτέρως
2841 925 3320 998 καταληφθήσεται
3366 928 3576 990 πάντως
3608 928 3659 980 τὸ
3691 926 3789 992 εἶδος

599 1012 732 1068 nino
783 1015 1284 1085 comprehendetur
1331 1015 1622 1072 ineﬂ‘abilis
1675 1032 1847 1087 genus
1883 1017 2177 1071 beatitudi-

2289 1015 2376 1087 τῆς
2415 1017 2691 1088 ἀφράστου
2737 1019 3154 1091 μακαριότητος,
3195 1020 3291 1074 καὶ
3326 1018 3481 1083 ἄλλος
3518 1022 3691 1090 τρόπος
3721 1025 3790 1091 τῆς

599 1103 708 1167 nis,
741 1111 794 1159 et
819 1104 926 1158 alia
958 1104 1082 1174 ejus
1113 1103 1358 1158 fruenda:
1392 1106 1552 1169 ratio,
1585 1102 1746 1174 cujus
1775 1121 1884 1159 non
1917 1113 2002 1160 est
2027 1121 2176 1160 nunc

2289 1105 2652 1172 Ξιπολαύσεως,
2673 1108 2733 1172 ὃς
2761 1109 2854 1164 νῦν
2874 1110 2964 1162 ἐπὶ
2984 1109 3214 1180 καρδίαν
3233 1108 3519 1182 ἀνθρώπου
3539 1111 3792 1164 ἀναϐαίνειν

599 1210 664 1250 ea
692 1203 890 1250 natura
913 1203 972 1250 ut
997 1195 1258 1251 ascendat
1286 1195 1341 1249 in
1373 1209 1469 1250 cor
1503 1195 1763 1252 hominis.
1794 1195 1954 1251 Nunc
1993 1206 2176 1252 tamen

2289 1194 2441 1264 φύσιν
2479 1196 2579 1249 οὐκ
2621 1196 2756 1268 ἔχει.
2784 1197 2934 1261 Τέως
2972 1198 3028 1251 δὲ
3063 1197 3158 1252 νῦν
3192 1199 3319 1270 ὅρος
3347 1201 3412 1268 τῇ
3441 1199 3580 1268 ψυχῇ
3613 1200 3696 1268 τῆς
3725 1202 3791 1254 τοῦ

602 1290 872 1359 tantiSper
923 1289 1121 1343 animae
1157 1296 1361 1344 nostra:
1393 1289 1606 1358 positus
1646 1295 1730 1344 est
1770 1288 1860 1343 hic
1908 1289 2178 1343 terminus

2289 1286 2560 1358 icppo'torou
2598 1286 2851 1356 γνώσεώς
2897 1289 3044 1341 ἐστιν
3081 1290 3114 1360 ἡ
3148 1289 3520 1360 ἐμφαινομένη
3560 1292 3658 1353 τοῖς
3687 1287 3793 1343 οὖσιν

602 1381 939 1454 cognitionis
968 1381 1139 1444 illius,
1169 1381 1262 1452 qui
1290 1381 1580 1436 ineﬂ‘abilis
1613 1387 1720 1446 est,
1752 1381 1872 1450 ejus
1903 1379 2175 1451 operatio,

2289 1377 2563 1448 ἐνέργεια,
2611 1380 2678 1451 ἢν
2722 1381 2880 1450 χεῖρα
2921 1379 3178 1447 λέγεσθαι
3221 1381 3500 1451 τροπικῶς
3535 1381 3794 1450 ἐνοήσαμεν.

603 1488 727 1543 quae
754 1473 811 1527 in
833 1473 999 1528 rebus
1027 1473 1233 1528 creatis
1261 1480 1504 1542 apparet,
1528 1486 1692 1541 quam
1723 1471 1934 1541 tropice
1959 1486 2178 1524 manum

2289 1470 2451 1524 Τοῦτο
2479 1471 2657 1524 τοίνυν
2685 1472 2815 1542 ἡμῖν
2841 1471 2901 1524 τὸ
2925 1471 3099 1542 δόγμα
3119 1471 3206 1524 διὰ
3227 1472 3340 1525 τῶν
3369 1471 3525 1525 θείων
3547 1471 3722 1524 τούτων
3737 1473 3796 1525 λοι

605 1564 714 1619 dici
763 1564 1154 1619 intelleximus.
1208 1562 1322 1619 Hoc
1351 1579 1481 1635 ergo
1526 1563 1683 1618 nobis
1709 1560 1908 1634 dogma
1939 1562 2182 1632 philoso-

2289 1560 2414 1630 γίων
2445 1560 2892 1634 πεφιλοσόφηται,
2912 1563 2977 1616 δι’
3009 1557 3083 1616 ὧν
3105 1564 3139 1632 ἡ
3173 1562 3394 1633 καθαρὰ
3425 1563 3585 1633 ψυχὴ,
3609 1565 3687 1616 καὶ
3708 1564 3799 1615 οὐκ·

603 1656 768 1729 pbice
818 1666 904 1714 est
948 1656 1211 1712 traditum
1261 1672 1358 1728 per
1397 1657 1512 1712 hac
1565 1654 1752 1711 divina
1795 1657 2036 1726 eloquia,
2086 1669 2183 1726 per

2289 1653 2365 1708 ἑτι
2400 1653 2494 1708 τοῦ
2532 1655 2724 1725 γηΐνου
2773 1670 2830 1706 τε
2890 1654 2987 1708 καὶ
3037 1653 3224 1708 ὑλικοῦ
3273 1653 3392 1723 βίου
3435 1654 3796 1716 ἐπιϐατεύουσα,

605 1764 730 1820 quae
777 1764 917 1820 pura
971 1751 1175 1814 anima,
1223 1756 1278 1805 et
1324 1763 1432 1804 non
1480 1746 1717 1818 amplius
1763 1748 2075 1818 ingrediens
2125 1746 2183 1800 in

2289 1745 2372 1799 ῐνα
2403 1745 2478 1815 μὴ
2516 1743 2719 1816 μολύνῃ
2759 1745 2956 1816 ἑαυτῆς
2982 1744 3045 1798 τὸ
3087 1744 3232 1816 ἴχνος
3269 1748 3385 1809 τοῖς
3422 1745 3566 1800 κάτω
3591 1745 3798 1816 ἐνερειδο·

607 1841 725 1896 vita
756 1849 972 1896 terrena
1002 1847 1057 1896 et
1084 1841 1377 1904 materiali,
1413 1855 1480 1895 ne
1513 1854 1612 1894 sua
1644 1838 1896 1908 inquinet
1925 1837 2180 1906 vestigia,

2289 1837 2448 1907 μένη,
2482 1836 2897 1907 προσδοκήκασα
2919 1836 3079 1890 αὑτὸν
3102 1836 3467 1903 ὑποδέξασθαι
3489 1836 3574 1889 τὸν
3600 1836 3795 1906 νυμφίον,

609 1933 668 1988 in
700 1934 867 1990 rebus
911 1933 1176 1990 insistens
1214 1931 1591 1998 inferioribus,
1625 1940 1952 2001 exspectans
1981 1927 2095 1984 fore
2125 1937 2184 1982 ut

2289 1902 2425 1980 ὅλον·
2442 1927 2500 1978 ἐν
2633 1902 2768 1997 οἴκῲ
2806 1925 3096 1996 γενόμενον
3115 1942 3129 1956 ·
3159 1902 3416 1995 ἠγάπησε
3459 1926 3606 1996 μόνον
3629 1902 3739 1986 τὲως
3759 1926 3800 1975 ἐν

608 2035 785 2080 totum
815 2026 1090 2096 exciperet
1117 2039 1379 2095 sponsum
1416 2023 1637 2078 domum
1673 2023 1981 2092 ingressum
2008 2040 2021 2076 :
2047 2036 2187 2090 prae-

2289 2020 2393 2089 ὁπῇ
2440 2017 2538 2088 τὴν
2593 2020 2751 2090 χεῖρα
2807 2017 3140 2087 θεάσασθαι,
3191 2018 3261 2072 δι’
3310 2015 3380 2090 ἧς
3430 2015 3800 2087 ἐρμηνεύεταιίι

608 2117 760 2171 clare
804 2130 986 2170 secum
1041 2115 1127 2184 agi
1174 2113 1523 2178 existimavit,
1572 2114 1620 2169 si
1673 2114 1848 2168 solum
1891 2128 1989 2182 per
2029 2111 2185 2166 fene-

2289 2109 2610 2181 ἐνεργητικὴ
2645 2108 2810 2162 αὑτοῦ
2843 2109 3089 2180 δύναμις.
3131 2108 3481 2178 Ἀδελφιδός
3506 2125 3636 2177 μου,
3663 2106 3798 2174 φησὶν,

612 2216 783 2263 stram
835 2221 1057 2262 manum
1108 2205 1438 2274 aspexisset,
1493 2221 1592 2275 per
1647 2219 1813 2275 quam
1868 2203 2190 2273 intelligitur

2289 2203 2609 2258 ἀπέστειλε
2639 2201 2752 2270 τὴν
2776 2201 2942 2272 χεῖρα
2966 2204 3152 2255 αὐτοῦ
3185 2201 3286 2253 διὰ
3315 2199 3427 2267 τῆς
3450 2197 3615 2266 ὀπῆς.
3642 2197 3702 2250 Οὐ
3726 2196 3801 2264 γὰρ

611 2301 792 2354 virtus
832 2299 954 2368 ejus
988 2312 1244 2367 operans.
1276 2294 1549 2350 Pati-uelis
1591 2312 1757 2359 meus,
1805 2293 2006 2364 inquit,
2045 2293 2189 2346 misit

2289 2295 2456 2366 χωρεί
2507 2295 2540 2363 ή
2597 2291 2909 2362 ἀνθρωπίνη
2974 2291 3200 2361 δύναμις
3243 2289 3345 2361 τὴν
3383 2287 3621 2359 ἀόριστόν
3661 2303 3708 2338 τε
3736 2286 3800 2336 καὶ

615 2405 833 2444 manum
875 2405 1032 2443 suam
1082 2403 1175 2457 per
1225 2387 1486 2456 foramen.
1539 2382 1658 2441 Non
1701 2385 1846 2440 enim
1883 2393 2062 2454 potest
2107 2383 2190 2438 vis

2290 2383 2659 2455 ἀπερίληπτον
2688 2382 2848 2451 φύσιν
2881 2384 2938 2434 ἐν
2961 2383 3124 2451 ἑαυτῇ
3157 2379 3434 2444 δέξασθαι.
3471 2379 3542 2432 Ἠ
3569 2375 3630 2429 δὲ
3656 2374 3803 2428 κοιλία

2283 2494 2426 2548 μου,
2467 2476 2661 2548 φησὶν,
2713 2473 2964 2543 ἐθροήθη
3013 2473 3106 2526 ἐπ’
3153 2472 3382 2529 αὐτόν.
3424 2466 3695 2538 Ἐκπληξίν
3717 2481 3800 2516 τινα

2291 2569 2386 2624 καὶ
2415 2568 2663 2639 ξενισμὸν
2694 2567 2948 2638 σημαίνει
2968 2566 3059 2618 ἐπὶ
3079 2563 3156 2635 τῷ
3178 2565 3404 2633 φανέντι
3421 2561 3644 2631 θαύματι
3670 2557 3718 2610 τὸ
3732 2555 3802 2624 τῆς

2293 2662 2567 2733 θροὴσεως
2621 2659 2808 2731 ὄνομα.
2869 2661 3027 2713 Πᾶσα
3087 2657 3197 2728 γὰρ
3255 2656 3428 2725 αὐτῆς
3473 2655 3505 2724 ἡ
3551 2647 3798 2719 διανοητικὴ

2291 2753 2514 2821 δύναμις
2545 2752 2868 2824 συνεκινήθη
2893 2752 3029 2822 πρὸς
3057 2750 3119 2804 τὸ
3146 2749 3334 2819 θαῦμα
3359 2748 3465 2801 τῶν
3487 2745 3571 2799 διὰ
3592 2743 3678 2812 τῆς
3695 2739 3806 2800 θείας

2292 2845 2470 2918 χειρὸς
2501 2845 2933 2918 ἐνεργουμένων·
2967 2837 3042 2898 ὧν
3076 2845 3110 2914 ἡ
3141 2841 3469 2911 κατανόησις
3497 2831 3802 2907 ὑπερκειμένη

2291 2937 2353 2990 τὸ
2377 2937 2758 3009 ἀκατάληπτον
2775 2953 2834 2990 τε
2859 2936 2951 2990 καὶ
2973 2935 3255 3006 ἀχώρητον
3279 2934 3380 3003 τῆς
3399 2930 3492 2984 τοῦ
3520 2924 3803 2998 ἐνεργοῦντος

615 2482 856 2536 humana
903 2480 960 2534 in
1012 2474 1076 2534 se'
1119 2478 1365 2549 recipere
1411 2485 1662 2532 naturam
1715 2475 1984 2532 infinitam
2019 2483 2072 2530 et
2105 2473 2192 2528 in-

615 2572 1190 2643 comprehensibilem.
1261 2570 1451 2624 Venter
1515 2581 1688 2625 autem
1750 2587 1932 2632 meus,
1978 2567 2190 2638 inquit,

617 2673 907 2717 commotus
957 2669 1036 2714 est
1071 2661 1127 2714 in
1160 2661 1350 2729 ipsum.
1381 2658 1588 2715 Nomen
1632 2659 1766 2714 illud
1805 2658 2192 2714 commotionis

618 2755 889 2825 signiﬁcat
924 2753 1217 2824 quemdam
1251 2761 1532 2824 stuporem
1568 2761 1623 2808 et
1665 2752 2092 2807 admirationem
2122 2751 2194 2808 ob

619 2845 941 2898 miraculum
973 2842 1120 2914 quod
1156 2843 1426 2913 apparuit.
1467 2841 1734 2898 Universa
1765 2844 1910 2896 enim
1942 2843 2063 2913 ejus
2095 2858 2194 2898 co-

618 2934 827 3004 gitandi
879 2942 935 2988 et
989 2933 1335 3003 intelligendi
1383 2932 1618 2987 facultas
1670 2941 1942 2987 commota
1986 2941 2071 2989 est
2125 2933 2194 2988 ad

622 3025 946 3080 miraculum
984 3039 1174 3080 eorum
1208 3039 1330 3095 quae
1364 3039 1461 3094 per
1495 3023 1986 3078 manumdivinam
2017 3038 2194 3092 agun-

2295 3029 2510 3098 φύσεως
2547 3028 2614 3082 δι’
2643 3028 2842 3098 ἑαυτῆς
2878 3025 3191 3099 ἐρμηνεύει.
3232 3025 3394 3078 Πᾶσα
3425 3022 3529 3092 γὰρ
3565 3021 3595 3089 ή
3623 3014 3714 3070 τῶν
3742 3013 3799 3064 6v-

621 3125 711 3170 tur
739 3133 752 3170 :
789 3131 1023 3188 quorum
1059 3117 1427 3172 consideratio
1467 3115 1763 3170 humanam
1797 3130 2063 3184 superans
2095 3129 2194 3168 na-

2293 3138 2400 3174 των
2430 3121 2605 3184 κτίσις
2626 3120 2728 3190 τῆς
2752 3119 2932 3190 χειρὸς
2960 3118 3174 3189 ἐκείνης
3204 3116 3306 3186 τῆς
3341 3113 3429 3169 διὰ
3453 3113 3548 3182 τῆς
3565 3107 3688 3176 ὀπῆς
3709 3103 3803 3174 ἡμῖν

621 3217 822 3271 turam,
863 3225 961 3280 per
1002 3225 1061 3265 se
1105 3209 1502 3279 interpretatur
1540 3207 1936 3279 comprehendi
1977 3216 2033 3262 et
2074 3206 2193 3278 capi

2301 3213 2703 3284 φανερωθείσης
2744 3212 2902 3284 ἔργον
2935 3211 3101 3273 ἐστὶν,
3149 3209 3225 3274 ὡς
3267 3209 3298 3260 ὁ
3349 3207 3603 3292 Ἰωάννης
3625 3199 3705 3270 βοᾷ
3741 3191 3802 3244 λέ·

621 3316 733 3356 non
774 3317 937 3370 posse
971 3311 1220 3355 naturam
1258 3302 1380 3368 ejus
1422 3301 1516 3370 qui
1558 3307 1838 3370 operatur.
1885 3297 2022 3352 Nam
2072 3298 2197 3352 uni-

2303 3323 2435 3374 γων,
2475 3304 2569 3358 καὶ
2596 3305 2624 3358 6
2658 3305 2953 3378 ιπροφήτης
2981 3302 3058 3373 τῷ
3095 3299 3412 3370 Εὐαγγελίῳ
3446 3291 3800 3365 συμφθέγγεται.

625 3408 785 3447 versa
821 3407 1033 3457 eorum,
1066 3407 1187 3461 quae
1222 3400 1374 3451 sunt,
1402 3399 1678 3454 creatura,
1713 3398 1798 3445 est
1826 3405 1966 3459 opus
2007 3405 2197 3445 manus

2316 3396 2376 3452 ’0
2415 3399 2512 3467 μὲν
2541 3398 2648 3469 γάρ
2686 3412 2874 3466 φησιν’
2906 3398 2989 3450 ὅτι
3026 3393 3228 3448 Πάντα
3271 3391 3349 3446 δι’
3387 3385 3564 3444 αὐτοῦ
3604 3379 3800 3469 ἐγένετο·

625 3485 776 3538 illius
815 3498 937 3552 qua:
972 3483 1226 3552 apparuit
1262 3499 1358 3552 per
1402 3480 1670 3542 foramen,
1716 3490 1777 3535 ut
1823 3478 2061 3535 Joannes
2093 3482 2197 3535 cla-

2305 3491 2333 3543 ὁ
2381 3462 2438 3542 δέ
2797 3489 2952 3557 χεῖρα
2997 3483 3252 3553 ὀνομάζει
3290 3481 3390 3551 τὴν
3441 3471 3698 3544 ποιητικὴν
3729 3462 3806 3565 Et?"

626 3583 742 3629 mat
777 3575 830 3628 in
858 3573 1174 3642 Evangelia,
1207 3582 1261 3628 et
1293 3573 1555 3643 propheta
1585 3573 1662 3625 illi
1693 3573 2043 3642 suﬂ'ragatur.
2070 3571 2197 3628 Nam

2304 3580 2472 3634 ὄντων
2497 3578 2752 3648 δύναμιν,
2789 3576 2958 3629 εἰπών
2975 3592 2989 3606 ο
3036 3576 3096 3629 Ἠ
3122 3574 3250 3643 χείρ
3271 3589 3392 3642 μου
3416 3566 3648 3630 ἐποίησε
3670 3566 3804 3611 ταυτα

626 3669 720 3722 ille
761 3666 980 3737 quidem
1021 3663 1196 3721 dicit:
1233 3665 1426 3720 Omnia
1473 3682 1564 3734 per
1602 3666 1774 3734 ipsum
1805 3664 1950 3733 facta
1991 3675 2113 3719 sunt
2138 3666 2197 3719 ‘7.

2308 3671 2522 3726 πάντα.
2555 3669 2618 3723 Ei
2647 3665 2740 3723 οὖν
2765 3668 2833 3722 τὰ
2866 3668 2966 3738 τῆς
2997 3665 3274 3738 ἐνεργείας
3303 3664 3513 3733 ἐκείνης
3536 3657 3674 3726 ἔργα,
3693 3648 3744 3700 τά
3767 3657 3808 3694 τε

629 3760 904 3830 Propheta
956 3770 1138 3814 autem
1191 3759 1440 3813 nominat
1486 3770 1708 3812 manum
1754 3756 2076 3813 ellicientem
2125 3774 2197 3812 eo

2309 3767 2444 3821 ἄλλα
2465 3765 2661 3828 πάντα,
2685 3765 2778 3817 καὶ
2807 3763 2873 3816 τὰ
2898 3761 3122 3835 οὐράνια
3144 3758 3338 3829 κάλλη.
3370 3755 3515 3810 οὔπω
3535 3751 3586 3803 δὲ
3612 3738 3805 3836 itare-ila:

632 3867 752 3904 rum
787 3865 908 3920 qua:
949 3856 1101 3913 sunt,
1131 3850 1411 3914 virtutem,
1444 3847 1671 3904 dicens:
1703 3844 1898 3903 Manus
1944 3866 2058 3903 mea
2087 3849 2197 3919 fecit

2310 3875 2408 3928 φεν
2454 3858 2488 3926 ἡ
2530 3854 2793 3926 ζητητικὴ
2828 3853 2921 3906 τοῦ
2965 3849 3247 3923 ἀνθρώπου
3286 3847 3510 3901 διάνοια,
3546 3837 3594 3892 τί
3626 3828 3809 3930 κατ’

633 3941 742 3996 haec
775 3942 954 3996 omnia
975 3941 1042 3994 ⁸⁸.
1098 3937 1153 3995 Si
1185 3957 1317 4011 ergo
1345 3956 1510 4013 opera
1561 3941 1715 3995 illius
1755 3941 2113 4011 operationis,
2158 3952 2197 3995 el

2314 3950 2433 4002 σίαν
2462 3950 2490 4001 ὁ
2528 3946 2810 4017 ἄνθρωπός
2851 3945 2999 3997 ἔστιν
3021 3984 3036 4008 ν
3092 3941 3125 4013 ἢ
3163 3943 3190 3994 ὁ
3227 3939 3378 4011 ἥλιος
3398 3977 3411 4000 ν
3445 3935 3477 4004 ἦ
3519 3929 3632 4024 ἄλλο
3662 3938 3706 3974 τι

633 4035 740 4090 alia
771 4035 977 4099 omnia,
1020 4044 1074 4089 et
1101 4034 1380 4090 cmlestem
1428 4032 1922 4103 pulchritudinem,
1966 4033 2197 4087 nondun

2315 4016 2654 4109 φαινομένων
2697 4037 2754 4088 ἐν
2802 4038 2868 4106 τῇ
2907 4033 3083 4087 κτίσει
3127 4031 3420 4102 θαυμάτων
3443 4042 3455 4055 ·
3491 4020 3657 4077 τούτου
3686 4016 3809 4109 χεῖρεῖ

634 4123 1052 4193 comprehendit
1085 4123 1369 4192 inquirens
1403 4091 1641 4176 h'ominis
1676 4121 2056 4194 intelligentia,
2081 4123 2197 4191 quit

2316 4091 2552 4204 (laodicit
2581 4127 2716 4198 πρὸς
2750 4091 3032 4199 θείαν
3072 4091 3353 4193 ἐνέργειαν
3380 4122 3412 4191 ἡ
3444 4110 3651 4184 καρδία’
3683 4091 3807 4204 ὅτ.ιέ

636 4215 708 4270 sit
733 4215 896 4270 homo
930 4214 1234 4269 secundum
1269 4213 1587 4276 essentiam,
1625 4214 1707 4269 vel
1741 4214 1844 4276 sol,
1888 4215 1973 4268 vel
2008 4214 2197 4284 aliquit

2314 4223 2490 4278 ταῦτα
2527 4219 2850 4275 καταλαϐεῖν
2886 4217 2947 4270 οὐ
2974 4217 3168 4288 χωρεῖ.
3203 4214 3320 4276 πῶς
3349 4213 3446 4279 τὴν
3482 4188 3807 4288 urceprth

637 4322 702 4360 ex
739 4307 809 4360 iis
841 4321 963 4376 qua:
996 4306 1052 4359 in
1089 4305 1367 4359 creatione
1394 4312 1659 4376 apparent
1689 4305 1972 4359 miraculis
2006 4323 2019 4359 :
2054 4320 2118 4360 ea
2149 4307 2197 4360 d1

2316 4313 2519 4367 τούτων
2549 4309 2912 4381 καταλήψεται
2959 4280 3152 4374 (putt-tv;
3187 4304 3340 4374 Τάχα
3373 4303 3428 4356 δέ
3464 4315 3544 4359 τις
3572 4280 3808 4381 καὶᾶλξςκ

640 4412 812 4453 causa
840 4404 1218 4451 commovetur
1249 4412 1402 4451 mens
1433 4397 1693 4458 humana,
1730 4404 1785 4450 et
1820 4396 2058 4450 divinam
2090 4412 2192 4467 ope

2322 4402 2636 4476 μεταλαϐὼν
2679 4369 2752 4454 ad:
2769 4369 2895 4453 ’τῶν
2931 4369 3232 4469 είρημένων
3274 4369 3595 4464 αἰνίγματα,
3633 4380 3714 4434 οὐκ
3737 4369 3808 4435 έξν

639 4491 908 4544 rationem
955 4489 1208 4544 miratur.
1253 4487 1386 4542 Nam
1434 4489 1478 4544 si
1527 4490 1990 4560 comprehendere
2030 4493 2192 4560 nequi

2319 4495 2411 4550 τοῦ
2441 4496 2646 4558 εἰκότος
2680 4492 2938 4564 προσάξει
2974 4491 3073 4561 τὴν
3103 4489 3355 4559 θεωρίαν.
3736 4552 3760 4564 η

640 4583 766 4643 ista,
803 4578 1266 4650 quemadmodum
1311 4579 1735 4648 comprehendet
1768 4595 1910 4641 eam,
1951 4597 2074 4651 quae
2123 4594 2208 4640 est
2273 4588 2382 4641 illis
2451 4554 2738 4656 superior;
2778 4554 3064 4638 naturam?
3110 4554 3272 4634 Forte
3321 4585 3499 4632 autem
3529 4571 3670 4625 etiam
3711 4554 3809 4660 ιὶξῑξί

643 4677 918 4748 quispiam
949 4675 1005 4729 in
1040 4674 1203 4729 aliam
1232 4675 1561 4729 sententiam
1606 4674 1847 4744 acceptis
1886 4691 2074 4732 eorum
2139 4697 2260 4752 quae
2298 4681 2444 4736 diem
2484 4689 2614 4737 sum
2675 4677 3074 4749 mnigmatibus,
3096 4691 3202 4730 non
3235 4675 3302 4728 ab
3332 4687 3397 4727 eo
3419 4665 3555 4741 quod
3579 4665 3652 4715 est
3672 4658 3812 4706 νεΐίίν

644 4771 792 4832 mile,
819 4776 1084 4823 remotam
1115 4766 1279 4822 faciet
1315 4767 1832 4836 contemplationem
1863 4767 1964 4838 (a).

714 4861 968 4916 Arbitror
994 4860 1138 4916 enim
1170 4875 1266 4928 per
1293 4873 1510 4928 sponsae
1536 4824 1759 4926 domum
1785 4824 2012 4932 intelligi
2046 4869 2197 4918 totau

2289 4881 2294 4913 ι
2393 4857 2560 4935 Οἶμαι
2589 4861 2696 4932 γὰρ
2727 4856 2874 4915 οἷκον
2911 4859 3147 4914 νοεῖσθαι
3178 4858 3276 4929 τῆς
3314 4855 3526 4926 νύμφης
3563 4844 3712 4938 ira”?

644 4955 810 5011 vitam
839 4953 1159 5013 humanam,
1185 4951 1324 5005 hanc
1347 4965 1475 5004 vero
1509 4964 1731 5003 manum
1754 4950 2107 5008 conditricem
2138 4971 2197 5010 re

2323 4915 2679 5028 ιίινθρίιοπίνῖην⁸
2699 4952 2842 5024 ζωήν
2859 4968 2874 4984 ο
2905 4950 3108 5021 ταύτην
3134 4950 3190 5003 δὲ
3225 4915 3322 5019 τὴν
3359 4915 3509 5016 liii?"1
3535 4925 3728 5028 ﬂlme

645 5060 767 5100 rum
795 5043 1039 5098 omnium
1070 5039 1229 5112 quasi
1266 5038 1705 5110 peregrinatione
1740 5046 1991 5110 suscepta
2029 5042 2081 5095 in
2126 5042 2197 5096 ho

2321 5001 3183 5115 ;;;’;.;;g.':.i;.j"suae...
3215 5001 3459 5111 πρδςῖεέ
3485 5001 3717 5115 apati“
3748 5001 3812 5115 ’ξέῖ

648 5090 767 5100 ......
1074 5090 1228 5112 τη-
1266 5090 1426 5110 ρης,
1641 5090 1646 5091 κ
1685 5090 1698 5092 ι
1749 5090 1991 5110 -,---r-_

648 5139 855 5192 minum
882 5135 1051 5187 vitam
1081 5133 1277 5186 exilem
1313 5145 1376 5183 ac
1415 5129 1622 5183 nullius
1658 5131 1943 5196 momenti,
1985 5133 2197 5202 seipsau

2323 5090 2596 5192 ᾇξτίδανδῦ
2622 5090 2717 5189 τοέ
2746 5090 2841 5189 άνθ
3119 5090 3454 5202 ῥίου-ἑαυτὴν

649 5229 800 5283 velut
835 5225 1044 5280 arctius
1094 5221 1461 5281 contraxisse,
1517 5219 1681 5291 idque
1724 5221 1778 5275 in
1815 5237 1880 5276 eo
1927 5223 2073 5292 quod
2129 5239 2192 5292 pe

2325 5227 2419 5282 τοῦ
2451 5229 2740 5298 μετασχεῖν
2774 5200 2874 5297 τῆς
2913 5200 3129 5295 φύσεως
3163 5221 3320 5292 ⁴ἡμῶν
3356 5214 3492 5272 κατὰ
3517 5206 3697 5262 πάντα.
3727 5200 3778 5298 ἲ

651 5318 835 5375 omnia
863 5323 1072 5369 naturae
1096 5321 1298 5366 nostra;
1337 5312 1610 5381 particeps
1636 5313 1806 5377 ﬁeret,
1836 5322 2063 5383 excepto
2096 5331 2192 5385 pec

2328 5275 3162 5406 ἐξιᾉιὲζτῇξᾷῗξῷριῖἀιίάρῖιαξ.
3184 5275 3303 5406 ’ξεν
3337 5299 3548 5406 ηιμ-δι
3583 5275 3811 5406 ςενοεξεηξ

652 5419 798 5465 cato.
845 5410 1029 5477 Itaque
1066 5413 1424 5476 posteaquam
1479 5403 1545 5458 ad
1581 5419 1682 5458 nos
1731 5407 2050 5472 accesserit,
2096 5422 2197 5462 con

2330 5379 2551 5482 θρόησιν
2584 5379 2876 5480 ἐμποιησαι
3034 5403 3283 5474 ξενισμὸν
3314 5379 3433 5464 ταῖς
3467 5386 3657 5464 ψυχαῖςν

658 5502 1046 5558 sternationem
1086 5497 1381 5568 quamdam
1410 5503 1466 5551 et
1497 5496 1915 5552 admirationem
1949 5499 2029 5554 rei
2070 5513 2197 5554 nova

2332 5475 2461 5565 όεδέ
2480 5502 2540 5557 ὲν
2561 5475 2721 5574 σαρκὶ
2745 5475 3074 5572 φανεροῦται
3094 5513 3109 5563 ;
3136 5494 3260 5561 Πῶς
3298 5499 3327 5552 ὁ
3344 5475 3804 5561 Λόγοςγίνεταισάρξῦ

707 5688 796 5740 “I
835 5687 962 5740 Cor.
988 5699 1110 5745 xm.
1144 5684 1229 5739 12.
1299 5682 1342 5715 ⁸⁷
1374 5679 1571 5737 Joann.
1604 5694 1643 5745 t,
1669 5680 1721 5735 5.
1781 5679 1826 5712 ⁵⁸
1853 5677 1959 5735 lsa.
2000 5696 2144 5747 vat,
2171 5682 2223 5735 2.

729 5805 810 5870 (a)
866 5769 1160 5859 Hactenus
1191 5799 1434 5860 excurrit
1475 5797 1693 5853 Hcrveti
1745 5797 2022 5868 exemplar
2061 5813 2223 5868 :quze
2262 5811 2392 5852 vero
2433 5797 2762 5866 sequuntur,
2803 5796 2931 5847 sunt
2983 5801 3052 5844 ex
3119 5784 3471 5840 translatione
3513 5770 3650 5826 Joan.
3707 5747 3805 5804 ιον

675 5881 946 5954 vt‘enciaii.
