3932 6522
155 392 286 449 till?)

1200 399 1267 455 IN
1296 401 1594 458 CANTICA
1625 400 1891 459 CANTIC.
1933 401 2211 458 llOMlLlA
2245 400 2358 458 Xll.

3249 408 3383 468 10H

154 512 271 576 Ιιῶς
322 514 379 565 ἐν
414 512 679 586 παρθενίᾳ
731 496 922 581 τόκοςς
971 516 1093 580 Πῶς
1144 518 1222 589 τῷ
1266 519 1446 573 σκότει
1488 521 1551 573 τὸ
1597 520 1712 590 φῶς

1825 520 1869 574 in
1909 520 2105 573 animis
2131 520 2421 582 excitasse,
2462 518 2555 589 qui
2605 516 2699 572 ﬁat
2729 525 2788 571 ιιι
2818 515 2961 573 Deus
2993 515 3049 571 in
3071 530 3239 571 carne
3270 533 3385 571 ma-

152 604 561 675 καταμίγνυται,
594 606 687 661 καὶ
720 607 798 677 τῷ
828 608 1040 679 Θανάτῳ
1080 610 1113 680 ἡ
1144 609 1255 681 ζωὴ
1292 614 1713 683 κατακιρνᾶται;

153 697 271 759 Πῶς
296 700 520 769 χωρεῖή
552 699 777 770 βραχεῖα
812 698 905 751 τοῦ
946 700 1061 765 βίου
1107 702 1379 773 τρυμαλιά
1419 703 1517 774 τὴν
1561 720 1716 774 περι⁸

151 787 371 858 εκτικὴν
404 789 619 843 πάντων
642 790 750 843 τῶν
781 792 947 844 δντων
977 795 1132 863 χεῖρα
1166 795 1223 845 ἐν
1245 795 1408 865 ἑαυτῇ
1440 794 1712 860 δέξασθαι,

151 873 185 951 ᾖ
214 882 317 945 πᾶς
350 883 379 935 ό
404 882 628 953 οὐρανὸς
659 885 1021 953 ἐκμετρεῖται,
1064 886 1156 937 καὶ
1187 888 1218 955 ἡ
1259 887 1328 957 γῆ
1358 888 1508 940 πᾶσα
1537 889 1631 941 καὶ
1654 888 1716 941 τὸ

152 973 288 1044 ὕδωρ
319 972 462 1027 άπαν
498 974 914 1044 ἐμπεριέχεται;
950 976 1107 1039 Εἰκὸς
1138 977 1318 1029 τοίνυν
1355 977 1453 1047 τὴν
1488 977 1582 1031 τοῦ
1614 979 1718 1031 Εὐ·-

150 1063 397 1131 αγγελίου
431 1064 587 1135 χάριν
623 1064 709 1118 διὰ
744 1064 837 1118 τοῦ
868 1066 966 1136 τῆς
1001 1067 1180 1136 χειρὸς
1219 1066 1537 1137 αἰνίγματος
1583 1086 1717 1139 προ-

152 1155 393 1226 ιρητικῶς
432 1158 561 1227 ἡμῖν
591 1158 693 1210 ὑπὸ
721 1160 819 1227 τῆς
843 1156 1058 1227 νύμφης
1088 1157 1557 1229 διασημαίνεσθαι.
1585 1161 1716 1215 Ὀτε

150 1248 255 1319 γὰρ
294 1247 387 1300 ἐπὶ
438 1248 536 1318 τῆς
577 1248 680 1317 γῆς
715 1247 869 1319 ὤφθη
890 1289 905 1311 ,
939 1250 1032 1302 καὶ
1070 1252 1179 1313 τοῖς
1211 1251 1517 1322 ἀνθρώποις
1551 1270 1716 1307 συνα-

151 1339 419 1411 νεστράφη
454 1341 483 1392 ὁ
534 1339 756 1411 Κύριος,
802 1340 862 1393 τὸ
899 1341 1137 1413 καθαρόν
1188 1360 1249 1395 τε
1292 1343 1387 1396 καὶ
1427 1343 1590 1398 άῦλον
1622 1346 1715 1399 τοῦ

151 1430 380 1501 νυμφίου
410 1430 620 1494 κάλλος,
653 1433 745 1484 καὶ
764 1430 862 1503 τὴν
892 1432 986 1485 τοῦ
1017 1434 1190 1502 Λόγου
1224 1434 1469 1506 θεότητα,
1494 1438 1586 1491 καὶ
1617 1438 1716 1510 τὴν

148 1523 241 1578 τοῦ
265 1521 515 1595 ἀληθινοῦ
537 1524 711 1591 φωτὸς
733 1522 1051 1595 λαμπηδόνα
1070 1524 1155 1578 διὰ
1180 1527 1279 1597 τῆς
1298 1526 1407 1580 τῶν
1428 1528 1716 1599 ἐνεργειῶν

148 1616 325 1689 χειρὸς
374 1618 769 1689 ἐγνωρίσαμεν.
818 1619 991 1690 Χεῖρα
1033 1617 1143 1688 γὰρ
1190 1616 1416 1688 νοοῦμεν
1460 1618 1560 1690 τὴν
1609 1619 1717 1673 τῶν

148 1709 438 1781 θαυμάτων
492 1710 928 1780 κατεργαστικὴν
984 1709 1148 1763 αὐτοῦ
1216 1709 1480 1780 δύναμιν,
1538 1711 1605 1765 δι’
1649 1708 1718 1785 ἦς

146 1798 531 1863 ἐζωοποιοῦντο
582 1799 633 1852 οἱ
682 1800 887 1871 νεκροὶ,
933 1799 1164 1853 καὶτῶν
1210 1800 1423 1869 τυφλῶν
1469 1803 1524 1855 at
1566 1800 1717 1871 ὄψεις

1815 612 2018 665 nilesto
2063 610 2476 681 conspiciatur?
2515 610 2607 680 qui
2640 608 2876 664 Verbum
2922 607 3053 661 illud
3100 607 3191 661 ﬁat
3221 608 3388 663 caro?

1814 703 1906 771 qui
1939 708 2127 771 partus
2158 702 2213 755 in
2243 701 2612 771 virginitatem
2642 701 2951 772 (virginitas
3000 701 3055 755 in
3105 698 3384 769 matrem),

1814 795 2011 850 cadere
2057 794 2267 864 possit?
2316 794 2407 864 qui
2463 809 2587 846 cum
2630 793 2872 847 tenebris
2923 793 3015 846 lux
3067 792 3383 853 misceatur,

1815 901 1939 940 cum
1992 896 2166 940 morte
2217 885 2328 939 vita
2385 885 2760 954 temperetur?
2803 884 2897 953 qui
2949 884 3204 952 pusillum
3263 881 3386 935 vita:

1817 978 2062 1033 foramen
2109 978 2285 1047 possit
2336 978 2707 1032 continentem
2753 978 3066 1031 universum
3125 976 3228 1029 hoc
3279 992 3387 1027 ma-

1818 1084 1944 1123 num
1992 1083 2222 1138 capere,
2268 1084 2389 1139 quae
2434 1070 2631 1123 caelum
2686 1083 2849 1121 omne
2895 1068 3137 1132 metitur,
3185 1074 3386 1120 terram

1816 1178 2028 1219 onmem
2089 1173 2143 1217 et
2199 1177 2415 1217 omnem
2468 1175 2664 1229 aquam
2722 1160 3145 1230 complectitur?
3208 1158 3389 1224 Quare

1817 1264 2243 1310 consentaneum
2302 1260 2386 1308 est
2440 1251 2715 1322 Evangelii
2758 1254 2988 1322 gratiam
3040 1267 3137 1320 per
3194 1264 3389 1303 manus

1816 1348 2045 1416 aenigma
2094 1346 2252 1401 nobis
2301 1360 2331 1398 a
2359 1359 2560 1414 sponsa
2614 1343 2768 1415 quasi
2815 1343 3151 1396 vaticinante
3183 1340 3389 1411 signiﬁ-

1816 1440 1951 1492 cari.
1984 1437 2103 1505 Quo
2152 1439 2296 1493 enim
2331 1444 2576 1507 tempore
2621 1442 2950 1506 conspectus
2982 1434 3039 1489 in
3090 1443 3234 1489 terra
3286 1433 3391 1487 Do-

1819 1532 2021 1594 minus.
2063 1540 2117 1587 et
2164 1531 2306 1586 inter
2353 1531 2603 1587 homines
2650 1538 2906 1586 versatus
2934 1539 3065 1585 est:
3097 1542 3287 1598 puram
3333 1535 3390 1582 et

1817 1632 2092 1693 expertem
2124 1623 2366 1678 materiae
2410 1623 2870 1693 pulchritudinem
2900 1620 3112 1691 sponsi,
3148 1619 3389 1687 itemque

1818 1711 1979 1768 Verbi
2011 1713 2376 1775 divinitatem,
2405 1722 2460 1767 et
2488 1713 2601 1768 veri
2650 1712 2873 1767 luminis
2918 1709 3262 1780 splendorem
3293 1723 3390 1779 per

1820 1822 2039 1860 manum
2064 1806 2210 1860 illam
2248 1804 2591 1862 ell'ectionum
2626 1807 2965 1876 agnovimus.
3003 1801 3218 1856 Manum
3243 1801 3388 1856 enim

144 1889 592 1955 ἀποκαθίσταντο,
641 1890 737 1944 καὶ
781 1890 842 1943 τὸ
892 1892 991 1960 τῆς
1040 1891 1245 1963 λέπρας
1292 1892 1463 1958 πάθος
1514 1894 1718 1963 ἐφυγα-

1825 1897 2175 1969 intelligimus
2208 1898 2464 1953 virtutem
2514 1897 2635 1967 ejus
2678 1896 3067 1950 miraculorum
3108 1891 3391 1963 perfectri-

143 1977 348 2043 δεύετο,
375 1980 470 2033 καὶ
491 1981 600 2033 πᾶν
624 1976 760 2044 εἶδος
782 1981 1000 2035 ἀνιάτου
1026 1984 1119 2035 καὶ
1141 1983 1382 2053 χαλεπῆς
1405 1985 1717 2056 ἀρρωστίας

143 2068 418 2141 ἀπεχώρει
448 2070 557 2124 τῶν
606 2073 872 2144 σωμάτων
911 2072 999 2126 διὰ
1043 2074 1478 2145 προστάγματος.
1514 2076 1716 2147 Προτε-

144 2164 330 2239 θείσης
359 2166 417 2219 δὲ
449 2169 581 2239 ἡμῖν
616 2169 715 2239 τῆς
738 2168 930 2240 διπλῆς
958 2169 1161 2242 ταύτης
1188 2171 1281 2224 ἐπὶ
1313 2173 1378 2241 τῇ
1409 2171 1552 2243 χειρὶ
1586 2170 1719 2226 θεω-

143 2254 288 2327 ρίας,
321 2247 397 2310 ὧν
430 2257 464 2327 ἡ
508 2256 605 2327 μὲν
648 2257 957 2312 ὑποτίθεται
987 2259 1088 2330 τὴν
1120 2259 1270 2313 θείαν
1310 2260 1469 2329 φύσιν
1509 2261 1718 2316 ἀκατά-

141 2344 347 2417 ληπτον
387 2341 551 2401 οὖσαν
592 2348 874 2412 παντελῶς
917 2350 1011 2403 καὶ
1054 2350 1391 2416 ἀνείκαστον,
1423 2352 1510 2405 διὰ
1552 2353 1721 2423 μόνης

138 2438 240 2509 τῆς
275 2438 552 2509 ἐνεργείας
601 2438 997 2508 γινώσκεσθαι·
1044 2443 1077 2512 η
1112 2442 1169 2495 δὲ
1214 2442 1314 2514 τὴν
1358 2444 1719 2516 εύαγγελικὴν

139 2532 302 2602 χάριν
335 2533 838 2603 προαναφωνεῖσθαι
868 2532 1013 2602 λέγει
1033 2535 1121 2588 διὰ
1155 2536 1261 2588 τῶν
1284 2536 1457 2605 λόγων
1486 2537 1590 2589 ὑπὸ
1619 2537 1720 2607 τῆς

139 2618 360 2689 νύμφης
382 2660 397 2685 ,
431 2620 523 2673 ἐπὶ
559 2619 637 2691 τῷ
674 2622 913 2693 ἀκροατῇ
946 2623 1285 2694 ποιησόμεθα
1319 2626 1418 2697 τὴν
1451 2643 1721 2698 προσφυε-

141 2710 344 2780 στέραν
388 2728 447 2763 τε
487 2712 581 2765 καὶ
622 2712 822 2783 μᾶλλον
861 2715 972 2776 τοῖς
1024 2715 1401 2787 ὑποκειμένοις
1454 2717 1722 2788 ἁρμόζου-

140 2816 242 2853 σαν
273 2801 378 2873 πρὸ
407 2802 599 2874 ἐτέρας
624 2803 959 2871 ἐκλέξασθαι.
993 2806 1137 2879 Πλὴν
1168 2808 1358 2882 ὅτιπερ
1391 2810 1456 2864 ἂν
1488 2812 1716 2884 νομισθῇ

137 2890 620 2965 ᾡυχωφελέστερον
647 2893 817 2949 εἶναι’
856 2898 1061 2966 γένοιτο
1096 2898 1161 2952 ἂν
1199 2902 1330 2971 ἡμῖν
1362 2902 1428 2955 δι’
1459 2904 1718 2974 ἐκατέρου

138 2982 251 3033 τῶν
290 2983 594 3054 εἰρημένων
636 2985 916 3056 αὐτάρκης
946 2989 978 3058 ἡ
1016 2988 1151 3059 πρὸς
1182 2989 1242 3042 τὸ
1278 2991 1479 3059 ἀγαθὸν
1506 2993 1719 3064 ὁδηγία.

152 3075 251 3127 Ἐκ
280 3074 380 3145 μὲν
407 3075 516 3146 γὰρ
551 3076 885 3146 τοῦ,γνῶναι
905 3120 919 3145 ,
950 3080 1030 3134 ὅτι
1062 3080 1155 3133 τοῦ
1195 3080 1329 3134 Θεοῦ
1362 3082 1424 3136 τὸ
1461 3084 1717 3152 γνωστὸν,

139 3167 287 3220 κατά
318 3168 415 3239 τὴν
448 3168 658 3221 Παύλου
692 3172 897 3239 φωνὴν.
940 3173 1049 3226 ἀπὺ
1084 3172 1185 3244 τῆς
1216 3174 1310 3227 τοῦ
1350 3175 1552 3246 κόσμου
1602 3176 1721 3229 κτί-

141 3275 286 3320 σεως
329 3258 613 3328 νοούμενον
649 3259 967 3330 καθορᾶται,
1006 3261 1105 3330 τῆς
1149 3263 1277 3334 περὶ
1306 3262 1416 3316 τῶν
1446 3266 1720 3337 ἀκαταλή-
1746 3261 1788 3319 C

139 3364 297 3401 πτων
334 3350 864 3422 πολυπραγμοσύνης
914 3353 1243 3423 φεισόμεθα’
1288 3354 1364 3419 ὡς
1409 3355 1475 3409 ἂν
1523 3357 1598 3428 μὴ
1633 3358 1720 3411 διὰ

138 3441 239 3494 τοῦ
276 3442 706 3510 φυσιολογείσθαι
734 3444 830 3515 τὴν
867 3443 1152 3514 ἀνέφικτόν
1190 3463 1249 3499 τε
1281 3448 1374 3501 καὶ
1403 3447 1719 3520 ἀνεκφώνη--

140 3549 235 3585 τον
268 3532 450 3603 φύσιν,
481 3532 613 3607 ὕλην
644 3534 796 3588 λάϐοι
827 3534 966 3589 κατὰ
1000 3535 1101 3606 τῆς
1139 3537 1396 3609 ἀληθείας
1422 3542 1455 3610 ή
1487 3540 1717 3612 αἵρεσις.

140 3624 209 3677 Εἰ
232 3624 291 3677 δὲ
317 3624 453 3696 πρὸς
478 3627 539 3682 τὸ
551 3624 879 3696 Εὐαγγέλιον
910 3627 1103 3699 βλέπον
1127 3630 1187 3685 τὸ
1228 3631 1455 3704 αἴνιγμα
1486 3634 1583 3705 τῆς
1604 3652 1712 3705 χειν

143 3717 242 3789 ρδς
275 3716 631 3789 ὑπΟΘὼμεθαο
660 3721 755 3774 καὶ
788 3720 929 3775 οὕτω
956 3722 1273 3797 βεϐαιοτέρα
1313 3727 1443 3797 ἡμῖν
1481 3728 1589 3781 τῶν
1619 3745 1723 3798 μυ-

144 3808 350 3863 στικῶν
374 3809 656 3882 δογμάτων
691 3814 725 3883 ὴ
758 3813 936 3875 πίστις
966 3816 1275 3886 γενήσεται,
1309 3816 1396 3870 διὰ
1435 3818 1533 3889 τῆς
1556 3836 1726 3891 προα-

142 3902 510 3973 ναφωνήσεως
544 3903 653 3956 τῶν
685 3903 970 3974 δογμάτων
996 3906 1372 3977 προσλαϐοῦσα
1402 3910 1461 3961 τὸ
1490 3909 1727 3980 ἀναμφί-

144 3991 325 4058 ϐολον,
360 3993 419 4047 ἐν
450 3992 670 4065 Χριστῷ
708 3995 905 4068 Ἰησοῦ,
935 3989 979 4065 ᾧ
1010 3998 1043 4069 ἠ
1081 3997 1207 4064 δόξα
1245 3999 1324 4063 είς
1352 4001 1478 4063 τοὺς
1502 4000 1721 4065 αίῶνας.

156 4082 358 4153 Ἀμήν.

1819 2007 1956 2055 cem,
1985 2005 2093 2061 qua
2141 1990 2372 2046 mortuis
2415 1989 2525 2044 vita
2572 1988 2898 2054 donabatur,
2929 1986 3076 2041 oculi
3119 1998 3389 2039 caecorum

1817 2084 2250 2139 restituebantur
2276 2082 2333 2136 in
2372 2080 2670 2150 integrum,
2706 2081 2869 2151 lepra:
2902 2079 3127 2134 morbus
3161 2075 3389 2147 fugaba-

1820 2187 1928 2239 tur,
1961 2191 2123 2231 omne
2166 2189 2338 2245 genus
2371 2172 2697 2228 incurabilis
2726 2187 2792 2227 ac
2835 2171 3017 2242 gravis
3049 2168 3390 2240 aegritudinis

1820 2268 1991 2323 solius
2025 2266 2235 2337 imperii
2270 2266 2322 2320 vi
2353 2265 2677 2335 corporibus
2726 2262 3045 2319 excedebat.
3086 2260 3263 2329 Atque
3288 2258 3391 2313 hac

1819 2359 2025 2429 duplici
2076 2375 2271 2415 manus
2310 2357 2759 2428 interpretatione
2802 2355 2858 2409 in
2902 2353 3141 2409 medium
3187 2366 3390 2422 propo-

1820 2452 1945 2513 sita,
1980 2466 2211 2521 quarum
2241 2450 2413 2505 altera
2448 2448 2641 2503 statuit
2668 2456 2920 2501 naturam
2958 2445 3197 2499 divinam
3231 2456 3392 2512 pror-

1823 2559 1917 2600 sus
1947 2541 2578 2611 incomprehensibilem,
2610 2548 2664 2594 et
2694 2537 2846 2592 nulla
2869 2551 2993 2591 cum
3024 2549 3085 2589 re
3113 2547 3393 2603 compara-

1822 2636 2005 2701 bilem,
2054 2650 2121 2688 ex
2162 2631 2449 2688 aﬁ‘ectione
2501 2630 2616 2686 sola
2661 2626 2924 2699 cognosci
2958 2645 2970 2680 :
3007 2626 3178 2680 altera
3220 2624 3392 2679 Evan-

1821 2729 1944 2800 gelii
1988 2727 2217 2795 gratiam
2248 2740 2344 2796 per
2388 2725 2503 2779 haec
2544 2722 2709 2777 verba
2758 2722 2915 2793 longe
2946 2729 3072 2775 ante
3108 2719 3326 2790 praedici
3360 2734 3392 2773 a

1822 2833 2023 2887 sponsa
2052 2816 2217 2870 tradit
2248 2835 2261 2870 :
2292 2814 2557 2870 auditoris
2584 2811 2792 2883 judicio
2808 2812 3392 2881 permittemus,utram

1818 2910 1987 2964 veluti
2044 2909 2216 2978 magis
2275 2907 2685 2962 convenientem
2743 2913 2798 2959 et
2862 2910 3041 2972 aptam
3114 2903 3395 2972 proposito

1822 2998 1946 3053 loco
1996 2999 2253 3069 praeferre
2286 2997 2441 3050 alteri
2474 2994 2621 3049 velit.
2668 2992 2951 3048 Utrumvis
2983 3000 3162 3046 tamen
3194 2990 3393 3047 animis

1823 3090 2012 3147 utitius
2034 3091 2402 3146 existimatum
2436 3086 2621 3149 fuerit,
2649 3086 2842 3141 saltem
2882 3084 3145 3138 alterutro
3186 3082 3253 3135 ad
3297 3083 3395 3136 bo-

1823 3198 1955 3239 num
2012 3178 2295 3237 commode
2357 3194 2522 3232 manu
2580 3177 2736 3247 quasi
2798 3174 3088 3228 ducamur.
3156 3170 3293 3226 Nam
3346 3169 3395 3226 si

1824 3273 2345 3334 animadvertemus,
2386 3270 2519 3326 illud
2553 3269 2697 3340 quod
2746 3267 2874 3323 sciri
2932 3265 3000 3320 de
3042 3264 3152 3320 Deo
3190 3271 3393 3334 potest,

1824 3363 2280 3437 quemadmodum
2312 3361 2517 3415 Paulus
2546 3359 2789 3429 loquitur
2809 3358 2875 3422 δ’,
2908 3370 3001 3424 per
3027 3352 3217 3407 mundi
3242 3367 3399 3408 crea-

1822 3460 2027 3512 tionem
2088 3455 2423 3510 intellectum
2482 3450 2748 3522 perspici,
2802 3449 3177 3503 curiositatem
3239 3443 3397 3499 inda-

1823 3547 1984 3618 gandi
2024 3562 2115 3601 res
2149 3541 2732 3614 incomprehensibiles
2765 3538 3074 3609 fugiemus;
3120 3550 3188 3590 ne
3229 3534 3277 3588 si
3306 3546 3395 3588 ra-

1826 3639 1973 3694 tione
2006 3638 2241 3693 naturali
2270 3640 2570 3689 tractemus
2604 3640 2854 3686 naturam
2901 3629 3071 3693 illam,
3101 3640 3266 3696 quam
3314 3626 3400 3682 vel

1824 3728 2066 3799 assequi,
2107 3727 2191 3782 vel
2219 3725 2374 3781 eﬁ’ari
2416 3723 2730 3793 nequimus,
2762 3720 3015 3774 materies
3044 3716 3239 3772 haeresi
3268 3728 3400 3768 con-

1824 3829 1907 3873 tra
1973 3819 2258 3873 veritatem
2310 3814 2703 3886 suppeditetur.
2760 3810 2857 3864 Sin
2916 3810 2981 3863 ad
3051 3804 3399 3876 Evangelium

1825 3919 2077 3982 Spectare
2115 3910 2220 3964 hoc
2264 3908 2330 3963 de
2362 3923 2528 3961 manu
2574 3905 2802 3974 aenigma
2855 3908 3203 3957 statuemus:
3234 3896 3400 3952 etiam

1824 4005 1929 4059 hoc
1984 4003 2146 4057 modo
2209 4000 2416 4055 ﬁrmior
2473 3998 2633 4053 nobis
2688 4008 3014 4050 arcanorum
3084 3992 3398 4060 dogmatum

1829 4093 1961 4149 ﬁdes
2003 4093 2127 4155 erit,
2171 4091 2397 4145 tollente
2435 4087 2828 4143 dubitationem
2877 4097 3091 4138 omnem
3145 4096 3211 4137 eo
3258 4079 3398 4150 ipso,

144 4173 297 4240 quod
360 4172 476 4228 haec
544 4176 715 4231 multo
789 4188 916 4234 ante
954 4181 1338 4250 praedicantur,
1379 4181 1541 4253 idque
1574 4182 1630 4237 in
1698 4184 1917 4243 Christo
1949 4183 2077 4242 Jesu
2118 4183 2346 4238 Domino
2378 4191 2587 4237 nostro.
2637 4178 2737 4234 Cui
2784 4179 2856 4233 sit
2892 4176 3063 4248 gloria
3119 4183 3174 4230 et
3221 4173 3399 4243 impe-

144 4267 292 4322 rium
323 4269 542 4325 saeculis
571 4272 822 4333 inﬁnitis.
862 4276 1055 4331 Amen.

742 4372 985 4426 OMIAIA
1028 4373 1123 4427 lB'.

228 4464 525 4532 Ἀνέστην
548 4465 662 4535 ἐγὼ
689 4465 920 4528 ἀνοῖξαι
939 4463 1018 4529 τῷ
1047 4463 1343 4533 ἀδελφιδῷ
1362 4482 1501 4534 μου.
1524 4465 1724 4535 Χεῖρές

135 4569 265 4626 μου
309 4555 575 4619 ἕσταξαν
604 4557 898 4623 σμύρναν,
952 4554 1239 4608 δάκτυλοι
1279 4574 1399 4624 μου
1448 4557 1725 4626 σμύρναν

141 4645 374 4714 πλήρη.
445 4645 568 4699 Ἐπὶ
633 4646 799 4714 χεῖρα
852 4645 956 4698 τοῦ
1007 4647 1285 4713 κλείθρου
1348 4645 1559 4714 ἧνοιξα
1609 4648 1725 4717 ἐγὼ

140 4738 228 4806 τῷ
286 4736 589 4808 ἀδελφιδῷ
643 4755 784 4806 μου.
846 4737 1181 4806 Ἆδελφιδός
1218 4756 1338 4806 μου
1380 4737 1720 4808 παρῆλθεν·

142 4833 186 4901 ἡ
236 4830 409 4900 ψυχή
438 4847 559 4899 μου
602 4827 861 4895 ἐξῆλθεν
896 4830 965 4882 ἐν
992 4831 1150 4897 λόγῳ
1188 4829 1396 4883 αὐτοῦ.
1437 4829 1728 4900 Ἐζήτησα

145 4921 355 4989 αὑτὸν,
394 4921 492 4976 καὶ
534 4924 647 4989 οὐχ
684 4917 864 4988 εὗρον
918 4923 1123 4975 αὐτόν·
1212 4919 1482 4976 ἐκάλεσα
1522 4924 1727 4989 αὐτὸν,

146 5017 250 5069 καὶ
277 5017 391 5084 οὐχ
426 5014 746 5081 ὑπήκουσέ
777 5033 917 5084 μου.
956 5012 1232 5082 Εὕροσάν
1260 5030 1336 5081 με
1374 5017 1429 5067 οί
1463 5015 1729 5084 φύλακες

149 5107 205 5159 οί
246 5106 614 5171 κυκλοῦντες
640 5106 710 5158 ἐν
738 5104 811 5172 τῇ
842 5104 1033 5157 πόλει·
1074 5102 1381 5166 ἐπάταξαν
1416 5121 1513 5173 με,
1533 5104 1733 5172 ἐτραυο

149 5196 414 5266 μὰτισάν
457 5217 566 5269 με,
595 5195 750 5269 ἦραν
800 5197 864 5251 τὸ
904 5196 1211 5266 θέριστρον
1234 5196 1333 5249 ἀπ’
1362 5196 1508 5265 ἐμοῦ
1529 5200 1583 5250 οἱ
1617 5197 1728 5266 φύ-

154 5292 344 5355 λακες
374 5288 491 5343 τῶν
512 5290 776 5360 τειχέων.

234 5384 299 5438 Ol
348 5380 445 5451 τὴν
482 5382 785 5435 διαπόντιον
836 5380 1146 5451 ἀποδημίαν
1182 5381 1303 5433 κατ’
1337 5379 1525 5432 ἐλπίδα
1564 5377 1728 5431 πλού-

153 5490 250 5526 του
308 5473 677 5542 στελλόμενοι,
709 5478 835 5530 ὅταν
873 5476 974 5547 ἤδη
1009 5474 1107 5545 τὴν
1147 5473 1345 5527 ὁλκάδα
1389 5471 1483 5525 τοῦ
1512 5470 1726 5542 λιμένος

156 5562 592 5629 ἀποσαλεύσωσι,
624 5566 718 5619 καὶ
748 5566 884 5637 πρὸς
909 5566 972 5618 τὸ
999 5564 1235 5633 πέλαγος
1269 5564 1474 5637 στρέψῃ
1500 5563 1586 5616 διὰ
1617 5561 1725 5614 τῶν

156 5652 432 5724 πηδαλίων
461 5655 557 5724 τὴν
598 5657 819 5728 πρῶραν
847 5660 876 5712 ὁ
898 5657 1006 5711 τῶν
1027 5658 1225 5712 οἰάκων
1254 5655 1722 5727 ύπερκαθὴμενος,

215 5829 263 5862 ⁸⁸
292 5828 443 5886 Rom.
482 5845 519 5898 t,
548 5832 622 5887 l9.

2381 4366 2667 4423 HOMILIA
2722 4364 2838 4418 XII.

1901 4467 2031 4522 CAP.
2070 4481 2103 4518 v
2125 4504 2142 4530 ,
2171 4479 2225 4517 v.
2255 4460 2309 4517 5.
2367 4458 2589 4515 Surrexi
2632 4457 2892 4528 equidem,
2942 4464 2999 4509 ut
3033 4453 3270 4523 aperiam
3307 4468 3400 4507 ca-

1831 4567 1990 4630 gnato
2032 4572 2167 4610 meo.
2200 4551 2397 4607 Manus
2436 4567 2566 4605 mea:
2604 4550 2880 4604 stillarum
2910 4545 3201 4617 myrrham,
3247 4543 3399 4615 digiti

1832 4651 1931 4704 mei
1973 4646 2248 4719 myrrham
2296 4644 2524 4698 uberem.
2568 4641 2621 4695 6.
2661 4640 2929 4695 Adhibitia
2968 4636 3211 4692 manibus
3259 4635 3401 4690 clau-

1829 4753 1939 4797 stro
1971 4740 2152 4811 aperui
2177 4737 2415 4809 equidem
2442 4744 2661 4805 cognato
2689 4749 2820 4786 meo.
2852 4730 3121 4786 Prwtcriit
3146 4739 3400 4801 cognatus

1824 4851 1990 4889 meus.
2039 4831 2233 4884 Anima
2279 4844 2397 4881 mea
2441 4842 2653 4894 egressa
2704 4834 2780 4879 est
2830 4825 2897 4876 ad
2932 4839 3222 4878 sermonem
3263 4820 3398 4891 ejus.

1826 4924 2056 4993 Quwsivi
2084 4938 2223 4985 eum,
2254 4929 2302 4974 et
2329 4936 2433 4973 non
2457 4918 2627 4971 inveni
2650 4932 2769 4970 eum
2798 4933 2816 4970 :
2855 4914 3033 4969 vocavi
3057 4930 3196 4977 eum,
3225 4921 3402 4968 etnon

1825 5017 1995 5069 audiit
2029 5030 2129 5067 me.
2161 5011 2215 5066 7.
2254 5008 2601 5078 ΟῙῙεηάενιιηι
2641 5023 2721 5061 me
2762 5005 3029 5069 custodes,
3062 5006 3153 5075 qui
3178 5006 3234 5058 in
3274 5002 3403 5058 urbe

1827 5107 2172 5160 circumeunt.
2246 5100 2626 5154 Percusserunt
2677 5114 2779 5164 me,
2846 5097 3250 5151 vulneraverunt
3298 5110 3399 5161 me,

1833 5196 2158 5252 abstulerunt
2184 5193 2388 5263 peplum
2412 5210 2443 5244 a
2466 5207 2545 5245 me
2577 5189 2820 5244 custodes
2850 5204 3148 5243 murorum.

1901 5377 2003 5443 Qui
2030 5384 2184 5430 trans
2211 5387 2361 5427 mare
2389 5370 2881 5441 peregrinationem
2912 5382 3076 5438 opum
3126 5366 3402 5437 paranda-

1831 5484 1951 5523 rum
1999 5482 2096 5538 spe
2141 5463 2468 5534 suscipiunt,
2522 5476 2648 5516 cum
2692 5459 2805 5530 jam
2838 5459 3018 5513 navim
3068 5471 3100 5511 e
3148 5464 3308 5526 portu
3346 5456 3399 5509 in

1833 5560 1995 5613 altum
2055 5555 2379 5628 provehunt,
2434 5560 2489 5608 et
2546 5552 2600 5605 in
2658 5565 2809 5606 mare
2872 5564 2969 5621 per
3023 5547 3399 5616 gubernacula

1833 5664 2047 5720 proram
2094 5646 2363 5702 convertit
2398 5642 2467 5710 is,
2503 5641 2596 5712 qui
2631 5638 2699 5695 ad
2753 5640 2963 5694 clavum
2992 5636 3166 5702 sedet,
3218 5639 3402 5688 votum
