4028 6506
621 374 760 434 1015

614 499 845 563 iaciunt,
897 503 1053 573 quasi
1098 507 1374 576 quoddam
1422 518 1751 584 proemium
1799 527 2194 598 navigationis,

612 606 678 643 ac
716 601 910 661 petunt
942 597 1019 650 uti
1065 596 1208 655 Deus
1248 602 1385 673 ipsis
1414 607 1526 664 dux
1564 613 1637 668 sit
1675 614 1742 669 ad
1783 596 2191 690 navigationem

615 682 834 738 l'elicem
857 701 919 742 ac
954 705 1292 762 prosperam.
1327 697 1590 771 Adeoque
1623 709 1737 762 voti
1770 717 1941 769 totius
1977 732 2192 774 summa

611 785 713 838 est,
748 785 808 830 ut
850 790 1046 838 ventus
1078 785 1213 842 levis
1259 798 1314 845 et
1367 792 1596 852 idoneus
1628 802 1958 870 navigationi
2011 809 2065 863 in
2101 828 2192 866 ve-

613 864 721 917 lum
770 867 974 924 incidat
1016 874 1083 928 ad
1111 891 1235 932 eum
1275 881 1660 950 gubernatoris
1709 864 1957 963 scopum,
1995 901 2086 972 qui
2133 903 2190 958 in

608 957 772 1027 puppi
826 963 1099 1022 consistit.
1160 967 1211 1025 ls
1262 982 1444 1030 autem
1494 993 1690 1038 ventus
1738 985 1785 1040 si
1836 1003 1903 1044 ex
1943 991 2187 1061 ipsorum

610 1058 737 1100 voto
779 1051 858 1108 eis
899 1058 1125 1127 aspiret,
1162 1072 1218 1117 et
1266 1083 1418 1122 mare
1437 1069 1742 1139 jucundum
1779 1081 1836 1134 lit
1888 1081 2042 1154 ipsis,
2085 1087 2188 1142 ﬂu-

609 1140 790 1198 ctibus
833 1145 1063 1214 placidis
1111 1168 1233 1210 sese
1279 1157 1474 1215 leniter
1504 1166 1746 1236 erigens,
1786 1140 1964 1244 neque
1989 1140 2182 1252 pelagi

607 1230 912 1298 amplitudo
951 1237 1250 1310 quidquam
1299 1247 1457 1303 aﬂ'ert
1491 1230 1779 1324 iiiulestim,
1815 1230 1938 1318 cum
1987 1230 2184 1339 inagifa

609 1315 833 1339 ευμεν.-.
1012 1329 1024 1339 -
1093 1331 1106 1339 -
1184 1333 1195 1339 -
1273 1335 1284 1339 λ

607 1315 869 1378 facilitate
901 1329 1058 1384 naris
1091 1331 1144 1385 in
1182 1333 1318 1405 ipsis
1353 1342 1514 1398 undis
1558 1350 1716 1415 quasi
1752 1353 1914 1420 volet,
1963 1366 2017 1413 et
2053 1315 2185 1431 opes

605 1413 780 1469 oculis
825 1416 1222 1493 obversantur,
1277 1445 1414 1499 quas
1459 1451 1525 1491 ex
1573 1455 1883 1502 mercatura
1937 1463 2181 1524 sperant,

599 1501 714 1571 jam
787 1507 907 1579 ipsa
986 1517 1355 1589 navigationis
1412 1534 1820 1603 prosperitate,
1887 1501 2182 1615 antraquan;

604 1599 909 1668 periculum
962 1605 1166 1665 factum
1218 1615 1334 1681 sit,
1390 1635 1640 1692 magnam
1713 1643 1896 1686 rerum
1968 1639 2181 1708 cOpiam

604 1687 795 1708 ﬂ...”
842 1698 857 1708 ,
1011 1696 1048 1708 ..

1484 1687 1507 1692 _
1976 1687 2181 1708 ητα---

602 1687 911 1757 pollicente.
1005 1696 1125 1765 Quo
1233 1714 1416 1763 autem
1490 1716 1792 1784 respiciens
1875 1723 1978 1780 hoc
2059 1738 2184 1785 utar

600 1783 847 1848 exordio,
905 1788 1211 1862 intelligere
1272 1799 1555 1862 auditores
1594 1810 1857 1881 arbitror,
1909 1830 2180 1891 quotquot

599 1887 700 1942 pro
747 1881 1134 1950 perspicuitate
1175 1889 1375 1961 ingenii
1421 1898 1506 1952 sui
1537 1900 1671 1971 quid
1705 1881 2179 1976 propositum-no-

597 1965 686 2022 bis
726 1969 818 2034 sit,
853 1973 1062 2030 vident.
1097 1977 1309 2038 Etenim
1360 1988 1555 2058 ingens
1602 2009 1753 2051 mare
1785 2001 2177 2062 consideratio-

595 2062 682 2114 nis
713 2059 1024 2120 divinorum
1062 2073 1348 2130 verborum
1386 2081 1544 2138 nobis
1575 2091 1915 2158 propositum
1953 2105 2076 2164 est;
2121 2109 2176 2156 et

595 2155 789 2222 ampla:
819 2155 922 2213 hac
951 2175 1016 2214 ex
1050 2165 1399 2234 navigatione
1439 2177 1769 2246 cognitionis
1796 2199 1927 2253 opes
1954 2204 2176 2258 speran-

593 2248 683 2296 tur
713 2261 727 2298 :
757 2257 810 2310 et
845 2250 1080 2306 animata
1121 2256 1278 2312 navis
1317 2258 1453 2327 haec,
1480 2264 1743 2322 nimirum
1790 2269 2033 2330 Ecclesia
2068 2294 2169 2334 no-

591 2339 727 2393 stra,
767 2341 880 2389 toto
917 2337 1037 2406 ejus
1065 2343 1302 2401 collecto
1338 2363 1591 2420 corpore,
1623 2360 1777 2425 quasi
1815 2376 2073 2431 provecta
2115 2369 2171 2425 iu

589 2423 783 2491 altum,
818 2425 886 2480 ad
937 2434 1308 2494 enarrationis
1360 2452 1565 2500 nostrae
1615 2449 1784 2504 veluti
1830 2455 2052 2514 divitias
2085 2462 2171 2516 in-

589 2520 737 2568 tenta
777 2528 882 2573 est.
922 2519 1120 2577 Verum
1156 2530 1334 2584 oratio
1369 2545 1581 2603 nostra,
1614 2556 1738 2610 qua:
1787 2549 2169 2616 gubernatoris

586 2602 761 2660 oﬂicio
795 2605 1061 2681 iungitur,
1093 2631 1201 2672 non
1230 2621 1384 2688 prius
1414 2626 1629 2682 clavum
1662 2632 1717 2686 in
1750 2649 1945 2694 manus
1975 2648 2160 2709 sumit,

585 2709 751 2762 quam
794 2703 1052 2759 universe
1104 2715 1277 2794 totum
1322 2715 1478 2770 navis
1521 2717 1687 2788 hujus
1727 2737 1929 2794 corpus
1978 2740 2162 2788 votum

586 2785 694 2842 Deo
730 2789 912 2854 faciat,
948 2804 1008 2848 ut
1038 2797 1084 2853 is
1117 2781 1324 2871 aspiret
1355 2807 1517 2862 nobis
1571 2814 1717 2867 sacri
1749 2815 1988 2886 Spiritus
2027 2825 2160 2892 vim,

583 2882 1088 2957 cogitationumque
1133 2890 1333 2951 ﬂuctus
1381 2913 1614 2968 moveat,
1661 2921 1725 2961 ac
1767 2924 1867 2979 per
1894 2911 1996 2970 hos
2035 2931 2161 2972 orao

583 2972 784 3029 tionem
825 2990 1067 3035 nostram
1115 2987 1272 3054 quasi
1322 3005 1582 3063 prospera
1630 2999 1979 3073 navigatione
2024 3026 2164 3080 qua-

580 3066 704 3121 dam
773 3079 1013 3128 utentem
1086 3091 1230 3134 recta
1289 3081 1583 3144 deducat:

577 3271 674 3312 cer
702 3263 978 3320 secundus
1007 3270 1100 3334 sit,
1135 3281 1188 3326 et
1219 3275 1337 3329 vela
1367 3276 1615 3348 impleat,
1651 3286 1992 3357 impetretur.

649 3353 779 3412 Esto
811 3367 990 3415 autem
1021 3367 1290 3426 orationis
1323 3371 1534 3429 initium
1568 3381 1684 3450 ipsa
1720 3389 2088 3456 proiectorum
2123 3411 2154 3450 a
2186 3402 2230 3462 α

500 3454 505 3459 ‘
579 3446 785 3516 Spiritu
821 3451 1008 3507 divino
1043 3458 1336 3516 verborum
1376 3479 1852 3544 commemoratio,
1885 3498 2006 3552 quae
2041 3487 2161 3556 qui-

579 3538 700 3592 dem
733 3556 961 3610 prorsus
998 3547 1112 3605 hau:
1151 3561 1301 3610 sunt:
1339 3554 1566 3614 Sui-rexi
1615 3569 1874 3636 equidem,
1903 3583 1960 3627 ut
1992 3580 2160 3646 aperi-

577 3646 685 3682 rent
723 3647 943 3703 coguato
988 3656 1121 3696 meo.
1165 3643 1360 3701 Manus
1395 3667 1523 3706 mea:
1555 3658 1829 3718 stillarum
1863 3668 2154 3736 myrrham,

576 3721 730 3793 digiti
765 3729 866 3781 mei
897 3739 1170 3801 myrrham
1200 3739 1431 3795 uberem.
1473 3742 1594 3800 Non
1624 3765 1786 3818 posse
1829 3766 2009 3813 autem
2051 3763 2158 3817 alia

575 3819 787 3876 ratione
818 3821 955 3890 ﬁeri,
977 3834 1034 3881 ut
1070 3828 1253 3886 vivum
1285 3831 1523 3893 Verbum
1561 3841 1628 3895 sit
1664 3844 1716 3899 in
1753 3849 2153 3922 nobis,purus.

577 3909 822 3980 inquam,
860 3915 952 3972 ille
981 3926 1036 3972 et
1070 3919 1431 3995 incorporeus
1461 3947 1718 4005 sponsus,
1772 3942 1865 4010 qui
1900 3959 1998 4012 per
2052 3948 2156 4002 im-

575 4004 964 4063 mortalitatem
997 4027 1060 4066 ac
1097 4019 1446 4075 sanctitatem
1483 4025 1588 4080 sibi
1641 4031 1878 4088 animam
1912 4040 2152 4108 copulat,

574 4096 678 4150 nisi
714 4099 838 4170 quis
875 4105 1122 4161 necando
1152 4111 1395 4166 membra
1427 4131 1525 4170 sua
1550 4128 1785 4188 terrena,
1819 4129 2005 4199 carnis
2032 4147 2156 4184 cor-

575 4185 746 4241 tinam
777 4195 1087 4262 sustulerit,
1116 4205 1279 4268 atque
1308 4201 1383 4254 ita
1408 4201 1588 4261 Verbo
1605 4212 1808 4288 ostium
1854 4221 2149 4286 aperuerit,

575 4294 672 4348 per
705 4284 850 4350 quod
880 4285 932 4339 in
966 4287 1207 4344 animam
1262 4293 1632 4363 ingrediatur:
1657 4304 1711 4357 id
1756 4321 1886 4362 vero
1920 4312 2153 4367 manife-

569 4381 716 4424 stum
742 4384 824 4429 est
859 4392 965 4430 non
1002 4380 1163 4435 modo
1191 4401 1256 4437 ex
1311 4385 1516 4445 divinis
1554 4397 1796 4462 Apustoli
1856 4400 2149 4472 dogmatis,

568 4463 665 4517 sed
703 4467 864 4520 etiam
896 4485 959 4522 ex
1005 4471 1090 4535 iis,
1120 4489 1242 4543 quae
1281 4476 1366 4532 hic
1394 4495 1424 4533 a
1457 4498 1660 4552 sponsa
1695 4488 1973 4549 dicuntur.
2014 4495 2151 4551 Sur-

567 4555 704 4623 rexi,
733 4557 831 4620 ait,
861 4565 918 4609 ut
942 4562 1210 4628 aperirem
1245 4579 1480 4636 cognato
1506 4587 1647 4638 meo,
1676 4576 1838 4649 idque
1866 4582 2148 4641 eﬂicicudo

566 4662 629 4699 cx
668 4649 921 4703 manibus
983 4653 1118 4710 meis
1186 4662 1420 4728 myrrha:
1484 4663 1685 4734 fontes,
1734 4687 1764 4725 e
1801 4675 2002 4742 quibus
2047 4678 2148 4734 huc

565 4753 748 4791 arama
781 4741 1033 4809 proﬂuat,
1067 4757 1121 4799 et
1140 4744 1474 4808 declarando
1503 4756 1704 4828 digitos
1736 4741 1885 4816 meos
1922 4769 2139 4838 myrrha
2176 4765 2218 4818 Β

560 4923 840 4990 aperiatur
866 4927 1064 4982 ostium
1097 4947 1324 5002 sponso:
1362 4936 1589 4996 Surrexi
1637 4957 1925 5016 propterea
1991 4955 2139 5024 quod

558 5017 771 5084 sepulta
799 5035 922 5073 cum
953 5037 1018 5076 eo
1041 5023 1237 5080 fuerim
1277 5045 1370 5097 per
1406 5032 1741 5104 baptismum
1787 5042 1839 5096 in
1877 5055 2134 5103 mortem.

553 5103 675 5162 Non
723 5111 869 5180 enim
925 5119 1257 5172 resurrectio
1295 5123 1594 5195 quidquam
1642 5130 1978 5191 eﬂicacitatis
2038 5140 2137 5193 ha-

554 5199 789 5271 buisset,
832 5208 939 5262 nisi
997 5212 1350 5270 murtilicatio
1391 5220 1702 5278 voluntaria
1738 5232 2135 5297 praecessisset.

556 5291 864 5353 Voluntarii
917 5309 1101 5358 autem
1156 5304 1425 5364 indicium
1454 5323 1538 5368 est
1596 5291 1938 5376 stillicidium
2001 5326 2134 5382 illud

551 5391 788 5460 myrrhae
833 5393 1055 5458 ﬂuentis
1098 5414 1166 5454 ex
1197 5400 1372 5470 ipsius
1428 5409 1705 5474 manibus,
1757 5419 1988 5484 etquod
2031 5420 2135 5476 hoc

549 5495 794 5540 aromate
823 5487 977 5556 digiti
1017 5490 1139 5559 ejus
1176 5494 1458 5558 abundare
1495 5499 1770 5557 dicantur.
1818 5503 1935 5562 Non
1985 5514 2129 5567 enim

548 5576 771 5631 aliunde
803 5581 1081 5649 myrrham
1115 5585 1170 5639 in
1202 5602 1427 5642 manum
1484 5590 1659 5661 ipsius
1710 5598 1788 5652 ait
1820 5607 2126 5670 pervenire.

544 5662 681 5720 Nam
711 5668 758 5721 si
809 5684 900 5723 res
948 5670 1021 5723 ita
1063 5689 1122 5729 se
1171 5675 1420 5741 haberet,
1459 5684 1887 5744 existimandum
1946 5707 2128 5762 esset,

543 5757 765 5814 aliunde
799 5769 1006 5826 ortum,
1038 5774 1091 5819 et
1131 5768 1353 5837 quidem
1391 5771 1509 5842 ipsa
1540 5779 1706 5834 invita
1739 5782 1788 5837 ei
1819 5785 2118 5853 accidisse,

547 5857 688 5924 quod
729 5870 825 5924 per
869 5858 1145 5929 myrrham
1205 5863 1568 5933 significatur.
1613 5873 1882 5934 Nimirum
1920 5897 2119 5939 manus

1876 400 1933 459 S.
1963 402 2290 465 GREGORII
2323 408 2368 465 N
2379 409 2611 470 YSSENI

3685 447 3783 506 1018

2223 537 2270 593 Α
2297 533 2462 604 εὐχὴν
2495 527 2770 592 ποιοῦνται
2800 539 2902 611 τῆς
2924 543 3203 611 ναυτιλίας
3227 550 3522 625 προοίμιον,
3549 556 3662 616 Θεὸν
3682 566 3785 634 γίνι.

2297 625 2421 680 σθαι
2451 627 2803 700 καθηγέμονά
2823 651 2954 702 φασι
2973 635 3076 703 τῆς
3096 639 3350 708 εὐπλοίας
3370 647 3666 720 αἰτούμενοι.
3683 625 3785 716 ’ἰδᾶ

2295 720 2590 789 κεφάλαιόν
2624 724 2773 780 ἐστιν
2804 727 2989 793 αὐτοῖς
3017 731 3116 802 τῆς
3141 734 3304 806 εὐχῆς
3332 739 3540 811 πνεῦμα
3576 756 3786 819 προσηνές

2293 828 2352 862 τε
2384 813 2477 865 καὶ
2510 813 2742 886 πλόϊμον
2778 819 3039 889 ἐμπεσεῖν
3069 823 3147 896 τῷ
3183 828 3335 901 ἱστίῳ
3365 832 3495 903 πρὸς
3521 813 3787 898 seruerit;

2290 901 2386 954 τοῦ
2427 904 2757 978 κυϐερνήτου
2789 911 2929 964 κατά
2959 914 3211 986 πρύμναν
3241 920 3515 993 ἱσταμένου
3539 944 3552 958 ο
3577 921 3630 981 οὗ
3662 949 3786 990 κατα.

2293 991 2503 1065 θυμίως
2557 999 2738 1064 αὐτοῖς
2786 1003 3160 1075 ἐπιπνέοντος,
3201 991 3375 1082 ήδεῖα-
3400 1017 3558 1090 μὲνὴ
3602 1020 3788 1081 θάλασσα

2291 1083 2498 1153 γίνεται
2524 1128 2538 1150 ,
2582 1093 2693 1154 τοίς
2721 1094 3006 1165 ὴρεμαίοις
3050 1100 3256 1171 κύμασι
3287 1083 3562 1178 γλαερυρῶς
3589 1115 3787 1188 ὲπιφρῑσ-

2292 1192 2460 1230 σουσα
2481 1195 2498 1209 ⁸
2527 1180 2710 1236 ἄλυπα
2733 1184 2790 1237 δὲ
2813 1186 2906 1239 τοῦ
2933 1189 3204 1259 πελάγους
3230 1194 3297 1249 τὰ
3318 1197 3487 1271 πλάτη
3515 1202 3576 1256 δι’
3601 1180 3788 1274 εὐκολίας

2286 1267 2388 1336 τῆς
2432 1268 2559 1340 νηὸς
2620 1273 3016 1349 ἐφιπταμένης,
3069 1282 3164 1334 καὶ
3213 1267 3669 1365 ἀπολισθαινούσης
3709 1267 3789 1362 τοίς

2290 1355 2471 1411 ὕδασιο
2503 1359 2609 1428 πρὸ
2647 1362 2936 1435 ὀφθαλμῶν
2967 1367 3024 1420 δὲ
3064 1371 3093 1422 6
3123 1371 3352 1437 πλοῦτος
3377 1377 3404 1428 6
3435 1375 3516 1430 διὰ
3555 1355 3791 1452 τῆς-ἐμποί

2288 1449 2410 1520 ρίας
2439 1451 2611 1524 αὐτῆς
2636 1456 2980 1528 ἐλπιζόμενος
3007 1460 3127 1532 ἤδη,
3152 1463 3251 1535 τῆς
3272 1465 3518 1532 εὐπλοίας
3542 1449 3790 1548 ἐγνωμένης

2286 1541 2380 1592 καὶ
2415 1542 2520 1612 πρὸ
2551 1545 2653 1612 τῆς
2696 1549 2909 1614 πείρας.
2944 1553 3114 1623 Δῆλον
3161 1555 3376 1621 πάντως
3403 1561 3514 1614 ἐστὶ
3540 1566 3635 1626 τοῖς
3660 1541 3789 1637 iam.

2286 1629 2558 1704 θεστὲροις
2589 1636 2700 1692 τῶν
2729 1640 3015 1712 ἀκροατῶν
3043 1646 3103 1699 τὸ
3130 1646 3209 1718 τῷ
3239 1650 3426 1722 σκοπῷ
3452 1653 3541 1706 τοῦ
3563 1629 3790 1729 προοιμίου

2285 1727 2664 1798 προκείμενον.
2709 1733 2867 1802 Μέγα
2917 1736 3314 1812 πρόκειταιτῷ
3359 1741 3499 1816 λὰγῳ
3528 1747 3586 1800 τὸ
3604 1727 3790 1818 πέλαγος

2283 1815 2385 1886 τῆς
2428 1819 2536 1872 τῶν
2586 1820 2747 1876 θείων
2787 1825 2965 1896 ῥητῶν
3015 1828 3268 1902 θεωρίαςο
3334 1815 3577 1899 “ﬁngat
3615 1838 3688 1891 διὰ
3720 1815 3792 1910 ἧς

2284 1910 2558 1976 ναυτιλίας
2586 1913 2792 1986 ταύτης
2817 1919 2844 1970 6
2876 1919 2977 1988 τῆς
2999 1921 3252 1990 γνώσεως
3290 1925 3514 1991 πλοῦτος
3539 1928 3786 1994 ἐλπίζεται·

2284 2001 2323 2072 ἡ,
2357 2001 2412 2054 δὲ
2453 2002 2695 2076 ἔμψυχος
2743 2006 2880 2080 αὕτη
2909 2010 3042 2076 ναῦς
3109 2014 3442 2087 Ἐκκλησία,
3484 2020 3537 2072 ἐν
3577 2021 3711 2072 παντί
3736 2023 3791 2091 τῷ

2285 2093 2398 2165 ἰδίῳ
2450 2095 2774 2168 πληρώματι
2818 2103 2955 2173 πρὸς
2991 2105 3084 2158 τὸν
3133 2106 3364 2163 πλοῦτον
3413 2110 3508 2181 τῆς
3542 2111 3791 2183 ἐξηγήσεως

2282 2185 2466 2255 βλέπει
2521 2192 2812 2264 μετέωρος.
2873 2196 3012 2250 Ἀλλ’
3060 2199 3123 2253 οὐ
3170 2202 3438 2274 πρότερον
3481 2206 3685 2258 ἅπτεται
3713 2205 3793 2258 τῶν

2276 2276 2478 2331 οἰάκων
2519 2282 2547 2332 6
2576 2282 2918 2358 κυϐερνήτης
2948 2287 3105 2359 λόγος
3129 2332 3143 2354 ,
3172 2293 3306 2364 πρὶν
3331 2295 3395 2347 ὲκ
3427 2294 3596 2348 κοινοῦ
3621 2296 3792 2368 γένηται

2273 2368 2369 2423 τοῦ
2403 2372 2768 2447 πληρώματος
2795 2378 2896 2450 τῆς
2928 2379 3055 2452 νηὸς
3088 2384 3122 2454 ἡ
3151 2383 3309 2454 εὐχὴ,
3337 2383 3413 2450 ὡς
3449 2385 3790 2442 ἑπιπνεῦσαίτε

2273 2463 2405 2532 ἡμῖν
2432 2465 2530 2535 τὴν
2569 2467 2664 2520 τοῦ
2710 2469 2867 2540 ἁγίου
2897 2472 3215 2545 Πνεύματος
3236 2475 3500 2548 δύναμιν,
3542 2479 3627 2534 καὶ
3655 2481 3791 2534 ἀνακι-

2271 2559 2433 2628 νῆσαι
2479 2562 2586 2616 τῶν
2617 2569 2904 2637 νοημάτων
2927 2571 2996 2625 τά
3041 2571 3283 2643 κύματα,
3319 2575 3413 2630 καὶ
3453 2576 3517 2630 δι’
3557 2574 3792 2632 αὐτῶνεύ·

2270 2652 2536 2709 πνοοῦντα
2565 2663 2900 2729 προαγαγεῖν
2937 2664 3003 2717 δι’
3037 2666 3249 2731 εὐθείας
3270 2667 3368 2723 τὸν
3394 2668 3544 2738 λόγον
3567 2683 3580 2698 ⁶
3605 2667 3663 2721 ἵν’
3687 2666 3794 2720 οὕτω

2265 2741 2514 2815 πελάγιοι
2534 2749 2623 2804 διὰ
2650 2752 2748 2823 τῆς
2776 2754 3010 2829 θεωρίας
3030 2762 3340 2833 γενόμενοι,
3368 2763 3460 2818 τὸν
3480 2765 3570 2836 τῆς
3593 2761 3790 2834 γνώσεως

2265 2837 2494 2894 πλοῦτον
2531 2844 3006 2920 ὲμπορευσώμεθα
3031 2893 3046 2918 ,
3088 2855 3246 2926 εῐπερ
3277 2855 3423 2910 ἔλθοι
3444 2857 3529 2910 διὰ
3545 2856 3642 2910 τῶν
3661 2854 3793 2926 εὐχῶν

2265 2929 2421 3001 ὑμῶν
2450 2935 2512 2988 τὸ
2545 2937 2772 3014 Πνεῦμα
2809 2942 2870 2996 τὸ
2909 2941 3066 3014 ἅγιον
3091 2948 3185 3002 ἐπὶ
3211 2949 3308 3004 τὸν
3331 2950 3508 3022 λόγον,
3538 2951 3624 3006 καὶ
3656 2950 3798 3020 πλήσῐλ

2266 3020 2327 3074 τὸ
2354 3024 2544 3082 ἰστίον.

2351 3404 2517 3479 Ἀρχὴ
2553 3407 2612 3462 δὲ
2666 3409 2910 3478 γενέσθω
2959 3412 3054 3465 τοῦ
3110 3413 3270 3485 λόγου
3320 3417 3430 3472 τῶν
3480 3416 3790 3510 θεοπνεύστον

2264 3498 2524 3570 ῥημάτων
2570 3501 2603 3571 ἡ
2637 3503 2850 3574 μνήμη,
2890 3505 2982 3557 ἐπὶ
3010 3505 3206 3571 λέξεως
3231 3507 3432 3578 ἔχουσα
3457 3506 3638 3576 οὕτως’
3673 3507 3789 3564 Ἀνέ-

2259 3601 2418 3654 amr
2446 3585 2563 3657 ἐγὼ
2607 3588 2842 3654 ἀνοῖξαι
2887 3589 2967 3660 τῷ
2992 3593 3295 3665 ἀδελφιδῷ
3318 3617 3458 3669 μου.
3494 3600 3677 3670 Χεζρές
3702 3615 3794 3670 μου

2260 3675 2530 3742 ἔσταξαν
2592 3681 2899 3750 σμύρναν,
2955 3687 3010 3739 οἰ
3067 3684 3366 3744 δάκτυλοι
3406 3710 3524 3760 μου
3570 3694 3794 3762 σμύρναν

2260 3767 2484 3838 nam.
2527 3769 2651 3824 Ὀτι
2683 3774 2783 3841 μὲν
2821 3773 2921 3828 ούκ
2950 3775 3098 3831 ἔστιν
3135 3779 3193 3831 ὲν
3221 3779 3356 3851 ἡμῖν
3379 3782 3551 3845 ἄλλως
3592 3779 3791 3851 γενέσθαι

2258 3857 2349 3912 τὸν
2389 3857 2566 3923 ζῶντα
2598 3862 2793 3931 Λόγον,
2823 3864 2914 3918 τὸν
2943 3865 3181 3939 καθαρὸν
3221 3867 3369 3938 λέγω
3413 3873 3506 3925 καὶ
3532 3873 3788 3942 ἀσήμαντον

2255 3951 2508 4021 νυμφίον,
2551 3952 2642 4005 τὸν
2666 3953 2734 4007 δι’
2757 3955 3066 4027 ἀφθαρσίας
3108 3960 3200 4012 καὶ
3227 3961 3515 4035 ἁγιότητος
3543 3963 3698 4032 ἑαυτῴ
3717 3960 3788 4028 τὴν

2253 4041 2434 4113 ψυχὴν
2471 4045 2861 4113 συνοικίζοντα,
2893 4051 2940 4102 εἰ
2975 4051 3050 4122 μή
3099 4069 3185 4117 τις
3212 4053 3304 4109 διὰ
3343 4055 3438 4109 τοῦ
3467 4056 3707 4125 νεκρῶσαι
3738 4053 3788 4106 τὰ

2256 4133 2394 4204 μέλη
2419 4135 2488 4189 τὰ
2513 4136 2605 4189 ἐπὶ
2633 4137 2733 4209 τῆς
2753 4139 2855 4210 γῆς
2887 4142 3192 4210 περιέλοιτο
3216 4145 3278 4199 τὸ
3307 4147 3414 4217 τῆς
3438 4148 3628 4220 σαρκὸς
3651 4163 3790 4217 παρα·

2255 4224 2544 4296 πέτασμα,
2573 4229 2667 4281 καὶ
2705 4226 2878 4293 οὕτως
2917 4230 3212 4302 ἀνοίξοιτῷ
3231 4236 3391 4309 Λόγῳ
3416 4239 3514 4311 τὴν
3545 4237 3710 4310 θύραν,
3736 4233 3787 4287 δι’

2251 4310 2318 4386 ἦς
2354 4319 2433 4381 εἰς
2465 4320 2564 4389 τὴν
2593 4319 2768 4391 ψυχὴν
2797 4323 3146 4389 εἰσοικίζεται
3173 4342 3187 4356 °
3217 4326 3377 4397 δῆλόν
3406 4310 3550 4385 ἐστιν
3588 4329 3640 4382 οὐ
3667 4327 3786 4429 μόνρν

2251 4407 2315 4460 ὲκ
2350 4410 2455 4462 τῶν
2485 4410 2642 4465 θείων
2673 4413 2765 4467 τοῦ
2807 4415 3130 4471 Ἀποστόλου
3152 4418 3464 4490 δογμάτων,
3495 4422 3605 4477 ἀλλ’
3630 4424 3685 4474 ἐκ
3707 4418 3789 4472 τῶν

2253 4499 2348 4554 νῦν
2404 4503 2711 4574 εἰρημένων
2758 4507 2909 4579 παρά
2960 4510 3060 4580 τῆς
3100 4511 3341 4584 νύμφης.
3400 4515 3642 4587 Ἀνέστην
3684 4513 3785 4582 γὰρ,

2251 4594 2435 4665 φησὶν,
2466 4597 2676 4662 ἀνοῖξαι
2727 4599 2804 4670 τῷ
2847 4602 3114 4675 ἀδελφιδῷ
3146 4623 3288 4676 μου·
3331 4608 3424 4662 διὰ
3466 4609 3555 4663 τοῦ
3601 4607 3785 4678 ποιῆσαι

2247 4687 2345 4750 τὰς
2398 4691 2588 4759 χεῖράς
2631 4709 2732 4761 μου
2781 4695 2879 4766 τῆς
2925 4697 3172 4768 σμύρνης
3221 4700 3438 4770 πηγὰς,
3487 4702 3577 4772 ἀφ’
3615 4698 3783 4754 ἑαυτῶν

2255 4781 2481 4850 ῥεούσας
2500 4783 2558 4836 τὸ
2580 4784 2800 4854 ἄρωμα,
2831 4788 2923 4841 καὶ
2946 4789 3219 4861 πλήρωμα
3239 4793 3348 4847 τῶν
3366 4794 3635 4888 δακτύλων
3651 4793 3783 4888 δεῖξαι

2251 4872 2348 4942 τὴν
2380 4874 2642 4947 σμύρναν.
2699 4877 2802 4932 Τὸν
2848 4880 2955 4953 γὰρ
3001 4883 3202 4953 τρόπον
3233 4885 3301 4938 δι’
3335 4882 3396 4941 οὗ
3441 4888 3694 4955 ἀνοίγεται
3723 4885 3781 4952 ιφ

2249 4966 2466 5036 νυμφίῳ
2493 4969 2525 5039 ἡ
2568 4966 2724 5039 θύρα,
2755 4971 2887 5042 φησί
2909 4972 2998 5026 διὰ
3021 4974 3127 5028 τῶν
3161 4977 3469 5048 εἰρημένων
3489 4996 3500 5009 ·
3540 4981 3615 5034 ὅτι
3638 4976 3716 5030 Διὰ
3737 4975 3784 5025 τὸ

2249 5058 2582 5126 συπαφῆναι
2618 5059 2764 5131 αὐτῷ
2804 5061 2892 5115 διὰ
2914 5063 3006 5117 τοῦ
3037 5064 3347 5138 βαπτισμοῦ
3372 5071 3452 5134 εἰς
3475 5070 3566 5124 τὸν
3593 5069 3780 5122 θάνατον

2245 5146 2499 5220 ἀνέστην.
2530 5149 2606 5202 Οὐ
2628 5149 2735 5224 γὰρ
2763 5151 2828 5205 ἂν
2845 5155 3144 5226 ἐνήργησεν
3169 5159 3201 5228 ὴ
3235 5159 3549 5224 ἀνάστασις,
3577 5160 3645 5231 μὴ
3673 5174 3777 5228 πρίν

2244 5239 2706 5312 καθηγησαμένης
2733 5243 2832 5314 τῆς
2857 5245 3102 5302 ἑκουσίου
3133 5252 3476 5323 νεκρότητος.
3526 5251 3778 5306 Ἐνδείκνυ·

2239 5345 2330 5383 ται
2352 5330 2407 5384 δὲ
2431 5334 2492 5387 τὸ
2512 5335 2756 5389 ἑκούσιον
2783 5338 2815 5408 ἡ
2849 5341 2913 5392 ἐκ
2940 5339 3046 5392 τῶν
3069 5343 3266 5414 χειρῶν
3284 5343 3454 5414 αὐτῆς
3475 5342 3776 5416 ἀπορρέουσα

2239 5425 2338 5494 τῆς
2367 5426 2610 5500 σμύρνης
2651 5430 2886 5500 σταγὼν,
2917 5433 3010 5488 καὶ
3040 5435 3101 5488 τὸ
3123 5437 3516 5510 πεπληρῶσθαι
3537 5441 3653 5501 τοὺς
3674 5436 3775 5489 δακ-

2237 5515 2425 5582 τύλους
2443 5518 2614 5591 αύτῆς
2638 5521 2733 5576 τοῦ
2761 5522 3052 5598 ἀρώματος
3080 5529 3288 5594 τούτου.
3315 5531 3390 5585 ού
3423 5531 3528 5602 γάρ
3549 5525 3773 5602 ἑτέρωθεν

2236 5611 2554 5680 ἐγγενέσθαι
2586 5617 2652 5686 τῇ
2697 5618 2838 5689 χειρί
2866 5617 3014 5688 λέγει
3052 5621 3152 5694 τὴν
3191 5622 3454 5694 σμύρναν.
3500 5622 3695 5724 Ἦγάρ
3719 5618 3769 5724 ἦν

2239 5703 2498 5775 ἐνομίσθη
2535 5706 2624 5761 διὰ
2664 5708 2885 5778 τούτου,
2929 5716 3312 5784 περιστατικὸν
3348 5718 3488 5788 αὐτῇ
3522 5718 3608 5771 καὶ
3636 5715 3766 5818 6x09:

2239 5799 2548 5818 φυηρ
2711 5802 2725 5818 .
2777 5803 2847 5818 ..
2922 5806 2948 5817 -
3100 5807 3111 5818 .
3275 5809 3354 5818 -.
3418 5811 3428 5818 .

2233 5813 2345 5849 σιον
2375 5799 2650 5870 συμϐῆναι
2676 5802 2737 5856 τὺ
2771 5803 2860 5858 διὰ
2886 5806 2984 5876 τῆς
3007 5807 3252 5879 σμύρνης
3267 5809 3612 5903 δηλούμενον.
3651 5801 3749 5903 ’Δλλ

2226 5887 2396 5954 αὐτάς
2419 5908 2550 5965 φησι
2591 5894 2688 5961 τὰς
2720 5900 2902 5967 χεῖρας
2937 5898 2956 5968 (
2979 5898 3230 5971 σημαίνει
3257 5901 3314 5956 δὲ
3345 5900 3440 5960 διὰ
3473 5902 3578 5960 τῶν
3601 5893 3765 5972 χειριῖνιί
