3932 6470
131 383 252 440 Nil?
1129 392 1198 447 IN
1222 393 1522 453 CANTICA
1548 393 1814 453 CANTIC.
1841 396 2121 458 IlOMlLlA
2159 402 2274 461 Xll.
3198 407 3332 466 1018

127 504 214 567 τὰς
242 502 577 573 ὲνεργητικάς
598 501 698 575 τῆς
715 502 889 576 ψυχῆς
912 506 1171 581 κινήσεις)
1194 510 1285 579 ἀφ’
1312 512 1519 567 ἑαυτῶν
1542 511 1663 566 στά-

1786 528 1912 582 psas
1953 514 2128 586 inquit
2159 516 2252 587 (et
2282 531 2546 574 manuum
2601 518 2965 592 appellatione
3002 529 3185 578 motus
3214 525 3333 578 aui-

130 597 208 662 ξαι
234 595 320 666 τὴν
350 592 615 668 σμύρναν,
654 597 754 669 τὴν
792 598 1002 653 οἴκοθεν
1034 601 1099 653 ἑκ
1142 602 1514 679 προαιρέσεως
1555 605 1664 659 τῶν

1787 603 1862 665 ni,
1894 603 1987 673 qui
2032 607 2307 662 actionum
2338 608 2621 665 elfectores
2650 619 2799 675 sunt,
2832 609 3091 684 denotat)
3119 628 3187 667 ex
3210 628 3333 668 sese

130 686 421 756 σωματικῶν
442 687 733 757 γινομένην
754 686 1131 761 νέκρωσιν-διὰ
1151 693 1340 747 τούτου
1385 692 1666 764 σημαίνων

1786 694 2006 751 stillasse
2037 699 2337 768 myrrham,
2370 716 2481 770 quo
2510 702 2823 773 signiﬁcare
2861 703 3036 757 voluit
3085 719 3150 758 ex
3180 712 3335 758 certo

126 779 213 849 τὴν
239 779 289 830 ἑν
316 779 445 830 πᾶσι
476 782 588 841 τοῖς
611 778 907 844 δακτύλοις·
938 786 1398 857 πεπληρωμένην.
1426 786 1587 855 Λέγει
1609 787 1667 841 δὲ

1786 786 1935 841 mimi
1962 787 2180 858 judicio
2208 790 2517 847 institutam
2558 809 2950 864 corporearum
2985 794 3333 850 atl‘ectionutn

125 872 187 925 τὰ
211 872 318 926 καθ’
336 872 560 926 ἕκαστον
594 873 708 943 εἴδη
734 873 804 927 τά
823 874 1163 946 διηρημένως
1190 877 1260 930 δι’
1288 878 1489 949 ἀρετῆς
1512 894 1669 931 σπου-

66 1031 71 1039 ,
124 961 398 1032 δαζόμενα,
430 961 508 1033 τῷ
543 962 651 1015 τῶν
682 962 960 1018 δακτύλων
990 965 1358 1038 διερμηνεύων
1400 967 1624 1040 ὀνόματι
1652 1009 1666 1034 ,

125 1054 191 1117 ὼς
219 1050 341 1107 εἶναι
374 1053 546 1108 πάντα
581 1055 674 1109 τὸν
714 1054 839 1111 νοῦν
880 1056 992 1111 τῶν
1040 1057 1346 1130 λεγομένων
1392 1060 1666 1114 τοιοῦτον·

1768 902 2216 970 exstinctionem,
2269 923 2433 978 quam
2496 910 2755 965 omnibus
2815 910 2871 964 in
2916 909 3102 980 digitis
3163 909 3336 965 fuisse

1771 994 1993 1050 uberem
2049 999 2129 1051 ait
2178 1016 2192 1052 :
2237 999 2535 1070 digitorum
2596 1000 2966 1070 appellatione
3021 1002 3336 1071 intelligens

1772 1086 2017 1156 singulas
2044 1104 2234 1144 eorum
2269 1092 2504 1161 species.
2535 1108 2657 1164 qua
2689 1095 2745 1149 in
2797 1094 2948 1148 cultu
3001 1093 3219 1148 virtutis
3250 1091 3336 1148 di-

1773 1190 1929 1233 verse
1965 1193 1996 1233 a
2024 1179 2183 1236 nobis
2214 1181 2598 1237 instituuntur.
2631 1185 2712 1237 lta
2752 1191 2813 1237 ut
2870 1183 3062 1236 horum
3093 1182 3338 1236 omnium

1773 1285 1896 1340 quze
1932 1270 2191 1326 dicuntur
2220 1273 2327 1339 hic,
2359 1289 2556 1331 sensus
2588 1275 2808 1346 quidem
2849 1283 2921 1332 sit
2976 1274 3290 1346 liujusmodi
3321 1291 3335 1328 :

125 1142 199 1195 ὅτι
228 1142 442 1197 Ἔλασον
477 1142 705 1215 δύναμιν
746 1145 1093 1211 ἀναστάσεως
1126 1147 1214 1202 διὰ
1257 1148 1351 1203 τοῦ
1400 1150 1671 1223 νεκρῶσαι

124 1235 185 1289 τὰ
212 1235 333 1307 μέλη
369 1234 471 1305 μοῦ
514 1237 583 1289 τά
607 1237 700 1291 ἐπὶ
728 1238 843 1308 τῆς,
863 1239 985 1309 γῆς,
1031 1240 1290 1305 ἑκουσίως
1319 1259 1411 1312 μοι
1435 1242 1535 1313 τῆς
1563 1242 1672 1296 τῶν

127 1325 287 1395 μελῶν
336 1326 441 1379 τῶν
479 1328 735 1381 τοιούτων
774 1329 1170 1402 ὲνηργηθείσης
1208 1330 1565 1404 νεκρώσεως,
1610 1333 1675 1386 οὺ

54 1458 55 1461 η
125 1422 243 1492 παρ’
271 1420 420 1474 ἄλλου
447 1424 566 1485 ταῖς
593 1422 778 1493 χερσὶν
804 1420 1110 1493 ἑντεθεὶσης
1136 1423 1232 1493 τῆς
1263 1423 1527 1495 σμύρνης,
1559 1423 1674 1477 ἀλλ’

54 1552 55 1555 η
124 1514 182 1563 ἐκ
212 1512 300 1583 τῆς
328 1513 464 1583 ἐμῆς
489 1512 858 1584 προαιρέσεως
890 1511 1286 1585 ἀπορρεούσης·
1320 1514 1396 1578 ῶς
1417 1516 1511 1568 καὶ
1541 1516 1674 1569 πᾶσι

1773 1379 1974 1451 Accepi
1996 1381 2107 1435 vim
2132 1383 2554 1439 resurrectionis
2578 1400 2645 1439 ex
2670 1400 2756 1451 eo,
2779 1388 2923 1455 quod
2953 1376 3193 1439 me'mhra
3222 1397 3341 1438 mea

1777 1484 1996 1530 terrena
2026 1483 2243 1530 mortua
2292 1475 2645 1545 reddiderim,
2682 1493 2914 1549 eamque
2968 1478 3341 1531 membrorum

1777 1565 2256 1620 mortificationem
2292 1574 2487 1637 sponte
2539 1583 2663 1623 mea
2717 1568 3071 1630 instituerim.
3132 1582 3243 1621 non
3273 1567 3347 1620 ab

1778 1654 1887 1710 alio
1931 1657 2151 1727 myrrha
2186 1658 2318 1712 mihi
2359 1659 2414 1712 in
2461 1674 2659 1715 manus
2713 1660 2839 1715 data
2875 1678 2889 1715 :
2925 1660 3020 1715 sed
3074 1658 3347 1714 deﬂuente

1778 1746 1869 1801 illa
1900 1759 2051 1803 certo
2103 1749 2266 1803 animi
2298 1750 2404 1805 mei
2443 1751 2712 1806 arbitratu
2742 1770 2753 1805 :
2790 1754 2860 1805 ita
2891 1760 2949 1805 ut
2978 1752 3028 1805 in
3088 1749 3346 1805 omnibus

1708 1853 1751 1908 Β
1780 1839 1916 1895 meis
1946 1839 2135 1894 virtuti
2173 1843 2560 1898 consentaneis
2611 1845 2919 1907 conatibus,
2974 1858 3114 1913 quos
3145 1841 3350 1914 digitos

1781 1932 2018 1995 vocavit,
2060 1932 2174 1987 haec
2201 1933 2368 1987 animi
2416 1933 2634 1990 affectio
2677 1936 2897 2006 copiose
2949 1934 3342 2005 conspiciatur.

55 1645 58 1648 .
124 1604 224 1664 τοῖς
265 1601 377 1655 κατ’
433 1602 632 1675 ἀρετὴν
680 1600 1126 1673 ἐπιτηδεύμασιν,
1190 1601 1334 1670 ἅπερ
1381 1601 1677 1665 δακτύλους

52 1736 55 1741 .
123 1693 413 1763 ὠνόμασεν,
442 1693 701 1763 ἀνελλιπῆ
732 1694 831 1764 τὴν
866 1694 1120 1764 τοιαύτην
1145 1694 1374 1766 δρᾶσθαι
1412 1695 1673 1750 διάθεσιν.

54 1830 57 1857 ζ
127 1785 271 1837 Ἔστι
302 1785 405 1855 γὰρ
434 1785 524 1838 ἐπὶ
560 1784 667 1839 τῶν
702 1785 800 1856 τὴν
834 1784 1032 1857 ἀρετήν
1073 1786 1368 1856 μετιόντων
1418 1786 1565 1851 ίδεῖν,
1597 1787 1678 1841 ἑνὶ

54 1948 57 1949 ν
126 1876 217 1946 μὲν
244 1874 429 1935 αὐτούς
457 1894 563 1930 τινι
591 1877 889 1942 τεθνεῶτας
916 1877 1099 1943 πάθει,
1127 1878 1186 1930 ἑν
1214 1879 1421 1950 ἑτέροις
1452 1879 1508 1933 δὲ
1543 1879 1677 1945 ζῶν-

122 1982 245 2030 τας*
273 1965 515 2039 καθάπερ
534 1966 747 2038 ὁρῶμέν
775 1984 945 2031 τινας,
982 1966 1312 2040 νεκροῢντας
1348 1969 1443 2039 μὲν
1467 1970 1679 2033 ἑαυτοῖς

60 2112 61 2115 η
120 2058 176 2109 τὸ
201 2056 508 2119 ἀκόλαστον,
544 2056 611 2111 ἂν
653 2057 795 2111 οὓτω
828 2058 999 2130 τύχοι,
1034 2060 1334 2132 τρέφοντας
1359 2061 1416 2114 δὲ
1455 2060 1521 2114 δι’
1560 2064 1679 2115 ἑπι-

52 2202 61 2212 _
124 2147 326 2218 μελείας
350 2148 440 2202 τὸν
476 2147 663 2217 τύφον,
699 2149 731 2222 ἢ
776 2149 961 2221 ἔτερόν
988 2167 1041 2213 τι
1075 2151 1245 2215 πάθος
1278 2151 1339 2204 τὸ
1368 2152 1466 2223 τὴν
1500 2152 1679 2223 ψυχὴν

52 2224 59 2309 ί
120 2239 528 2310 λυμαινόμενονο
566 2233 672 2292 οἷον
717 2239 778 2293 τὸ
818 2239 1240 2311 φιλοχρήματον,
1279 2238 1402 2310 ῆτδ
1444 2239 1677 2311 ὀργίλον,

52 2386 63 2396 ,
119 2329 231 2401 ἢτδ
256 2329 608 2403 φιλόχρηστον
638 2330 732 2383 καὶ
768 2328 1061 2399 φιλόδοξον,
1090 2328 1123 2401 ἢ
1157 2329 1284 2382 ἀλλο
1322 2330 1588 2385 τοιοῦτονο
1618 2320 1681 2382 οὖ

56 2412 59 2415 ’
118 2422 299 2485 κακῶς
341 2423 397 2476 ἑν
436 2425 503 2493 τῇ
547 2421 692 2493 ψυχῇ
734 2420 966 2487 ζῶντος,
1010 2421 1112 2474 οὐκ
1143 2420 1258 2473 ἐστι
1295 2421 1523 2493 πλήρεις
1552 2422 1681 2486 τοὺς

60 2506 61 2511 “
116 2510 402 2576 δακτύλους
435 2511 697 2577 ἐπιδεῖξαι
719 2514 819 2584 τῆς
846 2508 1110 2582 σμύρνης.
1134 2509 1209 2565 Οὐ
1231 2510 1338 2580 γὰρ
1358 2510 1445 2564 διά
1466 2512 1682 2566 πάντων

1784 2021 1993 2077 Etenim
2028 2023 2211 2079 videre
2236 2032 2322 2079 est
2348 2040 2444 2081 eos
2478 2026 2571 2096 qui
2629 2042 2739 2082 non
2793 2026 3031 2098 perfecte
3088 2026 3344 2081 virtutem

1780 2114 1991 2179 colunt,
2030 2130 2142 2170 uno
2184 2116 2401 2185 quidem
2462 2118 2586 2173 illos
2622 2120 2791 2177 animi
2850 2120 3040 2174 morbo
3098 2126 3351 2173 mortuos

1780 2221 1923 2272 esse,
1965 2206 2058 2261 sed
2089 2207 2143 2261 in
2174 2208 2390 2263 caneris
2419 2209 2640 2265 vivere:
2693 2209 3154 2280 quemadmodum
3199 2207 3350 2263 vide-

1782 2312 1906 2352 mus
1934 2299 2228 2355 nonnullos
2295 2299 2794 2371 intemperantiam,
2828 2302 2977 2356 verbi
3035 2300 3230 2372 gratia,
3292 2298 3350 2355 in

1781 2392 1985 2463 seipsis
2011 2392 2170 2464 quasi
2206 2402 2381 2447 morte
2418 2394 2672 2457 multare,
2704 2393 2799 2448 sed
2825 2408 3026 2463 magno
3049 2392 3232 2448 studio
3257 2405 3353 2447 su-

1783 2486 2025 2557 perbiam
2078 2484 2247 2548 alere.
2294 2486 2379 2541 vel
2430 2486 2581 2541 aliud
2613 2486 2886 2557 quoddam
2938 2485 3139 2539 vitium,
3171 2481 3356 2537 animo

62 2606 63 2609 “
118 2602 359 2671 φαίνεται
382 2573 839 2673 ’ἐπιτηδευμάτων
882 2573 923 2671 ’ἡ
963 2573 1063 2653 τού
1105 2573 1274 2653 κακού
1308 2573 1585 2673 ’νέκρωσίς
1621 2618 1682 2654 τε

1786 2576 2196 2648 perniciosum:
2238 2577 2389 2633 verbi
2420 2578 2616 2648 gratia,
2644 2577 3002 2648 cupiditatem
3042 2590 3231 2646 opum,
3266 2573 3359 2627 vel

117 2664 211 2748 δὶα).
233 2664 598 2766 ἀλλοτρίωσις.
627 2664 850 2747 Πάντων
882 2664 939 2746 at
962 2690 1356 2764 πληρωθέντων
1376 2664 1486 2746 τῶν
1514 2664 1683 2747 τοιού-

1786 2669 2148 2734 iracundiam,
2176 2670 2258 2725 vel
2288 2670 2664 2734 ambitionem,
2695 2669 2782 2724 vel
2815 2667 2947 2739 quid
2992 2665 3140 2721 aliud
3167 2664 3362 2735 eiusce

52 2760 57 2784 ἑ
114 2804 224 2839 των
248 2757 520 2841 δακτύλων
549 2786 648 2857 τῆς
670 2783 956 2857 νοηθείσης
987 2757 1258 2855 σμύρνης,
1288 2785 1380 2837 καὶ
1400 2784 1683 2839 ἀνίσταται

1786 2764 2021 2835 generis.
2056 2762 2201 2833 quod
2253 2762 2384 2818 dum
2431 2762 2611 2817 adhuc
2664 2762 2807 2823 male
2858 2760 2992 2814 vivit
3021 2759 3073 2813 in
3131 2757 3359 2817 animo,

52 2868 54 2899 ⁵
117 2877 152 2948 ή
169 2875 328 2947 ψυχὴ,
364 2879 456 2933 καὶ
479 2846 683 2945 ἀνοίγει
709 2846 786 2945 τῶ
806 2894 866 2927 νυ
875 2846 1139 2947 μὲῥίῳ’τὴζ,
1163 2846 1382 2932 alaeam,
1405 2877 1502 2930 Διὰ
1528 2876 1683 2929 τοῦτο

1786 2857 1899 2911 fieri
1930 2871 2041 2911 non
2077 2863 2258 2926 potest
2288 2862 2348 2910 ut
2381 2855 2507 2925 quis
2536 2853 2736 2925 digitos
2766 2867 2900 2909 suos
2933 2849 3154 2921 myrrha
3180 2846 3363 2903 refer-

58 2988 61 2993 ·
116 2937 274 3039 τάχα,
296 2937 392 3022 καὶ
440 2968 469 3021 ὁ
516 2937 689 3039 μέγας
741 2937 951 3031 ὐαῦλος
988 2937 1167 3032 καλῶς
1209 2970 1406 3040 νοήσας
1453 2967 1551 3040 τὴν
1590 2966 1683 3021 τοῦ

1786 2961 1875 3005 tos
1903 2949 2179 3004 ostendat.
2206 2945 2325 3002 Non
2353 2948 2500 3002 enim
2536 2946 2717 3001 elucet
2755 2945 2811 2999 in
2846 2943 3104 2999 omnibus
3162 2937 3365 2996 studiis

117 3034 385 3119 Δεσπότου
414 3034 617 3130 φωνὴν,
640 3059 675 3128 ’ή
699 3075 883 3129 φησιν,
904 3060 989 3112 ὅτι
1015 3061 1136 3113 Οὐκ
1154 3034 1527 3128 ἔστι-φυῆναι
1550 3056 1683 3112 στά-

1786 3050 1841 3097 et
1886 3041 2197 3095 actionibus
2249 3038 2546 3094 exstinctio
2572 3037 2722 3101 mali,
2780 3045 2835 3091 et
2878 3034 3131 3105 quaedam
3172 3034 3242 3088 ab
3291 3046 3363 3087 eo

56 3152 61 3183 ’
118 3168 268 3220 χυν,
302 3151 408 3203 ἐὰν
426 3124 529 3220 ⁷μὴ
554 3124 946 3218 ’προδιάλυθῇ
984 3148 1063 3215 τῷ
1101 3124 1333 3213 θανάτῷ
1365 3124 1683 3215 ὁῠκόκκος.

1788 3134 1937 3189 velut
1967 3133 2317 3189 abalienatio.
2351 3133 2424 3186 At
2448 3146 2573 3186 cum
2632 3130 2789 3201 digiti
2819 3142 3010 3183 omnes
3042 3124 3362 3195 huiusmodi

52 3252 61 3285 ι
117 3239 286 3293 Τοῦτο
308 3240 569 3311 κηρύσσει
595 3242 664 3310 τῇ
714 3238 1011 3311 Ἐκκλησία
1031 3238 1092 3292 τὸ
1123 3238 1330 3309 δόγμα,
1353 3238 1436 3292 ὅτι
1463 3237 1568 3308 χρὴ
1600 3238 1683 3293 θαι

1788 3227 2031 3296 myrrha,
2061 3241 2184 3295 qua:
2209 3224 2300 3280 hic
2331 3222 2675 3294 intelligitur,
2698 3221 2891 3291 repleti
2917 3227 3069 3282 sunt,
3093 3225 3209 3273 tum
3230 3232 3366 3272 vero

114 3347 274 3382 νατον
437 3326 582 3399 ζωῆς
615 3306 1029 3400 καθηγήσασθαι
1051 3368 1066 3394 ,
1102 3306 1308 3392 ῶςούκ
1347 3306 1683 3399 ἐνδεχόμενον

1789 3325 1843 3373 et
1871 3318 2050 3389 surgit
2078 3319 2280 3381 anima,
2311 3325 2366 3372 et
2400 3314 2605 3369 aditum
2655 3327 2859 3385 sponso
2901 3309 3183 3401 patefacit.
3219 3306 3363 3401 Prw

52 3440 60 3469 :
117 3421 295 3485 ἄλλως
339 3422 396 3474 ἑν
439 3418 713 3491 ἀνθρώπῳ
749 3422 852 3491 τὴν
897 3418 1042 3491 ζωὴν
1086 3420 1372 3489 γενέσθαι,
1406 3422 1454 3473 ει
1497 3420 1570 3491 μὴ
1602 3419 1693 3473 διὰ

52 3536 55 3541 ·
114 3512 346 3565 θανάτου
374 3509 526 3564 λάϐοι
565 3511 665 3581 τὴν
709 3510 960 3581 πάροδον.
988 3509 1189 3581 Διπλῆς
1221 3511 1330 3583 γὰρ
1367 3512 1425 3564 ἑν
1451 3512 1581 3582 ἡμῖν
1602 3509 1692 3563 οὖ-

52 3644 55 3657 .
113 3619 218 3674 σης
250 3602 346 3671 τῆς
372 3601 613 3670 φύσεως,
642 3601 739 3672 τῆς
776 3602 876 3672 μὲν
911 3601 1116 3672 λεπτῆς
1154 3619 1212 3655 τε
1240 3604 1334 3656 καὶ
1374 3604 1565 3673 νοερᾶς
1596 3602 1692 3655 καὶ

109 3694 326 3763 κούφης
349 3709 363 3723 ·
396 3692 494 3763 τῆς
533 3692 588 3746 δὲ
637 3694 867 3763 παχείας
916 3694 1007 3747 καὶ
1043 3694 1235 3765 ὑλικῆς
1282 3693 1377 3747 καὶ
1425 3692 1690 3765 βαρείας⁶

108 3782 329 3851 ἀνάγκη
356 3782 503 3834 πᾶσα
522 3778 833 3850 ἀσύμϐατω
859 3781 995 3851 πρὸς
1020 3780 1117 3851 τὴν
1149 3781 1342 3851 ἑτέραν
1366 3782 1426 3836 ἑν
1447 3781 1693 3854 ἑκατέρᾳ.

105 3874 321 3927 τούτων
352 3871 451 3942 τὴν
488 3871 667 3942 ὁρμὴν
700 3867 835 3924 εἶναι
873 3872 966 3925 καὶ
996 3871 1318 3935 ιδιάζουσαν.
1352 3870 1425 3923 Τὸ
1459 3871 1557 3941 μὲν
1584 3873 1695 3945 γὰρ

102 3964 302 4036 νοερόν
332 3982 391 4018 τε
436 3964 533 4017 καὶ
558 3961 759 4032 κοῦφον
799 3964 1003 4017 οίκείαν
1039 3963 1152 4034 ἔχει
1203 3962 1302 4034 τήν
1331 3963 1426 4017 ἐπὶ
1468 3964 1538 4018 τὰ
1581 3963 1695 4018 ἄνω

104 4058 291 4128 φοράν
316 4073 331 4087 ο
362 4055 424 4110 τὸ
457 4056 513 4110 δὲ
551 4054 691 4127 βαρὺ
734 4056 830 4109 καὶ
865 4054 1064 4119 ὑλῶδες
1089 4096 1106 4121 ,
1134 4055 1222 4108 ἀεὶ
1246 4054 1407 4127 ’πρὸς
1436 4053 1499 4108 τὸ
1546 4055 1698 4109 κάτω

105 4149 277 4221 ῥέπει
329 4148 424 4201 καὶ⁸
471 4148 721 4218 φέρεται.
774 4145 865 4211 Ἐξ
906 4145 1151 4199 ἑναντίου
1193 4145 1377 4201 τοίνυν
1408 4146 1697 4217 γινομένης

98 4241 302 4302 αὐτοῖς
328 4238 571 4308 φυσικῶς
609 4237 710 4307 τῆς
738 4239 1003 4308 κινήσεως
1026 4278 1040 4303 ,
1066 4237 1166 4290 οὐκ
1200 4236 1346 4291 ἐστιν
1371 4237 1698 4309 εύοδωθῆναι

94 4332 170 4385 τὸ
210 4331 421 4403 ἕτερον,
448 4330 523 4401 μὴ
549 4332 905 4400 ἀτονήσαντος
942 4329 1036 4382 τοῦ
1073 4329 1234 4383 ἄλλου
1262 4329 1396 4400 πρὸς
1420 4329 1520 4400 τὴν
1557 4328 1699 4383 κατὰ

94 4427 281 4499 φύσιν
315 4426 521 4497 φοράνο
555 4423 692 4495 μέση
721 4423 777 4476 δὲ
808 4424 1009 4493 ἀμφοῖν
1052 4423 1266 4475 ἑστῶσα
1294 4424 1327 4494 ἡ
1361 4421 1701 4487 αύτεξούσιος

1789 3417 1975 3480 pterea
2006 3407 2193 3464 forsan
2234 3415 2289 3462 et
2317 3421 2547 3478 magnus
2580 3405 2671 3460 ille
2707 3403 2910 3458 Paulus
2942 3408 3092 3456 recte
3141 3398 3366 3453 intelle~

1790 3510 1880 3557 cta
1919 3500 2135 3555 Domini
2166 3515 2302 3554 voce
2327 3499 2423 3558 ait.
2458 3497 2573 3553 fieri
2612 3513 2722 3552 non
2761 3510 2925 3566 posse
2953 3501 3013 3547 ttt
3040 3492 3189 3562 spica
3230 3504 3361 3560 pro-

1790 3594 1993 3659 veniat,
2030 3592 2135 3647 nisi
2170 3591 2324 3662 prius
2362 3597 2536 3644 morte
2564 3602 2795 3660 granum
2835 3585 3189 3641 dissolvatur.
3226 3580 3371 3647 θεῆς

1791 3688 1895 3743 bus
1936 3688 1992 3741 in
2048 3685 2229 3741 verbis
2285 3683 2428 3738 ltano
2480 3680 2742 3735 Ecclesiae
2793 3676 3100 3733 doctrinam
3160 3671 3372 3735 tradit,

1794 3788 2048 3849 oportere
2085 3777 2345 3832 nimirum
2400 3782 2528 3829 ante
2560 3775 2730 3826 vitam
2760 3768 3066 3840 praecedere
3108 3773 3376 3827 mortem,

1795 3871 1941 3943 quod
1973 3868 2271 3937 caeteroqui
2302 3866 2417 3921 ﬁeri
2451 3871 2707 3935 nequeat,
2740 3870 2800 3915 ut
2829 3863 2937 3915 vita
2992 3860 3061 3915 sit
3095 3858 3149 3911 in
3190 3854 3377 3909 homi-.

1795 3977 1886 4028 ne,
1905 3960 2012 4015 nisi
2048 3974 2144 4029 per
2171 3966 2402 4012 mortem
2433 3949 2997 4025 ingrediatur”.Nam
3013 3963 3140 4003 cum
3166 3952 3373 4002 natura.

1797 4054 1868 4110 sit
1892 4052 2092 4122 duplex
2124 4052 2178 4105 in
2212 4050 2394 4112 nobis,
2437 4048 2609 4102 altera
2658 4045 2897 4105 subtilis.
2943 4037 3279 4109 intelligendi
3313 4035 3372 4096 vi

1799 4145 2050 4218 praedita,
2083 4142 2218 4198 levis
2245 4159 2261 4209 ;
2299 4142 2471 4195 altera
2504 4152 2715 4199 crassa,
2750 4145 2925 4191 terrea
2974 4132 3199 4189 materie
3231 4144 3365 4183 con-

1798 4247 1976 4301 stans,
2011 4233 2229 4306 gravis:
2261 4230 2484 4286 omnino
2516 4242 2742 4284 necesse
2770 4236 2858 4281 est
2878 4227 2931 4280 in
2966 4225 3161 4277 harum
3214 4228 3372 4275 utra~

1798 4343 1906 4399 que
1936 4327 2196 4396 impetum
2226 4322 2557 4393 peculiarem
2592 4327 2647 4373 et
2679 4319 3063 4373 abhorrentem
3095 4314 3163 4371 ab
3195 4311 3369 4366 altera

1798 4435 1941 4476 esse.
1969 4417 2102 4472 Nam
2131 4414 2278 4486 quod
2305 4412 2676 4484 intelligentiae
2696 4410 2803 4464 vim
2826 4408 2989 4462 habet
3019 4420 3086 4460 ac
3113 4404 3231 4461 leve
3261 4410 3368 4465 est,

92 4493 133 4593 σή
142 4520 274 4593 μῶν
286 4493 515 4586 δύναμίς
532 4493 589 4567 τε
608 4493 702 4568 καῖ.
727 4517 1064 4588 προαίρεσις,
1084 4514 1149 4568 δι’
1170 4514 1366 4585 ἑαυτῆς
1376 4513 1683 4585 ἑμποιεῖ,κα“

1806 4510 2154 4585 peculiariter
2184 4510 2256 4563 ita
2280 4513 2656 4575 comparatum
2687 4510 2870 4566 est,ut
2899 4513 3119 4554 sursum
3152 4493 3371 4556 tendat:

91 4614 268 4669 τόνον
302 4607 383 4679 τῷ
412 4608 670 4678 κάμνοντι
696 4607 791 4661 καὶ
818 4606 1032 4661 ἀτονίαν
1045 4606 1123 4679 τῷ
1148 4608 1506 4680 κατισχύοντι.
1548 4608 1635 4661 Ἑν
1660 4599 1683 4675 ἦ

1801 4597 1948 4669 quod
1987 4611 2119 4652 vero
2157 4609 2323 4667 grave
2358 4601 2466 4657 est,
2514 4590 2691 4661 deque
2728 4587 2954 4643 materie
3008 4600 3198 4644 crassa
3232 4598 3372 4638 cone

89 4704 221 4776 γὰρ
252 4674 691 4771 γένηται-μέρει,
723 4696 898 4766 τούτῳ
921 4674 1106 4751 δίδωσι
1146 4674 1283 4753 κατὰ
1310 4674 1411 4751 τοῦ
1447 4695 1606 4752 ἄλλου
1634 4674 1683 4750 τε

1801 4699 1934 4758 stat,
1979 4704 2194 4758 semper
2249 4687 2506 4741 deorsum
2539 4683 2712 4754 vergit
2751 4696 2818 4735 ac
2863 4687 3133 4734 movetur.
3192 4674 3380 4741 Quare

90 4771 435 4871 νικητήρια.
469 4794 655 4858 Οὖτως
676 4795 734 4847 ἑν
772 4790 850 4863 τῷ
872 4792 1188 4864 Εύαγγελίῳ
1220 4793 1522 4846 ἑπαινεῖται
1543 4790 1683 4861 μὲνέ

1800 4797 1926 4838 eum
1956 4798 1991 4836 a
2033 4789 2231 4836 natura
2276 4779 2357 4832 sic
2390 4782 2706 4846 comparata
2760 4771 2894 4835 sint,
2925 4778 2987 4823 ut
3013 4777 3195 4823 motus
3238 4780 3373 4827 eone

93 4858 426 4954 πιστὸς-καὶ
454 4886 717 4959 φρόνιμος
743 4858 1055 4956 οἰκονόμοςι
1082 4858 1234 4948 οὗτος
1261 4880 1369 4954 γάρ
1390 4886 1526 4947 ἑστι,
1545 4858 1683 4938 ’κατι

1800 4876 2004 4931 trarios
2033 4873 2305 4927 habeant:
2342 4868 2459 4924 ﬁeri
2489 4866 2677 4936 nequit
2708 4872 2767 4927 ut
2794 4871 2941 4918 recte
2986 4862 3191 4921 habeat,
3231 4858 3373 4913 alte-_

94 5001 168 5053 γε
198 4949 665 5051 τδννὲμδνΙλόγον,
697 4978 730 5048 ή
757 4949 937 5039 καλῶς
960 4974 1067 5029 τῶν
1094 4977 1152 5027 ἑν
1182 4949 1312 5045 ἡμῖν
1336 4949 1683 5028 ἑπιστατοῦσα

1803 4983 1949 5033 rum,
1984 4965 2092 5020 nisi
2120 4961 2346 5017 alterius
2375 4957 2645 5014 naturalis
2673 4966 2857 5011 motus
2885 4954 3159 5024 langueat.
3206 4949 3378 5004 Stans

96 5042 464 5149 προαίρεσις.
507 5042 842 5126 Ἐ’παινεῖται
868 5069 977 5140 γὰρ
999 5069 1083 5122 ὅτι
1113 5042 1304 5138 τρέιρει
1334 5065 1435 5137 τὴν
1471 5065 1683 5118 οἰκετίαε

1806 5067 1987 5115 autem
2019 5054 2204 5110 medio
2240 5053 2386 5107 inter
2428 5060 2659 5120 utraque
2717 5048 2842 5102 ioco
2880 5045 3114 5103 facultas
3164 5042 3257 5097 illa
3318 5042 3375 5093 in

91 5136 203 5223 τοῦ
244 5136 537 5224 δεσπότου,
576 5162 667 5217 διὰ
697 5161 798 5233 τῆς
826 5136 959 5235 ,τῶν
985 5136 1241 5214 ἐναντίων
1275 5136 1591 5229 νεκρώσεως
1618 5169 1632 5185 ·
1667 5158 1683 5209 ·Ι

1804 5150 1969 5206 nobis
2009 5146 2202 5212 libera,
2232 5152 2289 5199 et
2318 5141 2485 5198 animi
2518 5139 2737 5205 electio,
2794 5146 2905 5229 tam
2937 5136 3251 5193 firmitateIn
3310 5144 3378 5183 ao

90 5259 223 5329 γὰρ
254 5256 485 5310 ἐκείνων
508 5254 702 5327 φθορὰ,
726 5225 899 5326 τ’ροιρή
920 5270 981 5306 τε
1005 5253 1099 5305 καὶ
1122 5252 1301 5315 εὐεξία
1325 5225 1434 5304 τῶν
1465 5246 1682 5321 κρειττό

1808 5243 1977 5300 robur
2015 5236 2315 5308 lnguenti,
2357 5249 2522 5306 quam
2576 5225 2986 5303 prevalescenti
3041 5225 3379 5282 debilitatem

73 5317 218 5400 {m9
261 5345 407 5398 ἑστί.
447 5317 850 5416 κατηγορεῖται
888 5317 945 5397 δὲ
969 5345 999 5397 ὁ
1036 5343 1205 5407 κακὸς
1232 5342 1416 5406 δοῦλος
1457 5317 1664 5406 ἐκεῖνος

1811 5336 1970 5393 indit.
2002 5332 2137 5387 Nam
2190 5328 2369 5387 cuicui
2424 5325 2640 5381 tandem
2693 5322 2836 5394 parti
2871 5335 2993 5375 sese
3040 5317 3377 5416 adjuuserit,

89 5440 128 5491 ὁ
164 5437 267 5492 διὰ
303 5435 405 5489 τοῦ
432 5438 543 5498 τοῖς
572 5435 829 5506 μεθύουσι
871 5438 1127 5501 συνεῖναι,
1164 5435 1397 5505 πληγαῖς
1428 5435 1704 5506 αἰκιζόμεο

96 5546 201 5593 νος
226 5528 341 5598 τὴν
378 5525 474 5579 τοῦ
512 5526 646 5578 Θεοῦ
667 5526 924 5582 οίκετίαν.
954 5527 1144 5598 Πληγὴ
1165 5526 1273 5598 γάρ
1299 5528 1448 5580 ἑστιν
1476 5527 1551 5589 ὡς
1576 5526 1700 5596 ἀληι

90 5616 215 5683 θῶς
247 5617 403 5672 κατά
427 5616 536 5671 τῶν
573 5617 799 5688 ἀρετῶν,
829 5619 983 5691 ήτῆς
1010 5620 1209 5683 κακίας
1242 5618 1530 5695 εὐημερία.
1561 5618 1703 5677 Οὔκ-

159 5822 259 5880 ⁵⁸ι
288 5823 423 5878 (lor.
456 5837 546 5887 ιν,
574 5825 640 5878 si
670 5837 787 5895 sqq.

1812 5428 1888 5484 illi
1921 5426 2183 5480 adversus
2243 5421 2471 5475 alteram
2522 5417 2811 5471 victoriam
2864 5410 3116 5480 largitur.
3170 5406 3262 5460 Sic
3322 5405 3379 5463 in

1811 5518 2104 5590 Evangelio
2136 5514 2390 5570 laudatur
2420 5510 2595 5564 fidelis
2625 5523 2689 5562 ac
2719 5504 2961 5575 prudens
2988 5501 3083 5554 ille
3108 5498 3185 5555 rei
3218 5496 3380 5590 fami.

1811 5588 2435 5670 liarisvadministrator,
2462 5600 2554 5677 qui
2587 5596 2809 5673 quidem
2845 5600 2927 5662 est
2973 5590 3089 5667 (ut.
3134 5588 3386 5661 equidem
