3932 6480
644 431 774 485 illi!)

1830 431 1888 488 S.
1931 431 2255 489 GREGORII
2294 428 2590 488 NYSSENI
3665 439 3735 499 m

636 553 860 622 statuo)
888 553 1051 606 animi
1084 554 1251 607 nostri
1287 553 1511 618 electio,
1545 571 1665 625 quae
1707 558 1963 626 pra-clare
1995 559 2049 611 in
2096 573 2189 612 no-

2181 585 2198 598 -
2224 561 2271 617 Α
2294 555 2387 610 οῦν
2431 552 2611 616 καλῶς
2648 552 2761 623 ἔχει
2814 552 2906 607 τὸν
2954 552 3289 625 προφητικὸν
3318 552 3617 625 ζηλώσαντας
3642 561 3734 630 λέγω,

636 646 721 701 bis
760 663 884 700 cum
948 645 1175 714 imperio
1212 652 1427 714 praeest.
1496 644 1772 701 Laudatur
1810 648 1955 703 enim
1980 688 1996 713 ,
2055 648 2201 718 quod

638 737 753 791 heri
785 738 868 792 sui
904 736 1162 789 familiam
1196 738 1326 801 alat,
1371 736 1534 807 idque
1559 739 1805 793 necando
1834 738 2198 795 adversantia.

635 824 711 879 Na
741 846 769 876 u
802 827 1014 879 illorum
1068 826 1321 879 interitus
1371 827 1687 879 alimentum
1728 834 1830 888 est,
1892 834 1946 879 et
1994 825 2202 880 sanitas

639 920 946 971 tueliorum.
973 918 1177 972 Contra
1202 920 1539 988 vituperatur
1569 920 1796 989 ignavus
1815 919 1903 972 ille
1924 934 2114 973 servus
2134 918 2201 981 ⁸¹.

636 1011 727 1077 (ιτιὶ
760 1020 1041 1080 propterea
1076 1011 1221 1079 quod
1254 1027 1377 1065 cum
1423 1013 1734 1066 temulentis
1767 1020 2034 1074 versetur,
2079 1027 2199 1065 ver-

638 1102 863 1156 beribus
914 1101 1008 1157 Dei
1071 1101 1334 1157 familiam
1390 1104 1785 1157 contumeliose
1849 1102 2032 1157 allicit.
2068 1102 2205 1156 Nam

638 1209 765 1248 vere
789 1196 961 1248 virtus
986 1196 1231 1265 vapulat.
1276 1211 1401 1249 cum
1438 1195 1567 1248 vitia
1607 1194 1820 1250 ﬂorent.
1867 1196 2209 1265 QuaprOpter

638 1293 786 1336 recte
810 1284 1005 1339 facturi
1038 1299 1251 1347 sumus,
1276 1285 1321 1339 si
1347 1286 1569 1340 verbum
1594 1284 1726 1338 illud
1750 1276 1903 1336 Vatis
1922 1285 2115 1338 imitati
2135 1285 2204 1349 δ’,

640 1372 987 1428 ιηοιιιιίηιιηι⁴
1018 1375 1177 1429 nobis
1220 1376 1409 1429 horam
1454 1376 1848 1430 constituemus
1895 1376 1963 1431 ad
2002 1376 2208 1430 interti-

641 1464 896 1519 cieudum
930 1482 1120 1521 omnes
1148 1476 1461 1536 peccatores
1486 1476 1664 1530 terrae,
1708 1474 1761 1521 et
1800 1467 1865 1521 ad
1906 1467 2201 1522 tollendum

640 1571 671 1610 e
710 1558 931 1612 civitate
967 1557 1056 1613 Dei
1091 1560 1108 1628 (
1136 1576 1257 1628 qua:
1305 1559 1502 1613 civitas
1536 1558 1717 1613 anima
1746 1559 1868 1625 est)
1898 1573 2086 1614 omnes
2118 1574 2204 1612 ra-

641 1646 1029 1703 tiocinationes
1059 1648 1407 1718 designantes
1455 1650 1822 1719 iniquitatem,
1857 1663 2088 1720 quarum
2122 1650 2211 1703 in-

2308 646 2522 717 πρωΐαν
2564 646 2776 710 ἑαυτοῖς
2821 647 3014 710 ποιεῖν,
3060 646 3149 700 διὰ
3185 643 3281 698 τοῦ
3327 646 3601 702 ἀποκτεῖναι
3626 656 3739 720 nim;

2305 732 2432 796 τοὺς
2475 732 2829 803 ἁμαρτωλοὺς
2860 732 2961 802 τῆς
2989 734 3111 804 γῆς,
3139 732 3233 786 τοῦ
3273 733 3605 805 ὲξολοθρεῦσαι
3628 741 3668 790 ἐκ
3691 748 3740 795 τί

2306 824 2442 889 λεως
2470 824 2671 897 Κυρίου
2703 824 2878 897 (ψυχὴ
2918 826 2974 878 δὲ
3013 826 3045 896 ή
3080 824 3272 895 πόλις)
3308 827 3505 889 πάντας
3528 829 3743 899 τοὺςλιτιις

2313 919 2449 988 μοὺς
2495 919 2621 980 τοὺς
2665 917 3065 988 ἐργαζομένους
3095 919 3193 988 τὴν
3234 919 3489 990 ἀνομίαν,
3527 914 3586 973 ὧν
3622 923 3743 993 item;

2309 1009 2423 1080 ζωὴ
2452 1009 2660 1077 γίνεται
2687 1008 2795 1061 τῶν
2819 1010 3142 1079 ἀμεινόνων.
3169 1009 3355 1074 Οὕτως
3374 1006 3463 1064 οῦν
3484 1012 3557 1065 διὰ
3576 1012 3643 1065 τοῦ
3660 1016 3746 1069 ϐίκοι-

2304 1117 2399 1154 του
2443 1099 2647 1171 ζῶμεν,
2677 1100 2802 1154 ὅταν
2830 1100 2939 1152 τῶν
2962 1101 3020 1153 ὲν
3042 1102 3194 1171 ἡμῖν,
3224 1100 3403 1165 καθώς
3429 1107 3747 1177 φησινωροςή.

2315 1210 2434 1264 της,
2463 1191 2555 1246 τὸν
2587 1192 2686 1263 μὲν
2707 1192 3022 1264 ἀποκτείνῃ,
3063 1192 3157 1246 τὸν
3177 1192 3234 1246 δὲ
3263 1192 3557 1265 ζωοποιήσῃ
3579 1197 3749 1265 “dmi

2304 1287 2501 1341 εἰπών·
2546 1288 2687 1358 Ἐγὼ
2723 1288 3051 1353 ἀποκτενῶ,
3087 1288 3185 1342 καὶ
3223 1286 3563 1353 ζωοποιήσει.
3596 1292 3750 1353 Ὠςκαὶί

2306 1375 2519 1437 Παῦλος
2553 1375 2840 1431 ἀποθανὼν
2873 1377 2992 1447 ἔζη,
3028 1378 3121 1431 καὶ
3148 1376 3387 1430 ἀσθενῶν
3409 1377 3607 1447 ἐνίσχυε,
3632 1381 3693 1431 καί
3712 1382 3751 1433 ξε.

2306 1467 2529 1537 δεμένος
2548 1469 2767 1540 ἐνήργει
2793 1468 2882 1522 τὸν
2903 1468 3121 1540 δρόμον,
3148 1469 3242 1525 καὶ
3273 1469 3551 1541 πτωχεύων
3568 1470 3751 1535 ἐπλούτιςί,

2308 1558 2401 1611 καὶ
2428 1559 2602 1613 πάντα
2623 1562 2873 1630 κατεῖχεν
2894 1559 3033 1631 ἔχων
3052 1560 3223 1625 οὐδὲν,
3248 1560 3475 1615 πάντοτε
3494 1563 3577 1633 τὴν
3596 1564 3753 1633 virttem

2319 1652 2413 1705 τοῦ
2452 1651 2626 1722 Ἰησοῦ
2656 1654 2714 1706 ὲν
2733 1652 2812 1723 τῷ
2843 1652 3055 1724 σώματι
3079 1652 3413 1725 περιφέρων.

639 1741 837 1795 terittts
886 1741 1170 1793 meliorum
1221 1741 1326 1792 vita
1370 1748 1475 1794 est.
1533 1741 1719 1809 Itaque
1760 1741 1861 1793 hoc
1918 1740 2081 1795 modo
2112 1754 2209 1810 per
2246 1751 2477 1798 mortem
2510 1744 2767 1808 vivimus,
2796 1760 2919 1800 cum
2947 1760 3011 1800 ea
3038 1760 3161 1816 qua:
3202 1753 3331 1801 sunt
3387 1744 3441 1798 in
3472 1744 3608 1799 nobis
3632 1738 3756 1809 (quem

642 1830 933 1886 admodum
964 1829 1229 1899 Propheta
1258 1830 1536 1902 loquitur)
1582 1830 1774 1898 partim
1808 1829 2011 1883 occidit
2065 1827 2339 1897 Verbum,
2375 1831 2576 1901 partim
2645 1831 2900 1895 viviﬁcat,
2950 1832 3093 1888 sicut
3140 1832 3258 1902 ipse
3329 1832 3537 1902 inquit:
3602 1833 3680 1903 Ego
3722 1838 3758 1888 ir

648 1923 903 1991 terﬁciam
936 1932 984 1976 et
1018 1923 1289 1991 viviﬁcabo
1318 1923 1383 1975 ⁸³.
1445 1922 1565 1987 Quo
1605 1932 1761 1991 pacto
1793 1921 1994 1977 Paulus
2047 1922 2211 1976 etiam
2252 1933 2501 1979 mortuus
2535 1924 2769 1993 vivebat,
2808 1926 3118 1981 imbecillus
3146 1926 3291 1981 vires
3355 1924 3591 1988 habebat,
3637 1929 3758 1980 Vinctus

643 2030 867 2068 cursum
904 2014 1233 2084 perﬁciebat,
1266 2022 1583 2083 paupertate
1621 2030 1845 2084 pressus
1873 2015 2027 2069 dives
2054 2023 2192 2079 erat,
2230 2014 2366 2069 nihil
2397 2032 2521 2070 cum
2550 2018 2793 2085 haberet,
2825 2018 3063 2073 habebat
3120 2018 3322 2083 omnia,
3386 2033 3583 2087 semper
3630 2020 3762 2072 monii-

644 2109 913 2161 cutiouem
953 2105 1081 2161 .Iesu
1121 2108 1175 2161 in
1219 2122 1451 2177 corpore
1502 2123 1603 2160 suo
1631 2108 2113 2179 circumgestabat,
2146 2116 2201 2162 et
2236 2121 2452 2179 semper
2478 2110 2643 2163 vitam
2668 2110 2791 2179 ejus
2817 2110 2871 2164 in
2903 2125 2962 2165 se
2988 2110 3325 2166 declarabat.

720 2201 1009 2255 Enimvero
1062 2201 1128 2253 ad
1178 2200 1270 2264 id,
1320 2201 1465 2270 quod
1496 2203 1836 2272 propositum
1886 2202 2044 2256 uobis
2100 2210 2216 2265 est,
2251 2208 2292 2263 Β

650 2306 990 2347 revertamur
1016 2311 1028 2346 :
1066 2293 1322 2347 nimirum
1354 2295 1589 2347 animam
1620 2310 1714 2362 per
1738 2302 1967 2347 mortem
1991 2309 2022 2348 e
2046 2300 2220 2348 morte

648 2400 953 2454 resurgere.
993 2383 1126 2438 Nam
1167 2384 1212 2439 si
1256 2400 1363 2439 non
1425 2385 1708 2450 moriatur,
1758 2400 1972 2454 semper
2027 2394 2208 2439 manet

648 2484 887 2539 tuortua,
928 2491 1103 2545 neque
1137 2476 1263 2529 vita:
1293 2490 1465 2545 capax
1499 2485 1604 2531 est.
1635 2478 1703 2529 At
1739 2477 2023 2530 moriendo
2053 2476 2218 2529 vitam

649 2566 1033 2635 consequitur,
1096 2567 1246 2620 omni
1325 2568 1661 2622 mortalitate
1723 2567 1992 2636 deposita.
2044 2568 2222 2637 Atque

651 2657 768 2711 haec
798 2657 956 2712 nobis
983 2658 1232 2711 doctrina
1268 2673 1335 2712 ex
1380 2656 1527 2711 dicto
1581 2658 1668 2712 hic
1704 2658 1987 2728 proposito
2021 2658 2221 2712 contir-

652 2759 859 2814 tuatur,
886 2765 1010 2804 cum
1041 2751 1121 2806 sic
1154 2751 1409 2821 loquatur
1434 2765 1635 2821 Sponsa
1661 2765 1676 2803 :
1711 2750 1931 2805 δατ-νεπὶ
1960 2750 2221 2820 equidem,

648 2851 708 2895 ut
737 2844 992 2911 aperirem
1034 2853 1265 2912 cognato
1310 2860 1443 2900 meo.
1505 2841 1703 2897 Manus
1760 2860 1888 2897 mea:
1946 2844 2218 2897 stillarum

648 2935 943 3005 myrrham,
1005 2935 1160 3004 digiti
1212 2937 1314 2989 mei
1348 2936 1575 3006 myrrha:
1611 2936 1774 3005 pleni.
1810 2934 1877 2988 Et
1942 2935 2221 3005 myrrham

649 3027 847 3081 mortis
876 3041 999 3081 esse
1028 3027 1355 3097 symbolum,
1384 3043 1544 3081 nemo
1568 3027 1830 3081 dubitarit
1857 3042 2071 3091 eorum,
2115 3026 2209 3097 qui

649 3120 825 3173 sacris
858 3118 913 3173 iu
952 3118 1177 3174 Litteris
1228 3119 1425 3173 versati
1452 3126 1600 3173 sunt.
1641 3118 1745 3184 Qui
1800 3134 1930 3189 ergo
1959 3135 2109 3174 mors
2149 3134 2217 3174 ex

647 3220 822 3267 morte
846 3227 947 3267 nos
969 3211 1220 3276 suscitat,
1250 3211 1317 3268 de
1352 3227 1419 3266 eo
1445 3212 1725 3282 requirere
1765 3212 2033 3281 quosdam
2096 3225 2223 3265 ora-

652 3304 858 3360 tionem
886 3305 1302 3359 luculentiorem
1346 3304 1604 3357 arbitror.
1658 3304 1844 3369 Itaque
1873 3318 1974 3358 nos
2036 3302 2091 3357 id
2125 3318 2222 3358 ex-

655 3412 948 3467 ponemus,
984 3403 1145 3466 prout
1174 3410 1204 3447 a
1241 3394 1398 3448 nobis
1433 3394 1678 3463 praestari
1734 3395 1950 3460 poterit,
2006 3394 2224 3449 ordine-

648 3507 755 3556 que
785 3488 839 3542 iu
879 3488 983 3541 hac
1016 3486 1344 3540 tractatione
1379 3485 1809 3555 progrediemur.
1873 3486 2068 3540 Omnia
2102 3503 2222 3557 quae

653 3586 795 3638 Iteus
821 3576 1152 3639 condiderit.
1186 3577 1344 3632 valde
1390 3578 1649 3647 praeclara
1694 3592 1815 3632 esse.
1838 3576 1914 3638 “,
1937 3577 2225 3634 Commen-

653 3673 826 3725 tarius
853 3670 919 3723 de
955 3678 1078 3723 ortu
1114 3668 1300 3722 mundi
1344 3677 1598 3723 testatur.
1666 3668 1741 3722 Ex
1779 3668 1990 3738 reliquo
2039 3681 2221 3725 autem

652 3778 833 3818 rerum
890 3762 1047 3817 valde
1108 3762 1492 3830 praeclararum
1549 3775 1783 3813 numero
1833 3761 1997 3813 etiam
2063 3761 2225 3817 homo

652 3860 789 3917 erat,
820 3852 903 3905 vel
934 3851 1116 3921 potius
1139 3849 1186 3903 is
1214 3849 1372 3919 longe
1401 3863 1567 3917 supra
1589 3858 1785 3903 caetera
1814 3849 2226 3918 pulchritudine

650 3952 878 3999 ornatus
904 3950 1041 3998 erat.
1078 3940 1217 4007 Quid
1252 3940 1398 3994 enim
1437 3939 1583 3994 aliud
1617 3955 1741 3995 esse
1772 3949 1881 3994 tam
1915 3942 2199 4011 pulchrum

652 4037 848 4109 possit,
882 4050 1044 4107 quam
1087 4046 1169 4089 est
1197 4033 1346 4088 nulla
1388 4032 1603 4087 fmdatae
1637 4032 1758 4089 labe
1805 4034 2227 4104 pulchritudinis

654 4124 996 4181 similitudo?
1026 4122 1146 4178 .lam
1200 4124 1245 4179 si
1293 4123 1476 4177 omnia
1531 4122 1683 4178 fuere
1734 4126 1995 4194 praeclara
2031 4127 2225 4193 valde,

653 4230 816 4289 atque
848 4219 992 4273 inter
1021 4224 1220 4270 caetera
1252 4215 1456 4278 omnia,
1490 4214 1572 4269 vel
1601 4215 1785 4284 potius
1821 4230 1986 4285 supra
2043 4217 2225 4271 omnia

654 4312 859 4367 homo:
893 4310 1037 4363 haud
1074 4308 1238 4362 dubie
1269 4322 1419 4362 mors
1447 4307 1505 4361 in
1542 4307 1764 4362 homine
1801 4325 1909 4363 non
1939 4318 2074 4363 erat.
2117 4308 2228 4363 Nec

652 4406 798 4460 enim
840 4404 1159 4475 prazclarum
1197 4400 1454 4470 quiddam
1486 4399 1683 4454 fuisset
1717 4402 1897 4464 homo,
1932 4400 1977 4454 si
2013 4401 2225 4455 tristem

654 4494 805 4549 illum
859 4491 1054 4547 mortis
1129 4490 1507 4544 characterem
1567 4489 1867 4544 habuisset.
1934 4490 2227 4545 Enimvero

656 4602 782 4639 cum
812 4596 1029 4639 aeterna:
1060 4584 1183 4635 vita:
1226 4581 1583 4635 simulacrum
1628 4587 1684 4634 et
1712 4580 2013 4634 similitudo
2058 4590 2225 4647 esset,

657 4693 843 4734 revera
874 4676 1099 4746 pulcher
1126 4682 1265 4740 erat,
1298 4688 1361 4728 ac
1392 4673 1550 4728 valde
1597 4672 1818 4743 quidem
1861 4674 2108 4744 pulcher,
2145 4676 2230 4729 hi-

656 4770 755 4824 lari
790 4769 914 4823 vitaa
953 4766 1268 4821 charactere
1300 4767 1710 4822 cohonestatus.
1745 4766 1887 4833 Quin
1918 4778 1971 4821 et
2006 4769 2227 4837 paradiv

2403 2203 2540 2256 Ἀλλ’
2571 2204 2663 2258 ἐπὶ
2693 2204 2753 2258 τὺ
2776 2204 3031 2275 προτεθὲν
3060 2201 3474 2270 ἐπανέλθωμεν·
3507 2200 3578 2254 ὅτι
3599 2198 3666 2251 διὰ
3683 2198 3763 2251 8mi-

2319 2313 2411 2349 του
2456 2297 2489 2366 ή
2531 2296 2677 2368 ψυχὴ
2724 2296 2789 2349 ὲκ
2840 2294 2933 2348 τοῦ
2965 2294 3192 2348 θανάτου
3224 2292 3518 2346 ἀνίσταται.
3562 2290 3632 2352 Ὦς
3655 2288 3762 2356 ἀντι,

2323 2390 2398 2459 μὴ
2433 2387 2681 2461 ἀποθάνῃ
2703 2428 2718 2453 ,
2752 2388 2923 2460 νεκρά
2950 2387 3039 2441 διὰ
3069 2386 3267 2448 παντὸς
3296 2384 3467 2456 μένει,
3498 2384 3582 2437 καὶ
3604 2382 3676 2452 τῆς
3696 2380 3765 2451 ζωῆς

2320 2479 2713 2551 ἀπαράδεκτος.
2754 2479 2847 2532 Ἐκ
2866 2478 2927 2537 ,δὲ
2952 2477 3044 2531 τοῦ
3073 2477 3388 2537 ἀποθανεῖν,
3421 2477 3477 2527 ὲν
3513 2472 3609 2542 ζωῇ
3630 2472 3765 2540 γίνεται,

2320 2574 2500 2627 πᾶσαν
2528 2571 2835 2643 ἀποθεμένη
2869 2570 3188 2642 νεκρότητα.
3216 2568 3325 2621 Καὶ
3358 2566 3518 2621 τοῦτο
3545 2568 3651 2637 ἡμῖν
3672 2566 3765 2617 ira.

2320 2662 2679 2735 προκειμένου
2723 2660 2885 2733 ῥητοῦ
2922 2659 3230 2731 βεϐαιοῦται
3274 2659 3335 2710 τὸ
3364 2657 3567 2727 δόγμα,

2320 2755 2527 2825 πούσης
2553 2755 2654 2825 τῆς
2685 2755 2900 2826 νύμφης
2922 2770 2937 2787 ·
2967 2755 3046 2807 ὅτι
3095 2752 3379 2819 Ἀνέστην
3558 2740 3768 2811 ἀνοῖξαιτᾷ

2320 2846 2619 2915 ἀδελφιδῷ
2641 2865 2778 2916 μου.
2816 2849 2886 2900 Al
2921 2843 3115 2915 χεῖρές
3132 2860 3251 2912 μου
3292 2842 3555 2906 ἔσταξαν
3586 2841 3767 2908 σμύρναν.

2320 2942 2374 2992 οὶ
2429 2938 2719 2993 δάκτυλοί
2758 2955 2877 3008 μου
2930 2937 3201 3005 σμύρνης
3240 2934 3513 3002 πλήρεις.
3548 2928 3769 2985 Bevum!

2324 3032 2587 3102 σύμὼλον
2620 3027 2759 3084 εἶναι
2789 3030 2889 3101 τὴν
2930 3028 3173 3099 σμύρναν
3205 3028 3307 3080 οὐκ
3352 3028 3419 3081 ἀν
3450 3042 3532 3089 τις
3565 3020 3770 3092 ἀμφιϐάλλει

2325 3123 2434 3176 τῶν
2462 3125 2581 3195 ταῖς
2611 3120 2782 3185 θείαις
2808 3119 3160 3191 ὡμιληκότων
3185 3118 3454 3189 Γραφαῖς.
3480 3115 3593 3177 Πῶς
3612 3108 3681 3166 οὖν
3701 3109 3769 3162 ὀξέι

2320 3232 2478 3279 νατος
2509 3214 2574 3267 ὲκ
2601 3213 2693 3267 τοῦ
2735 3211 2962 3266 θανάτου
2995 3212 3143 3281 ἡμᾶς
3168 3209 3473 3280 ἀνίστησιν,
3510 3206 3721 3272 ἐπιζητεῖν
3742 3196 3769 3251 εἴ·

2325 3307 2423 3379 μαί
2450 3324 2601 3369 τινας
2631 3304 2722 3358 τὸν
2750 3304 2880 3373 περὶ
2908 3303 3100 3357 τούτου
3136 3301 3292 3370 λόγον
3322 3297 3676 3371 εύκρινηθῆναι
3696 3307 3770 3359 παρ

2324 3414 2533 3469 στερον.
2586 3396 2852 3468 Ἐροῦμεν
2882 3393 3060 3448 τοίνυν
3102 3393 3251 3456 ὅπως
3284 3392 3352 3445 ἀν
3396 3389 3507 3444 οἷόν
3548 3406 3599 3442 τε
3624 3384 3677 3461 ᾖ,
3704 3384 3770 3446 :iin

2322 3488 2443 3540 τινὰ
2489 3487 2556 3540 δι’
2602 3484 2920 3547 ἀκολουθίας
2964 3482 3241 3545 ἐπιθέντες
3263 3480 3345 3552 τῷ
3387 3480 3549 3552 λόγῳ.
3582 3477 3770 3533 [limis

2326 3580 2577 3649 ἐποίησεν
2611 3580 2640 3631 ὁ
2671 3575 2802 3640 Θεὸς
2830 3574 2973 3631 καλά
3001 3574 3121 3628 λίαν
3154 3570 3294 3626 εἶναι
3324 3574 3354 3625 ὁ
3384 3571 3486 3641 τῆς
3522 3566 3772 3639 momms-

2323 3670 2479 3738 λόγος
2513 3668 2865 3739 μαρτύρεται.
2925 3665 3021 3719 Ἐκ
3048 3665 3105 3718 δὲ
3148 3664 3257 3718 τῶν
3289 3662 3413 3717 λίαν
3443 3660 3610 3716 καλῶν
3641 3654 3771 3729 ﬁnali

2324 3759 2627 3828 ἄνθρωπος’
2664 3755 2862 3828 μᾶλλον
2889 3755 2948 3809 δὲ
2974 3755 3159 3808 πλεῖον
3198 3753 3307 3807 τῶν
3344 3752 3529 3807 καλῶν

2324 3870 2413 3916 νος
2436 3850 2515 3921 τῷ
2532 3849 2737 3904 κάλλει.
2767 3849 2831 3902 Τί
2856 3848 2964 3921 γὰρ
2990 3848 3056 3901 ἂν
3078 3848 3262 3917 ἕτερον
3288 3846 3469 3908 οὕτως
3501 3846 3580 3913 εῖη
3606 3838 3772 3899 nihil

2324 3944 2386 3997 τὸ
2405 3943 2497 3997 τοῦ
2529 3941 2805 4015 ἀκηράτου
2833 3940 3061 4004 κάλλους
3081 3939 3333 4011 ὁμοίωμα
3355 3957 3370 4005 ;
3402 3940 3465 3991 Εἰ
3487 3938 3541 3991 δὲ
3563 3937 3697 3990 πάντα
3714 3932 3773 3981 ω

2324 4034 2465 4099 λίαν,
2498 4034 2557 4086 ιν
2595 4033 2652 4086 δὲ
2686 4034 2798 4096 τοῖς
2826 4033 2980 4096 πᾶσι,
3013 4031 3047 4102 ἢ
3088 4032 3183 4085 καὶ
3208 4030 3316 4101 πρὸ
3348 4026 3643 4083 ἁπάντωνὸ
3667 4022 3771 4089 id?

2327 4142 2427 4189 πος
2463 4121 2554 4195 ἦν,
2594 4124 2695 4177 οὐκ
2725 4119 2794 4195 ἦν
2821 4122 3037 4187 πάντως
3068 4123 3126 4175 ὲν
3152 4120 3233 4191 τῷ
3262 4121 3542 4192 ἀνθρώπῳ
3583 4123 3607 4174 ὁ
3640 4118 3771 4169 om;

2327 4217 2401 4270 Οὐ
2446 4217 2554 4287 γὰρ
2599 4215 2664 4270 ἂν
2697 4214 2859 4269 καλόν
2883 4233 2934 4267 τι
2971 4217 2999 4267 ὁ
3037 4213 3320 4286 ἄνθρωπος
3354 4210 3448 4283 ἦν’
3480 4213 3623 4280 εἴπερ
3651 4204 3771 4275 εἶχενὲ

2327 4306 2502 4377 ἑαυτῷ
2522 4307 2620 4377 τῆς
2644 4305 2736 4360 τοῦ
2764 4304 2991 4359 θανάτου
3020 4304 3325 4375 κατηφείας
3348 4304 3446 4355 τὸν
3474 4300 3773 4369 σκυθρωπὸνιιι

2330 4400 2601 4471 ρακτῆρα.
2636 4397 2797 4451 Ἀλλὰ
2820 4398 2920 4468 τῆς
2951 4396 3123 4450 ἀϊδίου
3150 4394 3294 4466 ζωῆς
3320 4394 3661 4460 ἀπεικάνισμα

2326 4469 2596 4562 δμοίωμα,
2647 4489 2811 4553 καλὸς
2854 4484 2922 4560 ἦν
2963 4489 3037 4551 ὡς
3076 4487 3291 4557 ἀληθῶς
3324 4488 3427 4540 καὶ
3456 4486 3569 4539 λίαν
3600 4469 3773 4562 κέδδῖιῂ

2328 4561 2539 4652 φαιδρῷ
2582 4581 2681 4652 τῆς
2726 4578 2871 4651 ζωῆς
2909 4579 3213 4652 χαρακτῆρι
3254 4576 3704 4647 καλλωπιζόμενος.
3730 4561 3772 4615 Ἰν

2326 4672 2383 4727 δὲ
2415 4672 2508 4726 καὶ
2546 4671 2693 4743 αὐτῷ
2722 4670 2816 4724 καὶ
2848 4672 2876 4723 ὁ
2906 4670 3047 4734 θεῖος
3078 4669 3437 4739 παράδεισος,
3474 4668 3556 4721 διὰ
3582 4666 3656 4735 τῆς
3676 4662 3773 4723 sin;-

2328 4767 2458 4830 πίας
2482 4767 2591 4819 τῶν
2615 4765 2845 4837 δένδρων
2868 4764 3045 4835 βρύων
3068 4763 3231 4833 ζωὴν,
3261 4763 3361 4815 καὶ
3390 4764 3425 4833 ἡ
3450 4760 3539 4813 τοῦ
3566 4756 3671 4811 Θεοῦ

656 4878 753 4918 sus
790 4861 878 4915 ille
908 4860 1126 4915 divinus
1155 4858 1203 4913 ei
1237 4874 1333 4928 per
1370 4858 1627 4914 arborum
1689 4858 2025 4913 feracitatem
2062 4862 2209 4915 vitan

2217 4878 2306 4938 "D
2330 4859 2476 4929 ζωῆς
2524 4853 2591 4928 ἦν
2634 4857 2826 4929 νόμος,
2866 4856 2927 4909 τδ
2977 4855 3052 4925 μὴ
3094 4852 3391 4907 ἀποθανεῖν
3448 4847 3770 4938 παραγγέλλσδῖ-

654 4951 989 5026 proferebat,
1028 4959 1084 5006 et
1118 4950 1429 5004 mandatum
1462 4949 1554 5005 Dei
1609 4950 1733 5004 vita:
1781 4950 1866 5005 lex
1921 4958 2061 5016 erat,
2108 4968 2229 5021 qua:

656 5043 1117 5099 non'moriturum
1157 5042 1424 5095 hominem
1460 5042 1839 5111 pollicebatur.
1871 5041 2007 5097 Cum
2044 5053 2224 5099 autem

653 5134 882 5191 essetin
936 5134 1116 5188 medio
1146 5131 1386 5201 paradisi
1435 5133 1638 5203 lignum
1710 5132 1867 5198 illud,
1903 5135 2050 5204 quod
2104 5136 2227 5191 vitae

656 5226 804 5281 ferax
839 5231 958 5279 erat
984 5243 997 5278 :
1042 5222 1307 5294 quidquid
1336 5223 1553 5281 tandem
1582 5226 1651 5281 de
1676 5241 1742 5281 eo
1770 5226 2122 5281 statuendum
2152 5229 2226 5282 sit

658 5319 825 5385 ligno,
858 5316 1019 5386 cujus
1065 5316 1278 5371 fructus
1333 5316 1549 5372 exsistit
1596 5319 1725 5372 vita.
1793 5318 1981 5375 Itidem
2014 5319 2223 5390 lignum

658 5390 953 5472 letiferum,
985 5424 1145 5478 cujus
1179 5418 1396 5465 tructus
1453 5410 1617 5465 simul
1654 5420 1710 5465 et
1744 5412 1920 5466 bonus
1952 5422 2008 5467 et
2047 5412 2228 5468 malus

658 5503 826 5557 finisse
871 5502 1273 5573 pronuntiatur,
1310 5501 1488 5557 medio
1546 5502 1603 5557 in
1649 5503 1905 5574 paradiso
1966 5510 2106 5559 erat.
2158 5504 2228 5558 At

620 5622 623 5625 -
655 5594 801 5647 enim
834 5593 949 5648 ﬁeri
986 5595 1195 5664 nequit,
1231 5601 1291 5648 ut
1316 5593 1371 5648 in
1405 5595 1527 5649 loco
1558 5595 1796 5649 maxime
1849 5594 2028 5650 medto
2067 5595 2229 5666 lignis

656 5688 873 5748 duobus
901 5688 1138 5758 spatium
1168 5686 1352 5743 fuerit.
1392 5685 1528 5742 Nam
1564 5695 1746 5743 utrum
1774 5686 1993 5742 tandem
2024 5702 2224 5743 conce-

2339 4928 2528 5009 Ὀντος
2555 4944 2612 4999 δὲ
2639 4944 2777 4998 κατά
2806 4944 2866 4997 τὸ
2891 4942 3054 5013 μέσον
3078 4943 3174 5011 τῆς
3201 4940 3295 4995 τοῦ
3322 4941 3636 5014 παραδείσου
3664 4928 3769 5002 ξιτᾷ(

2333 5038 2427 5092 τοῦ
2443 5038 2539 5110 τὴν
2573 5036 2715 5108 ζωὴν
2745 5036 2997 5108 βρύοντος
3031 5033 3206 5099 ξύλου,
3247 5033 3350 5088 ὅτι
3378 5032 3511 5087 ποτὲ
3539 5030 3626 5103 χρὴ
3652 5023 3765 5086 τόξὲξ

2332 5134 2470 5186 νοεῖν
2497 5133 2689 5195 ἐκεῖνο,
2720 5124 2779 5184 οῦ
2807 5129 2836 5181 ὁ
2864 5128 3073 5200 καρπὸς
3109 5127 3244 5197 ζωή·
3276 5126 3379 5179 καὶ
3410 5125 3505 5178 τοῦ
3538 5114 3765 5209 bona???

2328 5224 2387 5279 δὲ
2420 5222 2596 5289 ξύλου.
2626 5218 2687 5277 οὗ
2719 5221 2882 5276 καλὸν
2913 5220 3029 5292 ἅμα
3075 5218 3167 5275 καὶ
3207 5219 3384 5272 κακὸν
3419 5215 3553 5271 εἶναι
3581 5214 3649 5267 τὸν
3670 5218 3765 5297 uti”:

2330 5316 2717 5386 ἀποφαίνεται,
2765 5315 2861 5369 καὶ
2908 5311 3071 5368 αὐτοῦ
3120 5311 3260 5366 κατὰ
3298 5312 3366 5366 τὸ
3420 5312 3574 5384 μέσον
3608 5308 3763 5391 δντθςτξ

2330 5407 2677 5479 παραδείσου’
2706 5407 2966 5461 ἀδυνάτου
2996 5406 3054 5459 δὲ
3077 5406 3227 5468 ὄντος
3258 5404 3319 5458 ὲν
3363 5403 3447 5477 τῷ
3475 5398 3763 5477 μεσαιτάτηιῆ

2330 5500 2505 5568 ξύλοις
2552 5499 2733 5569 χώραν
2766 5498 3036 5567 γενέσθαι·
3082 5497 3347 5568 ὁπότερον
3387 5497 3498 5567 γὰρ
3536 5494 3593 5546 ἂν

2328 5591 2650 5664 ἀμφοτέρων
2681 5591 2897 5662 ἐπέχειν
2928 5590 2990 5643 τὸ
3036 5588 3219 5661 μέσον,
3259 5589 3414 5644 κατὰ
3461 5588 3619 5655 πᾶσαν
3644 5582 3773 5637 om

2326 5686 2389 5740 τὸ
2417 5686 2603 5757 ἕτερον
2630 5684 2730 5757 τῆς
2761 5684 2856 5739 τοῦ
2899 5683 3066 5757 μέσου
3100 5682 3283 5757 χώρας
3315 5683 3537 5746 πάντως
3574 5664 3773 5757 ἐξείρθί)

731 5864 776 5894 ⁵⁸
813 5863 1003 5919 Matth.
1030 5878 1177 5930 ιλιι,
1207 5866 1292 5925 49.
1348 5866 1393 5898 ⁸¹
1426 5864 1568 5922 Psal.
1600 5882 1649 5933 c,
1680 5865 1733 5921 8.
1796 5865 1840 5899 ⁵³
1874 5865 2029 5921 Deut.
2060 5881 2230 5931 sxxu,
2255 5866 2284 5919 5

1246 5866 1292 5925 9.
1348 5866 1393 5898 "
1426 5864 1568 5922 Psal.
1600 5882 1649 5933 c,
1680 5865 1733 5921 8.
1796 5865 1840 5899 ⁸³
1874 5865 2029 5921 Deut.
2060 5881 2230 5931 xxxu,
2255 5864 2343 5919 59.
2399 5865 2442 5897 ⁸³
2475 5863 2611 5921 Gen.
2645 5880 2683 5933 ι,
2709 5863 2799 5921 5t.
