3932 6468
124 435 247 495 1011

1127 433 1190 489 ΙΝ
1230 433 1531 490 CANTICA
1575 432 1847 491 CANTIC.
1886 434 2163 493 HOMILIA
2206 435 2318 491 Xll.

3238 422 3375 479 1091

125 562 257 633 Πρὸς
285 559 392 631 γὰρ
427 559 490 612 τὸ
528 557 801 630 περιέχον,
838 560 871 629 ή
919 556 1155 630 ἀκριϐής
1188 557 1284 611 τοῦ
1331 557 1496 627 μέσου
1535 558 1685 621 θέσις
1716 570 1747 622 Α

1849 574 1983 615 imus
2034 558 2272 613 medium
2308 552 2638 615 obtinuisse.
2671 550 2907 606 alterum
2979 546 3294 603 necessario
3321 547 3387 599 dc

123 650 589 720 καταλαμϐάνεται
614 690 628 713 ,
661 651 789 704 ὅταν
839 648 989 713 ἱστὰς
1024 648 1398 718 ἁπανταχόθεν
1432 650 1545 712 τοῖς
1573 647 1693 702 διαο

128 745 221 813 στῆ
231 760 389 813 μασιν
415 742 592 813 ἀπέχῃ
622 740 715 794 τοῦ
757 740 1012 811 πέρατος.
1060 741 1307 794 Ἐπειδὰν
1336 739 1514 793 τοίνυν
1544 740 1602 793 ἓν
1627 740 1694 793 δι’

126 834 401 909 ἀκριϐείας
485 834 580 887 τοῦ
616 833 813 887 κύκλου
837 834 898 886 τὸ
926 833 1109 903 μέσον,
1138 833 1237 885 οὑκ
1258 831 1323 885 ἂν
1348 831 1558 900 γένοιτο
1592 847 1697 902 μη-

126 926 257 997 χανὴ
287 924 379 978 τοῦ
422 924 585 978 αὑτοῦ
633 925 886 995 μένοντος
914 923 1115 977 κύκλου
1135 964 1150 987 ,
1182 922 1276 977 δύο
1319 922 1522 992 κέντρα
1556 920 1700 975 κατά

126 1016 186 1070 τὸ
215 1016 372 1087 μέσον
396 1013 578 1087 χώραν
606 1015 808 1086 εὑρεῖν.
834 1016 897 1068 Ei
926 1015 1032 1086 γάρ
1060 1014 1246 1084 ἓτερον
1277 1012 1549 1085 παραθείη
1575 1012 1700 1064 κέν-

128 1126 251 1179 τρον
281 1107 357 1178 τῷ
382 1106 703 1177 προλαϐόντι
733 1105 871 1178 πρὸς
896 1106 1056 1160 τοῦτο
1079 1148 1091 1170 ,
1123 1107 1240 1158 κατ’
1271 1104 1518 1174 ἀνάγκην
1562 1120 1702 1174 συμ-

134 1198 514 1271 μετατεθέντος
549 1198 643 1251 τοῦ
678 1197 879 1251 κύκλου
928 1196 1030 1261 ἔξω
1077 1196 1171 1250 τοῦ
1212 1195 1379 1267 μέσου
1410 1195 1471 1247 τὸ
1509 1194 1701 1265 πρότε-

134 1311 222 1364 ρον
271 1292 476 1361 γίνεται
528 1291 628 1360 τῆς
673 1289 765 1343 τοῦ
813 1289 1013 1344 κύκλου
1047 1289 1307 1361 περιοχῆς
1353 1287 1431 1358 τῷ
1471 1286 1706 1356 δευτέρῳ

134 1386 336 1456 κέντρῳ
356 1382 809 1455 περιγραφείσης.
853 1382 1013 1435 Ἀλλά
1046 1382 1151 1453 μὴν
1178 1382 1236 1433 ὲν
1261 1379 1340 1451 τῷ
1365 1380 1515 1450 μέσῳ
1543 1379 1707 1449 φησὶν

120 1473 266 1537 ,εἶναι
296 1475 390 1529 τοῦ
434 1475 764 1547 παραδείσου
810 1472 903 1527 καὶ
941 1473 1099 1526 τοῦτο
1175 1473 1272 1525 καὶ
1319 1469 1496 1525 τοῦτο’
1532 1470 1709 1525 καίτοι

137 1567 385 1631 ἐναντίως
414 1567 549 1639 πρὸς
590 1565 793 1637 ἄλληλα
821 1565 962 1619 κατά
999 1565 1096 1636 τὴν
1135 1563 1365 1634 δύναμιν
1400 1562 1621 1633 ἔχοντα,
1648 1560 1711 1614 τό

136 1680 197 1714 τε
225 1659 482 1726 ζωοποιὺν
506 1659 649 1728 λέγω
672 1658 846 1724 ξύλον,
873 1658 968 1711 καὶ
991 1653 1051 1711 οὗ
1078 1658 1106 1710 ὁ
1132 1656 1357 1718 Θάνατος
1383 1650 1452 1725 ἦν
1478 1653 1710 1723 καρπὸς,

137 1757 274 1826 ὅπερ
298 1754 571 1825 ἁμαρτίαν
603 1752 884 1822 ὠνόμασεν
911 1752 939 1804 ὁ
972 1750 1201 1815 Παῦλος,
1231 1748 1419 1802 εἰπών’
1445 1748 1527 1802 ὅτι
1557 1745 1714 1816 Καρ-

139 1848 252 1916 πὸς
286 1848 574 1917 ἁμαρτίας
596 1848 628 1899 ό
661 1843 936 1910 θάνατος.

1800 652 1990 707 eodem
2022 651 2143 705 loco
2171 647 2504 704 excluditur.
2538 644 2748 698 Etenim
2782 642 2848 695 de
2867 656 2951 699 ea.
2986 652 3107 709 qtue
3136 650 3251 690 rem
3326 630 3391 682 li-

1803 758 1965 813 quam
2014 740 2284 801 ambinnt,
2328 743 2622 790 accuratus
2677 731 2841 786 medii
2876 730 3016 784 situs
3054 727 3142 781 ille
3177 721 3384 778 intelli—

1803 836 1971 906 gitur,
1997 847 2121 886 cum
2153 829 2454 899 aequalibus
2476 828 2553 891 ab
2579 824 2726 879 omni
2754 829 2906 892 parte
2944 815 3249 873 intervallis
3312 810 3383 865 ab

1807 934 2052 984 extremo
2078 924 2250 977 abest.
2281 921 2463 987 Quare
2492 918 2537 974 si
2579 931 2746 971 unmn
2784 916 2835 968 in
2890 911 3101 967 circulo
3146 904 3384 961 medium

1808 1027 2067 1073 accurate
2125 1023 2420 1076 statuatur,
2484 1009 2597 1064 ﬁeri
2634 1008 2783 1063 nulla
2845 1006 3059 1059 ratione
3091 1005 3290 1070 potest,
3329 1002 3386 1047 ut

1808 1111 1998 1167 eodem
2033 1116 2290 1164 manente
2325 1103 2557 1166 circulo,
2589 1109 2776 1156 centra
2816 1097 2925 1152 duo
2965 1096 3142 1149 locum
3183 1093 3237 1145 in
3274 1103 3389 1142 me-

1810 1203 1901 1257 dio
1932 1202 2229 1273 reperiant.
2273 1197 2411 1252 Nam
2445 1196 2490 1250 si
2558 1200 2756 1263 pncter
2796 1190 2849 1243 id
2906 1194 3179 1246 centrum,
3243 1177 3388 1251 quod

1815 1291 1983 1347 semel
2021 1297 2286 1345 statutum
2317 1294 2425 1348 est,
2473 1282 2620 1337 aliud
2676 1285 2973 1338 statuatur,
3032 1286 3258 1328 necesse
3305 1275 3390 1322 est

1814 1398 1940 1439 cum
1985 1396 2052 1437 eo
2086 1380 2357 1435 circulum
2409 1376 2573 1432 etiam
2634 1372 2800 1426 alium
2855 1368 3048 1429 statui,
3099 1373 3265 1432 atque
3318 1362 3391 1413 ita

1816 1475 1970 1547 prius
2015 1473 2149 1528 illud
2209 1480 2457 1526 centrum
2510 1482 2541 1522 e
2582 1463 2761 1519 medio
2794 1459 3123 1520 excluditur,
3187 1453 3392 1506 ambitu

1818 1546 2008 1620 circuli
2043 1572 2293 1618 centrum
2330 1559 2463 1614 illud
2497 1558 2730 1611 alterum
2762 1547 3273 1608 circnmscribente.
3322 1546 3393 1596 At

1818 1657 1961 1714 enim
1994 1655 2172 1711 medio
2202 1654 2256 1707 in
2289 1650 2546 1722 paradiso
2573 1655 2684 1701 tam
2714 1645 2818 1699 boc
2848 1656 3011 1713 quam
3056 1638 3189 1693 illud
3224 1636 3398 1691 fuisse

1819 1749 2043 1810 dicitur,
2075 1758 2389 1816 quanquam
2418 1749 2565 1796 esset
2588 1741 2646 1793 in
2678 1746 2917 1805 utroque
2946 1732 3027 1785 vis
3078 1730 3237 1800 plane
3267 1742 3401 1781 con-

1823 1841 2016 1902 traria,
2054 1838 2108 1892 in
2140 1838 2306 1907 ligno,
2355 1835 2601 1903 inquam,
2637 1830 2874 1885 vivilico.
2910 1837 2966 1881 et
3018 1823 3190 1876 altero
3240 1816 3402 1885 cujus

1743 1929 1785 1984 Β
1816 1931 2033 1986 fructus
2057 1944 2209 1985 mors
2239 1933 2379 1992 erat,
2416 1924 2562 1995 quod
2595 1928 2882 1993 peccatum
2926 1912 3219 1986 appellavit
3259 1910 3404 1965 Pau-

1819 2021 1929 2085 lus,
1960 2036 2083 2075 cum
2118 2020 2194 2073 ait
2224 2037 2238 2073 :
2280 2014 2511 2070 Fructus
2545 2012 2746 2082 peccati
2772 2026 2912 2064 mors
2934 2008 3005 2064 ⁸⁵.

214 2125 418 2195 Νοῆσαι
463 2121 573 2194 ἀρα
610 2125 876 2193 προσήκει
903 2120 990 2174 διὰ
1033 2120 1129 2190 τῆς
1161 2118 1270 2172 τῶν
1295 2116 1595 2189 εἰρημένων
1630 2134 1720 2185 φι-

1891 2112 2008 2168 Hoc
2058 2112 2226 2182 igitur
2282 2104 2823 2163 animadvertendum
2880 2108 2970 2154 est
3022 2112 3086 2151 ex
3141 2094 3244 2148 bac
3292 2098 3407 2145 tota

144 2217 394 2286 λοσοφίας
428 2214 584 2267 τοῦτο
612 2214 673 2266 τὺ
696 2213 869 2283 δόγμα
890 2254 905 2277 ,
945 2213 1027 2264 ὄτι
1059 2211 1160 2281 τῆς
1194 2212 1291 2281 μὲν
1323 2209 1415 2263 τοῦ
1444 2208 1579 2262 Θεοῦ
1623 2225 1723 2277 φυ-

1849 2205 2313 2265 :ommentatione,
2343 2201 2508 2254 vitam
2562 2198 2615 2252 in
2652 2193 2992 2265 plantatione
3024 2188 3118 2241 Dei
3172 2185 3292 2240 loco
3336 2182 3412 2238 si-

145 2312 291 2373 τείας
314 2309 374 2362 τὸ
410 2306 728 2379 μεσαίτατὼ
757 2307 903 2358 ἐστιν
937 2307 969 2375 ὴ
1004 2303 1142 2373 ζωήο
1167 2306 1195 2357 ὁ
1234 2302 1291 2355 δὲ
1318 2302 1545 2363 θάνατός
1575 2302 1723 2353 ἐστιν

1849 2315 1934 2353 am
1970 2297 2139 2352 luis~e
2178 2294 2414 2349 maxime
2477 2289 2697 2345 medio:
2738 2293 2971 2340 mortem
3008 2294 3137 2335 vero
3184 2276 3413 2332 minimo

148 2366 445 2471 ἀφύτευτος
473 2399 565 2452 καὶ
592 2395 847 2470 ἄρῤιζος,
887 2366 1022 2449 ἰδίαν
1048 2366 1285 2464 οὐδαμοῦ
1331 2393 1513 2463 χώραν
1554 2390 1723 2461 ἔχωνο

1849 2393 2125 2446 ιιιιιιισιτιιιι
2159 2387 2351 2449 fuisse,
2384 2397 2562 2452 neque
2604 2378 2821 2435 radices
2866 2376 3070 2446 egisse.
3102 2384 3285 2439 neque
3335 2366 3416 2421 lo-

148 2456 215 2564 1f;
246 2494 301 2547 δὲ
330 2472 579 2564 στερήσει
940 2456 1485 2557 ἐμφυτεύεταιίδταν
1507 2456 1726 2555 ἀργήσῃ

1849 2497 1954 2537 :um
1992 2494 2224 2551 usquam
2257 2474 2589 2547 peculiarem
2632 2467 2916 2526 habuisse.
2948 2463 3043 2519 sed
3089 2475 3188 2531 per
3234 2456 3418 2527 priva-

148 2551 259 2649 τοῖς
289 2551 454 2649 ζῶσιν
479 2551 519 2654 ’ἡ
563 2551 823 2653 μετουσία
852 2551 948 2632 τοῦ
975 2551 1325 2648 κρείττονος.
1377 2551 1594 2645 Ἐπειδὴ
1636 2569 1730 2627 οὖν

1849 2578 2036 2631 .ionem
2096 2572 2220 2626 vitae
2273 2564 2515 2628 conseri,
2572 2577 2696 2616 cum
2733 2559 2847 2613 vita
2874 2554 3089 2628 praediti
3122 2551 3418 2622 participes

152 2678 211 2729 ἐν
365 2640 519 2744 μέσῳ
550 2640 659 2726 τῶν
702 2671 860 2725 θείων
909 2640 1093 2737 φυτίῦν
1125 2669 1272 2721 ἐστιν
1315 2667 1349 2737 ή
1397 2664 1544 2737 ζωὴ,
1577 2640 1731 2736 τῇδὲ

1849 2681 1956 2723 esse
1984 2661 2112 2719 boni
2139 2660 2418 2716 desinunt.
2443 2653 2813 2722 Quamobrem
2837 2662 2962 2704 cum
2995 2644 3176 2700 medio
3204 2640 3420 2697 divinas

154 2763 463 2819 ἀποπτώσει
493 2762 665 2833 ταύτῃ
694 2760 1046 2830 ὲνυφίσταται
1081 2759 1115 2829 ἡ
1150 2757 1245 2810 τοῦ
1284 2757 1515 2810 θανάτου
1548 2754 1731 2825 φύσις·

1849 2766 1980 2813 inter
2011 2755 2228 2826 plantas
2262 2751 2383 2805 loco
2416 2748 2530 2802 vita
2567 2744 2662 2807 sit,
2704 2743 2771 2797 de
2803 2739 2963 2810 cujus
3008 2735 3169 2791 ruina
3226 2728 3422 2786 mortis

155 2859 245 2913 διὰ
269 2857 427 2912 τοῦτο
450 2858 540 2911 καὶ
560 2856 621 2909 τὸ
637 2825 1014 2925 θανατηφόρον
1038 2825 1212 2918 ξύλον,
1240 2851 1270 2904 ὁ
1289 2849 1351 2903 τὸ
1377 2850 1553 2921 δόγμα
1576 2848 1737 2903 τοῦτο

1849 2825 2037 2904 natura
2061 2844 2316 2901 exsistit:
2354 2839 2565 2895 idcirco
2601 2836 2648 2892 is
2678 2833 2772 2905 qui
2807 2830 3113 2886 doctrinam
3157 2825 3298 2878 hanc
3330 2836 3425 2891 per

156 2949 223 3004 δι’
260 2949 597 3020 αἰνιγμάτων
629 2916 997 3017 φιλοσοιρήσας
1038 2916 1097 2998 έν
1141 2916 1221 3014 τῷ
1262 2942 1411 3014 μέσῳ
1450 2916 1596 2995 εἶναι
1640 2938 1736 2993 τοῦ

1849 2940 2085 3012 quaedam
2138 2935 2287 2991 velut
2341 2932 2630 3001 aenigmata
2688 2923 2940 2985 tradidit,
2995 2923 3159 2974 etiam
3218 2916 3424 2984 ligmnn

159 3007 487 3114 παραδείσου
519 3007 688 3108 λέγει,
746 3031 808 3091 06
832 3007 941 3091 πίον
981 3007 1203 3108 καρπὸν
1435 3032 1740 3104 σύμμικτον

1849 3007 1975 3087 illud
2014 3026 2287 3083 letiferum
2334 3038 2458 3080 esse
2491 3024 2547 3077 in
2583 3018 2765 3075 medio
2830 3012 3071 3085 paradisi
3108 3010 3206 3070 ait,
3265 3007 3428 3075 cujus

161 3103 302 3205 ἔχειν
322 3134 388 3187 ὲκ
416 3132 524 3185 τῶν
545 3103 803 3184 ἐναντίων
824 3128 922 3200 τήν
954 3103 1200 3197 δύναμιν.
1234 3125 1310 3179 Τὸ
1348 3124 1456 3197 γάρ
1487 3103 1618 3177 αὐτὸ
1646 3140 1745 3177 κα-

1849 3124 2084 3181 I’ructum
2111 3117 2311 3174 habere
2339 3115 2449 3170 vim
2475 3111 2769 3185 quamdam
2789 3124 2857 3163 ex
2880 3103 3179 3162 contrariis
3210 3103 3425 3154 mistam

162 3195 252 3280 λόν
290 3243 350 3279 τε
401 3220 540 3279 εἶναι
585 3224 678 3277 καὶ
723 3195 892 3276 κακὸν
929 3195 1219 3291 διωρίσατο
1243 3259 1258 3283 ,
1293 3218 1393 3286 τῆς
1430 3195 1741 3288 ἀμαρτίας,

1849 3218 2259 3291 commemorat.
2285 3204 2418 3260 Nam
2455 3206 2598 3260 idem
2636 3210 2692 3258 et
2719 3203 2918 3256 bonum
2972 3204 3027 3251 ct
3063 3195 3265 3250 malum
3307 3207 3432 3247 esse

162 3313 336 3386 οἶμαι,
359 3314 450 3369 διὰ
476 3312 667 3368 τούτου
696 3312 795 3383 τὴν
824 3309 984 3379 φύσιν
1013 3309 1478 3379 ύπαινιττόμενος.
1525 3305 1746 3376 Ἐπειδὴ

1850 3284 2071 3364 definit,
2126 3296 2337 3367 peccati
2388 3296 2497 3366 (ιιι
2565 3288 2819 3362 equidem
2884 3284 3120 3355 opinor)
3177 3287 3430 3335 naturam

164 3411 381 3463 πάντων
415 3406 526 3461 τῶν
556 3406 645 3459 διὰ
672 3403 873 3466 κακίας
903 3401 1306 3473 ἐνεργουμένων
1346 3399 1506 3469 ήδονή
1536 3416 1619 3462 τις
1651 3416 1749 3451 κα-

165 3505 413 3575 θηγεῖται
464 3501 717 3565 πάντως,
761 3499 855 3551 καὶ
900 3496 1001 3549 οὐκ
1050 3494 1195 3548 ἐστιν
1246 3494 1426 3565 εὑρεῖν
1477 3490 1750 3562 ἁμαρτίαν

166 3597 360 3668 ἡδονῆς
406 3593 811 3663 διεζευγμένην,
842 3590 943 3642 ὅσα
983 3605 1041 3641 τε
1068 3586 1157 3640 διὰ
1197 3584 1394 3656 θυμοῦ,
1429 3584 1523 3637 καὶ
1552 3584 1651 3637 ὅσα
1685 3583 1751 3635 δι’

168 3690 465 3760 ἐπιθυμίας
510 3687 717 3756 γίνεται
759 3682 940 3752 πάθη’
974 3679 1164 3734 τούτου
1207 3678 1366 3749 χάριν
1410 3677 1505 3730 καὶ
1537 3674 1698 3737 καλὸς
1726 3674 1755 3727 ὁ

170 3783 381 3855 καρπὸς
411 3778 734 3850 ὀνομάζεται
762 3776 901 3829 κατά
930 3774 1026 3842 τὴν
1051 3770 1443 3842 ἡμαρτημένην
1466 3768 1561 3821 τοῦ
1590 3764 1754 3821 καλοῦ

170 3878 373 3946 κρίσιν,
398 3876 510 3935 τοῖς
550 3872 609 3924 τὸ
640 3868 802 3922 καλὸν
847 3870 904 3920 ὲν
944 3866 1102 3936 ήδονῇ
1142 3861 1449 3931 τιθεμένοις
1473 3900 1488 3924 ,
1517 3859 1758 3920 τοιοῦτος

170 3967 366 4020 δοκῶνο
396 3963 628 4033 πονηρὸς
663 3960 720 4013 δὲ
759 3958 895 4030 μετά
918 3956 1092 4010 ταῦτα
1122 3956 1187 4025 τῇ
1215 3950 1386 4024 πικρᾷ
1412 3954 1476 4022 τῇ
1504 3948 1759 4023 βρώσεως

172 4058 429 4112 ἀναδύσει
459 4055 795 4125 εὑρίσκεται,
844 4049 985 4101 κατά
1027 4045 1125 4117 τὴν
1176 4042 1512 4116 προοιμιώδη
1556 4042 1758 4110 φωνήν,

172 4154 209 4222 ἦ
244 4168 395 4223 φησι,
431 4148 552 4219 μέλι
581 4146 687 4198 τῶν
735 4142 957 4214 χειλέων
997 4139 1097 4207 τῆς
1122 4137 1320 4200 κακίας
1350 4133 1697 4198 ἀποστάζειν,
1727 4134 1762 4203 ἢ

174 4243 319 4313 πρὸς
346 4239 537 4311 καιρὸν
570 4238 666 4308 μὲν
701 4233 937 4287 λιπαίνει
972 4233 1063 4285 τὸν
1094 4230 1352 4301 φάρυγγα
1373 4268 1388 4292 ,
1426 4227 1563 4298 μετά
1592 4225 1765 4279 ταῦτα

173 4335 237 4390 δὲ
267 4334 590 4403 πικρότερον
635 4328 795 4399 χολῆς
838 4329 949 4387 τοῖς
980 4323 1164 4386 κακῶς
1206 4319 1586 4390 γλυκανθεῖσιν
1616 4315 1764 4388 εὑρί-

176 4442 393 4481 σκεται.
436 4421 655 4491 Ἐπειδὴ
676 4419 853 4472 τοίνυν
878 4416 1118 4478 ἀποστὰς
1135 4415 1230 4485 τῆς
1249 4412 1355 4465 τῶν
1379 4408 1596 4479 ἀγαθῶν
1630 4423 1770 4476 παγ-

177 4517 426 4590 καρπίας
470 4517 498 4567 ὁ
545 4514 861 4585 ἄνθρωπος,
908 4510 1001 4562 τοῦ
1042 4504 1366 4580 φθοροποιοῦ
1419 4501 1634 4575 καρποῦ
1681 4501 1771 4554 διὰ

176 4614 286 4683 τῆς
319 4605 605 4680 παρακοῆς
634 4603 935 4676 ἐνεπλήσθη
959 4621 971 4633 ο
1002 4601 1171 4672 δνομα
1198 4599 1255 4652 δὲ
1290 4596 1384 4651 τοῦ
1415 4593 1625 4669 καρποῦ
1650 4592 1773 4647 τού-

176 4720 279 4757 του
330 4702 363 4771 ή
417 4696 769 4760 θανατοποιδς
826 4692 1100 4765 ἁμαρτίαι
1150 4691 1311 4753 εὐθὺς
1364 4684 1641 4758 ὲνεκρώθη
1695 4684 1775 4755 τῷ

178 4795 458 4868 κρείττονι
503 4792 636 4863 βίῳ,
682 4788 780 4859 τὴν
824 4787 1013 4855 ἄλογον
1060 4785 1155 4838 καὶ
1201 4780 1446 4853 κτηνὼδη
1484 4778 1628 4851 ζωὴν
1674 4777 1775 4849 τῆς

182 4888 471 4959 θειοτέρας
504 4882 991 4952 ἀνταυαξάμενος.
1032 4879 1141 4932 Καὶ
1181 4873 1607 4945 καταμιχθέντος
1632 4870 1779 4935 ἅπαξ

180 4976 285 5029 τοῦ
334 4973 566 5028 θανάτου
598 4972 665 5042 τῇ
718 4968 914 5038 φύσει,
947 4964 1287 5037 συνδιεξῆλθε
1310 4966 1429 5025 ταῖς
1458 4961 1565 5017 τῶν
1599 4978 1779 5014 τικτο-

190 5069 378 5141 μένων
413 5065 682 5135 διαδοχαῖς
717 5063 751 5133 ή
782 5062 1061 5131 νεκρότης,
1093 5059 1254 5112 Ὅθεν
1286 5056 1476 5127 νεκρὸς
1502 5057 1648 5127 ἡμᾶς
1674 5053 1781 5107 διε-

187 5159 387 5224 δέξατο
421 5157 562 5227 βίος,
596 5153 767 5223 αὐτῆς
790 5152 991 5222 τρόπον
1016 5149 1138 5203 τινὰ
1162 5149 1261 5220 τῆς
1285 5147 1429 5218 ζωῆς
1465 5143 1621 5216 ήμῶν
1647 5145 1783 5196 ἀπο-

191 5250 487 5319 θανούσης.
532 5245 722 5319 Νεκρά
771 5245 881 5315 γὰρ
913 5240 1174 5313 ἀντικρύς
1207 5243 1355 5294 ἐστιν
1383 5238 1541 5311 ήμῶν
1579 5239 1613 5309 ή
1646 5235 1780 5305 ζωὴ,

189 5342 301 5412 τῆς
340 5340 636 5402 ἀθανασίας
668 5335 1030 5407 ἑστερημένη.
1067 5332 1167 5385 Διὰ
1196 5331 1356 5385 τοῦτο
1380 5331 1501 5393 ταῖς
1536 5328 1629 5381 δύο
1656 5326 1787 5381 ταύ-

189 5451 327 5497 τα.ς
359 5432 522 5497 ζωαῖς
553 5429 820 5500 μεσιτεύει
849 5431 878 5482 ὁ
904 5430 961 5481 ἐν
997 5426 1147 5498 μέσῳ
1174 5424 1283 5478 τῶν
1309 5422 1402 5477 δύο
1439 5420 1594 5486 ζωῶν
1622 5435 1784 5489 γινω-

194 5527 491 5596 σκόμενος·
522 5522 610 5574 ἴνα
638 5525 703 5593 τῇ
735 5520 1012 5591 ἀναιρέσει
1042 5519 1141 5588 τῆς
1169 5516 1431 5590 χείρονος,
1456 5513 1531 5584 δῷ
1554 5515 1621 5584 τῇ
1655 5513 1788 5580 ἀκη-

195 5616 357 5689 ράτῳ
398 5615 466 5667 τὰ
492 5614 801 5683 νικητήρια.
848 5614 1059 5681 Ὥσπερ
1083 5611 1263 5664 τοίνυν
1298 5607 1377 5678 τῷ
1404 5605 1697 5661 ἀποθανεῖν
1720 5604 1789 5674 τῇ

194 5709 435 5781 ἀληθινῇ
474 5707 585 5777 ζωῇ
631 5708 659 5759 ὁ
687 5705 967 5778 ἄνθρωπος
991 5707 1068 5766 εἰς
1095 5704 1185 5757 τὸν
1217 5700 1410 5773 νεκρὸν
1441 5698 1629 5752 τοῦτον
1659 5710 1787 5762 μετ-

273 5894 326 5930 ⁵³
354 5892 511 5948 Rom.
546 5908 617 5957 v1,
646 5893 735 5946 25.
794 5890 840 5921 ⁸⁸
861 5889 1021 5945 Prov.
1049 5906 1104 5954 v,
1129 5888 1185 5941 3.

1850 3399 2083 3451 obscure
2114 3390 2273 3444 nobis
2310 3386 2651 3443 describens.
2674 3380 2809 3435 Nam
2842 3378 2970 3449 quia
2996 3375 3250 3443 voluptas
3279 3385 3431 3439 qna:-

1852 3491 1975 3545 dam
2011 3489 2065 3542 in
2097 3484 2378 3546 omnibus,
2423 3493 2545 3550 qua:
2601 3473 2851 3543 improbe
2881 3474 3166 3540 geruntur,
3202 3462 3429 3515 omnino

1852 3580 2137 3654 praecedit,
2172 3591 2349 3646 neque
2382 3569 2610 3642 reperiri
2660 3572 2948 3637 peccatum
2987 3559 3158 3612 ullum
3194 3560 3375 3623 potest
3405 3564 3435 3600 a

1854 3645 2136 3745 voluptate
2192 3645 2528 3736 seiunctum,
2595 3660 2708 3715 sive
2738 3655 2867 3727 quid
2920 3668 3016 3723 per
3076 3645 3437 3703 iracundiam.

1858 3774 1971 3825 sive
1992 3738 2097 3836 per
2129 3758 2410 3817 libidinem
2442 3755 2795 3822 designetur:
2828 3762 2891 3801 ea
2920 3745 2987 3798 de
3021 3754 3187 3795 causa
3224 3738 3437 3791 fructus

1861 3863 1948 3914 hic
1981 3831 2146 3911 etiam
2179 3850 2403 3921 pulcher
2444 3845 2773 3915 appellatur,
2805 3838 3005 3907 quippe
3029 3832 3120 3902 qui
3146 3831 3443 3897 depravato

1857 3949 2066 4020 judicio
2107 3920 2230 3999 talis
2268 3955 2393 3996 esse
2442 3937 2696 3991 videatur
2748 3932 2838 3991 iis,
2873 3926 2966 3997 qui
3001 3925 3201 3979 bonum
3245 3920 3299 3972 in
3345 3930 3444 3969 vo-

1861 4005 2068 4105 luptate
2103 4039 2333 4104 ponunt,
2381 4026 2474 4082 sed
2536 4020 2734 4079 deinde
2786 4018 2963 4071 malus
2992 4029 3059 4067 ex
3114 4025 3299 4065 ainara
3333 4005 3446 4060 cibi

1865 4099 2170 4199 digestione
2202 4120 2496 4192 reperitur,
2541 4104 2844 4170 secundum
2886 4105 3018 4160 illud
3060 4101 3183 4156 libri
3214 4099 3449 4152 Prover—

1865 4192 2079 4279 biorum
2114 4216 2361 4276 verbum,
2398 4224 2509 4283 quo
2541 4206 2745 4263 dicitur
2771 4202 2877 4257 mel
2916 4200 2985 4255 de
3014 4197 3178 4253 labiis
3226 4192 3451 4247 malitia:

1867 4314 2138 4371 distillare
2159 4310 2229 4373 ",
2294 4320 2419 4377 quae
2481 4299 2703 4373 quidem
2767 4295 2835 4350 ad
2893 4302 3111 4362 tempus
3172 4289 3454 4341 lnnnectet

1869 4415 2077 4479 guttur,
2114 4400 2210 4457 sed
2246 4375 2509 4465 deinceps
2544 4391 2691 4447 felle'
2719 4386 2959 4442 amarior
3002 4380 3311 4438 inveniatur
3358 4375 3449 4436 iis.

1870 4468 1964 4571 qui
2016 4468 2157 4551 male
2224 4488 2571 4547 dulcedinem
2633 4482 2782 4536 illam
2844 4473 3209 4548 perceperint.
3268 4468 3457 4535 Itaque

1803 4612 1848 4670 ι)
1875 4560 2166 4659 postquam
2206 4582 2370 4636 homo
2408 4593 2437 4631 a
2488 4572 2651 4630 fertili
2712 4567 2890 4622 omnis
2942 4562 3155 4635 generis
3184 4560 3455 4615 bonorum

1876 4653 2034 4751 copia
2063 4674 2340 4735 discessit,
2393 4684 2457 4723 ac
2511 4670 2696 4721 l'ructu
2748 4658 3031 4716 interitum
3064 4653 3323 4708 aﬂ'erente
3360 4663 3457 4720 per

1876 4767 2304 4829 inobedientiam
2352 4766 2630 4816 saturatus
2687 4761 2770 4810 est
2823 4749 2957 4823 (cui
3004 4745 3206 4802 fructui
3258 4756 3456 4797 nomen

1878 4875 1963 4922 est
1994 4868 2277 4935 peccatum
2315 4851 2650 4923 letiferum),
2685 4846 2866 4904 statim
2906 4843 2972 4898 ad
3024 4837 3459 4913 praestantiorem

1881 4928 2044 5012 vitam
2080 4952 2225 5025 quod
2284 4949 2502 5008 attinet,
2563 4951 2738 4997 morte
2783 4939 3043 4994 multatus
3082 4942 3188 4996 est,
3220 4928 3455 4985 rationis

1881 5056 2105 5119 experte
2137 5060 2199 5098 ac
2231 5043 2392 5096 bruta
2434 5052 2558 5092 cum
2606 5032 2878 5088 diviniore
2938 5030 3047 5081 vita
3107 5028 3453 5080 commutata.

1879 5141 1946 5196 Et
1969 5141 2093 5210 quia
2120 5135 2288 5191 semel
2313 5130 2689 5187 immiscuerat
2720 5140 2781 5180 se
2807 5137 2957 5177 mors
2982 5128 3194 5174 naturae
3224 5123 3463 5179 nostra,

1882 5245 1989 5286 una
2024 5242 2149 5282 cum
2176 5223 2311 5295 ipsis
2339 5235 2530 5277 eorum
2560 5217 2655 5288 qui
2680 5212 3114 5287 procreabantur
3142 5204 3463 5261 successio-

1883 5325 2046 5379 nibus
2102 5294 2407 5373 mortalitas
2460 5309 2790 5383 penetravit.
2840 5305 2963 5370 Quo
2998 5300 3201 5355 factum
3240 5305 3300 5349 ut
3354 5294 3468 5348 vita

1886 5432 1989 5473 nos
2013 5412 2292 5482 exciperet
2324 5416 2563 5466 mortua.
2608 5402 2725 5473 ipsa
2754 5392 3160 5471 quodammodo
3208 5389 3319 5443 vita
3368 5403 3471 5440 no-

1889 5521 2002 5568 stra
2036 5511 2214 5561 morte
2243 5505 2546 5572 perempta.
2584 5493 2719 5549 Nam
2757 5489 2903 5545 haud
2943 5485 3111 5540 dubie
3141 5482 3250 5533 vita
3280 5488 3469 5533 nostra

1891 5613 2109 5660 mortua
2137 5605 2242 5663 est,
2275 5610 2401 5651 cum
2430 5566 2843 5648 immortalitate
2892 5579 3127 5647 spoliata
3160 5576 3249 5627 sit.
3287 5566 3474 5663 itaque

1888 5696 2033 5753 inter
2064 5652 2242 5748 hasce,
2263 5688 2405 5745 duas
2429 5683 2569 5739 vitas
2603 5677 2783 5734 medio
2822 5671 2978 5744 quasi
3016 5667 3169 5739 degit
3201 5665 3347 5729 loco,
3378 5652 3480 5721 qui
