4028 6500
571 415 706 509 1025
1837 428 1893 484 S.
1925 429 2159 488 GREGO

2146 431 2250 487 lRll
2274 430 2568 489 NYSSENI
3637 442 3737 499 ιοιι

566 536 713 590 inter
741 535 881 593 duas
910 537 1046 595 vitas
1074 541 1423 610 cognoscitur
1443 581 1457 607 ,
1490 551 1548 596 ut
1587 556 1865 616 perempta
1926 549 2134 618 pejore,

2166 563 2210 614 Α
2241 553 2404 607 έπεσε
2454 554 2568 624 βίον
2585 569 2600 584 ·
2631 550 2805 615 οὑτως
2835 552 2961 605 ὅταν
2976 548 3222 619 ἀποθάνῃ
3244 551 3307 621 τῇ
3329 552 3487 623 νεκρᾷ
3508 554 3652 628 ταύτῃ
3671 562 3739 615 καὶ

568 630 820 688 interitus
857 630 1072 700 experti
1096 630 1383 685 victoriam
1411 633 1636 688 tribuat.
1667 633 2137 700 Quemadmodum

2241 644 2502 715 κτηνώδει
2539 642 2652 714 ζωῇ
2674 684 2690 709 ,
2736 642 2872 713 πρὸς
2899 641 2998 711 τὴν
3028 640 3114 694 ἀεὶ
3140 639 3318 703 ζῶσαν
3344 642 3737 712 ἁντιμεθίσταται.

567 722 734 789 igitur
763 722 925 778 honto
956 722 1087 776 dum
1116 738 1255 777 vera:
1288 723 1415 777 vita:
1470 726 1719 791 moritur,
1775 728 1830 781 in
1863 738 2136 786 mortuam

2249 730 2335 795 Ὦς
2365 731 2732 802 ἀναμφίὸολον
2759 726 2918 794 εἶναι,
2950 730 3031 783 ὃτι
3057 729 3157 782 οὑκ
3185 728 3329 782 ἔστιν
3364 732 3419 783 ἐν
3452 734 3512 803 τῇ
3550 740 3741 809 μακαρίᾳ

567 811 706 866 hanc
740 814 907 866 vitam
934 812 1127 866 incidit
1151 830 1165 866 :
1194 814 1268 868 ita
1299 829 1426 869 cum
1453 814 1580 870 huic
1605 826 1833 874 mortue
1857 819 2136 892 brutaaque

2235 821 2485 890 γενέσθαι
2519 820 2653 892 ζωῇ,
2690 821 2764 891 μὴ
2797 818 2989 890 νεκρὸν
3014 821 3079 888 τῇ
3122 817 3362 888 ἁμαρτία
3392 819 3664 889 γενόμενον.
3689 819 3741 878 UB

564 903 689 957 vita
712 903 968 964 moritur,
1012 906 1253 961 vicissim
1279 916 1543 963 aeternum
1592 910 1794 965 viventi
1822 912 1944 969 vitae
1973 916 2134 970 resti-

2234 914 2393 983 χάριν
2429 915 2485 965 ἐν
2512 912 2589 983 τῷ
2616 912 2764 981 αὑτῷ
2788 910 2930 964 κατὰ
2949 909 3008 963 τὸ
3037 908 3198 983 μέσον
3222 908 3470 979 ἑκάτερον
3492 910 3588 963 τῶν
3615 912 3742 978 ξύλων

566 993 759 1047 tuitur.
788 993 908 1059 Quo
947 994 1028 1061 ﬁt,
1065 1008 1122 1051 ut
1152 1005 1306 1051 extra
1349 1014 1563 1055 omnem
1604 1000 2002 1060 dubitationem
2040 1022 2135 1075 po-

2233 1000 2370 1055 εἶναι
2405 1001 2510 1055 ὑπὸ
2535 1002 2627 1055 τοῦ
2659 1002 2817 1066 λόγου
2846 998 3307 1073 πεφιλοσόφηται·
3342 999 3415 1062 ὼς
3441 1000 3525 1052 τοῦ
3554 1002 3636 1071 μὲν
3662 1004 3745 1057 ἐκεῖ

564 1084 727 1136 situm
771 1085 866 1151 sit,
901 1101 1011 1141 non
1052 1103 1213 1156 posse
1240 1104 1342 1144 nos
1367 1090 1580 1145 beatam
1612 1092 1757 1146 illam
1788 1094 1951 1148 vitam
1997 1111 2132 1151 con-

2234 1093 2393 1164 φύσει
2416 1094 2587 1157 ὄντος,
2613 1093 2707 1147 τοῦ
2732 1092 2791 1146 δὲ
2824 1090 3201 1162 ἐπιγινομένου
3227 1090 3304 1161 τῷ
3344 1090 3453 1145 ὄντι
3492 1091 3571 1146 διὰ
3592 1096 3743 1165 στερή-

563 1176 740 1245 sequi,
773 1177 879 1231 nisi
909 1188 1131 1246 peccato
1156 1182 1478 1237 moriamur.
1520 1181 1596 1237 Ea
1629 1183 1696 1240 de
1744 1200 1913 1241 causa
1965 1187 2136 1241 tradi-

2235 1203 2389 1249 σεως.
2440 1186 2535 1239 Ἐκ
2564 1185 2675 1255 γὰρ
2710 1180 2803 1238 τοῦ
2845 1182 3009 1237 αὑτοῦ
3050 1183 3143 1236 ἐπὶ
3166 1184 3226 1237 τὸ
3250 1182 3381 1237 αὑτό
3405 1183 3488 1236 διὰ
3516 1187 3745 1255 μετουσίας

563 1276 676 1320 tum
706 1280 899 1339 argute
919 1279 1027 1335 est,
1058 1272 1251 1327 eodem
1299 1274 1420 1328 loco
1467 1274 1520 1329 in
1550 1276 1729 1332 medio
1777 1278 2031 1347 paradiso
2068 1281 2133 1334 li-

2233 1276 2327 1329 καὶ
2361 1276 2702 1345 στερήσεως,
2736 1275 2770 1345 ἡ
2816 1272 3271 1342 ἀντιμετάστασις
3307 1271 3504 1341 γίνεται
3530 1274 3611 1325 καὶ
3638 1272 3745 1345 ζωῆς

563 1377 728 1430 gnum
759 1370 1052 1432 utrumque
1078 1379 1243 1420 esse:
1274 1367 1419 1435 quod
1459 1367 1689 1427 alterum
1725 1369 1800 1425 ibi
1849 1386 1881 1425 a
1935 1380 2132 1427 natura

2233 1364 2327 1419 καὶ
2374 1364 2626 1418 θανάτου.
2675 1362 2897 1434 Ἐπειδὴ
2939 1364 2969 1415 ὁ
3018 1362 3313 1434 νεκρωθεὶς
3353 1362 3429 1432 τῷ
3470 1362 3664 1433 ἀγαθῷ,
3699 1365 3745 1437 ζῇ

562 1455 653 1515 sit,
707 1455 936 1510 alterum
969 1456 1037 1513 ad
1080 1455 1134 1511 id
1162 1458 1307 1528 quod
1346 1460 1498 1527 prius
1532 1460 1770 1526 exsistit,
1804 1478 1900 1531 per
1953 1464 2134 1533 priva-

2231 1456 2310 1528 τῷ
2338 1456 2515 1528 κακῷ,
2539 1458 2635 1509 καὶ
2670 1458 2697 1509 ὁ
2726 1455 2916 1526 νεκρὸς
2946 1456 3003 1507 ἐν
3035 1454 3203 1526 κακίᾳ
3238 1454 3519 1524 γενόμενος
3544 1455 3659 1525 πρὸς
3680 1456 3748 1525 τὴν

563 1546 764 1601 tionem
794 1548 1038 1604 accedat.
1071 1547 1209 1604 Nam
1242 1566 1311 1606 ex
1333 1552 1525 1607 eodem
1559 1554 1612 1607 in
1662 1554 1802 1609 idem
1834 1571 1930 1625 per
1987 1558 2129 1610 frui-

2232 1547 2430 1621 ἀρετὴν
2456 1548 2775 1603 ἀνεϐίωσεν.
2804 1547 3011 1601 Οὐκοῦν
3037 1545 3216 1610 καλῶς
3240 1545 3469 1600 δείκνυσι
3498 1548 3557 1616 τῇ
3584 1552 3751 1619 σμύρνῃ

560 1637 764 1692 tionem
817 1645 872 1692 et
914 1639 1312 1709 privationem,
1379 1640 1436 1695 ﬁt
1491 1646 1846 1698 commutatio
1896 1646 2021 1701 vita:
2067 1663 2132 1702 ac

2233 1640 2455 1711 πλήρεις
2476 1638 2574 1703 τὰς
2604 1639 2805 1708 ἑαυτῆς
2832 1641 3017 1710 χεῖρας
3050 1640 3083 1709 ἡ
3111 1637 3319 1709 νύμφη.
3346 1635 3430 1690 διὰ
3451 1639 3539 1707 τῆς
3567 1638 3615 1690 ἐν
3639 1639 3749 1708 πάσῃ

562 1729 753 1783 mortis
802 1747 816 1783 :
854 1744 977 1782 cum
1034 1732 1127 1800 qui
1171 1742 1420 1787 mortuus
1470 1740 1554 1788 est
1586 1733 1751 1798 bono,
1776 1736 1907 1789 vivit
1946 1738 2128 1793 malo:

2232 1734 2398 1806 κακίᾳ
2446 1732 2770 1804 νεκρότητος
2810 1731 3141 1802 ἀνισταμένη
3170 1770 3185 1792 ,
3220 1731 3357 1803 πρὸς
3397 1729 3454 1784 τὸ
3488 1730 3668 1795 ἀνοῖξαι
3696 1729 3751 1798 τῷ

559 1826 615 1873 et
636 1821 727 1888 qui
764 1830 1012 1875 mortuus
1040 1830 1123 1876 est
1158 1824 1213 1876 in
1244 1823 1571 1889 vitiositate,
1600 1825 1667 1879 ad
1702 1826 1955 1881 virtutem
1987 1831 2131 1883 revi-

2230 1827 2388 1896 Λόγῳ
2407 1826 2505 1897 τὴν
2534 1828 2613 1889 είς
2647 1826 2843 1898 ἑαυτὴν
2867 1824 3089 1879 εἴσοδον.
3132 1822 3254 1893 Ζωὴ
3283 1822 3341 1874 δὲ
3371 1824 3399 1875 ό
3423 1821 3580 1889 Λόγος
3602 1820 3650 1873 δν
3671 1821 3752 1871 εἰσ⁴

560 1911 737 1967 viscit.
800 1910 1144 1982 Quapropter
1203 1914 1429 1979 pulchre
1469 1931 1672 1985 sponsa
1738 1932 1932 1977 manus
2003 1935 2134 1975 suas

2166 1907 2206 1961 Β
2233 1916 2516 1980 οικίςεται.
2576 1916 2718 1987 Πρὸς
2758 1914 3010 1969 τοσοῦτον
3054 1914 3111 1968 δὲ
3147 1912 3375 1984 μέγεθος
3401 1910 3668 1982 ἐπαρθεῖσα
3690 1909 3754 1961 διὰ

561 2002 777 2072 myrrha
805 2004 993 2072 plenas
1021 2004 1275 2066 ostendit.
1308 2020 1431 2059 cum
1467 2007 1612 2062 vitiis
1640 2008 1897 2063 omnibus
1922 2018 2132 2065 mortua

2239 2008 2345 2063 τῶν
2371 2006 2750 2080 θεωρηθέντων
2774 2009 2905 2077 ἡμῖν
2936 2008 2968 2075 ἡ
2994 2006 3130 2077 πρὸς
3151 2005 3242 2058 τὸν
3268 2004 3401 2057 Θεὸν
3430 2002 3602 2074 ὁρῶσα
3624 2000 3752 2070 ψυχή’

559 2100 790 2162 surgat,
850 2102 907 2148 ιιι
962 2092 1141 2148 Verbo
1211 2094 1419 2150 aditum
1474 2096 1527 2151 in
1594 2112 1654 2153 se
1707 2098 2015 2168 patefaciat.
2068 2100 2133 2155 Et

2238 2099 2422 2163 οὑπω,
2463 2099 2645 2163 καθώς
2692 2116 2858 2170 φησιν
2894 2100 2924 2152 ὁ
2955 2098 3186 2163 Παῦλος,
3222 2096 3393 2162 οὕτως
3433 2096 3593 2164 ἔγνω,
3616 2094 3758 2155 καθὼς

559 2180 797 2237 Verbum
852 2185 997 2254 quod
1048 2185 1389 2251 intromittit,
1442 2188 1559 2259 ipsa
1609 2191 1721 2243 vita
1752 2199 1858 2246 est.
1903 2189 2131 2246 Tantam

2237 2191 2315 2244 δεῖ
2336 2190 2557 2259 γνῶναι,
2588 2191 2708 2244 οὑδὲ
2734 2189 3008 2259 λογίζεται
3032 2189 3151 2244 καθ’
3180 2189 3378 2261 ἑαυτὴν
3408 2186 3755 2258 κατειληφέναι·

557 2272 701 2329 vero'
719 2266 786 2331 ad
816 2276 1202 2332 sublimitatem
1236 2277 1290 2332 in
1338 2277 1428 2341 iis,
1459 2295 1581 2349 quae
1634 2280 2130 2349 consideravimus,

2236 2283 2348 2335 ἀλλ’
2373 2282 2450 2336 ἔτι
2479 2282 2615 2356 πρὸς
2643 2281 2703 2335 τὸ
2726 2281 3117 2353 ὑπερκείμενον
3139 2282 3343 2354 τρέχει,
3368 2282 3477 2345 τοῖς
3504 2276 3758 2350 ἔμπροσθεν

555 2371 742 2422 evecta
771 2364 971 2430 anima,
1003 2380 1123 2434 qua:
1152 2365 1219 2421 ad
1254 2364 1423 2421 Deum
1451 2375 1661 2437 spectat
1702 2386 1717 2425 :
1749 2370 1990 2424 nondum
2046 2381 2129 2425 ta-

1280 2367 1423 2421 Deum
1451 2375 1661 2437 spectat
1702 2386 1717 2425 :
1749 2370 1990 2424 nondum
2046 2381 2129 2425 ta-
2236 2371 2433 2444 ἑαυτὴν
2467 2371 2871 2427 ἐπεκτείνουσα.

560 2473 705 2521 mea,
738 2456 815 2511 uti
845 2455 1050 2513 Paulus
1090 2458 1351 2528 loquitur,
1383 2460 1455 2512 ita
1492 2461 1767 2530 cognovit,
1809 2462 2262 2532 quemadmodum
2301 2472 2536 2534 oportet,
2569 2479 2747 2535 neque
2787 2479 2846 2520 se
2890 2461 3371 2534 comprehendisse
3407 2457 3757 2517 arbitratur":

558 2550 651 2604 sed
682 2549 859 2604 adhuc
886 2550 952 2604 ad
1009 2552 1292 2623 superiora
1326 2554 1520 2616 currit,
1549 2556 1803 2617 enitendo
1832 2556 1901 2612 ad
1925 2573 2011 2622 ea,
2042 2575 2162 2630 quze
2186 2567 2313 2615 ante
2350 2576 2408 2616 se
2440 2560 2624 2616 habet.

558 2684 563 2687 .
632 2639 748 2696 Hoc
773 2642 916 2695 enim
948 2650 1007 2696 ut
1031 2642 1099 2698 de
1127 2644 1243 2713 ipsa
1277 2652 1605 2708 statuamus.
1636 2649 1929 2705 verborum
1974 2652 2130 2707 dein-

2319 2654 2384 2708 Ἡ
2421 2653 2529 2725 γὰρ
2561 2651 2852 2708 ἀκολουθία
2883 2651 2992 2705 τῶν
3021 2650 3219 2721 ἐφεξῆς
3258 2650 3432 2719 λόγων
3468 2648 3625 2703 ταῦτα
3654 2647 3759 2699 νοεῖν

556 2744 686 2800 ccps
724 2733 1070 2800 sequentium
1120 2734 1290 2789 series
1337 2745 1541 2791 mouet.
1592 2737 1877 2805 Adhibitis,
1930 2742 2133 2813 inquit,

2236 2746 2364 2817 περὶ
2394 2746 2562 2817 αὑτῆς
2588 2744 2919 2799 ὑποτίθεται·
2963 2743 3095 2797 Ἐπὶ
3140 2742 3348 2812 χεῖρας
3390 2741 3493 2795 τοῦ
3531 2740 3759 2807 κλείθρου

547 2818 807 2877 'manibus
837 2823 1093 2887 claustro,
1130 2828 1311 2894 aperui
1337 2830 1575 2898 equidem
1606 2843 1829 2901 cognato
1858 2851 1992 2890 meo.
2026 2835 2133 2891 Ad-

2236 2836 2450 2905 ἧνοιξα
2481 2835 2595 2906 ἐγὼ
2623 2834 2702 2901 τῷ
2734 2833 3037 2904 ἀδελφιδῷ
3076 2852 3217 2903 μου.
3264 2832 3377 2886 Kal.
3409 2832 3678 2902 ἐπήγαγεν,
3701 2828 3760 2881 ὅτι

556 2912 638 2966 dit
679 2914 869 2977 etiam,
926 2912 1190 2968 Prwtcriit
1241 2930 1492 2987 cognatus
1547 2938 1725 2986 metu,
1782 2926 1963 2980 animo
2017 2944 2133 2989 mea

2249 2928 2593 2997 Ἀδε.ζςαιδός
2623 2945 2744 2998 μου
2775 2926 3111 2996 παρῆλθεν·
3142 2926 3179 2992 ἡ
3212 2923 3383 2994 ψυχή
3416 2940 3531 2995 μου
3552 2919 3761 2989 ἐξῆλθεν

555 3019 767 3071 egressa
798 3013 875 3059 εει
917 3002 985 3057 ad
1034 3021 1328 3062 serauouem
1364 3010 1500 3079 ejus.
1534 3011 1748 3078 Quibus
1793 3031 1893 3071 nos
1945 3017 2126 3083 docet,

2235 3018 2305 3075 ἐν
2334 3021 2494 3089 λόγῳ
2516 3018 2721 3073 αὐτοῦ.
2752 3019 3003 3075 Διδάσκει
3035 3017 3143 3088 γὰρ
3171 3015 3258 3069 διὰ
3291 3014 3493 3069 τούτων
3523 3013 3677 3084 ἡμᾶς,
3702 3010 3762 3063 ὅτι

556 3110 725 3149 unum
771 3110 894 3150 esse
936 3095 1161 3151 modum
1205 3100 1542 3170 percipiendi
1598 3112 1922 3175 potestatem
1978 3108 2126 3165 illam

2233 3111 2326 3166 ἐπὶ
2368 3112 2466 3180 τῆς
2502 3109 2681 3165 πάντα
2713 3109 2838 3163 νοῦν
2876 3106 3251 3179 ὑπερεχούσης
3282 3105 3559 3177 δυνάμεως
3592 3098 3661 3167 εἷς
3687 3119 3760 3155 κα-

553 3186 906 3242 excedentem
956 3203 1175 3245 omnem
1214 3200 1470 3257 mentem,
1504 3194 1763 3251 nimirum
1808 3214 1916 3254 non
1945 3200 2129 3258 subsi-

2171 3234 2199 3292 Β
2233 3201 2513 3272 ταλήψεώς
2559 3204 2677 3255 ἐστι
2705 3201 2937 3274 τρόπος,
2967 3200 3030 3254 τὸ
3067 3198 3340 3292 μηδέποτε
3374 3198 3556 3292 στῆναι
3586 3192 3762 3292 napi-th

554 3290 701 3333 stere
724 3279 775 3333 iu
808 3279 877 3334 iis
908 3295 1029 3350 quae
1053 3284 1365 3352 perceperis
1390 3303 1403 3339 :
1441 3284 1537 3343 sed
1572 3288 1754 3357 potius
1784 3290 2127 3363 nequaquam

2171 3279 2199 3292 ﬁ
2231 3294 2683 3365 κατειλημμένον·
2725 3292 2864 3347 ἀλλὰ
2898 3292 2989 3345 τὸν
3043 3292 3129 3346 ἀεὶ
3172 3290 3446 3361 ζητοῦντα
3488 3288 3563 3361 τῷ
3599 3286 3762 3339 πλείονι

554 3370 847 3439 quiescere
872 3386 1087 3442 semper
1132 3373 1495 3443 inquirentem
1542 3378 1746 3448 aliquid
1775 3384 2009 3453 amplius
2039 3401 2127 3449 eo,

2227 3385 2325 3439 τοῦ
2367 3384 2816 3453 καταλειφθέντος
2872 3383 2946 3456 μὴ
2991 3382 3265 3436 ἵστασθαι.
3315 3383 3383 3436 Ἦ
3435 3381 3540 3453 γὰρ
3590 3379 3762 3450 πλήρης

551 3458 702 3527 quod
746 3461 914 3515 semel
960 3464 1464 3532 comprehenderis.
1492 3465 1703 3523 Etenim
1754 3487 1876 3539 quae
1909 3475 2129 3541 myrrha

2230 3476 2491 3546 γενομένη
2525 3476 2624 3545 τῆς
2656 3475 2923 3546 σμύρνης,
2959 3475 3091 3527 πᾶσι
3122 3475 3233 3535 τοῖς
3255 3471 3352 3525 τοῦ
3387 3472 3500 3543 βίου
3530 3463 3762 3538 ἐπιτηδεύ-

528 3555 713 3622 'plena
750 3551 891 3606 facta
921 3562 1028 3619 est,
1066 3556 1431 3627 omnibusque
1460 3559 1582 3614 vita:
1602 3563 1799 3620 studiis
1822 3564 1964 3635 (quae
1996 3567 2119 3638 ﬁgu-

2233 3584 2393 3638 μασιν
2419 3566 2595 3637 (ἅπερ
2622 3565 2919 3630 δακτύλους
2943 3564 3221 3637 τροπικῶς
3245 3563 3499 3633 ὀνομάζει
3519 3561 3535 3630 )
3558 3561 3645 3631 τὴν
3661 3555 3763 3628 πρὸς

558 3651 675 3696 rate
702 3640 904 3712 digitos
940 3645 1119 3715 vocat)
1153 3647 1538 3704 mortiﬁcatum
1580 3651 1637 3707 in
1667 3668 1727 3707 se
1757 3655 1957 3709 malum
1989 3658 2131 3721 indi-

2229 3656 2288 3710 τὸ
2329 3656 2495 3710 κακὸν
2527 3656 2960 3728 ἐπισημαίνουσα
3004 3655 3291 3725 νέκρωσιν·
3330 3656 3425 3709 καὶ
3460 3655 3520 3708 τὸ
3564 3651 3764 3705 ἑκούσιον

554 3738 666 3797 eat,
698 3740 1060 3801 spontaneum
1093 3734 1314 3792 virtutis
1341 3737 1553 3793 cultum
1586 3754 1649 3794 ea
1683 3739 1800 3811 ipsa
1826 3758 1884 3799 re
1908 3744 2133 3805 demon-

2227 3750 2324 3819 τῆς
2368 3748 2566 3820 ἀρετῆς
2609 3748 2697 3801 διὰ
2741 3748 2801 3801 τὸ
2838 3746 3049 3801 οἴκοθεν
3101 3747 3411 3814 ἀποστάξαι
3449 3745 3552 3801 τῶν
3604 3739 3764 3813 χειρῶν

555 3830 717 3887 strat,
742 3821 889 3893 quod
914 3838 979 3879 ex
1009 3840 1068 3880 se
1098 3842 1295 3883 manus
1323 3828 1496 3898 ipsius
1520 3831 1798 3902 myrrham
1828 3833 2127 3891 distillant:

2229 3841 2327 3913 τὴν
2368 3840 2608 3912 σμύρναν
2642 3839 3012 3910 ἐνδειξαμένη,
3048 3838 3289 3908 ἅψασθαί
3325 3855 3460 3910 φησι
3496 3839 3590 3900 τὰς
3616 3836 3766 3906 χεῖρας

556 3914 674 3969 haec
703 3914 871 3986 igitur
897 3918 1143 3988 attigisse
1175 3934 1373 3976 manus
1402 3936 1532 3980 suas
1557 3924 1857 3980 claustrum
1890 3928 1988 3993 ait,
2029 3929 2133 3985 hoc

2232 3934 2426 4004 ἑαυτῆς
2455 3932 2547 3986 τοῦ
2575 3926 2845 4005 κλείθρού,
2872 3931 3139 3994 τουτέστι,
3167 3932 3238 3985 τὰ
3262 3931 3400 4003 ἔργα
3435 3932 3626 4000 ἑαυτῆς
3646 3922 3764 3994 ἐγγί-

553 4013 660 4072 est,
690 4023 857 4078 opera
885 4024 982 4064 sua
1018 4024 1184 4082 prape
1215 4014 1519 4070 accessisse
1553 4015 1620 4070 ad
1653 4027 1943 4088 angustum
1977 4021 2129 4076 illum

2233 4043 2322 4080 σαι
2354 4024 2505 4093 λέγει
2538 4026 2606 4095 τῇ
2640 4024 2797 4095 στενῇ
2830 4039 2888 4076 τε
2917 4023 3010 4076 καὶ
3039 4023 3376 4096 τεθλιμμένη
3404 4022 3611 4093 εἰσόδῳ,
3636 4014 3694 4092 ἦς
3721 4014 3767 4069 τὺ

555 4104 613 4152 et
650 4098 898 4153 strictum
930 4098 1174 4156 aditum:
1227 4101 1384 4171 cujus
1417 4104 1623 4160 clavem
1665 4105 1905 4163 Verbum
1953 4109 2131 4179 ipsum

2231 4118 2474 4189 κλεῖθρον
2502 4114 2795 4186 ἐγχειρίζει
2823 4115 2937 4178 τοῖς
2957 4114 3098 4167 κατὰ
3126 4114 3332 4185 Πέτρον
3357 4116 3386 4167 ό
3408 4114 3593 4183 Λόγος.
3633 4106 3766 4163 ’Δνοί-

559 4188 726 4245 tradit
776 4189 879 4253 eis,
932 4191 1026 4261 qui
1075 4190 1237 4247 Petro
1290 4194 1499 4251 similes
1547 4209 1695 4252 sunt.
1728 4199 1916 4269 Aperit
1953 4213 2131 4257 autem

2230 4226 2317 4278 γει
2344 4188 2519 4262 τοίνυν
2553 4206 2618 4258 δι’
2649 4204 2922 4277 ἑκατέρων
2958 4206 3122 4278 ἑαυτῇ
3151 4207 3251 4276 τῆς
3285 4206 3563 4276 βασιλείας
3589 4202 3675 4272 τὴν
3697 4197 3766 4253 θύα

557 4280 661 4336 sibi
692 4280 842 4351 regni
869 4282 1070 4336 ostium
1096 4298 1192 4352 per
1214 4283 1327 4339 haec
1348 4284 1477 4350 duo,
1513 4286 1770 4341 nimirum
1794 4303 1890 4358 per
1912 4306 2127 4356 manus,

2232 4318 2352 4372 ραν,
2401 4299 2488 4353 διά
2531 4316 2590 4352 τε
2623 4297 2729 4352 τῶν
2762 4298 2981 4369 χειρῶν,
3021 4299 3087 4353 δι’
3128 4292 3203 4354 ὧν
3245 4300 3313 4354 τὰ
3369 4300 3506 4371 ἔργα
3532 4294 3763 4369 δηλοῦται·

556 4387 679 4442 qua:
716 4388 942 4443 operum
982 4373 1431 4443 signiﬁcationem
1476 4376 1699 4440 habent,
1751 4388 1804 4433 et
1851 4395 1948 4450 per
1975 4383 2131 4436 clau-

2229 4391 2326 4446 καὶ
2349 4390 2437 4444 διὰ
2461 4389 2553 4444 τοῦ
2578 4389 2828 4463 κλείθρου
2853 4390 2951 4461 τῆς
2971 4390 3229 4455 πίστεως.
3255 4393 3333 4445 Δι’
3360 4389 3668 4462 ἀμφοτέρων
3684 4384 3768 4456 γὰρ

557 4467 730 4517 strum
764 4461 906 4517 tidei.
944 4460 1076 4514 Nam
1112 4476 1206 4531 per
1238 4461 1353 4518 haec
1381 4462 1509 4527 duo,
1541 4480 1639 4534 per
1666 4467 1844 4534 Iidem,
1883 4470 2126 4541 inquam,

2228 4484 2456 4548 τούτων,
2502 4482 2677 4553 ἔργων
2711 4460 2771 4534 τε
2819 4460 2915 4534 καὶ
2950 4481 3186 4545 πίστεως
3228 4460 3412 4550 λέγω,
3522 4481 3657 4541 κλεὶς
3692 4475 3767 4543 τῆς

555 4563 611 4614 et
632 4568 817 4623 opera,
875 4552 1045 4607 clavis
1101 4553 1250 4623 regni
1304 4555 1463 4610 nobis
1514 4570 1546 4611 a
1579 4572 1832 4615 sermone
1884 4573 2128 4633 paratur.

2174 4580 2207 4639 ἱ)
2234 4573 2510 4646 βασιλείας
2534 4552 2612 4627 Ῠέν
2658 4574 2792 4643 ἡμῖν
2834 4571 2939 4626 ὑπὸ
2970 4571 3064 4625 τοῦ
3108 4572 3265 4640 λόγου
3320 4568 3765 4633 κατασκευάζεται.

555 4642 693 4699 Cum
730 4658 862 4713 ergo
900 4651 1148 4711 speraret
1182 4641 1248 4695 ad
1283 4644 1590 4715 exemplum
1624 4645 1789 4702 Mosis
1814 4648 2004 4705 faciem
2037 4651 2130 4708 de-

2234 4641 2364 4719 ;‘Ure
2397 4664 2576 4719 τοίνυν
2605 4641 2801 4737 ἤλπισε
2828 4663 2971 4718 κατὰ
3006 4663 3096 4716 τὸν
3128 4663 3371 4718 Μωῡσέα
3403 4662 3649 4733 γνωστῶς
3689 4659 3765 4727 ἐμ-

557 4734 782 4797 aiderati
820 4735 900 4791 sic
935 4732 1392 4790 manifestandam
1426 4737 1554 4801 sibi,
1586 4746 1645 4793 ut
1678 4755 1798 4795 eam
1831 4758 2132 4813 agnoscere

2233 4758 2558 4830 φανισθῆναι
2596 4732 2763 4829 ἑαυτῇ
2806 4755 2900 4810 τοῦ
2937 4756 3203 4827 βασιλέως
3243 4757 3305 4811 τὸ
3338 4757 3648 4830 πρόσωπον·
3675 4750 3767 4803 τότε

557 4834 783 4900 posset:
841 4834 955 4879 tum
1007 4841 1138 4879 vero
1181 4829 1581 4898 perceptionem
1618 4831 1738 4899 ejus
1772 4835 2031 4903 prmteriit
2084 4837 2133 4893 is

2232 4829 2478 4922 παρῆλθε
2522 4851 2619 4921 τὴν
2654 4848 2958 4921 κατάληψιν
2988 4849 3158 4920 αὐτῆς
3196 4851 3226 4903 ό
3268 4829 3613 4921 ποθούμενος.
3658 4837 3768 4910 imi

555 4919 647 4988 qui
673 4916 1041 4987 quaerebatur.
1073 4919 1318 4974 Aitenim
1345 4940 1358 4975 :
1382 4920 1647 4977 Praeteriit
1666 4935 1931 4997 cognatus
1956 4944 2128 4996 meus,

2232 4916 2382 5015 γάρ·⁷
2411 4944 2491 4997 ὃτι
2549 4916 3003 5012 ’Ᾰδελφιδὸςμμου
3052 4916 3349 5012 παρῆλθεν·
3404 4916 3465 4994 οὑ
3496 4929 3766 4994 καταλιπὼν

555 5024 665 5067 non
697 5009 787 5065 ille
816 5008 1034 5079 quidem
1079 5010 1270 5064 relicta
1305 5012 1628 5082 desertaque
1660 5028 1920 5085 sequente
1950 5022 2127 5090 ipsum

2365 5034 2636 5104 ἑπομένην
2666 5008 2813 5103 αύτῷ
2854 5008 3050 5102 ψυχὴν,
3086 5008 3222 5085 ἀλλὰ
3265 5032 3403 5103 πρὸς
3440 5031 3621 5086 ἑαυτὸν
3645 5022 3768 5095 ἐφελ-

554 5102 760 5167 anima,
815 5099 910 5156 sed
950 5101 1017 5155 ad
1053 5101 1295 5171 seipsum
1345 5112 1592 5163 attracta.
1636 5107 1827 5163 Anima
1865 5129 2011 5176 mea,
2046 5117 2131 5170 in-

2234 5099 2484 5197 xdpsvoq.
2517 5125 2583 5180 Ἠ
2595 5099 2906 5195 -ψυχὴνγάρ
2921 5099 3040 5193 nov
3059 5099 3320 5190 ἐξῆλθεν·
3330 5125 3571 5194 suum)
3595 5113 3763 5173 αὐτοῦ.

554 5195 710 5265 quit,
757 5210 966 5264 egressa
1016 5203 1092 5247 est
1135 5193 1204 5248 ad
1241 5211 1525 5250 sermonem
1567 5198 1702 5267 ejus.
1743 5199 1787 5254 Ο
1821 5200 2031 5258 felicem
2069 5207 2132 5260 il-

2237 5193 2317 5270 Ὢ-
2332 5216 2607 5288 μακαρίας
2640 5193 2818 5283 ἐξόδου
2856 5193 3070 5287 ἐκείνης
3096 5218 3163 5288 ἢν
3196 5217 3474 5289 ἐξέρχεται
3511 5215 3633 5287 ήτῷ
3655 5212 3767 5277 λόγῳ

555 5285 661 5340 iam
695 5284 1088 5355 egressionem,
1122 5301 1286 5355 quam
1311 5288 1587 5355 egreditur
1611 5291 1793 5346 anima
1821 5310 2128 5352 sermonem

2243 5284 2687 5379 ἑπομένη-ψυχήί
2725 5309 2930 5382 Κύριος
2962 5284 3184 5378 φυλάξει
3228 5284 3546 5380 τηνῃέξοδόν
3580 5284 3662 5357 σου
3694 5298 3767 5353 καὶ

556 5378 778 5433 secuta!
840 5376 1103 5434 Dominus
1169 5380 1441 5437 custodiet
1503 5382 1809 5453 ingressum
1864 5394 2016 5443 tuum
2076 5399 2131 5446 et

2234 5396 2332 5467 τὴν
2351 5376 2571 5452 -είσοδόν
2590 5376 2731 5464 ἔξω,
2767 5376 2932 5471 φησιν
3017 5376 3328 5469 Προφήτης.
3359 5398 3511 5465 Αὕτη
3553 5394 3684 5448 ἐστὶν
3709 5388 3767 5451 ὡς

554 5470 924 5541 egressionem
948 5478 1123 5537 tuam,
1165 5472 1341 5543 inquit
1368 5471 1714 5543 Propheta”.
1753 5476 2015 5535 Nimirum
2045 5498 2131 5539 re-

2235 5489 2449 5561 ἀληθῶς
2491 5492 2524 5562 ἡ
2560 5491 2666 5545 ὑπὸ
2710 5491 2802 5547 τοῦ
2851 5491 2985 5545 Θεοῦ
3031 5489 3411 5562 φυλασσομένη
3455 5491 3565 5553 τοῖς
3600 5483 3762 5549 ἀξίοις,

557 5577 682 5617 vera
725 5562 839 5617 haec
887 5562 977 5616 illa
1014 5572 1123 5628 est,
1172 5580 1294 5634 qua:
1344 5565 1522 5635 dignis
1572 5583 1601 5633 ει
1648 5566 1756 5622 Deo
1797 5572 2124 5642 custoditur,

2232 5579 2409 5645 ἐξοδός
2434 5597 2491 5633 τε
2523 5578 2617 5634 καὶ
2649 5580 2869 5644 εἴσοδος.
2902 5579 3012 5634 Καὶ
3036 5581 3143 5650 γὰρ
3174 5581 3207 5650 ἡ
3232 5578 3339 5632 ἀπὸ
3361 5578 3457 5631 τοῦ
3481 5580 3538 5630 ὲν
3566 5570 3607 5644 ᾧ
3632 5576 3764 5641 ἐσμεν

558 5651 801 5722 egressio
828 5653 1033 5724 pariter
1062 5662 1115 5710 et
1149 5655 1439 5727 ingressio.
1490 5654 1623 5711 Nam
1655 5663 1901 5732 egressio
1936 5680 2005 5721 ex
2034 5681 2124 5735 eo,

2232 5668 2427 5735 ἔξοδος,
2458 5669 2567 5724 τῶν
2616 5669 3028 5742 ὑπερκειμένων
3073 5668 3293 5741 ἀγαθῶν
3322 5667 3529 5731 εῐσοδος
3568 5664 3759 5736 γίνεται.

610 5829 659 5869 ¹¹
698 5829 931 5909 Philipp.
957 5850 1036 5903 ιιι,
1068 5836 1153 5892 15.
1216 5838 1262 5870 ⁵⁸
1292 5836 1439 5893 Psal.
1466 5852 1594 5905 cxx,
1614 5839 1668 5895 8.
