3932 6510
194 455 321 514 1025

1198 442 1266 498 IN
1303 438 1601 497 CANTICA
1644 439 1919 498 CANTIC.
1960 439 2244 498 HOMILIA
2281 440 2399 497 XII.

3290 435 3429 493 ίθὶθ

194 576 392 647 Ταύτην
419 567 513 628 οὖν
561 571 782 644 ἐξῆλθεν
814 570 851 643 ἡ
891 568 1039 640 ψυχὴ
1078 566 1178 638 τὴν
1206 565 1403 632 ἔξοδον,
1451 564 1634 637 ὁδηγῷ
1658 583 1749 619 κε-

1854 568 1908 622 in
1943 583 2053 638 quo
2084 582 2295 631 sumus,
2332 564 2601 638 ingressio
2629 573 2713 621 est
2735 563 2803 619 ad
2828 564 2968 619 bona
2998 576 3163 634 supra
3202 577 3303 617 nos
3333 576 3406 623 oo

187 660 517 740 χρημένητῷ
546 665 703 736 Λόγῳ
729 661 807 734 τῷ
847 660 1175 723 είπόντι,ὃτι
1207 657 1353 727 Ἐγώ
1377 657 1546 729 εὶμιιή
1580 659 1748 726 θύρα,

189 759 279 812 καὶ
308 758 345 825 ἡ
373 758 534 825 ὁδὸς,
569 758 685 829 καὶ,
714 757 795 811 ὅτι
824 753 905 808 Δι’
932 751 1079 822 ἐμοῦ
1108 750 1218 804 ἐάν
1244 768 1333 816 τις
1360 748 1633 817 εἰσέλθῃ,
1652 747 1751 801 καὶ

186 851 583 905 εἰσελεύσεται
615 848 714 902 καί
739 846 1146 912 ἐξελεύσεται,
1168 841 1424 895 οὐδέποτε
1455 840 1550 893 τοῦ
1584 839 1751 893 εἰσιέ-

187 959 267 995 ναι
291 941 488 1013 λήγων,
514 939 637 994 οὔτε
654 938 748 993 τοῦ
774 936 973 1003 ἐξιέναι
992 934 1319 1005 παυόμενος·
1355 930 1492 983 ἀλλά
1517 929 1749 984 παύεται

186 1033 267 1086 διὰ
288 1033 565 1103 προκοπῆς
593 1032 672 1094 είς
696 1029 765 1083 τὰ
791 1027 1160 1099 ὑπερκείμενα
1184 1024 1387 1089 εἰσιὼν,
1414 1022 1508 1075 καὶ
1533 1022 1620 1075 ἀεὶ
1640 1022 1749 1075 τῶν

186 1123 621 1196 κατειλημμένων
670 1121 775 1187 ἔξω
811 1120 1110 1190 γινόμενος.
1153 1116 1310 1171 Οὕτω
1344 1112 1589 1185 παρῆλθε
1625 1113 1747 1166 τότε

186 1218 274 1271 καὶ
298 1215 384 1269 τὸν
412 1214 648 1269 Μωῡσέα
672 1214 732 1267 τὸ
762 1210 1094 1283 ποθούμενον
1116 1212 1291 1264 ἐκεῖνο
1330 1207 1620 1278 πρόσωπον
1651 1204 1745 1259 τοῦ

186 1309 413 1381 Κυρίου*
462 1309 558 1360 καὶ
606 1304 778 1369 οὕτως
825 1307 858 1376 ἡ
892 1304 1038 1375 ψυχὴ
1068 1302 1161 1356 τοῦ
1192 1299 1483 1372 νομοθέτου
1525 1298 1614 1352 ἀεὶ
1641 1297 1746 1363 ἔξω

185 1401 382 1470 ἐγίνετο
408 1398 500 1452 τοῦ
524 1399 581 1451 ἐν
604 1391 649 1466 ᾧ
679 1392 769 1468 ἦν,
799 1394 1039 1467 ἑπομένη
1079 1395 1320 1467 προῖόντι
1347 1392 1426 1463 τῷ
1459 1391 1635 1461 Λόγῳ.

1857 660 1984 716 sita.
2016 658 2166 714 Hanc
2195 660 2359 729 igitur
2406 658 2775 729 egressionem
2824 671 3041 727 egressa
3086 664 3173 711 est
3223 656 3428 719 anima,

1857 752 2038 809 Verbo
2077 766 2177 807 usa
2221 750 2382 814 duce,
2424 751 2570 822 quod
2602 750 2778 805 dixit:
2818 749 2929 821 Ego
2972 766 3088 804 sum
3119 758 3169 804 et
3201 750 3327 812 via,
3378 754 3430 802 et

1856 848 2080 909 ostium;
2114 846 2159 899 si
2186 845 2305 916 quis
2336 861 2427 915 per
2455 861 2535 899 me
2563 843 2911 915 ingrediatur,
2942 845 2989 898 is
3022 853 3073 898 et
3105 842 3431 914 ingredietur

1852 947 1903 993 et
1932 938 2229 1008 egredietur
2247 938 2325 990 υς
2381 937 2456 992 ita
2503 944 2565 991 ut
2606 951 2888 1007 nunquam
2933 950 3035 991 nec
3083 935 3429 1006 ingrediundi

1849 1042 1951 1082 nec
1991 1027 2310 1100 egrediundi
2338 1026 2497 1082 tinem
2554 1026 2751 1081 faciat:
2784 1025 2882 1081 sed
2910 1025 3127 1081 desinat
3148 1026 3239 1081 ubi
3262 1026 3429 1096 proii-

1846 1119 2041 1175 ciendo
2066 1120 2350 1190 superiora
2377 1128 2462 1174 est
2488 1118 2796 1190 ingressus,
2829 1128 2884 1173 et
2912 1133 3128 1189 semper
3159 1125 3315 1173 extra
3337 1119 3426 1172 illa

1844 1218 2117 1274 versetur,
2154 1225 2275 1279 qua:
2318 1208 2522 1264 fuerint
2558 1224 2588 1262 a
2636 1224 2695 1265 se
2723 1209 3141 1280 comprehensa.
3173 1209 3265 1265 Sic
3293 1209 3427 1263 olim

1847 1300 2049 1357 Mosem
2082 1316 2301 1371 quoque
2332 1301 2498 1356 facies
2542 1301 2633 1355 illa
2672 1301 2884 1355 Domini
2915 1302 3229 1357 desiderata
3288 1318 3432 1371 pra:-

1853 1394 2001 1449 teriit
2029 1411 2041 1447 :
2084 1394 2167 1448 sic
2194 1392 2439 1463 ejusdem
2472 1393 2802 1463 legislatoris
2825 1394 3006 1446 anima
3035 1408 3252 1463 semper
3276 1403 3431 1449 extra

1853 1486 1907 1540 id
1945 1485 2415 1556 progrediebatur,
2468 1486 2524 1539 in
2553 1500 2664 1557 quo
2703 1493 2843 1549 erat,
2881 1485 3161 1555 sequendo
3188 1484 3429 1541 Verbum

1850 1564 2180 1634 praecedens.

245 1695 335 1760 Τίς
362 1693 470 1767 γὰρ
500 1692 599 1749 οὐκ
622 1689 731 1747 οἵδε
756 1692 853 1758 τὰς
883 1692 1173 1756 ἀναϐάσεις
1212 1691 1444 1756 ἐκείνας,
1474 1689 1541 1755 ἃς
1574 1689 1742 1763 ἀνέϐη

1921 1689 2056 1760 Quis
2088 1689 2236 1747 enim
2266 1690 2483 1761 ignorat
2515 1688 2719 1760 gradus
2756 1690 2905 1755 illos,
2941 1704 3079 1761 quos
3108 1692 3429 1748 conscendit

178 1786 206 1838 6
233 1787 486 1857 Μωῦσῆς,
523 1786 553 1838 6
606 1784 694 1839 ἀεὶ
743 1784 915 1857 μέγας
961 1784 1279 1854 γινόμενος,
1336 1782 1432 1837 καὶ⁸
1475 1783 1745 1855 μηδέποτε

1852 1783 2053 1851 Moses,
2087 1784 2180 1855 qui
2208 1797 2424 1855 semper
2456 1782 2633 1851 major
2668 1782 3018 1847 reddebatur,
3058 1790 3115 1839 et
3146 1800 3427 1854 nunquam

176 1880 454 1948 ἱστάμενος
483 1877 583 1949 τῆς
608 1876 700 1930 ἐπὶ
730 1876 790 1930 τὸ
821 1876 1004 1949 μεῖζον
1026 1876 1306 1947 αὐξήσεως
1330 1893 1345 1943 ;
1376 1874 1597 1949 Ηύξήθη
1626 1881 1745 1932 κατ’

176 1969 374 2041 ἀρχάς,
408 1970 496 2023 ὅτε
537 1968 633 2041 τῆς
661 1968 770 2021 τῶν
806 1968 1115 2039 Αἰγυπτίων
1158 1968 1430 2040 βασιλείας
1484 1968 1745 2040 ὑψηλότε-

177 2079 267 2134 ρον
297 2062 387 2115 τὸν
424 2060 727 2133 ὀνειδισμὸν
764 2059 858 2113 τοῦ
905 2059 1141 2133 Χριστοῦ
1189 2061 1515 2132 ἐποιήσατο’
1546 2062 1747 2132 μᾶλλον

174 2151 421 2222 ἐλόμενος
480 2149 970 2221 συγκακουχεῖσθαι
1012 2149 1090 2221 τῷ
1145 2149 1260 2222 λαῷ
1310 2151 1405 2204 τοῦ
1466 2150 1602 2204 Θεοῦ
1627 2191 1641 2209 .
1702 2152 1735 2224 ἢ

172 2244 493 2315 κρόσκαιρον
516 2242 658 2313 ἔχειν
681 2242 957 2314 ἁμαρτίας
983 2242 1299 2297 ἀπόλαυσιν.
1321 2242 1543 2314 Ηύξήθη
1587 2244 1747 2298 πάλιν

171 2336 259 2390 ὅτε
314 2332 745 2397 καταπονοῦντος
801 2333 894 2388 τὸν
952 2333 1200 2403 Ἐϐραῖον
1248 2332 1343 2386 τοῦ
1403 2335 1702 2403 Αἰγυπτίου
1727 2375 1743 2399 ,

171 2420 391 2480 θανατοῖ
407 2423 496 2477 τον
529 2422 846 2495 ἀλλόφυλον,
877 2424 1017 2496 ὑπὲρ
1050 2423 1146 2478 τοῦ
1179 2422 1513 2495 Ἰσραηλίτου
1543 2427 1744 2494 ἀγωνι-

169 2516 586 2589 ζόμενος.Νοεῖς
610 2515 667 2570 δὲ
687 2516 905 2581 πάντως
922 2517 980 2570 ἐν
1004 2514 1209 2580 τούτοις
1231 2516 1322 2569 τὸν
1341 2515 1442 2585 τῆς
1464 2515 1747 2587 αὐξήσεως

167 2610 387 2683 τρόπον,
418 2606 733 2680 μεταϐαλὼν
787 2610 887 2680 τὴν
924 2608 1163 2679 ἱστορίαν
1190 2609 1271 2672 είς
1306 2609 1575 2680 τροπικὴν
1604 2609 1743 2663 θεω-

167 2700 313 2773 ρίαν.
342 2701 511 2756 Πάλιν
538 2700 730 2755 ἐαυτοῦ
764 2701 965 2773 μείζων
995 2701 1229 2770 ἐγένετο,
1249 2702 1615 2774 ἀπεριήχητον
1643 2702 1745 2774 τὴν

164 2791 314 2864 ζωὴν
360 2792 663 2863 φυλάττων,
687 2792 774 2847 διὰ
802 2793 902 2864 τῆς
929 2796 986 2847 ἐν
1010 2796 1076 2866 τῇ
1110 2795 1304 2865 ἐρήμῳ
1335 2793 1652 2864 φιλοσοφίας
1687 2794 1746 2849 ἐν

161 2884 344 2957 χρόνῳ
374 2884 573 2957 πολλῷ.
600 2880 736 2940 Εἶτα
760 2884 837 2956 τῷ
872 2886 1004 2957 πυρὶ
1032 2885 1111 2956 τῷ
1140 2886 1233 2938 ἐπὶ
1252 2885 1351 2957 τῆς
1388 2885 1552 2956 βάτου
1580 2886 1746 2955 φωτί-

160 2978 340 3043 ζεται.
364 2976 568 3049 Γυμνοῖ
589 2976 726 3048 πρὸς
755 2976 963 3040 τούτοις
984 2977 1081 3048 τῆς
1107 2979 1309 3049 νεκρᾶς
1334 2978 1627 3051 περιϐολῆς
1648 2978 1746 3042 τάς

1849 1876 2175 1948 proficiundi
2205 1876 2440 1947 amplius
2467 1876 2626 1931 finem
2652 1875 2925 1930 faciebat?
2955 1873 3128 1945 Major
3151 1875 3327 1931 factus
3347 1884 3430 1930 est

1849 1969 2028 2033 initio,
2078 1984 2202 2024 eum
2233 1968 2616 2040 Egyptiorum
2668 1982 2837 2039 regno
2885 1967 3177 2023 sublimius
3230 1983 3431 2038 oppro-

1848 2062 2029 2118 brium
2062 2061 2267 2117 Christi
2320 2063 2583 2117 duceret:
2638 2075 2701 2115 ac
2732 2060 2824 2115 Dei
2860 2075 2985 2114 cum
3033 2061 3233 2131 populo
3267 2059 3429 2130 altligi

1846 2155 2052 2218 mallet,
2099 2162 2263 2225 quam
2299 2155 2687 2223 temporariam
2733 2152 2941 2224 peccati
2979 2151 3298 2206 fruitionem
3332 2152 3431 2204 ha-

1849 2247 1995 2302 bere.
2035 2243 2274 2300 Rursum
2307 2244 2485 2314 major
2521 2244 2697 2299 factus
2726 2252 2830 2309 est,
2858 2258 2985 2298 eum
3012 2241 3272 2314 Egyptio
3321 2240 3430 2297 Hc-

1846 2339 2050 2394 brazum
2080 2336 2371 2408 aﬂligente.
2414 2338 2691 2391 hominem
2721 2337 2959 2391 alienum
3009 2351 3039 2390 a
3080 2336 3301 2390 natione
3331 2350 3432 2390 sua

1847 2442 2024 2486 morte
2048 2431 2265 2493 multat,
2292 2429 2655 2485 lsraeliticum
2682 2440 3053 2501 propugnans.
3079 2427 3145 2483 Et
3172 2429 3432 2500 intelligis

1844 2522 2070 2578 omnino
2099 2522 2418 2578 incrementi
2447 2521 2669 2577 modum
2694 2524 2749 2577 in
2781 2522 2888 2583 his.
2915 2521 3260 2577 considerata
3296 2520 3432 2590 figu-

1843 2624 1964 2670 rate
1993 2612 2245 2670 historia.
2282 2614 2524 2670 Rursum
2560 2614 2737 2683 major
2769 2615 2952 2685 seipso
2984 2613 3061 2676 ﬁt.
3104 2628 3229 2666 cum
3270 2613 3433 2681 longo

1845 2713 2088 2776 tempore
2129 2721 2229 2776 per
2275 2707 2794 2761 commentationem
2842 2706 2896 2760 in
2928 2704 3226 2761 solitudine
3258 2704 3426 2758 vitam

1846 2798 2161 2854 hominibus
2209 2801 2447 2869 ignotam
2498 2808 2707 2869 ageret.
2751 2798 2960 2854 Deinde
3008 2798 3078 2853 ab
3128 2798 3274 2869 igne,
3331 2796 3429 2866 qui

1847 2901 1966 2947 erat
1994 2891 2048 2947 in
2075 2890 2234 2954 rubo.
2266 2892 2596 2947 illustratur.
2629 2889 2942 2945 Secundum
2981 2891 3084 2944 hoc
3122 2896 3320 2959 praeter
3344 2888 3433 2942 lu-

1847 2984 1930 3039 cis
1978 2983 2165 3040 radios
2216 2984 2393 3039 oculis
2446 2991 2739 3055 perceptus
2773 2982 2935 3038 etiam
2991 2982 3210 3037 auditus
3260 2979 3434 3050 ipsius

158 3068 360 3123 ἑαυτοῦ
389 3067 577 3139 βάσεις
600 3083 615 3097 ·
638 3067 917 3122 ἀναλίσκει
942 3070 1007 3139 τῇ
1043 3067 1224 3140 ῥάϐδῳ
1258 3070 1383 3132 τοὺς
1415 3068 1745 3137 Αἰγυπτίους

1852 3078 2061 3148 fulgore
2106 3076 2341 3149 quodam
2383 3076 2753 3148 perfunditur.
2805 3074 2885 3130 Ad
2939 3076 3053 3130 haec
3101 3075 3267 3146 pedes
3301 3084 3433 3130 suos

160 3160 462 3233 δράκοντας
484 3175 500 3191 ⁸
540 3159 834 3231 ἐξαιρεῖται
864 3159 963 3231 τῆς
997 3160 1310 3228 τυραννίδος
1337 3159 1432 3213 τοῦ
1454 3160 1655 3232 Φαραὼ
1680 3159 1742 3213 τὸ

161 3252 437 3325 ὁμόφυλον
456 3252 757 3324 ’ὁδηγεῖται
784 3252 872 3306 διὰ
891 3252 1120 3324 νεφέλης
1135 3268 1150 3283 ·
1180 3251 1379 3323 διαιρεῖ
1398 3251 1460 3305 τὸ
1487 3251 1739 3320 πέλαγος

162 3344 495 3418 ὑποϐρύχιον
522 3348 670 3398 ποιεῖ
700 3344 799 3416 τὴν
830 3344 1117 3416 τυραννίδα
1136 3359 1149 3372 ·
1176 3344 1455 3412 γλυκαίνει
1474 3342 1572 3414 τὴν
1600 3341 1747 3417 Μαρ-

165 3437 305 3510 ράνο
340 3437 545 3492 πιαίνει
573 3436 672 3509 τὴν
725 3437 933 3507 πέτραν
955 3454 970 3469 ·
994 3437 1317 3507 ἐμφορεῖται
1362 3435 1463 3507 τῆς
1505 3434 1613 3489 τῶν
1640 3437 1744 3505 ἀγ-

161 3529 345 3599 γέλων
386 3529 622 3601 τροφῆςο
646 3528 756 3583 τῶν
783 3528 1097 3598 σαλπίγγων
1128 3528 1313 3583 ἀκούει
1337 3545 1352 3561 ·
1387 3529 1481 3583 τοῦ
1511 3528 1744 3601 καιομέ-

164 3636 259 3674 νου
291 3618 451 3692 δρους
489 3620 834 3691 κατατολμᾷ·
864 3619 961 3690 τῆς
996 3620 1306 3692 ἀκρωρείας
1344 3620 1573 3675 ἅπτεται
1603 3639 1616 3654 ο
1646 3622 1747 3693 τὴν

162 3710 405 3781 νεφέλην
448 3710 777 3782 ὑπέρχεται’
818 3711 967 3775 ἐντὸς
998 3711 1092 3765 τοῦ
1124 3711 1323 3780 γνόφου
1366 3713 1573 3781 γίνεται
1610 3715 1666 3766 ἐν
1703 3705 1748 3780 ᾧ

162 3796 234 3873 ἦν
261 3802 462 3866 όΘεός’
479 3801 578 3874 τὴν
599 3800 859 3873 διαθήκην
880 3802 1091 3873 δέχεται
1108 3818 1121 3832 ⁸
1138 3802 1289 3874 ἥλιος
1309 3804 1514 3873 γίνεται
1543 3804 1750 3873 ἀπροσ-

163 3892 439 3957 πέλαστος
499 3895 613 3957 τοῖς
664 3893 1143 3965 προσεγγίζουσιν,
1208 3894 1296 3948 τοῦ
1349 3895 1641 3967 προσώπου
1688 3896 1751 3949 τὸ

166 3984 291 4054 φῶς
315 3984 743 4056 ἀπαστράπτων.
764 3984 873 4038 Καὶ
902 3984 1018 4048 πῶς
1051 3984 1232 4050 πάσας
1259 3986 1552 4050 ἀναϐάσεις
1585 3984 1747 4041 αὐτοῦ

165 4074 237 4129 ἄν
267 4093 355 4140 τις
388 4075 599 4139 καὶτὰς
626 4074 943 4145 θεοφανείας
958 4074 1161 4141 ἐξέλθοι
1188 4076 1436 4142 ποικίλας
1469 4078 1546 4149 τῷ
1572 4077 1749 4149 λόγῳ;

178 4167 326 4221 Ἀλλ’
340 4168 488 4239 ὅμως
506 4168 535 4221 6
554 4166 827 4233 τοσοῦτος,
850 4169 878 4220 6
905 4153 1162 4231 τοιούτος.
1181 4168 1210 4220 6
1228 4170 1286 4222 ἐν
1301 4167 1576 4232 τοσούτοις
1603 4169 1754 4237 γενό-

169 4278 360 4332 μενος,
404 4258 499 4315 καὶ
533 4261 622 4315 διὰ
661 4261 913 4315 τοσοῦτον
940 4262 1078 4333 πρὸς
1112 4262 1205 4315 τὸν
1228 4262 1359 4315 Θεὸν
1389 4261 1642 4331 ὑψωθεὶς,
1673 4261 1752 4316 ἐτι

166 4350 468 4421 ἀπλήστως
499 4350 610 4421 ἔχει
638 4351 737 4422 τῆς
768 4351 1061 4423 ἐπιθυμίας
1105 4351 1197 4405 τοῦ
1240 4351 1509 4416 πλείονος,
1532 4352 1625 4405 καὶ
1658 4351 1751 4406 τοῦ

1847 3162 2181 3222 οιιόανετοεο
2222 3172 2536 3236 tegumeuto
2573 3162 2855 3232 denudat;
2915 3164 3115 3219 baculo
3154 3164 3425 3218 dracones

1849 3258 2137 3331 Egyptios
2167 3259 2440 3326 absumit;
2489 3259 2765 3313 nationem
2800 3264 2956 3314 suam
3008 3257 3313 3312 Pharaonis
3343 3264 3430 3327 ty-

1849 3351 2078 3408 rannide
2133 3351 2365 3417 liberat;
2425 3367 2521 3420 per
2568 3349 2768 3404 nubem
2821 3363 3046 3405 suorum
3077 3347 3275 3403 ductor
3323 3358 3432 3412 est;

1850 3444 2041 3501 dividit
2070 3460 2250 3513 mare;
2286 3444 2629 3512 tyrannidem
2674 3442 2969 3512 demergit;
3012 3441 3278 3494 Marrham
3308 3439 3435 3493 dul-

1850 3550 1966 3590 cem
1998 3533 2213 3599 reddit;
2256 3551 2446 3591 saxum
2476 3534 2673 3599 mollit;
2719 3533 3034 3603 angelorum
3065 3531 3190 3585 cibo
3220 3537 3438 3585 satura-

1850 3634 1971 3692 tur;
2004 3625 2155 3679 audit
2190 3626 2383 3690 tubas;
2416 3624 2679 3677 audacter
2716 3629 2955 3677 montem
2983 3621 3264 3676 ardentem
3302 3634 3437 3674 con-

1851 3718 2099 3785 scendit;
2137 3718 2190 3772 in
2226 3716 2486 3772 verticem
2521 3716 2809 3787 pervenit;
2845 3714 3047 3768 nubem
3077 3713 3265 3779 subit;
3301 3712 3436 3765 cali—

1850 3810 2029 3881 ginem
2064 3809 2256 3872 intrat,
2288 3808 2343 3862 in
2388 3822 2494 3877 qua
2532 3807 2672 3862 Deus
2696 3816 2843 3871 erat;
2892 3805 3073 3859 fmdus
3106 3804 3335 3874 accipit;
3380 3799 3441 3851 iit

1853 3901 1957 3964 sol,
2003 3900 2132 3954 dum
2179 3899 2394 3970 fulgens
2445 3915 2476 3954 e
2506 3899 2659 3952 vultu
2700 3899 2879 3951 lumen
2913 3896 3132 3961 emittit,
3185 3895 3252 3948 ad
3287 3894 3433 3963 quod

1853 3992 2112 4047 accedere
2162 3992 2389 4061 propius
2438 4005 2598 4043 nemo
2628 3997 2833 4059 posset.
2862 3987 2928 4041 Et
2953 3988 3047 4057 qui
3084 3987 3307 4041 tandem
3337 3987 3439 4039 ali-

1853 4085 1976 4154 quis
2003 4098 2193 4137 omnes
2229 4082 2405 4150 ipsius
2453 4095 2720 4135 ascensus
2772 4079 3065 4149 variasque
3098 4077 3192 4132 Dei
3233 4077 3440 4147 patefa-

1853 4175 2061 4228 ctiones
2113 4170 2293 4225 verbis
2345 4170 2674 4225 enumeret?
2721 4169 3087 4223 Nihilominus
3121 4169 3207 4223 vir
3250 4176 3439 4223 tantus

1854 4281 1918 4320 ac
1944 4265 2088 4329 talis,
2130 4263 2222 4333 qui
2249 4263 2414 4316 tantis
2443 4262 2607 4317 rebus
2631 4263 2976 4324 interfuerat,
3018 4268 3071 4316 et
3101 4276 3275 4331 usque
3301 4261 3440 4315 adeo

1856 4355 1910 4409 in
1962 4352 2195 4410 sublime
2255 4352 2321 4406 ad
2379 4351 2544 4405 Deum
2594 4359 2996 4422 penetraverat,
3049 4351 3441 4405 insatiabiliter

166 4440 321 4495 κατά
352 4439 640 4512 πρόσωπον
672 4440 799 4494 ἰδεῖν
830 4442 921 4494 τὸν
949 4441 1082 4495 Θεὸν
1143 4442 1328 4513 ἱκέτης
1359 4443 1586 4513 γίνεται.
1612 4436 1745 4497 Καί.

1863 4446 2130 4518 ampliora
2164 4446 2528 4515 concupiscit,
2561 4460 2624 4497 ac
2653 4444 2977 4515 suppliciter
3001 4446 3155 4515 petit,
3182 4454 3238 4497 ut
3268 4443 3439 4498 Deum

164 4549 257 4585 τοι
292 4532 739 4603 μαρτυρήσαντος
780 4532 880 4604 ήδη
933 4533 1026 4587 τοῦ
1058 4533 1238 4605 λόγου,
1263 4535 1362 4607 τῆς
1408 4534 1551 4588 κατά
1576 4537 1747 4607 πρόσ-

163 4640 326 4676 ωπον
358 4622 521 4677 αὑτοῦ
553 4622 769 4694 ὁμιλίας
793 4624 1077 4694 ἠξιῶσθαι.
1109 4626 1247 4679 Ἀλλ’
1269 4628 1417 4697 ὅμως
1435 4626 1558 4680 οὔτε
1585 4626 1646 4680 τὸ
1675 4626 1751 4692 ὼς

166 4717 318 4788 φίλῳ
373 4715 854 4788 προσδιαλέγεσθαι
884 4733 900 4750 ο
933 4717 1057 4773 οὔτε
1096 4720 1129 4790 ὴ
1165 4721 1337 4792 στόμα
1384 4720 1525 4774 κατά
1580 4721 1754 4791 στόμα

164 4808 437 4881 γινομένη
473 4807 621 4878 αὐτῷ
658 4808 793 4879 πρὸς
838 4808 968 4862 Θεὸν
999 4811 1205 4881 όμιλία.
1258 4812 1355 4882 τῆς
1400 4811 1513 4864 τῶν
1550 4811 1754 4865 ἀνωτέ-

172 4918 287 4973 ρων
320 4900 482 4954 αὑτὸν
517 4899 813 4971 ἐπιθυμίας
834 4900 1064 4971 ἵστησιν.
1096 4902 1333 4977 Ἀλλ’,Εί
1351 4902 1580 4974 εὕρηκα,
1599 4904 1751 4974 φησὶ,

168 4994 339 5067 χάριν
361 4991 591 5046 ἐνώπιόν
626 5007 741 5055 σου,
776 4991 1075 5061 ἐμφάνισόν
1106 5010 1198 5064 μοι
1232 4994 1458 5047 σεαυτὸν
1480 4994 1758 5063 γνωστῶς.

168 5088 289 5141 Καὶ
322 5089 351 5140 6
379 5084 477 5158 τὴν
508 5084 822 5155 αἱτηθεῖσαν
849 5084 1006 5156 χάριν
1036 5084 1227 5138 δώσειν
1270 5086 1758 5157 ἐπαγγειλάμενος,

170 5179 203 5231 6
228 5175 423 5242 εἰπὼν,
462 5178 692 5246 Ἕτνων
712 5176 789 5229 σὲ
816 5175 976 5243 παρὰ
997 5176 1247 5242 πάντας,
1292 5177 1629 5250 παρέρχεται
1667 5177 1765 5231 αύ-

173 5268 272 5320 τὸν
296 5267 390 5319 ἐπῖ⁵
420 5265 514 5321 τοῦ
559 5266 705 5320 θείου
750 5266 915 5320 τόπου
945 5267 1003 5319 ἐν
1034 5270 1102 5338 τῇ
1141 5269 1317 5339 πέτρᾳ
1339 5268 1446 5322 ὑπὸ
1471 5270 1573 5340 τῆς
1612 5269 1764 5332 θείας

173 5355 370 5425 χειρὸς
403 5354 806 5427 ηεπᾶζόμενον
847 5374 860 5387 ο
910 5350 1051 5411 ὥστε
1100 5359 1257 5429 μόγις
1306 5361 1432 5415 ἰδεῖν
1486 5361 1626 5434 μετά
1667 5364 1765 5432 τὴν

174 5446 422 5517 πάροδον
447 5442 609 5501 αὐτοῦ
642 5447 709 5501 τὰ
732 5447 972 5510 ὀπίσθια.
999 5450 1293 5517 Διδάσκων,
1323 5448 1499 5524 οἶμαι,
1523 5454 1612 5508 διά
1640 5454 1764 5508 τού-

170 5557 293 5594 των
330 5541 360 5594 ό
395 5539 572 5608 λόγος,
622 5540 704 5593 ὅτι
753 5544 781 5596 6
813 5543 940 5597 ίδεῖν
972 5544 1063 5597 τὸν
1093 5545 1224 5597 Θεὸν
1268 5546 1569 5616 ἐπιθυμῶν,
1599 5547 1657 5599 ἐν
1683 5546 1762 5619 τῷ

171 5633 269 5687 ἀεὶ
303 5630 453 5702 αὐτῷ
501 5631 814 5686 ἀκολουθεῖν
865 5636 968 5706 ὁρᾷ
1009 5636 1070 5689 τὸ
1102 5636 1460 5708 ποθούμενον,
1480 5638 1575 5692 καὶ
1600 5639 1633 5709 ή
1663 5638 1757 5692 τοῦ

170 5722 481 5796 προσώπου
508 5722 673 5778 αὐτοῦ
709 5724 907 5798 θεωρία
938 5728 1083 5781 ἐστὶν
1111 5730 1144 5800 ἡ
1177 5728 1453 5795 ἄπαυστος
1491 5730 1628 5802 πρὸς
1660 5731 1757 5785 αύ-

219 5901 271 5935 ”
304 5900 504 5957 Joaun.
527 5919 578 5965 χ,
607 5902 659 5957 9.
723 5903 766 5936 ⁸⁸
792 5902 962 5959 Exod.
993 5920 1187 5972 χχχιιι,
1226 5906 1307 5960 I7.

1853 4540 1994 4595 facie
2028 4540 2202 4611 possit
2240 4538 2459 4592 intm-ri.
2499 4537 2662 4607 Atqui
2709 4537 2821 4605 jam
2871 4544 2997 4590 ante
3026 4544 3225 4590 testata
3256 4535 3438 4591 fuerat

1853 4631 2157 4702 Scriptura,
2206 4630 2403 4684 factam
2453 4631 2501 4684 ei
2543 4630 2714 4683 fuisse
2745 4628 2958 4697 copiam
2993 4628 3439 4683 conversationis

1850 4738 1973 4778 cum
2013 4723 2121 4778 Deo
2148 4723 2215 4778 de
2245 4723 2383 4777 facie
2418 4721 2484 4775 ad
2514 4719 2729 4775 faciem.
2765 4719 3131 4774 Nihilominus
3170 4735 3349 4790 neque
3381 4719 3437 4776 id

1851 4811 1996 4882 quod
2052 4812 2459 4881 colloqueretur
2509 4825 2632 4864 cum
2685 4808 2795 4864 Deo
2851 4809 3010 4879 quasi
3064 4811 3273 4865 amicus
3300 4826 3425 4866 eum

1855 4906 2031 4960 amico
2056 4944 2071 4969 ,
2125 4918 2299 4973 neque
2333 4902 2477 4973 quod
2506 4901 2847 4955 familiariter
2877 4916 3000 4954 cum
3036 4916 3102 4955 eo
3140 4916 3437 4957 conversa-

1856 5002 2031 5061 retu'r,
2086 4994 2337 5050 inhibere
2372 4993 2729 5063 cupiditatem
2763 4994 2883 5060 ejus
2929 5001 3159 5063 poterat,
3210 5000 3268 5047 ut
3304 4994 3443 5047 ulte-

1858 5088 2003 5142 riora
2035 5102 2141 5141 non
2170 5094 2470 5156 expeteret.
2520 5084 2577 5138 Si
2610 5086 2864 5155 gratiam,
2898 5085 3094 5153 inquit,
3131 5084 3313 5137 inveni
3346 5100 3442 5139 co-

1860 5195 1977 5235 ram
2014 5188 2088 5243 te,
2123 5177 2420 5249 patefacito
2449 5177 2584 5233 mihi
2629 5180 2864 5249 teipsum
2902 5178 2998 5239 ita,
3049 5185 3108 5230 ut
3146 5192 3444 5246 agnoscere

1865 5280 1921 5326 te
1960 5271 2187 5341 possim.
2219 5264 2285 5323 Et
2321 5270 2368 5325 is
2399 5270 2492 5339 qui
2517 5270 2747 5337 gratiam
2776 5268 2919 5323 hanc
2946 5269 3049 5338 ipsi
3086 5268 3354 5322 facturum
3386 5286 3445 5325 se

1864 5364 2176 5435 pollicetur,
2205 5363 2286 5417 uti
2342 5374 2563 5434 rogatus
2598 5371 2716 5417 erat
2766 5362 2927 5433 (eum
2960 5356 3177 5430 quidem
3213 5360 3439 5417 diceret.

1868 5455 2006 5511 Novi
2036 5465 2082 5510 te
2110 5472 2275 5526 supra
2298 5472 2475 5509 omnes
2499 5456 2597 5525 ε’),
2622 5455 2860 5524 praeterit
2886 5470 3007 5507 eum
3032 5453 3085 5506 in
3113 5450 3300 5505 divino
3328 5454 3447 5508 loco

1866 5548 1919 5601 in
1948 5556 2120 5618 petra,
2152 5565 2312 5602 manu
2341 5547 2525 5602 divina
2548 5555 2750 5602 tectum
2779 5562 2793 5600 :
2828 5546 2899 5599 ita
2929 5554 2986 5599 ut
3010 5545 3094 5597 vix
3125 5552 3446 5615 posttrans-

1865 5645 1999 5699 itum
2055 5647 2357 5714 posteriora
2413 5643 2507 5699 Dei
2559 5642 2923 5711 conspiceret.
2989 5641 3204 5708 Quibus
3240 5642 3442 5699 verbis.

1863 5746 1922 5792 ut
1961 5737 2215 5808 equidem
2268 5738 2526 5801 arbitror,
2584 5736 2880 5803 docemur,
2955 5754 3079 5794 eum
3122 5738 3214 5809 qui
3263 5737 3443 5792 videre
