4028 6492
620 424 762 483 1027

1815 423 1874 479 S.
1916 418 2245 478 GBEGORII
2281 420 2569 481 NYSSENI

3696 434 3790 497 1028

618 545 790 604 “eum
820 546 1028 620 cupiat,
1062 545 1320 603 desiderii
1365 552 1675 617 compotem
1702 544 1819 599 lleri
1864 557 2083 613 semper
2113 556 2196 597 sc-

2300 540 2392 594 τὸν
2424 543 2650 613 πορεία,
2690 543 2879 616 πρόσω
2905 544 2996 600 διά
3023 544 3086 600 τὸ
3110 546 3334 602 κατόπιν
3364 547 3578 605 ἐπεσθαι
3602 552 3792 630 τῷΔόγῳ

618 640 859 712 quendo,
890 648 946 696 et
968 639 1168 695 divina:
1198 638 1355 695 faciei
1390 638 1784 708 contemplatio
1812 644 1896 692 est
1928 635 1996 690 ad
2030 638 2198 692 Deum

620 753 899 808 nunquam
940 736 1244 806 interrupta
1298 735 1631 805 progressio,
1666 748 1789 803 qua:
1835 742 1948 787 tum
1980 735 2197 787 demum

622 829 782 883 nobis
808 828 1068 898 praeclare
1117 826 1384 891 succedit,
1434 841 1557 880 cum
1593 824 1832 879 Verbum
1868 840 1898 878 ι
1936 834 2088 895 tergo
2113 840 2199 879 se-

618 921 861 990 quimur.
896 920 991 976 Sic
1014 920 1183 991 igitur
1220 935 1366 974 nunc
1397 920 1563 974 etiam
1612 929 1966 989 posteaquam
2015 918 2197 972 anima

619 1027 718 1081 per
754 1019 984 1067 mortem
1020 1012 1282 1076 surrexit,
1333 1019 1689 1080 posteaquam
1725 1008 1947 1080 myrrha
1996 1009 2201 1078 repleta

617 1107 723 1164 est,
756 1108 1110 1169 posteaquam
1143 1114 1239 1169 per
1262 1114 1427 1167 opera
1454 1113 1650 1152 manus
1672 1097 1914 1151 admovit
1940 1097 2202 1163 claustro,

616 1208 786 1264 seque
841 1192 1281 1246 intromissuram
1341 1190 1710 1244 desideratum
1762 1188 2027 1259 speravit,
2086 1198 2201 1243 tum

615 1290 834 1344 demum
878 1288 968 1342 ille
1006 1286 1226 1357 quidem
1273 1285 1531 1354 praeterit,
1601 1285 1715 1340 haec
1765 1299 1895 1338 vero
1964 1285 2262 1355 egreditur,

620 1380 854 1436 Verbum
887 1388 1136 1449 tangens.
1162 1379 1305 1447 quod
1340 1378 1407 1432 ad
1441 1378 1701 1434 ulteriora
1742 1376 1912 1431 ducit.

685 1473 819 1538 Quae
857 1480 1036 1525 autem
1068 1480 1377 1539 sequuntur
1402 1470 1590 1534 verba,
1644 1470 1820 1539 magis
1870 1469 2033 1523 etiam
2065 1485 2199 1523 con-

614 1565 837 1619 ﬁrmant
868 1562 1268 1618 consideratam
1302 1577 1331 1615 a
1354 1562 1512 1617 nobis
1542 1562 1806 1616 hactenus
1833 1562 2193 1617 sententiam:

615 1672 725 1712 non
752 1655 1012 1726 cognosci
1051 1665 1265 1709 naturae
1291 1655 1491 1710 divinae
1522 1654 1957 1725 magnitudinem
1990 1656 2045 1709 in
2074 1671 2196 1726 ρετ-

2307 636 2741 709 κατορθουμένη.
2794 638 2951 693 Οὕτω
2987 641 3166 694 τοίνυν
3209 641 3303 696 καὶ⁸
3355 641 3448 695 νῦν
3488 644 3699 716 ἡψυχὴ,
3732 650 3794 704 ότι

2302 727 2505 799 ἀνέστη
2537 728 2623 782 διὰ
2654 730 2747 783 τοῦ
2775 729 3029 795 θανάτου,
3046 733 3134 786 ὅτε
3172 734 3452 807 ἐπληρώθη
3481 737 3569 805 τῆς
3593 739 3795 811 σμύρνης,

2299 821 2390 874 ὅτε
2410 824 2727 893 προσήγαγε
2755 822 2833 894 τῷ
2848 823 3081 896 κλείθρῳ
3106 824 3195 879 διὰ
3217 826 3323 878 τῶν
3347 826 3514 896 ἔργων
3540 828 3626 891 τὰς
3644 834 3794 901 χεῖρας,

2302 915 2397 969 και
2424 915 2800 969 ἐσοικίσασθαι
2828 916 2921 968 τὸν
2965 914 3297 987 ποθούμενον
3324 917 3511 986 ἧλπισε
3528 933 3542 947 ⁸
3563 919 3707 971 τότεό
3730 923 3797 989 μὲν

2303 1006 2660 1079 παρέρχεται,
2683 1009 2716 1079 ἡ
2737 1008 2794 1061 δέ
2815 1008 3114 1081 ἐξέρχεται,
3131 1009 3317 1062 οὐκέτι
3347 1008 3567 1079 μένουσα
3583 1012 3632 1063 ἐν
3653 1005 3716 1075 οἷς
3735 1007 3796 1081 ἦν·

2301 1098 2437 1153 ἀλλά
2468 1099 2562 1152 τοῦ
2597 1098 2773 1169 Λόγου
2809 1100 2901 1153 ἐπὶ
2945 1101 3014 1155 τὰ
3058 1100 3250 1171 ,πρόσω
3300 1101 3677 1172 προηγουμένου
3714 1105 3799 1171 ἐφα-

2302 1192 2567 1264 πτομένη.

2305 1304 2414 1343 non
2466 1288 2702 1359 amplius
2753 1303 2981 1345 manens
3019 1288 3075 1343 in
3125 1288 3217 1356 iis,
3264 1288 3321 1343 in
3351 1288 3543 1357 quibus
3575 1300 3691 1353 erat,
3732 1292 3798 1345 sed

2386 1470 2444 1523 Ὀ
2470 1470 2528 1523 δέ
2559 1469 2757 1541 ἐφεξῆς
2781 1470 2938 1540 λόγος
2981 1471 3179 1543 μᾶλλον
3205 1472 3337 1543 ἡμῖν
3378 1469 3575 1540 βεϐαιοῖ
3609 1471 3690 1540 τὴν
3713 1489 3801 1542 πρη-

2304 1562 2674 1633 θεωρηθείσαν
2704 1563 2961 1626 διάνοιαν,
3001 1564 3083 1617 ὅτι
3116 1564 3216 1617 οὐκ
3246 1566 3304 1617 ἐν
3348 1562 3424 1633 τῷ
3462 1561 3800 1631 καταλαμϐάνε-

2305 1655 2427 1708 σθαι
2460 1655 2520 1708 τὸ
2569 1654 2799 1727 μέγεθος
2832 1657 2931 1727 τῆς
2961 1655 3112 1720 θείας
3139 1655 3458 1726 γνωρίζεται
3491 1654 3696 1724 φύσεως,
3721 1656 3800 1708 ἀλλ’

615 1750 888 1818 cipieudo,
926 1750 1019 1803 sed
1079 1752 1131 1802 in
1165 1763 1232 1803 eo
1270 1747 1415 1818 quod
1474 1762 1692 1802 omnem
1745 1748 2193 1817 imaginationem

2300 1745 2359 1797 ἐν
2395 1743 2475 1815 τῷ
2509 1745 2762 1817 παριέναι
2798 1748 2980 1799 πᾶσαν
3014 1745 3426 1818 καταληπτικὴν
3452 1745 3714 1814 φαντασίαν
3738 1747 3802 1799 καὶ

615 1859 680 1897 ac
709 1844 839 1905 vim,
868 1858 973 1912 qua
1003 1842 1133 1912 quid
1179 1840 1682 1911 comprehenditur,
1724 1849 2031 1910 praetereat.
2060 1840 2195 1895 Nam

2296 1836 2547 1906 δύναμιν.
2585 1836 2649 1889 Ἦ
2681 1836 2788 1907 γάρ
2814 1836 3025 1890 ἐκϐᾶσα
3058 1837 3161 1908 ἤδη
3193 1836 3293 1907 τὴν
3323 1836 3482 1907 φύσιν
3503 1834 3651 1907 ψυχὴ,
3677 1837 3735 1900 ὡς
3760 1839 3802 1891 ἂν

614 1949 737 2001 quae
780 1941 930 1987 extra
966 1941 1219 1985 naturam
1275 1945 1431 1985 suam
1466 1945 1687 2002 egressa
1733 1931 1844 1998 jam
1872 1934 2054 1986 anima
2086 1940 2194 1998 est,

615 2042 683 2080 ne
718 2025 788 2079 ab
836 2024 944 2077 ulla
1000 2040 1059 2079 rc
1102 2032 1364 2077 consueta
1417 2022 1748 2092 impediatur
1794 2023 1850 2077 in
1884 2024 2195 2093 cognitione

614 2132 798 2172 rerum
849 2115 952 2169 sub
996 2118 1189 2169 oculos
1238 2130 1345 2168 non
1394 2113 1705 2168 cadentium
1745 2132 1759 2169 :
1805 2131 1982 2185 neque
2015 2116 2195 2187 inqui-

615 2209 771 2264 rendi
798 2208 920 2270 hoc,
956 2204 1103 2277 quod
1139 2221 1244 2260 non
1275 2206 1605 2272 inveniebat,
1644 2208 1806 2261 linem
1836 2206 1984 2275 facit,
2017 2224 2195 2279 neque

615 2314 813 2353 vocare
837 2298 1060 2363 desiuit,
1093 2298 1239 2367 quod
1268 2298 1559 2368 caateroqui
1591 2297 1824 2353 neminis
1851 2299 2033 2356 ell‘erri
2061 2316 2195 2357 voce

616 2400 818 2462 potest.
868 2387 960 2444 Sic
996 2390 1141 2444 enim
1173 2390 1291 2443 ait:
1329 2388 1559 2454 Quwu‘m’
1598 2406 1739 2451 eum,
1773 2401 1823 2445 et
1869 2409 1974 2446 non
2022 2393 2195 2446 inveni

610 2500 751 2538 euut.
787 2481 922 2535 Nam
969 2496 1079 2551 quo
1122 2490 1283 2550 pacto
1320 2480 1554 2536 inveniri
1603 2490 1808 2552 posset,
1843 2482 1991 2553 quod
2032 2484 2194 2537 nullae

615 2592 704 2631 res
736 2575 896 2629 nobis
935 2574 1167 2643 cognita:
1206 2570 1497 2627 ostendere
1541 2574 1813 2643 possunt?
1851 2589 1960 2628 nou
1995 2573 2190 2638 forma,

612 2684 723 2722 non
753 2667 926 2726 color,
969 2680 1078 2719 non
1121 2662 1583 2734 circumscriptio,
1617 2680 1726 2719 non
1755 2665 2056 2734 quantitas,
2084 2681 2192 2721 non

613 2757 787 2819 locus,
822 2771 929 2810 non
956 2756 1152 2825 ﬁgura,
1188 2769 1296 2808 non
1320 2754 1663 2823 conjectura,
1693 2771 1800 2810 non
1841 2757 2188 2824 assimilatio,

612 2865 722 2917 nou
746 2846 1048 2920 pr0portio,
1081 2844 1175 2901 sed
1205 2845 1351 2916 quod
1383 2861 1597 2915 semper
1621 2853 1774 2900 extra
1803 2863 2022 2901 omnem
2068 2864 2194 2919 per-

612 2937 882 3007 ceptionis
926 2937 1069 2992 viam
1120 2938 1379 3008 positum,
1422 2936 1965 3008 comprehensionem
2002 2953 2193 3007 perve-

611 3028 929 3099 stigantium
968 3027 1131 3097 plane
1173 3024 1334 3096 fugit.
1368 3024 1685 3096 Pr0pterea,
1717 3026 1913 3097 inquit,
1962 3028 2190 3097 quaesivi

2300 1929 2489 1999 μηδενὶ
2532 1928 2641 1982 τῶν
2671 1928 2916 1999 συνήθων
2960 1929 3099 2000 πρὸς
3125 1928 3221 2000 τὴν
3250 1928 3450 1997 γνῶσιν
3489 1927 3589 1981 τῶν
3618 1930 3803 1999 ἀοράτιινδ

2297 2024 2562 2078 κωλύοιτο
2587 2042 2601 2055 ·
2625 2022 2747 2078 οὔτε
2769 2022 3009 2095 ζητοῦσα
3030 2022 3091 2076 τὸ
3114 2022 3188 2093 μὴ
3222 2022 3595 2093 εὑρισκόμενον
3622 2022 3800 2087 ἵσταται,

2294 2111 2416 2167 οὔτε
2451 2114 2692 2169 καλοῦσα
2724 2114 2785 2167 τὸ
2834 2114 3215 2186 ἀνεκφὼνητον
3264 2115 3514 2171 παύεται.
3542 2116 3664 2186 Φησὶ
3699 2118 3802 2188 γάρ’

2294 2206 2376 2259 ὅτι
2430 2205 2723 2274 Ἐζήτησα
2759 2207 2965 2270 αὑτὸν,
3000 2206 3097 2259 καί
3130 2207 3245 2275 οὐχ
3294 2202 3474 2275 εὗρον
3506 2208 3686 2261 αὐτόν.
3720 2206 3805 2270 Πῶς

2294 2298 2404 2369 γὰρ
2430 2297 2495 2351 ἂν
2524 2298 2795 2369 εὑρεθείη,
2819 2298 2847 2351 ὃ
2876 2297 3067 2369 μηνύει
3100 2296 3208 2351 τῶν
3242 2298 3645 2369 γινωσκομένων
3672 2298 3801 2357 οὐδένς

2295 2392 2398 2447 οὐκ
2438 2387 2597 2456 εἶδος,
2628 2391 2688 2443 οὐ
2723 2389 2939 2461 χρῶμα,
2968 2390 3030 2442 οὐ
3059 2389 3399 2461 περιγραφὴ,
3424 2389 3483 2442 ού
3512 2389 3733 2460 ποσότης,
3759 2391 3799 2441 o3

2292 2483 2475 2546 τόπος,
2511 2482 2571 2535 ού
2604 2483 2809 2553 σχῆμα,
2841 2482 2901 2535 οὐ
2949 2482 3283 2553 στοχασμὸς,
3318 2482 3417 2535 οὐκ
3448 2481 3713 2553 εἰκασμὸς,
3737 2483 3805 2534 οὐκ

2294 2575 2575 2644 ἀναλογία·
2612 2574 2748 2630 ἀλλά
2779 2574 2960 2646 πάσης
2989 2575 3403 2645 καταληπτικῆς
3440 2575 3617 2645 ἐφόδου
3657 2573 3802 2640 ἐξώτε-

2295 2686 2388 2739 ρον
2420 2668 2509 2723 ἀεὶ
2545 2668 2953 2741 εὑρισκόμενον,
2988 2667 3246 2737 ἐκφεύγει
3281 2667 3496 2731 πάντως
3514 2666 3605 2738 τὴν
3628 2665 3718 2720 τῶν
3738 2665 3804 2734 ζη-

2292 2756 2729 2829 τούντωνλαϐήν·
2763 2758 2851 2813 διὰ
2876 2760 3035 2813 τοῦτό
3066 2776 3254 2830 φησιν,
3295 2759 3464 2812 Αὐτὸν
3501 2758 3807 2830 ἐζήτησα,διὶ

2291 2850 2401 2903 τῶν
2433 2850 2740 2923 εὑρητικῶν
2783 2851 2885 2921 τῆς
2934 2848 3113 2921 ψυχῆς
3157 2850 3463 2921 δυνάμεων,
3509 2852 3562 2903 ἐν
3592 2849 3806 2919 λογισμοῖς

2295 2944 2390 2997 καὶ
2422 2945 2661 3016 νοήμασι
2704 2960 2717 2974 ’
2752 2944 2847 2998 καὶ
2880 2946 3097 3008 πάντως
3129 2941 3396 3016 ἐξώτερος
3449 2938 3515 3014 ἦν
3534 2984 3547 3007 ,
3574 2943 3655 2996 τὸν
3684 2957 3807 3011 προα-

2295 3036 2559 3106 εγγισμὸν
2604 3036 2706 3106 τῆς
2734 3035 2970 3099 διανοίας
3018 3035 3432 3105 διαδιδράσκων.
3486 3036 3541 3088 Ὁ
3567 3034 3618 3088 δὲ
3659 3031 3807 3093 παντὸς

609 3136 735 3176 eum
774 3134 873 3190 per
922 3117 1091 3173 animi
1141 3116 1432 3173 facultates
1466 3133 1582 3182 eas,
1634 3134 1754 3188 qua:
1797 3118 2109 3175 inveniendi
2148 3121 2196 3175 vi

2302 3128 2661 3199 γνωριστικοῦ
2681 3130 3023 3201 χαρακτῆρος
3053 3128 3319 3200 ἐξώτερος
3344 3129 3433 3182 ἀεὶ
3468 3127 3806 3198 εὑρισκόμενος.

611 3213 849 3285 praedita!
886 3220 1039 3273 sunt,
1083 3226 1178 3281 per
1209 3211 1659 3266 ratiocinationes
1705 3218 1759 3266 et
1791 3212 2194 3283 cogitationes;

610 3317 666 3360 at
693 3315 847 3359 extra
889 3304 1005 3359 haec
1037 3303 1219 3357 omnia
1251 3304 1462 3374 positus
1486 3311 1625 3363 erat,
1678 3319 1963 3360 accessum
1998 3307 2197 3361 mentis

612 3398 920 3468 propiorem
974 3393 1263 3465 ell'ugiens.
1317 3393 1420 3459 Qui
1475 3410 1605 3449 vero
1655 3410 1875 3464 semper
1922 3396 2199 3465 reperitur

610 3488 758 3545 omni
792 3499 919 3541 nota
952 3502 1161 3548 carere,
1192 3485 1259 3540 de
1288 3501 1394 3554 qua
1426 3486 1598 3555 possit
1627 3487 1873 3557 agnosci,
1904 3504 2013 3558 quo
2038 3499 2198 3559 pacto

610 3588 775 3651 queat
802 3581 849 3634 is
885 3594 980 3648 per
1016 3578 1405 3632 iudicationem
1437 3577 1678 3646 aliquam
1708 3594 1901 3633 vocum
1948 3582 2199 3651 percipi?

614 3670 767 3724 Hanc
789 3670 859 3723 ob
881 3684 1106 3724 causam
1124 3670 1397 3740 excogitat
1422 3669 1644 3740 quidem
1666 3670 1774 3724 vim
1807 3672 2196 3727 vocabulorum:

612 3764 792 3818 omnis
822 3763 1057 3832 generis,
1110 3761 1177 3815 ad
1213 3761 1633 3833 explicationem
1668 3761 1795 3817 boui
1836 3763 1959 3832 ejus
2007 3763 2199 3819 inell‘a-

612 3856 764 3919 bilis,
799 3854 895 3910 sed
925 3854 1069 3909 enim
1111 3853 1290 3910 omnis
1319 3852 1401 3908 vis
1430 3854 1721 3918 orationis,
1749 3870 1855 3924 qua
1881 3854 2013 3924 quid
2045 3854 2199 3911 eder-

612 3957 724 4012 tur,
760 3946 988 4002 inferior
1017 3954 1121 4013 est,
1154 3956 1210 4001 et
1242 3946 1467 4001 minime
1495 3947 1787 4001 veritatem
1820 3962 2039 4017 aequare
2070 3963 2203 4002 con-

611 4039 867 4095 vincitur.
928 4034 1140 4093 ldcirco
1194 4038 1299 4093 ait:
1357 4036 1560 4093 Vocavi
1623 4037 1843 4109 quidem
1894 4041 2195 4110 (quantum

613 4131 795 4205 potui)
822 4130 1185 4202 excogitando
1218 4145 1381 4187 voces
1410 4132 1614 4202 quibus
1639 4130 1931 4187 iuell'abilis
1954 4133 2044 4187 illa
2069 4131 2198 4188 bea-

613 4224 788 4280 titudo
830 4230 1393 4290 commonstraretur;
1438 4230 1492 4276 at
1519 4223 1611 4277 ille
1640 4223 1821 4293 major
1862 4235 2001 4290 erat,
2032 4240 2195 4294 quam

613 4320 709 4391 qui
756 4336 853 4391 per
885 4319 985 4374 has
1016 4316 1446 4388 signiﬁcationes
1499 4313 1730 4370 indicari
1781 4323 1987 4384 posset.
2045 4314 2197 4370 Facit

614 4413 720 4468 hoc
751 4426 1121 4482 saepenumero
1156 4408 1321 4464 etiam
1348 4422 1580 4477 magnus
1608 4405 1699 4461 ille
1731 4404 1923 4468 David,
1960 4406 2193 4463 inﬁnitis

2300 3220 2415 3283 πῶς
2435 3222 2501 3275 ἂν
2518 3222 2606 3275 διὰ
2627 3238 2770 3284 τινος
2795 3221 3159 3291 όνομαστικῆς
3181 3221 3460 3290 σημασίας
3484 3237 3547 3273 πε
3556 3216 3806 3291 ριληφθείης

2297 3311 2500 3365 Τούτου
2528 3312 2684 3382 χάριν
2713 3312 2916 3365 ἐπινοεῖ
2940 3310 3037 3381 μὲν
3062 3310 3326 3364 παντοίαν
3354 3310 3619 3381 ὀνομάτων
3639 3308 3808 3375 δύναμιν

2296 3404 2378 3467 είς
2404 3403 2499 3474 τὴν
2536 3403 2628 3456 τοῦ
2660 3403 2938 3474 ἀφράστου
2972 3401 3180 3471 ἀγαθοῦ
3231 3403 3527 3473 σημασίαν,
3561 3397 3808 3472 ήττᾶτιιδὲ

2300 3499 2452 3550 πᾶσα
2478 3496 2749 3567 φραστικὴ
2764 3496 2921 3563 λόγου
2943 3496 3192 3567 δύναμις,
3210 3496 3309 3549 καὶ
3335 3497 3434 3567 τῆς
3458 3494 3694 3565 ἀληθείας
3706 3492 3810 3545 ἐλάτ-

2296 3605 2403 3640 των
2458 3588 2757 3657 ἐλέγχεται.
2812 3589 2903 3645 Διό
2956 3603 3120 3657 φησιν
3156 3600 3171 3615 ’
3219 3585 3367 3654 Ἐγὼ
3416 3585 3513 3657 μὲν
3546 3578 3809 3639 ἐκάλοννὼς

2295 3678 2588 3750 ἐδυνάμην,
2619 3677 2906 3731 ἐπινοοῦσα
2956 3677 3138 3745 φωνὰς
3183 3677 3521 3741 ἐνδεικτικὰς
3557 3676 3646 3745 τῆς
3681 3671 3810 3742 ἀφρά-

2296 3784 2422 3819 στου
2484 3766 2884 3838 μακαριότητος
2908 3782 2921 3796 ·
2948 3768 2976 3819 ό
3003 3765 3059 3819 δὲ
3109 3766 3377 3838 κρείττων
3409 3763 3475 3840 ἦν
3504 3767 3595 3838 τῆς
3620 3763 3711 3817 τῶν
3733 3778 3812 3831 ση-

2298 3859 2642 3931 μαινομένων
2693 3858 2968 3925 ἐνδείξεως
3004 3898 3017 3913 .
3057 3850 3182 3912 Οἷον
3232 3858 3300 3930 δὴ
3348 3862 3492 3913 ποιεί
3522 3859 3608 3912 καὶ
3632 3859 3657 3911 ό
3685 3854 3811 3926 μέγας

2294 3952 2479 4017 Δαὸἱδ,
2511 3951 2769 4014 πολλάκις
2801 3950 3016 4021 μυρίοις
3039 3950 3261 4021 ὀνόμασι
3294 3952 3357 4005 τὸ
3380 3953 3531 4008 Θεῖον
3552 3947 3725 4005 καλῶν,
3745 3942 3811 3996 καὶ

2295 4043 2563 4115 ἡττᾶσθαι
2590 4043 2690 4113 τῆς
2738 4042 2997 4114 ἀληθείας
3028 4043 3328 4113 ὁμολογῶν.
3358 4044 3430 4096 Σὺ
3467 4042 3589 4111 γὰρ,
3618 4039 3767 4111 φησὶν,
3792 4035 3811 4085 ὁ

2294 4136 2446 4201 Θεὸς,
2502 4136 2862 4206 οἰκτείρμων,
2892 4136 2987 4188 καὶ
3044 4135 3314 4206 ἐλεήμων,
3367 4134 3719 4206 μακρόθυμος,
3745 4128 3811 4181 καὶ

2294 4229 2600 4293 πολυέλεος,
2632 4228 2724 4282 καὶ
2766 4228 3037 4299 ἀληθινὸς,
3083 4229 3178 4282 καὶ
3225 4230 3401 4299 ἰσχὺς,
3435 4230 3526 4283 καὶ
3562 4225 3808 4298 στερέωμα,

2294 4321 2609 4392 καταφυγὴ,
2639 4321 2734 4375 καὶ
2760 4320 3010 4391 δύναμις,
3037 4322 3132 4375 καὶ
3160 4320 3376 4393 βοηθὸς,
3396 4321 3487 4375 καὶ
3506 4318 3809 4388 ἀντιλήπτωρ.

2294 4415 2389 4469 καὶ
2446 4415 2615 4486 κέρας
2670 4414 2962 4485 σωτηρίας.
3008 4414 3103 4467 καὶ
3132 4414 3203 4468 τὰ
3250 4414 3489 4468 τοιαῦτα.
3542 4412 3643 4466 Καὶ
3695 4408 3811 4462 πάλιν

613 4505 928 4563 nominibus
964 4501 1171 4556 Numen
1204 4501 1449 4554 divinum
1494 4499 1851 4567 compellans,
1882 4516 1947 4555 ac
1978 4501 2186 4555 nihilu-

2296 4480 2545 4575 ὁμολογεί
2574 4506 2655 4558 ὅτι
2678 4480 2849 4575 ὄνομα
2888 4503 3052 4557 αὑτοῦ
3085 4505 3143 4558 ἐν
3182 4504 3330 4577 πάσῃ
3355 4508 3422 4577 τῇ
3453 4509 3521 4576 γῇ
3555 4504 3663 4571 οὐχὶ
3694 4497 3811 4567 γινώσ

615 4600 797 4654 minus
846 4598 1127 4653 veritatem
1169 4609 1230 4651 se
1274 4608 1384 4649 non
1428 4591 1649 4663 assequi
1679 4591 1897 4648 fatetur.
1958 4592 2063 4658 Tu,
2105 4594 2193 4648 iu-

613 4692 753 4761 quit,
804 4689 947 4744 Deus
981 4704 1064 4753 es,
1111 4686 1425 4749 miserator,
1461 4686 1830 4757 longanimus,
1873 4688 2056 4742 multa:
2091 4687 2196 4741 nii-

615 4782 948 4844 sericordire,
996 4781 1251 4844 verax“,
1300 4786 1360 4833 tu
1391 4778 1581 4840 robur,
1623 4779 2052 4843 ﬁrmamentum,
2106 4795 2190 4834 rc-

618 4874 857 4933 l'ur.ium,
891 4871 995 4933 vis,
1046 4868 1287 4937 adjutor,
1321 4868 1639 4937 opitulator,
1687 4884 1857 4925 cornu
1908 4870 2102 4927 salutis
2125 4873 2191 4938 “,

614 4968 827 5034 aliaque
866 4963 1017 5015 talia.
1060 4960 1299 5015 Rursum
1338 4959 1504 5015 David
1559 4960 1702 5015 idem
1758 4960 1959 5017 fatetur
1991 4978 2189 5019 nomen

612 5057 734 5123 ejus
786 5054 839 5107 iu
887 5060 997 5105 tota
1048 5059 1193 5105 terra
1232 5057 1422 5103 notum
1468 5066 1576 5104 non
1628 5066 1772 5116 esse,
1830 5051 1926 5107 sed
1981 5061 2191 5108 tantum

612 5160 734 5198 esse
772 5143 825 5196 in
858 5139 1242 5217 admiratione.
1280 5138 1455 5204 Quam
1494 5138 1830 5204 admirabile,
1866 5142 1963 5203 ait,
2005 5160 2193 5197 nomen

615 5245 758 5289 tuum
815 5244 891 5289 est
960 5247 1051 5300 per
1098 5230 1395 5284 universum
1445 5240 1641 5285 terram
1664 5233 1747 5286 “l
1789 5231 1879 5288 Sic
1925 5234 2088 5289 etiam
2124 5236 2188 5291 ad

611 5325 839 5381 Mauoen
900 5322 1076 5391 inquit
1114 5321 1160 5376 is
1189 5320 1283 5391 qui
1320 5320 1633 5374 vaticinium
1669 5322 1717 5376 ei
1750 5323 1817 5377 de
1844 5324 1955 5377 lilio
1976 5326 2190 5393 edebat,

609 5434 732 5473 cum
763 5418 1127 5485 interrogatus
1148 5413 1215 5468 de
1240 5413 1481 5473 nomine,
1515 5414 1840 5483 respondet:
1882 5415 1940 5470 Id
1971 5417 2189 5487 quidem

608 5520 693 5566 est
723 5507 1040 5563 admirabile
1074 5505 1231 5564 mihi.
1266 5520 1332 5559 ac
1370 5506 1656 5561 sublimius
1686 5521 1851 5575 quam
1882 5508 2040 5578 cujus
2069 5525 2191 5567 esse

608 5618 779 5673 capax
810 5600 960 5654 auris
993 5599 1229 5654 hmnaua
1274 5599 1533 5671 possit“.
1577 5597 1872 5668 Propterea
1906 5600 1993 5653 hic
2025 5603 2187 5655 etiam

609 5695 789 5749 anima
836 5702 993 5746 vocat
1025 5689 1263 5746 Verbum
1312 5702 1573 5763 quantum
1624 5698 1827 5761 potest,
1882 5706 1983 5747 nec
2013 5702 2193 5763 potest

2298 4612 2519 4657 σκεται,
2573 4594 2709 4647 ἀλλά
2755 4592 3112 4664 θαυμάζεται.
3161 4593 3254 4659 Ὧς
3329 4594 3660 4662 θαυμαστὸν
3707 4590 3810 4657 γὰρ.

2297 4684 2450 4755 φησι,
2496 4683 2563 4737 τὸ
2595 4682 2782 4753 ὄνομὰ
2811 4698 2928 4736 σου
2964 4682 3033 4737 ἐν
3071 4680 3237 4752 πάσῃ
3265 4683 3340 4752 τῇ
3381 4683 3483 4754 γῇί
3506 4683 3675 4745 Οὕτως
3715 4677 3812 4749 φηπὶ

2296 4777 2392 4831 και
2426 4776 2563 4848 πρὸς
2597 4775 2688 4829 τὸν
2715 4776 2915 4831 Μανωέ
2968 4778 2997 4830 ό
3023 4774 3270 4846 περὶτοῦ
3313 4778 3505 4841 παιδὸς
3538 4772 3685 4829 αὑτοῦ
3715 4786 3812 4841 χρη·

2299 4868 2549 4939 ματίσας,
2588 4868 2677 4922 ὅτε
2708 4867 2967 4939 ἠρωτήθη
3002 4868 3130 4939 περὶ
3180 4867 3273 4921 τοῦ
3325 4867 3813 4939 6vdpatoc,61t01u-

2300 4962 2503 5033 μαστόν
2532 4964 2647 5017 ἐστι
2678 4961 2835 5015 τοῦτο
2871 4963 2966 5016 καὶ
2993 4965 3239 5033 κρεῖττον
3270 4963 3301 5033 ἢ
3334 4964 3476 5018 ὥστε
3510 4965 3608 5018 ὑπὸ
3631 4964 3718 5030 τῆς
3747 4959 3812 5011 ἁν-

2296 5054 2573 5126 θρωπίνης
2617 5055 2787 5125 ἀκοῆς
2826 5054 3160 5126 χωρηθῆναι.
3207 5055 3308 5108 Διά
3354 5056 3511 5109 τοῦτο
3542 5056 3629 5109 καὶ
3660 5048 3811 5125 ἡψυχὴ

2294 5145 2386 5199 τὸν
2409 5142 2583 5214 Λόγον
2618 5146 2774 5199 καλεῖ
2803 5147 2901 5217 μέν
2939 5147 3015 5210 ὡς
3057 5146 3311 5202 δύναται·
3342 5147 3563 5202 δύναται
3585 5145 3732 5213 δὲούχ
3760 5142 3814 5201 ὡς

2302 5236 2571 5308 βούλεται.
2628 5238 2886 5292 Βούλεται
2934 5238 3043 5310 γὰρ
3083 5240 3244 5293 πλέον
3277 5240 3310 5311 ἢ
3347 5241 3567 5295 δύναται
3595 5256 3608 5271 ο
3637 5239 3690 5291 ού
3736 5234 3812 5303 μὴν

2297 5329 2416 5383 οὐδὲ
2448 5329 2700 5385 τοσοῦτον
2727 5330 3032 5403 θελήσεται,
3052 5333 3176 5388 ὅσον
3196 5333 3368 5387 ἐκεῖνό
3425 5336 3587 5392 ἐστιν,
3607 5329 3706 5384 ἀλλ’
3724 5329 3813 5380 ὅσον

2300 5417 2688 5492 βουληθῆναιή
2725 5420 3040 5493 προαίρεσις
3087 5422 3327 5478 δύναται.
3364 5424 3518 5478 Ἐπεὶ
3563 5419 3648 5477 οῦν
3671 5418 3812 5483 ἀνέφε-

2298 5511 2424 5574 κτός
2452 5512 2599 5565 ἐστιν
2631 5514 2659 5565 ό
2687 5513 3018 5585 καλούμενος
3054 5519 3121 5588 τῇ
3156 5516 3247 5570 τοῦ
3284 5516 3572 5579 καλοῦντος
3598 5505 3812 5585 όρμῇ,διά

2296 5602 2452 5657 τοῦτό
2486 5620 2681 5675 φησιν·
2717 5605 3004 5662 Ἐκάλεσα
3026 5609 3232 5675 αὑτὸν,
3264 5592 3507 5678 καὶηοὺχ
3552 5596 3810 5673 ὑπήκουσέ

2293 5712 2433 5766 μου.

608 5791 819 5843 tantum
856 5792 1115 5856 quantum
1142 5785 1286 5840 vult:
1320 5786 1518 5857 quippe
1541 5801 1660 5855 qua:
1687 5786 1807 5855 plus
1835 5786 1982 5848 velit,
2016 5802 2177 5855 quam
2218 5790 2416 5860 possit,
2443 5788 2552 5844 imo
2576 5806 2642 5844 ne
2673 5798 2881 5845 tantum
2905 5793 3122 5862 quidem
3148 5796 3285 5853 velle
3343 5804 3542 5867 potest,
3598 5798 3806 5869 quantum

672 5878 717 5911 “
743 5876 892 5933 Ρωι.
930 5892 962 5932 c
992 5896 1028 5945 ι,
1061 5878 1094 5932 8
1130 5894 1250 5948 sqq.

1361 5880 1404 5910 θ’
1434 5877 1558 5934 Psa.
1631 5894 1761 5947 xvu,
1789 5880 1824 5933 2
1848 5894 1968 5950 sqq.
2008 5880 2053 5912 ⁸³
2075 5878 2222 5937 Psal.
2258 5898 2376 5951 vin,
2414 5882 2465 5936 l.

2554 5882 2790 5939 “Judic.
2813 5900 2929 5953 xm,
2974 5885 3058 5942 18.
