3932 6508
175 430 315 489 {029

174 544 307 602 illud
324 549 431 609 est,
452 540 549 599 sed
570 548 834 614 quantum
863 547 980 596 toto
1002 538 1167 595 animi
1185 537 1367 594 studio
1387 536 1522 592 velle
1572 541 1775 607 potest.

1243 423 1311 479 lN
1344 420 1642 479 CANTICA
1682 415 1954 475 CANTIC.
1998 416 2281 476 HOMILIA
2326 419 2441 477 XII.

3290 420 3430 479 1030

1849 530 2039 603 itaque
2063 549 2188 589 cum
2218 534 2266 591 is
2298 535 2393 607 qui
2433 543 2609 602 vocat,
2662 534 2883 607 assequi
2915 540 3097 600 studio
3124 554 3227 597 suo
3252 555 3426 597 voca-

173 645 287 693 tum
315 649 427 689 non
455 636 660 706 possit,
694 634 899 690 idcirco
926 632 1150 697 dicitur,
1178 631 1365 687 Vocavi
1387 646 1528 695 eum,
1561 640 1608 684 et
1639 643 1744 684 non
1782 625 1951 679 audiit
1984 643 2078 680 me.

245 728 386 781 Ὅσα
422 726 481 780 δὲ
507 730 622 790 τοῖς
651 725 959 797 εἰρημένοις
994 726 1028 794 ἡ
1058 723 1246 794 νύμφη
1274 721 1616 795 προστίθησι,
1651 718 1753 774 κᾶν

1930 717 2062 782 Quae
2094 724 2275 772 autem
2309 732 2478 789 porro
2507 717 2594 775 his
2620 718 2809 791 adjicit
2838 735 3041 791 sponsa
3060 763 3074 787 ,
3113 734 3428 791 quanquam

172 819 630 893 σκυθρωποτέραν
662 818 802 874 κατὰ
839 817 901 871 τὸ
938 817 1226 888 πρόχειρον
1248 815 1344 887 ἔχῃ
1374 816 1474 887 τὴν
1498 814 1747 881 ἔνδειξινο

170 910 285 966 ἀλλ’
316 910 441 981 ἐμοὶ
470 909 622 963 δοκεῖ
659 908 795 980 πρὸς
836 907 926 960 τὸν
960 906 1121 961 αὑτὸν
1159 906 1623 977 σκοπὸν.βλέπειν,
1656 905 1751 958 καὶ

172 1005 274 1076 τῆς
312 1005 425 1059 τῶν
466 1001 813 1073 ὑψηλοτέρων
845 998 1163 1062 ἀναϐάσεως
1200 997 1592 1069 ἔχεσθαι.Φησὶ
1618 995 1747 1068 γὰρ,

174 1098 452 1169 Εὖροσάν
478 1113 554 1167 με
582 1097 636 1149 οὶ
667 1094 937 1163 φύλακες
975 1094 1029 1146 ol
1055 1092 1425 1157 κυκλοῦντες
1447 1091 1518 1144 ἐν
1544 1089 1621 1158 τῇ
1651 1090 1753 1142 πό-

172 1195 287 1247 λει.
346 1184 685 1251 Ἐπάταξάν
719 1200 820 1254 με,
868 1181 1311 1253 separa/adtde
1344 1200 1451 1252 με,
1491 1178 1644 1253 ἦραν
1683 1180 1751 1235 τὸ

174 1284 483 1353 θέριστρον
498 1279 599 1335 ἀπ’
610 1278 757 1348 ἐμοῦ
780 1278 836 1331 οἱ
862 1278 1131 1345 φύλακες
1148 1275 1267 1330 τῶν
1289 1275 1551 1345 τειχέων.
1568 1274 1751 1328 Ταῦτα

173 1374 282 1446 γὰρ
301 1375 427 1437 ίσως
445 1370 585 1436 δόξει
600 1370 743 1424 τισὶν
763 1368 1091 1440 ὀδυρομένης
1116 1368 1337 1439 μᾶλλον,
1363 1369 1505 1440 ᾗπερ
1526 1368 1752 1439 εὐφριι.

170 1466 397 1538 νομένης
416 1459 643 1518 εἷναιτά
671 1463 915 1533 ῥήματα,
952 1460 1013 1513 τὸ
1045 1459 1409 1525 Ἐπάταξαν,
1437 1460 1530 1514 καὶ
1545 1461 1750 1531 ἐτραυ-

167 1557 456 1629 μάτισαν,
486 1554 580 1608 καὶ
610 1553 768 1622 ἦραν
801 1550 865 1605 τὸ
902 1550 1213 1620 θέριστρον
1237 1568 1253 1583 ο
1291 1551 1370 1624 τῷ
1402 1552 1459 1605 δὲ
1508 1551 1751 1624 ἀκριϐῶς

173 1646 565 1719 ὲπεσκεμμένῳ
592 1645 690 1716 τὴν
715 1642 824 1697 τῶν
850 1642 1155 1714 λεγομένων
1185 1643 1445 1708 διάνοιαν,
1476 1644 1753 1715 μεγαλαυ-

170 1740 442 1813 χουμένης
471 1738 562 1791 ἐπὶ
586 1739 699 1799 τοῖς
738 1733 1042 1799 καλλίπαις
1076 1737 1215 1789 εἰσὶν
1250 1737 1307 1789 ai
1339 1735 1533 1805 φωναί.
1564 1734 1752 1799 υῦτως

171 1832 219 1888 δ’
244 1832 308 1887 ἂν
335 1831 542 1901 γένοιτο
591 1831 721 1902 ἡμῖν
754 1829 1062 1899 καταφανὲς
1091 1829 1153 1882 τὸ
1196 1828 1508 1901 λεγόμενον·
1548 1829 1752 1900 Μικρὸν

174 1927 283 1999 πρὸ
317 1924 519 1979 τούτων
550 1924 609 1976 ὲν
639 1926 753 1987 τοῖς
780 1923 1029 1983 κατόπιν,
1062 1920 1386 1993 καθαρεύειν
1418 1921 1588 1993 αὐτὴν
1616 1938 1753 1974 παν·

1852 807 2032 877 primo
2062 808 2210 862 velut
2247 808 2453 864 intuitu
2486 810 2779 866 tristiorem
2815 812 3107 882 quamdam
3143 811 3429 867 indicatio-

1850 914 1974 953 nem
2026 898 2302 967 habeant,
2356 917 2475 956 mea
2524 911 2707 957 tamen
2750 904 3019 957 sententia
3063 903 3311 958 eumdem
3360 905 3425 958 ad

1851 1004 2077 1060 scopum
2112 998 2393 1059 spectare,
2423 998 2478 1045 et
2509 990 2713 1047 habere
2739 991 3195 1061 signiﬁcationem
3233 1008 3428 1047 ascen-

1852 1096 1947 1137 sus
2005 1082 2071 1135 ad
2120 1082 2440 1138 sublimiora
2482 1083 2754 1140 videntur.
2798 1085 2887 1137 Ait
2934 1085 3077 1138 enim
3126 1103 3140 1138 :
3181 1084 3423 1155 ΟῙῙεηάειο

1850 1180 1973 1225 runt
2004 1187 2085 1225 me
2116 1171 2358 1226 custodes
2391 1172 2481 1242 qui
2516 1172 2574 1225 in
2615 1172 2739 1225 urbe
2771 1174 3113 1229 circumeunt.
3145 1173 3430 1230 Percusae~

1850 1272 1973 1316 runt
2005 1279 2120 1329 me,
2155 1264 2560 1317 vulneraverunt
2607 1279 2724 1327 me,
2771 1263 3101 1317 abstulerunt
3144 1266 3355 1334 peplum
3397 1286 3428 1320 a

1851 1371 1933 1409 me
1981 1355 2226 1410 custodes
2280 1372 2576 1410 murorum.
2628 1354 2973 1410 Videbuntur
3026 1356 3140 1412 haec
3196 1358 3433 1414 fortasse

1851 1447 2139 1501 nonnullis
2188 1463 2314 1503 esse
2362 1448 2600 1518 lugentis
2648 1448 2832 1518 potius
2878 1451 3078 1514 verba,
3114 1467 3276 1520 quam
3311 1452 3432 1522 ejus

1851 1555 1973 1610 quae
2022 1540 2142 1594 laeta
2199 1541 2312 1608 sit;
2357 1541 2660 1611 pratsertim
2710 1540 2838 1605 illa,
2889 1556 3266 1610 percusserunt
3312 1561 3429 1607 me,

1852 1631 2256 1685 vulneraverunt
2306 1648 2418 1696 me,
2481 1629 2819 1685 abstulerunt
2869 1633 3097 1702 peplum.
3131 1634 3332 1690 Verum
3383 1636 3431 1689 si

1851 1724 1975 1793 quis
2026 1732 2283 1777 accurate
2327 1724 2640 1777 consideret
2687 1740 2913 1789 eorum,
2971 1741 3093 1795 quae
3146 1725 3428 1788 dicuntur.

1852 1828 2096 1874 mentem
2128 1836 2142 1873 :
2186 1819 2367 1889 potius
2399 1828 2528 1873 sunt
2557 1835 2721 1874 voces
2752 1820 2989 1889 gloriose
3012 1820 3278 1888 jactantis
3312 1836 3434 1876 sese

1853 1912 1924 1967 ob
1957 1929 2043 1967 res
2078 1912 2504 1983 pulcherrimas.
2544 1911 2597 1966 ld
2636 1922 2818 1966 autem
2860 1912 2962 1966 hoc
2997 1913 3234 1982 quodam
3270 1913 3432 1967 modo

172 2019 268 2082 τὸς
292 2015 753 2087 προκαλύμματος
781 2015 809 2066 ὁ
842 2013 1000 2081 λόγος
1034 2011 1392 2083 μαρτύρεται,
1422 2012 1481 2065 ὲν
1505 2004 1549 2080 ᾧ
1585 2028 1749 2083 φησιν

1859 2006 2205 2075 perspicuum
2260 2005 2421 2059 nobis
2472 2006 2599 2058 erit.
2650 2002 2822 2059 Paulo
2880 2013 3007 2058 ante
3059 2003 3431 2060 testimonium

174 2111 242 2164 ἐκ
289 2105 579 2180 προσώπου
627 2106 727 2175 τῆς
776 2104 1018 2176 νύμφης,
1066 2105 1148 2158 ὅτι
1202 2103 1613 2173 Ἐξεδυσάμην
1642 2104 1752 2158 τὸν

176 2200 393 2272 χιτῶνά
416 2218 558 2269 μου,
605 2197 734 2265 πῶς
787 2197 1119 2269 ἐνδύσομαι
1151 2198 1382 2261 auter;
1416 2196 1677 2250 Ἐνταῦθα
1696 2194 1759 2251 δὲ

176 2290 339 2344 πάλιν
377 2288 695 2361 ἀφῃρῆσθαι
747 2287 896 2356 λέγει
954 2288 1124 2358 αὐτῆς
1162 2287 1224 2340 τὸ
1269 2286 1570 2359 θέριστρον.
1601 2289 1757 2360 Περι-

176 2383 390 2437 ϐόλαιον
422 2381 478 2435 δὲ
501 2380 769 2452 νυμφικόν
800 2382 917 2433 ἐστι
942 2378 1003 2433 τὸ
1037 2379 1342 2450 θέριστρον.
1380 2379 1756 2447 συγκαλύπτον

179 2474 320 2546 μετά
347 2472 446 2544 τῆς
466 2472 708 2543 κεφαλῆς
743 2472 836 2527 καὶ
871 2470 933 2524 τὸ
962 2470 1273 2542 πρόσωπον,
1297 2469 1477 2535 καθὼς
1511 2472 1605 2526 καὶ
1630 2472 1758 2545 περὶ

174 2569 275 2638 τῆς
303 2565 596 2629 Ῥεϐέκκας
642 2563 788 2634 λέγει
817 2565 851 2633 η
897 2561 1127 2632 ἱστορία.
1160 2562 1286 2627 Πῶς
1322 2557 1414 2617 οὖν
1454 2564 1488 2633 ἡ
1538 2580 1758 2634 γυμνω-

176 2659 332 2712 θεῖσα
380 2657 580 2720 παντὸς
626 2654 1055 2725 περιϐλήματος,
1096 2653 1176 2707 ἔτι
1221 2653 1282 2707 τὸ
1310 2653 1591 2726 θέριστρον
1619 2654 1754 2725 ἔχει,

175 2748 313 2817 ὅπερ
342 2746 437 2800 νῦν
465 2746 633 2817 αὑτῆς
679 2745 1041 2817 ἀφαιροῦνται
1088 2746 1138 2799 οἱ
1174 2745 1446 2815 φύλακες;
1476 2747 1553 2802 Ἦ
1601 2746 1757 2817 δῆλον

175 2836 267 2890 διὰ
309 2835 418 2889 τῶν
473 2835 779 2906 εἰρημένων
821 2834 1003 2899 ἐστὶν,
1032 2835 1153 2888 ὅσον
1199 2836 1293 2890 ἀπ’
1336 2837 1544 2890 ἐκείνου
1597 2838 1758 2892 πάλιν

177 2928 272 2981 ἐπὶ
318 2927 380 2980 τὸ
432 2926 762 2998 ὑψηλότερον
814 2925 904 2979 διὰ
949 2927 1235 2997 προκοπῆς
1287 2927 1653 2997 ανελήλυθεν;
1693 2929 1759 2981 Ἦ

177 3021 288 3092 γὰρ
337 3018 757 3089 ἀπεκδυσαμένη
803 3016 896 3070 τὸν
946 3016 1174 3071 παλαιὸν
1225 3017 1465 3088 χιτῶνα,
1505 3018 1603 3072 καὶ
1655 3020 1761 3073 πά-

178 3127 282 3182 σης
331 3108 625 3182 περιϐολῆς
678 3106 1094 3179 καθαρεύσασα,
1125 3108 1377 3162 τοσοῦτον
1437 3109 1635 3180 ἑαυτῆς
1682 3109 1763 3177 γί-

177 3218 329 3257 νεται
385 3200 781 3271 καθαρωτέρα,
827 3199 904 3263 ὼς
953 3199 1236 3271 συγκρίσει
1283 3200 1383 3270 τῆς
1428 3200 1553 3272 ἄρτι
1607 3218 1762 3270 γενο-

186 3294 358 3367 μένης
407 3292 559 3364 αὑτῇ⁸
596 3290 995 3363 καθαρότητος,
1043 3290 1117 3362 μὴ
1152 3290 1329 3345 δοκεῖν
1365 3291 1760 3346 ἀπεκδεδῦσθαι

1857 2112 2079 2168 sponsa;
2135 2097 2472 2168 perhibetur,
2536 2097 2682 2167 quod
2738 2097 2997 2150 inmmnis
3053 2097 3125 2151 sit
3170 2096 3238 2149 ab
3284 2098 3433 2149 omni

1854 2190 2125 2245 velamine
2149 2231 2162 2252 .
2195 2206 2320 2245 cum
2367 2191 2421 2245 in
2453 2190 2575 2260 ejus
2606 2205 2841 2261 persona
2871 2190 3078 2243 dicitur
3107 2209 3120 2259 ς
3168 2188 3310 2243 Exui
3354 2200 3436 2242 tu-

1855 2281 2027 2336 nicam
2059 2298 2227 2335 meam
2248 2320 2262 2343 ,
2299 2282 2562 2351 quomodo
2590 2284 2807 2335 induam
2844 2281 2996 2335 illaut
3019 2287 3044 2337 ?
3077 2280 3175 2335 Hic
3211 2296 3434 2336 rursum

1856 2375 1935 2427 ait
1961 2373 2077 2444 ipsa
2102 2374 2412 2444 ademptum
2438 2374 2540 2430 sibi
2564 2388 2688 2429 esse
2716 2374 2932 2444 peplum
2955 2415 2969 2438 ,
2991 2375 3105 2429 sive
3125 2373 3431 2445 θέριστρον.

1858 2464 1979 2529 Quo
2011 2466 2283 2519 vocabulo
2331 2467 2555 2536 pallium
2591 2469 2848 2537 sponsale
2882 2468 3249 2538 signiﬁcatur,
3287 2467 3436 2540 quod

1855 2573 1965 2612 una
2000 2572 2125 2611 cum
2160 2559 2342 2627 capite
2381 2557 2574 2612 faciem
2624 2574 2847 2628 quoque
2882 2560 3139 2623 obvelat,
3172 2561 3438 2629 quemad-

1857 2651 2078 2705 modum
2103 2659 2189 2706 est
2219 2651 2272 2704 in
2306 2652 2534 2706 historia
2564 2652 2632 2706 de
2662 2650 2911 2707 Rebecca
2943 2654 3008 2707 “.
3044 2653 3145 2719 Qui
3176 2671 3307 2724 ergo
3332 2671 3437 2710 nu-

1857 2746 1983 2795 data
2027 2741 2373 2797 vestimentis
2418 2741 2709 2804 omnibus,
2757 2744 2973 2812 peplum
3027 2744 3205 2799 adhuc
3246 2745 3436 2813 habet,

1858 2848 2017 2903 quem
2042 2833 2091 2887 ei
2118 2849 2266 2888 nunc
2294 2832 2550 2888 custodes
2575 2833 2816 2888 civitatis
2847 2835 3137 2890 adimunt?
3164 2836 3455 2891 Numnam‘

1859 2924 2001 2980 forte
2029 2926 2095 2980 de
2134 2926 2316 2981 verbis
2363 2926 2515 2981 hisce
2560 2929 2917 2997 perspicitur,
2949 2938 3218 2999 quantum
3265 2930 3334 2984 ab
3371 2945 3439 2984 eo

1861 3021 2107 3084 tempore
2160 3030 2380 3070 rursum
2420 3018 2474 3071 in
2510 3020 2745 3074 sublime
2778 3021 3052 3089 pergendo
3094 3021 3436 3089 perfecerit?

1858 3101 1993 3156 Nam
2027 3118 2090 3157 ea
2134 3120 2255 3173 qum
2282 3105 2395 3171 jam
2433 3114 2561 3161 ante
2596 3108 2839 3161 tunicam
2888 3115 3125 3161 veterem
3175 3115 3439 3170 exuerat,

1860 3205 1915 3250 et
1942 3195 2010 3249 ab
2052 3196 2203 3249 omni
2235 3197 2402 3266 pallio
2432 3197 2694 3252 immunis
2736 3206 2891 3262 erat,
2938 3214 3111 3269 usque
3160 3199 3296 3253 adeo
3351 3215 3439 3253 se-

1862 3288 1981 3359 ipsa
2011 3290 2069 3342 lit
2097 3290 2307 3360 purior,
2339 3298 2397 3344 ut
2430 3289 2496 3343 ad
2530 3292 2718 3360 priora
2750 3300 3064 3361 comparata
3099 3292 3201 3346 hac
3232 3292 3439 3347 recenti

184 3388 249 3444 τὸ
305 3385 647 3458 περιϐόλαιον
682 3401 697 3415 ⁸
740 3383 851 3439 ἀλλ’
906 3384 1083 3455 εὑρεῖν
1130 3400 1184 3435 τι
1240 3383 1400 3436 πάλιν
1459 3383 1600 3454 μετὰ
1661 3385 1758 3455 τὴν

1863 3382 2139 3452 puritate,
2185 3397 2294 3436 non
2339 3381 2562 3437 exuisse
2594 3384 2826 3438 antehac
2871 3384 3095 3454 pallium
3147 3383 3439 3450 videatur;

185 3479 469 3552 γύμνωσιν
522 3475 740 3548 ἐκείνην
800 3478 927 3548 περὶ
971 3476 1139 3546 αὐτὴν
1175 3475 1204 3528 ὃ
1239 3475 1525 3546 ἀποθῆται.
1574 3476 1758 3543 Οὕτως

187 3575 226 3645 ἠ
286 3569 422 3642 πρὸς
479 3566 542 3622 τὸ
593 3567 747 3622 Θεῖον
806 3566 1019 3630 ἄνοδος,
1062 3564 1157 3618 τοῦ
1216 3564 1303 3617 ἀεὶ
1371 3565 1758 3638 εὑρισκομένου

184 3681 243 3717 τι
268 3662 395 3734 περὶ
430 3660 600 3731 αὐτὴν
649 3657 793 3729 παχύ
812 3669 920 3725 περ
947 3657 1264 3711 ὲνδείκνυσι.
1300 3658 1398 3712 Διά
1449 3657 1606 3711 τοῦτο
1659 3658 1759 3729 τῆς

186 3756 288 3810 νῦν
341 3753 709 3825 καθαρότητος
763 3753 831 3821 τῇ
876 3751 1158 3822 συγκρίσει
1205 3752 1237 3822 ἡ
1292 3752 1758 3823 προγεγραμμένη

182 3845 284 3904 τοῦ
327 3846 553 3918 χιτῶνος
611 3842 818 3898 ἐκείνου
854 3840 1249 3912 γύμνωσις,ὼς
1294 3842 1558 3914 κάλυμμα
1601 3844 1760 3896 πάλιν

183 3940 554 4013 περιαιρεῖται
591 3935 743 4009 παρὰ
766 3932 873 3987 τῶν
904 3932 1264 4003 εὑρισκόντων
1294 3933 1483 4004 αὑτήν.
1521 3929 1678 3987 Οὗτοι
1704 3934 1760 3988 δέ

181 4032 326 4085 slew
358 4032 406 4083 oi
455 4012 691 4099 φύλακες
727 4025 777 4078 οἱ
821 4022 1145 4086 κυκλοῦντες
1174 4022 1275 4094 τὴν
1306 4023 1459 4077 πόλιν
1480 4041 1493 4055 ·
1530 4024 1675 4096 ψυχὴ
1704 4024 1761 4077 δὲ

177 4124 217 4195 ὴ
243 4121 398 4186 πόλις
425 4137 440 4152 ⁶
468 4116 537 4194 ἧς
557 4118 645 4173 διά
672 4116 766 4171 τοῦ
800 4115 1033 4180 πατάξαι
1083 4115 1177 4168 καὶ
1215 4115 1578 4186 τραυματίσαι
1610 4133 1763 4187 περι-

178 4211 395 4275 ελόντες
420 4210 481 4264 τὸ
514 4209 819 4280 θέριστρον,
841 4199 917 4260 ὧν
949 4205 1106 4276 ἔργον
1137 4205 1253 4257 ἐστὶ
1279 4204 1341 4257 τὸ
1372 4205 1663 4275 φυλάσσειν
1694 4205 1763 4260 τά

176 4299 339 4371 τείχη
374 4299 473 4370 τῆς
522 4296 748 4359 πόλεως.
783 4296 905 4347 Ὅτι
959 4293 1058 4364 μὲν
1090 4288 1182 4346 οὖν
1221 4294 1423 4363 ἀγαθόν
1452 4295 1503 4348 τί
1551 4295 1695 4348 ἐστιν
1728 4298 1760 4367 ἡ

175 4389 279 4444 τοῦ
310 4389 595 4461 θερίστρου
631 4387 990 4459 περιαίρεσις,
1022 4384 1163 4439 ὥστε
1189 4386 1472 4459 ἐλεύθερον
1494 4388 1586 4441 τοῦ
1628 4406 1760 4461 προ-

176 4482 544 4553 καλύμματος
590 4480 681 4532 τὸν
710 4479 1009 4549 ὀφθαλμὸν,
1038 4478 1493 4549 ἀπαραποδίστως
1525 4481 1760 4534 ὲνατενί-

178 4578 304 4641 ζειν
351 4573 429 4645 τῷ
458 4572 775 4643 ποθουμένῳ
819 4571 1024 4637 κάλλει,
1067 4572 1165 4624 οὐκ
1209 4572 1275 4627 ἀν
1320 4590 1401 4638 τις
1433 4574 1762 4645 ἀμφιϐάλλοι

178 4668 325 4739 πρὸς
343 4666 433 4720 τὸν
465 4664 781 4718 Ἀπόστολον
808 4664 1040 4735 βλέπων,
1064 4664 1120 4729 ὃς
1142 4668 1209 4737 τῇ
1238 4666 1463 4737 δυνάμει
1489 4666 1580 4720 τοῦ
1608 4668 1763 4721 mag-

183 4774 362 4830 ματος
410 4755 508 4826 τὴν
558 4752 652 4807 τοῦ
692 4754 1043 4825 καλύμματος
1087 4756 1427 4827 περιαίρεσιν
1478 4758 1762 4829 ἀνατίθησι

178 4852 362 4919 λέγων
391 4864 405 4879 ’
443 4849 628 4901 Ὅταν
663 4846 731 4899 δὲ
771 4847 1102 4915 ἐπιστρέψῃ
1149 4848 1299 4916 πρὸς
1342 4851 1578 4918 Κύριον,
1613 4869 1764 4921 περι-

181 4940 433 5009 αιρεῒται
482 4937 549 4991 τὸ
599 4936 912 5007 κάλυμμα·
946 4941 977 4991 ό
1028 4937 1096 4992 δὲ
1143 4941 1391 5008 Κύριος,
1420 4943 1486 4996 τὸ
1528 4944 1763 5013 πνεῦμά

179 5036 378 5088 ἐστιν.
409 5033 529 5085 Ὀτι
566 5031 624 5084 δὲ
668 5031 728 5084 τὸ
762 5030 856 5083 τοῦ
889 5030 1095 5098 ἀγαθοῦ
1140 5036 1642 5102 παρασκευαστικὸν
1673 5039 1763 5090 καὶ

184 5122 323 5177 αὐτὸ
361 5123 574 5185 πάντως
616 5121 763 5174 ἐστὶν
801 5120 1033 5188 ἀγαθὸν,
1068 5121 1166 5174 οὐκ
1216 5122 1281 5177 ἀν
1320 5141 1403 5185 τις
1434 5126 1762 5196 ἀμφιϐἀλλοι

186 5213 300 5266 τῶν
346 5212 719 5283 ἐπισταμένων
777 5210 911 5282 πρὸς
963 5212 1022 5264 τὸ
1073 5212 1364 5267 ἀκόλουθον
1394 5200 1651 5285 βλέπειν.
1700 5217 1762 5269 Εἰ

184 5302 372 5357 τοίνυν
410 5302 606 5369 ἀγαθὸν
643 5302 676 5374 ἠ
712 5301 803 5355 τοῦ
848 5301 1205 5373 καλύμματος
1247 5305 1599 5376 περιαίρεσις,
1622 5310 1761 5377 ἀγα-

188 5394 285 5449 θὸν
323 5395 387 5446 ἂν
428 5393 503 5463 εῐη
536 5396 749 5459 πάντως
779 5396 928 5467 καὶὴ
966 5395 1166 5468 πληγὴ,
1208 5398 1301 5451 καὶ
1333 5398 1393 5451 τὸ
1429 5400 1668 5473 τραῦμα,
1695 5402 1762 5454 δι’

182 5485 265 5542 ὧν
322 5486 677 5557 κατορθοῦται
728 5490 761 5560 ἠ
810 5489 1173 5561 περιαίρεσις.
1214 5490 1353 5544 Ἀλλ’
1386 5494 1571 5565 ἐπειδὴ
1622 5495 1761 5548 κατά

183 5579 287 5651 τὴν
310 5579 598 5651 πρόχειρον
624 5578 1022 5651 ἔννοιαν,ἀηδία
1046 5600 1129 5648 τις
1164 5584 1485 5654 ἐμφαίνεται
1521 5588 1635 5650 τοῖς
1665 5589 1763 5660 ρή-

186 5688 328 5745 μασι
370 5669 607 5734 τούτοις·
634 5670 849 5743 ἄλγημα
879 5673 988 5745 γὰρ
1028 5675 1359 5730 ἐνδείκνυται
1396 5678 1430 5750 ὴ
1466 5679 1616 5750 φωνὴ
1643 5678 1758 5743 τοῦ,

250 5856 440 5911 παρη,
498 5865 646 5916 xxtv,
670 5849 759 5908 65.
872 5854 915 5884 ⁸⁸
940 5852 983 5907 li
1020 5853 1144 5908 Cor.
1183 5872 1235 5923 ν,
1266 5856 1350 5916 l6.

1861 3473 1957 3527 sed
1990 3488 2186 3528 rursus
2217 3473 2499 3527 invenisse
2532 3482 2654 3544 post
2686 3475 3042 3529 nudationem
3079 3475 3224 3528 illam
3248 3517 3262 3539 ,
3292 3476 3439 3546 quod

1861 3561 2122 3632 deponat.
2163 3560 2256 3616 Sic
2284 3578 2550 3618 ascensus
2608 3564 2674 3617 ad
2716 3563 3115 3619 sublimitatem
3164 3564 3311 3617 illam
3357 3563 3442 3617 di-

1860 3654 2042 3708 vinam
2076 3669 2291 3725 semper
2323 3653 2529 3724 aliquid
2576 3656 2826 3710 ostendit
2858 3658 2933 3710 rei
2954 3672 3178 3711 .crassa:
3203 3698 3217 3720 ,
3246 3665 3443 3727 μηνίει

1862 3746 1918 3802 id
1956 3747 2103 3817 quod
2138 3748 2335 3817 quovis
2364 3754 2613 3817 tempore
2642 3747 3093 3819 deprehenditur.
3126 3749 3330 3806 idcirco
3365 3760 3443 3804 tu-

1863 3842 1999 3896 nica:
2031 3840 2179 3894 illius
2210 3840 2409 3910 prioris
2439 3840 2714 3910 ademptio
2735 3881 2751 3905 ,
2789 3844 2985 3896 collata
3022 3859 3146 3897 cum
3186 3845 3439 3913 praesenti

1862 3933 2135 4003 puritate.
2176 3948 2394 3985 rursum
2422 3941 2478 3987 et
2510 3933 2629 4003 ipsa
2660 3934 2822 4004 quasi
2857 3935 3131 4004 quoddam
3166 3936 3442 3989 velanwn-

1866 4033 1980 4080 tum
2016 4026 2226 4080 tollitur
2259 4025 2329 4079 ab
2362 4025 2507 4088 illis,
2542 4028 2637 4096 qui
2672 4041 2790 4080 eam
2825 4026 3133 4096 reperiunt.
3166 4026 3309 4081 Sunt
3344 4045 3444 4082 au-

1865 4125 1973 4174 tem
2010 4119 2046 4173 ii
2075 4118 2372 4180 custodes.
2412 4118 2467 4173 in
2519 4119 2653 4173 urbe
2704 4119 3115 4175 circumeuntes
3148 4123 3164 4190 (
3204 4130 3260 4175 et
3311 4122 3443 4177 urbs

1865 4211 1979 4266 haec
2010 4211 2191 4265 anima
2224 4218 2308 4266 est
2327 4212 2366 4282 ),
2382 4211 2476 4282 qui
2510 4211 2858 4266 verberando
2882 4226 2944 4265 ac
2972 4211 3310 4267 vulnerando
3344 4230 3442 4284 pe-

1864 4304 2013 4375 plum
2050 4302 2333 4369 adimunt,
2378 4315 2431 4359 et
2479 4304 2680 4375 quibus
2725 4304 2827 4358 hoc
2878 4304 3066 4360 datum
3102 4305 3348 4377 negotii,
3384 4313 3443 4361 ut

1863 4395 2103 4451 civitatis
2131 4412 2317 4450 muros
2344 4396 2680 4451 custodiant.
2719 4394 3007 4450 Enimvero
3034 4394 3441 4465 ademptionem

1863 4490 2003 4560 pepli
2054 4490 2259 4543 bonum
2306 4488 2567 4558 quiddam
2603 4505 2758 4549 esse.
2793 4499 2851 4542 ut
2883 4489 3078 4542 oculus
3112 4487 3378 4544 liberatus
3409 4504 3441 4543 a

1863 4582 2135 4636 velamine
2165 4581 2608 4651 puchritudinem
2637 4580 3004 4635 desideratam
3039 4580 3247 4651 absque
3274 4581 3442 4651 impe.

1863 4673 2106 4726 diluento
2139 4676 2438 4735 intueatur,
2469 4688 2627 4725 nemo
2651 4672 2959 4736 dubitabit,
2991 4671 3083 4742 qui
3111 4671 3176 4725 ad
3201 4671 3441 4741 Aposto-

1797 4751 1836 4805 D
1868 4765 1976 4817 Ιιιιιι
2011 4764 2289 4833 respiciet.
2330 4762 2382 4819 ls
2409 4764 2555 4817 enim
2588 4764 2655 4817 ad
2690 4763 2796 4816 vim
2826 4764 3060 4833 spiritus
3093 4762 3256 4817 refert
3294 4764 3445 4817 vela-

1868 4857 2030 4909 tniuis
2059 4855 2463 4925 ademptioncm
2489 4895 2503 4917 ,
2546 4872 2669 4910 cum
2711 4858 2823 4911 ait:
2859 4855 2958 4910 Ubi
2999 4873 3116 4910 vero
3157 4872 3439 4910 cont-erras

1865 4948 2021 5017 fuerit
2058 4948 2126 5000 ad
2158 4947 2471 5011 Dominum,
2507 4951 2714 5002 tollitur
2748 4950 3021 5003 velamen:
3055 4949 3315 5001 Dominus
3345 4966 3444 5002 an-

1866 5051 1966 5095 tem
2006 5043 2227 5107 spiritus
2259 5041 2349 5094 ille
2376 5050 2453 5093 est
2489 5042 2552 5094 “.
2604 5040 2791 5111 Neque
2820 5059 2950 5096 vero
2978 5042 3221 5095 dubitari
3259 5050 3441 5110 potest

1866 5135 1934 5188 ab
1964 5134 2031 5187 iis
2054 5172 2069 5194 .
2099 5134 2191 5203 qtti
2229 5150 2409 5186 rerttm
2444 5134 2638 5187 seriem
2670 5142 2724 5188 et
2752 5135 3202 5204 consequentiam
3238 5135 3440 5188 intueri

1867 5233 2107 5285 norunt.
2146 5225 2309 5277 etiam
2347 5225 2395 5278 id
2442 5224 2586 5294 quod
2621 5224 2687 5277 ad
2736 5225 2939 5279 bonum
2989 5234 3256 5293 prmparat
3320 5240 3442 5277 om-

1868 5317 2000 5370 nino
2049 5316 2253 5370 houutn
2311 5332 2458 5372 esse.
2507 5316 2693 5384 Quare
2744 5317 2790 5373 si
2822 5318 3112 5371 velaminis
3162 5317 3443 5386 ademptio

1868 5407 2069 5461 bonum
2099 5407 2360 5477 quiddam
2395 5416 2513 5471 est,
2561 5408 2787 5463 omnino
2816 5408 2981 5463 etiam
3026 5418 3139 5461 tum
3187 5407 3443 5462 verbera-

1869 5500 2111 5563 tionem,
2157 5508 2269 5555 tum
2312 5502 2512 5556 vulnus
2556 5502 2611 5555 in
2658 5501 2818 5556 bonis
2844 5515 3109 5569 ponemus
3134 5538 3148 5562 .
3172 5498 3321 5568 quod
3348 5511 3443 5566 per

1867 5606 1931 5646 ea
1976 5594 2066 5646 liat
2110 5594 2407 5665 ademptio.
2454 5594 2561 5649 Sed
2604 5594 2732 5663 quia
2784 5608 2951 5647 sensu
2997 5593 3233 5662 primum
3283 5592 3445 5646 obvio

1868 5684 2100 5743 insuave
2149 5686 2413 5758 quiddam
2469 5688 2536 5741 de
2604 5686 2786 5741 verbis
2840 5685 2925 5741 his
2984 5685 3160 5743 elucet
3196 5687 3444 5753 (etenim
