4028 6460
570 403 702 462 1051
1812 412 1877 469 S.
1917 411 2123 467 GREGt

2231 412 2247 467 Ι
2287 410 2577 469 NYSSENI
3702 430 3829 485 1059.

568 544 677 586 vox
708 520 800 587 illa
820 574 836 596 ,
866 543 1347 601 percusserunt,ac
1381 534 1724 590 vulnerarunt
1757 553 1868 599 me,
1901 537 2121 591 dolente

2265 534 2608 601 Ἐπιὶταξάν
2619 552 2718 606 με·
2735 538 2827 593 καὶ
2847 539 2964 607 τοῦ,
2982 542 3451 613 Ἐτραυμᾶτισάν
3458 551 3557 616 με,
3574 552 3754 618 καλῶς
3771 556 3827 608 ἂν

568 621 808 693 proferri
834 622 1051 678 videtur
1073 628 1115 692 ),
1151 632 1301 679 recte
1336 622 1537 680 facturi
1570 640 1766 681 sumus
1787 669 1803 695 ,
1835 626 1882 682 si
1917 626 2123 697 primm

2258 626 2373 698 ἔχει
2400 629 2736 701 κατανοῆσαι
2770 633 2985 705 πρῶτον
3016 636 3116 707 τῆς
3143 636 3306 707 ἁγίας
3336 638 3560 712 Γραφῆς
3601 642 3705 713 τὴν
3729 648 3827 701 τῶν

568 709 883 780 huiusmodi
914 710 1207 767 verborum
1239 711 1296 767 in
1322 714 1500 771 sacris
1528 713 1754 771 Litteris
1782 732 1942 771 usum
1969 718 2123 771 obser

2256 719 2512 775 τοιούτων
2561 724 2820 793 ῥημάτων
2868 725 3099 797 χρῆσιν,
3130 729 3285 783 εῐπου
3320 709 3544 804 πρὸςτδ
3585 709 3826 805 κρεῖττον

566 801 917 868 vaverimus,
949 818 1083 857 num
1125 804 1270 860 forte
1316 805 1433 860 haec
1473 805 1542 861 de
1589 822 1649 862 re
1695 807 1839 862 bona
1887 814 2121 879 usurpat

2256 810 2438 865 αὐτῶν
2475 810 2573 884 τὴν
2618 816 2837 886 μνήμην
2869 817 3163 890 πεποίηται
3197 821 3212 851 ³
3234 817 3334 874 εἶθ’
3362 801 3534 889 οὕτως
3563 801 3829 898 θεωρῆσαι

566 891 935 963 reperiantur,
970 903 1134 967 atque
1164 897 1240 952 ita
1281 896 1482 955 deinde
1524 900 1637 955 vim
1686 908 1880 956 eorum
1915 918 2036 974 qua!
2068 903 2123 958 di

2254 900 2365 954 τῶν
2398 904 2631 959 ἐνταῦθα
2662 906 2969 979 λεγομένων
2988 911 3086 983 τὴν
3118 911 3366 983 δύναμιν.

566 993 767 1040 cuntur
803 984 911 1053 hic,
946 988 1509 1047 cousideraverimus.

637 1075 760 1143 Quo
790 1086 955 1148 pacto
1005 1082 1285 1152 sapientia
1310 1083 1377 1139 de
1421 1094 1598 1139 morte
1632 1083 1856 1155 juvenis
1907 1086 2123 1142 animari

2324 1084 2449 1150 Πῶς
2480 1086 2665 1158 ῥύεται
2698 1089 2731 1159 η
2777 1089 2936 1160 σοφία
2964 1089 3064 1163 τὴν
3104 1080 3196 1147 τοῦ
3224 1094 3342 1149 νέου
3374 1096 3552 1170 ψυχὴν
3580 1102 3689 1155 ἀπὸ
3732 1102 3823 1159 θασ

566 1167 796 1234 liberet,
827 1170 958 1241 quid
980 1171 1291 1228 faciendum
1322 1175 1613 1244 consulat,
1640 1183 1700 1230 ut
1728 1191 1795 1231 ne
1823 1183 1999 1232 morte
2024 1193 2120 1249 per

2251 1178 2411 1233 νάτου
2438 1179 2536 1244 ;Τί
2567 1179 2923 1251 συμϐουλεύει
2944 1186 3138 1248 ποιεῖν,
3167 1186 3253 1240 ἵνα
3273 1188 3346 1260 μὴ
3372 1167 3617 1265 ἀποθάνῃ
3639 1197 3668 1247 ὁ
3694 1196 3823 1259 νέος.

562 1270 652 1314 eat
680 1258 939 1330 juvenis,
990 1279 1056 1319 ex
1105 1264 1342 1336 ipsainet
1392 1265 1705 1324 audiamus.
1743 1266 1805 1323 Si
1847 1271 2030 1341 virga,
2067 1271 2121 1326 in

2250 1270 2422 1341 αὐτῆς
2448 1271 2771 1344 ἀκούσωμεν
2797 1275 2896 1345 τῆς
2924 1276 3135 1344 σοφίας.
3177 1280 3312 1334 Ἐὰν
3336 1258 3617 1351 πατάξῃξ
3643 1290 3821 1341 αὑτὸν

564 1352 718 1422 quit,
752 1357 1076 1424 percusseris
1121 1374 1278 1423 eum,
1331 1377 1437 1415 non
1490 1362 1746 1416 morietur
1780 1362 1848 1416 ⁸⁷.
1897 1362 2036 1418 Nam
2091 1374 2123 1420 ll

2242 1363 2461 1431 ῥάϐδῳ,
2486 1366 2673 1436 φησὶν,
2708 1368 2781 1422 οὐ
2818 1367 2935 1438 μὴ·
2954 1369 3248 1440 ἀποθάνῃ.
3273 1374 3345 1428 Σὺ
3383 1376 3482 1445 μὲν
3509 1378 3618 1447 γὰρ
3644 1382 3815 1454 ῥάϐδῳ

562 1442 787 1515 quidem
838 1449 991 1519 virga
1041 1465 1167 1504 eum
1220 1451 1430 1518 caedes,
1491 1470 1682 1510 verum
1734 1456 1971 1509 animam
2027 1457 2123 1526 eju:

2248 1455 2509 1520 πατάξειε
2529 1456 2712 1521 αὐτὸν,
2734 1458 2833 1531 τὴν
2847 1459 2903 1513 δὲ
2922 1460 3100 1533 ψυχὴν
3123 1463 3284 1517 αὐτοῦ
3306 1442 3445 1537 ῥύσῃ
3470 1442 3534 1521 ἐκ
3568 1442 3816 1527 θανάτου.

562 1537 727 1591 morti
758 1538 980 1611 eripies.
1013 1540 1195 1607 Quare
1224 1541 1441 1597 videtur
1467 1560 1573 1600 vox
1633 1547 2001 1617 percutiendi,
2034 1548 2123 1604 bat

2252 1548 2436 1603 Ἔοικε
2458 1549 2638 1605 τοίνυν
2667 1548 2964 1607 ἀθανασίαν
2984 1555 3303 1628 ἑρμηνεύειν
3328 1559 3362 1631 ἡ
3390 1560 3483 1614 τοῦ
3522 1562 3824 1631 Ἐπάταξαν

560 1627 686 1684 loco
718 1637 912 1686 notare
938 1631 1433 1697 immortalitatem,
1475 1650 1602 1692 cum
1636 1639 1892 1697 dicatur:
1932 1640 1994 1697 Si
2027 1658 2123 1712 per.

2245 1638 2425 1706 λέξις,
2459 1640 2641 1707 καθὼς
2667 1645 2697 1698 ὁ
2727 1642 2883 1714 λόγος
2908 1647 3077 1717 φησίν
3102 1627 3118 1679 έ
3152 1649 3235 1702 ὃτι
3274 1627 3417 1706 Ἐἆν
3452 1655 3725 1725 πατάξῃς
3748 1627 3822 1728 ⁷τῇ

560 1723 786 1777 casuris
813 1740 932 1777 eum
963 1726 1145 1795 virga,
1180 1744 1284 1781 non
1322 1730 1601 1786 morietur.
1641 1732 1773 1789 Item
1819 1735 1967 1806 quod
2012 1736 2123 1791 subi

2245 1730 2459 1798 ῥάϐδῳ,
2496 1735 2570 1788 οὐ
2600 1733 2685 1804 μὴ
2721 1734 3016 1806 ἀποθάνῃ,
3050 1738 3143 1793 καὶ
3188 1740 3270 1795 ὅτι
3324 1743 3421 1796 οὐκ
3457 1744 3603 1799 ἔστιν

553 1815 800 1884 jiciatur,
833 1816 994 1874 aliter
1027 1821 1268 1875 animam
1296 1821 1420 1894 ejus
1454 1824 1523 1880 de
1565 1834 1744 1882 morte
1776 1826 2005 1884 liberari
2031 1847 2123 1885 nor

2248 1822 2511 1893 ῥυσθῆναι
2548 1825 2645 1896 τὴν
2686 1826 2865 1898 ψυχὴν
2896 1827 2960 1881 ὲκ
3004 1829 3097 1883 τοῦ
3130 1829 3382 1899 θανάτου,
3409 1835 3504 1889 ἐὰν
3542 1837 3617 1908 μὴ
3652 1840 3822 1893 πατάο

558 1922 744 1976 posse,
777 1925 942 1981 quam
976 1912 1023 1966 si
1058 1913 1213 1985 virga
1245 1916 1509 1974 caedatur.
1534 1919 1722 1991 Itaque
1747 1921 1815 1977 de
1839 1922 1927 1979 his
1956 1924 2123 1980 verbis

2239 1911 2342 1984 χθη
2370 1916 2436 1984 τῇ
2470 1914 2650 1987 ῥάϐδῳ
2680 1934 2696 1949 ο
2730 1917 2895 1971 καλὸν
2941 1920 3050 1991 ἄρα
3086 1921 3147 1976 τὸ
3178 1925 3555 1996 παταχθῆναι,
3588 1928 3679 1983 διὰ
3719 1932 3823 1985 τῶν

555 1999 990 2068 demonstratur,
1020 2005 1227 2061 bonum
1266 2024 1392 2066 esse
1425 2009 1603 2077 caedi;
1646 2028 1771 2068 cum
1813 2029 2003 2070 revera
2036 2016 2123 2070 bo-

2238 2006 2545 2077 εἰρημένων
2582 2009 2715 2080 ὴμτν
2763 2010 3159 2068 ἀποδέδεικται.
3194 2016 3339 2070 Διότι
3365 2019 3527 2073 καλόν
3560 2021 3709 2075 ἔστιν
3750 2023 3823 2087 ἃς

556 2107 688 2147 num
721 2093 825 2157 sit,
861 2096 1102 2151 animam
1155 2114 1186 2152 a
1232 2110 1408 2156 morte
1450 2102 1696 2159 liberari.
1748 2105 1841 2162 Sic
1883 2115 1937 2163 et
1967 2105 2123 2163 Deum

2239 2096 2457 2167 ἀληθῶς
2494 2099 2555 2152 τὸ
2602 2102 2667 2153 ὲκ
2714 2101 2947 2157 θανάτου
2994 2104 3093 2177 τὴν
3127 2106 3307 2179 ψυχὴν
3351 2111 3630 2183 ῥυσθῆναι.
3668 2115 3821 2170 Οὕτω

557 2200 721 2253 agere
754 2193 909 2244 vates
940 2189 1017 2244 ait
1039 2230 1052 2252 .
1088 2191 1397 2248 occidendo
1427 2195 1833 2265 vivificantem,
1859 2206 1914 2254 et
1942 2215 2123 2270 percu-

2238 2194 2413 2246 ποιεῖν
2443 2193 2536 2245 καὶ
2567 2194 2657 2247 τὸν
2684 2192 2816 2248 Θεὸν
2848 2196 2876 2250 ὁ
2919 2198 3201 2270 προφήτης
3230 2202 3415 2271 φησιν,
3445 2204 3533 2258 διὰ
3564 2206 3661 2260 τοῦ
3691 2210 3821 2263 ἀπο-

562 2276 752 2332 tieudo
783 2291 1091 2336 sanantem.
1130 2281 1278 2353 Ego,
1318 2284 1495 2357 inquit
1518 2328 1533 2351 ,
1564 2289 1882 2359 interﬁt-iam
1925 2301 1973 2345 et
2008 2291 2123 2346 vivi-

2238 2283 2467 2337 κτείνειν
2494 2277 2880 2349 ζωοποιοῦντα.
2918 2288 3011 2341 καὶ
3033 2289 3122 2344 διὰ
3151 2290 3246 2344 τοῦ
3263 2294 3559 2349 πατάσσειν
3576 2296 3819 2368 ἰώμενον.

555 2368 759 2436 [ἱεαὸο;
801 2373 1094 2439 percutiant
1116 2414 1131 2437 ,
1160 2384 1209 2429 et
1244 2393 1457 2431 rursum
1492 2379 1601 2447 ipse
1646 2379 1850 2435 sanabo
1884 2381 1951 2437 ⁸⁸.
1996 2381 2123 2437 Pro-

2250 2376 2392 2446 Ἐγὼ
2438 2374 2547 2448 γὰρ
2570 2416 2585 2440 ,
2617 2378 2804 2448 φησιν,
2833 2379 3144 2434 ἀποκτενῶ
3167 2422 3181 2446 ,
3228 2384 3326 2437 καί
3386 2383 3492 2453 ζῇν
3540 2389 3777 2458 ποιήσω
3802 2410 3818 2423 ·

553 2469 743 2529 pterea
770 2475 1003 2533 magnus
1040 2465 1206 2520 etiam
1244 2465 1412 2523 David
1451 2468 1544 2525 ille
1583 2486 1693 2525 non
1749 2472 1991 2536 vulnus.
2039 2473 2123 2529 sed

2240 2466 2497 2533 πατάξω,
2533 2467 2694 2537 κάγὼ
2735 2468 2996 2540 ἰάσομαι.
3027 2471 3127 2526 Διὰ
3155 2474 3311 2527 τοῦτο
3349 2476 3443 2530 καί
3464 2478 3492 2530 δ
3521 2478 3697 2549 μέγας
3718 2484 3825 2534 Δα-

550 2550 987 2609 cousolationem
1011 2556 1146 2610 oriri
1175 2557 1242 2613 de
1272 2558 1590 2629 hujusmodi
1621 2562 1773 2633 virga
1806 2564 1983 2632 dixit,
2006 2581 2123 2621 cum

2234 2559 2320 2613 ὄὶδ
2362 2556 2484 2632 ούχὶ
2532 2561 2749 2631 πληγὴν
2805 2557 2979 2625 εἶπεν.
3036 2563 3175 2619 ἀλλά
3223 2566 3569 2639 παράκλησιν
3617 2570 3688 2623 ὲκ
3726 2572 3826 2640 τῆς

550 2643 658 2697 ait:
696 2641 858 2717 Virga
886 2657 979 2701 tua
1004 2658 1054 2702 et
1090 2648 1309 2705 baculus
1344 2662 1467 2707 tuus
1488 2693 1503 2718 ,
1548 2656 1665 2725 ipsa
1694 2657 1973 2711 consolata
2004 2670 2123 2714 sunt

2232 2647 2491 2720 τοιαύτης
2528 2649 2771 2717 γίνεσθαι
2803 2651 3032 2721 ῥάϐδου,
3064 2652 3241 2723 λέγων
3261 2673 3274 2686 ο
3319 2656 3385 2711 Ἠ
3413 2656 3641 2725 ,ὀάωος
3684 2661 3825 2724 σοῦ,

550 2754 632 2791 me
670 2738 736 2791 “.
790 2736 858 2792 Et
898 2740 1116 2809 quidem
1161 2757 1257 2811 per
1300 2742 1415 2799 haec
1456 2761 1704 2801 mensam
1740 2747 1845 2803 sibi
1885 2749 2123 2809 divinam

2230 2735 2329 2787 καὶ
2365 2734 2403 2802 ἠ
2430 2738 2732 2806 βακτηρία
2777 2739 2916 2805 σοῦ,
2940 2735 3119 2796 αὗται
3134 2760 3213 2811 με
3241 2746 3665 2814 παρεκάλεσαν
3697 2767 3711 2780 ο
3746 2750 3825 2803 δι’

551 2830 734 2897 parari
763 2830 962 2889 tradit.
993 2831 1235 2902 itemque
1261 2833 1368 2889 alia
1396 2851 1739 2907 quaecunque
1768 2839 2015 2908 psalmus
2041 2841 2123 2897 ille

2231 2819 2308 2881 ὧν
2332 2828 2541 2896 γίνεται
2579 2832 2674 2884 καὶ
2720 2830 2870 2895 θείας
2908 2833 3189 2905 τραπέζης
3227 2836 3532 2906 έτοιμασία,
3575 2840 3672 2892 καὶ
3723 2841 3828 2895 ὅσα

550 2921 852 2976 secundum
908 2922 1021 2978 haec
1071 2936 1360 2982 recenset:
1416 2929 1565 2983 verbi
1610 2931 1816 3000 gratia,
1858 2931 2037 2988 oleum
2073 2934 2129 2989 in

549 3015 762 3083 capite,
800 3031 1011 3070 merum
1045 3016 1100 3072 iu
1132 3020 1368 3087 poculo,
1419 3022 1563 3092 quod
1603 3023 1925 3079 ebrietatem
1976 3025 2127 3080 illam

547 3107 790 3163 sobriam
820 3108 1049 3173 etiiciat,
1082 3111 1462 3169 misericordia
1510 3114 1737 3186 pulchre
1782 3117 1963 3182 ipsum
2002 3134 2130 3188 pro-

2231 2918 2372 2973 κατὰ
2394 2920 2456 2973 τὸ
2487 2920 2775 2977 ἀκόλουθον
2804 2924 3047 2995 περιέχει
3084 2928 3120 2997 ἡ
3162 2927 3475 2999 ψαλμῳδίω
3507 2931 3599 2983 καὶ
3640 2931 3705 2985 τὸ
3734 2933 3829 2989 ιπι

2229 3009 2326 3080 τῆς
2352 3012 2594 3084 κεφαλῆς
2621 3012 2817 3081 ἔλαιον,
2862 3017 2957 3070 καὶ
2996 3019 3026 3071 ὁ
3054 3017 3147 3071 τοῦ
3198 3021 3458 3090 ποτηρίου
3502 3022 3768 3092 ἄκρατος,
3799 3029 3830 3081 ό

2228 3102 2327 3174 τὴν
2355 3104 2612 3173 νηφάλιον
2638 3105 2811 3178 μέθην
2842 3106 3225 3181 ἐργαζόμενος,
3260 3112 3352 3163 καὶ
3384 3112 3412 3164 ὁ
3443 3113 3625 3177 καλῶς
3662 3116 3829 3169 αὑτὸν

548 3214 789 3270 sequens
823 3210 876 3255 et
904 3199 1069 3271 longa
1101 3202 1157 3257 in
1190 3204 1355 3258 domo
1392 3204 1483 3261 Dei
1518 3222 1694 3262 mora.
1731 3206 1889 3275 Quod
1926 3211 1972 3264 si
2011 3211 2123 3266 haec

2233 3194 2589 3249 καταδιὼκων
2651 3197 2820 3262 ἕλεος,
2850 3201 2946 3253 καὶ
2988 3201 3022 3273 η
3071 3203 3129 3255 ἐν
3156 3201 3233 3274 τῷ
3260 3202 3393 3274 οἴκῳ
3432 3203 3525 3257 τοῦ
3553 3205 3694 3259 Θεοῦ
3722 3226 3834 3277 pa-

546 3288 728 3347 dulcis
770 3292 863 3346 illa
911 3294 1221 3350 verberatio
1269 3296 1622 3366 suppeditat,
1656 3301 2121 3370 quemadmodum
2172 3288 2188 3355 ί

544 3392 600 3440 et
631 3383 1053 3441 Proverbiorum
1108 3388 1266 3453 liber,
1316 3399 1369 3443 et
1418 3389 1690 3461 Propheta
1744 3394 1834 3448 hic
1878 3392 2123 3455 docent:

547 3477 804 3531 nimirqu
859 3478 1008 3547 virga
1062 3479 1193 3534 credi
1246 3482 1449 3535 bonum
1496 3491 1616 3545 est,
1669 3501 1791 3553 qute
1843 3494 2123 3542 tantorum

546 3567 815 3621 bonorum
871 3566 1215 3625 fertilitatem
1250 3581 1306 3626 et
1342 3573 1558 3640 copiam
1594 3576 1895 3631 contineat.
1936 3577 2127 3632 Enim-

545 3670 678 3710 vero
705 3664 854 3711 recte
895 3656 1194 3714 fecerimus
1223 3700 1239 3725 ,
1276 3661 1322 3715 si
1370 3663 1536 3716 etiatu
1570 3663 1621 3717 id
1666 3666 1809 3735 quod
1855 3676 1982 3722 aute
2012 3668 2127 3725 haec

545 3750 711 3805 verba
740 3751 1003 3806 omissum
1035 3767 1065 3806 a
1102 3753 1264 3808 nobis
1292 3763 1415 3819 est,
1453 3755 1817 3826 inquiramus.
1856 3757 2125 3816 Prazteriit

545 3855 807 3912 sponsam
836 3840 1074 3897 Verbum
1105 3844 1219 3908 sic,
1250 3853 1309 3898 ut
1344 3846 1436 3900 illa
1468 3834 1756 3917 iautopere
1798 3849 2124 3908 desiderans

546 3931 762 4000 ipsum,
806 3947 917 3986 non
971 3940 1154 3988 tamen
1217 3935 1607 4006 prehendeudo
1657 3947 1957 3993 consecuta
2008 3942 2120 3996 sit:

546 4023 807 4092 praeteriit
846 4033 1067 4088 autem,
1104 4042 1212 4080 nou
1252 4035 1313 4080 ut
1356 4024 1576 4084 deserat
1625 4033 1994 4099 praeteritam,
2029 4032 2124 4089 sed

547 4124 608 4168 ut
652 4116 826 4185 magis
857 4132 976 4170 eam
1008 4116 1074 4169 ad
1107 4133 1231 4174 sese
1258 4121 1520 4174 attrahat.
1558 4118 1652 4174 Sic
1695 4122 1841 4175 enim
1888 4121 2126 4192 ipsamet

546 4207 617 4259 ait
648 4223 662 4259 ;
692 4207 885 4259 Anima
918 4224 1032 4261 mea
1065 4223 1273 4278 egressa
1304 4219 1381 4263 est
1412 4209 1481 4263 ad
1515 4226 1805 4264 sermonem
1835 4210 1971 4280 eius.
2007 4210 2126 4265 Pri-

548 4312 696 4350 mum
731 4296 898 4367 igitur
935 4298 1030 4351 illo
1061 4299 1128 4353 de
1164 4301 1285 4353 loco
1324 4300 1609 4369 egreditur
1646 4305 1868 4365 anima,
1919 4302 1973 4357 in
2015 4318 2127 4373 quo

541 4398 699 4444 erat:
736 4401 902 4459 atque
934 4390 1008 4443 ita
1056 4389 1335 4445 invenitur
1365 4393 1432 4447 ab
1468 4393 1534 4448 iis
1570 4393 1664 4463 qui
1710 4394 1901 4449 urbem
1938 4402 2126 4450 custo-

542 4482 722 4535 diunt.
750 4480 873 4535 Haec
900 4481 1046 4535 enim
1078 4484 1242 4534 verba
1276 4493 1584 4553 sequuntur
1611 4501 1625 4539 :
1661 4482 2009 4555 O/Ienderunt
2044 4504 2126 4543 me

541 4572 784 4627 custodes
804 4613 820 4636 ,
847 4573 939 4643 qui
973 4575 1025 4625 in
1054 4572 1178 4625 urbe
1209 4574 1553 4627 circumeunt.

627 4653 779 4717 Quod
809 4653 998 4720 siergo
1014 4651 1096 4703 vel
1125 4650 1321 4705 inferni
1348 4654 1587 4721 pericula
1609 4670 1728 4711 eam
1757 4655 2124 4727 invenissent,

557 4744 639 4795 vel
673 4743 739 4795 ab
767 4741 1073 4794 latronihus
1097 4740 1374 4795 inventam
1401 4740 1629 4809 diceret,
1658 4744 1841 4816 gravis
1874 4746 2119 4816 profecto

553 4847 720 4888 casus
745 4832 791 4884 is
822 4828 983 4885 foret.
1009 4829 1152 4886 Nam
1175 4831 1266 4901 [ur
1286 4849 1389 4887 non
1413 4834 1569 4901 venit,
1602 4836 1709 4889 uisi
1732 4846 1791 4890 ut
1813 4836 2041 4907 feretur,
2069 4846 2120 4894 et

554 4910 763 4985 mactet,
782 4930 835 4975 et
846 4920 1030 4991 perdat
1050 4921 1119 4977 ’⁸.
1150 4923 1214 4976 At
1234 4923 1279 4979 si
1298 4924 1553 4980 custodes
1571 4940 1690 4979 eam
1711 4927 2009 4994 inveniunt,
2025 4929 2118 4997 qui

553 5017 608 5073 in
636 5016 770 5070 urbe
791 5016 1155 5078 circumeunt.
1188 5016 1412 5071 omnino
1458 5018 1617 5072 talem
1649 5019 1719 5073 ob
1750 5020 2117 5075 inventionem

554 5112 709 5165 beata
727 5108 1010 5179 praedicari
1027 5107 1345 5163 debet.Nam
1360 5109 1496 5179 quia
1510 5109 1735 5165 custode
1751 5118 2000 5179 repertus
2011 5121 2116 5177 est,

552 5218 581 5255 α
612 5201 912 5255 latronibus
930 5201 1157 5256 subduci
1174 5199 1357 5255 furtim
1385 5202 1833 5270 nequit.Quinam
1862 5203 2118 5273 igiturilli

549 5292 808 5347 custodes
828 5292 1227 5362 sunt?quinam
1257 5293 1370 5352 alii,
1420 5307 1582 5362 quam
1613 5293 1843 5346 ministri
1860 5293 2003 5362 ejus.
2022 5294 2115 5364 qui

551 5384 791 5437 custodit
838 5382 1090 5438 lsraelem
1127 5383 1219 5435 “2
1249 5383 1340 5452 qui
1369 5381 1686 5437 excubando
1710 5397 1928 5438 manum
1958 5400 2112 5441 suam

549 5476 828 5530 dexteram
858 5476 1027 5545 tegit;
1058 5476 1146 5530 cui
1173 5475 1351 5528 anima
1378 5475 1561 5528 omnia
1582 5475 1725 5528 malo
1757 5476 2112 5532 custodienda

549 5567 755 5621 credita
782 5566 903 5620 est?
931 5568 1021 5635 qui
1052 5568 1335 5636 ingressus
1361 5572 1414 5619 et
1429 5566 1761 5635 egressionis
1777 5575 1861 5620 est
1881 5566 2113 5637 cpstosi

550 5660 598 5716 is
640 5661 895 5714 nimirum
924 5666 1007 5715 cst
1054 5661 1204 5715 urbis
1254 5659 1345 5714 ille
1389 5668 1575 5714 custos
1603 5660 1671 5715 de
1711 5675 1822 5730 quo
1864 5660 2106 5718 dicitur:

610 5863 655 5893 θ’
674 5859 834 5916 l‘t‘ov.
880 5874 1033 5921 mu,
1062 5858 1145 5911 15.

1259 5856 1304 5886 ⁸⁸
1338 5854 1494 5910 Drut.
1536 5871 1705 5920 xxxii,
1729 5856 1819 5910 59.
1896 5860 1938 5891 ⁶⁹
1975 5858 2121 5917 Psal.
2158 5878 2296 5933 ml,
2338 5864 2391 5919 4.

2234 3287 2543 3358 κροὸίωσις.
2586 3288 2649 3342 Ei
2697 3285 2790 3344 οὖν
2820 3291 2994 3347 ταῦτα
3036 3293 3263 3365 παρέχει
3302 3295 3587 3366 ἠγλυκεῖα
3634 3299 3835 3371 ἐκείνη

2232 3381 2456 3453 πληγή·
2505 3384 2647 3438 κατά
2692 3401 2751 3437 τε
2797 3384 2894 3455 τὴν
2942 3386 3285 3458 παροιμιώδη
3322 3386 3695 3454 διδασκαλίαν,
3734 3394 3831 3445 καὶ

2232 3472 2370 3525 κατὰ
2404 3472 2501 3543 τὴν
2541 3474 2635 3526 τοῦ
2682 3472 2962 3547 Προφήτου
3007 3479 3219 3549 φωνήν·
3245 3480 3447 3547 ἀγαθὸν
3480 3482 3587 3551 ἄρα
3617 3482 3742 3535 εστὶ
3768 3484 3832 3536 τὸ

2230 3564 2573 3635 παταχθῆναι
2596 3568 2662 3638 τῇ
2708 3567 2908 3639 ῥάϐδῳ,
2940 3570 3031 3638 ἀφ’
3052 3566 3115 3625 οὗ
3141 3574 3255 3624 ἐστι
3279 3572 3387 3625 τῶν
3411 3574 3670 3629 τοιούτοιν
3696 3576 3833 3643 ἀγα.

2231 3654 2339 3709 θῶν
2367 3656 2610 3724 εύθηνία.
2648 3658 2866 3713 Μᾶλλον
2894 3660 2950 3712 δὲ
2975 3660 3035 3713 τὸ
3073 3661 3309 3732 παρεθὲν
3336 3663 3439 3734 πρὸ
3460 3663 3568 3716 τῶν
3593 3665 3831 3737 είρημέ·

2227 3764 2334 3801 νων
2351 3747 2710 3821 ἐξετάσωμεν.
2726 3751 2975 3823 Παρῆλθε
2994 3755 3060 3825 τῇ
3074 3753 3261 3825 Νύμφῃ
3283 3755 3310 3807 ὁ
3329 3755 3514 3821 Λόγος,
3530 3757 3830 3827 ἀνέφικτος

2227 3842 2293 3912 τῇ
2314 3840 2449 3913 λαὸῇ
2472 3843 2571 3913 τῆς
2590 3841 2859 3915 ποθούσης
2880 3844 3187 3914 γενόμενος’
3204 3846 3446 3917 παρῆλθε
3469 3846 3523 3900 δὲ
3550 3849 3652 3919 οὐχ
3676 3849 3823 3904 ὥστε

2228 3934 2322 3987 καὶ
2363 3934 2681 3989 καταλιπεῖν
2729 3936 2797 4008 ἢν
2844 3937 3210 4010 παρέδραμεν,
3257 3939 3371 3993 ἀλλ’
3421 3940 3560 3994 ὥστε
3608 3930 3819 4013 μᾶλλον

2227 4024 2397 4098 αὐτὴν
2430 4026 2568 4099 πρὸς
2612 4027 2801 4081 ἑαυτὸν
2842 4028 3265 4085 ἐπισπάσασθαι.
3290 4031 3428 4102 Φησὶ
3454 4034 3593 4103 γάρ·
3621 4035 3711 4087 ὅτι
3753 4036 3831 4091 Ἠ

2228 4118 2400 4188 ψυχή
2449 4137 2569 4189 μου
2613 4118 2874 4189 ἐξῆλθεν
2927 4122 2996 4176 ἐν
3037 4126 3198 4195 λόγῳ
3250 4126 3456 4181 αὐτοῦ.
3504 4129 3827 4201 Ἐξέρχεται

2226 4209 2405 4263 τοίνυν
2435 4211 2542 4264 ἀπὸ
2572 4210 2667 4264 τοῦ
2694 4214 2753 4266 ὲν
2777 4204 2821 4279 ᾧ
2844 4206 2913 4283 ἦν
2944 4214 2976 4284 ἡ
3002 4212 3168 4284 ψυχὴ,
3207 4215 3301 4268 καὶ
3347 4215 3517 4279 οὕτως
3551 4218 3684 4270 ἀπὸ·
3708 4219 3828 4271 τῶν

2229 4301 2612 4371 φυλασσόντων
2654 4303 2753 4375 τὴν
2800 4306 2956 4359 πόλιν
2997 4306 3339 4377 εὑρίσκεται·
3363 4306 3646 4376 Εῦροσαν
3686 4310 3825 4381 γὰρ,

2228 4394 2383 4467 φησὶ,
2409 4398 2489 4465 μὲ
2516 4398 2572 4451 οι
2597 4396 2884 4466 φύλακες,
2918 4400 2973 4452 οι
2998 4397 3368 4466 κυκλοῦντες
3396 4400 3512 4466 τὴν
3536 4403 3748 4457 πόλιν.

2290 4668 2355 4722 Et
2384 4668 2482 4741 μὲν
2509 4664 2602 4721 οὖν
2632 4667 2681 4721 oi
2714 4669 2946 4724 κίνδυνοι
2979 4670 3106 4743 ᾅδου
3133 4665 3291 4745 εὗρον
3321 4672 3513 4750 αὐτὴν,
3544 4678 3577 4750 ἦ
3609 4678 3826 4751 λῃστὰς

2220 4761 2391 4833 αὐτὴν
2438 4761 2695 4833 εὑρέσθαι
2732 4762 2911 4832 λέγει’
2947 4765 3182 4835 χαλεπὸν
3224 4763 3291 4839 ἦν
3328 4770 3387 4823 τὸ
3426 4771 3693 4827 τοιούτων
3721 4775 3826 4828 αὑ-

2221 4852 2321 4923 τὴν
2350 4849 2571 4923 εὕρημα
2597 4851 2867 4920 γενέσθαι.
2899 4852 2961 4906 '0
2985 4854 3097 4923 γὰρ
3117 4854 3381 4924 κλέπτης
3396 4860 3509 4912 οὐκ
3544 4860 3822 4929 ἔρχεται,

2220 4945 2274 4997 ει
2287 4940 2373 5011 μὴ
2407 4944 2507 4996 ἵνα
2536 4942 2762 5011 κλέψῃ,
2798 4944 2897 4997 καὶ
2920 4946 3101 5015 θύσῃ.
3121 4947 3219 5001 καὶ
3243 4948 3541 5019 ἀπολέσῃ.
3581 4953 3643 5005 Εἰ
3667 4954 3731 5007 δὲ
3769 4956 3822 5009 οἰ

2222 5033 2461 5103 φύλακες
2494 5033 2662 5105 αὐτὴν
2691 5035 3033 5107 εὑρίσκουσιν
3066 5038 3116 5091 oi
3155 5039 3477 5104 κυκλοῦντες
3513 5045 3574 5096 ὲν
3608 5048 3680 5115 τῇ
3723 5047 3822 5099 πό-

2210 5124 2314 5190 λει,
2352 5125 2662 5198 μακαριστὴ
2696 5127 2912 5192 πάντως
2939 5128 3057 5183 ἐστὶ
3086 5130 3183 5201 τῆς
3210 5131 3461 5203 τοιαύτης
3499 5134 3797 5206 εὐρήσεως

2221 5219 2278 5273 '0
2304 5220 2410 5293 γὰρ
2446 5220 2553 5273 ὑπὸ
2586 5220 2683 5274 τοῦ
2726 5221 2964 5292 φύλακος
2998 5223 3260 5295 εὑρεθεὶς,
3294 5224 3398 5277 ὑπὸ
3428 5226 3647 5297 λῃστῶν
3680 5229 3821 5282 κλα-

2210 5311 2375 5382 πῆναι
2406 5311 2468 5365 ού
2500 5312 2743 5369 δύναται.
2775 5315 2931 5380 Τίνες
2967 5312 3059 5371 οὖν
3086 5318 3223 5371 εἰσιν
3260 5319 3308 5370 οἱ
3334 5318 3614 5387 φύλακεςς
3646 5323 3820 5384 Τίνες

2209 5403 2444 5475 suam
2485 5404 2700 5469 πάντως
2751 5407 2801 5459 οἱ
2850 5407 3140 5479 ὑπηρέται,
3191 5409 3240 5461 οἱ
3293 5408 3667 5477 φυλάσσοντες
3718 5412 3816 5464 τὸν

2226 5496 2477 5566 Ἰσραήλ;
2530 5495 2637 5550 Τοῦ
2690 5496 2779 5551 διὰ
2824 5496 2925 5569 τῆς
2979 5498 3357 5570 φυλακῆςλτὴν
3401 5499 3581 5564 δεξιὰν
3640 5505 3813 5573 χεῖρα

2214 5588 2538 5653 σκέποντος;
2595 5587 2701 5642 Τοῦ
2749 5588 2855 5642 ἀπὸ
2902 5591 3099 5655 παντὸς
3153 5592 3320 5647 κακοῦ
3359 5590 3455 5663 τὴν
3484 5593 3665 5664 ψυχὴν
3696 5614 3803 5662 ςιν-

2216 5668 2434 5734 λάσσειν
2464 5680 2934 5751 πεπιστευμένου;
2967 5683 3062 5749 ⁸ος
3096 5685 3189 5737 καὶ
3230 5684 3432 5738 ε’ίσόδου
3483 5688 3578 5739 καὶ
3615 5682 3807 5748 ἐξῶου

2506 5865 2551 5896 ⁷⁵
2592 5863 2788 5921 Joaun.
2831 5882 2884 5933 ι,
2915 5866 2996 5921 IO.
3108 5868 3151 5899 '“
3182 5866 3304 5922 Psal
3354 5884 3479 5934 cn,
3520 5867 3568 5923 ἑ.
