  <div class='ocr_page' id='page_1' title='image "/cluster/home/n/w/nwhite01/storage/ocr_20150623/44/hvd.32044012542270/526.png"; bbox 0 0 4028 6490; ppageno 0'>
   <div class='ocr_carea' id='block_1_1' title="bbox 216 433 363 490">
    <p class='ocr_par' dir='ltr' id='par_1_1' title="bbox 216 433 363 490">
     <span class='ocr_line' id='line_1_1' title="bbox 216 433 363 490; baseline 0 -1"><span class='ocrx_word' id='word_1_1' title='bbox 216 433 363 490; x_wconf 68' lang='grc'><strong><em>1935</em></strong></span> 
     </span>
    </p>
   </div>
   <div class='ocr_carea' id='block_1_2' title="bbox 1306 404 2487 473">
    <p class='ocr_par' dir='ltr' id='par_1_2' title="bbox 1306 404 2487 473">
     <span class='ocr_line' id='line_1_2' title="bbox 1306 404 2487 473; baseline -0.012 1"><span class='ocrx_word' id='word_1_2' title='bbox 1306 419 1376 473; x_wconf 66' lang='grc' dir='ltr'><strong><em>ιιι</em></strong></span> <span class='ocrx_word' id='word_1_3' title='bbox 1411 409 1710 473; x_wconf 76' lang='lat' dir='ltr'><strong><em>CAN&#39;I‘ICA</em></strong></span> <span class='ocrx_word' id='word_1_4' title='bbox 1734 406 2008 469; x_wconf 74' lang='lat' dir='ltr'><strong><em>CANTIC.</em></strong></span> <span class='ocrx_word' id='word_1_5' title='bbox 2045 404 2331 464; x_wconf 69' lang='lat' dir='ltr'><strong><em>NOIILIA</em></strong></span> <span class='ocrx_word' id='word_1_6' title='bbox 2367 404 2487 461; x_wconf 77' lang='lat' dir='ltr'><strong><em>XII.</em></strong></span> 
     </span>
    </p>
   </div>
   <div class='ocr_carea' id='block_1_3' title="bbox 3311 405 3446 461">
    <p class='ocr_par' dir='ltr' id='par_1_3' title="bbox 3311 405 3446 461">
     <span class='ocr_line' id='line_1_3' title="bbox 3311 405 3446 461; baseline 0.015 -2"><span class='ocrx_word' id='word_1_7' title='bbox 3311 405 3446 461; x_wconf 62' lang='lat' dir='ltr'><strong><em>103A</em></strong></span> 
     </span>
    </p>
   </div>
   <div class='ocr_carea' id='block_1_4' title="bbox 213 513 1801 618">
    <p class='ocr_par' dir='ltr' id='par_1_4' title="bbox 213 513 1785 618">
     <span class='ocr_line' id='line_1_4' title="bbox 213 513 1785 618; baseline -0.017 -15"><span class='ocrx_word' id='word_1_8' title='bbox 213 546 424 618; x_wconf 76' lang='grc' dir='ltr'>φύλαξ’</span> <span class='ocrx_word' id='word_1_9' title='bbox 460 542 668 607; x_wconf 60' lang='grc' dir='ltr'>ἐκεῖνός</span> <span class='ocrx_word' id='word_1_10' title='bbox 704 542 855 596; x_wconf 64' lang='grc' dir='ltr'>ἑστιν</span> <span class='ocrx_word' id='word_1_11' title='bbox 887 541 920 595; x_wconf 85' lang='grc' dir='ltr'><strong><em>ό</em></strong></span> <span class='ocrx_word' id='word_1_12' title='bbox 960 534 1134 603; x_wconf 73' lang='grc' dir='ltr'>φύλαξ</span> <span class='ocrx_word' id='word_1_13' title='bbox 1166 531 1264 601; x_wconf 83' lang='grc' dir='ltr'>τῆς</span> <span class='ocrx_word' id='word_1_14' title='bbox 1297 527 1527 592; x_wconf 82' lang='grc' dir='ltr'>πόλεως,</span> <span class='ocrx_word' id='word_1_15' title='bbox 1569 526 1694 597; x_wconf 71' lang='grc' dir='ltr'>περὶ</span> <span class='ocrx_word' id='word_1_16' title='bbox 1723 513 1785 578; x_wconf 73' lang='grc' dir='ltr'><strong><em>οὗ</em></strong></span> 
     </span>
    </p>
   </div>
   <div class='ocr_carea' id='block_1_5' title="bbox 1899 513 3448 618">
    <p class='ocr_par' dir='ltr' id='par_1_5' title="bbox 1899 514 3448 587">
     <span class='ocr_line' id='line_1_5' title="bbox 1899 514 3448 587; baseline -0.001 -12"><span class='ocrx_word' id='word_1_17' title='bbox 1899 518 2016 575; x_wconf 84' lang='lat' dir='ltr'><strong><em>Nisi</em></strong></span> <span class='ocrx_word' id='word_1_18' title='bbox 2049 518 2303 573; x_wconf 73' lang='lat' dir='ltr'><strong><em>Dominus</em></strong></span> <span class='ocrx_word' id='word_1_19' title='bbox 2332 518 2595 572; x_wconf 76' lang='lat' dir='ltr'><strong><em>civitatem</em></strong></span> <span class='ocrx_word' id='word_1_20' title='bbox 2618 514 2905 579; x_wconf 69' lang='lat' dir='ltr'><strong><em>custodiat,</em></strong></span> <span class='ocrx_word' id='word_1_21' title='bbox 2940 514 3147 584; x_wconf 76' lang='lat' dir='ltr'><strong><em>frustra</em></strong></span> <span class='ocrx_word' id='word_1_22' title='bbox 3178 517 3355 587; x_wconf 79' lang='lat' dir='ltr'><strong><em>vigilat</em></strong></span> <span class='ocrx_word' id='word_1_23' title='bbox 3378 523 3448 585; x_wconf 88' lang='lat' dir='ltr'><strong><em>is,</em></strong></span> 
     </span>
    </p>
   </div>
   <div class='ocr_carea' id='block_1_6' title="bbox 212 618 1789 713">
    <p class='ocr_par' dir='ltr' id='par_1_6' title="bbox 212 618 1789 713">
     <span class='ocr_line' id='line_1_6' title="bbox 212 618 1789 713; baseline -0.016 -17"><span class='ocrx_word' id='word_1_24' title='bbox 212 655 414 713; x_wconf 84' lang='grc' dir='ltr'>φησιν·</span> <span class='ocrx_word' id='word_1_25' title='bbox 464 638 550 692; x_wconf 71' lang='grc' dir='ltr'>ὅτι</span> <span class='ocrx_word' id='word_1_26' title='bbox 594 636 729 690; x_wconf 76' lang='grc' dir='ltr'><strong><em>Ἐὰν</em></strong></span> <span class='ocrx_word' id='word_1_27' title='bbox 767 633 856 699; x_wconf 63' lang='grc' dir='ltr'><strong><em>μὴ</em></strong></span> <span class='ocrx_word' id='word_1_28' title='bbox 900 626 1115 695; x_wconf 81' lang='grc' dir='ltr'>Κύριος</span> <span class='ocrx_word' id='word_1_29' title='bbox 1147 621 1390 693; x_wconf 73' lang='grc' dir='ltr'><strong><em>φυλάξῃ</em></strong></span> <span class='ocrx_word' id='word_1_30' title='bbox 1442 622 1657 683; x_wconf 74' lang='grc' dir='ltr'>πόλιν,</span> <span class='ocrx_word' id='word_1_31' title='bbox 1684 618 1789 713; x_wconf 68' lang='grc' dir='ltr'><strong><em>Δεις</em></strong></span> 
     </span>
    </p>
   </div>
   <div class='ocr_carea' id='block_1_7' title="bbox 212 711 1792 804">
    <p class='ocr_par' dir='ltr' id='par_1_7' title="bbox 212 711 1792 804">
     <span class='ocr_line' id='line_1_7' title="bbox 212 711 1792 804; baseline -0.016 -16"><span class='ocrx_word' id='word_1_32' title='bbox 212 711 417 804; x_wconf 67' lang='grc' dir='ltr'>μάτην</span> <span class='ocrx_word' id='word_1_33' title='bbox 443 730 827 800; x_wconf 70' lang='grc' dir='ltr'>ἠγρύπνησιν</span> <span class='ocrx_word' id='word_1_34' title='bbox 867 722 900 775; x_wconf 83' lang='grc' dir='ltr'><em>ὁ</em></span> <span class='ocrx_word' id='word_1_35' title='bbox 944 716 1302 790; x_wconf 72' lang='grc' dir='ltr'><strong><em>φυλάσσων.</em></strong></span> <span class='ocrx_word' id='word_1_36' title='bbox 1336 716 1418 770; x_wconf 79' lang='grc' dir='ltr'>Τὰ</span> <span class='ocrx_word' id='word_1_37' title='bbox 1467 714 1643 769; x_wconf 87' lang='grc' dir='ltr'>τοίνυν</span> <span class='ocrx_word' id='word_1_38' title='bbox 1683 711 1792 765; x_wconf 89' lang='grc' dir='ltr'>λει-</span> 
     </span>
    </p>
   </div>
   <div class='ocr_carea' id='block_1_8' title="bbox 214 804 1791 897">
    <p class='ocr_par' dir='ltr' id='par_1_8' title="bbox 214 804 1791 897">
     <span class='ocr_line' id='line_1_8' title="bbox 214 804 1791 897; baseline -0.015 -18"><span class='ocrx_word' id='word_1_39' title='bbox 214 822 486 897; x_wconf 73' lang='grc' dir='ltr'>τουργικὰ</span> <span class='ocrx_word' id='word_1_40' title='bbox 511 815 806 887; x_wconf 70' lang='grc' dir='ltr'>πνεύματα,</span> <span class='ocrx_word' id='word_1_41' title='bbox 836 813 904 868; x_wconf 76' lang='grc' dir='ltr'>τὰ</span> <span class='ocrx_word' id='word_1_42' title='bbox 934 814 1015 875; x_wconf 83' lang='grc' dir='ltr'><strong><em>είς</em></strong></span> <span class='ocrx_word' id='word_1_43' title='bbox 1056 809 1331 865; x_wconf 79' lang='grc' dir='ltr'>διακονίαν</span> <span class='ocrx_word' id='word_1_44' title='bbox 1356 804 1791 875; x_wconf 73' lang='grc' dir='ltr'><strong><em>ἀποστελλόμενα</em></strong></span> 
     </span>
    </p>
   </div>
   <div class='ocr_carea' id='block_1_9' title="bbox 217 899 1793 978">
    <p class='ocr_par' dir='ltr' id='par_1_9' title="bbox 217 899 1793 978">
     <span class='ocr_line' id='line_1_9' title="bbox 217 899 1793 978; baseline -0.01 -10"><span class='ocrx_word' id='word_1_45' title='bbox 217 915 310 971; x_wconf 80' lang='grc' dir='ltr'><strong><em>διὰ</em></strong></span> <span class='ocrx_word' id='word_1_46' title='bbox 342 916 464 973; x_wconf 72' lang='grc' dir='ltr'>τοὺς</span> <span class='ocrx_word' id='word_1_47' title='bbox 494 907 783 978; x_wconf 71' lang='grc' dir='ltr'>μέλλοντας</span> <span class='ocrx_word' id='word_1_48' title='bbox 813 904 1164 977; x_wconf 75' lang='grc' dir='ltr'><strong><em>κληρονομεῖν</em></strong></span> <span class='ocrx_word' id='word_1_49' title='bbox 1202 901 1493 973; x_wconf 74' lang='grc' dir='ltr'><strong><em>σωτηρίαν⁴</em></strong></span> <span class='ocrx_word' id='word_1_50' title='bbox 1524 899 1793 955; x_wconf 70' lang='grc' dir='ltr'>ἐνδείκνυ-</span> 
     </span>
    </p>
   </div>
   <div class='ocr_carea' id='block_1_10' title="bbox 216 990 1791 1068">
    <p class='ocr_par' dir='ltr' id='par_1_10' title="bbox 216 990 1791 1068">
     <span class='ocr_line' id='line_1_10' title="bbox 216 990 1791 1068; baseline -0.01 -9"><span class='ocrx_word' id='word_1_51' title='bbox 216 1022 313 1061; x_wconf 79' lang='grc' dir='ltr'><strong><em>ται</em></strong></span> <span class='ocrx_word' id='word_1_52' title='bbox 339 1000 423 1056; x_wconf 72' lang='grc' dir='ltr'><strong><em>διὰ</em></strong></span> <span class='ocrx_word' id='word_1_53' title='bbox 461 999 571 1054; x_wconf 89' lang='grc' dir='ltr'><strong><em>τῶν</em></strong></span> <span class='ocrx_word' id='word_1_54' title='bbox 597 997 852 1068; x_wconf 83' lang='grc' dir='ltr'>φυλάκων</span> <span class='ocrx_word' id='word_1_55' title='bbox 901 998 932 1050; x_wconf 86' lang='grc' dir='ltr'>ὁ</span> <span class='ocrx_word' id='word_1_56' title='bbox 976 996 1133 1067; x_wconf 90' lang='grc' dir='ltr'>λόγος</span> <span class='ocrx_word' id='word_1_57' title='bbox 1181 994 1289 1050; x_wconf 82' lang='grc' dir='ltr'><strong><em>τῶν</em></strong></span> <span class='ocrx_word' id='word_1_58' title='bbox 1324 992 1662 1049; x_wconf 81' lang='grc' dir='ltr'><strong><em>κυκλούντων</em></strong></span> <span class='ocrx_word' id='word_1_59' title='bbox 1693 990 1791 1063; x_wconf 77' lang='grc' dir='ltr'>τὴν</span> 
     </span>
    </p>
   </div>
   <div class='ocr_carea' id='block_1_11' title="bbox 215 1078 1790 1161">
    <p class='ocr_par' dir='ltr' id='par_1_11' title="bbox 215 1078 1790 1161">
     <span class='ocr_line' id='line_1_11' title="bbox 215 1078 1790 1161; baseline -0.011 -12"><span class='ocrx_word' id='word_1_60' title='bbox 215 1095 394 1149; x_wconf 72' lang='grc' dir='ltr'>πόλιν.</span> <span class='ocrx_word' id='word_1_61' title='bbox 426 1090 588 1161; x_wconf 77' lang='grc' dir='ltr'>Ψυχὴ</span> <span class='ocrx_word' id='word_1_62' title='bbox 618 1089 695 1153; x_wconf 67' lang='grc' dir='ltr'><strong><em>δὲ,</em></strong></span> <span class='ocrx_word' id='word_1_63' title='bbox 737 1087 919 1151; x_wconf 85' lang='grc' dir='ltr'>καθὼς</span> <span class='ocrx_word' id='word_1_64' title='bbox 953 1086 1169 1159; x_wconf 78' lang='grc' dir='ltr'>εἴρηται</span> <span class='ocrx_word' id='word_1_65' title='bbox 1204 1085 1229 1138; x_wconf 81' lang='grc' dir='ltr'><strong><em>δ</em></strong></span> <span class='ocrx_word' id='word_1_66' title='bbox 1260 1083 1438 1153; x_wconf 84' lang='grc' dir='ltr'>λόγος,</span> <span class='ocrx_word' id='word_1_67' title='bbox 1464 1081 1584 1137; x_wconf 65' lang='grc' dir='ltr'>ἐστὶ</span> <span class='ocrx_word' id='word_1_68' title='bbox 1610 1080 1671 1135; x_wconf 81' lang='grc' dir='ltr'><strong><em>τὺ</em></strong></span> <span class='ocrx_word' id='word_1_69' title='bbox 1697 1078 1790 1134; x_wconf 83' lang='grc' dir='ltr'><strong><em>τοῦ</em></strong></span> 
     </span>
    </p>
   </div>
   <div class='ocr_carea' id='block_1_12' title="bbox 211 1168 1789 1252">
    <p class='ocr_par' dir='ltr' id='par_1_12' title="bbox 211 1168 1789 1252">
     <span class='ocr_line' id='line_1_12' title="bbox 211 1168 1789 1252; baseline -0.007 -14"><span class='ocrx_word' id='word_1_70' title='bbox 211 1182 353 1238; x_wconf 79' lang='grc' dir='ltr'>Θεοῦ</span> <span class='ocrx_word' id='word_1_71' title='bbox 376 1183 707 1252; x_wconf 79' lang='grc' dir='ltr'>οἰκητήριον.</span> <span class='ocrx_word' id='word_1_72' title='bbox 741 1178 900 1251; x_wconf 80' lang='grc' dir='ltr'>Παρὰ</span> <span class='ocrx_word' id='word_1_73' title='bbox 935 1178 1140 1233; x_wconf 90' lang='grc' dir='ltr'>τούτων</span> <span class='ocrx_word' id='word_1_74' title='bbox 1169 1171 1263 1232; x_wconf 78' lang='grc' dir='ltr'>οὖν</span> <span class='ocrx_word' id='word_1_75' title='bbox 1298 1173 1517 1245; x_wconf 75' lang='grc' dir='ltr'>εὑρέθη,</span> <span class='ocrx_word' id='word_1_76' title='bbox 1544 1168 1789 1243; x_wconf 67' lang='grc' dir='ltr'>φησιν,“ἠ</span> 
     </span>
    </p>
   </div>
   <div class='ocr_carea' id='block_1_13' title="bbox 211 1262 1794 1346">
    <p class='ocr_par' dir='ltr' id='par_1_13' title="bbox 211 1262 1794 1346">
     <span class='ocr_line' id='line_1_13' title="bbox 211 1262 1794 1346; baseline -0.017 -4"><span class='ocrx_word' id='word_1_77' title='bbox 211 1274 386 1346; x_wconf 68' lang='grc' dir='ltr'>ψυχὴν</span> <span class='ocrx_word' id='word_1_78' title='bbox 412 1274 489 1337; x_wconf 82' lang='grc' dir='ltr'><strong><em>ὡς</em></strong></span> <span class='ocrx_word' id='word_1_79' title='bbox 518 1271 714 1344; x_wconf 75' lang='grc' dir='ltr'>εὑρέθη</span> <span class='ocrx_word' id='word_1_80' title='bbox 757 1273 887 1325; x_wconf 79' lang='grc' dir='ltr'>ποτὲ</span> <span class='ocrx_word' id='word_1_81' title='bbox 931 1270 1083 1343; x_wconf 80' lang='grc' dir='ltr'>παρὰ</span> <span class='ocrx_word' id='word_1_82' title='bbox 1116 1268 1211 1324; x_wconf 79' lang='grc' dir='ltr'>τοῦ</span> <span class='ocrx_word' id='word_1_83' title='bbox 1244 1268 1409 1324; x_wconf 82' lang='grc' dir='ltr'>καλοῦ</span> <span class='ocrx_word' id='word_1_84' title='bbox 1454 1265 1707 1338; x_wconf 78' lang='grc' dir='ltr'><strong><em>ποιμένος</em></strong></span> <span class='ocrx_word' id='word_1_85' title='bbox 1730 1262 1794 1316; x_wconf 83' lang='grc' dir='ltr'>τὸ</span> 
     </span>
    </p>
   </div>
   <div class='ocr_carea' id='block_1_14' title="bbox 213 1354 1793 1438">
    <p class='ocr_par' dir='ltr' id='par_1_14' title="bbox 213 1354 1793 1438">
     <span class='ocr_line' id='line_1_14' title="bbox 213 1354 1793 1438; baseline -0.009 -16"><span class='ocrx_word' id='word_1_86' title='bbox 213 1368 509 1438; x_wconf 77' lang='grc' dir='ltr'>πρόδατον,</span> <span class='ocrx_word' id='word_1_87' title='bbox 534 1366 618 1435; x_wconf 71' lang='grc' dir='ltr'><strong><em>ἐφ’</em></strong></span> <span class='ocrx_word' id='word_1_88' title='bbox 644 1360 705 1420; x_wconf 76' lang='grc' dir='ltr'><strong><em>οὗ</em></strong></span> <span class='ocrx_word' id='word_1_89' title='bbox 734 1366 905 1418; x_wconf 81' lang='grc' dir='ltr'>πᾶσαι</span> <span class='ocrx_word' id='word_1_90' title='bbox 947 1364 1056 1419; x_wconf 87' lang='grc' dir='ltr'><strong><em>τῶν</em></strong></span> <span class='ocrx_word' id='word_1_91' title='bbox 1096 1362 1305 1434; x_wconf 82' lang='grc' dir='ltr'>ἀγελῶν</span> <span class='ocrx_word' id='word_1_92' title='bbox 1334 1363 1392 1416; x_wconf 81' lang='lat' dir='ltr'><strong><em>at</em></strong></span> <span class='ocrx_word' id='word_1_93' title='bbox 1422 1362 1627 1429; x_wconf 78' lang='grc' dir='ltr'>χορεῖαι</span> <span class='ocrx_word' id='word_1_94' title='bbox 1657 1354 1793 1427; x_wconf 81' lang='grc' dir='ltr'>πρὸς</span> 
     </span>
    </p>
   </div>
   <div class='ocr_carea' id='block_1_15' title="bbox 214 1446 1793 1531">
    <p class='ocr_par' dir='ltr' id='par_1_15' title="bbox 214 1446 1793 1531">
     <span class='ocr_line' id='line_1_15' title="bbox 214 1446 1793 1531; baseline -0.011 -16"><span class='ocrx_word' id='word_1_95' title='bbox 214 1458 558 1531; x_wconf 77' lang='grc' dir='ltr'>εὐφροσύνην</span> <span class='ocrx_word' id='word_1_96' title='bbox 603 1456 1060 1528; x_wconf 79' lang='grc' dir='ltr'>συνεκινήθησαν,</span> <span class='ocrx_word' id='word_1_97' title='bbox 1106 1454 1245 1510; x_wconf 79' lang='grc' dir='ltr'>κατὰ</span> <span class='ocrx_word' id='word_1_98' title='bbox 1286 1454 1384 1520; x_wconf 83' lang='grc' dir='ltr'>τὴν</span> <span class='ocrx_word' id='word_1_99' title='bbox 1442 1447 1536 1502; x_wconf 76' lang='grc' dir='ltr'><strong><em>τοῦ</em></strong></span> <span class='ocrx_word' id='word_1_100' title='bbox 1587 1446 1793 1517; x_wconf 84' lang='grc' dir='ltr'><strong><em>Κυρίου</em></strong></span> 
     </span>
    </p>
   </div>
   <div class='ocr_carea' id='block_1_16' title="bbox 218 1537 1793 1620">
    <p class='ocr_par' dir='ltr' id='par_1_16' title="bbox 218 1537 1793 1620">
     <span class='ocr_line' id='line_1_16' title="bbox 218 1537 1793 1620; baseline -0.01 -16"><span class='ocrx_word' id='word_1_101' title='bbox 218 1551 428 1620; x_wconf 83' lang='grc' dir='ltr'>φωνήν.</span> <span class='ocrx_word' id='word_1_102' title='bbox 470 1548 656 1612; x_wconf 76' lang='grc' dir='ltr'>Οὕτως</span> <span class='ocrx_word' id='word_1_103' title='bbox 710 1546 914 1619; x_wconf 80' lang='grc' dir='ltr'>εὑρέθη</span> <span class='ocrx_word' id='word_1_104' title='bbox 953 1545 1082 1600; x_wconf 76' lang='grc' dir='ltr'>ποτὲ</span> <span class='ocrx_word' id='word_1_105' title='bbox 1115 1543 1206 1593; x_wconf 73' lang='grc' dir='ltr'>καὶ</span> <span class='ocrx_word' id='word_1_106' title='bbox 1238 1540 1272 1611; x_wconf 79' lang='grc' dir='ltr'><strong>ἡ</strong></span> <span class='ocrx_word' id='word_1_107' title='bbox 1309 1539 1525 1611; x_wconf 82' lang='grc' dir='ltr'>δραχμὴ</span> <span class='ocrx_word' id='word_1_108' title='bbox 1565 1537 1669 1591; x_wconf 79' lang='grc' dir='ltr'><strong><em>ὑπὸ</em></strong></span> <span class='ocrx_word' id='word_1_109' title='bbox 1697 1537 1793 1590; x_wconf 89' lang='grc' dir='ltr'><strong><em>τού</em></strong></span> 
     </span>
    </p>
   </div>
   <div class='ocr_carea' id='block_1_17' title="bbox 216 1627 1793 1711">
    <p class='ocr_par' dir='ltr' id='par_1_17' title="bbox 216 1627 1793 1711">
     <span class='ocr_line' id='line_1_17' title="bbox 216 1627 1793 1711; baseline -0.008 -18"><span class='ocrx_word' id='word_1_110' title='bbox 216 1641 439 1711; x_wconf 83' lang='grc' dir='ltr'>λύχνου.</span> <span class='ocrx_word' id='word_1_111' title='bbox 472 1632 624 1711; x_wconf 63' lang='lat' dir='ltr'><strong><em>itp’ﬁ</em></strong></span> <span class='ocrx_word' id='word_1_112' title='bbox 680 1638 918 1711; x_wconf 77' lang='grc' dir='ltr'>χαίρουσι</span> <span class='ocrx_word' id='word_1_113' title='bbox 956 1633 1154 1696; x_wconf 78' lang='grc' dir='ltr'>πάντες</span> <span class='ocrx_word' id='word_1_114' title='bbox 1200 1634 1250 1685; x_wconf 85' lang='lat' dir='ltr'><strong><em>0t</em></strong></span> <span class='ocrx_word' id='word_1_115' title='bbox 1300 1630 1442 1700; x_wconf 79' lang='grc' dir='ltr'>φίλοι</span> <span class='ocrx_word' id='word_1_116' title='bbox 1475 1647 1533 1684; x_wconf 87' lang='grc' dir='ltr'><strong><em>τε</em></strong></span> <span class='ocrx_word' id='word_1_117' title='bbox 1588 1629 1684 1683; x_wconf 80' lang='grc' dir='ltr'>καὶ</span> <span class='ocrx_word' id='word_1_118' title='bbox 1743 1627 1793 1681; x_wconf 83' lang='grc' dir='ltr'>οἰ</span> 
     </span>
    </p>
   </div>
   <div class='ocr_carea' id='block_1_18' title="bbox 217 1719 1794 1802">
    <p class='ocr_par' dir='ltr' id='par_1_18' title="bbox 217 1719 1794 1802">
     <span class='ocr_line' id='line_1_18' title="bbox 217 1719 1794 1802; baseline -0.009 -16"><span class='ocrx_word' id='word_1_119' title='bbox 217 1732 485 1802; x_wconf 84' lang='grc' dir='ltr'>γείτονες.</span> <span class='ocrx_word' id='word_1_120' title='bbox 516 1732 763 1785; x_wconf 79' lang='grc' dir='ltr'>Τοιοῦτον</span> <span class='ocrx_word' id='word_1_121' title='bbox 798 1724 1009 1797; x_wconf 75' lang='grc' dir='ltr'>εὕρεμα</span> <span class='ocrx_word' id='word_1_122' title='bbox 1036 1723 1129 1778; x_wconf 80' lang='grc' dir='ltr'>καὶ</span> <span class='ocrx_word' id='word_1_123' title='bbox 1170 1725 1199 1777; x_wconf 87' lang='grc' dir='ltr'><strong><em>ό</em></strong></span> <span class='ocrx_word' id='word_1_124' title='bbox 1232 1723 1395 1776; x_wconf 76' lang='grc' dir='ltr'>Δαὸὶδ</span> <span class='ocrx_word' id='word_1_125' title='bbox 1425 1723 1453 1775; x_wconf 86' lang='grc' dir='ltr'>ὁ</span> <span class='ocrx_word' id='word_1_126' title='bbox 1480 1720 1663 1784; x_wconf 77' lang='grc' dir='ltr'>δοῦλος</span> <span class='ocrx_word' id='word_1_127' title='bbox 1699 1719 1794 1773; x_wconf 78' lang='grc' dir='ltr'>τοῦ</span> 
     </span>
    </p>
   </div>
   <div class='ocr_carea' id='block_1_19' title="bbox 218 1813 1795 1894">
    <p class='ocr_par' dir='ltr' id='par_1_19' title="bbox 218 1813 1795 1894">
     <span class='ocr_line' id='line_1_19' title="bbox 218 1813 1795 1894; baseline -0.008 -17"><span class='ocrx_word' id='word_1_128' title='bbox 218 1823 432 1894; x_wconf 80' lang='grc' dir='ltr'>Κυρίου</span> <span class='ocrx_word' id='word_1_129' title='bbox 473 1822 699 1891; x_wconf 79' lang='grc' dir='ltr'>γίνεται,</span> <span class='ocrx_word' id='word_1_130' title='bbox 742 1817 923 1881; x_wconf 84' lang='grc' dir='ltr'>καθὼς</span> <span class='ocrx_word' id='word_1_131' title='bbox 969 1816 1061 1869; x_wconf 77' lang='grc' dir='ltr'>καὶ</span> <span class='ocrx_word' id='word_1_132' title='bbox 1108 1817 1141 1887; x_wconf 79' lang='grc' dir='ltr'><strong>ἡ</strong></span> <span class='ocrx_word' id='word_1_133' title='bbox 1189 1813 1473 1885; x_wconf 74' lang='grc' dir='ltr'>ψαλμῳδία</span> <span class='ocrx_word' id='word_1_134' title='bbox 1531 1814 1694 1883; x_wconf 79' lang='grc' dir='ltr'>φησὶν</span> <span class='ocrx_word' id='word_1_135' title='bbox 1731 1813 1795 1865; x_wconf 85' lang='grc' dir='ltr'>ὲκ</span> 
     </span>
    </p>
   </div>
   <div class='ocr_carea' id='block_1_20' title="bbox 219 1903 1797 1984">
    <p class='ocr_par' dir='ltr' id='par_1_20' title="bbox 219 1903 1797 1984">
     <span class='ocr_line' id='line_1_20' title="bbox 219 1903 1797 1984; baseline -0.008 -16"><span class='ocrx_word' id='word_1_136' title='bbox 219 1914 515 1984; x_wconf 71' lang='grc' dir='ltr'>προσώπου</span> <span class='ocrx_word' id='word_1_137' title='bbox 556 1908 651 1963; x_wconf 83' lang='grc' dir='ltr'><strong><em>τοῦ</em></strong></span> <span class='ocrx_word' id='word_1_138' title='bbox 684 1908 818 1962; x_wconf 79' lang='grc' dir='ltr'>Θεοῦ</span> <span class='ocrx_word' id='word_1_139' title='bbox 838 1924 851 1938; x_wconf 83' lang='grc'><em>’</em></span> <span class='ocrx_word' id='word_1_140' title='bbox 884 1909 965 1961; x_wconf 80' lang='grc' dir='ltr'>ὅτι</span> <span class='ocrx_word' id='word_1_141' title='bbox 1003 1903 1201 1977; x_wconf 79' lang='grc' dir='ltr'>Εὗρον</span> <span class='ocrx_word' id='word_1_142' title='bbox 1228 1906 1405 1960; x_wconf 77' lang='grc' dir='ltr'>Δαϐὶδ</span> <span class='ocrx_word' id='word_1_143' title='bbox 1441 1905 1545 1959; x_wconf 75' lang='grc' dir='ltr'><strong><em>τὸν</em></strong></span> <span class='ocrx_word' id='word_1_144' title='bbox 1572 1904 1797 1959; x_wconf 75' lang='grc' dir='ltr'>δοῦλόν</span> 
     </span>
    </p>
   </div>
   <div class='ocr_carea' id='block_1_21' title="bbox 213 1994 1797 2074">
    <p class='ocr_par' dir='ltr' id='par_1_21' title="bbox 213 1994 1797 2074">
     <span class='ocr_line' id='line_1_21' title="bbox 213 1994 1797 2074; baseline -0.004 -18"><span class='ocrx_word' id='word_1_145' title='bbox 213 2022 358 2074; x_wconf 80' lang='grc' dir='ltr'>μου,</span> <span class='ocrx_word' id='word_1_146' title='bbox 388 2001 459 2055; x_wconf 75' lang='grc' dir='ltr'><strong><em>ἐν</em></strong></span> <span class='ocrx_word' id='word_1_147' title='bbox 479 2000 661 2064; x_wconf 77' lang='grc' dir='ltr'>ἐλαίῳ</span> <span class='ocrx_word' id='word_1_148' title='bbox 680 2000 825 2068; x_wconf 81' lang='grc' dir='ltr'>ἁγίῳ</span> <span class='ocrx_word' id='word_1_149' title='bbox 845 2018 962 2069; x_wconf 84' lang='grc' dir='ltr'><strong><em>μου</em></strong></span> <span class='ocrx_word' id='word_1_150' title='bbox 994 1999 1209 2068; x_wconf 74' lang='grc' dir='ltr'>ἕχρισα</span> <span class='ocrx_word' id='word_1_151' title='bbox 1243 1999 1447 2052; x_wconf 80' lang='grc' dir='ltr'>αὐτόν.</span> <span class='ocrx_word' id='word_1_152' title='bbox 1487 1999 1582 2059; x_wconf 74' lang='grc' dir='ltr'><strong><em>Ὀς</em></strong></span> <span class='ocrx_word' id='word_1_153' title='bbox 1612 1994 1797 2066; x_wconf 74' lang='grc' dir='ltr'>ἐπειδὴ</span> 
     </span>
    </p>
   </div>
   <div class='ocr_carea' id='block_1_22' title="bbox 218 2085 1799 2165">
    <p class='ocr_par' dir='ltr' id='par_1_22' title="bbox 218 2085 1799 2165">
     <span class='ocr_line' id='line_1_22' title="bbox 218 2085 1799 2165; baseline -0.006 -16"><span class='ocrx_word' id='word_1_154' title='bbox 218 2095 409 2165; x_wconf 85' lang='grc' dir='ltr'>κτῆμα</span> <span class='ocrx_word' id='word_1_155' title='bbox 430 2091 524 2147; x_wconf 78' lang='grc' dir='ltr'><strong><em>τοῦ</em></strong></span> <span class='ocrx_word' id='word_1_156' title='bbox 564 2092 811 2163; x_wconf 74' lang='grc' dir='ltr'>εὑρόντος</span> <span class='ocrx_word' id='word_1_157' title='bbox 840 2091 1072 2158; x_wconf 72' lang='grc' dir='ltr'>ἐγένετο,</span> <span class='ocrx_word' id='word_1_158' title='bbox 1106 2090 1426 2159; x_wconf 82' lang='grc' dir='ltr'>ἀκούσωμεν</span> <span class='ocrx_word' id='word_1_159' title='bbox 1459 2088 1586 2142; x_wconf 80' lang='grc' dir='ltr'>οἴων</span> <span class='ocrx_word' id='word_1_160' title='bbox 1620 2085 1799 2153; x_wconf 78' lang='grc' dir='ltr'><strong><em>ἀειοῦ-</em></strong></span> 
     </span>
    </p>
   </div>
   <div class='ocr_carea' id='block_1_23' title="bbox 216 2177 1796 2254">
    <p class='ocr_par' dir='ltr' id='par_1_23' title="bbox 216 2177 1796 2254">
     <span class='ocr_line' id='line_1_23' title="bbox 216 2177 1796 2254; baseline 0.013 -29"><span class='ocrx_word' id='word_1_161' title='bbox 216 2202 344 2243; x_wconf 74' lang='grc' dir='ltr'><strong><em>ται·</em></strong></span> <span class='ocrx_word' id='word_1_162' title='bbox 389 2187 449 2241; x_wconf 81' lang='grc' dir='ltr'><strong>Ἠ</strong></span> <span class='ocrx_word' id='word_1_163' title='bbox 488 2186 618 2254; x_wconf 74' lang='grc' dir='ltr'>χείρ</span> <span class='ocrx_word' id='word_1_164' title='bbox 640 2201 779 2253; x_wconf 79' lang='grc' dir='ltr'>μου,</span> <span class='ocrx_word' id='word_1_165' title='bbox 828 2183 1011 2253; x_wconf 78' lang='grc' dir='ltr'>φησὶν,</span> <span class='ocrx_word' id='word_1_166' title='bbox 1060 2181 1574 2250; x_wconf 65' lang='grc' dir='ltr'>συναντιλήψεται</span> <span class='ocrx_word' id='word_1_167' title='bbox 1616 2177 1796 2245; x_wconf 70' lang='grc' dir='ltr'><strong><em>αὐτῶν</em></strong></span> 
     </span>
    </p>
   </div>
   <div class='ocr_carea' id='block_1_24' title="bbox 220 2270 1855 2345">
    <p class='ocr_par' dir='ltr' id='par_1_24' title="bbox 220 2270 1855 2345">
     <span class='ocr_line' id='line_1_24' title="bbox 220 2270 1855 2345; baseline -0.006 -13"><span class='ocrx_word' id='word_1_168' title='bbox 220 2278 323 2332; x_wconf 78' lang='grc' dir='ltr'>καὶ</span> <span class='ocrx_word' id='word_1_169' title='bbox 362 2281 395 2331; x_wconf 83' lang='grc' dir='ltr'><em>ὀ</em></span> <span class='ocrx_word' id='word_1_170' title='bbox 415 2276 687 2345; x_wconf 75' lang='grc' dir='ltr'>βραχίων</span> <span class='ocrx_word' id='word_1_171' title='bbox 710 2275 830 2345; x_wconf 81' lang='grc' dir='ltr'><strong><em>μοῦ</em></strong></span> <span class='ocrx_word' id='word_1_172' title='bbox 864 2275 1217 2342; x_wconf 75' lang='grc' dir='ltr'>κατισχύσει</span> <span class='ocrx_word' id='word_1_173' title='bbox 1255 2274 1471 2328; x_wconf 76' lang='grc' dir='ltr'>αὐτόν’</span> <span class='ocrx_word' id='word_1_174' title='bbox 1507 2270 1608 2324; x_wconf 78' lang='grc' dir='ltr'>καὶ</span> <span class='ocrx_word' id='word_1_175' title='bbox 1654 2289 1800 2341; x_wconf 61' lang='grc' dir='ltr'>συγ-</span> <span class='ocrx_word' id='word_1_176' title='bbox 1835 2287 1855 2310; x_wconf 60' lang='grc' dir='ltr'><strong><em>κ</em></strong></span> 
     </span>
    </p>
   </div>
   <div class='ocr_carea' id='block_1_25' title="bbox 222 2364 1796 2439">
    <p class='ocr_par' dir='ltr' id='par_1_25' title="bbox 222 2364 1796 2439">
     <span class='ocr_line' id='line_1_25' title="bbox 222 2364 1796 2439; baseline -0.005 -14"><span class='ocrx_word' id='word_1_177' title='bbox 222 2374 395 2439; x_wconf 59' lang='grc' dir='ltr'>κόψω</span> <span class='ocrx_word' id='word_1_178' title='bbox 420 2369 538 2424; x_wconf 82' lang='grc' dir='ltr'><strong><em>ἀπὸ</em></strong></span> <span class='ocrx_word' id='word_1_179' title='bbox 562 2366 883 2438; x_wconf 78' lang='grc' dir='ltr'>προσώπου</span> <span class='ocrx_word' id='word_1_180' title='bbox 903 2365 1088 2421; x_wconf 77' lang='grc' dir='ltr'>αὑτοῦ</span> <span class='ocrx_word' id='word_1_181' title='bbox 1124 2364 1269 2432; x_wconf 83' lang='grc' dir='ltr'>τοὺς</span> <span class='ocrx_word' id='word_1_182' title='bbox 1293 2364 1548 2433; x_wconf 75' lang='grc' dir='ltr'>ἐχθροὺς</span> <span class='ocrx_word' id='word_1_183' title='bbox 1587 2364 1796 2431; x_wconf 80' lang='grc' dir='ltr'>αὑτοῦ,</span> 
     </span>
    </p>
   </div>
   <div class='ocr_carea' id='block_1_26' title="bbox 224 2455 1799 2529">
    <p class='ocr_par' dir='ltr' id='par_1_26' title="bbox 224 2455 1799 2529">
     <span class='ocr_line' id='line_1_26' title="bbox 224 2455 1799 2529; baseline -0.005 -10"><span class='ocrx_word' id='word_1_184' title='bbox 224 2464 329 2518; x_wconf 71' lang='grc' dir='ltr'>καὶ</span> <span class='ocrx_word' id='word_1_185' title='bbox 382 2461 525 2527; x_wconf 84' lang='grc' dir='ltr'>τοὺς</span> <span class='ocrx_word' id='word_1_186' title='bbox 555 2458 886 2529; x_wconf 77' lang='grc' dir='ltr'><strong><em>μισοῦντας</em></strong></span> <span class='ocrx_word' id='word_1_187' title='bbox 915 2456 1101 2512; x_wconf 81' lang='grc' dir='ltr'>αὐτὸν</span> <span class='ocrx_word' id='word_1_188' title='bbox 1126 2455 1499 2527; x_wconf 81' lang='grc' dir='ltr'>τροπὼσομαι</span> <span class='ocrx_word' id='word_1_189' title='bbox 1516 2473 1531 2486; x_wconf 70' lang='grc'><strong><em>⁸</em></strong></span> <span class='ocrx_word' id='word_1_190' title='bbox 1566 2456 1658 2509; x_wconf 72' lang='grc' dir='ltr'>καὶ</span> <span class='ocrx_word' id='word_1_191' title='bbox 1700 2457 1799 2511; x_wconf 82' lang='grc' dir='ltr'>ὅσα</span> 
     </span>
    </p>
   </div>
   <div class='ocr_carea' id='block_1_27' title="bbox 220 2545 1799 2620">
    <p class='ocr_par' dir='ltr' id='par_1_27' title="bbox 220 2545 1799 2620">
     <span class='ocr_line' id='line_1_27' title="bbox 220 2545 1799 2620; baseline -0.004 -14"><span class='ocrx_word' id='word_1_192' title='bbox 220 2553 359 2606; x_wconf 73' lang='grc' dir='ltr'>ἄλλα</span> <span class='ocrx_word' id='word_1_193' title='bbox 404 2554 434 2605; x_wconf 86' lang='grc' dir='ltr'><strong><em>ό</em></strong></span> <span class='ocrx_word' id='word_1_194' title='bbox 482 2551 580 2620; x_wconf 84' lang='grc' dir='ltr'>τῆς</span> <span class='ocrx_word' id='word_1_195' title='bbox 637 2549 884 2617; x_wconf 76' lang='grc' dir='ltr'>εὐλογίας</span> <span class='ocrx_word' id='word_1_196' title='bbox 936 2547 1179 2619; x_wconf 77' lang='grc' dir='ltr'>περιέχει</span> <span class='ocrx_word' id='word_1_197' title='bbox 1234 2545 1551 2615; x_wconf 76' lang='grc' dir='ltr'>κατάλογος.</span> <span class='ocrx_word' id='word_1_198' title='bbox 1592 2545 1799 2599; x_wconf 78' lang='grc' dir='ltr'>Οὐκοῦν</span> 
     </span>
    </p>
   </div>
   <div class='ocr_carea' id='block_1_28' title="bbox 221 2637 1801 2711">
    <p class='ocr_par' dir='ltr' id='par_1_28' title="bbox 221 2637 1801 2711">
     <span class='ocr_line' id='line_1_28' title="bbox 221 2637 1801 2711; baseline -0.004 -14"><span class='ocrx_word' id='word_1_199' title='bbox 221 2642 390 2697; x_wconf 84' lang='grc' dir='ltr'>καλόν</span> <span class='ocrx_word' id='word_1_200' title='bbox 421 2644 566 2695; x_wconf 75' lang='grc' dir='ltr'>ἐστιν</span> <span class='ocrx_word' id='word_1_201' title='bbox 591 2639 875 2711; x_wconf 81' lang='grc' dir='ltr'>εὑρεθῆναι</span> <span class='ocrx_word' id='word_1_202' title='bbox 919 2640 1023 2693; x_wconf 80' lang='grc' dir='ltr'><strong><em>ὑπὸ</em></strong></span> <span class='ocrx_word' id='word_1_203' title='bbox 1067 2640 1176 2692; x_wconf 87' lang='grc' dir='ltr'><strong><em>τῶν</em></strong></span> <span class='ocrx_word' id='word_1_204' title='bbox 1210 2638 1552 2692; x_wconf 84' lang='grc' dir='ltr'>κυκλούντων</span> <span class='ocrx_word' id='word_1_205' title='bbox 1581 2637 1678 2709; x_wconf 79' lang='grc' dir='ltr'><strong><em>τὴν</em></strong></span> <span class='ocrx_word' id='word_1_206' title='bbox 1702 2639 1801 2691; x_wconf 69' lang='grc' dir='ltr'><strong><em>πόα</em></strong></span> 
     </span>
    </p>
   </div>
   <div class='ocr_carea' id='block_1_29' title="bbox 220 2721 1800 2801">
    <p class='ocr_par' dir='ltr' id='par_1_29' title="bbox 220 2721 1800 2801">
     <span class='ocr_line' id='line_1_29' title="bbox 220 2721 1800 2801; baseline -0.003 -14"><span class='ocrx_word' id='word_1_207' title='bbox 220 2733 309 2787; x_wconf 85' lang='grc' dir='ltr'><strong><em>λιν</em></strong></span> <span class='ocrx_word' id='word_1_208' title='bbox 352 2732 451 2801; x_wconf 77' lang='grc' dir='ltr'>τὴν</span> <span class='ocrx_word' id='word_1_209' title='bbox 492 2730 667 2801; x_wconf 78' lang='grc' dir='ltr'>ψυχὴν</span> <span class='ocrx_word' id='word_1_210' title='bbox 719 2721 982 2798; x_wconf 69' lang='grc' dir='ltr'>ἁγγέλων.</span> <span class='ocrx_word' id='word_1_211' title='bbox 1019 2728 1173 2783; x_wconf 77' lang='grc' dir='ltr'>Οὕτω</span> <span class='ocrx_word' id='word_1_212' title='bbox 1223 2728 1333 2801; x_wconf 77' lang='grc' dir='ltr'>γὰρ</span> <span class='ocrx_word' id='word_1_213' title='bbox 1364 2732 1504 2783; x_wconf 83' lang='grc' dir='ltr'>νοεῖν</span> <span class='ocrx_word' id='word_1_214' title='bbox 1551 2731 1581 2783; x_wconf 85' lang='grc' dir='ltr'><strong><em>ό</em></strong></span> <span class='ocrx_word' id='word_1_215' title='bbox 1629 2730 1800 2799; x_wconf 78' lang='grc' dir='ltr'>μέγας</span> 
     </span>
    </p>
   </div>
   <div class='ocr_carea' id='block_1_30' title="bbox 220 2806 1801 2892">
    <p class='ocr_par' dir='ltr' id='par_1_30' title="bbox 220 2806 1801 2892">
     <span class='ocr_line' id='line_1_30' title="bbox 220 2806 1801 2892; baseline -0.001 -14"><span class='ocrx_word' id='word_1_216' title='bbox 220 2823 389 2878; x_wconf 77' lang='grc' dir='ltr'>Δαὸὶδ</span> <span class='ocrx_word' id='word_1_217' title='bbox 435 2806 741 2876; x_wconf 65' lang='grc' dir='ltr'>ύποτίθεται</span> <span class='ocrx_word' id='word_1_218' title='bbox 792 2820 996 2888; x_wconf 81' lang='grc' dir='ltr'>λέγων·</span> <span class='ocrx_word' id='word_1_219' title='bbox 1054 2820 1422 2891; x_wconf 71' lang='grc' dir='ltr'>Παρεμϐολεῖ</span> <span class='ocrx_word' id='word_1_220' title='bbox 1468 2825 1501 2875; x_wconf 83' lang='grc' dir='ltr'><em>ὀ</em></span> <span class='ocrx_word' id='word_1_221' title='bbox 1547 2821 1801 2892; x_wconf 72' lang='grc' dir='ltr'>ἄγγελος</span> 
     </span>
    </p>
   </div>
   <div class='ocr_carea' id='block_1_31' title="bbox 226 2912 1802 2984">
    <p class='ocr_par' dir='ltr' id='par_1_31' title="bbox 226 2912 1802 2984">
     <span class='ocr_line' id='line_1_31' title="bbox 226 2912 1802 2984; baseline -0.003 -13"><span class='ocrx_word' id='word_1_222' title='bbox 226 2916 447 2984; x_wconf 80' lang='grc' dir='ltr'>Κυρίου</span> <span class='ocrx_word' id='word_1_223' title='bbox 472 2915 674 2977; x_wconf 73' lang='grc' dir='ltr'>κύκλῳ</span> <span class='ocrx_word' id='word_1_224' title='bbox 701 2912 820 2967; x_wconf 83' lang='grc' dir='ltr'>τῶν</span> <span class='ocrx_word' id='word_1_225' title='bbox 846 2914 1233 2983; x_wconf 71' lang='grc' dir='ltr'>φοϐουμένων</span> <span class='ocrx_word' id='word_1_226' title='bbox 1261 2914 1465 2977; x_wconf 79' lang='grc' dir='ltr'><strong><em>αὑτὸν,</em></strong></span> <span class='ocrx_word' id='word_1_227' title='bbox 1498 2915 1595 2967; x_wconf 77' lang='grc' dir='ltr'>καὶ</span> <span class='ocrx_word' id='word_1_228' title='bbox 1619 2914 1802 2981; x_wconf 69' lang='grc' dir='ltr'>ῥύσε-</span> 
     </span>
    </p>
   </div>
   <div class='ocr_carea' id='block_1_32' title="bbox 221 3004 1801 3075">
    <p class='ocr_par' dir='ltr' id='par_1_32' title="bbox 221 3004 1801 3075">
     <span class='ocr_line' id='line_1_32' title="bbox 221 3004 1801 3075; baseline -0.001 -14"><span class='ocrx_word' id='word_1_229' title='bbox 221 3025 321 3061; x_wconf 77' lang='grc' dir='ltr'><strong><em>ται</em></strong></span> <span class='ocrx_word' id='word_1_230' title='bbox 345 3005 585 3071; x_wconf 78' lang='grc' dir='ltr'>αὐτούς.</span> <span class='ocrx_word' id='word_1_231' title='bbox 617 3004 824 3058; x_wconf 80' lang='grc' dir='ltr'>Οὐκοῦν</span> <span class='ocrx_word' id='word_1_232' title='bbox 861 3006 894 3075; x_wconf 77' lang='grc' dir='ltr'>ἡ</span> <span class='ocrx_word' id='word_1_233' title='bbox 926 3006 1170 3069; x_wconf 76' lang='grc' dir='ltr'>εἰποῦσα,</span> <span class='ocrx_word' id='word_1_234' title='bbox 1197 3006 1277 3059; x_wconf 83' lang='grc' dir='ltr'>ὅτι</span> <span class='ocrx_word' id='word_1_235' title='bbox 1320 3009 1381 3059; x_wconf 77' lang='grc' dir='ltr'><strong><em>οι</em></strong></span> <span class='ocrx_word' id='word_1_236' title='bbox 1421 3006 1690 3074; x_wconf 66' lang='grc' dir='ltr'>φύλακές</span> <span class='ocrx_word' id='word_1_237' title='bbox 1725 3022 1801 3075; x_wconf 80' lang='grc' dir='ltr'><strong><em>με</em></strong></span> 
     </span>
    </p>
   </div>
   <div class='ocr_carea' id='block_1_33' title="bbox 221 3093 1801 3165">
    <p class='ocr_par' dir='ltr' id='par_1_33' title="bbox 221 3093 1801 3165">
     <span class='ocr_line' id='line_1_33' title="bbox 221 3093 1801 3165; baseline 0.001 -16"><span class='ocrx_word' id='word_1_238' title='bbox 221 3095 551 3161; x_wconf 76' lang='grc' dir='ltr'>επάταξαν,</span> <span class='ocrx_word' id='word_1_239' title='bbox 589 3093 903 3165; x_wconf 80' lang='grc' dir='ltr'>προσθήκην</span> <span class='ocrx_word' id='word_1_240' title='bbox 947 3094 1068 3147; x_wconf 75' lang='grc' dir='ltr'>τινὰ</span> <span class='ocrx_word' id='word_1_241' title='bbox 1119 3095 1439 3165; x_wconf 84' lang='grc' dir='ltr'>γεγενῆσθαι</span> <span class='ocrx_word' id='word_1_242' title='bbox 1486 3096 1655 3165; x_wconf 81' lang='grc' dir='ltr'>αὐτῆς</span> <span class='ocrx_word' id='word_1_243' title='bbox 1702 3096 1801 3165; x_wconf 83' lang='grc' dir='ltr'>τῆς</span> 
     </span>
    </p>
   </div>
   <div class='ocr_carea' id='block_1_34' title="bbox 222 3178 1871 3276">
    <p class='ocr_par' dir='ltr' id='par_1_34' title="bbox 222 3178 1871 3276">
     <span class='ocr_line' id='line_1_34' title="bbox 222 3178 1871 3276; baseline -0.001 -38"><span class='ocrx_word' id='word_1_244' title='bbox 222 3186 319 3238; x_wconf 74' lang='grc' dir='ltr'><strong><em>ἐπὶ</em></strong></span> <span class='ocrx_word' id='word_1_245' title='bbox 360 3184 420 3237; x_wconf 85' lang='grc' dir='ltr'>τὸ</span> <span class='ocrx_word' id='word_1_246' title='bbox 468 3183 578 3237; x_wconf 85' lang='grc' dir='ltr'>ἄνω</span> <span class='ocrx_word' id='word_1_247' title='bbox 616 3181 898 3253; x_wconf 82' lang='grc' dir='ltr'>προκοπῆς</span> <span class='ocrx_word' id='word_1_248' title='bbox 955 3178 1310 3254; x_wconf 74' lang='grc' dir='ltr'>ἐκαύχὴσατο.</span> <span class='ocrx_word' id='word_1_249' title='bbox 1364 3184 1427 3238; x_wconf 82' lang='lat' dir='ltr'><strong><em>Et</em></strong></span> <span class='ocrx_word' id='word_1_250' title='bbox 1482 3184 1539 3238; x_wconf 80' lang='grc' dir='ltr'>δὲ</span> <span class='ocrx_word' id='word_1_251' title='bbox 1589 3185 1681 3238; x_wconf 75' lang='grc' dir='ltr'>καὶ</span> <span class='ocrx_word' id='word_1_252' title='bbox 1740 3185 1797 3237; x_wconf 81' lang='grc' dir='ltr'>ὲν</span> <span class='ocrx_word' id='word_1_253' title='bbox 1826 3213 1871 3276; x_wconf 74' lang='lat' dir='ltr'>c</span> 
     </span>
    </p>
   </div>
   <div class='ocr_carea' id='block_1_35' title="bbox 221 3273 1800 3351">
    <p class='ocr_par' dir='ltr' id='par_1_35' title="bbox 221 3273 1800 3351">
     <span class='ocr_line' id='line_1_35' title="bbox 221 3273 1800 3351; baseline 0.001 -19"><span class='ocrx_word' id='word_1_254' title='bbox 221 3278 495 3351; x_wconf 76' lang='grc' dir='ltr'>τραύματι</span> <span class='ocrx_word' id='word_1_255' title='bbox 522 3273 847 3345; x_wconf 80' lang='grc' dir='ltr'>γεγενῆσθαι</span> <span class='ocrx_word' id='word_1_256' title='bbox 884 3273 1050 3343; x_wconf 81' lang='grc' dir='ltr'>λέγει,</span> <span class='ocrx_word' id='word_1_257' title='bbox 1081 3276 1179 3346; x_wconf 81' lang='grc' dir='ltr'>τὴν</span> <span class='ocrx_word' id='word_1_258' title='bbox 1224 3279 1282 3329; x_wconf 82' lang='grc' dir='ltr'>ὲν</span> <span class='ocrx_word' id='word_1_259' title='bbox 1320 3275 1471 3346; x_wconf 80' lang='grc' dir='ltr'>βάθει</span> <span class='ocrx_word' id='word_1_260' title='bbox 1506 3277 1800 3348; x_wconf 81' lang='grc' dir='ltr'>γενομένην</span> 
     </span>
    </p>
   </div>
   <div class='ocr_carea' id='block_1_36' title="bbox 220 3364 1804 3442">
    <p class='ocr_par' dir='ltr' id='par_1_36' title="bbox 220 3364 1804 3442">
     <span class='ocr_line' id='line_1_36' title="bbox 220 3364 1804 3442; baseline -0.006 -20"><span class='ocrx_word' id='word_1_261' title='bbox 220 3370 365 3439; x_wconf 78' lang='grc' dir='ltr'>αὐτῇ</span> <span class='ocrx_word' id='word_1_262' title='bbox 403 3366 490 3419; x_wconf 74' lang='grc' dir='ltr'>διὰ</span> <span class='ocrx_word' id='word_1_263' title='bbox 514 3367 615 3436; x_wconf 87' lang='grc' dir='ltr'>τῆς</span> <span class='ocrx_word' id='word_1_264' title='bbox 643 3364 792 3427; x_wconf 83' lang='grc' dir='ltr'>θείας</span> <span class='ocrx_word' id='word_1_265' title='bbox 833 3364 1026 3435; x_wconf 77' lang='grc' dir='ltr'>ρἁδου</span> <span class='ocrx_word' id='word_1_266' title='bbox 1063 3366 1232 3419; x_wconf 86' lang='grc' dir='ltr'>τύπον</span> <span class='ocrx_word' id='word_1_267' title='bbox 1266 3368 1343 3439; x_wconf 82' lang='grc' dir='ltr'>τῷ</span> <span class='ocrx_word' id='word_1_268' title='bbox 1365 3368 1507 3439; x_wconf 87' lang='grc' dir='ltr'>λόγῳ</span> <span class='ocrx_word' id='word_1_269' title='bbox 1538 3372 1804 3442; x_wconf 82' lang='grc' dir='ltr'>παρίστη-</span> 
     </span>
    </p>
   </div>
   <div class='ocr_carea' id='block_1_37' title="bbox 224 3456 1805 3535">
    <p class='ocr_par' dir='ltr' id='par_1_37' title="bbox 224 3456 1805 3535">
     <span class='ocr_line' id='line_1_37' title="bbox 224 3456 1805 3535; baseline 0.003 -22"><span class='ocrx_word' id='word_1_270' title='bbox 224 3478 328 3514; x_wconf 77' lang='grc' dir='ltr'>σιν.</span> <span class='ocrx_word' id='word_1_271' title='bbox 364 3461 438 3512; x_wconf 84' lang='grc' dir='ltr'>Οὐ</span> <span class='ocrx_word' id='word_1_272' title='bbox 473 3458 581 3529; x_wconf 82' lang='grc' dir='ltr'><strong><em>γὰρ</em></strong></span> <span class='ocrx_word' id='word_1_273' title='bbox 608 3456 922 3510; x_wconf 71' lang='grc' dir='ltr'>ἐπιπόλαιον</span> <span class='ocrx_word' id='word_1_274' title='bbox 948 3456 1049 3527; x_wconf 83' lang='grc' dir='ltr'>τῆς</span> <span class='ocrx_word' id='word_1_275' title='bbox 1084 3463 1453 3532; x_wconf 81' lang='grc' dir='ltr'>πνευματικῆς</span> <span class='ocrx_word' id='word_1_276' title='bbox 1485 3462 1678 3533; x_wconf 74' lang='grc' dir='ltr'>ῥάϐδου</span> <span class='ocrx_word' id='word_1_277' title='bbox 1707 3465 1805 3535; x_wconf 83' lang='grc' dir='ltr'>τὴν</span> 
     </span>
    </p>
   </div>
   <div class='ocr_carea' id='block_1_38' title="bbox 222 3548 1804 3633">
    <p class='ocr_par' dir='ltr' id='par_1_38' title="bbox 222 3548 1804 3633">
     <span class='ocr_line' id='line_1_38' title="bbox 222 3548 1804 3633; baseline 0.003 -28"><span class='ocrx_word' id='word_1_278' title='bbox 222 3552 511 3633; x_wconf 67' lang='grc' dir='ltr'>ἐνέργειαν</span> <span class='ocrx_word' id='word_1_279' title='bbox 535 3549 621 3619; x_wconf 77' lang='grc' dir='ltr'><strong><em>ἐφ’</em></strong></span> <span class='ocrx_word' id='word_1_280' title='bbox 650 3549 849 3620; x_wconf 82' lang='grc' dir='ltr'>ἑαυτῆς</span> <span class='ocrx_word' id='word_1_281' title='bbox 894 3548 1123 3619; x_wconf 85' lang='grc' dir='ltr'>δέχεται,</span> <span class='ocrx_word' id='word_1_282' title='bbox 1166 3550 1241 3614; x_wconf 83' lang='grc' dir='ltr'>ὡς</span> <span class='ocrx_word' id='word_1_283' title='bbox 1290 3552 1366 3623; x_wconf 82' lang='grc' dir='ltr'>μὴ</span> <span class='ocrx_word' id='word_1_284' title='bbox 1404 3556 1804 3625; x_wconf 73' lang='grc' dir='ltr'>ἐπιγνωσθῆναι</span> 
     </span>
    </p>
   </div>
   <div class='ocr_carea' id='block_1_39' title="bbox 220 3634 1804 3719">
    <p class='ocr_par' dir='ltr' id='par_1_39' title="bbox 220 3634 1804 3719">
     <span class='ocr_line' id='line_1_39' title="bbox 220 3634 1804 3719; baseline 0.003 -21"><span class='ocrx_word' id='word_1_285' title='bbox 220 3655 316 3698; x_wconf 79' lang='grc' dir='ltr'><strong><em>τον</em></strong></span> <span class='ocrx_word' id='word_1_286' title='bbox 348 3643 509 3696; x_wconf 87' lang='grc' dir='ltr'>τόπον</span> <span class='ocrx_word' id='word_1_287' title='bbox 553 3634 693 3709; x_wconf 75' lang='grc' dir='ltr'><strong><em>ἐνῷ</em></strong></span> <span class='ocrx_word' id='word_1_288' title='bbox 740 3642 836 3711; x_wconf 79' lang='grc' dir='ltr'>τὴν</span> <span class='ocrx_word' id='word_1_289' title='bbox 877 3642 1072 3712; x_wconf 75' lang='grc' dir='ltr'>ῥάϐδον</span> <span class='ocrx_word' id='word_1_290' title='bbox 1116 3644 1361 3709; x_wconf 77' lang='grc' dir='ltr'>ἐδέξατο·</span> <span class='ocrx_word' id='word_1_291' title='bbox 1404 3645 1515 3699; x_wconf 83' lang='grc' dir='ltr'>ἀλλ’</span> <span class='ocrx_word' id='word_1_292' title='bbox 1538 3647 1804 3719; x_wconf 78' lang='grc' dir='ltr'>ἐπίσημος</span> 
     </span>
    </p>
   </div>
   <div class='ocr_carea' id='block_1_40' title="bbox 220 3731 1803 3811">
    <p class='ocr_par' dir='ltr' id='par_1_40' title="bbox 220 3731 1803 3811">
     <span class='ocr_line' id='line_1_40' title="bbox 220 3731 1803 3811; baseline 0.003 -22"><span class='ocrx_word' id='word_1_293' title='bbox 220 3738 314 3790; x_wconf 76' lang='grc' dir='ltr'><strong><em>διὰ</em></strong></span> <span class='ocrx_word' id='word_1_294' title='bbox 346 3734 439 3789; x_wconf 81' lang='grc' dir='ltr'>τοῦ</span> <span class='ocrx_word' id='word_1_295' title='bbox 468 3733 777 3805; x_wconf 85' lang='grc' dir='ltr'>τραύματος</span> <span class='ocrx_word' id='word_1_296' title='bbox 807 3734 1077 3792; x_wconf 80' lang='grc' dir='ltr'>δείκνυται</span> <span class='ocrx_word' id='word_1_297' title='bbox 1106 3737 1137 3805; x_wconf 76' lang='grc' dir='ltr'>ἡ</span> <span class='ocrx_word' id='word_1_298' title='bbox 1171 3734 1370 3807; x_wconf 81' lang='grc' dir='ltr'>πληγὴ,</span> <span class='ocrx_word' id='word_1_299' title='bbox 1471 3741 1803 3809; x_wconf 84' lang='grc' dir='ltr'>ὲγκαυχᾶται</span> 
     </span>
    </p>
   </div>
   <div class='ocr_carea' id='block_1_41' title="bbox 220 3818 1804 3900">
    <p class='ocr_par' dir='ltr' id='par_1_41' title="bbox 220 3818 1804 3900">
     <span class='ocr_line' id='line_1_41' title="bbox 220 3818 1804 3900; baseline 0.003 -19"><span class='ocrx_word' id='word_1_300' title='bbox 220 3832 258 3900; x_wconf 73' lang='grc' dir='ltr'><strong>ἡ</strong></span> <span class='ocrx_word' id='word_1_301' title='bbox 291 3829 499 3899; x_wconf 84' lang='grc' dir='ltr'>νύμφη.</span> <span class='ocrx_word' id='word_1_302' title='bbox 544 3827 618 3880; x_wconf 82' lang='grc' dir='ltr'><strong><em>Τὸ</em></strong></span> <span class='ocrx_word' id='word_1_303' title='bbox 667 3826 723 3880; x_wconf 88' lang='grc' dir='ltr'>δὲ</span> <span class='ocrx_word' id='word_1_304' title='bbox 777 3818 1064 3898; x_wconf 76' lang='grc' dir='ltr'>λεγόμενον</span> <span class='ocrx_word' id='word_1_305' title='bbox 1106 3827 1344 3881; x_wconf 82' lang='grc' dir='ltr'>τοιοῦτόν</span> <span class='ocrx_word' id='word_1_306' title='bbox 1372 3832 1545 3883; x_wconf 73' lang='grc' dir='ltr'>ἐστιν·</span> <span class='ocrx_word' id='word_1_307' title='bbox 1580 3832 1646 3885; x_wconf 85' lang='grc' dir='ltr'><strong>Ἦ</strong></span> <span class='ocrx_word' id='word_1_308' title='bbox 1686 3830 1804 3885; x_wconf 86' lang='grc' dir='ltr'>θεία</span> 
     </span>
    </p>
   </div>
   <div class='ocr_carea' id='block_1_42' title="bbox 227 3918 1803 3994">
    <p class='ocr_par' dir='ltr' id='par_1_42' title="bbox 227 3918 1803 3994">
     <span class='ocr_line' id='line_1_42' title="bbox 227 3918 1803 3994; baseline 0.001 -19"><span class='ocrx_word' id='word_1_309' title='bbox 227 3921 425 3994; x_wconf 77' lang='grc' dir='ltr'>ῥάϐδος</span> <span class='ocrx_word' id='word_1_310' title='bbox 451 3918 658 3989; x_wconf 75' lang='grc' dir='ltr'>ἐκείνη.</span> <span class='ocrx_word' id='word_1_311' title='bbox 702 3918 795 3973; x_wconf 77' lang='grc' dir='ltr'>καὶ</span> <span class='ocrx_word' id='word_1_312' title='bbox 835 3921 867 3989; x_wconf 79' lang='grc' dir='ltr'>ὴ</span> <span class='ocrx_word' id='word_1_313' title='bbox 916 3919 1296 3990; x_wconf 82' lang='grc' dir='ltr'>παρακλητικὴ</span> <span class='ocrx_word' id='word_1_314' title='bbox 1342 3920 1631 3993; x_wconf 82' lang='grc' dir='ltr'>βακτηρία,</span> <span class='ocrx_word' id='word_1_315' title='bbox 1659 3925 1692 3993; x_wconf 80' lang='grc' dir='ltr'>ἡ</span> <span class='ocrx_word' id='word_1_316' title='bbox 1717 3922 1803 3977; x_wconf 80' lang='grc' dir='ltr'>διὰ</span> 
     </span>
    </p>
   </div>
   <div class='ocr_carea' id='block_1_43' title="bbox 223 4008 1799 4083">
    <p class='ocr_par' dir='ltr' id='par_1_43' title="bbox 223 4008 1799 4083">
     <span class='ocr_line' id='line_1_43' title="bbox 223 4008 1799 4083; baseline -0.001 -17"><span class='ocrx_word' id='word_1_317' title='bbox 223 4012 323 4066; x_wconf 80' lang='grc' dir='ltr'><strong><em>τοῦ</em></strong></span> <span class='ocrx_word' id='word_1_318' title='bbox 352 4011 650 4065; x_wconf 81' lang='grc' dir='ltr'>πατάσσειν</span> <span class='ocrx_word' id='word_1_319' title='bbox 675 4008 972 4079; x_wconf 77' lang='grc' dir='ltr'>ἑνεργοῦσα</span> <span class='ocrx_word' id='word_1_320' title='bbox 998 4009 1094 4081; x_wconf 80' lang='grc' dir='ltr'>τὴν</span> <span class='ocrx_word' id='word_1_321' title='bbox 1116 4011 1276 4077; x_wconf 73' lang='grc' dir='ltr'>ἴασιν,</span> <span class='ocrx_word' id='word_1_322' title='bbox 1297 4012 1358 4064; x_wconf 85' lang='grc' dir='ltr'>τὸ</span> <span class='ocrx_word' id='word_1_323' title='bbox 1376 4012 1598 4083; x_wconf 88' lang='grc' dir='ltr'><strong>ΙΙνεῦμά</strong></span> <span class='ocrx_word' id='word_1_324' title='bbox 1625 4016 1799 4067; x_wconf 75' lang='grc' dir='ltr'>ἐστιν·</span> 
     </span>
    </p>
   </div>
   <div class='ocr_carea' id='block_1_44' title="bbox 222 4096 1803 4175">
    <p class='ocr_par' dir='ltr' id='par_1_44' title="bbox 222 4096 1803 4175">
     <span class='ocr_line' id='line_1_44' title="bbox 222 4096 1803 4175; baseline 0.001 -19"><span class='ocrx_word' id='word_1_325' title='bbox 222 4096 288 4156; x_wconf 68' lang='grc' dir='ltr'><strong><em>οὗ</em></strong></span> <span class='ocrx_word' id='word_1_326' title='bbox 321 4099 528 4173; x_wconf 84' lang='grc' dir='ltr'>καρπὸς</span> <span class='ocrx_word' id='word_1_327' title='bbox 555 4100 626 4154; x_wconf 83' lang='grc' dir='ltr'>τά</span> <span class='ocrx_word' id='word_1_328' title='bbox 664 4117 723 4153; x_wconf 92' lang='grc' dir='ltr'><strong><em>τε</em></strong></span> <span class='ocrx_word' id='word_1_329' title='bbox 750 4100 883 4155; x_wconf 80' lang='grc' dir='ltr'>ἄλλα</span> <span class='ocrx_word' id='word_1_330' title='bbox 920 4100 1028 4153; x_wconf 84' lang='grc' dir='ltr'><strong><em>τῶν</em></strong></span> <span class='ocrx_word' id='word_1_331' title='bbox 1067 4101 1282 4169; x_wconf 82' lang='grc' dir='ltr'>ἀγαθῶν</span> <span class='ocrx_word' id='word_1_332' title='bbox 1309 4102 1408 4156; x_wconf 83' lang='grc' dir='ltr'>ὅσα</span> <span class='ocrx_word' id='word_1_333' title='bbox 1436 4102 1643 4168; x_wconf 81' lang='grc' dir='ltr'>Παῦλος</span> <span class='ocrx_word' id='word_1_334' title='bbox 1680 4104 1803 4175; x_wconf 76' lang='grc' dir='ltr'>ἠρί-</span> 
     </span>
    </p>
   </div>
   <div class='ocr_carea' id='block_1_45' title="bbox 225 4178 1806 4266">
    <p class='ocr_par' dir='ltr' id='par_1_45' title="bbox 225 4178 1806 4266">
     <span class='ocr_line' id='line_1_45' title="bbox 225 4178 1806 4266; baseline 0.001 -19"><span class='ocrx_word' id='word_1_335' title='bbox 225 4194 427 4265; x_wconf 81' lang='grc' dir='ltr'>θμησε,</span> <span class='ocrx_word' id='word_1_336' title='bbox 464 4195 558 4247; x_wconf 83' lang='grc' dir='ltr'>καὶ</span> <span class='ocrx_word' id='word_1_337' title='bbox 595 4178 879 4265; x_wconf 74' lang='grc' dir='ltr'>μετὰτῶν</span> <span class='ocrx_word' id='word_1_338' title='bbox 921 4192 1094 4248; x_wconf 79' lang='grc' dir='ltr'>ἄλλων</span> <span class='ocrx_word' id='word_1_339' title='bbox 1124 4195 1157 4265; x_wconf 83' lang='grc' dir='ltr'><strong>ή</strong></span> <span class='ocrx_word' id='word_1_340' title='bbox 1210 4194 1551 4263; x_wconf 84' lang='grc' dir='ltr'>παιδαγωγὸς</span> <span class='ocrx_word' id='word_1_341' title='bbox 1586 4196 1684 4266; x_wconf 82' lang='grc' dir='ltr'>τῆς</span> <span class='ocrx_word' id='word_1_342' title='bbox 1723 4198 1806 4248; x_wconf 80' lang='grc' dir='ltr'><strong><em>ὲν-</em></strong></span> 
     </span>
    </p>
   </div>
   <div class='ocr_carea' id='block_1_46' title="bbox 224 4280 1805 4355">
    <p class='ocr_par' dir='ltr' id='par_1_46' title="bbox 224 4280 1805 4355">
     <span class='ocr_line' id='line_1_46' title="bbox 224 4280 1805 4355; baseline -0.003 -17"><span class='ocrx_word' id='word_1_343' title='bbox 224 4284 422 4355; x_wconf 82' lang='grc' dir='ltr'>αρέτου</span> <span class='ocrx_word' id='word_1_344' title='bbox 451 4282 724 4345; x_wconf 87' lang='grc' dir='ltr'>πολιτείας</span> <span class='ocrx_word' id='word_1_345' title='bbox 770 4281 1082 4351; x_wconf 74' lang='grc' dir='ltr'>ἐγκράτεια.</span> <span class='ocrx_word' id='word_1_346' title='bbox 1128 4280 1283 4334; x_wconf 77' lang='grc' dir='ltr'>Οὕτω</span> <span class='ocrx_word' id='word_1_347' title='bbox 1326 4280 1434 4354; x_wconf 80' lang='grc' dir='ltr'>γὰρ</span> <span class='ocrx_word' id='word_1_348' title='bbox 1469 4280 1563 4335; x_wconf 74' lang='grc' dir='ltr'>καὶ</span> <span class='ocrx_word' id='word_1_349' title='bbox 1597 4280 1805 4344; x_wconf 80' lang='grc' dir='ltr'>Παῦλος</span> 
     </span>
    </p>
   </div>
   <div class='ocr_carea' id='block_1_47' title="bbox 221 4372 1805 4445">
    <p class='ocr_par' dir='ltr' id='par_1_47' title="bbox 221 4372 1805 4445">
     <span class='ocr_line' id='line_1_47' title="bbox 221 4372 1805 4445; baseline -0.003 -16"><span class='ocrx_word' id='word_1_350' title='bbox 221 4380 255 4430; x_wconf 84' lang='grc' dir='ltr'><strong><em>ό</em></strong></span> <span class='ocrx_word' id='word_1_351' title='bbox 292 4374 402 4429; x_wconf 86' lang='grc' dir='ltr'><strong><em>τῶν</em></strong></span> <span class='ocrx_word' id='word_1_352' title='bbox 450 4374 705 4428; x_wconf 87' lang='grc' dir='ltr'>τοιούτων</span> <span class='ocrx_word' id='word_1_353' title='bbox 743 4373 964 4444; x_wconf 83' lang='grc' dir='ltr'>πληγῶν</span> <span class='ocrx_word' id='word_1_354' title='bbox 1008 4374 1327 4443; x_wconf 85' lang='grc' dir='ltr'>στιγματίας</span> <span class='ocrx_word' id='word_1_355' title='bbox 1373 4376 1484 4437; x_wconf 85' lang='grc' dir='ltr'>τοῖς</span> <span class='ocrx_word' id='word_1_356' title='bbox 1529 4372 1805 4445; x_wconf 81' lang='grc' dir='ltr'>τραύμασι</span> 
     </span>
    </p>
   </div>
   <div class='ocr_carea' id='block_1_48' title="bbox 222 4463 1804 4537">
    <p class='ocr_par' dir='ltr' id='par_1_48' title="bbox 222 4463 1804 4537">
     <span class='ocr_line' id='line_1_48' title="bbox 222 4463 1804 4537; baseline -0.001 -18"><span class='ocrx_word' id='word_1_357' title='bbox 222 4466 436 4529; x_wconf 86' lang='grc' dir='ltr'>τούτοις</span> <span class='ocrx_word' id='word_1_358' title='bbox 464 4466 895 4537; x_wconf 71' lang='grc' dir='ltr'>ἐπαγαλλόμενος</span> <span class='ocrx_word' id='word_1_359' title='bbox 921 4463 1103 4533; x_wconf 80' lang='grc' dir='ltr'>ἔλεγεν</span> <span class='ocrx_word' id='word_1_360' title='bbox 1122 4482 1136 4497; x_wconf 87' lang='grc'><strong>·</strong></span> <span class='ocrx_word' id='word_1_361' title='bbox 1161 4466 1241 4519; x_wconf 82' lang='grc' dir='ltr'>ὅτι</span> <span class='ocrx_word' id='word_1_362' title='bbox 1275 4464 1354 4519; x_wconf 85' lang='grc' dir='ltr'><strong><em>Τὰ</em></strong></span> <span class='ocrx_word' id='word_1_363' title='bbox 1384 4465 1673 4535; x_wconf 77' lang='grc' dir='ltr'>στίγματα</span> <span class='ocrx_word' id='word_1_364' title='bbox 1699 4464 1804 4518; x_wconf 85' lang='grc' dir='ltr'>τοῦ</span> 
     </span>
    </p>
   </div>
   <div class='ocr_carea' id='block_1_49' title="bbox 1889 604 3455 681">
    <p class='ocr_par' dir='ltr' id='par_1_49' title="bbox 1889 604 3455 681">
     <span class='ocr_line' id='line_1_49' title="bbox 1889 604 3455 681; baseline 0.001 -18"><span class='ocrx_word' id='word_1_365' title='bbox 1889 610 1978 681; x_wconf 88' lang='lat' dir='ltr'><strong><em>qui</em></strong></span> <span class='ocrx_word' id='word_1_366' title='bbox 2004 606 2235 663; x_wconf 88' lang='lat' dir='ltr'><strong><em>custodit</em></strong></span> <span class='ocrx_word' id='word_1_367' title='bbox 2265 607 2332 661; x_wconf 83' lang='lat'><strong><em>&quot;.</em></strong></span> <span class='ocrx_word' id='word_1_368' title='bbox 2386 605 2749 671; x_wconf 85' lang='lat' dir='ltr'><strong>Quamobrem</strong></span> <span class='ocrx_word' id='word_1_369' title='bbox 2809 604 3038 674; x_wconf 75' lang='lat' dir='ltr'><strong><em>spiritus</em></strong></span> <span class='ocrx_word' id='word_1_370' title='bbox 3074 605 3154 661; x_wconf 86' lang='lat' dir='ltr'><strong><em>illi</em></strong></span> <span class='ocrx_word' id='word_1_371' title='bbox 3183 607 3455 666; x_wconf 80' lang='lat' dir='ltr'><strong><em>ministra-</em></strong></span> 
     </span>
    </p>
   </div>
   <div class='ocr_carea' id='block_1_50' title="bbox 1888 697 3450 770">
    <p class='ocr_par' dir='ltr' id='par_1_50' title="bbox 1888 697 3450 770">
     <span class='ocr_line' id='line_1_50' title="bbox 1888 697 3450 770; baseline 0.001 -13"><span class='ocrx_word' id='word_1_372' title='bbox 1888 709 2056 764; x_wconf 85' lang='lat' dir='ltr'><strong><em>tores,</em></strong></span> <span class='ocrx_word' id='word_1_373' title='bbox 2091 698 2186 769; x_wconf 89' lang='lat' dir='ltr'><strong><em>qui</em></strong></span> <span class='ocrx_word' id='word_1_374' title='bbox 2235 697 2304 752; x_wconf 89' lang='lat' dir='ltr'><strong><em>ad</em></strong></span> <span class='ocrx_word' id='word_1_375' title='bbox 2346 697 2711 752; x_wconf 75' lang='lat' dir='ltr'><strong><em>ministerium</em></strong></span> <span class='ocrx_word' id='word_1_376' title='bbox 2746 698 3037 752; x_wconf 88' lang='lat' dir='ltr'><strong><em>tnittuntur</em></strong></span> <span class='ocrx_word' id='word_1_377' title='bbox 3081 710 3304 770; x_wconf 76' lang='lat' dir='ltr'><strong><em>propter</em></strong></span> <span class='ocrx_word' id='word_1_378' title='bbox 3331 717 3450 767; x_wconf 84' lang='lat' dir='ltr'><strong><em>eos.</em></strong></span> 
     </span>
    </p>
   </div>
   <div class='ocr_carea' id='block_1_51' title="bbox 1889 787 3455 863">
    <p class='ocr_par' dir='ltr' id='par_1_51' title="bbox 1889 787 3455 863">
     <span class='ocr_line' id='line_1_51' title="bbox 1889 787 3455 863; baseline 0.003 -16"><span class='ocrx_word' id='word_1_379' title='bbox 1889 792 1984 863; x_wconf 89' lang='lat' dir='ltr'><strong><em>qui</em></strong></span> <span class='ocrx_word' id='word_1_380' title='bbox 2036 790 2231 848; x_wconf 87' lang='lat' dir='ltr'><strong><em>salutis</em></strong></span> <span class='ocrx_word' id='word_1_381' title='bbox 2264 789 2509 847; x_wconf 59' lang='lat' dir='ltr'><strong><em>heredes</em></strong></span> <span class='ocrx_word' id='word_1_382' title='bbox 2552 787 2724 843; x_wconf 80' lang='lat' dir='ltr'><strong><em>futuri</em></strong></span> <span class='ocrx_word' id='word_1_383' title='bbox 2756 795 2886 844; x_wconf 88' lang='lat' dir='ltr'><strong><em>sunt</em></strong></span> <span class='ocrx_word' id='word_1_384' title='bbox 2913 787 2991 855; x_wconf 83' lang='lat'><strong><em>&quot;,</em></strong></span> <span class='ocrx_word' id='word_1_385' title='bbox 3048 804 3143 861; x_wconf 91' lang='lat' dir='ltr'><strong><em>per</em></strong></span> <span class='ocrx_word' id='word_1_386' title='bbox 3200 794 3455 851; x_wconf 73' lang='lat' dir='ltr'><strong><em>custodes</em></strong></span> 
     </span>
    </p>
   </div>
   <div class='ocr_carea' id='block_1_52' title="bbox 1888 870 3456 951">
    <p class='ocr_par' dir='ltr' id='par_1_52' title="bbox 1888 870 3456 951">
     <span class='ocr_line' id='line_1_52' title="bbox 1888 870 3456 951; baseline 0.001 -11"><span class='ocrx_word' id='word_1_387' title='bbox 1888 870 1947 940; x_wconf 86' lang='lat' dir='ltr'><strong><em>in</em></strong></span> <span class='ocrx_word' id='word_1_388' title='bbox 1993 882 2082 940; x_wconf 90' lang='lat' dir='ltr'><strong><em>his</em></strong></span> <span class='ocrx_word' id='word_1_389' title='bbox 2144 880 2328 939; x_wconf 81' lang='lat' dir='ltr'><strong><em>verbis</em></strong></span> <span class='ocrx_word' id='word_1_390' title='bbox 2385 881 2751 946; x_wconf 89' lang='lat' dir='ltr'><strong><em>denotantur,</em></strong></span> <span class='ocrx_word' id='word_1_391' title='bbox 2795 880 2891 951; x_wconf 91' lang='lat' dir='ltr'><strong><em>qui</em></strong></span> <span class='ocrx_word' id='word_1_392' title='bbox 2956 881 3016 937; x_wconf 89' lang='lat' dir='ltr'><strong><em>in</em></strong></span> <span class='ocrx_word' id='word_1_393' title='bbox 3066 881 3289 939; x_wconf 89' lang='lat' dir='ltr'><strong><em>civitate</em></strong></span> <span class='ocrx_word' id='word_1_394' title='bbox 3348 888 3456 942; x_wconf 91' lang='lat' dir='ltr'><strong><em>cir-</em></strong></span> 
     </span>
    </p>
   </div>
   <div class='ocr_carea' id='block_1_53' title="bbox 1894 970 3457 1046">
    <p class='ocr_par' dir='ltr' id='par_1_53' title="bbox 1894 970 3457 1046">
     <span class='ocr_line' id='line_1_53' title="bbox 1894 970 3457 1046; baseline -0.001 -15"><span class='ocrx_word' id='word_1_395' title='bbox 1894 976 2107 1031; x_wconf 89' lang='lat' dir='ltr'><strong><em>cumire</em></strong></span> <span class='ocrx_word' id='word_1_396' title='bbox 2144 974 2423 1029; x_wconf 91' lang='lat' dir='ltr'><strong><em>dicuntur.</em></strong></span> <span class='ocrx_word' id='word_1_397' title='bbox 2454 970 2664 1030; x_wconf 87' lang='lat' dir='ltr'><strong><em>Civitas</em></strong></span> <span class='ocrx_word' id='word_1_398' title='bbox 2712 980 2895 1030; x_wconf 86' lang='lat' dir='ltr'><strong><em>autem</em></strong></span> <span class='ocrx_word' id='word_1_399' title='bbox 2943 973 3056 1040; x_wconf 85' lang='lat' dir='ltr'><strong><em>illa,</em></strong></span> <span class='ocrx_word' id='word_1_400' title='bbox 3101 977 3457 1046; x_wconf 81' lang='lat' dir='ltr'><strong><em>quemadmo-</em></strong></span> 
     </span>
    </p>
   </div>
   <div class='ocr_carea' id='block_1_54' title="bbox 1890 1067 3454 1132">
    <p class='ocr_par' dir='ltr' id='par_1_54' title="bbox 1890 1067 3454 1132">
     <span class='ocr_line' id='line_1_54' title="bbox 1890 1067 3454 1132; baseline 0.001 -8"><span class='ocrx_word' id='word_1_401' title='bbox 1890 1068 2019 1124; x_wconf 88' lang='lat' dir='ltr'><strong><em>dum</em></strong></span> <span class='ocrx_word' id='word_1_402' title='bbox 2046 1067 2430 1132; x_wconf 87' lang='lat' dir='ltr'><strong><em>indicavimus,</em></strong></span> <span class='ocrx_word' id='word_1_403' title='bbox 2461 1067 2641 1121; x_wconf 85' lang='lat' dir='ltr'><strong><em>anima</em></strong></span> <span class='ocrx_word' id='word_1_404' title='bbox 2672 1074 2777 1131; x_wconf 89' lang='lat' dir='ltr'><strong><em>est,</em></strong></span> <span class='ocrx_word' id='word_1_405' title='bbox 2802 1068 3142 1123; x_wconf 85' lang='lat' dir='ltr'><strong><em>domicilium</em></strong></span> <span class='ocrx_word' id='word_1_406' title='bbox 3180 1070 3315 1128; x_wconf 87' lang='lat' dir='ltr'><strong><em>illud</em></strong></span> <span class='ocrx_word' id='word_1_407' title='bbox 3339 1070 3454 1126; x_wconf 85' lang='lat' dir='ltr'><strong><em>Dei.</em></strong></span> 
     </span>
    </p>
   </div>
   <div class='ocr_carea' id='block_1_55' title="bbox 1889 1157 3456 1231">
    <p class='ocr_par' dir='ltr' id='par_1_55' title="bbox 1889 1157 3456 1231">
     <span class='ocr_line' id='line_1_55' title="bbox 1889 1157 3456 1231; baseline 0.004 -18"><span class='ocrx_word' id='word_1_408' title='bbox 1889 1159 1974 1214; x_wconf 83' lang='lat' dir='ltr'><strong><em>Ab</em></strong></span> <span class='ocrx_word' id='word_1_409' title='bbox 2002 1158 2087 1213; x_wconf 90' lang='lat' dir='ltr'><strong><em>bis</em></strong></span> <span class='ocrx_word' id='word_1_410' title='bbox 2117 1157 2281 1228; x_wconf 80' lang='lat' dir='ltr'><strong><em>igitur</em></strong></span> <span class='ocrx_word' id='word_1_411' title='bbox 2343 1157 2559 1213; x_wconf 89' lang='lat' dir='ltr'><strong><em>inventa</em></strong></span> <span class='ocrx_word' id='word_1_412' title='bbox 2592 1166 2675 1213; x_wconf 88' lang='lat' dir='ltr'><strong><em>est</em></strong></span> <span class='ocrx_word' id='word_1_413' title='bbox 2702 1158 2906 1223; x_wconf 86' lang='lat' dir='ltr'><strong><em>anima,</em></strong></span> <span class='ocrx_word' id='word_1_414' title='bbox 2940 1159 3084 1215; x_wconf 83' lang='lat' dir='ltr'><strong><em>sicut</em></strong></span> <span class='ocrx_word' id='word_1_415' title='bbox 3106 1160 3398 1231; x_wconf 84' lang='lat' dir='ltr'><strong><em>aliquando</em></strong></span> <span class='ocrx_word' id='word_1_416' title='bbox 3424 1179 3456 1219; x_wconf 88' lang='lat' dir='ltr'><strong><em>a</em></strong></span> 
     </span>
    </p>
   </div>
   <div class='ocr_carea' id='block_1_56' title="bbox 1891 1247 3456 1321">
    <p class='ocr_par' dir='ltr' id='par_1_56' title="bbox 1891 1247 3456 1321">
     <span class='ocr_line' id='line_1_56' title="bbox 1891 1247 3456 1321; baseline 0.001 -16"><span class='ocrx_word' id='word_1_417' title='bbox 1891 1258 2109 1321; x_wconf 78' lang='lat' dir='ltr'><strong><em>pastore</em></strong></span> <span class='ocrx_word' id='word_1_418' title='bbox 2144 1247 2291 1303; x_wconf 92' lang='lat' dir='ltr'><strong><em>bono</em></strong></span> <span class='ocrx_word' id='word_1_419' title='bbox 2316 1256 2535 1317; x_wconf 87' lang='lat' dir='ltr'><strong><em>reperta</em></strong></span> <span class='ocrx_word' id='word_1_420' title='bbox 2564 1247 2657 1301; x_wconf 89' lang='lat' dir='ltr'><strong><em>illa</em></strong></span> <span class='ocrx_word' id='word_1_421' title='bbox 2680 1249 2801 1303; x_wconf 88' lang='lat' dir='ltr'><strong><em>ovis</em></strong></span> <span class='ocrx_word' id='word_1_422' title='bbox 2829 1254 2935 1313; x_wconf 85' lang='lat' dir='ltr'><strong><em>est,</em></strong></span> <span class='ocrx_word' id='word_1_423' title='bbox 2982 1249 3053 1304; x_wconf 90' lang='lat' dir='ltr'><strong><em>ob</em></strong></span> <span class='ocrx_word' id='word_1_424' title='bbox 3078 1265 3242 1319; x_wconf 87' lang='lat' dir='ltr'><strong><em>quam</em></strong></span> <span class='ocrx_word' id='word_1_425' title='bbox 3263 1250 3456 1308; x_wconf 81' lang='lat' dir='ltr'><strong><em>inven—</em></strong></span> 
     </span>
    </p>
   </div>
   <div class='ocr_carea' id='block_1_57' title="bbox 1892 1339 3458 1415">
    <p class='ocr_par' dir='ltr' id='par_1_57' title="bbox 1892 1339 3458 1415">
     <span class='ocr_line' id='line_1_57' title="bbox 1892 1339 3458 1415; baseline 0.004 -21"><span class='ocrx_word' id='word_1_426' title='bbox 1892 1348 2004 1395; x_wconf 91' lang='lat' dir='ltr'><strong><em>tam</em></strong></span> <span class='ocrx_word' id='word_1_427' title='bbox 2024 1354 2215 1411; x_wconf 86' lang='lat' dir='ltr'><strong><em>greges</em></strong></span> <span class='ocrx_word' id='word_1_428' title='bbox 2240 1339 2482 1394; x_wconf 86' lang='lat' dir='ltr'><strong><em>universi</em></strong></span> <span class='ocrx_word' id='word_1_429' title='bbox 2517 1339 2864 1409; x_wconf 89' lang='lat' dir='ltr'><strong><em>tripudiando</em></strong></span> <span class='ocrx_word' id='word_1_430' title='bbox 2890 1340 2959 1395; x_wconf 89' lang='lat' dir='ltr'><strong><em>ad</em></strong></span> <span class='ocrx_word' id='word_1_431' title='bbox 2988 1342 3227 1397; x_wconf 68' lang='lat' dir='ltr'><strong><em>laetitiam</em></strong></span> <span class='ocrx_word' id='word_1_432' title='bbox 3258 1344 3458 1415; x_wconf 86' lang='lat' dir='ltr'><strong><em>pariter</em></strong></span> 
     </span>
    </p>
   </div>
   <div class='ocr_carea' id='block_1_58' title="bbox 1894 1432 3458 1503">
    <p class='ocr_par' dir='ltr' id='par_1_58' title="bbox 1894 1432 3458 1503">
     <span class='ocr_line' id='line_1_58' title="bbox 1894 1432 3458 1503; baseline 0.002 -17"><span class='ocrx_word' id='word_1_433' title='bbox 1894 1432 2150 1486; x_wconf 85' lang='lat' dir='ltr'><strong><em>commoti</em></strong></span> <span class='ocrx_word' id='word_1_434' title='bbox 2196 1439 2345 1496; x_wconf 86' lang='lat' dir='ltr'><strong><em>sunt,</em></strong></span> <span class='ocrx_word' id='word_1_435' title='bbox 2394 1432 2850 1502; x_wconf 89' lang='lat' dir='ltr'><strong><em>quemadmodum</em></strong></span> <span class='ocrx_word' id='word_1_436' title='bbox 2898 1433 3015 1503; x_wconf 87' lang='lat' dir='ltr'><strong><em>ipse</em></strong></span> <span class='ocrx_word' id='word_1_437' title='bbox 3067 1433 3328 1491; x_wconf 79' lang='lat' dir='ltr'><strong><em>Dominus</em></strong></span> <span class='ocrx_word' id='word_1_438' title='bbox 3360 1438 3458 1491; x_wconf 85' lang='lat' dir='ltr'><strong><em>ait.</em></strong></span> 
     </span>
    </p>
   </div>
   <div class='ocr_carea' id='block_1_59' title="bbox 1896 1521 3456 1594">
    <p class='ocr_par' dir='ltr' id='par_1_59' title="bbox 1896 1521 3456 1594">
     <span class='ocr_line' id='line_1_59' title="bbox 1896 1521 3456 1594; baseline 0.002 -17"><span class='ocrx_word' id='word_1_439' title='bbox 1896 1521 1989 1579; x_wconf 88' lang='lat' dir='ltr'><strong><em>Sic</em></strong></span> <span class='ocrx_word' id='word_1_440' title='bbox 2003 1538 2099 1593; x_wconf 88' lang='lat' dir='ltr'><strong><em>per</em></strong></span> <span class='ocrx_word' id='word_1_441' title='bbox 2116 1522 2394 1578; x_wconf 83' lang='lat' dir='ltr'><strong><em>lucernam</em></strong></span> <span class='ocrx_word' id='word_1_442' title='bbox 2424 1522 2718 1594; x_wconf 84' lang='lat' dir='ltr'><strong><em>aliquando</em></strong></span> <span class='ocrx_word' id='word_1_443' title='bbox 2746 1532 2803 1578; x_wconf 88' lang='lat' dir='ltr'><strong><em>et</em></strong></span> <span class='ocrx_word' id='word_1_444' title='bbox 2824 1524 3087 1580; x_wconf 81' lang='lat' dir='ltr'><strong><em>drachma</em></strong></span> <span class='ocrx_word' id='word_1_445' title='bbox 3117 1533 3328 1593; x_wconf 83' lang='lat' dir='ltr'><strong><em>reperta</em></strong></span> <span class='ocrx_word' id='word_1_446' title='bbox 3350 1537 3456 1590; x_wconf 88' lang='lat' dir='ltr'><strong><em>est,</em></strong></span> 
     </span>
    </p>
   </div>
   <div class='ocr_carea' id='block_1_60' title="bbox 1895 1614 3457 1686">
    <p class='ocr_par' dir='ltr' id='par_1_60' title="bbox 1895 1614 3457 1686">
     <span class='ocr_line' id='line_1_60' title="bbox 1895 1614 3457 1686; baseline 0.001 -16"><span class='ocrx_word' id='word_1_447' title='bbox 1895 1615 1967 1671; x_wconf 90' lang='lat' dir='ltr'><strong><em>ob</em></strong></span> <span class='ocrx_word' id='word_1_448' title='bbox 1979 1629 2140 1686; x_wconf 90' lang='lat' dir='ltr'><strong><em>quam</em></strong></span> <span class='ocrx_word' id='word_1_449' title='bbox 2160 1616 2414 1671; x_wconf 77' lang='lat' dir='ltr'><strong><em>laetantur</em></strong></span> <span class='ocrx_word' id='word_1_450' title='bbox 2437 1616 2598 1670; x_wconf 87' lang='lat' dir='ltr'><strong><em>amici</em></strong></span> <span class='ocrx_word' id='word_1_451' title='bbox 2616 1630 2680 1671; x_wconf 91' lang='lat' dir='ltr'><strong><em>ac</em></strong></span> <span class='ocrx_word' id='word_1_452' title='bbox 2700 1614 3071 1672; x_wconf 88' lang='lat' dir='ltr'><strong><em>viciniomnes</em></strong></span> <span class='ocrx_word' id='word_1_453' title='bbox 3092 1618 3157 1671; x_wconf 75' lang='lat'><strong><em>&quot;.</em></strong></span> <span class='ocrx_word' id='word_1_454' title='bbox 3189 1615 3279 1673; x_wconf 87' lang='lat' dir='ltr'><strong><em>Sic</em></strong></span> <span class='ocrx_word' id='word_1_455' title='bbox 3293 1618 3457 1674; x_wconf 85' lang='lat' dir='ltr'><strong><em>etiam</em></strong></span> 
     </span>
    </p>
   </div>
   <div class='ocr_carea' id='block_1_61' title="bbox 1896 1707 3460 1779">
    <p class='ocr_par' dir='ltr' id='par_1_61' title="bbox 1896 1707 3460 1779">
     <span class='ocr_line' id='line_1_61' title="bbox 1896 1707 3460 1779; baseline 0.003 -16"><span class='ocrx_word' id='word_1_456' title='bbox 1896 1723 2089 1764; x_wconf 89' lang='lat' dir='ltr'><strong><em>servus</em></strong></span> <span class='ocrx_word' id='word_1_457' title='bbox 2148 1708 2240 1764; x_wconf 91' lang='lat' dir='ltr'><strong><em>ille</em></strong></span> <span class='ocrx_word' id='word_1_458' title='bbox 2295 1707 2388 1764; x_wconf 91' lang='lat' dir='ltr'><strong><em>Dei</em></strong></span> <span class='ocrx_word' id='word_1_459' title='bbox 2435 1708 2603 1764; x_wconf 88' lang='lat' dir='ltr'><strong><em>David</em></strong></span> <span class='ocrx_word' id='word_1_460' title='bbox 2666 1709 2953 1779; x_wconf 84' lang='lat' dir='ltr'><strong><em>reperitur,</em></strong></span> <span class='ocrx_word' id='word_1_461' title='bbox 3008 1711 3460 1779; x_wconf 82' lang='lat' dir='ltr'><strong><em>quemadmodum</em></strong></span> 
     </span>
    </p>
   </div>
   <div class='ocr_carea' id='block_1_62' title="bbox 1898 1800 3461 1871">
    <p class='ocr_par' dir='ltr' id='par_1_62' title="bbox 1898 1800 3461 1871">
     <span class='ocr_line' id='line_1_62' title="bbox 1898 1800 3461 1871; baseline 0.002 -16"><span class='ocrx_word' id='word_1_462' title='bbox 1898 1801 2141 1869; x_wconf 84' lang='lat' dir='ltr'><strong><em>psalmus</em></strong></span> <span class='ocrx_word' id='word_1_463' title='bbox 2192 1801 2245 1854; x_wconf 92' lang='lat' dir='ltr'><strong><em>in</em></strong></span> <span class='ocrx_word' id='word_1_464' title='bbox 2284 1816 2520 1870; x_wconf 81' lang='lat' dir='ltr'><strong><em>persona</em></strong></span> <span class='ocrx_word' id='word_1_465' title='bbox 2544 1800 2636 1857; x_wconf 91' lang='lat' dir='ltr'><strong><em>Dei</em></strong></span> <span class='ocrx_word' id='word_1_466' title='bbox 2678 1802 2957 1871; x_wconf 87' lang='lat' dir='ltr'><strong><em>loquitur:</em></strong></span> <span class='ocrx_word' id='word_1_467' title='bbox 2992 1801 3172 1857; x_wconf 81' lang='lat' dir='ltr'><strong><em>Inveni</em></strong></span> <span class='ocrx_word' id='word_1_468' title='bbox 3210 1802 3461 1859; x_wconf 78' lang='lat' dir='ltr'><strong><em>Davidetn</em></strong></span> 
     </span>
    </p>
   </div>
   <div class='ocr_carea' id='block_1_63' title="bbox 1897 1899 3463 1965">
    <p class='ocr_par' dir='ltr' id='par_1_63' title="bbox 1897 1899 3463 1965">
     <span class='ocr_line' id='line_1_63' title="bbox 1897 1899 3463 1965; baseline 0.007 -15"><span class='ocrx_word' id='word_1_469' title='bbox 1897 1913 2100 1951; x_wconf 77' lang='lat' dir='ltr'><strong><em>seruum</em></strong></span> <span class='ocrx_word' id='word_1_470' title='bbox 2126 1915 2318 1965; x_wconf 84' lang='lat' dir='ltr'><strong><em>meum,</em></strong></span> <span class='ocrx_word' id='word_1_471' title='bbox 2342 1899 2454 1953; x_wconf 90' lang='lat' dir='ltr'><strong><em>oleo</em></strong></span> <span class='ocrx_word' id='word_1_472' title='bbox 2481 1916 2593 1954; x_wconf 82' lang='lat' dir='ltr'><strong><em>meo</em></strong></span> <span class='ocrx_word' id='word_1_473' title='bbox 2617 1916 2770 1955; x_wconf 88' lang='lat' dir='ltr'><strong><em>sacro</em></strong></span> <span class='ocrx_word' id='word_1_474' title='bbox 2792 1902 2977 1955; x_wconf 69' lang='lat' dir='ltr'><strong><em>inunzi</em></strong></span> <span class='ocrx_word' id='word_1_475' title='bbox 2996 1918 3113 1957; x_wconf 85' lang='lat' dir='ltr'><strong><em>eum</em></strong></span> <span class='ocrx_word' id='word_1_476' title='bbox 3147 1904 3213 1956; x_wconf 87' lang='grc'><strong><em>⁷⁸.</em></strong></span> <span class='ocrx_word' id='word_1_477' title='bbox 3238 1901 3463 1961; x_wconf 81' lang='lat' dir='ltr'><strong><em>Postea-</em></strong></span> 
     </span>
    </p>
   </div>
   <div class='ocr_carea' id='block_1_64' title="bbox 1897 1989 3461 2065">
    <p class='ocr_par' dir='ltr' id='par_1_64' title="bbox 1897 1989 3461 2065">
     <span class='ocr_line' id='line_1_64' title="bbox 1897 1989 3461 2065; baseline 0.007 -24"><span class='ocrx_word' id='word_1_478' title='bbox 1897 2002 2060 2058; x_wconf 85' lang='lat' dir='ltr'><strong><em>quam</em></strong></span> <span class='ocrx_word' id='word_1_479' title='bbox 2093 2004 2222 2044; x_wconf 90' lang='lat' dir='ltr'><strong><em>vero</em></strong></span> <span class='ocrx_word' id='word_1_480' title='bbox 2250 1989 2299 2045; x_wconf 90' lang='lat' dir='ltr'><strong><em>is</em></strong></span> <span class='ocrx_word' id='word_1_481' title='bbox 2338 1990 2619 2059; x_wconf 87' lang='lat' dir='ltr'><strong><em>possessio</em></strong></span> <span class='ocrx_word' id='word_1_482' title='bbox 2681 1990 2830 2048; x_wconf 88' lang='lat' dir='ltr'><strong><em>illius</em></strong></span> <span class='ocrx_word' id='word_1_483' title='bbox 2860 2008 2985 2050; x_wconf 90' lang='lat' dir='ltr'><strong><em>esse</em></strong></span> <span class='ocrx_word' id='word_1_484' title='bbox 3009 1994 3175 2063; x_wconf 62' lang='lat' dir='ltr'><strong><em>carpit</em></strong></span> <span class='ocrx_word' id='word_1_485' title='bbox 3201 1994 3292 2065; x_wconf 86' lang='lat' dir='ltr'><strong><em>qui</em></strong></span> <span class='ocrx_word' id='word_1_486' title='bbox 3338 2011 3461 2051; x_wconf 90' lang='lat' dir='ltr'><strong><em>eum</em></strong></span> 
     </span>
    </p>
   </div>
   <div class='ocr_carea' id='block_1_65' title="bbox 1898 2082 3459 2155">
    <p class='ocr_par' dir='ltr' id='par_1_65' title="bbox 1898 2082 3459 2155">
     <span class='ocr_line' id='line_1_65' title="bbox 1898 2082 3459 2155; baseline 0.005 -20"><span class='ocrx_word' id='word_1_487' title='bbox 1898 2089 2194 2150; x_wconf 84' lang='lat' dir='ltr'><strong><em>repererat,</em></strong></span> <span class='ocrx_word' id='word_1_488' title='bbox 2230 2082 2519 2139; x_wconf 87' lang='lat' dir='ltr'><strong><em>audiamus</em></strong></span> <span class='ocrx_word' id='word_1_489' title='bbox 2553 2084 2738 2154; x_wconf 88' lang='lat' dir='ltr'><strong><em>qualia</em></strong></span> <span class='ocrx_word' id='word_1_490' title='bbox 2775 2093 3149 2155; x_wconf 78' lang='lat' dir='ltr'><strong><em>consequatur</em></strong></span> <span class='ocrx_word' id='word_1_491' title='bbox 3190 2101 3204 2144; x_wconf 88' lang='lat'><strong>:</strong></span> <span class='ocrx_word' id='word_1_492' title='bbox 3243 2087 3459 2152; x_wconf 73' lang='lat' dir='ltr'><strong><em>Manus,</em></strong></span> 
     </span>
    </p>
   </div>
   <div class='ocr_carea' id='block_1_66' title="bbox 1898 2172 3464 2243">
    <p class='ocr_par' dir='ltr' id='par_1_66' title="bbox 1898 2172 3464 2243">
     <span class='ocr_line' id='line_1_66' title="bbox 1898 2172 3464 2243; baseline 0.004 -17"><span class='ocrx_word' id='word_1_493' title='bbox 1898 2172 2098 2243; x_wconf 90' lang='lat' dir='ltr'><strong><em>inquit,</em></strong></span> <span class='ocrx_word' id='word_1_494' title='bbox 2152 2189 2268 2227; x_wconf 89' lang='lat' dir='ltr'><strong><em>mea</em></strong></span> <span class='ocrx_word' id='word_1_495' title='bbox 2297 2174 2426 2242; x_wconf 76' lang='lat' dir='ltr'><strong><em>feret</em></strong></span> <span class='ocrx_word' id='word_1_496' title='bbox 2465 2174 2566 2242; x_wconf 85' lang='lat' dir='ltr'><strong><em>ipsi</em></strong></span> <span class='ocrx_word' id='word_1_497' title='bbox 2607 2184 2843 2242; x_wconf 82' lang='lat' dir='ltr'><strong><em>opem,st</em></strong></span> <span class='ocrx_word' id='word_1_498' title='bbox 2876 2174 3149 2230; x_wconf 74' lang='lat' dir='ltr'><strong><em>brachium</em></strong></span> <span class='ocrx_word' id='word_1_499' title='bbox 3180 2193 3350 2232; x_wconf 82' lang='lat' dir='ltr'><strong><em>meum</em></strong></span> <span class='ocrx_word' id='word_1_500' title='bbox 3374 2194 3464 2232; x_wconf 88' lang='lat' dir='ltr'><strong><em>ro—</em></strong></span> 
     </span>
    </p>
   </div>
   <div class='ocr_carea' id='block_1_67' title="bbox 1900 2263 3463 2337">
    <p class='ocr_par' dir='ltr' id='par_1_67' title="bbox 1900 2263 3463 2337">
     <span class='ocr_line' id='line_1_67' title="bbox 1900 2263 3463 2337; baseline 0.005 -20"><span class='ocrx_word' id='word_1_501' title='bbox 1900 2263 1999 2318; x_wconf 91' lang='lat' dir='ltr'><strong><em>bur</em></strong></span> <span class='ocrx_word' id='word_1_502' title='bbox 2026 2264 2183 2319; x_wconf 80' lang='lat' dir='ltr'><strong><em>addet</em></strong></span> <span class='ocrx_word' id='word_1_503' title='bbox 2208 2266 2278 2319; x_wconf 88' lang='lat' dir='ltr'><strong><em>ei.</em></strong></span> <span class='ocrx_word' id='word_1_504' title='bbox 2314 2264 2464 2320; x_wconf 84' lang='lat' dir='ltr'><strong><em>Nihil</em></strong></span> <span class='ocrx_word' id='word_1_505' title='bbox 2484 2267 2540 2321; x_wconf 82' lang='lat' dir='ltr'><strong><em>in</em></strong></span> <span class='ocrx_word' id='word_1_506' title='bbox 2556 2283 2619 2322; x_wconf 89' lang='lat' dir='ltr'><strong><em>eo</em></strong></span> <span class='ocrx_word' id='word_1_507' title='bbox 2643 2267 2882 2337; x_wconf 79' lang='lat' dir='ltr'><strong><em>proﬁciet</em></strong></span> <span class='ocrx_word' id='word_1_508' title='bbox 2911 2268 3103 2334; x_wconf 76' lang='lat' dir='ltr'><strong><em>hostis,</em></strong></span> <span class='ocrx_word' id='word_1_509' title='bbox 3126 2280 3175 2323; x_wconf 83' lang='lat' dir='ltr'><strong><em>et</em></strong></span> <span class='ocrx_word' id='word_1_510' title='bbox 3196 2270 3340 2337; x_wconf 85' lang='lat' dir='ltr'><strong><em>ﬁlius</em></strong></span> <span class='ocrx_word' id='word_1_511' title='bbox 3362 2272 3463 2325; x_wconf 86' lang='lat' dir='ltr'><strong><em>ini-</em></strong></span> 
     </span>
    </p>
   </div>
   <div class='ocr_carea' id='block_1_68' title="bbox 1897 2357 3462 2429">
    <p class='ocr_par' dir='ltr' id='par_1_68' title="bbox 1897 2357 3462 2429">
     <span class='ocr_line' id='line_1_68' title="bbox 1897 2357 3462 2429; baseline 0.004 -20"><span class='ocrx_word' id='word_1_512' title='bbox 1897 2357 2119 2427; x_wconf 86' lang='lat' dir='ltr'><strong><em>quitatis</em></strong></span> <span class='ocrx_word' id='word_1_513' title='bbox 2171 2373 2274 2411; x_wconf 85' lang='lat' dir='ltr'><strong><em>non</em></strong></span> <span class='ocrx_word' id='word_1_514' title='bbox 2331 2357 2560 2426; x_wconf 81' lang='lat' dir='ltr'><strong><em>amplius</em></strong></span> <span class='ocrx_word' id='word_1_515' title='bbox 2618 2359 2808 2429; x_wconf 60' lang='lat' dir='ltr'><strong><em>afﬂiget</em></strong></span> <span class='ocrx_word' id='word_1_516' title='bbox 2862 2359 3059 2427; x_wconf 84' lang='lat' dir='ltr'><strong><em>ipsum.</em></strong></span> <span class='ocrx_word' id='word_1_517' title='bbox 3118 2361 3462 2416; x_wconf 78' lang='lat' dir='ltr'><strong><em>Adversarius</em></strong></span> 
     </span>
    </p>
   </div>
   <div class='ocr_carea' id='block_1_69' title="bbox 1898 2448 3464 2523">
    <p class='ocr_par' dir='ltr' id='par_1_69' title="bbox 1898 2448 3464 2523">
     <span class='ocr_line' id='line_1_69' title="bbox 1898 2448 3464 2523; baseline 0.004 -21"><span class='ocrx_word' id='word_1_518' title='bbox 1898 2448 2012 2517; x_wconf 83' lang='lat' dir='ltr'><strong><em>ejus</em></strong></span> <span class='ocrx_word' id='word_1_519' title='bbox 2055 2466 2087 2502; x_wconf 88' lang='lat' dir='ltr'><strong><em>a</em></strong></span> <span class='ocrx_word' id='word_1_520' title='bbox 2125 2449 2261 2518; x_wconf 83' lang='lat' dir='ltr'><strong><em>facie</em></strong></span> <span class='ocrx_word' id='word_1_521' title='bbox 2310 2449 2474 2515; x_wconf 79' lang='lat' dir='ltr'><strong><em>ipsius</em></strong></span> <span class='ocrx_word' id='word_1_522' title='bbox 2526 2450 2825 2514; x_wconf 83' lang='lat' dir='ltr'><strong><em>concidam,</em></strong></span> <span class='ocrx_word' id='word_1_523' title='bbox 2863 2459 2913 2504; x_wconf 88' lang='lat' dir='ltr'><strong><em>et</em></strong></span> <span class='ocrx_word' id='word_1_524' title='bbox 2943 2460 3239 2506; x_wconf 78' lang='lat' dir='ltr'><strong><em>convertam</em></strong></span> <span class='ocrx_word' id='word_1_525' title='bbox 3272 2454 3327 2507; x_wconf 85' lang='lat' dir='ltr'><strong><em>in</em></strong></span> <span class='ocrx_word' id='word_1_526' title='bbox 3375 2453 3464 2523; x_wconf 82' lang='lat' dir='ltr'><strong><em>fu-</em></strong></span> 
     </span>
    </p>
   </div>
   <div class='ocr_carea' id='block_1_70' title="bbox 1898 2539 3465 2612">
    <p class='ocr_par' dir='ltr' id='par_1_70' title="bbox 1898 2539 3465 2612">
     <span class='ocr_line' id='line_1_70' title="bbox 1898 2539 3465 2612; baseline 0.004 -18"><span class='ocrx_word' id='word_1_527' title='bbox 1898 2558 2019 2612; x_wconf 86' lang='lat' dir='ltr'><strong><em>gam</em></strong></span> <span class='ocrx_word' id='word_1_528' title='bbox 2058 2541 2181 2595; x_wconf 89' lang='lat' dir='ltr'><strong><em>illos</em></strong></span> <span class='ocrx_word' id='word_1_529' title='bbox 2238 2541 2327 2611; x_wconf 85' lang='lat' dir='ltr'><strong><em>qui</em></strong></span> <span class='ocrx_word' id='word_1_530' title='bbox 2378 2539 2502 2599; x_wconf 82' lang='lat' dir='ltr'><strong><em>odio</em></strong></span> <span class='ocrx_word' id='word_1_531' title='bbox 2537 2542 2707 2610; x_wconf 77' lang='lat' dir='ltr'><strong><em>ipsum</em></strong></span> <span class='ocrx_word' id='word_1_532' title='bbox 2746 2552 3122 2611; x_wconf 82' lang='lat' dir='ltr'><strong><em>persequuntur</em></strong></span> <span class='ocrx_word' id='word_1_533' title='bbox 3139 2543 3206 2598; x_wconf 81' lang='grc'><strong><em>’⁸.</em></strong></span> <span class='ocrx_word' id='word_1_534' title='bbox 3255 2542 3465 2610; x_wconf 77' lang='lat' dir='ltr'><strong><em>Quibus</em></strong></span> 
     </span>
    </p>
   </div>
   <div class='ocr_carea' id='block_1_71' title="bbox 1900 2626 3466 2699">
    <p class='ocr_par' dir='ltr' id='par_1_71' title="bbox 1900 2626 3466 2699">
     <span class='ocr_line' id='line_1_71' title="bbox 1900 2626 3466 2699; baseline 0.006 -20"><span class='ocrx_word' id='word_1_535' title='bbox 1900 2626 2039 2681; x_wconf 87' lang='lat' dir='ltr'><strong><em>adde</em></strong></span> <span class='ocrx_word' id='word_1_536' title='bbox 2087 2635 2284 2681; x_wconf 60' lang='lat' dir='ltr'><strong><em>caetera</em></strong></span> <span class='ocrx_word' id='word_1_537' title='bbox 2330 2644 2668 2698; x_wconf 68' lang='lat' dir='ltr'><strong><em>quaecunque</em></strong></span> <span class='ocrx_word' id='word_1_538' title='bbox 2712 2629 2849 2685; x_wconf 90' lang='lat' dir='ltr'><strong><em>bene</em></strong></span> <span class='ocrx_word' id='word_1_539' title='bbox 2882 2632 3157 2699; x_wconf 86' lang='lat' dir='ltr'><strong><em>precantis</em></strong></span> <span class='ocrx_word' id='word_1_540' title='bbox 3188 2632 3279 2687; x_wconf 89' lang='lat' dir='ltr'><strong><em>ille</em></strong></span> <span class='ocrx_word' id='word_1_541' title='bbox 3310 2642 3466 2688; x_wconf 75' lang='lat' dir='ltr'><strong><em>cata-</em></strong></span> 
     </span>
    </p>
   </div>
   <div class='ocr_carea' id='block_1_72' title="bbox 1900 2718 3466 2788">
    <p class='ocr_par' dir='ltr' id='par_1_72' title="bbox 1900 2718 3466 2788">
     <span class='ocr_line' id='line_1_72' title="bbox 1900 2718 3466 2788; baseline 0.006 -17"><span class='ocrx_word' id='word_1_542' title='bbox 1900 2718 2056 2788; x_wconf 89' lang='lat' dir='ltr'><strong><em>logus</em></strong></span> <span class='ocrx_word' id='word_1_543' title='bbox 2112 2720 2375 2773; x_wconf 82' lang='lat' dir='ltr'><strong><em>continet.</em></strong></span> <span class='ocrx_word' id='word_1_544' title='bbox 2410 2718 2777 2785; x_wconf 85' lang='lat' dir='ltr'><strong><em>Quamobrem</em></strong></span> <span class='ocrx_word' id='word_1_545' title='bbox 2808 2719 3012 2776; x_wconf 87' lang='lat' dir='ltr'><strong><em>bonum</em></strong></span> <span class='ocrx_word' id='word_1_546' title='bbox 3055 2731 3138 2777; x_wconf 89' lang='lat' dir='ltr'><strong><em>est</em></strong></span> <span class='ocrx_word' id='word_1_547' title='bbox 3168 2721 3367 2779; x_wconf 72' lang='lat' dir='ltr'><strong><em>oll‘endi</em></strong></span> <span class='ocrx_word' id='word_1_548' title='bbox 3397 2724 3466 2781; x_wconf 89' lang='lat' dir='ltr'><strong><em>ab</em></strong></span> 
     </span>
    </p>
   </div>
   <div class='ocr_carea' id='block_1_73' title="bbox 1901 2806 3463 2877">
    <p class='ocr_par' dir='ltr' id='par_1_73' title="bbox 1901 2806 3463 2877">
     <span class='ocr_line' id='line_1_73' title="bbox 1901 2806 3463 2877; baseline 0.006 -18"><span class='ocrx_word' id='word_1_549' title='bbox 1901 2806 2129 2877; x_wconf 82' lang='lat' dir='ltr'><strong><em>angelis,</em></strong></span> <span class='ocrx_word' id='word_1_550' title='bbox 2163 2807 2255 2877; x_wconf 91' lang='lat' dir='ltr'><strong><em>qui</em></strong></span> <span class='ocrx_word' id='word_1_551' title='bbox 2279 2808 2580 2874; x_wconf 87' lang='lat' dir='ltr'><strong><em>civitatem,</em></strong></span> <span class='ocrx_word' id='word_1_552' title='bbox 2599 2809 2839 2862; x_wconf 90' lang='lat' dir='ltr'><strong><em>animam</em></strong></span> <span class='ocrx_word' id='word_1_553' title='bbox 2868 2810 3081 2866; x_wconf 73' lang='lat' dir='ltr'><strong><em>scilicet</em></strong></span> <span class='ocrx_word' id='word_1_554' title='bbox 3102 2813 3463 2871; x_wconf 85' lang='lat' dir='ltr'><strong><em>circumeunt.</em></strong></span> 
     </span>
    </p>
   </div>
   <div class='ocr_carea' id='block_1_74' title="bbox 1903 2900 3462 2972">
    <p class='ocr_par' dir='ltr' id='par_1_74' title="bbox 1903 2900 3462 2972">
     <span class='ocr_line' id='line_1_74' title="bbox 1903 2900 3462 2972; baseline 0.006 -20"><span class='ocrx_word' id='word_1_555' title='bbox 1903 2900 1994 2954; x_wconf 89' lang='lat' dir='ltr'><strong><em>Sic</em></strong></span> <span class='ocrx_word' id='word_1_556' title='bbox 2018 2900 2220 2955; x_wconf 89' lang='lat' dir='ltr'><strong><em>sentire</em></strong></span> <span class='ocrx_word' id='word_1_557' title='bbox 2252 2916 2355 2956; x_wconf 87' lang='lat' dir='ltr'><strong><em>nos</em></strong></span> <span class='ocrx_word' id='word_1_558' title='bbox 2386 2915 2613 2971; x_wconf 84' lang='lat' dir='ltr'><strong><em>magnus</em></strong></span> <span class='ocrx_word' id='word_1_559' title='bbox 2644 2901 2735 2956; x_wconf 86' lang='lat' dir='ltr'><strong><em>ille</em></strong></span> <span class='ocrx_word' id='word_1_560' title='bbox 2762 2900 2932 2957; x_wconf 83' lang='lat' dir='ltr'><strong><em>David</em></strong></span> <span class='ocrx_word' id='word_1_561' title='bbox 2959 2903 3136 2972; x_wconf 83' lang='lat' dir='ltr'><strong><em>jubet,</em></strong></span> <span class='ocrx_word' id='word_1_562' title='bbox 3196 2921 3316 2960; x_wconf 83' lang='lat' dir='ltr'><strong><em>cum</em></strong></span> <span class='ocrx_word' id='word_1_563' title='bbox 3345 2906 3423 2960; x_wconf 86' lang='lat' dir='ltr'><strong><em>ait</em></strong></span> <span class='ocrx_word' id='word_1_564' title='bbox 3449 2925 3462 2961; x_wconf 93' lang='lat'><strong>:</strong></span> 
     </span>
    </p>
   </div>
   <div class='ocr_carea' id='block_1_75' title="bbox 1902 2990 3468 3063">
    <p class='ocr_par' dir='ltr' id='par_1_75' title="bbox 1902 2990 3468 3063">
     <span class='ocr_line' id='line_1_75' title="bbox 1902 2990 3468 3063; baseline 0.004 -17"><span class='ocrx_word' id='word_1_565' title='bbox 1902 2991 2383 3046; x_wconf 83' lang='lat' dir='ltr'><strong><em>Castrametabitur</em></strong></span> <span class='ocrx_word' id='word_1_566' title='bbox 2441 2990 2657 3062; x_wconf 83' lang='lat' dir='ltr'><strong><em>angelus</em></strong></span> <span class='ocrx_word' id='word_1_567' title='bbox 2709 2990 2921 3047; x_wconf 85' lang='lat' dir='ltr'><strong><em>Domini</em></strong></span> <span class='ocrx_word' id='word_1_568' title='bbox 2980 2996 3202 3063; x_wconf 81' lang='lat' dir='ltr'><strong><em>undique</em></strong></span> <span class='ocrx_word' id='word_1_569' title='bbox 3267 2997 3468 3052; x_wconf 73' lang='lat' dir='ltr'><strong><em>circum</em></strong></span> 
     </span>
    </p>
   </div>
   <div class='ocr_carea' id='block_1_76' title="bbox 1903 3082 3468 3157">
    <p class='ocr_par' dir='ltr' id='par_1_76' title="bbox 1903 3082 3468 3157">
     <span class='ocr_line' id='line_1_76' title="bbox 1903 3082 3468 3157; baseline 0.006 -21"><span class='ocrx_word' id='word_1_570' title='bbox 1903 3085 2141 3138; x_wconf 85' lang='lat' dir='ltr'><strong><em>timentes</em></strong></span> <span class='ocrx_word' id='word_1_571' title='bbox 2179 3100 2321 3149; x_wconf 86' lang='lat' dir='ltr'><strong><em>eum,</em></strong></span> <span class='ocrx_word' id='word_1_572' title='bbox 2352 3092 2403 3139; x_wconf 85' lang='lat' dir='ltr'><strong><em>et</em></strong></span> <span class='ocrx_word' id='word_1_573' title='bbox 2435 3082 2680 3138; x_wconf 80' lang='lat' dir='ltr'><strong><em>liberabit</em></strong></span> <span class='ocrx_word' id='word_1_574' title='bbox 2702 3083 2823 3139; x_wconf 83' lang='lat' dir='ltr'><strong><em>illos</em></strong></span> <span class='ocrx_word' id='word_1_575' title='bbox 2854 3085 2920 3138; x_wconf 81' lang='grc'><strong><em>⁷⁷.</em></strong></span> <span class='ocrx_word' id='word_1_576' title='bbox 2952 3084 3083 3151; x_wconf 62' lang='lat' dir='ltr'><strong><em>Quae</em></strong></span> <span class='ocrx_word' id='word_1_577' title='bbox 3114 3088 3279 3157; x_wconf 87' lang='lat' dir='ltr'><strong><em>igitur</em></strong></span> <span class='ocrx_word' id='word_1_578' title='bbox 3303 3090 3380 3144; x_wconf 86' lang='lat' dir='ltr'><strong><em>ait</em></strong></span> <span class='ocrx_word' id='word_1_579' title='bbox 3406 3105 3468 3146; x_wconf 76' lang='lat' dir='ltr'><strong><em>se</em></strong></span> 
     </span>
    </p>
   </div>
   <div class='ocr_carea' id='block_1_77' title="bbox 1901 3178 3467 3251">
    <p class='ocr_par' dir='ltr' id='par_1_77' title="bbox 1901 3178 3467 3251">
     <span class='ocr_line' id='line_1_77' title="bbox 1901 3178 3467 3251; baseline 0.004 -19"><span class='ocrx_word' id='word_1_580' title='bbox 1901 3179 2233 3234; x_wconf 88' lang='lat' dir='ltr'><strong><em>verberatam</em></strong></span> <span class='ocrx_word' id='word_1_581' title='bbox 2254 3192 2285 3231; x_wconf 88' lang='lat' dir='ltr'><strong><em>a</em></strong></span> <span class='ocrx_word' id='word_1_582' title='bbox 2310 3178 2660 3243; x_wconf 86' lang='lat' dir='ltr'><strong><em>custodibus,</em></strong></span> <span class='ocrx_word' id='word_1_583' title='bbox 2682 3178 2949 3247; x_wconf 73' lang='lat' dir='ltr'><strong><em>gloriatur</em></strong></span> <span class='ocrx_word' id='word_1_584' title='bbox 2981 3195 3041 3235; x_wconf 90' lang='lat' dir='ltr'><strong><em>se</em></strong></span> <span class='ocrx_word' id='word_1_585' title='bbox 3071 3181 3122 3234; x_wconf 89' lang='lat' dir='ltr'><strong><em>in</em></strong></span> <span class='ocrx_word' id='word_1_586' title='bbox 3142 3182 3384 3251; x_wconf 76' lang='lat' dir='ltr'><strong><em>profectu</em></strong></span> <span class='ocrx_word' id='word_1_587' title='bbox 3397 3184 3467 3239; x_wconf 83' lang='lat' dir='ltr'><strong><em>ad</em></strong></span> 
     </span>
    </p>
   </div>
   <div class='ocr_carea' id='block_1_78' title="bbox 1904 3270 3470 3343">
    <p class='ocr_par' dir='ltr' id='par_1_78' title="bbox 1904 3270 3470 3343">
     <span class='ocr_line' id='line_1_78' title="bbox 1904 3270 3470 3343; baseline 0.006 -19"><span class='ocrx_word' id='word_1_588' title='bbox 1904 3271 2097 3326; x_wconf 89' lang='lat' dir='ltr'><strong><em>altiora</em></strong></span> <span class='ocrx_word' id='word_1_589' title='bbox 2167 3270 2419 3326; x_wconf 88' lang='lat' dir='ltr'><strong><em>nonnihil</em></strong></span> <span class='ocrx_word' id='word_1_590' title='bbox 2480 3271 2813 3326; x_wconf 88' lang='lat' dir='ltr'><strong><em>accessionis</em></strong></span> <span class='ocrx_word' id='word_1_591' title='bbox 2873 3283 3246 3328; x_wconf 76' lang='lat' dir='ltr'><strong><em>consecutam.</em></strong></span> <span class='ocrx_word' id='word_1_592' title='bbox 3311 3273 3470 3343; x_wconf 84' lang='lat' dir='ltr'><strong><em>Quod</em></strong></span> 
     </span>
    </p>
   </div>
   <div class='ocr_carea' id='block_1_79' title="bbox 1904 3364 3471 3433">
    <p class='ocr_par' dir='ltr' id='par_1_79' title="bbox 1904 3364 3471 3433">
     <span class='ocr_line' id='line_1_79' title="bbox 1904 3364 3471 3433; baseline 0.005 -15"><span class='ocrx_word' id='word_1_593' title='bbox 1904 3371 2083 3420; x_wconf 88' lang='lat' dir='ltr'><strong><em>autem</em></strong></span> <span class='ocrx_word' id='word_1_594' title='bbox 2113 3364 2452 3418; x_wconf 87' lang='lat' dir='ltr'><strong><em>vulneratam</em></strong></span> <span class='ocrx_word' id='word_1_595' title='bbox 2497 3378 2558 3418; x_wconf 86' lang='lat' dir='ltr'><strong><em>se</em></strong></span> <span class='ocrx_word' id='word_1_596' title='bbox 2582 3378 2801 3433; x_wconf 91' lang='lat' dir='ltr'><strong><em>quoque</em></strong></span> <span class='ocrx_word' id='word_1_597' title='bbox 2825 3373 3214 3420; x_wconf 87' lang='lat' dir='ltr'><strong><em>commemorat</em></strong></span> <span class='ocrx_word' id='word_1_598' title='bbox 3239 3404 3254 3429; x_wconf 87' lang='lat'><strong><em>,</em></strong></span> <span class='ocrx_word' id='word_1_599' title='bbox 3288 3366 3343 3423; x_wconf 90' lang='lat' dir='ltr'><strong><em>in</em></strong></span> <span class='ocrx_word' id='word_1_600' title='bbox 3398 3384 3471 3425; x_wconf 84' lang='lat' dir='ltr'><strong><em>eo</em></strong></span> 
     </span>
    </p>
   </div>
   <div class='ocr_carea' id='block_1_80' title="bbox 1903 3456 3465 3527">
    <p class='ocr_par' dir='ltr' id='par_1_80' title="bbox 1903 3456 3465 3527">
     <span class='ocr_line' id='line_1_80' title="bbox 1903 3456 3465 3527; baseline 0.004 -15"><span class='ocrx_word' id='word_1_601' title='bbox 1903 3457 2142 3512; x_wconf 87' lang='lat' dir='ltr'><strong><em>declarat</em></strong></span> <span class='ocrx_word' id='word_1_602' title='bbox 2182 3456 2347 3510; x_wconf 88' lang='lat' dir='ltr'><strong><em>ictum</em></strong></span> <span class='ocrx_word' id='word_1_603' title='bbox 2411 3456 2608 3512; x_wconf 66' lang='lat' dir='ltr'><strong><em>divina:</em></strong></span> <span class='ocrx_word' id='word_1_604' title='bbox 2670 3458 2837 3526; x_wconf 66' lang='lat' dir='ltr'><strong><em>virga:</em></strong></span> <span class='ocrx_word' id='word_1_605' title='bbox 2894 3456 2961 3510; x_wconf 92' lang='lat' dir='ltr'><strong><em>ad</em></strong></span> <span class='ocrx_word' id='word_1_606' title='bbox 2989 3456 3095 3511; x_wconf 90' lang='lat' dir='ltr'><strong><em>ima</em></strong></span> <span class='ocrx_word' id='word_1_607' title='bbox 3128 3468 3465 3527; x_wconf 78' lang='lat' dir='ltr'><strong><em>penetrasse.</em></strong></span> 
     </span>
    </p>
   </div>
   <div class='ocr_carea' id='block_1_81' title="bbox 1903 3549 3469 3622">
    <p class='ocr_par' dir='ltr' id='par_1_81' title="bbox 1903 3549 3469 3622">
     <span class='ocr_line' id='line_1_81' title="bbox 1903 3549 3469 3622; baseline 0.004 -19"><span class='ocrx_word' id='word_1_608' title='bbox 1903 3549 2019 3603; x_wconf 79' lang='lat' dir='ltr'><strong><em>Non</em></strong></span> <span class='ocrx_word' id='word_1_609' title='bbox 2055 3550 2199 3604; x_wconf 89' lang='lat' dir='ltr'><strong><em>enim</em></strong></span> <span class='ocrx_word' id='word_1_610' title='bbox 2237 3560 2478 3604; x_wconf 79' lang='lat' dir='ltr'><strong><em>extrema</em></strong></span> <span class='ocrx_word' id='word_1_611' title='bbox 2526 3551 2673 3605; x_wconf 91' lang='lat' dir='ltr'><strong><em>velut</em></strong></span> <span class='ocrx_word' id='word_1_612' title='bbox 2704 3550 2759 3604; x_wconf 92' lang='lat' dir='ltr'><strong><em>in</em></strong></span> <span class='ocrx_word' id='word_1_613' title='bbox 2811 3549 3097 3619; x_wconf 85' lang='lat' dir='ltr'><strong><em>superﬁcie</em></strong></span> <span class='ocrx_word' id='word_1_614' title='bbox 3124 3552 3287 3622; x_wconf 72' lang='lat' dir='ltr'><strong><em>virga:</em></strong></span> <span class='ocrx_word' id='word_1_615' title='bbox 3322 3554 3469 3611; x_wconf 84' lang='lat' dir='ltr'><strong><em>illius</em></strong></span> 
     </span>
    </p>
   </div>
   <div class='ocr_carea' id='block_1_82' title="bbox 1904 3641 3467 3716">
    <p class='ocr_par' dir='ltr' id='par_1_82' title="bbox 1904 3641 3467 3716">
     <span class='ocr_line' id='line_1_82' title="bbox 1904 3641 3467 3716; baseline 0.003 -20"><span class='ocrx_word' id='word_1_616' title='bbox 1904 3642 2208 3711; x_wconf 77' lang='lat' dir='ltr'><strong><em>Spiritualis</em></strong></span> <span class='ocrx_word' id='word_1_617' title='bbox 2235 3641 2604 3696; x_wconf 73' lang='lat' dir='ltr'><strong><em>elﬁcacitatem</em></strong></span> <span class='ocrx_word' id='word_1_618' title='bbox 2632 3643 2896 3711; x_wconf 87' lang='lat' dir='ltr'><strong><em>percepit,</em></strong></span> <span class='ocrx_word' id='word_1_619' title='bbox 2926 3650 2985 3694; x_wconf 91' lang='lat' dir='ltr'><strong><em>ut</em></strong></span> <span class='ocrx_word' id='word_1_620' title='bbox 3013 3643 3152 3697; x_wconf 91' lang='lat' dir='ltr'><strong><em>ictus</em></strong></span> <span class='ocrx_word' id='word_1_621' title='bbox 3181 3644 3467 3716; x_wconf 81' lang='lat' dir='ltr'><strong><em>vestigium</em></strong></span> 
     </span>
    </p>
   </div>
   <div class='ocr_carea' id='block_1_83' title="bbox 1905 3730 3463 3803">
    <p class='ocr_par' dir='ltr' id='par_1_83' title="bbox 1905 3730 3463 3803">
     <span class='ocr_line' id='line_1_83' title="bbox 1905 3730 3463 3803; baseline 0.003 -18"><span class='ocrx_word' id='word_1_622' title='bbox 1905 3732 2123 3803; x_wconf 81' lang='lat' dir='ltr'><strong><em>agnosci</em></strong></span> <span class='ocrx_word' id='word_1_623' title='bbox 2152 3732 2357 3786; x_wconf 90' lang='lat' dir='ltr'><strong><em>nullum</em></strong></span> <span class='ocrx_word' id='word_1_624' title='bbox 2372 3732 2563 3801; x_wconf 83' lang='lat' dir='ltr'><strong><em>possit,</em></strong></span> <span class='ocrx_word' id='word_1_625' title='bbox 2595 3730 2689 3785; x_wconf 85' lang='lat' dir='ltr'><strong><em>sed</em></strong></span> <span class='ocrx_word' id='word_1_626' title='bbox 2719 3730 2876 3801; x_wconf 85' lang='lat' dir='ltr'><strong><em>plaga</em></strong></span> <span class='ocrx_word' id='word_1_627' title='bbox 2915 3731 3031 3786; x_wconf 66' lang='lat' dir='ltr'><strong><em>haec</em></strong></span> <span class='ocrx_word' id='word_1_628' title='bbox 3062 3732 3131 3787; x_wconf 92' lang='lat' dir='ltr'><strong><em>ob</em></strong></span> <span class='ocrx_word' id='word_1_629' title='bbox 3159 3733 3357 3789; x_wconf 85' lang='lat' dir='ltr'><strong><em>vulnus</em></strong></span> <span class='ocrx_word' id='word_1_630' title='bbox 3386 3734 3463 3789; x_wconf 82' lang='lat' dir='ltr'><strong><em>in-</em></strong></span> 
     </span>
    </p>
   </div>
   <div class='ocr_carea' id='block_1_84' title="bbox 1905 3822 3471 3895">
    <p class='ocr_par' dir='ltr' id='par_1_84' title="bbox 1905 3822 3471 3895">
     <span class='ocr_line' id='line_1_84' title="bbox 1905 3822 3471 3895; baseline 0.001 -17"><span class='ocrx_word' id='word_1_631' title='bbox 1905 3824 2076 3895; x_wconf 88' lang='lat' dir='ltr'><strong><em>signis</em></strong></span> <span class='ocrx_word' id='word_1_632' title='bbox 2114 3822 2470 3892; x_wconf 84' lang='lat' dir='ltr'><strong><em>conspicitur,</em></strong></span> <span class='ocrx_word' id='word_1_633' title='bbox 2523 3829 2746 3891; x_wconf 83' lang='lat' dir='ltr'><strong><em>propter</em></strong></span> <span class='ocrx_word' id='word_1_634' title='bbox 2776 3837 2940 3892; x_wconf 88' lang='lat' dir='ltr'><strong><em>quam</em></strong></span> <span class='ocrx_word' id='word_1_635' title='bbox 2973 3823 3146 3892; x_wconf 87' lang='lat' dir='ltr'><strong><em>ipsam</em></strong></span> <span class='ocrx_word' id='word_1_636' title='bbox 3178 3840 3237 3879; x_wconf 87' lang='lat' dir='ltr'><strong><em>se</em></strong></span> <span class='ocrx_word' id='word_1_637' title='bbox 3270 3840 3471 3894; x_wconf 84' lang='lat' dir='ltr'><strong><em>sponsa</em></strong></span> 
     </span>
    </p>
   </div>
   <div class='ocr_carea' id='block_1_85' title="bbox 1901 3911 3472 3984">
    <p class='ocr_par' dir='ltr' id='par_1_85' title="bbox 1901 3911 3472 3984">
     <span class='ocr_line' id='line_1_85' title="bbox 1901 3911 3472 3984; baseline 0.004 -17"><span class='ocrx_word' id='word_1_638' title='bbox 1901 3912 2091 3982; x_wconf 86' lang='lat' dir='ltr'><strong><em>jactat.</em></strong></span> <span class='ocrx_word' id='word_1_639' title='bbox 2120 3912 2215 3967; x_wconf 89' lang='lat' dir='ltr'><strong><em>Est</em></strong></span> <span class='ocrx_word' id='word_1_640' title='bbox 2242 3918 2422 3965; x_wconf 89' lang='lat' dir='ltr'><strong><em>autem</em></strong></span> <span class='ocrx_word' id='word_1_641' title='bbox 2478 3911 2793 3982; x_wconf 87' lang='lat' dir='ltr'><strong><em>hujusmodi</em></strong></span> <span class='ocrx_word' id='word_1_642' title='bbox 2842 3914 3090 3984; x_wconf 69' lang='lat' dir='ltr'><strong><em>quaedam</em></strong></span> <span class='ocrx_word' id='word_1_643' title='bbox 3145 3916 3198 3969; x_wconf 90' lang='lat' dir='ltr'><strong><em>in</em></strong></span> <span class='ocrx_word' id='word_1_644' title='bbox 3229 3916 3314 3971; x_wconf 87' lang='lat' dir='ltr'><strong><em>his</em></strong></span> <span class='ocrx_word' id='word_1_645' title='bbox 3343 3931 3472 3973; x_wconf 84' lang='lat' dir='ltr'><strong><em>sen-</em></strong></span> 
     </span>
    </p>
   </div>
   <div class='ocr_carea' id='block_1_86' title="bbox 1906 4001 3468 4089">
    <p class='ocr_par' dir='ltr' id='par_1_86' title="bbox 1906 4001 3468 4089">
     <span class='ocr_line' id='line_1_86' title="bbox 1906 4001 3468 4089; baseline 0.006 -33"><span class='ocrx_word' id='word_1_646' title='bbox 1906 4001 2277 4072; x_wconf 84' lang='lat' dir='ltr'><strong><em>tentia:Virga</em></strong></span> <span class='ocrx_word' id='word_1_647' title='bbox 2330 4002 2420 4057; x_wconf 89' lang='lat' dir='ltr'><strong><em>illa</em></strong></span> <span class='ocrx_word' id='word_1_648' title='bbox 2453 4003 2657 4067; x_wconf 86' lang='lat' dir='ltr'><strong><em>divina,</em></strong></span> <span class='ocrx_word' id='word_1_649' title='bbox 2706 4011 2761 4059; x_wconf 90' lang='lat' dir='ltr'><strong><em>et</em></strong></span> <span class='ocrx_word' id='word_1_650' title='bbox 2791 4004 3019 4061; x_wconf 90' lang='lat' dir='ltr'><strong><em>baculus</em></strong></span> <span class='ocrx_word' id='word_1_651' title='bbox 3045 4008 3468 4089; x_wconf 73' lang='lat' dir='ltr'><strong><em>consolatorius,</em></strong></span> 
     </span>
    </p>
   </div>
   <div class='ocr_carea' id='block_1_87' title="bbox 1904 4094 3467 4166">
    <p class='ocr_par' dir='ltr' id='par_1_87' title="bbox 1904 4094 3467 4166">
     <span class='ocr_line' id='line_1_87' title="bbox 1904 4094 3467 4166; baseline 0.005 -17"><span class='ocrx_word' id='word_1_652' title='bbox 1904 4095 1997 4166; x_wconf 90' lang='lat' dir='ltr'><strong><em>qui</em></strong></span> <span class='ocrx_word' id='word_1_653' title='bbox 2050 4109 2144 4164; x_wconf 90' lang='lat' dir='ltr'><strong><em>per</em></strong></span> <span class='ocrx_word' id='word_1_654' title='bbox 2204 4095 2380 4165; x_wconf 89' lang='lat' dir='ltr'><strong><em>ipsam</em></strong></span> <span class='ocrx_word' id='word_1_655' title='bbox 2434 4094 2868 4151; x_wconf 86' lang='lat' dir='ltr'><strong><em>verberationem</em></strong></span> <span class='ocrx_word' id='word_1_656' title='bbox 2927 4095 3222 4154; x_wconf 82' lang='lat' dir='ltr'><strong><em>eﬂicaciter</em></strong></span> <span class='ocrx_word' id='word_1_657' title='bbox 3283 4110 3467 4164; x_wconf 80' lang='lat' dir='ltr'><strong><em>sanat.</em></strong></span> 
     </span>
    </p>
   </div>
   <div class='ocr_carea' id='block_1_88' title="bbox 1907 4182 3471 4258">
    <p class='ocr_par' dir='ltr' id='par_1_88' title="bbox 1907 4182 3471 4258">
     <span class='ocr_line' id='line_1_88' title="bbox 1907 4182 3471 4258; baseline 0.007 -21"><span class='ocrx_word' id='word_1_658' title='bbox 1907 4183 2141 4254; x_wconf 87' lang='lat' dir='ltr'><strong><em>Spiritus</em></strong></span> <span class='ocrx_word' id='word_1_659' title='bbox 2165 4190 2250 4239; x_wconf 90' lang='lat' dir='ltr'><strong><em>est</em></strong></span> <span class='ocrx_word' id='word_1_660' title='bbox 2275 4203 2290 4239; x_wconf 89' lang='lat'><strong>:</strong></span> <span class='ocrx_word' id='word_1_661' title='bbox 2321 4183 2477 4254; x_wconf 88' lang='lat' dir='ltr'><strong><em>cujus</em></strong></span> <span class='ocrx_word' id='word_1_662' title='bbox 2530 4182 2741 4242; x_wconf 78' lang='lat' dir='ltr'><strong><em>fructus</em></strong></span> <span class='ocrx_word' id='word_1_663' title='bbox 2769 4200 2893 4240; x_wconf 88' lang='lat' dir='ltr'><strong><em>cum</em></strong></span> <span class='ocrx_word' id='word_1_664' title='bbox 2926 4186 3031 4242; x_wconf 90' lang='lat' dir='ltr'><strong><em>alia</em></strong></span> <span class='ocrx_word' id='word_1_665' title='bbox 3065 4187 3311 4258; x_wconf 73' lang='lat' dir='ltr'><strong><em>quaedam</em></strong></span> <span class='ocrx_word' id='word_1_666' title='bbox 3342 4198 3471 4248; x_wconf 85' lang='lat' dir='ltr'><strong><em>sunt</em></strong></span> 
     </span>
    </p>
   </div>
   <div class='ocr_carea' id='block_1_89' title="bbox 1904 4274 3468 4347">
    <p class='ocr_par' dir='ltr' id='par_1_89' title="bbox 1904 4274 3468 4347">
     <span class='ocr_line' id='line_1_89' title="bbox 1904 4274 3468 4347; baseline 0.007 -19"><span class='ocrx_word' id='word_1_667' title='bbox 1904 4274 2064 4338; x_wconf 86' lang='lat' dir='ltr'><strong><em>bona,</em></strong></span> <span class='ocrx_word' id='word_1_668' title='bbox 2097 4289 2433 4347; x_wconf 55' lang='lat' dir='ltr'><strong><em>quaecunque</em></strong></span> <span class='ocrx_word' id='word_1_669' title='bbox 2486 4275 2689 4332; x_wconf 84' lang='lat' dir='ltr'><strong><em>Paulus</em></strong></span> <span class='ocrx_word' id='word_1_670' title='bbox 2713 4280 3178 4343; x_wconf 89' lang='lat' dir='ltr'><strong><em>commemoravit,</em></strong></span> <span class='ocrx_word' id='word_1_671' title='bbox 3233 4288 3345 4336; x_wconf 91' lang='lat' dir='ltr'><strong><em>tum</em></strong></span> <span class='ocrx_word' id='word_1_672' title='bbox 3379 4282 3468 4339; x_wconf 83' lang='lat' dir='ltr'><strong><em>in-</em></strong></span> 
     </span>
    </p>
   </div>
   <div class='ocr_carea' id='block_1_90' title="bbox 1905 4366 3469 4441">
    <p class='ocr_par' dir='ltr' id='par_1_90' title="bbox 1905 4366 3469 4441">
     <span class='ocr_line' id='line_1_90' title="bbox 1905 4366 3469 4441; baseline 0.006 -21"><span class='ocrx_word' id='word_1_673' title='bbox 1905 4372 1990 4421; x_wconf 86' lang='lat' dir='ltr'><strong><em>ter</em></strong></span> <span class='ocrx_word' id='word_1_674' title='bbox 2041 4366 2156 4422; x_wconf 75' lang='lat' dir='ltr'><strong><em>haec</em></strong></span> <span class='ocrx_word' id='word_1_675' title='bbox 2206 4367 2325 4437; x_wconf 90' lang='lat' dir='ltr'><strong><em>ipsa</em></strong></span> <span class='ocrx_word' id='word_1_676' title='bbox 2366 4367 2745 4439; x_wconf 84' lang='lat' dir='ltr'><strong><em>temperantia.</em></strong></span> <span class='ocrx_word' id='word_1_677' title='bbox 2806 4370 3065 4441; x_wconf 89' lang='lat' dir='ltr'><strong><em>magistra</em></strong></span> <span class='ocrx_word' id='word_1_678' title='bbox 3108 4372 3233 4426; x_wconf 66' lang='lat' dir='ltr'><strong><em>vita</em></strong></span> <span class='ocrx_word' id='word_1_679' title='bbox 3280 4373 3469 4431; x_wconf 91' lang='lat' dir='ltr'><strong><em>virtuti</em></strong></span> 
     </span>
    </p>
   </div>
   <div class='ocr_carea' id='block_1_91' title="bbox 1905 4457 3469 4534">
    <p class='ocr_par' dir='ltr' id='par_1_91' title="bbox 1905 4457 3469 4534">
     <span class='ocr_line' id='line_1_91' title="bbox 1905 4457 3469 4534; baseline 0.006 -22"><span class='ocrx_word' id='word_1_680' title='bbox 1905 4468 2306 4515; x_wconf 64' lang='lat' dir='ltr'><strong><em>consentaneae.</em></strong></span> <span class='ocrx_word' id='word_1_681' title='bbox 2367 4458 2458 4514; x_wconf 90' lang='lat' dir='ltr'><strong><em>Sic</em></strong></span> <span class='ocrx_word' id='word_1_682' title='bbox 2507 4458 2652 4514; x_wconf 90' lang='lat' dir='ltr'><strong><em>enim</em></strong></span> <span class='ocrx_word' id='word_1_683' title='bbox 2698 4457 2901 4515; x_wconf 81' lang='lat' dir='ltr'><strong><em>Paulus</em></strong></span> <span class='ocrx_word' id='word_1_684' title='bbox 2957 4460 3094 4533; x_wconf 88' lang='lat' dir='ltr'><strong><em>ipse,</em></strong></span> <span class='ocrx_word' id='word_1_685' title='bbox 3156 4462 3469 4534; x_wconf 87' lang='lat' dir='ltr'><strong><em>hujusmodi</em></strong></span> 
     </span>
    </p>
   </div>
   <div class='ocr_carea' id='block_1_92' title="bbox 224 4548 1801 4629">
    <p class='ocr_par' dir='ltr' id='par_1_92' title="bbox 224 4556 1799 4629">
     <span class='ocr_line' id='line_1_92' title="bbox 224 4556 1799 4629; baseline -0.004 -14"><span class='ocrx_word' id='word_1_686' title='bbox 224 4557 488 4629; x_wconf 79' lang='grc' dir='ltr'>Χριστοῦ</span> <span class='ocrx_word' id='word_1_687' title='bbox 541 4558 612 4612; x_wconf 80' lang='grc' dir='ltr'><strong><em>ἐν</em></strong></span> <span class='ocrx_word' id='word_1_688' title='bbox 670 4556 750 4623; x_wconf 84' lang='grc' dir='ltr'>τῷ</span> <span class='ocrx_word' id='word_1_689' title='bbox 790 4557 1017 4628; x_wconf 77' lang='grc' dir='ltr'>σώματί</span> <span class='ocrx_word' id='word_1_690' title='bbox 1056 4576 1178 4628; x_wconf 81' lang='grc' dir='ltr'><strong><em>μου</em></strong></span> <span class='ocrx_word' id='word_1_691' title='bbox 1227 4557 1532 4628; x_wconf 71' lang='grc' dir='ltr'>περιφέρω.</span> <span class='ocrx_word' id='word_1_692' title='bbox 1576 4558 1799 4621; x_wconf 83' lang='grc' dir='ltr'>Δεικνὺς</span> 
     </span>
    </p>
   </div>
   <div class='ocr_carea' id='block_1_93' title="bbox 1899 4548 3467 4629">
    <p class='ocr_par' dir='ltr' id='par_1_93' title="bbox 1902 4551 3467 4621">
     <span class='ocr_line' id='line_1_93' title="bbox 1902 4551 3467 4621; baseline 0.006 -17"><span class='ocrx_word' id='word_1_693' title='bbox 1902 4551 2073 4621; x_wconf 86' lang='lat' dir='ltr'><strong><em>plagis</em></strong></span> <span class='ocrx_word' id='word_1_694' title='bbox 2102 4558 2326 4606; x_wconf 86' lang='lat' dir='ltr'><strong><em>notatus</em></strong></span> <span class='ocrx_word' id='word_1_695' title='bbox 2380 4551 2629 4615; x_wconf 86' lang='lat' dir='ltr'><strong><em>verbero,</em></strong></span> <span class='ocrx_word' id='word_1_696' title='bbox 2679 4551 2967 4608; x_wconf 79' lang='lat' dir='ltr'><strong><em>exsultans</em></strong></span> <span class='ocrx_word' id='word_1_697' title='bbox 2991 4552 3063 4608; x_wconf 91' lang='lat' dir='ltr'><strong><em>ob</em></strong></span> <span class='ocrx_word' id='word_1_698' title='bbox 3090 4551 3206 4609; x_wconf 71' lang='lat' dir='ltr'><strong><em>haec</em></strong></span> <span class='ocrx_word' id='word_1_699' title='bbox 3244 4555 3467 4613; x_wconf 85' lang='lat' dir='ltr'><strong><em>vulnera</em></strong></span> 
     </span>
    </p>
   </div>
   <div class='ocr_carea' id='block_1_94' title="bbox 219 4645 1803 4723">
    <p class='ocr_par' dir='ltr' id='par_1_94' title="bbox 219 4645 1803 4723">
     <span class='ocr_line' id='line_1_94' title="bbox 219 4645 1803 4723; baseline -0.003 -17"><span class='ocrx_word' id='word_1_700' title='bbox 219 4653 327 4723; x_wconf 74' lang='grc' dir='ltr'>τὴν</span> <span class='ocrx_word' id='word_1_701' title='bbox 356 4652 415 4703; x_wconf 81' lang='grc' dir='ltr'>ὲν</span> <span class='ocrx_word' id='word_1_702' title='bbox 444 4649 602 4704; x_wconf 75' lang='grc' dir='ltr'>παντὶ</span> <span class='ocrx_word' id='word_1_703' title='bbox 634 4650 789 4721; x_wconf 88' lang='grc' dir='ltr'>κακῷ</span> <span class='ocrx_word' id='word_1_704' title='bbox 819 4650 1118 4713; x_wconf 81' lang='grc' dir='ltr'>ἀσθένειαν,</span> <span class='ocrx_word' id='word_1_705' title='bbox 1152 4650 1219 4704; x_wconf 79' lang='grc' dir='ltr'>δι’</span> <span class='ocrx_word' id='word_1_706' title='bbox 1246 4645 1313 4720; x_wconf 85' lang='grc' dir='ltr'>ἦς</span> <span class='ocrx_word' id='word_1_707' title='bbox 1339 4652 1371 4721; x_wconf 82' lang='grc' dir='ltr'>ἡ</span> <span class='ocrx_word' id='word_1_708' title='bbox 1401 4650 1540 4704; x_wconf 83' lang='grc' dir='ltr'>κατὰ</span> <span class='ocrx_word' id='word_1_709' title='bbox 1571 4648 1803 4722; x_wconf 80' lang='grc' dir='ltr'>Χριστὸν</span> 
     </span>
    </p>
   </div>
   <div class='ocr_carea' id='block_1_95' title="bbox 220 4733 1799 4811">
    <p class='ocr_par' dir='ltr' id='par_1_95' title="bbox 220 4733 1799 4811">
     <span class='ocr_line' id='line_1_95' title="bbox 220 4733 1799 4811; baseline -0.003 -16"><span class='ocrx_word' id='word_1_710' title='bbox 220 4742 451 4811; x_wconf 81' lang='grc' dir='ltr'>δύναμις</span> <span class='ocrx_word' id='word_1_711' title='bbox 470 4741 529 4793; x_wconf 79' lang='grc' dir='ltr'>ὲν</span> <span class='ocrx_word' id='word_1_712' title='bbox 546 4740 712 4811; x_wconf 76' lang='grc' dir='ltr'>ἀρετῇ</span> <span class='ocrx_word' id='word_1_713' title='bbox 735 4738 1052 4793; x_wconf 79' lang='grc' dir='ltr'>τελειοῦται.</span> <span class='ocrx_word' id='word_1_714' title='bbox 1074 4739 1251 4793; x_wconf 85' lang='grc' dir='ltr'>Καλὸν</span> <span class='ocrx_word' id='word_1_715' title='bbox 1270 4733 1361 4792; x_wconf 80' lang='grc' dir='ltr'>οὖν</span> <span class='ocrx_word' id='word_1_716' title='bbox 1383 4740 1476 4794; x_wconf 82' lang='grc' dir='ltr'>καὶ</span> <span class='ocrx_word' id='word_1_717' title='bbox 1499 4738 1560 4792; x_wconf 84' lang='grc' dir='ltr'>τὸ</span> <span class='ocrx_word' id='word_1_718' title='bbox 1582 4737 1799 4809; x_wconf 80' lang='grc' dir='ltr'>τραῦμα</span> 
     </span>
    </p>
   </div>
   <div class='ocr_carea' id='block_1_96' title="bbox 220 4823 1800 4905">
    <p class='ocr_par' dir='ltr' id='par_1_96' title="bbox 220 4823 1800 4905">
     <span class='ocr_line' id='line_1_96' title="bbox 220 4823 1800 4905; baseline -0.002 -18"><span class='ocrx_word' id='word_1_719' title='bbox 220 4835 315 4887; x_wconf 68' lang='grc' dir='ltr'><strong><em>διὰ</em></strong></span> <span class='ocrx_word' id='word_1_720' title='bbox 357 4834 465 4886; x_wconf 84' lang='grc' dir='ltr'><strong><em>τῶν</em></strong></span> <span class='ocrx_word' id='word_1_721' title='bbox 504 4831 808 4905; x_wconf 82' lang='grc' dir='ltr'>είρημένων</span> <span class='ocrx_word' id='word_1_722' title='bbox 844 4833 973 4903; x_wconf 74' lang='grc' dir='ltr'>ἡμῖν</span> <span class='ocrx_word' id='word_1_723' title='bbox 1004 4830 1365 4905; x_wconf 76' lang='grc' dir='ltr'>ἀναπέφηνεν,</span> <span class='ocrx_word' id='word_1_724' title='bbox 1402 4830 1470 4885; x_wconf 84' lang='grc' dir='ltr'><strong><em>δι’</em></strong></span> <span class='ocrx_word' id='word_1_725' title='bbox 1497 4823 1558 4885; x_wconf 77' lang='grc' dir='ltr'><strong><em>οὗ</em></strong></span> <span class='ocrx_word' id='word_1_726' title='bbox 1583 4831 1800 4900; x_wconf 84' lang='grc' dir='ltr'>γέγονεν</span> 
     </span>
    </p>
   </div>
   <div class='ocr_carea' id='block_1_97' title="bbox 222 4921 1799 4994">
    <p class='ocr_par' dir='ltr' id='par_1_97' title="bbox 222 4921 1799 4994">
     <span class='ocr_line' id='line_1_97' title="bbox 222 4921 1799 4994; baseline -0.002 -16"><span class='ocrx_word' id='word_1_727' title='bbox 222 4924 367 4993; x_wconf 72' lang='grc' dir='ltr'>αὐτῇ</span> <span class='ocrx_word' id='word_1_728' title='bbox 411 4921 504 4976; x_wconf 82' lang='grc' dir='ltr'>τοῦ</span> <span class='ocrx_word' id='word_1_729' title='bbox 549 4922 828 4994; x_wconf 81' lang='grc' dir='ltr'>θερίοτρου</span> <span class='ocrx_word' id='word_1_730' title='bbox 866 4925 899 4993; x_wconf 81' lang='grc' dir='ltr'><strong>ἡ</strong></span> <span class='ocrx_word' id='word_1_731' title='bbox 943 4922 1295 4993; x_wconf 77' lang='grc' dir='ltr'>περιαίρεσις.</span> <span class='ocrx_word' id='word_1_732' title='bbox 1334 4921 1495 4975; x_wconf 82' lang='grc' dir='ltr'>Ὥστε</span> <span class='ocrx_word' id='word_1_733' title='bbox 1531 4922 1799 4975; x_wconf 74' lang='grc' dir='ltr'>ἀνακαλυο</span> 
     </span>
    </p>
   </div>
   <div class='ocr_carea' id='block_1_98' title="bbox 174 5009 1800 5091">
    <p class='ocr_par' dir='ltr' id='par_1_98' title="bbox 174 5009 1800 5091">
     <span class='ocr_line' id='line_1_98' title="bbox 174 5009 1800 5091; baseline -0.001 -25"><span class='ocrx_word' id='word_1_734' title='bbox 174 5082 183 5091; x_wconf 79' lang='lat'>_</span> <span class='ocrx_word' id='word_1_735' title='bbox 223 5015 426 5084; x_wconf 79' lang='grc' dir='ltr'>φθῆναι</span> <span class='ocrx_word' id='word_1_736' title='bbox 462 5014 597 5083; x_wconf 81' lang='grc' dir='ltr'>αὐτῇ</span> <span class='ocrx_word' id='word_1_737' title='bbox 634 5012 695 5065; x_wconf 78' lang='grc' dir='ltr'>τὸ</span> <span class='ocrx_word' id='word_1_738' title='bbox 720 5012 821 5082; x_wconf 83' lang='grc' dir='ltr'>τῆς</span> <span class='ocrx_word' id='word_1_739' title='bbox 866 5010 1044 5081; x_wconf 84' lang='grc' dir='ltr'>ψυχῆς</span> <span class='ocrx_word' id='word_1_740' title='bbox 1090 5009 1303 5077; x_wconf 80' lang='grc' dir='ltr'>κάλλος,</span> <span class='ocrx_word' id='word_1_741' title='bbox 1343 5010 1537 5082; x_wconf 85' lang='grc' dir='ltr'>μηκέτι</span> <span class='ocrx_word' id='word_1_742' title='bbox 1586 5010 1800 5065; x_wconf 68' lang='grc' dir='ltr'>ἐπισκο-</span> 
     </span>
    </p>
   </div>
   <div class='ocr_carea' id='block_1_99' title="bbox 220 5104 982 5177">
    <p class='ocr_par' dir='ltr' id='par_1_99' title="bbox 220 5104 982 5177">
     <span class='ocr_line' id='line_1_99' title="bbox 220 5104 982 5177; baseline -0.005 -15"><span class='ocrx_word' id='word_1_743' title='bbox 220 5107 445 5171; x_wconf 78' lang='grc' dir='ltr'>τοῦντος</span> <span class='ocrx_word' id='word_1_744' title='bbox 472 5106 565 5160; x_wconf 81' lang='grc' dir='ltr'><strong><em>τοῦ</em></strong></span> <span class='ocrx_word' id='word_1_745' title='bbox 596 5104 789 5177; x_wconf 72' lang='grc' dir='ltr'>ἑπιόλή</span> <span class='ocrx_word' id='word_1_746' title='bbox 798 5121 982 5176; x_wconf 85' lang='grc' dir='ltr'>ματος.</span> 
     </span>
    </p>
   </div>
   <div class='ocr_carea' id='block_1_100' title="bbox 310 5369 1799 5444">
    <p class='ocr_par' dir='ltr' id='par_1_100' title="bbox 310 5369 1799 5444">
     <span class='ocr_line' id='line_1_100' title="bbox 310 5369 1799 5444; baseline 0.001 -19"><span class='ocrx_word' id='word_1_747' title='bbox 310 5370 451 5425; x_wconf 82' lang='grc' dir='ltr'>Ἀλλ’</span> <span class='ocrx_word' id='word_1_748' title='bbox 502 5369 929 5443; x_wconf 79' lang='grc' dir='ltr'>ὲπαναλάσωμεν</span> <span class='ocrx_word' id='word_1_749' title='bbox 984 5370 1144 5425; x_wconf 78' lang='grc' dir='ltr'>πάλιν</span> <span class='ocrx_word' id='word_1_750' title='bbox 1191 5372 1799 5444; x_wconf 81' lang='grc' dir='ltr'>ἅνακεφαλαιωσάμενοι</span> 
     </span>
    </p>
   </div>
   <div class='ocr_carea' id='block_1_101' title="bbox 219 5460 1801 5535">
    <p class='ocr_par' dir='ltr' id='par_1_101' title="bbox 219 5460 1801 5535">
     <span class='ocr_line' id='line_1_101' title="bbox 219 5460 1801 5535; baseline 0.003 -21"><span class='ocrx_word' id='word_1_751' title='bbox 219 5465 325 5534; x_wconf 75' lang='grc' dir='ltr'>τὴν</span> <span class='ocrx_word' id='word_1_752' title='bbox 353 5462 461 5514; x_wconf 88' lang='grc' dir='ltr'><strong><em>τῶν</em></strong></span> <span class='ocrx_word' id='word_1_753' title='bbox 483 5460 785 5533; x_wconf 71' lang='grc' dir='ltr'>εἰρημένων</span> <span class='ocrx_word' id='word_1_754' title='bbox 807 5462 1061 5516; x_wconf 81' lang='grc' dir='ltr'>διάνοιαν.</span> <span class='ocrx_word' id='word_1_755' title='bbox 1097 5461 1161 5515; x_wconf 86' lang='grc' dir='ltr'>Ἡ</span> <span class='ocrx_word' id='word_1_756' title='bbox 1191 5462 1324 5533; x_wconf 81' lang='grc' dir='ltr'>πρὸς</span> <span class='ocrx_word' id='word_1_757' title='bbox 1349 5464 1438 5516; x_wconf 85' lang='grc' dir='ltr'>τὸν</span> <span class='ocrx_word' id='word_1_758' title='bbox 1461 5463 1591 5518; x_wconf 76' lang='grc' dir='ltr'>Θεὸν</span> <span class='ocrx_word' id='word_1_759' title='bbox 1619 5463 1801 5535; x_wconf 84' lang='grc' dir='ltr'>δρῶσα</span> 
     </span>
    </p>
   </div>
   <div class='ocr_carea' id='block_1_102' title="bbox 222 5552 1801 5630">
    <p class='ocr_par' dir='ltr' id='par_1_102' title="bbox 222 5552 1801 5630">
     <span class='ocr_line' id='line_1_102' title="bbox 222 5552 1801 5630; baseline 0.003 -24"><span class='ocrx_word' id='word_1_760' title='bbox 222 5552 396 5624; x_wconf 67' lang='grc' dir='ltr'>ψυχὴ,</span> <span class='ocrx_word' id='word_1_761' title='bbox 431 5554 525 5607; x_wconf 69' lang='grc' dir='ltr'>καὶ</span> <span class='ocrx_word' id='word_1_762' title='bbox 560 5553 653 5606; x_wconf 75' lang='grc' dir='ltr'><strong><em>τὸν</em></strong></span> <span class='ocrx_word' id='word_1_763' title='bbox 696 5552 896 5621; x_wconf 84' lang='grc' dir='ltr'>ἀγαθὸν</span> <span class='ocrx_word' id='word_1_764' title='bbox 932 5555 1135 5607; x_wconf 76' lang='grc' dir='ltr'>ἐκεῖνον</span> <span class='ocrx_word' id='word_1_765' title='bbox 1185 5556 1347 5608; x_wconf 85' lang='grc' dir='ltr'>πόθον</span> <span class='ocrx_word' id='word_1_766' title='bbox 1384 5555 1477 5610; x_wconf 79' lang='grc' dir='ltr'>τοῦ</span> <span class='ocrx_word' id='word_1_767' title='bbox 1526 5556 1801 5630; x_wconf 82' lang='grc' dir='ltr'>ἀφθάρτου</span> 
     </span>
    </p>
   </div>
   <div class='ocr_carea' id='block_1_103' title="bbox 222 5644 1802 5721">
    <p class='ocr_par' dir='ltr' id='par_1_103' title="bbox 222 5644 1802 5721">
     <span class='ocr_line' id='line_1_103' title="bbox 222 5644 1802 5721; baseline 0.003 -21"><span class='ocrx_word' id='word_1_768' title='bbox 222 5646 457 5708; x_wconf 73' lang='grc' dir='ltr'>κάλλους</span> <span class='ocrx_word' id='word_1_769' title='bbox 482 5644 953 5716; x_wconf 69' lang='grc' dir='ltr'>ἀναλαμϐάνουσα,</span> <span class='ocrx_word' id='word_1_770' title='bbox 986 5647 1073 5699; x_wconf 77' lang='grc' dir='ltr'><strong><em>ἀεὶ</em></strong></span> <span class='ocrx_word' id='word_1_771' title='bbox 1100 5646 1224 5701; x_wconf 85' lang='grc' dir='ltr'>νέαν</span> <span class='ocrx_word' id='word_1_772' title='bbox 1256 5646 1353 5720; x_wconf 80' lang='grc' dir='ltr'>τὴν</span> <span class='ocrx_word' id='word_1_773' title='bbox 1390 5650 1523 5721; x_wconf 79' lang='grc' dir='ltr'>πρὸς</span> <span class='ocrx_word' id='word_1_774' title='bbox 1549 5650 1610 5703; x_wconf 85' lang='grc' dir='ltr'>τὸ</span> <span class='ocrx_word' id='word_1_775' title='bbox 1638 5651 1802 5721; x_wconf 83' lang='grc' dir='ltr'>ύπερ-</span> 
     </span>
    </p>
   </div>
   <div class='ocr_carea' id='block_1_104' title="bbox 1909 4641 3469 4715">
    <p class='ocr_par' dir='ltr' id='par_1_104' title="bbox 1909 4641 3469 4715">
     <span class='ocr_line' id='line_1_104' title="bbox 1909 4641 3469 4715; baseline 0.005 -18"><span class='ocrx_word' id='word_1_776' title='bbox 1909 4643 2129 4713; x_wconf 87' lang='lat' dir='ltr'><strong><em>inquit:</em></strong></span> <span class='ocrx_word' id='word_1_777' title='bbox 2192 4642 2460 4714; x_wconf 85' lang='lat' dir='ltr'><strong><em>Stigmata</em></strong></span> <span class='ocrx_word' id='word_1_778' title='bbox 2524 4641 2724 4698; x_wconf 78' lang='lat' dir='ltr'><strong><em>Christi</em></strong></span> <span class='ocrx_word' id='word_1_779' title='bbox 2752 4660 2863 4698; x_wconf 87' lang='lat' dir='ltr'><strong><em>meo</em></strong></span> <span class='ocrx_word' id='word_1_780' title='bbox 2886 4644 2943 4698; x_wconf 85' lang='lat' dir='ltr'><strong><em>in</em></strong></span> <span class='ocrx_word' id='word_1_781' title='bbox 2992 4661 3204 4715; x_wconf 77' lang='lat' dir='ltr'><strong><em>corpore</em></strong></span> <span class='ocrx_word' id='word_1_782' title='bbox 3246 4648 3469 4705; x_wconf 83' lang='lat' dir='ltr'><strong><em>circum-</em></strong></span> 
     </span>
    </p>
   </div>
   <div class='ocr_carea' id='block_1_105' title="bbox 1906 4734 3468 4804">
    <p class='ocr_par' dir='ltr' id='par_1_105' title="bbox 1906 4734 3468 4804">
     <span class='ocr_line' id='line_1_105' title="bbox 1906 4734 3468 4804; baseline 0.005 -16"><span class='ocrx_word' id='word_1_783' title='bbox 1906 4735 2015 4804; x_wconf 75' lang='lat' dir='ltr'><strong><em>fero</em></strong></span> <span class='ocrx_word' id='word_1_784' title='bbox 2037 4736 2101 4789; x_wconf 81' lang='grc'><strong><em>⁷⁸.</em></strong></span> <span class='ocrx_word' id='word_1_785' title='bbox 2143 4734 2355 4801; x_wconf 87' lang='lat' dir='ltr'><strong><em>Quibus</em></strong></span> <span class='ocrx_word' id='word_1_786' title='bbox 2379 4735 2559 4790; x_wconf 88' lang='lat' dir='ltr'><strong><em>verbis</em></strong></span> <span class='ocrx_word' id='word_1_787' title='bbox 2584 4734 2827 4791; x_wconf 89' lang='lat' dir='ltr'><strong><em>indicare</em></strong></span> <span class='ocrx_word' id='word_1_788' title='bbox 2851 4735 3021 4790; x_wconf 90' lang='lat' dir='ltr'><strong><em>voluit</em></strong></span> <span class='ocrx_word' id='word_1_789' title='bbox 3046 4736 3468 4798; x_wconf 84' lang='lat' dir='ltr'><strong><em>imbecillitatem</em></strong></span> 
     </span>
    </p>
   </div>
   <div class='ocr_carea' id='block_1_106' title="bbox 1904 4827 3467 4898">
    <p class='ocr_par' dir='ltr' id='par_1_106' title="bbox 1904 4827 3467 4898">
     <span class='ocr_line' id='line_1_106' title="bbox 1904 4827 3467 4898; baseline 0.004 -16"><span class='ocrx_word' id='word_1_790' title='bbox 1904 4829 1960 4882; x_wconf 90' lang='lat' dir='ltr'><strong><em>in</em></strong></span> <span class='ocrx_word' id='word_1_791' title='bbox 1997 4827 2143 4883; x_wconf 92' lang='lat' dir='ltr'><strong><em>omni</em></strong></span> <span class='ocrx_word' id='word_1_792' title='bbox 2177 4829 2321 4882; x_wconf 89' lang='lat' dir='ltr'><strong><em>malo</em></strong></span> <span class='ocrx_word' id='word_1_793' title='bbox 2381 4842 2558 4890; x_wconf 90' lang='lat' dir='ltr'><strong><em>suam,</em></strong></span> <span class='ocrx_word' id='word_1_794' title='bbox 2595 4842 2692 4898; x_wconf 87' lang='lat' dir='ltr'><strong><em>per</em></strong></span> <span class='ocrx_word' id='word_1_795' title='bbox 2717 4841 2881 4897; x_wconf 88' lang='lat' dir='ltr'><strong><em>quam</em></strong></span> <span class='ocrx_word' id='word_1_796' title='bbox 2906 4827 3109 4884; x_wconf 83' lang='lat' dir='ltr'><strong><em>Christi</em></strong></span> <span class='ocrx_word' id='word_1_797' title='bbox 3137 4830 3221 4887; x_wconf 92' lang='lat' dir='ltr'><strong><em>vis</em></strong></span> <span class='ocrx_word' id='word_1_798' title='bbox 3277 4831 3334 4887; x_wconf 82' lang='lat' dir='ltr'><strong><em>in</em></strong></span> <span class='ocrx_word' id='word_1_799' title='bbox 3357 4834 3467 4889; x_wconf 84' lang='lat' dir='ltr'><strong><em>vir-</em></strong></span> 
     </span>
    </p>
   </div>
   <div class='ocr_carea' id='block_1_107' title="bbox 1902 4915 3469 4992">
    <p class='ocr_par' dir='ltr' id='par_1_107' title="bbox 1902 4915 3469 4992">
     <span class='ocr_line' id='line_1_107' title="bbox 1902 4915 3469 4992; baseline 0.003 -19"><span class='ocrx_word' id='word_1_800' title='bbox 1902 4926 2018 4974; x_wconf 89' lang='lat' dir='ltr'><strong><em>tute</em></strong></span> <span class='ocrx_word' id='word_1_801' title='bbox 2046 4916 2405 4989; x_wconf 84' lang='lat' dir='ltr'><strong><em>perlicitur&quot;.</em></strong></span> <span class='ocrx_word' id='word_1_802' title='bbox 2456 4915 2714 4971; x_wconf 83' lang='lat' dir='ltr'><strong><em>Videmus</em></strong></span> <span class='ocrx_word' id='word_1_803' title='bbox 2741 4916 2904 4987; x_wconf 87' lang='lat' dir='ltr'><strong><em>igitur</em></strong></span> <span class='ocrx_word' id='word_1_804' title='bbox 2931 4932 3000 4974; x_wconf 76' lang='lat' dir='ltr'><strong><em>ex</em></strong></span> <span class='ocrx_word' id='word_1_805' title='bbox 3040 4918 3147 4977; x_wconf 86' lang='lat' dir='ltr'><strong><em>illis</em></strong></span> <span class='ocrx_word' id='word_1_806' title='bbox 3178 4936 3300 4992; x_wconf 66' lang='lat' dir='ltr'><strong><em>qua</em></strong></span> <span class='ocrx_word' id='word_1_807' title='bbox 3328 4922 3469 4979; x_wconf 75' lang='lat' dir='ltr'><strong><em>dixi-</em></strong></span> 
     </span>
    </p>
   </div>
   <div class='ocr_carea' id='block_1_108' title="bbox 1904 5008 3466 5085">
    <p class='ocr_par' dir='ltr' id='par_1_108' title="bbox 1904 5008 3466 5085">
     <span class='ocr_line' id='line_1_108' title="bbox 1904 5008 3466 5085; baseline 0 -15"><span class='ocrx_word' id='word_1_808' title='bbox 1904 5028 2048 5076; x_wconf 87' lang='lat' dir='ltr'><strong><em>mus.</em></strong></span> <span class='ocrx_word' id='word_1_809' title='bbox 2083 5012 2245 5067; x_wconf 88' lang='lat' dir='ltr'><strong><em>etiam</em></strong></span> <span class='ocrx_word' id='word_1_810' title='bbox 2290 5009 2609 5081; x_wconf 68' lang='lat' dir='ltr'><strong><em>praeclarum</em></strong></span> <span class='ocrx_word' id='word_1_811' title='bbox 2639 5008 2745 5065; x_wconf 90' lang='lat' dir='ltr'><strong><em>boc</em></strong></span> <span class='ocrx_word' id='word_1_812' title='bbox 2777 5009 2974 5067; x_wconf 84' lang='lat' dir='ltr'><strong><em>vulnus</em></strong></span> <span class='ocrx_word' id='word_1_813' title='bbox 3012 5025 3159 5080; x_wconf 82' lang='lat' dir='ltr'><strong><em>esse,</em></strong></span> <span class='ocrx_word' id='word_1_814' title='bbox 3199 5028 3295 5084; x_wconf 91' lang='lat' dir='ltr'><strong><em>per</em></strong></span> <span class='ocrx_word' id='word_1_815' title='bbox 3320 5015 3466 5085; x_wconf 90' lang='lat' dir='ltr'><strong><em>quod</em></strong></span> 
     </span>
    </p>
   </div>
   <div class='ocr_carea' id='block_1_109' title="bbox 1904 5104 3471 5178">
    <p class='ocr_par' dir='ltr' id='par_1_109' title="bbox 1904 5104 3471 5178">
     <span class='ocr_line' id='line_1_109' title="bbox 1904 5104 3471 5178; baseline 0.003 -17"><span class='ocrx_word' id='word_1_816' title='bbox 1904 5121 2119 5177; x_wconf 77' lang='lat' dir='ltr'><strong><em>sponsae</em></strong></span> <span class='ocrx_word' id='word_1_817' title='bbox 2175 5106 2361 5176; x_wconf 70' lang='lat' dir='ltr'><strong><em>oeplus</em></strong></span> <span class='ocrx_word' id='word_1_818' title='bbox 2413 5104 2699 5176; x_wconf 86' lang='lat' dir='ltr'><strong><em>ademptus</em></strong></span> <span class='ocrx_word' id='word_1_819' title='bbox 2754 5106 2864 5161; x_wconf 89' lang='lat' dir='ltr'><strong><em>sit:</em></strong></span> <span class='ocrx_word' id='word_1_820' title='bbox 2904 5107 2979 5161; x_wconf 93' lang='lat' dir='ltr'><strong><em>ita</em></strong></span> <span class='ocrx_word' id='word_1_821' title='bbox 3012 5116 3071 5163; x_wconf 90' lang='lat' dir='ltr'><strong><em>ut</em></strong></span> <span class='ocrx_word' id='word_1_822' title='bbox 3119 5108 3231 5178; x_wconf 87' lang='lat' dir='ltr'><strong><em>jam</em></strong></span> <span class='ocrx_word' id='word_1_823' title='bbox 3278 5112 3471 5167; x_wconf 72' lang='lat' dir='ltr'><strong><em>anima</em></strong></span> 
     </span>
    </p>
   </div>
   <div class='ocr_carea' id='block_1_110' title="bbox 1900 5197 3472 5270">
    <p class='ocr_par' dir='ltr' id='par_1_110' title="bbox 1900 5197 3472 5270">
     <span class='ocr_line' id='line_1_110' title="bbox 1900 5197 3472 5270; baseline 0.003 -18"><span class='ocrx_word' id='word_1_824' title='bbox 1900 5198 2247 5270; x_wconf 87' lang='lat' dir='ltr'><strong><em>pulchritudo</em></strong></span> <span class='ocrx_word' id='word_1_825' title='bbox 2305 5198 2377 5253; x_wconf 87' lang='lat' dir='ltr'><strong><em>sit</em></strong></span> <span class='ocrx_word' id='word_1_826' title='bbox 2401 5197 2658 5263; x_wconf 88' lang='lat' dir='ltr'><strong><em>revelata,</em></strong></span> <span class='ocrx_word' id='word_1_827' title='bbox 2720 5212 2830 5253; x_wconf 92' lang='lat' dir='ltr'><strong><em>non</em></strong></span> <span class='ocrx_word' id='word_1_828' title='bbox 2883 5199 3117 5270; x_wconf 88' lang='lat' dir='ltr'><strong><em>amplius</em></strong></span> <span class='ocrx_word' id='word_1_829' title='bbox 3162 5198 3472 5258; x_wconf 80' lang='lat' dir='ltr'><strong><em>oﬂ&#39;undente</em></strong></span> 
     </span>
    </p>
   </div>
   <div class='ocr_carea' id='block_1_111' title="bbox 1900 5289 2538 5359">
    <p class='ocr_par' dir='ltr' id='par_1_111' title="bbox 1900 5289 2538 5359">
     <span class='ocr_line' id='line_1_111' title="bbox 1900 5289 2538 5359; baseline -0.002 -15"><span class='ocrx_word' id='word_1_830' title='bbox 1900 5290 1978 5346; x_wconf 89' lang='lat' dir='ltr'><strong><em>illi</em></strong></span> <span class='ocrx_word' id='word_1_831' title='bbox 2012 5289 2296 5359; x_wconf 90' lang='lat' dir='ltr'><strong><em>caliginem</em></strong></span> <span class='ocrx_word' id='word_1_832' title='bbox 2315 5289 2538 5343; x_wconf 88' lang='lat' dir='ltr'><strong><em>amictu.</em></strong></span> 
     </span>
    </p>
   </div>
   <div class='ocr_carea' id='block_1_112' title="bbox 1974 5380 3465 5453">
    <p class='ocr_par' dir='ltr' id='par_1_112' title="bbox 1974 5380 3465 5453">
     <span class='ocr_line' id='line_1_112' title="bbox 1974 5380 3465 5453; baseline -0.001 -17"><span class='ocrx_word' id='word_1_833' title='bbox 1974 5382 2277 5439; x_wconf 82' lang='lat' dir='ltr'><strong><em>Enimvero</em></strong></span> <span class='ocrx_word' id='word_1_834' title='bbox 2354 5388 2669 5453; x_wconf 82' lang='lat' dir='ltr'><strong><em>repetamus</em></strong></span> <span class='ocrx_word' id='word_1_835' title='bbox 2714 5380 2829 5435; x_wconf 66' lang='lat' dir='ltr'><strong><em>haec</em></strong></span> <span class='ocrx_word' id='word_1_836' title='bbox 2869 5394 3114 5445; x_wconf 88' lang='lat' dir='ltr'><strong><em>rursum,</em></strong></span> <span class='ocrx_word' id='word_1_837' title='bbox 3154 5380 3465 5435; x_wconf 88' lang='lat' dir='ltr'><strong><em>summatim</em></strong></span> 
     </span>
    </p>
   </div>
   <div class='ocr_carea' id='block_1_113' title="bbox 1904 5468 3470 5543">
    <p class='ocr_par' dir='ltr' id='par_1_113' title="bbox 1904 5468 3470 5543">
     <span class='ocr_line' id='line_1_113' title="bbox 1904 5468 3470 5543; baseline -0.001 -16"><span class='ocrx_word' id='word_1_838' title='bbox 1904 5486 2094 5527; x_wconf 85' lang='lat' dir='ltr'><strong><em>eorum</em></strong></span> <span class='ocrx_word' id='word_1_839' title='bbox 2129 5488 2250 5543; x_wconf 73' lang='lat' dir='ltr'><strong><em>qua:</em></strong></span> <span class='ocrx_word' id='word_1_840' title='bbox 2296 5471 2444 5527; x_wconf 91' lang='lat' dir='ltr'><strong><em>dicta</em></strong></span> <span class='ocrx_word' id='word_1_841' title='bbox 2473 5479 2603 5528; x_wconf 89' lang='lat' dir='ltr'><strong><em>sunt</em></strong></span> <span class='ocrx_word' id='word_1_842' title='bbox 2661 5472 2889 5527; x_wconf 89' lang='lat' dir='ltr'><strong><em>collecta</em></strong></span> <span class='ocrx_word' id='word_1_843' title='bbox 2934 5468 3229 5525; x_wconf 87' lang='lat' dir='ltr'><strong><em>sententia.</em></strong></span> <span class='ocrx_word' id='word_1_844' title='bbox 3273 5470 3470 5525; x_wconf 82' lang='lat' dir='ltr'><strong><em>Anima</em></strong></span> 
     </span>
    </p>
   </div>
   <div class='ocr_carea' id='block_1_114' title="bbox 1905 5558 3467 5632">
    <p class='ocr_par' dir='ltr' id='par_1_114' title="bbox 1905 5558 3467 5632">
     <span class='ocr_line' id='line_1_114' title="bbox 1905 5558 3467 5632; baseline 0.001 -16"><span class='ocrx_word' id='word_1_845' title='bbox 1905 5560 1999 5616; x_wconf 90' lang='lat' dir='ltr'><strong><em>illa</em></strong></span> <span class='ocrx_word' id='word_1_846' title='bbox 2040 5576 2162 5632; x_wconf 69' lang='lat' dir='ltr'><strong><em>quae</em></strong></span> <span class='ocrx_word' id='word_1_847' title='bbox 2188 5560 2357 5618; x_wconf 89' lang='lat' dir='ltr'><strong><em>Deum</em></strong></span> <span class='ocrx_word' id='word_1_848' title='bbox 2398 5562 2674 5627; x_wconf 86' lang='lat' dir='ltr'><strong><em>intuetur,</em></strong></span> <span class='ocrx_word' id='word_1_849' title='bbox 2722 5569 2775 5615; x_wconf 90' lang='lat' dir='ltr'><strong><em>et</em></strong></span> <span class='ocrx_word' id='word_1_850' title='bbox 2808 5558 2973 5615; x_wconf 92' lang='lat' dir='ltr'><strong><em>semel</em></strong></span> <span class='ocrx_word' id='word_1_851' title='bbox 3011 5558 3467 5629; x_wconf 83' lang='lat' dir='ltr'><strong><em>pulchritudinem</em></strong></span> 
     </span>
    </p>
   </div>
   <div class='ocr_carea' id='block_1_115' title="bbox 1905 5648 3470 5723">
    <p class='ocr_par' dir='ltr' id='par_1_115' title="bbox 1905 5648 3470 5723">
     <span class='ocr_line' id='line_1_115' title="bbox 1905 5648 3470 5723; baseline 0.001 -19"><span class='ocrx_word' id='word_1_852' title='bbox 1905 5649 2147 5706; x_wconf 90' lang='lat' dir='ltr'><strong><em>interitui</em></strong></span> <span class='ocrx_word' id='word_1_853' title='bbox 2188 5652 2321 5707; x_wconf 91' lang='lat' dir='ltr'><strong><em>nulli</em></strong></span> <span class='ocrx_word' id='word_1_854' title='bbox 2358 5651 2657 5721; x_wconf 77' lang='lat' dir='ltr'><strong><em>subiectam</em></strong></span> <span class='ocrx_word' id='word_1_855' title='bbox 2690 5648 3004 5704; x_wconf 88' lang='lat' dir='ltr'><strong><em>desiderare</em></strong></span> <span class='ocrx_word' id='word_1_856' title='bbox 3037 5650 3223 5719; x_wconf 73' lang='grc' dir='ltr'>οωρὶι,</span> <span class='ocrx_word' id='word_1_857' title='bbox 3258 5665 3470 5723; x_wconf 86' lang='lat' dir='ltr'><strong><em>semper</em></strong></span> 
     </span>
    </p>
   </div>
   <div class='ocr_carea' id='block_1_116' title="bbox 301 5756 3463 5832">
    <p class='ocr_par' dir='ltr' id='par_1_116' title="bbox 301 5756 3463 5832">
     <span class='ocr_line' id='line_1_116' title="bbox 301 5756 3463 5832; baseline 0.003 -21"><span class='ocrx_word' id='word_1_858' title='bbox 301 5760 348 5832; x_wconf 51' lang='grc' dir='ltr'><strong><em>τε</em></strong></span> <span class='ocrx_word' id='word_1_859' title='bbox 378 5759 721 5832; x_wconf 54' lang='lat' dir='ltr'><strong><em>Psalmuvt,</em></strong></span> <span class='ocrx_word' id='word_1_860' title='bbox 750 5757 919 5832; x_wconf 39' lang='grc' dir='ltr'><strong><em>[μ’-ξ</em></strong></span> <span class='ocrx_word' id='word_1_861' title='bbox 934 5756 1097 5832; x_wconf 66' lang='grc' dir='ltr'>ῌοὶιτ.</span> <span class='ocrx_word' id='word_1_862' title='bbox 1120 5774 1159 5822; x_wconf 83' lang='grc' dir='ltr'>ι,</span> <span class='ocrx_word' id='word_1_863' title='bbox 1196 5760 1282 5815; x_wconf 72' lang='grc' dir='ltr'>Ν.</span> <span class='ocrx_word' id='word_1_864' title='bbox 1342 5763 1387 5795; x_wconf 70' lang='grc'><strong><em>⁷⁸</em></strong></span> <span class='ocrx_word' id='word_1_865' title='bbox 1410 5764 1540 5820; x_wconf 90' lang='lat' dir='ltr'><strong><em>Luc.</em></strong></span> <span class='ocrx_word' id='word_1_866' title='bbox 1568 5782 1655 5825; x_wconf 79' lang='lat' dir='ltr'><strong><em>xv.</em></strong></span> <span class='ocrx_word' id='word_1_867' title='bbox 1696 5764 1747 5819; x_wconf 90' lang='lat'><strong><em>9.</em></strong></span> <span class='ocrx_word' id='word_1_868' title='bbox 1805 5766 1850 5798; x_wconf 85' lang='lat'><em>&quot;</em></span> <span class='ocrx_word' id='word_1_869' title='bbox 1878 5763 2021 5822; x_wconf 84' lang='lat' dir='ltr'><strong><em>Psal.</em></strong></span> <span class='ocrx_word' id='word_1_870' title='bbox 2050 5761 2309 5832; x_wconf 73' lang='lat' dir='ltr'><strong><em>Lxxxvnl,</em></strong></span> <span class='ocrx_word' id='word_1_871' title='bbox 2336 5767 2425 5822; x_wconf 71' lang='grc'><strong><em>21.</em></strong></span> <span class='ocrx_word' id='word_1_872' title='bbox 2488 5768 2533 5798; x_wconf 79' lang='grc'>⁷⁸</span> <span class='ocrx_word' id='word_1_873' title='bbox 2558 5765 2688 5821; x_wconf 92' lang='lat' dir='ltr'><strong><em>ibid.</em></strong></span> <span class='ocrx_word' id='word_1_874' title='bbox 2708 5764 2797 5827; x_wconf 73' lang='lat'><strong><em>22,</em></strong></span> <span class='ocrx_word' id='word_1_875' title='bbox 2827 5760 2919 5817; x_wconf 57' lang='grc' dir='ltr'><strong><em>ῆι.</em></strong></span> <span class='ocrx_word' id='word_1_876' title='bbox 2954 5762 2996 5793; x_wconf 85' lang='grc'><strong><em>’⁵⁷</em></strong></span> <span class='ocrx_word' id='word_1_877' title='bbox 3024 5759 3167 5817; x_wconf 86' lang='lat' dir='ltr'><strong><em>Psal.</em></strong></span> <span class='ocrx_word' id='word_1_878' title='bbox 3194 5778 3383 5830; x_wconf 77' lang='lat' dir='ltr'><strong><em>mnu,</em></strong></span> <span class='ocrx_word' id='word_1_879' title='bbox 3412 5771 3463 5827; x_wconf 80' lang='lat'><strong><em>8.</em></strong></span> 
     </span>
    </p>
   </div>
   <div class='ocr_carea' id='block_1_117' title="bbox 225 5827 1279 5895">
    <p class='ocr_par' dir='ltr' id='par_1_117' title="bbox 225 5827 1279 5895">
     <span class='ocr_line' id='line_1_117' title="bbox 225 5827 1279 5895; baseline 0.021 -31"><span class='ocrx_word' id='word_1_880' title='bbox 225 5831 275 5864; x_wconf 76' lang='lat' dir='ltr'><strong><em>ra</em></strong></span> <span class='ocrx_word' id='word_1_881' title='bbox 311 5831 489 5885; x_wconf 66' lang='lat' dir='ltr'><strong><em>calal,</em></strong></span> <span class='ocrx_word' id='word_1_882' title='bbox 524 5846 597 5893; x_wconf 73' lang='lat' dir='ltr'><strong><em>vn,</em></strong></span> <span class='ocrx_word' id='word_1_883' title='bbox 643 5829 725 5882; x_wconf 74' lang='grc'><strong><em>17.</em></strong></span> <span class='ocrx_word' id='word_1_884' title='bbox 808 5829 853 5859; x_wconf 85' lang='grc'><strong>⁷⁹</strong></span> <span class='ocrx_word' id='word_1_885' title='bbox 880 5827 919 5880; x_wconf 90' lang='grc' dir='ltr'><strong>ΙΙ</strong></span> <span class='ocrx_word' id='word_1_886' title='bbox 942 5828 1068 5895; x_wconf 66' lang='lat' dir='ltr'><strong><em>Cor.</em></strong></span> <span class='ocrx_word' id='word_1_887' title='bbox 1097 5846 1199 5891; x_wconf 75' lang='lat' dir='ltr'><strong><em>XII,</em></strong></span> <span class='ocrx_word' id='word_1_888' title='bbox 1225 5833 1279 5886; x_wconf 84' lang='lat'><strong><em>9.</em></strong></span> 
     </span>
    </p>
   </div>
   <div class='ocr_carea' id='block_1_118' title="bbox 558 5917 1255 5981">
    <p class='ocr_par' dir='ltr' id='par_1_118' title="bbox 558 5917 1255 5981">
     <span class='ocr_line' id='line_1_118' title="bbox 558 5917 1255 5981; baseline -0.001 -4"><span class='ocrx_word' id='word_1_889' title='bbox 558 5917 824 5979; x_wconf 71' lang='lat' dir='ltr'><strong><em>PATIOL.</em></strong></span> <span class='ocrx_word' id='word_1_890' title='bbox 872 5920 987 5981; x_wconf 76' lang='lat' dir='ltr'><strong><em>Gn.</em></strong></span> <span class='ocrx_word' id='word_1_891' title='bbox 1037 5919 1169 5979; x_wconf 79' lang='lat' dir='ltr'><strong><em>XLI</em></strong></span> <span class='ocrx_word' id='word_1_892' title='bbox 1186 5920 1255 5977; x_wconf 77' lang='grc' dir='ltr'><strong><em>ν.</em></strong></span> 
     </span>
    </p>
   </div>
   <div class='ocr_carea' id='block_1_119' title="bbox 3104 5925 3179 5986">
    <p class='ocr_par' dir='ltr' id='par_1_119' title="bbox 3104 5925 3179 5986">
     <span class='ocr_line' id='line_1_119' title="bbox 3104 5925 3179 5986; baseline -0.013 0"><span class='ocrx_word' id='word_1_893' title='bbox 3104 5925 3179 5986; x_wconf 84' lang='grc'><strong><em>33</em></strong></span> 
     </span>
    </p>
   </div>
  </div>
