4028 6524
615 401 753 464 1055

1889 400 1947 456 S.
1987 399 2317 460 GREGORII
2351 403 2645 464 NYSSENl

3686 425 3782 487 105⁸3

613 520 822 577 recenti
855 517 1095 590 quadam
1147 531 1316 588 supra
1355 529 1458 572 nos
1499 516 1659 587 positi
1706 516 1838 573 boni
1886 520 2184 588 cupiditate

2287 525 2538 598 κείμενον
2573 526 2867 598 ἐπιθυμίαν
2905 527 3050 598 ἔχει,
3092 533 3342 591 οὐδέποτε
3393 537 3534 611 κόρῳ
3562 539 3642 594 τὸν
3664 544 3784 600 πόθον

614 609 970 673 accenditur,
1002 607 1152 662 nulla
1195 605 1446 662 satietate
1494 606 1829 662 desiderium
1874 607 1978 663 hoc
2020 609 2186 666 hebe-

613 707 786 756 tante.
821 699 1116 770 PrOpterea
1159 712 1376 767 semper
1407 697 1475 751 ad
1505 697 1782 752 anteriora
1822 699 2184 770 contendens,

613 806 897 862 nunquam
917 790 1123 846 desinit
1152 789 1280 844 inde
1314 789 1556 859 prodire,
1592 790 1684 845 ubi
1707 799 1812 856 est,
1847 801 1903 846 et
1945 793 2010 847 ad
2049 793 2186 850 inte-

614 885 763 939 riora
798 889 1107 954 penetrare,
1149 881 1242 936 ubi
1289 882 1523 938 necdum
1575 880 1699 936 fuit.
1766 881 1967 939 Eadem
2030 885 2186 955 quid-

614 978 746 1049 quid
779 977 976 1048 quovis
1007 975 1058 1031 ei
1090 983 1337 1046 tempore
1380 973 1763 1029 admirandum
1817 990 1882 1030 ac
1926 991 2183 1048 magnum

613 1068 866 1132 offertur,
897 1065 1133 1122 inferius
1167 1066 1418 1122 ulteriori
1450 1081 1572 1122 esse
1605 1067 1798 1121 statuit
1834 1086 1847 1122 :
1897 1077 2183 1139 propterea

617 1160 764 1231 quod
812 1158 1100 1230 pulchrius
1123 1157 1351 1212 omnino
1389 1165 1472 1212 est
1516 1159 1670 1228 prius
1715 1166 2004 1229 percepto,
2037 1161 2182 1231 quod

616 1265 833 1322 semper
861 1249 1161 1305 invenitur.
1192 1248 1668 1316 Quemadmodum
1711 1259 1766 1306 et
1799 1249 2002 1308 Paulus
2050 1268 2188 1323 quo-

614 1343 753 1399 tidie
767 1342 1187 1407 moriebatur“,
1212 1358 1279 1398 ex
1309 1357 1418 1412 quo
1437 1357 1654 1412 semper
1679 1341 1749 1396 ad
1781 1357 1979 1398 novam
2001 1359 2189 1414 quam-

616 1438 740 1495 dam
768 1437 935 1492 vitam
986 1436 1375 1500 contendebat,
1427 1445 1681 1491 mortuus
1725 1437 1852 1492 vita:
1877 1439 2186 1508 praeteritae,

618 1545 684 1585 ac
716 1543 908 1584 eorum
943 1542 1065 1600 quae
1115 1527 1227 1598 jam
1283 1525 1596 1583 confecerat
1637 1528 1984 1584 obliviscens.
2054 1529 2185 1584 Eam

617 1622 690 1676 ob
724 1634 946 1676 causam
977 1626 1032 1674 et
1061 1633 1286 1689 sponsa,
1329 1632 1450 1687 qua:
1475 1615 1542 1671 ad
1571 1631 1834 1688 sponsum
1867 1633 2035 1673 cursu
2064 1634 2189 1673 con-

615 1710 808 1777 tendit,
841 1710 1081 1782 quietem
1121 1724 1150 1761 a
1182 1707 1432 1780 profectu
1465 1708 1532 1762 ad
1558 1708 1766 1778 majora
1806 1710 2010 1763 nullam
2041 1711 2190 1764 inve-

617 1807 717 1860 nit.
739 1803 919 1858 Efficit
945 1818 1011 1858 ex
1034 1818 1129 1858 ore
1174 1817 1275 1858 suo
1323 1801 1614 1872 paradisos
1643 1802 1910 1856 malorum
1960 1804 2189 1872 punico-

2285 618 2649 689 ἀμϐλύνουσα.
2718 619 2819 674 Διὰ
2875 619 3032 674 τοῦτο
3095 621 3323 678 πάντοτε
3383 633 3492 695 τοῖς
3543 632 3784 703 ἔμπροσθεν

2288 712 2707 785 ὲπεκτεινομένη
2737 713 2797 766 οὺ
2827 713 3080 779 παύεται,
3113 715 3209 768 καὶ
3255 715 3364 770 ἀπὸ
3406 722 3491 775 cui
3529 725 3582 779 ὲν
3613 717 3651 793 ᾧ
3681 728 3786 783 ἐστιν

2286 801 2503 866 ἐξιοῦσα
2542 804 2636 857 καὶ
2685 804 2820 876 πρὸς
2861 805 2954 858 τὸν
3004 805 3274 878 ἐνδότερον
3320 808 3635 887 εἰσδυομένη,
3679 817 3724 871 ὲν
3757 812 3788 886 ᾧ

2285 892 2440 948 οὔπω
2467 895 2706 965 ἐγένετο·
2744 895 2841 952 καὶ
2884 898 2946 950 τὸ
2990 897 3220 952 πάντοτε
3267 898 3566 970 θαυμαστὸν
3590 906 3698 979 αὑτῇ
3723 909 3788 963 καὶ
3904 893 3905 916 ἦ

2290 988 2430 1058 μέγα
2469 988 2809 1059 φαινόμενον,
2843 987 3148 1060 κατώτερον
3193 990 3483 1062 ποιουμένη
3519 991 3604 1045 τοῦ
3629 991 3787 1068 ἐφεῆς,

2287 1081 2376 1134 διά
2403 1079 2464 1133 τὸ
2493 1081 2973 1152 περικαλλέστερον
3005 1083 3221 1146 πάντως
3259 1078 3396 1136 εἶναι
3439 1081 3530 1136 τοῦ
3565 1100 3787 1156 προκατει.

2285 1171 2562 1242 λημμένου
2599 1173 2659 1226 τὸ
2690 1173 2774 1226 ἀεὶ
2801 1173 3205 1243 εὑρισκόμενον.
3241 1172 3438 1238 Καθὼς
3463 1174 3551 1228 καὶ
3585 1177 3610 1228 ὁ
3637 1176 3791 1242 Παῦλος

2286 1262 2408 1315 καθ’
2439 1263 2652 1334 ἡμέραν
2687 1263 3044 1335 ἀπέθνησκεν,
3078 1265 3265 1337 ἐπειδὴ
3303 1265 3528 1320 πάντοτε
3559 1268 3676 1338 πρὸς
3713 1286 3792 1324 και·

2287 1355 2383 1425 νήν
2407 1369 2530 1407 τινα
2558 1356 2739 1424 μετείη
2775 1354 2938 1428 ζωήν,
2967 1355 3158 1428 νεκρὸς
3187 1357 3274 1410 ἀεὶ
3295 1356 3373 1428 τῷ
3402 1360 3712 1430 παρῳχηκότι
3734 1380 3792 1430 γι-
3904 1405 3905 1410 η

2289 1443 2529 1513 νόμενος,
2563 1443 2655 1496 καὶ
2686 1442 2856 1514 λήθην
2888 1446 2995 1500 τῶν
3024 1447 3494 1520 προδιηνυσμένων
3521 1449 3791 1522 ποιούμενος.

2288 1533 2386 1586 Διά
2416 1531 2574 1586 τοῦτο
2605 1533 2698 1586 καὶ
2736 1533 2768 1602 ή
2805 1530 2941 1601 πρὸς
2980 1535 3069 1584 τὸν
3110 1537 3341 1608 νυμφίον
3365 1539 3616 1609 τρέχουσα
3638 1541 3791 1613 νύμφη,

2292 1624 2476 1678 στάσιν
2503 1623 2625 1678 τινὰ
2652 1624 2748 1694 τῆς
2771 1625 2864 1677 ἐπὶ
2883 1624 2944 1677 τὸ
2971 1621 3155 1693 μεῖζον
3180 1632 3458 1700 προκοπῆς
3481 1631 3572 1701 οὐχ
3592 1632 3792 1702 εὑρίσκει.

2290 1715 2657 1786 Παραδείσους
2683 1717 2825 1768 ποιεῖ
2855 1714 2991 1786 ῥοῶν
3019 1713 3108 1767 διὰ
3133 1717 3400 1786 στόματος
3425 1704 3666 1792 ἀρώματα
3690 1725 3796 1794 ῥέον.

2291 1825 2408 1886 τας.
2439 1807 2656 1881 Τροφὴν
2683 1809 2955 1879 έτοιμάξει
2979 1808 3057 1880 τῷ
3080 1809 3325 1883 Δεσπότῃ
3359 1809 3457 1879 τῆς
3483 1815 3699 1880 κτίσεως,
3719 1821 3795 1879 τοῖς

617 1913 762 1963 rum,
793 1897 885 1968 qui
937 1897 1200 1951 aromatis
1229 1895 1420 1950 fluant.
1478 1893 1671 1950 Cibum
1713 1902 1869 1964 parat
1905 1901 2189 1948 creatura-

2292 1881 2442 1963 ἰδίοις
2486 1874 2647 1954 αὐτὸν
2695 1874 3325 1972 δεξιουμένη-καρποῖςί⁷
3351 1874 3584 1974 Πήγάζει

616 2006 738 2046 rum
786 1988 1050 2054 Domino,
1101 1987 1218 2044 suis
1263 2003 1384 2042 eum
1422 1986 1690 2041 fructibus
1718 1985 2013 2055 excipiens.
2053 1983 2190 2038 Hor-

618 2090 705 2138 tos
748 2081 805 2136 in
853 2080 1078 2136 modum
1120 2078 1353 2134 fontium
1405 2093 1474 2133 ex
1521 2093 1645 2134 sese
1687 2076 1932 2133 distillat.
1975 2074 2060 2129 Fit
2090 2090 2190 2139 pu-

617 2187 738 2232 teus
784 2188 937 2244 aquae
969 2172 1126 2227 vivae.
1176 2169 1311 2224 Tota
1357 2169 1588 2240 pulchra
1636 2177 1691 2224 et
1747 2165 2190 2238 reprehensionis

619 2281 813 2338 expers
844 2265 1020 2336 ipsius
1053 2261 1216 2318 Verbi
1249 2261 1564 2318 testimonio
1587 2261 1919 2317 declaratur.
1948 2257 2188 2314 Rursum

621 2361 789 2415 altius
822 2358 908 2413 his
937 2363 1148 2421 evecta,
1185 2353 1426 2410 Verbum
1452 2352 1892 2426 magniﬁcentius
1922 2349 2189 2407 accedens

620 2449 1027 2513 animadvertit,
1070 2447 1231 2517 cujus
1272 2454 1418 2503 esset
1447 2453 1614 2516 caput
1660 2459 1784 2500 rore
1830 2442 2075 2514 plenum,
2135 2448 2190 2497 et

619 2541 863 2600 cincinni
897 2548 1081 2612 guttas
1130 2547 1434 2593 nocturnas
1475 2539 1841 2594 continerent.
1875 2534 2063 2590 Abluit
2099 2549 2192 2604 pe-

619 2639 738 2701 des,
788 2635 1028 2691 tunicam
1059 2633 1237 2696 exuit,
1268 2630 1546 2702 myrrham
1585 2645 1616 2686 e
1643 2629 1898 2685 manibus
1944 2626 2188 2683 distillat.

619 2732 887 2788 Admovet
919 2731 1162 2785 claustro
1194 2739 1412 2788 manus,
1446 2723 1654 2777 aditum
1703 2719 1999 2792 patefacit,
2039 2734 2189 2790 quaa-

619 2826 696 2884 rit
763 2838 888 2879 eum
957 2821 1050 2893 qui
1097 2833 1207 2876 non
1263 2815 1785 2887 comprehenditur,
1857 2821 2016 2870 vocat
2067 2829 2192 2868 eum

621 2923 785 2988 quem
822 2911 1046 2984 assequi
1091 2925 1203 2967 non
1236 2921 1551 2979 possumus,
1588 2905 1879 2961 offenditur
1924 2921 1955 2962 a
2003 2914 2192 2961 custo.

621 3009 806 3066 dibus.
866 3005 1089 3077 Virgam
1146 3003 1525 3058 verberantem
1577 3009 1771 3071 sponte
1829 3019 1930 3062 sua
1974 3001 2189 3071 recipit.

621 3101 871 3158 Imitatur
918 3112 1110 3156 saxum
1155 3095 1290 3151 illud
1337 3094 1406 3150 de
1441 3110 1547 3170 quo
1564 3094 1728 3150 Vates
1763 3095 1838 3148 ait
1869 3111 1882 3145 :
1919 3093 2192 3149 Percussit

622 3211 834 3259 saxum,
857 3201 908 3248 et
941 3205 1092 3262 aqua?
1113 3189 1485 3258 proﬂuxerunt
1512 3187 1580 3240 3‘.
1622 3184 1812 3241 Viden‘
1841 3195 2096 3257 quantam
2121 3185 2187 3239 ad
2216 3221 2263 3283 C

625 3285 1012 3345 sublimitatem
1053 3295 1253 3351 sponsa
1289 3278 1636 3350 pervenerit?
1659 3276 1790 3332 Eam
1827 3278 2086 3333 nimirum
2120 3279 2191 3333 ob

631 3390 846 3434 causam
888 3387 1172 3444 percussa,
1223 3370 1374 3424 velut
1418 3383 1448 3422 a
1488 3367 1637 3424 Mose
1681 3384 1847 3438 rupes
1898 3370 1987 3422 illa
2028 3369 2192 3423 ferie-

623 3471 808 3533 batur,
845 3474 904 3520 ut
950 3465 1014 3518 ad
1063 3461 1484 3518 similitudinem
1530 3460 1682 3514 illius
1713 3467 1766 3514 et
1796 3461 1915 3530 ipsa
1953 3457 2192 3515 Verbum

625 3559 720 3615 Dei
758 3557 826 3613 de
865 3555 1092 3610 vulnere
1135 3553 1328 3608 imbris
1359 3552 1532 3608 instar
1575 3551 1829 3619 ell'usum,
1867 3567 1966 3622 pro
2005 3553 2194 3608 sitien-

626 3651 771 3706 tieus
810 3647 970 3718 quasi
1015 3645 1308 3716 quamdam
1363 3644 1751 3716 scaturiginem
1797 3645 2027 3700 emittat.
2093 3643 2190 3702 Se-

623 3740 864 3797 Cllidum
918 3739 1034 3792 haec
1084 3735 1323 3793 ostendit
1367 3735 1695 3791 denudatam
1731 3735 1887 3792 faciei
1935 3747 2194 3792 venusta-

623 3843 755 3898 tem,
795 3839 1150 3903 posteaquam
1209 3829 1258 3884 ei
1305 3829 1522 3899 peplum
1553 3827 1806 3884 custodes
1851 3829 2192 3885 ademerunt.

624 3923 752 3980 Haec
773 3931 924 3989 sunt,
965 3937 1088 3993 quae
1113 3921 1181 3976 de
1211 3921 1314 3976 hoc
1344 3921 1466 3976 loco
1489 3920 1696 3992 percipi
1733 3935 1764 3974 a
1795 3921 1954 3977 nobis
1994 3930 2190 3992 potue-

622 4025 770 4072 runt.
800 4013 1014 4072 Nemini
1044 4021 1226 4069 autem
1255 4011 1638 4078 invidebimus,
1670 4011 1718 4068 si
1746 4013 1813 4067 ab
1850 4028 1916 4069 eo
1949 4014 2041 4084 qui
2069 4015 2196 4070 abs-

623 4107 844 4164 condita
899 4107 1158 4180 mysteria
1232 4103 1488 4168 revelat,
1539 4105 2050 4174 contemplationem
2098 4107 2197 4161 bo-

628 4217 753 4258 rum
807 4200 1004 4272 majori
1049 4214 1174 4256 cum
1224 4197 1532 4252 animorum
1579 4197 1811 4252 utilitate
1849 4198 2194 4268 conjunctam

626 4299 1018 4362 consequetur.
1058 4289 1336 4345 Fortassis
1367 4289 1529 4343 etiam
1558 4287 1758 4343 dixerit
1783 4289 2002 4359 aliquis,
2041 4289 2194 4347 Isaiae

624 4385 768 4441 vatis
805 4384 1071 4440 visionem
1107 4381 1263 4437 aliine
1305 4381 1438 4452 quid
1487 4381 1690 4436 habere
1719 4396 1844 4436 cum
1878 4383 2060 4439 verbis
2108 4383 2197 4439 hic

627 4477 788 4534 nobis
817 4474 1141 4547 propositis.
1173 4472 1325 4528 Illam
1361 4473 1486 4528 dico
1517 4473 1781 4529 visionem
1814 4488 1938 4528 cum
1980 4484 2196 4530 mortuo

2287 1990 2467 2062 Φρέαρ
2493 1992 2701 2059 γίνεται
2743 1990 2933 2054 ὕδατος
2979 1991 3180 2056 ζῶντος
3207 2030 3223 2045 .
3260 1991 3398 2063 Ὅλη
3430 1993 3562 2064 καλὴ
3585 1995 3667 2047 καὶ
3690 1995 3796 2065 ἀμω-

2291 2101 2390 2155 μος
2416 2083 2690 2138 δείκνυται
2717 2084 2858 2137 κατά
2887 2085 2987 2156 τήν
3019 2084 3324 2156 μαρτυρίαν
3353 2084 3444 2138 τοῦ
3467 2086 3646 2154 Λόγου.
3678 2087 3797 2141 Πάλιν

2289 2176 2430 2248 ὑπὲρ
2457 2177 2629 2231 ταῦτα
2662 2177 2950 2250 γενομένη,
2999 2177 3314 2232 αἰσθάνεται
3367 2178 3798 2250 μεγαλοπρεπέστε-

2293 2285 2382 2339 ρον
2399 2307 2414 2334 ,
2470 2269 2749 2341 προίόντος
2791 2267 2886 2323 τοῦ
2912 2268 3088 2338 Λόγου
3113 2309 3128 2332 ,
3174 2269 3544 2342 πληρουμένου
3580 2269 3700 2324 κατὰ
3733 2270 3797 2342 τὴν

2289 2358 2529 2430 κεφαλὴν
2558 2360 2658 2431 τῆς
2686 2359 2898 2432 δρόσου,
2951 2362 3046 2416 καὶ
3091 2361 3196 2416 τῶν
3240 2363 3342 2433 τῆς
3369 2362 3556 2426 νυκτὸς
3592 2362 3796 2431 ψεκάδων,

2289 2449 2397 2501 τῶν
2440 2449 2499 2504 ὲν
2554 2452 2666 2513 τοῖς
2710 2449 3027 2523 βοστρύχοις
3073 2450 3391 2522 γινομένων.
3437 2452 3678 2506 Νίπτεται
3713 2453 3798 2514 τοὺς

2291 2541 2478 2607 πόδας,
2509 2541 2600 2596 τὸν
2630 2542 2831 2612 χιτῶνα
2857 2541 3128 2607 ἐκδύεται,
3156 2542 3403 2617 σμύρναν
3427 2543 3511 2598 διὰ
3534 2544 3634 2598 τῶν
3654 2542 3799 2614 χειρῶν
3904 2579 3905 2617 γ

2292 2631 2608 2698 ἀποστάζει.
2643 2633 2916 2704 Προσάγει
2944 2633 3022 2702 τῷ
3050 2634 3286 2707 κλείθρῳ
3305 2635 3407 2699 τὰς
3435 2637 3628 2706 χεῖρας,
3651 2635 3799 2702 ἀνοίγει

2292 2721 2389 2795 τὴν
2419 2722 2642 2790 εἴσοδον,
2671 2723 2824 2794 ζητεί
2861 2723 2952 2777 τὸν
2995 2725 3068 2796 μὴ
3106 2724 3654 2801 καταλαμϐανόμενον,
3683 2725 3800 2794 φωνεῖ

2293 2819 2382 2873 τὸν
2411 2819 2720 2888 ἀνέφικτον.
2747 2819 3072 2891 Εὑρίσκεται
3107 2819 3212 2874 ὑπὸ
3251 2820 3361 2874 τῶν
3401 2820 3657 2890 φυλάκων.
3688 2819 3800 2888 Δέχε-

2293 2927 2380 2963 ται
2409 2911 2496 2980 ὲφ*
2547 2911 2744 2982 ἑαυτῆς
2781 2909 2878 2981 τὴν
2923 2911 3306 2965 πατάσσουσαν
3357 2913 3560 2985 ῥάϐδον.
3601 2913 3799 2982 Μιμεῐται

2293 3002 2390 3072 τὴν
2417 3002 2644 3074 πέτραν,
2681 3003 2810 3074 περὶ
2844 2997 2913 3074 ἦς
2934 3021 3098 3075 φησιν
3141 3006 3170 3058 ὀ
3209 3003 3534 3078 Προφήτης·
3570 3006 3642 3058 ὃτι
3678 3000 3799 3058 Ἐπά-

2293 3097 2438 3161 ταξε
2483 3095 2735 3165 πέτραν,
2787 3097 2886 3151 καὶ
2919 3099 3183 3176 ἐρῤυρναν
3212 3097 3420 3152 ὕδατα.
3463 3099 3612 3169 Ὁρᾷς
3635 3098 3700 3160 εἰς
3718 3096 3800 3148 ὅσον

2294 3188 2594 3259 ἀνέδραμεν
2626 3187 2758 3257 ὕψος
2789 3190 2824 3258 ἡ
2859 3188 3083 3259 νύμφη;
3125 3188 3226 3242 Διά
3273 3190 3430 3244 τοῦτο
3465 3187 3799 3259 πατασσομένη,

2294 3280 2481 3352 ὥσπερ
2526 3283 2558 3351 ἠ
2609 3280 2907 3350 ἀκρότομος
2960 3281 3066 3333 ὑπὸ
3115 3281 3208 3334 τοῦ
3255 3283 3556 3347 Μωῦσέωςσ
3602 3285 3674 3336 ἵνα
3720 3281 3801 3333 καθ’

2293 3370 2583 3441 ὁμοιότητα
2615 3369 2846 3440 ὲηίνης,
2879 3370 2973 3423 καὶ
3005 3369 3140 3441 αὕτη
3170 3371 3396 3443 πηγάσῃ
3429 3375 3535 3435 τοῖς
3563 3371 3725 3442 διψῶσι
3743 3371 3802 3423 τὸν

2293 3464 2487 3533 Λόγον,
2514 3464 2579 3516 ἐκ
2604 3462 2705 3532 τῆς
2733 3463 2916 3533 πηγῆς
2947 3463 3387 3534 ἀνομὸρήσαντα.
3408 3459 3534 3519 Εἶτα
3554 3466 3636 3517 ἐπὶ
3653 3463 3802 3523 τούτοις

2294 3559 2491 3628 γυμνοῖ
2534 3557 2596 3609 τὸ
2640 3555 2833 3618 κάλλος
2893 3554 2994 3625 τῆς
3036 3554 3229 3625 ὅψεως,
3264 3557 3374 3610 τῶν
3412 3557 3648 3626 φυλάκων
3685 3555 3801 3618 αὐτῆς

2295 3644 2651 3715 περιελόντων
2699 3645 2759 3698 τὸ
2793 3644 3096 3716 θέριστρον.
3142 3643 3328 3699 Ταῦτά
3362 3647 3506 3700 ἐστιν
3541 3645 3575 3699 ἃ
3607 3644 3725 3699 κατά
3742 3642 3802 3694 τὸν

2293 3739 2456 3792 τόπον
2477 3738 2663 3792 τοῦτον
2697 3739 2861 3809 ἡμεῖς
2903 3738 3228 3792 καταλαϐεῖν
3275 3739 3629 3811 ἠδυνήθημεν.
3663 3735 3803 3793 mw;

2295 3833 2353 3888 δὲ
2382 3832 2572 3896 οὐδεὶς,
2618 3831 2870 3901 γενέσθαι
2916 3833 3022 3885 τινὶ
3069 3831 3220 3902 παρά
3261 3832 3357 3885 τοῦ
3407 3830 3803 3886 ἀποκαλύπτοντας

2295 3925 2362 3979 τὰ
2392 3923 2744 3996 κεκρυμμένα
2779 3924 3052 3994 μυστήρια
3091 3921 3575 3994 ψυχωφελεστέραν
3601 3920 3687 3990 τὴν
3714 3916 3804 3968 θεω-

2298 4017 2418 4089 ρίαν
2468 4018 2526 4070 ὲν
2571 4019 2684 4082 τοῖς
2732 4015 3128 4088 προκειμένοις.
3165 4016 3324 4079 Ἴσως
3363 4016 3420 4069 δέ
3464 4032 3544 4078 τις
3577 4016 3716 4084 φήσει
3743 4007 3804 4061 καὶ

2294 4109 2390 4164 τοῦ
2429 4110 2647 4163 Ἡσαΐου
2675 4108 2772 4180 τὴν
2803 4107 3067 4161 ὀπτασίαν
3103 4107 3246 4178 ἔχειν
3290 4109 3413 4162 τινὰ
3455 4108 3585 4179 πρὸς
3622 4104 3682 4158 τὰ
3713 4117 3804 4170 προ·

2297 4201 2522 4273 κείμενα
2572 4200 2711 4273 ῥητὰ
2746 4200 3045 4254 κοινωνίαν.
3090 4198 3334 4271 Ἐκείνην
3373 4199 3514 4269 λέγω
3557 4198 3646 4268 τὴν
3685 4195 3804 4246 dmu-

2300 4293 2437 4361 σίαν,
2470 4293 2560 4347 ὅτε
2603 4291 2960 4355 ἀποθανόντος
3004 4289 3099 4345 τοῦ
3140 4291 3340 4362 λεπροῦ
3377 4291 3643 4362 βασιλέως,
3683 4289 3804 4355 ἑωρα·

2298 4386 2448 4441 κέναι
2483 4386 2616 4458 φησὶ
2647 4386 2738 4439 τὸν
2787 4384 2880 4438 ἐπὶ
2927 4383 3022 4438 τοῦ
3074 4383 3278 4455 ὑψηλοῦ
3328 4403 3390 4438 τε
3434 4385 3524 4440 καὶ
3562 4377 3802 4452 ἐπηρμένον

2300 4478 2489 4551 θρόνου
2521 4475 2950 4555 μεγαλοπρεπῶς
2977 4477 3420 4548 προκαθήμενον
3461 4470 3521 4530 οὗ
3547 4475 3705 4544 σχῆμα
3738 4469 3803 4540 μὲν

627 4581 756 4640 rege
807 4567 958 4638 lepra
998 4565 1224 4630 infecto,
1265 4563 1473 4621 vidisse
1521 4565 1599 4619 ait
1651 4581 1773 4621 sese
1801 4567 2092 4638 quemdam
2139 4571 2192 4624 in

2298 4570 2394 4624 xui.
2443 4569 2670 4640 μέγεθος
2708 4569 2803 4622 καὶ
2841 4565 2978 4630 εῐδος
3022 4565 3148 4621 ἰδεῖν
3192 4567 3291 4620 οὐκ
3333 4566 3616 4639 ἐχώρησεν.
3645 4557 3708 4614 Ἦ
3730 4558 3803 4627 γὰρ

627 4658 846 4716 sublimi
891 4665 944 4712 et
992 4657 1202 4713 elevato
1250 4655 1388 4711 solio
1432 4655 1716 4728 magnifice
1763 4657 1817 4711 in
1865 4657 2040 4714 oculis
2077 4675 2197 4714 om-

629 4749 782 4804 nium
836 4746 1113 4802 sedentem
1163 4767 1176 4802 :
1232 4746 1392 4818 cujus
1463 4755 1518 4802 et
1575 4747 1795 4820 figurat,
1857 4757 1912 4804 et
1970 4748 2196 4814 formae,

629 4850 686 4896 et
743 4839 1136 4912 magnitudinis
1185 4839 1580 4911 perspicienda:
1615 4857 1785 4912 capax
1849 4860 1958 4899 non
2010 4843 2194 4898 fuerit.

629 4931 866 4988 Omnino
903 4932 1046 4987 enim
1094 4933 1209 4989 haec
1237 4933 1593 5003 prodidisset,
1645 4934 1691 4990 si
1742 4935 1960 5005 quidem
2008 4934 2199 4990 fuisset

626 5037 817 5080 eorum
874 5037 1066 5093 capax,
1115 5025 1258 5080 sicut
1307 5025 1364 5081 in
1398 5025 1613 5083 caeteris
1655 5025 1841 5092 etiam,
1888 5040 2010 5095 quae
2061 5040 2194 5080 con-

628 5115 827 5186 Spexit,
862 5113 1011 5180 fecit,
1065 5115 1195 5172 dum
1229 5117 1344 5174 alas
1385 5125 1688 5182 enumerat,
1724 5125 1778 5172 et
1813 5124 2014 5172 statum
2047 5116 2197 5172 vola—

627 5218 852 5276 tumque
881 5220 1294 5265 commemorat.
1333 5209 1536 5266 Saltem
1569 5225 1628 5266 se
1664 5224 1850 5264 vocem
1898 5209 2193 5278 quamdam

626 5297 849 5355 audisse
877 5299 1030 5367 dicit,
1066 5309 1510 5371 summotumque
1537 5301 1658 5355 loco
1691 5300 1861 5354 fuisse
1893 5298 2057 5356 limen
2096 5318 2196 5359 su-

624 5391 809 5462 perius
857 5407 954 5462 per
1005 5403 1330 5449 concentum
1380 5393 1700 5464 hymnorum
1763 5391 2086 5463 Serapltim,
2143 5405 2197 5453 et

626 5484 778 5540 fumo
804 5484 1026 5540 domum
1058 5486 1402 5556 completam,
1441 5485 1781 5556 ignitumque
1804 5487 2098 5542 carbonem
2129 5488 2198 5544 ab

628 5591 736 5632 uno
764 5593 833 5632 ex
874 5574 1159 5648 Seraphim
1189 5578 1244 5631 in
1270 5594 1331 5633 os
1360 5578 1499 5632 vatis
1539 5577 1798 5647 injectum
1839 5577 2031 5644 fuisse,
2088 5596 2197 5650 quo

625 5665 792 5734 facto,
826 5683 937 5723 non
979 5669 1142 5724 modo
1174 5670 1340 5735 labia,
1383 5670 1474 5725 sed
1527 5671 1686 5722 etiam
1726 5685 1891 5728 aures
1919 5673 2093 5741 ipsius
2129 5673 2194 5728 ad

735 5845 781 5875 ⁸⁸
815 5841 978 5900 lCor.
1005 5809 1093 5913 xv,
1117 5845 1206 5902 1'5.
1276 5847 1319 5878 “
1354 5844 1496 5902 Psal.
1518 5861 1721 5913 Lxxvn,
1747 5847 1839 5902 ‘20.

2299 4662 2368 4716 ἂν
2410 4656 2529 4714 εἶπε
2569 4660 2804 4723 πάντως,
2848 4660 3006 4728 εἴπερ
3047 4656 3314 4729 ἐχώρησε,
3354 4657 3597 4727 καθάπερ
3634 4651 3710 4706 καὶ
3743 4647 3803 4700 ἐπὶ

2299 4753 2406 4807 τῶν
2436 4752 2608 4807 ἄλλων
2647 4745 2721 4805 ὧν
2763 4745 2901 4804 εἶδεν
2948 4750 3192 4821 εποίησε,
3226 4750 3500 4820 πτέρυγας
3540 4743 3800 4819 ἀριθμήσας,

2301 4843 2394 4899 καὶ
2426 4843 2612 4897 στάσιν
2640 4843 2732 4897 καὶ
2784 4843 2984 4913 πτῆσιν
3025 4842 3442 4914 διηγησάμενος.
3482 4839 3650 4908 Φωνῆς
3669 4835 3714 4889 δὲ
3735 4831 3800 4902 μό·

2298 4956 2396 5008 νης
2423 4937 2712 5008 ἀκηκοέναι
2739 4936 2923 5008 φησὶν,
2951 4936 3041 4990 ὅτε
3082 4935 3296 5008 ἐπήρθη
3332 4935 3393 4988 τὸ
3433 4931 3706 5004 ὑπέρθυρον
3732 4921 3802 4978 ira

2298 5031 2399 5101 τῆς
2437 5031 2546 5084 τῶν
2589 5030 2836 5103 Σεραφὶμ
2885 5029 3172 5102 ὖμνῳδίας,
3224 5029 3318 5082 καί
3358 5031 3388 5082 ὁ
3431 5023 3572 5089 οἶκος
3615 5017 3800 5088 ἐπλήσθη

2301 5122 2529 5187 καπνοῦ,
2555 5124 2646 5176 καὶ
2673 5123 2738 5175 δι’
2768 5122 2884 5186 ἐνὸς
2911 5121 3018 5174 τῶν
3058 5121 3308 5192 Σεραφὶμ
3339 5117 3599 5190 ἐπεϐλήθη
3629 5111 3692 5182 τῷ
3717 5107 3801 5160 στόο

2305 5233 2431 5287 ματι
2462 5214 2552 5267 τοῦ
2585 5216 2867 5286 Προφήτου
2897 5213 3158 5283 διάπυρος
3210 5211 3411 5282 ἄνθραξ
3437 5227 3450 5240 ·
3492 5202 3550 5262 οὗ
3580 5201 3799 5287 γενομένην

2303 5285 2362 5360 οὐ
2394 5307 2462 5361 τά
2495 5285 2644 5376 χείλη
2681 5306 2860 5373 μόνον,
2886 5303 3021 5358 ἀλλά
3071 5302 3164 5358 καὶ
3201 5305 3234 5374 ή
3282 5302 3417 5372 ἀκοὴ
3459 5300 3586 5371 πρὸς
3617 5296 3698 5364 τὴν
3736 5285 3799 5339 τοῦ

2304 5399 2459 5468 λόγου
2496 5397 2756 5469 ὑποδοχὴν
2783 5398 3151 5468 καθαρίζεται.
3193 5396 3278 5458 Ὠς
3303 5395 3408 5466 γάρ
3438 5389 3650 5447 ἐνταῦθα
3676 5397 3798 5438 rma-

2298 5491 2490 5563 χθῆναι
2533 5491 2699 5559 λέγει,
2745 5489 2836 5544 καὶ
2878 5487 3346 5560 τραυματισθῆναι
3377 5485 3520 5556 παρά
3556 5481 3650 5536 τῶν
3680 5471 3798 5563 φιρλᾷ-

2447 5583 2707 5654 ήνύμφη,
2755 5583 2848 5636 καὶ
2888 5581 3029 5634 οὕτω
3077 5579 3427 5651 γυμνωθῆναι
3461 5577 3553 5645 τῆς
3593 5570 3672 5625 τοῦ
3694 5561 3794 5632 Θερί’

2302 5692 2463 5748 στρου
2488 5694 2551 5729 πε
2563 5675 2775 5747 ριϐολῆς
2794 5691 2806 5703 ·
2839 5672 2978 5728 οὕτω
3013 5675 3173 5728 κάκεῖ
3203 5673 3321 5727 ἀντὶ
3353 5671 3446 5742 μὲν
3471 5665 3557 5721 τοῦ
3582 5659 3794 5734 θερίστρθυ
