4028 6486
282 408 467 486 ιοει¹

1335 419 1404 475 IN
1432 414 1729 477 CANTICA
1762 415 2027 473 CANTIC.
2068 416 2349 473 HOMILIA
2386 418 2524 473 XIII.

3368 416 3504 473 I038

278 545 339 597 τὸ
373 541 678 614 ὑπέρθυρον
706 541 934 612 αῐρεται,
974 538 1117 592 ὥστε
1150 534 1538 606 ἀνεμπόδιστον
1584 534 1731 603 αὐτῳ
1758 549 1851 600 γε·

1968 532 2265 603 recipienda
2316 532 2480 588 verba
2536 540 2921 611 purgarentur.
2992 532 3262 589 Nimirum
3322 542 3381 588 ut
3425 534 3515 588 hic

277 637 465 691 νέσθαι
492 635 600 689 τῶν
629 637 686 689 ὲν
714 636 822 695 τοῖς
859 631 1067 694 ἀδύτοις
1093 629 1191 701 τὴν
1229 628 1485 700 Θεωρίαν·
1522 627 1642 682 ἀντὶ
1661 626 1717 680 δὲ
1744 624 1850 678 τῶν

280 728 536 795 φυλάκων
563 724 634 780 τὰ
658 720 906 791 Σεραφὶμ
948 718 1299 791 ὀνομάζεται·
1346 720 1466 772 ἀντὶ
1503 718 1559 771 δὲ
1597 718 1695 789 τῆς
1723 714 1853 787 ῥάϐ-

277 816 391 880 δου,
429 816 457 867 ὁ
487 810 720 882 ἄνθραξ·
748 810 871 864 ἀντὶ⁵
906 808 962 862 δὲ
985 812 1083 881 τῆς
1121 809 1355 880 πληγῆς,
1387 812 1419 880 ἡ
1462 807 1673 871 καῦσις.

1956 638 2273 691 percussam
2314 638 2374 678 se
2413 638 2615 693 sponsa
2667 623 2818 688 dicit,
2857 640 2921 681 ac
2974 626 3308 682 vulneratam
3354 638 3385 678 a
3421 638 3518 679 cu-

1959 714 2229 779 stodibus,
2276 729 2453 785 eoque
2493 722 2653 785 pacto
2695 716 2952 771 nudatam
2985 717 3129 788 pepli
3157 717 3355 772 amictu
3388 732 3401 768 :
3436 716 3517 771 sic

1960 806 2033 860 ibi
2069 808 2208 877 pepli
2259 808 2476 877 quidem
2506 808 2627 863 Ioco
2678 808 2843 863 limen
2893 812 3147 879 superius
3186 809 3423 874 tollitur,
3460 812 3521 861 ut

291 903 654 975 contemplari
708 902 917 972 absque
973 901 1358 967 impedimento
1399 918 1519 972 quae
1566 901 1623 956 in
1674 898 1851 970 adytis
1887 907 2074 954 essent
2144 910 2375 969 posset;
2446 915 2546 971 pro
2583 900 2903 957 custodibus
2938 916 3089 969 vero,
3138 900 3423 972 Seraphim
3460 899 3521 953 ﬁt

290 998 527 1064 mentio;
562 1014 661 1070 pro
689 999 861 1071 virga,
890 999 1183 1067 carbonis;
1209 1014 1307 1070 pro
1327 998 1568 1063 verbere,
1594 995 1844 1052 ustionis.

352 1092 543 1146 Κοινὸν
584 1093 641 1145 δὲ
676 1093 737 1147 τὸ
772 1094 945 1166 πέρας
983 1094 1074 1148 έπί
1096 1111 1155 1147 τε
1199 1095 1299 1163 τῆς
1348 1094 1582 1164 νύμφης,
1624 1093 1718 1145 καὶ
1760 1090 1851 1143 ἐπὶ

273 1184 380 1253 τῆς
417 1184 511 1237 τοῦ
564 1186 838 1256 προφήτου
875 1185 1073 1255 ψυχῆς,
1123 1187 1157 1255 ἡ
1209 1184 1515 1256 καθαρότης
1563 1183 1727 1236 ἐστίν.
1763 1182 1851 1243 Ὠς

275 1274 371 1330 οὖν
419 1281 449 1329 ό
504 1279 787 1348 προφήτης
834 1278 921 1331 διά
962 1278 1056 1332 τοῦ
1103 1278 1368 1347 ἄνθρακος
1404 1278 1523 1347 οὐχὶ
1567 1273 1850 1342 ἀλγύνεται

277 1370 587 1439 γαιόμενος,
616 1369 751 1423 ἀλλά
774 1369 1052 1437 δοξάζεται
1075 1369 1539 1440 λαμπρυνάμενος,
1563 1366 1731 1429 οὕτως
1758 1364 1851 1418 καὶ

274 1461 513 1516 ἐνταῦθα
536 1464 569 1532 ἡ
598 1461 802 1533 νύμφη,
832 1462 931 1515 οὐκ
966 1460 1156 1530 ὀδύνην
1196 1462 1259 1513 ἐκ
1299 1460 1395 1529 τῆς
1428 1459 1639 1529 πληγῆς
1678 1458 1851 1510 αἱτιᾶ-

276 1572 392 1617 ται,
426 1553 539 1607 ἀλλ’
572 1554 930 1625 έπικαυχᾶται
974 1556 1037 1623 τῇ
1068 1553 1164 1623 τῆς
1207 1551 1515 1623 παρρησίας
1548 1550 1850 1623 προσθήκῃ,

278 1649 347 1715 τῇ
406 1645 690 1717 ἀφαιρέσει
738 1646 830 1699 τοῦ
883 1642 1364 1714 προκαλύμματος,
1416 1644 1444 1696 ὃ
1502 1642 1782 1714 θέριστρον
1826 1643 1855 1695 ὁ

2029 1084 2295 1139 Craterum
2354 1086 2476 1142 linis
2533 1094 2587 1142 et
2656 1087 2710 1141 in
2762 1104 2973 1157 sponsae.
3029 1097 3083 1145 et
3134 1089 3188 1144 in
3244 1092 3533 1162 propheta:

1960 1178 2140 1232 animo
2170 1177 2312 1234 idem
2341 1184 2444 1241 est,
2488 1179 2742 1233 nimirum
2791 1181 3018 1249 puritas.
3064 1181 3408 1253 Quapropter
3443 1183 3523 1239 uti

1958 1279 2108 1327 vates
2141 1284 2235 1339 per
2263 1271 2556 1325 carbonem
2604 1279 2762 1327 ustus
2793 1272 3033 1327 dolorem
3082 1273 3291 1328 nullum
3333 1274 3521 1339 sentit,

1960 1363 2056 1418 sed
2079 1364 2396 1434 ampliorem
2424 1366 2651 1435 gloriam
2664 1365 2980 1443 illustratus
3005 1368 3362 1436 consequitur
3392 1385 3405 1422 :
3440 1366 3523 1423 sic

1960 1458 2123 1512 etiam
2155 1458 2255 1513 hoc
2291 1460 2406 1513 loco
2436 1473 2635 1529 sponsa
2663 1474 2776 1513 non
2809 1460 2876 1514 de
2906 1458 3028 1513 ullo
3058 1474 3125 1514 ex
3154 1460 3379 1513 vulnere
3416 1459 3518 1514 do-

1961 1553 2078 1607 lore
2116 1553 2382 1621 queritur,
2424 1552 2517 1607 sed
2564 1552 2823 1608 audacter
2868 1554 3031 1608 etiam
3073 1553 3352 1623 libereque
3396 1568 3527 1623 pro-

1963 1650 2083 1713 pter
2104 1643 2501 1713 ademptionem
2532 1644 2837 1707 velaminis,
2876 1644 3021 1713 quod
3056 1644 3146 1698 hic
3176 1646 3394 1715 peplum
3432 1660 3526 1715 ap-

276 1738 437 1807 λόγος
473 1738 769 1808 ὠνόμασεν.
803 1737 958 1789 Ἔστι
1006 1735 1062 1789 δὲ
1113 1736 1207 1788 καὶ
1254 1736 1417 1807 ἄλλην
1456 1736 1577 1788 τινά
1624 1735 1858 1789 διάνοιαν

1968 1734 2218 1803 pellatur,
2254 1750 2374 1788 sese
2408 1734 2597 1803 jactat.
2651 1734 2827 1787 Etiam
2866 1735 3003 1789 alius
3055 1734 3277 1805 quidam
3326 1749 3526 1789 sensus

281 1833 342 1883 ὲν
382 1831 494 1890 τοῖς
527 1826 903 1896 προκειμένοις
936 1826 1136 1896 εὑρεῖν,
1171 1825 1322 1878 οὐδὲν
1369 1826 1474 1879 τῶν
1518 1824 1859 1897 τεθεωρημέ-

280 1939 389 1973 νων
425 1918 755 1989 άπάδουσαν.
800 1917 864 1969 Ἠ
893 1917 999 1988 γὰρ
1029 1916 1313 1982 ἐξελθοῦσα
1342 1918 1489 1989 ψυχὴ
1516 1920 1572 1972 έν
1602 1918 1679 1989 τῷ
1714 1918 1858 1989 λόγῳ

279 2010 469 2077 αὑτοῦ,
500 2010 596 2064 καὶ
624 2010 861 2082 ζητοῦσα
890 2011 987 2081 μὲν
1018 2011 1109 2065 τὸν
1148 2012 1244 2081 οὐχ
1273 2012 1654 2083 εὑρισκόμενον
1674 2028 1690 2043 ·
1723 2015 1860 2066 ἀνα-

282 2101 525 2156 καλοῦσα
554 2101 610 2154 δὲ
647 2102 737 2155 τὸν
764 2104 829 2172 τῇ
861 2103 1102 2172 σημασίᾳ
1124 2102 1230 2155 τῶν
1258 2104 1531 2173 ὀνομάτων
1556 2104 1857 2174 ἀνέφικτον,

278 2195 587 2248 διδάσκεται
637 2192 787 2264 παρά
832 2193 939 2246 τῶν
981 2193 1251 2262 φυλάκων,
1294 2195 1373 2247 ὅτι
1428 2194 1521 2247 τοῦ
1575 2196 1860 2264 ἀνεφίκτου

280 2287 404 2357 ἐρᾷ.
446 2284 538 2337 καὶ
577 2283 670 2336 τοῦ
709 2284 1090 2353 ἀκαταλήπτου
1147 2285 1376 2353 ὲφίεται.
1426 2287 1502 2337 Δι’
1544 2279 1619 2341 ὧν
1663 2287 1861 2358 τρόπον

280 2379 406 2430 τινὰ
434 2376 725 2447 πλήσσεται
755 2375 850 2429 καὶ
874 2376 1291 2446 τραυματίζεται
1328 2379 1394 2447 τῇ
1424 2377 1742 2449 ἀνελπιστίᾳ
1768 2378 1861 2431 τοῦ

283 2464 641 2534 ποθουμένου,
686 2463 849 2533 ἀτελῆ
895 2481 954 2517 τε
997 2465 1090 2518 καὶ
1131 2465 1533 2518 ἀναπόλαυστον
1570 2465 1661 2519 τοῦ
1704 2466 1861 2520 ἄλλου

282 2557 383 2627 τὴν
418 2556 708 2626 ἐπιθυμίαν
750 2555 1035 2627 νομίσασα.
1075 2555 1231 2609 Ἀλλά
1274 2561 1636 2629 περιαιρεῖται
1670 2558 1730 2611 τὸ
1766 2559 1864 2629 τῆς

282 2652 461 2720 λύπης
495 2650 793 2721 θέριστρον,
843 2649 928 2702 διά
974 2649 1067 2702 τοῦ
1117 2650 1307 2720 μαθεῖν
1342 2650 1422 2702 ὅτι
1462 2650 1523 2702 τὸ
1547 2652 1633 2703 ἀεὶ
1664 2653 1864 2722 προκό-

282 2760 439 2795 πτειν
489 2742 546 2794 ὲν
598 2739 676 2809 τῷ
718 2739 917 2811 ζητεῖν,
968 2742 1057 2796 καὶ
1108 2742 1169 2793 τὸ
1217 2741 1481 2810 μηδέποτε
1533 2742 1633 2811 τῆς
1678 2743 1863 2795 ἀνόδου

284 2832 576 2897 παύεσθαι,
603 2832 875 2885 τουτέστιν
912 2834 945 2902 ἡ
987 2832 1191 2902 ἀληθὴς
1234 2833 1326 2886 τοῦ
1374 2834 1702 2904 ποθουμένου
1734 2835 1867 2888 ἀπό-

281 2925 497 2988 λαυσις,
527 2924 625 2994 τῆς
654 2924 881 2977 πάντοτε
912 2924 1289 2995 πληρουμένης
1330 2924 1643 2994 ἐπιθυμίας,
1675 2926 1865 2996 ἑτέραν

1962 1842 2031 1882 ex
2074 1827 2257 1880 verbis
2308 1826 2456 1880 hisce
2504 1835 2679 1895 potest
2720 1826 2871 1889 elici,
2920 1825 3140 1881 minime
3188 1825 3258 1879 ab
3286 1826 3354 1881 iis
3405 1840 3527 1895 qua:

1962 1917 2432 1973 consideravimus
2462 1919 2723 1974 hactenus
2754 1918 3074 1974 abhorrens.
3098 1917 3313 1973 Etenim
3335 1919 3517 1973 anima

1966 2020 2186 2076 egressa
2220 2006 2286 2059 ad
2333 2022 2639 2061 sermonem
2683 2006 2825 2076 ejus,
2855 2014 2909 2062 et
2945 2023 3196 2077 quaerens
3232 2008 3395 2063 illum
3428 2009 3524 2077 qui

1962 2115 2074 2154 non
2120 2099 2413 2170 reperitur,
2461 2114 2666 2154 vocans
2692 2115 2815 2153 eum
2868 2100 2961 2170 qui
2992 2100 3141 2155 nulla
3188 2101 3525 2157 indicatione

1961 2207 2156 2246 vocum
2214 2192 2603 2263 comprehendi
2640 2202 2838 2263 potest,
2870 2208 2900 2247 a
2935 2194 3251 2249 custodibus
3280 2195 3526 2257 docetur,

1964 2283 2207 2337 adamari
2260 2283 2328 2337 ab
2380 2298 2444 2338 ea
2502 2285 2647 2353 quod
2695 2299 2857 2338 nemo
2912 2286 3173 2356 consequi
3220 2286 3416 2356 possit,
3475 2295 3530 2341 et

1964 2375 2144 2445 expeti
2182 2375 2326 2445 quod
2361 2376 2462 2430 sub
2504 2377 2904 2446 perceptionem
2954 2392 3063 2431 non
3096 2377 3276 2441 cadat,
3309 2393 3418 2449 quo
3448 2379 3526 2443 lit,

1965 2475 2025 2521 ut
2068 2468 2161 2522 illa
2204 2467 2440 2536 quodam
2481 2468 2641 2523 modo
2691 2478 2911 2540 propter
2940 2470 3371 2541 deSperationem
3405 2487 3531 2526 con-

1966 2560 2229 2629 sequendi
2264 2559 2409 2630 quod
2442 2559 2738 2626 desiderat,
2766 2562 3083 2617 verberetur
3123 2578 3187 2617 ac
3212 2564 3529 2618 vulneribus

1968 2649 2231 2703 alliciatur
2278 2668 2293 2703 :
2338 2650 2597 2703 arbitrata
2652 2651 3003 2721 cupiditatem
3062 2654 3200 2708 hanc
3264 2654 3370 2709 ﬁne
3431 2670 3532 2709 suo

1966 2741 2239 2803 excidere,
2274 2756 2451 2811 neque
2486 2758 2543 2798 se
2591 2742 2735 2798 bono
2772 2744 2864 2797 illo
2913 2746 3075 2815 potiri
3110 2762 3289 2815 posse.
3328 2745 3532 2802 Verum

1968 2832 2225 2884 adimitur
2267 2831 2358 2885 hic
2410 2832 2459 2886 ei
2498 2834 2753 2889 maeroris
2803 2836 3016 2905 peplus,
3055 2838 3182 2891 dum
3233 2836 3388 2891 discit
3440 2854 3536 2893 ve-

1968 2938 2083 2974 ram
2138 2923 2433 2977 desiderati
2481 2922 2792 2978 l‘ruitionem
2837 2938 2980 2993 esse,
3040 2943 3254 2997 semper
3295 2929 3350 2982 in
3386 2943 3536 2998 qua:-

282 3017 580 3087 ὲπιθυμίαν
600 3015 695 3069 τοῦ
726 3017 1117 3086 ὑπερκειμένου
1147 3016 1437 3108 γεννώσης.
1474 3020 1560 3075 Ὠς
1591 3014 1681 3070 οὖν
1716 3036 1862 3087 περι-

1978 3014 2151 3067 rendo
2216 3014 2521 3084 proﬁcere,
2582 3032 2757 3086 neque
2821 3018 3060 3089 unquam
3124 3022 3176 3074 in
3243 3037 3533 3091 progressu

282 3111 459 3165 είλετο
494 3110 593 3181 τῆς
632 3109 977 3171 ἀνελπιστίας
1014 3110 1074 3161 τὸ
1121 3094 1419 3180 θέριστρον,
1452 3111 1544 3163 καὶ
1586 3108 1659 3162 ἴδε
1687 3111 1747 3163 τὸ
1775 3113 1862 3164 ἀν-

1971 3123 2211 3171 cessare,
2244 3124 2459 3177 semper
2490 3124 2551 3162 ea
2586 3110 2903 3179 cupiditate,
2944 3114 3031 3167 cui
3076 3098 3268 3182 quovis
3294 3125 3536 3184 tempore

284 3203 538 3257 έλπιστόν
566 3218 627 3255 τε
657 3202 751 3256 καὶ
779 3202 1187 3271 ἀπερίγραπτον
1211 3202 1303 3255 τοῦ
1336 3203 1698 3273 ἀγαπωμένου
1738 3204 1867 3257 κάλα

1971 3198 2191 3265 satisﬁt,
2233 3200 2392 3254 aliam
2443 3202 2793 3271 cupiditatem
2837 3205 3212 3260 sublimiorum
3260 3210 3533 3278 gignente.

282 3296 377 3358 λος
418 3295 478 3347 ἐν
520 3294 667 3365 πάσῃ
714 3296 780 3363 τῇ
832 3294 1093 3364 ἀῖδιότητι
1126 3293 1233 3347 τῶν
1261 3294 1471 3348 αἰώνων
1512 3297 1753 3365 κρεῖττον
1782 3297 1862 3349 ἀεὶ

1972 3292 2264 3362 Postquam
2328 3295 2429 3349 hoc
2485 3296 2648 3351 modo
2707 3297 3101 3367 desperationis
3164 3300 3380 3371 peplum
3431 3300 3537 3356 sibi

284 3385 701 3458 εὑρισκόμενον·
736 3387 793 3438 ὲν
819 3384 1155 3455 σφοδροτέρῳ
1186 3386 1413 3439 τείνεται
1440 3387 1605 3457 πόθῳ,
1642 3389 1735 3440 καὶ
1762 3406 1862 3458 μη-

1975 3384 2194 3449 ademit,
2232 3384 2606 3457 inﬁnitamque
2635 3402 2697 3442 ac
2731 3388 2898 3443 nullis
2922 3388 3252 3457 descriptam
3287 3390 3537 3446 terminis

284 3480 403 3534 νύει
429 3480 505 3551 τῷ
537 3478 885 3549 ἀγαπωμένῳ
930 3479 1017 3533 διὰ
1048 3477 1154 3530 τῶν
1185 3479 1283 3547 τῆς
1322 3478 1667 3550 Ἰερουσαλὴμ
1704 3480 1862 3549 θυγα-

1980 3475 2161 3531 dilecti
2192 3487 2528 3533 venustatem
2567 3479 2719 3544 vidit,
2771 3496 2890 3549 qua:
2921 3496 3017 3551 per
3050 3495 3263 3537 omnem
3313 3483 3539 3538 saeculo-

285 3574 465 3643 τέρων
508 3572 607 3642 τὴν
653 3572 751 3640 τῆς
798 3571 1023 3641 καρδίας
1074 3570 1329 3636 διάθεσιν,
1377 3572 1456 3623 ὅτι
1505 3573 1567 3624 τὸ
1619 3572 1862 3626 ἐκλεκτὸν

1976 3585 2095 3622 rum
2129 3570 2487 3626 aeternitatem
2530 3588 2743 3642 semper
2782 3573 2959 3641 major
2996 3588 3059 3626 ac
3085 3573 3259 3643 major
3291 3590 3412 3631 esse
3441 3574 3539 3630 de-

290 3665 447 3735 βέλος
479 3662 572 3716 τοῦ
601 3661 736 3716 Θεοῦ
767 3664 824 3716 ὲν
852 3665 1017 3733 ἑαυτῇ
1050 3663 1337 3734 δεξαμένη,
1362 3664 1450 3717 διὰ
1474 3664 1571 3734 τῆς
1606 3669 1747 3719 κατὰ
1773 3666 1862 3738 τὴν

1973 3661 2343 3731 prehenditur,
2380 3664 2768 3717 vehementiori
2827 3663 3102 3719 desiderio
3143 3664 3536 3729 inﬂammatur,

290 3759 477 3810 πίστιν
515 3756 697 3818 ἀκίδος
741 3755 992 3827 βέϐληται
1037 3758 1135 3826 τὴν
1178 3757 1420 3826 καρδίαν,
1468 3757 1525 3808 ὲν
1558 3757 1636 3827 τῷ
1673 3760 1862 3831 καιρίῳ

1974 3754 2251 3824 animique
2286 3756 2368 3809 sui
2405 3755 2745 3811 affectionem
2782 3773 2876 3827 per
2924 3758 3061 3815 ﬁlias
3111 3757 3412 3814 Jerusalem
3451 3758 3537 3812 di-

288 3846 558 3917 δεξαμένη
603 3846 700 3917 τὴν
732 3846 830 3916 τῆς
860 3846 1079 3913 ἀγάπης
1120 3845 1347 3909 τοξείαν.
1385 3846 1515 3908 Θεὸς
1557 3846 1613 3899 δέ
1651 3849 1795 3900 ἐστιν
1835 3850 1862 3919 ἡ

1976 3848 2115 3903 lecto
2144 3848 2438 3919 significat,
2469 3849 2722 3903 nimirum
2759 3851 2903 3920 quod
2936 3852 3109 3905 electo
3135 3851 3228 3906 Dei
3261 3852 3365 3905 telo
3396 3850 3541 3905 intra

289 3940 504 4010 ἀγάπη,
552 3937 692 3991 κατά
733 3938 832 4007 τὴν
874 3936 1117 3990 Ἰωάννου
1167 3939 1373 4007 φωνήν·
1410 3930 1453 4004 ᾧ
1500 3939 1697 4008 πρέπει
1743 3941 1867 4007 δόξα

291 4031 390 4084 καὶ
421 4031 480 4083 τὸ
507 4030 705 4099 κράτος
730 4030 806 4091 είς
833 4029 957 4091 τοὺς
986 4027 1182 4090 αἰῶνας
1206 4027 1313 4079 τῶν
1344 4027 1569 4082 αἰώνων.
1614 4032 1803 4100 Ἀμήν.

293 4134 476 4179 autem
520 4123 740 4178 dilectio
794 4122 1409 4193 est,,quemadmodum
1455 4122 1692 4181 Joannes
1738 4127 1813 4181 ait
1834 4128 1903 4194 °',

293 4223 487 4272 Amen.

898 4310 1142 4363 OMIAIA
1172 4310 1271 4363 II".

367 4403 619 4469 Ὠρκισα
636 4397 821 4469 ὑμᾶς,
846 4397 1161 4466 θυγατέρες
1198 4399 1615 4468 Ἰερουσαλὴμ,
1648 4400 1717 4452 ἐν
1740 4402 1865 4469 ταῖς

294 4491 591 4561 δυνάμεσι
617 4530 631 4555 ,
667 4487 767 4543 καί
803 4489 874 4541 ἐν
907 4488 1037 4554 ταῖς
1073 4490 1355 4557 ίσχύσεσι
1385 4488 1489 4541 τοῦ
1520 4490 1702 4557 ἀγροῦ
1723 4530 1737 4552 ,
1762 4492 1869 4544 ἐὰν

293 4584 508 4650 εὕρητε
533 4582 639 4633 τὸν
658 4578 984 4647 ἀδελφιδόν
1009 4595 1148 4647 μου,
1169 4580 1227 4631 τί
1250 4579 1646 4647 ἀπαγγείλητε
1674 4581 1868 4647 αὑτῷ;

296 4674 390 4726 ὅτι
425 4668 752 4739 τετρωμένη
812 4668 1047 4736 ἀγάπης
1097 4668 1209 4735 ἐγώ
1246 4670 1378 4736 ειμι.
1434 4668 1501 4722 Tl
1550 4669 1871 4739 ἀδελφιδός

295 4780 418 4819 σου
452 4762 571 4818 ἀπὸ
626 4759 985 4828 ἀδελφιδοῦ,
1022 4754 1069 4813 ὦ
1115 4759 1272 4827 καλὴ
1315 4761 1383 4812 ἐν
1425 4762 1740 4830 γυναιξίν;
1784 4763 1873 4816 ὅτι

297 4858 491 4923 οὕτως
517 4854 777 4923 ὦρκισιις
804 4852 962 4921 ἡμᾶς
984 4868 1002 4915 ;
1037 4851 1357 4920 άδελφιδός
1380 4870 1498 4922 μου
1532 4856 1748 4920 λευκὸς
1776 4856 1873 4909 καὶ

299 4947 1074 5019 πυρῤὸς,ὲκλελοχισμένος
1108 4946 1226 4999 ἀπὸ
1273 4947 1593 5015 μυριάδων.
1631 4950 1871 5018 Κεφαλὴ

299 5041 490 5097 αὐτοῦ
523 5041 778 5109 χρυσίον
810 5037 1039 5106 Κεφὰς,
1070 5038 1402 5106 ,ϐόστρυχοι
1432 5040 1616 5095 αὐτοῦ
1644 5042 1872 5107 ἐλαταὶ,

298 5134 561 5204 μέλανες
588 5114 667 5196 die
694 5128 877 5197 κόραξ
901 5144 915 5158 ·
945 5128 1240 5196 ὀφθαλμοί
1273 5130 1456 5183 αὑτοῦ
1486 5132 1566 5197 ὡς
1610 5148 1876 5201 περιστε..

295 5225 402 5295 ραι
427 5223 525 5277 ἐπὶ
572 5220 933 5291 πληρώματα
976 5219 1212 5273 ὑδάτων
1235 5261 1249 5285 ,
1293 5224 1650 5291 λελουμέναι
1679 5226 1747 5278 ἐν
1780 5227 1878 5295 γά-

300 5322 501 5378 λακτι,
534 5314 855 5383 καθήμεναι
888 5312 988 5365 ἐπὶ
1021 5312 1381 5381 πληρώματα
1410 5316 1664 5372 ὑδάτων.

387 5413 446 5466 '0
478 5412 565 5465 διά
593 5411 869 5475 Μωὺσέως
906 5412 1004 5478 μὲν
1042 5412 1407 5483 νομοθετήσας
1460 5415 1527 5467 τά
1572 5417 1664 5469 τοῦ
1714 5418 1877 5488 νόμου

306 5505 618 5575 μυστήρια·
658 5500 949 5571 πληρώσας
979 5500 1037 5553 δὲ
1086 5499 1153 5552 δι’
1191 5500 1384 5553 ἑαυτοῦ
1416 5503 1533 5556 ὅλον
1584 5505 1672 5557 τὸν
1715 5507 1878 5576 νόμον

303 5596 399 5649 καὶ
431 5595 556 5657 τοὺς
588 5594 872 5664 προφήτας
897 5634 911 5655 ,
942 5592 1120 5657 καθὼς
1150 5594 1208 5646 ὲν
1242 5593 1319 5663 τῷ
1350 5595 1661 5667 Εὐαγγελίῳ
1693 5598 1871 5666 φησίν·

305 5687 389 5739 ὅτι
426 5687 546 5738 Οὐκ
576 5683 768 5753 ἦλθον
801 5683 1131 5738 καταλῦσαι
1163 5684 1270 5737 τὸν
1302 5686 1507 5755 νόμον,
1542 5688 1701 5743 ἀλλὰ
1728 5694 1877 5758 πλη-

414 5863 512 5917 “J
557 5881 645 5917 an.
682 5879 753 5926 Iv,
782 5862 866 5915 16.
981 5861 1026 5893 ⁸³
1053 5859 1237 5916 Matth.
1278 5878 1326 5929 v,
1364 5863 1441 5916 I7.

1976 3955 2035 3995 se
2068 3947 2285 4009 recepto
2318 3955 2414 4009 per
2444 3940 2562 3995 ﬁdei
2589 3941 2890 4010 cuspidem,
2935 3943 3219 3998 vulnerata
3251 3945 3417 4000 corde
3446 3945 3538 4008 sit,

1972 4032 2305 4101 jacuiatione
2335 4033 2639 4089 dilectionis
2672 4035 2724 4088 in
2765 4035 2911 4089 letali
2953 4035 3073 4090 loco
3121 4045 3361 4108 accepta.
3401 4037 3540 4093 Deus

1967 4144 2125 4197 quem
2172 4132 2328 4187 decet
2372 4132 2542 4201 gloria
2585 4138 2639 4186 et
2680 4131 2967 4200 imperium
3012 4129 3240 4189 inﬁnitis
3302 4131 3537 4187 saeculis.

2520 4308 2804 4363 HOMILIA
2839 4308 2978 4363 XIII.

2037 4406 2168 4460 Car.
2196 4420 2250 4470 v,
2276 4404 2381 4473 i8.
2413 4402 2772 4473 Jurejurando
2809 4404 3035 4456 astrinxi
3078 4420 3184 4466 vos.
3214 4405 3343 4473 ﬁlia:
3383 4404 3541 4460 Jeru-

1970 4500 2158 4561 salem,
2193 4499 2246 4552 in
2268 4498 2610 4567 potestatibus
2642 4514 2701 4549 ac
2730 4497 2924 4550 viribus
2959 4499 3073 4567 agri
3105 4513 3124 4549 :
3166 4499 3213 4550 si
3246 4500 3544 4555 inveneritis

1970 4602 2247 4663 cognatum
2276 4607 2467 4657 meum,
2500 4590 2623 4660 quid
2679 4590 3047 4644 renuntiabitis
3080 4590 3169 4645 ei?
3193 4591 3329 4659 quod
3357 4610 3389 4645 a
3414 4593 3546 4646 dile-

1973 4686 2140 4739 ctione
2161 4684 2435 4737 vulnerata
2464 4684 2562 4736 sim
2589 4698 2696 4759 ego.
2723 4682 2775 4735 9.
2797 4681 2937 4747 Quid
2952 4682 3128 4750 diﬂ'ert
3151 4693 3401 4752 cognatus
3425 4694 3542 4738 tuus

1979 4786 2267 4847 acognato,
2302 4792 2331 4829 ο
2372 4776 2604 4843 formosa
2642 4774 2776 4826 inter
2815 4775 3101 4828 mulieres?
3135 4775 3260 4843 quid
3290 4788 3542 4847 cognatus

1977 4881 2095 4925 tuus
2121 4888 2151 4923 a
2176 4879 2395 4938 cognato
2417 4866 2765 4936 di/fert,quod
2782 4868 2854 4921 ita
2868 4867 3220 4935 jurejurando
3242 4885 3336 4923 nos
3354 4874 3547 4923 astrin-

1977 4964 2161 5015 xeris?
2187 4963 2266 5014 I0.
2295 4959 2560 5029 Cognatas
2580 4976 2720 5011 meus
2741 4968 2816 5011 est
2838 4959 3092 5013 candidus
3114 4977 3175 5012 ac
3199 4960 3539 5025 rubicundus,

1978 5057 2170 5109 electus
2206 5069 2270 5107 ex
2291 5052 2462 5106 decem
2484 5050 2740 5104 millibus.
2766 5051 2853 5104 Il.
2875 5048 3045 5119 Caput
3072 5052 3205 5120 ejus,
3240 5068 3428 5105 aurum
3448 5051 3544 5106 Ce—

1977 5147 2113 5215 phaz
2146 5162 2163 5198 :
2195 5144 2422 5197 cincinni
2459 5142 2571 5211 ejus
2599 5144 2797 5197 abietcs
2825 5184 2839 5205 ,
2884 5144 3021 5213 nigri
3057 5154 3305 5213 tanquam
3336 5160 3540 5197 corvus.

1980 5238 2064 5291 19..
2102 5236 2257 5291 Oculi
2299 5235 2413 5303 ejus
2441 5236 2577 5286 sicut
2623 5234 2896 5297 columba',
2944 5234 3010 5286 ad
3045 5250 3303 5303 aquarum
3342 5234 3541 5301 copias,

1980 5328 2173 5381 abluta:
2201 5328 2355 5393 lacte,
2393 5326 2625 5379 sedentes
2650 5326 2807 5395 juxta
2842 5328 3021 5394 copias
3060 5342 3338 5393 aquarum.

2052 5418 2100 5472 ls
2148 5418 2241 5487 qui
2279 5433 2374 5487 per
2416 5417 2617 5472 Mosem
2658 5417 2873 5485 quidem
2916 5419 3045 5486 legis
3087 5418 3236 5469 initia
3272 5416 3502 5471 sancivit
3528 5457 3543 5477 ,

1982 5525 2079 5580 per
2106 5526 2165 5565 se
2200 5526 2329 5565 vero
2350 5510 2594 5581 implevit
2623 5510 2931 5565 universam
2957 5513 3124 5581 legem
3151 5517 3205 5563 ct
3228 5510 3540 5579 prophetas,

1982 5603 2436 5673 quemadmodum
2469 5604 2542 5656 ait
2576 5604 2629 5656 in
2660 5603 2951 5670 Evangelio
2985 5622 2997 5655 :
3038 5601 3157 5655 Non
3194 5603 3307 5656 veni
3334 5602 3401 5655 ad
3433 5599 3545 5655 dis-

1986 5694 2283 5749 solvendam
2319 5694 2504 5765 legem,
2535 5694 2623 5749 scd
2652 5695 2965 5763 implendam
2988 5695 3033 5725 ³³
3068 5696 3195 5763 :qui
3228 5695 3305 5749 ira
3333 5693 3545 5749 sublata
