4028 6530
573 432 711 489 {059

1788 422 1845 476 S.
1875 421 2199 478 GREGORII
2232 421 2521 481 NYSSENI
3607 432 3716 489 Ιθίθ

570 548 768 601 caulem
826 544 985 598 etiam
1048 538 1315 600 abolevit,
1369 546 1422 592 et
1480 552 1585 592 una
1643 552 1764 591 eum
1826 538 2120 607 cupiditate

2232 540 2406 596 σῶσαι
2434 558 2447 574 ⁸
2474 543 2503 595 ὁ
2537 542 2599 611 τῇ
2642 539 2739 609 μὲν
2771 536 3043 608 ἀναιρέσει
3075 536 3172 607 τῆς
3200 537 3365 609 ὀργῆς
3395 539 3719 616 συνεξαλςεψας

572 638 901 695 adulterinum
933 648 1149 704 quoque
1171 631 1391 687 sustulit
1421 649 1433 682 ε
1466 630 1553 683 hic
1577 630 1739 700 igitur
1770 630 1920 698 ejicit
1958 630 2120 684 etiam

573 748 603 787 ο
651 731 764 784 vita
807 723 1137 783 exsecranda
1181 722 1456 793 periuria,
1509 721 1637 775 dum
1685 736 1780 790 per
1829 719 2123 789 juramenti

573 821 986 892 prohibitionem
1048 816 1161 870 otio
1225 813 1380 885 quasi
1432 812 1620 866 falcem
1686 812 1960 865 astrinxit.
2014 810 2121 865 Ne-

571 929 677 984 que
702 912 844 968 enim
877 909 990 964 ﬁeri
1016 915 1197 979 potest
1247 914 1307 960 ut
1333 905 1701 975 juramentum
1731 902 1855 974 quis
1880 919 1987 957 non
2008 918 2125 958 ser-

574 1013 683 1069 vet,
733 1004 779 1060 si
805 1003 1170 1073 juramentum
1203 998 1406 1053 nullum
1444 997 1535 1053 sit.
1570 996 1862 1067 Propterea
1898 996 2072 1065 inquit
2106 1013 2119 1049 :

561 1096 807 1152 .Audistis
832 1093 1031 1147 dictum
1073 1092 1234 1159 fuisse
1261 1089 1446 1157 priscis
1484 1088 1594 1143 illis
1614 1105 1633 1143 :
1666 1086 1786 1142 Non
1836 1085 2122 1157 pcjerabis,

568 1186 659 1241 sed
696 1184 879 1241 reddes
926 1182 1152 1237 Domino
1204 1182 1503 1246 iuramenta
1553 1189 1665 1233 tua.
1699 1177 1811 1249 Ego
1848 1193 1970 1233 vero
2008 1177 2125 1231 dico

572 1278 737 1343 nobis,
764 1292 826 1330 ne
857 1274 1042 1340 iuratis
1067 1272 1278 1328 omnino
1303 1287 1321 1325 :
1342 1285 1503 1341 neque
1524 1284 1614 1339 per
1639 1269 1825 1325 mlum
1845 1307 1862 1332 ,
1889 1270 2012 1339 quia
2038 1282 2126 1321 so-

575 1369 704 1422 lium
757 1366 855 1421 Dei
884 1375 1002 1431 est;
1037 1380 1199 1433 neque
1223 1378 1316 1432 per
1344 1361 1677 1440 Jegosolyma
1698 1403 1713 1427 ,
1736 1362 1861 1431 quia
1894 1359 2018 1415 urbs
2048 1367 2127 1413 est

573 1458 753 1528 magni
783 1458 917 1526 regis
941 1474 959 1521 ;
991 1471 1150 1525 neque
1166 1470 1261 1521 per
1277 1463 1430 1523 caput
1453 1462 1598 1507 tuum
1619 1453 1848 1523 iurabis,
1879 1452 2000 1521 quia
2023 1466 2126 1504 non

573 1558 715 1616 potes
739 1546 983 1614 capillum
1016 1544 1193 1597 album
1223 1554 1315 1596 aut
1346 1544 1550 1613 nigrum
1578 1544 1766 1612 facere.
1789 1541 1918 1596 Esto
1951 1550 2127 1594 autem

447 1659 464 1673 ν
574 1656 742 1695 sermo
780 1648 961 1701 tester,
1014 1636 1224 1699 Etiam,
1265 1636 1425 1689 etiam
1465 1650 1483 1688 :
1525 1646 1573 1690 et
1603 1634 1724 1688 Non
1748 1673 1763 1699 ,
1793 1650 1896 1687 non
1931 1649 1949 1687 :
1987 1631 2125 1703 quod

573 1739 747 1783 autem
783 1738 942 1796 supra
1000 1726 1108 1781 hwc
1158 1724 1411 1787 abundat,
1451 1740 1515 1779 ex
1561 1724 1771 1778 diabolo
1813 1733 1891 1777 est
1926 1723 1993 1777 “.
2051 1722 2119 1776 At

573 1822 770 1883 anima,
802 1820 889 1874 cui
917 1817 1197 1872 Canticum
1224 1817 1326 1870 hoc
1367 1816 1619 1870 eximium
1660 1813 2006 1885 perfectionis
2033 1820 2121 1867 te-

2226 635 2314 689 τὸν
2340 635 2515 704 φόνον,
2537 633 2615 703 τῷ
2640 632 2696 685 δὲ
2724 628 3009 700 ἀφανισμῷ
3039 628 3136 697 τῆς
3162 627 3437 698 ἐπιθυμίας
3466 637 3720 701 Gangem}.

2227 740 2331 777 νων
2361 723 2458 794 τῆς
2491 720 2730 793 μοιχείας
2765 720 2825 772 τὸ
2855 719 3011 787 ἄγος-
3046 713 3198 780 οὗτος
3236 718 3472 773 ἐκϐάλλει
3508 726 3590 778 τοῦ
3631 726 3720 795 βίου

2227 815 2321 868 καὶ
2351 814 2450 885 τὴν
2483 813 2547 865 ὲκ
2574 813 2671 881 τῆς
2697 810 2981 876 ἐπιορκίας
3012 810 3274 880 κατάραν,
3308 812 3373 880 τῇ
3410 811 3721 883 ἀπαγορεύσει

2227 905 2319 959 τοῦ
2348 906 2510 976 ὅρκου
2558 903 2795 973 πεδήσας
2822 903 2878 954 ὲν
2903 901 3143 971 ἀπραξίᾳ
3170 899 3228 953 τὸ
3256 898 3527 971 δρέπανον.
3556 904 3622 956 Ub
3642 908 3723 981 γάρ

2230 999 2342 1051 ἐστι
2365 996 2586 1051 δυνατὸν
2632 997 2795 1065 ὅρκου
2838 993 3085 1063 γενέσθαι
3140 992 3439 1065 παράϐασιν
3460 1033 3478 1060 ,
3521 994 3586 1065 μὴ
3608 996 3725 1063 δντος

2229 1088 2420 1159 ὅρκου.
2440 1087 2529 1139 Διό
2554 1101 2717 1155 φησιν
2735 1101 2751 1118 ο
2798 1085 3115 1141 Ἠκούσατε
3142 1084 3232 1137 ὅτι
3257 1080 3459 1152 ἐρρέθη
3484 1085 3725 1155 ἀρχαίοις⁸

2231 1179 2354 1233 οὑκ
2382 1177 2760 1246 ἐπιορκήσεις
2780 1217 2796 1241 ,
2834 1176 3166 1241 ἀποδώσεις
3203 1175 3272 1228 δὲ
3301 1175 3381 1240 τῷ
3409 1177 3587 1243 Κυρίῳ
3618 1180 3729 1245 τοὺς

2229 1272 2445 1341 ὅρκους
2472 1269 2608 1324 σοῦ.
2668 1268 2814 1338 Ἐγὼ
2863 1268 3015 1337 λέγω
3055 1283 3189 1331 σοι,
3235 1266 3402 1336 φησι,
3435 1267 3515 1335 μὴ
3554 1269 3729 1337 όμόσαι

2230 1363 2381 1429 ὅλως
2400 1378 2413 1395 ο
2458 1361 2609 1431 μήτε
2635 1361 2704 1415 ἐν
2726 1360 2805 1426 τῷ
2832 1358 3063 1427 οὐρανῷ
3087 1396 3102 1422 ,
3146 1357 3234 1411 ὅτι
3261 1359 3464 1426 θρόνος
3497 1358 3614 1412 ἐστὶ
3648 1360 3730 1414 τοῦ

2232 1454 2378 1509 Θεοῦ
2398 1470 2411 1484 ·
2444 1452 2594 1522 μήτε
2620 1452 2689 1504 ἐν
2734 1448 3152 1519 Ἰερουσαλὴμ,
3186 1450 3273 1503 ὅτι
3308 1450 3475 1515 πόλις
3501 1450 3617 1504 ἐστι
3648 1452 3729 1506 τοῦ

2225 1546 2489 1617 μεγάλου
2503 1545 2806 1611 ,βασιλέως
2825 1562 2838 1577 ·
2868 1544 3017 1612 μήτε
3045 1544 3113 1597 ἐν
3137 1544 3212 1613 τῇ
3239 1543 3469 1613 κεφαλῇ
3494 1559 3596 1598 σου
3622 1547 3730 1614 όμό-

2231 1655 2361 1705 σεις
2384 1656 2397 1670 ·
2446 1637 2535 1691 ὅτι
2582 1639 2655 1691 οὺ
2689 1636 2946 1689 δύνασαι
2982 1632 3227 1700 ποιῆσαι
3271 1636 3442 1705 τρίχα
3471 1635 3672 1704 λευκὴν
3700 1637 3729 1705 ἢ

2228 1732 2535 1801 μέλαιναν,
2571 1731 2760 1783 Ἔστω
2784 1727 2853 1782 δὲ
2877 1728 3044 1797 ὑμῶν
3075 1731 3107 1782 ό
3131 1730 3314 1797 λόγος
3345 1732 3409 1781 τό
3432 1769 3448 1794 ,
3476 1730 3599 1795 Nai,
3619 1734 3728 1787 ral'

2232 1824 2328 1877 καὶ
2356 1822 2443 1886 τὸ,
2476 1824 2579 1883 Οὐ,
2615 1822 2685 1874 οὐ
2705 1836 2717 1849 ·
2763 1819 2831 1874 τό
2870 1820 2938 1872 δὲ
2973 1820 3400 1886 περισσότερον
3431 1821 3651 1888 τούτων,
3680 1823 3732 1877 ἐκ

575 1913 890 1968 stimonium
930 1910 1155 1973 tribuit,
1196 1910 1284 1964 cui
1333 1906 1513 1963 cordis
1541 1906 1783 1961 velamen
1828 1912 1912 1960 est
1945 1904 2128 1960 adem--

2232 1913 2331 1966 τοῦ
2355 1911 2633 1965 διαϐόλου
2663 1911 2852 1964 ἐστίν.
2908 1910 2973 1962 Ἦ
3016 1909 3072 1963 δὲ
3104 1909 3196 1963 ηδιά
3243 1909 3339 1962 τοῦ
3368 1911 3621 1982 ’ᾼσματος
3650 1915 3733 1966 τῶν

572 2009 721 2074 ptum
744 2002 797 2055 in
820 2000 1154 2071 depositione
1179 2000 1374 2053 tunica:
1406 1997 1628 2060 veteris,
1662 2010 1783 2066 quae
1813 1995 2128 2050 theristrum

574 2094 767 2149 faciem
800 2101 987 2163 tegens
1026 2091 1226 2160 abjecit
1250 2129 1264 2153 ,
1296 2105 1394 2159 per
1433 2088 1576 2158 quod
1606 2088 1961 2158 intelligimus
2005 2101 2127 2141 om-

576 2196 697 2237 nem
752 2180 1137 2250 cogitationem
1175 2179 1509 2233 dubitantem
1550 2177 1815 2248 quasique
1852 2176 2123 2247 palpitan-

577 2280 708 2335 tem,
738 2271 814 2325 ita
844 2280 901 2324 ut
926 2271 1037 2340 jam
1068 2285 1202 2339 pure
1232 2284 1297 2323 ac
1326 2270 1443 2325 sine
1469 2268 1806 2324 dubitatione
1836 2274 2121 2325 veritatem

574 2364 847 2418 intueatur
886 2380 899 2416 :
965 2362 1076 2415 ha:c
1122 2360 1287 2431 igitur
1335 2360 1691 2430 jurejurando
1740 2360 1878 2416 ﬁlias
1909 2359 2131 2415 Jerusa-

574 2454 678 2508 lem
720 2453 1010 2521 astringit,
1074 2466 1248 2522 neque
1290 2466 1389 2522 per
1420 2450 1614 2506 solium
1656 2449 1935 2515 divinum,
1984 2451 2130 2521 quod

573 2539 771 2594 caelum
817 2554 937 2593 esse
964 2538 1166 2593 dicitur
1199 2556 1213 2592 :
1252 2553 1428 2607 neque
1454 2552 1550 2608 per
1586 2535 1680 2592 Dei
1724 2538 1933 2609 regiam
1958 2577 1973 2603 ,
2008 2553 2130 2609 quas

576 2628 911 2701 Jerosolyma
958 2638 1218 2696 vocatur;
1269 2644 1448 2700 neque
1501 2643 1599 2698 per
1640 2628 2003 2684 venerandum
2064 2630 2129 2684 il-

575 2721 664 2775 lud
714 2728 911 2790 caput,
956 2720 1113 2789 cujus
1139 2720 1320 2790 capilli
1358 2734 1457 2775 nec
1504 2718 1613 2773 albi
1658 2734 1757 2775 nec
1812 2721 1950 2791 nigri
2012 2720 2127 2776 fieri

585 2820 836 2881 possunt,
891 2811 983 2866 sed
1024 2811 1090 2865 ad
1137 2826 1322 2882 agrum
1352 2810 1719 2880 juramentum
1757 2828 1915 2869 suum
1960 2824 2131 2888 trans-

578 2924 727 2985 fert,
778 2938 870 2992 per
906 2929 1200 2992 potestates
1239 2923 1357 2993 ejus
1399 2924 1705 2993 juvenculis
1743 2924 2127 2994 jusjurandum

574 3011 849 3073 deferens,
878 3027 1003 3065 cum
1033 3013 1109 3066 ait
1140 3032 1152 3067 :
1186 3011 1544 3082 Jurejurando
1580 3014 1808 3068 astrinzi
1837 3029 1964 3077 vos,
2002 3014 2128 3079 ﬁlia:

572 3104 902 3169 Jerusalem,
945 3107 999 3159 in
1046 3108 1392 3174 potestatibus
1433 3124 1494 3161 ac
1527 3108 1718 3161 uiribus
1761 3109 1893 3178 agri.
1948 3107 2126 3161 Enim-

2229 2003 2483 2075 ᾀσμάτων
2510 2002 2602 2055 ἐπὶ
2635 2000 2923 2071 τελειότητι
2964 1999 3420 2071 μεμαρτυρημένη
3467 2000 3630 2071 ψυχὴ,
3662 2004 3734 2055 καὶ

2230 2094 2581 2168 περιελομένη
2613 2094 2707 2163 μὲν
2736 2093 2832 2163 τῆς
2856 2091 3032 2161 ψυχῆς
3059 2091 3119 2144 τὸ
3142 2090 3405 2162 κάλυμμα
3432 2094 3488 2146 ὲν
3515 2097 3576 2163 τῇ
3599 2094 3735 2147 ἀπεκ.

2230 2188 2376 2241 δύσει
2408 2186 2501 2238 τοῦ
2547 2183 2773 2237 παλαιοῦ
2822 2183 3081 2253 χιτῶνος,
3135 2180 3230 2234 τοῦ
3285 2199 3347 2235 τε
3400 2181 3661 2253 προσώπων
3689 2183 3735 2237 τὸ

2232 2276 2509 2347 θέριστρον
2557 2272 2898 2328 ἀποϐαλοῦσα
2919 2314 2934 2337 ,
2969 2272 3105 2341 ὅπερ
3132 2270 3359 2342 νοοῦμεν
3389 2272 3560 2325 πᾶσαν
3589 2272 3736 2327 διστά-

2231 2370 2423 2437 ζουσάν
2447 2386 2505 2423 τε
2529 2368 2624 2421 καὶ
2648 2364 3073 2438 κραδαινομένην
3094 2363 3352 2428 διάνοιαν,
3376 2360 3508 2416 ὥστε
3528 2362 3736 2435 καθαρῶς

2230 2480 2290 2515 τε
2317 2460 2409 2515 καὶ
2429 2459 2807 2532 ἀναμφιϐόλως
2837 2457 2971 2528 πρὸς
2998 2457 3097 2527 τὴν
3128 2454 3386 2524 ἀλήθειαν
3415 2454 3640 2525 βλέπειν,
3669 2456 3737 2525 ὁρ-

2232 2554 2370 2619 κίζει
2418 2553 2517 2616 τὰς
2560 2550 2863 2622 θυγατέρας
2901 2547 3252 2619 Ἰερουσαλὴμ
3277 2587 3292 2610 ,
3336 2544 3457 2600 οὔτε
3503 2546 3628 2599 κατά
3664 2544 3736 2598 τοῦ

2232 2647 2373 2700 θείου
2400 2645 2606 2717 θρόνου.
2635 2644 2692 2698 ὃν
2710 2641 2935 2713 οὐρανὸν
2957 2638 3213 2712 ὀνομάζει
3234 2641 3262 2693 ό
3282 2638 3440 2708 λόγος
3458 2654 3470 2668 ·
3498 2635 3610 2691 οὔτε
3628 2635 3739 2691 κατά

2230 2741 2335 2793 τῶν
2366 2737 2498 2791 Θεοῦ
2529 2736 2811 2807 βασιλείων
2848 2729 2929 2799 οἷς
2983 2733 3155 2804 δνομά
3200 2734 3350 2786 ἐστιν
3393 2730 3735 2800 Ἱερουσαλήμ’

2228 2832 2289 2885 οὐ
2327 2830 2434 2901 μὴν
2480 2829 2603 2882 οὔτε
2636 2826 2777 2881 κατά
2825 2826 2923 2895 τῆς
2970 2823 3211 2893 κεφαλῆς
3258 2823 3361 2894 τῆς
3384 2822 3590 2893 τιμίας,
3623 2814 3681 2893 ἧς
3697 2820 3740 2873 al

2226 2923 2411 2994 τρίχες
2440 2920 2562 2974 οῦτε
2609 2918 2829 2981 λευκαὶ,
2864 2915 2986 2970 οὔτε
3019 2916 3262 2987 μέλαιναι
3313 2913 3557 2982 γενέσθαι
3586 2913 3738 2966 δύναν-

2228 3031 2346 3068 ται·
2378 3013 2490 3067 ἀλλ’
2524 3012 2615 3065 ἐπὶ
2646 3011 2734 3064 τὸν
2767 3009 2934 3080 ἀγρὸν
2979 3007 3270 3079 μεταφέρει
3293 3007 3386 3059 τὸν
3423 3007 3575 3075 ὅρκον
3595 3045 3609 3069 ,
3632 3004 3741 3057 κατὰ

2227 3107 2333 3161 τῶν
2371 3108 2427 3159 ὲν
2459 3103 2605 3175 αὐτῷ
2634 3102 2912 3173 δυνάμεων
2936 3101 3027 3154 τὸν
3064 3101 3327 3170 ὁρκισμὸν
3360 3098 3623 3165 ἐπάγουσα
3648 3099 3740 3158 ταῖς

577 3212 705 3251 vero
732 3198 900 3261 illam,
931 3199 1017 3251 cui
1045 3198 1376 3269 perhibitum
1410 3210 1494 3255 est
1532 3201 1899 3255 testimonium
1933 3241 1947 3262 ,
1983 3200 2124 3271 quod

2232 3199 2432 3253 νεάνισι
2476 3197 2732 3265 λέγουσα·
2785 3195 3032 3261 Ὅρκιοά
3084 3180 3272 3261 ὑμᾶςξ
3324 3190 3624 3260 θυγατέρες
3664 3190 3741 3242 Ἰε-

576 3298 689 3343 tota
718 3290 789 3345 sit
804 3290 1124 3359 pulchra,et
1150 3291 1299 3345 omni
1329 3291 1449 3346 labe
1475 3300 1676 3355 careat,
1708 3290 1841 3345 nihil
1876 3307 2128 3361 superva-

574 3396 803 3435 caneum
835 3380 1076 3450 proferre
1098 3380 1278 3450 (quod
1315 3383 1531 3451 quidem
1559 3383 1758 3437 diaboli
1789 3391 1916 3450 est),
1948 3383 2041 3437 sed
2064 3400 2127 3438 ex

576 3472 686 3526 Deo
712 3472 879 3541 loqui,
924 3487 953 3525 a
990 3488 1097 3540 quo
1128 3472 1228 3541 (de
1259 3473 1523 3527 sententia
1565 3471 1800 3527 Michaam
1826 3473 2000 3543 vatis)
2036 3489 2130 3527 ex-

575 3563 719 3617 sistit
740 3600 755 3622 ,
792 3563 838 3616 si
866 3561 996 3632 quid
1026 3562 1247 3629 bonum,
1283 3571 1334 3617 et
1364 3563 1409 3618 si
1439 3563 1566 3651 quid
1608 3565 1894 3633 pulchrum
1926 3572 2031 3629 est,
2066 3580 2130 3617 ac

589 3662 786 3723 praeter
814 3654 929 3707 haec
954 3652 1089 3706 nihil
1116 3694 1130 3719 ,
1169 3654 1475 3723 perspicere
1496 3655 1673 3725 quivis
1704 3663 1879 3725 potest
1905 3695 1919 3718 ,
1947 3656 2036 3725 qui
2066 3671 2132 3710 ex

580 3747 892 3802 testimonio
942 3745 1152 3799 Domini
1183 3745 1405 3802 edoctus
1452 3756 1536 3803 est
1578 3748 1775 3816 quibus
1824 3764 1890 3801 ex
1965 3747 2132 3803 rebus

580 3849 780 3901 sponsa
819 3835 1069 3889 excellat.
1128 3833 1338 3889 Etenim
1387 3851 1510 3890 cum
1543 3838 1758 3891 omittat
1784 3852 1973 3891 omnes
2001 3851 2132 3907 pro-

580 3924 780 3979 hibitas
796 3925 1093 3994 juramenti
1121 3927 1353 3996 species,
1378 3941 1553 3996 neque
1573 3942 1668 3996 per
1693 3926 1877 3982 urbem
1904 3927 2130 3997 regiam,

578 4030 758 4084 neque
804 4030 899 4085 per
950 4015 1131 4085 magni
1183 4016 1327 4084 regis
1376 4016 1569 4069 solium
1620 4016 1781 4071 hasce
1814 4016 2134 4086 juvenculas

579 4108 847 4175 astringat
926 4108 1069 4176 (quo
1155 4106 1418 4160 discimus
1510 4115 1773 4175 quantum
1842 4106 2031 4161 abesse
2103 4121 2135 4161 a

579 4199 740 4253 nobis
770 4198 963 4253 debeat
1019 4207 1078 4250 ut
1115 4197 1372 4252 audacter
1400 4197 1687 4251 abutamur
1724 4196 1777 4250 in
1813 4196 2135 4264 juramentis

586 4289 715 4355 Deo,
779 4302 902 4342 cum
946 4302 1119 4357 neque
1148 4286 1289 4348 solii,
1329 4300 1504 4355 neque
1545 4286 1778 4339 civitatis
1809 4283 1954 4339 illius
1985 4300 2137 4340 men-

578 4382 781 4435 tionem
818 4379 873 4432 in
910 4378 1265 4448 jurejurando
1294 4376 1533 4431 faciundi
1579 4377 1731 4447 copia
1773 4377 1931 4432 nobis
1962 4376 2053 4430 ﬁat
2078 4378 2133 4445 );

576 4488 700 4527 cum
738 4480 922 4542 parcat
965 4471 1094 4524 item
1137 4469 1441 4525 venerando
1475 4470 1671 4539 capiti,
1706 4468 1848 4539 quod
1879 4468 2136 4538 deinceps

2225 3289 2545 3360 ρουσαλὴμ
2566 3331 2580 3353 ,
2621 3290 2689 3341 ἐν
2722 3286 2847 3353 ταῖς
2880 3285 3171 3354 δυνάμεσι
3210 3284 3308 3338 καὶ
3359 3284 3624 3353 ἱσχύσεσι
3660 3279 3743 3334 τοῦ

2229 3382 2474 3451 δρυμοῦ.
2500 3382 2621 3434 Ὅτι
2658 3378 2755 3450 μὲν
2785 3375 2876 3432 οὖν
2907 3377 2940 3447 ἡ
2977 3377 3045 3429 δι’
3067 3376 3188 3430 ὅλου
3221 3376 3609 3448 μαρτυρηθεῖσα
3637 3369 3742 3427 εἶναι

2230 3475 2368 3545 καλὴ
2400 3474 2493 3527 καὶ
2527 3472 2725 3534 παντὸς
2767 3468 3139 3539 καθαρεύουσα
3175 3467 3396 3538 μώμου,
3441 3467 3580 3521 οὐδὲν
3613 3464 3741 3535 φθέγ-

2229 3584 2385 3634 γεται
2422 3563 2529 3617 τῶν
2583 3562 2885 3634 περιττῶν,
2938 3559 2968 3612 ὅ
2996 3560 3096 3629 τῆς
3148 3561 3240 3612 τοῦ
3288 3559 3527 3614 διαϐόλου
3574 3555 3743 3628 μερίδος

2231 3655 2375 3708 ἐστίν
2394 3671 2407 3685 ·
2432 3653 2544 3706 ἀλλ’
2579 3653 2643 3704 ὲκ
2667 3649 2758 3704 τοῦ
2783 3648 2918 3703 Θεοῦ
2952 3651 3183 3701 ποιεῖται
3214 3648 3304 3701 τὸν
3338 3648 3511 3716 λόγον,
3545 3646 3657 3717 παρ’
3680 3637 3743 3704 οὗ.

2232 3741 2370 3796 κατά
2394 3741 2484 3793 τὸν
2508 3739 2763 3809 Μιχαίαν,
2782 3737 2834 3789 εῐ
2858 3754 2908 3789 τι
2935 3736 3137 3805 ἀγαθόν
3167 3738 3302 3800 ἐστι,
3326 3737 3421 3790 καὶ⁸
3447 3736 3498 3788 εῐ
3519 3753 3566 3788 τι
3597 3733 3742 3789 καλὸν.

2232 3835 2326 3888 καὶ
2353 3832 2500 3903 παρὰ
2523 3830 2693 3886 ταῦτα
2729 3829 2879 3882 οὐδέν
2898 3846 2911 3860 ο
2948 3827 3108 3882 παντὴ⁸
3153 3828 3310 3898 δῆλόν
3351 3830 3464 3882 ἐστι
3487 3868 3500 3894 ,
3532 3826 3603 3897 τῷ
3626 3823 3746 3893 παρά

2232 3925 2330 3993 τῆς
2355 3922 2672 3990 δεσππικῆς
2721 3920 3024 3992 μαρτυρίας
3051 3918 3350 3989 διδαχθέντι
3377 3957 3393 3983 ,
3423 3916 3488 3974 τὰ
3523 3914 3745 3986 προσόντα

2233 4017 2297 4085 τῇ
2331 4014 2515 4083 νύμφῃ
2553 4012 3009 4083 πλεονεκτήματα.
3054 4011 3114 4063 Ἦ
3147 4010 3253 4080 γάρ
3292 4010 3490 4077 ἀφεῖσα
3526 4006 3680 4060 πάντα
3696 4004 3746 4056 τὰ

2234 4103 2653 4175 ἀπηγορευμένα
2700 4102 2811 4173 εἴδη
2852 4101 2945 4155 τοῦ
2989 4102 3150 4171 ὅρκου
3174 4139 3191 4164 ,
3224 4101 3317 4154 καὶ
3351 4102 3485 4172 μήτε
3510 4099 3600 4170 τὴν
3626 4097 3745 4167 βασις

2233 4201 2488 4255 λεύουσαν
2519 4198 2670 4253 πόλιν
2690 4238 2705 4258 ,
2738 4198 2873 4269 μήτε
2898 4197 2988 4249 τὸν
3030 4196 3215 4267 θρόνον
3244 4195 3337 4248 τοῦ
3369 4194 3592 4266 μεγάλου
3618 4192 3745 4261 βασι⁴

2233 4293 2365 4356 λέως
2393 4294 2573 4364 ὅρκιον
2602 4292 2722 4353 ταῖς
2742 4290 2944 4343 νεάνισι
2970 4288 3309 4358 ποιησαμένη
3329 4304 3344 4320 ο
3368 4287 3455 4341 διὰ
3477 4286 3647 4339 τούτου
3662 4283 3745 4350 γὰρ

2236 4383 2597 4453 παιδευόμεθα
2636 4384 2800 4435 πόσον
2832 4382 3053 4451 ἀπέχειν
3083 4382 3227 4451 ἡμᾶς
3259 4381 3365 4452 χρὴ
3404 4379 3495 4433 τοῦ
3533 4374 3745 4433 κατατολ-

2239 4480 2343 4549 μᾷν
2380 4478 2472 4531 τοῦ
2513 4475 2646 4528 Θεοῦ
2684 4476 2740 4528 ὲν
2785 4476 2896 4536 τοῖς
2939 4475 3148 4544 ὅρκοις,
3180 4474 3260 4525 ὅτι
3292 4471 3415 4525 οὔτε
3443 4472 3530 4525 τὸν
3571 4469 3743 4539 θρόνον.

578 4575 638 4620 at
670 4579 892 4619 aureum
921 4561 1179 4633 depingit,
1222 4562 1378 4631 cujus
1410 4562 1589 4631 capilli
1628 4578 1726 4617 nec
1754 4562 1859 4615 albi
1914 4577 2014 4617 nec
2048 4562 2128 4615 ni-

2237 4567 2358 4623 οὔτε
2381 4568 2477 4637 τὴν
2500 4566 2653 4619 πόλιν
2677 4568 2733 4618 ὲν
2768 4564 2844 4635 τῷ
2867 4565 3014 4635 ὅρκῳ
3042 4563 3481 4635 παραλαμϐάνειν
3501 4557 3746 4631 ἐπιτρεπό-

577 4654 661 4723 gri
700 4655 838 4716 sint;
875 4652 1008 4720 (qui
1054 4653 1193 4705 enim
1246 4654 1328 4707 vel
1362 4651 1631 4722 denigrari
1689 4650 1859 4721 possit
1892 4666 2082 4705 aurum
2115 4651 2131 4715 ,

577 4745 661 4798 vel
689 4743 812 4796 albo
849 4743 1030 4797 colore
1055 4743 1306 4811 obduci?)
1352 4744 1570 4799 omnino
1599 4742 1702 4796 tale
1737 4741 2130 4811 jusjurandum

576 4834 881 4904 virginibus
926 4834 1073 4889 hisce
1125 4836 1372 4904 proponit
1398 4876 1413 4899 ,
1445 4834 1585 4903 quod
1617 4848 1789 4902 neque
1818 4847 1940 4886 cum
1971 4847 2135 4886 evan-

576 4927 746 4995 gelica
768 4927 880 4995 lege
912 4934 1126 4997 pugnet,
1162 4934 1215 4981 et
1236 4926 1409 4981 laudis
1444 4926 1717 4981 materiem
1748 4924 2132 4994 praestantibus

577 5020 755 5087 ipsum
803 5018 1141 5088 suppeditet,
1189 5020 1639 5090 quemadmodum
1692 5019 1766 5072 ait
1813 5018 2130 5088 Propheta:

578 5110 909 5165 Laudabitur
952 5112 1117 5165 omnis
1166 5112 1254 5181 qui
1309 5112 1458 5178 jurat
1500 5127 1589 5176 per
1628 5127 1744 5163 eum
1787 5110 1852 5164 ⁸⁵.
1908 5111 2027 5176 Quo
2078 5110 2135 5164 lit

578 5204 712 5258 adeo
756 5211 813 5257 ut
857 5218 1045 5257 eorum
1087 5217 1205 5271 qua:
1247 5202 1333 5257 hic
1385 5203 1641 5256 dicuntur
1699 5203 1968 5259 sententia
2024 5218 2132 5257 non

577 5302 757 5349 careat
786 5294 878 5347 illo
918 5293 1130 5364 gemino
1170 5308 1278 5362 quo
1324 5293 1598 5346 veritatem
1645 5295 1984 5363 comprobari
2045 5296 2131 5349 lex

576 5385 893 5456 Evangelica
939 5386 1050 5438 vult
1095 5404 1106 5437 :
1153 5400 1273 5437 cum
1322 5385 1526 5452 inquit,
1576 5383 1703 5437 Es'o
1753 5396 1926 5439 autem
1962 5404 2130 5440 sermo

576 5488 756 5542 tester,
796 5478 1008 5539 Etiam,
1055 5478 1211 5529 etiam
1243 5490 1261 5526 :
1298 5486 1345 5527 et
1378 5474 1531 5538 Non,
1574 5492 1695 5530 non.
1728 5475 1905 5541 Quare
1934 5479 1977 5531 si
2014 5494 2136 5548 pro-

576 5566 790 5622 hibetur
826 5569 877 5621 in
906 5568 1226 5635 juramentis
1276 5583 1340 5620 ne
1373 5577 1683 5622 assumatur
1725 5569 1917 5622 solium
1973 5572 2130 5641 regis,

574 5668 629 5714 ιιι
653 5658 846 5713 civitas
881 5658 935 5711 in
966 5674 1069 5729 qua
1102 5660 1244 5730 regia
1285 5666 1406 5721 est,
1446 5667 1499 5711 et
1547 5674 1729 5711 verum
1790 5659 1917 5715 illud
1949 5670 2129 5729 caput.

675 5831 720 5861 “
745 5830 929 5885 Matth.
964 5848 1013 5897 v,
1046 5831 1228 5884 55-56.
1338 5835 1381 5864 '"’
1410 5832 1551 5889 Psal.
1590 5851 1716 5903 LXII,
1759 5836 1844 5890 12.

2240 4659 2377 4730 μεθα
2403 4675 2416 4689 ⁸
2448 4656 2743 4727 φεισαμένη
2774 4674 2833 4709 τε
2865 4656 3002 4725 πρὸς
3038 4656 3246 4720 τούτοις
3273 4656 3374 4725 τῆς
3419 4654 3643 4723 κεφαλῆς
3671 4652 3747 4718 τῆς

2234 4750 2451 4821 τιμίας,
2483 4751 2547 4820 ἣν
2593 4752 2650 4802 ὲν
2683 4750 2796 4811 τοῖς
2838 4746 3035 4817 ἑφεξῆς
3085 4748 3290 4818 χρυσῆν
3324 4744 3458 4801 εἶναι
3504 4742 3747 4815 διαγράφει

2237 4843 2312 4913 τῷ
2350 4843 2491 4912 λόγῳ
2512 4858 2525 4871 ·
2559 4838 2626 4914 ἧς
2655 4842 2710 4893 αἱ
2742 4840 2922 4910 τρίχες
2955 4838 3077 4892 οὗτε
3113 4840 3300 4893 λευκαί
3333 4842 3468 4892 εἰσιν
3493 4882 3506 4904 ,
3532 4835 3642 4890 οὔτε
3680 4830 3749 4901 μέ-

2237 4934 2415 4988 λαιναι
2437 4951 2450 4964 ’
2486 4932 2600 4995 πῶς
2630 4931 2737 5003 γὰρ
2769 4930 2835 4983 ἂν
2861 4930 2894 4999 ἢ
2929 4928 3212 4999 μελανθείη
3247 4928 3444 4999 χρυσὸς
3464 4968 3478 4989 ,
3509 4926 3540 4996 ἦ
3576 4918 3749 4994 πρὸςτὺ

2238 5022 2423 5076 λευκὸν
2447 5017 2583 5084 εἶδος
2614 5019 3017 5091 μεταχρωσθείη
3039 5037 3053 5084 ;
3078 5020 3293 5081 πάντως
3316 5020 3398 5071 ὅτι
3419 5015 3640 5070 τοιοῦτόν
3658 5026 3749 5064 τινα

2237 5114 2503 5185 προτείνει
2537 5113 2625 5166 τὸν
2662 5112 2924 5183 ὁρκισμὺν
2960 5113 3078 5173 ταῖς
3119 5110 3433 5181 παρθένοις,
3471 5109 3527 5170 ὃς
3566 5104 3669 5173 οὐχὶ
3690 5098 3748 5167 τῷ

2236 5204 2566 5275 εὐαγγελικῷ
2592 5205 2818 5275 μάχεται
2845 5202 2990 5273 νόμῳ
3014 5240 3030 5265 ,
3064 5206 3157 5256 καὶ
3200 5202 3420 5254 ἐπαίνου
3450 5201 3641 5277 γίνεται
3661 5194 3749 5251 τοῖς

2236 5296 2575 5368 ὀμωμοκόσιν
2601 5295 2885 5360 ὑπόθεσις,
2932 5293 3074 5347 κατά
3117 5293 3218 5364 τὴν
3248 5293 3341 5347 τοῦ
3371 5292 3638 5362 Προφήτου
3663 5301 3749 5351 φω-

2235 5391 2349 5460 νὴν,
2380 5388 2413 5458 ἦ
2463 5404 2662 5457 φησιν·
2701 5391 2781 5443 ὅτι
2826 5386 3319 5457 Ἐπαινηθήονεται
3347 5383 3464 5449 πᾶς
3497 5385 3528 5435 ό
3552 5378 3747 5448 ὀμνύων

2235 5480 2304 5533 ἐν
2323 5478 2499 5544 αὐτῷ.
2533 5480 2690 5534 Ὥστε
2723 5482 2819 5553 τὴν
2850 5482 2955 5535 τῶν
2984 5479 3288 5550 λεγομένων
3318 5476 3549 5531 διάνοιαν
3581 5468 3646 5539 μὴ
3668 5465 3747 5528 ἔξω

2236 5568 2373 5627 εἶναι
2420 5575 2513 5628 τοῦ
2561 5574 2744 5628 διπλοῦ
2769 5614 2783 5637 ,
2818 5568 2860 5643 ᾧ
2883 5572 3199 5627 πιστοῦσθαι
3235 5569 3476 5639 βούλεται
3513 5562 3605 5631 τὴν
3645 5556 3746 5652 ﬂ?

2236 5663 2384 5719 Θειαν
2414 5668 2443 5719 ὁ
2471 5666 2819 5735 εὐαγγελικὸς
2849 5666 3010 5735 νόμος
3032 5702 3047 5730 ,
3085 5663 3254 5716 λένων
3274 5678 3287 5690 ·
3321 5659 3507 5712 Ἔστω
3534 5651 3596 5705 δὲ
3616 5650 3745 5715 ὑμῶν
