4028 6546
362 453 493 510 I0“

1331 449 1396 503 IN
1425 448 1722 505 CANTICA
1767 448 2034 505 CANTIC.
2067 449 2344 504 HOMILIA
2378 450 2512 505 XIII.

3427 453 3566 510 105?.

357 570 391 621 ό
417 565 600 634 λόγος
620 563 709 628 τὸ.
738 562 868 627 Ναί,
897 564 1022 616 ναί’
1054 562 1151 615 καὶ
1184 560 1272 623 τὸ,
1298 563 1401 627 Ob,
1432 564 1523 617 οὐ.
1558 564 1622 615 Et
1654 551 1829 617 τόίνυν
1858 565 1907 617 ἐν

2016 564 2191 620 solum
2221 579 2351 618 vero
2375 563 2693 619 conceditur
2717 562 3089 633 usurpandum
3117 562 3314 628 Etiam,
3339 574 3394 620 et
3426 565 3570 631 Non,

355 662 468 723 τοῖς
505 657 708 729 όρκίοις
738 657 967 725 νοήμασι
994 653 1258 707 κωλύεται
1294 652 1392 723 μὲν
1425 655 1453 707 6
1486 653 1670 725 θρόνος
1691 656 1783 709 τοῦ
1820 657 1915 726 βα-

357 749 548 812 σιλέως
574 746 1089 818 παραλαμϐάνεσθαι
1114 759 1129 774 ⁶
1173 746 1436 801 κωλύεται
1468 748 1523 800 δὲ
1554 747 1647 801 καὶ
1683 750 1715 818 ἡ
1742 748 1913 814 πόλις,

355 842 415 893 ἐν
455 834 575 912 ᾖτά
609 837 849 907 βασίλεια
868 852 882 866 °
913 838 1178 891 κωλύεται
1211 838 1267 891 δὲ
1294 838 1552 901 ὡσαύτως
1583 839 1678 893 καὶ
1720 841 1755 911 ἡ
1787 840 1917 911 ἀλη-

355 930 473 999 θινὴ
506 927 713 999 κεφαλή
742 928 869 999 περὶ
914 928 1011 999 τὴν
1040 928 1134 982 τοῦ
1165 930 1327 1001 ὅρκου
1377 930 1720 999 παράληψιν*
1759 932 1916 1001 μόνον

349 1020 407 1073 δὲ
437 1019 498 1072 τὸ
528 1020 655 1083 Ναὶ,
685 1020 863 1072 καὶτὸ
884 1021 980 1082 Οὐ,
1018 1020 1466 1091 συγκεχώρηται,
1496 1022 1561 1074 δι’
1592 1022 1913 1093 ἀμφοτέρων

351 1113 494 1167 κατά
523 1112 585 1165 τὸ
618 1114 731 1165 ῐσον
757 1114 857 1182 τῆς
879 1111 1129 1181 ἀληθείας
1160 1112 1216 1165 ἐν
1252 1110 1331 1181 τῷ
1352 1110 1454 1165 Ναὶ
1500 1112 1872 1182 θεωρουμένης
1894 1129 1908 1142 ο

349 1206 509 1277 δῆλον
528 1205 594 1259 ἂν
620 1205 726 1276 είη,
756 1204 837 1257 ὅτι
867 1204 960 1257 καὶ
991 1203 1084 1257 νῦν
1111 1205 1139 1257 6
1168 1206 1287 1267 ταῖς
1319 1204 1549 1258 νεάνισιν
1579 1204 1911 1274 ἐπαγόμενος

346 1299 510 1369 ὅρκος
534 1296 685 1368 παρὰ
710 1299 808 1368 τῆς
830 1296 1043 1367 νύμφης
1066 1336 1081 1361 ,
1126 1296 1252 1368 περὶ
1284 1296 1381 1367 τὴν
1424 1295 1516 1350 τοῦ
1548 1295 1655 1349 Ναὶ
1678 1295 1911 1349 διάνοιαν

2018 654 2073 709 in
2123 667 2353 723 quorum
2418 661 2648 722 utroque
2688 653 2896 718 ,veritas
2952 667 3015 705 ex
3051 667 3204 723 aequo
3259 668 3356 723 per
3391 652 3572 709 Etiam

2017 745 2421 816 conspiciatur:
2458 742 2807 799 manifestum
2834 754 2917 800 est
2952 745 3040 798 hic
3075 759 3292 815 quoque
3321 745 3564 799 delatmn

2018 854 2048 894 a
2104 853 2306 908 sponsa
2348 837 2660 907 juvenculis
2706 837 3092 909 jusjurandum
3145 838 3199 892 in
3254 837 3571 894 aﬁirmamlo

2016 931 2259 995 versari,
2307 928 2399 982 ubi
2457 926 2769 981 conﬁrmari
2829 936 3113 983 aSsensum
3167 929 3335 983 animi
3390 932 3567 985 nostri

2018 1027 2249 1089 oportet.
2290 1018 2465 1075 Verba
2509 1028 2636 1074 sunt
2678 1018 2990 1088 hujusmodi
3030 1038 3043 1073 :
3080 1018 3438 1088 Jurejurando
3483 1040 3570 1076 as-

2019 1112 2180 1164 trinxi
2208 1127 2294 1164 vos
2314 1150 2329 1174 ,
2366 1110 2494 1178 lilia:
2522 1108 2821 1163 Jerusalem
2840 1148 2855 1172 ,
2896 1110 2953 1162 in
2980 1113 3326 1177 potestatibus
3358 1130 3421 1167 ac
3442 1115 3571 1167 ciri-

2019 1202 2112 1257 bus
2146 1204 2307 1272 agri:
2344 1204 2390 1257 si
2433 1202 2729 1255 inveneritis
2761 1211 3033 1271 cognatum
3074 1219 3273 1270 meum,
3322 1204 3447 1281 quid
3487 1220 3571 1260 rc,-

2015 1294 2326 1349 nuntiabitis
2357 1295 2444 1349 ei?
2468 1296 2603 1364 quod
2625 1311 2658 1347 a
2675 1292 2951 1346 dilectione
2968 1293 3237 1350 vulnerata
3266 1299 3364 1349 sim
3386 1314 3497 1367 ego.

350 1389 754 1463 ἀναγράφεται,
788 1391 921 1444 ὅπου
972 1388 1077 1460 χρὴ
1109 1389 1501 1461 ἐρηρεισμένην
1554 1388 1711 1460 ήμῶν
1766 1388 1904 1442 εἶναι
1979 1388 2075 1459 τὴν
2099 1388 2198 1457 τῆς
2225 1387 2403 1457 ψυχῆς
2469 1385 2882 1455 συγκατάθεσιν.
2915 1384 3066 1456 Ἔχει
3087 1388 3143 1440 δὲ
3164 1390 3195 1457 ἡ
3218 1388 3357 1452 λέξις
3379 1389 3566 1451 οὕτως·

350 1485 605 1555 Ὠρκισα
635 1482 821 1553 ὑμᾶς,
856 1480 1169 1553 θυγατέρες
1206 1480 1590 1550 Ἰερουσαλὴμ
1618 1521 1634 1546 ,
1682 1482 1751 1534 ἐν
1783 1480 1910 1546 ταῖς
1947 1479 2236 1545 δυνάμεσι
2302 1478 2399 1531 καὶ
2468 1480 2753 1547 ίσχύσεσι
2803 1479 2910 1534 τοῦ
2960 1478 3142 1549 ἀγροῦ
3163 1496 3174 1507 ’
3227 1480 3334 1532 ἐὰν
3362 1480 3573 1547 εὕρητε

350 1576 459 1631 τὸν
485 1574 808 1645 ἀδελφιδόν
848 1592 966 1644 μου
992 1614 1007 1639 ,
1062 1577 1120 1628 τί
1150 1575 1534 1644 άπαγγελεῖτε
1582 1574 1775 1639 abuit;
1822 1572 1913 1628 ὅτι
1949 1573 2275 1643 mpr
2304 1572 2542 1641 ἀγάπης
2568 1572 2700 1640 ἐγώ.

423 1668 608 1723 Ταῦτα
644 1668 701 1722 δὲ
726 1668 1053 1740 τεθεώρηται
1084 1668 1181 1740 μὲν
1210 1669 1311 1741 ήδη
1338 1670 1433 1723 καὶ
1459 1670 1517 1722 ἐν
1548 1671 1657 1735 τοῖς
1701 1669 1910 1739 φθάσα-

353 1780 439 1816 σιν
462 1801 478 1826 ,
507 1762 581 1826 ὡς
609 1762 642 1832 ή
671 1760 961 1815 ἀκολουθία
997 1760 1105 1813 τῶν
1133 1761 1414 1831 νοημάτων
1451 1758 1717 1814 ἐνέϐαλεν.
1749 1761 1913 1832 Εἰρή-

2088 1668 2263 1739 Atque
2284 1667 2400 1722 haec
2425 1666 2770 1723 considerata
2799 1675 2926 1722 sunt
2957 1682 2987 1720 a
3012 1667 3170 1721 nobis
3201 1668 3364 1720 etiam
3405 1682 3569 1735 supe—

2019 1757 2157 1821 rius,
2195 1765 2354 1826 prout
2399 1756 2795 1811 sententiarum
2832 1757 3002 1810 series
3035 1756 3192 1809 nobis
3226 1754 3566 1824 suggerebat.

336 1871 506 1919 _6$‘tat
534 1852 589 1907 δὲ
614 1854 705 1906 καὶ
733 1851 826 1906 νῦν
853 1851 937 1906 διὰ
964 1850 1207 1922 βραχέων
1235 1851 1303 1905 τά
1329 1850 1707 1923 εὑρισκόμενα.
1752 1852 1907 1920 Ἀμε-

2013 1849 2379 1904 Nihilominus
2406 1850 2569 1904 etiam
2613 1848 2776 1904 modo
2799 1889 2815 1914 ,
2854 1847 3001 1918 quod
3050 1848 3359 1903 invenimus
3381 1886 3394 1909 ,
3429 1847 3570 1901 indi-

350 1943 574 1997 τάθετόν
596 1959 651 1995 τι
686 1943 915 2013 πρᾶγμα
942 1942 1032 1993 τὸν
1059 1942 1217 2012 ὅρκον
1240 1938 1376 1995 εἷναί
1411 1958 1574 2010 φησιν
1597 1940 1626 1992 6
1659 1941 1912 1995 Ἀπόστο-

350 2034 476 2101 λος,
520 2031 837 2104 βεϐαιοῦντα
870 2033 934 2086 δι’
962 2031 1128 2085 αὐτοῦ
1176 2032 1272 2102 τὴν
1301 2032 1585 2103 ἀλήθειαν,
1615 2031 1709 2086 καὶ
1734 2032 1911 2102 πάσης

350 2125 513 2180 αὑτὸν
549 2125 853 2193 ἀντιλογίας
888 2124 1059 2194 πέρας
1087 2123 1322 2195 ὁρίζεται
1364 2124 1540 2189 εἶναι,
1563 2128 1645 2187 είς
1682 2127 1779 2194 τὴν
1805 2122 1911 2177 τῶν

350 2219 707 2290 ἐγνωσμένων
730 2218 1035 2289 βεϐαίωσιν.
1071 2218 1292 2286 Ἐπάγει
1332 2219 1510 2272 τοίνυν
1536 2217 1626 2273 τὸν
1653 2219 1910 2291 ὀρκισμὸν

349 2311 471 2373 ταῖς
502 2308 785 2380 παρθένοις
810 2312 843 2379 ή
871 2308 1075 2379 νύμφη,
1103 2308 1242 2362 ὥστε
1266 2310 1616 2381 ἀπαράϐατον
1644 2308 1912 2379 φυλαχθῆ-

350 2418 440 2459 ναι
492 2401 675 2465 αὑταῖς
720 2401 781 2455 τὸ
828 2401 1135 2471 λεγόμενον.
1193 2400 1329 2453 Ἀλλ’
1366 2402 1553 2471 ἐπειδὴ
1603 2402 1708 2463 πᾶς
1752 2401 1911 2471 ὅρκος

350 2491 492 2547 κατὰ
521 2491 615 2546 τοῦ
652 2492 891 2561 μείζονος
916 2492 1154 2562 γίνεται,
1188 2492 1367 2557 καθώς
1397 2510 1560 2564 φησιν
1583 2494 1612 2545 6
1656 2486 1911 2545 Ἀπόστο-

350 2585 441 2648 λος
466 2600 480 2613 ·
512 2584 572 2637 οὐ
599 2581 706 2655 γὰρ
729 2584 792 2638 ἀν
822 2601 905 2648 τις
936 2584 1096 2655 ὅρκον
1135 2586 1415 2656 ποιήσαιτο
1443 2587 1637 2639 ἑαυτοῦ
1661 2585 1913 2655 ἀτιμότε-

351 2692 445 2745 ρον
469 2691 482 2705 ·
512 2675 777 2745 σκοπῆσαι
811 2678 1071 2747 προσήκει
1097 2676 1148 2729 τί
1186 2680 1299 2740 ταῖς
1322 2678 1556 2731 νεάνισιν
1589 2678 1647 2730 ἐν
1671 2678 1746 2749 τίρ
1765 2678 1912 2749 ὅρκῳ

350 2762 501 2833 παρά
559 2764 655 2834 τῆς
708 2763 920 2834 νύμφης
992 2764 1174 2836 μεῖζον
1238 2766 1591 2836 προτείνεται.
1660 2767 1908 2835 Ὦρκιοά

349 2854 532 2924 ὑμᾶς,
563 2855 724 2927 φησὶν
746 2894 760 2917 .
792 2851 839 2911 ὦ
874 2855 1190 2925 θυγατέρες
1226 2857 1610 2928 Ἰερουσαλὴμ
1633 2896 1649 2922 ,
1678 2856 1749 2911 ἐν
1784 2858 1911 2925 ταῖς

347 2944 643 3015 δυνάμεσι
671 2945 769 2999 καί
794 2947 1076 3016 ίσχύσεσι
1102 2948 1208 3003 τοῦ
1235 2947 1438 3017 ἀγροῦ.
1476 2948 1541 3002 Τί
1565 2941 1659 3003 οὖν
1682 2948 1744 3002 τδ
1774 2949 1912 3020 ὑπὲρ

349 3038 497 3108 ἡμᾶς
538 3037 596 3090 ἐν
621 3036 827 3102 τούτοις
850 3038 1027 3104 ἐστίνς
1075 3038 1267 3110 ’Δγρδν
1313 3038 1421 3110 γὰρ
1451 3039 1543 3093 τὸν
1593 3041 1796 3111 κόσμον
1825 3038 1914 3095 διά

346 3127 448 3196 τῆς
470 3126 733 3199 τροπικῆς
761 3128 1035 3199 σημασίας
1067 3128 1298 3183 νοεῖσθαι
1323 3170 1338 3196 ,
1363 3130 1463 3183 ούκ
1481 3130 1908 3202 ἀμφιϐάλλομεν,

2012 1955 2140 1996 care
2172 1940 2407 1995 breviter
2430 1940 2577 1995 libet.
2608 1939 2697 1993 Ait
2723 1939 3017 2010 Apostolus
3045 1937 3429 2009 jusjurandum
3447 1954 3569 1991 esse

2010 2032 2268 2103 quiddam
2322 2030 2466 2100 quod
2512 2031 2706 2085 mutari
2758 2038 3027 2099 nequeat,
3061 2029 3322 2099 quodque
3359 2043 3454 2096 per
3510 2044 3569 2083 se

2014 2123 2290 2177 veritatem
2320 2122 2645 2186 conlirmet,
2689 2132 2742 2175 et
2776 2121 2956 2175 omnis
2998 2120 3130 2176 adeo
3176 2122 3568 2175 controversia:

2011 2216 2134 2270 ﬁnis
2151 2214 2242 2274 sit,
2270 2214 2335 2267 ad
2358 2213 2787 2268 conﬁrmandum
2811 2228 2872 2268 ea
2915 2228 3036 2282 qua:
3052 2213 3469 2283 cognoverimus
3492 2213 3561 2263 ⁸⁸.

2011 2305 2375 2372 Quamobrem
2418 2318 2616 2374 sponsa
2666 2303 3050 2373 jusjurandum
3108 2304 3411 2374 virginibus
3464 2302 3559 2356 (ιε-

2013 2396 2135 2461 fert,
2169 2405 2225 2449 ut
2253 2394 2513 2466 quidquid
2536 2395 2761 2449 dictura:
2782 2395 2911 2458 sint,
2939 2404 3113 2449 ratum
3146 2396 3300 2463 plene
3321 2404 3558 2449 servent.

2011 2488 2147 2555 Quia
2194 2502 2320 2542 vero
2378 2486 2740 2554 juramentum
2793 2500 2952 2538 omne
2998 2500 3093 2554 per
3140 2485 3313 2552 majus
3366 2481 3568 2551 aliquid

2010 2580 2317 2649 concipitur
2338 2618 2351 2642 ,
2381 2577 2835 2648 quemadmodum
2886 2579 2960 2631 ait
2994 2576 3289 2645 Apostolus
3321 2616 3335 2640 ,
3369 2575 3569 2645 quippe

2011 2672 2156 2743 quod
2215 2686 2374 2726 nemo
2424 2685 2518 2740 per
2563 2668 2616 2722 id
2656 2669 2799 2739 quod
2840 2685 2898 2725 se
2945 2670 3105 2724 vilius
3152 2668 3222 2723 sit
3278 2667 3560 2737 jusjuran-

2010 2762 2137 2817 dum
2198 2766 2445 2829 prmstet:
2496 2757 2700 2812 idcirco
2746 2757 2903 2812 nobis
2953 2758 3057 2813 erit
3117 2756 3568 2812 considerandum

2009 2852 2266 2924 quidnam
2317 2851 2388 2905 sit
2430 2849 2562 2904 illud
2636 2848 2811 2917 majus
2862 2865 2958 2919 per
2996 2847 3139 2917 quod
3190 2848 3497 2916 juvenculis
3542 2864 3571 2899 a

2011 2961 2211 3016 sponsa
2240 2944 2607 3013 juramentum
2646 2941 2907 2996 defertur.
2943 2938 3330 3007 Jurejurando,
3362 2938 3563 3007 inquit,

2009 3037 2241 3093 astrinxi
2292 3052 2378 3099 vos
2406 3074 2422 3098 ,
2461 3034 2592 3104 ﬁlii:
2641 3032 2976 3093 Jerusalem,
3020 3034 3073 3083 in
3106 3030 3455 3097 potestatibus
3500 3048 3562 3084 ac

2013 3127 2214 3184 viribus
2258 3128 2391 3198 agri.
2430 3124 2570 3191 Quid
2620 3123 2677 3178 in
2706 3122 2795 3179 Itis
2834 3123 3167 3186 continetur,
3219 3120 3365 3191 quod
3404 3137 3572 3191 supra

347 3197 514 3269 οὕτω
538 3214 633 3269 τοῦ
681 3197 886 3289 Κυρίου
920 3218 1014 3273 καὶ
1047 3220 1408 3291 ὀνομάσαντος
1454 3197 1547 3275 τὸν
1575 3197 1804 3293 ’κόσμον
1823 3225 1907 3276 καὶ

2014 3235 2115 3275 nos
2153 3197 2389 3290 positum
2437 3216 2544 3270 sit?
2590 3212 2723 3267 Nam
2783 3228 2879 3284 per
2929 3227 3118 3281 agrum
3176 3210 3573 3282 signiﬁcatione

348 3303 798 3377 ἐρμηνεύσαντος.
831 3307 897 3359 Δί
930 3305 1107 3362 τοίνυν
1124 3306 1313 3361 πολλαὶ
1332 3306 1585 3379 δυνάμεις
1609 3308 1702 3362 καὶ
1734 3308 1913 3379 ἰσχύες

346 3393 441 3447 τοῦ
471 3392 678 3463 κόσμου
700 3393 845 3457 τίνες
882 3395 1018 3448 είσὶν
1054 3396 1108 3448 αί
1136 3394 1213 3466 τῷ
1253 3397 1403 3467 ὅρκῳ
1434 3397 1783 3467 προκείμεναι
1802 3438 1818 3464 ,
1847 3396 1913 3461 ἃς

347 3485 454 3556 χρὴ
489 3484 737 3555 μείζονας
762 3484 917 3557 ἡμῶν
944 3485 1281 3558 νομισθῆναι,
1313 3486 1400 3539 ἵνα
1433 3488 1586 3557 ίσχὺν
1612 3486 1746 3558 λάϐῃ
1777 3488 1910 3559 πρὸς

349 3573 637 3643 βεϐαίωσιν
676 3577 776 3646 τῆς
811 3574 1066 3645 ἀληθείας
1093 3576 1122 3628 6
1161 3576 1319 3645 ὅρκος
1343 3577 1483 3629 κατά
1512 3576 1619 3631 τῶν
1655 3578 1912 3646 μειζόνων

348 3665 668 3735 γενόμενος;
710 3666 916 3720 Οὐκοῦν
972 3666 1264 3734 ἀναγκαῖον
1321 3668 1385 3721 ἂν
1438 3669 1521 3738 εἴη
1575 3668 1910 3742 παραθέσθαι

348 3756 484 3826 πρὸς
506 3756 605 3826 τὴν
634 3758 927 3827 σαφήνειαν
957 3757 1062 3811 τῶν
1088 3759 1460 3829 προκειμένων
1489 3760 1677 3830 ἑτέραν
1703 3759 1909 3812 ἔκδοσιν

346 3850 744 3920 ἑρμηνευτικὴν
774 3850 881 3902 τῶν
912 3849 1086 3920 ῥητῶν
1112 3888 1126 3912 ,
1162 3850 1387 3921 ἔχουσαν
1428 3850 1594 3913 οὕτως
1616 3868 1629 3881 ο
1664 3852 1911 3919 Ὤρκισα

345 3939 845 4011 ὐμᾶς,θυγατέρες
869 3942 1278 4011 Ἰερουσαλὴμ,
1306 3942 1455 3996 κατὰ
1481 3943 1909 4012 τῶν-δορκάδων

347 4033 446 4089 καὶ
461 4033 608 4086 κατὰ
620 4032 735 4086 τῶν
757 4032 997 4102 ἐλάφων
1010 4033 1117 4087 τοῦ
1133 4034 1335 4104 ἀπροῦ.
1353 4035 1719 4104 Διδασκόμεθα
1734 4037 1910 4091 τοίνυν

345 4126 433 4179 διὰ
467 4126 573 4179 τῶν
601 4126 876 4196 ὀνομάτων
902 4127 1103 4181 τούτων
1128 4130 1184 4180 ἐν
1206 4128 1311 4181 τίνι
1345 4130 1489 4182 ἐστὶν
1517 4132 1549 4199 ἠ
1584 4130 1675 4182 τοῦ
1705 4131 1908 4201 κόσμου

344 4217 535 4272 τούτου
564 4219 746 4289 ίσχὺς,
770 4219 863 4272 καὶ
883 4222 939 4271 ἐν
968 4220 1073 4273 τίνι
1100 4222 1132 4291 ἡ
1169 4220 1420 4290 δύναμις,
1450 4221 1485 4274 ἃ
1513 4222 1645 4292 πρὸς
1685 4221 1909 4291 βεϐαίω-

348 4327 433 4364 σιν
458 4311 557 4381 τῆς
582 4309 836 4381 ἀληθείας
860 4310 945 4365 διά
969 4311 1062 4365 τοῦ
1088 4313 1250 4383 ὅρκου
1281 4312 1779 4384 παραλαμϐάνεται.
1805 4314 1909 4368 Δύο

344 4399 464 4453 ἐστὶ
492 4398 562 4452 τά
597 4399 675 4470 τῷ
702 4398 818 4470 Θεῷ
845 4399 1141 4454 οίκειοῦντα
1169 4400 1259 4453 τὸν
1287 4401 1591 4472 ἄνθρωπον.
1637 4403 1733 4457 Ἐν
1786 4405 1904 4476 μὲν,

343 4490 407 4544 τὺ
435 4489 670 4554 ἀπλανὲς
700 4492 798 4561 τῆς
830 4491 954 4562 περὶ
980 4491 1041 4545 τὸ
1070 4492 1235 4555 ὅντως
1275 4491 1338 4546 ὂν
1377 4493 1695 4566 ὑπολήψεως
1717 4536 1731 4562 ,
1763 4495 1903 4550 ὥστε

348 4579 425 4649 μὴ
473 4581 594 4643 ταῖς
625 4580 1000 4652 ήπατημέναις
1034 4580 1304 4644 ὑπονοίαις
1348 4583 1428 4646 είς
1458 4582 1673 4648 ἐθνικάς
1702 4602 1762 4639 τε
1808 4587 1904 4641 καὶ

344 4670 625 4742 αίρετικάς
668 4672 794 4744 περὶ
837 4671 929 4725 τοῦ
968 4673 1125 4729 Θείου
1179 4673 1333 4738 δόξας
1374 4675 1695 4747 ἐκφέρεσθαι
1722 4720 1735 4741 ,
1767 4679 1903 4753 ὅπερ

343 4760 492 4815 ἐστὶν
514 4760 590 4825 ὡς
612 4760 826 4831 άληθῶς
847 4761 907 4814 τὸ
934 4762 1063 4817 Ναί.
1093 4762 1166 4815 Τὸ
1195 4763 1239 4816 δ’
1261 4765 1465 4837 ἕτερον,
1500 4769 1528 4819 6
1560 4768 1794 4841 καθαρὸς
1817 4770 1904 4824 λο-

342 4851 540 4923 γισμδς
558 4892 572 4916 ,
604 4854 633 4906 6
659 4854 836 4905 πᾶσαν
863 4852 1083 4922 ἐμπαθῆ
1111 4854 1349 4908 διάθεσιν
1384 4856 1483 4925 τῆς
1528 4858 1702 4929 ψυχῆς
1730 4859 1902 4931 ἐξορί-

344 4940 454 5002 ζων
474 4955 488 4971 ·
515 4940 649 5011 ὅπερ
675 4939 782 4992 οὐδ’
804 4940 911 4993 ἀπὸ
938 4940 1031 4992 τοῦ
1060 4940 1171 4995 Ναὶ
1196 4941 1564 5012 ἠλλοτρίωται.
1588 4948 1697 5016 Τῆς
1728 4949 1901 5001 τοίνυν

340 5028 530 5100 διπλῆς
551 5030 752 5100 ταύτης
775 5030 881 5082 τῶν
908 5028 1125 5100 ἀγαθῶν
1154 5030 1318 5097 ἕξεως
1342 5072 1356 5096 ,
1386 5027 1459 5086 ὧν
1485 5036 1519 5104 ή
1547 5035 1645 5103 μὲν
1678 5038 1811 5107 πρὸς
1839 5038 1899 5090 τὸ

341 5121 510 5184 ὅντως
534 5120 592 5173 ὂν
619 5120 938 5174 ἀναϐλέπειν
968 5124 1110 5174 ποιεῖ
1132 5138 1145 5150 ·
1184 5123 1217 5192 ἡ
1242 5122 1297 5176 δὲ
1323 5125 1606 5193 φυγαδεύει
1643 5127 1713 5180 τὰ
1749 5129 1895 5200 πάθη

341 5212 412 5265 τά
435 5210 532 5282 τὴν
558 5211 731 5282 ψυχὴν
758 5212 1123 5282 λυμαινόμενα
1141 5230 1155 5245 ·
1184 5216 1216 5284 ἡ
1249 5214 1356 5268 τῶν
1377 5216 1649 5287 δορκάδων
1679 5220 1768 5273 καὶ
1792 5221 1899 5274 τῶν

340 5302 554 5371 ἐλάφων
588 5304 771 5373 μνήμη
800 5343 814 5365 ,
855 5302 943 5355 διά
977 5303 1256 5373 συμϐόλων
1298 5306 1547 5375 γνωρίζει
1596 5306 1691 5377 τὴν
1742 5307 1898 5361 δύνα-

344 5410 457 5464 μιν.
483 5392 696 5445 Τούτων
727 5393 835 5464 γὰρ
858 5396 890 5464 ὴ
930 5394 1026 5464 μὲν
1057 5394 1306 5457 ἀπλανῶς
1334 5397 1451 5467 ὁρᾷ,
1486 5399 1518 5467 ή
1545 5396 1601 5450 δὲ
1626 5397 1896 5471 βρωτικήν

339 5503 461 5539 τινα
480 5486 575 5539 καὶ
604 5486 937 5558 ἀναλωτικὴν
963 5487 1068 5540 τῶν
1101 5487 1302 5559 θηρίων
1324 5488 1550 5560 δύναμιν
1575 5490 1707 5561 ἔχει.
1731 5493 1897 5545 Τοῦτο

338 5577 517 5629 τοίνυν
548 5577 817 5647 προτείνει
841 5581 958 5641 ταῖς
991 5578 1279 5648 παρθένοις
1306 5581 1338 5650 ή
1373 5580 1556 5652 νύμφη
1584 5582 1645 5635 τὸ
1671 5584 1777 5637 Ναὶ
1796 5625 1811 5649 ,
1836 5584 1896 5638 τό

338 5683 400 5721 τε
429 5667 663 5731 εὐσεϐῶς
686 5668 795 5721 δεῖν
817 5672 949 5738 πρὸς
970 5671 1031 5723 τὺ
1055 5671 1205 5725 Θεῖον
1241 5672 1480 5742 βλέπειν,
1513 5675 1607 5730 καὶ
1641 5675 1895 5749 καθαρῶς

442 5845 491 5879 ⁸⁸
530 5846 691 5907 llcbr.
718 5865 794 5912 Vt,
824 5848 907 5907 ιθ.
978 5849 1020 5881 ⁸⁷
1042 5850 1236 5903 Matth.
1271 5866 1390 5915 xm,
1423 5852 1511 5906 38.

2015 3312 2237 3382 ﬁgurata
2261 3308 2522 3363 mundum
2546 3304 2772 3375 intelligi
2806 3320 2913 3358 non
2947 3305 3283 3368 dubitamus,
3314 3317 3438 3356 cum
3473 3302 3573 3357 hac

2017 3417 2151 3458 voce
2201 3400 2460 3455 Dominus
2512 3405 2565 3453 et
2616 3396 2847 3467 appellet
2876 3405 2930 3450 et
2966 3397 3359 3465 interpretetur
3409 3409 3570 3447 mun-

2013 3497 2140 3552 dum
2173 3496 2238 3548 ⁸⁷.
2274 3494 2529 3561 Quanam
2573 3503 2701 3548 sunt
2751 3492 2915 3563 igitur
2965 3490 3146 3545 multae
3192 3499 3487 3559 potestates
3520 3501 3574 3546 et

2011 3590 2157 3644 vires
2187 3586 2372 3641 mundi
2400 3586 2710 3655 juramento
2737 3583 2865 3637 huic
2891 3583 3169 3645 adhibitae,
3204 3599 3343 3652 quas
3377 3584 3570 3638 existi-

2010 3692 2158 3731 mare
2196 3675 2489 3730 debeamus
2517 3673 2675 3728 nobis
2707 3673 2946 3737 majores
2984 3688 3137 3736 csse,
3174 3680 3234 3726 ut
3285 3674 3572 3741 jusjuran-

2010 3768 2136 3821 dum
2163 3783 2259 3836 ρει*
2285 3766 2521 3836 majores
2566 3780 2726 3835 quant
2772 3780 2871 3819 nos
2911 3765 3083 3819 simus
3136 3773 3458 3833 conceptum
3504 3765 3571 3819 ad

2010 3857 2437 3912 conﬁrmandam
2477 3856 2763 3910 veritatem
2801 3854 2967 3907 robur
2997 3856 3271 3925 accipiat?
3302 3854 3567 3923 Equidem

2011 3944 2384 3998 necessarium
2442 3942 2677 3995 arbitror
2738 3950 2794 3993 ut
2850 3942 2916 3994 ad
2976 3942 3404 3996 declarationem
3465 3944 3569 3999 loci

2008 4034 2276 4105 propositi
2313 4034 2472 4087 aliam
2512 4036 2926 4088 conversionem
2957 4032 3069 4087 haec
3101 4033 3263 4088 verba
3303 4035 3570 4104 interpre-

2009 4136 2211 4179 tantem
2258 4138 2615 4194 apponamus,
2656 4138 2776 4193 qua:
2812 4122 3029 4192 quidem
3078 4132 3162 4179 est
3201 4125 3514 4195 hujusmodi
3546 4146 3561 4181 :

2006 4214 2365 4284 Jurejurando
2400 4215 2629 4268 astrinxi
2667 4231 2786 4277 vos,
2818 4214 2946 4282 filia:
2974 4213 3273 4270 Jerusalem
3299 4256 3313 4281 ,
3355 4233 3447 4287 per
3477 4234 3567 4272 ca-

2006 4324 2157 4377 preas
2197 4317 2247 4361 et
2273 4324 2363 4377 per
2390 4307 2634 4361 hinnulos
2654 4308 2789 4378 agri.
2829 4307 2927 4362 Per
2950 4324 3071 4378 qua:
3107 4309 3366 4364 vocabula
3402 4309 3567 4364 doce-

2009 4415 2132 4454 mur
2170 4400 2227 4455 in
2275 4415 2382 4471 quo
2417 4408 2533 4455 tum
2569 4402 2740 4457 robur
2767 4401 2955 4455 mundi
2992 4400 3176 4471 hujus,
3207 4401 3423 4457 tumvis
3460 4403 3567 4458 sita

2008 4493 2083 4549 sit
2133 4510 2146 4547 :
2195 4507 2317 4563 quae
2354 4492 2573 4564 quidem
2608 4490 2677 4546 ad
2719 4492 3187 4549 conﬁrmationem
3226 4493 3473 4551 veritatis
3507 4495 3565 4549 in
3602 4542 3607 4545 ς

2002 4586 2315 4656 juramento
2344 4583 2692 4641 adhibentur.
2723 4581 2853 4640 Duae
2883 4594 3010 4640 sunt
3040 4584 3264 4640 omnino
3316 4600 3404 4641 res
3443 4602 3568 4655 quae

2009 4680 2281 4735 hominem
2315 4694 2438 4734 cum
2466 4676 2576 4733 Deo
2613 4677 2971 4748 conjungunt.
3020 4676 3218 4731 Earum
3252 4678 3419 4732 altera
3457 4687 3561 4744 est,

2006 4767 2195 4837 opinio
2228 4782 2339 4821 non
2368 4780 2557 4820 errans
2603 4764 2658 4819 in
2689 4780 2754 4819 eo
2787 4764 2935 4835 quod
2986 4780 3172 4820 revera
3208 4767 3458 4832 exsistit,
3490 4769 3561 4819 ita

2007 4863 2067 4907 ut
2100 4869 2194 4923 per
2234 4853 2593 4922 cogitationes
2639 4867 2901 4907 erroneas
2947 4854 3071 4924 quis
3109 4855 3177 4908 ad
3224 4855 3471 4911 ethnicus
3510 4864 3564 4910 et

2007 4943 2289 4998 haereticos
2323 4943 2389 4997 de
2430 4943 2521 4997 Dei
2557 4950 2753 4997 natura
2789 4946 3090 4999 sententias
3117 4961 3226 4999 non
3261 4946 3556 5001 exorbitet.

2005 5036 2183 5105 Atque
2215 5036 2320 5089 hoc
2350 5050 2537 5090 revera
2566 5046 2651 5090 est
2678 5036 2807 5090 illud
2834 5034 3034 5091 Etiam.
3066 5040 3248 5093 Altera
3279 5048 3364 5094 est
3397 5040 3563 5093 ratio-

2005 5127 2213 5180 cinatio
2237 5142 2370 5196 pura
2393 5170 2406 5191 ,
2444 5142 2564 5196 quae
2592 5140 2805 5181 omnem
2839 5128 3088 5183 vitiosam
3124 5129 3289 5183 animi
3321 5128 3561 5182 aﬁectio-

2004 5233 2127 5273 nem
2166 5219 2310 5273 velut
2355 5206 2594 5273 eliminat
2630 5236 2641 5271 :
2678 5219 2822 5289 quod
2858 5220 3035 5289 ipsum
3074 5235 3290 5291 quoque
3341 5220 3409 5272 ab
3460 5220 3561 5273 hoc

2007 5308 2188 5362 Etiam
2234 5324 2342 5363 non
2394 5318 2479 5363 est
2522 5322 2853 5379 separatum.
2894 5310 3083 5381 Itaque
3114 5310 3353 5379 duplicis
3395 5309 3560 5377 hujus

2007 5402 2271 5455 bonorum
2323 5401 2538 5456 habitus
2590 5412 2859 5471 (quorum
2891 5403 3028 5456 alter
3062 5399 3193 5453 facit
3229 5408 3286 5454 ut
3318 5400 3371 5452 id
3412 5402 3559 5469 quod

2004 5511 2130 5549 vere
2156 5495 2367 5549 exsistit
2398 5494 2729 5558 intueamur,
2770 5494 2906 5548 alter
2951 5492 3119 5563 abigit
3149 5491 3313 5545 animi
3340 5491 3559 5546 morbos

2003 5596 2057 5642 et
2087 5588 2235 5651 vitia,
2275 5588 2475 5658 quibus
2504 5588 2593 5642 ille
2628 5585 3030 5655 corrumpitur)
3063 5585 3169 5637 vim
3202 5582 3359 5639 nobis
3401 5584 3559 5653 quasi

2002 5693 2097 5751 per
2117 5678 2361 5750 quaedam
2377 5679 2861 5752 signacaprearum
2893 5684 2946 5731 et
2976 5675 3326 5730 hinnulorum
3352 5674 3557 5730 mentio
