4028 6530
563 449 692 513 ιοιε

1786 452 1842 505 S.
1869 447 2190 506 GREGORII
2231 445 2524 505 NYSSENI'

3623 453 3733 514 40“

559 571 821 627 declarat.
853 565 989 622 Nam
1029 581 1093 622 ex
1121 564 1207 621 his
1238 565 1410 621 altera
1444 565 1564 623 sine
1596 581 1780 623 errore
1810 570 2008 631 cernit,
2042 567 2114 620 al-

2231 585 2270 618 ιν
2291 566 2524 636 ἀπαθείᾳ
2544 563 2903 635 παρατρέχειν
2927 563 3016 616 τὸν
3044 559 3154 634 βίον
3173 578 3186 592 ·
3207 556 3283 617 ὧν
3307 565 3732 638 κατορθουμένων,

553 669 644 717 ter
669 655 774 716 vim
806 659 1122 714 comedendi
1153 667 1208 714 et
1237 659 1560 714 absumendi
1593 667 1886 713 venenatas
1907 659 2112 714 bestias

557 753 738 804 habet.
778 749 888 802 Hoc
931 749 1090 818 igitur
1132 747 1312 800 Etiam
1357 761 1555 818 sponsa
1587 748 1888 818 virginibus
1923 763 2114 818 propo-

556 840 660 897 nit.
695 839 948 892 nimirum
991 839 1240 906 religiose
1267 837 1474 891 Numen
1507 837 1750 891 divinum
1795 837 2113 890 intuendum

570 943 726 991 esse,
760 941 824 980 ac
867 941 1000 996 pure
1029 928 1194 979 vitam
1236 927 1378 980 hanc
1414 927 1531 982 sine
1565 927 1714 983 vitiis
1743 927 1900 996 quasi
1937 936 2116 982 trans-

560 1019 884 1075 currendam
919 1037 931 1072 :
969 1034 1088 1089 qua!
1109 1018 1153 1074 si
1183 1027 1529 1090 prmstentur,
1564 1019 1840 1074 stabilitur
1871 1021 1924 1072 in
1959 1019 2116 1072 nobis

565 1114 696 1168 illud
731 1113 908 1167 Etiam
931 1152 946 1175 ,
981 1115 1124 1184 quod
1160 1115 1358 1168 mutari
1404 1115 1610 1184 nequit.
1649 1113 1782 1168 Nam
1825 1123 1906 1168 est
1933 1114 2116 1184 jnsju-

561 1205 790 1260 randum
821 1205 976 1272 illud,
1007 1207 1152 1275 quod
1176 1206 1388 1260 veritati
1429 1205 1584 1262 ﬁdem
1615 1208 1832 1271 astruit,
1865 1215 1919 1260 et
1949 1206 2114 1275 quod,

561 1299 606 1351 si
641 1299 767 1369 quis
795 1299 850 1352 in
873 1313 938 1352 eo
972 1305 1212 1367 prmstet,
1243 1297 1517 1360 laudatur,
1557 1299 2009 1368 quemadmodum
2041 1299 2118 1352 ait

562 1387 848 1460 Propheta.
875 1387 1016 1443 Vere
1041 1391 1186 1442 enim
1226 1389 1274 1444 is
1313 1390 1404 1459 qui
1451 1389 1505 1443 in
1535 1391 1747 1446 duobus
1778 1391 1926 1445 hisce
1953 1391 2120 1445 certi—

563 1479 804 1531 tudinem
836 1479 938 1534 sibi
970 1487 1270 1550 comparat,
1301 1481 1555 1534 nimirum
1601 1483 1654 1534 in
1681 1483 1848 1539 verbo
1879 1482 2020 1546 ﬁdei,
2065 1491 2121 1536 ut

564 1571 683 1626 sine
705 1587 890 1626 errore
908 1573 1185 1626 veritatem
1211 1574 1463 1642 aspiciat,
1486 1583 1536 1627 et
1563 1575 1615 1628 in
1646 1577 1853 1629 ratione
1881 1575 2120 1638 vivendi,

563 1663 610 1717 si
656 1665 724 1718 ab
755 1664 900 1718 omni
949 1665 1234 1730 pravitatis
1281 1667 1658 1735 inquiuatione
1722 1683 1890 1736 purus
1935 1667 2027 1730 sit,
2077 1683 2122 1721 IS

563 1757 728 1826 igitur
759 1772 881 1812 vere
909 1758 1058 1827 jurat
1085 1758 1309 1813 Domino
1331 1759 1405 1824 ⁸⁸,
1453 1775 1560 1813 non
1589 1775 1648 1814 se
1681 1775 2034 1815 ascensurum
2069 1761 2122 1814 in

569 1850 827 1904 lectulum
861 1851 964 1906 sibi
1004 1859 1234 1905 stratum
1257 1893 1272 1916 ,
1303 1867 1479 1921 neque
1510 1865 1759 1906 somnum
1790 1851 1964 1906 oculis
2006 1851 2119 1906 suis

2214 657 2274 710 τὸ
2300 656 2628 728 ἀμετάθετον
2661 657 2889 726 πρᾶγμα
2921 658 2978 708 ἐν
3020 655 3148 726 ἡμῖν
3181 653 3488 726 βεϐαιοῦται
3549 658 3603 711 τδ
3627 663 3734 718 Ναί,

2217 743 2383 810 Οὗτος
2410 747 2517 817 γάρ
2547 747 2692 800 ἐστιν
2723 746 2751 798 ὁ
2795 745 2893 815 τὴν
2926 745 3177 816 ἀληθειαν
3201 745 3558 814 πιστούμενος
3586 751 3734 822 ὅρκος,

2216 836 2274 889 ὃν
2301 839 2408 900 πᾶς
2437 836 2648 908 ὀμνύων
2679 837 2735 889 ἐν
2764 834 2911 904 αὐτῴ
2955 837 3252 888 ἐπαινεῖται
3279 877 3294 901 ,
3331 835 3514 899 καθώς
3551 855 3688 908 φησιν
3719 846 3742 896 ὁ

2219 929 2528 1000 Προφήτης.
2571 928 2806 998 Ἀληθῶς
2836 927 2942 1000 γὰρ
2996 927 3023 980 ὁ
3072 930 3128 982 ὲν
3169 931 3279 991 τοῖς
3329 927 3424 981 δύο
3471 929 3660 996 τούτοις
3695 938 3742 988 τὸ

2219 1019 2476 1089 ἀσφαλὲς
2496 1021 2553 1074 ἐν
2587 1019 2762 1090 ἐαυτῷ
2800 1017 3148 1090 κατορθώσας
3170 1057 3184 1080 ,
3226 1019 3284 1071 ἓν
3314 1035 3374 1071 τε
3396 1018 3473 1088 τῷ
3509 1019 3638 1090 λόγῳ
3669 1023 3746 1092 τῆς

2221 1113 2452 1176 πίστεως
2475 1152 2490 1177 ,
2519 1113 2644 1166 ὅταν
2687 1111 2937 1174 ἀπλανῶς
2982 1111 3118 1181 πρὸς
3157 1109 3254 1181 τὴν
3297 1109 3550 1182 ἀλήθειαν
3587 1113 3744 1188 βλέπῃ,

2220 1204 2315 1257 καὶ
2345 1201 2503 1274 ἐντῷ
2532 1203 2715 1275 τρόπῳ
2753 1201 2843 1272 τῆς
2877 1199 3020 1271 ζωῆς
3047 1241 3060 1264 ,
3091 1201 3218 1254 ὅταν
3255 1203 3464 1264 παντὸς
3507 1203 3749 1280 καθαρεύη

2220 1296 2312 1350 τοῦ
2343 1297 2406 1349 ἐκ
2431 1295 2692 1367 πονηρίας
2727 1293 3096 1364 μολύσματος·
3143 1287 3302 1356 Iino;
3333 1292 3523 1363 ὀμνύει
3555 1293 3627 1366 τῷ
3659 1297 3746 1349 Κυ-

2226 1391 2345 1462 ρίῳ,
2375 1389 2448 1461 μὴ
2479 1389 2744 1459 ἀναϐῆναι
2775 1387 2867 1440 ἐπὶ
2907 1386 3092 1456 κλίνης
3123 1387 3416 1458 στρωμνῆς
3441 1427 3456 1449 ,
3503 1386 3572 1459 μὴ
3599 1389 3749 1444 δοῦναι

2225 1483 2391 1536 ὕπνον
2434 1483 2546 1544 τοῖς
2579 1479 2872 1550 ὀφθαλμοῖς
2924 1477 3114 1540 αὐτοῦ,
3162 1477 3298 1548 μηδὲ
3349 1480 3642 1549 νυσταγμὺν
3665 1485 3750 1545 τοῖς

2227 1573 2545 1645 βλεφάροις,
2579 1571 2682 1634 ἕως
2719 1565 2780 1625 οὗ
2807 1570 2939 1641 εὕρῃ
2979 1571 3036 1622 ἐν
3063 1569 3238 1640 ἐαυτῷ
3265 1569 3431 1622 τόπον
3469 1571 3545 1641 τῷ
3577 1572 3750 1644 Κυρίῳ,

2228 1667 2490 1736 σκήνωμα
2523 1662 2598 1732 τῷ
2627 1665 2683 1716 ἐν
2710 1661 2856 1732 αὐτῷ
2884 1659 3117 1714 οίκοῦντι
3163 1661 3476 1730 γενόμενος.
3525 1663 3581 1714 Et
3606 1663 3752 1716 τοίνυν

2227 1757 2392 1827 ἐσμὲν
2425 1757 2518 1808 καὶ
2547 1755 2708 1825 ἡμεῖς
2735 1753 2832 1822 τῆς
2859 1753 2971 1807 ἄνω
3013 1751 3370 1823 Ἰερουσαλὴμ
3407 1752 3598 1816 τέκνα,
3624 1753 3754 1806 ἀκού-

2230 1865 2412 1918 σωμεν
2453 1847 2552 1915 τῆς
2583 1842 2895 1897 διδασκάλου
2936 1839 3179 1912 νύμφης,
3205 1841 3328 1904 πῶς
3372 1841 3518 1896 ἐστιν
3553 1841 3663 1894 ἰδεῖν
3684 1843 3755 1897 τὸν

563 1957 976 2008 concessurum,
1002 1945 1086 1998 vel
1109 1943 1543 1998 dormitationem
1567 1945 1858 2014 palpebris,
1880 1945 2052 1999 donec
2071 1945 2124 1998 in
2155 1944 2198 1997 B
2226 1937 2555 2007 ποθούμενον
2572 1976 2586 1989 .

562 2051 624 2096 se
661 2039 838 2093 locum
873 2037 1101 2092 Domino
1135 2040 1418 2107 repererit,
1451 2038 1624 2094 factus
1653 2039 2057 2094 tabernaculum
2080 2040 2200 2110 ejus
2237 2038 2291 2090 in
2320 2035 2438 2103 ipso
2467 2027 2782 2084 habitantis.
2818 2025 3183 2092 Quamobrem
3229 2024 3276 2079 si
3316 2039 3420 2080 nos
3453 2041 3656 2096 quoque
3687 2043 3758 2082 su-

563 2145 747 2204 pernae
803 2129 950 2184 illius
998 2127 1302 2184 Jerusalem
1350 2130 1444 2184 ﬁlii
1501 2147 1724 2198 sumus,
1774 2131 2061 2188 audiamus
2135 2141 2392 2201 sponsam
2451 2122 2796 2193 magistram,
2851 2122 2942 2190 qui
2984 2117 3324 2176 desideratus
3375 2119 3522 2173 cerni
3589 2123 3754 2189 possit.

633 2225 772 2290 Quid
808 2225 977 2296 igitur
1015 2226 1231 2296 inquit?
1274 2227 1321 2282 si
1361 2227 1467 2281 hoc
1507 2227 1865 2296 jurejurando
1915 2239 2124 2283 nosmet

565 2319 1007 2381 astrinxerimus,
1043 2317 1255 2374 futuros
1291 2334 1392 2374 nos
1416 2319 1468 2372 in
1500 2321 1858 2389 potestatibus
1903 2336 2126 2391 caprea-

564 2425 688 2464 rum
720 2409 838 2465 acri
871 2411 1219 2481 prmditarum
1249 2412 1390 2475 visu,
1416 2422 1469 2465 et
1503 2413 1558 2465 in
1593 2413 1800 2467 viribus
1842 2427 2124 2467 cervorum

565 2501 658 2570 qui
681 2501 882 2554 malum
913 2499 1169 2567 abolent;
1214 2505 1328 2553 tum
1372 2515 1500 2554 vero
1529 2499 1712 2554 licebit
1746 2515 1940 2568 purum
1975 2499 2123 2552 illum

565 2603 824 2660 sponsum
854 2604 1101 2652 cernere,
1141 2589 1232 2658 qui
1257 2589 1602 2644 dilectionem
1645 2589 1946 2658 ejaculatur
1973 2608 1984 2643 :
2015 2599 2126 2642 tum

563 2683 749 2738 licebit
779 2683 972 2736 animae
1001 2683 1246 2751 cujusvis
1284 2681 1350 2735 ad
1400 2699 1522 2737 eum
1556 2683 1736 2737 dicere
1771 2701 1782 2736 :
1843 2681 2130 2736 Vulnerata

565 2792 681 2830 sum
723 2791 756 2829 a
792 2775 1087 2828 dilectione.
1146 2774 1292 2828 Bona
1326 2790 1455 2830 vero
1509 2774 1814 2830 dilectionis
1853 2791 1972 2830 esse
2009 2775 2130 2828 vul-

564 2881 717 2934 nera,
757 2865 918 2921 etiam
951 2865 1366 2922 Proverbiorum
1411 2881 1442 2921 e
1486 2866 1624 2920 libro
1660 2867 1980 2928 didicimus,
2039 2868 2130 2936 qui

567 2960 643 3013 ait
687 2975 699 3011 :
739 2957 1006 3026 Optabilia
1059 2967 1180 3011 sunt
1245 2957 1403 3010 amici
1457 2956 1690 3024 vulnera,
1735 2957 1900 3011 hostis
1957 2967 2130 3012 autem

566 3055 724 3106 etiam
764 3051 946 3106 oscula
976 3051 1118 3105 mala
1159 3060 1278 3104 sunt
1309 3051 1376 3106 ⁸³.
1425 3049 1686 3116 Quisnam
1735 3067 1864 3106 vero
1889 3051 1960 3106 sit
2003 3051 2133 3105 ami-

568 3161 666 3199 cus
709 3145 820 3208 ille,
853 3145 1010 3213 cujus
1059 3145 1282 3198 vulnera
1319 3144 1428 3198 sint
1456 3145 1659 3200 osculis
1707 3143 1992 3198 hostilibus
2037 3160 2131 3212 po-

567 3238 729 3302 tiora,
761 3236 1104 3318 perspicuum
1155 3237 1325 3291 cuivis
1359 3242 1442 3290 est
1485 3233 1678 3290 salutis
1728 3237 1982 3306 mysteria
2024 3252 2130 3291 non

567 3327 863 3398 ignoranti.
899 3321 1106 3380 Etenim
1134 3341 1295 3380 verus
1343 3341 1406 3378 ac
1444 3333 1628 3380 certus
1661 3325 1870 3380 amicus
1926 3333 2011 3381 est
2057 3325 2123 3388 is,

563 3415 656 3482 qui
691 3429 792 3470 nos
831 3415 992 3468 etiam
1031 3414 1212 3470 hostes
1243 3413 1484 3468 redditos
1513 3414 1734 3483 diligere
1764 3429 1870 3469 non
1920 3414 2078 3470 desiit
2112 3433 2124 3468 :

2297 2221 2362 2275 Ti
2389 2216 2481 2274 οὖν
2520 2235 2682 2290 φησιν
2707 2235 2720 2284 ;
2766 2217 2888 2271 Ἐὰν
2915 2217 3098 2289 ὅρκιον
3127 2218 3344 2284 ἑαυτοῖς
3372 2219 3527 2273 τοῦτο
3561 2221 3759 2290 ποιήσω-

2230 2333 2347 2388 μεν,
2374 2315 2434 2368 τδ
2471 2315 2528 2366 ὲν
2556 2315 2674 2375 ταῖς
2698 2311 2988 2382 δυνάμεσιν
3014 2305 3153 2364 εἶναι
3191 2313 3300 2366 τῶν
3332 2310 3640 2384 διορατικῶν
3664 2312 3759 2382 δορα

2227 2407 2402 2462 κάδων
2425 2446 2440 2472 ,
2493 2404 2586 2458 καὶ
2625 2403 2681 2454 ἐν
2713 2404 2832 2462 ταῖς
2863 2400 3102 2472 ἰσχύσεσι
3139 2401 3246 2458 τῶν
3279 2403 3642 2472 ἀφανιστικῶν
3683 2401 3760 2474 τῆς

2227 2500 2421 2562 κακίας
2447 2497 2693 2567 ἐλάφων·
2741 2495 2854 2548 ἐστι
2891 2493 2980 2547 διὰ
3019 2495 3219 2548 τούτων
3263 2497 3395 2548 ίδείν
3433 2496 3522 2549 τὸν
3563 2495 3760 2567 καθαρὸν

2228 2591 2478 2662 νυμφίον,
2519 2589 2609 2641 τὸν
2647 2588 2746 2657 τῆς
2772 2585 2990 2657 ἀγάπης
3011 2588 3228 2657 τοξότην
3253 2628 3266 2652 ,
3307 2589 3402 2642 καὶ
3450 2590 3619 2640 εἰπεῖν
3655 2587 3760 2658 πρὸς

2227 2684 2388 2736 αὑτὸν
2418 2683 2514 2754 τὴν
2553 2680 2780 2734 ἑκάστου
2818 2679 2991 2751 ψυχὴν
3013 2721 3027 2746 ,
3058 2681 3137 2733 ὅτι
3183 2681 3521 2750 Τετρωμένη
3565 2681 3760 2751 ἀγάπης

2228 2776 2367 2845 εἰμί.
2415 2775 2572 2828 Καλά
2603 2773 2661 2825 δὲ
2711 2768 2845 2824 εἶναι
2874 2773 2972 2843 τῆς
3017 2772 3236 2843 ἀγάπης
3270 2777 3344 2825 τά
3389 2773 3662 2845 τραύματα
3687 2771 3761 2825 καὶ

2231 2869 2382 2938 παρά
2407 2869 2504 2938 τῆς
2522 2865 2828 2936 Παροιμίας
2856 2863 3148 2934 ἐμάθομεν,
3179 2865 3213 2936 ἦ
3237 2883 3404 2935 φησιν
3421 2881 3433 2894 ⁸
3457 2863 3652 2934 Αἱρετὰ
3671 2863 3761 2934 μὲν

2231 2957 2338 3014 τοῦ
2371 2959 2550 3028 φίλου
2583 2955 2656 3010 τὰ
2691 2957 3011 3025 τραύματα,
3039 2955 3193 3010 κακὰ
3221 2957 3288 3010 δὲ
3327 2956 3434 3026 τῆς
3458 2958 3661 3026 ἔχθρας
3685 2955 3760 3007 καί

2230 3053 2302 3106 τὰ
2330 3049 2652 3120 φιλήματα.
2690 3049 2785 3112 Τίς
2834 3049 2890 3102 δὲ
2945 3049 3094 3120 φίλος
3121 3089 3135 3115 ,
3171 3043 3230 3103 οὗ
3264 3051 3337 3104 τὰ
3365 3051 3640 3122 τραύματα
3679 3050 3760 3103 τῶν

2232 3145 2548 3216 φιλημάτων
2584 3141 2678 3196 τοῦ
2730 3141 2924 3211 ἐχθροῦ
2977 3143 3376 3215 προτιμότεραε
3427 3143 3592 3196 Παντὶ
3636 3139 3762 3210 δῆλὸν

2233 3237 2348 3289 ἐστι
2371 3277 2387 3304 ,
2415 3235 2493 3306 τῷ
2541 3234 2614 3307 μὴ
2653 3233 2932 3304 ἀγνοοῦ-ντι
2967 3234 3034 3287 τά
3071 3234 3173 3304 τῆς
3205 3235 3480 3308 σωτηρίας
3511 3234 3759 3305 μυστήρια.

2232 3329 2388 3392 Φίλος
2429 3328 2527 3400 μὲν
2557 3329 2665 3398 γάρ
2699 3329 2844 3380 ἐστιν
2866 3325 3116 3398 ἀληθινός
3147 3344 3205 3380 τε
3237 3328 3333 3381 καὶ
3379 3328 3616 3398 βέϐαιος,
3640 3329 3666 3379 ὁ
3692 3325 3763 3378 καὶ

2235 3419 2463 3492 ἐχθροὺς
2492 3419 2813 3488 γενομένους
2858 3419 3002 3488 ἡμᾶς
3031 3417 3123 3471 τοῦ
3151 3420 3372 3490 ἀγαπᾷν
3405 3419 3478 3490 μὴ
3522 3416 3763 3487 παυσάμε-

569 3504 746 3559 hostis
773 3513 950 3557 autem
977 3503 1251 3566 immanis,
1279 3515 1330 3558 et
1359 3503 1481 3558 cum
1513 3517 1621 3573 quo
1659 3503 1804 3557 nulla
1833 3503 1966 3558 coiri
2001 3505 2133 3558 ami-

2237 3527 2356 3577 νος³
2391 3511 2582 3583 ἐχθρὸς
2610 3511 2665 3564 δὲ
2711 3511 2937 3574 ἄπιστός
2987 3528 3045 3563 τε
3093 3511 3189 3563 καὶ
3238 3512 3546 3583 ἀνήμερος,
3574 3512 3600 3563 ὁ
3631 3508 3762 3580 μηδὲν

569 3592 700 3644 citia
745 3597 940 3660 potest,
989 3591 1146 3644 nobis
1180 3591 1270 3644 ille
1314 3599 1420 3654 est,
1465 3592 1558 3662 qui
1603 3595 1750 3647 nulla
1795 3609 1851 3648 re
1901 3595 2134 3664 anobis

569 3687 734 3740 laesus
765 3683 923 3737 morti
961 3697 1060 3736 nos
1093 3683 1342 3752 subjecit.
1379 3681 1588 3738 Vulnus
1619 3700 1741 3740 esse
1761 3686 2020 3755 putabant
2062 3687 2142 3748 illi

571 3781 810 3851 primum
864 3777 1064 3831 conditi
1121 3778 1368 3834 h0mines
1413 3778 1760 3832 interdictum
1803 3779 1870 3833 de
1915 3779 2136 3833 vitando

573 3873 738 3934 malo,
759 3872 901 3940 quod
937 3870 1028 3924 Dei
1065 3870 1319 3925 mandato
1349 3871 1748 3925 continebatur.
1777 3869 1989 3925 Etenim
2023 3871 2137 3924 vul-

575 3962 910 4016 nerationem
942 3977 1062 4016 esse
1108 3963 1494 4032 Opinabantur,
1529 3961 1670 4032 abigi
1702 3977 1759 4016 se
1791 3977 1822 4016 a
1859 3977 1913 4016 re
1944 3962 2138 4032 jucun-

575 4051 678 4108 da:
710 4053 956 4108 osculum
987 4069 1137 4118 vero,
1167 4053 1595 4107 exhortationem
1639 4053 1705 4106 ad
1735 4052 1786 4105 id
1824 4053 1967 4122 quod
1995 4060 2140 4109 esset

575 4159 742 4200 suave
793 4155 1124 4215 aspectuque
1178 4145 1484 4215 pulchrum.
1535 4143 1734 4199 Verum
1805 4147 2138 4215 experientia

575 4233 971 4289 demonstravit
1024 4236 1168 4304 quod
1223 4250 1284 4290 ea
1344 4251 1464 4312 quap
1521 4236 1963 4291 existimarentur
2016 4252 2148 4292 esse.

577 4325 803 4381 vulnera
839 4325 1080 4395 profecta
1121 4326 1188 4380 ab
1209 4327 1404 4392 amico,
1435 4327 1592 4399 longe
1620 4335 1732 4382 tum
1761 4328 1998 4394 utiliora,
2024 4336 2138 4381 tum

529 4485 540 4496 θ
578 4431 615 4471 o
641 4419 900 4472 :tabiliora
940 4419 1142 4473 osculis
1177 4417 1348 4475 hostis
1389 4430 1591 4475 essent.
1633 4419 1770 4486 Quia
1806 4422 1969 4491 igitur
2006 4435 2132 4489 pro-

577 4509 729 4567 bavit
757 4509 1098 4565 dilectionem
1125 4525 1277 4565 suam
1310 4527 1338 4565 a
1377 4511 1532 4566 nobis
1558 4513 1864 4583 praeclarus
1891 4513 1979 4566 ille
2017 4527 2142 4580 pro-

579 4619 678 4659 cus
718 4605 1022 4657 animarum
1063 4613 1394 4670 nostrarum,
1429 4621 1534 4674 qua
1579 4605 1826 4658 Christus
1876 4603 2141 4660 adductus

579 4695 741 4750 etiam
795 4703 908 4748 tum
956 4711 1078 4750 cum
1129 4695 1303 4750 adhuc
1353 4704 1664 4765 peccatores
1712 4709 1994 4758 essemus,
2045 4710 2142 4764 pro

579 4786 742 4841 nobis
773 4794 1021 4842 mortuus
1050 4795 1168 4844 est:
1209 4787 1414 4843 idcirco
1439 4801 1637 4858 sponsa
1674 4787 1912 4841 vicissim
1956 4801 2140 4842 amore

581 4876 804 4929 incensa
848 4891 976 4947 erga
1025 4877 1173 4931 illum
1237 4878 1328 4948 qui
1375 4877 1544 4947 ipsam
1601 4877 1877 4940 dilexerat,
1920 4876 2144 4930 demon-

583 4975 721 5022 strat
742 4969 930 5036 jacens
963 4969 1015 5022 in
1045 4985 1102 5024 se
1141 4970 1449 5027 dilectionis
1485 4968 1647 5022 telum
1684 4969 1792 5022 imo
1825 4969 1878 5022 in
1903 4975 2140 5038 pectore,

581 5061 688 5113 hoc
724 5069 826 5125 est,
874 5062 1172 5116 divinitatis
1203 5063 1373 5132 ipsius
1402 5061 1965 5116 communicationem.
2011 5057 2145 5116 Nam

581 5153 727 5210 Deus
757 5168 840 5211 est
874 5156 1111 5217 dilectio.
1141 5155 1593 5226 quemadmodum
1624 5156 1874 5216 diximus,
1903 5173 2023 5227 quae
2053 5173 2147 5226 per

2235 3601 2562 3673 ἠδικηκότας
2590 3600 2887 3670 ὑπαγαγὼν
2908 3602 2986 3672 τῷ
3007 3601 3239 3672 θανάτῳ.
3269 3604 3501 3675 Τραῦμα
3522 3605 3626 3665 τοῖς
3645 3617 3762 3672 πρω-

2235 3695 2556 3756 τοπλάστοις
2598 3693 2771 3747 ἐδόκει
2815 3696 2848 3765 ἠ
2879 3693 2967 3747 διά
3005 3694 3104 3764 τῆς
3159 3695 3377 3766 ἐντολῆς
3403 3697 3653 3764 γενομένη
3689 3687 3761 3742 τοῦ

2237 3784 2407 3840 κακοῦ
2441 3784 2827 3853 ἀπαγόρευσις.
2877 3784 3110 3856 Τραῦμα
3157 3785 3266 3864 γᾲρ
3319 3785 3573 3857 ἐνομίσθη
3618 3786 3646 3854 ἡ
3691 3777 3761 3833 τοῦ

2236 3877 2390 3947 ἡδέος
2428 3875 2782 3947 ἀλλοτρίωσις
2809 3891 2824 3907 ⁸
2853 3875 3064 3946 φίλημα
3115 3877 3172 3930 δὲ
3221 3879 3254 3949 ή
3292 3879 3432 3949 πρὸς
3473 3875 3532 3930 τὸ
3569 3874 3658 3945 ἡδὺ
3692 3865 3764 3926 καὶ

2237 3967 2478 4038 ἐμφανὲς
2527 3969 2826 4038 προτροπή.
2875 3967 3012 4019 Ἀλλ’
3059 3967 3114 4020 ἕδ

2241 4055 2570 4126 νομιζόμενα
2595 4055 2688 4108 τοῦ
2731 4055 2883 4124 φίλου
2917 4057 3203 4128 τραύματα
3245 4059 3356 4110 τῶν
3402 4057 3693 4128 φιλημάτων
3711 4047 3761 4120 ἦν

2237 4147 2330 4201 τοῦ
2354 4145 2548 4218 ἐχθροῦ
2569 4147 2979 4220 λυσιτελέστερα
3011 4151 3102 4203 καὶ
3133 4149 3483 4223 αἱρετώτερα.
3532 4148 3666 4202 Ἐπεὶ
3690 4138 3762 4196 οὖν

2241 4240 2566 4312 συνέστησεν
2603 4239 2793 4293 ἐαυτοῦ
2825 4239 2922 4312 τὴν
2950 4242 3170 4312 ἀγάπην
3193 4245 3220 4295 ὁ
3253 4243 3416 4307 καλὸς
3444 4240 3659 4314 ἐραστὴς
3678 4233 3762 4288 τῶν

2240 4332 2522 4404 ἡμετέρων
2565 4331 2751 4402 ψυχῶν
2773 4373 2787 4396 ,
2813 4333 2879 4386 δι’
2903 4326 2977 4387 ὧν
3002 4335 3094 4387 καὶ
3115 4335 3454 4406 ἁμαρτωλῶν
3492 4332 3632 4406 ἡμῶν
3655 4331 3762 4398 Χρι-

2243 4424 2364 4488 στὸς
2389 4425 2527 4494 ὑπὲρ
2550 4425 2706 4494 ἡμῶν
2745 4425 2979 4480 ἀπέθανε
3007 4442 3021 4457 ·
3051 4427 3137 4480 διὰ
3175 4427 3330 4480 τοῦτο
3353 4424 3710 4498 ἀντερασθεῖςα
3734 4419 3760 4485 ἡ

2242 4518 2423 4589 νύμφη
2446 4517 2539 4570 τοῦ
2563 4519 2942 4588 ἀγαπήσαντος
2965 4520 3228 4574 δείκνυσιν
3267 4523 3322 4574 ἐν
3356 4523 3517 4591 ἑαυτῇ
3555 4512 3761 4585 ἐγκείμε-

2243 4629 2332 4665 νον
2359 4611 2449 4664 διὰ
2483 4610 2677 4681 βάθους
2713 4613 2811 4682 τῆς
2853 4613 3071 4685 ἀγάπης
3118 4615 3178 4668 τὸ
3209 4614 3358 4684 βέλος
3381 4634 3395 4646 ο
3429 4611 3650 4668 τουτέστι
3686 4601 3760 4673 τὴν

2241 4705 2337 4776 τῆς
2369 4705 2617 4776 θεότητος
2657 4705 2820 4760 αὐτοῦ
2851 4707 3152 4762 κοινωνίαν.
3193 4707 3258 4758 Ἦ
3287 4707 3394 4776 γὰρ
3434 4703 3607 4773 ἀγάπη
3645 4691 3762 4749 ἐστὶν

2243 4797 2271 4848 ὁ
2301 4795 2430 4859 Θεὸς
2454 4835 2469 4859 ν
2503 4795 2683 4859 καθὼς
2713 4796 2926 4868 εἴρηται
2951 4838 2965 4864 ,
2999 4800 3032 4868 ἡ
3065 4797 3150 4852 διὰ
3181 4797 3280 4866 τῆς
3321 4795 3458 4850 κατὰ
3498 4793 3589 4863 τὴν
3617 4787 3760 4840 πίστιν

2247 4886 2427 4951 ἀκίδος
2456 4891 2522 4960 τῇ
2551 4890 2748 4960 καρδίᾳ
2776 4891 3126 4962 ἐγγενομένη.
3173 4891 3234 4944 Εἰ
3276 4891 3332 4943 δέ
3367 4891 3470 4962 χρὴ
3511 4886 3595 4940 καὶ
3627 4881 3762 4946 ὄνομα

2244 4975 2337 5028 τοῦ
2371 4975 2552 5045 βέλους
2576 4977 2765 5031 τούτου
2797 4981 2988 5045 εἰπεῖν,
3013 4977 3240 5050 εὕρομεν
3263 4979 3290 5031 ὃ
3316 4979 3463 5050 παρά
3483 4973 3569 5028 τοῦ
3589 4967 3758 5024 Παύλου

2251 5067 2523 5139 ἐμάθομεν
2551 5111 2565 5135 ,
2598 5069 2680 5122 ὅτι
2705 5069 2765 5122 τὸ
2789 5069 2940 5140 βέλος
2964 5069 3116 5124 τοῦτό
3148 5070 3264 5122 ἐστι
3295 5070 3471 5131 πίστις
3497 5064 3558 5118 δι’
3582 5057 3758 5128 ἀγάπης

2254 5161 2637 5231 ἐνεργουμένη.

585 5249 706 5302 lidei
755 5253 1036 5322 cuspidem
1077 5253 1132 5306 in
1170 5267 1262 5306 cor
1307 5259 1574 5320 penetrat.
1637 5251 1788 5317 Quod
1825 5253 1870 5308 si
1906 5254 2068 5308 etiam
2113 5255 2204 5309 teli
2244 5255 2409 5324 hujus
2467 5271 2666 5312 nomen
2718 5257 3064 5311 indicandum
3109 5264 3228 5321 est,
3279 5257 3421 5327 quod
3459 5253 3756 5310 didicunmia

585 5346 822 5402 Paulo"°
877 5347 1150 5405 dicemus,
1199 5343 1456 5396 nimirum
1509 5342 1611 5398 hoc
1660 5345 1822 5398 telum
1852 5361 1972 5400 esse
2009 5345 2164 5399 ﬁdem
2203 5362 2300 5416 per
2337 5346 2678 5402 dilectionem
2750 5349 3040 5404 eﬂicaciter
3078 5364 3136 5402 se
3163 5349 3544 5405 declarantem.

658 5442 949 5498 Enimvero
979 5443 1092 5494 hrec
1122 5441 1195 5494 ita
1239 5455 1297 5494 se
1323 5439 1578 5499 habeant,
1639 5441 1714 5493 uti
1757 5441 1957 5511 cuique
2001 5441 2150 5496 vide-

586 5537 780 5592 bitur:
823 5550 968 5590 nunc
1023 5533 1300 5586 videamus
1353 5541 1406 5584 et
1449 5533 1593 5584 illam
1651 5532 2149 5602 interrogationem,

589 5645 754 5698 quam
814 5625 1052 5694 virgines
1104 5624 1372 5694 magistrae
1437 5639 1547 5677 suis
1607 5632 1959 5693 prOponunt:
2012 5623 2148 5689 Quid

589 5721 764 5794 di/fert
815 5729 1064 5790 cognatus
1099 5729 1218 5774 tuus
1273 5737 1305 5772 a
1364 5727 1603 5788 cognato,
1650 5735 1678 5772 ο
1726 5719 1958 5787 formosa
2020 5721 2152 5774 inter

2337 5441 2493 5495 Ἀλλά
2527 5441 2696 5495 ταῦτα
2732 5447 2828 5512 μὲν
2859 5443 3027 5514 ἐχέτω
3055 5445 3130 5508 ὡς
3159 5431 3308 5514 αύτῷ
3333 5446 3504 5498 δοκεῖ·
3531 5427 3756 5505 ι”ιῐωμενδὲ

2255 5535 2345 5587 καὶ
2371 5533 2466 5605 τὴν
2491 5535 2641 5606 παρά
2664 5535 2770 5588 τῶν
2813 5535 3092 5606 παρθένων
3123 5537 3510 5608 προσαχθεῖσαν
3539 5527 3754 5608 ἐρώτησιῨ

2251 5630 2318 5698 τῇ
2343 5603 2663 5696 διδασκάλῳ.
2705 5627 2763 5680 Τί
2789 5603 3106 5695 ἀδελφιδός
3137 5603 3252 5685 (rm;
3263 5603 3378 5684 άᾷὸ
3393 5612 3698 5692 ἀδελφιδοῦ.
3723 5603 3752 5670 ἦ

2254 5721 2407 5790 καλὴ
2434 5721 2503 5774 ἐν
2526 5719 2837 5790 γυναιξίν;
2868 5719 2924 5773 τί
2943 5717 3261 5788 ἀδελφιδός
3286 5734 3401 5772 σου
3431 5713 3538 5771 ἀπὸ
3563 5704 3756 5768 (ws-‘5'"

697 5901 739 5930 “‘
763 5900 902 5954 Psal.
929 5916 1112 5970 cxxxt,
1135 5903 1188 5958 3.
1263 5903 1306 5934 δ’
1340 5901 1497 5956 Prov.
1529 5917 1698 5966 xxvn,
1723 5901 1774 5955 6.
1847 5901 1891 5932 ⁹⁰
1915 5897 2087 5952 Galat.
2113 5913 2164 5956 ν.
2199 5897 2246 5951 6.
