4028 6550
279 432 419 488 ιοιδ

1264 442 1330 496 ΙΝ
1365 443 1662 500 CANTICA
1690 446 1967 504 CANTIC.
2003 445 2287 502 HOMILIA
2324 446 2457 501 XIII.

3380 453 3515 507 ιοιυ

272 552 387 608 δοῦ
406 595 419 615 ,
451 554 541 607 ὅτι
582 555 768 622 οὕτως
798 554 1061 624 ὧρκισας
1090 558 1282 627 mide;
1322 562 1588 635 Τοιαύτην
1638 565 1696 619 δέ
1726 583 1858 624 τινα,

1962 566 2187 619 mulieres
2213 564 2381 634 ?quid
2412 573 2665 634 cognatus
2694 576 2814 618 tuus
2853 581 2886 616 a
2915 574 3134 634 cognato
3161 567 3358 635 cli/fert;
3377 568 3516 637 quod

273 648 422 700 δοκεῖ
452 648 848 719 μοι’περιέχειν
880 650 913 718 ἡ
944 650 1101 720 ῥῆσις
1127 651 1385 719 διάνοιαν,
1416 655 1598 721 καθὼς
1629 660 1664 729 ἡ
1712 660 1843 712 ἀκο-

275 739 465 793 λουθία
492 739 599 793 τῶν
618 742 1104 813 προεξητασμένων
1126 744 1364 809 εἰκάζειν
1381 747 1613 801 δίδωσιν·
1631 751 1845 824 Ἐπειδὴ

275 831 386 901 γὰρ
427 832 482 885 αἱ
528 831 783 902 παρθένοι
827 829 963 888 εἶδον
1007 834 1105 906 τὴν
1136 836 1306 909 καλὴν
1333 838 1509 903 ἔξοδον
1543 840 1645 912 τῆς
1670 842 1847 915 ψυχῆς

276 924 532 995 νύμφης,
584 924 673 977 ὅτε
725 926 1005 999 προσεφύη
1055 928 1132 999 τῷ
1172 932 1391 1004 Λόγῳή
1443 934 1712 1003 εἰποῦσα,
1766 938 1848 990 ὃτι

289 1016 585 1085 Ἐξῆλθεν
614 1018 654 1085 ἡ
681 1019 850 1089 ψυχή
870 1038 988 1089 μου
1023 1021 1093 1075 ἐν
1113 1026 1273 1093 λόγῳ
1309 1026 1516 1081 αὑτοῦ.
1547 1028 1655 1081 Καὶ
1687 1028 1849 1097 ἐγνω-

276 1125 401 1173 σαν,
428 1109 508 1162 ὅτι
542 1108 721 1180 ἐζήτει
752 1111 1040 1175 ἐξελθοῦσα
1068 1112 1161 1167 τὸν
1190 1113 1278 1168 διὰ
1300 1117 1539 1187 σημείων
1570 1119 1666 1189 οὐχ
1695 1121 1845 1192 εύρι-

278 1199 546 1270 σκόμενον
569 1239 585 1265 ,
633 1201 729 1254 καὶ
779 1203 963 1257 ἐκάλει
996 1203 1175 1275 βοῶσα
1217 1206 1309 1261 τὸν
1336 1209 1433 1279 οὐχ
1467 1210 1849 1267 ὑπακούσαντα

275 1294 393 1355 τοῖς
419 1293 646 1365 ὀνόμασι
667 1312 681 1327 ·
709 1296 799 1350 διὰ
818 1298 975 1351 τοῦτό
1011 1316 1171 1368 φασι,
1203 1300 1327 1365 ΙΙῶς
1354 1303 1665 1374 ὲπιγνῶμεν
1689 1306 1851 1360 αὐτὸν

214 1456 225 1463 ς
276 1386 444 1455 ἡμεῖς
471 1426 486 1449 ν
525 1387 617 1441 τὸν
651 1389 839 1461 μηδενὶ
886 1392 1095 1463 σημείῳ
1142 1395 1483 1467 γνωριστικῷ
1532 1398 1852 1469 εὑρισκόμε-

277 1495 370 1529 νον
395 1518 410 1539 ,
445 1477 504 1542 ὃς
531 1478 652 1533 οὔτε
688 1482 947 1536 ὑπακούει
999 1483 1363 1556 καλούμενος,
1398 1487 1521 1540 οὔτε
1569 1493 1851 1560 κρατεῖται

278 1568 640 1641 ζητούμενος;
671 1574 895 1644 Περίελε
943 1576 1120 1630 τοίνυν
1174 1578 1266 1631 καὶ
1306 1580 1370 1632 σὺ
1422 1580 1530 1633 τῶν
1561 1581 1852 1653 ὀφθαλμῶν

277 1661 390 1716 τῶν
431 1664 713 1735 ἡμετέρων
747 1666 815 1719 τὰ
857 1666 1133 1739 θέριστρα,
1164 1669 1300 1740 ὅπερ
1345 1672 1605 1740 ἐποίησαν
1640 1676 1731 1727 ὲπὶ
1771 1676 1853 1728 σοὶ

276 1755 330 1807 οἱ
364 1754 463 1825 τῆς
489 1756 693 1819 πόλεως
717 1756 953 1825 φύλακες
978 1801 993 1825 ,
1026 1760 1111 1813 ἵνα
1140 1779 1224 1824 τις
1252 1763 1472 1833 γένηται
1500 1766 1627 1835 ἡμῖν
1665 1766 1854 1837 ὁδηγία

279 1844 419 1911 πρὸς
445 1844 507 1897 τὸ
540 1845 885 1916 ζητούμενον.
918 1849 1052 1901 Εἰπὲ
1076 1890 1091 1913 ,
1125 1850 1208 1915 τίς
1240 1854 1387 1905 ὲστιν
1414 1854 1691 1924 άδελφιδός
1736 1874 1851 1923 σου,

1945 655 2385 725 ἰιαίιιηςὶιῃωιάο
2450 672 2540 709 nos
2591 657 2950 711 astrinxeris?
3015 655 3093 709 Ea
3137 659 3302 711 verba
3353 659 3514 712 talem

1947 747 2079 801 mihi
2140 718 2421 801 co‘ntinere
2477 761 2697 801 sensum
2737 746 3013 813 videmur,
3058 750 3516 817 quemadmodum

1946 856 2015 896 ex
2052 841 2169 912 ipsa
2197 854 2379 893 rerum
2405 838 2519 907 jam
2553 839 2935 908 inquisitarum
2976 842 3115 896 serie
3147 842 3423 911 conjicere
3452 843 3518 895 li-

1948 940 2033 986 cet
2064 953 2080 991 :
2111 931 2248 996 Quia
2278 930 2525 985 viderunt
2562 932 2798 999 virgines
2849 937 3159 1001 prmclaram
3212 935 3358 988 illam
3396 935 3518 989 ani-

1949 1037 2071 1085 mae,
2106 1037 2226 1089 qua:
2272 1036 2473 1091 sponsa
2508 1028 2610 1086 est,
2655 1024 3041 1092 egressionem,
3086 1042 3208 1079 cum
3241 1025 3519 1108 Verbo.se

1949 1114 2287 1184 adjungeret,
2333 1116 2419 1169 his
2462 1115 2643 1169 verbis
2690 1130 2796 1169 usae
2861 1134 2873 1169 :
2932 1116 3156 1186 Egressa
3214 1128 3290 1172 est
3340 1121 3518 1174 anima

1951 1223 2066 1259 mea
2109 1207 2176 1259 ad
2225 1218 2513 1261 sermonem
2577 1205 2735 1275 ejus;
2778 1208 2902 1275 quia
2957 1209 3082 1262 item
3129 1222 3517 1278 cognoverunt,

1951 1296 2095 1367 quod
2144 1313 2362 1368 egressa
2402 1298 2676 1368 qumsierit
2709 1298 2891 1364 illum,
2947 1300 3039 1368 qui
3078 1315 3172 1368 per
3220 1301 3373 1370 signa
3426 1318 3521 1357 ne-

1952 1392 2071 1459 quit
2116 1389 2381 1453 inveniri,
2449 1405 2513 1444 ac
2577 1390 2853 1444 vocaverit
2896 1405 3021 1443 eum
3093 1390 3185 1460 qui
3240 1393 3519 1446 nominum

1954 1483 2406 1554 appellationibus
2448 1498 2555 1537 non
2617 1481 2834 1537 adhibet
2884 1498 3070 1537 aurem
3106 1500 3120 1541 :
3168 1482 3372 1539 idcirco
3410 1486 3520 1554 jam

1953 1584 2205 1644 quaerunt
2236 1575 2338 1628 hoc
2368 1574 2776 1645 quodammodo
2825 1592 2838 1628 ι
2896 1573 2997 1640 Qui
3027 1591 3124 1629 nos
3165 1590 3523 1645 agnoscemus

1954 1680 2076 1720 eum
2134 1665 2226 1734 qui
2280 1666 2428 1719 nullo
2468 1667 2622 1736 signo
2661 1665 2886 1734 reperiri
2945 1674 3121 1734 potest
3167 1666 3308 1721 unde
3359 1682 3524 1736 agno-

1956 1757 2177 1811 scatur?
2206 1759 2406 1827 quippe
2437 1773 2561 1811 cum
2590 1770 2814 1813 vocatus
2838 1773 2943 1811 non
2971 1758 3188 1822 audiat,
3243 1766 3295 1813 et
3322 1760 3521 1828 quaesi-

1957 1852 2044 1900 tus
2098 1861 2207 1899 non
2266 1848 2800 1917 comprehendatur?
2863 1848 3055 1902 Adime
3100 1850 3303 1904 nostris
3358 1849 3522 1903 etiam

279 1933 404 1985 καθ’
432 1934 460 1986 ὅ
486 1936 632 1987 ἐστιν
660 1936 717 1989 ὲν
748 1936 826 2005 τῷ
869 1937 1011 2007 λόγῳ
1043 1939 1142 2010 τῆς
1172 1940 1404 2009 φύσεως.
1436 1944 1535 2008 Δὸς
1554 1916 1698 2016 ’ἡμῖν
1728 1916 1851 2016 ἕφολ

1962 1938 2127 1994 oculis
2166 1939 2303 2005 vela,
2338 1940 2483 2009 quod
2532 1940 2625 1993 tibi
2676 1938 2933 1995 cusrodes
2973 1940 3208 1994 civitatis
3260 1940 3521 2005 fecerunt,

276 2023 370 2076 δον
417 2023 515 2092 τῆς
561 2025 907 2094 ἐπιγνώσεως
941 2027 1104 2081 αὐτοῦ
1135 2069 1148 2093 ,
1180 2030 1266 2083 διὰ.
1292 2035 1664 2104 γνωριπικῶν
1692 2054 1852 2093 τινων

277 2116 613 2185 τεκμηρίων,
643 2118 705 2169 σὺ
741 2117 833 2171 τοῦ
865 2119 1030 2172 καλοῦ
1062 2122 1429 2193 πληρωθεῖσα,
1464 2128 1558 2179 καὶ
1587 2129 1673 2182 διὰ
1696 2129 1853 2183 τοῦτο

279 2206 561 2290 γενομένη
586 2207 723 2279 καλὴ
756 2210 814 2261 ἐν
851 2211 1082 2277 γυναιξί.
1107 2210 1376 2283 Γνὼρισον
1404 2217 1534 2285 ἡμῖν
1574 2218 1633 2270 τὸ
1663 2218 1853 2290 ζητού-

282 2288 601 2369 μενον,’καὶ
624 2298 831 2365 δίδαξον
860 2302 1007 2371 ἡμᾶς
1026 2340 1040 2364 ,
1067 2301 1133 2354 δι’
1170 2295 1245 2356 ὧν
1271 2305 1583 2375 εὑρίσκεται
1614 2288 1853 2380 σημείων

278 2394 311 2444 ό
334 2392 560 2462 ἀόρατος
586 2434 600 2458 ,
649 2392 724 2456 ὡς
759 2395 993 2465 μηνύσαι
1028 2396 1176 2467 αύτῷ
1230 2401 1359 2468 περὶ
1390 2400 1483 2451 τοῦ
1537 2401 1721 2470 βέλους
1756 2405 1855 2473 τῆς

280 2482 533 2553 ἀγάπης.
568 2478 612 2551 ᾦ
668 2484 818 2555 μέσῳ
854 2486 1130 2567 ητέτρωσαι
1182 2490 1281 2560 τὴν
1322 2491 1545 2561 καρδίαν
1569 2532 1585 2559 ,
1620 2493 1707 2547 διὰ
1755 2496 1855 2565 τῆς

280 2573 542 2641 γλυκείας
570 2575 762 2647 ὀδύνης
788 2577 881 2630 τὸν
922 2578 1084 2632 πόθον
1135 2581 1460 2647 ἐπαύξουσα.
1495 2586 1755 2655 Κρεῖττον
1798 2588 1856 2642 δὲ

282 2664 353 2719 ἂν
394 2666 478 2735 εἴη
505 2708 519 2731 ,
552 2666 711 2721 πάλιν
739 2668 838 2738 τὴν
874 2668 1041 2739 αὐτὴν
1072 2670 1229 2739 ῥῆσιν
1264 2674 1621 2729 ἐπαναλαϐεῖν
1649 2677 1743 2730 ἐπὶ
1770 2677 1856 2730 λέ-

280 2757 423 2822 ξεως
444 2798 459 2820 ,
486 2757 560 2820 ὡς
588 2758 654 2812 ἂν
679 2759 977 2830 ἑφαρμόσοι
1007 2762 1040 2832 ἡ
1075 2765 1187 2826 τοῖς
1225 2765 1407 2836 ῥητοῖς
1432 2767 1713 2821 ἐκτεθεῖσα
1739 2769 1858 2823 διά-

281 2866 423 2903 νοια.
468 2849 529 2902 Τί
568 2849 889 2919 ἁδελφιδός
917 2868 1033 2907 σου
1067 2855 1184 2909 ἀπὸ
1217 2856 1575 2925 ἀδελφιδοῦ,
1615 2860 1655 2926 ἡ
1696 2862 1855 2930 καλὴ

281 2939 357 2993 ἐν
398 2940 637 3008 γυναιξί
668 2958 686 3005 ;
728 2944 785 2996 τί
813 2944 1133 3014 ἀδελφιδός
1176 2964 1292 3001 σου
1333 2949 1450 3003 ἀπὸ
1506 2950 1851 3021 ἀδελφιδοῦ,

281 3029 375 3084 ὅτι
402 3032 591 3098 οὕτως
617 3031 877 3101 ὦρκισας
904 3035 1061 3105 ἡμᾶς
1086 3054 1105 3101 ;
1157 3039 1503 3111 Ἀκούσωμεν
1541 3043 1720 3097 τοίνυν
1755 3043 1857 3113 τῆς

282 3123 530 3195 ἀκριϐῶς
565 3125 954 3198 περιελομένης
992 3129 1054 3182 τὸ
1102 3129 1416 3203 θέριστρον,
1457 3134 1552 3186 καὶ
1592 3135 1859 3190 ἀνακεκαρ

1952 2039 2012 2087 ut
2069 2032 2357 2102 quamdam
2422 2032 2580 2101 quasi
2635 2032 3112 2086 manuductionem
3159 2032 3225 2085 ad
3281 2032 3333 2086 id
3380 2033 3522 2102 quod

1953 2124 2247 2193 quaerimus
2273 2138 2696 2193 consequamur.
2753 2122 2949 2189 Dicito,
2997 2124 3120 2194 quis
3162 2124 3231 2177 sit
3260 2133 3525 2192 cognatus

1954 2223 2102 2281 tuus,
2139 2225 2407 2284 quatenus
2440 2231 2621 2271 rerum
2652 2216 2707 2269 in
2738 2224 2933 2270 natura
2966 2216 3197 2271 exsistit.
3234 2214 3527 2269 Common-

1955 2316 2126 2364 slrato
2159 2308 2317 2362 nobis
2360 2308 2501 2362 viam
2539 2308 2869 2377 cognitionis
2901 2309 3020 2379 ejus
3066 2324 3161 2377 per
3210 2316 3523 2378 argumenta

1954 2401 2221 2472 quaedam,
2260 2400 2327 2455 de
2352 2400 2551 2470 quibus
2590 2400 2809 2469 agnosci
2846 2402 3037 2469 possit,
3087 2416 3119 2453 ο
3153 2410 3208 2452 ιιι
3244 2415 3364 2469 quae
3404 2400 3525 2467 pul-

1955 2491 2087 2545 chra
2138 2488 2279 2543 facta
2313 2504 2370 2543 es
2400 2490 2537 2543 inter
2586 2488 2865 2554 mulieres,
2922 2496 3209 2559 propterea
3244 2490 3387 2557 quod
3436 2488 3527 2541 illo

1956 2579 2099 2632 bono
2128 2578 2328 2646 repleta
2374 2577 2470 2632 sis.
2526 2576 2767 2633 lndicato
2822 2578 2979 2632 nobis
3021 2578 3165 2647 quod
3206 2579 3521 2647 quaerimus.

1958 2669 2157 2725 Doceto
2186 2684 2287 2724 nos
2344 2684 2439 2738 per
2471 2684 2591 2738 qua:
2645 2671 2797 2739 signa
2855 2670 3157 2739 reperiatur
3205 2670 3251 2723 is
3289 2670 3380 2738 qui
3421 2686 3528 2723 non

1957 2760 2217 2822 cernitur,
2264 2766 2324 2811 ut
2373 2758 2739 2827 significemus
2788 2758 2891 2827 ipsi
2936 2759 3004 2811 de
3052 2757 3359 2812 dilectionis
3402 2758 3529 2821 telo,

1958 2869 2065 2922 quo
2095 2867 2189 2921 per
2216 2851 2451 2905 medium
2495 2866 2592 2905 cor
2644 2851 2926 2906 vulnerata
2945 2864 3029 2913 es,
3066 2864 3271 2919 augens
3310 2848 3525 2904 deside-

1959 2945 2096 2996 rium
2138 2953 2288 2995 tuum
2325 2958 2419 3009 per
2467 2942 2614 2994 hunc
2658 2941 2920 2994 dolorem.
2970 2938 3157 2993 Fuerit
3198 2947 3377 2993 autem
3414 2955 3531 2993 me-

1958 3036 2068 3090 lius
2104 3048 2300 3088 rursus
2334 3034 2400 3087 de
2428 3034 2594 3087 verbo
2639 3031 2707 3086 ad
2745 3032 2967 3086 verbum
3005 3031 3106 3084 hoc
3142 3030 3346 3084 dictum
3376 3044 3531 3099 repe-

1958 3134 2092 3191 tere,
2120 3131 2179 3201 ut
2220 3125 2467 3194 exposita
2537 3123 2699 3177 modo
2729 3121 3000 3178 sententia
3036 3122 3217 3176 verbis
3265 3120 3400 3191 ipsis
3441 3135 3533 3174 ac-

283 3214 601 3309 λυμμένης,
631 3216 709 3287 τῷ
737 3217 837 3309 της
884 3219 1061 3290 ψυχῆς
1102 3221 1365 3293 ὀφθαλμῷ
1396 3223 1697 3295 βλεπούσης
1723 3228 1858 3299 πρὸς

1962 3204 2361 3272 commodetur.
2395 3215 2545 3282 Quid
2576 3214 2754 3283 differt
2792 3224 3047 3285 cognatus
3079 3224 3197 3266 tuus
3228 3230 3261 3267 a
3289 3222 3530 3284 cognato,

284 3303 385 3375 τὴν
410 3305 700 3375 ἀλήθειαν·
728 3308 845 3373 πῶς
866 3310 1172 3382 ὑπογράφει
1205 3313 1396 3378 αὐταῖς
1424 3315 1484 3368 τὺ
1510 3313 1857 3389 ζητούμενον;

285 3394 407 3459 πῶς
436 3394 718 3468 ζωγραφεῖ
751 3398 831 3469 τῷ
869 3400 1012 3472 λόγῳ
1056 3402 1150 3454 τοῦ
1192 3402 1526 3475 ποθουμένου
1557 3406 1647 3460 τὸν
1686 3425 1859 3478 χαρα-

286 3490 507 3559 κτῆρα;
576 3489 694 3552 πῶς
751 3490 843 3544 ὑπ’
893 3490 1015 3560 ὄψιν
1086 3492 1207 3562 ἄγει
1259 3497 1378 3557 ταῖς
1432 3495 1721 3565 παρθένοις
1771 3499 1862 3552 τὸν

286 3581 682 3652 ἁγνοούμενον;
720 3582 933 3661 Ἐπειδὴ
968 3585 1074 3656 γὰρ
1101 3584 1193 3637 τοῦ
1216 3585 1473 3655 Χριστοῦ,
1498 3587 1558 3640 τὸ
1586 3588 1683 3657 μὲν
1708 3590 1859 3643 ἄκτιο

290 3672 415 3725 στόν
442 3674 581 3737 ἐστι,
612 3673 673 3725 τὸ
709 3673 765 3725 δὲ
796 3673 1010 3729 κτιστόν
1033 3692 1047 3706 ’
1077 3675 1306 3746 λέγομεν
1349 3678 1405 3731 δὲ
1431 3679 1684 3733 ἄκτιστον
1715 3680 1855 3737 εἶναι

287 3761 455 3814 αὑτοῦ
476 3803 490 3825 ,
534 3761 594 3813 τδ
624 3762 793 3815 ἀΐδιόν
821 3780 880 3816 τε
919 3764 1008 3817 καὶ
1059 3766 1383 3836 προαιώνιον
1408 3808 1421 3830 ,
1452 3768 1545 3821 καὶ
1586 3771 1864 3841 ποιητικὸν

290 3853 513 3907 πάντων
557 3853 666 3906 τῶν
711 3854 913 3918 ὄντων,
964 3856 1179 3908 κτιστὸν
1227 3857 1284 3909 δὲ
1321 3858 1380 3910 τὸ
1409 3859 1548 3912 κατὰ
1580 3859 1677 3931 τὴν
1723 3860 1864 3932 ὑπὲρ

289 3944 448 4013 ἡμῶν
482 3944 791 4015 οἰκονομίαν
827 3947 1259 4015 συσχηματισθὲν
1288 3948 1365 4019 τῷ
1398 3948 1606 4020 σώματι
1640 3954 1739 4021 τῆς
1769 3969 1866 4003 τα·-

290 4034 601 4098 πεινώσεως
646 4035 801 4106 ἡμῶν
827 4053 840 4066 ·
899 4038 1094 4106 μᾶλλον
1144 4038 1201 4091 δὲ
1269 4039 1335 4092 δι’
1364 4040 1541 4094 αὐτῶν
1569 4040 1676 4092 τῶν
1707 4040 1866 4094 θείων

292 4127 553 4197 ῥημάτων
600 4128 698 4197 τὴν
749 4129 877 4195 περὶ
923 4129 1110 4182 τούτου
1144 4130 1379 4184 διάνοιαν
1424 4131 1629 4199 βέλτιον
1662 4132 1728 4186 ἂν
1780 4135 1865 4204 εἴη

292 4216 629 4287 παραθέσθαι
654 4218 730 4287 τῷ
775 4215 1232 4288 λόγῳ.”Ακτιστον
1266 4221 1494 4291 λέγομεν
1522 4222 1617 4275 τὸν·
1643 4224 1700 4275 ὲν
1724 4224 1863 4294 ἀρχῇ

289 4308 420 4363 ὄντα
450 4310 643 4377 Λόγον,
674 4310 763 4364 τὸν
782 4310 849 4363 δι’
878 4304 937 4363 οὗ
963 4312 1029 4363 τὰ
1060 4313 1237 4366 πάντα
1267 4311 1514 4381 ἐγένετο,
1549 4317 1642 4368 καὶ
1669 4308 1730 4368 οὗ
1757 4334 1865 4387 χω-

295 4403 383 4474 ρὶς
425 4403 536 4456 τῶν
589 4404 886 4471 γεγονότων
920 4405 1067 4458 ἐστὶν
1118 4405 1271 4460 οὐδέν
1300 4424 1314 4439 ·
1350 4408 1565 4461 κτιστὸν
1624 4407 1681 4461 δὲ
1708 4450 1724 4475 ,
1779 4409 1868 4462 τὸν

296 4494 476 4565 σάρκα
507 4495 793 4565 γενόμενον
818 4536 832 4561 ,
869 4497 963 4549 καὶ
995 4498 1051 4551 ὲν
1085 4499 1216 4569 ἡμῖν
1248 4499 1603 4569 σκηνώσαντα
1627 4541 1641 4565 ,
1682 4495 1742 4555 οὗ
1774 4503 1867 4555 καὶ

1964 3325 1995 3362 ο
2035 3308 2269 3376 formosa
2294 3308 2428 3360 inter
2454 3304 2742 3359 mulieres?
2772 3305 2899 3371 quid
2939 3312 3190 3373 cognatus
3234 3314 3353 3356 tuus
3385 3319 3418 3355 a
3448 3319 3535 3357 co-

1962 3412 2121 3472 gnato
2160 3400 2376 3469 differt,
2420 3398 2556 3469 quod
2604 3400 2682 3451 ita
2722 3395 3076 3466 jurejurando
3123 3412 3217 3449 nos
3271 3396 3533 3449 astrinxe-

1964 3496 2085 3551 ris?
2140 3494 2278 3548 Hinc
2328 3493 2441 3563 jam
2498 3491 2784 3545 audiamus
2838 3504 2954 3544 eam
3000 3488 3086 3543 cui
3135 3488 3315 3543 velum
3374 3487 3534 3543 faciei

1969 3600 2199 3656 prorsus
2257 3584 2568 3653 ademptum
2599 3589 2703 3645 est,
2729 3594 2956 3650 quaeque
2976 3587 3163 3649 aperto
3189 3580 3353 3633 animi
3375 3580 3537 3661 ocqu

1964 3678 2247 3733 veritatem
2333 3676 2576 3729 intuetur
2611 3692 2623 3728 :
2665 3689 2773 3743 quo
2805 3680 2964 3743 pacto
2993 3668 3253 3725 describit
3280 3670 3360 3725 eis
3393 3670 3539 3741 quod

1965 3769 2325 3841 quaerebant?
2376 3773 2469 3836 qui
2515 3765 2759 3836 depingit
2816 3763 2883 3817 ad
2916 3762 3099 3816 vivum
3142 3762 3388 3817 oratione
3435 3779 3535 3827 sua

1967 3864 2193 3917 formam
2237 3859 2575 3914 desiderati?
2617 3858 2706 3926 qui
2732 3858 2834 3910 sub
2862 3863 3138 3923 aspectum
3159 3856 3347 3907 statuit
3372 3854 3539 3925 virgi-

1966 3952 2128 4006 nibus
2151 3965 2272 4004 eum
2302 3964 2461 4018 quem
2494 3947 2852 4017 ignorabant?
2900 3945 3036 4009 Quia
3070 3945 3213 3998 enim
3250 3945 3305 3998 in
3322 3945 3539 4002 Christo

1968 4041 2227 4113 quiddam
2253 4048 2495 4095 creatum
2534 4045 2637 4101 est,
2707 4037 2964 4107 quiddam
2990 4035 3287 4090 inereatum
3329 4053 3343 4089 :
3372 4046 3426 4090 et
3461 4037 3542 4090 in-

1967 4143 2207 4190 creatum
2252 4146 2508 4187 vocamus
2548 4129 2678 4184 illud
2712 4129 2887 4199 ipsum
2958 4127 3101 4197 quod
3146 4132 3408 4181 aeternum
3435 4135 3541 4191 est,

1969 4243 2033 4281 ac
2058 4226 2275 4281 ste-culis
2310 4225 2486 4293 prius,
2535 4231 2588 4276 et
2628 4237 2658 4275 a
2718 4236 2823 4291 quo
2858 4236 2944 4274 res
2982 4222 3254 4274 universae
3309 4218 3543 4273 conditae

1969 4328 2097 4376 sunt
2140 4336 2153 4371 :
2213 4324 2455 4372 creatum
2503 4329 2651 4376 vero,
2697 4313 2839 4383 quod
2887 4312 2957 4367 ob
2992 4320 3298 4382 susceptam
3368 4312 3542 4365 nostri

1968 4427 2137 4467 causa
2170 4407 2701 4465 administrationem
2725 4404 3126 4459 conformatum
3156 4411 3241 4459 est
3273 4405 3340 4459 ad
3399 4404 3548 4458 simi-

1970 4501 2252 4556 litudinem
2297 4497 2541 4568 corporis
2580 4495 2901 4549 humilitatis
2930 4500 3150 4548 nostrai.
3204 4491 3302 4547 Vel
3353 4493 3537 4563 potius

296 4586 670 4657 σαρκωθέντος
722 4589 755 4658 ἡ
808 4590 1176 4661 ἐμφαινομένη
1217 4590 1344 4655 δόξα
1391 4591 1575 4661 δηλοῖ,
1612 4594 1691 4645 ὅτι
1738 4594 1858 4658 Θεὸς

1977 4594 2140 4649 fuerit
2185 4601 2348 4660 atque
2378 4588 2572 4643 melius
2602 4603 2697 4658 per
2730 4587 2844 4655 ipsa
2884 4585 3045 4639 verba
3099 4585 3279 4640 divina
3320 4593 3542 4641 senten-

294 4677 615 4749 ἐφανερώθη
650 4680 707 4731 ὲν
759 4681 958 4751 σαρκὶ,
1010 4681 1141 4745 Θεὸς
1166 4682 1385 4747 πάντως
1414 4684 1442 4735 ὁ
1472 4686 1762 4757 μονογενὴς
1786 4724 1800 4749 ,
1839 4688 1867 4739 ὁ

296 4770 356 4823 ἐν
383 4772 494 4829 τοῖς
522 4770 739 4833 κόλποις
767 4769 842 4825 ὢν
878 4771 971 4825 τοῦ
1006 4773 1219 4844 Πατρὸς
1243 4814 1257 4839 ,
1296 4774 1467 4838 οὕτως
1501 4777 1744 4839 εἰπόντος
1772 4777 1865 4830 τοῦ

309 4858 578 4924 Ἰωάννου,
603 4861 684 4913 ὅτι
701 4860 1091 4930 Ἐθεασιὶμεθα
1112 4862 1226 4931 τὴν
1243 4863 1430 4927 δόξαν
1446 4865 1650 4919 αὐτοῦ·
1675 4867 1767 4919 καί
1787 4883 1867 4921 τοι

295 4949 358 5003 τὸ
388 4951 706 5021 φαινόμενον
725 4952 1008 5024 ἄνθρωπος
1031 4949 1119 5023 ἦν,
1150 4953 1282 5007 ἀλλὰ
1304 4955 1363 5008 τὺ
1395 4955 1460 5008 δι’
1483 4956 1646 5009 αὐτοῦ
1668 4974 1867 5028 γνωρι-

298 5040 739 5112 ζόμενον,Δόεαν
773 5044 939 5115 φησὶν
968 5045 1047 5109 ὡς
1057 5048 1421 5116 μονογενοῦς
1433 5051 1591 5116 παρὰ
1620 5048 1865 5115 Πατρός,

296 5133 501 5201 πλήρη
521 5133 756 5203 χάριτος
783 5137 879 5190 καὶ
905 5137 1207 5205 ἀληθείας.
1237 5138 1451 5210 Ἐπειδὴ
1481 5139 1658 5193 τοίνυν
1687 5141 1745 5192 τὸ
1771 5140 1870 5210 μὲν

295 5224 552 5277 ἄκτιστον
577 5226 759 5291 αὐτοῦ,
792 5228 885 5281 καὶ
912 5227 1254 5297 προαιώνιον,
1288 5231 1381 5282 καὶ
1408 5230 1599 5295 άῖδιον,
1630 5230 1870 5302 ἄληπτον

301 5318 400 5387 μὲν
446 5317 566 5370 καθ’
597 5319 716 5372 ὅλου
754 5320 905 5393 πάσῃ
949 5320 1105 5390 φύσει
1143 5321 1237 5374 καὶ
1276 5322 1655 5392 ἀνεκφὼνητον
1680 5340 1693 5354 ⁶
1724 5324 1784 5377 τὸ
1813 5324 1871 5378 δὲ

296 5408 388 5461 διὰ
419 5408 618 5478 σαρκὸς
647 5411 776 5480 ἡμῖν
805 5411 1114 5483 φανερωθὲν
1140 5452 1154 5477 ,
1191 5411 1409 5466 δύναται
1444 5415 1625 5478 ποσῶς
1671 5417 1763 5468 καὶ
1812 5418 1869 5480 ἐς

297 5500 500 5569 γνῶσιν
527 5500 725 5553 ὲλθεῖν·
756 5504 945 5557 τούτου
993 5505 1150 5576 χάριν
1185 5506 1318 5576 πρὸς
1352 5506 1522 5560 ταῦτα
1549 5509 1633 5561 ἀεὶ
1664 5510 1695 5579 ἡ
1724 5510 1867 5563 διδά-

300 5592 497 5653 σκαλος
530 5592 745 5660 βλέπει,
781 5595 871 5646 καὶ
910 5598 1035 5667 περὶ
1079 5597 1284 5651 τούτων
1313 5602 1544 5653 ποιεῖται
1572 5600 1662 5653 τὸν
1693 5601 1867 5670 λόγον,

298 5684 400 5737 ὃσα
449 5681 670 5736 δύναται
715 5686 964 5753 γενέσθαι
1004 5689 1225 5761 χωρητά
1254 5692 1365 5755 τοῖς
1409 5692 1684 5748 ἀκούουσι.
1716 5694 1870 5764 Λέγω

410 5865 455 5899 ⁹¹
478 5864 633 5923 Joan.
668 5884 716 5937 ι,
748 5870 800 5924 5.

1976 4684 2106 4739 tiam
2167 4682 2359 4735 horum
2398 4678 2668 4746 subjicere
2701 4675 2853 4746 quasi
2883 4676 3076 4729 oculis.
3122 4676 3427 4729 lncreatum
3458 4674 3545 4729 di-

1973 4777 2147 4831 cimus
2218 4772 2481 4834 Verbum,
2526 4769 2668 4839 quod
2715 4767 2869 4821 initio
2921 4782 3102 4821 rerum
3132 4767 3448 4828 exsistebat,
3494 4776 3549 4821 et

1976 4881 2191 4936 semper
2233 4872 2349 4920 erat
2407 4850 2551 4932 apud
2595 4859 2784 4926 Deum,
2839 4866 2893 4913 et
2942 4866 3059 4913 erat
3100 4858 3242 4913 Deus
3283 4857 3544 4921 Verbum,

1976 4974 2073 5030 per
2094 4955 2239 5026 quod
2266 4953 2421 5008 facta
2449 4960 2576 5008 sunt
2604 4951 2805 5014 omnia,
2828 4960 2882 5005 et
2912 4949 3031 5005 sine
3064 4966 3172 5019 quo
3190 4950 3324 5004 nihil
3352 4966 3541 5006 eorum

1978 5052 2181 5104 factum
2220 5054 2305 5102 est
2331 5061 2451 5115 quae
2475 5044 2616 5097 facta
2643 5050 2769 5098 sunt
2797 5043 2863 5095 ⁹¹.
2909 5041 3167 5098 Creatum
3183 5052 3363 5097 autem
3394 5043 3545 5095 illum

1978 5140 2230 5204 dicimus,
2295 5139 2383 5206 qui
2417 5151 2542 5190 caro
2576 5135 2749 5189 factus
2777 5146 2877 5200 est,
2909 5143 2963 5188 et
2991 5134 3095 5188 sibi
3136 5136 3547 5191 tabernaculum

1979 5233 2035 5287 in
2070 5230 2243 5291 nobis
2272 5230 2561 5293 exsuuxit,
2594 5227 2651 5282 in
2680 5243 2788 5298 quo
2821 5227 2985 5281 etiam
3016 5227 3299 5281 incarnato
3326 5228 3549 5280 elucens

1987 5323 2161 5396 gloria
2193 5321 2398 5376 indicat
2425 5320 2565 5390 quod
2599 5321 2740 5374 Deus
2786 5318 3090 5388 patefactus
3121 5319 3210 5388 isit
3240 5319 3293 5371 in
3334 5333 3501 5372 carne
3532 5336 3548 5373 :

1980 5419 2224 5481 omnino,
2260 5416 2502 5485 inquam,
2542 5412 2685 5468 Deus
2739 5412 2968 5481 unigena
3016 5412 3124 5477 ille,
3164 5411 3256 5481 qui
3294 5408 3471 5465 Patris
3494 5410 3550 5464 in

1979 5513 2192 5568 sinibus
2252 5509 2486 5574 exsistit,
2548 5522 2673 5561 cum
2723 5506 2796 5559 ita
2852 5504 3093 5557 Joannes
3138 5503 3552 5556 dixerit:Con-

1980 5606 2243 5674 speximus
2288 5602 2528 5673 .gloriam
2553 5600 2666 5669 ejus
2698 5598 2867 5667 (atqui
2899 5597 3061 5649 homo
3100 5603 3219 5649 erat
3255 5593 3399 5665 quod
3432 5610 3551 5648 cer-

1989 5698 2239 5764 nebatur,
2275 5711 2464 5753 verum
2507 5693 2561 5750 id
2594 5690 2739 5753 quod
2765 5704 2859 5760 per
2887 5688 3040 5743 illum
3085 5689 3546 5761 cognoscebatur,
