3824 6480
98 407 210 467 Ιθίθ

1024 410 1093 467 IN
1121 411 1411 468 CANTICA
1437 410 1707 470 CANTIC.

1747 414 2032 476 HOMILIA
2072 420 2212 477 Xlll.
3136 424 3275 484 1050

96 542 216 579 νειαν
252 525 559 596 χειραγωγεί
604 524 705 588 τὰς
758 524 1077 598 παρθένους.
1124 528 1300 599 Ὅπερ
1336 528 1402 600 δὴ
1447 529 1539 582 καὶ
1576 528 1605 581 ό

1731 534 1801 588 κει]
1831 549 1927 591 ess
1965 537 2031 591 ad
2064 536 2262 593 factam
2283 540 2337 594 in
2364 553 2531 594 carne
2551 538 2969 610 patefactionem
3004 539 3096 595 Dei
3114 543 3271 613 quasi

30 630 36 635 ‘
99 620 239 690 μέγας
275 618 505 690 Ἰωάννης
554 618 848 686 πεποίηκεν
878 660 892 682 ,
932 618 960 672 ὃ
1012 619 1112 690 μὲν
1165 620 1263 674 ἀπ’
1300 621 1476 691 ἀρχῆς
1520 614 1609 691 ἦν,

97 709 325 779 σιωπήσας
350 726 362 740 ο
391 709 419 763 ὃ
448 710 501 762 δὲ
529 708 854 779 ἑωράκαμεν
887 710 982 763 καὶ
1023 710 1338 782 ἀκηκόαμεν
1361 752 1375 778 ,
1432 713 1526 766 καὶ
1555 714 1612 766 αἱ

94 804 241 872 χεῖρες
265 801 404 871 ἡμῶν
447 801 802 871 ἐψηλάφησαν
853 804 981 873 περὶ
1026 804 1120 857 τοῦ
1160 804 1317 872 λόγου
1346 805 1446 875 τῆς
1483 805 1614 877 ἀλη-

96 894 245 956 θείας,
267 892 410 946 τοῦτο
439 893 504 946 δι’
529 894 845 963 ἐπιμελείας
869 894 1293 966 διηγησάμενος.
1328 897 1495 967 Φησὶν
1522 894 1614 951 οὖν

93 986 207 1056 πρὸς
226 983 370 1049 αὑτὰς
417 987 449 1055 ή
485 985 671 1056 νύμφη
692 1002 707 1018 °
753 985 1088 1055 Ἀδελφιδός
1119 1006 1239 1057 μου
1264 990 1484 1054 λευκὸς
1513 990 1612 1043 καὶ

92 1078 308 1148 πιφρὸς,
342 1076 843 1147 ἐκλελοχισμένος
876 1078 992 1133 ἀπὸ
1014 1078 1335 1149 μυριάδων.
1368 1079 1614 1150 Κεφαλὴ

90 1163 249 1223 αὐτοῦ
272 1165 516 1234 χρυσίον
548 1165 751 1235 Κεφάς
769 1181 782 1196 ο
813 1168 1147 1238 ,βόστρυχοι
1178 1166 1363 1224 αὐτοῦ
1388 1168 1613 1233 ἐλάται,

84 1256 307 1326 μέλανες
347 1256 428 1322 ὡς
460 1256 644 1325 κόραξ
670 1273 684 1287 ο
722 1260 776 1310 οι
815 1258 1107 1327 ὀφθαλμοὶ
1138 1257 1326 1313 αὐτοῦ
1352 1258 1429 1325 ὡς
1457 1274 1619 1327 περι·-

89 1348 264 1416 στεραὶ
304 1347 398 1401 ἐπὶ
447 1348 809 1418 πληρώματα
839 1348 1073 1404 ὑδάτων
1095 1388 1110 1414 ,
1161 1350 1519 1420 λελουμένοι
1549 1351 1619 1405 ἐν

87 1439 321 1509 γάλακτι,
338 1439 662 1511 καθήμεναι
682 1441 780 1495 ἐπὶ
812 1440 1177 1511 πληρώματα
1200 1441 1457 1497 ὑδάτων.
1481 1444 1620 1496 Σια-

86 1532 237 1601 τηόνες
279 1530 455 1588 αὐτοῦ
494 1534 576 1600 ὡς
621 1533 829 1604 φιάλαι
875 1535 981 1589 τοῦ
1015 1534 1318 1604 ἀρώματος
1356 1536 1618 1604 φύουσαι

80 1623 364 1695 μυρεψικά.
404 1625 584 1693 Χείλη
610 1624 795 1679 αὐτοῦ
823 1626 997 1693 κρίνα
1028 1624 1318 1686 στάζοντα
1346 1626 1620 1693 σμύρναν

83 1717 258 1785 πλήρη
285 1728 299 1744 ’
320 1717 510 1788 χεῖρες
549 1716 733 1772 αὐτοῦ
765 1716 1065 1786 τορευταὶ,
1113 1717 1365 1787 χρυσαῖ,
1394 1721 1621 1785 πεπλη-

75 1801 301 1872 ρωμέναι
328 1804 596 1872 Θαρσεῖςο
628 1803 828 1859 κοιλία
844 1805 1031 1860 αὐτοῦ
1062 1806 1283 1871 πυξίον
1308 1806 1619 1876 ἐλεφάντι-

79 1910 180 1948 νον
201 1894 288 1948 ἐπὶ
312 1896 483 1950 λίθου
509 1897 849 1966 σαπςοείρου
872 1913 886 1927 ·
917 1895 1139 1966 κνῆμαι
1168 1898 1376 1963 αὐτοῦ,
1406 1900 1617 1953 στύλοι
1647 1893 1691 1948 Β

74 1985 417 2055 μαρμάρινοι,
450 1988 933 2057 τεθεμελιωμένοι
961 1988 1057 2042 ἐπὶ
1092 1989 1311 2056 βάσεις
1341 1989 1576 2058 χρυσᾶς
1598 2005 1614 2022 .

74 2075 220 2145 εἶδος
252 2078 427 2133 αὐτοῦ
471 2079 551 2146 ὡς
598 2080 852 2147 Λίϐανος
903 2081 1224 2147 ἐκλεκτὸς,
1274 2083 1353 2147 ὡς
1398 2081 1614 2151 κέδροι.

75 2169 291 2238 Φάρυτξ
329 2170 514 2225 αὑτοῦ
548 2170 887 2242 τλυκασμοὶ
909 2211 924 2235 ,
982 2172 1079 2226 καί
1119 2172 1264 2239 ὅλος
1297 2174 1576 2243 ἐπιθυμία
1597 2190 1614 2207 ·

73 2257 237 2327 οὗτος
267 2260 580 2330 ἀδελφιδός
621 2281 740 2333 μου
763 2304 779 2330 ,
818 2263 916 2317 καὶ
963 2259 1140 2331 οὗτος
1178 2266 1444 2333 πλησίον
1475 2283 1617 2335 μου,

71 2352 366 2424 θυγατέρες
400 2354 815 2425 Ἰερουσαλήμ.
854 2354 1038 2409 Ταῦτα
1070 2357 1244 2411 πάντα
1264 2357 1329 2410 δι’
1357 2350 1431 2411 ὧν
1463 2359 1495 2429 ἡ
1524 2357 1617 2412 τοῦ

69 2446 283 2509 κάλλους
302 2444 521 2515 γέγονεν
553 2446 842 2518 ὑπογραφὴ
871 2487 886 2511 ,
916 2447 978 2499 οὐ
1007 2446 1116 2499 τῶν
1156 2449 1403 2519 ἀοράτων
1433 2466 1493 2502 τε
1526 2449 1620 2503 καὶ

65 2539 449 2610 ἀκαταλήπτων
492 2541 592 2612 τῆς
618 2539 867 2611 θεότητός
911 2542 1058 2594 ἐστιν
1091 2540 1393 2596 ὲνδεικτικά
1423 2558 1438 2573 ο
1486 2542 1620 2596 ἀλλά

63 2633 169 2684 τῶν
213 2633 327 2685 κατ’
370 2632 681 2702 οἰκονομίαν
732 2631 1152 2702 φανερωθέντων
1176 2671 1191 2697 ,
1246 2634 1335 2687 ὅτε
1375 2633 1468 2687 ἐπὶ
1521 2635 1621 2705 τῆς

62 2727 162 2795 γῆς
194 2723 343 2796 ὤφθη
368 2763 384 2789 ,
419 2724 510 2778 καὶ
559 2724 672 2788 τοῖς
706 2722 1014 2794 ἀνθρώποις
1044 2724 1456 2797 συνανεστράφη
1478 2766 1491 2789 ,
1521 2726 1620 2797 τὴν

59 2816 396 2889 ἀνθρωπίνην
430 2816 787 2887 ἐνδυσάμενος
810 2816 992 2885 φύσιν,
1021 2815 1087 2869 δι’
1108 2807 1183 2869 ὧν
1210 2816 1349 2871 κατά
1376 2818 1468 2873 τὸν
1495 2818 1625 2872 ἀπο-

61 2907 298 2961 στολικὺν
326 2906 502 2975 λόγον,
538 2906 633 2960 καὶ
664 2905 735 2959 τὰ
764 2904 970 2977 ἀόρατα
1015 2904 1179 2959 αὐτοῦ
1220 2907 1332 2969 τοῖς
1358 2907 1622 2975 ποιήμασι

55 3000 316 3071 νοούμενα
344 2997 665 3069 καθορᾶται,
695 2996 782 3050 διὰ
804 3000 901 3068 τῆς
929 2995 1020 3050 τοῦ
1055 2995 1509 3067 ἐκκλησιαστικοῦ
1533 2995 1624 3050 κό-

55 3109 194 3163 σμου
228 3092 569 3160 κατασκευῆς
608 3086 1005 3158 φανερούμενα.
1040 3086 1262 3157 Κόσμου
1301 3086 1409 3157 γάρ
1450 3085 1624 3151 κτίσις

50 3187 201 3239 ἐστὶν
235 3186 267 3256 ὴ
315 3185 413 3254 τῆς
455 3181 778 3253 Ἐκκλησίας
819 3180 1130 3250 κατασκευή
1157 3195 1171 3209 ο
1207 3181 1265 3233 ὲν
1356 3179 1497 3233 κατά
1528 3180 1624 3251 τὴν

49 3280 147 3333 τοῦ
179 3278 457 3349 προφήτου
492 3273 675 3345 φωνὴν
700 3273 796 3326 καὶ
827 3274 856 3325 ό
882 3271 1113 3343 οὐρανὸς
1136 3270 1379 3335 κτίζεται
1402 3271 1586 3334 καινός
1606 3284 1624 3302 ⁸

44 3375 187 3442 ὅπερ
226 3371 344 3424 ἐστὶ
394 3369 456 3422 τὸ
504 3366 791 3439 στερέωμα
822 3366 921 3437 τῆς
974 3364 1055 3427 εἰς
1084 3350 1321 3439 Χριστὸν
1372 3362 1627 3427 πίστεως,

44 3463 237 3526 καθὼς
265 3465 294 3517 ὁ
322 3459 530 3523 Παῦλός
560 3475 713 3530 φησι,
743 3458 834 3510 καὶ
857 3456 928 3526 γῆ
957 3455 1117 3527 καινὴ
1141 3453 1628 3518 κατασκευάζεται,

40 3558 80 3627 ἡ
115 3555 348 3608 πίνουσα
385 3551 475 3606 τὸν
511 3552 597 3604 ἐπ’
631 3548 799 3619 αὐτὴν
832 3549 1127 3620 ἐρχόμενον
1175 3546 1328 3599 ὑετὸν
1348 3582 1364 3607 ,
1416 3545 1508 3599 καὶ
1539 3542 1633 3597 ἀν-

40 3649 272 3721 θρωπος
311 3644 610 3701 πλάσσεται
639 3640 832 3703 ἀλλος,
879 3639 908 3691 ό
943 3636 1031 3691 διὰ
1071 3636 1170 3707 τῆς
1198 3633 1404 3689 ἀνωθεν
1437 3632 1632 3703 γεννή-

39 3755 192 3802 σεως
216 3733 700 3805 ἀνακαινιζόμενος
738 3730 858 3785 κατ’
894 3729 1076 3782 εἰκόνα
1100 3725 1195 3780 τοῦ
1219 3726 1500 3788 κτίσαντος
1538 3724 1634 3778 αὑ-

35 3829 176 3885 τόν·
215 3828 315 3882 καὶ
345 3825 646 3896 φωστήρων
684 3819 843 3891 φύσις
888 3819 1049 3889 ἑτέρα
1095 3817 1344 3886 γίνεται,
1388 3816 1518 3887 περὶ
1559 3808 1634 3868 ὧν

36 3937 221 3992 φησιν
245 3959 262 3985 ,
290 3920 375 3973 ὃτι
418 3914 605 3985 Ὑμεῖς
652 3913 792 3967 ἐστε
822 3913 886 3965 τὸ
919 3909 1044 3980 φῶς
1080 3908 1184 3963 τοῦ
1219 3909 1451 3976 κόσμου
1475 3924 1490 3939 ο
1520 3906 1634 3969 καὶ,

49 4014 166 4068 Ἓν
188 4005 287 4078 οἷς
338 4008 627 4079 φαίνεσθε
676 4005 756 4070 ὡς
804 3999 1117 4072 φωστῆρες
1157 3999 1226 4052 ὲν
1268 3999 1505 4067 κόσμῳ·
1546 3997 1639 4050 καὶ

31 4102 290 4174 ἀστέρες
342 4098 562 4164 πολλοὶ,
594 4097 643 4151 οἱ
684 4096 742 4148 ὲν
779 4093 855 4164 τῷ
899 4089 1237 4161 περεώματι
1269 4090 1366 4159 τῆς
1405 4087 1639 4150 πίστεως

28 4195 463 4257 ἀνατέλλοντες.
494 4190 603 4244 Καὶ
637 4186 789 4241 οὔπω
819 4185 979 4242 τοῦτο
1006 4181 1338 4252 θαυμαστὸν,
1372 4180 1420 4233 εἰ
1460 4177 1638 4248 πλήθη

26 4289 274 4359 ἄστρων
303 4284 484 4347 ἐστὶν,
536 4281 593 4334 ὲν
620 4278 697 4350 τῷ
747 4276 916 4347 καινῷ
955 4274 1132 4346 τούτῳ
1164 4273 1354 4359 κόσμῳ
1399 4269 1499 4324 ὑπὸ
1542 4266 1637 4321 τοῦ

25 4380 185 4436 Θεοῦ
224 4376 610 4450 ἀριθμούμενα
633 4372 728 4427 καὶ
759 4369 1136 4440 ὀνομαζόμενα
1155 4405 1170 4428 ,
1202 4358 1277 4420 ὧν
1307 4363 1377 4417 τά
1405 4362 1642 4433 ὀνόματα

22 4475 64 4527 ὁ
92 4469 346 4540 ποιητὴς
374 4466 483 4520 τῶν
508 4462 762 4518 τοιούτων
790 4460 1003 4531 ἄστρων
1026 4459 1083 4509 ἐν
1106 4457 1218 4519 τοῖς
1241 4453 1487 4523 οὐρανοῖς
1513 4450 1643 4502 ἀπο-

22 4561 377 4636 γεγράφθαι
403 4558 573 4626 λέγει.
604 4553 760 4607 Οὕτω
794 4553 903 4622 γὰρ
928 4551 1136 4636 ἥκουσα
1171 4545 1266 4600 τοῦ
1309 4539 1640 4616 δημιουργοῦ

20 4627 383 4729 στῆς-καινῆς
409 4647 637 4708 κτίσεως
709 4642 845 4714 πρὸς
881 4642 1007 4703 τοὺς
1043 4627 1202 4702 ιδ’ίους
1228 4635 1392 4690 αὑτοῦ
1427 4635 1641 4705 φωστῆ-

29 4726 153 4823 ρας
183 4745 469 4813 λέγοντος·
490 4741 571 4793 ὅτι
597 4737 671 4791 Τὰ
690 4735 955 4803 ὀνόματα
965 4730 1127 4801 ὑμῶν
1149 4729 1536 4799 ἐγγέγραπται
1568 4726 1638 4779 έν

21 4816 172 4908 τοῖς
203 4832 521 4906 οὐρανοῖς.
538 4830 611 4885 Οὐ
633 4828 792 4883 τοῦτο
820 4825 997 4879 τοίνυν
1014 4822 1171 4895 μόνον
1186 4824 1283 4892 τῆς
1302 4819 1494 4889 καινῆς
1523 4816 1639 4872 κτί-

24 4932 187 4997 cui»;
210 4930 344 4984 ἐστι
385 4926 448 4980 τὸ
487 4921 807 4994 παράδοξον,
837 4920 919 4973 ὅτι
944 4917 1158 4988 ἄστρων
1186 4912 1385 4985 πλῆθος
1414 4914 1472 4966 ὲν
1496 4912 1634 4983 αὐτῇ

21 5020 480 5096 δημιουργεῖται
517 5012 671 5085 παρά
692 5010 784 5065 τοῦ
820 5008 993 5076 Λόγου
1016 5024 1029 5036 ’
1058 5004 1172 5060 ἀλλ’
1210 5005 1293 5059 ὄτι
1328 5004 1422 5057 καὶ
1457 5001 1641 5056 πολλοὶ

23 5092 189 5180 ἣλιοι
222 5092 550 5170 κτίζονται,
587 5103 707 5165 ταῖς
744 5098 849 5152 τῶν
874 5094 1093 5164 ἀγαθῶν
1120 5094 1297 5164 ἔργων
1327 5093 1510 5146 ἀκτῖσι
1544 5092 1642 5163 τὴν

23 5201 393 5271 οἰκουμένην
430 5194 780 5268 φωτίζοντεςο
815 5189 987 5253 οὕτως
1011 5188 1254 5250 εἰπόντος
1285 5185 1381 5239 τοῦ
1418 5183 1641 5256 ποιητοῦ

22 5295 152 5347 τῶν
200 5292 474 5346 τοιούτων
506 5288 670 5360 ἡλίων
693 5302 706 5317 ⁸
740 5281 1037 5355 Λαμψάτω
1080 5279 1147 5334 τὸ
1196 5278 1323 5349 φῶς
1348 5274 1515 5348 ὑμῶν
1538 5277 1642 5345 ἐμ-

20 5369 338 5451 προσθεν
380 5377 496 5433 τῶν
536 5375 860 5447 ἀνθρώπων
883 5390 898 5405 ο
952 5372 1044 5426 καὶ
1066 5410 1080 5434 ,
1146 5368 1282 5424 Τότε
1331 5369 1384 5421 οὶ
1422 5364 1642 5418 δίκαιοι

16 5474 432 5543 λάμψουσιν
472 5469 552 5535 ὠς
576 5473 608 5524 ὁ
635 5469 827 5538 ἣλιος.
864 5466 1074 5535 Ὥσπερ
1106 5460 1285 5515 τοίνυν
1326 5460 1356 5513 ό
1398 5457 1534 5528 πρὸς
1554 5454 1646 5509 τὸν

16 5564 331 5637 αἰσθητὸν
379 5560 586 5616 ἀπιδὼν
618 5561 820 5632 κόσμον
841 5599 857 5625 ,
887 5557 982 5612 καὶ
1006 5556 1107 5626 τὴν
1138 5548 1540 5625 ἐμφαινομένην
1567 5545 1644 5617 τῷ

16 5657 244 5713 κάλλει
288 5652 410 5710 τῶν
446 5653 614 5709 ὄντων
644 5651 833 5721 σοφίαν
866 5647 1202 5719 κατανοήσας
1220 5684 1237 5710 ,
1270 5639 1646 5709 ἀναλογίζεται

1713 641 1879 680 manu
1923 628 2098 682 ducit.
2132 631 2277 684 Idem
2322 631 2486 686 etiam
2523 647 2753 702 magnus
2787 633 2878 688 ille
2905 632 3144 689 Joannes
3196 634 3275 691 fe:-

1710 721 1787 773 cit
1811 721 1881 783 “,
1907 735 2030 775 cum
2061 737 2128 776 eo
2162 722 2307 792 quod
2332 723 2490 778 initio
2514 739 2694 777 rerum
2728 732 2845 779 erat
2894 726 3108 784 silentio
3138 742 3277 796 pra:-

1713 816 1898 880 terito,
1927 815 2169 870 studiose
2196 825 2588 870 commemorat
2636 817 2769 871 illud
2817 819 2963 887 quod
3011 818 3273 882 vidimus,

1712 907 1858 977 quod
1911 908 2244 969 audivimus,
2304 916 2357 963 et
2412 917 2773 964 attrectarunt
2828 927 3021 967 manus
3075 920 3279 967 nostrai

1714 1001 1784 1055 de
1832 1003 2000 1057 verbo
2062 1004 2206 1057 vitae.
2259 1004 2566 1073 Respondit
2624 1006 2795 1075 igitur
2854 1005 2962 1060 illis
3026 1020 3274 1075 sponsa:

1720 1092 1986 1163 Cognatus
2014 1111 2158 1149 meus
2182 1104 2260 1149 est
2285 1096 2542 1149 candidus
2579 1105 2632 1150 et
2682 1096 3031 1159 rubicundus,
3085 1098 3279 1152 electus

1717 1203 1783 1241 ex
1803 1186 1978 1241 decem
2009 1187 2266 1241 millibus.
2291 1186 2464 1256 Caput
2484 1189 2621 1257 ejus,
2669 1204 2859 1241 aurum
2881 1188 3089 1257 Cephaz
3124 1204 3143 1242 :
3168 1189 3283 1243 cin-

1716 1280 1857 1335 cinni
1885 1281 1998 1348 ejus
2029 1280 2246 1342 abieles,
2284 1280 2424 1350 nigri
2456 1289 2705 1350 tanquam
2739 1297 2944 1335 corvus.
2979 1281 3133 1337 Oculi
3167 1283 3281 1351 ejus

1718 1377 1854 1427 sicut
1887 1372 2162 1435 columba,
2181 1372 2250 1426 ad
2286 1389 2544 1442 aquarum
2573 1373 2773 1440 capias,
2793 1372 2987 1427 ablutte
3010 1373 3166 1437 lacte,
3198 1390 3283 1428 se-

1718 1465 1899 1520 dentes
1911 1466 2070 1537 juxta
2096 1467 2274 1534 copias
2291 1481 2568 1535 aquarum.
2586 1464 2827 1520 Maxilla?
2844 1465 3008 1533 ipsius
3031 1473 3285 1535 tanquam

1721 1559 1981 1611 aromatis
2022 1556 2236 1624 phialw,
2283 1572 2401 1625 qui:
2454 1556 2729 1626 proferunt
2780 1564 3064 1625 unguenta.
3108 1554 3285 1609 Labra

1720 1649 1834 1718 ejus
1857 1660 1977 1703 sunt
2006 1648 2147 1712 lilia,
2174 1647 2498 1702 distillantia
2539 1649 2809 1717 myrrham
2835 1647 3063 1702 uberem.
3090 1645 3284 1701 Manus

1722 1741 1869 1796 illius
1948 1742 2173 1805 tortiles,
2243 1758 2440 1807 aurea,
2526 1741 2693 1809 plena:
2775 1740 3017 1795 Tharsis.
3096 1737 3288 1793 Venter

1722 1834 1835 1903 ejus
1890 1832 2085 1887 tabella
2130 1832 2387 1896 eburnea,
2438 1834 2491 1887 in
2544 1833 2719 1902 lapide
2776 1833 3044 1902 sapplziro.
3115 1829 3289 1886 Crura

1722 1927 1869 1981 illius
1904 1926 2161 1982 columnae
2230 1942 2561 1992 marmoreaz,
2616 1925 2855 1995 fundata:
2902 1940 3055 1994 super
3098 1939 3289 1977 aureas

1724 2023 1895 2077 bases.
1945 2020 2152 2089 Species
2183 2019 2373 2088 ipsius,
2399 2028 2458 2071 ut
2495 2019 2687 2074 electus
2714 2017 2971 2079 Libanus,
3012 2026 3070 2070 ut
3121 2014 3286 2068 cedri.

1725 2114 1920 2171 Guttur
1955 2115 2071 2185 ejus
2097 2113 2422 2177 dulcedines,
2453 2128 2515 2165 ac
2540 2111 2673 2165 nihil
2715 2111 2818 2165 nisi
2845 2109 3161 2164 desiderium
3190 2116 3289 2161 est.

1724 2209 1829 2263 Hic
1853 2218 1930 2264 est
1972 2216 2225 2280 cognatus
2257 2222 2422 2269 meus,
2462 2213 2511 2258 et
2539 2204 2622 2257 hic
2659 2203 2934 2273 proximus
2962 2216 3129 2263 meus,
3164 2198 3291 2267 ﬁlia:

1722 2300 2039 2356 Jerusalem.
2081 2297 2209 2354 Haec
2238 2299 2499 2352 nimirum
2532 2296 2735 2359 omnia,
2768 2308 2865 2363 per
2888 2308 3008 2363 qua:
3036 2296 3291 2346 venustas

1724 2395 1845 2464 ejus
1878 2392 2209 2464 depingitur,
2242 2405 2353 2445 non
2378 2404 2499 2457 qua
2534 2388 2589 2442 in
2622 2386 2910 2441 divinitate
2939 2382 3090 2439 cerni
3119 2382 3293 2452 perci-

1726 2487 1894 2558 pique
1937 2490 2239 2554 nequeunt,
2274 2483 2519 2536 indicant
2557 2498 2571 2533 :
2607 2480 2701 2533 sed
2744 2477 2835 2530 illa
2877 2488 2997 2545 qua:
3055 2470 3292 2527 adm’mi-
3362 2535 3373 2557 .

1725 2581 2009 2639 strationis
2048 2587 2293 2647 tempore
2339 2574 2607 2646 patefacta
2645 2577 2810 2634 sunt,
2867 2581 2991 2625 cum
3040 2566 3096 2621 in
3147 2576 3294 2619 terra

1726 2680 2056 2745 conspectus
2086 2678 2190 2733 est,
2223 2679 2277 2726 et
2306 2671 2541 2724 humana
2570 2666 2795 2722 indutus
2824 2672 3018 2718 natura
3043 2673 3167 2715 cum
3197 2658 3296 2712 ho-

1728 2767 1971 2823 minibus
2002 2772 2254 2821 versatus
2278 2761 2402 2825 fuit,
2439 2776 2536 2832 per
2565 2774 2707 2829 quae,
2738 2768 2798 2812 ut
2820 2751 3144 2827 apostolicis
3170 2763 3294 2805 ver-

1728 2863 1814 2919 bis
1842 2870 2080 2919 utamur.
2110 2858 2275 2913 etiam
2308 2855 2400 2910 illa
2429 2859 2733 2909 cernuntur
2779 2863 2901 2921 quae
2951 2846 3006 2900 in
3050 2844 3171 2915 ipso
3206 2839 3292 2895 vi-

1731 2957 1848 3014 deri
1893 2960 2195 3026 nequeunt,
2225 2951 2353 3007 dum
2395 2964 2462 3005 ex
2513 2947 2648 3017 ipsis
2700 2944 2859 2998 factis
2895 2939 3295 3009 intelliguntur,

1729 3054 1835 3107 hoc
1857 3058 1961 3115 est,
1993 3049 2122 3104 dum
2153 3060 2249 3117 per
2282 3041 2556 3114 Opiﬁcium
2587 3037 2776 3093 mundi
2806 3029 3163 3091 ecclesiastici
3194 3042 3295 3098 pa-

1731 3143 2006 3202 teﬁunt".
2048 3140 2180 3194 Nam
2216 3136 2492 3208 Opiﬁcium
2538 3131 2796 3187 Ecclesia:
2844 3125 3002 3199 quasi
3050 3123 3297 3195 quaedam

1654 3252 1696 3307 ο
1732 3236 1919 3293 mundi
1955 3233 2158 3288 creatio
2203 3237 2326 3294 est,
2382 3228 2438 3282 in
2494 3239 2599 3296 qua
2651 3220 2950 3279 secundum
2985 3218 3131 3271 illam
3169 3230 3298 3285 pro-

1731 3330 1905 3400 pheta:
1933 3339 2142 3388 vocem,
2177 3329 2231 3377 et
2259 3320 2457 3376 caalum
2485 3331 2685 3371 novum
2719 3308 3014 3373 creatur”,
3049 3305 3195 3378 quod
3216 3311 3303 3358 est

1732 3395 2131 3474 lirmamentum
2176 3411 2297 3466 ﬁdei
2342 3410 2400 3463 in
2441 3406 2747 3467 Christum,
2784 3411 2843 3457 ut
2885 3400 3086 3455 Paulus
3115 3395 3300 3467 loqui-

1734 3511 1906 3575 tur”,
1955 3516 2009 3564 et
2058 3518 2203 3561 terra
2237 3517 2375 3558 nova
2410 3506 2656 3572 paratur,
2701 3511 2823 3567 qua:
2858 3493 3083 3547 imbrem
3133 3490 3191 3545 in
3241 3503 3302 3545 se

1735 3604 1974 3660 delatum
2020 3599 2215 3655 bibat:
2251 3604 2307 3652 et
2337 3594 2482 3649 alius
2531 3592 2694 3646 homo
2745 3588 3033 3647 formatur.
3081 3584 3173 3655 qui
3207 3598 3303 3653 per

1736 3693 2139 3769 generationem
2192 3701 2485 3761 supernam
2548 3688 2845 3739 renovatur
2892 3680 2957 3734 ad
3012 3676 3302 3746 imaginem

1736 3768 2016 3846 Creatoris
2054 3804 2068 3841 :
2105 3792 2159 3840 et
2201 3778 2552 3837 luminarium
2596 3784 2789 3831 natura
2824 3773 2880 3828 lit
2918 3772 3044 3832 alia,
3077 3770 3144 3825 de
3180 3768 3304 3838 qui-

1735 3883 1837 3937 bus
1864 3879 2107 3933 dicitur:
2165 3874 2264 3929 Vos
2311 3871 2438 3926 estis
2487 3868 2668 3923 mundi
2714 3865 2947 3919 lumen‘.
3001 3862 3131 3916 Item
3172 3878 3185 3914 :
3237 3858 3306 3913 In

1735 3973 1921 4045 quibus
1991 3968 2175 4023 lucetis
2248 3962 2518 4031 conspicui
2583 3969 2834 4022 tanquam
2901 3953 3190 4010 luminaria
3249 3952 3305 4003 in

1741 4042 1978 4121 mundo'
2015 4079 2029 4114 :
2071 4061 2238 4113 multa
2277 4057 2515 4126 denique
2554 4051 2755 4113 sidera,
2798 4063 2919 4119 quae
2964 4047 3017 4099 in
3051 4044 3171 4099 ﬁdei
3210 4042 3306 4096 lir-

1742 4162 2014 4211 mamento
2048 4151 2398 4207 exoriuntur.
2443 4144 2629 4216 Neque
2663 4141 2865 4196 mirum
2903 4138 3074 4193 videri
3117 4135 3306 4197 debet,

1738 4265 1860 4308 esse
1906 4259 2156 4315 magnam
2203 4241 2443 4297 siderum
2492 4231 2918 4298 multitudinem,
2961 4244 3082 4301 qua:
3116 4228 3171 4283 in
3202 4228 3310 4282 hoc

1739 4341 1944 4398 mundo
1976 4354 2006 4393 a
2032 4336 2143 4390 Deo
2174 4339 2534 4389 numerantur
2565 4343 2629 4382 ac
2661 4323 2984 4381 nominatim
3027 4321 3307 4393 appellan-

1739 4444 1830 4490 tur
1865 4475 1881 4499 ,
1930 4444 2160 4502 quorum
2213 4427 2375 4481 etiam
2417 4421 2636 4479 nomina
2682 4418 2798 4490 ipse
2829 4416 3025 4487 Opifex
3062 4415 3117 4471 in
3153 4414 3314 4471 ccelis

1740 4522 2051 4595 consignari
2081 4520 2177 4574 ait.
2229 4516 2320 4572 Sic
2347 4514 2491 4571 enim
2524 4510 2687 4567 audio
2716 4511 2842 4565 novi
2875 4506 3078 4578 opiﬁcii
3115 4504 3312 4561 condi-

1673 4603 1717 4659 Ῑ)
1743 4629 1917 4677 torem
1950 4614 2015 4670 ad
2051 4609 2344 4667 luminaria
2376 4622 2477 4664 sua
2508 4605 2691 4661 dicere
2727 4621 2741 4657 :
2778 4599 3012 4655 Nomina
3050 4608 3220 4654 vestra
3254 4598 3311 4650 in

1743 4712 1884 4767 ctzlis
1914 4707 2167 4774 inscripta
2192 4712 2313 4758 sunt
2333 4700 2374 4756 ³.
2422 4697 2533 4753 Nec
2561 4698 2736 4754 solum
2780 4694 2883 4748 hoc
2910 4707 3108 4748 novum
3142 4697 3226 4745 est
3254 4690 3313 4742 in

1743 4805 1837 4862 illo
1882 4817 2025 4859 novo
2060 4811 2238 4853 rerum
2280 4792 2526 4864 Opiﬁcio.
2574 4788 2718 4858 quod
2766 4799 3020 4855 magnam
3069 4783 3313 4837 siderum

1742 4892 2142 4954 multitudinem
2171 4890 2225 4943 in
2259 4902 2324 4943 eo
2344 4883 2545 4940 condat
2566 4880 2828 4944 Verbum,
2854 4876 2951 4933 sed
2976 4875 3121 4946 quod
3146 4874 3311 4929 etiam

1744 4990 1892 5047 soles
1934 4983 2089 5042 multi
2137 4986 2413 5042 creentur,
2446 4976 2537 5047 qui
2578 4974 2848 5031 bonorum
2880 4984 3104 5042 operum
3143 4966 3314 5023 radiis
3430 4996 3433 4999 ‹

1749 5084 1940 5139 orbem
1974 5077 2272 5133 illustrem.
2309 5069 2402 5124 Sic
2430 5067 2575 5122 enim
2619 5066 2695 5119 ait
2724 5064 2794 5128 is,
2839 5061 2933 5132 qui
2973 5060 3116 5115 soles
3159 5057 3312 5127 ejus.

1749 5173 1898 5231 modi
1930 5168 2157 5226 condit:
2198 5161 2479 5234 Splendeat
2502 5160 2604 5214 lum
2642 5168 2815 5214 vestra
2863 5170 3044 5209 coram
3084 5150 3314 5205 homini-

1748 5268 1843 5322 bus
1860 5265 1903 5318 ⁸.
1947 5262 2081 5318 Item
2126 5277 2141 5315 :
2184 5254 2480 5328 Fulgebunt
2512 5252 2567 5307 id
2599 5247 2843 5317 temporis
2882 5246 3023 5317 justi
3060 5252 3313 5310 tanquam

1749 5359 1832 5414 sol
1864 5354 2032 5427 ipse“.
2071 5348 2537 5421 Quemadmodum
2585 5346 2751 5418 igitur
2798 5344 2848 5399 is
2906 5339 3002 5411 qui
3051 5336 3311 5393 sensilem

1755 5455 1902 5509 hunc
1928 5448 2198 5505 mundum
2233 5443 2465 5515 aspexit,
2504 5446 2559 5495 et
2586 5438 2861 5493 lucentem
2893 5433 2949 5488 in
2978 5432 3094 5501 ipsa
3125 5441 3312 5482 rerum

1752 5539 2155 5619 pulchritudine
2178 5534 2496 5608 sapientiam
2521 5524 2908 5587 consideravit,
2937 5519 3315 5577 ratiocinando

1753 5608 1986 5692 aestimat
2014 5647 2107 5703 per
2142 5643 2206 5686 ea
2254 5640 2376 5701 qua:
2403 5621 2507 5679 sub
2537 5619 2729 5677 oculos
2758 5613 2959 5671 cadunt
3010 5608 3309 5683 pulchritu-

3054 5702 3081 5740 θ

97 5813 155 5842 θ’
192 5809 417 5869 lJoan.
451 5827 489 5866 ι.
524 5810 574 5863 1.
648 5808 693 5841 ⁸⁷
728 5808 884 5862 Rom.
908 5806 1050 5864 1.20.
1127 5804 1173 5835 "
1200 5802 1302 5853 Isa.
1348 5814 1474 5863 ιιν,
1529 5797 1610 5851 l7.

1749 5790 2023 5850 lTimoth.
2058 5803 2139 5855 ιιι,
2168 5785 2253 5843 15.
2328 5782 2342 5813 ¹
2372 5778 2563 5837 Matth.
2593 5794 2645 5843 ν,
2668 5776 2752 5833 14.
2818 5777 2840 5809 ⁶
2869 5773 3099 5843 Philipp.
3131 5786 3190 5835 ιι,
3226 5763 3313 5825 l5.

19 5885 45 5914 ⁴
93 5879 259 5934 Luc.
303 5876 478 5941 3.9.0.
556 5882 580 5909 ⁵
611 5876 797 5932 Matth.
833 5892 888 5942 ν,
920 5877 1003 5931 16.
1080 5878 1100 5908 ⁸
1127 5872 1454 5931 Mutilum".
1488 5874 1578 5926 315.
