4028 6532
620 428 754 483 1051

1858 429 1916 486 S.
1957 427 2286 485 GREGORH
2319 428 2604 485 NXSSENI

3678 447 3692 498 l
3701 449 3772 502 θὕῖ

619 549 803 602 dinem
834 545 981 599 illam
1022 544 1492 615 inaspectabilem,
1526 555 1579 600 et
1632 545 1838 602 fontem
1880 549 2178 618 sapientiae,

2340 549 2370 601 ὰ
2409 548 2516 601 τῶν
2549 549 2838 620 ὁρωμένων
2863 549 2923 603 τὸ
2957 550 3184 622 ἀόρατον
3216 551 3404 614 κάλλος
3427 594 3441 618 ,
3475 554 3560 606 καὶ
3600 557 3680 628 τὴν
3707 579 3774 632 πη.

619 641 781 711 cujus
811 637 1028 694 emuxio
1063 651 1243 690 rerum
1271 644 1522 691 naturam
1558 639 1612 693 in
1653 655 1854 709 corpus
1888 642 1990 694 hoc
2021 641 2182 695 rede-

620 734 698 800 git
729 749 741 784 :
777 730 857 784 sic
885 730 977 798 qui
1022 728 1284 782 mundum
1319 733 1466 783 hunc
1500 745 1699 784 novum
1729 731 1783 784 in
1819 731 2035 800 opiﬁcio
2071 733 2176 785 Ec-

621 823 800 876 clesia:
831 821 1045 890 aspicit,
1080 821 1226 873 videt
1280 821 1335 873 in
1389 837 1455 876 eo
1488 821 1639 875 illum
1687 823 1779 891 qui
1829 823 1883 876 in
1930 825 2185 879 omnibus

621 922 702 967 est
735 912 940 974 omnia,
991 926 1155 964 manu
1191 911 1347 980 quasi
1381 912 1587 966 ducens
1621 914 1986 981 cognitionem
2024 931 2180 969 suam

623 1005 687 1058 ad
721 1004 774 1058 id
824 1004 984 1073 cujus
1011 1018 1240 1073 capaces
1269 1018 1376 1056 non
1409 1019 1620 1066 sumus,
1649 1020 1742 1072 per
1775 1005 1865 1057 illa
1894 1021 2013 1072 qua:
2033 1021 2184 1059 com-

624 1094 883 1162 prehendi
945 1111 1010 1148 ac
1067 1095 1266 1164 percipi
1328 1109 1356 1147 a
1418 1103 1609 1147 natura
1675 1103 1862 1149 nostra
1923 1107 2180 1166 possunt.

624 1185 989 1252 Quamobrem
1041 1200 1161 1239 cum
1211 1186 1292 1239 ha:
1344 1186 1582 1256 virgines
1638 1185 1778 1254 (quae
1807 1196 1928 1241 sunt
1961 1191 2173 1256 animm)

626 1279 942 1348 petitionem
976 1278 1113 1330 hanc
1143 1293 1298 1331 suam
1336 1285 1641 1347 pr0ponunt
1688 1279 1760 1331 illi
1821 1295 1940 1347 quae
1978 1280 2086 1348 jam
2117 1281 2182 1335 ad

628 1370 1012 1440 perfectionem
1058 1385 1220 1425 cursu
1262 1369 1652 1432 contenderat,
1696 1378 1754 1422 ut
1788 1386 1882 1439 per
1916 1372 2084 1440 ipsam
2124 1373 2188 1425 li-

631 1470 749 1517 reat
775 1462 854 1516 eis
889 1461 1231 1516 innotescere
1261 1461 1624 1515 desideratum
1662 1478 1674 1512 :
1724 1477 1820 1531 per
1847 1479 1909 1517 ea
1945 1480 2066 1532 quae
2093 1479 2188 1518 sa-

629 1553 760 1608 lutis
791 1561 993 1607 nostra:
1023 1569 1184 1607 causa
1213 1552 1475 1622 patefacta
1523 1555 1678 1608 nobis
1715 1563 1862 1618 sunt,
1897 1558 2052 1626 quasi
2087 1557 2181 1612 de-

630 1647 797 1703 lineat
839 1649 918 1702 eis
970 1644 1195 1709 indicia,
1229 1645 1296 1700 de
1340 1645 1539 1713 quibus
1574 1661 1866 1716 agnoscere
1898 1651 2185 1717 quaesitum

629 1737 863 1810 possint.
894 1737 1150 1806 Adeoque
1178 1735 1243 1790 de
1271 1743 1381 1789 tota
1414 1734 1650 1790 Ecclesia
1685 1755 1793 1791 uno
1820 1739 2006 1808 sponsi
2059 1755 2186 1793 eor-

631 1844 765 1900 pore
794 1828 958 1889 facto,
992 1827 1320 1895 peculiarem
1354 1827 1638 1893 quemdam
1674 1843 1892 1882 sensum
1943 1830 2009 1883 de
2053 1845 2187 1898 quo-

2288 637 2390 710 γὴν
2419 641 2514 709 τῆς
2545 640 2762 707 σοφίας,
2796 636 2863 711 ἧς
2890 641 2923 711 ἡ
2962 640 3226 711 ἁπόρῤοια
3267 641 3364 711 τὴν
3390 642 3491 696 τῶν
3521 643 3663 699 ὄντων
3690 667 3775 704 συν-

2291 733 2557 800 εστήσατο
2599 733 2789 800 φύσινο
2820 732 2960 786 οὕτω
2987 732 3080 786 καὶ
3119 734 3147 784 ὁ
3176 732 3312 802 πρὸς
3343 734 3431 786 τὸν
3453 736 3618 789 καινὸν
3641 740 3778 796 τοῦτον

2291 815 2490 884 κόσμον
2519 815 2618 884 τῆς
2658 816 2798 870 κατὰ
2842 817 2939 887 τὴν
2982 817 3306 887 Ἐκκλησίαν
3353 818 3570 882 κτίσεως
3601 821 3776 894 βλέπων,

2289 907 2389 974 ὁρᾷ
2411 907 2468 957 ἐν
2494 906 2640 977 αὐτῷ
2677 907 2766 960 τὸν
2794 908 2968 960 πάντα
2999 907 3055 958 ὲν
3092 909 3256 960 πᾶσιν
3281 906 3421 960 ’ὄντα
3435 909 3772 976 καὶγινόμενον,

2289 997 2374 1050 διά
2399 997 2504 1048 τῶν
2530 998 2787 1069 χωρητῶν
2818 1015 2875 1050 τε
2909 999 3002 1051 καὶ
3038 997 3588 1068 καταλαμϐανομένων
3607 1002 3692 1056 ὑπὸ
3711 1007 3780 1075 τῆς

2290 1089 2524 1151 πίστεως
2557 1089 2710 1160 ἡμῶν
2737 1088 3235 1160 χειραγωγούμενος
3259 1087 3360 1158 τὴν
3398 1088 3586 1156 γνῶσιν
3611 1092 3720 1162 πρὸς
3741 1095 3784 1148 τὸ

2289 1179 2589 1250 άχώρητον.
2635 1173 2708 1233 Οὗ
2738 1181 2893 1251 χάριν
2946 1180 3131 1250 ἐπειδὴ
3162 1177 3365 1249 ταύτην
3412 1181 3705 1250 προσάγουσι
3736 1189 3783 1256 τῇ

2292 1272 2427 1342 πρὸς
2473 1273 2535 1323 τὸ
2583 1272 2782 1326 τέλειον
2826 1271 3206 1343 άναδραμούσῃ
3238 1273 3382 1341 ψυχῇ
3414 1271 3505 1343 τὴν
3550 1274 3726 1343 αἴτησιν
3746 1279 3784 1329 al

2293 1363 2548 1434 παρθένοι
2575 1364 2742 1433 ψυχαὶ
2777 1364 2869 1417 τοῦ
2900 1363 3262 1434 γνωρισθῆναι
3303 1364 3490 1426 αὑταῖς
3535 1364 3616 1416 τὸν
3644 1366 3788 1418 ποθούο

2294 1471 2451 1524 μενον
2473 1473 2486 1486 ο
2516 1455 2600 1508 διὰ
2621 1459 2726 1508 τῶν
2751 1457 2841 1508 ἐπὶ
2864 1456 3105 1528 σωτηρίᾳ
3127 1454 3539 1526 φανερωθέντων
3566 1459 3678 1527 ἡμῖν
3699 1460 3789 1512 ὑπο-

2289 1547 2488 1615 γράφει
2536 1551 2656 1608 ταῖς
2700 1547 2988 1618 παρθένοις
3035 1547 3104 1599 τὰ
3135 1545 3228 1597 τοῦ
3281 1542 3598 1616 ζητουμένου
3643 1550 3789 1619 γνωρί-

2290 1655 2490 1708 σματα.
2541 1639 2649 1691 Καὶ
2698 1642 2876 1692 πᾶσαν
2910 1638 3007 1708 τὴν
3051 1637 3378 1707 Ἐκκλησίαν
3416 1636 3473 1690 ἓν
3549 1637 3684 1708 σῶμα
3727 1640 3791 1691 τοῦ

2288 1731 2516 1800 νυμφίου
2540 1733 2839 1801 ποιήσασα,
2885 1731 3013 1783 ἴδιόν
3053 1748 3105 1782 τι
3150 1729 3326 1799 νόημα
3391 1729 3458 1782 δι’
3481 1730 3682 1783 ἑκάστου
3715 1733 3790 1784 τῶν

2294 1820 2469 1890 μελῶν
2496 1823 2552 1873 ἐν
2583 1823 2649 1892 τῇ
2687 1823 2973 1893 ὑπογραφῇ
3012 1819 3102 1872 τοῦ
3131 1819 3359 1881 κάλλους
3407 1819 3724 1885 ἐνδείκνυται,
3745 1824 3790 1875 δι’

634 1894 765 1972 libet
794 1894 1036 1971 membro
1072 1916 1127 1970 in
1156 1914 1574 1984 pulchritudinis
1615 1916 1978 1986 descriptione
2009 1894 2192 1973 osten-

2343 1928 2369 1961 ν
2391 1909 2526 1964 ὂλων
2561 1911 2624 1962 ὲκ
2667 1911 2776 1962 τῶν
2827 1910 2966 1962 κατὰ
3010 1911 3171 1980 μέρος
3205 1909 3582 1980 θεωρουμένων
3605 1953 3618 1974 ,
3651 1913 3701 1964 τὸ
3730 1916 3793 1968 τοῦ

635 2010 713 2062 dit
749 2027 762 2062 :
799 2007 999 2078 quibus
1027 2007 1300 2062 universis
1328 2007 1640 2077 singulatim
1673 2010 2049 2074 consideratis,
2081 2013 2193 2067 ele—

637 2100 818 2171 gantia
850 2099 1096 2169 corporis
1128 2107 1238 2152 tota
1277 2099 1653 2154 conformatur
1696 2109 1749 2155 et
1781 2101 2101 2157 absolvitur.

706 2190 932 2248 Orditur
977 2208 1108 2246 vero
1159 2192 1461 2246 doctrinam
1514 2193 1655 2248 hanc
1702 2209 1730 2247 a
1774 2196 2042 2265 principio
2091 2212 2194 2251 non

639 2283 827 2354 procul
875 2297 906 2336 a
957 2282 1114 2335 nobis
1159 2293 1386 2345 remoto,
1427 2297 1603 2352 neque
1647 2284 1852 2338 alieno.
1909 2285 2116 2339 Etenim
2163 2303 2192 2340 a

638 2389 867 2446 corpore
917 2374 1108 2442 incipit
1154 2374 1604 2438 instructionem,
1658 2375 2113 2444 quemadmodum
2148 2387 2203 2432 et

640 2465 926 2519 Matthaeus
952 2463 1078 2518 fecit
1097 2465 1138 2516 ⁸.
1176 2463 1310 2517 Nam
1345 2465 1392 2518 is
1420 2465 1487 2517 ab
1514 2463 1722 2519 Adamo
1751 2474 1803 2520 et
1832 2467 2030 2522 Davide
2053 2483 2203 2538 repe-

643 2559 742 2609 tito
775 2557 934 2625 longa
969 2556 1109 2609 serie
1143 2555 1325 2608 carnis
1364 2565 1659 2624 assumpta:
1693 2557 1972 2625 mysterio,
2007 2573 2203 2628 magno

643 2648 720 2700 Mli
748 2645 950 2700 Joanni
986 2646 1039 2698 in
1071 2647 1154 2700 his
1187 2646 1334 2699 velut
1363 2645 1645 2699 elementis
1679 2659 1728 2700 et
1759 2647 2042 2717 principiis
2074 2666 2206 2703 con-

643 2736 852 2792 stitutis
889 2737 1187 2792 reservavit
1250 2745 1307 2788 ut
1360 2735 1491 2789 illud
1542 2735 1893 2806 principium,
1945 2740 2087 2808 quod
2141 2743 2207 2795 ab

643 2836 849 2883 aeterno
879 2827 1224 2895 intelligitur,
1255 2837 1307 2881 et
1338 2824 1577 2881 Verbum
1608 2828 1752 2896 quod
1787 2846 1892 2883 una
1942 2845 2064 2885 cum
2105 2832 2209 2887 hoc

644 2919 916 2988 principio
965 2918 1308 2989 intelligitur,
1362 2917 1650 2988 Evangelio
1703 2935 1804 2973 suo
1851 2921 2208 2978 describeret.

647 3010 749 3064 Per
779 3010 879 3066 has
911 3009 1078 3080 igitur
1107 3005 1418 3065 sententias‘
1449 3025 1655 3080 sponsa
1696 3011 2018 3080 juvenculas
2067 3016 2213 3070 velut

648 3099 846 3164 initiat,
879 3113 1003 3153 cum
1037 3115 1187 3153 mens
1220 3108 1408 3152 nostra
1433 3116 1538 3152 non
1574 3101 1725 3169 prius
1749 3101 1814 3155 ad
1843 3102 1972 3155 illud
2005 3093 2213 3156 incom-

2290 2001 2548 2072 ’σώματος
2575 2002 2767 2066 κάλλος
2799 2001 3282 2072 συναπαρτίζεται.

2380 2187 2577 2257 Ἀρχὴν
2596 2185 2692 2240 οὖν
2723 2189 2954 2240 ποιεῖται
2976 2189 3074 2258 τῆς
3111 2189 3457 2252 διδασκαλίας
3496 2189 3584 2258 τὴν
3614 2187 3794 2257 προσεχῆ

2301 2279 2393 2332 καὶ
2425 2279 2628 2332 οίκείαν
2647 2281 2798 2350 ἡμῖν.
2842 2280 2935 2332 Ἐκ
2966 2280 3074 2350 γὰρ
3106 2280 3199 2332 τοῦ
3236 2280 3482 2351 σώματος
3501 2280 3593 2350 τῆς
3615 2280 3795 2347 κατηχὴ-

2303 2388 2439 2432 σεως
2475 2370 2699 2440 ἄρχεται
2720 2388 2733 2401 ο
2764 2370 2950 2443 ὥσπερ
2971 2371 3036 2441 δὴ
3066 2372 3160 2424 καὶ
3195 2375 3222 2425 ὁ
3248 2373 3516 2434 Ματθαῖος
3548 2369 3795 2439 πεποίηκεν,

2303 2464 2366 2514 ὲκ
2392 2461 2485 2514 τοῦ
2523 2462 2770 2534 Ἀϐραάμ
2816 2479 2876 2514 τε
2920 2463 3011 2515 καὶ
3042 2461 3202 2515 Δαϐὶδ
3223 2463 3610 2532 γενεαλογήσας
3635 2460 3685 2512 τὸ
3701 2460 3798 2512 κατὰ

2306 2555 2484 2624 σάρκα
2522 2556 2834 2625 μυστήριον,
2865 2555 2943 2626 τῷ
2983 2556 3202 2626 μεγάλῳ
3250 2555 3468 2625 Ἰωάννῃ
3513 2551 3798 2622 ἐταμιεύσατο

2305 2650 2417 2708 τοῖς
2450 2647 2550 2715 ήδη
2572 2646 2660 2698 διὰ
2687 2646 2890 2699 τούτων
2919 2647 3310 2717 στοιχειωθεῖσι
3338 2645 3432 2716 τὴν
3457 2645 3511 2710 ἐξ
3527 2642 3675 2697 ἀϊδίου
3693 2657 3796 2692 voco.

2312 2739 2477 2808 μένην
2534 2737 2727 2808 ἀρχὴν,
2783 2738 2875 2791 καὶ
2928 2739 3017 2791 τὸν
3056 2740 3121 2809 τῇ
3161 2738 3304 2808 ἀρχῇ
3351 2734 3800 2805 συγκατανοούμενον

2310 2827 2480 2895 Λόγον
2499 2825 2974 2896 εὑαγγεὸίσασθαι.
2991 2826 3093 2882 Διὰ
3114 2827 3320 2882 τούτων
3338 2827 3511 2880 τοίνυν
3531 2825 3630 2878 τῶν
3651 2823 3800 2893 νοημά-

2309 2933 2416 2968 των
2445 2918 2477 2987 ή
2512 2916 2696 2987 νύμφη
2731 2919 3078 2988 μυσταγωγεῖ
3113 2917 3211 2980 τὰς
3236 2917 3500 2982 νεάνιδας,
3527 2916 3602 2970 ὅτι
3639 2912 3802 2980 001:va-

2312 3024 2470 3079 τερον
2502 3007 2596 3060 ἐπὶ
2641 3008 2703 3059 τὸ
2739 3007 2984 3079 ἄληπτόν
3017 3027 3075 3062 τε
3112 3013 3204 3064 καὶ
3231 3011 3482 3082 ἀόριστον
3521 3009 3803 3080 εύαχθήσεται

2315 3095 2473 3166 ἡμῶν
2521 3097 2554 3166 ὴ
2607 3096 2832 3164 διάνοια,
2868 3100 2996 3169 πρὶν
3033 3098 3113 3169 τῷ
3142 3099 3360 3170 ὀφθέντι
3391 3100 3475 3154 διὰ
3513 3100 3607 3170 τῆς
3633 3098 3804 3152 πίστεως

649 3192 1013 3262 prehensibile
1044 3205 1108 3244 ac
1139 3190 1411 3244 inﬁnitum
1448 3192 1746 3260 perveniat,
1783 3208 1945 3262 quam
1975 3193 2025 3248 id
2066 3195 2209 3265 quod

2340 3185 2745 3257 τεριδράξασθαι
2763 3203 2776 3216 ⁸
2805 3189 2865 3241 τὸ
2883 3189 2940 3241 δὲ
2962 3189 3123 3260 ὀφθὲν
3149 3194 3182 3261 ἡ
3203 3190 3306 3261 τῆς
3338 3189 3529 3261 σαρκός
3558 3190 3658 3241 ἐστι
3676 3185 3802 3255 φύσις.

648 3283 978 3353 patefactum
1033 3290 1136 3347 est,
1184 3282 1288 3337 ﬁde
1325 3285 1738 3353 complectatur.
1793 3284 1856 3340 Et
1886 3287 2215 3356 patefactum

649 3375 803 3440 illud,
841 3374 1026 3429 carnis
1071 3382 1154 3428 est
1183 3381 1395 3428 natura.
1445 3375 1578 3429 Cum
1613 3377 1756 3431 enim
1792 3378 1867 3430 ait
1900 3396 1912 3431 :
1949 3378 2217 3449 Cognatas

652 3483 795 3521 meus
825 3477 900 3520 est
923 3464 1180 3518 candidus
1210 3474 1260 3518 et
1292 3465 1614 3520 rubicundus
1642 3486 1660 3521 :
1688 3483 1785 3536 per
1818 3469 1957 3524 hanc
1987 3470 2216 3526 duorum

653 3558 895 3611 colorum
936 3555 1221 3610 misturam
1287 3572 1508 3612 carnem
1541 3561 1888 3629 peculiariter
1933 3562 2219 3619 describit.

657 3649 722 3703 Et
751 3648 882 3703 fecit
911 3649 1016 3704 hoc
1046 3649 1206 3702 etiam
1239 3650 1490 3720 superius
1515 3691 1529 3715 ,
1582 3651 1672 3706 ubi
1715 3669 1838 3707 eum
1879 3658 2081 3710 malum
2122 3674 2219 3727 ap-

657 3737 877 3808 pellavit
909 3756 923 3792 :
961 3737 1118 3807 cujus
1152 3738 1321 3793 forma
1352 3754 1418 3794 ex
1445 3749 1686 3811 'utroque
1716 3743 1898 3799 colore
1927 3753 2222 3816 temperata

656 3829 1030 3900 conspicitur;
1083 3846 1206 3883 nam
1237 3831 1438 3885 malum
1469 3841 1522 3887 et
1553 3835 1844 3888 candidum
1877 3844 1995 3899 est,
2043 3848 2096 3891 et
2127 3855 2221 3893 ru-

661 3925 748 3978 bet
785 3937 798 3975 :
856 3923 1150 3987 indicante,
1203 3934 1262 3977 ut
1309 3925 1565 3989 arbitror,
1609 3929 1766 3995 quasi
1812 3945 1906 3998 per
1951 3931 2222 3999 quoddam

659 4015 962 4086 symbolum
1021 4015 1125 4070 hoc
1192 4017 1309 4087 ipso
1359 4018 1557 4073 rubore
1609 4028 1861 4072 naturam
1918 4023 2221 4092 sanguinis.

659 4105 798 4171 Quia
833 4120 960 4160 vero
1012 4121 1122 4159 uno
1170 4106 1331 4161 modo
1377 4108 1732 4162 constituitur
1783 4112 2036 4180 qmelihet
2071 4128 2222 4179 caro,

661 4196 914 4266 conjugio
946 4196 1104 4266 quasi
1139 4197 1282 4250 viam
1334 4206 1579 4254 struente
1625 4202 1804 4269 partui
1863 4219 1957 4271 per
2004 4219 2228 4274 genera-

661 4288 865 4341 tionem
899 4287 954 4340 in
985 4287 1237 4341 omnibus
1289 4289 1430 4344 hanc
1465 4291 1628 4344 vitam
1674 4292 2124 4362 ingredientibus,
2161 4314 2228 4355 ne

663 4377 790 4447 quis
817 4376 999 4436 carnis
1028 4386 1149 4430 ortu
1187 4379 1240 4432 in
1271 4379 1373 4433 hoc
1404 4384 1660 4451 mysterio
1687 4385 1905 4452 pietatis
1939 4401 2226 4454 concesso,

672 4469 740 4524 ad
773 4479 984 4523 natura:
1015 4486 1177 4540 opera
1225 4481 1278 4526 et
1325 4472 1638 4531 aﬂ‘ectiones
1670 4478 1961 4548 cogitando
2009 4481 2229 4536 delaba-

2301 3278 2562 3332 Ἐίποῦσα
2594 3279 2703 3351 γάρ
2725 3295 2739 3310 ⁸
2779 3280 2860 3334 ὅτι
2885 3280 3218 3350 Ἀδελφιδός
3245 3300 3365 3352 μου
3385 3281 3594 3345 λευκὸς
3609 3277 3806 3342 mixed

2318 3372 2424 3438 ρός
2453 3389 2465 3403 ’
2505 3371 2592 3424 διὰ
2631 3373 2730 3442 τῆς
2770 3372 2876 3425 ’τῶν
2901 3373 2996 3426 δύο
3019 3376 3325 3445 χρωμάτων
3361 3375 3553 3428 τούτων
3590 3371 3748 3442 μίξεως
3770 3366 3808 3417 τὸ

2321 3463 2419 3532 τῆς
2454 3462 2652 3534 σαρκὸς
2679 3463 2873 3534 ἰδίωμα
2905 3465 3212 3535 ὑπογράφει
3236 3465 3317 3535 τῷ
3345 3462 3660 3535 λόγῳ.Τοῦτο
3682 3460 3725 3512 δὲ
3743 3459 3805 3510 καὶ

2323 3555 2388 3628 ei
2402 3557 2510 3618 τοῖς
2538 3554 2844 3626 ἔμπροσθεν
2887 3557 3130 3628 ἐποίησε,
3158 3557 3328 3628 μῆλον
3353 3557 3508 3609 αὑτὸν
3534 3553 3786 3623 ὀνομάσασα

2322 3619 2389 3697 οἶδ’
2405 3643 2537 3714 πρὸς
2569 3619 2824 3716 έκάτερον
2855 3645 2964 3698 τῶν
2993 3619 3302 3717 χρωμάτων
3334 3619 3810 3716 σύγκρατοννκαθορᾶ-

2322 3753 2411 3789 ται
2457 3736 2518 3788 τὺ
2547 3733 2702 3800 εἶδος.
2739 3739 2945 3791 Λευκὸν
2972 3755 3030 3791 τε
3060 3739 3166 3810 γάρ
3197 3741 3313 3792 ἐστι
3347 3738 3407 3792 τὸ
3453 3737 3610 3810 μῆλον
3633 3734 3710 3786 καὶ
3725 3734 3811 3801 ἐρυ-

2325 3828 2598 3897 Θραίνεται
2619 3845 2632 3861 ⁸
2659 3830 2754 3900 τὴν
2775 3830 2867 3883 τοῦ
2899 3831 3151 3901 αἵματος,
3167 3826 3344 3902 οἶμαι,
3367 3830 3523 3900 φύσιν
3547 3819 3812 3896 ωμὸολικῶς

2327 3924 2722 3995 ἐνδεικνύμενος
2745 3925 2830 3979 διὰ
2855 3925 2948 3978 τοῦ
2965 3925 3328 3997 ἐρυθήματος.
3374 3924 3506 3978 Ἀλλ’
3531 3920 3692 3989 ἐπειδὴ
3713 3918 3812 3970 πᾶσι

2326 4014 2462 4084 σὰρξ
2525 4015 2605 4066 ἑνὶ
2656 4015 2842 4086 τρόπῳ
2885 4016 3220 4080 συνίσταται,
3279 4017 3456 4088 γάμου
3519 4012 3708 4072 πάντως
3739 4005 3812 4058 ὁδο-

2327 4106 2604 4170 ποιοῦντος
2636 4109 2725 4160 τὸν
2753 4108 2910 4162 τόκον
2938 4110 3050 4171 τοῖς
3093 4109 3172 4170 είς
3206 4108 3305 4179 τὴν
3336 4107 3476 4176 ζωὴν
3503 4103 3685 4172 ταύτην
3704 4112 3812 4165 περι-

2328 4197 2446 4252 οῦσι
2476 4199 2563 4252 διὰ
2581 4199 2866 4268 γενέσεως,
2901 4200 2975 4263 ὼς
3013 4200 3076 4253 ἂν
3109 4200 3182 4270 μή
3207 4218 3291 4263 τις
3315 4198 3510 4270 σαρκὸς
3532 4197 3711 4265 γένεσιν
3728 4185 3814 4257 περὶ

2327 4292 2389 4345 τὸ
2419 4295 2712 4362 μυστήριον
2731 4293 2826 4363 τῆς
2861 4292 3140 4355 εὐσεϐείας
3173 4291 3619 4364 παραδεξάμενος,
3653 4283 3757 4355 πρὸς
3771 4277 3814 4328 τά

2329 4385 2425 4453 τῆς
2450 4384 2661 4453 φύσεως
2676 4384 2814 4455 ἔργα
2860 4385 2955 4437 καὶ
2987 4384 3133 4456 πάθη
3164 4385 3262 4455 τὴν
3299 4385 3529 4439 διάνοιαν
3564 4371 3814 4439 κατολισθή-

2333 4493 2496 4541 σειεν,
2527 4476 2812 4547 ὁμοιογενῆ
2833 4477 2965 4528 πᾶσι
2991 4476 3247 4546 κάκείνης
3264 4477 3364 4548 τῆς
3397 4473 3586 4546 σαρκὸς
3603 4470 3687 4540 τὴν
3712 4464 3816 4532 γένε-

671 4571 782 4624 tur,
807 4560 1172 4615 existimando
1221 4565 1404 4617 carnis
1439 4565 1601 4635 hujus
1646 4574 2051 4638 generationem
2102 4588 2209 4642 per

2340 4587 2420 4622 σιν
2453 4569 2739 4639 ἐννοήσαςο
2765 4568 2956 4621 τούτου
2979 4568 3136 4640 χάριν
3155 4568 3248 4621 τὸν
3279 4569 3655 4639 κοινωνήσαντα
3673 4553 3816 4626 σαρκὸς
3908 4585 3909 4588 η

670 4650 793 4705 inde
838 4659 1208 4721 comparatam
1255 4669 1398 4719 esse,
1447 4657 1595 4711 utin
1642 4659 1763 4714 aliis
1795 4661 2088 4730 omnibus;
2143 4665 2227 4719 id-

669 4743 818 4798 circo
839 4758 962 4797 eum
1011 4745 1103 4814 qui
1128 4752 1329 4800 nostra:
1357 4751 1539 4802 carnis
1566 4759 1620 4803 et
1646 4751 1928 4819 sanguinis
1959 4755 2230 4825 particeps

671 4834 849 4889 factus
879 4842 990 4899 est,
1022 4835 1314 4891 candidum
1348 4839 1562 4908 quidem
1591 4839 1742 4894 illum
1775 4857 1839 4896 ac
1869 4844 2230 4902 rubicundum

670 4941 792 4981 esse
823 4926 1047 4991 fatetur,
1079 4943 1175 4997 per
1200 4930 1336 4985 duos
1367 4932 1533 4987 hosce
1567 4933 1778 4989 colores
1815 4935 2232 4998 obscuriuscule

671 5018 917 5086 corporis
951 5026 1203 5073 naturam
1250 5022 1520 5086 indicans,
1575 5039 1683 5078 non
1736 5034 1915 5083 tamen
1960 5033 2232 5089 consimili

673 5111 885 5164 ratione
915 5125 1141 5179 prorsus
1169 5111 1372 5167 editum
1409 5114 1463 5167 in
1496 5116 1668 5170 lucem
1713 5118 1810 5182 ait,
1843 5137 1948 5190 qua
1987 5138 2236 5178 commu-

679 5201 814 5255 niter
840 5202 1088 5258 homines
1114 5203 1433 5274 gignuntur.
1463 5205 1727 5263 Nimirum
1760 5212 1900 5266 inter
1926 5228 2115 5270 omnes
2138 5217 2236 5271 ho-

675 5293 882 5367 minum
921 5293 1213 5364 myriades,
1262 5312 1329 5351 ex
1384 5313 1492 5368 quo
1541 5299 1616 5353 illi
1663 5315 1784 5356 esse
1831 5316 2135 5373 cmperunt,
2181 5315 2236 5363 et

675 5400 960 5455 quousque
996 5387 1158 5441 veluti
1206 5387 1424 5445 ﬂuendo
1456 5401 1647 5446 natura
1690 5395 2095 5450 succedentium
2130 5398 2231 5452 sibi

677 5490 772 5543 per
799 5485 1013 5546 partum
1064 5479 1461 5550 progredietur,
1510 5484 1659 5540 solus
1691 5486 1779 5541 hic
1829 5503 1970 5544 nova
2002 5489 2234 5560 quadam

680 5573 867 5635 partus
901 5568 1083 5636 specie
1112 5569 1165 5623 in
1199 5570 1339 5628 hanc
1360 5574 1523 5628 vitam
1558 5577 1704 5632 venit
1740 5596 1752 5632 :
1780 5580 1870 5635 cui
1907 5581 1974 5636 ad
2002 5597 2232 5639 nascen-

680 5657 808 5716 dum
873 5668 1070 5717 natura
1135 5681 1245 5720 non
1310 5680 1595 5738 cooperata
1667 5680 1796 5736 est,
1866 5675 1960 5734 sed
2016 5677 2224 5734 serviit.

799 5841 992 5901 Matth.
1025 5860 1064 5913 ι,
1079 5846 1114 5900 2
1139 5863 1262 5918 sqq.

2335 4663 2430 4716 καὶ
2461 4662 2690 4732 αἵματος
2717 4661 2906 4714 λευκὸν
2932 4661 3031 4731 μὲν
3049 4655 3185 4714 εἶναι
3215 4661 3309 4713 καὶ
3335 4659 3535 4732 πυρρὸν
3552 4651 3812 4724 ὡμολόγησε.

2337 4750 2426 4804 διὰ
2449 4751 2556 4804 τῶν
2579 4751 2668 4804 δύο
2690 4751 2993 4822 χρωμάτων
3015 4749 3110 4820 τὴν
3134 4749 3226 4803 τού
3263 4749 3507 4820 σώματος
3533 4746 3671 4817 φύσιν
3695 4740 3815 4793 αἰνισ-

2339 4845 2556 4916 σομένη,
2589 4845 2648 4898 ού
2689 4844 2791 4915 μὴν
2846 4843 3196 4914 ὁμοιότροπον
3243 4843 3405 4896 αὐτοῦ
3455 4840 3544 4912 τὴν
3583 4833 3750 4906 λοχείαν
3766 4825 3816 4894 τῷ

2336 4937 2500 5008 κοινῷ
2552 4937 2695 5006 τόκῳ
2721 4935 3042 5004 γεγενῆσθαι
3083 4934 3253 5003 λέγει.
3292 4933 3428 4986 Ἀλλ’
3463 4935 3524 4986 ὲκ
3563 4925 3722 4983 πασῶν
3745 4919 3815 4972 τῶν

2343 5030 2615 5102 μυριάδων
2660 5029 2769 5082 τῶν
2814 5028 2904 5097 ἀφ’
2933 5022 2992 5082 οὗ
3025 5030 3310 5095 γεγόνασιν
3345 5026 3624 5095 ἄνθρωποι,
3661 5016 3736 5071 καὶ
3764 5011 3815 5114 εἷς

2340 5120 2368 5173 ὃ
2403 5119 2821 5192 προσελεύσεται
2845 5119 3038 5190 ῥέουσα
3061 5117 3147 5170 διὰ
3163 5117 3256 5170 τοῦ
3274 5117 3432 5171 τόκου
3458 5115 3558 5168 τῶν
3579 5115 3801 5175 ἐπιγινομε

2339 5228 2444 5264 νων
2478 5213 2511 5280 ἡ
2537 5211 2713 5278 φύσις,
2734 5210 2890 5280 μόνος
2921 5203 3072 5271 οὗτός
3101 5210 3216 5261 ὲστι
3247 5208 3323 5279 τῷ
3356 5206 3522 5276 καινῷ
3547 5204 3636 5272 τῆς
3666 5192 3814 5265 λοχείας
3908 5247 3909 5252 η

2341 5302 2466 5355 εἴδει
2494 5301 2594 5370 τῆς
2625 5301 2768 5370 ζωῆς
2803 5299 3006 5370 ταύτης
3035 5299 3308 5369 ἁψάμενος
3329 5316 3342 5329 ·
3435 5297 3550 5366 οὐχὶ
3582 5290 3813 5376 συνήργξιιπ
3908 5290 3909 5376 1

2340 5393 2476 5461 πρὸς
2498 5392 2554 5443 τὸ
2583 5389 2879 5460 γενέσθαιή
2905 5390 3082 5459 φύσις,
3107 5391 3218 5444 ἀλλ’
3241 5392 3346 5462 ύπη
3358 5391 3556 5462 ρέτησε.
3589 5382 3671 5436 Διά
3689 5375 3811 5430 τοῦτον

2341 5485 2521 5554 φησὶν,
2553 5485 2632 5536 ὅτι
2679 5483 2868 5546 λευκὸς
2891 5484 2984 5538 καὶ
3020 5486 3047 5536 ὁ
3089 5486 3296 5557 πυρρὸς
3319 5479 3484 5547 οὗτος,
3510 5483 3535 5533 ὁ
3561 5476 3635 5530 διὰ
3671 5463 3811 5539 στιΡ³ίδ’ς

2341 5579 2434 5632 καὶ
2462 5577 2691 5647 αἵματος
2713 5576 3057 5647 ἐπιδημήσας
3083 5576 3160 5647 τῷ
3194 5576 3312 5646 βίῳ,
3351 5577 3502 5646 μόνος
3529 5568 3658 5623 ἐστὶν
3674 5565 3721 5615 ὲκ
3743 5571 3807 5608 πα·

2343 5671 2452 5726 σῶν
2478 5669 2587 5725 τῶν
2615 5669 2888 5741 μυριάδων
2932 5669 2996 5723 ἐκ
3024 5669 3126 5739 τῆς
3168 5667 3486 5741 παρθενικῆς
3523 5653 3806 5729 καθαρότητος
