4028 6490
200 442 344 498 I055

1182 445 1247 499 IN
1280 445 1577 502 CANTICA
1609 441 1875 501 CANTIC.
1916 446 2208 505 IIOMIIJA
2248 448 2385 503 XIII.

3310 455 3438 510 I056

196 558 681 629 ὲκλελοχισμένος·
731 552 791 615 οὗ
844 562 1203 629 άσυνδύαστος
1262 567 1360 638 μὲν
1405 570 1438 639 ὴ
1489 569 1772 641 κυοφορία,

1883 568 2166 641 Propterea
2217 571 2394 641 inquit
2437 568 2727 624 candidum
2773 568 2919 624 hunc
2960 578 3013 625 et
3056 569 3439 640 rubicundum,

196 652 501 723 ἁμόλυντος
530 653 585 706 δὲ
620 654 652 724 ή
680 653 877 724 λοχεία,
906 655 1167 722 άνώδυνος
1187 658 1242 711 δὲ
1273 662 1305 730 ὴ
1338 660 1464 724 ὠδίς
1484 678 1498 693 ο
1530 656 1590 715 οὗ
1617 661 1771 715 θάλα-

202 762 305 815 μος
331 743 475 815 ὴτοῦ
507 744 760 814 Ὑψίστου
788 746 1032 818 δύναμις,
1048 746 1157 804 οἶόν
1180 769 1263 815 τις
1285 753 1481 822 νεφέλη
1508 755 1607 824 τὴν
1633 771 1771 824 παρ-

198 836 385 891 θενίαν
405 838 819 901 ἐπισκιάζουσα·
845 842 1049 911 πυρσὸς
1071 842 1127 895 δὲ
1150 846 1413 915 γαμήλιος
1440 848 1474 917 ή
1495 846 1587 899 τοῦ
1614 847 1769 913 ἁγίου

198 928 516 999 Πνεύματος
540 929 797 1000 ἔλλαμψις
820 947 835 961 ο
870 931 1025 1003 κλίνη
1051 934 1108 988 δὲ
1134 937 1167 1006 ή
1199 936 1455 998 ἀπάθεια,
1474 939 1566 991 καὶ
1599 939 1773 1008 γάμος

196 1023 232 1090 ἡ
265 1020 559 1089 άφθαρσία.
606 1021 663 1075 '0
708 1023 884 1079 τοίνυν
932 1027 995 1079 ὲκ
1032 1028 1138 1080 τῶν
1176 1030 1429 1083 τοιούτων
1458 1030 1769 1099 γενόμενος,

198 1112 387 1175 καλῶς
417 1112 852 1183 ὲκλελοχισμένος
876 1115 940 1170 ὲκ
973 1117 1161 1172 πασῶν
1197 1121 1302 1174 τῶν
1340 1122 1612 1192 μυριάδων
1641 1139 1773 1175 κατ-

199 1204 498 1273 ωνομάσθη
519 1220 531 1233 ·
562 1205 695 1275 ὅπερ
716 1205 775 1258 τὸ
794 1207 867 1277 μὴ
902 1210 963 1262 ὲκ
984 1210 1173 1280 λέχους
1210 1213 1371 1266 αὑτὸν
1407 1209 1543 1267 εἶναι
1574 1212 1774 1283 σημαί-

198 1311 304 1348 νει.
334 1293 532 1348 Τούτου
562 1296 669 1368 γάρ
711 1298 871 1366 μόνου
915 1303 1083 1373 χωρὶς
1139 1304 1353 1374 λοχείας
1393 1309 1425 1378 ή
1484 1308 1769 1378 γέννησις,

198 1383 393 1455 ὥσπερ
410 1384 501 1438 καὶ
522 1386 688 1457 χωρὶς
715 1388 894 1458 γάμου
923 1392 955 1460 ἡ
985 1391 1256 1458 σύστασις.
1293 1396 1366 1449 Οὐ
1392 1396 1505 1469 γὰρ
1524 1397 1774 1453 ἐστινὲπὶ

199 1478 307 1549 τῆς
330 1480 566 1549 άφθόρου
589 1499 647 1534 τε
677 1484 772 1535 καὶ
792 1484 1164 1556 άπειρογὰμου
1182 1489 1383 1558 κυρίως
1405 1490 1466 1542 τὸ
1491 1488 1657 1559 ὄνομα
1676 1489 1774 1560 τῆς

199 1569 421 1639 λοχείας
453 1572 626 1625 εἰπεῖν
645 1587 659 1602 ·
691 1572 822 1627 διότι
843 1575 1134 1646 παρθενίας
1163 1594 1222 1630 τε
1244 1580 1338 1631 καὶ
1363 1578 1573 1648 λοχείας
1595 1579 1774 1650 ἀσύμ-

200 1659 349 1713 ϐατά
383 1662 499 1714 ἐστι
526 1663 653 1733 περὶ
686 1662 784 1731 τὴν
807 1664 973 1735 αὐτὴν
1004 1666 1072 1717 τὰ
1116 1667 1373 1736 ὀνόματα.
1420 1667 1556 1720 Ἀλλ’
1588 1666 1774 1738 ῶσπερ

198 1752 336 1817 Υἱὸς
377 1753 530 1824 ἐδόθη
582 1757 712 1826 ἡμῖν
740 1757 867 1810 ἄνευ
902 1760 1143 1830 Πατρός·
1174 1760 1314 1814 οὕτω
1351 1762 1443 1815 καὶ
1474 1762 1533 1813 τὸ
1565 1763 1774 1815 παιδίον

196 1844 335 1898 ἄνευ
363 1846 575 1915 λοχείας
602 1848 944 1927 γεγέννηται.
968 1853 1055 1916 Ὦς
1066 1852 1173 1923 γὰρ
1185 1854 1285 1906 οὐκ
1297 1855 1437 1924 ἔγνω
1452 1855 1483 1925 ή
1500 1853 1774 1923 Παρθένος

1873 662 1965 731 qui
2003 678 2098 731 per
2126 677 2345 716 carnem
2380 668 2431 716 et
2454 662 2780 736 sanguinem
2825 662 2878 715 in
2921 662 3022 716 hac
3055 663 3165 716 vita
3197 672 3441 718 versatus

1871 762 1974 817 est,
2012 755 2185 809 solum
2231 770 2295 808 ex
2346 754 2615 808 universis
2665 753 2947 808 hominum
2995 755 3334 825 myriadibus
3376 757 3441 810 de

1872 846 2115 916 puritate
2160 846 2401 916 virginea
2454 846 2687 901 electum
2738 862 2899 908 esse,
2953 846 3110 915 cujus
3160 848 3442 914 conceptio

1872 938 2103 991 duorum
2154 952 2180 989 a
2240 936 2629 1006 conjunctione
2690 936 2933 1006 profecta
2985 953 3093 990 non
3126 938 3216 1003 sit,
3254 946 3442 1007 partus

1873 1029 2093 1081 minime
2118 1028 2454 1097 inquinatus,
2485 1029 2763 1098 parturigo
2793 1028 2996 1082 doloris
3026 1044 3219 1098 expers
3243 1046 3258 1084 :
3282 1030 3439 1095 cujus

1873 1120 2168 1182 thalamus,
2206 1120 2473 1175 Altissimi
2508 1128 2748 1189 potestas
2800 1120 2955 1188 quasi
2997 1120 3237 1189 quaedam
3267 1120 3440 1175 nubes

1872 1211 2240 1281 virginitatem
2275 1213 2449 1281 ipsam
2483 1211 2824 1271 inumbrans,
2873 1211 2958 1264 fax
2994 1213 3248 1280 nuptialis
3317 1212 3441 1281 Spi-

1879 1302 2017 1355 ritus
2081 1305 2255 1359 sancti
2323 1303 2618 1373 splendor,
2690 1302 2867 1357 cubile
2939 1303 3195 1356 vitiorum
3244 1320 3439 1374 expers

1875 1394 2137 1455 conditio.
2189 1395 2390 1464 nuptiae
2418 1395 2627 1463 puritas
2694 1390 3031 1463 incorrupta.
3083 1394 3184 1459 Qui
3219 1408 3283 1447 ex
3316 1394 3440 1447 tali-

1873 1485 1977 1539 bus
2000 1494 2156 1540 ortus
2180 1496 2287 1551 est,
2323 1494 2469 1539 recte
2498 1485 2803 1555 appellatur
2831 1485 3039 1540 electus
3071 1501 3137 1539 ex
3173 1486 3439 1541 universis

1875 1577 2213 1648 myriadibns
2246 1594 2257 1628 :
2290 1593 2399 1647 quo
2430 1577 2647 1647 quidem
2680 1578 3038 1647 signiﬁcatur,
3077 1593 3183 1631 non
3216 1594 3283 1633 ex
3316 1594 3444 1633 con-

1869 1666 2037 1736 jugali
2106 1677 2225 1720 toro
2259 1668 2438 1737 ipsum
2474 1668 2728 1722 existere.
2777 1668 2910 1721 Nam
2957 1668 3118 1737 hujus
3150 1669 3318 1723 solius
3350 1684 3443 1739 ge-

1874 1759 2089 1811 neratio
2140 1759 2529 1827 parturiginem
2564 1774 2671 1812 non
2716 1758 2937 1822 habuit,
2986 1758 3441 1828 quemadmodum

1872 1856 1926 1903 et
1963 1850 2081 1903 sine
2108 1849 2361 1918 conjugio
2392 1847 2555 1917 cmpit
2597 1848 2877 1902 exsistere.
2909 1846 3091 1917 Neque
3122 1849 3264 1901 enim
3296 1863 3428 1915 pro-

194 1940 354 2001 ὃπως
382 1941 437 1991 ἐν
466 1939 543 2009 τῷ
574 1938 783 2009 σώματι
809 1941 977 2011 αὐτῆς
998 1941 1059 1994 τὸ
1082 1941 1324 2013 θεοδόχον
1341 1945 1566 2014 συνέστη
1590 1945 1769 2014 σῶμα·

1883 1939 1993 2007 prie
2022 1940 2377 2008 parturiginis
2404 1939 2725 1993 vocabulum
2760 1940 3010 2008 usurpari
3044 1940 3109 1994 de
3144 1940 3233 1992 illa
3262 1940 3444 1993 incor-

196 2027 378 2091 οὕτως
389 2028 509 2082 οὐδὲ
529 2030 621 2082 τοῦ
647 2030 805 2083 τόκου
821 2032 1032 2101 ᾔσθετο,
1050 2034 1426 2106 μαρτυρούσης
1444 2036 1541 2105 τῆς
1556 2054 1735 2109 προφη
1749 2068 1770 2078 -

194 2117 357 2180 τείας
370 2117 504 2188 αὑτῇ
526 2118 587 2170 τὸ
612 2117 877 2173 ἀνώδυνον
899 2120 998 2190 τῆς
1018 2121 1222 2185 ὠδῖνος.
1240 2124 1375 2195 Φησὶ
1393 2125 1501 2196 γὰρ
1526 2126 1770 2192 Ἡσαΐας,

195 2209 353 2278 Πρὶν
390 2211 587 2265 ἐλθεῖν
621 2212 761 2277 τοὺς
796 2213 1020 2279 πόνους
1054 2214 1171 2265 τῶν
1220 2214 1468 2279 ὠδίνων,
1519 2218 1775 2287 ἐξέφυγε

196 2302 303 2354 καὶ
324 2302 528 2355 ἔτεκεν
551 2302 755 2369 ἄρσεν,
777 2305 874 2356 Δια
912 2304 1068 2357 τοῦτο
1097 2307 1535 2378 ἐκλελοχισμένος
1565 2312 1659 2363 καὶ
1686 2310 1774 2376 ξε-

198 2390 368 2454 νίζων
397 2392 516 2444 καθ’
550 2393 805 2464 ἑκάτερον
826 2393 922 2465 τὴν
952 2396 1266 2450 ἀκολουθίαν
1293 2400 1387 2469 τῆς
1404 2399 1633 2467 φύσεως,
1652 2400 1773 2453 οὔτε

197 2482 510 2553 ἀρξάμενος
533 2484 592 2548 ἐξ
612 2485 826 2555 ἡδονῆς,
865 2486 986 2540 οὔτε
1021 2488 1296 2560 προελθὼν
1324 2490 1411 2543 διὰ
1460 2492 1639 2546 πόνου.
1666 2494 1774 2545 Καὶ

196 2572 365 2626 τοῦτο
415 2574 555 2627 κατὰ
609 2576 669 2628 τὸ
702 2577 993 2631 ἀκόλουθον
1044 2581 1270 2647 γίνεται,
1309 2583 1399 2634 καὶ
1432 2583 1529 2635 ούκ
1555 2582 1658 2648 ἔξω
1681 2583 1773 2637 τοῦ

196 2665 415 2729 εἰκότος
451 2668 616 2721 ἐστίν.
664 2669 881 2741 Ἐπειδὴ
943 2671 1117 2741 γὰρὴ
1167 2674 1257 2725 τὸν
1298 2673 1522 2727 θάνατον
1567 2676 1653 2727 διὰ
1676 2675 1776 2744 τῆς

198 2756 483 2827 ἁμαρτίας
513 2760 879 2827 ἐπεισάγουσα
920 2766 985 2833 τῇ
1021 2762 1203 2830 φύσει,
1242 2765 1299 2816 ὲν
1331 2763 1526 2828 λύπαις
1558 2767 1650 2818 καὶ
1686 2766 1777 2818 πό-

198 2865 319 2911 νοις
346 2849 550 2901 τίκτειν
583 2852 966 2925 κατεδικάσθη,
1000 2854 1106 2907 ἔδει
1129 2855 1344 2917 πάντως
1377 2856 1473 2927 τὴν
1504 2857 1604 2927 τῆς
1632 2857 1776 2926 ζωῆς

201 2939 423 3010 μητέρα
472 2941 579 2993 ἀπὸ
616 2944 790 3013 χαρᾶς
816 2962 873 2996 τε
906 2943 1003 3013 τῆς
1037 2947 1330 3014 κυοφορίας
1361 2947 1647 3018 ἄρξασθαι,
1684 2954 1776 3006 καὶ

197 3029 295 3082 διὰ
323 3031 495 3100 χαρᾶς
518 3030 796 3084 τελειῶσαι
821 3032 913 3085 τὸν
940 3033 1115 3086 τόκον.
1144 3034 1318 3101 Χαζοε
1340 3040 1467 3107 γάρ,
1496 3040 1648 3108 φησὶ,
1678 3058 1776 3094 κε-

201 3122 597 3193 χαριτωμένη,
645 3124 780 3194 πρὸς
812 3126 980 3196 αὐτὴν
1028 3124 1057 3176 6
1104 3128 1460 3197 ἀρχάγγελος,
1505 3132 1777 3187 ἐκϐάλλων

200 3218 274 3285 τῇ
308 3218 459 3286 φωνῇ
490 3216 588 3286 τήν
617 3215 793 3288 λύπην
827 3217 923 3287 τήν
964 3218 1021 3284 ἐξ
1053 3219 1224 3290 ἀρχῆς
1249 3221 1351 3273 ὑπὸ
1379 3222 1478 3290 τῆς
1505 3224 1777 3295 ἁμαρτίας

202 3284 692 3378 ἀποκληρωθεῖσαν
722 3284 799 3379 τῶ
829 3284 993 3381 τόκῳ.
1025 3284 1192 3374 Οὗτος
1237 3314 1333 3382 μὲν
1372 3284 1462 3367 οὖν
1490 3284 1635 3369 ἐστιν
1656 3319 1683 3369 ὁ
1708 3284 1783 3387 τῶ
1808 3284 1852 3343 c

204 3399 381 3470 καινῷ
404 3417 463 3452 τε
488 3401 579 3453 καὶ
609 3401 861 3464 ἰδιάζοντι
888 3401 988 3469 τῆς
1016 3405 1317 3474 γεννήσεως
1365 3406 1429 3458 ἐκ
1462 3408 1645 3460 πασῶν
1678 3409 1784 3462 τῶν

206 3490 487 3561 μυριάδων
518 3490 676 3561 μόνος
729 3490 967 3552 τοιοῦτος
994 3494 1301 3562 γενόμενος,
1328 3494 1356 3545 6
1394 3494 1582 3559 λευκός
1608 3514 1666 3550 τε
1694 3497 1785 3550 καὶ

204 3582 419 3653 πυρρὸς
450 3580 535 3634 διὰ
558 3582 654 3652 τὴν
678 3581 855 3653 σάρκα
893 3587 988 3638 καὶ
1016 3585 1074 3637 τὸ
1097 3580 1234 3656 αἷμα
1271 3587 1449 3651 καλῶς
1472 3588 1785 3659 ὠνομασμὲι

206 3692 327 3741 νος,
352 3674 445 3728 καὶ
510 3675 954 3746 ὲκλελοχισμένος
1004 3677 1111 3731 ἀπὸ
1183 3679 1487 3749 μυριάδων,
1542 3681 1628 3734 διὰ
1690 3684 1785 3755 τὴν

206 3764 491 3836 ἄφθαρτόν
516 3783 573 3818 τε
612 3767 704 3818 καὶ
726 3767 909 3837 ἀπαθῆ
937 3767 1030 3821 τοῦ
1054 3770 1210 3823 τόκου
1252 3771 1402 3843 παρὰ
1426 3772 1548 3836 τοὺς
1571 3774 1787 3839 λοιποὺς

212 3856 478 3926 ἰδιότητα.
532 3857 599 3908 Ἦ
656 3857 793 3927 τάχα
843 3859 936 3911 καὶ
960 3858 1049 3911 διὰ
1087 3858 1154 3912 τὰ
1174 3859 1336 3912 λοιπά
1355 3860 1453 3930 τῆς
1479 3864 1788 3932 γεννήσεως

208 3948 334 4017 εἴδη
360 3946 427 4000 τὰ
454 3947 539 4001 διὰ
570 3948 667 4017 τῆς
693 3948 906 4018 λοχείας
938 3949 1215 4019 γινόμενα,
1252 3949 1452 4021 ταύτην
1476 3952 1784 4023 ἐφήρμοσεν

209 4039 368 4109 αύτῷ
416 4039 513 4109 τὴν
544 4040 724 4111 φωνήν
758 4042 790 4109 ἡ
826 4040 1030 4110 νύμφη.
1063 4041 1175 4093 Ούκ
1222 4042 1435 4109 ἀγνοεῖς
1482 4041 1537 4094 δὲ
1570 4043 1783 4107 πάντως

208 4135 405 4197 ὁσάκις
439 4132 699 4203 ἐγεννήθη
732 4136 759 4185 ὁ
806 4133 982 4203 πάσης
1013 4136 1111 4205 τῆς
1168 4134 1395 4197 κτίσεως
1442 4134 1785 4205 πρωτότοκος

209 4227 275 4280 ὲν
307 4225 517 4286 πολλοῖς
545 4224 808 4293 ἀδελφοῖς,
825 4224 1160 4296 πρωτότοκος
1177 4226 1240 4278 ἐκ
1264 4226 1470 4296 νεκρῶν
1495 4241 1506 4253 ’
1525 4226 1553 4277 6
1573 4226 1785 4296 πρῶτος

209 4318 387 4381 λύσας
413 4317 509 4380 τὰς
526 4316 713 4379 ὠδῖνας
726 4316 817 4368 τοῦ
840 4316 1086 4379 θανάτου,
1108 4318 1200 4370 καὶ
1223 4318 1354 4369 πᾶσι
1382 4316 1471 4369 τὸν
1496 4318 1558 4369 ἐκ
1581 4317 1787 4387 νεκρῶν

210 4408 379 4460 ’τόκον
408 4407 727 4475 ὀδοποιήσας
754 4405 842 4458 διὰ
868 4405 964 4474 τῆς
997 4405 1359 4465 ἀναστάσεως.
1403 4402 1490 4455 Ἐν
1519 4404 1651 4455 πᾶσι
1693 4402 1787 4471 μὲν

213 4499 333 4570 γὰρ
354 4497 561 4560 τούτοις
587 4496 869 4566 ἐγεννήθη,
913 4496 975 4547 ού
1012 4494 1117 4565 μὴν
1152 4494 1237 4547 διὰ
1276 4493 1486 4563 λοχείας
1520 4494 1789 4564 παρῆλθεν

1880 2038 2037 2098 rupta
2067 2038 2121 2083 et
2155 2030 2467 2099 conjugium
2514 2045 2620 2082 non
2662 2038 2883 2098 experta
2928 2039 3123 2098 potest,
3160 2040 3442 2100 propterea

1880 2122 2024 2191 quod
2056 2121 2342 2191 virginitas
2388 2128 2441 2175 et
2478 2121 2756 2190 parturigo
2799 2122 2853 2174 in
2894 2122 3081 2175 cadem
3117 2138 3445 2177 concurrere

1880 2223 2169 2283 nequeant.
2207 2213 2467 2267 Nimirum
2498 2213 2573 2266 uti
2626 2213 2786 2266 datus
2837 2214 2995 2266 nobis
3042 2216 3245 2282 alisque
3288 2213 3445 2269 Patre

1879 2306 2070 2370 Filius,
2100 2308 2181 2361 sic
2212 2308 2373 2361 etiam
2409 2322 2542 2376 puer
2569 2306 2656 2360 hic
2684 2306 2890 2375 absque
2924 2306 3261 2375 parturigine
3286 2318 3445 2361 natus

1886 2409 1993 2453 est.
2036 2399 2209 2467 thue
2238 2395 2405 2468 Virgo
2462 2399 2578 2466 ipsa
2611 2412 2719 2449 non
2774 2398 3024 2465 cognovit
3068 2412 3174 2465 quo
3206 2405 3361 2463 pacto
3390 2398 3442 2451 in

1881 2504 2107 2559 corpore
2150 2490 2321 2559 ipsius
2371 2505 2569 2559 corpus
2616 2489 2745 2541 illud
2795 2488 3132 2542 divinitatem
3166 2489 3441 2557 recipiens

1880 2581 2194 2636 coaluerit:
2250 2582 2331 2636 sic
2386 2597 2454 2634 ne
2509 2589 2722 2650 partum
2770 2579 2986 2650 quidem
3045 2580 3234 2642 sensit,
3283 2580 3445 2634 etiam

1880 2674 2018 2729 Isaia
2084 2675 2347 2744 prOpheta
2396 2674 2463 2728 de
2507 2674 2597 2727 illa
2645 2678 2916 2735 testante,
2969 2671 3114 2741 quod
3160 2671 3443 2741 parturigo

1882 2767 2053 2834 ipsius
2088 2765 2294 2821 doloris
2333 2780 2530 2835 expers
2574 2764 2757 2830 fuerit,
2791 2779 2915 2817 cum
2958 2764 3031 2817 ait
3071 2781 3083 2817 :
3128 2763 3448 2832 Priusquam

1883 2855 2086 2909 labores
2118 2858 2505 2926 parturigt'num
2542 2857 2822 2918 venissent,
2859 2854 3082 2908 liberata
3131 2870 3330 2908 marem
3364 2869 3455 2922 pe-

1881 2949 2071 3016 perit".
2116 2948 2323 3002 ldcirco
2361 2956 2415 3002 et
2442 2949 2647 3004 electus
2682 2948 2806 3013 fuit,
2834 2955 2887 3003 et
2914 2954 3147 3016 utraque
3171 2956 3323 3015 parte
3348 2961 3451 3000 na-

1882 3047 2018 3092 tura:
2042 3037 2287 3091 ordinem
2319 3037 2618 3092 innovavit.
2658 3035 2771 3091 Nec
2800 3035 2946 3090 enim
2973 3051 3004 3090 e
3034 3034 3311 3104 voluptate
3334 3048 3452 3088 ca:-

1884 3130 1963 3200 pit
1992 3129 2276 3191 exsistere,
2312 3143 2491 3197 neque
2536 3143 2629 3198 per
2656 3127 2877 3182 dolores
2922 3128 2976 3179 in
3019 3126 3195 3180 lucem
3230 3125 3451 3195 prodiit.

1882 3220 2061 3288 Atque
2092 3218 2195 3272 hoc
2240 3218 2297 3272 lit
2342 3218 2553 3273 ratione
2582 3220 2813 3289 quadam
2850 3224 3241 3282 consentanea,
3289 3216 3452 3269 mini-

1886 3326 2075 3381 meque
2102 3310 2396 3365 absurdum
2425 3319 2529 3367 est.
2572 3310 2705 3365 Cum
2737 3310 2881 3364 enim
2915 3310 3009 3363 illa
3071 3323 3190 3379 qua:
3221 3316 3448 3363 mortem

1887 3402 1941 3455 in
1975 3410 2223 3455 naturam
2256 3416 2352 3470 per
2410 3408 2691 3471 peccatum
2740 3400 3066 3463 introduxit,
3087 3399 3448 3454 condemnata

1886 3494 1957 3548 sit
1987 3501 2045 3546 ut
2080 3492 2132 3546 in
2166 3492 2448 3547 doloribus
2475 3492 2860 3561 laboribusque
2903 3490 3098 3561 pariat,
3167 3490 3454 3561 oportebat

1886 3587 2106 3637 omnino
2146 3591 2371 3638 matrem
2422 3584 2547 3638 vita:
2588 3593 2699 3638 tam
2747 3583 3155 3652 conceptionem
3206 3596 3235 3635 a
3267 3582 3452 3635 laetitia

1887 3676 2165 3738 inchoare,
2206 3691 2366 3744 quam
2404 3684 2615 3744 partum
2646 3675 2701 3729 in
2733 3675 2917 3729 laetitia
2962 3673 3239 3743 perlicere.
3280 3671 3452 3727 Nimi-

1889 3784 2007 3822 rum
2041 3770 2115 3821 ait
2140 3767 2205 3820 ad
2230 3783 2347 3821 eam
2374 3768 2627 3837 princeps
2658 3767 2747 3820 ille
2774 3766 2997 3834 angelus
3017 3786 3029 3818 :
3048 3764 3249 3829 Gaude,
3280 3766 3454 3831 gratia

1888 3862 2093 3930 plena“.
2140 3859 2259 3924 Qua
2292 3874 2424 3914 voce
2468 3858 2785 3913 maestitiam
2817 3858 2962 3912 illam
3000 3858 3188 3927 abigit,
3220 3872 3341 3926 qua
3368 3872 3455 3911 re-

1892 3967 2012 4006 rum
2059 3952 2216 4005 initio
2265 3959 2484 4021 propter
2531 3957 2810 4019 peccatum
2842 3950 3017 4019 partui
3067 3958 3151 4004 est
3178 3949 3449 4017 imposita.

1893 4044 1991 4099 Hic
2024 4045 2188 4114 igitur
2236 4044 2324 4097 ille
2365 4052 2447 4097 est
2486 4042 2580 4111 qui
2635 4056 2771 4095 nova
2809 4040 3041 4110 quadam
3086 4055 3150 4093 ac
3195 4039 3455 4108 peculiari

1894 4134 2258 4206 generationis
2288 4134 2504 4187 ratione
2531 4148 2593 4186 ex
2625 4132 2959 4202 myriadibus
2990 4131 3258 4185 universis
3303 4131 3454 4185 solus

1895 4228 2019 4281 talis
2056 4235 2215 4280 natus
2264 4233 2369 4289 cst,
2409 4231 2462 4279 et
2509 4222 2773 4277 candidus
2817 4237 2880 4275 ac
2926 4219 3262 4275 rubicundus
3309 4227 3455 4275 recte

1896 4320 2194 4389 appellatus
2242 4326 2461 4389 propter
2494 4331 2711 4370 carnem
2747 4323 2799 4370 et
2845 4313 3161 4384 sanguinem
3190 4354 3204 4377 ,
3248 4313 3453 4368 electus

1894 4427 1957 4465 ex
2003 4411 2187 4465 decem
2238 4409 2501 4473 millibus,
2538 4417 2757 4479 propter
2802 4408 3174 4475 incorruptam
3209 4413 3263 4460 et
3296 4405 3455 4459 vitio-

1896 4504 2013 4557 rum
2062 4510 2334 4572 expertem
2388 4502 2771 4571 proprietatem
2827 4507 3053 4566 partus,
3104 4499 3374 4554 diversam
3425 4514 3453 4551 a

217 4591 304 4653 εἰς
340 4584 699 4662 γέννησιν.”Η
716 4590 966 4662 τεγὰρὲκ
994 4586 1087 4639 τοῦ
1120 4585 1307 4649 ὓδατος
1334 4586 1545 4654 γένεσις
1591 4585 1651 4638 τὸ
1692 4586 1780 4656 τῆς

1897 4604 2050 4666 partu
2083 4596 2437 4665 reliquorum.
2481 4595 2575 4649 Vel
2605 4593 2852 4648 fortassis
2880 4594 3019 4645 hanc
3047 4592 3096 4647 ei
3139 4606 3323 4646 vocem
3361 4604 3459 4643 ac-

216 4682 437 4753 λοχείας
466 4680 634 4744 πάθος
659 4680 719 4732 οὐ
745 4679 1091 4749 παρεδέξατο,
1121 4679 1266 4749 καὶὴ
1290 4681 1354 4732 ὲκ
1372 4679 1579 4747 νεκρῶν
1602 4678 1795 4747 παλιγ-

215 4774 495 4843 γεννεσία,
524 4774 663 4844 καὶὴ
682 4772 777 4843 τῆς
794 4772 940 4835 θείας
959 4770 1159 4841 ταύτης
1182 4770 1407 4834 κτίσεως
1435 4770 1791 4842 πρωτοτοκία,

217 4866 343 4920 ἀλλ’
364 4866 422 4918 ὲν
454 4867 587 4919 πᾶσι
612 4864 817 4928 τούτοις
850 4864 1137 4934 καθαρεύει
1175 4864 1272 4934 τῆς
1304 4862 1517 4934 λοχείας
1549 4864 1577 4916 6
1611 4864 1786 4925 τόκος.

219 4958 327 5011 Διὰ
352 4958 508 5012 τοῦτό
546 4975 728 5027 φησιν,
770 4955 1307 5026 Ἑκλελοχισμένος
1331 4955 1450 5010 ἀπὸ
1466 4954 1787 5025 μυριάδων.

1900 4684 2262 4740 commodavit
2311 4697 2533 4752 sponsa,
2570 4690 2790 4751 propter
2825 4690 3049 4737 cmteras
3087 4678 3456 4750 generationis

1900 4775 2071 4846 ipsius
2103 4774 2332 4845 species,
2364 4789 2485 4842 quae
2516 4781 2570 4826 et
2626 4774 2755 4843 ipsa:
2793 4771 3146 4841 parturiginis
3174 4785 3283 4826 non
3331 4778 3458 4826 sunt

1895 4874 2165 4937 expertes.
2216 4863 2326 4919 Nec
2357 4866 2606 4934 ignorare
2641 4872 2823 4933 potes,
2876 4863 3089 4932 quoties
3123 4862 3194 4917 sit
3237 4863 3450 4933 genitus

1896 4958 1945 5013 is
2000 4959 2089 5027 qui
2125 4957 2292 5011 totius
2331 4956 2530 5025 Opiﬁcii
2578 4955 2929 5026 primigenius
2963 4963 3066 5019 est,
3098 4953 3455 5024 primigenius

222 5053 369 5105 inter
397 5050 595 5104 multos
641 5049 862 5113 fratres,
934 5050 1287 5120 primigenius
1330 5062 1395 5101 ex
1468 5048 1721 5111 mortuis,
1765 5047 1859 5117 qui
1897 5050 2104 5118 primus
2139 5047 2329 5101 mortis
2359 5046 2719 5117 parturigines
2763 5046 2961 5110 solvit,
3016 5059 3079 5099 ac
3132 5060 3226 5114 per
3270 5058 3459 5097 resur-

221 5140 527 5195 rectionem
556 5152 707 5192 suam
731 5139 1005 5193 universis
1029 5139 1173 5191 viam
1205 5138 1271 5191 ad
1333 5145 1546 5207 partum
1612 5152 1675 5192 ex
1741 5139 1967 5193 mortuis
2034 5136 2264 5207 aperuit.
2299 5135 2431 5189 Nam
2467 5136 2518 5189 in
2550 5136 2634 5192 his
2668 5137 2919 5192 omnibus
2953 5145 3113 5191 natus
3140 5147 3242 5199 est,
3276 5146 3452 5203 neque

222 5244 411 5287 tamen
448 5246 543 5300 per
570 5231 957 5300 parturiginem
988 5230 1188 5286 editus.
1233 5230 1367 5284 Nam
1404 5229 1663 5283 nativitas
1701 5246 1795 5300 per
1868 5244 2062 5301 aquam
2131 5228 2483 5298 parturiginis
2502 5227 2742 5283 dolorem
2782 5244 2889 5283 non
2918 5228 3153 5289 admisit,
3188 5240 3288 5281 nec
3326 5226 3456 5279 item

222 5343 294 5381 ex
339 5323 569 5376 mortuis
612 5323 984 5391 regeneratio,
1037 5338 1135 5377 nec
1176 5322 1345 5376 divini
1396 5323 1541 5378 illius
1571 5322 1772 5393 opiﬁcii
1811 5322 2261 5393 primogenitum,
2318 5321 2411 5375 sed
2453 5321 2507 5374 in
2578 5323 2829 5377 omnibus
2884 5322 3033 5376 hisce
3115 5326 3304 5390 partus
3353 5333 3452 5371 ex-

225 5434 357 5492 pers
381 5415 588 5469 doloris
618 5413 737 5467 fuit.
771 5413 893 5467 llazc
912 5430 1077 5470 causa
1106 5422 1208 5477 est,
1233 5415 1581 5485 quamobrem
1604 5417 1748 5471 dicat
1774 5434 1788 5471 :
1832 5414 2041 5469 Electus
2066 5430 2130 5468 ex
2154 5416 2326 5468 decem
2364 5415 2620 5469 millibus.

306 5504 432 5563 Οἶον
456 5507 512 5560 δὲ
540 5504 706 5559 αὑτοῦ
734 5506 794 5561 τὸ
811 5506 1002 5572 κάλλος
1018 5509 1075 5561 ἐν
1100 5509 1209 5571 τοῖς
1222 5508 1342 5563 καθ’
1362 5508 1588 5563 ἕκαστον
1614 5509 1775 5578 μέλεα

1974 5507 2238 5561 αιτιοι-ωτι
2272 5516 2484 5577 tempus
2503 5508 2613 5576 jam
2638 5505 2797 5559 fuerit
2836 5514 2893 5557 ut
2946 5505 3109 5559 etiam
3139 5502 3453 5557 considere-

230 5602 521 5671 διηγεῖται,
545 5597 733 5669 καιρὸς
753 5597 808 5650 δὲ
840 5596 905 5650 ἂν
928 5598 1011 5671 εἴη
1042 5600 1369 5671 κατανοῆσαι
1392 5600 1479 5655 διὰ
1506 5601 1613 5655 τῶν
1648 5602 1780 5671 εἰρη-

1900 5614 2022 5653 mus
2051 5614 2114 5653 ex
2142 5599 2409 5669 prmlectis
2438 5598 2619 5653 verbis
2648 5597 2824 5667 qualis
2861 5596 3005 5651 illius
3049 5594 3315 5663 elegantia
3341 5594 3457 5649 sin-

238 5692 439 5764 μένων.
490 5688 732 5757 Κεφαλὴ
778 5688 982 5753 αὐτοῦ,
1029 5692 1285 5759 χρυσίον
1348 5692 1567 5761 Κεφάζ.
1614 5691 1677 5744 Ἦ
1736 5690 1780 5743 δὲ

1898 5691 2039 5763 gulis
2069 5691 2123 5746 in
2165 5691 2422 5747 membris
2483 5694 2953 5747 commemoretur.
3007 5686 3177 5756 Caput
3205 5689 3344 5756 ejus,
3368 5684 3458 5744 itt-

316 5876 335 5906 "
365 5872 470 5929 ιω.
501 5890 642 5940 vat,
668 5876 722 5927 7.
796 5875 817 5905 ⁸
847 5873 978 5929 Luc.
1016 5893 1052 5939 ι,
1080 5873 1169 5927 28.
