4028 6528
569 444 703 500 1035

1796 441 1853 497 S.
1894 437 2223 498 GBEGORII
2258 437 2553 498 NYSSENI

3661 448 3807 503 {056

568 566 708 646 quit,
753 579 942 618 aurum
992 562 1219 633 Cephea.
1274 563 1385 619 Vox
1437 573 1617 620 autem
1652 564 1743 619 illa
1779 563 2045 620 Hebraica
2080 562 2122 617 si

2256 561 2502 633 Εὸραῖκὴ
2528 561 2690 627 λέξις,
2719 564 2767 617 εί
2790 563 2925 635 πρὸς
2973 564 3073 635 τὴν
3101 565 3375 636 ἡμετέραν
3425 566 3804 637 μεταληφθεεη

569 665 808 711 nostram
850 658 901 709 in
934 655 1170 725 linguam
1214 657 1595 721 transferatur,
1627 672 1818 712 aurum
1850 672 2044 728 purum
2075 668 2129 713 et

570 748 829 801 intactum
872 748 1161 817 signiﬁcat,
1202 749 1458 819 quodque
1488 749 1637 804 omni
1678 751 1906 805 mistura
1957 762 2125 805 caret.

568 839 742 907 Atque
780 838 920 893 hanc
953 855 1137 893 vocem
1169 855 1275 895 non
1310 857 1631 897 conversam
1680 842 1810 895 mihi
1845 839 2130 911 reliquisse

571 939 851 1001 prepterea
879 932 1151 996 videntur,
1191 934 1283 1003 qui
1316 934 1428 988 haec
1465 933 1533 987 de
1575 932 1813 987 Hebraeis
1842 931 2026 987 Greca
2053 931 2131 986 l‘e-

571 1033 786 1087 cerunt,
820 1025 963 1095 quod
996 1041 1102 1079 non
1134 1027 1435 1095 reperirent
1459 1028 1511 1080 in
1549 1027 1730 1095 lingua
1764 1026 1950 1082 Graeca
1973 1041 2133 1081 voca-

571 1115 759 1170 bulum
833 1118 1003 1171 ullum
1069 1133 1178 1187 quo
1240 1119 1516 1188 emphasis
1583 1118 1835 1174 Hebraici
1894 1118 2131 1174 nominis

570 1209 847 1263 enuntiari
873 1217 1076 1277 posset.
1109 1208 1220 1264 Nos
1240 1217 1440 1272 autem,
1468 1210 1686 1280 cognito
1735 1225 1920 1266 vocem
1951 1209 2135 1280 hujus~

574 1301 721 1354 modi
749 1301 1059 1371 signiﬁcare
1087 1300 1343 1371 quiddam
1370 1303 1584 1357 sincere
1626 1318 1839 1372 purum,
1883 1302 2135 1372 quodque

576 1390 779 1444 nullam
812 1390 1045 1446 sordidae
1083 1392 1324 1447 materiei
1370 1393 1651 1447 misturam
1700 1394 1992 1457 admittat,
2032 1394 2136 1449 hoc

578 1491 639 1536 ut
669 1482 737 1537 de
757 1484 899 1538 dicto
929 1484 1207 1552 proposito
1239 1490 1563 1549 statuamus,
1599 1485 1939 1552 adducimur,
1975 1485 2137 1541 nimi-

579 1590 699 1629 rum
740 1576 987 1644 cm-poris
1020 1574 1279 1630 Ecclesiae
1309 1586 1473 1646 caput
1494 1594 1615 1634 esse
1641 1578 1937 1633 Christum.
1978 1578 2138 1634 Chri-

581 1675 723 1720 stum
773 1682 902 1720 vero
949 1683 1095 1721 nunc
1139 1668 1464 1734 didicimus,
1511 1685 1621 1724 non
1671 1670 1773 1726 hoc
1827 1686 2023 1727 nomen
2068 1670 2138 1726 ad

578 1759 933 1812 aeternitatem
975 1757 1195 1816 deitatis
1229 1761 1600 1827 extendentes,
1630 1762 1725 1817 sed
1758 1764 1824 1817 ad
1864 1764 2138 1819 hominem

581 1853 830 1909 deitatem
864 1854 918 1906 in
942 1869 1000 1910 se
1024 1855 1392 1925 recipientem,
1418 1856 1511 1926 qui
1554 1864 1881 1926 conspectus
1915 1857 1966 1911 in
1997 1864 2139 1912 terra

2228 652 2429 722 φωνὴν,
2459 652 2521 704 τὸ
2546 653 2783 725 καθαρόν
2808 670 2868 707 τε
2891 654 2985 707 καὶ
3014 654 3317 719 ἀνόθευτον,
3351 655 3444 709 καὶ
3471 654 3657 727 πάσης
3680 658 3807 708 ἐπι-

2234 745 2415 815 μιξίας
2457 744 2741 816 ἁλλότερον
2797 746 3017 816 χρυσίον
3064 746 3150 799 διὰ
3195 746 3295 816 τῆς
3354 747 3536 818 φωνῆς
3588 747 3805 818 ταύτης

2228 837 2519 891 δείκνυται.
2587 839 3009 910 Ἀνερμήνευτον
3053 838 3110 891 δέ
3151 857 3241 910 μοι
3277 840 3451 895 δοκεῖν
3482 841 3805 894 καταλελοιο

2232 928 2389 983 πέναι
2413 929 2509 1001 τὴν
2529 924 2622 983 τοῦ
2644 929 2836 999 Κεφάζ
2858 930 3021 997 λέξιν,
3040 933 3086 983 οἱ
3107 931 3202 995 τὰς
3217 931 3396 1000 φωνὰς
3410 931 3517 984 τῶν
3532 932 3808 1003 Ἐϐραίων

2230 1019 2682 1092 ὲξελληνίσαντες,
2706 1020 2795 1074 διὰ
2812 1021 2875 1073 τὸ
2902 1020 2977 1093 μὴ
3015 1022 3195 1093 εὑρεῖν
3232 1025 3289 1075 ὲν
3314 1025 3425 1086 τοῖς
3466 1023 3808 1094 Ἑλληνικοῖς

2233 1112 2438 1184 ῥήμασι
2475 1114 2741 1185 μηδεμίαν
2760 1114 2942 1185 φωνὴν
2971 1112 3357 1185 ὲξαγγελτικὴν
3379 1116 3477 1184 τῆς
3506 1116 3807 1184 ἐμφάσεως

2232 1204 2334 1275 τῆς
2358 1204 2621 1276 ὲνθεωρου
2629 1204 2796 1275 μένης
2815 1207 2881 1274 τῇ
2916 1204 3156 1276 Ἐσραῖδι
3177 1208 3347 1277 φωνῇ.
3364 1205 3553 1276 Ἡμεῖς
3571 1205 3629 1258 δὲ
3644 1205 3808 1258 τοῦτο

2238 1294 2517 1366 μαθόντες,
2578 1296 2659 1348 ὅτι
2708 1293 2769 1348 τὺ
2820 1295 3124 1367 εἰλικρινῶς
3177 1295 3431 1366 καθαρὸν,
3477 1297 3574 1349 καὶ¹
3616 1298 3808 1365 πάσης

2236 1386 2366 1458 ὕλης
2396 1388 2644 1458 ρυπαρᾶς
2668 1385 2866 1458 ἀμιγές
2886 1402 2946 1441 τε
2979 1387 3073 1442 καὶ
3108 1387 3479 1457 ἀπαράδεκτον
3511 1389 3547 1458 ή
3574 1388 3806 1457 τοιαύτη

2235 1480 2378 1547 λέξις
2403 1482 2735 1538 ἐνδείκνυται
2753 1500 2767 1515 ·
2793 1482 2966 1539 ταῦτα
2991 1482 3234 1554 περὶτοῦ
3262 1482 3615 1554 προκειμένου
3635 1481 3807 1553 ῥητοῦ

2237 1575 2374 1627 νοεῖν
2409 1572 2730 1645 ὲναγόμεθα,
2773 1574 2856 1627 ὅτι
2903 1574 3111 1644 κεφαλὴ
3133 1572 3227 1626 τοῦ
3271 1572 3514 1643 σώματος
3536 1573 3636 1643 τῆς
3682 1571 3812 1625 Ἐκ-

2238 1665 2465 1736 κλησίας
2495 1665 2642 1720 ἐστὶν
2667 1668 2697 1721 6
2723 1665 2976 1739 Χριστός.
3006 1666 3238 1738 Χριστὸν
3268 1665 3325 1719 δὲ
3354 1665 3447 1719 νῦν
3472 1664 3713 1734 λέγομεν
3748 1663 3811 1716 οὗ

2238 1758 2375 1831 πρὸς
2402 1758 2463 1812 τὸ
2486 1757 2654 1813 ἀΐδιον
2690 1757 2789 1827 τῆς
2834 1756 3083 1828 θεότητος
3119 1756 3529 1827 ἀναπέμποντες
3558 1754 3725 1808 τοῦτο
3751 1756 3813 1807 τὸ

2240 1852 2434 1924 ὄνομα,
2470 1851 2608 1907 ἀλλά
2657 1851 2795 1924 πρὸς
2832 1850 2922 1904 τὸν
2970 1850 3212 1921 θεοδόχον
3255 1849 3555 1921 ἄνθρωπον,
3596 1849 3693 1903 τὸν
3720 1850 3813 1902 ἐπὶ

580 1953 683 2008 est,
727 1952 781 1999 ei
819 1958 943 1998 cum
990 1921 1301 1999 hominibus
1350 1921 1620 2009 versatus,
1677 1921 1849 2014 ipsius
1894 1945 2143 1999 videlicet

2256 1921 2346 2018 γῆς
2375 1945 2626 2015 ὀφθέντα,
2682 1921 2908 2008 καὶτοῖς
2943 1942 3245 2015 ἀνθρώποις
3273 1940 3810 2014 συναναστραφέντα,

580 2034 913 2103 virginitatis
950 2050 1190 2105 germen,
1226 2037 1282 2090 in
1318 2051 1428 2105 quo
1461 2036 1725 2090 habitavit
1752 2036 1931 2092 omnis
1972 2037 2143 2107 pleni—

583 2128 719 2182 tudo
743 2129 964 2185 deitatis
997 2131 1372 2200 corporaliter,
1412 2130 1560 2200 ipsas
1598 2132 1866 2200 primitias
1901 2144 2146 2184 commu-

585 2223 670 2277 nis
713 2237 925 2285 massae,
975 2238 1071 2293 per
1108 2239 1269 2294 quam
1317 2221 1551 2279 Verbum
1599 2232 1852 2278 naturam
1900 2232 2143 2278 nostram

586 2314 783 2379 induit,
813 2316 1078 2370 redditam
1124 2317 1548 2381 immaculatam,
1579 2324 1631 2372 et
1661 2317 1729 2372 ab
1772 2316 2023 2372 omnibus
2051 2316 2146 2369 ad-

587 2404 918 2459 baerentibus
960 2405 1006 2459 ei
1060 2405 1381 2461 naturaliter
1430 2406 1580 2460 vitiis
1630 2413 2000 2476 expurgatam.
2055 2402 2147 2459 Sic

585 2493 731 2548 enim
796 2494 1057 2564 propheta
1119 2495 1186 2550 de
1220 2494 1338 2565 ipso
1398 2495 1641 2564 loquitur
1675 2512 1688 2549 :
1728 2493 2010 2550 Peccatum
2044 2513 2148 2553 non

591 2587 753 2657 fecit,
823 2603 985 2656 neque
1037 2588 1242 2642 inventa
1311 2597 1387 2643 est
1447 2587 1602 2644 dolus
1656 2589 1714 2643 in
1770 2606 1859 2642 ora
1918 2590 2143 2658 ipsius’,

585 2679 676 2748 qui
694 2687 922 2734 tentatus
951 2688 1026 2733 est
1067 2694 1157 2748 per
1194 2681 1371 2735 ontnia
1413 2680 1482 2734 ad
1519 2680 1922 2736 similitudinem
1946 2692 2150 2736 nature

586 2778 784 2824 nostra
834 2769 1028 2840 absque
1086 2778 1297 2840 peccato
1330 2771 1393 2826 ⁸⁸.
1437 2772 1693 2842 Corporis
1754 2773 1917 2842 igitur
1964 2772 2152 2829 Eccle-

590 2861 689 2916 site
734 2874 915 2932 caput,
959 2872 1013 2918 et
1058 2863 1227 2918 totius
1273 2873 1481 2920 natura:
1511 2864 1785 2934 primitiae,
1834 2880 2025 2919 aurum
2067 2872 2151 2919 est

591 2967 788 3022 purum
836 2962 890 3009 et
941 2956 1173 3011 alienum
1218 2957 1287 3012 ab
1333 2958 1481 3012 omni
1532 2958 1844 3013 vitiositatis
1904 2960 2148 3013 mistura.

589 3043 840 3099 Cincinni
868 3061 1019 3110 vero,
1054 3049 1376 3104 tenebricosi
1409 3048 1701 3119 aliquando
1740 3058 1792 3105 et
1832 3052 1993 3121 nigri,
2034 3067 2155 3122 spe-

591 3134 786 3205 cieque
823 3152 919 3192 sua
951 3139 1128 3193 corvis
1156 3140 1488 3205 consimiles,
1520 3140 1651 3204 illis,
1680 3140 1924 3211 inquam,
1949 3142 2152 3206 corvis.

2241 2039 2332 2092 τὸν
2363 2038 2462 2108 τῆς
2510 2036 2805 2109 παρθενίας
2854 2036 3099 2107 βλαστὸν,
3132 2036 3190 2088 ὲν
3222 2028 3267 2103 ᾧ
3295 2034 3580 2105 κατῴκησε
3613 2036 3729 2087 πᾶν
3753 2036 3815 2087 τὸ

2243 2130 2517 2200 πλήρωμα
2562 2129 2660 2200 τῆς
2717 2126 2967 2198 θεότητος
3005 2126 3360 2198 σωματικῶς,
3410 2125 3508 2195 τήν
3557 2125 3812 2194 ἀπαρχὴν

2242 2221 2337 2277 τοῦ
2359 2221 2536 2277 κοινοῦ
2556 2221 2893 2293 φυράματος,
2927 2219 2993 2273 δι’
3026 2214 3086 2275 οὗ
3106 2221 3134 2274 6
3160 2220 3328 2289 Λόγος
3342 2217 3438 2290 τὴν
3469 2217 3633 2287 φύσιν
3656 2220 3693 2288 ή
3700 2219 3813 2287 μῶν

2245 2312 2615 2385 περιεϐάλετο,
2641 2312 2872 2383 ποιήσας
2912 2310 3080 2381 αὐτὴν
3111 2310 3404 2381 ἀκήρατον,
3447 2308 3669 2361 πάντων
3707 2309 3813 2362 τῶν

2247 2404 2679 2476 συμπεφυκότων
2698 2405 2835 2474 αὐτῇ
2853 2402 3187 2475 παθημάτων
3204 2400 3819 2471 ὲκκαθαρθεῑσαν.οὖτω

2258 2499 2366 2571 γάρ
2383 2515 2513 2570 φησι
2528 2514 2594 2551 πε
2604 2497 2658 2570 pi.
2684 2495 2849 2551 αὐτοῦ
2872 2499 2901 2550 6
2929 2497 3232 2568 προφήτης,
3248 2495 3328 2548 ὅτι
3354 2495 3687 2563 Ἀμαρτίαν
3707 2496 3815 2548 οὐκ

2251 2589 2705 2658 mammosa}
2732 2588 2940 2659 εὑρέθη
2965 2587 3145 2654 δόλος
3159 2589 3227 2641 ἐν
3243 2586 3322 2652 τῷ
3340 2588 3589 2657 στόματι
3602 2587 3816 2652 αὐτοῦ,

2248 2682 2353 2737 τοῦ
2372 2680 2806 2751 πεπειραμένον
2841 2678 2991 2734 κατὰ
3017 2679 3212 2734 πάντα
3231 2680 3356 2733 καθ’
3374 2680 3695 2748 ὁμοιότητα
3714 2679 3819 2746 τῆς

2250 2776 2488 2845 φύσεως
2506 2772 2692 2843 ἡμῶν,
2718 2770 2893 2841 χωρίς
2928 2772 3232 2842 ἁμαρτιας.
3265 2772 3330 2825 Ἦ
3361 2772 3459 2842 μὲν
3480 2767 3575 2825 οὖν
3606 2774 3819 2843 κεφαλή

2250 2866 2342 2921 τοῦ
2385 2865 2633 2937 σώματος
2663 2866 2762 2935 τῆς
2800 2864 3142 2935 Ἐκκλησίας,
3181 2866 3215 2935 ή
3261 2864 3439 2933 πάσης
3479 2864 3580 2934 τῆς
3608 2864 3821 2933 φύσεως

2252 2958 2408 3031 ήμῶν
2438 2956 2678 3029 ἀπαρχὴ,
2705 2957 2766 3009 τὸ
2785 2956 3021 3029 καθαρόν
3048 2973 3107 3009 τε
3131 2955 3225 3009 καὶ
3253 2956 3431 3025 πάσης
3464 2956 3666 3021 κακίας
3696 2957 3823 3027 ἀμιο

2253 3053 2347 3121 γές
2366 3069 2426 3104 τε
2448 3051 2542 3106 καὶ
2570 3049 2942 3119 ἀπαράδεκτον
2978 3049 3196 3120 χρυσίον
3228 3047 3374 3101 ἐστίν
3394 3064 3408 3078 ’
3441 3048 3491 3100 ei
3535 3048 3822 3118 βόστμιχοι

2253 3144 2312 3198 δὲ
2342 3144 2396 3198 οἵ
2426 3159 2557 3197 ποτε
2602 3140 2857 3210 ζοφώδεις
2904 3140 2997 3195 καὶ
3030 3140 3277 3210 μέλανες,
3309 3141 3403 3194 καὶ
3447 3142 3564 3204 τοῖς
3599 3141 3822 3212 κόραξιν

594 3230 688 3301 qui
707 3240 1045 3301 occupantur
1070 3232 1125 3286 in
1152 3232 1278 3300 hoc,
1314 3240 1374 3288 ut
1405 3233 1593 3289 oculos
1623 3235 1921 3305 conligant,
1963 3251 2154 3306 quem-

2256 3232 2597 3305 όμοιούμενοι
2640 3230 2720 3302 τῷ
2775 3229 2927 3296 εῖδει,
2971 3229 3197 3293 ἐκείνοις
3240 3228 3384 3299 λέγω
3428 3231 3538 3293 τοῖς
3577 3230 3823 3304 κόραξιν,

593 3321 887 3377 admodum
918 3323 969 3377 in
1002 3322 1297 3380 Proverbio
1319 3333 1424 3390 est,
1455 3341 1521 3381 ac
1550 3327 1713 3396 pullis
1758 3327 2062 3398 aquilarum
2100 3328 2154 3383 in

2258 3321 2339 3390 οἷς
2360 3325 2519 3396 ἔργον
2570 3323 2707 3387 ἐστὶ,
2744 3322 2805 3376 τὸ
2829 3321 2955 3385 τοὺς
2994 3320 3305 3393 ὀφθαλμοὺς
3346 3321 3656 3385 ἐκκόπτειν,
3684 3322 3823 3376 κατὰ

590 3413 777 3469 cibum
807 3424 997 3485 parent
1023 3418 1167 3481 illos,
1190 3419 1244 3472 in
1285 3419 1485 3489 quibus
1514 3419 1771 3475 cernendi
1801 3436 2004 3492 organa
2038 3438 2159 3474 mu-

593 3505 834 3573 tilarint;
878 3506 935 3561 bi
979 3523 1109 3578 ergo
1160 3508 1400 3565 cincinni
1450 3510 1654 3567 abietes
1703 3510 1854 3574 facti,
1903 3512 2158 3565 nimirum

594 3598 863 3653 sublimes
889 3609 944 3655 et
972 3614 1002 3653 a
1046 3609 1190 3656 terra
1232 3604 1288 3656 in
1335 3604 1533 3659 cmlum
1585 3602 1865 3659 tendentes
1916 3604 2160 3671 arbores,

599 3698 941 3746 venustatem
965 3695 1151 3763 sponsi
1179 3696 1497 3752 accessione
1518 3697 1753 3767 quadam
1781 3708 1995 3768 augent,
2020 3697 2163 3751 divi-

598 3797 734 3835 num
762 3782 908 3839 illius
930 3786 997 3839 ad
1033 3794 1195 3857 caput
1228 3788 1415 3857 aptati.
1455 3788 1641 3859 Neque
1670 3804 1799 3844 vero
1829 3797 1982 3860 potes
2011 3790 2165 3861 igno-

605 3889 728 3929 rare
771 3876 1043 3945 quodnam
1074 3878 1145 3933 sit
1170 3878 1362 3934 horum
1395 3881 1773 3935 cincinnorum
1800 3897 2018 3945 munus,
2040 3897 2163 3936 cum

602 3966 857 4036 superius
904 3982 971 4022 ex
1021 3969 1155 4039 ipsis
1202 3971 1388 4041 sponsi
1448 3973 1631 4028 verbis
1696 3972 1748 4027 id
1808 3974 2162 4030 intellexeris.

605 4053 871 4123 Cincinni,
918 4059 1013 4125 ait,
1048 4060 1151 4114 mei
1196 4060 1375 4131 referti
1416 4072 1538 4117 sunt
1596 4064 1758 4134 guttis
1804 4081 1975 4137 aqum.
2023 4066 2170 4134 Qua-

606 4157 829 4222 propter
873 4152 949 4205 illi
980 4162 1109 4207 sunt
1153 4161 1360 4224 guttam
1405 4163 1654 4211 rorantes
1699 4157 1971 4225 cincinni,
2011 4160 2101 4229 qui
2138 4173 2168 4213 a

608 4243 884 4313 prophetis
933 4244 1104 4299 nubes
1149 4246 1526 4316 appellantur,
1574 4262 1604 4302 a
1655 4250 1853 4319 quibus
1909 4251 2171 4307 doctrinae

609 4335 785 4390 imber
817 4335 906 4390 ille
937 4337 1130 4401 oritur,
1162 4337 1255 4406 qui
1288 4351 1416 4392 arva
1451 4338 1748 4395 inanimata
1776 4343 1917 4411 rigat
1942 4342 2008 4396 ad
2037 4344 2173 4414 agri-

609 4426 866 4482 cultionis
913 4426 1109 4484 divina:
1151 4430 1509 4486 fertilitatem.
1578 4431 1837 4503 Adeoque
1894 4436 2171 4502 apostolos

612 4516 699 4570 hic
729 4516 956 4588 ﬁgurate
1003 4536 1098 4590 per
1143 4522 1428 4577 cincinnos
1471 4536 1503 4576 a
1535 4523 1703 4579 verbo
1748 4524 1935 4579 divino
1965 4512 2171 4596 signiﬁ-

2258 3416 2350 3470 τὸν
2380 3415 2720 3488 παροιμιώδη
2771 3412 2945 3482 λόγον,
2986 3413 3079 3465 καὶ
3105 3415 3216 3476 τοῖς
3244 3414 3477 3476 νεοσσοῖς
3518 3413 3628 3466 τῶν
3654 3414 3826 3467 ἀετῶν

2263 3508 2455 3580 βρῶμα
2477 3506 2606 3569 τοὺς
2630 3505 2983 3578 πηρωθέντας
3020 3504 3129 3559 τῶν
3150 3503 3418 3576 δρατικῶν
3454 3503 3827 3577 αἰσθητηρίων

2262 3596 2717 3669 παρασκευάζειν,
2748 3589 2892 3650 οὗτοι
2923 3596 3106 3649 ἐλάται
3142 3594 3202 3649 τὰ
3241 3594 3419 3666 ὑψηλά
3453 3611 3513 3646 τε
3538 3595 3638 3648 καὶ
3664 3595 3830 3665 οὐρα-

2261 3693 2474 3764 νομήκη
2497 3690 2685 3763 δένδρα
2721 3690 3014 3762 γινόμενοι,
3057 3689 3143 3743 διὰ
3170 3689 3232 3742 τὸ
3267 3689 3595 3760 ἀναδραμεῖν
3627 3689 3694 3741 ὲκ
3730 3688 3833 3757 γῆς

2264 3786 2356 3839 ἐπὶ
2380 3784 2440 3838 τὸ
2467 3784 2715 3854 οὐράνιον
2737 3782 2887 3853 ὕψος,
2912 3781 3195 3853 προσθήκη
3215 3779 3308 3833 τοῦ
3330 3780 3556 3845 κάλλους
3590 3780 3833 3848 γίνονται

2264 3876 2359 3931 τοῦ
2390 3875 2757 3947 νυμφίου,τῆς
2786 3874 2933 3938 θείας
2955 3874 3194 3945 κεφαλῆς
3216 3872 3379 3926 αὑτοῦ
3413 3871 3829 3945 ἐξαρτήσαντες.

2268 3969 2380 4023 Οὐκ
2404 3969 2588 4037 ἀγνοεῖ
2612 3967 2669 4020 δὲ
2710 3966 2925 4029 πάντως
2960 3982 3044 4030 τις
3078 3964 3130 4018 τί
3158 3964 3265 4018 τῶν
3297 3964 3605 4035 βοστρύχων
3629 3965 3835 4018 τούτων

2268 4063 2426 4136 ἔργον
2462 4059 2629 4124 ἐστὶν,
2655 4060 2713 4113 ὲν
2740 4061 2853 4124 τοῖς
2907 4059 3020 4113 ἀνω
3055 4056 3239 4129 μαθὼν
3270 4060 3396 4128 παρ’
3420 4058 3586 4127 αὐτῆς
3610 4058 3711 4128 τῆς
3742 4056 3834 4110 τοῦ

2267 4154 2500 4227 νυμφίου
2537 4152 2719 4222 φωνῆς
2740 4166 2756 4183 ο
2795 4151 2905 4216 ὅτι,
2948 4153 3012 4204 Οἱ
3033 4148 3365 4219 βόστρυχοί
3386 4166 3503 4218 μου
3527 4148 3835 4216 ἐπλήσθη-

2269 4263 2391 4302 σαν
2414 4244 2692 4316 ψεκάδων
2717 4243 2951 4308 ὕδατος.
2992 4237 3365 4296 Ἐκείνουόὖν
3406 4242 3541 4294 εἰσιν
3571 4242 3624 4293 οἱ
3668 4240 3837 4311 ψεκά-

2272 4338 2453 4403 ζοντες
2489 4335 2792 4408 βόστρυχοι,
2831 4331 2983 4403 παρά
3024 4332 3132 4385 τῶν
3156 4332 3445 4403 προφητῶν
3466 4332 3686 4401 νεφέλαι
3717 4334 3835 4386 δνο-

2276 4426 2693 4501 μαζόμενοι,ἀφ’
2718 4419 2794 4480 ὧν
2816 4425 3023 4494 γίνεται
3054 4425 3151 4495 τῆς
3178 4423 3521 4487 διδασκαλίας
3549 4427 3576 4477 6
3605 4424 3836 4496 ὄμϐρος,

2272 4522 2416 4585 ότὰς
2432 4520 2670 4591 ἀψύχους
2706 4518 2944 4591 ἀρούρας
2991 4518 3219 4583 ποτίζων
3250 4518 3386 4589 πρὸς
3409 4517 3505 4588 τὴν
3535 4517 3838 4592 εὐκαρπίαν

610 4609 723 4663 cari
754 4609 1027 4675 existimo,
1071 4628 1304 4683 quorum
1342 4615 1588 4671 nonnulli
1634 4616 1787 4685 prius
1821 4617 1891 4672 ob
1925 4617 2154 4672 instituta

2274 4616 2381 4670 τῶν
2404 4612 2498 4667 τοῦ
2526 4611 2660 4666 Θεοῦ
2686 4611 2989 4683 γεωργίων.
3033 4610 3379 4672 Ἀποστόλους
3393 4609 3449 4663 δὲ
3463 4604 3615 4680 οἶμαι
3646 4627 3834 4682 τροπι-

609 4700 733 4755 vitte
760 4716 873 4757 sua;
908 4703 1192 4774 caliginosi
1219 4714 1394 4771 erant,
1436 4707 1582 4763 verbi
1625 4706 1820 4777 gratia,
1868 4708 2028 4776 latro,
2073 4726 2173 4781 pu-

612 4792 859 4850 blicanus
898 4794 1009 4864 ille,
1039 4805 1094 4851 et
1126 4797 1264 4851 alter
1300 4808 1637 4867 persecutor,
1672 4806 1727 4852 et
1774 4800 1821 4855 si
1865 4800 1990 4870 quis
2037 4816 2174 4871 pra:-

612 4902 759 4943 terea
804 4887 906 4943 fuit
949 4872 1249 4945 consimilis
1300 4892 1477 4962 nigro,
1527 4892 1837 4957 carnivoro,
1886 4895 2170 4951 oculorum

610 4981 923 5051 corruptori
966 4998 1152 5038 corvo.
1203 4983 1307 5039 Per
1347 4984 1495 5038 hunc
1537 4992 1716 5040 autem
1751 4985 1994 5057 intelligo
2027 4987 2174 5059 prin-

611 5075 785 5143 cipem
817 5077 1101 5144 potestatis
1142 5076 1572 5139 tenebrarum“,
1613 5079 2068 5147 quemadmodum
2100 5082 2174 5136 lo—

611 5167 798 5235 quitur
827 5166 874 5223 is
904 5169 997 5237 qui
1028 5183 1093 5221 ex
1146 5181 1312 5222 corvo
1339 5166 1518 5222 lactus
1545 5168 1716 5237 abies,
1750 5181 2031 5240 propterea
2056 5173 2173 5227 cin-

611 5258 808 5313 cinnus
862 5258 1031 5313 divini
1077 5259 1269 5328 capitis
1312 5258 1481 5313 audit.
1544 5260 1682 5315 Cum
1734 5263 1877 5317 enim
1917 5264 2070 5333 prius
2118 5271 2175 5320 et

614 5349 967 5420 blasphemus
1000 5357 1167 5412 esset,
1199 5358 1253 5405 et
1294 5359 1631 5419 persecutor,
1656 5360 1713 5406 et
1742 5352 2009 5410 violenter
2039 5356 2175 5426 inju-

616 5440 732 5495 rius
750 5442 816 5509 “,
850 5456 1012 5511 quam
1047 5440 1258 5496 scilicet
1288 5441 1381 5496 diu
1408 5456 1605 5498 corvus
1628 5452 1766 5509 erat,
1799 5445 1863 5500 ad
1896 5446 2037 5502 hanc
2064 5464 2177 5520 gra-

616 5538 747 5587 tiam
792 5532 1215 5589 transl'ormatus
1264 5544 1379 5602 est,
1431 5542 1490 5590 ut
1539 5536 1716 5593 factus
1767 5538 2079 5605 cincinnus,
2124 5548 2179 5598 et

622 5626 826 5683 unlesti
866 5641 990 5683 rore
1036 5625 1311 5696 perfusus,
1367 5629 1623 5687 universo
1669 5629 1925 5687 Ecclesiae
1962 5636 2176 5704 corpori

622 5731 943 5773 manorum
971 5717 1439 5790 obscurorumque
1460 5721 1845 5791 mysteriorum
1872 5738 2177 5779 sermonem

692 5892 716 5926 ³
740 5895 845 5951 lsa.
882 5896 1096 5964 un,9;
1140 5894 1335 5954 lPetr.
1371 5914 1429 5966 ll,
1456 5895 1545 5954 22.
1611 5899 1652 5931 ³⁸
1684 5897 1848 5955 Hebr.
1875 5916 1947 5967 Iv,
1991 5903 2074 5957 l5.
2152 5908 2154 5934 ⁵

2256 5903 2414 5971 ἱριιεε.
2449 5918 2514 5967 ιι,
2542 5902 2595 5957 2.

2274 4706 2386 4771 κῶς
2417 4706 2544 4770 τοὺς
2576 4703 2904 4779 βοστρύχους
2948 4702 3054 4756 ὑπὸ
3086 4701 3177 4757 τοῦ
3216 4701 3349 4755 Θεοῦ
3386 4701 3543 4770 λόγου
3579 4703 3838 4774 σημαίνε-

2277 4797 2397 4850 σθαι
2426 4789 2501 4851 ὦν
2534 4812 2679 4859 τινες
2712 4790 2851 4866 ἦσαν
2877 4793 3138 4865 πρότερον
3169 4790 3424 4862 ζοφώδεις
3455 4795 3566 4855 τοῖς
3600 4792 3698 4846 τοῦ
3724 4793 3835 4864 βίον

2275 4889 2717 4962 ἐπιτηδεύμασιν,
2754 4889 2782 4942 6
2810 4887 3033 4958 λῃστὴς,
3077 4888 3105 4939 6
3130 4884 3381 4955 τελώνης,
3412 4887 3441 4938 6
3466 4883 3722 4956 διώκτης,
3749 4886 3836 4939 καὶ

2276 4984 2329 5037 εἴ
2350 5001 2433 5047 τις
2461 4982 2617 5046 ἄλλος
2637 4978 2876 5043 τοιοῦτος
2904 4978 3045 5033 κατά
3070 4979 3161 5031 τὸν
3197 4977 3399 5050 μέλανά
3432 4995 3490 5030 τε
3521 4978 3613 5031 καὶ
3648 4995 3835 5049 σαρκο-

2279 5078 2435 5149 ϐόρον
2461 5076 2567 5130 τῶν
2632 5072 2926 5145 ὀφθαλμῶν
2965 5072 3312 5142 ἀφανιστικὺν
3338 5072 3569 5143 κόρακα.
3598 5074 3758 5140 Λέγω
3785 5072 3835 5123 δὲ

2278 5171 2367 5222 τὸν
2394 5168 2627 5239 ἄρχοντα
2651 5166 2744 5220 τοῦ
2786 5166 3007 5229 σκότους
3039 5166 3136 5234 τῆς
3170 5164 3435 5231 ἐξουσίας,
3471 5163 3655 5226 καθώς
3685 5180 3837 5232 φησιν

2278 5264 2306 5315 6
2361 5260 2465 5313 ἀπὸ
2517 5259 2747 5329 κόρακος
2778 5258 2940 5328 ὲλάτη
2970 5258 3275 5327 γενόμενος,
3307 5256 3400 5309 καὶ
3440 5255 3528 5308 διὰ
3561 5254 3722 5308 τοῦτο
3757 5255 3835 5324 βό-

2285 5367 2512 5422 στρυχος
2538 5351 2636 5420 τῆς
2670 5348 2820 5412 θείας
2847 5348 3085 5420 κεφαλῆς
3108 5346 3464 5419 χρηματίσας.
3495 5348 3615 5400 Ὅτι
3649 5347 3834 5416 πρότε-

2288 5460 2375 5515 ρον
2399 5441 2470 5496 ὣν
2502 5440 2817 5513 βλάσφημος
2849 5439 2943 5491 καὶ
2961 5436 3192 5509 διώκτης
3222 5438 3315 5492 καὶ
3346 5435 3618 5509 ὑδριστής,
3647 5436 3748 5498 ἕως
3773 5430 3833 5504 ἦν

2283 5532 2470 5605 κόραξ,
2502 5531 2636 5603 πρὸς
2654 5532 2750 5602 τὴν
2768 5530 2926 5601 χάριν
2953 5527 3151 5599 ταύτην
3173 5526 3594 5598 μετεσκευάσθη,
3621 5525 3834 5596 βόστρυ-

2284 5644 2375 5699 χος
2404 5625 2689 5696 γενόμενος
2714 5626 2778 5694 τῇ
2834 5623 3055 5693 οὐρανίᾳ
3095 5621 3269 5692 δρόσῳ
3298 5619 3598 5691 διάϐροχος,
3622 5620 3651 5670 6
3682 5618 3830 5670 παντὶ

2284 5719 2361 5790 τῷ
2391 5718 2598 5788 σώματι
2623 5716 2720 5786 τῆς
2736 5715 3056 5785 Ἐκκλησίας
3079 5714 3170 5767 τὸν
3188 5713 3296 5768 τῶν
3318 5713 3645 5785 ἀποκρύφων
3666 5728 3719 5765 τε
3745 5709 3827 5763 καὶ

2699 5901 2742 5933 ⁸⁸
2771 5900 2790 5954 l
2822 5898 3058 5956 Timoth.
3098 5913 3135 5965 ι,
3163 5896 3248 5951 13.
