4028 6492
162 440 309 499 1057

1144 436 1211 492 ΙΝ
1238 433 1538 493 CANTICA
1576 426 1845 487 CANTIC.
1888 426 2167 485 HOMILIA
2196 425 2337 485 XIII.

3247 429 3269 484 1
3281 430 3382 486 058

163 554 459 611 σκοτεινῶν
522 557 834 628 μυστηρίων
881 557 1035 625 λόγον
1078 556 1441 626 ἐπιψεκάςων.
1500 552 1733 615 Τούτους

1850 552 2054 605 cratim
2088 551 2403 606 instillaret.
2456 550 2564 606 Hos
2613 550 2778 622 igitur
2824 548 3087 621 appellari
3121 564 3152 604 a
3183 562 3383 620 sponsa

164 648 269 717 ph
302 647 556 717 λέγεσθαι
593 648 743 719 παρά
778 649 875 719 τῆς
906 647 1119 718 νύμφης
1154 646 1473 719 βοστρύχους
1502 644 1731 715 ὑπενοή-

165 757 365 811 σαμεν,
395 741 446 795 οἳ
462 740 561 811 τῆς
590 741 793 812 χρυσῆς
812 739 1049 810 κεφαλῆς
1069 742 1285 811 ἀπηρτη
1295 739 1512 809 μένοιού
1534 736 1733 809 μικράν

162 826 233 879 δι’
264 826 475 880 ἑαυτῶν
532 826 741 880 ποιοῦσι
799 826 1113 897 προσθήκην
1162 830 1262 897 τῆς
1307 826 1478 899 ὧρας,
1514 828 1580 897 τῇ
1639 824 1734 878 τοῦ

168 916 482 987 πνεύματος
508 916 652 989 αὖρα
695 916 1155 989 περισοϐούμενοι.
1188 910 1345 971 Οὗτοι
1370 917 1621 986 στέφανοι
1650 914 1735 985 γί-

170 1020 354 1057 νονται
389 1004 617 1067 κάλλους
635 1006 703 1075 τῇ
736 1005 1000 1076 άκηράτῳ
1020 1004 1250 1077 κεφαλῇ,
1280 1005 1607 1076 κοσμοῦντες
1636 1005 1736 1058 αὐ-

170 1095 273 1166 τὴν
298 1095 379 1165 τῷ
418 1095 532 1165 ἰδίῳ
560 1094 894 1166 κυκλώματι.
926 1096 1058 1168 Περὶ
1095 1096 1299 1151 τούτων
1329 1097 1437 1167 γάρ
1470 1113 1558 1167 μοι
1594 1096 1738 1149 δοκεῖ

172 1185 353 1255 λέγειν
380 1189 413 1257 ἡ
440 1186 761 1257 προφητεία,
801 1186 884 1240 ὅτι
919 1189 1171 1255 Ἐθηκας
1198 1187 1295 1241 ἐπὶ
1325 1186 1441 1254 τὴν
1464 1184 1738 1255 κεφαλὴν

171 1277 360 1331 αὑτοῦ
423 1277 726 1346 στέφανον
774 1277 844 1331 ἐκ
871 1279 1043 1332 λίθου
1085 1280 1299 1349 τιμίου.
1336 1279 1497 1331 Ὥστε
1544 1278 1737 1339 αὐτοὺς

171 1369 237 1422 δι’
264 1368 541 1439 ἑκατέρων
585 1366 819 1424 νοεῖσθαι
849 1368 959 1421 τῶν
995 1370 1301 1441 νοημάτων,
1352 1370 1644 1441 εὐπρεπεῖς
1678 1384 1737 1420 τε

175 1461 524 1532 βοστρύχους,
554 1464 645 1516 καὶ
682 1463 862 1527 λίθους
890 1462 1122 1533 τιμίους,
1154 1462 1222 1516 δι’
1251 1459 1428 1515 αὐτῶν
1455 1459 1553 1541 τὴν
1579 1474 1741 1528 κεφα-

173 1555 272 1626 λὴν
297 1553 758 1618 καλλωπίζοντας.

256 1642 571 1697 ’Δκόλουθον
616 1642 661 1698 δ’
711 1642 777 1699 ἂν
821 1644 903 1713 είη
933 1642 1026 1695 καὶ
1058 1643 1128 1695 τά
1161 1641 1285 1712 περί
1317 1639 1422 1694 τῶν
1448 1639 1741 1710 ὀφθαλμῶν

174 1733 442 1803 εἰρημένα
463 1732 733 1804 θεωρῆσαι
765 1733 842 1804 τῷ
869 1733 1028 1803 λόγῳ.
1063 1733 1216 1786 Ἔστι
1242 1733 1299 1786 δὲ
1331 1733 1363 1802 ἡ
1392 1731 1534 1797 λέξις
1564 1730 1702 1802 αὐτη
1721 1746 1736 1761 ⁶

187 1823 512 1890 Ὀφθαιίμοὶ
541 1822 725 1876 αὐτοῦ
747 1822 1082 1889 περιστεραί
1099 1822 1193 1874 ἐπὶ
1217 1820 1573 1890 πληρώματα
1593 1820 1740 1877 ὑδά-

1831 646 2120 701 cincinnos
2167 645 2580 712 existimamus,
2631 645 2723 715 qui
2777 658 2942 699 aureo
2990 642 3155 715 capiti
3206 641 3387 696 adbaz-

1830 745 2013 791 rentes
2045 750 2151 790 non
2199 750 2386 806 parum
2427 734 2612 805 sponsi
2661 735 3121 805 pulchritudinem
3166 743 3386 805 augent,

1834 828 1901 883 ab
1928 842 2060 882 aura
2088 828 2312 897 spiritus
2342 825 2552 897 agitati.
2596 825 2772 896 Atque
2806 825 2969 880 iidem
3016 825 3161 881 illius
3193 826 3389 879 imma-

1832 920 1997 974 culati
2024 920 2217 990 capitis
2243 918 2665 989 pulcherrimum
2708 927 2913 974 sertum
2946 926 3096 982 sunt,
3129 927 3390 974 ornantes

1835 1012 1965 1067 Illud
1997 1010 2198 1065 ambitu
2230 1026 2352 1067 suo.
2382 1009 2593 1065 Etenim
2626 1011 2695 1064 de
2727 1010 2814 1066 his
2840 1011 3017 1064 locum
3068 1011 3224 1064 illum
3264 1025 3392 1080 pro-

1834 1102 2027 1173 phetiae
2053 1102 2260 1172 accipio
2290 1121 2303 1157 :
2359 1100 2592 1155 Posuisti
2633 1102 2688 1155 in
2724 1111 2876 1169 caput
2907 1101 3021 1170 ejus
3054 1117 3297 1155 coronam
3326 1117 3393 1153 ex

1835 1194 2010 1264 lapide
2042 1196 2270 1265 pretioso
2294 1195 2436 1247 "-“.
2463 1193 2535 1247 Ita
2561 1202 2617 1247 ut
2635 1209 2728 1264 per
2743 1193 3155 1263 appellationem
3187 1201 3394 1246 utram-

1838 1302 1946 1358 que
1976 1288 2367 1357 intelligantur,
2402 1286 2602 1355 quippe
2648 1285 2740 1354 qui
2776 1284 2886 1338 sint
2920 1292 2974 1337 et
3013 1284 3254 1338 cincinni
3298 1285 3393 1337 de—

1836 1378 1975 1441 cori,
2006 1385 2061 1431 et
2106 1377 2284 1445 magni
2319 1374 2477 1445 pretii
2510 1373 2738 1444 lapides,
2770 1372 3070 1428 ornamenti
3104 1373 3303 1443 aliquid
3327 1388 3392 1426 ex

1837 1483 1898 1526 se
1924 1468 2090 1539 capiti
2119 1467 2481 1523 conferentes.

1905 1647 2061 1703 Nunc
2086 1644 2295 1702 ordinis
2339 1644 2480 1699 ratio
2517 1642 2755 1713 postulat
2816 1649 2875 1696 ut
2920 1641 3085 1697 etiam
3147 1639 3240 1694 illa
3277 1652 3399 1708 quae

1837 1739 1906 1796 de
1965 1738 2137 1793 oculis
2201 1736 2454 1791 dicuntur
2504 1707 2909 1788 consieremus
2975 1745 3145 1801 τουπ
3179 1729 3395 1800 quidem

1839 1831 1952 1887 haec
1974 1836 2128 1885 sunt:
2152 1827 2302 1884 Oculi
2333 1828 2445 1896 ejus
2468 1827 2600 1880 sicut
2623 1824 2895 1881 columine.
2929 1822 2996 1876 ad
3028 1837 3285 1891 aquarum
3310 1837 3400 1874 co-

174 1929 314 1977 των,
342 1911 701 1981 λελουμέναι
726 1911 796 1965 ἐν
823 1911 1090 1981 γάλακτι,
1118 1911 1443 1979 καθήμεναι
1468 1910 1563 1963 ἐπὶ
1588 1914 1738 1977 πλη-

1850 1922 1974 1985 oias,
2011 1921 2131 1974 Ioue
2158 1920 2212 1973 in
2240 1890 2394 1981 lacte,
2424 1917 2655 1972 sedentes
2678 1931 2833 1984 super
2853 1890 3200 1984 plenitudines
3230 1928 3399 1982 aqua-

169 2003 413 2073 ρώμιιτα
444 2003 693 2059 ὑδάτων.
748 2003 810 2057 Ἦ
841 2004 898 2057 δὲ
932 2002 1038 2056 τῶν
1077 2002 1377 2074 εἰρημένων
1412 2002 1617 2056 διάνοια
1643 2002 1741 2071 τῆς

175 2095 280 2166 μὲν
319 2093 677 2164 καταλήψεως
719 2094 873 2165 ἡμῶν
914 2096 1060 2148 ἐστιν
1097 2094 1414 2165 ὑψηλοτέρα.
1450 2095 1514 2147 Ὃ
1540 2093 1648 2163 γὰρ
1675 2092 1741 2147 ἂν

175 2187 525 2257 ἐννοήσωμεν
555 2186 681 2256 περί
703 2185 904 2239 τούτων
937 2185 1153 2240 ἔλαττον
1193 2181 1332 2238 εἶναι
1362 2185 1460 2255 τῆς
1488 2184 1743 2255 ἀληθείας

171 2280 406 2351 οἰόμεθα
424 2297 435 2308 '
456 2279 840 2350 σκοπουμένοις
858 2277 914 2332 δὲ
932 2279 998 2331 δι’
1017 2276 1330 2348 ἐπιμελείας
1351 2279 1500 2348 ἡμῖν,
1522 2276 1743 2348 τοιαύτη

172 2391 265 2438 τις
291 2373 468 2438 ἔδοξεν
493 2368 657 2425 εἶναι·
685 2369 821 2441 Φησί
855 2385 957 2423 που
988 2369 1097 2425 τῶν
1133 2368 1326 2423 ἑαυτοῦ
1358 2368 1529 2437 λόγων
1554 2369 1584 2421 ὁ
1603 2366 1743 2433 θεῖος

186 2463 534 2526 Ἀπόστολος,
572 2461 646 2533 μὴ
700 2460 958 2515 δύνασθαι
1001 2460 1180 2530 λέγειν
1226 2460 1319 2513 τὸν
1366 2458 1640 2531 ὀφθαλμὸν
1675 2462 1743 2530 τῇ

175 2556 349 2626 χειρὶ,
366 2554 580 2621 Χρείαν
598 2565 715 2606 σου
730 2551 840 2607 οὐκ
866 2551 984 2621 ἔχω
1000 2566 1014 2580 ·
1029 2550 1204 2622 δόγμα
1225 2550 1313 2604 διὰ
1339 2549 1539 2603 τούτων
1567 2548 1747 2602 ποιού-

179 2662 370 2717 μενος,
396 2645 477 2698 ὅτι
517 2643 585 2697 δι’
622 2643 946 2714 ἀμφοτέρων
993 2642 1255 2713 προσήκει
1296 2638 1373 2710 τῷ
1411 2638 1621 2710 σώματι
1649 2638 1747 2708 τῆς

190 2734 522 2805 Ἐκκλησίας
596 2732 855 2803 πράττειν
891 2731 1089 2794 καλῶς,
1137 2729 1228 2783 τοῦ
1288 2728 1593 2801 διορατικοῦ
1649 2728 1749 2798 τῆς

176 2825 441 2896 ἀληθείας
498 2822 943 2895 συγκεκραμένον
966 2823 1101 2894 πρὸς
1136 2822 1197 2875 τὸ
1236 2821 1589 2893 δραστήριονο
1626 2819 1748 2873 οὐτε

177 2918 285 2988 τῆς
323 2915 553 2988 θεωρίας
598 2912 720 2967 καθ’
757 2911 954 2983 ἑαυτὴν
988 2912 1083 2983 τὴν
1127 2911 1302 2983 ψυχὴν
1338 2910 1664 2982 τελειούσης.
1700 2912 1749 2963 εἰ

184 3010 266 3079 μὴ
295 3009 388 3061 καί
416 3008 483 3059 τά
531 3005 667 3075 ἔργα
704 3006 875 3075 παρῇ.
933 3002 1001 3058 τά
1035 3003 1126 3055 τὸν
1170 3001 1357 3072 ἠθικὸν
1387 3000 1751 3073 κατορθοῦντα

184 3099 304 3170 βίον
324 3112 338 3127 ’
362 3096 485 3151 οὔτε
510 3097 608 3167 τῆς
637 3095 946 3166 πρακτικῆς
985 3092 1300 3163 φιλοσοφίας
1335 3094 1580 3164 αὐτάρκη
1613 3110 1752 3165 παρ-

181 3188 451 3259 εχομένης
503 3189 601 3257 τὴν
632 3186 921 3255 ὠφέλειαν.
953 3186 1025 3255 μὴ
1069 3185 1168 3255 τῆς
1195 3184 1449 3256 ἀληθινῆς
1476 3184 1751 3247 εὐσεϐείας

182 3282 299 3334 τῶν
319 3278 613 3350 γινομένων
669 3276 1099 3346 καθηγουμένης.
1160 3277 1223 3329 EI
1268 3275 1445 3329 τοίνυν
1480 3275 1749 3343 ἀναγκαία

180 3374 299 3427 τῶν
322 3370 612 3441 ὀφθαλμῶν
639 3370 774 3442 πρὸς
805 3373 902 3432 τὰς
924 3369 1106 3445 χεῖράς
1124 3370 1267 3421 ἐστιν
1292 3371 1324 3437 ὴ
1352 3369 1597 3436 συζυγία,
1613 3367 1754 3437 τάχα

183 3462 577 3535 προσαγόμεθα
608 3461 696 3515 διά
743 3460 851 3513 τῶν
897 3459 1219 3531 εἰρημένων.
1246 3460 1455 3532 πρῶτον
1502 3460 1599 3530 μὲν
1628 3462 1751 3523 τοὺς

183 3554 520 3624 ὀφθαλμοὺς,
551 3551 743 3614 οἵτινές
775 3552 900 3616 εἱσι,
958 3550 1285 3620 κατανοῆσαι
1310 3570 1324 3582 ·
1355 3550 1541 3603 ἔπειτα
1576 3549 1633 3601 δὲ
1661 3551 1753 3603 καὶ

182 3647 284 3700 τὸν
307 3646 433 3716 περί
460 3643 636 3698 αὐτῶν
660 3642 877 3697 ἔπαινον
898 3643 955 3697 ἐν
975 3641 1174 3713 θεωρίᾳ
1196 3641 1375 3695 λαϐεῖν
1398 3658 1410 3670 ·
1438 3643 1527 3693 τὸν
1552 3640 1606 3694 δὲ
1627 3658 1693 3693 πε
1703 3643 1754 3710 ρί

182 3738 300 3790 τῶν
317 3735 511 3807 χειρῶν
539 3734 694 3801 λόγον
731 3732 810 3803 τῷ
834 3732 948 3802 ἰδίῳ
959 3735 1358 3807 ταμιευσόμεθα
1370 3736 1538 3805 τόπῳ·
1555 3732 1754 3800 ὀφθαλ-

189 3831 314 3900 μῶν
348 3828 454 3899 γὰρ
513 3828 642 3881 ίδιον
680 3828 744 3879 ἐκ
775 3824 988 3895 φύσεως
1032 3823 1190 3895 ἔργον
1245 3823 1361 3877 ἐστί
1381 3824 1441 3876 τὸ
1488 3826 1643 3895 ὁρᾷν·
1676 3824 1755 3877 διὸ

185 3923 337 3978 κατὰ
384 3923 481 3991 τὴν
531 3920 759 3989 τοπικὴν
813 3917 960 3971 θέσιν
1000 3918 1216 3969 πάντων
1258 3916 1603 3987 ὑπέρκεινται
1649 3917 1755 3969 τῶν

187 4013 585 4085 αἰσθητηρίων,
618 4014 696 4074 εἰς
723 4010 941 4082 ὀδηγίαν
981 4007 1075 4062 τοῦ
1124 4009 1321 4073 παντὸς
1353 4009 1600 4079 σώματος
1626 4026 1755 4080 προ⁴

185 4106 514 4175 τεταγμένοι
556 4104 705 4175 παρά
749 4105 845 4172 τῆς
917 4102 1147 4171 φύσεως.
1200 4103 1364 4154 Ὅταν
1388 4097 1478 4153 οὖν
1509 4102 1632 4164 τοὺς
1660 4101 1757 4169 τῆς

186 4192 457 4262 ἀληθείας
487 4191 925 4261 καθηγουμένους
951 4190 1101 4260 παρά
1121 4190 1217 4259 τῆς
1246 4190 1395 4252 θείας
1421 4190 1641 4260 Γραφῆς
1668 4188 1759 4243 οὔ·

185 4301 305 4347 τως
331 4282 754 4353 ὀνομαζομένους
796 4281 1133 4351 ἀκούσωμεν,
1161 4274 1234 4335 ὧν
1260 4282 1288 4333 ὁ
1322 4282 1417 4350 μέν
1443 4298 1525 4344 τις
1545 4281 1759 4349 ἐλέγετο

186 4375 468 4440 Βλέπων,
499 4375 584 4427 ἒτε
594 4392 682 4445 ρος
699 4374 753 4426 δὲ
785 4377 817 4427 ὀ
859 4372 1037 4440 Ὁρῶν
1056 4390 1070 4405 ο
1100 4373 1254 4438 άλλος
1274 4374 1332 4427 δέ
1354 4373 1587 4440 Σκοπὸς
1610 4375 1759 4446 παρά

188 4467 275 4537 τῷ
324 4465 439 4536 Θεῷ
494 4464 634 4518 οὕτω
676 4464 763 4517 διὰ
805 4464 903 4533 τῆς
956 4464 1291 4535 προφητείας
1345 4464 1755 4536 ὠνομασμένος·

1838 2031 1975 2068 rum.
2001 2011 2202 2067 Horum
2242 2018 2419 2066 autem
2442 2010 2728 2064 verborum
2760 2008 3026 2063 sententia
3050 2006 3402 2076 perceptione

1839 2106 2054 2177 quidem
2095 2113 2279 2160 nostra
2315 2106 2599 2160 sublimior
2652 2112 2771 2168 est;
2815 2100 3043 2156 inferius
3089 2100 3232 2154 enim
3279 2114 3401 2153 esse

1844 2200 1959 2269 ipsa
1990 2198 2217 2253 veritate
2248 2193 2881 2265 arbitramur,quidquid
2906 2193 2973 2247 de
3011 2192 3092 2247 eis
3122 2190 3400 2261 cogitave—

1840 2290 2038 2355 rimus;
2066 2289 2161 2345 sed
2185 2297 2365 2343 tamen
2419 2288 2662 2344 studiose
2711 2272 2858 2341 illam
2902 2282 3399 2341 considerantibus.

1842 2377 2149 2448 huiusmodi
2176 2377 2419 2447 quasdam
2448 2391 2571 2431 esse
2594 2375 2837 2430 videtur:
2863 2374 2950 2427 Ait
2976 2372 3175 2427 alicubi
3200 2372 3315 2428 suis
3335 2371 3391 2426 in

1844 2460 2252 2525 commentariis
2327 2468 2543 2522 divinus
2594 2467 2682 2522 ille
2735 2464 3049 2534 Apostolus,
3084 2478 3191 2518 non
3239 2477 3402 2533 posse

1844 2554 2058 2609 oculum
2092 2555 2270 2608 manui
2289 2554 2491 2614 dicere.
2526 2552 2646 2607 Non
2680 2552 2806 2605 mihi
2831 2562 2879 2606 te
2900 2568 3028 2620 opus
3049 2561 3124 2606 est
3154 2552 3200 2583 "
3243 2566 3257 2600 :
3285 2552 3406 2621 qui—

1845 2645 1946 2700 bus
1977 2645 2156 2699 verbis
2183 2644 2377 2698 docere
2405 2645 2541 2701 vult.
2584 2644 2781 2697 debere
2823 2657 3021 2711 corpus
3058 2641 3314 2697 Ecclesiae
3337 2641 3407 2694 ab

1848 2746 2078 2808 utroque
2124 2745 2268 2793 recte
2295 2745 2666 2804 comparatum
2704 2750 2846 2795 esse,
2878 2745 2985 2788 tam
3040 2733 3407 2804 perspiciendi

1848 2830 2092 2892 veritate,
2120 2842 2280 2897 quam
2308 2828 2499 2897 agendi
2532 2826 2583 2879 vi
2616 2828 2757 2880 inter
2790 2841 2848 2880 se
2874 2825 3028 2895 quasi
3058 2832 3357 2893 temperata
3386 2841 3399 2877 :

1848 2922 2047 2992 quippe
2106 2919 2249 2990 quod
2291 2933 2467 2987 neque
2518 2917 2907 2985 contemplatio
2957 2916 3403 2985 perscanimam

1849 3010 2112 3083 perﬁciat,
2136 3009 2239 3064 nisi
2289 3007 2470 3062 adsint
2497 3016 2552 3062 et
2588 3021 2753 3076 opera
2787 3008 2951 3060 vitam
2994 3006 3267 3076 egregiam
3310 3007 3410 3059 ab—

1850 3101 2151 3168 solventia;
2191 3114 2363 3168 neque
2416 3098 2752 3167 philosophia
2810 3107 3073 3166 occupata
3118 3098 3170 3151 in
3202 3098 3415 3167 agendo

1852 3194 1986 3246 satis
2031 3190 2103 3245 sit
2150 3189 2321 3252 utilis,
2373 3189 2477 3243 nisi
2511 3202 2637 3241 vera
2673 3188 2845 3256 pietas
2871 3202 3056 3241 eorum
3093 3203 3213 3255 quae
3264 3190 3398 3241 Iiuut

1851 3281 1959 3336 dux
1987 3282 2076 3336 sit.
2103 3279 2282 3345 Quare
2311 3278 2359 3333 si
2411 3279 2718 3333 necessaria
2757 3287 2841 3332 est
2886 3279 2999 3331 haec
3028 3278 3311 3331 oculorum
3357 3285 3413 3331 ιιι

1852 3388 2108 3428 manuum
2136 3371 2469 3441 coniunctio,
2517 3367 2875 3439 Iortassejam
2903 3371 3127 3440 propius
3172 3385 3266 3439 per
3298 3369 3413 3422 haec

1852 3466 1969 3536 ipsa
2022 3463 2173 3518 Pauli
2206 3462 2367 3516 verba
2418 3460 2739 3514 adducimur
2798 3460 2863 3513 ad
2931 3460 3411 3519 considerandum.

1852 3557 2027 3627 primo
2043 3555 2263 3625 quinam
2298 3553 2401 3608 sint
2427 3554 2594 3613 oculi,
2626 3551 2820 3606 deinde
2848 3552 2913 3605 ad
2944 3550 3416 3621 comprehenden-

1853 3647 1975 3702 dam
2000 3646 2167 3700 animi
2189 3644 2645 3714 contemplatione
2668 3642 2880 3696 Iaudem
2912 3642 3127 3696 horum.
3149 3641 3303 3707 Quod
3326 3656 3417 3694 au-

1853 3749 1961 3795 tem
2014 3740 2078 3794 de
2122 3736 2374 3792 manibus
2420 3734 2641 3796 dicitur,
2683 3749 2784 3788 suo
2833 3735 2952 3787 loco
2997 3732 3415 3787 reservabimus.

1853 3831 2143 3887 Oculorum
2173 3845 2202 3883 a
2234 3837 2423 3882 natura
2450 3828 2724 3897 pr0prium
2784 3840 2980 3879 munus
3034 3834 3119 3878 est
3172 3839 3415 3879 cernere.

1854 3922 2145 3991 Pr0pterea
2188 3920 2295 3973 loci
2349 3919 2510 3972 etiam
2545 3918 2651 3971 situ
2678 3931 2839 3984 supra
2882 3930 3142 3969 sensuum
3176 3915 3417 3981 reliquu-

1854 4027 1973 4066 rum
2025 4024 2227 4079 organa
2255 4008 2506 4062 collocati
2538 4015 2685 4066 sunt,
2722 4007 2788 4059 ad
2840 4004 3166 4058 duc-tandum
3202 4006 3418 4057 univer-

1859 4120 1978 4160 sum
2034 4117 2232 4171 corpus
2283 4116 2313 4154 a
2345 4110 2542 4155 natura
2597 4099 2851 4154 ordinati.
2903 4098 3083 4164 Quare
3116 4114 3238 4151 cum
3270 4098 3414 4156 illus.

1860 4195 1951 4267 qui
1986 4196 2050 4249 ad
2077 4195 2355 4248 veritatem
2385 4193 2552 4245 duces
2584 4202 2730 4253 sunt,
2763 4191 3019 4259 appellari
3052 4205 3081 4241 a
3105 4190 3277 4245 sacris
3301 4189 3417 4243 Lit-

1859 4287 1991 4342 teris
2025 4285 2275 4340 audimus
2307 4284 2401 4347 ita,
2428 4291 2484 4336 ut
2514 4282 2655 4337 alius
2716 4282 2928 4336 dicatur
2989 4279 3203 4337 Videns.
3254 4281 3417 4342 alius.

1858 4376 2082 4433 Cernens
2113 4374 2176 4445 “,
2223 4375 2361 4430 alius
2406 4372 2715 4444 Speculator
2745 4374 2784 4404 ¹⁷
2823 4387 2851 4425 a
2881 4372 2986 4425 [leo
3010 4372 3412 4442 Prophetarum

1858 4471 1915 4526 in
1971 4468 2126 4524 libris
2185 4476 2441 4531 vocetur,
2495 4466 2815 4520 adducimur
2875 4479 2961 4527 eo,
3004 4473 3062 4518 ut
3116 4472 3421 4521 statuamus

186 4557 505 4627 ἐναγόμεθα
531 4557 617 4610 διὰ
654 4556 875 4621 τούτων,
924 4558 1047 4619 τοὺς
1094 4557 1293 4627 ἐφορᾷν
1326 4557 1420 4610 καὶ
1450 4557 1749 4610 ἐπιδλέπειι

1862 4559 1985 4613 illos
2013 4557 2105 4628 qui
2136 4556 2202 4611 ad
2247 4555 2601 4621 cernendum,
2628 4566 2674 4608 et
2702 4553 3118 4624 inspiciendum,
3145 4563 3200 4607 ct
3229 4569 3420 4622 specu~

190 4650 293 4704 καὶ
320 4651 631 4702 ἐπισκοπεῖν
661 4647 1039 4718 τεταγμένους,
1069 4647 1375 4718 ὀφθαλμοὺς
1420 4648 1648 4703 ἐνταῦθα
1671 4665 1757 4701 νο-

194 4741 383 4812 μίζειν
432 4739 908 4811 κατονομάζεσθαι.
973 4739 1046 4793 Τὸ
1086 4739 1142 4792 δὲ
1179 4741 1303 4809 περὶ
1342 4740 1536 4804 αὐτοὺς
1577 4739 1759 4811 θαῦμα

190 4834 327 4888 καθ’
361 4835 649 4905 ὁμοιότητά
699 4850 816 4886 τινα
860 4833 1213 4906 συγκριτικὴν
1247 4833 1487 4900 γίνεσθαι
1514 4833 1759 4888 διδασκό-

195 4924 367 4996 μεθα,
402 4925 498 4995 τῆς
544 4925 680 4995 πρὸς
723 4925 783 4978 τὸ
817 4927 1056 4994 κρεῖττον
1101 4923 1448 4993 παραθέσεως
1488 4924 1547 4977 τὸ
1570 4924 1760 4989 κάλλος

192 5016 383 5071 αὐτῶν
410 5016 848 5086 ὑπογραφούσης.
880 5015 1014 5086 Φησί
1040 5016 1146 5085 γάρ
1170 5033 1181 5045 ο
1214 5017 1293 5068 ὅτι
1336 5016 1649 5085 Ὀφθαλμοί
1682 5017 1761 5081 ὡς

192 5109 584 5177 περιστεραί.
639 5108 815 5171 Καλὸς
855 5107 961 5178 γάρ
988 5106 1062 5168 ὡς
1103 5107 1313 5176 ἀληθῶς
1357 5107 1466 5159 τῶν
1511 5106 1762 5160 τοιούτων

190 5201 466 5273 ὀμμάτων
501 5200 713 5261 ἔπαινος
739 5202 773 5271 ἡ
803 5199 1023 5264 ἀκακία,
1048 5199 1112 5269 ἢν
1132 5198 1480 5268 κατορθοῦσιν
1497 5201 1544 5251 οἱ
1569 5199 1763 5268 μηκέτι

190 5292 281 5362 τῷ
314 5289 577 5359 σαρκώδει
632 5289 729 5360 βίῳ
789 5289 1155 5359 μολυνόμενοι,
1193 5288 1327 5342 ἀλλά
1366 5287 1561 5352 ζῶντές
1586 5305 1645 5340 τε
1672 5288 1766 5341 καὶ

194 5381 542 5452 ποιχοῦντες
564 5381 641 5451 τῷ
680 5381 967 5452 πνεύματι.
1021 5382 1078 5433 '0
1124 5379 1230 5451 γάρ
1275 5380 1632 5450 πνευματικὸς
1673 5381 1765 5433 καὶ

191 5474 367 5535 ἇῦλος
397 5470 507 5541 βίος
536 5472 613 5542 τῷ
642 5473 738 5535 τῆς
767 5474 1091 5542 περιστερᾶς
1119 5470 1247 5523 εῖδει
1292 5469 1768 5541 χαρακτηρίζεται.

1864 4650 2082 4704 landum
2113 4648 2346 4703 ordinati
2382 4657 2531 4709 sunt,
2565 4648 2753 4701 oculos
2785 4646 2873 4699 hic
2908 4645 3185 4715 appellari.
3222 4643 3422 4699 Eorum

1865 4754 1994 4795 vero
2053 4738 2366 4793 admiranda
2418 4737 2726 4806 praestantia
2808 4751 2904 4805 per
2962 4738 3423 4805 comparationem

1864 4831 2152 4902 quamdam
2185 4829 2511 4891 declaratur,
2545 4829 2866 4898 depingente
2920 4828 3082 4895 hujus
3122 4829 3428 4895 adjectiono

1864 4921 2317 4993 pulchritudinem
2350 4922 2583 4974 illorum.
2615 4919 2703 4972 Ait
2724 4920 2866 4973 enim
2897 4938 2911 4974 :
2970 4920 3124 4974 Oculi
3143 4922 3262 4993 ejus
3293 4921 3424 4974 sicut

1866 5011 2136 5064 columbw.
2185 5010 2449 5065 Praeclara
2505 5011 2762 5064 nimirum
2797 5012 2852 5063 in
2902 5011 3209 5081 hujusmodi
3255 5012 3429 5066 oculis

1867 5101 1984 5154 laus
2018 5110 2118 5161 est,
2152 5115 2345 5170 expers
2378 5100 2596 5154 malitia:
2654 5100 2999 5169 simplicitas.
3049 5116 3170 5170 qua:
3198 5101 3250 5154 in
3306 5102 3427 5155 illos

1867 5191 2030 5253 cadit,
2062 5190 2155 5259 qui
2200 5191 2437 5244 nondum
2466 5206 2497 5243 a
2534 5191 2637 5245 vita
2689 5192 2893 5245 carnali
2919 5192 3109 5261 polluti
3140 5200 3289 5255 sunt,
3333 5194 3424 5245 sed

1865 5284 2054 5338 vivunt
2090 5293 2138 5337 et
2174 5283 2450 5337 ambulant
2497 5283 2710 5352 spiritu.
2774 5283 2981 5337 Etenim
3036 5285 3339 5353 spiritualis
3374 5294 3427 5337 et

1870 5375 2126 5429 immunis
2155 5376 2377 5429 a'rebus
2399 5377 2599 5430 crassis
2624 5377 2731 5430 vita
2767 5393 2862 5446 per
2891 5377 3155 5430 columba:
3188 5377 3426 5445 speciem

1871 5467 2190 5536 exprimitur
2217 5486 2229 5521 :
2263 5483 2384 5522 cum
2414 5477 2636 5523 sanctus
2664 5469 2825 5522 etiam
2853 5466 3089 5535 Spiritus
3116 5470 3213 5520 hac
3250 5469 3431 5537 specie

194 5561 395 5631 ἐπειδὴ
422 5562 514 5613 καὶ
534 5560 661 5614 αὐτὸ
684 5561 744 5613 τὸ
764 5559 981 5630 Πνεῦμα
1005 5559 1063 5612 τὸ
1092 5558 1242 5627 ἂγιον
1260 5558 1428 5621 οὕτως
1444 5558 1595 5629 ὤφθη
1625 5559 1749 5627 παρέ

1872 5567 2195 5626 conspectus
2221 5558 2288 5612 ab
2312 5557 2518 5613 Joanne
2558 5559 2626 5611 sit
2655 5558 2721 5611 de
2748 5559 2903 5612 cmlis
2925 5574 3087 5628 super
3117 5573 3313 5628 aquam
3344 5575 3432 5611 vo-

192 5652 301 5709 τεῦ
344 5651 586 5706 Ἰωάννου
612 5654 676 5705 ἐκ
705 5650 811 5705 τῶν
830 5649 1072 5720 οὐρανῶν
1090 5650 1182 5702 ἐπὶ
1203 5650 1260 5702 τὸ
1289 5649 1430 5720 ὕδωρ
1459 5651 1768 5719 ίπτάμενον.

1873 5650 2004 5704 lare.
2039 5650 2217 5718 Quare
2251 5652 2399 5706 illum
2445 5653 2536 5721 qui
2576 5660 2632 5706 ut
2664 5652 2915 5706 Ecclesiae
2945 5653 3158 5720 corpori
3189 5653 3257 5706 sit
3285 5653 3429 5710 oculi

286 5824 410 5864 "-“
436 5823 580 5881 Psal.
624 5840 713 5891 xx,
741 5823 793 5879 ι.
872 5823 954 5880 ⁸⁵1
994 5824 1120 5879 Cor.
1159 5840 1254 5890 xu,
1282 5824 1367 5879 '21.
1446 5824 1489 5857 "
1519 5822 1538 5877 I
1569 5823 1699 5895 Iicg.
1727 5840 1804 5893 Ix,
1841 5824 1929 5883 II.
2007 5829 2047 5861 ‘7
2075 5830 2271 5887 Ezech.
2317 5848 2396 5893 ιιι,
2426 5831 2514 5884 I-‘i.
