4028 6504
616 403 760 461 1059

1847 409 1902 464 S.
1941 409 2263 468 GBEGORII
2308 413 2591 470 NYSSENI

3707 419 3838 472 ιηθιι

605 522 751 587 loco,
781 521 1045 578 divinitus
1096 522 1381 582 ordinatus
1402 535 1509 594 est,
1557 527 1605 584 si
1636 528 1855 601 quidem
1881 546 2016 601 pure
2047 547 2171 602 spe-

2274 535 2480 590 Οὑκοῦν
2500 535 2592 588 τὸν
2611 535 2730 590 ἀντὶ⁸
2749 534 3039 606 ὀφθαλμῶν
3062 534 3139 605 τῷ
3159 535 3368 606 σώματι
3389 535 3487 606 τῆς
3514 534 3839 602 Ἐκκλησὶας

609 613 871 669 culatoris
889 623 953 669 et
987 615 1312 685 inspectoris
1338 634 1559 674 munere
1591 621 1742 692 fungi
1771 623 1918 686 velit,
1944 637 2160 678 omnem

610 707 920 762 vitiositatis
952 706 1324 776 lippitudinem
1351 711 1570 768 abluere
1609 728 1748 784 aqua
1776 713 2048 768 convenit.
2106 712 2175 766 Et

609 813 748 867 aqua
778 814 884 851 non
954 815 1062 852 una
1088 809 1192 864 est,
1246 816 1352 870 qua
1400 805 1547 857 oculi
1588 805 1950 876 abstergendo
1977 822 2172 876 repur-

609 901 826 959 gantur,
852 889 946 944 ειτά
992 892 1300 960 complures
1335 893 1424 948 hic
1460 910 1582 950 esse
1611 896 1869 950 dicuntur
1903 897 2171 966 ejusmodi

608 998 874 1052 aquarum
905 984 1096 1052 copiae.
1131 983 1265 1038 Nam
1307 995 1440 1055 quot
1484 988 1711 1042 virtutes
1737 995 1885 1051 sunt,
1922 996 1999 1042 tot
2051 1004 2174 1044 esse

611 1073 923 1142 hujusmodi
977 1076 1280 1131 lustralium
1321 1093 1585 1148 aquarum
1637 1078 1816 1135 fontes
1845 1081 2171 1136 existiman-

613 1166 743 1219 dum
783 1177 889 1229 est,
927 1184 1022 1236 per
1064 1184 1201 1238 quos
1230 1171 1368 1224 oculi
1416 1187 1630 1240 semper
1675 1173 1869 1242 seipsis
1926 1174 2172 1242 puriores

611 1259 763 1310 tiunt.
837 1257 997 1313 Verbi
1054 1262 1263 1328 gratia,
1319 1265 1670 1332 temperantia
1728 1264 1964 1318 lustralis
2020 1281 2174 1334 aqua:

609 1346 732 1402 fons
760 1349 979 1417 quidam
1011 1359 1094 1404 est
1126 1365 1140 1404 :
1175 1352 1314 1406 alius
1367 1354 1665 1415 humilitas,
1688 1357 1911 1420 veritas,
1938 1357 2172 1425 justitia,

610 1437 893 1496 fortitudo.
946 1438 1070 1492 boni
1127 1442 1418 1509 cupiditas,
1474 1444 1598 1496 mali
1638 1448 1931 1500 aversatio.
1984 1445 2076 1500 Ha:
2121 1456 2174 1502 et

609 1529 725 1582 aliae
754 1545 926 1597 aqum,
971 1531 1036 1584 de
1077 1547 1184 1585 uno
1226 1535 1442 1601 quidem
1493 1535 1595 1588 illze
1624 1534 1792 1599 fonte,
1819 1537 1912 1590 sed
1941 1537 2172 1594 diversis

611 1620 770 1688 quasi
807 1619 1022 1676 ﬂuentis
1059 1622 1113 1674 in
1147 1639 1312 1676 unum
1352 1625 1594 1681 collectis
1624 1627 1870 1696 quaedam
1898 1637 2026 1683 sunt
2074 1645 2171 1684 co-

613 1711 764 1780 piosa
809 1711 1106 1779 plenitudo,
1157 1729 1250 1782 per
1304 1730 1424 1784 quae
1487 1717 1628 1770 oculi
1667 1718 1737 1770 ab
1791 1720 1938 1772 omni
1977 1721 2172 1776 vitiosa

609 1801 923 1870 lippitudine
981 1813 1359 1875 repurgantur.
1393 1806 1724 1878 Quanquam
1758 1826 1884 1864 vero
1913 1812 1981 1866 ad
2011 1829 2176 1883 aqua-

2275 627 2380 681 ὑπὸ
2401 625 2494 680 τοῦ
2524 625 2660 680 Θεοῦ
2690 627 3038 697 τεταγμένον,
3067 628 3114 679 εἰ
3147 626 3298 697 μέλει
3338 626 3589 697 καθαρῶς
3620 628 3839 680 ἐπισκο-

2273 715 2392 767 πεῖν
2415 732 2473 767 τε
2503 715 2596 768 καὶ
2627 715 2956 777 ἐπιϐλέπειν,
3011 717 3186 768 πᾶσαν
3211 715 3306 784 τὴν
3339 716 3401 768 ὲκ
3432 715 3632 780 κακίας
3662 717 3841 787 λήμην

2273 807 2678 860 ἀποκλύσασθαι
2725 809 2990 878 προσήκει
3029 807 3106 878 τῷ
3149 807 3320 861 ὑδατι.
3360 810 3511 862 ¹Ἐστι
3559 809 3617 862 δὲ
3663 810 3763 879 οὐχ
3785 811 3838 862 ἓν

2275 896 2416 970 ὕδωρ
2447 900 2687 952 νιπτικὺν
2718 899 2824 952 τῶν
2857 900 3136 970 ὀμμάτων,
3172 899 3304 953 ἀλλά
3324 901 3493 955 πολλά
3519 902 3632 954 τῶν
3667 905 3841 954 τοιού⁹

2272 1005 2380 1043 των
2426 990 2631 1045 ὑδάτων
2663 985 2796 1043 εἷναί
2841 1007 2971 1061 φησι
3018 989 3086 1042 τά
3134 989 3492 1061 πληρώματα.
3523 991 3695 1045 Ὅσαι
3737 993 3840 1060 γάρ

2274 1082 2407 1133 εἰσιν
2436 1080 2644 1150 ἀρεταὶ,
2674 1079 2935 1142 τοσαύτας
2974 1079 3079 1150 χρὴ
3118 1078 3215 1142 τὰς
3244 1078 3350 1130 τῶν
3379 1078 3696 1147 καθαρσίων
3717 1079 3838 1132 ὑδά-

2272 1191 2379 1225 των
2412 1172 2656 1243 ἐννοῆσαι
2695 1171 2893 1242 πηγὰς,
2925 1171 2992 1224 δι’
3016 1164 3088 1224 ὦν
3113 1171 3161 1223 οἱ
3197 1170 3459 1240 ὀφθαλμοὶ
3485 1171 3733 1238 γίνονται
3758 1172 3842 1222 ἀεὶ

2273 1265 2476 1316 ἑαυτῶν
2497 1264 2862 1334 καθαρώτεροι
2881 1287 2896 1301 σ
2920 1259 3027 1316 οἷον
3051 1263 3199 1334 πηγή
3214 1263 3306 1316 τοῦ
3331 1263 3624 1334 καθαρσίου
3653 1262 3842 1325 ὑδατός

2274 1355 2417 1406 ἐστιν
2471 1355 2504 1424 ή
2569 1353 2883 1422 σωφροσύνη
2903 1370 2916 1382 ο
2942 1351 3074 1421 άλλη
3103 1352 3251 1422 πηγὴ
3277 1351 3493 1420 τοιαύτη
3530 1355 3564 1422 ή
3587 1369 3842 1405 ταπεινο-

2275 1444 2534 1515 φροσύνη,
2566 1446 2599 1514 ή
2625 1445 2867 1514 ἀλήθεια,
2882 1445 2976 1498 καὶ⁹
3001 1447 3034 1514 ή
3057 1444 3386 1514 δικαιοσύνη,
3409 1443 3503 1496 καὶ
3531 1447 3565 1514 ἡ
3595 1444 3839 1512 ἀνδρεία,

2274 1537 2418 1606 καὶὴ
2447 1536 2538 1589 τοῦ
2573 1535 2775 1603 ἀγαθοὺ
2821 1535 3102 1606 ἐπιθυμία,
3134 1535 3228 1588 καὶ
3266 1537 3300 1606 ἡ
3323 1534 3433 1587 τοῦ·
3460 1533 3632 1588 κακοῦ
3688 1534 3844 1587 ἀλλο-

2268 1627 2508 1696 τρίωσις.
2553 1627 2734 1680 Ταῦτα
2770 1628 2862 1680 καλ⁸
2895 1626 2962 1680 τὰ
2989 1626 3208 1680 τοιαῦτα
3243 1625 3411 1680 eam
3437 1627 3582 1680 ἐστιν
3611 1627 3683 1678 ὲκ
3716 1629 3844 1696 μιᾶς

2275 1719 2374 1789 μὲν
2413 1719 2615 1790 πηγῆς,
2642 1720 2909 1791 διαφόρων
2936 1720 2992 1773 δὲ
3035 1719 3260 1791 ῥείθρων
3293 1721 3370 1782 εἰς
3396 1719 3453 1773 ἓν
3475 1718 3843 1790 ἀθροιζόμενα

2274 1811 2565 1882 πλήρωμα,
2621 1811 2686 1864 δι’
2731 1805 2805 1865 ὧν
2861 1811 3039 1882 πάσης
3067 1813 3130 1864 ὲκ
3184 1810 3385 1875 πάθους
3420 1811 3598 1882 λήμης
3630 1811 3844 1878 γίνεται

611 1909 728 1946 tum
751 1894 938 1962 copias
991 1903 1120 1948 sunt
1166 1896 1244 1948 illi
1295 1897 1460 1963 oculi,
1491 1901 1584 1969 qui
1621 1901 1690 1955 ob
1717 1879 2078 1972 integritatem
2107 1921 2171 1960 ac

2274 1879 2399 1964 τοῖς-
2424 1879 2718 1972 ὀφθαλμοῖς
2745 1901 2812 1955 τὰ
2850 1879 3140 1972 καθάρσια.
3179 1900 3315 1954 Ἀλλ’
3359 1879 3613 1972 εισι-μὲν
3650 1901 3748 1953 ἐπὶ
3773 1900 3845 1953 τά

609 1983 1010 2054 simplicitatem
1045 1988 1311 2044 columbis
1359 2001 1778 2059 comparantur;
1816 1994 2169 2052 nihilominus

612 2078 886 2131 lavacrum
924 2094 1113 2133 eorum
1149 2082 1231 2135 lac
1265 2099 1386 2138 esse
1412 2084 1636 2150 dicitur,
1669 2087 1755 2141 bis
1783 2089 1961 2144 verbis
1985 2089 2169 2145 hisee:

608 2168 814 2223 Ablutw
847 2169 1000 2226 lacte.
1063 2172 1408 2230 Conveniens
1464 2189 1640 2231 autem
1696 2180 1815 2235 laus
1861 2180 2171 2251 hujusmodi

614 2262 790 2316 oculis
826 2263 1106 2329 tribuitur,
1140 2280 1263 2320 cum
1311 2267 1450 2323 lacte
1509 2269 1761 2325 columba
1820 2273 1944 2329 talis
2002 2275 2168 2339 ablui,

608 2363 943 2425 venusteque
982 2356 1128 2410 reddi
1163 2369 1639 2415 commemoratur.
1664 2361 1798 2416 Nam
1829 2379 1955 2419 vere
1983 2366 2086 2419 boc
2116 2368 2169 2420 in

610 2453 750 2501 tacte
769 2449 1112 2502 observatum
1145 2459 1262 2514 est,
1295 2453 1470 2506 solum
1503 2454 1642 2509 inter
1688 2454 1906 2509 humida
1933 2458 2173 2525 proprie-

611 2549 771 2594 tatem
804 2542 941 2596 hanc
989 2543 1205 2604 habere,
1240 2542 1383 2610 quod
1424 2545 1476 2597 in
1507 2560 1573 2599 eo
1597 2546 1799 2600 nullius
1824 2548 1900 2601 rei
1946 2549 2170 2602 simula-

608 2647 760 2684 crum
781 2646 847 2684 ac
874 2631 1173 2686 similitudo
1199 2635 1588 2702 conspiciatur.
1617 2635 1822 2691 Etenim
1873 2653 1960 2694 res
1983 2655 2170 2696 omnes

608 2737 727 2790 qua:
751 2723 982 2777 humidae
1023 2732 1230 2778 naturae
1257 2735 1407 2789 sunt,
1447 2728 1513 2779 ad
1542 2728 1952 2785 similitudinem
1982 2747 2172 2801 specu-

610 2816 807 2878 lorum,
839 2816 907 2870 ob
945 2815 1247 2870 laevitatem
1302 2819 1629 2886 superﬁciei,
1682 2820 1888 2876 faciunt
1921 2830 1977 2876 ut
2005 2825 2172 2894 inspi-

606 2907 865 2961 cientium
885 2907 1043 2962 ineas
1063 2908 1299 2963 vicissim
1343 2926 1406 2964 ex
1432 2911 1564 2982 ipsis
1588 2913 1851 2982 imagines
1873 2917 2168 2970 reluceant.

608 2999 665 3052 In
695 2997 813 3052 solo
870 3009 1050 3052 autem
1107 2998 1246 3053 lacte
1294 3000 1607 3069 hujusmodi
1637 3004 2052 3060 simulacrorum
2078 3024 2172 3062 ex-

607 3088 818 3157 pressio
853 3089 1032 3142 locum
1066 3105 1174 3143 non
1206 3091 1381 3145 habet.
1413 3092 1530 3157 Quo
1563 3094 1619 3146 lit
1664 3103 1722 3147 ut
1753 3095 1865 3149 haec
1891 3099 2168 3152 oculorum

2271 1993 2608 2064 πληρώματα
2627 1991 2735 2046 τῶν
2757 1992 2962 2062 ὑδάτων
3003 1995 3052 2044 οἱ
3081 1991 3366 2062 ὀφθαλμοὶ,
3394 1993 3442 2044 οἱ
3468 1991 3556 2044 διὰ
3587 1992 3692 2060 τῆς
3714 1992 3845 2043 ἀκε-

2275 2087 2549 2158 ραιότητος
2577 2084 2669 2138 καὶ
2694 2085 2926 2146 ἀκακίας
2952 2085 3068 2148 ταῖς
3100 2084 3442 2152 περιστεραῖς
3465 2082 3841 2150 ὡμοιωμένου

2272 2180 2492 2251 λουτρὸν
2515 2180 2570 2232 δὲ
2597 2180 2777 2242 αὐτοῖς
2805 2179 2865 2231 τὸ
2889 2178 3028 2247 γάλα
3056 2180 3235 2248 φησιν,
3276 2177 3446 2240 οὕτως
3465 2177 3718 2239 εἰπόντος
3747 2177 3841 2228 τοῦ

2270 2275 2430 2342 λόγου
2450 2291 2464 2304 ’
2489 2275 2569 2327 ὅτι
2601 2271 2965 2340 Λελουμέναι
2991 2271 3060 2324 ἐν
3083 2269 3351 2339 γάλακτι.
3383 2269 3615 2340 Πρέπων
3645 2269 3708 2321 δὲ
3734 2272 3844 2331 τῶς

2270 2366 2527 2430 τοιούτοις
2551 2365 2789 2436 ὄμμασιν
2805 2365 3022 2426 ἔπαινος
3045 2365 3106 2416 τὸ
3123 2363 3200 2432 τῷ
3220 2362 3447 2432 γάλακτι
3461 2363 3560 2431 τήν
3579 2360 3844 2430 τοιαύτην

2272 2459 2596 2530 περιστερὰν
2643 2456 2932 2526 λουομένην
2987 2454 3390 2526 ὲνωραῒζεσθαι.
3457 2452 3694 2524 Ἀληθὴς
3736 2454 3843 2523 γάρ

2273 2554 2469 2622 ἐστινὴ
2495 2549 2593 2614 τοῦ
2622 2549 2887 2618 γάλακτος
2918 2548 3312 2620 παρατήρησις,
3365 2547 3447 2598 ὅτι
3486 2547 3652 2616 μόνον
3686 2545 3845 2598 τοῦτο

2271 2631 2522 2713 τοιαύτην
2554 2640 2662 2710 ἔχει
2689 2640 2785 2710 τὴν
2827 2641 3080 2710 ἰδιότητα,
3105 2638 3165 2691 τὸ
3193 2637 3268 2708 μὴ
3301 2635 3663 2706 ἐμφαίνεσθαι
3696 2637 3843 2704 αὑτῷ

2272 2734 2488 2787 εἴδωλόν
2508 2749 2648 2794 τινος
2671 2733 2764 2784 καὶ
2789 2731 3055 2801 ὁμοίωμα.
3087 2729 3273 2783 Πάντα
3291 2726 3397 2796 γὰρ
3422 2729 3520 2779 ὅσα
3540 2727 3642 2796 τῆς
3667 2727 3844 2796 ὑγρᾶς

2272 2825 2385 2876 ἐστι
2421 2821 2806 2892 φύσεως,.καθ’
2828 2821 3117 2890 ὁμοιότητα
3149 2817 3255 2871 τῶν
3283 2818 3600 2887 κατόπτρων
3633 2817 3733 2868 διὰ
3753 2817 3845 2868 τοῦ

2271 2913 2412 2965 λείου
2456 2913 2555 2982 τῆς
2607 2910 2921 2978 ἐπιφανείας
2954 2908 3060 2962 τῶν
3099 2910 3155 2971 ἐς
3186 2907 3323 2960 αὐτὰ
3353 2905 3657 2976 βλεπόντων
3693 2910 3847 2960 ἀντι-

2273 3002 2551 3072 φαίνεσθαι
2577 3000 2974 3070 παρασκευάζει
2997 3000 3064 3052 τά
3105 2998 3440 3069 ὁμοιώματα.
3479 2999 3568 3050 Ἐν
3600 2999 3758 3068 μόνῳ
3787 2999 3848 3050 δὲ

2271 3096 2348 3165 τῷ
2384 3095 2612 3162 γάλακτι
2641 3095 2674 3163 ἡ
2717 3091 2934 3160 τοιαύτη
2993 3089 3328 3142 εἰδωλοποιτα
3371 3089 3554 3160 χώραν
3579 3090 3686 3141 οὑκ
3709 3089 3843 3158 ἔχει.

606 3176 951 3234 Εοοιοείωδὶι
999 3181 1114 3235 laus
1176 3180 1586 3248 perfectissima,
1639 3184 1783 3254 quod
1837 3187 2168 3258 nihilquod

2278 3181 2351 3241 Οὑ
2389 3187 2564 3256 χάριν,
2627 3182 2862 3244 τοιοῦτος
2896 3181 3001 3234 τῶν
3049 3180 3148 3250 τῆς
3197 3179 3514 3248 Ἐκκλησῖας
3542 3179 3849 3249 ὀφθαλμῶν

562 3273 569 3280 ’
608 3285 714 3323 non
748 3270 1010 3325 subsistat
1045 3272 1098 3324 in
1128 3287 1309 3326 rerum
1342 3281 1557 3336 natura,
1593 3275 1727 3330 nihil
1753 3293 2057 3344 erroneum,
2092 3282 2174 3334 ni-

607 3361 684 3415 hil
707 3377 902 3416 vanum
928 3371 1121 3432 prwter
1147 3364 1316 3432 ipsam
1350 3380 1532 3420 rerum
1559 3369 1864 3434 veritatem,
1887 3372 2032 3424 velut
2058 3389 2177 3425 um-

607 3452 786 3506 bratili
833 3453 1067 3521 quodam
1115 3455 1409 3510 simulacro
1464 3457 1836 3514 fraudulenter
1877 3477 2176 3532 repraesen-

607 3553 768 3599 tent:
813 3546 906 3600 sed
943 3546 1272 3614 ipsissimam
1317 3550 1595 3604 veritatem
1651 3551 1982 3619 intueantur,
2023 3572 2175 3610 erro-

607 3637 724 3691 neis
757 3637 920 3706 hujus
950 3639 1072 3691 vita:
1095 3639 1325 3707 spectris
1361 3650 1414 3693 et
1454 3641 1932 3712 imaginationibus
1965 3663 2171 3717 nequa-

607 3745 767 3799 quam
791 3731 1068 3786 admissis.
1102 3730 1391 3801 Pi-Opterea
1419 3735 1574 3789 lactis
1633 3737 1903 3792 lavacrum
1933 3740 2170 3810 perfecta

609 3823 722 3877 haec
749 3823 928 3876 anima
955 3834 1161 3878 certum
1190 3840 1311 3880 esse
1341 3827 1636 3881 remedium
1669 3830 1858 3884 statuit
1883 3831 1950 3884 ad
1984 3833 2172 3887 oculo-

608 3932 725 3970 rum
743 3917 1054 3986 puritatem.

676 4029 808 4097 Quae
833 4045 994 4102 porro
1024 4039 1328 4100 sequuntur
1364 4033 1548 4097 verba,
1585 4035 1741 4103 quasi
1787 4037 1871 4091 lex
1902 4039 2167 4106 quaedam,

607 4123 967 4192 praescribunt
998 4122 1337 4177 auditoribus
1392 4124 1590 4192 quibus
1630 4127 1791 4180 rebus
1819 4127 2058 4182 studiose
2083 4131 2168 4182 in-

606 4214 739 4270 tenti
759 4229 882 4270 esse
901 4213 1045 4267 oculi
1092 4212 1341 4268 debeant.
1386 4213 1654 4279 Sedentes,
1679 4218 1873 4287 inquit,
1896 4221 2057 4289 juxta
2083 4236 2168 4273 co-

605 4310 719 4376 pias
753 4323 1030 4376 aquarum.
1057 4306 1325 4362 Nimirum
1359 4317 1670 4377 perpetuam
1697 4313 1843 4365 velut
1877 4313 2172 4368 assiduita-

607 4409 715 4454 tem
758 4399 1067 4453 attentionis
1130 4398 1184 4451 in
1231 4399 1505 4454 discendis
1534 4401 1698 4456 rebus
1737 4403 1932 4459 divinis
1973 4412 2172 4460 nostra:

2275 3284 2417 3334 ἐστιν
2445 3280 2473 3331 ό
2496 3276 2816 3338 τελεώτατος
2839 3273 3074 3336 ἔπαινος,
3101 3273 3162 3325 τὸ
3191 3272 3351 3343 μηδὲν
3381 3272 3757 3325 ἀνυπόστατόν
3784 3289 3845 3323 τε

2273 3372 2365 3424 καὶ
2403 3367 2812 3438 πεπλανημένον
2834 3366 2925 3418 καὶ
2956 3365 3180 3435 μάταιον
3222 3363 3373 3434 παρά
3399 3363 3495 3434 τὴν
3523 3363 3630 3416 τῶν
3668 3364 3847 3415 ὄντων

2272 3462 2525 3532 ἀλήθειαν
2564 3457 2912 3527 σκιογράφειν
2957 3457 3169 3517 ἑαυτοῖς
3197 3454 3262 3507 δι’
3311 3455 3546 3524 ἀπάτης,
3582 3454 3728 3507 ἀλλά
3753 3457 3846 3508 τὸν

2273 3555 2438 3615 ὅντως
2463 3552 2589 3604 ὄντα
2639 3550 2872 3620 βλέπειν,
2921 3546 3018 3611 τὰς
3065 3547 3122 3600 δὲ
3171 3545 3537 3617 ήλητευμένας
3576 3548 3675 3599 τοῦ

2279 3645 2392 3716 βίου
2427 3643 2575 3712 ὄψεις
2606 3658 2666 3694 τε
2703 3641 2796 3694 καὶ
2841 3639 3136 3709 φαντασίας
3167 3639 3239 3710 μὴ
3274 3638 3695 3710 παραδέχεσθαι.
3744 3643 3846 3695 Διά

2275 3735 2432 3790 τοῦτο
2469 3733 2604 3804 πρὸς
2662 3731 2758 3801 τήν
2789 3730 3133 3802 καθαρότητα
3161 3730 3270 3784 τῶν
3293 3730 3552 3800 ὀμμάτων
3601 3731 3713 3784 eme
3745 3734 3845 3802 τῆς

2275 3828 2482 3890 τελείας
2547 3824 2723 3894 ψυχῆς
2771 3823 2832 3876 τὸ
2870 3822 2966 3876 τοῦ
3001 3821 3268 3893 γάλακτος
3312 3820 3532 3893 λουτρὸν
3591 3823 3842 3891 ἀσφαλὲς

2275 3919 2486 3989 ἐκρίθη.

2359 4033 2418 4086 '0
2448 4033 2492 4086 δ’
2530 4031 2722 4100 ἐφεξῆς
2750 4029 2922 4097 λόγος,
2953 4027 3115 4096 νόμος
3152 4025 3268 4078 ἐστὶ
3289 4027 3398 4088 τοῖς
3413 4027 3685 4092 ἐπαΐουσι,
3712 4029 3844 4097 mp!

2276 4124 2312 4179 ἃ
2334 4125 2436 4195 χρὴ
2470 4124 2596 4187 τοὺς
2639 4120 2947 4190 ὀφθαλμοὺς
2985 4117 3080 4187 τὴν
3109 4115 3342 4185 σπουδήν
3379 4115 3538 4186 ἔχειν.
3565 4116 3846 4186 Καθήμε.

2275 4232 2373 4268 ναι
2404 4213 2533 4282 γὰρ,
2586 4212 2766 4282 φησὶν,
2792 4209 2890 4262 ἐπὶ
2920 4207 3275 4274 πληρώματα
3304 4206 3550 4260 ὑδάτων.
3588 4208 3704 4277 Τήν
3737 4209 3846 4278 γὰρ

2274 4305 2496 4377 διηνεκῆ
2556 4301 2906 4376 προσεδρείαν
2957 4299 3056 4367 τῆς
3111 4298 3236 4367 περὶ
3285 4297 3352 4349 τά
3388 4297 3504 4351 θεῖα
3539 4297 3844 4367 μαθήματα

2277 4399 2546 4469 προσοχῆς
2589 4398 2616 4446 ὁ
2644 4392 2878 4453 τοιοῦτος
2904 4389 3212 4443 ὑποτίθεται
3244 4389 3417 4456 λόγος,
3439 4383 3505 4441 δι’
3529 4382 3603 4442 ὧν
3625 4391 3847 4442 ἐπαινεί

607 4491 811 4543 dictum
839 4490 940 4543 hoc
967 4489 1212 4558 requirit,
1243 4489 1367 4543 dum
1395 4507 1556 4560 purOs
1579 4493 1766 4547 oculos
1803 4494 1987 4548 laudat
2016 4513 2030 4548 :
2076 4495 2170 4548 do-

2275 4492 2402 4552 τοὺς
2427 4487 2694 4558 καθαροὺς
2724 4481 3028 4554 ὀφθαλμούς
3046 4498 3058 4511 ·
3096 4482 3186 4534 καὶ
3207 4483 3354 4551 ἡμᾶς
3374 4481 3655 4542 διδάσκων,
3689 4483 3845 4543 ὅπως

607 4599 738 4637 cens
763 4581 979 4636 interim
1002 4596 1100 4634 nos
1147 4596 1256 4650 quo
1308 4589 1465 4650 pacto
1496 4583 1952 4651 pulchritudinem
1981 4586 2171 4640 oculo-

609 4690 731 4727 rum
771 4675 1031 4742 consequi
1058 4674 1352 4741 possimus,
1383 4675 1635 4728 nimirum
1663 4692 1938 4745 nunquam
1968 4693 2074 4729 non
2107 4677 2174 4730 ad

608 4779 872 4833 aquarum
929 4765 1115 4834 c0pias
1142 4765 1401 4820 sedendo.
1444 4765 1749 4822 Praesertim
1767 4782 1889 4822 cum
1921 4768 2076 4820 multi
2109 4785 2176 4823 ex

608 4859 676 4912 iis
705 4857 797 4925 qui
834 4859 1114 4911 oculorum
1143 4859 1317 4912 locum
1347 4861 1614 4923 obtinent,
1641 4862 1841 4914 omissa
1867 4859 2177 4926 hujusmodi

607 4951 778 5020 cepiis
801 4964 1059 5019 aquarum
1087 4949 1360 5004 assidendi
1387 4950 1662 5020 diligentia
1684 4991 1696 5011 ,
1732 4949 1798 5002 ad
1825 4949 2047 5004 ﬂumina
2079 4951 2181 5006 Ba-

609 5042 822 5112 bylonis
857 5042 1153 5104 dcsideant,
1195 5041 1452 5096 facientes
1478 5042 1528 5094 id
1566 5041 1706 5109 quod
1734 5040 1786 5093 in
1821 5041 1912 5094 Dei
1947 5057 2177 5110 persona

609 5137 662 5189 in
719 5135 1024 5202 hujusmodi
1066 5135 1374 5188 hominibus
1435 5132 1871 5202 reprehenditur.
1935 5133 2174 5203 Relique-

609 5239 730 5279 runt
762 5244 859 5286 me,
894 5226 1088 5294 inquit,
1121 5227 1317 5287 fontem
1354 5243 1503 5295 aqua:
1536 5227 1679 5289 ιιὶυαν,
1713 5243 1772 5278 ac
1803 5226 2045 5294 foderunt
2076 5225 2175 5278 sibi

607 5330 785 5384 puteos
825 5319 1138 5384 perforatas,
1175 5318 1262 5386 qui
1292 5327 1482 5385 aquam
1528 5317 1789 5370 continere
1828 5326 2078 5384 nequeunt
2103 5316 2164 5370 ¹³.

610 5410 793 5467 Itaque
827 5408 1088 5461 docemur
1129 5407 1232 5460 hoc
1266 5406 1410 5460 dicto
1451 5409 1541 5476 qui
1571 5408 1683 5461 ﬁeri
1730 5409 1920 5460 oculus
1948 5407 2169 5476 pulcher

605 5499 797 5569 possit,
817 5508 874 5552 ut
894 5499 1060 5552 decus
1082 5499 1298 5567 aliquod
1324 5499 1517 5554 habeat
1539 5499 1866 5568 omninoque
1887 5500 2171 5553 conveniat

608 5605 774 5646 aureo
802 5589 962 5658 capiti
995 5607 1010 5644 :
1044 5591 1295 5643 nimirum
1326 5591 1369 5646 si
1409 5592 1526 5645 labe
1557 5602 1756 5653 careat,
1785 5593 2170 5661 adexemplum

609 5686 868 5738 columbae
886 5723 900 5745 ,
921 5692 970 5736 et
991 5685 1158 5738 instar
1177 5692 1302 5739 natu
1313 5701 1382 5739 ne
1406 5685 1558 5739 lactis
1583 5685 1648 5739 ab
1670 5686 1946 5740 erroribus
1965 5693 2015 5739 et
2036 5684 2178 5738 frau-

683 5863 722 5893 "
756 5859 954 5914 Jerrtn.
987 5877 1042 5924 ll,
1081 5861 1154 5913 15.

2271 4581 2336 4636 ἂν
2368 4579 2427 4631 τὸ
2455 4578 2583 4630 ἴδιον
2606 4575 2799 4638 κάλλος
2843 4573 2948 4626 τῶν
2997 4571 3288 4642 ὀφθαλμῶν
3328 4570 3711 4641 ἀναλάϐωμεν,
3756 4572 3843 4623 ἀεὶ

2271 4669 2707 4742 προσκαθήμενοι
2730 4668 2840 4728 τοῖς
2866 4664 2971 4717 τῶν
2989 4664 3193 4717 ὑδάτων
3214 4661 3566 4734 πληρώμασιν
3585 4661 3687 4724 ’ώς
3703 4662 3760 4713 οῖ
3781 4679 3840 4728 γε

2278 4763 2462 4818 πολλοὶ
2510 4761 2615 4815 τῶν
2647 4762 2722 4822 εἰς
2757 4757 3063 4826 ὀφθαλμοὺς
3081 4756 3424 4826 τεταγμένων
3449 4754 3841 4815 καταλιπόντες

2275 4857 2336 4910 τὸ
2353 4857 2461 4918 τοῖς
2480 4851 2734 4912 τοιούτοις
2754 4847 3078 4920 πληρώμασι
3113 4845 3504 4917 προσεδρεύειν,
3529 4849 3640 4905 τοῖς
3658 4844 3839 4898 Βαῆυο

2277 4948 2484 5010 λωνίοις
2530 4945 2788 5013 ποταμοῖς
2822 4940 3256 5010 παρακάθηνται,
3281 4937 3609 5009 πληροῦντες
3779 4940 3838 4990 ὲκ

2277 5043 2567 5116 προσώπου
2589 5039 2680 5090 τοῦ
2701 5037 2833 5090 Θεοῦ
2851 5035 3215 5106 γεγενημένην
3241 5035 3331 5086 ἐπὶ
3352 5033 3456 5085 τῶν
3469 5033 3729 5086 τοιούτων
3748 5053 3839 5087 κα-

2273 5134 2551 5205 τηγορίαν.
2571 5129 2706 5199 Ἐμέ
2727 5127 3115 5197 ἐγκατέλιπον
3134 5126 3334 5195 πηγὴν
3358 5125 3572 5191 ὕδατος
3599 5124 3833 5191 ζῶντος,

2275 5227 2367 5279 καὶ
2381 5224 2616 5292 ὤρυξαν
2627 5221 2856 5285 ἑαυτοῖς
2866 5218 3129 5283 λάκκους
3142 5217 3760 5285 συντετριμμένους,οῖ
3768 5219 3836 5268 οὐ

2274 5320 2558 5371 δύνανται
2593 5313 2876 5382 συνέχειν
2903 5309 3077 5377 ὕδωρ.
3106 5309 3345 5378 Μάθημα
3359 5303 3450 5360 οὖν
3491 5309 3656 5367 ἐστιν,
3688 5308 3832 5367 ὅπως

2274 5411 2481 5480 γένοιτο
2529 5407 2592 5459 ἂν
2625 5405 2783 5466 καλὸς
2821 5401 3093 5472 ὀφθαλμὸς
3139 5400 3433 5470 ἐμπρέπων
3459 5416 3516 5452 τε
3552 5399 3646 5450 καὶ
3675 5399 3832 5467 ὲναρο

2281 5502 2456 5572 μόζων
2501 5501 2564 5568 τῇ
2601 5499 2772 5568 χρυσῇ
2823 5494 3048 5563 κεφαλῇ,
3080 5492 3138 5544 τὸ
3188 5486 3324 5544 εἶναι
3365 5490 3522 5544 αὑτὸν
3580 5489 3828 5556 ἀκέραιον

2283 5597 2378 5667 μὲν
2411 5593 2549 5648 κατά
2581 5592 2676 5660 τὴν
2715 5585 3060 5658 περιστεράν,
3101 5583 3308 5652 ἁπλανῆ
3347 5601 3404 5636 τε
3444 5583 3536 5634 καὶ
3563 5578 3818 5645 ἀνεξαπά-

2283 5703 2441 5740 ττητον
2464 5683 2603 5738 κατὰ
2634 5681 2729 5734 τὴν
2760 5677 2851 5731 τοῦ
2879 5676 3143 5743 γάλακτος
3179 5675 3354 5738 φύσιν,
3386 5674 3620 5744 μηδεμιᾷ
3657 5672 3821 5738 πλαιιξι
