3824 6476
87 399 192 457 1061
968 390 1037 446 ΙΝ
1076 386 1376 444 CANTICA
1414 379 1683 438 CAN'I‘IC.
1725 378 2008 438 HOMILIA
2040 382 2181 440 XIV.
3102 383 3240 442 1062

85 515 173 567 τῶν
197 512 535 567 ἀννποστάτων
563 509 1023 581 φαντασιούμενον
1041 528 1055 542 ·
1087 508 1496 581 προσκαθῆσθαι
1526 505 1583 559 δὲ

1710 499 1843 557 libus
1866 504 2121 561 immunis
2142 504 2233 567 sit,
2251 518 2281 557 a
2310 505 2461 559 nullo
2488 519 2666 559 rerum
2700 519 2806 559 non
2829 504 3242 561 subsistentium

84 604 157 657 διὰ
180 604 453 674 παραμονῆς
480 603 573 657 καλ⁵
611 601 959 672 προσεδρείας
985 604 1094 664 τοῖς
1129 599 1454 671 πληρώμασι
1475 599 1582 653 τῶν

1710 611 1866 651 :rrore
1888 597 2079 651 illusus
2105 613 2119 662 ;
2143 596 2378 666 denique
2400 606 2714 653 constanter
2730 605 2783 652 et
2798 596 3016 653 assidue
3035 595 3245 653 divina-

87 694 215 747 θείων
266 691 469 756 ὑδάτων,
521 690 641 744 καθ’
676 691 968 760 ὁμοιότητα
1002 690 1095 743 τοῦ
1123 690 1277 757 ξύλου
1307 690 1400 743 τοῦ
1433 688 1585 760 παρὰ

1710 704 1805 743 'um
1825 704 2087 759 aquarum
2107 689 2280 759 copiis
2301 690 2559 755 assideat,
2574 691 2749 744 instar
2773 690 2900 759 ligni
2917 690 3060 760 quod
3077 705 3247 761 aqua-

84 784 164 847 τάς
179 782 398 848 διεξόδους
422 783 527 836 τῶν
566 782 769 835 ὑδάτων
799 782 1203 852 πεφυτευμένου
1233 783 1325 835 καὶ
1342 783 1400 835 ού
1431 782 1584 851 μεθι-

1710 797 1804 834 um
1822 781 1886 834 ad
1904 781 2045 836 rivos
2060 782 2380 850 plantatum,
2392 797 2657 851 nusquam
2671 784 2790 837 loco
2807 799 2906 838 suo
2922 783 3243 837 dimovelur.

86 876 323 947 σταμένου.
356 875 506 929 Οὕτω
542 875 650 946 γὰρ
692 875 778 926 ὅτε
821 873 1032 944 καρπὸς
1066 874 1155 928 ἐπὶ
1180 875 1273 927 τοῦ
1306 875 1435 928 ἰδίου
1466 893 1588 927 και-

1710 872 1782 927 Sic
1801 873 1943 927 enim
1978 880 2033 927 et
2072 872 2285 927 fructus
2317 888 2415 927 suo
2447 884 2687 942 tempore
2710 874 3041 943 proferetur,
3080 881 3133 928 et
3155 890 3245 927 ra-

85 969 165 1041 ροῦ
191 968 602 1040 προϐληθήσεται,
627 969 722 1022 καὶ
748 968 776 1020 ὁ
805 966 996 1031 κλάδος
1023 969 1277 1039 ἀειθαλὴς
1316 968 1589 1037 φυλαχθῆ-

1710 964 1760 1017 ni
1797 965 2069 1033 eleganter
2092 965 2345 1019 coloratis
2381 965 2521 1019 loliis
2553 974 2813 1035 perpetuo
2836 965 3089 1021 ﬂorentes
3117 981 3248 1019 con-

84 1077 211 1114 σεται
233 1063 287 1130 τῇ
315 1059 528 1129 εὐχροίᾳ
560 1058 667 1112 τῶν
704 1060 916 1129 φύλλων
944 1060 1417 1129 περισοϐούμενος.
1453 1058 1589 1111 Νυνὶ

1710 1056 2075 1122 servabuntur,
2132 1071 2260 1109 aura
2326 1072 2421 1109 eos
2470 1057 2973 1127 circumstrepente.
3009 1058 3077 1109 At
3108 1072 3253 1109 nunc

80 1154 129 1207 δὲ
152 1153 239 1205 τῶν
271 1150 540 1221 ὀφθαλμῶν
568 1151 676 1205 τῶν
714 1154 1093 1225 πνευματικῶν
1140 1154 1340 1207 τούτων
1384 1153 1591 1206 ὑδάτων

1710 1148 1944 1217 plerique
1985 1148 2126 1201 oeuli
2164 1148 2474 1217 spirituales
2512 1149 2769 1218 neglectis
2800 1149 2956 1217 aquis
2981 1149 3150 1208 hisce.
3190 1164 3253 1201 ac

80 1241 472 1311 καταμελοῦντες,
498 1242 591 1294 καὶ
614 1242 714 1312 τῆς
731 1242 823 1296 τοῦ
856 1244 1015 1311 λόγου
1046 1245 1398 1315 προσεδρείας
1420 1243 1592 1313 μικρὰ

1710 1239 1845 1305 )arvi
1888 1238 2149 1293 facientes
2189 1238 2560 1292 assiduitatem
2591 1239 2644 1292 in
2677 1239 2844 1293 verbo
2872 1240 2982 1305 Dei,
3018 1241 3098 1294 vel
3128 1256 3255 1293 ava-

79 1331 433 1404 φροντίζοντες,
462 1333 579 1403 ἦτοι
624 1332 714 1387 τὸν
767 1335 863 1404 τῆς
916 1334 1343 1406 φιλοχρηματίας
1384 1336 1594 1397 ἑαυτοῖς

1710 1332 1833 1384 έὶιίξε
1868 1332 1969 1384 sibi
2006 1332 2179 1384 lacum
2210 1331 2440 1390 fodiunt,
2472 1332 2550 1383 vel
2584 1331 2636 1383 in
2666 1346 2817 1384 vanae
2849 1332 3034 1401 gloria:
3063 1333 3256 1401 lapidi--

78 1424 247 1476 λάκκον
278 1421 600 1494 ὀρύσσουσιν,
636 1423 668 1494 ἢ
713 1424 811 1495 τὴν
851 1426 1151 1489 κενοδοξίαν
1182 1425 1527 1496 λατομοῦσιν,
1559 1425 1591 1494 ἢ

76 1515 161 1584 τὴν
192 1513 534 1583 ὑπερηφανίαν
560 1514 983 1585 φρεωρυχοῦσιν,
1006 1516 1037 1585 ἢ
1064 1516 1255 1579 ἄλλους
1282 1517 1431 1579 τινὰς
1465 1517 1601 1569 λάκε

76 1626 186 1671 κους
202 1608 390 1679 ἀπάτης
422 1611 536 1677 μετ’
572 1609 883 1678 ἐπιμελείας
908 1609 1244 1681 ὀρύσσουσιν,
1274 1611 1321 1663 οἳ
1357 1611 1595 1680 συνέχειν

74 1704 146 1766 εἰς
172 1701 223 1753 τὸ
247 1701 469 1771 διηνεκὲς
502 1702 560 1753 τὸ
590 1701 1016 1771 σπουδαζόμενον
1029 1703 1208 1765 αὐτοῖς
1231 1701 1393 1774 ὕδωρ,
1439 1703 1597 1772 φύσιν

74 1794 162 1847 οὐκ
186 1794 391 1863 ἔχουσιν,
425 1793 510 1847 ἀεὶ
539 1792 636 1863 τῆς
657 1787 759 1846 ὧδε
804 1795 967 1863 τιμῆς
998 1812 1078 1857 τε,
1117 1796 1210 1847 καὶ
1256 1794 1592 1858 δυναστείας,

73 1884 156 1936 καὶ
186 1884 340 1952 δόξης,
372 1883 498 1953 περὶ
525 1883 591 1953 ἥν
622 1884 766 1935 ἐστιν
796 1886 828 1953 ἡ
854 1884 1056 1954 σπουδὴ
1078 1888 1187 1948 τοῖς
1210 1885 1439 1949 πολλοῖς,
1463 1886 1596 1956 ὁμοῦ

69 1975 140 2047 τῷ
186 1976 417 2044 συστῆναι
469 1973 843 2044 διαρρεούσης,
884 1976 977 2027 καὶ
1008 1976 1157 2029 οὐδὲν
1193 1976 1335 2045 ἴχνος
1365 1979 1461 2047 τῆς
1497 1996 1599 2048 μα-

70 2063 210 2127 ταίας
240 2064 460 2133 σπουδῆς
513 2065 570 2116 ὲν
615 2066 725 2127 τοῖς
760 2066 1131 2136 ἢπατημένοις
1174 2068 1595 2140 καταλιπούσης.

74 2155 324 2219 Τοιούτους
374 2150 511 2208 εἶναι
570 2153 814 2223 βούλεται
852 2158 981 2220 τοὺς
1008 2158 1247 2227 όρῶντάς
1282 2176 1338 2211 τε
1370 2160 1461 2211 καὶ
1490 2162 1603 2212 ὲπι-

68 2247 370 2310 σκοποῦντας
410 2247 647 2317 ὀΛόγος,
674 2240 748 2301 ὧν
782 2248 886 2319 χρὴ
919 2249 1316 2320 προϐεϐλῆσθαι
1350 2252 1466 2321 μὲν,
1492 2246 1603 2304 οἷόν

63 2355 174 2391 τινα
208 2337 407 2409 ὀφρύων
446 2337 754 2409 περιϐολὴν,
785 2340 881 2410 τὴν
922 2340 1028 2393 τῶν
1067 2341 1224 2395 θείων
1260 2343 1604 2413 διδαγμάτων

61 2429 334 2499 ἀσφάλειαν
350 2447 361 2459 ν
383 2429 841 2483 ἐπικαλύπτεσθαι
858 2430 912 2483 δὲ
925 2434 992 2503 τῇ
1019 2434 1336 2507 σωφροσύνῃ
1355 2435 1604 2507 καθάπερ

58 2523 159 2575 τινὶ
186 2522 453 2595 βλεφάρων
502 2522 760 2594 περιϐολῇ
807 2523 867 2575 τὸ
906 2524 1141 2596 καθαρόν
1174 2543 1233 2578 τε
1266 2526 1359 2579 καὶ
1393 2526 1602 2580 στίλϐον

54 2612 151 2682 τῆς
167 2612 445 2676 πολιτείας,
473 2613 681 2683 μήποτε
701 2615 735 2684 ἡ
751 2617 849 2684 τῆς
868 2616 1093 2683 οἰήσεως
1119 2614 1270 2679 δοκὸς
1293 2617 1604 2687 ἐμπεσοῦσα

54 2703 129 2774 τῷ
156 2701 368 2773 καθαρῷ
396 2702 497 2771 τῆς
538 2702 727 2773 κόρης,
782 2703 1030 2773 ἐμποδὼν
1066 2705 1290 2773 γένηται
1346 2705 1479 2774 πρὸς
1507 2706 1615 2774 τὴν

51 2799 249 2867 ὅρασιν.
276 2796 364 2858 Τίς
400 2796 455 2848 δὲ
489 2795 628 2849 κατὰ
673 2797 797 2859 τοὺς
828 2795 1134 2865 ὀφθαλμοὺς
1162 2796 1282 2867 τῶν.
1305 2796 1477 2862 μελῶν
1510 2795 1603 2848 τοῦ

52 2890 277 2959 νυμφίου
304 2889 448 2942 ἐστὶν
475 2892 502 2942 ό
529 2888 765 2954 ἔπαινος,
788 2890 969 2952 ἐντοῖς
998 2887 1189 2959 ἐφεξῆς
1215 2888 1347 2940 Θεοῦ
1377 2888 1605 2950 διδόντος

50 2979 445 3050 ἐπελευσόμεθα
481 2997 495 3012 ·
561 2980 741 3051 γάριτι
806 2978 899 3033 τοῦ
957 2980 1162 3051 Ιςυρίου
1214 2980 1369 3049 ἡμῶν
1435 2979 1606 3049 Ἰησοῦ

44 3073 90 3124 Χ
99 3047 358 3142 ριστοῦξῷ
376 3073 409 3143 ἡ
430 3068 555 3136 δόξα
677 3047 1007 3136 τοὺςαὶῶναξ
1026 3047 1132 3125 τῶν
1157 3047 1383 3127 αἰῶνων.
1415 3047 1604 3143 Ἀμήν.

637 3165 736 3217 ΟΜ
745 3166 879 3217 [AIA
910 3167 1004 3217 1Δ’.

1696 1425 1833 1477 cinis
1854 1432 2158 1485 versantur,
2225 1424 2302 1477 vel
2354 1424 2404 1475 in
2448 1423 2713 1491 superbia:
2742 1431 2903 1490 puteo
2950 1422 3257 1477 eﬂ‘odiendo

1697 1515 1963 1581 laborant,
1993 1516 2076 1569 vel
2123 1517 2256 1569 alios
2300 1515 2530 1583 denique
2580 1515 2729 1568 lacus
2760 1516 2964 1569 erroris
3010 1516 3259 1570 studiose

1699 1603 1929 1669 fodiunt,
1960 1620 2188 1673 quorum
2229 1614 2420 1657 natura
2462 1605 2542 1657 sic
2564 1613 2878 1673 comparata
2911 1622 3019 1660 non
3056 1616 3157 1667 est,
3200 1613 3259 1659 ut

1699 1710 1893 1764 aquam
1941 1696 2083 1748 illam
2131 1703 2409 1765 tantopere
2446 1705 2700 1763 perpetuo
2735 1698 2942 1764 possint
2969 1699 3257 1766 expetitam

1699 1787 2214 1856 eontinere,semper
2236 1786 2397 1853 hujus
2413 1786 2535 1839 vitae
2560 1787 2781 1850 honore,
2796 1789 3258 1856 potentia,gloria,

1699 1896 1834 1948 quas
1862 1896 1947 1935 res
1974 1879 2196 1933 miriﬁce
2219 1879 2370 1933 multi
2393 1888 2667 1947 expetunt,
2704 1894 2811 1933 una
2860 1894 2982 1933 cum
3011 1887 3132 1932 ortu
3161 1895 3262 1932 suo

1699 1970 2095 2029 dil'lluentibus,
2127 1971 2444 2038 nullumque
2468 1971 2751 2038 vestigium
2780 1971 2956 2025 inanis
2985 1986 3163 2040 opera:
3207 1973 3261 2025 in

1700 2064 1940 2134 deceptis
1970 2065 2419 2133 relinquentibus.
2446 2063 2604 2117 Tales
2626 2080 2754 2134 ergo
2784 2065 2898 2118 vult
2924 2079 3046 2119 esse
3086 2066 3266 2133 inspe-

1701 2164 1880 2212 ctores
1908 2172 1970 2211 ac
1998 2157 2367 2226 speculatores
2387 2154 2475 2211 Dei
2506 2156 3001 2225 Verbum,quorum
3025 2158 3268 2227 superci-

1704 2248 1772 2302 lia
1803 2249 2034 2318 quodam
2070 2250 2210 2303 vallo
2255 2249 2461 2302 munita
2485 2249 2617 2310 sint,
2646 2248 2899 2302 nimirum
2959 2248 3266 2301 divinorum

1703 2342 2012 2409 dogmatum
2060 2339 2385 2395 certitudine
2417 2355 2430 2390 :
2484 2340 2686 2408 quique
2717 2349 2898 2409 tegant
2938 2339 3266 2404 humilitate,

1702 2434 1865 2489 veluti
1897 2432 2129 2502 quodam
2158 2434 2536 2502 palpebrarum
2567 2435 2796 2498 ambitu,
2829 2434 2951 2488 vita:
2980 2449 3091 2489 suae
3123 2434 3271 2501 puri-

1708 2536 1870 2581 tatem
1927 2542 1991 2580 ac
2023 2527 2386 2596 splendorem,
2421 2544 2490 2581 ne
2540 2527 2689 2598 trabs
2724 2527 3047 2597 arrogantia:
3092 2529 3146 2581 in
3180 2543 3273 2596 pu-

1709 2619 1852 2688 pilla:
1880 2621 2170 2687 puritatem
2203 2617 2414 2687 illapsa,
2444 2618 2581 2673 visui
2617 2619 2686 2672 sit
2714 2616 3120 2686 impedimento.
3155 2617 3272 2671 Cae-

1710 2722 1882 2765 terum
1937 2725 2059 2779 quae
2102 2716 2225 2779 post
2279 2710 2467 2764 oculos
2509 2718 2829 2763 cwterorum
2880 2708 3065 2777 sponsi
3104 2722 3275 2761 mem-

1710 2804 1931 2857 brorum
1966 2804 2072 2857 sint
2122 2802 2391 2866 encomia,
2428 2802 2684 2870 deinceps
2726 2802 2837 2855 Deo
2866 2800 3027 2854 dante
3053 2815 3275 2870 percur-

1712 2913 1896 2952 remus
1960 2916 1973 2950 :
2044 2896 2206 2965 idque
2305 2909 2402 2964 per
2472 2896 2698 2963 gratiam
2798 2892 3010 2949 Domini
3100 2893 3275 2946 nostri

1712 2988 1838 3045 Jesu
1864 2989 2087 3055 Christi,
2120 2988 2207 3042 cui
2236 2997 2497 3043 aeternum
2546 2988 2716 3058 gloria
2749 2987 3037 3041 tribuatur.
3081 2985 3274 3040 Amen.

2272 3167 2554 3223 IIOMILIA
2583 3167 2719 3222 XIV‘

116 3253 395 3321 Σιαγόνες
422 3251 607 3307 αὐτοῦ
629 3254 707 3319 ὡς
733 3253 938 3322 φιάλαι
967 3254 1071 3308 τοῦ
1099 3254 1403 3325 ἀρωματος
1428 3257 1602 3326 φύου-

1784 3263 1915 3318 CAP.
1964 3278 2028 3325 v,
2069 3264 2222 3331 $15.
2254 3261 2495 3315 Μοαὶίίιε
2533 3262 2694 3329 ipsius
2735 3271 2983 3330 tanquam
3025 3261 3279 3314 aromatis

38 3359 148 3396 σαι
166 3344 483 3412 μυρεψικά.
506 3345 685 3411 Χείλη
715 3345 899 3398 αὐτοῦ
920 3346 1092 3412 κρίνα
1111 3345 1399 3408 στάζοντα
1427 3348 1602 3416 σμύρ-

1712 3356 2052 3425 phialw,qua:
2066 3356 2337 3423 proferunt
2355 3364 2632 3423 unguenta.
2652 3353 2831 3407 Labra
2860 3353 2972 3421 ejus
2994 3360 3113 3404 sunt
3139 3353 3276 3416 lilia,

39 3452 159 3488 ναν
198 3434 418 3503 πλήρη.
464 3434 664 3503 Χεῷες
696 3436 879 3490 αὑτοῦ
903 3436 1169 3505 τορευταὶ
1192 3478 1205 3499 ,
1236 3438 1476 3505 χρυσαῖ,
1508 3452 1602 3492 πε-

1713 3448 2033 3500 distillantia
2059 3448 2327 3517 myrrham
2353 3446 2579 3500 uberem.
2618 3448 2702 3501 M.
2736 3446 2926 3499 Manus
2950 3445 3097 3499 illius
3129 3446 3282 3525 ιονιξ-

38 3526 424 3594 πληρωμέναι
456 3529 723 3596 Θαρσεῖς.
759 3528 968 3581 Κοιλία
1008 3528 1193 3582 αὑτοῦ
1236 3530 1456 3594 πυξίον
1481 3532 1602 3584 ἐλε-

1717 3542 1809 3602 les,
1829 3540 2445 3611 aurew,pleanharsis.
2472 3540 2661 3594 Venter
2681 3539 2792 3608 ejus
2818 3540 3007 3593 tabella
3034 3540 3282 3603 eburnea,

34 3618 337 3685 φάντινον
365 3617 465 3671 ἐπὶ
504 3620 679 3673 λίθου
730 3621 1083 3689 σαπφείρου.
1134 3621 1366 3690 Κνῆμαι
1430 3624 1602 3677 αὐτοὶ

1716 3632 1769 3684 in
1811 3630 1983 3698 lapide
2011 3632 2280 3699 sapphiro.
2334 3631 2418 3684 15.
2447 3629 2619 3684 Crura
2659 3631 2804 3683 illius
2851 3631 3109 3684 columna:
3141 3648 3285 3683 mar-

32 3711 260 3764 στύλοι
297 3710 689 3779 μαρμάρινα,
741 3713 1220 3783 τεθεμελιωμένοι
1265 3715 1363 3768 ἐπὶ
1396 3715 1602 3782 βάσεις

1719 3742 1926 3789 ηιονεω,
1983 3725 2221 3793 fundata:
2279 3741 2433 3792 super
2481 3741 2668 3777 aureas
2718 3725 2889 3777 bases.
2949 3724 3034 3795 16.
3076 3723 3285 3791 Species

33 3799 302 3871 χρυσᾶς.
351 3800 530 3869 Εἶδος
563 3804 780 3868 αὐτοῦ,
820 3806 900 3871 ὡς
936 3807 1190 3871 Λίϐανος
1224 3807 1510 3874 ἐκλεκτὸς
1539 3809 1602 3874 ὡς

1719 3818 1904 3886 ipsius,
1960 3827 2017 3869 ut
2068 3817 2260 3869 electus
2314 3816 2568 3876 Libanus,
2625 3826 2682 3868 ut
2726 3816 2885 3868 cedri.
2937 3815 3134 3869 Guttur
3170 3817 3285 3884 ejus

29 3892 261 3960 κέδροι.
319 3893 558 3964 Φάρυγξ
586 3895 770 3949 αὐτοῦ
799 3899 1137 3965 γλυκασμοὶ
1175 3898 1273 3951 καὶ
1317 3899 1459 3965 ὅλος
1491 3900 1602 3964 ἐπι-

1721 3909 1938 3963 dulcedo
1971 3927 2031 3961 ac
2058 3911 2131 3961 nil
2157 3911 2260 3961 nisi
2292 3908 2608 3961 desiderium
2638 3917 2735 3960 est.
2786 3907 2885 3960 Hic
2919 3917 2997 3960 est
3031 3920 3286 3977 cognatus

26 3990 246 4058 θυμία.
291 3985 483 4054 Οὗτος
514 3989 833 4059 aeseptem
849 4008 989 4059 μου,
1018 3991 1114 4044 καὶ
1152 3987 1328 4059 οὗτος
1354 3994 1602 4062 πλησίω

1724 4019 1888 4065 meus,
1919 4013 1967 4055 et
1996 4001 2080 4055 hic
2110 4003 2375 4070 proximus
2402 4018 2568 4063 meus,
2602 4002 2731 4069 ﬁlia:
2755 3998 3072 4053 Jerusalem.

23 4096 176 4147 μου,
211 4078 539 4147 θυγατέρες
575 4078 990 4149 Ἰερουσαλήμ.

116 4171 179 4223 '0
210 4169 294 4240 τῷ
320 4171 496 4241 ἀδόλῳ
533 4171 764 4239 γάλακτι
793 4173 1008 4244 τρέφων
1033 4174 1093 4227 τὸ
1118 4176 1379 4245 νηπιάζον
1407 4177 1484 4231 ἔτι
1523 4180 1623 4250 τῆς

23 4261 435 4331 πνευματικῆς
481 4261 723 4333 ἡλικίας,
754 4264 952 4337 τροφὸς
996 4264 1177 4329 καθώς
1215 4285 1377 4338 φησιν
1410 4270 1571 4335 αὐτὸς
1596 4272 1625 4323 ὁ

36 4353 101 4402 Ἀ
114 4350 417 4417 πόστολος,
439 4348 546 4403 τῶν
580 4354 877 4422 ἁρτιγενῶν
899 4355 957 4406 ἐν
976 4358 1043 4425 τῇ
1092 4357 1381 4429 Ἐκκλησία
1411 4361 1627 4430 γινόμε-

23 4460 147 4505 νος·
171 4442 510 4513 ταμιεύεται
532 4444 621 4497 τὸν
638 4445 736 4514 τῆς
760 4446 950 4514 σοφίας
979 4448 1141 4519 ἄρτον
1166 4452 1277 4513 τοῖς
1297 4451 1626 4505 τελειωθεῖσι

1792 4185 1895 4251 Qui
1947 4185 2088 4239 lacte
2142 4184 2375 4254 simplici
2435 4184 2695 4253 puerilem
2753 4182 2929 4237 adhuc
2986 4183 3289 4252 spiritualis

1724 4279 1899 4333 aetatis
1951 4276 2291 4330 teneritatem
2328 4275 2423 4328 alit
2449 4276 2513 4339 ¹⁹,
2553 4274 2840 4328 infantium
2879 4277 2967 4343 (ut
3002 4275 3291 4343 Apostolus

1728 4365 1994 4437 loquitur)
2034 4366 2089 4419 in
2120 4365 2359 4420 Ecclesia
2391 4365 2658 4429 nutritor,
2706 4364 2753 4419 is
2788 4380 2977 4433 panem
3013 4366 3292 4431 sapientiae

1728 4458 1983 4529 perfectis
2021 4457 2317 4512 secundum
2356 4455 2628 4509 hominem
2666 4455 2975 4509 interiorem
3026 4465 3289 4510 reservat.

23 4534 182 4590 κατὰ
210 4534 312 4588 τὸν
344 4534 454 4589 ἔσω
480 4534 781 4607 ἄνθρωπον,
820 4538 1006 4592 εἰπών·
1038 4543 1267 4609 Σοφίαν
1304 4539 1360 4595 δὲ
1404 4545 1602 4600 λαλοῦι

1732 4549 1822 4605 Sic
1873 4551 2015 4605 enim
2066 4548 2266 4603 Paulus
2318 4549 2430 4601 ait:
2489 4546 2813 4615 Sapientia»:
2854 4547 3117 4616 loquimur
3156 4548 3293 4601 inter
3378 4604 3379 4607 η

23 4626 245 4689 μεν-ἐν
282 4626 415 4693 τοῖς
451 4628 727 4694 τελείοις·
755 4628 803 4681 οἳ
829 4629 916 4683 διὰ
950 4631 1048 4701 τὴν
1079 4633 1187 4687 τῶν
1236 4635 1452 4703 ἀγαθῶν
1482 4637 1602 4691 διδα·

1730 4640 1983 4710 perfectos
2007 4640 2087 4685 ὀε
2130 4638 2385 4691 nimirum
2419 4637 2510 4706 qui
2546 4643 2766 4706 propter
2810 4636 3072 4702 habitum,
3132 4651 3291 4704 quem

23 4714 279 4786 γμάτων
314 4716 431 4781 ἕξιν
474 4718 893 4788 γεγυμνασμένα
925 4719 1138 4789 ἔχοντες
1185 4723 1253 4776 τὰ
1298 4724 1602 4797 αίσθητήριε

1730 4732 1785 4786 in
1826 4730 2091 4785 audienda
2142 4732 2278 4783 bona
2331 4729 2580 4782 doctrina
2629 4737 2754 4783 sunt
2792 4729 3049 4791 assecuti,
3099 4743 3295 4784 sensus

23 4809 127 4877 τῆς
146 4807 372 4882 ψυχῆς,
396 4807 488 4860 τοῦ
509 4808 674 4880 ἄρτου
699 4811 796 4881 τῆς
827 4812 1017 4880 σοφίας
1039 4814 1429 4884 εύπαράδεκτοι
1454 4816 1602 4885 γίνον

1728 4824 1895 4878 animi
1924 4823 2250 4877 exercitatos
2281 4821 2513 4875 habent:
2553 4828 2610 4874 ut
2658 4820 2814 4875 facile
2854 4837 3044 4890 panem
3079 4821 3295 4890 sapien-

23 4916 140 4959 ται.
178 4900 309 4960 τοῖς
343 4897 758 4953 λεπτοποιοῦσιν
786 4903 842 4956 ἐν
870 4905 981 4967 τοῖς
1034 4904 1211 4958 ὀδοῦσι
1238 4907 1328 4959 τὸν
1350 4908 1602 4980 λογισμὸν

1737 4915 1824 4970 tia:
1862 4914 2103 4983 recipere
2155 4913 2389 4983 possint,
2449 4926 2572 4965 cum
2627 4911 2693 4966 ad
2736 4913 2986 4966 alendum
3039 4929 3177 4982 opus
3225 4913 3297 4967 sit

23 4990 304 5057 σιαγόνος
329 4990 394 5053 ἐς
408 4990 614 5061 τροφὴν
631 4992 1037 5065 προσδεόμενοι·
1065 4998 1168 5068 χρὴ
1192 5000 1366 5053 τοίνυν
1386 4996 1521 5055 εἶναι
1538 5020 1602 5056 κα

1735 5008 1900 5061 etiam
1928 5005 2167 5068 maxilla,
2202 5021 2320 5072 quae
2342 5006 2812 5059 ratiocinationmn
2839 5005 3090 5058 dentibus
3115 5006 3294 5059 cibum

23 5082 313 5149 σιαγόνας
344 5085 403 5135 ἐν
428 5082 504 5153 τῷ
530 5083 743 5154 σώματι
762 5087 995 5157 Χριστοῦ
1020 5093 1131 5153 τοῖς
1155 5092 1349 5161 μηκέτι
1371 5096 1602 5165 προσανέ

1738 5097 1882 5151 hunc
1920 5096 2274 5152 comminuat.
2347 5095 2683 5166 Quapropter
2717 5104 2769 5150 et
2815 5097 3063 5150 maxillas
3094 5097 3146 5148 in
3179 5111 3299 5149 cor-

23 5190 194 5240 ίουσι
225 5177 303 5244 τῇ
332 5174 472 5245 θηλῇ
504 5175 597 5228 τοῦ
626 5177 799 5244 Λόγου
818 5196 829 5208 ·
873 5179 986 5232 ἀλλ’
1017 5181 1115 5251 ἥδη
1141 5183 1240 5251 τῆς
1271 5187 1602 5257 οτερεωτέρα

1728 5179 1866 5261 ’ροτο
1891 5189 2087 5243 Christi
2123 5205 2244 5244 esse
2272 5204 2495 5244 necesse
2529 5196 2612 5244 est
2661 5189 2726 5243 iis
2765 5189 2857 5258 qui
2898 5204 3005 5242 non
3064 5189 3299 5257 amplius

23 5265 151 5332 ἐφιέ
162 5281 336 5332 μενοι
355 5268 584 5337 τροφῆς,
614 5269 741 5338 περὶ
762 5261 836 5322 ὧν
858 5270 951 5323 νῦν
973 5276 1204 5326 ποιεῖται
1226 5275 1423 5348 λόγονή
1451 5278 1510 5330 νύ
1519 5296 1596 5349 μφ

1738 5282 1951 5352 papillae
1987 5281 2143 5335 Verbi
2183 5282 2476 5341 ailhzerent,
2511 5279 2605 5335 sed
2630 5280 2810 5333 cibum
2842 5280 2952 5349 jam
2984 5280 3298 5334 solidiorem

23 5354 294 5420 λέγουσα
345 5353 549 5419 οὕτως’
610 5360 894 5428 Σιαγόνες
924 5362 1109 5416 αὑτοῦ
1157 5364 1235 5430 ὡς
1266 5366 1473 5433 φιάλαι
1532 5386 1602 5422 το

1739 5381 2018 5442 expetunt,
2053 5376 2120 5426 de
2150 5374 2347 5441 quibus
2378 5388 2523 5427 nunc
2551 5388 2749 5442 Sponsa
2781 5373 3022 5441 loquitur
3060 5371 3112 5424 in
3151 5373 3302 5425 hisce

24 5442 378 5539 ipdytath
403 5446 663 5512 φύουσαι
690 5452 1013 5520 μυρεψικά.
1058 5455 1129 5507 Τὸ
1166 5457 1261 5526 μὲν
1286 5454 1377 5511 οῦν
1410 5460 1602 5515 ὰκολού

1741 5466 1954 5521 verbis:
2010 5465 2248 5519 Maxilla:
2296 5467 2460 5535 ipsius
2511 5476 2763 5534 tanquam
2797 5464 3055 5517 aromatis
3104 5463 3301 5532 phiala!

23 5538 140 5596 iw;
188 5533 362 5604 ἔχειν
401 5536 488 5589 τὸν
534 5541 660 5609 περὶ
705 5543 811 5597 τῶν
862 5536 1124 5614 σιαγόνων
1171 5548 1326 5617 λόγον
1363 5557 1476 5617 τοῖς
1509 5572 1602 5625 περ

1744 5574 1859 5627 quae
1888 5561 2156 5626 proferunt
2188 5567 2470 5627 unguenta.
2524 5557 2809 5609 Enimvero
2844 5572 3066 5624 poscere
3106 5557 3301 5611 seriem

23 5625 111 5682 ςῦν
161 5627 478 5698 ὀφθαλμὸν
513 5629 862 5703 θεωρηθεῖσι,
900 5640 1060 5692 παντὶ
1102 5640 1259 5712 δῆλον
1304 5644 1370 5699 ἂν
1420 5646 1505 5717 εἴη
1559 5664 1602 5700 τι

1744 5647 1937 5717 ipsam,
1983 5659 2039 5704 ut
2078 5650 2143 5705 de
2175 5649 2406 5704 maxillis
2433 5648 2667 5714 dicatur,
2706 5649 3013 5717 oculisjam
3054 5650 3301 5705 conside-

90 5804 146 5836 “
196 5803 395 5859 Hebr.
443 5823 489 5876 v,
524 5810 606 5863 15.
687 5814 729 5841 ²⁰
756 5812 769 5865 Ι
800 5814 919 5867 Cor.
963 5832 1021 5880 ιι,
1054 5817 1112 5873 6.
