4028 6506
552 414 687 471 1065

1771 412 1826 467 S.
1869 408 2192 467 GREGORII
2227 408 2515 467 NYSSENI

3642 412 3775 467 1068

547 538 703 602 ratis,
737 536 913 590 cuivis
942 548 1061 589 esse
1091 534 1437 605 perspicuum
1468 533 1725 600 arbitror,
1754 536 1845 605 qui
1876 535 2094 606 prudent

2211 532 2449 597 συνετῶς
2490 533 2752 588 ἐπαΐοντι.
2786 532 2885 587 Διά
2917 528 3077 584 τοῦτο
3112 530 3221 601 γάρ
3248 530 3351 602 χρὴ
3380 530 3471 583 τὸν
3502 529 3785 601 ὀφθαλμὸν

549 637 633 683 ter
676 627 793 682 hac
836 626 1005 681 audit.
1046 623 1179 679 Nam
1224 634 1507 696 propterea
1535 626 1694 682 debet
1730 626 1798 681 ad
1843 640 2107 697 aquarum

547 717 911 789 spiritualium
958 716 1169 787 copiam
1221 715 1471 770 assidens
1504 716 1717 781 oculus,
1770 716 1971 770 erroris
2014 730 2110 770 ex-

546 814 698 874 perte
727 820 792 859 ac
836 803 1059 858 minime
1090 804 1437 860 fraudulento
1484 806 1622 861 lacte
1667 806 1857 869 lavari,
1914 807 2106 861 similis

549 896 723 949 factus
755 894 1022 948 columba:
1048 894 1300 964 simplici,
1342 903 1400 948 ut
1431 909 1651 948 suorum
1686 894 1947 949 bonorum
1979 909 2106 963 par-

547 985 738 1056 ticipes
768 985 958 1039 reddat
987 1000 1177 1040 omnes
1232 986 1324 1055 qui
1362 988 1427 1038 ad
1462 984 1719 1041 Ecclesiae
1748 1000 1945 1055 corpus
1984 1001 2108 1054 per-

544 1078 739 1131 tinent.
774 1076 849 1130 Ea
888 1078 954 1131 de
984 1092 1147 1131 causa
1183 1092 1408 1146 magnus
1463 1078 1626 1131 etiam
1660 1075 1827 1133 Isaias
1854 1094 1976 1135 eum
2014 1083 2104 1150 qui

542 1170 653 1222 vita
685 1185 783 1224 sua
809 1169 920 1238 jam
952 1170 1237 1225 sublimem
1265 1171 1318 1224 in
1348 1180 1583 1226 montem
1615 1172 1918 1228 ascenderit
1960 1174 2105 1228 clara

541 1276 677 1315 voce
711 1262 946 1315 clamare
971 1261 1143 1331 jubet,
1183 1268 1243 1316 ut
1280 1278 1347 1316 ex
1379 1262 1499 1332 ipso
1531 1273 1863 1333 cognoscant
1891 1266 2105 1320 audito-

543 1366 632 1406 res
684 1351 1063 1405 adventantem
1114 1366 1238 1405 cum
1293 1350 1487 1406 robore
1525 1348 1829 1415 Dominum,
1867 1359 1922 1406 et
1972 1351 2103 1406 illud

544 1442 719 1512 ipsum
758 1442 1038 1495 brachium
1101 1440 1242 1510 quod
1273 1455 1394 1495 cum
1440 1448 1709 1511 potestate
1738 1450 1935 1498 creatis
1968 1459 2105 1513 prae-

540 1541 625 1588 est
663 1541 1015 1603 cognoscant,
1069 1548 1191 1585 eum
1226 1532 1317 1600 qui
1355 1548 1568 1603 gregem
1602 1536 1795 1604 pascit,
1844 1546 1899 1590 et
1935 1549 2104 1604 agnos

540 1627 766 1695 colligit,
820 1640 883 1679 ac
914 1640 1009 1695 per
1044 1640 1170 1693 spes
1208 1625 1377 1678 bonas
1409 1626 1623 1695 egregie
1682 1625 1819 1681 fetas
1864 1626 2104 1683 oviculas

540 1722 878 1778 consolatur,
910 1718 1002 1787 qui
1029 1718 1207 1787 palmo
1252 1720 1449 1773 malum
1480 1719 1879 1789 complectitur,
1909 1732 1962 1775 et
1990 1729 2101 1775 ter-

541 1826 655 1865 ram
706 1809 1015 1864 universam
1066 1823 1247 1878 pugno
1283 1810 1651 1879 constringit:
1712 1810 1911 1880 quibus
1966 1810 2103 1866 adde

2205 625 2282 697 τῷ
2330 625 2655 697 πληρώματι
2706 623 2816 678 τῶν
2879 623 3289 696 πνευματικῶν.
3325 623 3532 677 ὑδάτων
3608 641 3775 696 προσ-

2205 716 2491 788 εδρεύοντα
2513 717 2590 788 τῷ
2614 717 2843 771 ἀπλανεῖ
2857 733 2918 769 τε
2941 717 3035 770 καί⁸
3049 714 3221 787 ἀδόλῳ
3235 713 3484 769 λούεσθαι
3504 714 3743 784 γάλακτι
3759 755 3775 781 ,

2203 811 2268 880 τῇ
2317 808 2510 878 ἁκάκῳ
2575 809 2868 878 περιστερᾷ
2922 806 3294 877 ὁμοιούμενον,
3341 806 3431 860 ἵνα
3482 807 3777 867 κοινωνοὺς

2205 904 2403 973 ποιήσῃ
2432 900 2542 955 τῶν
2587 901 2730 955 ίδίων
2777 901 2994 966 ἀγαθῶν
3022 901 3230 964 πάντας
3272 900 3397 963 τοὺς
3435 900 3494 963 ἐς
3520 899 3584 952 τὸ
3613 898 3775 967 σῶμα

2206 992 2588 1056 συντελοῦντας
2623 992 2721 1061 τῆς
2754 991 3094 1061 Ἐκκλησίας.
3130 983 3206 1043 Ui»
3229 990 3385 1061 χάριν
3412 990 3506 1043 καὶ
3536 992 3567 1043 ὁ
3598 991 3775 1059 μέγας

2218 1082 2479 1146 Ἡσαΐας,
2511 1083 2604 1136 τὸν
2645 1082 2737 1134 ἐπὶ
2776 1082 2838 1134 τὸ
2881 1081 3006 1152 ὅρος
3044 1081 3104 1135 τὸ
3148 1080 3350 1151 ὑψηλὸν
3383 1080 3658 1134 ἀναϐάντα
3684 1080 3773 1133 διά

2205 1172 2303 1241 τῆς
2339 1171 2610 1236 πολιτείας
2655 1171 2783 1243 βοᾷν
2819 1171 3189 1225 διακελεύεται
3233 1171 3461 1243 λαμπρᾷ
3488 1174 3553 1242 τῇ
3592 1173 3771 1241 φωνῇ,

2206 1260 2347 1315 ὥστε
2389 1262 2589 1331 γνῶναι
2630 1263 2697 1317 δι’
2743 1262 2907 1317 αὐτοῦ
2953 1263 3079 1325 τοὺς
3122 1262 3447 1324 ἀκούοντας,
3482 1262 3576 1315 τὸν
3627 1265 3775 1333 μετά

2210 1353 2392 1424 ίσχύος
2432 1355 2722 1426 ἐρχόμενον
2748 1353 2971 1425 Κύριον,
3006 1355 3099 1407 καὶ
3130 1354 3221 1407 τὸν
3256 1352 3635 1419 ἐξουσιάζοντα
3657 1355 3775 1408 τῶν

2202 1445 2369 1500 ὄντων
2399 1446 2655 1517 βραχίονα
2673 1486 2687 1511 ,
2718 1446 2807 1499 τὸν
2830 1447 3181 1515 ποιμαίνοντα
3200 1445 3260 1499 τὸ
3290 1445 3534 1516 ποίμνιον
3563 1446 3735 1500 αὐτοῦ
3754 1487 3770 1509 ,
3876 1500 3889 1515 ,

2203 1540 2297 1591 καὶ
2322 1542 2448 1602 τοὺς
2475 1540 2645 1609 ἄρνας
2677 1538 2975 1605 συνάγοντα
2999 1576 3014 1602 ,
3044 1539 3140 1591 καὶ⁹
3176 1537 3273 1601 τὰς
3306 1538 3484 1601 καλῶς
3534 1537 3623 1591 διὰ
3654 1539 3775 1591 τῶν

2203 1628 2421 1694 ἀγαθῶν
2477 1628 2708 1683 ἐλπίδων
2764 1628 3135 1700 κυοφορούσας
3186 1628 3633 1698 παρακαλοῦντα,
3676 1628 3775 1681 τὸν

2202 1721 2510 1791 διειληφότα
2557 1722 2649 1776 τὸν
2692 1723 2919 1794 οὐρανὸν
2971 1722 3244 1793 σπιθαμῇ,
3304 1721 3398 1774 καὶ
3442 1723 3620 1775 πᾶσαν
3666 1720 3779 1792 τὴν

2203 1814 2306 1885 γῆν
2329 1814 2490 1885 δρακὶ
2506 1814 2935 1885 περισφίγγοντα
2956 1830 2968 1845 ο
3001 1815 3094 1868 καὶ
3116 1814 3218 1867 ὅσα
3244 1812 3378 1867 ἄλλα
3402 1812 3537 1884 πρὸς
3556 1811 3777 1875 τούτοις

539 1910 734 1955 cratera
792 1873 1319 1970 quazcunque'liber
1366 1900 1452 1954 hic
1496 1873 1771 1971 prOphetae
1844 1909 2094 1971 praeterea

2202 1873 2597 1975 ⁴ί)’πρι›ιι›ητείά
2644 1873 2794 1975 φησι.
2818 1904 2927 1958 δεῖν
2978 1904 3127 1975 παρὰ
3160 1903 3259 1958 τοῦ
3306 1905 3407 1976 τῆς
3447 1873 3776 1976 ’ἀκρωρείας

537 2000 925 2048 commemorat
959 1992 1032 2046 illi
1067 1992 1409 2061 pmdicanda
1466 1994 1560 2062 qui
1602 1994 1804 2048 montis
1846 1994 2103 2049 verticem

536 2084 936 2138 conscenderit.
982 2083 1164 2148 Quare
1197 2083 1241 2137 si
1292 2096 1411 2137 eam
1452 2082 1626 2154 ipsam
1666 2084 1735 2139 ob
1763 2098 1985 2139 causam
2020 2085 2103 2141 vis

537 2189 801 2242 aquarum
832 2183 886 2227 et
920 2173 1076 2228 lactis
1111 2174 1379 2243 contingit
1416 2173 1595 2229 oculis
1629 2173 1695 2227 ad
1734 2175 1979 2232 veritatis
2007 2189 2103 2232 co-

535 2267 856 2333 gnitionem,
903 2272 1051 2319 recte
1096 2274 1261 2334 atque
1301 2266 1494 2320 ordine
1532 2265 1831 2321 secundum
1857 2283 1954 2323 eos
1982 2282 2101 2322 ma-

536 2356 675 2410 xilla:
709 2339 1022 2419 laudantur,
1072 2370 1303 2425 quarum
1351 2372 1551 2412 munus
1583 2368 1666 2413 est
1710 2360 2100 2415 nutrimentum

532 2448 924 2512 comminuere,
969 2464 1077 2518 quo
1124 2448 1373 2519 corporis
1412 2450 1493 2505 vis
1523 2464 1587 2504 ac
1625 2457 1819 2506 natura
1879 2464 2102 2507 conser-

532 2548 713 2593 vatur.

610 2629 902 2685 Videamus
927 2646 1058 2700 ergo
1090 2645 1322 2699 quanam
1350 2633 1403 2686 in
1432 2647 1492 2687 re
1525 2633 1628 2687 sita
1659 2633 1732 2687 sit
1759 2633 2096 2690 maxillarum

532 2722 674 2775 laus.
702 2720 1000 2776 Audiamus
1044 2721 1212 2790 ipsam
1258 2737 1537 2791 sponsam,
1572 2725 1879 2794 cujusmodi
1918 2724 1986 2781 de
2016 2728 2097 2783 eis

530 2820 939 2867 commemoret.
1006 2811 1251 2867 Maxilla:
1310 2816 1474 2884 ipsius
1538 2826 1788 2886 tanquam
1844 2820 2097 2873 aromatis

2202 1995 2590 2065 ἐπιϐεϐηκότος
2634 1997 3022 2071 κηρύσσεσθαι.
3075 1998 3138 2050 Ei
3184 1996 3362 2050 τοίνυν
3410 1997 3503 2051 ἐπὶ
3559 1998 3777 2051 τούτων

2201 2086 2407 2156 γίνεται
2445 2091 2559 2151 τοῖς
2592 2088 2890 2159 ὀφθαλμοῖς
2919 2089 2954 2159 ὴ
2996 2089 3062 2142 ἐκ
3088 2088 3197 2141 τῶν
3226 2087 3434 2142 ὑδάτων
3458 2106 3517 2140 τε
3546 2090 3641 2141 καὶ
3669 2088 3776 2142 cui?

2200 2178 2467 2247 γάλακτος
2487 2179 2715 2252 δύναμις
2746 2181 2881 2252 πρὸς
2909 2180 3009 2251 τὴν
3031 2180 3132 2251 τῆς
3161 2179 3416 2249 ἀληθείας
3444 2180 3772 2250 ἐπίγνωσιν,

2200 2271 2505 2338 ἀκολούθως
2545 2273 2885 2328 ἐπαινοῦνται
2933 2273 3048 2344 μετ’
3094 2272 3336 2336 ἐκείνους
3377 2274 3433 2327 αἱ
3482 2274 3771 2341 σιαγόνες,

2197 2354 2272 2416 ὧν
2305 2362 2465 2433 ἔργον
2489 2363 2605 2417 ἐστὶ
2631 2365 2692 2418 τὸ
2711 2364 3050 2418 λεπτοποιεῖν
3072 2363 3171 2436 τὴν
3195 2362 3402 2435 τροφὴν
3434 2363 3498 2418 δι’
3518 2359 3587 2435 ἧς
3609 2367 3643 2435 ὴ
3666 2364 3772 2419 τοῦ

2201 2453 2452 2526 σώματος
2479 2457 2823 2525 συντηρεῖται
2844 2454 3005 2525 φύσις
3036 2456 3131 2509 καὶ
3160 2454 3412 2527 δύναμις.

2273 2638 2500 2709 Ἰδωμεν
2525 2638 2703 2691 τοίνυν
2722 2639 2781 2692 ἐν
2804 2638 2913 2692 τίνι
2931 2637 3042 2692 τῶν
3076 2638 3338 2708 σιαγόνων
3357 2639 3503 2693 ἐστὶν
3536 2640 3565 2693 ό
3601 2638 3768 2692 ἔπαι-

2197 2750 2285 2796 νος
2312 2732 2497 2802 αὐτῆς.
2539 2732 2883 2804 Ἀκούσωμεν
2909 2732 3011 2803 τῆς
3038 2731 3273 2804 νύμφης,
3302 2726 3390 2786 οἷα
3418 2733 3544 2804 περὶ
3576 2732 3767 2785 αὐτῶν

2197 2825 2547 2897 διεξέρχεται.
2597 2826 2880 2894 Σιαγόνες
2920 2824 3141 2890 αὑτοῦ,
3189 2823 3383 2894 φησὶν,
3419 2825 3500 2889 ὡς
3546 2826 3768 2893 φιάλαι

528 2903 743 2972 phiala,
778 2918 893 2973 qua
914 2904 1188 2973 proferunt
1212 2914 1499 2974 unguenta.
1524 2906 1735 2970 Quibus
1762 2906 1816 2959 in
1846 2908 2024 2963 verbis
2047 2909 2094 2964 si

2194 2917 2300 2972 τοῦ
2330 2916 2664 2987 ἀρώματος,
2697 2917 2960 2985 φύουσαι
2990 2914 3313 2984 nuptm-md.
3342 2916 3403 2969 El
3432 2915 3495 2968 τὺ
3518 2915 3768 2986 διηπλωο

530 2997 739 3064 species
792 2996 883 3049 illa
939 2997 1258 3065 poculorum
1318 2996 1500 3065 patula
1540 3010 1635 3066 per
1681 2997 2092 3067 appellationem

2198 3009 2357 3080 μένον
2406 3007 2513 3061 τῶν
2563 3007 2906 3078 ἐκπωμάτων
2944 3001 3085 3070 εἶδος
3127 3007 3156 3060 ό
3187 3005 3341 3075 λόγος
3388 3006 3639 3078 σημαίνει
3680 3007 3769 3079 τῷ

529 3087 724 3156 phialae
756 3086 1114 3157 signiﬁcatur,
1143 3103 1262 3157 qua:
1299 3088 1369 3141 ita
1398 3087 1642 3143 conlecta
1679 3097 1781 3155 est,
1820 3098 1879 3142 ut
1915 3090 2093 3145 omnis

2194 3102 2291 3172 τῆς
2328 3100 2525 3171 φιάλης
2559 3099 2811 3169 ὀνόματι,
2841 3100 2900 3152 ἐν
2927 3091 2971 3166 ᾧ
3011 3097 3304 3152 κλέπτεται
3335 3098 3422 3152 διὰ
3456 3097 3556 3169 τῆς
3584 3116 3770 3153 κατα-

528 3178 846 3232 concavitas
877 3178 1035 3248 quasi
1078 3176 1262 3231 furtim
1295 3193 1416 3233 sese
1434 3178 1705 3233 subducat
1738 3179 1933 3245 oculis,
1966 3196 2090 3234 cum

2195 3195 2392 3262 σκευῆς
2443 3193 2477 3263 ἡ
2525 3190 2806 3261 κοιλότης,
2858 3189 2981 3243 οὗτε
3037 3190 3177 3258 ἄγαν
3237 3188 3598 3260 βαθυνομένου
3662 3192 3767 3244 τοῦ

530 3272 699 3339 ligura
742 3269 862 3338 ejus
905 3285 1012 3324 non
1054 3270 1217 3325 nimis
1268 3269 1533 3341 profunda
1572 3271 1662 3333 sit,
1718 3286 1892 3341 neque
1930 3287 1989 3327 se
2036 3272 2091 3326 in

2195 3283 2501 3353 σχήματος,
2543 3280 2666 3335 οὔτε
2712 3280 2781 3333 δι’
2808 3278 3023 3342 εὐθείας
3054 3277 3483 3345 ἐξυπτιάζοντος,
3512 3280 3588 3345 ὡς
3615 3282 3763 3352 μήτε

528 3371 734 3416 rectum
767 3362 921 3429 quasi
965 3361 1263 3430 resupinet,
1300 3375 1407 3415 non
1448 3370 1702 3416 accurate
1727 3378 1965 3417 concava
2007 3364 2087 3418 vi-

526 3452 740 3514 deatur,
766 3467 940 3521 neque
970 3452 1127 3520 plana
1155 3469 1171 3518 ;
1213 3451 1258 3506 si
1292 3466 1421 3521 ergo
1448 3451 1606 3506 talem
1636 3453 1953 3522 poculorum
1977 3469 2094 3524 spe-

527 3546 666 3597 ciem
698 3558 900 3611 sponsa
937 3559 1033 3613 per
1061 3543 1289 3612 phialam
1323 3543 1606 3611 intelligit:
1645 3544 1900 3598 nimirum
1932 3561 2095 3615 pecu~

526 3634 682 3687 liaris
713 3631 959 3703 quaedam
988 3632 1091 3686 erit
1117 3633 1273 3693 ratio,
1304 3634 1652 3703 quamobrem
1694 3634 1761 3688 ab
1791 3634 1892 3689 hac
1922 3635 2092 3707 ﬁgura

527 3724 764 3778 maxillae
800 3725 1107 3779 laudentur.
1155 3722 1289 3777 Nam
1333 3727 1512 3781 dicere
1562 3728 1759 3796 poterit
1799 3728 2090 3799 quispiam,

528 3819 582 3872 in
615 3817 997 3888 prmdicatione
1025 3818 1387 3886 simplicitatis
1415 3818 1677 3875 doctrinm
1702 3822 1859 3891 quasi
1898 3824 2092 3892 patula:

527 3909 858 3979 minimeque
887 3908 1247 3965 fraudulentae
1304 3911 1629 3966 mentionem
1662 3913 1857 3983 phiala:
1894 3914 2089 3969 iactam

526 4014 683 4054 esse:
725 4002 779 4053 in
825 4015 930 4070 qua
969 4000 1130 4055 vetita
1161 3999 1502 4071 profunditas
1537 4017 1566 4056 a
1598 4001 1865 4073 Pmpheta
1914 4005 2089 4059 locum

529 4090 728 4145 habere
760 4106 867 4145 non
904 4099 1102 4161 potest,
1133 4106 1255 4145 cum
1284 4093 1386 4146 ait:
1423 4091 1628 4162 Eripiat
1660 4095 1727 4148 ab
1759 4096 1823 4149 iis
1853 4097 1940 4164 qui
1970 4096 2090 4149 ode-

525 4193 649 4237 runt
681 4201 781 4249 me,
822 4193 871 4238 et
908 4200 974 4238 ex
998 4186 1149 4254 aquis
1177 4184 1452 4254 profundis
1477 4187 1542 4241 ".
1576 4186 1760 4257 Itaque
1787 4186 2087 4251 veritatem,

526 4294 646 4347 qua:
672 4279 724 4332 in
752 4277 1102 4347 simplicitate
1139 4280 1388 4349 patescit,
1408 4278 1615 4349 absque
1629 4278 1739 4333 ulta
1750 4276 2089 4335 fraudulenta

525 4370 885 4433 concavitate,
933 4385 1027 4439 per
1055 4385 1239 4424 vocem
1284 4370 1475 4439 phiala:
1506 4371 1798 4441 signillcari
1830 4373 2087 4438 dicimus,

524 4458 684 4525 cujus
732 4458 947 4526 quidem
997 4457 1252 4512 materies
1298 4458 1369 4512 sit
1416 4473 1620 4524 aroma,
1673 4476 1870 4516 munus
1909 4468 2085 4516 autem

2192 3366 2370 3426 κοῖλον
2392 3371 2631 3444 ἀκριϐῶς
2664 3367 2802 3423 εἶναι
2831 3369 3007 3423 δοκεῖν
3025 3408 3039 3430 ,
3079 3371 3215 3440 μήτε
3244 3370 3497 3424 ἐπίπεδον
3517 3383 3531 3395 °
3562 3373 3611 3424 εἰ
3636 3373 3761 3425 τοί-

2190 3480 2287 3518 νυν
2332 3464 2393 3517 τὸ
2424 3463 2662 3517 τοιοῦτον
2702 3460 2839 3526 εἶδος
2881 3460 3224 3514 ὑποδείκνυσι
3251 3460 3338 3513 διὰ
3367 3460 3467 3531 τῆς
3494 3460 3695 3530 φιάλης
3728 3463 3765 3532 ἡ

2191 3555 2375 3627 νύμφη
2395 3570 2409 3585 ·
2460 3553 2588 3606 ἴδιον
2619 3552 2685 3607 ἂν
2712 3552 2824 3623 ἐχοι
2859 3551 3018 3621 λόγον
3044 3552 3109 3605 ἐκ
3135 3550 3225 3603 τοῦ
3261 3551 3534 3622 σχήματος
3562 3552 3765 3604 τούτου

2189 3647 2297 3700 τῶν
2330 3644 2590 3713 σιαγόνων
2609 3646 2637 3697 ό
2666 3643 2901 3707 ἔπαινος.
2934 3644 3093 3697 Εἴποι
3122 3641 3229 3713 γὰρ
3256 3642 3321 3696 άν
3349 3659 3433 3706 τις
3467 3641 3528 3695 τὸ
3549 3642 3765 3698 άπλοῦν

2189 3755 2249 3793 τε
2305 3738 2398 3792 καὶ
2439 3735 2811 3808 διηπλωμένον
2861 3735 2955 3789 καὶ
3016 3734 3198 3790 ἄδολον
3246 3733 3346 3804 τῆς
3404 3733 3767 3799 διδασκαλίας

2192 3829 2477 3884 ἐπαινέσαι
2517 3828 2608 3881 τὸν
2649 3827 2804 3895 λόγον
2836 3823 3153 3896 βουλόμενον
3184 3826 3403 3896 μνήμην
3430 3828 3530 3897 τῆς
3555 3826 3766 3898 φιάλης

2189 3918 2542 3992 ποιήσασθαι·
2588 3919 2646 3970 ἐν
2685 3908 2729 3985 ᾧ
2757 3915 2818 3970 τδ
2861 3914 3307 3985 ἀπηγορευμένον
3345 3915 3448 3969 ὑπὸ
3484 3915 3577 3968 τοῦ
3606 3916 3759 3988 Προ-

2190 4010 2360 4079 φήτου
2408 4007 2570 4078 βάθος
2625 4009 2882 4077 συστῆναι
2926 4004 2986 4056 ού
3031 4002 3279 4072 δύναται,
3324 4003 3420 4057 τοῦ
3469 4005 3754 4069 εἰπόντος·

2201 4102 2519 4169 Ῥυσθείην
2547 4101 2616 4153 ἐκ
2650 4097 2768 4154 τῶν
2784 4097 3125 4167 μισούντων
3146 4097 3243 4167 μὲ.
3275 4098 3372 4152 καὶ
3398 4098 3466 4152 ἐκ
3492 4098 3609 4153 τῶν
3631 4099 3759 4162 ,βα-

2189 4193 2339 4249 θέων
2362 4192 2478 4247 τῶν
2508 4189 2757 4247 ὑδάτων.
2787 4188 2896 4259 Τὴν
2922 4183 3014 4242 οὖν
3039 4190 3097 4242 ἐν
3133 4187 3389 4260 ἁπλότητι
3418 4190 3758 4262 φαινομένπθ

2187 4286 2441 4359 ἀλήθειαν
2477 4284 2599 4356 δίχα
2642 4283 2784 4346 τινὸς
2824 4282 3046 4354 δολερᾶς
3087 4282 3397 4353 κοιλότητός
3444 4301 3622 4354 φαμεν
3656 4285 3753 4339 διὸ

2187 4378 2281 4432 τοῦ
2319 4378 2576 4447 ὀνόματος
2612 4374 2713 4444 τῆς
2754 4372 2947 4443 φιάλης
2981 4374 3371 4443 σημαίνεσθαι,
3413 4369 3480 4445 ἦς
3508 4375 3605 4447 ὕλη
3644 4376 3754 4446 μέν

2188 4471 2305 4523 ἐστι
2334 4469 2393 4522 τὺ
2435 4470 2659 4541 άρωμα·
2704 4465 2863 4537 ἔργον
2893 4465 2954 4519 δὲ
2991 4465 3054 4518 τὸ
3098 4464 3252 4535 φύειν
3287 4467 3578 4536 μυρεψικά.
3616 4470 3748 4522 Σια-

526 4550 767 4620 proferre
795 4558 1090 4617 unguenta.
1119 4549 1346 4605 Maxilla:
1376 4552 1568 4621 ipsius,
1606 4554 1801 4623 inquit,
1831 4565 2082 4624 tanquam

2194 4560 2342 4629 γόνες
2368 4558 2476 4629 γὰρ
2529 4554 2692 4625 αὑτοῦ
2739 4556 2813 4619 ὡς
2847 4554 3030 4625 φιάλαι
3072 4555 3165 4608 τοῦ
3194 4554 3515 4626 άρώματος,
3545 4557 3644 4611 οὐκ
3681 4560 3746 4625 ἐξ

525 4642 788 4696 aromatis
820 4641 1031 4711 phialae,
1074 4657 1183 4695 non
1230 4659 1295 4697 ex
1333 4652 1556 4714 argento
1592 4644 1766 4709 facta},
1814 4648 1895 4700 vel
1931 4662 2083 4709 auro,

531 4733 606 4787 vel
642 4734 804 4798 vitro,
847 4735 927 4787 vel
956 4734 1060 4787 alia
1086 4737 1337 4805 quapiam
1366 4737 1675 4808 hujusmodi
1715 4740 1956 4804 materie,
1992 4738 2083 4793 sed

524 4826 645 4895 ipso
678 4841 745 4880 ex
777 4836 1037 4892 aromate,
1072 4827 1215 4897 quod
1254 4829 1343 4882 illa
1381 4829 1619 4898 proferat
1656 4829 1723 4885 de
1759 4831 1955 4900 quibus
1988 4846 2086 4883 un-

523 4925 723 4987 guenta
759 4925 1039 4985 parantur.
1066 4918 1242 4988 Atque
1269 4935 1336 4973 ex
1367 4920 1451 4973 his
1481 4922 1592 4990 jam
1617 4921 1760 4975 haud
1803 4920 1966 4974 dubie
1990 4919 2087 4973 ho-

527 5023 647 5061 rum
698 5007 985 5061 verborum
1030 5010 1296 5063 sententia
1346 5011 1629 5079 perspicua
1660 5018 1774 5066 est:
1828 5010 2082 5064 nimirum

522 5113 644 5152 esse
679 5099 956 5168 proprium
990 5098 1142 5167 puris
1166 5098 1422 5155 Ecclesiae
1451 5101 1647 5165 oculis,
1681 5108 1741 5154 ut
1769 5101 1927 5154 talem
1962 5116 2084 5155 cor-

522 5189 639 5258 puri
664 5190 844 5243 cibum
874 5197 1197 5257 praeparent,
1224 5205 1319 5258 per
1345 5190 1592 5244 maxillas
1612 5190 2012 5244 comminuendi
2034 5191 2081 5245 vi

523 5281 807 5349 praeditas,
841 5294 951 5349 quo
977 5280 1109 5333 nihil
1138 5279 1461 5349 profundum
1487 5296 1551 5335 ac
1582 5282 1752 5334 latens
1784 5281 1837 5335 in
1874 5282 1938 5336 iis
1962 5298 2080 5352 qum

522 5373 781 5425 dicuntur
809 5371 1198 5439 conspiciatur,
1242 5371 1337 5424 sed
1374 5370 1554 5424 omnia
1589 5371 1699 5425 sint
1727 5370 1986 5437 dilucida,
2017 5372 2080 5425 li-

522 5462 671 5527 bcra,
702 5461 772 5515 ab
809 5460 955 5514 omni
985 5459 1330 5514 fraudulenta
1354 5461 1716 5516 occultatione
1750 5477 1812 5515 ac
1852 5461 2079 5531 profun-

522 5555 691 5609 ditate
715 5562 985 5623 separata,
1020 5552 1091 5605 ita
1133 5560 1189 5605 ut
1219 5554 1399 5622 pueris
1426 5552 1588 5607 etiam
1627 5552 1913 5608 manifesta
1945 5556 2075 5619 sint,

521 5646 975 5721 quemadmodum
1006 5649 1167 5706 Vates
1198 5646 1292 5713 ait,
1349 5644 1724 5699 Testimonium
1761 5644 1971 5699 Domini
2000 5654 2076 5699 est

593 5824 633 5855 "
674 5820 812 5876 [δεδι.
839 5834 1027 5887 tm",
1062 5821 1142 5876 l5.

2188 4650 2426 4721 ἀργύρου
2471 4649 2781 4718 γενόμεναι,
2809 4646 2842 4717 ἢ
2872 4644 3073 4717 χρυσοῦ
3092 4685 3108 4711 ,
3136 4645 3170 4716 ἢ
3197 4646 3371 4712 ὑέλου,
3402 4648 3436 4720 ἧ
3461 4666 3603 4712 τινος
3629 4650 3748 4704 ἑτέ-

2190 4756 2286 4810 ρας
2320 4738 2449 4808 ὕλης
2477 4737 2729 4807 τοιαύτης
2748 4776 2763 4801 ,
2793 4735 2906 4790 ἀλλ’
2940 4734 3103 4788 αὐτοῦ
3134 4734 3228 4789 τοῦ
3257 4735 3545 4807 ἀρώματος
3572 4738 3749 4794 ταῦτα

2186 4831 2244 4897 ἐξ
2277 4828 2455 4884 αὐτῶν
2495 4828 2731 4896 φύουσα,
2778 4827 2846 4880 δι’
2870 4820 2945 4880 ὧν
2976 4825 3044 4879 τὰ
3082 4826 3226 4898 μύρα
3258 4829 3746 4893 κατασκευάζεται.

2186 4921 2368 4993 Σαφὴς
2413 4921 2469 4974 δὲ
2509 4920 2724 4983 πάντως
2772 4920 2918 4972 ἐστὶν
2959 4921 2991 4988 ἡ
3038 4916 3128 4971 διὰ
3154 4918 3261 4971 τῶν
3301 4919 3607 4991 εἰρημένων
3632 4924 3751 4986 τοίς

2190 5016 2370 5085 ῥητοῖς
2409 5012 2618 5073 τούτοις
2669 5008 3076 5080 ὲνθεωρουμένη
3112 5008 3344 5074 διάνοια,
3373 5010 3454 5063 ὅτι
3485 5011 3595 5063 τῶν
3647 5030 3747 5067 κα-

2188 5102 2367 5175 θαρῶν
2394 5102 2495 5172 τῆς
2550 5097 2875 5168 Ἐκκλησίας
2912 5098 3172 5167 ὀμμάτων
3200 5100 3317 5152 ἐστὶ
3354 5099 3608 5171 τοιαύτην
3636 5117 3747 5154 πα-

2188 5192 2544 5268 ρασκευάζειν
2585 5189 2660 5260 τῷ
2704 5189 2913 5259 σώματι
2946 5187 3042 5258 τὴν
3079 5188 3302 5260 τροφὴν,
3354 5193 3419 5261 τῇ
3467 5189 3742 5265 λειαντικῇ

2183 5285 2291 5338 τῶν
2325 5287 2585 5354 σιαγόνων
2616 5282 2859 5353 δυνάμει,
2890 5280 2964 5344 ὡς
2996 5280 3162 5352 μηδὲν
3197 5281 3329 5352 βαθύ
3362 5299 3421 5334 τε
3450 5284 3544 5336 καὶ
3573 5283 3744 5337 ὕπου-

2181 5376 2269 5429 λον
2300 5378 2359 5429 ἐν
2403 5379 2516 5440 τοῖς
2561 5373 2874 5443 λεγομένας
2919 5372 3182 5445 ὁρᾶσθαι*
3236 5374 3351 5428 ἀλλ’
3383 5370 3521 5428 εἶναι
3563 5377 3741 5430 πάντα

2180 5468 2423 5542 τηλαυγῆ
2459 5486 2518 5521 τε
2561 5469 2655 5521 καὶ
2686 5466 2976 5537 ἐλεύθερα,
3010 5467 3104 5521 καὶ
3147 5466 3326 5539 πάσης
3353 5467 3576 5539 δολερᾶς
3621 5470 3735 5522 ἐπι-

2182 5556 2426 5627 κρύψεως
2450 5557 2541 5611 καὶ
2569 5554 2862 5626 βαθύτητος
2889 5556 3293 5627 κεχωρισμένα·
3322 5558 3396 5622 ὡς
3416 5558 3508 5611 καὶ
3527 5558 3739 5629 νηπίοις

2181 5644 2316 5704 εἶναι
2350 5648 2654 5720 κατάδηλα,
2685 5646 2864 5710 καθώς
2909 5664 3070 5719 φησιν
3097 5651 3125 5702 ό
3148 5650 3466 5721 Προφήτης·
3513 5650 3574 5705 Ἡ
3592 5667 3735 5721 μειρ-
