4028 6474
277 423 418 483 I065

1294 427 1358 481 IN
1389 428 1685 487 CANTICA
1724 428 1993 485 CANTIC.
2037 426 2315 484 HOMILIA
2356 428 2492 483 XIV.

3369 428 3503 489 1066

271 543 445 609 rupta
494 541 716 609 Κυρίου
762 540 981 609 πιστὴ,
1033 530 1364 609 σοφίζουσα
1396 542 1616 609 νήπια·
1666 544 1705 611 ἡ
1742 541 1838 595 ὲν-

1946 538 2113 601 ﬁdele,
2165 556 2227 592 ac
2259 555 2445 608 pueros
2477 540 2669 601 erudit,
2703 547 3015 606 pmceptmn
3057 537 3273 594 Domini
3307 537 3503 596 diluci-

270 629 422 698 τολή
461 632 683 698 Κυρίου
713 629 1051 697 τηλαυγὴς,
1092 628 1424 699 φωτίζουσα
1471 630 1834 699 ὀφθαλμούς.

271 724 336 777 El
380 721 487 792 γάρ
519 720 764 774 τοιαῦται
796 717 905 775 εῐεν
950 723 1004 775 αί
1043 722 1230 791 φιάλαι
1259 721 1353 775 τοῦ
1395 724 1565 792 Λόγου
1586 764 1600 786 ,
1629 723 1728 775 οὐκ
1775 725 1840 775 ἐκ

269 815 373 885 τῆς
416 814 611 885 γηΐνης
639 811 770 882 ’ύλης
789 812 1030 883 δηλονότι
1065 811 1447 883 συστήσονται·
1502 810 1622 866 ἀλλ’
1649 813 1714 864 ἐκ
1744 810 1839 864 τοῦ

268 906 566 976 ἁρώματος
599 904 750 957 ἐσται
780 906 814 976 ἡ
847 903 1009 974 φύσις
1028 920 1041 935 ο
1072 904 1278 957 ἑκείνου
1312 904 1455 972 λέγω
1488 902 1583 955 τοῦ
1615 901 1841 975 ἀρώμα-

269 1012 385 1061 τος.
416 997 445 1049 δ
469 996 609 1067 ὑπὲρ
630 995 806 1050 πάντα
832 996 899 1049 τὰ
928 996 1195 1067 ἀρώματα
1220 1013 1384 1067 φησιν
1412 990 1549 1049 εἶναι
1578 997 1611 1065 ἠ
1634 995 1841 1066 νύμφην,

272 1091 332 1143 ιν
376 1093 485 1152 τοῖς
528 1089 828 1159 προοιμίοις
868 1088 961 1142 τοῦ
1009 1090 1305 1160 ’ᾼσματος.
1354 1087 1588 1159 Τοιαύτη
1618 1087 1783 1158 φιάλη
1815 1089 1844 1141 6

272 1180 487 1245 Παῦλος
519 1175 616 1248 ἦν,
645 1184 674 1234 6
717 1182 791 1252 μὴ
836 1182 893 1233 ὲν
931 1180 1235 1251 πανουργίᾳ
1265 1180 1357 1234 τὸν
1390 1180 1568 1248 λόγον,
1610 1179 1744 1233 ἀλλά
1774 1180 1841 1250 τῇ

273 1271 577 1343 φανερώσει
609 1273 707 1341 τῆς
752 1271 1003 1341 ἀληθείας
1049 1271 1244 1327 ἑαυτὸν
1285 1271 1633 1325 συνιστάνων.
1688 1266 1762 1325 Οὖ
1808 1273 1843 1342 ὴ

274 1364 377 1435 ῦλη
402 1365 464 1417 τὸ
479 1367 542 1418 ὲκ
561 1366 663 1435 γῆς
690 1360 828 1418 εἶναι
848 1364 1097 1429 ἀπέθετο,
1119 1364 1211 1433 ἀφ’
1234 1359 1298 1418 οῦ
1317 1363 1517 1417 διάτοῦ
1537 1364 1844 1434 βαπτισμοῦ

270 1458 375 1520 τὰς
410 1455 630 1519 λεπίδας
674 1454 783 1508 τῶν
808 1454 1101 1525 ὀφθαλμῶν
1145 1456 1213 1525 τῇ
1247 1453 1411 1525 σαρκὶ
1445 1452 1842 1507 συναπέϐαλεν·

272 1548 391 1603 ἀλλ’
418 1551 483 1601 ἐκ
512 1548 606 1601 τοῦ
632 1546 981 1611 εύπνοοῦντος
1004 1545 1295 1619 ἀρώματος
1323 1543 1719 1615 ἀνεσκευάσθη,
1748 1542 1843 1597 τοῦ

272 1638 434 1707 ἁγίου
460 1637 775 1707 Πνεύματος
817 1637 1006 1691 τέκνον
1048 1636 1356 1706 γενόμενος.
1405 1636 1504 1698 Ὃς
1543 1634 1728 1704 ἐπειδὴ
1757 1632 1845 1689 διὰ

272 1730 376 1798 τῆς
403 1729 658 1800 τοιαύτης
682 1729 940 1799 χαλκείας
962 1728 1192 1799 ἐκλογῆς
1217 1725 1411 1789 σκεῦος
1437 1725 1843 1795 κατεσκευάσθη

274 1821 414 1890 πρὸς
427 1819 527 1891 τὴν
548 1820 809 1891 οίνοχοῐαν
833 1819 926 1873 τοῦ
956 1819 1112 1887 λόγου
1141 1818 1304 1889 φιάλη
1329 1818 1636 1887 γενόμενος,
1663 1817 1845 1870 οὐκέτι

1942 631 2089 693 dum,
2120 634 2285 687 oculis
2321 633 2484 685 lucem
2512 633 2733 700 offerens
2758 633 2823 687 “.
2865 632 3131 686 Nimirum
3164 632 3210 687 si
3239 634 3373 688 tales
3393 636 3503 690 sint

1943 722 2105 779 Verbi
2135 724 2353 794 phialae,
2384 723 2527 776 haud
2555 724 2715 777 dubie
2753 736 2859 776 non
2893 737 2959 778 ex
2987 723 3097 779 ulla
3141 732 3354 780 terrena
3387 741 3504 781 ma-

1942 814 2077 868 terie
2102 812 2361 868 confecta:
2392 821 2574 879 erunt,
2625 814 2719 867 sed
2750 812 2853 867 erit
2878 827 2946 867 ex
2983 821 3226 869 aromate
3258 814 3501 885 ipsarum

1941 910 2161 968 natura,
2190 904 2283 957 illo
2317 902 2535 973 inquam
2569 914 2832 965 aromate,
2864 902 3006 974 quod
3032 905 3295 960 excellere
3320 907 3501 961 omnia

1944 1001 2187 1047 aromata
2242 993 2440 1048 cantici
2495 991 2659 1061 hujus
2716 991 2874 1047 initio
2920 1008 3118 1063 sponsa
3162 996 3315 1053 dicit.
3356 996 3505 1055 Talis

1942 1086 2124 1156 phiala
2149 1085 2351 1141 Paulus
2384 1093 2525 1151 erat,
2570 1085 2662 1155 qui
2691 1098 2797 1138 non
2838 1100 2933 1154 per
2965 1086 3245 1142 vafriciem
3281 1088 3507 1144 fraudu—

1945 1178 2119 1233 lenter
2144 1177 2399 1242 docebat,
2439 1177 2533 1231 sed
2568 1185 2754 1246 aperta
2786 1176 3015 1231 veritate
3052 1178 3291 1247 seipsum
3321 1180 3504 1236 omni-

1944 1270 2049 1326 bus
2098 1269 2380 1343 probabat.
2428 1268 2601 1339 Cujus
2642 1268 2895 1324 materies
2937 1268 3223 1337 abjiciebat
3255 1278 3505 1327 naturam

1945 1368 2280 1428 terrestrem,
2313 1376 2378 1416 ex
2397 1368 2506 1431 quo
2533 1374 2629 1430 per
2653 1360 2981 1429 baptismum
3014 1360 3199 1415 carnis
3222 1363 3503 1418 oculorum

1945 1469 2201 1524 squamas
2272 1454 2523 1524 depdsuit
2562 1454 2643 1520 ’³,
2696 1466 2760 1507 ac
2812 1433 2985 1507 iactus
3036 1450 3273 1523 Spiritus
3328 1455 3503 1511 sancti

1946 1547 2110 1609 illius,
2152 1560 2217 1601 ex
2256 1546 2517 1615 fragranti
2555 1552 2795 1600 aromate
2835 1545 2901 1600 de
2932 1546 3142 1616 integro
3168 1546 3505 1605 instauratus

1944 1637 2067 1694 fuit.
2102 1637 2255 1693 idem
2290 1646 2642 1708 posteaquam
2674 1636 2729 1690 in
2759 1638 2853 1693 tali
2890 1636 3102 1693 ollicina
3142 1639 3375 1694 electum
3412 1656 3506 1699 vas

1946 1732 2123 1786 factus
2149 1740 2253 1795 est,
2285 1739 2339 1785 et
2367 1730 2585 1801 quidem
2616 1729 2817 1799 phiala,
2850 1745 2943 1800 per
2973 1742 3135 1801 quam
3164 1731 3387 1787 verbum
3421 1732 3510 1789 di-

1944 1822 2131 1877 vinum
2165 1823 2566 1892 propinaretur,
2631 1835 2738 1875 non
2791 1820 3024 1891 amplius
3058 1822 3291 1879 hominis
3340 1802 3505 1880 ullius

274 1911 467 1983 χρείαν
506 1910 661 1982 ἔσχεν
702 1910 1010 1983 ἀνθρώπου,
1046 1909 1145 1981 τὴν
1184 1909 1385 1978 γνῶσιν
1423 1907 1571 1983 αύτῷ
1598 1907 1707 1962 τῶν
1745 1926 1840 1979 μυ-

1946 1914 2090 1985 eguit
2122 1926 2310 1984 opera,
2361 1912 2454 1983 qui
2499 1913 2880 1983 mysteriorum
2921 1914 2970 1968 ei
3020 1913 3385 1984 cognitionem
3424 1918 3508 1975 in-

278 2003 519 2074 στηρίων
557 2002 868 2073 ἐγχέοντος·
900 2003 962 2054 ού
1001 2002 1110 2072 γὰρ
1146 2000 1510 2072 προσανέθετο
1547 2001 1709 2071 σαρκὶ
1749 1999 1844 2053 καὶ

274 2094 473 2165 αἰματι
493 2110 509 2126 °
555 2093 671 2149 ἀλλ’
700 2094 861 2158 αὐτὸς
892 2092 1053 2163 ἔφυεν
1078 2094 1135 2147 ἐν
1171 2092 1349 2163 ἑαυτῷ
1376 2092 1469 2146 καὶ
1500 2092 1727 2163 ἀνέδρυε
1755 2091 1845 2147 τὸν

272 2186 421 2240 θεῖον
444 2185 625 2251 ποτὸν,
656 2186 743 2240 διὰ
765 2186 864 2257 τῆς
891 2184 984 2240 τοῦ
1014 2183 1251 2257 Χριστοῦ
1280 2184 1515 2247 εὐωδίας
1532 2184 1603 2238 τὰ
1628 2184 1846 2239 ποικίλα

272 2278 384 2331 τῶν
428 2277 637 2349 ἀρετῶν
687 2277 821 2349 ἄνθη
874 2276 1131 2350 μυρεψῶν
1185 2278 1300 2339 τοῖς
1337 2276 1655 2339 ἀκούουσιν,
1703 2276 1844 2330 ὥστε

272 2368 418 2426 κατά
453 2368 554 2432 τὰς
598 2366 860 2438 διαφοράς
894 2383 953 2423 τε
978 2368 1072 2421 καὶ
1113 2366 1378 2438 ίδιότητας
1405 2367 1511 2421 τῶν
1541 2367 1846 2437 δεχομένων

272 2462 372 2517 τὸν
419 2460 604 2528 λόγον,
656 2458 991 2529 κατάλληλον
1036 2457 1383 2529 εὑρίσκεσθαι
1418 2458 1555 2527 πρὸς
1595 2459 1694 2528 τὴν
1749 2458 1844 2512 τοῦ

273 2550 568 2621 ζητοῦντος
614 2552 801 2621 χρείαν
845 2549 907 2603 τὸ
955 2549 1152 2621 ἀρωμα
1201 2552 1314 2613 τοίς
1378 2548 1685 2613 Ἰουδαίοις,
1734 2550 1845 2614 τοῖς

274 2642 528 2712 Ἕλλησι.
559 2642 678 2704 ταῖς
704 2639 938 2709 γυναιξὶ,
968 2642 1080 2702 τοῖς
1110 2638 1357 2710 ἀνδράσι,
1389 2638 1501 2702 τοῖς
1537 2637 1845 2705 δεσπόταις,

270 2733 390 2796 τοῖς
418 2732 645 2796 δούλοις,
670 2734 781 2795 τοίς
810 2731 1045 2799 γονεῦσι,
1078 2731 1439 2795 τοίςιτέκνοις,
1470 2733 1582 2793 τοῖς
1603 2730 1843 2799 ἀνόμοις.

272 2826 389 2887 τοῖς
410 2822 519 2876 ὑπὸ
541 2824 724 2894 νόμον.
752 2825 959 2886 Ὄντως
984 2824 1130 2895 αὐτῷ
1156 2822 1437 2893 πολυειδὴς
1460 2818 1527 2893 ἦν
1548 2822 1638 2877 διὰ
1666 2821 1847 2891 πάσης

274 2914 481 2985 ἀρετῆς
524 2914 840 2984 κεκραμένη
870 2915 968 2983 τῆς
993 2912 1336 2975 διδασκαλίας
1358 2914 1391 2983 η
1426 2913 1603 2983 χάρις,
1627 2912 1715 2965 διὰ
1737 2910 1846 2964 τῶν

274 3005 540 3058 ποικίλων
571 3004 935 3075 διδαγμάτων,
960 3003 1305 3074 καταλλήὶως
1334 3006 1398 3074 τῇ
1426 3004 1651 3057 ἑκάστου
1691 3002 1848 3073 χρείᾳ

277 3096 633 3168 μυρεψούσης
674 3097 770 3166 τῆς
807 3095 1005 3167 φιάλης
1047 3098 1156 3158 τοῖς
1200 3094 1507 3165 δεχομένοις
1538 3095 1629 3147 τὸν
1668 3093 1842 3162 λόγον.

276 3187 395 3249 Τὰς
425 3182 517 3239 οὖν
545 3185 797 3249 τοιαύτας
818 3188 1025 3242 ἐπαινεῖ
1043 3187 1297 3255 σιαγόνας
1320 3188 1353 3256 ἡ
1382 3185 1443 3239 τὸ
1468 3184 1561 3239 τοῦ
1596 3184 1844 3256 σώματος

273 3248 385 3327 τοῦ
419 3274 654 3344 νυμφίου
700 3248 895 3337 κάλλος
936 3248 1391 3345 διαζωγραφοῦσα
1426 3272 1504 3343 τῷ
1544 3248 1717 3344 λόγιιί’
1750 3273 1845 3327 καὶ
1869 3248 1913 3310 c

272 3367 362 3420 ὅτι
411 3366 547 3437 πρὸς
592 3366 747 3419 τοῦτο
796 3365 980 3435 βλέπει
1008 3364 1117 3418 τῶν
1164 3367 1425 3433 σιαγόνων
1459 3366 1489 3417 6
1538 3365 1790 3431 ἔπαινος,
1816 3367 1847 3419 6

274 3456 480 3527 ἑφεξῆς
500 3457 656 3525 λόγος
682 3455 752 3510 δι’
784 3455 1103 3519 ἀκολουθίας
1130 3455 1480 3528 μαρτύρεται.

366 3640 699 3697 Ἐπαινεϊται
737 3641 847 3715 γὰρ
880 3640 1018 3712 μετὰ
1048 3640 1148 3704 τὰς
1179 3641 1433 3710 σιαγόνας
1462 3640 1531 3694 τὰ
1572 3639 1753 3713 χείλη,
1778 3640 1849 3694 δι’

273 3726 398 3789 ὦνὸ
427 3732 783 3805 ἀρωματίζων
824 3733 976 3802 λόγος
1005 3734 1351 3805 προέρχεται.
1378 3732 1537 3788 Οῦτω
1560 3734 1617 3789 δὲ
1642 3736 1671 3788 6
1690 3733 1847 3788 ἐπαι-

278 3842 370 3889 νος
414 3824 551 3895 ἔχει’
591 3825 770 3892 Χείλη
814 3823 1000 3878 αὐτοῦ
1028 3823 1222 3892 κρίνα,
1250 3823 1544 3885 στάζοντα
1574 3825 1849 3893 σμύρναν

278 3918 507 3986 πλήρη.
540 3916 643 3971 Δύο
667 3916 808 3971 κατά
847 3915 1042 3969 ταύτὸν
1071 3915 1272 3987 ἀρετὰς
1304 3919 1572 3989 μαρτυρεῖ
1599 3915 1677 3987 τῷ
1706 3917 1847 3987 λόγῳ

274 4008 370 4062 διὰ
418 4007 512 4061 τοῦ
562 4006 749 4061 διπλοῦ
797 4005 1219 4076 ύποδείγματοςο
1279 3998 1355 4058 ὧν
1406 4007 1439 4076 ἡ
1480 4006 1579 4076 μέν
1625 4007 1772 4059 ἐστιν
1810 4003 1845 4071 ἡ

274 4100 541 4171 ἀλήθεια,
580 4099 805 4170 λαμπρά
850 4116 910 4152 τε
947 4098 1041 4152 καὶ
1061 4098 1354 4167 φωτοειδὴς
1380 4099 1440 4150 ὲν
1480 4098 1591 4162 τοῖς
1621 4097 1847 4168 λεγομέ-

277 4208 395 4255 νοις
427 4191 796 4262 θεωρουμὲυη.
833 4190 1087 4244 Τοιοῦτον
1112 4190 1222 4260 γὰρ
1248 4188 1344 4247 τοῦ
1382 4188 1568 4260 κρίνου
1599 4184 1845 4253 τὸεῖδος,

278 4279 347 4339 οὗ
377 4287 411 4354 ἡ
440 4283 757 4354 λαμπρότης
776 4320 792 4343 ,
829 4282 1055 4353 αἴνιγμα
1085 4283 1183 4352 τῆς
1219 4281 1327 4334 τῶν
1350 4281 1653 4350 λεγομένων
1682 4278 1850 4334 καθα-

282 4376 511 4448 ρότητός
534 4392 593 4427 τε
617 4376 709 4429 καὶ
744 4373 995 4444 ἀληθείας
1024 4373 1187 4431 ἐστίν.
1225 4374 1448 4443 Ἕτερον
1474 4372 1562 4436 δὲ,
1595 4371 1655 4425 τὸ
1681 4372 1849 4443 μόνην

276 4466 384 4538 τὴν
409 4467 604 4537 νοητήν
649 4482 708 4518 τε
747 4466 840 4518 καὶ
870 4464 1026 4521 ἀϋλον
1058 4464 1201 4536 ζωὴν
1230 4464 1334 4517 ὑπὸ
1366 4464 1465 4535 τῆς
1510 4463 1849 4528 διδασκαλίας

280 4557 733 4628 προδείκνυσθαι,
772 4558 859 4610 διὰ
885 4557 984 4627 τῆς
1010 4556 1118 4609 τῶν
1159 4555 1364 4626 νοητῶν
1394 4555 1624 4627 θεωρίας
1656 4556 1849 4609 ἀπονε-

280 4643 591 4715 κρουμένης
626 4644 725 4714 τῆς
771 4645 919 4698 κάτω
951 4643 1125 4713 ζωῆς,
1154 4645 1253 4715 τῆς
1296 4643 1385 4698 διὰ
1422 4644 1621 4716 σαρκός
1662 4662 1722 4698 τε
1758 4646 1852 4698 καὶ⁸

280 4734 517 4804 αἵματος
542 4736 953 4806 ἐνεργουμένης.
1002 4736 1067 4788 Ἦ
1110 4735 1218 4807 γὰρ
1241 4736 1585 4810 ἀπορρέουσα
1621 4736 1728 4790 ἀπὸ
1758 4735 1851 4790 τοῦ

282 4825 538 4896 ,σώματος
578 4825 790 4899 σμύρνα
810 4865 825 4888 ,
878 4826 971 4879 καὶ
1018 4825 1201 4897 πλήρη
1236 4826 1461 4882 ποιοῦσα
1509 4826 1708 4897 ἑαυτῆς
1753 4827 1853 4899 τὴν

281 4917 380 4971 τοῦ
414 4918 699 4988 δεχομένου
727 4918 922 4988 ψυχὴν,
964 4916 1062 4986 τῆς
1108 4917 1202 4970 τοῦ
1248 4916 1497 4987 σώματος
1535 4918 1852 4990 νεκρώσεως

282 5011 520 5081 ἔμφασις
546 5011 771 5077 γίνεται.
798 5010 1045 5081 Πολλαχῆ
1074 5010 1183 5083 γὰρ
1207 5011 1269 5063 τδ
1301 5012 1534 5063 τοιοῦτον
1569 5014 1625 5064 ὲν
1655 5014 1719 5081 τῇ
1748 5028 1849 5065 κα-

279 5104 548 5173 ταχρήσει
591 5102 699 5157 τῶν
745 5102 1114 5157 θεοπνεύστων
1153 5104 1323 5172 λόγων
1371 5105 1845 5176 παρατετήρηται,

280 5196 379 5250 τοῦ
406 5195 633 5253 θανάτου
657 5213 721 5267 ση
731 5198 986 5267 μαντικὸν
1014 5191 1148 5250 εἶναι
1167 5197 1265 5267 τῆς
1293 5197 1539 5268 σμύρνης
1568 5197 1627 5251 τὸ
1658 5196 1846 5267 ὄνομα.

293 5290 355 5342 '0
384 5289 561 5342 τοίνυν
590 5288 794 5351 τέλειος
840 5289 932 5342 καὶ
960 5288 1194 5359 καθαρὸς
1222 5288 1514 5358 ὀφθαλμὸς,
1551 5290 1579 5341 6
1609 5288 1706 5359 τὴν
1732 5304 1849 5341 σια-

280 5379 419 5448 γόνα
454 5377 651 5449 φιάλην
694 5379 864 5430 ποιιῖιν
902 5377 1001 5449 τὴν
1039 5378 1109 5431 τά
1147 5377 1297 5448 μύρα
1326 5376 1386 5442 ἐξ
1421 5375 1590 5445 αὐτῆς
1613 5373 1852 5443 φύουσάν

279 5486 346 5522 τε
371 5468 467 5522 καὶ
509 5467 877 5539 πηγάζουσαν,
901 5463 1054 5532 οὗτος
1088 5454 1239 5522 ἀνθεῖ
1266 5467 1332 5522 τὰ
1363 5466 1522 5538 κρίνα
1543 5464 1653 5520 τῶν
1678 5464 1851 5531 λόγων

278 5561 372 5615 διὰ
416 5560 510 5614 τοῦ
553 5560 847 5631 στόματος,
895 5560 1004 5614 τῶν
1038 5563 1103 5633 τῇ
1155 5560 1277 5632 θείᾳ
1330 5556 1851 5629 κεκαλλωπισμένονν

279 5652 645 5725 λαμπρότητι.
697 5650 852 5705 Οῦτω
898 5651 1006 5722 γὰρ
1050 5652 1172 5715 τοὺς
1224 5650 1496 5723 καθαροίς
1543 5665 1603 5703 τε
1648 5649 1742 5703 καὶ
1784 5647 1853 5701 δι’

353 5830 407 5868 ³¹
432 5830 576 5893 Psal.
611 5845 767 5892 'tvm,
792 5830 844 5894 8,
876 5828 910 5884 9
1006 5830 1053 5860 "
1084 5830 1203 5883 Act.
1239 5846 1312 5893 ιτ,
1340 5828 1426 5884 18.

610 5923 883 5987 Ριτιιοι..
930 5923 1048 5985 Gn.
1096 5922 1310 5984 XLIV.

1945 2004 2193 2060 funderet
2226 2004 2357 2074 (non
2384 2001 2530 2057 enim
2563 2003 2719 2058 carni
2743 2003 3019 2072 acquievit
3043 2011 3100 2059 et
3133 2006 3387 2076 sanguini
3411 2007 3501 2080 “),

1945 2096 2039 2152 sed
2067 2096 2182 2166 ipse
2205 2096 2257 2150 in
2294 2110 2353 2151 se
2388 2094 2613 2165 protulit
2640 2094 2880 2148 divinum
2911 2094 3067 2148 illum
3103 2102 3312 2165 potum,
3346 2096 3505 2167 cujus

1944 2195 1999 2244 et
2029 2189 2415 2257 scaturiginem
2448 2187 2593 2240 velut
2632 2187 2833 2251 emisit,
2882 2186 3011 2242 dum
3044 2203 3140 2260 per
3163 2189 3366 2245 Christi
3396 2190 3507 2245 fra-

1944 2278 2212 2349 grantiam
2251 2277 2432 2331 varias
2463 2275 2690 2331 virtutes
2723 2276 2775 2330 iu
2804 2275 3144 2333 auditoribus
3174 2280 3331 2349 quasi
3357 2295 3505 2351 quae-

1944 2369 2068 2425 dam
2095 2376 2367 2438 unguenta
2399 2365 2713 2432 conﬁceret,
2738 2366 2811 2420 ita
2840 2376 2896 2421 ut
2924 2381 3024 2438 pro
3049 2366 3357 2425 diversitate
3383 2386 3509 2440 pro-

1946 2459 2283 2530 prietateque
2312 2456 2694 2526 recipientium
2714 2455 2810 2512 Dei
2845 2458 3089 2523 verbum,
3117 2472 3300 2514 aroma
3328 2459 3507 2530 ipsum

1945 2549 2276 2605 conveniens
2317 2549 2437 2604 usui
2468 2547 2610 2617 ejus,
2642 2549 2732 2618 qui
2780 2546 2912 2601 illud
2942 2557 3211 2620 posceret.
3244 2553 3508 2623 reperire.

1946 2642 2077 2703 tur,
2125 2639 2385 2693 nimirum
2432 2635 2653 2700 ludatis,
2697 2635 2921 2703 Graecis,
2967 2639 3308 2706 mulieribus,
3352 2642 3506 2710 viris,

1946 2730 2113 2795 heris,
2140 2736 2333 2787 servis.
2364 2731 2703 2800 parentibus.
2730 2729 2939 2796 liberis,
2974 2732 3072 2802 legi
3100 2748 3205 2787 non
3246 2735 3507 2800 astrictis,

1946 2821 2207 2890 subjectis
2241 2822 2364 2892 legi.
2395 2820 2528 2875 Tam
2554 2820 2942 2877 multiformem
2984 2822 3074 2877 ille
3101 2823 3364 2880 doctrinae
3390 2842 3510 2897 gra-

1946 2913 2076 2968 tiam
2111 2912 2363 2976 bahehat.
2397 2927 2547 2967 omni
2585 2912 2787 2967 virtute
2817 2920 3202 2982 temperatam:
3239 2919 3388 2972 varia
3413 2920 3510 2974 do-

1944 3004 2102 3059 cendi
2133 3004 2364 3067 ratione,
2413 3018 2514 3073 pro
2538 3004 2864 3059 necessitate
2908 3014 2962 3059 et
2991 3021 3059 3060 ex
3088 3021 3187 3061 usu
3219 3008 3507 3081 cujusque,

1945 3095 2039 3152 Dei
2086 3097 2304 3151 verbum
2338 3096 2599 3151 miscente
2627 3095 2729 3149 hac
2758 3097 2958 3167 phiala.
2992 3106 3248 3169 tanquam
3266 3112 3507 3157 aromata

1946 3184 2189 3256 quaedam
2238 3200 2336 3255 pro
2380 3185 2448 3241 iis
2495 3184 2591 3255 qui
2638 3184 2769 3239 illud
2820 3186 3143 3256 reciperent.
3184 3186 3507 3259 Huiusmodi

1944 3291 2074 3347 ergo
2105 3276 2352 3333 maxillas
2376 3275 2581 3343 laudat,
2624 3270 2747 3347 qua:
2775 3277 3234 3347 pulchritudinem
3261 3282 3507 3353 corporis

1945 3370 2132 3437 sponsi
2171 3368 2351 3425 verbis
2387 3369 2542 3425 hisce
2564 3369 2629 3424 ad
2673 3372 2855 3426 vivum
2909 3371 3187 3443 depingit:
3251 3376 3508 3447 quodque

1946 3458 2050 3513 hoc
2099 3460 2440 3515 maxillarum
2489 3461 2795 3517 encomium
2840 3471 3157 3534 eospeotet,
3209 3479 3373 3534 porro
3419 3482 3509 3522 se»

1945 3550 2166 3619 quentia
2194 3551 2355 3605 verba
2390 3556 2683 3607 testantur.

2016 3638 2225 3695 Etenim
2267 3649 2389 3711 post
2431 3641 2677 3698 maxillas
2711 3641 3002 3698 laudantur
3030 3643 3192 3707 labia,
3242 3660 3341 3715 per
3386 3662 3509 3717 qua;

1946 3745 2126 3786 sermo
2171 3731 2262 3787 ille
2302 3731 2560 3789 conditus
2608 3734 2944 3789 aromatibus
3000 3731 3296 3805 profertur.
3332 3733 3509 3792 Verba

1945 3819 2177 3875 encomii
2228 3819 2345 3873 haec
2399 3827 2527 3875 sunt
2567 3835 2580 3872 :
2617 3819 2797 3875 Labra
2850 3821 2962 3885 eius
3016 3820 3152 3883 lilia,
3186 3820 3509 3876 distillantia

1946 3911 2216 3981 myrrham
2254 3908 2482 3967 uberem.
2532 3910 2676 3967 Duas
2708 3911 2938 3967 virtutes
2987 3912 3149 3966 simul
3207 3912 3373 3967 verbo
3406 3912 3508 3967 tri-

1946 4002 2085 4069 buit,
2125 4004 2339 4073 gemina
2375 4002 2751 4059 similitudine.
2793 4002 3000 4058 llorum
3038 4004 3267 4058 alterum
3305 4004 3510 4059 veritas

1945 4104 2051 4159 est,
2086 4111 2211 4166 quae
2246 4095 2300 4149 in
2331 4094 2493 4150 dictis
2522 4102 2577 4150 et
2620 4094 2905 4165 splendida
2935 4103 2989 4149 et
3022 4094 3250 4151 illustris
3286 4109 3510 4164 conspi—

1948 4190 2116 4244 citur.
2168 4186 2300 4241 Nam
2332 4186 2461 4242 talis
2511 4193 2595 4241 est
2624 4184 2723 4239 lilii
2757 4185 2990 4256 species,
3047 4182 3206 4254 cujus
3254 4184 3511 4254 splendor

1949 4279 2109 4349 quasi
2164 4276 2399 4348 quodam
2447 4276 2732 4346 aenigmate
2778 4277 3068 4346 puritatem
3113 4289 3179 4329 ac
3230 4275 3511 4332 veritatem

1948 4385 2160 4433 eorum.
2192 4383 2312 4440 qu:e
2343 4368 2620 4429 dicuntur,
2649 4366 2937 4438 significat.
2963 4364 3205 4421 Alterum
3234 4372 3338 4431 est,
3365 4366 3513 4439 quod

1951 4460 2068 4517 sola
2108 4460 2213 4516 sub
2238 4460 2437 4515 mentis
2466 4458 2865 4529 perceptionem
2895 4457 3097 4514 cadens
3119 4462 3174 4513 et
3197 4468 3509 4515 crassarutn

1956 4567 2135 4609 rerum
2184 4566 2381 4622 expers
2413 4552 2521 4605 vita
2552 4565 2652 4621 per
2679 4548 2984 4605 doctrinam
3034 4547 3362 4618 proferatur,
3412 4556 3515 4606 ex-

1953 4643 2150 4698 stincta
2180 4643 2291 4697 vita
2322 4643 2422 4696 hac
2460 4641 2653 4704 infera,
2685 4640 2842 4709 cujus
2868 4639 2924 4693 in
2949 4651 3115 4694 carne
3141 4653 3205 4694 ac
3248 4640 3515 4713 sanguine

1948 4736 2032 4791 vis
2080 4734 2439 4803 conspicitur,
2490 4747 2591 4803 per
2615 4730 3135 4800 contemplationem
3181 4745 3362 4787 rermn
3392 4748 3515 4803 qua

1948 4831 2130 4878 mente
2145 4822 2538 4892 intelliguntur.
2566 4818 2770 4873 Etenim
2787 4833 2854 4872 ex
2872 4833 2965 4872 ore
2985 4817 3256 4875 distillans
3272 4820 3512 4892 myrrha,

1948 4929 2069 4985 qua:
2129 4912 2444 4982 recipientis
2500 4910 2740 4964 animum
2796 4909 2985 4978 replet,
3042 4909 3515 4966 mortiﬁcationem

1948 5006 2132 5062 carnis
2154 5006 2302 5059 clare
2332 5003 2573 5057 denotat.
2610 4999 2745 5055 Nam
2774 5000 3052 5057 multoties
3085 5002 3188 5056 hoc
3215 5002 3271 5056 in
3317 5002 3516 5057 litteris

1952 5115 1981 5154 a
2015 5098 2219 5169 Spiritu
2260 5095 2447 5151 divino
2486 5093 2747 5165 profectis
2787 5094 3221 5158 observavimus,
3274 5094 3519 5164 appella-

1954 5194 2155 5246 tionem
2180 5186 2415 5260 myrrhae
2436 5196 2662 5241 mortem
2694 5184 3020 5257 signiﬁcare.
3042 5183 3223 5251 Quare
3244 5184 3517 5252 perfectus

1947 5292 2001 5339 et
2030 5295 2201 5353 purus
2229 5279 2441 5343 oculus,
2470 5278 2566 5349 qui
2594 5277 2663 5333 de
2691 5276 2908 5333 maxilla
2936 5274 3175 5345 phialam
3207 5271 3388 5335 elllcit,
3421 5287 3518 5327 uno

1948 5382 2148 5447 guenta
2194 5387 2262 5427 ex
2294 5385 2354 5425 se
2395 5368 2759 5441 proferentem
2790 5366 2945 5438 quasi
2985 5364 3221 5435 quodam
3240 5377 3310 5417 ex
3346 5360 3515 5426 fonte,

1948 5465 2038 5519 hic
2066 5477 2197 5535 ergo
2237 5474 2548 5517 sermonum
2578 5457 2691 5512 lilia
2724 5456 2899 5527 gignit
2928 5470 3023 5525 per
3056 5468 3120 5509 os
3146 5452 3387 5518 illorum,
3421 5454 3517 5522 qui

1949 5555 2131 5610 divino
2160 5552 2446 5626 splendore
2462 5556 2590 5605 sunt
2610 5548 2807 5603 ornati.
2830 5545 2962 5599 Nam
2990 5543 3071 5600 sic
3091 5542 3433 5613 appellantur
3455 5542 3515 5607 ii,

1957 5644 2052 5717 qui
2079 5642 2201 5716 puri
2246 5649 2396 5707 sunt,
2433 5646 2490 5698 et
2519 5655 2585 5694 ex
2616 5638 2812 5692 virtute
2846 5633 3196 5706 fragrantiam
3225 5631 3516 5704 quamdam

1504 5830 1550 5861 “
1579 5827 1755 5883 Galat.
1793 5841 1830 5891 ι,
1865 5824 1947 5881 16.

3126 5898 3202 5967 δίο
