4028 6512
521 447 650 505 l06'.’

1733 425 1790 480 S.
1826 415 2152 477 GREGOhll
2189 412 2480 468 NYSSENI

3607 405 3742 461 {058

518 563 754 618 habent:
793 554 992 628 quique
1025 550 1300 622 myrrham
1332 546 1619 606 distillant,
1660 555 1780 610 quae
1824 539 1942 591 sine
1981 533 2073 586 de—

2201 530 2376 600 ιρετῆς
2408 526 2764 590 εὐπνοοῦντας
2789 523 3042 596 ὀνομάζει
3067 526 3096 579 ό
3121 523 3294 592 λόγος,
3325 522 3416 592 ἀφ’
3436 515 3512 578 ὧν
3535 522 3744 590 γίνεται

517 653 664 709 fectu
695 656 929 706 mentem
982 641 1359 711 recipientium
1390 651 1510 693 eam
1539 635 1728 704 replet.
1767 631 1870 702 _Est
1903 634 2080 681 autem

519 746 610 800 illa
633 745 757 798 vitae
785 739 945 808 hujus
967 747 1241 803 corporea:
1270 737 1636 797 contemptus,
1673 737 1796 778 cum
1825 719 2082 775 universa

515 851 638 906 quae
663 834 716 887 in
751 831 852 886 hac
883 828 993 883 vita
1038 840 1184 880 cura:
1216 829 1341 878 sunt
1385 816 1716 879 hominibus,
1767 828 1858 883 per
1891 825 2082 880 super-

519 902 710 980 norum
727 923 993 985 bonorum
1016 916 1364 985 cupiditatem
1385 912 1493 966 vim
1517 923 1670 964 suam
1691 919 1904 960 omnem
1921 902 2084 957 amit-

518 1023 641 1069 tunt
672 1022 725 1068 et
750 1011 1187 1080 exstinguuntur.
1215 1003 1398 1058 Talem
1421 999 1696 1071 myrrham
1727 997 1853 1051 olim
1885 993 2084 1048 Paulus

519 1102 823 1158 effundebat
845 1117 912 1155 ex
935 1114 1028 1152 ore
1053 1112 1171 1162 suo,
1197 1095 1412 1150 mistam
1434 1106 1558 1145 cum
1573 1104 1710 1159 puro
1733 1085 2002 1157 pudicitia;
2024 1084 2085 1137 Ii—

520 1193 613 1256 lio,
648 1193 706 1246 in
737 1198 939 1246 sanctae
963 1186 1188 1258 virginis
1225 1197 1404 1238 aures.
1441 1180 1515 1234 Ea
1545 1193 1674 1234 vero
1713 1183 1830 1232 erat
1860 1173 2082 1236 Thecla,

522 1300 645 1355 quae
674 1282 929 1353 praeclare
951 1280 1132 1334 animo
1167 1292 1267 1333 suo
1293 1271 1653 1330 deﬂuentibus
1685 1269 1753 1324 de
1776 1268 1889 1322 lilio
1917 1264 2084 1334 guttis

526 1377 666 1430 intra
683 1389 740 1428 se
758 1370 1009 1442 receptis,
1027 1370 1298 1423 hominem
1316 1372 1600 1419 externum
1617 1367 1790 1415 morte
1803 1356 2082 1428 opprimit,

524 1467 673 1521 omni
706 1462 1032 1534 cogitatione
1070 1456 1472 1529 cupiditateque
1525 1451 1731 1509 carnali
1780 1449 2076 1504 exstincta.

526 1557 694 1626 Cujus
732 1562 853 1625 post
877 1561 1180 1623 perceptam
1231 1548 1382 1602 illam
1416 1547 1616 1602 bonam
1656 1541 1984 1603 doctrinam,
2033 1548 2088 1593 et

525 1633 781 1720 juventus
815 1644 1085 1701 exstincta
1133 1648 1270 1705 erat,
1307 1646 1361 1694 et
1401 1645 1624 1694 externa
1678 1639 1939 1690 venustas
1993 1645 2088 1685 ex-

529 1741 747 1802 stincta,
779 1745 832 1792 et
852 1735 1123 1792 exstincta
1153 1732 1332 1787 omnia
1365 1729 1612 1799 corporis
1641 1739 1903 1783 sensuum
1931 1736 2088 1792 orga-

528 1849 600 1889 na
667 1831 784 1886 solo
816 1841 1066 1883 sermone
1097 1825 1150 1879 in
1182 1826 1299 1896 ipsa
1329 1810 1566 1887 vivente,
1593 1835 1688 1890 per
1747 1833 1906 1889 quem
1940 1823 2088 1871 totus

526 1922 577 1976 ei
637 1919 873 1974 mundus
929 1922 1174 1969 mortuus
1226 1920 1362 1975 erat,
1424 1917 1478 1966 et
1515 1909 1666 1980 virgo
1713 1908 1834 1978 ipsa
1886 1904 2087 1958 mundo

526 2020 644 2070 erat
693 2019 926 2065 mortua.
959 2008 1049 2062 Sic
1084 2007 1208 2060 olim
1246 2017 1475 2073 magnus
1531 2001 1693 2056 etiam
1747 1998 1939 2053 Petrus
1998 1996 2088 2050 ille

529 2106 670 2177 apud
693 2102 1003 2159 Cornelium
1035 2098 1318 2170 splendida
1347 2094 1618 2151 sermonis
1647 2093 1756 2148 lilia
1784 2090 2084 2162 proferens,

529 2200 740 2254 animos
773 2194 1083 2250 auditorum
1119 2189 1342 2261 myrrha
1373 2187 1625 2258 complet,
1652 2185 1744 2255 qui
1772 2199 1892 2238 mox
1940 2197 2090 2237 rece-

527 2302 618 2364 pto
645 2291 816 2363 ipsius
843 2301 1118 2350 sermone,
1167 2299 1291 2354 cum
1352 2282 1570 2338 Christo
1629 2295 1727 2350 per
1756 2279 2089 2348 baptismum

529 2392 656 2439 sunt
693 2381 1016 2451 consepulti,
1077 2369 1278 2432 mortui
1312 2376 1435 2430 vitae
1493 2374 1620 2428 huic
1652 2371 1799 2426 facti.
1837 2370 2092 2438 Adeoque

529 2475 738 2530 inﬁnita
778 2472 1017 2543 reperire
1057 2478 1256 2539 printer
1291 2469 1403 2521 haec
1449 2475 1760 2521 sanctorum
1812 2461 2089 2515 hominum

529 2568 777 2637 exempla
813 2566 959 2630 licet,
1003 2579 1111 2633 quo
1152 2563 1226 2615 illi
1283 2567 1442 2630 pacto
1504 2557 1811 2612 communis
1849 2554 2090 2622 corporis

531 2659 792 2715 Ecclesiae
836 2672 897 2712 os
959 2655 1108 2721 facti,
1163 2653 1381 2724 myrrha
1442 2650 1818 2720 exstinguente
1869 2645 2092 2699 morbos

532 2751 702 2805 animi
751 2765 881 2806 suos
936 2749 1210 2804 auditores
1259 2743 1620 2815 repleverint,
1667 2755 1764 2811 per
1826 2737 2092 2794 sermonis

535 2845 644 2898 lilia
667 2842 882 2896 fructus
916 2841 1172 2902 ferentes,
1232 2837 1430 2907 quibus
1463 2835 1643 2905 magni
1679 2833 1754 2886 illi
1786 2845 2094 2902 propugna-

534 2938 692 2991 tores’
717 2934 838 2989 ﬁdei
868 2949 959 3004 per
995 2932 1266 3002 egregiam
1304 2928 1708 2983 confessionem
1727 2925 1847 2994 ipso
1886 2931 2092 2977 testan-

534 3031 616 3086 dae
648 3026 892 3083 veritatis
925 3033 1188 3095 tempore,
1226 3023 1278 3076 in
1322 3018 1712 3075 certaminibus
1741 3030 1840 3085 pro
1897 3015 2095 3083 pietate

536 3118 830 3190 susceptis,
861 3116 958 3170 toti
985 3115 1141 3184 quasi
1180 3111 1399 3183 myrrha
1431 3109 1664 3178 quadam
1701 3112 1827 3161 sunt
1861 3104 2090 3174 perfusi.

2180 623 2212 691 ἡ
2257 622 2355 690 τῆς
2396 620 2639 691 σμύρνης
2672 618 2882 688 σταγὼν
2903 658 2917 683 ,
2967 617 3266 682 ἀνελλιπῶς
3318 615 3599 688 πληροῦσα
3643 615 3746 686 τὴν

2179 715 2286 767 τῶν
2312 713 2611 784 δεχομένων
2637 712 2872 766 διάνοιαν
2892 727 2906 741 ·
2936 711 3072 782 ὅπερ
3102 711 3218 763 ἐστὶ
3247 709 3347 779 τῆς
3372 708 3572 770 ὑλικῶς
3596 705 3744 776 ζωῆς

2183 807 2448 879 ὑπεροψία
2466 847 2480 870 ,
2512 807 2725 860 πάντων
2751 804 2860 858 τῶν
2887 803 3012 876 τῇδε
3039 801 3506 873 σπουδαζομένων,
3529 802 3620 855 διὰ
3647 801 3746 870 τὴν

2181 899 2289 952 τῶν
2323 897 2726 969 ὑπερκειμένων
2759 895 2975 965 ἀγαθῶν
3016 893 3334 964 ἐπιθυμίαν,
3366 893 3747 964 ἀνενεργήτων

2182 1006 2242 1041 τε
2283 986 2377 1041 καὶ
2417 987 2623 1057 νεκρῶν
2648 987 2963 1056 γινομένων.
3014 984 3281 1054 Τοιαύτην
3327 985 3486 1038 ὄποτε
3536 984 3748 1048 Παῦλος

2186 1079 2427 1150 σμύρναν
2458 1077 2679 1148 προχέει
2714 1075 2806 1129 τοῦ
2841 1076 3126 1146 στόματος,
3165 1075 3505 1145 μεμιγμένην
3541 1074 3622 1145 τῷ
3643 1092 3749 1127 κα-

2186 1170 2335 1243 θαρῷ
2369 1171 2537 1242 κρίνῳ
2581 1173 2681 1239 τῆς
2724 1167 3102 1239 σωφροσύνης,
3136 1167 3194 1218 ἐν
3235 1166 3422 1228 ἀκοαῖς
3450 1165 3549 1234 τῆς
3587 1166 3751 1232 ἁγίας

2187 1263 2476 1336 παρθένου.
2499 1261 2674 1316 Θέκλα
2690 1261 2748 1314 δὲ
2771 1257 2839 1332 ἦν
2863 1263 2896 1332 ή
2922 1260 3208 1332 παρθένος,
3238 1259 3272 1329 ἢ
3301 1257 3478 1317 καλῶς
3501 1262 3568 1330 τῇ
3598 1260 3749 1328 ψυχῇ

2185 1352 2284 1416 τὰς
2319 1351 2692 1423 ἀπορρεούσας
2738 1351 2997 1419 σταγόνας
3035 1351 3092 1403 ἐν
3135 1351 3299 1419 ἑαυτῇ
3333 1348 3621 1418 δεξαμένη,
3651 1350 3752 1404 θα-

2187 1444 2328 1517 νάτῳ
2387 1443 2739 1514 διαλαμϐάνει
2801 1445 2891 1497 τὸν
2944 1443 3140 1510 ἔξωθεν
3188 1441 3502 1512 ἄνθρωπον,
3566 1443 3754 1494 πᾶσαν

2188 1538 2436 1611 σαρκώδη
2469 1536 2704 1592 διάνοιάν
2739 1553 2799 1589 τε
2844 1535 2938 1590 καὶ
2967 1533 3256 1603 ἐπιθυμίαν
3285 1533 3482 1604 ἐαυτῆς
3511 1533 3755 1586 ἀποσεέ·

2189 1647 2348 1685 σασα.
2379 1623 2488 1693 Ἦς
2519 1627 2654 1701 μετὰ
2690 1627 2786 1697 τὴν
2817 1625 3026 1698 ἀγαθὴν
3061 1623 3399 1679 διδασκαλίαν
3438 1626 3606 1695 νεκρά
3651 1625 3758 1693 μὲν

2187 1727 2220 1795 ή
2249 1723 2435 1791 νεότης
2454 1763 2468 1787 ,
2501 1720 2690 1792 νεκρὸν
2714 1718 2770 1773 δέ
2797 1719 2858 1772 τὸ
2882 1716 3298 1786 ἐπιφαινόμενον
3321 1714 3513 1778 κάλλος
3536 1754 3554 1779 ,
3582 1715 3759 1783 νεκρὰ

2187 1818 2243 1871 δὲ
2274 1817 2450 1870 πάντα
2493 1813 2562 1867 τὰ
2603 1810 2886 1881 σωματικά
2932 1809 3290 1880 αἰσθητήρια,
3343 1807 3502 1877 μόνου
3548 1807 3758 1872 ζῶντος

2188 1908 2245 1960 ἐν
2272 1905 2407 1976 αὑτῇ
2453 1903 2546 1957 τοῦ
2578 1902 2735 1972 λόγου
2761 1902 2825 1955 δι’
2852 1892 2913 1954 οὗ
2945 1899 3221 1969 ἐτεθνήκει
3266 1898 3360 1968 μὲν
3385 1898 3520 1968 αὑτῇ
3548 1897 3698 1960 ἅπας
3730 1901 3761 1950 ὀ

2188 1999 2416 2069 κόσμος,
2463 1996 2740 2067 ἐτεθνήκει
2785 1994 2842 2048 δὲ
2890 1994 2984 2047 καὶ
3035 1994 3069 2062 ή
3121 1989 3382 2062 παρθένος
3414 1990 3492 2059 τῷ
3539 1992 3761 2062 κόσμῳ.

2189 2087 2342 2142 Οὕτω
2381 2087 2510 2141 ποτὲ
2539 2086 2633 2141 καὶ
2661 2084 2811 2157 παρά
2848 2082 3132 2154 Κορνηλίῳ
3158 2083 3187 2134 ὁ
3223 2081 3392 2151 μέγας
3421 2081 3653 2151 Πέτρος,
3691 2083 3766 2136 τὰ

2189 2176 2412 2250 λαμπρά
2438 2175 2532 2230 τοῦ
2565 2177 2720 2244 λόγου
2763 2174 2925 2245 κρίνα
2972 2171 3366 2241 φθεγγόμενος,
3399 2168 3621 2240 πλήρεις
3658 2172 3765 2240 τῆς

2191 2269 2439 2343 σμύρνης
2481 2270 2578 2334 τάς
2617 2269 2726 2323 τῶν
2767 2267 3070 2321 ἀκουόντων
3101 2264 3278 2335 ψυχὰς
3321 2264 3764 2334 παρεσκεύασεν,

2189 2363 2240 2416 οἳ
2275 2362 2614 2433 παραχρῆμα
2643 2361 2734 2414 τὸν
2767 2359 2919 2428 λόγον
2955 2357 3269 2429 δεξάμενοι,
3299 2358 3376 2430 τῷ
3418 2356 3636 2425 Χριστῷ
3669 2354 3767 2408 διὰ

2191 2453 2283 2506 τοῦ
2331 2453 2702 2522 βαπτίσματος
2751 2451 3156 2520 συνετάφησαν,
3205 2451 3386 2521 νεκροὶ
3419 2447 3496 2518 τῷ
3529 2447 3629 2517 βίῳ
3662 2463 3766 2514 γε-

2192 2545 2424 2614 νόμενοι.
2468 2543 2577 2597 Καὶ
2626 2542 2793 2612 μυρία
2835 2541 2970 2611 πρὸς
3019 2540 3225 2603 τούτοις
3261 2538 3404 2592 ἐστιν
3435 2541 3612 2609 εὑρεῖν
3643 2540 3767 2591 τῶν

2193 2637 2362 2704 ἁγίων
2415 2635 2817 2704 ὑποδείγματα,
2870 2633 2986 2696 πῶς
3026 2631 3118 2686 τοῦ
3153 2631 3330 2686 κοινοῦ
3367 2631 3612 2702 σώματος
3657 2631 3765 2699 τῆς

2207 2724 2526 2795 Ἐκκλησίας
2581 2724 2753 2792 στόμα
2796 2721 3065 2792 γινόμενοι
3129 2720 3230 2790 τῆς
3274 2719 3606 2790 νεκρωτικῆς
3647 2720 3769 2772 τῶν

2196 2814 2530 2886 παθημάτων
2599 2813 2844 2884 σμύρνης
2912 2812 3139 2882 πλήρεις
3189 2810 3314 2873 τοὺς
3379 2810 3770 2880 ἀκροωμένους

2195 2905 2436 2970 ἐποίουν,
2481 2901 2897 2973 ἁνθοφοροῦντες
2941 2901 3028 2954 διὰ
3062 2901 3166 2953 τῶν
3197 2899 3393 2970 κρίνων
3440 2898 3533 2952 τοῦ
3566 2899 3768 2966 λόγου,

2195 2995 2263 3048 δι’
2290 2989 2364 3049 ὧν
2392 2997 2441 3048 oi
2476 2994 2698 3065 μεγάλοι
2742 2993 2838 3062 τῆς
2867 2992 3101 3054 πίστεως
3126 2991 3394 3061 πρόμαχοι
3426 2989 3523 3059 τῆς
3550 2987 3772 3058 ἀγαθῆς

2197 3087 2482 3157 ὁμολογίας
2514 3085 2655 3138 κατά
2695 3085 2786 3137 τὸν
2830 3085 2928 3154 τῆς
2972 3082 3273 3154 μαρτυρίας
3324 3081 3513 3152 καιρὸν
3553 3080 3609 3131 ὲν
3647 3081 3773 3141 τοῖς

538 3213 605 3267 Et
641 3209 773 3282 quid
799 3224 938 3279 opus
967 3217 1051 3262 est
1077 3205 1324 3261 oratione
1345 3203 1548 3271 prolixa
1585 3199 1650 3252 de
1676 3199 1776 3252 hoc
1798 3196 2090 3260 disserere,

2201 3180 2335 3250 ὑπὲρ
2383 3177 2659 3240 εὐσεϐείας
2711 3175 2885 3244 ἀγῶσι
2938 3172 3484 3245 κατεσμυρνώθησαν.
3541 3173 3651 3224 Καὶ
3712 3172 3772 3224 τί

535 3321 660 3364 cum
703 3319 795 3373 per
819 3317 882 3357 ea
915 3315 1036 3370 qua:
1071 3297 1331 3362 diximus,
1359 3294 1689 3348 declaratum
1722 3288 1813 3352 sit,
1859 3301 1967 3357 quo
2000 3300 2098 3354 pa-

536 3406 627 3451 cto
658 3391 916 3448 Ecclesiae
960 3404 1024 3444 os
1071 3388 1244 3441 lilium
1304 3384 1442 3438 ﬁat:
1485 3381 1576 3450 qui
1611 3378 1829 3450 myrrha
1863 3375 1932 3431 de
1985 3375 2098 3429 lilio

537 3485 762 3541 distillet
795 3480 945 3550 :qui
984 3476 1293 3546 hujusmodi
1363 3470 1639 3528 stillicidio
1691 3468 1905 3523 animus
1957 3467 2100 3521 reci-

539 3578 778 3647 pientum
811 3571 1118 3641 impleatur.

615 3836 694 3891 Ad
733 3833 1014 3904 sequentia
1038 3845 1200 3902 porro
1233 3830 1394 3885 verba
1430 3828 1876 3899 progrediamur:
1909 3827 2104 3881 Manus

545 3928 694 3984 illius
727 3924 926 3979 tortiles
955 3963 970 3986 ,
1011 3938 1220 3985 aurew,
1270 3921 1436 3990 plena:
1483 3920 1698 3974 τίων-δίε.
1739 3917 1869 3974 Esse
1923 3928 2104 3972 autem

543 4022 686 4076 oculi
715 4016 1034 4075 beneﬁcium
1071 4013 1450 4085 imperfectum
1484 4013 1541 4067 in
1573 4012 1828 4067 Ecclesize
1854 4027 2104 4082 corpore,

545 4110 591 4164 si
623 4122 880 4162 uiantium
931 4105 998 4158 ab
1045 4120 1110 4158 eo
1144 4103 1506 4156 ministerium
1555 4101 1626 4157 sit
1677 4101 2006 4170 disiunctum
2036 4141 2050 4163 ,
2079 4115 2108 4154 a

545 4189 743 4269 magno
790 4199 882 4252 illo
919 4195 1092 4250 Paulo
1145 4194 1290 4248 clare
1321 4194 1621 4248 didicimus
1649 4233 1664 4258 ,
1701 4195 1792 4261 qui
1837 4194 1942 4258 ait,
1990 4191 2110 4246 Non

545 4300 714 4357 potest
749 4289 932 4345 oculus
973 4288 1154 4341 manui
1177 4287 1367 4350 dicere,
1393 4285 1517 4340 Non
1553 4287 1682 4339 mihi
1716 4297 1763 4341 te
1792 4303 1919 4353 opus
1943 4297 2019 4342 est
2043 4287 2107 4342 “.

544 4375 680 4430 Nam
713 4382 826 4429 tum
859 4373 1090 4427 maxime
1131 4373 1212 4426 vis
1246 4375 1530 4427 oculorum
1574 4375 1913 4442 conspicitur
1936 4413 1951 4436 ,
1985 4391 2109 4430 cum

546 4467 667 4536 ipsa
695 4464 1270 4534 opera'testimonium
1308 4465 1591 4517 oculorum
1643 4466 1878 4520 acumini
1925 4467 2112 4536 perhi-

2201 3269 2305 3342 χρὴ
2349 3270 2437 3323 διά
2469 3268 2727 3322 πλειόνων
2777 3267 3032 3338 μηκύνειν
3068 3265 3158 3318 τὸν
3203 3263 3556 3335 περὶτούτων
3582 3262 3772 3328 λόγον,

2202 3365 2438 3433 φανερᾶς
2459 3361 2544 3414 διὰ
2574 3361 2680 3413 τῶν
2725 3359 3024 3432 εἰρημένων
3051 3359 3342 3428 γενομένης
3373 3357 3502 3427 ήμίν
3529 3354 3626 3424 τῆς
3653 3353 3778 3404 δια-

2201 3458 2368 3520 νοίας,
2401 3455 2516 3518 πῶς
2543 3455 2605 3507 τὸ
2634 3454 2805 3524 στόμα
2828 3453 2925 3523 τῆς
2963 3451 3283 3520 Ἑκκλησίας
3318 3449 3500 3521 κρίνον
3525 3447 3774 3515 γίνεται·

2217 3549 2310 3601 καὶ
2338 3547 2454 3611 πῶς
2489 3547 2782 3610 ἀποστάζει
2825 3545 2919 3597 τοῦ
2953 3545 3136 3614 κρίνου
3161 3545 3194 3612 ὴ
3240 3543 3481 3612 σμύρνα·
3528 3541 3623 3594 καὶ
3649 3538 3782 3601 πῶς

2204 3639 2504 3710 πληροῦται
2529 3638 2629 3707 τῆς
2675 3638 2927 3706 τοιαύτης
2977 3635 3233 3702 σταγόνος
3267 3635 3300 3703 ή
3329 3633 3435 3685 τῶν
3465 3631 3782 3702 δεχομένων

2205 3733 2370 3802 ψυχή·

2289 3824 2446 3877 Ἀλλὰ
2495 3824 2629 3894 πρὸς
2667 3823 2758 3875 τὸν
2794 3820 2990 3891 ἐφεξῆς
3023 3820 3178 3888 λόγον
3216 3819 3314 3890 ήδη
3354 3818 3449 3889 μὲν
3499 3817 3780 3884 ἔλθωμεν.

2208 3917 2346 3986 Φησὶ
2381 3913 2505 3985 γάρ·
2547 3915 2614 3967 ΑΙ
2641 3913 2832 3983 χεῖρες
2866 3912 3049 3966 αὐτοῦ
3080 3912 3366 3979 τορευταὶ,
3401 3910 3636 3978 χρυσαῖ,
3671 3924 3784 3962 πε-

2208 4005 2583 4074 πληρωμέναι
2618 4003 2878 4072 θαρσεῖς.
2907 4003 3028 4057 Ὀτι
3060 4003 3156 4072 μὲν
3173 3997 3266 4055 οὖν
3293 3999 3485 4070 ἀτελής
3508 4001 3656 4052 ἐστιν
3681 4000 3784 4050 ἐπὶ

2208 4098 2300 4151 τοῦ
2349 4097 2598 4168 σώματος
2631 4095 2732 4166 τῆς
2772 4091 3094 4164 Ἐκκλησίας
3121 4094 3153 4162 ή
3187 4092 3280 4143 τοῦ
3313 4088 3587 4158 ὀφθαλμοῦ
3615 4089 3785 4159 χάρις

2209 4190 2310 4259 τῆς
2339 4189 2445 4242 τῶν
2477 4186 2672 4258 χειρῶν
2694 4184 2995 4256 ὑπουργίας
3015 4181 3390 4251 διεζευγμένη,
3416 4179 3598 4247 σαφῶς
3622 4178 3785 4248 παρὰ

2211 4281 2302 4334 τοῦ
2355 4279 2585 4351 μεγάλου
2638 4276 3032 4348 μεμαθήκαμεν
3084 4273 3296 4326 Παύλου
3325 4311 3339 4332 ,
3370 4272 3426 4334 ὃς
3459 4287 3640 4339 φησιν,
3689 4271 3781 4322 ὅτι

2217 4375 2298 4427 Οὐ
2331 4371 2578 4425 δύναται
2613 4371 2645 4423 ό
2694 4367 2997 4437 ὀφθαλμὸς
3029 4365 3215 4418 εἰπεῖν
3251 4363 3325 4430 τῇ
3355 4363 3782 4430 χειρὶ,Χρείαν

2215 4480 2329 4520 σου
2363 4466 2474 4519 οὐκ
2513 4465 2650 4532 ἔχω.
2691 4462 2823 4514 Τότε
2862 4459 2969 4531 γὰρ
3019 4458 3248 4528 μάλιστα
3285 4459 3317 4526 ή
3348 4455 3453 4508 τῶν
3483 4454 3783 4523 ὀφθαλμῶν

547 4558 717 4624 bent;
745 4571 842 4627 per
886 4556 1126 4610 studium
1172 4556 1554 4625 praeclararum
1602 4572 1780 4611 rerum
1809 4561 2022 4631 egregie
2052 4577 2097 4616 ε(

2216 4556 2460 4628 ἐνέργεια
2489 4554 2780 4613 δείκνυται,
2807 4552 2933 4604 ὅταν
2956 4549 3023 4602 τά
3049 4549 3180 4619 ἔργα
3207 4549 3468 4619 μαρτυρεῖ
3484 4547 3578 4615 τὴν
3610 4543 3785 4609 ὀξυω-

548 4649 677 4704 duci
700 4647 1054 4703 declarautia.
1075 4647 1210 4713 Quia
1241 4663 1368 4701 vero
1395 4647 1546 4717 prius
1577 4648 1818 4704 indicato
1850 4667 2108 4704 manuum

549 4739 719 4794 divini
751 4737 1000 4808 corporis
1025 4739 1296 4802 encomio,
1326 4756 1420 4810 per
1445 4756 1507 4796 ea
1547 4757 1665 4810 quae
1700 4743 1956 4804 diximus,
1988 4759 2113 4813 per-

550 4829 786 4902 gendum
809 4829 968 4884 nobis
1001 4836 1085 4884 est
1110 4830 1176 4885 ad
1205 4832 1597 4900 expositionem
1630 4833 1792 4898 hanc,
1824 4851 1932 4905 quo
1963 4835 2111 4890 vide-

549 4923 679 4992 licet
715 4920 878 4975 modo
912 4922 1210 4991 comparati
1245 4937 1366 4978 esse
1403 4923 1638 4979 debeant
1667 4926 1765 4990 illi,
1803 4927 1895 4995 qni
1927 4927 1980 4979 in
2011 4926 2113 4979 Ec-

549 5013 717 5070 clesia
752 5026 1013 5068 manuum
1045 5014 1222 5068 locum
1257 5015 1503 5070 obtinent
1527 5058 1541 5079 ,
1577 5019 1712 5086 ipsis
1741 5019 1907 5072 divini
1947 5017 2113 5085 hujus

551 5104 762 5161 oraculi
793 5105 974 5160 verbis
996 5107 1326 5175 prmmissis,
1361 5125 1457 5179 pro
1479 5111 1620 5163 virili
1659 5119 1842 5164 nostra
1877 5109 2114 5163 abditam

553 5196 609 5250 in
641 5209 706 5251 eo
737 5197 1064 5252 sententiam
1117 5199 1466 5256 considerare
1499 5199 1606 5255 Deo
1640 5200 1971 5256 concedente
2023 5215 2120 5255 co-

554 5287 828 5342 nabimur.
848 5287 1064 5356 Manus,
1095 5291 1288 5361 inquit,
1312 5293 1459 5346 illius
1484 5293 1706 5354 tortiles,
1733 5309 1926 5359 aureae,
1950 5293 2116 5360 plena:

559 5376 776 5434 tharsis.
822 5381 998 5450 Atque
1059 5382 1320 5439 hactenus
1355 5384 1572 5453 quidem
1622 5385 1678 5438 in
1732 5384 1881 5440 hisce
1938 5386 2119 5442 verbis

557 5483 755 5526 sensus
787 5470 1113 5528 manifestus
1141 5482 1248 5540 est,
1288 5475 1432 5544 quod
1473 5475 1546 5530 ob
1583 5491 1704 5545 quae
1732 5483 1893 5546 caput
1931 5477 2122 5532 lauda-

560 5569 672 5626 tur,
713 5562 902 5618 eadem
931 5579 1190 5618 manuum
1223 5581 1441 5636 quoque
1466 5569 1774 5622 encomium
1814 5569 2115 5623 absolvant.

560 5651 628 5709 Et
652 5664 816 5724 caput
843 5655 1154 5724 accepimus
1180 5673 1276 5726 pro
1298 5657 1516 5715 Christo
1543 5659 1841 5716 secundum
1876 5674 2120 5729 carnem,

626 5845 675 5880 ⁸⁸
710 5847 732 5904 1
763 5847 886 5905 Cor.
926 5866 1021 5914 xu,
1050 5851 1142 5908 2|.
1211 5898 1216 5904 .

2219 4648 2348 4702 πίαν
2377 4646 2456 4716 τῷ
2482 4646 2688 4714 δμματι
2711 4682 2726 4703 ,
2755 4642 2840 4695 διά
2876 4641 2974 4710 τῆς
3002 4641 3128 4710 περ).
3160 4640 3226 4692 τά
3259 4638 3394 4692 καλὰ
3422 4637 3651 4706 σπουδῆς
3679 4635 3787 4708 τὴν

2219 4740 2427 4810 ἀγαθὴν
2447 4737 2667 4806 ὁδηγίαν
2688 4733 3080 4803 ἐπισημαίνων.
3120 4729 3331 4801 Ἐπειδὴ
3353 4730 3454 4801 χρὴ
3485 4729 3788 4799 προθέντας

2219 4834 2309 4886 τὸν
2361 4829 2490 4899 περὶ
2531 4828 2638 4881 τῶν
2675 4825 2874 4897 χειρῶν
2926 4823 3020 4878 τοῦ
3061 4823 3202 4876 θείου
3248 4822 3494 4892 σώματος
3543 4822 3787 4886 ἔπαινον,

2219 4921 2544 4994 ὁδηγηθῆναι
2564 4921 2650 4976 διὰ
2678 4919 2786 4972 τῶν
2808 4917 3108 4990 εἰρημένων
3129 4917 3273 4978 ὅπως
3298 4917 3556 4984 προσήκει
3581 4931 3791 4981 κατηρ-

2222 5015 2401 5070 τίσθαι
2457 5013 2581 5075 τοὺς
2616 5012 2737 5065 ἀντὶ
2762 5009 2957 5080 χειρῶν
2986 5010 3144 5071 ὄντας
3177 5009 3267 5060 ἐπὶ
3287 5007 3386 5075 τῆς
3421 5007 3750 5076 Ἐκκλησίας
3771 5023 3786 5036 ’

2224 5106 2354 5161 αὑτὸ
2381 5103 2672 5177 προθέντες
2703 5102 2764 5154 τὸ
2781 5101 2921 5153 θεῖον
2943 5100 3140 5167 λόγιον,
3159 5098 3304 5160 ὅπως
3334 5097 3397 5149 ἂν
3414 5091 3524 5149 οἷόν
3550 5113 3610 5147 τε
3686 5095 3790 5166 τὴν

2226 5198 2548 5271 ἐγκειμένην
2579 5195 2726 5249 αὑτῶ
2763 5193 3031 5264 θεωρῆσαι
3072 5191 3324 5253 διάνοιαν,
3352 5189 3583 5250 διδόντος
3628 5188 3787 5250 Θεοῦ,

2226 5288 2614 5362 πειρασόμεθα.
2671 5286 2871 5355 Χεῖρες
2929 5283 3112 5337 αὐτοῦ
3162 5280 3465 5348 τορευταὶ,
3530 5279 3786 5348 χρυσαῖ,

2228 5385 2378 5454 φησὶ,
2406 5377 2862 5448 πεπληρωμέναι
2887 5376 3146 5442 θαρσεῖς.
3175 5373 3323 5435 Τέως
3350 5372 3448 5441 μὲν
3475 5367 3568 5424 οὖν
3605 5369 3790 5422 τοτοῦ-

2225 5492 2316 5528 τον
2344 5470 2611 5543 πρόδηλόν
2639 5471 2787 5522 ἐστιν
2814 5467 2879 5519 ἐκ
2902 5465 3010 5520 τῶν
3048 5465 3354 5535 εἰρημένων
3394 5462 3454 5514 τὸ
3482 5461 3679 5531 νόημα,
3712 5464 3790 5512 ὅτι

2227 5564 2308 5628 οἷς
2332 5564 2394 5618 τὸ
2420 5562 2521 5632 τῆς
2550 5558 2797 5628 κεφαλῆς
2829 5552 2968 5617 εἶδος
2995 5553 3394 5624 ἐγκωμιάζεται
3415 5592 3429 5614 ,
3461 5551 3548 5603 διὰ
3568 5552 3675 5602 τῶν
3699 5551 3789 5602 αύ-

2228 5657 2337 5712 τῶν
2367 5655 2462 5710 καὶ
2500 5655 2622 5716 ταῖς
2651 5650 2808 5722 χερσὶ
2854 5645 3152 5718 πληροῦται
3189 5647 3217 5698 ὁ
3253 5644 3489 5704 ἔπαινος.
3538 5639 3785 5709 Κειεαλὴι
