4028 6492
257 463 395 519 1069
1269 448 1335 502 lN
1376 442 1669 502 CANTICA
1703 436 1971 496 CANTIC.
2008 439 2289 497 HOMILIA
2331 438 2471 495 XIV.
3087 450 3097 460 ·
3347 424 3481 483 1070

253 588 312 641 δὲ
340 580 573 653 Χριστὸν
604 580 935 649 ὲνοήσαμεν,
968 574 1024 627 ἐν
1062 567 1107 642 ᾧ
1141 574 1169 625 ό
1198 572 1329 635 Θεδς
1364 567 1454 641 ῆν.
1494 568 1585 621 τὸν
1613 568 1816 634 κόσμον
1846 586 1858 619 Α

1959 575 1974 612 ι
2029 576 2139 629 quo
2173 560 2315 616 Deus
2357 568 2476 615 erat
2522 555 2784 612 mundum
2832 552 2934 611 sibi
2975 548 3365 612 reconcilians,
3400 550 3481 603 uti

256 644 435 745 ἑαυτῷ
464 644 870 728 καταλλάσσων.
911 667 1049 722 κατὰ
1088 665 1183 736 τὴν
1213 662 1424 717 Παύλου
1455 662 1668 729 φωνήν·
1708 659 1737 710 ό
1763 658 1819 707 ὲν

1959 655 2124 708 'aulus
2153 654 2393 723 loquitur
2411 653 2488 706 ἐξ
2528 652 2619 720 qui
2650 666 2710 703 se
2738 652 2794 703 in
2827 662 2993 702 carne
3023 660 3121 715 per
3148 644 3380 698 virtutes
3414 657 3478 695 ac

255 772 322 839 τῇ
356 767 520 838 σαρκὶ
569 764 655 817 διὰ
688 762 795 815 τῶν
822 758 1103 830 δυνάμεών
1147 774 1206 809 τε
1251 756 1345 808 καὶ
1389 753 1498 806 τῶν
1530 750 1823 839 θαυμάτων

258 837 449 911 ἑαυτὸν
497 850 834 923 φανερώσας.
884 850 944 902 Εἰ
988 844 1081 901 οὖν
1118 849 1151 918 ἡ
1205 844 1456 913 νοηθεῖσα
1511 842 1639 911 ἡμῖν
1684 837 1822 908 αὕτη

260 944 471 1015 κεφαλὴ
502 942 721 1013 χρυσίον
758 940 1031 1010 ἀκήρατον
1065 936 1213 1006 παρὰ
1260 932 1351 988 τοῦ
1391 932 1548 1000 λόγου
1591 946 1826 983 κατωνο-

263 1037 476 1108 μάσθη,
537 1034 623 1087 διά
678 1032 739 1085 τὸ
789 1032 967 1101 πάσης
1016 1027 1287 1099 ἁμαρτίας
1334 1025 1491 1087 ὲκτὸς
1548 1018 1721 1075 εἶναι’
1769 1020 1827 1083 ὂς

272 1128 583 1197 Ἀμαρτίαν
619 1126 728 1179 οὐκ
766 1124 1050 1188 ἐποίησε,
1086 1120 1267 1190 φησὶν,
1319 1116 1459 1172 οὐδὲ
1509 1115 1717 1184 εὑρέθη
1760 1113 1829 1166 ἐν

259 1222 342 1287 τῷ
385 1222 636 1287 στόματι
676 1215 861 1270 αὐτοῦ
898 1214 1108 1279 δόλος·
1158 1212 1364 1282 χρυσᾶς
1403 1208 1460 1262 δέ
1491 1225 1652 1278 φησιν
1692 1201 1829 1258 εἶναι

262 1314 363 1373 τάς
409 1311 595 1380 χεῖρας
637 1308 665 1359 ό
705 1305 861 1372 λόγος
886 1319 900 1332 °
940 1301 1204 1373 πρόδηλόν
1243 1302 1357 1353 ἐστι
1399 1300 1461 1353 τὸ
1496 1298 1583 1352 διά
1626 1296 1830 1349 τούτων

263 1400 572 1469 νοούμενον,
598 1398 677 1449 ὅτι
700 1396 760 1448 τὸ
790 1394 911 1447 καθ’
935 1394 1055 1447 ὅλου
1079 1392 1363 1461 νοούμενον
1391 1388 1626 1459 καθαρόν
1650 1405 1709 1440 τε
1742 1387 1833 1440 καὶ

264 1491 667 1560 ἀναμάρτητον,
703 1487 797 1539 καὶ⁸
820 1486 999 1553 πάσης
1028 1482 1225 1546 κακίας
1264 1480 1460 1551 ἀμιγές
1487 1496 1545 1531 τε
1574 1478 1668 1530 καὶ
1694 1478 1833 1529 άπα-

268 1582 526 1653 ράδεκτον
558 1576 835 1647 νομοθετεῖ
862 1578 927 1645 τῇ
957 1574 1099 1645 χειρὶ
1133 1576 1162 1626 ό
1189 1572 1361 1640 λόγος.
1397 1573 1565 1639 Χεῖρα
1594 1568 1649 1621 δὲ
1684 1565 1833 1619 νοοῦ-

272 1691 373 1746 μεν
392 1673 610 1733 πάντως
634 1671 731 1739 τὴν
749 1668 817 1721 τά
848 1666 1000 1721 κοινά
1018 1664 1117 1734 τῆς
1158 1660 1477 1731 Ἐκκλησίας
1504 1660 1583 1721 εἰς
1611 1658 1708 1719 τὰς
1728 1655 1836 1708 τῶν

268 1765 499 1820 ἐντολῶν
543 1762 730 1834 χρείας
768 1756 1216 1828 διαχειρίζουσαν,
1253 1748 1321 1824 ἦς
1374 1751 1591 1813 ἔπαινός
1630 1750 1744 1801 ἐστι
1775 1746 1836 1799 τὸ

268 1855 598 1929 ὁμοιωθῆναι
622 1854 687 1922 τῇ
719 1851 815 1921 τῆς
846 1847 1087 1917 κεφαλῆς
1122 1844 1298 1913 φύσει,
1330 1841 1468 1895 κατά
1500 1841 1559 1893 τὸ
1598 1838 1834 1909 καθαρόν

269 1914 330 2002 τὲ
360 1947 456 2000 καὶ
484 1914 883 2013 άναμάρτητον.
921 1914 1152 2006 Καθαρὰ
1173 1934 1230 1986 δὲ
1248 1932 1456 1999 γίνεται
1486 1930 1658 1999 τότεὴ
1694 1928 1835 1998 χεὶρ,
1866 1914 1910 1971 Β

272 2042 403 2094 ὅταν
429 2036 515 2090 διὰ
541 2036 641 2105 τῆς
671 2030 886 2102 τορείας
917 2027 1062 2082 ἆπαν
1100 2023 1437 2093 άποξύσηται
1470 2021 1531 2075 τὸ
1555 2018 1841 2091 ἐμποδίζον

272 2130 353 2201 τῷ
392 2127 598 2183 κάλλει.
654 2121 919 2191 Καθάπερ
966 2118 1074 2189 γάρ
1110 2115 1247 2188 πρός
1274 2132 1396 2167 τινα
1442 2112 1581 2178 ζὼου
1632 2113 1844 2184 μορφὴν

276 2217 684 2279 ἀποτυποῦντες
721 2214 781 2268 τὸ
823 2212 1112 2284 μάρμαρον
1132 2250 1147 2273 ,
1177 2209 1359 2261 ὲκεῖνα
1395 2206 1483 2260 διὰ
1508 2207 1607 2276 τῆς
1634 2206 1846 2278 τορείας

277 2312 607 2382 ὲτγλύφουσι
634 2308 713 2378 τῷ
738 2305 891 2376 λίθῳ,
926 2303 1018 2356 καὶ
1049 2300 1491 2370 ἑγκολάπτουσιν,
1522 2291 1596 2352 ὧν
1630 2315 1846 2370 περιαι-

285 2407 547 2476 ρεθέντων
580 2402 715 2472 πρὸς
754 2400 814 2452 τὸ
858 2396 1164 2469 ἀρχέτυπον
1212 2390 1349 2456 εἴδος
1381 2390 1751 2446 ἀποτυποῦται
1788 2390 1848 2442 τὸ

286 2496 509 2566 μίμημα
536 2506 548 2518 ’
582 2490 722 2543 οὓτω
750 2490 844 2542 καὶ
867 2488 961 2541 ἐπὶ
983 2486 1075 2539 τοῦ
1100 2483 1327 2546 κάλλους
1348 2481 1457 2534 τῶν
1480 2480 1574 2533 τοῦ
1602 2478 1849 2549 σώματος

283 2589 385 2655 τῆς
423 2582 749 2651 Ἐκκλησίας
776 2578 972 2650 χειρῶν
1004 2575 1173 2630 πολλὰ
1203 2575 1309 2646 χρὴ
1334 2573 1422 2628 διὰ
1447 2574 1546 2644 τῆς
1573 2572 1682 2624 τῶν
1706 2572 1851 2639 λογι-

282 2676 439 2747 σμῶν
464 2675 677 2745 τορείας
695 2669 1076 2739 ἁποξεσθῆναι,
1103 2667 1191 2721 ἴνα
1216 2667 1440 2736 γένηται
1476 2666 1509 2735 ἡ
1533 2664 1653 2735 χεὶρ
1679 2663 1851 2733 χρυσῆ

283 2770 359 2831 ὡς
385 2766 599 2838 άληθῶς
629 2765 723 2817 καὶ
755 2764 1047 2833 ἀκήρατος.
1080 2759 1305 2822 Πάντως
1338 2758 1393 2811 δὲ
1424 2754 1663 2827 πρόδηλα
1689 2753 1853 2805 πᾶσίν

284 2862 455 2922 ἔστιν,
483 2859 580 2910 ὅσα
630 2856 705 2926 μὴ
741 2853 1154 2924 περιαιρεθέντα
1194 2850 1293 2921 τῆς
1336 2849 1515 2919 χειρὸς
1558 2846 1643 2917 τῷ
1670 2845 1854 2900 κάλλει

289 2948 625 3020 λυμαίνεται,
649 2944 758 2999 οἷον
794 2945 855 2998 τὸ
874 2942 1352 3015 άνθρωπαρέσκον,
1381 2940 1443 2992 τὸ
1476 2936 1765 3007 φιλόδοξον,
1793 2935 1857 2989 τὸ

286 3040 598 3110 φιλοκερδὲς
617 3083 630 3103 ,
661 3038 722 3090 τὸ
757 3038 914 3108 μόνον
942 3036 1076 3106 πρὸς
1099 3035 1159 3087 τὸ
1179 3034 1494 3104 φαινόμενον
1523 3031 1763 3102 βλέπειν,
1795 3029 1857 3083 τὸ

289 3133 642 3204 περιφάνειάν
683 3148 805 3183 τινα
844 3128 1021 3198 ἑαυτῴ
1046 3128 1133 3181 διὰ
1170 3127 1278 3180 τῶν
1321 3128 1377 3178 ὲν
1410 3126 1565 3197 χερσί
1600 3140 1853 3196 πραγμαο

1924 745 2186 799 miracula
2204 742 2489 814 patefecit.
2512 740 2666 806 Quod
2697 740 2742 796 si
2769 754 2901 809 ergo
2920 743 3083 807 caput
3103 736 3209 791 hoc
3231 743 3485 789 nostrum

1924 836 2255 905 appellatum
2314 834 2415 888 fuit
2466 847 2659 887 aurum
2714 830 3156 896 immaculatum,
3200 832 3487 898 prdpterea

1926 926 2073 997 quod
2102 935 2255 981 extra
2298 940 2459 980 omne
2515 930 2795 994 peccatum
2836 921 2908 975 sit
2981 918 3485 991 (quemadmodum

1927 1018 2129 1073 dicitur
2153 1035 2167 1071 :
2203 1016 2484 1070 Peccatum
2508 1015 2709 1067 nullum
2732 1011 3065 1083 perpetravit,
3092 1026 3254 1080 neque
3282 1010 3488 1063 inventa
3558 1041 3565 1048 -

1929 1111 2081 1177 fraus
2104 1109 2257 1163 estin
2282 1125 2368 1163 ore
2396 1109 2560 1176 ipsius
2583 1094 2972 1175 "),itidemque
2999 1103 3088 1157 hic
3112 1117 3308 1158 manus
3327 1103 3491 1155 etiam

1934 1210 2198 1257 vocantur
2232 1218 2449 1257 aureae:
2498 1202 2755 1256 nimirum
2794 1209 2939 1270 patet
2987 1198 3093 1252 hoc
3129 1198 3249 1268 ipso
3288 1194 3493 1266 signifi-

1932 1297 2085 1361 cari,
2142 1310 2337 1349 manus
2395 1294 2495 1349 has
2544 1280 2772 1363 prorsus
2820 1303 2944 1345 esse
3001 1303 3204 1359 puras,
3243 1295 3495 1357 expertes

1933 1388 2163 1461 peccati,
2200 1388 2407 1443 alienas
2435 1388 2502 1440 ab
2532 1384 2679 1439 omni
2714 1382 3025 1437 vitiositate.
3064 1379 3280 1435 Manum
3312 1388 3493 1434 autem

1935 1480 2273 1551 appellamus
2308 1493 2450 1540 eam,
2484 1491 2604 1546 quae
2658 1475 2724 1529 ad
2764 1489 2898 1529 usus
2928 1472 3192 1528 divinitus
3243 1471 3496 1541 praescri—

1934 1581 2057 1643 ptos
2112 1570 2331 1639 publica
2394 1568 2536 1623 bona
2594 1566 2852 1621 Ecclesiae
2905 1563 3291 1619 administrat:
3340 1562 3499 1630 cujus

1938 1662 2054 1718 haec
2103 1660 2322 1732 propria
2377 1661 2497 1715 laus
2531 1666 2657 1721 est,
2698 1666 2758 1711 ut
2793 1656 2990 1728 capitis
3045 1663 3253 1711 natura:
3306 1655 3501 1710 similis

1942 1754 2065 1818 fiat,
2100 1754 2314 1808 ratione
2364 1750 2621 1823 puritatis
2655 1757 3001 1822 peccatorum
3049 1748 3309 1818 expertis.
3346 1745 3502 1801 Tunc

1942 1857 2124 1904 autem
2156 1860 2351 1902 manus
2381 1844 2438 1899 fit
2472 1857 2607 1914 pura
2635 1883 2651 1907 ,
2702 1857 2827 1898 cum
2860 1840 3129 1896 tornando
3167 1846 3338 1894 totum
3370 1838 3505 1893 illud

1942 1942 2230 2003 abraserit,
2264 1937 2409 2009 quod
2435 1935 2715 2007 elegantia:
2749 1933 3134 2005 impedimento
3163 1941 3266 1987 est.
3302 1930 3505 1998 Quem-

1943 2032 2234 2089 admodum
2271 2031 2415 2085 enim
2444 2028 2521 2082 illi
2548 2066 2564 2092 ,
2615 2027 2709 2098 qui
2759 2041 2997 2081 marmor
3029 2024 3098 2080 ad
3136 2024 3360 2095 ﬁguram
3388 2024 3507 2078 ani-

1942 2124 2103 2180 malis
2142 2122 2376 2190 alicuius
2410 2118 2796 2182 conformant,
2845 2131 2909 2171 ea
2943 2116 3213 2170 tornando
3250 2114 3509 2185 sculpunt

1944 2224 2000 2271 et
2030 2214 2278 2269 incidunt
2300 2210 2466 2282 lapidi
2490 2249 2507 2275 ,
2536 2210 2737 2281 quibus
2769 2206 3058 2278 amputatis
3089 2207 3157 2262 ad
3203 2207 3506 2278 exemplum

1947 2308 2202 2379 princeps
2259 2303 2616 2360 simulacrum
2671 2298 2986 2371 efﬁngitur:
3067 2299 3149 2356 sic
3225 2300 3388 2355 etiam
3452 2301 3510 2355 in

1948 2397 2360 2471 pulchritudine
2410 2409 2671 2450 manuum
2722 2393 2971 2465 corporis
3028 2390 3291 2449 Ecclesia:
3342 2394 3511 2448 multa

1951 2508 2050 2564 per
2078 2490 2554 2547 ratiocinationum
2604 2486 2911 2543 deradenda
2960 2497 3087 2543 sunt
3127 2488 3511 2549 tornationem.

1952 2597 2013 2641 ut
2040 2599 2236 2639 manus
2265 2598 2393 2638 vere
2420 2596 2588 2637 aurea
2618 2580 2709 2635 ﬁat
2743 2587 2799 2635 et
2828 2594 2983 2651 pura.
3016 2578 3202 2650 Neque
3233 2594 3362 2635 vero
3393 2580 3514 2635 cui-

1953 2693 2115 2749 quam
2153 2677 2389 2731 obscura
2435 2690 2559 2730 esse
2611 2680 2880 2745 possunt,
2916 2687 3039 2743 qum
3085 2687 3195 2727 non
3233 2679 3517 2744 amputata

1954 2782 2149 2821 manus
2193 2763 2585 2836 pulchritudini
2638 2762 2906 2827 officiant,
2942 2762 3092 2819 verbi
3142 2763 3353 2834 gratia.
3398 2772 3517 2819 stuc

1955 2858 2103 2913 dium
2140 2857 2385 2927 placendi
2409 2854 2744 2919 hominibus,
2772 2854 3023 2919 avaritia,
3052 2853 3299 2919 ambitio,
3338 2855 3515 2910 solum

1956 2950 2024 3004 ad
2058 2964 2122 3005 ea
2154 2949 2429 3019 respicere
2456 2961 2577 3017 quae
2609 2945 2713 3001 sub
2745 2946 2937 3001 oculos
2986 2945 3223 3010 cadunt,
3264 2944 3521 3015 splendo-

1958 3056 2072 3097 rem
2102 3041 2205 3096 sibi
2241 3056 2306 3095 ex
2344 3041 2507 3095 rebus
2537 3039 2897 3110 prazsentibus
2921 3051 3261 3107 comparare,
3292 3035 3359 3090 ad
3382 3036 3519 3091 deli-

1959 3133 2074 3188 cias
2107 3141 2161 3188 et
2190 3133 2520 3203 voluptatem
2546 3132 2821 3203 propriam
2875 3130 3026 3184 abuti
3058 3128 3290 3184 collecto
3326 3144 3391 3183 ex
3426 3126 3519 3183 Dei

287 3224 557 3287 τεύεοθαι,
588 3223 647 3276 τὸ
677 3224 755 3285 εἰς
792 3220 1001 3291 τρυφὴν
1025 3221 1120 3272 καὶ
1146 3218 1444 3271 ἀπόλαυσιν
1480 3216 1617 3269 ἰδίαν
1644 3218 1711 3287 τῇ
1749 3214 1857 3267 τῶν

1963 3226 2217 3279 mandato
2248 3241 2426 3295 penu:
2467 3224 2665 3294 quibus
2713 3222 2934 3294 quidem
2973 3220 3245 3277 universis
3296 3229 3352 3276 et
3404 3221 3524 3290 ejus

289 3314 519 3369 ἐντολῶν
539 3312 943 3382 άποκεχρῆσθαι
966 3328 1041 3363 πα
1050 3312 1305 3382 ρασκευῇ’
1322 3304 1471 3382 ᾗχρὴ
1494 3308 1668 3361 πάντα
1687 3305 1858 3360 ταῦτα

291 3409 389 3461 καὶ
417 3407 481 3460 τά
521 3404 743 3459 τοιαῦτα
774 3406 886 3466 τοῖς
924 3403 1031 3457 τῶν
1064 3401 1339 3472 λογισμῶν
1381 3401 1630 3471 ὀργάνοις
1658 3398 1861 3465 ἀποξυ-

293 3499 549 3565 σάμενον,
585 3495 758 3546 ἐκεῖνο
785 3491 1101 3544 καταλιπεῖν
1132 3490 1289 3561 μόνον
1329 3489 1390 3542 τὸ
1417 3488 1652 3559 καθαρόν
1680 3505 1738 3540 τε
1768 3486 1861 3539 καὶ

290 3584 675 3655 άκιόδήλευτον
722 3583 941 3653 χρυσίον
970 3581 1069 3650 τῆς
1098 3580 1466 3652 προαιρέσεως
1486 3619 1501 3644 ,
1531 3579 1590 3632 τὸ
1615 3582 1680 3651 τῇ
1724 3580 1861 3648 άκη-

295 3678 446 3749 ράτῳ
465 3676 673 3744 κεφαλῇ
704 3673 1076 3744 ὁμοιούμενον.
1111 3672 1448 3742 Σαφέστερον
1481 3670 1527 3723 δ’
1558 3671 1625 3724 ἂν
1658 3672 1864 3740 γένοιτο

292 3771 427 3840 ἡμῖν
453 3768 513 3820 τὸ
544 3767 829 3837 λεγόμενον
847 3766 935 3818 διὰ
960 3767 1058 3835 τῆς
1079 3763 1171 3817 τοῦ
1204 3763 1525 3816 Ἀποστόλου
1556 3765 1737 3834 φωνῆς
1761 3780 1774 3794 ·
1805 3764 1864 3826 ὃς

296 3861 489 3914 πιστὸν
509 3860 597 3912 τὸν
619 3858 749 3912 Θεὸν
776 3858 1064 3928 ὀνομάσας,
1099 3855 1251 3909 οὐδὲν
1290 3855 1416 3909 ἄλλο
1443 3858 1535 3909 καί
1563 3858 1621 3908 ὲν
1648 3858 1761 3919 τοῖς
1784 3856 1865 3908 οἰ.Δ

297 3952 550 4021 κονόμοις
595 3949 777 4019 ζητεῖν
804 3948 980 4014 άξιοί,
1024 3949 1058 4019 ἢ
1095 3948 1157 4001 τὸ
1191 3948 1382 4002 πιστὸν
1407 3946 1689 4018 εὑρεθῆναι
1717 3964 1731 3977 ο
1771 3948 1865 4000 ού-

295 4043 435 4096 τωσὶ
475 4042 687 4112 γράψας
718 4039 797 4112 τῷ
830 4040 1051 4111 ῥήματι.
1106 4040 1172 4090 Ὃ
1210 4038 1269 4091 δὲ
1315 4038 1522 4101 λοιπὸν,
1541 4039 1779 4109 ζητεῖται
1810 4041 1867 4092 ἐν

294 4138 416 4198 τοῖς
474 4134 798 4203 οἰκονόμοις,
838 4133 939 4186 ινα
962 4132 1178 4197 πιστός
1215 4148 1303 4197 τις
1332 4129 1565 4199 εἰψεθῇ.
1607 4130 1814 4184 Ούκοῦν
1841 4133 1870 4183 ό

298 4224 492 4289 πιστὸς
538 4226 631 4277 καὶ
682 4223 941 4294 φρόνιμος
979 4222 1257 4291 οἰκονόμος
1302 4221 1423 4275 ἀντὶ¹
1466 4222 1646 4293 χειρὸς
1676 4221 1754 4274 ὢν
1802 4226 1868 4293 τῇ

313 4318 629 4388 Ἐκκλησία,
658 4315 867 4387 χρυσῆν
901 4313 1023 4368 καθ’
1055 4314 1343 4384 ὁμοιότητα
1368 4315 1467 4385 τῆς
1493 4312 1734 4383 κεφαλῆς
1765 4315 1871 4368 δεί-

302 4426 464 4464 κνυσι
520 4407 618 4478 τὴν
672 4408 828 4476 χεῖρα
878 4402 972 4457 τοῦ
1019 4403 1269 4474 σώματος
1294 4444 1309 4469 ,
1344 4404 1435 4456 τὸν
1480 4404 1640 4473 σοφὸν
1678 4403 1871 4459 ἑαυτοῦ

299 4499 569 4569 δεσπότην
599 4497 689 4550 διά
728 4495 821 4548 τοῦ
860 4494 975 4565 βίου
1013 4492 1363 4564 μιμούμενος.
1407 4494 1520 4548 Οὐκ
1543 4491 1612 4567 ἦν
1650 4495 1872 4568 τοιαύτη

1965 3318 2180 3390 generis
2207 3318 2329 3373 aliis
2352 3333 2449 3388 per
2474 3319 2840 3373 instrumenta
2867 3315 3257 3388 cogitationum
3286 3314 3523 3381 abrasis,

1966 3411 2141 3467 solum
2172 3410 2465 3466 voluntatis
2500 3424 2694 3479 purum
2734 3407 2867 3462 illud
2909 3422 2973 3462 ac
3011 3406 3237 3462 minime
3264 3405 3527 3461 adulteri-

1967 3519 2095 3558 num
2136 3518 2329 3557 aurum
2382 3496 2795 3571 relinquendum
2825 3508 2949 3565 est,
3001 3498 3147 3569 quod
3178 3496 3527 3553 immaculato

1968 3594 2130 3663 capiti
2160 3603 2243 3647 cst
2274 3594 2468 3647 simile.
2512 3592 2578 3646 Et
2614 3591 2781 3647 fuerit
2829 3590 3063 3647 fortasse
3101 3588 3248 3661 quod
3289 3588 3529 3644 dicimus

1968 3680 2142 3749 magis
2188 3680 2566 3751 perspicuum,
2602 3681 2648 3734 si
2699 3696 2795 3750 per
2847 3680 3072 3734 verbum
3111 3678 3245 3733 illud
3282 3678 3528 3749 Apostcli

1969 3770 2309 3825 declaretur:
2352 3771 2445 3841 qui
2494 3782 2843 3841 posteaquam
2884 3770 3053 3826 Deum
3089 3770 3299 3825 fidelem
3346 3772 3531 3840 appel-

1971 3862 2141 3925 lavit,
2178 3862 2309 3915 nihil
2363 3862 2504 3915 aliud
2538 3862 2700 3916 etiam
2736 3862 2789 3915 in
2844 3863 2922 3915 rei
2970 3860 3253 3916 familiaris
3296 3860 3533 3915 adminio

1972 3954 2298 4009 stratoribus
2327 3953 2578 4022 requirit,
2615 3968 2776 4022 quam
2818 3953 2896 4005 uti
2943 3954 3059 4022 quis
3094 3952 3268 4021 ﬁdelis
3298 3953 3531 4020 reperia-

1976 4055 2060 4097 tur
2080 4045 2146 4099 'i.
2184 4045 2274 4098 Sic
2298 4045 2442 4098 cnim
2471 4043 2536 4097 ad
2565 4045 2789 4098 verbum
2827 4044 3063 4113 scripsit.
3100 4041 3392 4113 Reliquum
3425 4053 3531 4110 est,

1975 4134 2118 4206 quod
2140 4136 2193 4189 in
2225 4135 2757 4190 administratoribus
2788 4136 2865 4190 rei
2897 4134 3185 4192 familiaris
3210 4136 3529 4206 requiritur,

1978 4241 2036 4281 ut
2071 4226 2195 4298 quis
2229 4226 2484 4281 nimirum
2516 4226 2691 4283 fidelis
2720 4229 3037 4299 reperiatur.
3075 4227 3260 4299 Itaque
3286 4228 3456 4284 fidelis
3480 4236 3534 4283 et

1976 4315 2216 4385 prudens
2251 4314 2659 4371 administrator
2691 4315 2737 4349 “
2770 4318 2847 4371 rei
2891 4316 3194 4382 familiaris,
3220 4316 3315 4388 qui
3345 4316 3538 4372 Eccle-

1980 4408 2074 4463 siae
2110 4422 2302 4462 manus
2338 4415 2421 4461 est
2450 4409 2591 4470 loco,
2624 4408 2922 4478 sapientem
2959 4408 3241 4465 dominum
3276 4425 3438 4465 suum
3482 4411 3536 4464 in

1979 4500 2088 4554 vita
2129 4499 2415 4563 imitando,
2467 4515 2684 4553 manum
2722 4502 2966 4571 corporis
3010 4503 3077 4557 ad
3123 4502 3539 4558 similitudinem

302 4592 429 4661 χεὶρ
452 4591 509 4641 ἐν
531 4588 607 4658 τῷ
640 4588 745 4640 τῶν
766 4587 1076 4640 ἀποστόλων
1117 4585 1325 4655 σώματι
1356 4587 1385 4638 ὁ
1418 4586 1614 4650 Ἰούδας
1648 4590 1853 4653 ἐκεῖνος

1984 4590 2178 4661 capitis
2220 4605 2439 4645 auream
2482 4589 2678 4645 reddit.
2731 4590 2847 4645 Non
2890 4600 3006 4646 erat
3049 4592 3315 4662 ejusmodi
3346 4609 3539 4649 manus

304 4686 338 4737 ὁ
370 4685 599 4746 ἐλεεινός
629 4699 691 4734 τε
716 4682 809 4735 καὶ
842 4680 1092 4743 δείλαιος,
1126 4680 1323 4751 μᾶλλον
1359 4681 1416 4734 δὲ
1445 4681 1473 4733 ὁ
1500 4685 1764 4753 στυγητὸς
1793 4703 1858 4738 κα

1982 4683 2034 4737 in
2066 4682 2431 4752 apostolorum
2490 4698 2717 4752 corpore
2762 4683 2932 4739 Judas
2978 4685 3069 4739 ille
3102 4686 3449 4742 miserandus
3478 4702 3543 4741 ac

306 4776 678 4848 άποτρόπαιος
698 4813 713 4837 ,
745 4775 804 4838 ὃς
832 4773 1141 4843 οἰκονομίαν
1173 4771 1405 4841 πτωχῶν
1436 4775 1882 4845 πεπιστευμένος,

306 4868 409 4939 τὴν
438 4868 535 4938 τῆς
561 4865 989 4937 φιλοχρηματίας
1014 4864 1220 4935 λέπραν
1255 4865 1355 4917 οὐκ
1387 4864 1715 4929 άπεξύσατο·
1744 4868 1882 4921 ἀλλὰ

308 4961 488 5030 φύλαξ
535 4959 609 5012 ὢν
646 4959 739 5012 τοῦ
793 4958 1177 5028 γλωσσοκόμου
1222 4958 1310 5013 διὰ
1337 4960 1462 5023 τοὺς
1514 4960 1841 5024 κλέπτοντας
1867 5000 1883 5024 ,

310 5048 478 5111 αὐτὸς
510 5046 703 5103 ἑαυτοῦ
744 5046 983 5117 κλέπτης
1007 5046 1241 5114 ἐγένετο,
1275 5047 1305 5099 ὃ
1338 5049 1395 5101 ἐν
1418 5051 1539 5113 ταῖς
1565 5052 1751 5122 χερσὶν
1773 5048 1885 5121 εἶχε

310 5140 402 5194 διὰ
430 5139 537 5191 τῶν
569 5140 710 5192 ἰδίων
748 5140 943 5211 χειρῶν
978 5138 1390 5212 ὑφαιρούμενος,
1415 5143 1507 5195 καὶ
1538 5144 1599 5195 ού
1634 5144 1766 5214 πρὸς
1791 5144 1887 5214 τὴν

314 5232 560 5301 ἐντολὴν,
599 5232 735 5285 ἀλλὰ
759 5233 894 5302 πρὸς
927 5231 997 5283 τὰ
1025 5234 1281 5302 χρήματα
1307 5232 1516 5302 βλέπων
1540 5251 1554 5265 ο
1589 5226 1664 5288 ὧν
1689 5238 1721 5305 ἡ
1753 5236 1886 5288 ἀπό-

314 5324 512 5385 λαυσις
560 5324 775 5391 ἐγένετο
798 5338 815 5354 ⁶
845 5322 897 5375 τί
924 5339 938 5387 ;
979 5323 1207 5393 Ἀγχόνη
1234 5323 1478 5387 ἑκούσιος
1496 5365 1511 5387 ,
1557 5323 1701 5395 ζωῆς
1728 5326 1887 5380 ἀλλο-

313 5410 541 5480 τρίωσις
561 5452 575 5474 ,
622 5410 945 5481 πανολεθρία
973 5410 1151 5481 ψυχῆς
1170 5451 1184 5475 ,
1237 5413 1579 5483 μνημόσυνον
1609 5415 1843 5487 πονηρὸν
1870 5455 1886 5478 ,

316 5502 484 5555 παντὶ
509 5501 586 5571 τῷ
625 5504 741 5571 μετ’
770 5502 929 5554 αὑτὸν
957 5503 1135 5574 χρόνῳ
1165 5503 1651 5574 συνεκτεινόμενον.
1684 5504 1891 5558 Οὐκοῦν

316 5598 579 5665 τορευτὰς
607 5592 742 5649 εἶναι
778 5596 883 5667 χρὴ
914 5597 1005 5649 καί
1048 5597 1370 5667 διαγλύφους
1410 5597 1510 5659 τὰς
1550 5600 1767 5667 χεῖρας,
1805 5599 1892 5651 ἴνα

317 5685 773 5757 περιαιρεθέντων
794 5685 901 5739 τῶν
931 5687 1114 5740 κακῶν
1143 5687 1595 5759 συμπεφυκότων,
1622 5686 1685 5739 τὸ
1708 5687 1893 5741 λειπό-

1981 4768 2146 4823 miser
2168 4809 2183 4831 ,
2214 4770 2295 4823 vel
2330 4771 2511 4838 potius
2547 4770 2671 4824 odio
2704 4769 2901 4842 dignus
2933 4780 2989 4827 et
3025 4774 3375 4830 exsecrabilis
3403 4818 3417 4841 ,
3452 4777 3543 4830 cui

1981 4874 2105 4912 cum
2135 4875 2267 4914 cura
2312 4869 2457 4915 esset
2495 4862 2788 4917 commissa
2826 4878 3121 4933 pauperum
3146 4903 3161 4928 ,
3198 4866 3440 4921 avaritia:
3470 4868 3548 4921 le-

1982 4964 2135 5019 pram
2168 4965 2278 5004 non
2317 4953 2559 5015 abrasit,
2596 4953 2688 5007 sed
2719 4963 2945 5024 prapter
2979 4954 3127 5013 fures
3165 4958 3427 5029 marsupii
3454 4975 3549 5012 cu-

1988 5048 2133 5103 stos,
2174 5041 2288 5110 ipse
2339 5042 2424 5097 sui
2472 5043 2642 5112 ipsius
2680 5045 2766 5098 fur
2806 5044 2984 5101 factus
3014 5056 3117 5113 est,
3158 5047 3287 5102 dum
3314 5048 3458 5119 quod
3491 5049 3549 5103 in

1988 5133 2239 5188 manibus
2275 5133 2392 5188 suis
2426 5133 2698 5200 habebat,
2728 5137 2967 5206 propriis
3000 5138 3253 5193 manibus
3287 5139 3547 5210 cleperet,

1990 5239 2098 5278 non
2136 5224 2201 5277 ad
2231 5223 2325 5278 Dei
2361 5224 2712 5294 mandatum,
2748 5226 2843 5281 sed
2900 5228 3160 5297 pecunias
3186 5227 3337 5298 ipsas
3370 5228 3547 5297 respi-

1990 5318 2173 5372 ciens:
2199 5331 2265 5371 ex
2290 5316 2490 5387 quibus
2509 5317 2703 5373 deinde
2734 5317 2969 5373 fructum
3000 5319 3167 5373 alium
3196 5319 3404 5373 nullum
3427 5334 3551 5389 pere

1989 5412 2152 5481 cepit,
2186 5411 2290 5465 nisi
2321 5411 2805 5482 strangulationem
2831 5450 2847 5475 ,
2880 5398 3232 5481 spontaneam
3265 5410 3553 5481 abruptio-

1992 5520 2114 5559 nem
2140 5504 2262 5558 vita:
2282 5546 2296 5571 ,
2327 5512 2534 5559 certum
2566 5504 2764 5557 animae
2788 5502 3065 5557 interitum
3089 5541 3106 5567 ,
3140 5512 3554 5558 monumentum

1993 5594 2338 5659 sceleratum,
2366 5593 2511 5664 quod
2544 5593 2762 5664 quidem
2790 5602 3051 5647 aeternum
3081 5592 3322 5648 durabit.
3347 5590 3555 5659 Quam-

1993 5686 2179 5742 obrem
2210 5700 2405 5741 manus
2436 5700 2559 5741 esse
2590 5684 2732 5739 belle
2764 5691 3009 5739 tornatas
3038 5698 3102 5740 ac
3128 5683 3371 5756 scalptas
3392 5692 3554 5755 opor-

394 5864 446 5902 ³³
476 5867 496 5918 ι
532 5864 660 5920 Cor.
693 5880 745 5929 v,
781 5864 865 5919 l9.
942 5867 988 5898 “
1028 5867 1128 5923 lsa.
1163 5883 1281 5935 LIII,
1318 5869 1385 5937 9;
1420 5867 1611 5923 lPetr.
1655 5884 1715 5934 ll,
1738 5868 1829 5925 22.

1972 5865 2135 5924 lCor.
2167 5868 2313 5933 ΜΞ.
2391 5869 2435 5901 ’⁸
2460 5867 2815 5933 Matth.xxrv,
2839 5867 2927 5922 15.
