4028 6490
579 507 710 562 {071

1802 495 1858 548 S.
1883 492 2209 548 GREGORII
2241 491 2531 547 NYSSENI

3616 493 3716 548 1072

578 626 686 682 tet,
721 626 778 670 ut
813 613 1105 684 amputatis
1148 611 1214 664 iis
1263 623 1383 676 qnze
1423 606 1559 658 male
1597 605 1906 664 adluercnt,
1944 618 2136 656 aurum

2254 641 2400 676 asvov
2441 621 2636 693 χρυσὸς
2675 615 2746 691 ᾖ.
2791 617 2867 689 τῷ
2906 618 3003 689 τῆς
3046 618 3283 689 κεφαλῆς
3332 619 3500 675 κάλλει
3541 627 3720 684 κατὰτὸ

578 706 813 776 supersit
838 723 850 758 :
883 701 1025 773 quod
1056 699 1237 769 specie
1267 714 1363 750 sua
1393 696 1586 766 capitis
1621 692 2017 762 pulchritudini
2045 707 2138 744 re-

579 797 859 868 spondeaL

646 888 911 941 Caeterum
946 899 1047 935 vox
1081 878 1309 933 Tharsis
1352 877 1515 932 habet
1561 891 1626 928 ex
1661 889 1936 928 sacrarum
1973 871 2141 926 Litte-

580 993 759 1044 rarum
813 974 1207 1030 consuetudine
1257 969 1558 1040 signiﬁcata
1593 967 1911 1036 complura;
1966 980 2142 1035 neque

579 1083 794 1139 semper
850 1067 990 1121 idem
1035 1064 1172 1118 velle
1222 1059 1666 1132 deprehenditur.
1721 1056 1853 1112 Nam
1893 1072 2141 1125 smpenu-

579 1173 730 1215 mero
783 1157 851 1212 ad
907 1155 1165 1226 quiddam
1227 1150 1625 1221 vituperabile,
1672 1163 2042 1218 saepenumero
2075 1147 2142 1202 ad

583 1249 823 1304 divinum
851 1255 905 1301 et
927 1248 1143 1301 beatum
1171 1240 1426 1313 quiddam
1456 1240 1574 1310 ejus
1607 1236 1933 1308 significatio
1965 1245 2142 1290 trans-

587 1340 771 1394 fertur.
805 1335 1048 1405 Exempli
1080 1334 1273 1404 gratia,
1303 1344 1410 1400 quo
1438 1313 1680 1398 tempore
1720 1325 1890 1381 Jonas
1927 1335 2078 1380 vates
2110 1341 2142 1380 a

581 1431 675 1484 Dei
715 1436 1010 1497 conspectu
1045 1424 1321 1494 fugiebat,
1364 1422 1543 1476 navim
1571 1427 1792 1476 euntem
1828 1420 1880 1472 in
1916 1418 2142 1474 Tharsis

580 1523 772 1593 quarrit
797 1521 863 1570 ".
903 1518 961 1572 Et
1001 1532 1230 1588 magnus
1267 1515 1354 1570 ille
1385 1512 1552 1569 David
1585 1514 1682 1577 ait,
1717 1511 1930 1580 navigia
1971 1509 2144 1564 Thar-

581 1613 658 1669 sis
689 1627 718 1665 a
747 1610 940 1680 spiritu
970 1608 1270 1663 vehementi
1299 1606 1506 1662 conteri
1536 1605 1604 1662 ³ο.
1638 1603 1846 1671 Quibus
1876 1603 1929 1656 in
1961 1601 2143 1658 verbis

581 1703 832 1773 Spiritum
860 1701 1254 1762 vehementem,
1287 1704 1348 1751 ut
1377 1696 1630 1766 equidem
1663 1695 1923 1759 arbitror,
1956 1691 2143 1763 appel-

579 1796 654 1850 lat
680 1809 801 1848 eum
854 1792 946 1862 qui
979 1789 1263 1860 discipulis
1301 1788 1354 1842 in
1391 1787 1678 1842 cmnaculo
1706 1786 1950 1841 collectis
1979 1798 2144 1854 appa-

583 1886 690 1940 ruit
713 1924 726 1943 .
763 1899 826 1936 ac
861 1884 1037 1954 primo
1070 1881 1290 1951 quidem
1327 1881 1515 1935 auditur
1551 1888 1636 1934 est
1666 1878 1949 1948 cognitus,
1986 1875 2142 1946 quasi

584 1993 749 2032 ruens
792 1975 948 2029 flatus
997 1974 1300 2037 violentus;
1344 1971 1541 2027 deinde
1586 1985 1715 2026 vero
1759 1969 1922 2024 etiam
1972 1968 2145 2022 oculis
2176 1949 2217 2004 Β

586 2067 890 2140 patefactus
917 2072 1038 2128 est,
1092 2065 1394 2134 linguarum
1443 2063 1495 2116 in
1537 2061 1761 2131 ﬁguram
1806 2059 2013 2115 efﬁctus
2033 2097 2061 2134 ,ί
2083 2073 2148 2114 ac

585 2159 888 2230 splendenti
913 2159 1050 2228 ignis
1080 2167 1282 2211 natum
1300 2155 1493 2210 similis
1521 2154 1696 2210 factus
1711 2154 1776 2206 ³¹.
1798 2153 1874 2207 Ac
1893 2153 2148 2223 perhnnc

583 2252 801 2322 quidem
826 2249 1007 2304 ﬂatum
1040 2249 1413 2319 multipliciter
1438 2249 1673 2301 humana
1702 2246 1753 2299 in
1779 2254 1973 2299 natura
2004 2246 2148 2299 velut

585 2347 837 2401 innatans
868 2341 1138 2397 vitiositas
1169 2339 1470 2395 conteritur
1493 2377 1508 2402 ,
1539 2353 1702 2407 quam
1751 2338 1842 2392 hic
1880 2335 2148 2406 Propheta

585 2453 750 2492 naves
785 2434 1013 2490 Tharsis
1067 2431 1377 2502 appellavit.
1437 2429 1613 2499 Atque
1673 2429 1787 2483 ιιωο
1844 2429 2148 2500 signiﬁcata

585 2535 712 2580 sunt
734 2525 882 2580 vocis
915 2522 1076 2591 hujus
1099 2563 1114 2586 ,
1139 2535 1246 2590 qua
1280 2522 1517 2590 pejorem
1549 2520 1604 2573 in
1644 2527 1852 2588 partem
1894 2520 2145 2572 sumitur.

586 2617 654 2669 At
679 2631 905 2684 magnus
933 2614 1023 2668 ille
1054 2611 1300 2666 Ezechiel
1334 2608 1602 2663 visionem
1633 2609 1827 2663 oblata:
1855 2607 2148 2678 aliquando

587 2708 689 2763 sibi
721 2703 1102 2776 patefactionis
1133 2703 1329 2757 divina:
1353 2701 1691 2762 describens,
1714 2702 1948 2770 speciem
1985 2701 2149 2755 unius

586 2816 651 2856 ex
683 2798 885 2853 divinis
930 2796 1038 2850 illis
1078 2794 1307 2866 spectris
1355 2793 1458 2848 hac
1510 2808 1642 2848 voce
1691 2793 1983 2862 exprimit,
2024 2808 2146 2846 cum

588 2893 695 2946 ait:
740 2891 805 2945 Et
829 2889 1020 2958 species
1051 2888 1164 2958 ejus
1191 2927 1206 2949 ,
1237 2886 1390 2957 quasi
1429 2887 1619 2954 species
1671 2885 1887 2939 Tharsis
1916 2885 1980 2936 ³⁸.
2015 2883 2150 2937 Tra-

588 2984 724 3038 dunt
755 2992 932 3037 autem
967 2981 1075 3045 illi,
1113 2980 1208 3050 qui
1239 2987 1494 3033 accurate
1528 2993 1720 3032 vocum
1756 2977 2147 3033 Hebraicarutn

587 3079 695 3130 vim
733 3083 1070 3146 perspectam
1107 3072 1348 3133 habent,
1390 3069 1444 3124 in
1506 3069 1610 3124 hac
1659 3069 1806 3123 illius
1855 3070 2152 3138 prophetia:

591 3181 744 3240 parte
774 3183 868 3238 per
894 3165 1216 3220 vocabulum
1244 3164 1349 3217 hoc
1389 3161 1686 3233 signiﬁcari
1722 3162 1979 3230 quiddam
2007 3162 2150 3232 quod

2240 710 2375 777 εἶδος
2406 711 2734 782 συμϐαίνων.

2319 889 2384 942 Ἦ
2415 889 2472 942 δὲ
2506 887 2598 941 τοῦ
2645 887 2874 958 Θαρσεῖς
2917 884 3058 949 λέξις
3099 883 3399 955 πολύσημός
3441 887 3569 940 ἐστιν
3598 892 3642 942 ὲν
3677 895 3726 962 τῇ

2240 983 2482 1050 γραφικῇ
2512 979 2798 1049 συνηθείᾳ,
2832 977 2975 1031 κατά
3003 977 3100 1047 τῆς
3127 977 3293 1046 αὐτῆς
3316 976 3532 1040 διανοίας
3554 979 3604 1030 οὐ
3629 982 3728 1034 πάν-

2239 1089 2359 1126 τοτε
2389 1069 2767 1141 εύρισκομένηο
2800 1070 2934 1122 ἀλλὰ
2963 1068 3218 1130 πολλάκις
3243 1067 3336 1137 μὲν
3360 1067 3483 1138 πρὸς
3509 1069 3560 1120 τὸ
3581 1086 3730 1135 κατεγ-

2242 1161 2537 1232 νωσμένον,
2571 1160 2834 1223 πολλάκις
2862 1159 2919 1212 δὲ
2959 1158 3094 1228 πρὸς
3133 1157 3193 1209 τὸ
3223 1156 3359 1210 θεῖόν
3388 1173 3442 1208 τε
3484 1158 3566 1209 καὶ
3601 1160 3733 1227 pm.

2214 1268 2358 1323 ,ριον
2399 1253 2432 1322 ἡ
2477 1249 2726 1321 σημασία
2765 1247 3256 1319 μεταλαμϐάνεται.
3296 1246 3419 1298 Ὅτε
3458 1244 3621 1314 φεύγει
3655 1246 3734 1298 ἀπὸ

2243 1339 2534 1412 προσώπου
2564 1339 2656 1392 τοῦ
2680 1339 2815 1392 Θεοῦ
2853 1339 3035 1400 Ἰωνᾶς
3065 1337 3094 1388 ὁ
3120 1336 3417 1406 προφήτης,
3439 1332 3572 1403 ζητεί
3600 1335 3736 1387 πλοῖον

2240 1431 2334 1483 ἐπὶ
2359 1431 2589 1501 Θαρσεῖς
2619 1428 2996 1500 πορευόμενον.
3029 1427 3140 1479 Καὶ
3175 1428 3203 1478 ὁ
3235 1425 3400 1495 μέγας
3438 1423 3581 1476 Δαϐὶδ
3601 1425 3735 1477 πλοῖον

2241 1524 2474 1596 Θαρσεῖς
2521 1523 2678 1593 βιαίῳ
2711 1520 2978 1592 πνεύματι
3023 1519 3170 1588 λέγει
3201 1515 3576 1588 συπρίὸεσθαι.
3602 1516 3738 1570 Βξαιον

2243 1613 2461 1684 πνεῦμα
2491 1613 2549 1667 δὲ
2564 1612 2716 1684 οἶμαι
2743 1611 3016 1680 λέγεσθαι,
3043 1609 3103 1662 τὸ
3121 1611 3232 1672 τοῖς
3257 1606 3508 1679 μαθηταῖς
3537 1606 3739 1673 ἐπιφανὲν

2241 1709 2354 1770 τοῖς
2387 1707 2446 1759 έν
2473 1705 2552 1776 τῷ
2597 1704 2828 1776 ὑπερώῳ
2858 1700 3310 1770 συνειλεγμένοις,
3344 1699 3372 1751 ὃ
3412 1697 3645 1768 πρότερον
3672 1697 3742 1765 μὲν

2241 1797 2308 1852 δι’
2328 1798 2495 1868 ἀκοῆς
2513 1791 3082 1868 προεγνώσθη,ῶσπερ
3103 1788 3402 1860 φερομένης
3418 1790 3574 1872 πνοῆς.
3589 1786 3742 1856 βιαίας,

2248 1890 2386 1961 μετὰ
2421 1889 2594 1944 ταῦτα
2635 1889 2692 1943 δὲ
2733 1889 2826 1942 καὶ
2857 1888 2968 1948 τοῖς
2997 1883 3294 1954 ὀφθαλμοῖς
3341 1880 3662 1953 ἐφανερώθη,
3689 1882 3746 1941 εἰς

2246 1980 2504 2049 γλωσσῶν
2548 1979 2734 2050 σχῆμα
2786 1974 3118 2046 τυπούμενον
3140 2013 3156 2038 ,
3199 1974 3294 2026 καὶ
3359 1974 3422 2042 τῇ
3465 1970 3746 2040 ὲκλαμπτικῇ

2248 2070 2407 2143 φύσει
2437 2070 2531 2125 τοῦ
2565 2070 2737 2141 πυρὸς
2776 2067 3150 2138 ὁμοιούμενον,
3181 2064 3250 2118 δι’
3290 2054 3350 2130 οὗ
3395 2059 3693 2132 συντρίϐεται
3724 2062 3748 2128 ὴ

2247 2161 2578 2233 πολυσχιδῶς
2626 2158 3028 2224 ἐπιπολάζουσα
3058 2159 3124 2226 τῇ
3162 2152 3477 2233 ἀνθρωπίνῃ
3509 2151 3646 2220 φύσει
3675 2167 3749 2202 και

2246 2258 2358 2322 κία,
2499 2256 2658 2309 πλοῖα
2691 2253 2923 2324 Θαρσεῖς
2949 2251 2978 2304 ὁ
3009 2230 3300 2320 Προφήτης
3338 2245 3589 2327 ὠνόμασε.
3612 2241 3752 2296 Ταῦτα

2250 2348 2349 2420 μὲν
2381 2325 2473 2401 οὖν
2507 2348 2625 2420 ἐστι
2657 2345 2724 2398 δι’
2759 2337 2834 2398 ὧν
2861 2341 2939 2412 τῷ
2968 2341 3192 2409 ὀνόματι
3230 2325 3405 2407 τούτῲ
3434 2337 3497 2389 τά
3523 2335 3666 2405 χείρω
3687 2350 3753 2401 ση-

2252 2437 2516 2509 μαίνεται.
2561 2437 2619 2489 Ὀ
2641 2435 2697 2489 δὲ
2727 2435 2897 2504 μέγας
2931 2430 3186 2502 Ἰεζεκιὴλ
3215 2431 3296 2493 εἰς
3318 2426 3616 2498 ὑπογραφὴν
3645 2426 3754 2491 ἄγων

2246 2531 2345 2601 τῆς
2381 2528 2677 2599 γενομένης
2719 2525 2868 2596 αύτῷ
2905 2522 3216 2593 θεοφανείας
3249 2523 3350 2593 τὴν
3388 2518 3648 2578 ὀπτασίαν,
3673 2516 3757 2576 ἐνὸς

2221 2625 2357 2678 ’τῶν
2381 2624 2539 2678 θείων
2583 2623 2869 2694 θεαμάτων
2898 2621 2958 2674 τὸ
2985 2616 3124 2684 εἶδος
3159 2623 3224 2690 τῇ
3258 2619 3400 2682 λέξει
3433 2616 3592 2669 ταῦτα
3620 2612 3758 2676 διαση-

2252 2715 2428 2786 μαίνει
2459 2715 2655 2783 λέγων⁶
2670 2714 2776 2771 Καὶ
2806 2713 2870 2767 τὸ
2885 2709 3043 2778 εἶδος
3057 2710 3246 2766 αὑτοῦ
3266 2710 3345 2775 ὡς
3359 2709 3511 2772 εἶδος
3541 2703 3760 2773 Θαρσεῖς·

2250 2806 2388 2858 Φασὶ
2429 2804 2485 2856 δὲ
2514 2805 2564 2857 οἱ
2592 2802 2659 2856 δι’
2703 2801 3002 2879 ἀκριϐείας.
3019 2801 3125 2854 τῶν
3170 2797 3472 2870 Ἐϐραῖκῶν
3497 2795 3671 2859 λέξεων
3691 2794 3761 2852 τὰς

2249 2896 2514 2966 ἐμφάσεις
2535 2893 2950 2977 ὲπξσκεμμένοι,
2979 2892 3040 2945 τὸ
3062 2889 3476 2962 ἀχρωμάτιστον
3499 2905 3554 2940 τε
3579 2886 3658 2939 καὶ
3675 2898 3746 2949 νοη

2249 2987 2339 3040 τὸν
2378 2986 2470 3040 καὶ
2493 2984 2779 3056 ἀσώματον
2807 2985 2894 3038 διὰ.
2922 2988 3018 3055 τῆς
3038 2984 3231 3050 λέξεως
3257 2983 3463 3052 ταύτης
3502 2982 3556 3032 ὲν
3581 2980 3638 3046 τῇ
3663 2991 3762 3043 προ·

2253 3077 2449 3150 φητείᾳ
2472 3075 2852 3147 σημαίνεσθαι.
2891 3075 3092 3144 Ἀπλῆς
3120 3075 3302 3128 τοίνυν
3330 3072 3492 3141 οὔσης
3511 3075 3565 3124 ὲν
3586 3071 3643 3138 τῇ
3663 3065 3767 3128 λέξει

2249 3172 2347 3241 τῆς
2381 3168 2692 3240 σημασίας,
2721 3167 2906 3239 ἐπειδὴ
2945 3166 3205 3238 πρόδηλόν
3246 3169 3416 3228 ἐστιν,
3454 3167 3536 3218 ὅτι
3587 3162 3698 3232 πρὸς
3725 3158 3768 3208 τὸ

587 3259 832 3311 colorum
886 3263 939 3310 et
986 3251 1232 3324 corporis
1267 3253 1336 3307 sit
1365 3267 1578 3323 expers,
1613 3266 1676 3306 ac
1715 3253 1914 3307 mentis
1953 3253 2149 3306 intelli-

2255 3263 2501 3332 κρεῖττον
2531 3258 2624 3314 νῦν
2646 3259 2965 3330 παρελήφθη
2995 3259 3055 3312 τὸ
3075 3258 3277 3328 ταύτης
3296 3259 3395 3328 τῆς
3417 3255 3590 3327 φωνῆς
3613 3267 3770 3322 σημαι-

538 3421 548 3431 .
588 3350 767 3420 gentia
798 3357 1008 3402 tantum
1068 3346 1418 3416 percipiatur.
1458 3346 1592 3400 Cum
1637 3360 1769 3416 ergo
1825 3345 2022 3415 duplex
2081 3345 2149 3400 sit

2255 3353 2477 3422 νόμενον
2497 3368 2510 3382 ’
2542 3351 2604 3403 οὐ
2631 3350 2739 3421 γὰρ
2763 3350 2828 3404 ἄν
2855 3368 2938 3413 τις
2968 3352 3186 3404 ἔπαινον
3221 3349 3556 3420 ἐλαμϐάνετο
3582 3345 3635 3396 τὸ
3653 3339 3773 3394 ὑπαξ-

586 3440 740 3495 vocis
774 3439 938 3508 hujus
969 3437 1355 3508 signiﬁcatum,
1379 3446 1432 3491 et
1459 3451 1586 3492 vero
1615 3437 1790 3493 cuivis
1818 3444 2022 3506 pateat,
2045 3453 2152 3492 me-

588 3533 778 3586 liorem
815 3531 868 3584 in
910 3539 1112 3599 partem
1152 3529 1239 3583 hic
1287 3543 1407 3584 eam
1437 3528 1610 3598 accipi
1645 3527 1784 3599 (non
1815 3527 1960 3583 enim
1992 3544 2153 3583 usur-

591 3624 704 3693 pari
734 3631 942 3692 poterat
973 3623 1027 3675 in
1059 3621 1331 3684 encomio,
1357 3631 1629 3691 quatenus
1666 3637 1779 3676 rem
1816 3621 2152 3691 vituperabi-

592 3716 694 3770 lem
726 3715 921 3784 notat),
944 3712 1078 3768 ordo
1109 3715 1346 3782 postulat
1377 3721 1434 3768 ut
1463 3713 1565 3767 hoc
1589 3713 1700 3781 jam
1741 3711 2152 3769 consideremus

593 3808 647 3861 in
679 3805 934 3862 manibus
977 3820 1097 3876 quae
1130 3805 1414 3858 laudantur
1454 3823 1465 3857 :
1496 3803 1752 3858 nimirum
1792 3803 1937 3873 quod
1962 3811 2155 3873 sponte

592 3915 689 3954 sua
741 3899 897 3968 quasi
942 3897 1210 3952 tornando
1246 3896 1460 3952 detritis
1491 3895 1777 3959 omnibus,
1816 3911 2154 3966 quaecunque

593 4004 998 4060 supervacanea
1031 3996 1084 4043 et
1117 4001 1377 4058 corporea
1410 3987 1463 4041 in
1492 3987 1570 4042 eis
1606 3996 1762 4042 erant
1784 4029 1798 4052 ,
1834 3986 1900 4040 ad
1950 3993 2153 4042 sortem

593 4083 831 4138 divinam
853 4096 916 4135 ac
945 4089 1123 4136 mente
1157 4086 1366 4133 tantum
1392 4078 1931 4147 comprehensibiletn
1968 4086 2154 4132 trans-

595 4183 760 4230 eant:
797 4174 945 4227 omni
982 4185 1168 4226 crassa
1229 4180 1281 4224 et
1313 4171 1461 4239 gravi
1503 4185 1631 4240 erga
1682 4185 1771 4223 res
1816 4171 1939 4224 vitae
1992 4168 2155 4238 hujus

595 4264 880 4320 affectione
925 4277 1173 4317 excussa.
1209 4259 1381 4328 Quale
1425 4260 1682 4329 quiddam
1721 4260 1957 4329 lapidum
2011 4259 2155 4315 scul-

600 4367 780 4427 ptores
827 4356 882 4408 in
949 4366 1126 4407 massa
1182 4350 1526 4422 smaragdina
1572 4349 1782 4404 eﬁicere
1836 4349 2153 4424 praedicant.

599 4446 807 4500 Etenim
833 4459 898 4498 eo
923 4483 938 4506 ,
989 4441 1132 4512 quod
1159 4441 1398 4496 lucidum
1453 4455 1559 4495 non
1591 4452 1707 4506 est,
1741 4441 1835 4496 sed
1875 4447 2152 4502 terrestre.

600 4549 695 4604 per
743 4541 917 4587 cotem
966 4531 1254 4600 absumpto
1291 4539 1340 4585 et
1378 4531 1576 4585 detrito
1601 4532 1821 4608 ,εοιιιηι
1857 4533 1960 4584 hoc
1993 4530 2158 4584 relin-

2255 3458 2398 3494 τιον·
2433 3441 2720 3494 ἀκόλουθον
2753 3440 2818 3494 ἂν
2856 3441 2942 3510 εἴη
2977 3441 3136 3494 τοῦτο
3170 3440 3303 3512 περὶ
3334 3439 3444 3492 τῶν
3485 3431 3774 3506 ἐγκωμιαζοο

2260 3531 2433 3601 μένων
2482 3531 2731 3601 ἐννοῆσαι
2779 3529 2975 3600 χειρῶν
2998 3547 3011 3560 °
3053 3531 3134 3584 ὅτι
3185 3528 3436 3600 ἀκριϐῶς
3482 3525 3569 3594 ἀφ’
3613 3520 3774 3577 ἑαυτῶν

2259 3623 2366 3675 πᾶν
2409 3621 2471 3675 τὸ
2515 3622 2763 3692 περιττόν
2793 3639 2852 3673 τε
2890 3622 2984 3675 καὶ
3026 3621 3357 3692 σωματῶδες
3397 3616 3777 3689 ἀποτορεύσασαι

2260 3712 2394 3784 πρὸς
2420 3711 2481 3764 τὸ
2509 3711 2649 3765 θεῖόν
2678 3728 2736 3763 τε
2765 3712 2855 3763 καὶ
2876 3711 3061 3781 νοητὸν
3092 3710 3496 3781 μεταϐαίνουσι,
3527 3709 3619 3778 τὴν
3643 3703 3776 3770 ὑλώδη

2260 3804 2436 3856 πᾶσαν
2461 3803 2554 3856 καὶ
2581 3801 2802 3873 βαρεῖαν
2832 3801 2960 3872 περὶ
2989 3801 3056 3854 τά
3082 3801 3386 3872 πράγματα
3416 3799 3594 3871 σχέσιν
3618 3798 3780 3850 ἐκτινα-

2260 3896 2518 3967 ξάμεναι·
2556 3892 2666 3950 οἷόν
2699 3896 2750 3949 τί
2783 3912 2914 3964 φασι
2937 3895 3030 3949 καὶ
3055 3896 3147 3948 ἐπὶ
3173 3895 3275 3964 τῆς
3313 3892 3674 3966 σμαραγδίνης
3704 3886 3781 3956 βὼ-

2261 3988 2352 4041 λου
2381 3989 2505 4052 τοὺς
2544 3988 2896 4059 λιθογλύφους
2937 3987 3282 4058 ἐργάζεσθαι.
3330 3988 3406 4042 Τὸ
3449 3987 3554 4057 γάρ
3590 3980 3782 4051 ἀφεγγὲς

2262 4081 2355 4134 καὶ
2386 4081 2584 4148 γεῶδες
2626 4080 2714 4134 διά
2749 4079 2850 4149 τῆς
2885 4079 3096 4148 ἀκόνης
3136 4077 3604 4150 ἐκδαπανήσαντες
3633 4091 3685 4126 τε
3717 4069 3784 4124 καὶ

2261 4173 2626 4243 ἀποψέξαντες
2649 4213 2664 4238 ,
2694 4173 2869 4226 ἐκεῖνο
2903 4172 3062 4242 μόνον
3091 4172 3516 4226 καταλείπουσιν
3554 4166 3802 4244 senm

2261 4282 2369 4328 τον,
2394 4257 2438 4331 ᾧ
2459 4263 2674 4334 καθαρά
2695 4263 2755 4316 τέ
2777 4281 2860 4326 τις
2883 4264 3047 4334 οιύγὴ,
3072 4263 3270 4334 χλοερά
3306 4281 3370 4317 τε
3396 4265 3511 4334 ἅμα
3535 4262 3622 4315 καὶ
3646 4254 3788 4309 ὲλαιάο

2263 4354 2449 4418 ζουσα.
2473 4356 2650 4427 Ὅπερ
2675 4372 2764 4424 μοι
2786 4354 2932 4408 δοκεῖ
2952 4356 3277 4426 σαφέστερον
3300 4354 3613 4427 ἑρμηνεύων
3637 4353 3662 4402 ὁ
3681 4349 3787 4407 θεῖος

2277 4446 2613 4511 Ἀπόστολος,
2657 4447 2815 4501 τοῦτο
2839 4447 3224 4518 συμϐουλεύειν
3265 4449 3323 4501 ἐν
3348 4466 3456 4501 τινι
3497 4448 3601 4501 τῶν
3633 4438 3789 4496 ἑαυτοῦ

2267 4539 2458 4607 λόγων,
2497 4539 2578 4590 ὅτι
2607 4539 2712 4609 χρὴ
2743 4539 3210 4603 ἀποσκευάζεσθαι
3253 4540 3354 4610 τὴν
3395 4540 3526 4610 περὶ
3557 4539 3620 4589 τὰ
3645 4531 3790 4604 φαινό-

597 4635 795 4696 quunt,
836 4624 889 4677 in
922 4638 1031 4693 quo
1059 4623 1312 4692 splendor
1351 4622 1569 4692 quidam
1600 4621 1791 4677 viridis
1818 4631 1872 4676 et
1900 4622 2032 4676 olea:
2060 4637 2149 4677 co-

2269 4645 2403 4698 μενα
2444 4628 2648 4696 σχέσιν,
2705 4628 2842 4698 πρὸς
2881 4627 2938 4680 δὲ
2985 4628 3044 4680 τὸ
3081 4629 3315 4699 ἀόρατον
3357 4632 3481 4692 ταῖς
3524 4623 3793 4692 ἐπιθυμίαις

605 4725 770 4774 torem
799 4714 1043 4770 referens
1075 4714 1430 4784 conspicitur.
1462 4715 1639 4783 Atque
1667 4714 1807 4767 hanc
1855 4715 1906 4767 in
1937 4721 2149 4769 senten-

2263 4721 2459 4790 ὁρμᾷν.
2487 4719 2581 4786 Μὴ
2624 4721 3017 4774 σκοπούντων
3055 4719 3162 4789 γὰρ
3191 4720 3383 4789 ἡμῶν,
3409 4721 3562 4790 φησὶ,
3592 4717 3655 4770 τὰ
3676 4716 3792 4780 .31"

605 4807 736 4862 tiam
765 4806 870 4860 dici
895 4803 1151 4874 quiddam
1203 4803 1336 4858 mihi
1374 4804 1588 4858 videtur
1621 4801 1887 4857 illustrius
1918 4804 1984 4856 ab
2013 4804 2149 4873 Apo-

2263 4811 2512 4878 πόμενα,
2558 4809 2715 4864 ἀλλὰ
2745 4812 2818 4864 τὰ
2843 4810 2929 4878 μὴ
2950 4810 3316 4877 βλεπόμενα.
3365 4813 3442 4865 Τὰ
3483 4810 3590 4879 γὰρ
3608 4804 3796 4873 ,ϐλεπόο

601 4899 765 4960 stolo,
798 4896 1114 4952 consulente
1141 4897 1377 4966 quodam
1412 4895 1465 4949 in
1515 4895 1905 4949 commentario
1935 4909 2033 4947 suo
2057 4936 2070 4959 ,
2103 4903 2149 4946 ul

2257 4916 2410 4968 μενα
2445 4901 2806 4969 πρόσκαιρα·
2840 4900 2913 4954 τὰ
2947 4899 3014 4952 δὲ
3052 4899 3138 4969 μὴ
3176 4901 3568 4970 βλεπόμενα,
3611 4895 3793 4952 αἰώνια.

604 5005 977 5046 removeamus
1017 4989 1354 5044 aﬁ‘ectionem
1410 5002 1536 5056 erga
1595 5001 1681 5038 res
1740 4985 1842 5039 sub
1881 4992 2149 5054 aspectum

2266 4987 2451 5045 Ταῦτα
2483 4991 2580 5060 μὲν
2608 4987 2702 5044 οὖν
2728 4993 2784 5044 ἐν
2820 4990 2898 5061 τῷ
2921 4991 3128 5060 ἐπαίνῳ
3151 4991 3260 5044 τῶν
3285 4993 3494 5062 χειρῶν
3521 4990 3794 5058 ὲνοήσαμεν,

603 5085 894 5148 cadentes,
945 5091 999 5137 et
1047 5082 1112 5135 ad
1156 5082 1207 5135 id
1240 5081 1384 5149 quod
1438 5080 1585 5132 cerni
1643 5079 1829 5145 nequit
1878 5074 2149 5128 desideriis

2268 5080 2384 5154 πῶς
2412 5080 2513 5150 τῆς
2555 5080 2787 5144 ὑλώδους
2826 5081 3196 5152 προσπαθείας
3228 5083 3666 5153 ἐκτορευθεῖσαι,
3690 5074 3793 5140 dxi;-

604 5173 771 5228 animi
799 5171 1190 5228 contendamus
1234 5212 1244 5222 .
1293 5167 1358 5220 Ut
1394 5184 1494 5219 non
1528 5177 1834 5236 spectemus,
1873 5165 2069 5235 inquit,
2101 5182 2149 5221 ec

2270 5187 2421 5240 ρατοι
2453 5172 2708 5239 γίνονται,
2740 5172 2873 5243 πρὸς
2895 5172 2954 5225 τὸ
2986 5171 3147 5226 ἄῦλόν
3173 5191 3230 5226 τε
3263 5174 3359 5226 καὶ
3390 5174 3581 5245 νοητὸν
3611 5163 3787 5224 ἀλλοιού

604 5279 719 5334 qua:
751 5270 1064 5321 cernuntur,
1096 5261 1182 5313 sed
1215 5274 1328 5327 quw
1378 5275 1478 5311 non
1519 5267 1822 5312 cernuntur.
1869 5256 2010 5309 Nam
2048 5273 2149 5327 qua

2272 5279 2427 5330 μεναι
2451 5261 2536 5316 διὰ
2557 5263 2652 5333 τῆς
2682 5263 3069 5334 προαιρέσεως.
3095 5264 3296 5332 Χεῖρες
3318 5266 3434 5338 γὰρ
3447 5263 3631 5318 αὐτοῦ
3642 5272 3802 5326 τορευ-

605 5358 699 5410 sub
753 5358 930 5410 oculos
976 5353 1201 5415 cadunt,
1255 5362 1616 5404 momentanea
1662 5359 1780 5403 sunt
1831 5363 1848 5400 :
1898 5365 2012 5417 quae
2061 5365 2149 5402 nm

2268 5352 2380 5418 ταὶ,
2410 5355 2560 5424 φησὶ,
2583 5355 2822 5424 χρυσαῖ,
2847 5357 3298 5426 πεπληρωμέναι
3318 5357 3587 5426 θαρσεῖς.

607 5458 910 5511 eernuntur,
941 5460 1134 5498 artemo
1165 5443 1231 5498 ³³.
1277 5441 1401 5497 llaec
1447 5443 1610 5512 igitur
1662 5443 1716 5495 in
1771 5442 1869 5494 hoc
1921 5457 2175 5495 manuum
2219 5446 2471 5499 encomio
2514 5461 2544 5498 a
2598 5448 2756 5502 nobis
2789 5449 3136 5504 considerata
3168 5460 3367 5516 sunto,
3401 5466 3516 5520 quo
3547 5454 3694 5518 pacto
3727 5444 3803 5494 illi:

609 5545 676 5594 ah
707 5538 993 5593 affectione
1015 5550 1139 5606 erga
1163 5550 1250 5589 res
1281 5550 1498 5589 crassas
1526 5536 1797 5606 expolitae,
1825 5551 1968 5602 purae
2024 5530 2153 5590 ﬁant
2190 5554 2202 5590 :
2245 5553 2339 5606 per
2378 5539 2683 5594 institutum
2719 5543 2882 5597 animi
2933 5543 2999 5597 ad
3049 5553 3250 5598 sortem
3281 5560 3603 5600 crassarutn
3660 5553 3803 5594 rerum

608 5642 904 5704 expertem,
935 5646 1162 5700 quzeque
1190 5638 1365 5686 mente
1391 5640 1604 5686 tantum
1640 5633 1972 5702 percipitur,
2003 5643 2372 5690 commutatae.
2443 5637 2634 5692 Manus
2667 5641 2834 5706 enim,
2900 5642 3107 5710 inquit,
3145 5641 3292 5695 illius
3365 5643 3594 5706 tortiles,
3647 5647 3802 5691 aurem

608 5731 772 5798 plena:
809 5727 1049 5780 'I'harsis.

683 5909 726 5941 ³⁸
749 5906 871 5961 Jon.
917 5925 951 5970 I,
984 5909 1017 5962 5
1049 5925 1166 5977 sqo.
1244 5908 1284 5937 ⁸⁸³
1314 5905 1382 5960 Ps
1404 5907 1456 5960 .l.
1491 5921 1656 5973 sevit,
1687 5905 1775 5960 30.
1853 5905 1893 5938 ³⁸
1925 5904 2043 5960 Act.
2072 5919 2132 5972 ll,

2254 5945 2259 5958 .
2338 5908 2381 5940 ³²
2409 5907 2603 5964 Ezech.
2636 5924 2672 5970 ι.
2699 5909 2782 5962 l6.
2858 5906 2904 5940 ³³
2942 5907 3132 5964 llCor.
3175 5925 3246 5963 tv.
3288 5907 3370 5965 l8.
