3824 6518
219 413 356 468 1075

1219 415 1287 471 ΙΝ
1323 415 1620 473 CANTICA
1657 414 1926 472 CANTIC.
1971 417 2254 474 HOMILIA
2292 420 2430 475 XIV.

3308 430 3442 484 1074

296 527 608 584 Ἀκόλουθον
637 531 680 583 δ’
721 531 786 585 ἂν
811 531 896 602 εἴη
921 531 1016 586 καὶ
1050 532 1141 586 τὸν
1169 531 1363 605 ἐφεξῆς
1387 533 1541 602 λόγον
1570 534 1777 588 διασκο-

1953 533 2107 589 Nunc
2135 535 2277 589 ratio
2307 535 2467 591 seriei
2498 535 2692 605 poscit,
2725 545 2785 590 ut
2816 551 2938 605 qua:
2972 551 3136 607 porro
3158 538 3226 593 de
3255 552 3444 597 ventre

215 621 410 690 πῆσαι,
458 622 515 674 ὃν
558 623 811 693 περὶτῆς
848 622 1056 686 κοιλίας
1100 625 1410 695 πεποίηται.
1462 626 1614 697 Ἔχει
1653 625 1711 678 δὲ
1747 627 1779 696 ἡ

212 713 357 777 λέξις
374 713 567 778 οὕτως’
590 715 794 769 Κοιλία
815 714 1000 768 αὑτοῦ
1022 715 1241 779 πυξίον
1272 712 1662 787 ἐλεφάντινον
1682 717 1781 769 ἐπὶ

212 804 387 857 λίθου
424 807 779 874 σαπφείρου.
815 807 944 860 Ὅτε
967 806 1044 877 τῷ
1074 809 1280 880 Μωῡσῇ
1303 809 1393 862 τὸν
1415 813 1531 872 ταῖς
1553 809 1780 871 λιθίναις

211 894 417 960 δέλτοις
440 897 846 968 ὲγχαραχθέντα
868 899 1028 968 νόμον
1079 902 1107 954 6
1135 903 1233 972 τῆς
1257 900 1469 970 φύσεως
1498 901 1678 956 δίδωσι
1703 919 1781 954 νο-

216 987 468 1056 μοθὲτης,
521 989 684 1054 πυξία
720 987 897 1042 λίθινα
936 989 1034 1053 τὰς
1089 990 1298 1056 πλάκας
1333 990 1636 1061 ὠνόμασεν,
1697 993 1782 1054 αἷς

210 1077 521 1150 ὲνετυπώθη
558 1080 625 1132 τὰ
651 1078 770 1134 θεῖα
803 1081 1133 1152 χαράγματα
1159 1097 1175 1114 ο
1212 1080 1383 1146 οὕτως
1418 1082 1660 1146 εἰπόντος
1686 1082 1778 1135 τοῦ

213 1169 352 1241 πρὸς
388 1169 476 1222 τὸν
515 1171 752 1224 Μωῦσέα
801 1173 929 1244 περὶ
967 1173 1144 1226 αὐτῶν
1181 1174 1619 1245 χρηματίσαντος
1645 1189 1659 1203 ·
1699 1174 1778 1228 ὅτι

225 1260 488 1328 Ἇνὰϐηθι
528 1262 674 1330 πρὸς
713 1263 791 1334 μὲ
809 1267 896 1331 είς
930 1265 995 1318 τὸ
1027 1265 1197 1333 ὄρος,
1234 1265 1333 1318 καὶ
1357 1265 1480 1320 ἴσθι
1502 1265 1648 1329 ἐκεῖ,
1681 1265 1779 1319 καί

209 1351 383 1405 δώσω
431 1353 528 1408 σοὶ
563 1355 634 1409 τὰ
678 1355 864 1420 πυξία
913 1357 985 1410 τὰ
1017 1358 1246 1422 λίθινα,
1293 1357 1399 1410 τὸν
1444 1357 1632 1427 νόμον
1679 1357 1778 1411 καὶ

209 1440 315 1506 τὰς
359 1441 629 1508 ἐντολάς.
684 1443 837 1497 Μετὰ
888 1443 1060 1496 ταῦτα
1116 1444 1210 1508 δὲ,
1269 1443 1452 1515 ἐπειδὴ
1499 1445 1557 1498 τὸ
1597 1463 1778 1515 σωμα-

209 1529 361 1581 τικὸν
419 1531 510 1582 καὶ
564 1530 760 1598 γεῶδες
791 1531 1097 1597 ἀπεξύσατο
1142 1531 1230 1585 διά
1264 1533 1362 1603 τῆς
1407 1533 1779 1606 Εύαγγελικῆς

211 1623 504 1692 σαφηνείας
544 1625 572 1676 6
598 1625 756 1693 νόμος
782 1639 794 1652 ’
835 1623 1016 1677 οὐκέτι
1058 1623 1253 1677 λίθινον
1281 1625 1339 1676 τὸ
1372 1624 1659 1695 δεχόμενον
1700 1628 1767 1680 τά

208 1713 510 1783 γράμματα
548 1715 736 1777 πυξίον
789 1715 968 1768 ἐστίν*
1005 1715 1118 1768 ἀλλ’
1172 1717 1234 1767 ὲκ
1279 1715 1371 1768 τοῦ
1425 1716 1682 1788 λαμπροῦ
1715 1735 1775 1771 τε

209 1806 304 1857 καὶ
349 1804 627 1871 νεοξύστου
679 1805 982 1875 ἐλέφαντος.
1031 1806 1103 1859 Τὸ
1145 1807 1252 1876 γάρ
1285 1807 1528 1861 δεκτικὸν
1555 1809 1663 1862 τῶν
1697 1812 1780 1862 ὲν-

1880 635 2216 697 sequuntur,
2251 627 2665 698 perspiciamus.
2725 628 2864 683 Sunt
2902 638 3080 685 autem
3129 631 3444 700 hujusmodi

1879 718 2037 771 verba
2066 717 2284 774 :Venter
2308 720 2420 789 ejus
2445 719 2635 773 tabella
2655 721 2880 774 eburnea
2898 723 2951 774 in
2975 722 3146 790 lapide
3167 725 3438 794 sapphiro.

1880 806 2000 874 Quo
2029 819 2270 880 tempore
2303 812 2582 881 legislator
2613 822 2824 867 naturae
2846 815 3173 885 insculptam
3215 817 3441 886 lapideis

1881 899 2081 955 tabulis
2106 900 2277 969 legem
2313 901 2446 958 Mosi
2478 903 2723 966 tradidit,
2764 905 2884 960 illas
2914 906 3064 975 ipsas
3104 907 3314 964 tabulas
3347 923 3442 978 ap-

1881 991 2099 1058 pellavit
2121 992 2362 1061 lapideas
2401 994 2646 1052 tabellas.
2679 995 2881 1065 quibus
2905 997 3072 1052 divini
3097 998 3442 1056 characteres

1879 1080 2138 1152 insculpti
2175 1092 2330 1140 erant
2355 1085 2420 1140 “.
2457 1084 2547 1140 Sic
2589 1087 2732 1141 enim
2773 1086 2976 1143 Mosem
3006 1089 3293 1158 compellat
3337 1105 3439 1144 suo

1878 1173 1942 1228 de
1965 1173 2050 1229 his
2085 1175 2218 1245 ipsis
2246 1178 2468 1232 oraculo
2495 1195 2508 1229 :
2544 1179 2777 1232 Ascende
2800 1179 2867 1232 ad
2892 1197 2969 1233 me
2997 1181 3051 1234 in
3081 1191 3328 1244 montem,
3358 1190 3442 1236 at-

1876 1282 1972 1335 que
2013 1266 2086 1321 ibi
2114 1277 2242 1322 esto.
2277 1269 2508 1323 Tradam
2533 1272 2668 1338 enim
2702 1270 2796 1324 tibi
2825 1271 3044 1326 tabellas
3075 1273 3332 1342 lapideas,
3367 1274 3441 1328 le-

1876 1376 1988 1428 gem
2020 1377 2080 1413 ac
2105 1361 2278 1414 edicta
2306 1363 2370 1415 ³³.
2403 1359 2710 1416 Secundum
2747 1363 2860 1416 hth
2895 1379 3045 1430 vero,
3088 1374 3441 1436 posteaquam

1879 1450 1962 1504 lex
1995 1451 2098 1506 sibi
2126 1452 2388 1523 quidquid
2421 1467 2744 1522 corporeum
2770 1464 2915 1509 esset
2939 1469 3002 1508 ac
3022 1463 3318 1520 terrenum,
3343 1471 3438 1525 per

1878 1539 2176 1594 claritatem
2225 1540 2587 1609 evangelicam
2645 1540 2802 1608 quasi
2855 1539 3105 1608 poliendo
3153 1541 3430 1596 detraxit:

1878 1645 1986 1684 non
2016 1629 2127 1698 jam
2154 1630 2386 1698 amplius
2428 1629 2478 1682 id
2511 1671 2524 1693 ,
2557 1630 2611 1684 in
2641 1646 2748 1700 quo
2778 1630 2970 1684 littera:
3001 1630 3434 1700 perscribuntur,

1877 1718 2086 1788 lapidea
2162 1720 2354 1774 tabella
2425 1729 2550 1774 est:
2621 1722 2712 1774 sed
2777 1719 2916 1789 facta
2987 1721 3054 1775 dc
3122 1721 3440 1791 splendente

1881 1827 1944 1865 ac
1969 1827 2159 1867 recens
2219 1813 2386 1882 polito
2430 1813 2614 1866 ebore.
2644 1811 2853 1865 Etenim
2904 1813 3006 1866 hoc
3033 1812 3087 1867 in
3125 1813 3244 1868 loco
3279 1812 3437 1879 illud,

207 1894 376 1948 τολῶν
422 1896 514 1948 καὶ
551 1897 658 1950 τῶν
683 1898 880 1968 νόμων,
913 1898 1046 1968 ὅπερ
1079 1896 1254 1950 κοιλία
1286 1897 1600 1969 ὠνόμασται
1623 1941 1638 1966 ,
1669 1918 1774 1953 πυ-

1878 1904 2020 1974 quod
2049 1904 2224 1959 edicta
2253 1913 2306 1959 et
2365 1905 2511 1975 leges
2541 1904 2636 1960 Dei
2690 1904 2907 1975 recipit,
2943 1903 3244 1958 indicatum
3273 1919 3437 1958 voca-

207 1989 321 2055 ξίον
353 1985 490 2043 εἷναί
537 2008 699 2062 φησιν
747 1991 1087 2062 ἐλεφάντινον
1136 1992 1228 2044 ἐπὶ
1269 1991 1414 2045 λίοου
1451 1995 1768 2065 σαπφείρου.

207 2081 432 2153 Πρῶτον
464 2083 519 2136 δὲ
565 2081 716 2154 οἶμαι
763 2085 958 2156 χρῆναι
1007 2084 1068 2137 τὸ
1116 2086 1422 2156 σωματικὸν
1471 2087 1773 2158 ὑπόδειγμα

208 2175 440 2248 φανερὸν
465 2175 542 2247 τῷ
585 2176 727 2248 λόγῳ
758 2177 998 2246 ποιῆσαι,
1031 2172 1130 2230 εἶθ’
1166 2177 1339 2242 οὕτως
1385 2178 1478 2230 ἐπὶ
1510 2178 1609 2249 τὴν
1638 2177 1772 2231 θεω-

211 2266 334 2337 ρίαν
368 2266 474 2320 τῶν
498 2269 802 2336 εἰρημένων
839 2267 1034 2321 ἐλθεῖν.
1065 2269 1273 2322 Πυκνόν
1299 2286 1349 2321 τι
1381 2267 1532 2333 ξύλον
1558 2271 1590 2339 ἡ
1614 2268 1774 2336 πύξις

206 2357 326 2410 ἐστὶ
371 2358 463 2412 καὶ
508 2357 822 2423 ὑπόλευκον,
869 2359 964 2428 ἀφ’
1004 2355 1072 2430 ἦς
1116 2344 1516 2430 φιλοτεχνοῦσιν
1560 2360 1774 2423 ἑαυτοῖς

207 2449 460 2514 πίνακας,
484 2445 565 2512 οἷς
585 2449 692 2503 τῶν
719 2451 1058 2522 γραμμάτων
1096 2452 1264 2522 μέλει.
1299 2452 1374 2506 Τὸ
1403 2453 1577 2505 τοίνυν
1596 2451 1772 2506 τοιοῦ-

134 2568 142 2574 -
207 2556 300 2592 τον
330 2541 575 2595 πινάκιον
606 2541 681 2616 ,τὸ
729 2541 862 2612 πρὸς
909 2543 1008 2612 τὴν
1054 2542 1160 2595 τῶν
1209 2544 1549 2613 γραμμάτων
1587 2543 1774 2614 χρείαν

207 2631 732 2702 κατεσκευασμένον,
765 2633 869 2688 κᾶν
911 2633 996 2703 ἐφ’
1040 2634 1227 2704 ἑτέρας
1272 2634 1403 2704 ὕλης
1442 2633 1577 2706 τύχῃ
1619 2633 1766 2702 γενόο

212 2741 390 2792 μενον,
440 2723 626 2790 πυξίον
674 2725 1123 2796 καταχρηστικῶς
1171 2725 1510 2796 ὀνομάζεται.
1567 2723 1773 2780 Οὐκοῦν

209 2813 395 2878 πυξίον
424 2814 772 2878 ἀκούσαντες,
817 2814 957 2870 λεῖόν
989 2834 1042 2869 τι
1084 2816 1274 2879 σκεῦος
1315 2815 1614 2885 ἐπιτήδειον
1639 2816 1775 2887 πρὸς

207 2908 550 2978 γραμμάτων
619 2909 882 2980 ὑποδοχὴν
951 2911 1328 2982 ἐνενοήσαμεν.
1403 2911 1557 2965 Ἐπεὶ
1595 2912 1774 2964 τοίνυν

207 2999 424 3066 γενικόν
467 3017 519 3052 τι
566 2999 673 3053 τῶν
715 3000 968 3055 τοιούτων
1013 3002 1255 3056 πινάκων
1289 3002 1458 3074 ὄνομα
1493 3003 1554 3056 τὸ
1587 3003 1775 3070 πυξίον

209 3089 388 3144 ἐστίν·
422 3089 654 3144 ἐνταῦθα
702 3093 793 3145 καὶ
836 3092 895 3146 τὸ
941 3088 1078 3156 εἶδος
1115 3093 1214 3164 τῆς
1263 3092 1395 3164 ὕλης
1437 3095 1516 3165 τῷ
1560 3095 1774 3148 ὑποδεί-

1873 1993 2002 2048 bulo
2036 1995 2258 2056 ventris,
2302 2009 2422 2048 esse
2448 1993 2641 2049 tabella
2672 1992 2909 2048 eburnea
2935 1993 3135 2048 dicitur
3175 1993 3230 2046 in
3257 1991 3440 2062 lapide

1875 2090 2152 2160 sapphiro.
2194 2089 2369 2160 Atque
2399 2091 2502 2144 hoc
2558 2092 2866 2162 exemplum
2895 2105 3214 2161 corporeum
3261 2090 3438 2160 primo

1873 2181 2031 2235 nobis
2058 2178 2442 2235 declarandum
2503 2180 2764 2243 arbitror,
2818 2186 2980 2250 atque
3039 2180 3114 2234 ita
3148 2177 3345 2233 deinde
3367 2177 3436 2230 ad

1874 2271 2383 2342 contemplationem
2401 2271 2688 2326 verborum
2709 2271 3068 2326 iudicatorum
3089 2269 3433 2324 veniendum.

1874 2362 2112 2418 Densum
2143 2361 2413 2433 quoddam
2463 2372 2517 2417 et
2562 2363 2847 2418 subalbum
2880 2363 3083 2436 lignum
3118 2371 3201 2416 est
3235 2361 3438 2424 buxus,

1875 2454 1942 2508 de
1970 2437 2329 2523 quo‘tabcllas
2351 2454 2451 2508 sibi
2492 2453 2806 2518 conﬁciunt,
2842 2453 2934 2522 qui
2963 2452 3204 2508 scribere
3231 2451 3436 2518 volunt.

1874 2543 2196 2614 llujusmodi
2223 2561 2352 2616 ergo
2401 2545 2618 2608 tabella,
2648 2544 2968 2614 scriptionis
2996 2543 3062 2598 ad
3094 2559 3252 2597 usum
3282 2556 3434 2597 com-

1875 2645 2084 2706 parata,
2108 2637 2321 2692 etiamsi
2347 2635 2484 2691 forte
2509 2636 2614 2690 alia
2643 2635 2782 2691 facta
2813 2635 2884 2690 sit
2906 2650 2972 2690 ex
2993 2634 3257 2689 materie:
3280 2631 3440 2704 pyxis

1877 2731 2054 2801 (quasi
2086 2731 2239 2785 dicas
2274 2727 2532 2800 buxeum)
2566 2729 2892 2798 appellatur,
2925 2727 3278 2797 usurpatione
3303 2741 3440 2798 qua-

1875 2821 2000 2874 dam
2021 2820 2171 2875 vocis
2199 2834 2307 2874 non
2335 2817 2573 2890 propria.
2602 2816 2784 2884 Quare
2807 2801 2930 2870 cum
2964 2830 3148 2892 vocem
3180 2815 3319 2869 hanc
3343 2830 3440 2868 au-

1875 2915 2074 2979 dimus,
2129 2913 2554 2968 instrumentum
2591 2910 2864 2981 quoddam
2895 2911 3023 2964 laeve
3071 2918 3126 2963 et
3157 2916 3342 2979 aptum
3369 2905 3440 2962 ad

1876 3001 2215 3073 recipiendas
2256 3001 2464 3056 litteras
2514 2999 2866 3070 intelligimus
2897 3017 2910 3052 :
2941 3006 2996 3053 et
3023 3011 3152 3052 vero
3194 3012 3318 3053 cum
3343 3010 3438 3068 ge-

1875 3095 2060 3150 nerale
2091 3095 2162 3149 sit
2194 3091 2524 3147 vocabulum
2556 3090 2622 3144 ad
2655 3104 2844 3144 omnes
2861 3087 3172 3157 huiusmodi
3204 3086 3439 3154 tabulas,

210 3200 381 3254 γματι
429 3184 458 3236 ὀ
503 3184 661 3254 λόγος
706 3185 1076 3257 προστίθησιν,
1123 3186 1221 3239 οὐκ
1254 3185 1362 3240 ἀπὸ
1388 3186 1543 3251 ξύλου
1577 3186 1767 3256 λέγων,

1878 3187 2083 3241 idcirco
2131 3185 2220 3239 hic
2273 3186 2436 3238 etiam
2498 3181 2746 3236 materiei
2774 3179 2986 3250 species
3032 3179 3266 3234 additur.
3318 3176 3438 3230 Non

210 3277 326 3330 ἀλλ’
350 3278 408 3343 ἐξ
436 3277 721 3346 ἐλέφαντος
752 3273 890 3332 εἶναι
913 3277 1010 3349 τὴν
1037 3279 1376 3350 κατασκευὴν
1405 3279 1615 3346 πυξίου.
1637 3279 1772 3333 Φασὶ

208 3371 288 3435 δὲ,
327 3370 414 3423 διὰ
446 3371 642 3441 πολλὴν
673 3373 979 3442 πυκνότητα
1011 3372 1104 3426 καὶ
1133 3373 1484 3444 στερρότητα,
1521 3372 1580 3425 τὺ
1603 3371 1774 3426 τοιοῦ-

209 3481 300 3516 τον
331 3462 511 3517 ὀστέον
540 3464 772 3536 ἄφθορον
800 3464 1103 3534 διαμένειν,
1146 3466 1229 3534 ἐφ’
1259 3465 1339 3517 ὅτι
1369 3465 1632 3535 μήκιστον
1671 3481 1775 3535 μη-

15 3593 17 3598 ι
107 3631 114 3634 _
209 3554 400 3623 δεμίαν
433 3556 496 3606 ὲκ
530 3554 718 3626 χρόνου
754 3553 955 3624 βλάϐην
987 3553 1440 3626 παραδεχόμενον.
1500 3552 1558 3605 '0
1595 3553 1650 3605 δὲ
1679 3552 1773 3606 σά-

211 3662 438 3717 πφειρος
477 3645 552 3716 τῷ
581 3644 762 3716 κυανῷ
795 3645 922 3698 εῖδει
953 3643 1053 3713 τῆς
1080 3647 1266 3715 χροιᾶς
1310 3645 1389 3707 εἰς
1422 3642 1773 3714 παραμυθίαν

209 3737 305 3790 τοῦ
341 3737 582 3806 καμάτου
615 3734 724 3788 τῶν
765 3735 1054 3806 ὀφθαλμῶν
1103 3736 1433 3800 ἐπινοεῖται,
1483 3737 1593 3798 τοῖς
1624 3734 1772 3803 φιλο-

212 3829 390 3891 πόνως
440 3826 830 3898 προσανέχουσι
877 3825 953 3897 τῷ
1005 3826 1515 3898 καταγεγραμμένῳ
1562 3825 1771 3896 πυξίῳ,

213 3919 456 3991 φυσικῶς
501 3920 599 3989 τῆς
643 3919 893 3988 τοιαύτης
946 3918 1122 3987 αὐγῆς
1166 3918 1263 3982 τὰς
1306 3918 1456 3986 όψεις
1483 3917 1552 3970 δι’
1577 3917 1776 3988 ἑαυτῆς

212 4010 616 4081 ἀναπαυούσης.
662 4009 736 4062 Τὸ
763 4008 861 4079 μὲν
887 4003 979 4061 οὖν
1009 4009 1326 4078 ὑπόδειγμα,
1357 4001 1403 4076 ᾧ
1435 4007 1523 4061 διὰ
1551 4007 1776 4079 συγκρί-

214 4122 351 4168 σεως
393 4101 666 4174 ὁμοιοῦται
713 4101 746 4172 ἡ
792 4099 1246 4170 ὲγκωμιαζομένη
1297 4100 1395 4170 τῆς
1454 4099 1777 4170 Ἔκκλησίας

215 4195 408 4256 κοιλία,
433 4193 669 4247 τοιοῦτόν
698 4194 864 4246 ἐστιν.
910 4191 1049 4260 Ἐγὼ
1070 4191 1126 4244 δὲ
1153 4191 1302 4262 παρὰ
1321 4191 1416 4260 τῆς
1444 4189 1775 4262 προφητείας

214 4287 452 4348 ἀκούσας
512 4284 668 4338 τοῦτο
715 4283 1164 4354 διακελευομένης
1217 4285 1281 4335 ὲκ
1335 4281 1623 4352 προσώπου
1683 4281 1776 4335 τοῦ

213 4381 370 4445 Θεοῦ,
412 4383 489 4434 ὃτι
538 4380 749 4451 Γράψον
789 4379 975 4448 ὅρασιν
1022 4375 1208 4444 σαφῶς
1239 4377 1296 4438 ἐς
1329 4374 1538 4440 πυξίον,
1575 4373 1778 4428 ἔννοιαν

213 4473 503 4541 λαμϐάνω,
553 4472 720 4524 τίδιὰ
761 4469 854 4525 τοῦ
902 4469 1164 4539 ὀνόματος
1203 4469 1302 4539 τῆς
1346 4467 1552 4532 κοιλίας
1600 4470 1658 4522 ὲν
1701 4469 1778 4540 τῷ

1873 3279 2015 3334 enim
2045 3277 2177 3331 dicit
2201 3291 2266 3330 ex
2296 3276 2472 3345 ligno,
2501 3274 2595 3328 sed
2631 3273 2796 3328 ebore
2851 3271 3051 3326 factum
3082 3286 3220 3341 opus
3276 3268 3440 3338 hujus

1875 3370 2102 3425 tabellae.
2132 3367 2389 3422 Traditur
2418 3374 2597 3422 autem
2640 3364 2956 3434 hujusmodi
2986 3363 3129 3417 ossis
3157 3376 3277 3416 eam
3318 3374 3441 3414 esse

1874 3460 2196 3515 densitatem
2231 3473 2292 3510 ac
2351 3455 2696 3518 soliditatem,
2732 3461 2791 3506 ut
2839 3451 3150 3507 diutissime
3191 3450 3441 3504 incorru-

1873 3561 2022 3624 ptum
2062 3557 2296 3617 maneat,
2320 3549 2559 3618 nihilque
2589 3545 2903 3602 detrimenti
2942 3560 2973 3598 a
3019 3555 3259 3613 tempore
3294 3541 3440 3596 acci-

1874 3647 2005 3716 piat.
2049 3641 2348 3722 Sgpphirus
2379 3647 2558 3695 autem
2606 3639 2790 3693 colore
2840 3637 3134 3692 caeruleum
3193 3635 3440 3689 imitante

1874 3745 2086 3792 recreat
2125 3735 2378 3808 fatigatos
2433 3749 2624 3792 eorum
2660 3732 2879 3794 oculos,
2934 3729 3029 3800 qui
3059 3727 3303 3783 studiose
3350 3723 3437 3778 in-

1874 3829 2007 3884 tenti
2041 3836 2169 3884 sunt
2199 3830 2409 3884 tabellae
2436 3830 2564 3885 huic
2583 3829 2781 3882 litteris
2807 3824 3025 3894 repletae
3053 3841 3066 3876 :
3097 3819 3241 3888 quod
3271 3833 3302 3870 a
3334 3831 3430 3871 na-

1875 3930 1998 3977 tura
2037 3922 2119 3977 sic
2169 3931 2540 3992 comparatum
2595 3921 2684 3982 ﬁt,
2720 3927 2779 3972 ut
2814 3913 3128 3985 huiusmodi
3185 3908 3442 3980 splendor

1875 4013 2066 4066 oculos
2109 4011 2335 4066 reﬁciat.
2405 4009 2536 4064 Tale
2590 4009 2756 4080 igitur
2810 4004 2943 4060 illud
2978 4010 3062 4058 est
3110 3998 3438 4068 exemplum,

1877 4120 2131 4175 cumquo
2154 4111 2342 4159 venter
2365 4100 2622 4157 Ecclesiae
2648 4101 2704 4154 in
2734 4099 2838 4153 hoc
2867 4094 3116 4152 encomio
3164 4104 3442 4162 compara-

1877 4207 1983 4251 tur.
2013 4197 2280 4250 Carterum
2328 4210 2448 4250 cum
2501 4190 2797 4264 prophetia:
2853 4188 3062 4242 librum
3101 4185 3157 4239 in
3205 4194 3438 4253 persona

1879 4275 1972 4342 Dei
2010 4289 2110 4341 hac
2147 4286 2527 4341 exhortatione
2556 4284 2636 4337 uti
2667 4281 2852 4344 audio;
2888 4277 3078 4333 Scribe
3109 4275 3287 4330 visum
3314 4275 3438 4337 hoc,

1878 4391 1932 4436 et
1955 4381 2171 4450 quidem
2202 4380 2346 4434 clare
2373 4379 2426 4431 in
2480 4376 2734 4432 tabellam
2776 4392 2790 4427 :
2841 4385 3054 4426 mecum
3093 4369 3211 4438 ipse
3235 4365 3438 4436 cogito,

1878 4472 2007 4543 quid
2038 4487 2131 4542 per
2175 4469 2492 4525 vocabulum
2549 4466 2758 4521 ventris
2811 4465 2867 4518 in
2919 4474 3148 4530 corpore
3198 4455 3437 4522 Domini,

216 4565 589 4635 ἐπαινουμένῳ
632 4563 844 4633 σώματι
871 4559 964 4616 τοῦ
994 4561 1198 4632 Κυρίου
1223 4562 1490 4632 προσήκει
1520 4563 1657 4614 νοεῖν
1680 4577 1694 4590 ’
1731 4564 1777 4616 εί

1883 4563 2026 4635 quod
2056 4563 2142 4616 hic
2171 4562 2441 4626 laudatur,
2463 4557 2770 4628 intelligere
2790 4553 3100 4610 conveniat.
3131 4550 3268 4616 Quia
3296 4547 3443 4602 enim

211 4656 326 4730 γάρ
357 4657 453 4728 τὴν
485 4656 630 4710 θείαν
672 4658 855 4727 ὅρασιν
899 4655 1082 4723 σαφῶς
1115 4655 1407 4726 ἐγγράφειν
1450 4655 1527 4724 τῷ
1558 4653 1730 4723 πυξίῳ
1753 4655 1782 4706 6

214 4751 372 4819 λόγος
405 4748 793 4814 διακελεύεται,
819 4749 955 4818 τάχα
982 4747 1040 4800 τὸ
1069 4747 1305 4818 καθαρὸν
1331 4748 1427 4815 τῆς
1459 4747 1705 4817 καρδίας,
1737 4742 1782 4817 ᾧ

211 4845 303 4898 διὰ
345 4843 446 4912 τῆς
497 4842 716 4912 μνήμης
759 4840 857 4904 τὰς
900 4839 1046 4902 θείας
1078 4839 1290 4909 ὁράσεις
1328 4840 1781 4910 ἀπογραφόμεθα,

211 4935 293 5003 τῷ
317 4935 416 5002 τῆς
443 4932 647 4994 κοιλίας
686 4931 906 5000 ὀνόματι
931 4930 1290 5000 διασημαίνει.
1329 4929 1592 5000 Καθάπερ
1620 4932 1647 4982 6
1671 4931 1784 4983 δια-

218 5027 433 5087 στείλας
461 5024 522 5076 τὸ
554 5023 727 5092 στόμα
761 5021 854 5074 τοῦ
893 5022 1124 5093 μεγάλου
1171 5019 1444 5091 Ἰεζεκιὴλ,
1489 5022 1584 5073 καὶ
1611 5020 1785 5084 ἐνθεὶς

216 5117 365 5185 αὐτῷ
393 5117 490 5186 τὴν
523 5113 786 5182 κεφαλίδα
817 5113 908 5166 τοῦ
939 5112 1161 5181 βιϐλίου,
1210 5111 1389 5181 πλήρη
1443 5111 1784 5181 γραμμάτων

220 5207 342 5261 καθ’
395 5207 650 5276 ἑκάτερον
697 5201 898 5266 οὖσαν,
954 5202 1094 5259 κατά
1146 5221 1204 5256 τε
1252 5203 1312 5254 τὸ
1367 5201 1564 5268 ἔξωθεν
1622 5202 1783 5256 αὐτοῦ

221 5298 318 5351 καὶ
371 5297 430 5350 τὸ
457 5296 655 5350 ἔσωθεν
681 5315 693 5327 ·
741 5297 873 5366 φησὶ⁹
919 5295 1053 5367 πρὸς
1089 5294 1268 5358 αὑτὸν,
1310 5296 1388 5348 ὅτι
1468 5295 1534 5348 Τὸ
1595 5296 1787 5363 στόμα

220 5403 341 5443 σου
389 5387 660 5457 φάγεται,
713 5388 811 5443 καὶ
865 5388 904 5454 ἠ
955 5371 1154 5442 κοιλία
1194 5403 1309 5440 σου
1347 5387 1784 5453 πλησθήσεται.

222 5479 300 5532 Τὸ
341 5480 668 5550 διανοητικόν
718 5481 820 5550 τῆς
885 5478 1060 5550 ψυχῆς
1120 5470 1163 5544 ᾧ
1231 5476 1521 5530 ἐναπέθετο
1558 5478 1627 5529 τά
1672 5478 1788 5530 θεῖα

231 5571 563 5645 μαθήματα,
650 5573 854 5627 κοιλίαν
942 5572 1404 5643 προσαγορεύσας.
1487 5571 1785 5642 Παραπληκ

225 5660 357 5723 σίως
411 5659 466 5710 δὲ
528 5661 620 5714 καὶ
675 5661 765 5714 τὸν
797 5661 971 5733 μέγαν
1021 5659 1310 5732 Ἱερεμίαν,
1353 5660 1450 5733 τὴν
1522 5661 1625 5713 ὑπὸ
1681 5661 1787 5713 τῶν

301 5836 351 5870 ³⁵
381 5834 553 5891 Exod.
587 5855 771 5907 xxxrv,
795 5837 888 5895 29.
964 5839 1008 5871 ³⁵
1031 5838 1200 5895 Exod.
1241 5855 1386 5903 xxiv,
1423 5839 1503 5892 ιιι.

1882 4659 2058 4710 visum
2087 4654 2218 4708 illud
2269 4652 2509 4707 divinum
2574 4651 2721 4704 clare
2777 4645 3000 4703 inscribi
3048 4642 3259 4698 tabella:
3303 4640 3444 4704 vult,

1885 4740 2118 4795 fortasse
2163 4739 2343 4793 cordis
2381 4739 2698 4806 puritatem,
2727 4736 2814 4790 cui
2865 4749 2961 4802 per
2987 4731 3303 4785 memoriam
3328 4728 3452 4783 visa-

1885 4832 2067 4886 divina
2118 4831 2487 4893 inscribimus,
2539 4827 2744 4882 ventris
2797 4823 3156 4905 appellatione
3200 4821 3444 4876 denotat.

1885 4921 2348 4988 Quemadmodum
2389 4928 2443 4972 et
2507 4919 2574 4984 is,
2621 4918 2714 4987 qui
2751 4917 2933 4987 magni
2983 4914 3256 4985 propheta:
3308 4909 3446 4964 Eze-

1885 5015 2073 5069 chielis
2102 5028 2163 5066 os
2202 5011 2433 5080 aperuit,
2483 5009 2646 5079 inque
2670 5008 2773 5061 lioc
2829 5007 2952 5060 libri
2982 5005 3232 5059 volumen
3262 5000 3450 5072 posuit

1889 5110 2140 5177 utrinque
2165 5105 2360 5160 litteris
2386 5101 2667 5167 refertum,
2700 5101 2944 5156 exterius
2980 5106 3033 5152 et
3065 5097 3295 5150 interius
3328 5092 3443 5158 :ait

1887 5203 2094 5256 ad'eum
2112 5198 2380 5254 :Comedet
2400 5215 2454 5252 os
2477 5207 2646 5262 tuum,
2662 5213 2722 5250 ac
2745 5205 2916 5250 venter
2935 5202 3052 5246 tuus
3080 5189 3360 5258 replebitur
3376 5186 3448 5239 ".

1887 5293 2096 5360 Quibus
2119 5295 2172 5346 in
2208 5293 2386 5347 verbis
2431 5298 2618 5344 venter
2647 5289 2967 5358 appellatur,
3014 5299 3139 5354 pars
3163 5279 3332 5334 animi
3362 5279 3451 5332 in-

1892 5385 2138 5454 telligens
2163 5389 2216 5437 et
2262 5383 2470 5434 ratione
2501 5377 2745 5447 praedita,
2770 5377 2825 5428 in
2859 5387 2963 5442 qua
2990 5370 3249 5425 divinitus
3294 5378 3449 5428 acce-

1893 5487 1982 5546 pta
2025 5477 2180 5546 quasi
2227 5472 2546 5526 collocabat.
2593 5468 2852 5521 Similiter
2893 5470 2946 5517 et
3003 5475 3258 5533 magnum
3293 5458 3448 5512 illum

1893 5567 2216 5622 Hieremiam
2247 5565 2448 5618 scimus
2483 5576 2575 5616 cor
2595 5573 2750 5614 suum
2788 5553 3013 5610 miriﬁce
3035 5569 3064 5605 a
3112 5549 3360 5606 tristibus
3381 5547 3448 5620 ile

1893 5661 1959 5714 lis
1976 5657 2392 5730 cogitationibus
2415 5654 2696 5713 amictum.
2725 5656 2963 5737 ventrem
2983 5644 3304 5718 appellasse,
3326 5653 3462 5715 cum.

1603 5839 1647 5870 "
1677 5835 1874 5893 Ezech.
1915 5851 1996 5905 ιιι,
2028 5837 2085 5890 ὅ.
