4028 6530
453 460 592 521 1075
646 458 649 460 ’

1647 459 1705 515 S.
1749 458 2072 516 GREGORII
2109 459 2398 518 NYSSENI

3543 459 3686 515 1076

453 575 528 632 ait
558 593 573 632 :
613 571 800 629 Venter
826 573 956 628 mihi
983 571 1155 638 dolet,
1177 580 1227 627 et
1255 588 1436 628 remus
1463 573 1638 630 cordis
1670 577 1770 630 mei
1796 577 2018 630 turban-

2125 577 2459 650 σκυθρωπῶν
2500 575 2722 630 ἐκείνων
2752 576 3037 646 νοημάτων
3067 572 3408 642 δδυνωμένην
3434 572 3687 642 καρδίαν.

455 679 542 722 tur
569 669 637 726 ³⁷.
682 663 837 733 Quod
861 665 910 721 si
939 665 1102 720 etiam
1140 663 1344 735 aliquid
1400 665 1705 721 addendum
1733 675 1817 722 est
1838 681 1904 722 ex
1928 682 2017 724 sa-

454 760 564 813 cris
592 756 835 817 Litteris.
867 752 1014 825 quod
1039 753 1244 809 certius
1272 754 1327 808 in
1373 755 1512 810 hanc
1538 757 1873 811 sententiam
1913 773 2016 814 nos

454 855 652 910 ducat,
705 843 1046 916 proferamus
1107 845 1162 900 id
1203 846 1350 916 quod
1393 847 1457 901 ad
1518 847 1639 904 illos
1696 850 1790 919 qui
1839 849 2057 906 credi»

456 937 671 993 derant.
698 936 957 990 Dominus
986 935 1142 990 dixit.
1173 936 1265 991 Ait
1286 937 1430 992 enim
1462 954 1615 1009 aqua:
1640 941 1770 995 vivae
1795 940 2017 997 flumina

455 1045 519 1083 ex
552 1029 767 1084 illorum
789 1035 978 1083 ventre
1003 1043 1346 1098 promanare,
1377 1032 1470 1101 qui
1491 1032 1543 1086 in
1569 1035 1748 1104 ipsum
1772 1037 2014 1090 credant.

461 1115 634 1174 Verba
668 1128 795 1173 sunt
828 1119 1141 1189 huiusmodi
1168 1138 1181 1174 :
1211 1121 1506 1188 Qui'credit
1545 1125 1600 1177 in
1638 1141 1737 1190 me,
1767 1125 2019 1196 quemad-

455 1206 668 1262 modum
693 1208 820 1262 dicit
849 1206 1158 1278 Scriptura,
1191 1209 1254 1264 de
1279 1210 1442 1266 illius
1463 1222 1636 1268 ventre
1667 1231 1845 1272 amnes
1867 1233 2020 1287 aqua:

456 1301 581 1355 vim
611 1301 873 1370 proﬂuent
921 1301 985 1355 ⁸⁸.
1038 1300 1114 1357 De
1157 1302 1245 1359 his
1297 1304 1459 1375 igitur
1509 1307 1763 1364 omnibus
1801 1309 1856 1363 in
1881 1311 2021 1365 hanc

456 1393 782 1448 sententiam
829 1392 1174 1462 adducimur,
1205 1404 1266 1450 ut
1303 1405 1606 1455 statuamus
1656 1416 1752 1471 per
1780 1403 2019 1458 vocabu-

458 1482 572 1538 lum
610 1483 818 1540 ventris
871 1499 968 1541 cor
1016 1501 1213 1556 purum
1269 1487 1698 1560 intelligendum,
1747 1493 1891 1564 quod
1963 1494 2021 1549 fit

459 1575 657 1631 tabella
685 1575 882 1632 divinae
899 1577 1031 1648 legis
1057 1578 1112 1631 in
1133 1577 1262 1640 illis,
1299 1579 1390 1648 qui
1419 1581 1500 1648 (ut
1518 1581 1808 1652 Apostolus
1839 1586 2021 1656 loqui-

459 1675 550 1721 tur
581 1666 650 1726 ")
705 1668 1006 1723 ostendunt
1047 1683 1160 1723 rem
1193 1669 1327 1740 legis
1381 1671 1638 1742 scriptam
1670 1675 1724 1728 in
1765 1677 2021 1733 cordibus

459 1756 579 1812 suis
604 1771 714 1811 non
742 1765 1084 1823 atramento,
1128 1757 1223 1815 sed
1269 1759 1471 1830 Spiritu
1521 1760 1615 1818 Dei
1657 1766 1784 1828 vivi,
1824 1767 2023 1826 litteris

461 1845 777 1916 huiusmodi
808 1847 1100 1920 insculptis
1144 1852 1346 1916 animo,
1376 1868 1484 1908 non
1517 1855 1744 1926 lapideis
1779 1860 1834 1915 in
1863 1862 2023 1916 tabu-

459 1937 531 1994 lis
561 1937 1037 2010 (quemadmodum
1076 1941 1202 1998 item
1245 1943 1537 2014 Apostolus
1567 1921 1684 2015 ait),
1717 1950 1808 2006 sed
1839 1952 2021 2011 cordis
2052 1921 2095 1977 Β

460 2028 516 2084 in
549 2029 748 2084 tabella
772 2029 843 2095 “,
882 2046 1002 2101 qua:
1030 2048 1189 2102 pura,
1214 2051 1335 2104 quae
1362 2037 1518 2102 levis,
1545 2054 1665 2109 qua:
1687 2039 1887 2114 fulgida
1914 2053 2017 2100 est.

459 2120 596 2176 Nam
636 2119 947 2192 hujusmodi
978 2139 1100 2181 esse
1139 2128 1392 2183 convenit
1423 2139 1630 2200 partem
1669 2134 1833 2189 animi
1871 2137 2021 2205 prin-

460 2213 668 2284 cipem,
704 2221 764 2269 ut
802 2215 855 2271 ei
900 2216 1050 2271 clara
1099 2217 1428 2289 minimeque
1463 2221 1688 2276 confusa
1713 2224 2021 2283 divinorum

460 2305 800 2361 oraculorum
833 2309 1093 2362 memoria
1122 2309 1495 2380 imprimatur;
1526 2314 1690 2369 veluti
1720 2315 2025 2388 signiﬁcan-

459 2395 608 2452 tibus
634 2397 957 2469 quibusdam
988 2399 1184 2456 litteris
1209 2401 1487 2457 distincta.
1515 2403 1630 2462 Tali
1663 2424 1791 2462 vero
1817 2412 2026 2468 tabellae

461 2487 531 2543 ad
563 2491 867 2546 encomium
905 2492 1109 2548 ventris
1147 2493 1534 2550 absolvendum
1572 2499 1794 2568 pulchre
1831 2503 2026 2572 adjun-

461 2577 606 2656 gitur
628 2580 787 2634 etiam
812 2582 1120 2651 sapphirus.
1151 2583 1360 2640 Etenim
1385 2587 1624 2656 sapphiri
1655 2591 1909 2659 splendor
1930 2610 2025 2649 cae-

461 2669 648 2726 ruleus
673 2679 776 2726 est.
801 2671 974 2742 Atque
999 2673 1101 2730 hoc
1129 2677 1360 2747 aenigma
1383 2679 1617 2734 consulit
1646 2683 1823 2744 nobis.
1847 2695 1906 2739 ut
1930 2702 2025 2742 cor

461 2771 711 2817 nostrum
735 2778 800 2818 ea
831 2778 951 2833 quae
979 2780 1197 2821 sursum
1227 2776 1354 2822 sunt
1392 2771 1523 2824 velit
1555 2786 1621 2826 ac
1653 2776 1928 2844 respiciat,
1964 2788 2018 2834 et

461 2851 624 2908 isthic
676 2852 865 2909 oculos
899 2854 1168 2924 oblectet,
1201 2858 1289 2912 ubi
1328 2858 1651 2915 thesaurum
1699 2880 1857 2919 suum
1890 2883 2022 2923 con-

461 2943 632 2998 ditum
661 2943 843 3012 habet;
873 2946 946 3000 ita
979 2955 1041 3000 ut
1065 2949 1119 3002 in
1152 2950 1480 3006 attendendo
1513 2953 1713 3011 divinis
1740 2963 2022 3029 praeceptis

461 3048 571 3088 non
592 3032 876 3106 fatigetur,
904 3052 1001 3107 spe
1031 3039 1238 3094 caelesti
1259 3053 1538 3100 recreante
1567 3050 1822 3104 cernendi
1849 3051 2018 3108 facul-

461 3132 650 3192 tatem,
677 3142 799 3197 quae
819 3127 1014 3184 anima:
1042 3131 1215 3188 oculis
1248 3133 1410 3191 inest.

2116 671 2319 725 κοιλίαν
2367 670 2607 739 ἔγνωμεν
2649 665 3001 739 ὀνομάζοντα,
3035 666 3114 720 διό
3161 682 3324 736 φησιν
3359 680 3370 694 ·
3428 664 3510 717 ὅτι
3566 663 3688 729 Τὴν

2115 764 2353 818 κοιλίαν
2370 761 2489 832 μοῦ
2511 759 2692 829 ἀλγῶ,
2720 758 2817 812 καί
2845 757 2916 811 τὰ
2936 757 3285 825 αἰσθητήρια
3306 754 3414 823 τῆς
3437 755 3688 821 καρδίας

2109 857 2230 927 μοῦ
2275 853 2624 926 μαιμάσσει.
2664 853 2727 906 Ei
2758 851 2815 904 δὲ
2857 850 2962 922 χρὴ
3003 849 3064 903 τὺ
3107 847 3435 922 κυριώτερον
3466 847 3575 899 τῶν
3604 849 3686 910 είς

2115 951 2213 1021 τὴν
2243 948 2479 1001 διάνοιαν
2505 943 2707 1016 ταύτην
2734 943 3067 1013 ὁδηγούντων
3093 941 3241 1011 ἡμᾶς
3271 939 3376 992 ἀπὸ
3404 939 3503 1007 τῆς
3535 937 3688 997 θείας

2117 1038 2457 1112 παραθέσθαι
2485 1037 2686 1107 φωνῆς,
2721 1033 2877 1088 τοῦτό
2906 1049 3103 1103 φαμεν,
3145 1032 3334 1098 ὅτιπερ
3382 1029 3519 1099 πρὸς
3557 1027 3688 1090 τοὺς

2119 1131 2546 1192 πεπιστευκότας
2579 1124 2728 1182 εἶπεν
2764 1129 2793 1180 ὁ
2835 1125 3068 1198 Κύριος·
3113 1122 3386 1192 ποταμοὺς
3416 1120 3587 1187 λέγων
3620 1122 3686 1171 ὲκ

2117 1224 2220 1295 τῆς
2247 1221 2452 1284 κοιλίας
2491 1219 2631 1292 ῥέειν
2672 1217 2860 1279 ὓδατος
2901 1215 3099 1280 ζῶντος
3141 1211 3248 1265 τῶν
3293 1213 3370 1272 είς
3399 1211 3560 1264 αὑτὸν
3590 1227 3685 1261 πι-

2121 1315 2435 1368 στευόντων.
2470 1311 2622 1381 Ἔχει
2650 1308 2707 1362 δὲ
2729 1306 2899 1370 οὕτως
2920 1306 2954 1376 ἠ
2981 1303 3122 1368 λέξις
3141 1319 3154 1331 ·
3195 1303 3247 1354 '0
3275 1301 3573 1354 πιστεύων
3597 1301 3689 1364 εἰς

2117 1408 2244 1478 ἐμὲ,
2266 1406 2457 1471 καθὼς
2472 1400 2640 1458 εἶπεν
2655 1401 2693 1468 ἠ
2712 1398 2942 1469 Γραςρὴ,
2960 1395 3211 1465 ποταμοί
3230 1394 3297 1448 ἑκ
3319 1393 3430 1461 τῆς
3451 1393 3686 1458 κοιλίας

2119 1499 2305 1554 αὐτοῦ
2327 1497 2662 1567 ῥεύσουσιν
2683 1492 2900 1557 ὕδατος
2923 1487 3154 1554 ζῶντος.
3197 1484 3295 1538 Διά
3329 1485 3544 1539 πάντων
3575 1483 3685 1536 τοί-

2121 1611 2213 1647 νυν
2257 1591 2364 1645 τῶν
2408 1587 2729 1660 εἰρημένων,
2777 1583 2874 1654 τὴν
2915 1579 3161 1652 καθαρὰν
3207 1577 3432 1651 καρδίαν
3469 1575 3557 1628 διὰ
3587 1573 3685 1626 τοῦ

2120 1685 2219 1755 τῆς
2258 1681 2460 1744 κοιλίας
2508 1678 2766 1749 ὀνόματος
2804 1675 2944 1729 νοεῖν
2989 1670 3311 1742 ὲναγόμεθα,
3344 1669 3465 1740 ἥτις
3493 1665 3686 1730 πυξίον

2120 1777 2215 1830 τοῦ
2237 1775 2381 1828 θείου
2409 1773 2617 1843 γίνεται
2653 1770 2815 1842 νόμου
2839 1786 2853 1799 ο
2889 1766 3019 1833 τῶν,
3062 1762 3242 1826 καθώς
3267 1776 3428 1832 φησιν
3454 1761 3482 1812 ὁ
3528 1756 3690 1809 Ἀπό-

2127 1869 2330 1932 στολος,
2363 1863 2780 1934 ἐνδεικνυμένων
2823 1859 2882 1914 τὸ
2912 1858 3068 1931 ἔργον
3093 1854 3186 1908 τοῦ
3215 1853 3400 1924 νόμου,
3441 1847 3689 1922 γραπτὸν

2123 1962 2181 2015 ὲν
2221 1961 2340 2022 ταῖς
2385 1956 2632 2029 καρδίαις
2659 1951 2857 2019 αὐτῶν,
2907 1951 2968 2004 οὐ
3003 1948 3212 2020 μέλανι,
3247 1940 3688 2010 ἁλλὰ-Πνεῦματι

2124 2051 2258 2106 Θεοῦ
2283 2049 2502 2115 ζῶντος,
2525 2042 3009 2117 έγχαρασσομένων
3039 2041 3105 2110 τῇ
3134 2037 3278 2108 ψυχῇ
3298 2034 3408 2088 τῶν
3429 2031 3688 2086 τοιούτων

2125 2140 2486 2214 γραμμάτων,
2514 2138 2613 2190 οὐκ
2643 2137 2702 2188 ὲν
2734 2133 2896 2200 πλαξὶ
2938 2130 3186 2221 λιθίναις,
3236 2124 3414 2221 καθῶς
3461 2139 3624 2221 φησιν
3645 2120 3690 2221 .6

2139 2212 2477 2295 ’Ᾰπόστολος,
2511 2227 2625 2284 ἀλλ’
2667 2229 2724 2280 έν
2760 2225 2836 2296 τῷ
2860 2223 2959 2293 τῆς
2987 2220 3213 2291 καρδίας
3238 2215 3432 2284 πυξίιρ,
3459 2212 3686 2282 καθαρῷ

2126 2343 2185 2380 τε
2214 2326 2327 2379 ὄντι
2369 2322 2462 2376 καί⁷
2486 2318 2634 2391 λείῳ,
2674 2317 2767 2372 καὶ
2806 2313 3090 2370 στίλϐοντι.
3131 2307 3380 2405 Τοιοῦτον
3411 2304 3520 2405 γάρ
3553 2300 3688 2405 slva:

2127 2419 2233 2490 χρὴ
2260 2417 2320 2470 τὸ
2347 2413 2667 2487 ἡγεμονικὸν
2689 2410 2790 2480 τῆς
2815 2407 3014 2478 ψυχῆς,
3045 2397 3415 2502 (imre-spath
3452 2397 3507 2502 ἓν
3539 2395 3690 2502 αἶνξῷ

2128 2487 2231 2564 καὶ.
2266 2506 2568 2576 ἀσύγχυτον
2611 2501 2720 2555 τῶν
2760 2499 2917 2553 θείων
2952 2495 3146 2565 λογίων
3183 2487 3568 2576 ὲντυποῦσθαιᾼ
3590 2487 3689 2556 τὴν

2130 2574 2550 2670 μνήμηνίοῖόν
2593 2609 2702 2646 τισι
2754 2590 3071 2661 γράμμασιν
3119 2574 3692 2686 εὐσημοιςΙδιηρθρω-

2131 2692 2320 2762 μένην.
2360 2686 2555 2750 Καλῶς
2580 2684 2637 2738 δὲ
2664 2679 3141 2754 συμπαρείληπται
3166 2675 3242 2745 τῷ
3263 2675 3488 2740 τοιούτῳ
3516 2675 3693 2762 πυξῐιρ

2127 2759 2261 2856 πρὸς
2290 2780 2380 2834 τὸν
2427 2779 2524 2849 τῆς
2555 2774 2757 2837 κοιλίας
2792 2773 3006 2824 ἔπαινον
3040 2769 3132 2822 καὶ
3170 2769 3198 2820 ὁ
3229 2759 3694 2856 σάπφειρος.-οι’ς

2131 2851 2402 2948 ρανοειδὴς
2453 2871 2561 2942 γὰρ
2608 2867 2703 2921 καὶ
2746 2867 2779 2936 ἡ
2825 2862 2919 2957 τοῦ
2963 2860 3281 2957 σαπφείρου.
3309 2856 3468 2957 αύγή.
3521 2851 3692 2957 Τδοδὲ

2126 2943 2369 3016 τοιοῦτον
2392 2959 2618 3028 αἴνιγμα
2659 2953 2924 3024 σύμϐολον
2956 2951 3162 3020 γίνεται
3190 2947 3283 3002 τοῦ
3327 2946 3424 3017 τὴν
3464 2943 3694 3014 καρδίαν

2129 3054 2284 3126 ἡμῶν
2314 3051 2383 3105 τὰ
2415 3050 2527 3104 ἄνω
2557 3035 2774 3120 φρονεῖν
2812 3061 2869 3097 τε
2901 3041 2996 3096 καὶ
3039 3040 3274 3111 βλέπειν,
3315 3039 3445 3090 ὅπου
3474 3034 3566 3087 τὸν
3595 3032 3693 3102 θη-

2132 3144 2331 3217 σαυρὸν
2359 3140 2693 3200 ἀποτίθεται,
2723 3136 2882 3191 κάκεῖ
2910 3134 3007 3197 τὰς
3036 3133 3187 3202 δψεις
3220 3127 3689 3202 προσαναπαύειν*

461 3218 600 3274 ὥστε
642 3218 716 3291 μὴ
747 3219 973 3290 κάμνειν
1013 3223 1071 3274 ὲν
1103 3225 1166 3294 τῇ
1199 3230 1436 3300 προσοχῇ
1468 3228 1574 3283 τῶν
1619 3231 1782 3288 θείων
1815 3241 2308 3310 παραγγελμάτων,
2338 3235 2438 3305 τῆς
2473 3229 2729 3304 οὐρανίας
2753 3225 2964 3290 ἐλπίδος
3017 3224 3080 3278 τὸ
3143 3222 3362 3276 ὀπτικὸν
3422 3220 3529 3274 τῶν
3589 3218 3690 3288 τῆς

459 3305 635 3382 ψυχῆς
659 3311 918 3384 ὀμμάτων
947 3315 1346 3389 ἀναπαυούσης.

529 3401 748 3459 Ventris
777 3402 1142 3459 laudationem
1175 3407 1455 3477 excipiunt
1503 3425 1722 3467 crurum
1757 3417 2024 3472 encomia.

2199 3409 2332 3467 Εἶτα
2373 3409 2672 3480 διαδέχεται
2710 3405 2800 3459 τὸν
2837 3403 2934 3474 τῆς
2973 3400 3178 3464 κοιλίας
3214 3399 3450 3464 ἔπαινον,
3480 3398 3551 3451 τὰ
3589 3398 3692 3468 τῆς

460 3491 644 3564 inquit
713 3494 857 3549 enim
909 3512 924 3548 :
982 3493 1155 3550 Crura
1191 3496 1338 3552 illius
1406 3501 1664 3558 columna:
1717 3523 2026 3563 marmoreae

463 3585 699 3654 fundata:
743 3603 898 3656 super
930 3603 1119 3642 aureas
1170 3589 1342 3646 bases.
1388 3591 1582 3651 Multas
1633 3597 1794 3653 habet
1823 3581 2027 3654 colum-

459 3691 562 3732 nas
625 3677 907 3747 sapientiae
973 3677 1191 3745 domus,
1246 3697 1409 3752 quam
1465 3685 1554 3740 illa
1599 3688 1702 3744 sibi
1733 3693 2021 3747 exstruxit.

463 3767 644 3825 Multa:
706 3769 833 3826 item
888 3771 1158 3828 columna:
1228 3776 1641 3835 tabernaculum
1724 3785 2026 3841 testimonii

465 3861 780 3927 fulciebant,
815 3861 883 3918 de
936 3865 1163 3921 materie
1212 3865 1423 3924 diversa
1455 3883 1730 3930 exornata:
1756 3895 1770 3931 ε
1794 3893 2024 3947 quarum

462 3964 516 4009 et
545 3955 783 4025 capitula
809 3963 864 4012 et
889 3956 1048 4014 bases
1082 3966 1238 4013 erant
1266 3975 1464 4025 aureae,
1491 3981 1619 4034 pars
1663 3969 1838 4023 media
1869 3971 2023 4040 quasi

464 4046 696 4114 quodam
735 4058 990 4119 argenteo
1019 4051 1212 4106 vestitu
1257 4064 1451 4109 ornata
1507 4065 1644 4112 erat.
1677 4061 1744 4113 At
1770 4059 2025 4118 Ecclesiae

464 4136 745 4191 columnas
778 4135 924 4207 (nam
961 4145 1015 4193 et
1051 4139 1285 4198 Ecclesia
1318 4143 1513 4201 domus
1542 4155 1646 4214 est,
1678 4152 2028 4218 quemadmo-

463 4227 590 4281 dum
623 4228 916 4298 Apostolus
944 4229 1206 4307 loquitur,
1245 4249 1368 4289 cum
1398 4237 1471 4290 ait
1503 4256 1517 4293 :
1568 4238 1683 4306 Quo
1710 4251 1862 4310 pacto
1907 4244 2025 4314 quis

463 4323 517 4374 iu
552 4321 646 4376 Dei
665 4322 819 4376 domo
835 4324 1034 4384 versari
1058 4323 1242 4380 debeat
1265 4326 1308 4359 δι
1339 4330 1359 4392 )
1385 4343 1716 4388 marmoreas
1750 4348 1872 4390 esse
1896 4335 2029 4390 dicit

465 4426 690 4478 sponsa,
708 4411 933 4468 basibus
961 4415 1144 4470 aureis
1169 4416 1506 4475 insistentes.
1536 4419 1718 4493 Itaque
1737 4428 2028 4483 convenire

465 4517 677 4570 sponsae
719 4519 842 4557 cum
889 4503 1145 4562 Beseleeli
1196 4508 1461 4578 sapientia
1511 4512 1566 4566 in
1609 4515 2028 4584 pulchritudinis

465 4594 852 4665 descriptione,
901 4598 1100 4669 quippe
1122 4616 1242 4669 qua:
1271 4601 1452 4656 itidem
1495 4617 1557 4659 ut
1583 4606 1674 4662 ille
1703 4623 1838 4664 auro
1864 4619 2028 4680 caput

461 4700 526 4739 ac
553 4686 712 4741 bases
741 4690 1035 4756 ornaverit,
1089 4692 1264 4746 cuivis
1296 4702 1462 4762 patet,
1492 4697 1582 4765 qui
1608 4699 1807 4767 scripta
1853 4699 1920 4754 de
1947 4708 2029 4754 ta.

462 4777 756 4833 hernaculo
782 4787 909 4834 nota
940 4780 1276 4838 familiariter
1302 4784 1484 4840 habet.
1507 4763 1638 4839 Nam
1664 4763 1837 4843 ut—ille
1862 4805 2027 4846 aureo
2060 4763 2103 4816 θ

463 4867 640 4938 rapite
671 4870 942 4926 columnis
972 4872 1204 4942 singulis
1254 4873 1532 4944 adaptato,
1582 4877 1824 4947 singulas
1863 4881 2022 4934 etiam

463 4957 520 5010 in
552 4972 717 5014 aurea
769 4959 904 5016 base
933 4963 1165 5017 collocat
1196 4983 1210 5018 :
1272 4964 1456 5020 itidem
1487 4967 1563 5020 ait
1603 4968 1706 5023 hoc
1741 4971 1880 5033 loco,
1907 4988 2026 5041 qua:

462 5061 602 5118 pure
630 5050 817 5118 sponsi
841 5052 1299 5120 pulchritudinem
1324 5055 1586 5119 intuetur.
1613 5071 1776 5130 caput
1806 5063 2024 5132 quidem

464 5135 585 5204 ejus
614 5151 736 5192 esse
759 5153 951 5194 aurum
1004 5157 1196 5211 purum
1228 5151 1282 5196 et
1319 5144 1458 5199 labis
1493 5161 1690 5216 expers
1722 5151 1850 5221 (hoc
1880 5154 2025 5208 cnim

462 5224 789 5280 vocabulum
842 5227 1057 5298 Cephaz
1087 5229 1366 5303 declarat),
1420 5249 1582 5289 crura
1633 5255 1760 5295 vero
1800 5241 2025 5298 fundata

462 5332 586 5374 esse
603 5317 659 5374 in
680 5319 904 5376 basibus
922 5323 1124 5378 aureis.
1147 5323 1540 5398 Quamcunque
1559 5339 1738 5387 autem
1763 5337 2028 5391 sumenda

465 5408 575 5464 sint
603 5409 660 5462 in
687 5419 893 5480 partem
927 5411 1040 5465 haec
1071 5412 1138 5468 dc
1166 5414 1436 5473 columnis
1467 5422 1774 5491 aenigmata,
1801 5435 1947 5483 certe
1976 5429 2023 5484 si

461 5496 653 5565 Paulo,
681 5502 800 5556 viro
821 5510 1034 5571 sancto,
1062 5511 1319 5577 tanquam
1350 5511 1601 5581 discipuli
1643 5518 2023 5584 assentiemur,

462 5605 495 5644 ε
517 5605 644 5647 vera
669 5592 938 5648 sententia
958 5609 1066 5649 non
1091 5596 1486 5658 aberrabimus.
1518 5601 1650 5658 Nam
1677 5605 1724 5661 is
1747 5611 2024 5676 apostolos

459 5682 716 5748 eximios,
746 5682 986 5752 Petrum,
1014 5684 1298 5757 Iacobum,
1326 5691 1608 5763 Joannem,
1637 5695 1889 5754 Ecclesia!
1927 5715 2022 5755 co-

535 5863 580 5898 "
605 5859 806 5928 lenem.
842 5881 915 5931 ιν,
959 5859 1042 5920 19.
1120 5865 1162 5898 ³⁸
1189 5864 1344 5923 Joan.
1379 5884 1469 5934 vn,
1504 5869 1588 5924 58.
1671 5871 1709 5903 ³⁵³
1741 5869 1894 5927 Rom.
1931 5887 1989 5942 ιι,
2021 5873 2102 5928 15.

2125 3506 2340 3576 κνήμης
2394 3500 2662 3570 ἐγκώμια.
2708 3495 2846 3568 Φησὶ
2891 3495 2998 3565 γάρ
3030 3511 3044 3524 ο
3095 3494 3176 3546 ὃτι
3233 3490 3462 3560 Κνῆμαι
3503 3491 3691 3544 αὐτοῦ

2125 3597 2339 3650 στύλοι
2380 3589 2764 3663 μαρμάρινοι,
2812 3581 3288 3651 τεθεμελιωμένοι
3327 3580 3424 3633 ἐπὶ
3473 3580 3692 3646 βάσεις

2126 3684 2378 3757 χρυσᾶς.
2412 3679 2745 3742 Πολύστυλος
2781 3677 2877 3748 μέν
2921 3677 3035 3727 ἐστι
3077 3673 3178 3743 τῆς
3223 3673 3413 3742 σοφίας
3452 3672 3482 3723 ὁ
3522 3668 3690 3735 οἶκος,

2126 3780 2185 3833 ὃν
2214 3777 2378 3846 ἑαυτῇ
2413 3771 2748 3844 ᾠκοδόμησε.
2791 3765 2981 3820 Πολλοὶ
3013 3765 3069 3817 δὲ
3107 3764 3201 3817 καὶ
3229 3765 3275 3815 οί
3299 3762 3395 3832 τὴν
3425 3762 3518 3816 τοῦ
3552 3780 3691 3834 μαρ-

2125 3871 2311 3943 τυρίου
2354 3865 2558 3937 σκηνὴν
2589 3861 2936 3934 διερείδοντες
2974 3856 3185 3920 στύλοι,
3223 3855 3496 3927 διαφόροις
3538 3855 3691 3920 ὕλαις

2127 3959 2564 4031 κεκοσμημένοι·
2610 3948 2685 4008 ὧν
2725 3951 3007 4021 κεφαλίδες
3043 3949 3140 4020 μὲν
3176 3943 3316 4016 ἦσαν
3363 3948 3456 3999 καὶ
3506 3947 3690 4017 βάσεις

2128 4055 2344 4127 χρυσαῖ,
2386 4051 2447 4104 τὸ
2476 4049 2534 4102 δὲ
2565 4047 2728 4118 μέσον
2769 4047 2834 4115 τῇ
2863 4042 2954 4096 τοῦ
2994 4039 3253 4112 ἀργυρίου
3296 4039 3551 4110 περιϐολῇ
3597 4057 3689 4094 κε-

2125 4144 2516 4202 καλλώπισται.
2550 4140 2687 4202 Τοὺς
2713 4137 2769 4190 δὲ
2789 4136 2888 4205 τῆς
2919 4131 3241 4203 Ἐκκλησίας
3269 4132 3487 4194 στύλους
3525 4127 3691 4199 (οἶκος

2127 4239 2184 4292 δέ
2215 4239 2359 4290 ἐστιν
2393 4237 2427 4305 ὴ
2473 4229 2784 4301 Ἐκκλησία,
2822 4225 3000 4289 καθώς
3046 4242 3208 4296 φησιν
3253 4223 3280 4275 ὁ
3333 4222 3647 4285 Ἀπόστολος
3671 4238 3685 4251 '

2128 4332 2210 4386 ὅτι
2250 4329 2382 4395 Πῶς
2416 4326 2512 4380 δεῖ
2538 4325 2606 4377 ἐν
2645 4321 2788 4386 οἴκῳ
2817 4317 2963 4373 Θεοῦ
2989 4314 3499 4384 ἀναστρέφεσθαι)
3549 4331 3689 4384 μαρ-

2132 4424 2390 4493 μαρίνους
2415 4413 2549 4469 εἷναί
2588 4429 2749 4485 φησιν
2779 4414 2811 4481 ἡ
2839 4410 3046 4481 νύμφη,
3093 4409 3185 4461 ἐπὶ
3208 4407 3419 4479 χρυσῶν
3463 4405 3689 4477 βεϐηκό-

2127 4530 2225 4576 τας
2284 4509 2392 4562 τῶν
2453 4506 2680 4577 βάσεων.
2738 4503 2857 4556 Ὀτι
2907 4501 3004 4572 μὲν
3052 4495 3143 4553 οὖν
3188 4501 3466 4569 συμφωνεῖ
3490 4501 3554 4568 τῇ
3593 4495 3686 4550 τοῦ

2131 4599 2396 4672 Βεσελεὴλ
2421 4598 2579 4668 σοφία
2620 4599 2653 4669 ἠ
2681 4596 2865 4667 νύμφη
2907 4592 3046 4648 κατὰ
3063 4591 3161 4663 τὴν
3187 4589 3279 4644 τοῦ
3304 4590 3530 4653 κάλλους
3557 4590 3684 4642 ὑποο

2131 4695 2370 4768 γραφὴν,
2403 4689 2798 4764 παραπλησίως
2827 4687 3016 4756 ἐκείνῳ
3050 4685 3149 4756 τὴν
3183 4683 3420 4754 κεφαλὴν
3463 4683 3555 4736 καὶ
3591 4681 3688 4745 τὰς

2135 4789 2318 4860 βάσεις
2355 4785 2432 4857 τῷ
2471 4785 2676 4857 χρυσίῳ
2706 4783 3048 4852 κοσμήσασα,
3086 4779 3248 4833 παντὶ
3273 4777 3431 4848 δῆλόν
3468 4777 3688 4846 ἐστιτῷ

2130 4882 2239 4944 τοῖς
2271 4878 2521 4951 περὶτῆς
2559 4877 2759 4946 σκηνῆς
2788 4872 3094 4945 εἰρημένοις
3120 4869 3557 4940 καθομιλήσαντι.
3602 4867 3687 4930 Ὧς

2129 4969 2238 5040 γὰρ
2264 4971 2465 5031 ἐκεῖνος
2499 4965 2710 5036 ἑκάστῳ
2751 4962 2857 5016 τῶν
2889 4961 3092 5015 στύλων
3123 4957 3223 5029 τὴν
3256 4957 3493 5028 κεφαλὴν
3523 4959 3685 5025 ἐφαρ-

2132 5059 2302 5132 μόσας
2342 5059 2434 5112 ἐπὶ
2470 5056 2679 5128 χρυσῆς
2724 5055 2904 5124 ἵστησι
2948 5052 3153 5122 βάσεως
3188 5066 3201 5078 ·
3242 5047 3414 5110 οὕτως
3455 5044 3684 5099 ἐνταῦθά

2129 5168 2293 5221 φησιν
2329 5151 2363 5221 ἡ
2406 5145 2660 5216 καθαρῶς
2701 5143 2835 5214 πρὸς
2881 5143 2966 5199 τὸ,
2992 5139 3084 5193 τοῦ
3133 5137 3366 5208 νυμφίου
3421 5135 3686 5206 βλέπουσα

2131 5243 2354 5306 κάλλος,
2401 5237 2640 5307 κεφαλὴν
2684 5234 2781 5305 μὲν
2829 5229 2992 5287 αὑτοῦ
3022 5227 3160 5285 εἶναι
3197 5228 3416 5301 χρυσίον
3451 5223 3684 5295 καθαρὸν

2130 5335 2223 5389 καὶ
2250 5334 2549 5404 ἀκήρατον·
2600 5327 2756 5380 τοῦτο
2792 5324 2900 5397 γὰρ
2933 5326 2966 5395 ἡ
3006 5323 3100 5377 τοῦ
3138 5320 3334 5391 Κεφὰζ
3357 5318 3498 5383 λέξις
3522 5314 3684 5368 ἐνδεί-

2129 5443 2318 5481 κνυται
2336 5440 2350 5453 ο
2386 5422 2505 5476 τεθε
2515 5419 2805 5492 μελιῶσθαι
2830 5417 2926 5480 τὰς
2949 5415 3164 5486 κνήμας
3189 5414 3281 5467 ὲπὶ
3307 5409 3520 5484 χρυσῶν
3539 5408 3684 5476 λέγει

2131 5519 2358 5588 βάσεων.
2389 5512 2532 5583 Πρὸς
2553 5512 2580 5564 ὃ
2603 5528 2652 5563 τι
2675 5509 2732 5561 δὲ
2759 5508 2865 5578 χρὴ
2895 5505 3297 5578 μεταληφθῆναι
3331 5501 3400 5554 τὰ
3429 5498 3556 5570 περὶ
3578 5497 3684 5550 τῶν

2130 5609 2335 5664 στύλων
2366 5605 2680 5674 αἰνίγματα,
2711 5599 2787 5671 τῷ
2822 5599 2960 5668 ἁγίῳ
3003 5595 3208 5689 Παύλῳ.
3242 5591 3682 5689 μοιθητειιόμενιμ,

2131 5701 2229 5772 τῆς
2287 5695 2518 5770 ἀληθοῦς
2585 5690 2788 5754 ἑννοίας
2831 5689 2932 5742 οὑκ
2979 5682 3359 5756 ὲκπεσούμεθα
3394 5697 3409 5710 '
3459 5680 3517 5744 ὃς
3559 5680 3684 5738 τοὺς

2201 5874 2240 5905 δ”
2265 5870 2305 5926 ιι
2327 5873 2449 5928 Cor.
2483 5889 2564 5939 ιιι,
2594 5877 2644 5928 ὃ.
2726 5874 2763 5905 ⁵⁸
2799 5871 2818 5924 l
2855 5869 3090 5925 Timoth.
3125 5882 3204 5933 In,
3234 5863 3320 5921 15.

3777 6447 3814 6458 Α.
