4028 6506
319 448 456 507 1077
516 454 519 457 ’

1328 445 1395 501 ΙΝ
1421 445 1716 502 (ΣΑΝΤΙΟΑ
1750 445 2022 502 CANTIC.
2067 445 2348 503 HOMILIA
2385 446 2501 502 XIV

3401 442 3538 499 1073

313 563 646 634 προέχοντας
669 562 725 614 ὲν
748 564 861 626 τοῖς
885 562 1198 626 ἀποστόλοις
1227 562 1452 633 Πέτρον,
1480 562 1575 616 καὶ
1606 561 1877 628 Ἰάκωϐον,

1993 579 2194 619 ηιιηιηαε
2221 563 2511 634 appellavit
2537 563 2606 616 η.
2664 562 2730 615 Et
2780 574 2908 615 vero
2936 560 3061 629 quia
3096 558 3309 613 discere
3345 573 3544 613 conve-

313 654 410 706 καὶ
450 652 720 722 Ἰωάννην,
761 653 980 717 στύλους
1006 652 1303 725 ὠνόμασεν.
1346 654 1497 708 Ἐπεὶ
1523 654 1581 707 δὲ
1606 655 1699 708 καὶ
1725 654 1879 707 τοῦτο

313 743 585 813 προσήκει
630 742 839 813 μαθεῖν,
871 743 987 807 πῶς
1018 742 1132 797 ἐστι
1164 742 1417 813 γενέσθαι
1451 744 1662 811 στύλον,
1710 745 1786 808 ὡς
1812 744 1880 799 ἂν

312 834 409 888 καὶ
437 837 599 905 ἡμεῖς
641 836 780 903 ἄξιοι
822 834 919 905 τῆς
964 836 1219 906 τοιαύτης
1262 836 1551 906 γενοίμεθα
1596 836 1876 907 κλήσεως⁸

315 923 478 977 πάλιν
504 925 597 977 καὶ
624 923 779 977 τοῦτο
806 923 957 995 παρά
982 925 1081 995 τῆς
1111 924 1205 979 τοῦ
1251 925 1462 979 Παύλου
1494 927 1685 995 σοφίας
1720 925 1880 979 ἀκού-

312 1031 485 1084 ωμεν,
533 1015 592 1078 ὅς
624 1033 756 1086 φησι
800 1016 989 1069 στύλον
1038 1012 1179 1070 εἶναι
1224 1017 1317 1070 καὶ
1353 1017 1413 1070 τὸ
1454 1016 1730 1088 ἑδραίωμα
1778 1017 1881 1086 τῆς

314 1105 592 1176 ἀληθείας.
625 1107 832 1160 Οὐκοῦν
853 1108 1070 1178 χρυσίον
1098 1109 1196 1178 μέν
1219 1108 1365 1160 ἐστιν
1394 1106 1693 1179 ἡάλήθεια,
1724 1110 1756 1179 ἡ
1786 1108 1881 1161 καὶ

317 1196 476 1265 βάσις
504 1196 611 1249 τῶν
644 1215 743 1269 κνη
753 1198 866 1268 μῶν
895 1198 1174 1269 γινομένη,
1200 1198 1295 1252 καὶ
1324 1198 1420 1262 τὰς
1453 1200 1641 1269 χεῖρας
1665 1198 1763 1269 καί
1782 1199 1882 1270 τὴν

318 1288 560 1358 κεφαλὴν
596 1288 664 1342 δι’
698 1291 895 1360 ἑαυτῆς
932 1290 1367 1355 καλλωπίζουσα.
1412 1290 1485 1343 Τὸ
1516 1290 1573 1344 δὲ
1603 1290 1880 1361 ἑδραίωμα

316 1381 401 1442 είς
441 1380 537 1451 τὴν
583 1380 674 1434 τοῦ
712 1383 1000 1453 μαρμάρου
1053 1399 1133 1445 τις
1182 1381 1343 1450 φύσιν
1386 1381 1737 1452 μεταλαϐὼν,
1785 1382 1882 1452 οὐχ

318 1471 695 1542 ἁμαρτήσεται
716 1492 727 1503 ο
769 1473 845 1535 ὡς
883 1468 1018 1524 εἶναι
1042 1472 1296 1544 τοιαύτην
1320 1473 1419 1544 τὴν
1444 1472 1553 1526 τῶν
1575 1472 1883 1543 λεγομένων

314 1564 555 1617 διάνοιαν
574 1578 587 1590 ·
622 1559 703 1614 ὅτι
732 1562 800 1615 Δί
849 1566 1054 1636 κνῆμαι
1077 1565 1169 1619 τοῦ
1199 1565 1449 1636 σώματος
1472 1566 1522 1618 οἱ
1550 1565 1882 1637 μαρμάρινοι

317 1653 521 1719 στύλοι,
551 1655 823 1709 τουτέστιν
866 1658 913 1709 οἱ
941 1656 1018 1727 τῷ
1058 1656 1294 1727 λαμπρῷ
1335 1656 1435 1728 βίῳ
1471 1657 1566 1711 καὶ⁵
1598 1656 1674 1727 τῷ
1708 1656 1885 1725 ὑγιαί-

317 1764 461 1800 νοντι
502 1747 642 1819 λόγῳ
682 1748 743 1801 τὸ
782 1749 958 1802 κοινὸν
998 1750 1154 1819 σῶμα
1180 1752 1282 1820 τῆς
1323 1748 1645 1821 Ἐκκλησίας
1681 1748 1881 1819 βαστά-

318 1836 503 1899 ζοντές
536 1854 595 1890 τε
639 1838 732 1891 καὶ
770 1838 1115 1909 διερείδοντες
1143 1856 1155 1869 ·
1214 1840 1282 1893 δι’
1307 1833 1382 1894 ὧν
1420 1840 1455 1910 ἦ
1494 1857 1552 1893 τε
1588 1840 1742 1911 βάσις
1783 1840 1882 1910 τῆς

320 1926 555 1991 πίστεως
594 1927 705 1998 ἔχει
744 1928 804 1981 τὸ
836 1904 1052 1998 πάγιον.
1087 1931 1181 1983 καὶ
1224 1931 1253 1983 ὁ
1284 1932 1401 1985 κατ’
1444 1904 1643 2002 ἀρετὴν
1686 1904 1885 2002 δρόμος
1915 1904 1956 1959 Β

318 2015 564 2080 ἀνύεται,
595 2020 688 2071 καὶ
716 2019 773 2070 ὲν
796 2021 909 2082 τοῖς
941 2019 1144 2091 ἆλμασι
1167 2021 1275 2075 τῶν
1304 2021 1460 2074 θείων
1490 2021 1739 2084 ἐλπίδων,
1766 2021 1885 2073 ὅλον

319 2105 381 2158 τὸ
411 2106 569 2177 σῶμα
597 2108 867 2180 μετέωρον
893 2110 1122 2173 γίνεται.
1154 2110 1254 2164 Διά
1289 2112 1396 2165 τῶν
1415 2110 1506 2164 δύο
1533 2110 1886 2181 κατορθοῦται

319 2197 547 2261 τούτων,
575 2200 830 2271 ἀληθείας
868 2202 963 2255 καὶ
998 2202 1346 2273 βεϐαιότητος
1369 2219 1381 2231 ·
1422 2203 1515 2257 τοῦ
1551 2205 1645 2275 μὲν
1682 2204 1885 2274 χρυσοῦ

320 2290 873 2363 μεταλαμϐανομένου
898 2294 1034 2365 πρὸς
1060 2295 1159 2365 τὴν
1182 2294 1458 2365 ἀλήθειαν,
1484 2295 1604 2364 ἥτις
1632 2295 1773 2348 κατά
1791 2295 1889 2365 τὴν

323 2379 535 2434 Παύλου
565 2382 746 2453 φωνὴν
778 2384 1023 2455 θεμέλιος
1056 2387 1155 2457 τῆς
1185 2386 1337 2450 θείας
1375 2388 1716 2457 κατασκευῆς
1744 2388 1890 2455 γίνε-

320 2472 412 2524 ταί
439 2489 498 2525 τε
543 2475 635 2527 καὶ
665 2476 1006 2546 ὀνομάζεται.
1050 2477 1235 2541 Οὕτως
1267 2479 1374 2550 γάρ
1417 2496 1615 2549 φησιν’
1659 2480 1739 2532 ὅτι
1785 2483 1889 2533 Θε-

318 2564 531 2632 μέλιον
567 2566 761 2621 ἄλλον
808 2568 1007 2634 οὐδεὶς
1054 2568 1298 2623 δύναται
1348 2570 1533 2625 θεῖναι
1578 2570 1736 2638 παρὰ
1784 2570 1892 2624 τὸν·

312 2657 616 2724 κείμενον,
657 2659 724 2723 ὅς
762 2660 935 2714 ἐστιν
974 2663 1207 2730 Ἰησοῦς
1232 2663 1505 2733 Χριστός.
1557 2662 1791 2731 Χριστὸς
1835 2662 1891 2715 δέ

322 2749 470 2801 ἐστιν
500 2751 530 2819 ή
562 2750 807 2820 ἀλήθεια,
892 2753 1320 2823 ὲνθεμελιοῦνται
1354 2754 1411 2805 αῖ
1444 2754 1668 2823 κνῆμαι,
1699 2756 1745 2806 οί
1774 2754 1894 2806 στύ-

322 2838 404 2891 λοι
454 2840 552 2910 τῆς
607 2841 954 2911 Ἐκκλησίας.
1002 2843 1100 2895 Διά
1139 2842 1232 2894 τοῦ
1292 2843 1583 2912 μαρμάρου
1633 2842 1892 2894 νοούντων

321 2932 482 3002 ἡμῶν
519 2932 578 2986 τό
605 2950 663 2985 τε
695 2933 943 3004 λαμπρὸν
980 2933 1071 2985 τοῦ
1108 2934 1242 3003 βίου,
1277 2934 1369 2986 καὶ
1397 2933 1459 2985 τὸ
1491 2933 1625 3003 πρὸς
1663 2932 1759 3003 τὴν
1788 2932 1893 2984 τῶν

322 3025 542 3094 ἀγαθῶν
570 3026 807 3079 διάθεσιν
839 3025 1096 3096 ἐμϐριθές
1132 3043 1191 3078 τε
1225 3027 1319 3079 καὶ
1353 3025 1707 3095 ἀμετάθετον.
1756 3025 1892 3077 Ἀλλ’

322 3118 509 3187 ἐπειδὴ
544 3117 728 3170 πολλοὶ
759 3118 854 3187 μὲν
886 3119 935 3169 οἱ
965 3118 1142 3170 στύλοι
1174 3116 1266 3169 τοῦ
1297 3118 1596 3190 μαρτυρίου
1630 3118 1728 3187 τῆς
1764 3134 1895 3186 σκη-

323 3210 441 3280 νῆς,
474 3208 655 3262 πολλοὶ
680 3209 736 3260 δὲ
760 3209 853 3261 καὶ
880 3210 928 3262 οξ
964 3209 1056 3261 τὸν
1086 3209 1184 3278 τῆς
1216 3209 1406 3277 σοφίας
1430 3203 1576 3261 οἷκον
1601 3208 1894 3263 διαϐαστά-

324 3303 507 3364 ζοντες
525 3317 538 3330 ο
584 3299 678 3352 δύο
704 3299 760 3351 δὲ
796 3298 889 3352 νῦν
918 3298 1236 3369 ὲξαρκοῦσιν
1265 3299 1383 3352 ὅλον
1408 3300 1623 3369 ἀνέχειν
1650 3301 1733 3367 ἐφ’
1767 3300 1893 3352 ὲαυ-

323 3392 433 3444 τῶν
460 3392 520 3444 τὸ
549 3391 738 3460 σῶμα·
783 3391 921 3461 τάχα
967 3391 1102 3461 πρὸς
1132 3390 1296 3463 ἄλλην
1336 3391 1459 3444 τινά
1504 3391 1742 3444 διάνοιαν
1786 3391 1892 3462 χρὴ

328 3486 657 3554 μεταγαγεῖν
693 3484 783 3536 τὸν
814 3484 1012 3536 σκοπὸν
1054 3484 1147 3536 τοῦ
1196 3484 1530 3554 αἰνίγματος.
1588 3478 1757 3554 Οἶμαι
1785 3486 1895 3555 γὰρ

324 3580 413 3633 διὰ
439 3578 640 3631 τούτων
686 3578 857 3629 ἐκεῖνο
893 3576 1392 3639 κατασκευάζεσθαι
1427 3590 1440 3605 ⁸
1490 3576 1550 3628 τὸ
1596 3576 1895 3642 πολυειδεῖς

329 3671 430 3740 μὲν
463 3668 705 3737 γίνεσθαι
729 3668 826 3730 τὰς
850 3670 913 3720 ἐκ
939 3668 1030 3720 τοῦ
1060 3669 1223 3738 νόμου
1255 3668 1390 3739 πρὸς
1420 3668 1619 3740 ἀρετὴν
1654 3668 1892 3739 ὁδηγίας,

330 3762 500 3815 πολλὰ
517 3762 571 3813 δὲ
598 3762 691 3815 καὶ
712 3762 810 3830 τῆς
836 3761 1022 3829 σοφίας
1045 3759 1181 3813 εἶναι
1202 3761 1271 3813 τὰ
1290 3760 1740 3832 παραγγέλματα,
1760 3761 1897 3832 πρὸς

326 3854 420 3905 τὸν
451 3854 610 3905 αὑτὸν
642 3852 850 3923 ὁρῶντα
898 3850 1097 3904 σκοπόν
1122 3867 1135 3881 ο
1182 3851 1272 3903 τὸν
1319 3851 1753 3921 συντετμημένον
1800 3850 1895 3904 τοῦ

328 3941 664 4010 Εὐαγγελίου
690 3941 867 4008 λόγον,
895 3941 973 4003 είς
1002 3939 1362 4010 εύαρίθμητόν
1394 3956 1451 3991 τε
1482 3939 1897 3993 καῖ’συνεσταλ-

332 4036 493 4107 μένον
527 4035 751 4101 ἀγαγεῖν
782 4030 997 4086 ἅπασαν
1024 4030 1118 4082 τοῦ
1148 4030 1266 4083 κατ’
1294 4016 1499 4100 ἀρετὴν
1534 4029 1649 4099 βίου
1681 4030 1778 4100 τὴν
1808 4047 1897 4082 τε·

328 4128 580 4194 λειότητα
621 4125 858 4193 ἔγνωκεν
889 4138 904 4152 “
953 4121 1123 4185 οὕτως
1157 4121 1399 4183 εἰπόντος
1427 4120 1522 4174 τοῦ
1556 4121 1779 4192 Κυρίου,
1817 4124 1899 4177 ὅτι

343 4220 448 4272 Ἐν
482 4218 719 4282 ταύταις
760 4215 887 4281 ταῖς
917 4215 1099 4269 δυσὶν
1131 4213 1436 4279 ἐντολαῖς,
1482 4214 1625 4279 ὅλος
1652 4216 1685 4267 ὁ
1716 4216 1899 4283 νόμος

330 4308 432 4361 καὶ
460 4309 513 4359 οἱ
545 4304 838 4374 προφῆται
872 4304 1208 4374 κρέμανται.
1256 4305 1398 4355 Ἴσον
1419 4302 1476 4355 δὲ
1507 4303 1722 4366 πάντως
1755 4304 1899 4357 ἐστὶν

331 4403 413 4462 είς
456 4398 702 4469 δύναμιν,
736 4398 768 4466 ἢ
804 4397 1256 4468 ύποκρεμάμενον
1286 4396 1498 4464 ἀνέχειν
1543 4395 1604 4447 τὸ
1650 4394 1831 4465 βάρος,
1866 4395 1899 4465 ἢ

332 4492 695 4562 ἐπικείμενον.
776 4485 867 4553 Εἷς
910 4490 1018 4561 γὰρ
1064 4490 1130 4542 δι’
1177 4488 1500 4558 ἀμφοτέρων
1552 4486 1833 4556 θεωρεῖται
1874 4488 1903 4539 0

1979 654 2078 719 nit,
2112 670 2220 724 quo
2259 660 2417 724 pacto
2442 653 2566 724 quis
2641 650 2758 706 ﬁeri
2828 651 3082 705 columna
3139 648 3335 718 possit,
3376 656 3437 701 ut
3494 650 3561 704 et’

1979 764 2081 804 nos
2163 749 2313 820 digni
2389 748 2491 802 hac
2572 744 2936 816 appellatione
3016 740 3274 796 fiamus:
3351 753 3546 792 rursus

1984 839 2087 894 hoc
2118 855 2333 910 quoque
2375 838 2443 894 de
2491 836 2643 891 Pauli
2692 834 2954 907 sapientia
2991 832 3401 902 intelligamus,
3453 830 3549 900 qui

1982 934 2290 987 columnam
2341 930 2417 985 ait
2472 928 2720 985 veritatis
2766 934 2820 982 et
2865 927 3269 980 firmamentum
3309 937 3433 978 esse
3478 922 3546 973 ".

1981 1028 2170 1097 Itaque
2224 1040 2416 1080 aurum
2467 1031 2552 1080 est
2590 1023 2814 1086 veritas,
2851 1034 2972 1091 qua:
3021 1018 3209 1074 eadem
3234 1026 3288 1072 et
3324 1030 3546 1071 crurum

1982 1119 2128 1176 basis
2151 1128 2256 1184 est,
2289 1127 2343 1174 et
2404 1116 2655 1172 manibus
2708 1121 2872 1184 atque
2926 1111 3090 1182 capiti
3167 1114 3550 1165 ornamentum

1984 1210 2203 1282 aliquod
2236 1209 2409 1265 affert.
2439 1209 2508 1262 At
2533 1205 2861 1261 ﬁrmamenti
2890 1218 3079 1259 vocem
3102 1202 3147 1257 si
3168 1201 3292 1271 quis
3314 1198 3382 1254 ad
3408 1213 3554 1253 mar--

1984 1304 2154 1359 moris
2184 1311 2437 1357 naturam
2494 1296 2813 1361 transferat,
2838 1310 2950 1350 non
2981 1294 3186 1349 errabit
3214 1312 3226 1347 :
3260 1292 3332 1347 ita
3360 1299 3421 1346 ut
3448 1291 3549 1345 hu-

1979 1394 2222 1466 jusmodi
2263 1393 2556 1448 verborum
2606 1390 2677 1444 sit
2724 1385 2993 1443 sententia
3036 1385 3254 1440 :Crura
3300 1382 3553 1439 videlicet

1983 1488 2232 1559 corporis
2262 1502 2383 1543 esse
2407 1485 2690 1540 columnas
2744 1493 3098 1541 marmoreas,
3131 1477 3235 1531 hoc
3271 1482 3354 1530 est
3404 1473 3549 1535 illos,

1982 1579 2077 1650 qui
2104 1578 2301 1633 illustri
2331 1576 2440 1630 vita
2473 1585 2525 1630 et
2556 1588 2689 1629 sana
2739 1570 2985 1626 doctrina
3015 1580 3305 1623 commune
3355 1580 3553 1634 corpus

1985 1667 2246 1723 Ecclesiae
2276 1672 2490 1737 gestent
2520 1673 2685 1733 atque
2742 1660 2971 1718 fulciant
3004 1677 3017 1713 :
3043 1673 3140 1727 per
3166 1654 3317 1727 quos
3343 1663 3396 1710 et
3427 1653 3553 1709 ﬁdei

1982 1759 2132 1814 basis
2158 1760 2311 1813 firma
2341 1763 2469 1823 stat,
2492 1764 2545 1812 et
2573 1753 2795 1808 virtutis
2827 1767 3024 1807 cursus
3050 1749 3373 1815 absolvitur,
3414 1754 3469 1802 et
3496 1738 3553 1800 in

1986 1851 2217 1906 saltibus
2244 1850 2439 1903 divinae
2470 1847 2583 1917 spei
2617 1853 2791 1899 totum
2832 1857 3032 1913 corpus
3072 1840 3357 1896 attollitur.
3389 1836 3555 1892 Fiunt

1988 1950 2166 1996 autem
2204 1942 2317 1994 haec
2348 1938 2604 2009 praeclare
2631 1952 2727 2008 per
2760 1937 2862 1990 ista
2887 1934 3015 1997 duo,
3058 1933 3319 1988 nimirum
3353 1930 3555 1986 verita-

1985 2042 2091 2089 tem
2120 2048 2183 2086 ac
2214 2031 2523 2085 ﬁrmitatem
2555 2047 2567 2083 :
2626 2030 2700 2082 ita
2728 2037 2786 2083 ut
2811 2041 3005 2081 aurum
3038 2025 3105 2080 ad
3136 2024 3421 2079 veritatem
3462 2036 3555 2075 ac—

1987 2123 2380 2185 commodetur,
2407 2135 2528 2190 quae
2556 2120 2623 2175 de
2652 2117 2806 2173 Pauli
2836 2116 3107 2174 sententia
3140 2115 3554 2169 fundamentum

1986 2212 2201 2269 aedificii
2226 2210 2397 2265 divini
2427 2217 2511 2265 est
2552 2217 2605 2263 et
2634 2206 2856 2261 dicitur.
2901 2205 2991 2260 Sic
3018 2205 3162 2260 enim
3190 2205 3266 2257 ait
3293 2222 3306 2257 :
3332 2200 3557 2256 Funda-

1988 2314 2222 2359 mentum
2254 2302 2404 2357 aliud
2431 2316 2621 2369 ponere
2658 2315 2809 2353 nemo
2855 2306 3045 2366 potest,
3095 2308 3283 2363 prwter
3336 2294 3391 2347 id
3420 2293 3559 2363 quod

1989 2395 2216 2464 positum
2247 2402 2346 2458 est,
2405 2390 2543 2461 quod
2572 2399 2650 2443 est
2700 2388 2942 2444 Christus
2975 2387 3042 2442 ⁸⁸.
3089 2386 3341 2439 Christus
3379 2391 3557 2438 autem

1990 2487 2191 2541 veritas
2218 2493 2324 2547 est,
2348 2485 2405 2537 in
2435 2498 2541 2553 qua
2572 2496 2732 2536 crura
2762 2479 3082 2541 fundantur,
3125 2492 3245 2547 qua:
3283 2476 3559 2530 columnm

1993 2583 2122 2633 sunt
2170 2575 2444 2630 Ecclesiae.
2512 2572 2615 2628 Per
2664 2585 2903 2625 marmor
2960 2577 3139 2622 autem
3188 2568 3559 2638 intelligamus

1990 2670 2114 2723 vita:
2139 2667 2481 2738 splendorem
2508 2676 2561 2720 et
2590 2663 2981 2725 constantiam,
3011 2671 3176 2731 atque
3207 2660 3562 2714 immutabili-

1995 2768 2159 2815 tatem
2208 2759 2262 2813 in
2295 2757 2582 2812 affectione
2636 2770 2763 2823 erga
2794 2755 2883 2808 illa
2916 2769 3035 2824 qum
3069 2754 3209 2807 bona
3241 2762 3387 2807 sunt.
3424 2751 3560 2817 Quia

1992 2867 2122 2907 vero
2150 2851 2333 2905 multa:
2358 2849 2558 2905 suntin
2580 2847 2930 2902 tabernaculo
2953 2846 3247 2901 testimonii
3271 2845 3560 2905 columnae,

1996 2944 2178 2997 multa:
2220 2943 2346 2998 item
2398 2941 2677 3011 sapientia:
2726 2939 2947 2992 domum
3008 2938 3277 2992 columnae
3306 2936 3560 3000 fulciunt,

1996 3052 2120 3091 cum
2154 3036 2371 3089 interim
2404 3035 2492 3088 hic
2552 3033 2672 3088 dum
2700 3031 2972 3086 sufﬁciant
3025 3032 3123 3083 toti
3155 3029 3373 3098 corpori
3406 3029 3564 3083 susti-

1997 3127 2176 3183 nendo
2235 3145 2249 3179 :
2312 3125 2563 3180 fortassis
2612 3124 2772 3177 aliam
2810 3122 3100 3192 quamdam
3132 3120 3200 3174 ad
3241 3121 3564 3193 sententiam

1995 3219 2299 3290 amigmatis
2351 3218 2513 3287 hujus
2550 3232 2751 3285 scopus
2793 3215 3111 3270 referendus
3166 3222 3269 3269 est.
3313 3213 3567 3268 Arbitror

1994 3312 2140 3366 enim
2164 3310 2266 3364 hoc
2295 3310 2466 3363 astrui
2496 3324 2591 3379 per
2615 3308 2726 3371 illa,
2769 3306 2935 3360 variis
2987 3304 3243 3359 videlicet
3288 3303 3465 3358 modis
3497 3304 3568 3357 ad

1995 3406 2245 3459 virtutem
2277 3419 2377 3458 nos
2392 3417 2487 3472 per
2513 3403 2683 3471 legem
2714 3400 2862 3463 duci,
2898 3414 2959 3454 ac
2990 3399 3160 3453 multa
3188 3413 3405 3469 quoque
3430 3413 3566 3468 prte-

1995 3507 2149 3571 cepta
2177 3515 2300 3555 esse
2330 3498 2627 3568 sapientia,
2669 3510 2790 3566 quae
2846 3502 3029 3549 tamen
3055 3492 3306 3565 eumdem
3340 3492 3405 3546 ad
3448 3507 3567 3546 sco-

1996 3609 2123 3663 pum
2154 3590 2466 3660 respiciant.
2506 3589 2575 3641 At
2618 3586 2902 3643 concisum
2935 3586 3214 3657 Evangelii
3261 3599 3567 3642 sermonem

1996 3700 2059 3739 ac
2092 3684 2303 3738 facilem
2334 3688 2643 3745 numeratu,
2677 3694 2740 3733 ac
2768 3678 2913 3733 velut
2946 3678 3002 3732 in
3031 3692 3205 3749 pauca
3230 3685 3570 3732 contractam

1995 3777 2118 3830 vitae
2160 3774 2347 3828 virtuti
2380 3782 2761 3827 consentanea:
2788 3770 3173 3841 perfectionem
3221 3784 3322 3824 nos
3371 3762 3569 3823 ducere

1997 3868 2269 3938 cognovit.
2320 3864 2409 3917 Ait
2462 3865 2606 3917 enim
2669 3860 2973 3917 Dominus:
3028 3861 3104 3913 Ab
3165 3861 3305 3914 hisce
3363 3859 3567 3914 duobus

1999 3958 2265 4012 mandatis
2297 3956 2379 4009 (ea:
2441 3963 2550 4008 tota
2581 3954 2765 4023 pendet
2786 3971 2847 4005 ac
2876 3953 3141 4021 propheta:
3167 3952 3236 4005 ‘5.
3267 3950 3412 4005 Idem
3440 3964 3570 4005 vero

1997 4060 2100 4113 est,
2128 4050 2242 4104 sive
2268 4046 2395 4117 quid
2429 4046 2611 4101 oneris
2650 4058 2975 4113 suspensum
3005 4043 3074 4097 de
3102 4048 3175 4107 te,
3202 4041 3314 4097 sive
3343 4040 3570 4110 imposi-

2000 4152 2114 4195 tum
2141 4140 2431 4196 sustineas.
2454 4137 2588 4191 Nam
2612 4138 2779 4192 robur
2803 4136 2970 4198 illius,
2996 4136 3088 4206 qui
3112 4135 3325 4204 pondus
3348 4133 3569 4203 aliquod

2000 4239 2439 4303 gestat,utroque
2461 4229 2621 4285 modo
2643 4211 3001 4284 consimiliter
3028 4224 3573 4303 intenditur.Etenim

2000 4323 2144 4378 ferre
2170 4320 2300 4375 illud
2318 4337 2383 4376 ex
2405 4336 2559 4391 aequo
2585 4320 2805 4386 dicitur,
2836 4320 2952 4375 sive
2978 4302 3280 4389 appensu'm
3308 4332 3449 4371 onus
3473 4319 3565 4379 sit,

2002 4416 2118 4469 sive
2141 4429 2303 4467 manu
2337 4412 2580 4481 subjecta
2603 4411 2734 4482 quid
2784 4418 2977 4482 gestet,
3014 4410 3192 4476 Quare
3235 4425 3356 4464 cum
3385 4409 3571 4463 Domi—

2004 4523 2107 4562 nus
2127 4506 2347 4575 quidem
2385 4505 2551 4569 dicat,
2605 4504 2672 4558 ab
2700 4504 2785 4558 his
2814 4503 3031 4558 duobus
3082 4501 3353 4557 mandatis
3398 4502 3570 4570 legem

330 4586 432 4655 τῆς
464 4585 742 4654 δυνάμεως
773 4582 922 4644 τόνος
948 4623 963 4645 ,
1017 4581 1111 4633 τοῦ
1160 4580 1280 4632 καθ’
1322 4578 1578 4648 ἑκάτερον
1620 4577 1815 4648 τρόπον
1845 4578 1893 4630 τὶ

2011 4600 2319 4653 universam
2366 4612 2487 4651 cum
2514 4594 2793 4665 prophetis
2822 4592 3087 4662 pendere;
3139 4608 3338 4663 sponsa
3369 4607 3500 4645 vero
3539 4608 3575 4647 ιι

331 4677 495 4745 ἄχθος
523 4674 893 4746 βαστάζοντος.
923 4674 1079 4744 Φέρει
1111 4670 1216 4743 γὰρ
1245 4670 1440 4739 ὁμοίως
1462 4670 1527 4722 δι’
1551 4670 1763 4733 ἑαυτοῦ,
1789 4668 1897 4722 εἴτε

333 4767 709 4838 ἐπηρτημένον
735 4767 843 4835 ἔχει
874 4767 932 4818 τὸ
956 4765 1140 4835 βάρος,
1161 4763 1273 4815 εἴτε
1305 4762 1675 4831 ὑπολαμϐάνοι
1704 4764 1770 4832 τῇ
1802 4777 1901 4812 πα-

332 4860 483 4930 λάμῃ
516 4859 575 4912 τὸ
618 4857 1035 4928 βασταζόμενον.
1096 4854 1247 4907 Ἐπεὶ
1289 4850 1380 4906 οὖν
1409 4855 1438 4905 0
1480 4854 1577 4922 μὲν
1608 4852 1809 4922 Κύριος
1841 4854 1899 4905 ὲν

331 4952 557 5014 ταύταις
588 4949 718 5018 φησὶ
748 4951 866 5012 ταῖς
889 4948 1037 5000 δυσὶν
1063 4947 1301 5008 ἐντολαῖς
1330 4946 1447 4998 ὅλον
1479 4946 1570 4997 τὸν
1603 4945 1765 5012 νόμον
1806 4943 1901 4995 καὶ

331 5044 459 5104 τοὺς
494 5042 773 5111 προφήτας
801 5036 1137 5108 κρέμασθαι·
1180 5036 1273 5089 νῦν
1297 5036 1351 5089 δὲ
1378 5039 1409 5106 ὴ
1440 5036 1622 5105 νύμφη
1652 5034 1744 5087 δύο
1770 5035 1899 5088 στύο

333 5132 446 5194 λοις
475 5132 568 5185 ἐπὶ
599 5134 812 5201 χρυσίον
850 5128 1113 5199 θεμελίων
1147 5126 1404 5196 βεϐηκόσι
1438 5126 1799 5196 βαστάζεσθαι
1825 5126 1905 5179 λέ-

332 5240 419 5291 γει
448 5223 508 5275 τὸ
536 5222 692 5291 σῶμα
714 5239 727 5252 ·
776 5219 955 5282 καλῶς
985 5219 1051 5272 ἂν
1080 5219 1192 5288 ἔχοι
1237 5219 1371 5290 πρὸς
1398 5220 1495 5287 τὴν
1539 5218 1770 5289 θεωρίαν
1810 5218 1902 5270 τοῦ

332 5315 477 5368 κατὰ
507 5315 606 5376 τὰς
633 5315 843 5384 κνήμας
868 5311 1203 5382 αἰνίγματος,
1232 5309 1675 5380 συμπαραλαϐεῖν
1695 5309 1794 5372 τὰς
1812 5308 1905 5361 δύο

334 5406 553 5468 ἐντολὰς
585 5405 817 5466 ὲκείνας.
873 5398 973 5457 Ὧν
1012 5402 1108 5472 τὴν
1149 5401 1268 5471 μὲν,
1320 5400 1540 5471 πρώτην
1585 5401 1836 5471 ὀνομάζει
1877 5402 1909 5452 0

333 5500 559 5570 Κύριος,
598 5500 698 5569 τὴν
729 5497 820 5559 δὲ,
865 5497 1054 5566 ὁμοίαν
1097 5499 1162 5565 τῇ
1210 5494 1398 5565 πρώτῃ
1447 5494 1645 5561 λέγων·
1698 5494 1759 5545 τὸ
1804 5493 1901 5563 μὲν

334 5594 555 5662 ἀγαπᾷν
588 5593 679 5644 τὸν
706 5591 835 5657 Θεὸν
861 5591 921 5655 ἐξ
944 5589 1071 5659 ὅλης
1098 5589 1197 5658 τῆς
1228 5587 1450 5658 καρδίας
1483 5588 1574 5640 καὶ
1605 5586 1781 5657 ψυχῆς
1810 5588 1904 5639 καὶ

335 5685 637 5754 δυνάμεως,
658 5682 755 5752 τὴν
779 5679 1000 5752 πρώτην
1021 5679 1239 5749 ἐντολὴν
1268 5673 1406 5731 εἶναι
1428 5694 1441 5707 ·
1473 5676 1535 5729 τὸ
1563 5676 1619 5729 δὲ
1643 5675 1733 5729 τὸν
1763 5674 1900 5744 πλη-

395 5869 440 5898 ιε
473 5864 646 5919 Galat.
680 5881 739 5928 ll,
764 5868 813 5917 9.
894 5864 935 5895 ⁵³
966 5863 980 5915 I
1014 5861 1248 5917 Timotlr.
1282 5880 1360 5924 ιιι,
1403 5863 1453 5915 5.

2003 4690 2214 4745 duabus
2240 4686 2528 4748 columnis.
2561 4700 2680 4755 quae
2713 4683 3080 4738 fundamentis
3106 4683 3286 4737 aureis
3320 4682 3569 4736 inuitan-

2005 4793 2115 4848 tur,
2146 4782 2347 4851 gestari
2376 4794 2573 4847 corpus
2617 4782 3001 4831 commemoret
3031 4792 3045 4841 ;
3079 4782 3223 4829 recte
3254 4764 3581 4839 fecerimus,

2006 4875 2051 4928 si
2083 4871 2149 4926 ad
2180 4868 2689 4937 contemplationem
2724 4864 2886 4934 hujus
2915 4866 2982 4919 de
3008 4866 3263 4921 cruribus
3314 4865 3571 4935 aenigma—

2005 4964 2118 5026 tis,
2194 4962 2302 5015 duo
2374 4960 2463 5013 illa
2539 4957 2787 5011 mandata
2874 4955 3305 5010 adhibuerimus.
3368 4955 3569 5013 Eorum

2005 5061 2271 5124 alterum,
2332 5056 2565 5125 primum
2633 5055 2865 5125 appellat
2930 5053 3227 5119 Dominus,
3289 5055 3577 5118 alterum,

2004 5148 2179 5216 primo
2202 5146 2395 5202 simile.
2424 5142 2603 5213 Inquit
2624 5145 2792 5208 enim,
2820 5143 2987 5199 Deum
3011 5152 3124 5197 toto
3151 5143 3338 5205 corde,
3372 5153 3426 5198 et
3457 5144 3569 5196 ani-

2006 5257 2116 5303 mo,
2169 5248 2222 5293 et
2276 5238 2535 5291 facultate
2572 5237 2766 5290 virium
2802 5236 3048 5306 diligere,
3110 5235 3423 5288 mandatum
3461 5235 3570 5303 pri-

2006 5346 2153 5386 mum
2178 5346 2329 5396 esse;
2355 5329 2659 5399 proximum
2715 5344 2842 5383 vero
2868 5328 3094 5396 diligere
3122 5325 3567 5394 quasiseipsum,

2005 5422 2126 5489 eius
2155 5436 2282 5474 vero
2314 5418 2552 5473 mandati
2584 5418 2692 5471 vim
2724 5432 2906 5487 parem
2937 5432 3079 5477 esse,
3114 5432 3232 5488 qua:
3262 5415 3333 5470 sit
3381 5413 3567 5484 primi.

2009 5512 2209 5565 Paulus
2239 5511 2424 5573 etiam,
2473 5507 2601 5562 dum
2663 5509 2819 5579 quasi
2850 5502 3137 5576 quamdam
3179 5505 3421 5572 domum,
3449 5520 3571 5575 qua:

2009 5602 2177 5657 Deum
2206 5602 2722 5671 excipiat,magnum
2750 5600 2902 5653 illum
2933 5592 3274 5651 Timotheum
3311 5596 3566 5661 exstruit,

2010 5695 2146 5749 duas
2173 5695 2335 5747 hasce
2367 5693 2649 5746 columnas
2710 5691 2763 5744 in
2810 5706 2876 5745 eo
2903 5688 3114 5749 statuit.
3148 5704 3379 5747 auarum
3410 5685 3581 5749 alteri,

1530 5861 1575 5890 δι
1607 5857 1625 5911 ι
1657 5858 1783 5913 Cor.
1826 5874 1906 5920 ut,
1946 5857 2026 5911 ιι.
2106 5855 2149 5885 ⁸⁸
2170 5853 2355 5907 Matth.
2387 5850 2552 5911 11,10.
