4028 6536
467 412 491 455 θ
503 405 609 474 079

1702 416 1761 474 ε.
1794 413 2119 489 cnsconn
2151 409 2444 475 mssast

3572 414 3716 472 1080

461 533 589 588 ﬁdei
617 546 809 588 nomen
839 527 1001 596 indit,
1059 530 1285 589 alteram
1339 536 1733 593 conscientiam
1774 550 1933 595 vocat
1961 540 2026 595 “.

2157 537 2245 593 πίον
2276 538 2351 601 ὡς
2380 536 2594 597 ἑαυτὸν,
2644 532 2980 599 ἰσοδυναμεῖν
3010 532 3077 605 τῇ
3112 529 3323 604 πρώτῃ.
3370 526 3531 583 Ἀλλὰ
3558 531 3655 583 καὶ
3684 533 3715 585 6

451 625 567 689 Per
596 624 754 680 ﬁdem
782 624 1035 697 intelligit
1060 624 1406 682 dilectionem
1440 643 1568 699 erga
1598 628 1792 693 Deum,
1822 632 1890 687 de
1919 638 2036 697 toto

464 716 648 782 corde,
703 726 758 773 et
800 718 1002 787 animo,
1036 724 1092 772 et
1120 718 1319 775 virium
1378 718 1636 777 facultate
1684 723 1980 792 profectam
2021 743 2035 780 :

468 825 562 881 per
592 810 787 865 bonam
808 823 936 866 vero
954 810 1371 877 conscientiam,
1388 811 1728 869 affectionem
1746 816 2039 886 quamdam

466 918 595 971 erga
628 902 956 977 proximum,
990 917 1114 959 cum
1178 917 1362 959 amore
1393 898 1766 978 conjunctam.
1796 904 1863 961 Et
1922 908 2038 963 for-

467 991 632 1048 tassis
684 991 799 1071 hac
847 994 1123 1066 posterius
1154 1008 1186 1048 a
1239 995 1399 1055 nobis
1466 996 1686 1053 inventa
1734 1000 2037 1069 sententia,

468 1084 636 1155 priori
668 1074 855 1142 sensui
904 1100 1015 1141 non
1047 1084 1388 1143 adversatur.
1452 1085 1586 1145 Nam
1616 1104 1713 1158 per
1746 1098 2041 1165 utrumque

469 1172 666 1229 horum
696 1176 979 1232 columnas
1012 1176 1132 1233 ﬁeri
1187 1177 1315 1233 licet
1354 1178 1511 1246 tales,
1540 1180 1731 1251 quales
1757 1188 1914 1237 erant
1939 1180 2044 1240 Pe-

468 1277 612 1331 trus,
642 1264 900 1333 Iacobus,
934 1267 1194 1334 Joannes,
1218 1278 1273 1325 et
1310 1271 1356 1326 si
1392 1271 1515 1342 quis
1546 1272 1687 1327 alius
1724 1272 1829 1328 hoc
1861 1276 2041 1332 nomi-

470 1371 539 1412 ne
560 1355 646 1413 vel
699 1356 805 1441 fuit
836 1359 1069 1414 antehac
1095 1350 1178 1414 vel
1208 1360 1313 1417 erit
1351 1360 1612 1433 deinceps
1641 1361 1860 1434 dignus.
1907 1361 2043 1420 Nam

471 1446 569 1519 qui
608 1449 664 1505 in
703 1447 855 1505 hisce
888 1449 1103 1508 duobus
1161 1451 1436 1510 mandatis
1460 1453 1734 1524 perfectus
1775 1462 1881 1522 est,
1915 1455 1964 1511 is
1991 1465 2047 1515 et

473 1539 735 1595 columna
773 1541 833 1596 ﬁt
883 1550 938 1597 et
972 1542 1375 1600 ﬁrmamentum
1407 1546 1675 1614 veritatis,
1703 1553 1765 1603 ut
1812 1548 2046 1617 Aposto-

473 1628 562 1688 lus
593 1630 837 1703 loquitur
861 1628 928 1687 ⁸⁷.
964 1633 1221 1705 Adeoque
1244 1634 1455 1693 duabus
1487 1637 1639 1694 hisce
1659 1640 1937 1711 praeclaris
1961 1655 2048 1696 re-

472 1723 577 1779 bus
616 1725 933 1780 universum
981 1723 1242 1800 Ecclesia:
1286 1742 1487 1799 corpus
1526 1730 1684 1799 quasi
1718 1730 2046 1803 quibusdam

472 1812 733 1869 cruribus
764 1814 1048 1884 innititur,
1082 1831 1251 1873 aureo
1283 1817 1435 1875 basis
1490 1819 1639 1881 illius
1673 1820 2047 1888 fundamento,

472 1918 594 1974 qua:
638 1904 773 1959 ﬁdes
810 1913 916 1970 est,
968 1906 1400 1965 immobilitatem
1460 1924 1571 1966 non
1608 1911 1926 1967 mutabilem
1987 1921 2043 1969 et

472 1993 833 2052 constantiam
866 1998 920 2065 in
949 1999 1097 2054 omni
1123 2000 1265 2055 bono
1297 2001 1460 2057 animi
1488 2001 1728 2063 indente.

2137 628 2347 691 Παῦλος
2372 624 2482 682 οἶόν
2509 642 2629 681 τινα
2652 622 2800 685 οἷκον
2826 623 3069 679 δεκτικὸν
3097 622 3190 676 τοῦ
3219 619 3355 674 Θεοῦ
3381 621 3719 675 κατασκευά-

2138 718 2246 786 ζων
2293 721 2381 775 τὸν
2442 720 2611 791 μέγαν
2653 717 2934 788 Τιμόθεον,
2966 715 3092 779 τοὺς
3122 714 3214 768 δύο
3243 713 3463 777 τούτους
3500 711 3716 784 ἵστησιν

2138 813 2197 866 ὲν
2228 809 2404 883 ἐαυτῷ
2431 811 2675 873 στύλους,
2710 809 2788 879 τῷ
2821 806 2920 879 μὲν
2947 807 3117 876 θνομα
3142 804 3366 874 θέμενος
3403 804 3610 869 πίστιν,
3638 800 3717 874 τῷ

2139 906 2196 961 δὲ
2232 906 2403 977 ἑτέρῳ
2439 904 2763 973 συνείδησιν.
2816 901 2913 955 Διὰ
2946 899 3044 971 μὲν
3090 899 3189 969 τῆς
3218 899 3472 962 πίστεως,
3501 898 3602 967 τὴν
3634 898 3717 960 είς

2140 997 2273 1051 Θεὸν
2297 998 2517 1068 ἀγάπην
2559 997 2655 1066 τὴν
2680 994 2741 1059 ἐξ
2766 993 2895 1064 ὅλης
2924 989 3148 1062 καρδίας
3176 1007 3235 1043 τε
3265 991 3359 1044 καὶ
3386 988 3587 1059 ψυχῆς,
3618 988 3716 1042 καὶ

2140 1088 2421 1159 δυνάμεως
2441 1088 2719 1159 σημαίνων
2738 1104 2752 1117 ο
2784 1085 2872 1138 διὰ
2896 1083 2953 1137 δὲ
2973 1078 3072 1154 τῆς
3102 1078 3308 1152 ἀγαθῆς
3335 1079 3714 1152 συνειδήσεως,

2141 1180 2241 1251 τὴν
2270 1179 2614 1250 ἀγαπητικὴν
2662 1179 2741 1240 εἰς
2782 1175 2872 1231 τὸν
2904 1171 3128 1243 πλησίον
3152 1171 3411 1227 διάθεσιν.
3457 1171 3611 1241 Τάχα
3656 1166 3717 1226 ἃ

2141 1267 2241 1329 οὐκ
2269 1270 2603 1328 ἐναντιοῦται
2629 1268 2706 1340 τῷ
2747 1265 2996 1339 προτέρῳ
3023 1264 3254 1337 νοήματι
3283 1266 3317 1336 ἡ
3364 1263 3458 1319 νῦν
3487 1265 3717 1337 ιφευρε-

2144 1363 2296 1423 θεὲσα
2342 1359 2562 1417 διάνοια.
2634 1362 2711 1414 Δι’
2752 1357 3077 1429 ἀμφοτέρων
3120 1357 3229 1428 γὰρ
3256 1352 3457 1411 τούτων
3506 1356 3627 1411 ἐστὶ
3654 1354 3718 1411 τδ

2143 1453 2394 1523 γενέσθαι
2430 1450 2674 1517 στύλους,
2713 1451 2838 1516 τοὺς
2875 1450 3017 1506 κατὰ
3054 1447 3281 1520 Πέτρον,
3308 1449 3401 1501 καὶ
3442 1447 3715 1512 Ἰἁκωόον,

2145 1546 2242 1605 καὶ
2281 1546 2549 1614 Ἰωάννην,
2604 1544 2697 1599 καὶ
2741 1543 2795 1596 εἴ
2849 1552 2934 1604 τις
2978 1539 3134 1602 ἄλλος
3175 1539 3293 1591 κατ’
3341 1536 3579 1600 ἐκείνους
3621 1535 3719 1591 τοῦ

2145 1639 2387 1695 τοιούτου
2414 1637 2676 1707 ὀνόματος
2717 1634 2863 1701 ἄξιος
2892 1629 2926 1702 ἢ
2959 1632 3183 1701 γέγονεν
3210 1628 3244 1702 ῆ
3276 1630 3587 1700 γενήσεται.
3658 1628 3720 1681 Ὁ

2148 1733 2256 1804 γὰρ
2302 1733 2361 1787 ὲν
2405 1730 2632 1794 ταύταις
2673 1730 2821 1782 δυσὶν
2852 1726 3090 1789 ἐντολαῖς
3134 1724 3458 1791 τελειωθεὶς,
3505 1722 3721 1790 στύλος,

2150 1825 2243 1881 καὶ
2269 1823 2545 1894 ἑδραίωμα
2573 1822 2670 1892 τῆς
2699 1818 2951 1889 ἀληθείας
2992 1815 3134 1871 κατὰ
3176 1816 3274 1888 τὴν
3316 1815 3410 1868 τοῦ
3458 1814 3718 1868 Ἀκεστό-

2150 1914 2243 1969 λου
2279 1912 2459 1984 φωνὴν
2490 1910 2972 1973 κατασκευάζεται.
3023 1908 3185 1960 Ὥστε
3233 1904 3346 1969 τοῖς
3394 1904 3484 1960 δύο
3514 1904 3720 1969 τούτοις

2153 2005 2564 2078 κατορθώμασιν
2592 2004 2709 2058 ὅλον
2735 2003 2795 2056 τὸ
2833 2001 2989 2071 σῶμα
3018 2000 3116 2071 τῆς
3159 1998 3413 2069 ἀληθείας
3471 1999 3723 2068 καθάπερ

474 2088 707 2160 κνήμαις
748 2090 888 2143 τισὶν
936 2089 1327 2167 ἐπερείδεσθαι,
1368 2091 1461 2145 τοῦ
1508 2088 1711 2165 χρυσοῦ
1739 2092 1986 2165 θεμελίου
2025 2095 2123 2168 τῆς
2150 2097 2291 2152 κατά
2315 2097 2412 2167 τὴν
2428 2096 2608 2149 πίστιν
2622 2094 2846 2165 βάσεως,
2866 2092 2926 2146 τὸ
2947 2089 3160 2154 ἀκλινές
3186 2101 3242 2143 τε
3259 2090 3353 2143 καὶ
3368 2089 3720 2160 ἀμετάθετον,

474 2179 568 2232 καὶ
588 2179 649 2233 τὸ
671 2178 729 2233 ὲν
766 2181 927 2233 παντὶ
964 2181 1151 2254 ἀγαθῷ
1177 2184 1372 2253 πάγιον
1393 2188 1504 2257 τοῖς
1538 2186 1813 2258 λογισμοῖς
1834 2189 2203 2260 ἐμποιοῦντος.

546 2270 676 2329 Post
713 2273 812 2333 has
844 2289 974 2331 vero
1007 2276 1193 2335 laudes
1236 2280 1395 2351 quasi
1436 2280 1627 2353 paucis
1668 2281 1847 2341 verbis
1890 2296 2048 2352 repe—

2222 2283 2376 2339 Μετά
2417 2282 2475 2337 δὲ
2509 2282 2633 2345 τοὺς
2664 2280 2916 2345 ἐπαίνους
2946 2277 3197 2342 τούτους,
3239 2274 3487 2345 καθάπερ
3527 2274 3726 2328 ἀνακε-

477 2372 598 2421 tens
643 2366 954 2423 universam
998 2368 1189 2436 sponsi
1244 2370 1727 2445 pulchritudinem,
1761 2374 1877 2429 ait:
1915 2372 2044 2443 Spe—

477 2458 579 2511 cies
609 2458 797 2527 ipsius,
826 2468 882 2512 ut
910 2458 1101 2514 electus
1124 2458 1382 2526 Libanus,
1416 2472 1475 2516 ut
1520 2462 1684 2518 cedri.
1712 2460 1907 2516 Guttur
1929 2462 2043 2532 ejus

479 2547 720 2613 dulcedo,
759 2566 823 2603 ac
858 2549 935 2603 nil
963 2550 1069 2604 nisi
1096 2548 1422 2607 desiderium
1448 2564 1550 2615 est,
1580 2560 1833 2623 cognatus
1875 2567 2042 2618 meus,

480 2648 528 2692 et
572 2639 844 2708 proximus
909 2638 1061 2702 mihi,
1128 2638 1259 2707 ﬁlia:
1339 2637 1663 2694 Jerusalem.
1725 2637 1935 2705 Quibus
1988 2638 2043 2693 in

481 2728 660 2785 verbis
697 2728 899 2785 clarius
950 2729 1191 2785 indicare
1223 2744 1480 2801 sponsam
1530 2728 1789 2793 arbitror,
1839 2728 2045 2785 versari

481 2820 791 2875 encomium
823 2821 998 2893 ipsius
1029 2823 1085 2876 in
1112 2837 1175 2876 ea
1221 2822 1411 2893 sponsi
1467 2822 1888 2894 pulchritudine,
1927 2838 2049 2895 qua:

483 2912 587 2968 sub
614 2923 894 2982 aspectum
925 2912 1102 2968 cadat.
1152 2911 1210 2969 ld
1250 2924 1431 2970 autem
1480 2915 1741 2991 intelligo,
1768 2931 1865 2986 per
1920 2914 2047 2983 hoc,

484 3002 630 3072 quod
665 3001 768 3059 sub
802 3003 991 3060 oculos
1021 3004 1187 3068 cadit,
1216 3005 1284 3060 de
1312 3020 1421 3077 quo
1447 3006 1605 3075 quasi
1636 3005 1907 3076 quoddam
1931 3021 2051 3061 cor-

485 3106 589 3166 pus
630 3094 915 3151 constituit
971 3096 1284 3167 Apostolus,
1341 3097 1587 3153 collectis
1644 3096 1902 3154 membris
1940 3098 2052 3152 sin.

486 3186 650 3259 gulis,
701 3202 822 3261 quae
891 3188 1160 3258 integram
1228 3187 1529 3245 Ecclesiam
1598 3188 1910 3245 absolvunt.
1964 3189 2055 3245 Ait

487 3281 634 3340 enim
666 3296 867 3353 sponsa
894 3296 1058 3335 unam
1107 3280 1277 3352 ipsius
1337 3281 1571 3350 speciem
1632 3295 1755 3337 esse
1813 3279 2053 3336 inﬁnitas

488 3372 611 3429 illas
647 3372 863 3437 cedros,
900 3370 1099 3442 quibus
1129 3370 1371 3441 undique
1421 3368 1665 3428 Libanus
1700 3370 1912 3425 cinctus
1961 3371 2051 3426 sit.

491 3463 702 3532 Quibus
737 3464 918 3519 verbis
946 3460 1238 3534 significat,
1269 3461 1402 3515 nihil
1437 3463 1643 3519 humile
1675 3477 1853 3532 neque
1904 3462 2055 3532 abje-

492 3567 642 3616 ctum
672 3558 739 3613 ad
768 3564 1110 3612 venustatem
1143 3554 1394 3626 corporis
1438 3555 1587 3610 illius
1622 3557 1893 3619 conferre,
1950 3555 2055 3611 nisi

2148 2375 2522 2446 φαλαιουμένη
2569 2372 2690 2427 ὅλον
2733 2370 2829 2426 τοῦ
2875 2372 3108 2442 νυμφίου
3162 2368 3223 2424 τὸ
3274 2364 3501 2429 κάλλος,
3536 2363 3723 2436 φησίν·

2149 2463 2328 2534 Εἶδος
2370 2466 2555 2521 αὑτοῦ
2580 2504 2596 2529 ,
2639 2466 2720 2531 ὠς
2750 2466 3005 2531 Λίϐανος
3044 2460 3357 2531 ἐκλεκτὸς,
3384 2461 3464 2526 ὠς
3503 2457 3724 2527 κέδροι.

2151 2558 2390 2629 Φάρυγξ
2428 2553 2614 2611 αὐτοῦ
2662 2554 3041 2627 τλυκασμὸς,
3087 2554 3185 2607 καὶ
3230 2552 3374 2618 ὅλος
3407 2550 3728 2619 ἐπιθυμία,

2150 2642 2328 2713 οὗτος
2371 2641 2695 2714 ἀδελφιᾶός
2741 2661 2882 2714 μου.
2918 2642 3013 2700 καί
3059 2633 3239 2708 οὗτος
3284 2640 3551 2707 πλησίον
3580 2656 3725 2709 μου,

2152 2735 2468 2807 θυγατέρες
2511 2734 2937 2805 ’Ῑηρουσαλήμ
2981 2736 3069 2789 Ἐν
3092 2733 3265 2804 τούτῳ
3310 2732 3417 2804 γὰρ
3447 2727 3597 2801 οἶμαι
3630 2746 3731 2783 σα-

2154 2830 2413 2901 φέστερον
2439 2828 2606 2899 αὐτὴν
2651 2825 3045 2896 διασημαίνειν,
3076 2826 3156 2878 ὅτι
3188 2824 3247 2877 τὸ
3282 2823 3408 2894 περὶ
3443 2822 3505 2875 τὸ
3534 2818 3731 2891 piens.

2158 2936 2314 2991 μενον
2357 2917 2452 2972 τοῦ
2502 2914 2733 2988 νυμφίου
2776 2917 2967 2980 κάλλος
3012 2915 3157 2967 ἐστὶν
3197 2917 3226 2967 6
3256 2914 3507 2977 ἔπαινος·
3555 2911 3733 2965 ἐκεῖνό

2155 3027 2298 3082 φημι
2328 3010 2389 3063 τὸ
2417 3010 2777 3081 βλεπόμενον,
2817 3008 2846 3062 ὃ
2873 3007 2959 3061 διὰ
2988 3005 3097 3059 τῶν
3132 3004 3254 3060 καθ’
3294 3005 3521 3059 ἕκαστον
3553 3003 3735 3074 μελῶν

2155 3101 2265 3156 τῶν
2295 3101 2757 3173 συμπληρούντων
2788 3100 2885 3169 τὴν
2927 3098 3271 3169 Ἐκκλησίαν,
3305 3096 3677 3167 σωματοποιεῖ
3704 3095 3735 3147 6

2169 3191 2502 3256 Ἀπόστολος
2533 3191 2629 3245 ’Ἑν
2655 3190 2763 3262 γὰρ
2792 3186 2930 3254 εἶδος
2954 3189 3118 3243 αὑτοῦ
3155 3204 3318 3260 φησιν
3346 3183 3483 3240 εἶναι
3504 3184 3603 3247 τὰς
3633 3202 3735 3254 μυ-

2160 3281 2347 3352 ριάδας
2377 3281 2486 3335 τῶν
2516 3279 2740 3351 κέδρων,
2775 3274 2864 3342 αἷς
2892 3278 3193 3349 διείληπται
3224 3275 3554 3346 πανταχόθεν
3580 3275 3609 3326 6
3638 3271 3736 3326 Λί-

2159 3371 2335 3436 ϐανος.
2372 3372 2619 3442 Δηλοῦσα
2646 3370 2736 3425 διὰ
2757 3370 2866 3425 τῶν
2893 3371 3219 3442 λεγομένων,
3247 3371 3331 3424 ὃτι
3362 3368 3515 3421 οὐδὲν
3540 3383 3737 3419 ταπει-

2160 3463 2249 3520 νὸν
2280 3464 2733 3536 καὶ¹χαμαίζηλον
2766 3464 3007 3517 συντελεῖ
3034 3464 3167 3535 πρὸς
3193 3464 3291 3535 τὴν
3315 3461 3615 3533 εὐμορφίαν
3637 3458 3737 3511 τοῦ

2164 3556 2431 3625 σώματος,
2462 3556 2561 3609 ἐὰν
2587 3557 2660 3626 μή
2692 3572 2745 3608 τι
2771 3556 2912 3609 κατά
2936 3556 3035 3627 τὴν
3063 3556 3251 3626 κέδρον
3282 3553 3483 3623 ὑψηλὸν
3509 3553 3611 3621 εἴη,
3638 3548 3739 3604 καὶ

494 3651 725 3707 sublime
758 3649 830 3703 sit
862 3648 1038 3702 instar
1086 3646 1258 3712 cedri,
1317 3661 1377 3701 ac
1426 3649 1626 3703 vertice
1682 3664 1782 3705 suo
1838 3661 2055 3704 sursum

2167 3648 2301 3718 πρὸς
2316 3650 2384 3719 τῇ
2406 3649 2613 3719 κορυφῇ
2638 3647 3004 3717 ἐπειγόμενον.
3032 3647 3245 3700 Μᾶλλον
3266 3645 3322 3699 δὲ
3346 3642 3408 3698 τὸ
3432 3645 3739 3715 παρατεθὲν

493 3740 702 3797 tendat.
736 3736 921 3793 Satius
954 3743 1134 3792 autem
1172 3737 1355 3800 fuerit,
1393 3745 1452 3792 ut
1486 3739 1621 3794 illud
1652 3740 1795 3810 quod
1822 3741 2058 3809 primum

496 3833 637 3890 inter
703 3832 1141 3909 comparationes
1189 3830 1425 3903 positum
1466 3840 1571 3897 est,
1630 3832 2059 3889 consideremus.

502 3922 710 3995 Species
746 3922 937 3993 ipsius,
972 3924 1169 3995 inquit,
1201 3934 1259 3978 ut
1320 3924 1513 3980 eiectus
1545 3920 1801 3981 Libanus.
1860 3923 2063 3981 Electio

500 4015 733 4089 alicujus
764 4016 845 4071 rei
883 4015 962 4082 fit,
998 4031 1119 4071 cum
1164 4015 1324 4084 juxta
1381 4031 1500 4073 eam
1534 4016 1868 4073 contrarium
1932 4015 2063 4084 quid

498 4110 821 4166 collocatur.
856 4105 1044 4179 Itaque
1071 4123 1197 4162 cum
1231 4122 1340 4164 una
1371 4107 1497 4163 boni
1526 4107 1817 4177 appellatio
1849 4106 2065 4163 diversa

502 4198 794 4271 signiﬁcet,
818 4213 882 4254 ac
912 4198 1073 4253 simul
1099 4197 1166 4255 de
1213 4212 1280 4253 eo
1342 4205 1657 4270 usurpetur,
1691 4196 1837 4269 quod
1878 4210 2066 4252 revera

501 4286 704 4346 bonum
740 4297 842 4355 est,
869 4298 924 4345 et
952 4287 1098 4360 quod
1131 4288 1240 4343 tale
1273 4303 1383 4343 non
1413 4297 1517 4355 est,
1569 4289 1665 4347 sed
1697 4305 1792 4359 per
1819 4288 2065 4344 fraudem

501 4397 626 4440 esse
656 4398 714 4438 se
751 4383 955 4437 bonum
1009 4380 1250 4444 simulat,
1303 4379 1468 4450 idque
1496 4380 1712 4436 videtur
1766 4396 1888 4437 esse
1920 4379 2067 4450 quod

504 4488 616 4531 non
651 4472 891 4545 est:qui
938 4472 997 4526 in
1051 4470 1181 4526 boni
1246 4470 1636 4540 dijudicatione
1689 4485 1799 4526 non
1839 4470 2065 4535 fallitur,

506 4565 653 4641 quod
702 4564 900 4621 eximie
956 4563 1263 4632 selectequc
1315 4560 1516 4617 bonum
1576 4569 1679 4625 est,
1746 4576 1978 4617 erroneo
2013 4569 2069 4618 et

508 4653 687 4714 fallaci
710 4671 819 4711 non
845 4652 1083 4725 praefert.
1120 4652 1482 4719 Quamobrem
1524 4668 1647 4708 cum
1684 4653 1789 4711 hoc
1819 4654 1939 4709 loco
2000 4654 2068 4710 ad

508 4747 739 4805 electum
772 4745 1039 4803 Libanum
1079 4744 1266 4816 sponsi
1323 4744 1551 4800 formam
1584 4753 1883 4818 comparat,
1937 4759 2069 4799 con-

510 4847 770 4897 sentanea
804 4838 1017 4893 ratione
1053 4837 1349 4907 colligitur,
1378 4839 1586 4894 moneri
1613 4853 1713 4894 nos
1746 4848 1805 4893 ut
1832 4837 2070 4892 Libanos

510 4945 634 4990 esse
662 4931 801 4988 duos
834 4930 1225 5000 intelligamus,
1256 4931 1489 4985 alterum
1522 4932 1722 4985 malum
1752 4938 1806 4986 ει
1821 4929 2072 5000 rejicien-

509 5020 662 5087 dum,
703 5023 797 5094 qui
837 5023 1060 5093 perinde
1090 5037 1155 5076 ac
1184 5023 1387 5077 vitulus
1430 5023 1520 5077 ille
1571 5021 2069 5092 (quemadmodum

510 5105 778 5183 Propheta
809 5110 1047 5180 loquitur
1066 5110 1110 5141 ⁵⁸
1138 5111 1157 5182 )
1192 5126 1300 5165 una
1334 5127 1459 5166 cum
1498 5112 1679 5169 cedris
1712 5110 1827 5166 suis
1880 5118 2071 5163 conte-

513 5204 717 5261 rendus
750 5208 837 5259 est
867 5221 880 5259 :
913 5203 1143 5257 alterum
1178 5202 1409 5257 electum
1451 5209 1505 5257 et
1553 5201 1876 5270 pretiosum,
1911 5198 2071 5268 cujus

512 5296 779 5369 elegantia
810 5296 991 5350 divina
1025 5294 1116 5359 sit,
1147 5301 1201 5348 et
1247 5291 1584 5362 maiestatem
1635 5292 1905 5363 insignem
1962 5306 2073 5363 prae

514 5404 576 5445 se
606 5389 764 5445 ferat.
802 5385 877 5443 De
908 5387 995 5441 his
1036 5394 1215 5439 autem
1260 5385 1369 5439 tale
1403 5383 1661 5454 quiddam
1715 5385 2075 5455 percipimus:

516 5474 764 5551 Proprie,
802 5492 948 5543 vere,
988 5492 1053 5531 ac
1086 5474 1344 5547 primarie
1372 5491 1465 5531 rex
1501 5490 1643 5531 unus
1676 5483 1784 5538 est,
1840 5491 1935 5530 rex
1987 5475 2079 5531 ille

519 5584 702 5627 rerum
762 5570 1007 5625 omnium
1071 5576 1401 5626 creatarum.
1484 5566 1852 5623 Nihilominus
1914 5568 2077 5624 etiam

518 5657 709 5716 mundi
736 5658 1021 5722 Dominus,
1058 5659 1149 5717 ille
1192 5659 1540 5713 tenebrarum
1602 5665 1803 5724 rector,
1867 5674 2075 5731 regium

521 5744 627 5806 sibi
683 5761 879 5803 nomen
940 5753 1177 5819 arrogat.
1238 5746 1505 5819 Legiones
1565 5749 1883 5820 angelorum
1949 5757 2078 5805 sunt

2160 3741 2217 3794 δν
2273 3744 2383 3805 τοῖς
2434 3740 2745 3813 εἰρημένοις
2797 3739 3014 3810 πρῶτον
3061 3739 3504 3808 κατανοήσωμεν.
3556 3732 3737 3802 Εἶδος

2159 3834 2377 3899 αὐτοῦ,
2418 3832 2600 3902 φησὶν,
2644 3830 2725 3897 ὡς
2769 3832 3023 3897 Λίϐανος
3061 3830 3363 3893 ἐκλεκτός.
3410 3827 3637 3898 Ἐκλογὴ
3678 3826 3738 3879 δὲ

2161 3924 2361 3986 παντὸς
2390 3924 2711 3994 πράγματος
2734 3922 2823 3976 διὰ
2848 3922 2949 3991 τῆς
2981 3920 3073 3975 τοῦ
3100 3920 3343 3975 ἐναντίου
3385 3918 3739 3989 παραθέσεως

2159 4017 2382 4086 γίνεται.
2428 4018 2580 4069 Ἐπεὶ
2602 4010 2696 4073 οὖν
2717 4014 3005 4087 ὁμώνυμόν
3034 4016 3151 4067 ὲστι
3178 4013 3241 4067 τὸ
3265 4011 3469 4081 ἀγαθὸν
3488 4050 3503 4075 ,
3538 4010 3628 4063 ἐπί
3675 4026 3739 4063 τε

2160 4107 2254 4163 τοῦ
2281 4108 2449 4172 ὅντως
2489 4108 2640 4170 ὄντος
2665 4107 2928 4171 τοιούτου,
2960 4106 3053 4159 καὶ
3077 4105 3171 4158 ἐπὶ
3198 4104 3292 4157 τοῦ
3321 4104 3395 4177 μὴ
3434 4102 3585 4166 ὄντος
3617 4103 3735 4171 μὲν,

2138 4200 2587 4273 ’ὑποκριναμένου
2628 4200 2686 4254 δὲ
2722 4199 2789 4253 δι’
2823 4198 3059 4270 ἀπάτης,
3090 4198 3184 4252 καὶ
3213 4197 3495 4260 δοκοῦντος
3526 4193 3662 4249 εἶναι
3707 4192 3739 4248 6

2162 4293 2261 4346 οὐκ
2289 4292 2435 4345 ἐστιν
2458 4308 2473 4322 ·
2504 4293 2533 4344 6
2574 4290 2647 4362 μὴ
2675 4289 2991 4362 διαμαρτὼν
3016 4290 3115 4360 τῆς
3149 4288 3243 4342 τοῦ
3286 4286 3450 4341 καλοῦ
3480 4286 3734 4356 κρίσεως,

2162 4383 2223 4437 τὸ
2275 4382 2647 4452 ἐξειλεγμένον
2697 4382 2898 4451 ἀγαθὸν
2952 4382 3072 4435 ἀντὶ
3128 4379 3223 4433 τοῦ
3275 4378 3623 4449 ἠπατημένον
3675 4378 3739 4430 ού

2166 4477 2461 4547 προείλετο.
2501 4476 2650 4528 Ἐπεὶ
2687 4470 2780 4528 οὖν
2812 4473 3044 4526 ἐνταῦθα
3069 4472 3145 4541 τῷ
3172 4469 3411 4540 ἐκλεκτῷ
3442 4469 3654 4540 Λιϐάνῳ
3677 4468 3741 4522 τὸ

2166 4567 2302 4633 εἶδος
2329 4568 2421 4622 τοῦ
2447 4568 2678 4639 νυμφίου
2709 4566 3057 4638 προσείκασε,
3087 4563 3180 4617 δύο
3208 4563 3348 4616 κατὰ
3368 4563 3430 4614 τὸ
3451 4562 3743 4616 ἀκόλουθον

2167 4660 2434 4723 Λιϐάνους
2468 4662 2497 4713 6
2541 4659 2697 4727 λόγος
2751 4661 2889 4711 νοεῖν
2942 4657 3292 4710 ὑποτίθεται·
3349 4657 3447 4708 ἕνα
3504 4655 3600 4725 μὲν
3650 4654 3745 4707 τὸν

2166 4750 2397 4823 πονηρὸν
2429 4750 2523 4803 καὶ
2559 4748 2882 4819 ἀπόϐλητον,
2910 4747 3001 4801 τὸν
3034 4749 3123 4800 ἴσα
3147 4745 3225 4817 τῷ
3264 4746 3447 4816 μόσχῳ
3476 4745 3617 4797 κατά
3644 4744 3745 4813 τὴν

2166 4843 2501 4915 προφητείαν
2535 4841 2670 4910 μετά
2697 4839 2805 4893 τῶν
2832 4839 3037 4909 κέδρων
3069 4838 3176 4891 τῶν
3204 4837 3287 4907 ἐφ’
3314 4836 3507 4890 ἑαυτοῦ
3539 4852 3747 4903 συντριο

2173 4936 2416 5004 δόμενον,
2446 4932 2631 5003 ἓτερον
2667 4931 2724 4983 δὲ
2751 4930 2842 4984 τὸν
2879 4930 3132 4983 ἐκλεκτόν
3161 4945 3220 4982 τε
3249 4928 3341 4981 καὶ
3366 4928 3562 4997 τίμιον,
3595 4921 3656 4979 οὗ
3683 4927 3747 4978 τὸ

2178 5025 2371 5087 κάλλος
2390 5022 2690 5095 θεοπρεπὲς
2717 5024 2830 5074 ἐστι
2870 5021 2962 5076 καὶ
2990 5020 3305 5077 θεοείκελον.
3333 5018 3407 5073 T6
3432 5017 3488 5072 δὲ
3518 5018 3745 5089 νοούμε-

2177 5135 2265 5171 νον
2296 5117 2381 5171 διά
2407 5116 2516 5169 τῶν
2556 5114 2877 5186 εἰρημένων,
2906 5113 3141 5167 τοιοῦτόν
3177 5114 3347 5166 ἐστιν’
3376 5105 3466 5175 Εἷς
3494 5110 3747 5181 βασιλεὺς

2179 5208 2381 5279 κυρίως
2411 5219 2469 5260 τε
2501 5206 2593 5260 καὶ
2634 5203 2899 5275 ἀληθινῶς
2933 5202 3027 5256 καὶ
3059 5202 3289 5274 πρώτως
3324 5202 3491 5263 ἐστὶν,
3532 5202 3560 5254 6
3594 5201 3750 5271 βασι·

2178 5299 2300 5363 λεὺς
2350 5299 2528 5369 πάσης
2559 5296 2659 5364 τῆς
2688 5297 2937 5358 κτίσεως.
2990 5290 3128 5351 Ἀλλ’
3163 5295 3313 5365 ὅμως
3356 5294 3448 5347 καὶ
3486 5295 3515 5346 6
3547 5308 3749 5362 κοσμο-

2177 5391 2398 5462 κράτωρ
2436 5389 2530 5443 τοῦ
2572 5390 2797 5452 σκότους
2834 5386 3086 5459 σεμνύνει
3115 5386 3303 5441 ἑαυτὸν
3346 5386 3424 5457 τῷ
3458 5387 3557 5456 τῆς
3588 5387 3747 5456 βασι-

2175 5482 2321 5545 λείας
2350 5481 2593 5551 όνόματι.
2635 5478 2910 5548 Δεγεῶνες
2944 5479 3187 5548 ἀγγέλων
3214 5479 3367 5550 παρὰ
3400 5477 3477 5547 τῷ
3508 5476 3748 5547 ἀληθινῷ

2178 5572 2405 5644 βασιλεῖ,
2434 5572 2528 5625 καὶ
2547 5570 2807 5639 λεγεῶνες
2830 5569 3094 5640 δαιμόνων
3121 5568 3272 5641 παρὰ
3293 5568 3372 5639 τῷ
3399 5568 3617 5639 ἄρχοντι
3647 5569 3748 5638 τῆς

2182 5663 2426 5732 ἔξουσίας
2448 5661 2542 5715 τοῦ
2581 5660 2824 5726 σκότους.
2870 5662 3058 5732 Ἀρχαὶ
3081 5660 3174 5715 καὶ
3204 5659 3440 5723 ἐξουσίαι
3468 5658 3561 5712 καὶ
3585 5656 3749 5712 δυνάο

2187 5768 2305 5821 μεις
2343 5752 2447 5805 ὑπὸ
2473 5750 2565 5805 τὸν
2595 5750 2815 5821 βασιλέα
2842 5749 2951 5806 τῶν
2994 5748 3401 5822 βασιλευόντων,
3441 5748 3535 5802 καὶ
3551 5745 3748 5820 Κύριον

516 5912 524 5929 ,
586 5856 631 5891 ⁸⁸
664 5859 683 5911 ι
711 5853 1078 5923 'l‘imotlt.xxt,
1108 5858 1128 5914 l
1169 5875 1290 5931 sqq.
1367 5859 1411 5893 ⁸⁷
1446 5856 1716 5917 ΙΤίιιιοιΙι.
1752 5876 1833 5929 ιιι,
1862 5861 1947 5916 lb’.
2024 5863 2055 5894 ⁵³

2157 5864 2240 5918 ml.
2272 5879 2455 5930 xxviii,
2484 5862 2537 5929 ὅ,
2571 5863 2625 5917 6.
