4028 6502
245 434 380 501 1381

1244 448 1311 505 IN
1349 448 1644 507 CANTICA
1682 453 1955 515 CANTIC.
1997 456 2281 513 HOMILIA
2320 457 2458 512 XIV.

3356 453 3494 511 1081

240 558 353 613 τῶν
380 558 770 631 κυριευόντων*
798 562 909 634 ἔχει
944 561 1211 626 κάκεῖνος,
1245 563 1387 617 κατὰ
1426 565 1525 636 τὴν
1564 566 1820 620 ’Δποστό-

1927 570 2063 640 apud
2090 587 2280 625 verum
2311 585 2491 640 regem
2526 586 2543 637 ;
2594 579 2650 624 et
2705 571 3012 626 daemonum
3074 566 3321 639 legiones
3348 569 3492 638 apud

240 642 338 703 λου
384 651 588 725 φωνὴν,
630 648 806 727 ἀρχάς
835 672 895 708 τε
937 655 1032 708 καὶ
1064 653 1338 721 ἐξουσίας,
1382 657 1476 710 καὶ
1522 658 1812 729 δυνάμεις,

241 743 342 807 τὰς
368 745 835 816 καταργουμένας.
869 746 997 799 ὅταν
1034 745 1203 818 μέλλῃ
1236 745 1297 800 τὸ
1336 749 1503 802 κακὸν
1541 753 1619 814 εἰς
1646 752 1707 804 τὸ
1738 753 1812 823 μὴ

241 833 305 889 δν
327 832 703 905 ἀφανίζεσθαι.
741 839 928 891 ’Ὀτιυ⁹
964 838 1073 919 γᾴρ
1100 840 1481 911 καταργήσῃ,
1509 843 1660 913 φησί,
1706 845 1815 900 πᾶ-

242 941 369 981 σαν
397 927 613 996 ἀρχὴν,
637 928 733 982 καί
754 930 1062 993 ἐξουσίαν,
1088 930 1187 985 καὶ
1215 931 1488 1002 δύναμιν.
1532 933 1655 986 Ἐπὶ
1693 934 1816 1003 θρό-

242 1031 340 1071 νου
372 1017 559 1089 βλέπει
587 1021 615 1073 6
644 1022 925 1092 προφήτης
956 1022 1046 1075 τὸν
1078 1022 1297 1092 βασιλέα
1326 1025 1423 1093 τῆς
1457 1024 1616 1096 δόξης
1648 1026 1817 1097 καθή-
1850 1061 1853 1063 -

246 1126 430 1179 μενον,
463 1112 547 1179 ἐφ’
575 1111 778 1183 ὑψηλοῦ
809 1131 868 1167 τε
891 1116 984 1168 καὶ
1011 1116 1340 1186 ἐπηρμένου,
1371 1117 1619 1182 κάκεῖνος
1643 1119 1817 1189 ἐπαγ-

243 1208 491 1275 γέλλεται
528 1208 715 1280 θήσειν
740 1211 922 1267 ἐπάνω
946 1213 1055 1267 τῶν
1085 1214 1298 1285 ἄστρων
1327 1215 1417 1268 τδν
1446 1214 1574 1270 ἴδιον
1606 1215 1814 1288 θρόνον,

244 1297 389 1353 ὥστε
409 1295 547 1354 εἶναι
584 1303 765 1373 ὅμοιον
794 1303 872 1375 τῷ
900 1304 1153 1374 ’Υψίστῳ.
1195 1302 1369 1376 Σκεύη
1406 1306 1632 1377 ἐκλογῆς
1660 1309 1716 1360 ἐν
1748 1309 1814 1379 τῇ

248 1390 461 1462 μεγάλη
502 1390 697 1444 ἐαυτοῦ
730 1393 875 1463 οἰκία
918 1396 947 1446 ὁ
990 1392 1085 1446 τοῦ
1124 1393 1324 1457 παντὸς
1360 1393 1472 1464 ἔχει
1520 1396 1817 1465 Δεσπότης,

245 1478 360 1547 ἔχει
396 1480 644 1543 κάκεῖνος
689 1480 855 1551 σκεύη
894 1483 1063 1553 ὀργῆς
1108 1484 1513 1554 κατηρτισμένα
1548 1486 1626 1549 εἰς
1667 1484 1819 1539 ἀπώ-

245 1566 415 1624 λειαν.
444 1570 609 1623 Πάλιν
647 1568 790 1642 ζωὴν
829 1566 922 1631 καῖ
966 1573 1185 1643 εἰρήνην
1216 1572 1282 1627 δι’
1312 1572 1555 1641 ἀγγέλων
1597 1576 1820 1645 χορηγεῖ

243 1664 358 1724 τοῖς
390 1660 557 1726 ἀξίοις
583 1663 612 1715 6
647 1663 754 1715 τῶν
794 1662 1039 1730 ἀγγέλων
1076 1661 1310 1735 Κύριοςο
1344 1664 1596 1727 κάκεῖνος
1624 1664 1814 1735 θυμὸν,

245 1754 342 1808 καὶ
386 1754 575 1825 ὀργὴν,
617 1753 710 1809 καὶ
753 1751 930 1823 θλίψιν
965 1752 1278 1806 ἀποστέλλει
1314 1754 1403 1807 διὰ
1428 1753 1535 1808 τῶν
1576 1755 1817 1823 ἀγγέλων

244 1843 355 1898 τῶν
397 1844 665 1915 πονηρῶν.
710 1844 820 1899 Καὶ
846 1844 897 1898 τί
940 1845 1043 1917 χρὴ
1087 1844 1155 1897 τὰ
1192 1843 1312 1897 καθ’
1353 1845 1578 1899 ἕκαστον
1618 1846 1815 1914 λέγειν,

1922 660 2223 729 principem
2279 660 2569 730 potestatis
2608 662 2957 717 tenebrarum
2985 660 3052 713 ".
3119 656 3490 728 Principatus,

1920 759 2240 821 potestates.
2268 753 2436 821 cepis.-
2470 751 2706 807 subsunt
2733 750 2867 822 Regi
2902 766 3115 822 regum,
3158 757 3213 804 et
3252 748 3495 805 Domino

1920 844 2365 900 dominatorum:
2429 844 2614 899 itidem
2676 854 2731 899 et
2791 845 2929 898 alter
2983 842 3485 913 (quemadmodum

1920 934 2213 1004 Apostolus
2253 936 2370 1007 ait)
2412 936 2573 989 habet
2603 933 2855 1003 imperia,
2907 940 3228 1003 potestates,
3276 934 3488 1003 capias,

1921 1041 2043 1096 quae
2072 1027 2505 1097 abrogabuntur,
2540 1041 2663 1079 cum
2694 1025 2894 1079 malum
2926 1025 2980 1079 in
3013 1024 3242 1078 nihilum
3277 1024 3491 1093 redige-

1922 1120 2029 1169 tur.
2063 1114 2203 1170 Sunt
2233 1115 2379 1169 enim
2413 1114 2527 1167 haec
2555 1112 2803 1182 Apostoli
2840 1112 3049 1168 verba:
3086 1110 3221 1167 Cum
3255 1111 3491 1166 absolve.

1922 1203 1992 1257 rit
2056 1220 2259 1259 omnem
2296 1205 2675 1273 principatum,
2710 1213 2759 1257 et
2814 1218 3018 1256 onmem
3072 1212 3403 1272 potestatem,
3436 1210 3487 1257 et

1923 1312 2125 1351 omnem
2149 1299 2396 1351 virtutem
2423 1297 2490 1349 '°.
2529 1296 2721 1351 Cernit
2747 1295 3006 1365 propheta
3065 1294 3157 1349 ille
3209 1297 3488 1351 sedentem

1923 1388 2143 1445 sublimi
2177 1405 2241 1443 ac
2268 1390 2477 1443 elevato
2510 1389 2566 1443 in
2620 1386 2758 1442 solio
2808 1402 2988 1457 regem
3042 1386 3246 1457 gloriaz,
3305 1385 3489 1441 itidem

1923 1481 2014 1538 ille
2046 1483 2244 1537 solium
2302 1497 2461 1537 suum
2521 1495 2689 1549 supra
2738 1479 2918 1534 sidera
2976 1493 3036 1533 se
3084 1478 3490 1533 collocaturum

1922 1574 2229 1643 proﬁtetur,
2266 1574 2342 1628 ita
2369 1581 2428 1628 ut
2456 1573 2740 1628 Altissimo
2764 1572 2836 1625 sit
2864 1570 3084 1626 similis.
3111 1568 3287 1625 liabet
3310 1568 3489 1639 ampla

1924 1665 1979 1720 in
2036 1662 2198 1719 domo
2260 1680 2357 1719 sua
2392 1664 2656 1718 Dominus
2690 1662 2930 1716 universi
2982 1676 3113 1717 vasa
3160 1661 3487 1716 electionis:

1924 1756 2109 1813 itidem
2141 1757 2231 1810 ille
2263 1772 2387 1811 vasa
2432 1758 2527 1810 ira:
2587 1755 2774 1813 habet,
2831 1763 3144 1823 comparata
3202 1752 3269 1806 ad
3299 1752 3491 1807 interi-

1927 1858 2036 1901 tum
2059 1848 2125 1901 “.
2150 1847 2414 1902 Praeterea
2444 1848 2606 1901 vitam
2626 1854 2679 1900 et
2712 1861 2897 1916 pacem
2928 1860 3023 1910 per
3053 1845 3278 1914 angelos
3305 1843 3488 1913 dignis

243 1935 314 1989 δι’
346 1928 420 1988 ὧν
458 1936 598 1989 κατὰ
629 1936 688 1989 τὸ
720 1937 956 1991 ἐναντίον
990 1937 1372 2009 ἀντεπαίρεται
1416 1940 1553 2009 πρὸς
1597 1940 1695 2011 τὴν
1726 1939 1821 1993 τοῦ

1927 1937 2234 2007 suppeditat
2268 1938 2587 2003 angelorum
2623 1935 2931 1998 Dominus;
2983 1933 3147 1987 etiam
3199 1932 3289 1985 ille
3337 1930 3491 1987 furo-

243 2023 452 2093 ὰγαθοῦ
486 2024 643 2094 φύσιν
672 2027 700 2079 6
734 2025 1130 2097 ἀντικείμενος;

245 2118 489 2173 immittit
520 2120 586 2177 δ’.
614 2116 678 2174 Et
714 2121 843 2191 quid
874 2136 1011 2191 opus
1055 2131 1139 2178 est
1177 2124 1389 2196 singula
1426 2139 1872 2189 commemorare,

242 2211 374 2269 boni
408 2228 528 2268 sese
570 2214 728 2286 erigit
748 2214 771 2268 ?

328 2305 481 2359 Ἐπεὶ
507 2298 599 2358 οῦν
629 2306 768 2361 κατά
794 2306 854 2360 τὸ
883 2308 1157 2380 αἰσθητὸν,
1186 2308 1478 2379 περιφανές
1500 2310 1613 2362 ἐστι
1640 2310 1819 2381 θέαμα

241 2395 305 2449 τὸ
332 2396 457 2468 ὅρος
487 2397 517 2449 6
559 2397 788 2462 Λίϐανος
822 2400 1157 2471 πανταχόθεν
1187 2402 1307 2463 ταῖς
1348 2400 1577 2470 ὑψηλαῖς
1610 2402 1819 2473 κέδροις

247 2487 557 2557 συνηρεφής
592 2500 652 2539 τε
705 2488 797 2540 καὶ
839 2487 1042 2551 λάσιος,
1090 2487 1278 2541 τούτου
1323 2488 1486 2558 χάριν
1540 2490 1674 2559 πρὸς
1726 2490 1821 2553 τὰς

245 2576 498 2640 ἐναντίας
544 2577 771 2644 ἐννοίας,
827 2578 913 2632 διὰ
945 2579 1060 2643 ¹τῶν
1114 2579 1255 2632 κατὰ
1313 2577 1373 2632 τὸ
1429 2581 1821 2650 ἐμφαινόμενον

246 2664 664 2736 ὑποδειγμάτων
700 2667 804 2719 ὑπὸ
840 2668 940 2739 τῆς
976 2669 1199 2741 Γραφῆς
1227 2669 1288 2722 τὸ
1350 2672 1475 2743 ὅρος
1517 2670 1818 2741 μερίζεται,

246 2760 572 2830 προσφόρως
604 2759 1012 2832 λαμϐανόμενον
1057 2762 1177 2816 καθ’
1203 2763 1480 2836 ἑκάτερον.
1518 2765 1626 2821 Καὶ
1651 2762 1823 2828 οὕτως

245 2851 367 2903 ἐστι
399 2851 550 2922 παρὰ
578 2854 689 2916 τοῖς
718 2840 897 2917 αὐτοῖς
927 2856 1234 2926 προφήταις
1261 2858 1387 2910 ἰδεῖν
1416 2857 1478 2909 τὸ
1499 2857 1628 2911 αὐτὸ
1652 2857 1822 2929 ὄνομα

244 2940 391 2994 κατὰ
412 2943 511 3014 τὴν
536 2943 644 2996 τῶν
667 2944 1007 3015 δηλουμένων
1027 2945 1308 3017 διαφορὰν,
1331 2948 1735 3018 ἐπαινουμένων
1761 2966 1821 3001 τε

244 3028 343 3081 καὶ
372 3029 764 3101 κακιξομὲνων.
796 3032 910 3086 Νῦν
942 3034 1037 3104 μὲν
1058 3033 1164 3105 γὰρ
1195 3035 1466 3105 συντρίϐει
1493 3036 1691 3109 Κύριος
1721 3038 1823 3102 τὰς

245 3121 473 3194 κέδρους
499 3122 593 3185 τοῦ
626 3123 878 3187 Λιϐάνου,
909 3126 1000 3179 καὶ
1027 3125 1143 3178 ὅλον
1167 3125 1256 3180 τὸν
1286 3127 1515 3181 Λίϐανον
1550 3130 1686 3198 μετὰ
1712 3128 1820 3182 τῶν

244 3213 307 3267 ἐν
343 3213 493 3291 αὑτῷ
525 3214 730 3283 κέδρων
761 3214 1031 3282 λεπτύνει,
1064 3216 1186 3271 καθ’
1218 3218 1508 3289 ὁμοιότητα
1543 3219 1636 3273 τοῦ
1668 3222 1821 3274 εἰδω-

1922 2044 2056 2090 rem.
2087 2038 2140 2082 et
2172 2028 2398 2085 iram.et
2432 2026 2780 2082 alllictionem
2812 2041 2908 2094 per
2938 2024 3235 2079 sceleratos
3269 2024 3493 2093 angelos

1933 2139 2024 2194 per
2080 2139 2198 2194 qua:
2246 2123 2590 2179 adversarius
2640 2123 2728 2176 ille
2781 2131 2970 2175 contra
3020 2128 3268 2174 naturam
3320 2118 3493 2188 ipsius

1983 2305 2119 2360 Cum
2155 2302 2321 2373 igitur
2347 2302 2471 2371 ejus
2497 2301 2729 2362 ratione,
2759 2298 2904 2367 quod
2942 2300 3046 2353 sub
3081 2313 3279 2354 sensus
3320 2296 3492 2364 cadit,

1917 2396 2135 2451 illustre
2198 2394 2477 2464 quoddam
2519 2392 2891 2462 spectaculum
2928 2392 3000 2446 sit
3054 2405 3211 2444 mons
3252 2387 3495 2443 Libanus

1922 2487 2166 2556 undique
2195 2483 2530 2540 sublimibus
2573 2482 2754 2537 cedris
2789 2496 2993 2550 opacus
3028 2495 3092 2535 ac
3130 2481 3335 2535 densus
3359 2520 3373 2543 ,
3414 2480 3496 2534 id-

1918 2578 2067 2632 circo
2101 2578 2350 2630 diversos
2382 2576 2436 2628 in
2469 2589 2664 2629 sensus
2708 2573 2919 2626 ratione
2946 2572 3094 2626 illius
3134 2571 3277 2640 quod
3312 2572 3494 2626 cerui-

1924 2678 2037 2732 tur,
2080 2670 2133 2723 in
2161 2667 2335 2723 sacris
2370 2666 2591 2720 Litteris
2624 2665 2784 2735 quasi
2845 2664 3127 2723 dividitur.
3176 2672 3301 2733 apte
3332 2672 3497 2733 atque

1926 2763 2122 2817 idonee
2152 2770 2438 2831 utramque
2474 2759 2527 2812 in
2557 2769 2763 2827 partem
2797 2764 3071 2826 sumptus.
3098 2755 3283 2824 quue
3313 2755 3500 2813 videre
3550 2826 3557 2833 ο

1923 2860 2009 2906 est
2043 2851 2185 2904 idem
2218 2850 2545 2904 vocabulum
2599 2847 2741 2918 apud
2789 2846 3007 2903 eosdem
3047 2846 3365 2916 prophetas,
3398 2860 3501 2915 pro

1924 2941 2352 3012 signiticatorum
2412 2940 2752 3003 diversitate,
2808 2937 3018 2991 tamin
3075 2936 3275 3001 laude,
3333 2951 3498 3006 quam

1923 3034 2055 3088 vitio
2088 3035 2347 3102 positum.
2383 3031 2541 3087 Modo
2590 3033 2736 3086 enim
2772 3031 3009 3085 conterit
3063 3030 3259 3086 cedrus
3305 3028 3500 3087 Libani

1926 3124 2211 3186 Dominus,
2245 3132 2298 3178 et
2328 3124 2642 3179 universum
2684 3122 2947 3177 Libanum
2980 3139 3089 3177 una
3140 3139 3264 3177 cum
3315 3123 3501 3181 cedria

1925 3217 1978 3270 in
2010 3232 2075 3270 eo
2104 3216 2429 3271 comminuit
2456 3216 2628 3271 instar
2657 3215 2778 3283 ejus
2814 3215 2967 3269 vituli
3003 3215 3068 3277 ⁸³,
3102 3214 3195 3284 qui
3226 3215 3282 3268 in
3317 3216 3501 3273 solitu-

244 3299 626 3376 λοποιηθέντος
662 3306 865 3377 μόσχου
894 3307 952 3360 ἐν
982 3311 1047 3379 τῇ
1078 3308 1289 3380 ἐρήμῳ.
1319 3309 1417 3363 Διὰ
1445 3310 1602 3364 τοῦτο
1631 3314 1666 3380 ἡ
1694 3327 1824 3384 προ-

1928 3306 2057 3363 dine
2085 3323 2184 3376 pro
2216 3307 2362 3361 idolo
2395 3307 2697 3362 fabricatus
2720 3315 2877 3361 erat:
2924 3306 3124 3375 quibus
3160 3306 3341 3363 verbis
3370 3305 3500 3363 Pro-

246 3396 446 3467 φητεία
484 3398 831 3469 παρίστησιν,
865 3400 948 3453 ὅτι
978 3400 1115 3473 αὐτή
1146 3416 1205 3455 τε
1234 3401 1267 3471 ἡ
1300 3401 1467 3455 κακία
1494 3404 1587 3457 καὶ
1626 3405 1731 3457 πᾶν
1764 3406 1822 3472 ἐξ

244 3486 420 3557 αὐτῆς
459 3487 659 3560 ὕψωμα
704 3490 765 3543 τὸ
804 3490 943 3545 κατὰ
982 3492 1081 3562 τῆς
1129 3492 1382 3562 γνώσεως
1419 3493 1513 3549 τοῦ
1553 3494 1685 3548 Θεοῦ
1725 3497 1823 3549 ἐπ-

242 3580 503 3652 ηρμένον,
528 3582 609 3645 εἰς
627 3579 689 3635 τὸ
717 3582 791 3654 μὴ
817 3580 877 3635 ὃν
900 3584 1308 3653 περιστήσεται.
1335 3585 1450 3639 Νῦν
1474 3585 1531 3637 δὲ
1555 3585 1616 3638 τὸ
1642 3588 1826 3659 κρεῖτ-

242 3688 340 3729 τον
378 3672 543 3733 αὑτοῦ
593 3673 997 3745 μεταλαμϐάνει
1026 3676 1123 3747 τὴν
1158 3677 1435 3747 σημασίαν
1476 3676 1650 3746 λέγων
1672 3694 1685 3707 °
1729 3679 1825 3730 Δι’-

245 3782 416 3832 καιος
466 3767 549 3831 ὡς
588 3766 789 3836 φοῖνιξ
825 3767 1096 3835 ἀνθήσει,
1131 3768 1274 3825 ὡσεὶ
1314 3768 1525 3838 κέδρος
1560 3770 1599 3837 ἡ
1637 3769 1707 3823 ἐν
1745 3768 1827 3834 τῷ

244 3856 482 3922 Λιϐάνῳ
538 3857 1046 3925 πληθυνθήσεται.
1108 3859 1165 3912 '0
1212 3859 1318 3930 γὰρ
1366 3858 1580 3930 ἀληθῶς
1623 3858 1827 3922 δίκαιος

245 3946 496 4019 (Κύριος
534 3942 596 3999 δέ
627 3948 776 4005 ἐστιν
800 3948 829 4000 6
850 3947 1097 4018 δίκαιος),
1121 3951 1149 4002 6
1185 3948 1249 4002 δι’
1282 3951 1429 4019 ἡμᾶς
1463 3951 1525 4002 ἐκ
1562 3952 1664 4021 γῆς
1695 3951 1825 4004 ἀνα-

247 4034 416 4106 σχὼν,
457 4038 661 4100 ἐκεῖνος
704 4040 732 4090 6
765 4037 1026 4107 ὑψίκομος
1070 4038 1281 4107 φοῖνιξ,
1322 4040 1351 4091 6
1381 4040 1441 4091 ἐν
1488 4041 1555 4109 τῇ
1598 4038 1697 4109 ὕλῃ
1731 4040 1827 4109 τῆς

246 4125 464 4196 φύσεως
509 4125 666 4197 ἡμῶν
707 4126 1012 4190 ἀνατείλας,
1050 4126 1174 4198 ὅρος
1215 4128 1423 4196 γίνεται
1466 4130 1586 4190 ταῖς
1618 4127 1828 4198 κέδροις

244 4216 359 4270 τῶν
391 4216 723 4287 ῥιζουμένων
760 4216 849 4270 διὰ
876 4216 1109 4281 πίστεως
1135 4220 1193 4271 ἐν
1220 4218 1371 4288 αὑτῷ
1406 4218 1824 4289 πληθυνόμενος,

244 4309 453 4371 αἵτινες
491 4308 617 4361 ὅταν
654 4309 712 4361 ἐν
751 4308 828 4378 τῷ
866 4308 1001 4379 οῐκῳ
1034 4307 1129 4362 τοῦ
1169 4309 1299 4362 Θεοῦ
1354 4308 1719 4379 φυτευθῶσιν,
1769 4310 1827 4361 ἐν

245 4404 374 4463 ταῖς
414 4400 601 4465 αὐλαῖς
635 4399 727 4453 τοῦ
761 4398 892 4453 Θεοῦ
929 4401 1084 4471 ἡμῶν
1131 4400 1533 4471 ἐξανθήσουσιν.
1570 4397 1729 4453 Οῐκον
1772 4399 1828 4453 δὲ

245 4492 350 4563 τὴν
402 4491 723 4562 Ἐκκλησίαν
759 4491 899 4545 κατὰ
937 4491 1032 4563 τὴν
1058 4492 1151 4545 τοῦ
1199 4492 1517 4545 Ἀποστόλου
1556 4492 1828 4563 ὑφήγησιν

243 4586 644 4657 ἐνενοήσαμεν·
678 4586 733 4637 ἐν
774 4578 818 4654 ᾧ
854 4585 1061 4654 γίνεται
1104 4586 1137 4655 ή
1180 4585 1287 4638 τῶν
1330 4585 1535 4655 κέδρων
1565 4582 1659 4636 τοῦ
1691 4581 1825 4635 Θεοῦ

1930 3404 2090 3473 pheta
2117 3402 2315 3457 docere
2348 3402 2485 3464 vult,
2520 3401 2693 3470 ipsam
2723 3398 2991 3453 malitiam
3048 3407 3103 3454 et
3161 3414 3378 3454 onmem
3410 3413 3501 3454 or-
3566 3430 3569 3433 -

1931 3502 2041 3546 tam
2072 3508 2139 3547 ex
2169 3507 2232 3545 ea
2263 3490 2680 3553 sublimitatem,
2713 3489 2980 3545 adversus
3005 3490 3372 3559 cognitionem
3406 3489 3501 3544 Dei

1930 3599 1990 3639 se
2024 3584 2341 3654 erigentem,
2408 3582 2464 3637 in
2521 3581 2752 3636 nihilum
2785 3580 3136 3650 redigendam
3174 3595 3315 3635 esse.
3352 3581 3502 3637 Alias

1932 3690 2060 3730 vero
2119 3675 2402 3730 meliorem
2440 3673 2496 3728 in
2552 3682 2759 3745 partem
2821 3672 3081 3736 sumitur,
3120 3682 3181 3727 ut
3210 3686 3333 3726 cum
3369 3672 3503 3727 Pro-

1932 3767 2090 3837 pheta
2130 3766 2269 3821 idem
2302 3767 2377 3821 ait
2406 3785 2419 3821 :
2455 3764 2644 3820 Justus
2678 3774 2735 3819 ut
2768 3764 2949 3834 palma
2974 3764 3205 3833 ﬂorebit,
3235 3774 3292 3821 ut
3316 3764 3502 3821 cedrus

1932 3859 1986 3913 in
2042 3857 2244 3911 Libano
2306 3857 2720 3926 ampliﬁcabitur
2766 3857 2836 3910 “.
2886 3855 3022 3911 Nam
3070 3871 3261 3911 revera
3318 3855 3504 3924 justus

1934 3953 1952 4021 (
1982 3950 2245 4007 Dominus
2278 3958 2460 4004 autem
2493 3958 2578 4005 est
2606 3950 2792 4020 justus
2837 3949 2969 4020 ille)
3018 3949 3111 4019 qui
3146 3958 3370 4019 propter
3402 3965 3504 4004 nos

1933 4053 2087 4097 ortus
2122 4049 2208 4097 est
2251 4043 2318 4097 de
2356 4053 2498 4096 terra
2528 4059 2541 4095 :
2576 4043 2624 4097 is
2665 4042 2832 4109 igitur
2860 4051 2945 4096 est
2981 4041 3232 4095 alticoma
3264 4040 3353 4094 illa
3385 4041 3502 4110 pal—

1934 4150 2042 4195 ma,
2081 4150 2205 4203 qua:
2242 4142 2432 4189 exorta
2473 4134 2526 4187 in
2562 4141 2771 4188 natura:
2797 4142 3001 4191 nostra:
3032 4134 3188 4197 silva,
3228 4148 3385 4187 mons
3424 4135 3502 4196 lit,

1933 4236 2091 4279 aucta
2117 4225 2297 4287 cedi-is
2324 4241 2537 4289 eorum,
2576 4227 2669 4295 qui
2707 4241 2802 4293 per
2830 4226 2989 4281 ﬁdem
3026 4226 3081 4281 in
3135 4226 3254 4295 ipso
3291 4224 3505 4280 radices

1932 4322 2122 4384 agunt,
2173 4331 2295 4384 quae
2335 4316 2553 4385 quidem
2589 4315 2740 4369 cedri
2799 4330 2925 4369 cum
2985 4316 3241 4384 plantata:
3295 4314 3350 4366 in
3412 4312 3503 4367 Dei

1934 4408 2097 4462 domo
2128 4408 2355 4469 inierint,
2400 4410 2454 4461 in
2489 4408 2645 4463 atriis
2674 4406 2769 4462 Dei
2808 4407 2983 4462 nostri
3026 4405 3316 4461 ﬂorebunt.
3354 4404 3505 4460 Hanc

1935 4506 2116 4552 autem
2145 4498 2367 4553 domum
2407 4496 2711 4553 Ecclesiam
2742 4513 2863 4553 esse
2917 4496 3315 4567 intelligimus,_
3354 4497 3503 4565 Apo-

1936 4590 2133 4643 stolum
2197 4589 2408 4645 secuti:
2449 4590 2505 4643 in
2544 4604 2649 4659 qua
2703 4588 2850 4643 cedri
2894 4586 2991 4641 Dei
3048 4588 3503 4643 conseruntur”.

244 4678 467 4748 φυτεία.
499 4677 679 4741 Αὑλὰς
715 4677 773 4729 δὲ
809 4676 907 4741 τὰς
935 4676 1183 4741 αἰωνίους
1212 4676 1435 4748 σκηνὰς.
1466 4678 1524 4729 ἐν
1550 4669 1638 4740 αἷς
1662 4677 1696 4747 ἡ
1722 4674 1824 4728 τῶν

1932 4679 2035 4735 Per
2066 4682 2203 4734 atria
2236 4696 2367 4736 vero
2402 4688 2603 4735 aeterna
2638 4680 2732 4733 illa
2795 4678 3154 4733 tabernacula
3184 4679 3505 4750 accipimus,

243 4769 472 4839 ἀγαθῶν
512 4769 739 4821 ἐλπίδων
775 4767 1059 4839 ἐξανθησίς
1102 4784 1162 4819 τε
1226 4768 1318 4820 καὶ
1366 4766 1669 4837 φανέρωσις
1710 4767 1827 4827 τοῖς

248 4860 551 4934 καθήκουσι
571 4861 781 4931 χρόνοις
803 4861 1109 4929 γενήσεται.
1146 4858 1361 4929 Ἐπειδὴ
1382 4858 1558 4910 τοίνυν
1582 4856 1642 4910 τὸ
1666 4855 1827 4927 σῶμα

247 4954 347 5009 τοῦ
370 4952 605 5024 Χριστοῦ
623 4950 710 5005 διὰ
730 4950 837 5005 τῶν
855 4950 974 5005 καθ’
997 4950 1225 5004 ἕκαστον
1241 4949 1605 5022 ἐκπληροῦται
1627 4948 1800 5019 μελῶν
1812 4962 1825 4975 ·

254 5042 336 5099 Τὰ
354 5043 463 5111 γὰρ
478 5042 866 5113 πολλὰμέλη,
880 5040 951 5095 ἐν
963 5040 1134 5111 σῶμα
1159 5043 1402 5112 γίνεται,
1418 5039 1598 5103 καθώς
1613 5057 1775 5111 φησιν
1797 5041 1826 5094 6

261 5133 585 5198 ’Δπόστολος
604 5154 620 5169 ·
652 5134 840 5186 τούτου
882 5132 1042 5205 χάριν
1069 5132 1187 5186 ὅλον
1217 5132 1277 5185 τὸ
1300 5130 1393 5185 τοῦ
1427 5131 1660 5202 νυμφίου
1692 5132 1827 5185 κάλ-

246 5225 344 5289 λος
387 5226 477 5279 τὸν
520 5225 773 5279 ἐκλεκτὸν
806 5225 1055 5297 ὠνόμασε
1111 5223 1371 5289 Λίϐανον,
1421 5224 1522 5295 τὴν
1561 5224 1697 5294 πρὸς
1738 5224 1829 5279 τὸν

246 5317 560 5388 ἀπόϐλητον
582 5318 808 5371 Λίϐανον
829 5316 1091 5389 διαφορὰν
1109 5317 1187 5387 τῷ
1207 5315 1445 5386 ἐκλεκτῷ
1466 5315 1829 5369 διαστείλασα.

261 5414 502 5477 Ἐκεῖνος
529 5412 636 5484 γάρ
662 5413 806 5465 ἐστιν
833 5414 860 5465 ὀ
899 5412 1128 5470 Λίϐανος
1158 5410 1302 5463 κατὰ
1328 5411 1418 5463 τὸν
1461 5411 1704 5476 Ἡσαΐαν,
1732 5410 1830 5464 σὺν

244 5510 367 5570 τοῖς
403 5505 625 5577 ὑψηλοῖς
666 5504 1028 5575 πεσούμενος,
1077 5505 1205 5558 ὅταν
1241 5505 1305 5556 ἐκ
1353 5503 1452 5573 τῆς
1488 5502 1581 5555 τοῦ
1632 5501 1832 5555 Ἰεσσαὶ

253 5598 415 5672 ῥίζης
454 5597 708 5670 ἀνατείλῃ
739 5598 800 5650 τὸ
829 5597 1009 5663 ἄνθος,
1050 5598 1142 5650 καὶ
1168 5598 1201 5668 ἡ
1229 5597 1326 5667 τῆς
1352 5594 1599 5660 ἐξουσίας
1638 5593 1831 5666 ῥάϐδος

327 5800 374 5829 δ’
396 5798 605 5853 Cnloss.
634 5814 673 5863 ι,
696 5797 779 5851 l3.
854 5794 901 5828 ⁵⁸
929 5794 968 5847 ll
991 5794 1115 5849 Cor.
1150 5811 1235 5857 xv,
1269 5795 1359 5848 2i.
1396 5796 1438 5827 '“
1469 5795 1623 5848 Rom.
1650 5811 1725 5860 ut,
1771 5792 1860 5847 ill.

246 5883 370 5933 sca,
407 5869 469 5923 l5
490 5884 612 5939 sqq.

1936 4772 1989 4825 in
2020 4772 2222 4841 quibus
2246 4755 2520 4827 et'llorent
2544 4786 2672 4839 spes
2708 4770 2887 4833 bona),
2920 4778 2974 4825 et
3003 4786 3106 4825 suo
3135 4779 3379 4842 tempore
3414 4788 3503 4843 pa-

1935 4864 2146 4917 teﬁunt.
2177 4860 2359 4927 Quare
2390 4875 2515 4913 cum
2543 4859 2748 4914 Christi
2780 4875 2984 4931 corpus
3014 4876 3109 4930 per
3132 4862 3369 4917 membra
3399 4862 3511 4917 sin-

1931 4953 2057 5022 gula
2102 4951 2195 5004 ﬁat
2238 4951 2535 5019 integrum,
2600 4948 2842 5003 Membra
2890 4951 3030 5004 enim
3084 4950 3255 5004 multa
3317 4967 3505 5019 corpus

1930 5060 2093 5097 unum
2143 5044 2298 5112 ﬁunt,
2362 5041 2538 5110 inquit
2590 5041 2883 5111 Apostolus
2927 5042 2996 5105 ",
3052 5056 3170 5096 eam
3217 5041 3388 5109 ipsam
3438 5042 3509 5095 ob

1926 5150 2147 5190 causam
2213 5140 2383 5187 totam
2427 5132 2617 5203 sponsi
2669 5141 3007 5188 venustatem
3060 5130 3355 5201 appellavit
3396 5130 3508 5185 ele-

1927 5236 2075 5282 ctum
2101 5225 2393 5288 Libanum,
2435 5225 2734 5280 discrimen
2765 5225 2931 5293 hujus
2960 5232 3012 5279 et
3040 5222 3241 5278 Libani
3272 5222 3365 5292 qui
3420 5236 3506 5276 re-

1921 5319 2133 5389 jicitur,
2192 5331 2289 5387 per
2341 5331 2530 5371 vocem
2571 5317 2729 5372 electi
2765 5317 3127 5372 constituens.
3162 5313 3295 5367 ham
3368 5310 3508 5365 alter

1932 5410 2024 5465 ille
2068 5407 2307 5463 Libauus
2351 5419 2456 5472 est,
2488 5408 2582 5478 qui
2612 5408 2916 5464 secundum
2977 5404 3170 5460 Isaiam
3223 5418 3331 5457 una
3379 5417 3504 5457 cum

1936 5499 2262 5557 sublimibus
2314 5506 2557 5563 corruet,
2622 5514 2751 5554 cum
2800 5513 2869 5554 ex
2914 5496 3101 5550 radice
3152 5493 3355 5550 Jessaea
3404 5492 3506 5547 llos

1938 5594 2027 5648 ille
2051 5601 2274 5649 exortus
2302 5592 2469 5648 fuerit
2491 5592 2559 5659 ⁸⁷,
2582 5600 2637 5648 et
2675 5592 2828 5662 virga
2861 5588 3153 5659 potestatis
3185 5593 3366 5650 enata,
3393 5599 3502 5655 qua

1939 5795 1983 5825 ³³
2013 5792 2159 5847 Psal.
2187 5808 2392 5853 mvu,
2428 5792 2513 5849 49.
2592 5792 2637 5825 ⁵³
2668 5789 2814 5847 Psal.
2849 5801 3042 5856 xxviii,
3076 5784 3130 5854 5,
3151 5786 3203 5842 6.
3271 5782 3492 5853 "Panis

689 5867 735 5900 ⁸³
777 5865 1030 5929 Bonum,
1060 5865 1139 5921 l7.
1207 5867 1251 5896 δι’
1282 5866 1299 5918 l
1326 5868 1450 5922 Cor.
1488 5883 1585 5931 xu,
1626 5866 1705 5919 Η.
1784 5866 1826 5895 "
1856 5863 1958 5919 lsa.
1990 5866 2169 5929 x,5l;
2211 5881 2282 5929 si,
2322 5864 2364 5915 ι.
