  <div class='ocr_page' id='page_1' title='image "/cluster/home/n/w/nwhite01/storage/ocr_20150623/44/hvd.32044012542270/551.png"; bbox 0 0 4004 6536; ppageno 0'>
   <div class='ocr_carea' id='block_1_1' title="bbox 530 483 670 544">
    <p class='ocr_par' dir='ltr' id='par_1_1' title="bbox 530 483 670 544">
     <span class='ocr_line' id='line_1_1' title="bbox 530 483 670 544; baseline 0.029 -3"><span class='ocrx_word' id='word_1_1' title='bbox 530 483 670 544; x_wconf 74' lang='grc'><strong>1083</strong></span> 
     </span>
    </p>
   </div>
   <div class='ocr_carea' id='block_1_2' title="bbox 1758 490 2513 550">
    <p class='ocr_par' dir='ltr' id='par_1_2' title="bbox 1758 490 2513 550">
     <span class='ocr_line' id='line_1_2' title="bbox 1758 490 2513 550; baseline -0.007 -2"><span class='ocrx_word' id='word_1_2' title='bbox 1758 494 1814 548; x_wconf 92' lang='lat' dir='ltr'><strong>S.</strong></span> <span class='ocrx_word' id='word_1_3' title='bbox 1856 490 2182 550; x_wconf 80' lang='lat' dir='ltr'><strong>GREGORII</strong></span> <span class='ocrx_word' id='word_1_4' title='bbox 2219 490 2513 546; x_wconf 74' lang='lat' dir='ltr'><strong>NYSSENI</strong></span> 
     </span>
    </p>
   </div>
   <div class='ocr_carea' id='block_1_3' title="bbox 3630 479 3759 536">
    <p class='ocr_par' dir='ltr' id='par_1_3' title="bbox 3630 479 3759 536">
     <span class='ocr_line' id='line_1_3' title="bbox 3630 479 3759 536; baseline 0.031 -3"><span class='ocrx_word' id='word_1_5' title='bbox 3630 479 3759 536; x_wconf 68' lang='grc'><strong>1084</strong></span> 
     </span>
    </p>
   </div>
   <div class='ocr_carea' id='block_1_4' title="bbox 539 591 2113 678">
    <p class='ocr_par' dir='ltr' id='par_1_4' title="bbox 539 601 2096 676">
     <span class='ocr_line' id='line_1_4' title="bbox 539 601 2096 676; baseline 0.003 -21"><span class='ocrx_word' id='word_1_6' title='bbox 539 610 593 655; x_wconf 89' lang='lat' dir='ltr'><strong>et</strong></span> <span class='ocrx_word' id='word_1_7' title='bbox 623 601 815 666; x_wconf 86' lang='lat' dir='ltr'><strong>leonis,</strong></span> <span class='ocrx_word' id='word_1_8' title='bbox 847 609 903 658; x_wconf 92' lang='lat' dir='ltr'><strong>et</strong></span> <span class='ocrx_word' id='word_1_9' title='bbox 939 602 1119 673; x_wconf 86' lang='lat' dir='ltr'><strong>pardi,</strong></span> <span class='ocrx_word' id='word_1_10' title='bbox 1159 611 1213 661; x_wconf 90' lang='lat' dir='ltr'><strong>et</strong></span> <span class='ocrx_word' id='word_1_11' title='bbox 1265 605 1520 676; x_wconf 91' lang='lat' dir='ltr'><strong>aspidum</strong></span> <span class='ocrx_word' id='word_1_12' title='bbox 1559 615 1748 660; x_wconf 83' lang='lat' dir='ltr'><strong>natura</strong></span> <span class='ocrx_word' id='word_1_13' title='bbox 1795 614 2096 662; x_wconf 87' lang='lat' dir='ltr'><strong>commuta-</strong></span> 
     </span>
    </p>
   </div>
   <div class='ocr_carea' id='block_1_5' title="bbox 2213 591 3760 678">
    <p class='ocr_par' dir='ltr' id='par_1_5' title="bbox 2213 591 3760 678">
     <span class='ocr_line' id='line_1_5' title="bbox 2213 591 3760 678; baseline -0.005 -24"><span class='ocrx_word' id='word_1_14' title='bbox 2213 606 2433 678; x_wconf 70' lang='grc' dir='ltr'>ὶναφύῃ,</span> <span class='ocrx_word' id='word_1_15' title='bbox 2471 597 2534 656; x_wconf 87' lang='grc' dir='ltr'>δι’</span> <span class='ocrx_word' id='word_1_16' title='bbox 2561 594 2629 672; x_wconf 83' lang='grc' dir='ltr'>ἦς</span> <span class='ocrx_word' id='word_1_17' title='bbox 2662 597 3050 672; x_wconf 87' lang='grc' dir='ltr'>μεταϐάλλεται</span> <span class='ocrx_word' id='word_1_18' title='bbox 3084 591 3177 650; x_wconf 79' lang='grc' dir='ltr'>τοῦ</span> <span class='ocrx_word' id='word_1_19' title='bbox 3205 611 3265 648; x_wconf 89' lang='grc' dir='ltr'><strong>τε</strong></span> <span class='ocrx_word' id='word_1_20' title='bbox 3291 593 3522 656; x_wconf 85' lang='grc' dir='ltr'>λέοντος.</span> <span class='ocrx_word' id='word_1_21' title='bbox 3553 595 3760 660; x_wconf 72' lang='grc' dir='ltr'>καὶτῆς</span> 
     </span>
    </p>
   </div>
   <div class='ocr_carea' id='block_1_6' title="bbox 535 692 2098 764">
    <p class='ocr_par' dir='ltr' id='par_1_6' title="bbox 535 692 2098 764">
     <span class='ocr_line' id='line_1_6' title="bbox 535 692 2098 764; baseline 0.001 -16"><span class='ocrx_word' id='word_1_22' title='bbox 535 692 686 748; x_wconf 88' lang='lat' dir='ltr'><strong>bitur</strong></span> <span class='ocrx_word' id='word_1_23' title='bbox 720 693 775 747; x_wconf 92' lang='lat' dir='ltr'><strong>in</strong></span> <span class='ocrx_word' id='word_1_24' title='bbox 806 693 1046 749; x_wconf 85' lang='lat' dir='ltr'><strong>cicurem</strong></span> <span class='ocrx_word' id='word_1_25' title='bbox 1077 695 1367 764; x_wconf 84' lang='lat' dir='ltr'><strong>quamdam</strong></span> <span class='ocrx_word' id='word_1_26' title='bbox 1401 694 1871 752; x_wconf 89' lang='lat' dir='ltr'><strong>mansuetudinem</strong></span> <span class='ocrx_word' id='word_1_27' title='bbox 1901 717 1914 751; x_wconf 90' lang='lat'><strong>:</strong></span> <span class='ocrx_word' id='word_1_28' title='bbox 1940 698 2012 750; x_wconf 90' lang='lat' dir='ltr'><strong>ita</strong></span> <span class='ocrx_word' id='word_1_29' title='bbox 2037 706 2098 750; x_wconf 89' lang='lat' dir='ltr'><strong>ut</strong></span> 
     </span>
    </p>
   </div>
   <div class='ocr_carea' id='block_1_7' title="bbox 534 781 2098 858">
    <p class='ocr_par' dir='ltr' id='par_1_7' title="bbox 534 781 2098 858">
     <span class='ocr_line' id='line_1_7' title="bbox 534 781 2098 858; baseline 0.004 -22"><span class='ocrx_word' id='word_1_30' title='bbox 534 781 621 837; x_wconf 91' lang='lat' dir='ltr'><strong>leo</strong></span> <span class='ocrx_word' id='word_1_31' title='bbox 649 797 773 837; x_wconf 92' lang='lat' dir='ltr'><strong>cum</strong></span> <span class='ocrx_word' id='word_1_32' title='bbox 803 785 978 838; x_wconf 90' lang='lat' dir='ltr'><strong>vitulo</strong></span> <span class='ocrx_word' id='word_1_33' title='bbox 1000 784 1182 856; x_wconf 89' lang='lat' dir='ltr'><strong>degat,</strong></span> <span class='ocrx_word' id='word_1_34' title='bbox 1211 787 1457 856; x_wconf 86' lang='lat' dir='ltr'><strong>pardalis</strong></span> <span class='ocrx_word' id='word_1_35' title='bbox 1482 803 1605 842; x_wconf 92' lang='lat' dir='ltr'><strong>cum</strong></span> <span class='ocrx_word' id='word_1_36' title='bbox 1643 788 1805 844; x_wconf 60' lang='lat' dir='ltr'><strong>haedo</strong></span> <span class='ocrx_word' id='word_1_37' title='bbox 1851 790 2098 858; x_wconf 80' lang='lat' dir='ltr'><strong>requiem</strong></span> 
     </span>
    </p>
   </div>
   <div class='ocr_carea' id='block_1_8' title="bbox 533 875 2096 950">
    <p class='ocr_par' dir='ltr' id='par_1_8' title="bbox 533 875 2096 950">
     <span class='ocr_line' id='line_1_8' title="bbox 533 875 2096 950; baseline 0.003 -20"><span class='ocrx_word' id='word_1_38' title='bbox 533 877 741 944; x_wconf 83' lang='lat' dir='ltr'><strong>capiat,</strong></span> <span class='ocrx_word' id='word_1_39' title='bbox 777 876 961 944; x_wconf 68' lang='lat' dir='ltr'><strong>praesit</strong></span> <span class='ocrx_word' id='word_1_40' title='bbox 990 875 1059 931; x_wconf 92' lang='lat' dir='ltr'><strong>iis</strong></span> <span class='ocrx_word' id='word_1_41' title='bbox 1088 877 1325 945; x_wconf 89' lang='lat' dir='ltr'><strong>denique</strong></span> <span class='ocrx_word' id='word_1_42' title='bbox 1374 895 1508 948; x_wconf 89' lang='lat' dir='ltr'><strong>puer</strong></span> <span class='ocrx_word' id='word_1_43' title='bbox 1546 879 1637 933; x_wconf 89' lang='lat' dir='ltr'><strong>ille</strong></span> <span class='ocrx_word' id='word_1_44' title='bbox 1696 880 1955 949; x_wconf 89' lang='lat' dir='ltr'><strong>pusillus,</strong></span> <span class='ocrx_word' id='word_1_45' title='bbox 2004 881 2096 950; x_wconf 90' lang='lat' dir='ltr'><strong>qui</strong></span> 
     </span>
    </p>
   </div>
   <div class='ocr_carea' id='block_1_9' title="bbox 533 966 2100 1041">
    <p class='ocr_par' dir='ltr' id='par_1_9' title="bbox 533 966 2100 1041">
     <span class='ocr_line' id='line_1_9' title="bbox 533 966 2100 1041; baseline 0.004 -21"><span class='ocrx_word' id='word_1_46' title='bbox 533 966 695 1021; x_wconf 87' lang='lat' dir='ltr'><strong>nobis</strong></span> <span class='ocrx_word' id='word_1_47' title='bbox 727 974 888 1021; x_wconf 90' lang='lat' dir='ltr'><strong>natus</strong></span> <span class='ocrx_word' id='word_1_48' title='bbox 917 976 1041 1022; x_wconf 88' lang='lat' dir='ltr'><strong>est:</strong></span> <span class='ocrx_word' id='word_1_49' title='bbox 1084 969 1244 1038; x_wconf 91' lang='lat' dir='ltr'><strong>cujus</strong></span> <span class='ocrx_word' id='word_1_50' title='bbox 1277 985 1470 1025; x_wconf 90' lang='lat' dir='ltr'><strong>manus</strong></span> <span class='ocrx_word' id='word_1_51' title='bbox 1530 972 1582 1025; x_wconf 92' lang='lat' dir='ltr'><strong>in</strong></span> <span class='ocrx_word' id='word_1_52' title='bbox 1629 985 1916 1026; x_wconf 85' lang='lat' dir='ltr'><strong>cavernam</strong></span> <span class='ocrx_word' id='word_1_53' title='bbox 1954 971 2100 1041; x_wconf 89' lang='lat' dir='ltr'><strong>aspi-</strong></span> 
     </span>
    </p>
   </div>
   <div class='ocr_carea' id='block_1_10' title="bbox 533 1056 2100 1130">
    <p class='ocr_par' dir='ltr' id='par_1_10' title="bbox 533 1056 2100 1130">
     <span class='ocr_line' id='line_1_10' title="bbox 533 1056 2100 1130; baseline 0.005 -23"><span class='ocrx_word' id='word_1_54' title='bbox 533 1056 661 1107; x_wconf 88' lang='lat' dir='ltr'><strong>dum</strong></span> <span class='ocrx_word' id='word_1_55' title='bbox 704 1065 971 1124; x_wconf 77' lang='lat' dir='ltr'><strong>penetrat,</strong></span> <span class='ocrx_word' id='word_1_56' title='bbox 1015 1063 1068 1110; x_wconf 88' lang='lat' dir='ltr'><strong>et</strong></span> <span class='ocrx_word' id='word_1_57' title='bbox 1095 1057 1336 1112; x_wconf 84' lang='lat' dir='ltr'><strong>sobolem</strong></span> <span class='ocrx_word' id='word_1_58' title='bbox 1367 1057 1576 1128; x_wconf 88' lang='lat' dir='ltr'><strong>aspidis</strong></span> <span class='ocrx_word' id='word_1_59' title='bbox 1603 1059 1898 1130; x_wconf 89' lang='lat' dir='ltr'><strong>attingens,</strong></span> <span class='ocrx_word' id='word_1_60' title='bbox 1933 1074 2100 1115; x_wconf 89' lang='lat' dir='ltr'><strong>vene-</strong></span> 
     </span>
    </p>
   </div>
   <div class='ocr_carea' id='block_1_11' title="bbox 534 1147 2100 1218">
    <p class='ocr_par' dir='ltr' id='par_1_11' title="bbox 534 1147 2100 1218">
     <span class='ocr_line' id='line_1_11' title="bbox 534 1147 2100 1218; baseline 0.003 -17"><span class='ocrx_word' id='word_1_61' title='bbox 534 1163 664 1201; x_wconf 88' lang='lat' dir='ltr'><strong>num</strong></span> <span class='ocrx_word' id='word_1_62' title='bbox 697 1163 885 1202; x_wconf 91' lang='lat' dir='ltr'><strong>earum</strong></span> <span class='ocrx_word' id='word_1_63' title='bbox 923 1150 1156 1218; x_wconf 90' lang='lat' dir='ltr'><strong>hebetat.</strong></span> <span class='ocrx_word' id='word_1_64' title='bbox 1190 1147 1321 1216; x_wconf 74' lang='lat' dir='ltr'><strong>Quae</strong></span> <span class='ocrx_word' id='word_1_65' title='bbox 1353 1151 1442 1206; x_wconf 92' lang='lat' dir='ltr'><strong>ubi</strong></span> <span class='ocrx_word' id='word_1_66' title='bbox 1494 1151 1812 1215; x_wconf 88' lang='lat' dir='ltr'><strong>acciderint,</strong></span> <span class='ocrx_word' id='word_1_67' title='bbox 1859 1151 2100 1207; x_wconf 81' lang='lat' dir='ltr'><strong>futurum</strong></span> 
     </span>
    </p>
   </div>
   <div class='ocr_carea' id='block_1_12' title="bbox 537 1236 2102 1310">
    <p class='ocr_par' dir='ltr' id='par_1_12' title="bbox 537 1236 2102 1310">
     <span class='ocr_line' id='line_1_12' title="bbox 537 1236 2102 1310; baseline 0.004 -21"><span class='ocrx_word' id='word_1_68' title='bbox 537 1238 615 1289; x_wconf 86' lang='lat' dir='ltr'><strong>ait</strong></span> <span class='ocrx_word' id='word_1_69' title='bbox 646 1236 937 1308; x_wconf 83' lang='lat' dir='ltr'><strong>Propheta,</strong></span> <span class='ocrx_word' id='word_1_70' title='bbox 981 1247 1040 1292; x_wconf 96' lang='lat' dir='ltr'><strong>ut</strong></span> <span class='ocrx_word' id='word_1_71' title='bbox 1069 1251 1124 1294; x_wconf 89' lang='lat' dir='ltr'><strong>et</strong></span> <span class='ocrx_word' id='word_1_72' title='bbox 1155 1237 1396 1295; x_wconf 89' lang='lat' dir='ltr'><strong>Libanus</strong></span> <span class='ocrx_word' id='word_1_73' title='bbox 1445 1256 1570 1310; x_wconf 88' lang='lat' dir='ltr'><strong>cum</strong></span> <span class='ocrx_word' id='word_1_74' title='bbox 1614 1241 1938 1297; x_wconf 90' lang='lat' dir='ltr'><strong>sublimibus</strong></span> <span class='ocrx_word' id='word_1_75' title='bbox 1977 1256 2102 1296; x_wconf 83' lang='lat' dir='ltr'><strong>cor-</strong></span> 
     </span>
    </p>
   </div>
   <div class='ocr_carea' id='block_1_13' title="bbox 500 1330 2100 1406">
    <p class='ocr_par' dir='ltr' id='par_1_13' title="bbox 500 1330 2100 1406">
     <span class='ocr_line' id='line_1_13' title="bbox 500 1330 2100 1406; baseline 0.005 -24"><span class='ocrx_word' id='word_1_76' title='bbox 500 1360 504 1367; x_wconf 90' lang='lat'><strong><em>-</em></strong></span> <span class='ocrx_word' id='word_1_77' title='bbox 535 1339 681 1384; x_wconf 89' lang='lat' dir='ltr'><strong>ruat.</strong></span> <span class='ocrx_word' id='word_1_78' title='bbox 703 1330 1052 1399; x_wconf 66' lang='lat' dir='ltr'><strong>Quaecunque</strong></span> <span class='ocrx_word' id='word_1_79' title='bbox 1086 1347 1218 1385; x_wconf 85' lang='lat' dir='ltr'><strong>vero</strong></span> <span class='ocrx_word' id='word_1_80' title='bbox 1242 1333 1356 1386; x_wconf 65' lang='lat' dir='ltr'><strong>haec</strong></span> <span class='ocrx_word' id='word_1_81' title='bbox 1387 1333 1665 1403; x_wconf 87' lang='lat' dir='ltr'><strong>prephetia</strong></span> <span class='ocrx_word' id='word_1_82' title='bbox 1690 1350 1787 1405; x_wconf 89' lang='lat' dir='ltr'><strong>per</strong></span> <span class='ocrx_word' id='word_1_83' title='bbox 1813 1335 2100 1406; x_wconf 77' lang='lat' dir='ltr'><strong>:enigmata</strong></span> 
     </span>
    </p>
   </div>
   <div class='ocr_carea' id='block_1_14' title="bbox 536 1421 2104 1493">
    <p class='ocr_par' dir='ltr' id='par_1_14' title="bbox 536 1421 2104 1493">
     <span class='ocr_line' id='line_1_14' title="bbox 536 1421 2104 1493; baseline 0.004 -18"><span class='ocrx_word' id='word_1_84' title='bbox 536 1421 762 1486; x_wconf 86' lang='lat' dir='ltr'><strong>indicat,</strong></span> <span class='ocrx_word' id='word_1_85' title='bbox 795 1439 856 1478; x_wconf 88' lang='lat' dir='ltr'><strong>ea</strong></span> <span class='ocrx_word' id='word_1_86' title='bbox 889 1431 1147 1493; x_wconf 88' lang='lat' dir='ltr'><strong>tanquam</strong></span> <span class='ocrx_word' id='word_1_87' title='bbox 1180 1424 1466 1479; x_wconf 76' lang='lat' dir='ltr'><strong>manifesta</strong></span> <span class='ocrx_word' id='word_1_88' title='bbox 1509 1427 1784 1490; x_wconf 89' lang='lat' dir='ltr'><strong>omnibus,</strong></span> <span class='ocrx_word' id='word_1_89' title='bbox 1846 1435 2104 1482; x_wconf 86' lang='lat' dir='ltr'><strong>accurate</strong></span> 
     </span>
    </p>
   </div>
   <div class='ocr_carea' id='block_1_15' title="bbox 533 1512 2099 1585">
    <p class='ocr_par' dir='ltr' id='par_1_15' title="bbox 533 1512 2099 1585">
     <span class='ocr_line' id='line_1_15' title="bbox 533 1512 2099 1585; baseline 0.006 -19"><span class='ocrx_word' id='word_1_90' title='bbox 533 1513 810 1582; x_wconf 72' lang='lat' dir='ltr'><strong>explicare</strong></span> <span class='ocrx_word' id='word_1_91' title='bbox 848 1514 1003 1579; x_wconf 84' lang='lat' dir='ltr'><strong>velle,</strong></span> <span class='ocrx_word' id='word_1_92' title='bbox 1036 1512 1200 1567; x_wconf 77' lang='lat' dir='ltr'><strong>fuerit</strong></span> <span class='ocrx_word' id='word_1_93' title='bbox 1232 1531 1720 1585; x_wconf 87' lang='lat' dir='ltr'><strong>supervacaneum.</strong></span> <span class='ocrx_word' id='word_1_94' title='bbox 1773 1517 1905 1584; x_wconf 88' lang='lat' dir='ltr'><strong>Quis</strong></span> <span class='ocrx_word' id='word_1_95' title='bbox 1955 1522 2099 1574; x_wconf 90' lang='lat' dir='ltr'><strong>enim</strong></span> 
     </span>
    </p>
   </div>
   <div class='ocr_carea' id='block_1_16' title="bbox 537 1599 2100 1676">
    <p class='ocr_par' dir='ltr' id='par_1_16' title="bbox 537 1599 2100 1676">
     <span class='ocr_line' id='line_1_16' title="bbox 537 1599 2100 1676; baseline 0.006 -22"><span class='ocrx_word' id='word_1_96' title='bbox 537 1599 752 1672; x_wconf 75' lang='lat' dir='ltr'><strong>ignorat</strong></span> <span class='ocrx_word' id='word_1_97' title='bbox 784 1618 1008 1672; x_wconf 89' lang='lat' dir='ltr'><strong>puerum</strong></span> <span class='ocrx_word' id='word_1_98' title='bbox 1032 1603 1193 1658; x_wconf 87' lang='lat' dir='ltr'><strong>illum</strong></span> <span class='ocrx_word' id='word_1_99' title='bbox 1223 1605 1384 1660; x_wconf 90' lang='lat' dir='ltr'><strong>nobis</strong></span> <span class='ocrx_word' id='word_1_100' title='bbox 1418 1613 1603 1659; x_wconf 90' lang='lat' dir='ltr'><strong>natum</strong></span> <span class='ocrx_word' id='word_1_101' title='bbox 1627 1606 1770 1676; x_wconf 14' lang='lat' dir='ltr'><strong>?lqui</strong></span> <span class='ocrx_word' id='word_1_102' title='bbox 1803 1623 1964 1662; x_wconf 92' lang='lat' dir='ltr'><strong>manu</strong></span> <span class='ocrx_word' id='word_1_103' title='bbox 2001 1625 2100 1664; x_wconf 92' lang='lat' dir='ltr'><strong>sua</strong></span> 
     </span>
    </p>
   </div>
   <div class='ocr_carea' id='block_1_17' title="bbox 535 1693 2106 1768">
    <p class='ocr_par' dir='ltr' id='par_1_17' title="bbox 535 1693 2106 1768">
     <span class='ocr_line' id='line_1_17' title="bbox 535 1693 2106 1768; baseline 0.004 -22"><span class='ocrx_word' id='word_1_104' title='bbox 535 1693 802 1763; x_wconf 77' lang='lat' dir='ltr'><strong>contingit</strong></span> <span class='ocrx_word' id='word_1_105' title='bbox 837 1693 1077 1762; x_wconf 87' lang='lat' dir='ltr'><strong>aspides,</strong></span> <span class='ocrx_word' id='word_1_106' title='bbox 1119 1695 1278 1765; x_wconf 88' lang='lat' dir='ltr'><strong>cujus</strong></span> <span class='ocrx_word' id='word_1_107' title='bbox 1311 1695 1632 1766; x_wconf 64' lang='lat' dir='ltr'><strong>praefectura</strong></span> <span class='ocrx_word' id='word_1_108' title='bbox 1669 1699 1872 1753; x_wconf 86' lang='lat' dir='ltr'><strong>bestias</strong></span> <span class='ocrx_word' id='word_1_109' title='bbox 1920 1698 2106 1768; x_wconf 88' lang='lat' dir='ltr'><strong>perni-</strong></span> 
     </span>
    </p>
   </div>
   <div class='ocr_carea' id='block_1_18' title="bbox 535 1782 2105 1860">
    <p class='ocr_par' dir='ltr' id='par_1_18' title="bbox 535 1782 2105 1860">
     <span class='ocr_line' id='line_1_18' title="bbox 535 1782 2105 1860; baseline 0.004 -24"><span class='ocrx_word' id='word_1_110' title='bbox 535 1782 720 1837; x_wconf 89' lang='lat' dir='ltr'><strong>ciosas</strong></span> <span class='ocrx_word' id='word_1_111' title='bbox 752 1784 855 1838; x_wconf 87' lang='lat' dir='ltr'><strong>sub</strong></span> <span class='ocrx_word' id='word_1_112' title='bbox 885 1782 1024 1838; x_wconf 91' lang='lat' dir='ltr'><strong>idem</strong></span> <span class='ocrx_word' id='word_1_113' title='bbox 1055 1799 1178 1839; x_wconf 91' lang='lat' dir='ltr'><strong>cum</strong></span> <span class='ocrx_word' id='word_1_114' title='bbox 1213 1785 1489 1842; x_wconf 85' lang='lat' dir='ltr'><strong>cicuribus</strong></span> <span class='ocrx_word' id='word_1_115' title='bbox 1521 1796 1720 1842; x_wconf 90' lang='lat' dir='ltr'><strong>tectum</strong></span> <span class='ocrx_word' id='word_1_116' title='bbox 1757 1788 1971 1860; x_wconf 83' lang='lat' dir='ltr'><strong>redigit,</strong></span> <span class='ocrx_word' id='word_1_117' title='bbox 2009 1804 2105 1843; x_wconf 87' lang='lat' dir='ltr'><strong>na-</strong></span> 
     </span>
    </p>
   </div>
   <div class='ocr_carea' id='block_1_19' title="bbox 2200 685 3759 768">
    <p class='ocr_par' dir='ltr' id='par_1_19' title="bbox 2200 685 3759 768">
     <span class='ocr_line' id='line_1_19' title="bbox 2200 685 3759 768; baseline -0.006 -19"><span class='ocrx_word' id='word_1_118' title='bbox 2200 695 2518 768; x_wconf 87' lang='grc' dir='ltr'>παρδάλεως</span> <span class='ocrx_word' id='word_1_119' title='bbox 2540 733 2555 756; x_wconf 93' lang='grc'><strong>,</strong></span> <span class='ocrx_word' id='word_1_120' title='bbox 2597 693 2690 748; x_wconf 72' lang='grc' dir='ltr'><strong>καὶ</strong></span> <span class='ocrx_word' id='word_1_121' title='bbox 2733 690 2841 744; x_wconf 91' lang='grc' dir='ltr'><strong>τῶν</strong></span> <span class='ocrx_word' id='word_1_122' title='bbox 2872 688 3110 743; x_wconf 84' lang='grc' dir='ltr'>ἀσπίδων</span> <span class='ocrx_word' id='word_1_123' title='bbox 3147 688 3181 757; x_wconf 84' lang='grc' dir='ltr'><strong>ἡ</strong></span> <span class='ocrx_word' id='word_1_124' title='bbox 3219 686 3380 755; x_wconf 81' lang='grc' dir='ltr'>φύσις</span> <span class='ocrx_word' id='word_1_125' title='bbox 3420 685 3556 757; x_wconf 83' lang='grc' dir='ltr'>πρὸς</span> <span class='ocrx_word' id='word_1_126' title='bbox 3583 686 3644 738; x_wconf 81' lang='grc' dir='ltr'><strong>τὸ</strong></span> <span class='ocrx_word' id='word_1_127' title='bbox 3683 705 3759 739; x_wconf 85' lang='grc' dir='ltr'>τι-</span> 
     </span>
    </p>
   </div>
   <div class='ocr_carea' id='block_1_20' title="bbox 2199 777 3761 855">
    <p class='ocr_par' dir='ltr' id='par_1_20' title="bbox 2199 777 3761 855">
     <span class='ocr_line' id='line_1_20' title="bbox 2199 777 3761 855; baseline -0.008 -15"><span class='ocrx_word' id='word_1_128' title='bbox 2199 788 2394 842; x_wconf 90' lang='grc' dir='ltr'>θασσόν</span> <span class='ocrx_word' id='word_1_129' title='bbox 2422 804 2482 840; x_wconf 89' lang='grc' dir='ltr'><strong>τε</strong></span> <span class='ocrx_word' id='word_1_130' title='bbox 2527 786 2627 839; x_wconf 74' lang='grc' dir='ltr'>καὶ</span> <span class='ocrx_word' id='word_1_131' title='bbox 2654 785 2890 855; x_wconf 75' lang='grc' dir='ltr'><strong>ἥμερον⁸</strong></span> <span class='ocrx_word' id='word_1_132' title='bbox 2933 779 3072 833; x_wconf 85' lang='grc' dir='ltr'>ῶστε</span> <span class='ocrx_word' id='word_1_133' title='bbox 3104 777 3508 831; x_wconf 80' lang='grc' dir='ltr'><strong>συνδιαιτᾶσθαι</strong></span> <span class='ocrx_word' id='word_1_134' title='bbox 3561 777 3656 847; x_wconf 84' lang='grc' dir='ltr'>μὲν</span> <span class='ocrx_word' id='word_1_135' title='bbox 3689 777 3761 847; x_wconf 83' lang='grc' dir='ltr'>τῷ</span> 
     </span>
    </p>
   </div>
   <div class='ocr_carea' id='block_1_21' title="bbox 2201 862 3762 951">
    <p class='ocr_par' dir='ltr' id='par_1_21' title="bbox 2201 862 3762 951">
     <span class='ocr_line' id='line_1_21' title="bbox 2201 862 3762 951; baseline -0.008 -19"><span class='ocrx_word' id='word_1_136' title='bbox 2201 879 2384 951; x_wconf 77' lang='grc' dir='ltr'>μότχῳ</span> <span class='ocrx_word' id='word_1_137' title='bbox 2414 878 2503 930; x_wconf 82' lang='grc' dir='ltr'><strong>τὸν</strong></span> <span class='ocrx_word' id='word_1_138' title='bbox 2531 877 2750 942; x_wconf 64' lang='grc' dir='ltr'>λέοντα,</span> <span class='ocrx_word' id='word_1_139' title='bbox 2768 862 3241 944; x_wconf 86' lang='grc' dir='ltr'>συναναπαύεσθαι</span> <span class='ocrx_word' id='word_1_140' title='bbox 3276 869 3334 922; x_wconf 80' lang='grc' dir='ltr'>δὲ</span> <span class='ocrx_word' id='word_1_141' title='bbox 3360 867 3437 939; x_wconf 82' lang='grc' dir='ltr'>τῷ</span> <span class='ocrx_word' id='word_1_142' title='bbox 3463 867 3636 938; x_wconf 86' lang='grc' dir='ltr'>ἐρίφῳ</span> <span class='ocrx_word' id='word_1_143' title='bbox 3670 867 3762 938; x_wconf 80' lang='grc' dir='ltr'><strong>τήν</strong></span> 
     </span>
    </p>
   </div>
   <div class='ocr_carea' id='block_1_22' title="bbox 2201 959 3765 1040">
    <p class='ocr_par' dir='ltr' id='par_1_22' title="bbox 2201 959 3765 1040">
     <span class='ocr_line' id='line_1_22' title="bbox 2201 959 3765 1040; baseline -0.008 -18"><span class='ocrx_word' id='word_1_144' title='bbox 2201 968 2484 1040; x_wconf 82' lang='grc' dir='ltr'><strong>πάρδαλιν,</strong></span> <span class='ocrx_word' id='word_1_145' title='bbox 2519 967 2828 1020; x_wconf 77' lang='grc' dir='ltr'>ἐπιστατεῖν</span> <span class='ocrx_word' id='word_1_146' title='bbox 2859 964 2916 1018; x_wconf 82' lang='grc' dir='ltr'><strong>δέ</strong></span> <span class='ocrx_word' id='word_1_147' title='bbox 2949 963 3153 1016; x_wconf 86' lang='grc' dir='ltr'>τούτων</span> <span class='ocrx_word' id='word_1_148' title='bbox 3180 961 3240 1014; x_wconf 77' lang='grc' dir='ltr'>τὸ</span> <span class='ocrx_word' id='word_1_149' title='bbox 3274 960 3482 1013; x_wconf 78' lang='grc' dir='ltr'><strong>παιδίον</strong></span> <span class='ocrx_word' id='word_1_150' title='bbox 3512 962 3684 1012; x_wconf 85' lang='grc' dir='ltr'>ἐκεῖνο</span> <span class='ocrx_word' id='word_1_151' title='bbox 3706 959 3765 1010; x_wconf 80' lang='grc' dir='ltr'><strong>τὸ</strong></span> 
     </span>
    </p>
   </div>
   <div class='ocr_carea' id='block_1_23' title="bbox 2200 1047 3765 1131">
    <p class='ocr_par' dir='ltr' id='par_1_23' title="bbox 2200 1047 3765 1131">
     <span class='ocr_line' id='line_1_23' title="bbox 2200 1047 3765 1131; baseline -0.009 -18"><span class='ocrx_word' id='word_1_152' title='bbox 2200 1061 2391 1131; x_wconf 84' lang='grc' dir='ltr'>νήπιον</span> <span class='ocrx_word' id='word_1_153' title='bbox 2419 1058 2447 1111; x_wconf 86' lang='grc' dir='ltr'>ὃ</span> <span class='ocrx_word' id='word_1_154' title='bbox 2479 1058 2736 1128; x_wconf 74' lang='grc' dir='ltr'><strong>ἐγεννήθη</strong></span> <span class='ocrx_word' id='word_1_155' title='bbox 2767 1057 2900 1127; x_wconf 82' lang='grc' dir='ltr'>ἡμῖν</span> <span class='ocrx_word' id='word_1_156' title='bbox 2923 1073 2936 1085; x_wconf 74' lang='grc' dir='ltr'><strong>ι</strong></span> <span class='ocrx_word' id='word_1_157' title='bbox 2969 1047 3028 1107; x_wconf 73' lang='grc' dir='ltr'>οὗ</span> <span class='ocrx_word' id='word_1_158' title='bbox 3052 1054 3084 1124; x_wconf 87' lang='grc' dir='ltr'><strong>ή</strong></span> <span class='ocrx_word' id='word_1_159' title='bbox 3110 1052 3230 1123; x_wconf 72' lang='grc' dir='ltr'>χεὶρ</span> <span class='ocrx_word' id='word_1_160' title='bbox 3255 1053 3312 1103; x_wconf 89' lang='grc' dir='ltr'><strong>ἐν</strong></span> <span class='ocrx_word' id='word_1_161' title='bbox 3333 1052 3398 1121; x_wconf 81' lang='grc' dir='ltr'>τῇ</span> <span class='ocrx_word' id='word_1_162' title='bbox 3424 1048 3642 1120; x_wconf 77' lang='grc' dir='ltr'>τρώγλη</span> <span class='ocrx_word' id='word_1_163' title='bbox 3661 1048 3765 1102; x_wconf 83' lang='grc' dir='ltr'><strong>τῶν</strong></span> 
     </span>
    </p>
   </div>
   <div class='ocr_carea' id='block_1_24' title="bbox 2199 1139 3768 1216">
    <p class='ocr_par' dir='ltr' id='par_1_24' title="bbox 2199 1139 3768 1216">
     <span class='ocr_line' id='line_1_24' title="bbox 2199 1139 3768 1216; baseline -0.009 -13"><span class='ocrx_word' id='word_1_164' title='bbox 2199 1149 2438 1204; x_wconf 80' lang='grc' dir='ltr'>ἀσπίδων</span> <span class='ocrx_word' id='word_1_165' title='bbox 2493 1149 2728 1216; x_wconf 88' lang='grc' dir='ltr'>γίνεται,</span> <span class='ocrx_word' id='word_1_166' title='bbox 2793 1146 2886 1198; x_wconf 82' lang='grc' dir='ltr'><strong>καὶ</strong></span> <span class='ocrx_word' id='word_1_167' title='bbox 2942 1143 3049 1198; x_wconf 86' lang='grc' dir='ltr'><strong>τῶν</strong></span> <span class='ocrx_word' id='word_1_168' title='bbox 3102 1141 3338 1210; x_wconf 78' lang='grc' dir='ltr'>ἐκγόνων</span> <span class='ocrx_word' id='word_1_169' title='bbox 3383 1139 3481 1209; x_wconf 79' lang='grc' dir='ltr'>τῆς</span> <span class='ocrx_word' id='word_1_170' title='bbox 3547 1139 3768 1198; x_wconf 85' lang='grc' dir='ltr'>ἀσπίδος</span> 
     </span>
    </p>
   </div>
   <div class='ocr_carea' id='block_1_25' title="bbox 2201 1225 3766 1313">
    <p class='ocr_par' dir='ltr' id='par_1_25' title="bbox 2201 1225 3766 1313">
     <span class='ocr_line' id='line_1_25' title="bbox 2201 1225 3766 1313; baseline -0.008 -17"><span class='ocrx_word' id='word_1_171' title='bbox 2201 1241 2580 1313; x_wconf 85' lang='grc' dir='ltr'>ἐφαπτομένη,</span> <span class='ocrx_word' id='word_1_172' title='bbox 2623 1241 2717 1293; x_wconf 76' lang='grc' dir='ltr'>καὶ</span> <span class='ocrx_word' id='word_1_173' title='bbox 2745 1239 2834 1292; x_wconf 81' lang='grc' dir='ltr'><strong>τὸν</strong></span> <span class='ocrx_word' id='word_1_174' title='bbox 2868 1237 2944 1291; x_wconf 81' lang='grc' dir='ltr'>ίὸν</span> <span class='ocrx_word' id='word_1_175' title='bbox 2986 1235 3163 1290; x_wconf 82' lang='grc' dir='ltr'>αὐτῶν</span> <span class='ocrx_word' id='word_1_176' title='bbox 3193 1232 3650 1303; x_wconf 86' lang='grc' dir='ltr'>ἀπαμϐλύνουσα·</span> <span class='ocrx_word' id='word_1_177' title='bbox 3693 1225 3766 1286; x_wconf 81' lang='grc' dir='ltr'>ὧν</span> 
     </span>
    </p>
   </div>
   <div class='ocr_carea' id='block_1_26' title="bbox 2201 1322 3762 1405">
    <p class='ocr_par' dir='ltr' id='par_1_26' title="bbox 2201 1322 3762 1405">
     <span class='ocr_line' id='line_1_26' title="bbox 2201 1322 3762 1405; baseline -0.009 -17"><span class='ocrx_word' id='word_1_178' title='bbox 2201 1334 2516 1405; x_wconf 83' lang='grc' dir='ltr'>γινομένων,</span> <span class='ocrx_word' id='word_1_179' title='bbox 2549 1331 2711 1402; x_wconf 77' lang='grc' dir='ltr'>φησὶν</span> <span class='ocrx_word' id='word_1_180' title='bbox 2738 1333 2766 1383; x_wconf 86' lang='grc' dir='ltr'><strong>ό</strong></span> <span class='ocrx_word' id='word_1_181' title='bbox 2789 1331 3098 1399; x_wconf 84' lang='grc' dir='ltr'><strong>Προφήτης,</strong></span> <span class='ocrx_word' id='word_1_182' title='bbox 3125 1327 3204 1380; x_wconf 84' lang='grc' dir='ltr'>ὃτι</span> <span class='ocrx_word' id='word_1_183' title='bbox 3238 1326 3331 1378; x_wconf 77' lang='grc' dir='ltr'>καὶ</span> <span class='ocrx_word' id='word_1_184' title='bbox 3360 1326 3388 1376; x_wconf 87' lang='grc' dir='ltr'><strong>ό</strong></span> <span class='ocrx_word' id='word_1_185' title='bbox 3412 1322 3644 1386; x_wconf 89' lang='grc' dir='ltr'>Λίϐανος</span> <span class='ocrx_word' id='word_1_186' title='bbox 3671 1323 3762 1374; x_wconf 76' lang='grc' dir='ltr'><strong>σὺν</strong></span> 
     </span>
    </p>
   </div>
   <div class='ocr_carea' id='block_1_27' title="bbox 2201 1413 3765 1493">
    <p class='ocr_par' dir='ltr' id='par_1_27' title="bbox 2201 1413 3765 1493">
     <span class='ocr_line' id='line_1_27' title="bbox 2201 1413 3765 1493; baseline -0.008 -17"><span class='ocrx_word' id='word_1_187' title='bbox 2201 1425 2313 1487; x_wconf 84' lang='grc' dir='ltr'>τοῖς</span> <span class='ocrx_word' id='word_1_188' title='bbox 2351 1423 2573 1493; x_wconf 78' lang='grc' dir='ltr'>ὑψηλοῖς</span> <span class='ocrx_word' id='word_1_189' title='bbox 2601 1421 2866 1473; x_wconf 86' lang='grc' dir='ltr'>πεσεῖται.</span> <span class='ocrx_word' id='word_1_190' title='bbox 2896 1418 3038 1470; x_wconf 87' lang='grc' dir='ltr'>Ὅσα</span> <span class='ocrx_word' id='word_1_191' title='bbox 3068 1416 3124 1469; x_wconf 82' lang='grc' dir='ltr'><strong>δέ</strong></span> <span class='ocrx_word' id='word_1_192' title='bbox 3165 1415 3354 1486; x_wconf 82' lang='grc' dir='ltr'>μηνύει</span> <span class='ocrx_word' id='word_1_193' title='bbox 3388 1414 3475 1468; x_wconf 88' lang='grc' dir='ltr'><strong>διά</strong></span> <span class='ocrx_word' id='word_1_194' title='bbox 3502 1413 3609 1466; x_wconf 87' lang='grc' dir='ltr'><strong>τῶν</strong></span> <span class='ocrx_word' id='word_1_195' title='bbox 3636 1413 3765 1465; x_wconf 83' lang='grc' dir='ltr'>αίνι-</span> 
     </span>
    </p>
   </div>
   <div class='ocr_carea' id='block_1_28' title="bbox 2202 1501 3746 1584">
    <p class='ocr_par' dir='ltr' id='par_1_28' title="bbox 2202 1501 3746 1584">
     <span class='ocr_line' id='line_1_28' title="bbox 2202 1501 3746 1584; baseline -0.008 -17"><span class='ocrx_word' id='word_1_196' title='bbox 2202 1515 2427 1584; x_wconf 84' lang='grc' dir='ltr'>γμάτων</span> <span class='ocrx_word' id='word_1_197' title='bbox 2447 1511 2648 1565; x_wconf 85' lang='grc' dir='ltr'>τούτων</span> <span class='ocrx_word' id='word_1_198' title='bbox 2671 1511 2705 1581; x_wconf 81' lang='grc' dir='ltr'><strong>ἡ</strong></span> <span class='ocrx_word' id='word_1_199' title='bbox 2727 1508 3049 1580; x_wconf 85' lang='grc' dir='ltr'>προφητεία,</span> <span class='ocrx_word' id='word_1_200' title='bbox 3072 1507 3146 1570; x_wconf 78' lang='grc' dir='ltr'>ὡς</span> <span class='ocrx_word' id='word_1_201' title='bbox 3171 1505 3407 1576; x_wconf 85' lang='grc' dir='ltr'>πρόδηλα</span> <span class='ocrx_word' id='word_1_202' title='bbox 3433 1506 3599 1557; x_wconf 75' lang='grc' dir='ltr'>πᾶσιν</span> <span class='ocrx_word' id='word_1_203' title='bbox 3622 1501 3746 1555; x_wconf 70' lang='grc' dir='ltr'>ὅντα</span> 
     </span>
    </p>
   </div>
   <div class='ocr_carea' id='block_1_29' title="bbox 2204 1595 3767 1678">
    <p class='ocr_par' dir='ltr' id='par_1_29' title="bbox 2204 1595 3767 1678">
     <span class='ocr_line' id='line_1_29' title="bbox 2204 1595 3767 1678; baseline -0.008 -19"><span class='ocrx_word' id='word_1_204' title='bbox 2204 1605 2457 1677; x_wconf 86' lang='grc' dir='ltr'>περιττὸν</span> <span class='ocrx_word' id='word_1_205' title='bbox 2492 1604 2558 1678; x_wconf 77' lang='grc' dir='ltr'><strong>ἀν</strong></span> <span class='ocrx_word' id='word_1_206' title='bbox 2605 1605 2691 1674; x_wconf 74' lang='grc' dir='ltr'><strong>εἴη</strong></span> <span class='ocrx_word' id='word_1_207' title='bbox 2724 1602 2789 1655; x_wconf 85' lang='grc' dir='ltr'>δι’</span> <span class='ocrx_word' id='word_1_208' title='bbox 2833 1600 3118 1673; x_wconf 80' lang='grc' dir='ltr'>ἀκριϐείας</span> <span class='ocrx_word' id='word_1_209' title='bbox 3164 1596 3488 1652; x_wconf 88' lang='grc' dir='ltr'>ἐκτίθεσθαι.</span> <span class='ocrx_word' id='word_1_210' title='bbox 3527 1596 3624 1658; x_wconf 86' lang='grc' dir='ltr'>Τίς</span> <span class='ocrx_word' id='word_1_211' title='bbox 3663 1595 3767 1666; x_wconf 80' lang='grc' dir='ltr'>γὰρ</span> 
     </span>
    </p>
   </div>
   <div class='ocr_carea' id='block_1_30' title="bbox 2202 1684 3768 1764">
    <p class='ocr_par' dir='ltr' id='par_1_30' title="bbox 2202 1684 3768 1764">
     <span class='ocr_line' id='line_1_30' title="bbox 2202 1684 3768 1764; baseline -0.01 -12"><span class='ocrx_word' id='word_1_212' title='bbox 2202 1699 2304 1752; x_wconf 86' lang='grc' dir='ltr'><strong>ούκ</strong></span> <span class='ocrx_word' id='word_1_213' title='bbox 2348 1691 2455 1749; x_wconf 80' lang='grc' dir='ltr'>οἶδε</span> <span class='ocrx_word' id='word_1_214' title='bbox 2485 1695 2545 1748; x_wconf 87' lang='grc' dir='ltr'><strong>τὸ</strong></span> <span class='ocrx_word' id='word_1_215' title='bbox 2574 1692 2830 1764; x_wconf 85' lang='grc' dir='ltr'>γεννηθὲν</span> <span class='ocrx_word' id='word_1_216' title='bbox 2864 1692 2994 1761; x_wconf 75' lang='grc' dir='ltr'>ἡμῖν</span> <span class='ocrx_word' id='word_1_217' title='bbox 3028 1687 3252 1751; x_wconf 86' lang='grc' dir='ltr'>παιδίον,</span> <span class='ocrx_word' id='word_1_218' title='bbox 3295 1687 3355 1740; x_wconf 83' lang='grc' dir='ltr'><strong>τὸ</strong></span> <span class='ocrx_word' id='word_1_219' title='bbox 3381 1686 3488 1738; x_wconf 87' lang='grc' dir='ltr'><strong>τῶν</strong></span> <span class='ocrx_word' id='word_1_220' title='bbox 3531 1684 3768 1738; x_wconf 83' lang='grc' dir='ltr'>ἀσπίδων</span> 
     </span>
    </p>
   </div>
   <div class='ocr_carea' id='block_1_31' title="bbox 2206 1773 3769 1859">
    <p class='ocr_par' dir='ltr' id='par_1_31' title="bbox 2206 1773 3769 1859">
     <span class='ocr_line' id='line_1_31' title="bbox 2206 1773 3769 1859; baseline -0.009 -18"><span class='ocrx_word' id='word_1_221' title='bbox 2206 1791 2268 1859; x_wconf 81' lang='grc' dir='ltr'>τῇ</span> <span class='ocrx_word' id='word_1_222' title='bbox 2300 1787 2441 1859; x_wconf 75' lang='grc' dir='ltr'>χειρὶ</span> <span class='ocrx_word' id='word_1_223' title='bbox 2479 1786 2872 1856; x_wconf 86' lang='grc' dir='ltr'>ἐφαπτόμενον,</span> <span class='ocrx_word' id='word_1_224' title='bbox 2911 1773 2972 1834; x_wconf 75' lang='grc' dir='ltr'>οὗ</span> <span class='ocrx_word' id='word_1_225' title='bbox 3014 1783 3047 1852; x_wconf 87' lang='grc' dir='ltr'><strong>ή</strong></span> <span class='ocrx_word' id='word_1_226' title='bbox 3094 1779 3383 1834; x_wconf 78' lang='grc' dir='ltr'>ἐπιστασία</span> <span class='ocrx_word' id='word_1_227' title='bbox 3425 1777 3493 1831; x_wconf 78' lang='grc' dir='ltr'><strong>τά</strong></span> <span class='ocrx_word' id='word_1_228' title='bbox 3537 1777 3769 1847; x_wconf 86' lang='grc' dir='ltr'>δηλητή-</span> 
     </span>
    </p>
   </div>
   <div class='ocr_carea' id='block_1_32' title="bbox 537 1868 2113 1952">
    <p class='ocr_par' dir='ltr' id='par_1_32' title="bbox 537 1871 2102 1944">
     <span class='ocr_line' id='line_1_32' title="bbox 537 1871 2102 1944; baseline 0.006 -18"><span class='ocrx_word' id='word_1_229' title='bbox 537 1871 734 1928; x_wconf 88' lang='lat' dir='ltr'><strong>turalis</strong></span> <span class='ocrx_word' id='word_1_230' title='bbox 793 1873 1108 1930; x_wconf 89' lang='lat' dir='ltr'><strong>acerbitatis</strong></span> <span class='ocrx_word' id='word_1_231' title='bbox 1155 1877 1398 1933; x_wconf 89' lang='lat' dir='ltr'><strong>oblitas?</strong></span> <span class='ocrx_word' id='word_1_232' title='bbox 1455 1877 1636 1944; x_wconf 87' lang='lat' dir='ltr'><strong>Quare</strong></span> <span class='ocrx_word' id='word_1_233' title='bbox 1685 1896 1807 1934; x_wconf 91' lang='lat' dir='ltr'><strong>cum</strong></span> <span class='ocrx_word' id='word_1_234' title='bbox 1862 1880 2102 1936; x_wconf 85' lang='lat' dir='ltr'><strong>Libanus</strong></span> 
     </span>
    </p>
   </div>
   <div class='ocr_carea' id='block_1_33' title="bbox 2213 1868 3770 1952">
    <p class='ocr_par' dir='ltr' id='par_1_33' title="bbox 2213 1868 3770 1952">
     <span class='ocr_line' id='line_1_33' title="bbox 2213 1868 3770 1952; baseline -0.003 -18"><span class='ocrx_word' id='word_1_235' title='bbox 2213 1898 2298 1952; x_wconf 91' lang='grc' dir='ltr'><strong>ρια</strong></span> <span class='ocrx_word' id='word_1_236' title='bbox 2342 1880 2450 1933; x_wconf 89' lang='grc' dir='ltr'><strong>τῶν</strong></span> <span class='ocrx_word' id='word_1_237' title='bbox 2496 1877 2698 1950; x_wconf 90' lang='grc' dir='ltr'>θηρίων</span> <span class='ocrx_word' id='word_1_238' title='bbox 2732 1877 2878 1929; x_wconf 83' lang='grc' dir='ltr'>ποιεῖ</span> <span class='ocrx_word' id='word_1_239' title='bbox 2918 1877 3030 1939; x_wconf 87' lang='grc' dir='ltr'>τοῖς</span> <span class='ocrx_word' id='word_1_240' title='bbox 3068 1872 3292 1944; x_wconf 81' lang='grc' dir='ltr'>ἡμέροις</span> <span class='ocrx_word' id='word_1_241' title='bbox 3335 1870 3644 1940; x_wconf 72' lang='grc' dir='ltr'>ὁμόσκηναν</span> <span class='ocrx_word' id='word_1_242' title='bbox 3677 1868 3770 1938; x_wconf 76' lang='grc' dir='ltr'><strong>τῆς</strong></span> 
     </span>
    </p>
   </div>
   <div class='ocr_carea' id='block_1_34' title="bbox 535 1945 2176 2044">
    <p class='ocr_par' dir='ltr' id='par_1_34' title="bbox 535 1945 2176 2044">
     <span class='ocr_line' id='line_1_34' title="bbox 535 1945 2176 2044; baseline 0.006 -24"><span class='ocrx_word' id='word_1_243' title='bbox 535 1965 650 2030; x_wconf 75' lang='lat' dir='ltr'><strong>ille,</strong></span> <span class='ocrx_word' id='word_1_244' title='bbox 681 1965 775 2036; x_wconf 92' lang='lat' dir='ltr'><strong>qui</strong></span> <span class='ocrx_word' id='word_1_245' title='bbox 803 1974 886 2021; x_wconf 90' lang='lat' dir='ltr'><strong>est</strong></span> <span class='ocrx_word' id='word_1_246' title='bbox 914 1968 1141 2034; x_wconf 86' lang='lat' dir='ltr'><strong>malitia,</strong></span> <span class='ocrx_word' id='word_1_247' title='bbox 1172 1985 1267 2039; x_wconf 89' lang='lat' dir='ltr'><strong>per</strong></span> <span class='ocrx_word' id='word_1_248' title='bbox 1298 1970 1411 2026; x_wconf 67' lang='lat' dir='ltr'><strong>haac</strong></span> <span class='ocrx_word' id='word_1_249' title='bbox 1439 1981 1684 2033; x_wconf 80' lang='lat' dir='ltr'><strong>corruat.</strong></span> <span class='ocrx_word' id='word_1_250' title='bbox 1741 1982 1906 2044; x_wconf 91' lang='lat' dir='ltr'><strong>atque</strong></span> <span class='ocrx_word' id='word_1_251' title='bbox 1937 1975 2099 2030; x_wconf 91' lang='lat' dir='ltr'><strong>etiam</strong></span> <span class='ocrx_word' id='word_1_252' title='bbox 2133 1945 2176 1999; x_wconf 76' lang='grc' dir='ltr'>Β</span> 
     </span>
    </p>
   </div>
   <div class='ocr_carea' id='block_1_35' title="bbox 536 2059 2105 2131">
    <p class='ocr_par' dir='ltr' id='par_1_35' title="bbox 536 2059 2105 2131">
     <span class='ocr_line' id='line_1_35' title="bbox 536 2059 2105 2131; baseline 0.006 -18"><span class='ocrx_word' id='word_1_253' title='bbox 536 2062 656 2113; x_wconf 78' lang='lat' dir='ltr'><strong>una’</strong></span> <span class='ocrx_word' id='word_1_254' title='bbox 687 2074 808 2113; x_wconf 91' lang='lat' dir='ltr'><strong>cum</strong></span> <span class='ocrx_word' id='word_1_255' title='bbox 846 2059 952 2125; x_wconf 89' lang='lat' dir='ltr'><strong>hoc</strong></span> <span class='ocrx_word' id='word_1_256' title='bbox 980 2061 1307 2131; x_wconf 85' lang='lat' dir='ltr'><strong>principium</strong></span> <span class='ocrx_word' id='word_1_257' title='bbox 1341 2065 1606 2118; x_wconf 91' lang='lat' dir='ltr'><strong>malorum</strong></span> <span class='ocrx_word' id='word_1_258' title='bbox 1639 2075 1882 2130; x_wconf 84' lang='lat' dir='ltr'><strong>corruat,</strong></span> <span class='ocrx_word' id='word_1_259' title='bbox 1931 2068 2105 2123; x_wconf 86' lang='lat' dir='ltr'><strong>subli-</strong></span> 
     </span>
    </p>
   </div>
   <div class='ocr_carea' id='block_1_36' title="bbox 539 2149 2106 2216">
    <p class='ocr_par' dir='ltr' id='par_1_36' title="bbox 539 2149 2106 2216">
     <span class='ocr_line' id='line_1_36' title="bbox 539 2149 2106 2216; baseline 0.008 -12"><span class='ocrx_word' id='word_1_260' title='bbox 539 2149 763 2205; x_wconf 91' lang='lat' dir='ltr'><strong>mitates</strong></span> <span class='ocrx_word' id='word_1_261' title='bbox 792 2151 1050 2206; x_wconf 90' lang='lat' dir='ltr'><strong>nimirum</strong></span> <span class='ocrx_word' id='word_1_262' title='bbox 1095 2156 1357 2210; x_wconf 87' lang='lat' dir='ltr'><strong>adversus</strong></span> <span class='ocrx_word' id='word_1_263' title='bbox 1387 2157 1671 2212; x_wconf 82' lang='lat' dir='ltr'><strong>veritatem</strong></span> <span class='ocrx_word' id='word_1_264' title='bbox 1723 2169 1958 2215; x_wconf 69' lang='lat' dir='ltr'><strong>erectae:</strong></span> <span class='ocrx_word' id='word_1_265' title='bbox 2023 2160 2106 2216; x_wconf 87' lang='lat' dir='ltr'><strong>id-</strong></span> 
     </span>
    </p>
   </div>
   <div class='ocr_carea' id='block_1_37' title="bbox 537 2241 2106 2319">
    <p class='ocr_par' dir='ltr' id='par_1_37' title="bbox 537 2241 2106 2319">
     <span class='ocr_line' id='line_1_37' title="bbox 537 2241 2106 2319; baseline 0.007 -22"><span class='ocrx_word' id='word_1_266' title='bbox 537 2241 690 2297; x_wconf 87' lang='lat' dir='ltr'><strong>circo</strong></span> <span class='ocrx_word' id='word_1_267' title='bbox 727 2244 1190 2313; x_wconf 88' lang='lat' dir='ltr'><strong>pulchritudinem</strong></span> <span class='ocrx_word' id='word_1_268' title='bbox 1224 2246 1435 2302; x_wconf 83' lang='lat' dir='ltr'><strong>Domini</strong></span> <span class='ocrx_word' id='word_1_269' title='bbox 1469 2264 1675 2319; x_wconf 86' lang='lat' dir='ltr'><strong>sponsa</strong></span> <span class='ocrx_word' id='word_1_270' title='bbox 1723 2267 1846 2306; x_wconf 92' lang='lat' dir='ltr'><strong>cum</strong></span> <span class='ocrx_word' id='word_1_271' title='bbox 1897 2251 2106 2308; x_wconf 88' lang='lat' dir='ltr'><strong>Libano</strong></span> 
     </span>
    </p>
   </div>
   <div class='ocr_carea' id='block_1_38' title="bbox 540 2333 2102 2414">
    <p class='ocr_par' dir='ltr' id='par_1_38' title="bbox 540 2333 2102 2414">
     <span class='ocr_line' id='line_1_38' title="bbox 540 2333 2102 2414; baseline 0.008 -26"><span class='ocrx_word' id='word_1_272' title='bbox 540 2333 715 2389; x_wconf 88' lang='lat' dir='ltr'><strong>electo</strong></span> <span class='ocrx_word' id='word_1_273' title='bbox 746 2336 978 2402; x_wconf 83' lang='lat' dir='ltr'><strong>confert,</strong></span> <span class='ocrx_word' id='word_1_274' title='bbox 1011 2336 1159 2392; x_wconf 89' lang='lat' dir='ltr'><strong>hisce</strong></span> <span class='ocrx_word' id='word_1_275' title='bbox 1188 2339 1364 2394; x_wconf 85' lang='lat' dir='ltr'><strong>verbis</strong></span> <span class='ocrx_word' id='word_1_276' title='bbox 1387 2341 1645 2409; x_wconf 88' lang='lat' dir='ltr'><strong>prolatis:</strong></span> <span class='ocrx_word' id='word_1_277' title='bbox 1680 2341 1887 2414; x_wconf 85' lang='lat' dir='ltr'><strong>Species</strong></span> <span class='ocrx_word' id='word_1_278' title='bbox 1916 2346 2102 2414; x_wconf 82' lang='lat' dir='ltr'><strong>ipsius,</strong></span> 
     </span>
    </p>
   </div>
   <div class='ocr_carea' id='block_1_39' title="bbox 538 2426 1668 2493">
    <p class='ocr_par' dir='ltr' id='par_1_39' title="bbox 538 2426 1668 2493">
     <span class='ocr_line' id='line_1_39' title="bbox 538 2426 1668 2493; baseline 0.005 -13"><span class='ocrx_word' id='word_1_279' title='bbox 538 2434 598 2480; x_wconf 63' lang='lat' dir='ltr'><strong>at</strong></span> <span class='ocrx_word' id='word_1_280' title='bbox 622 2426 820 2482; x_wconf 74' lang='lat' dir='ltr'><strong>electus</strong></span> <span class='ocrx_word' id='word_1_281' title='bbox 860 2426 1115 2493; x_wconf 81' lang='lat' dir='ltr'><strong>Libanus,</strong></span> <span class='ocrx_word' id='word_1_282' title='bbox 1142 2439 1199 2483; x_wconf 85' lang='lat' dir='ltr'><strong>ut</strong></span> <span class='ocrx_word' id='word_1_283' title='bbox 1240 2431 1410 2485; x_wconf 90' lang='lat' dir='ltr'><strong>cedri.</strong></span> <span class='ocrx_word' id='word_1_284' title='bbox 1661 2445 1668 2452; x_wconf 82' lang='lat'><strong><em>‘</em></strong></span> 
     </span>
    </p>
   </div>
   <div class='ocr_carea' id='block_1_40' title="bbox 612 2609 2104 2684">
    <p class='ocr_par' dir='ltr' id='par_1_40' title="bbox 612 2609 2104 2684">
     <span class='ocr_line' id='line_1_40' title="bbox 612 2609 2104 2684; baseline 0.009 -22"><span class='ocrx_word' id='word_1_285' title='bbox 612 2609 774 2664; x_wconf 82' lang='lat' dir='ltr'><strong>Addit</strong></span> <span class='ocrx_word' id='word_1_286' title='bbox 809 2616 988 2664; x_wconf 91' lang='lat' dir='ltr'><strong>autem</strong></span> <span class='ocrx_word' id='word_1_287' title='bbox 1037 2611 1241 2680; x_wconf 81' lang='lat' dir='ltr'><strong>gutturi</strong></span> <span class='ocrx_word' id='word_1_288' title='bbox 1287 2620 1504 2684; x_wconf 89' lang='lat' dir='ltr'><strong>quoque</strong></span> <span class='ocrx_word' id='word_1_289' title='bbox 1555 2617 1885 2674; x_wconf 84' lang='lat' dir='ltr'><strong>conveniens</strong></span> <span class='ocrx_word' id='word_1_290' title='bbox 1933 2618 2104 2674; x_wconf 90' lang='lat' dir='ltr'><strong>enco-</strong></span> 
     </span>
    </p>
   </div>
   <div class='ocr_carea' id='block_1_41' title="bbox 539 2699 2102 2778">
    <p class='ocr_par' dir='ltr' id='par_1_41' title="bbox 539 2699 2102 2778">
     <span class='ocr_line' id='line_1_41' title="bbox 539 2699 2102 2778; baseline 0.004 -21"><span class='ocrx_word' id='word_1_291' title='bbox 539 2702 732 2764; x_wconf 89' lang='lat' dir='ltr'><strong>mium,</strong></span> <span class='ocrx_word' id='word_1_292' title='bbox 771 2715 895 2754; x_wconf 93' lang='lat' dir='ltr'><strong>cum</strong></span> <span class='ocrx_word' id='word_1_293' title='bbox 926 2699 1058 2754; x_wconf 89' lang='lat' dir='ltr'><strong>illud</strong></span> <span class='ocrx_word' id='word_1_294' title='bbox 1083 2711 1136 2756; x_wconf 90' lang='lat' dir='ltr'><strong>et</strong></span> <span class='ocrx_word' id='word_1_295' title='bbox 1162 2701 1525 2768; x_wconf 86' lang='lat' dir='ltr'><strong>dulcedinem,</strong></span> <span class='ocrx_word' id='word_1_296' title='bbox 1549 2715 1603 2760; x_wconf 87' lang='lat' dir='ltr'><strong>et</strong></span> <span class='ocrx_word' id='word_1_297' title='bbox 1634 2706 1967 2763; x_wconf 78' lang='lat' dir='ltr'><strong>desiderium</strong></span> <span class='ocrx_word' id='word_1_298' title='bbox 2004 2726 2102 2778; x_wconf 88' lang='lat' dir='ltr'><strong>ap-</strong></span> 
     </span>
    </p>
   </div>
   <div class='ocr_carea' id='block_1_42' title="bbox 540 2785 2103 2868">
    <p class='ocr_par' dir='ltr' id='par_1_42' title="bbox 540 2785 2103 2868">
     <span class='ocr_line' id='line_1_42' title="bbox 540 2785 2103 2868; baseline 0.008 -26"><span class='ocrx_word' id='word_1_299' title='bbox 540 2788 724 2859; x_wconf 92' lang='lat' dir='ltr'><strong>pellat.</strong></span> <span class='ocrx_word' id='word_1_300' title='bbox 753 2785 929 2842; x_wconf 83' lang='lat' dir='ltr'><strong>Verba</strong></span> <span class='ocrx_word' id='word_1_301' title='bbox 964 2796 1092 2842; x_wconf 91' lang='lat' dir='ltr'><strong>sunt</strong></span> <span class='ocrx_word' id='word_1_302' title='bbox 1120 2789 1468 2859; x_wconf 72' lang='lat' dir='ltr'><strong>huiusmodi:</strong></span> <span class='ocrx_word' id='word_1_303' title='bbox 1497 2793 1694 2849; x_wconf 75' lang='lat' dir='ltr'><strong>Cutiur</strong></span> <span class='ocrx_word' id='word_1_304' title='bbox 1723 2798 1834 2866; x_wconf 84' lang='lat' dir='ltr'><strong>ejus</strong></span> <span class='ocrx_word' id='word_1_305' title='bbox 1861 2799 2103 2868; x_wconf 85' lang='lat' dir='ltr'><strong>dulcedo,</strong></span> 
     </span>
    </p>
   </div>
   <div class='ocr_carea' id='block_1_43' title="bbox 543 2878 2108 2960">
    <p class='ocr_par' dir='ltr' id='par_1_43' title="bbox 543 2878 2108 2960">
     <span class='ocr_line' id='line_1_43' title="bbox 543 2878 2108 2960; baseline 0.009 -27"><span class='ocrx_word' id='word_1_306' title='bbox 543 2895 605 2933; x_wconf 87' lang='lat' dir='ltr'><strong>ac</strong></span> <span class='ocrx_word' id='word_1_307' title='bbox 635 2878 713 2933; x_wconf 83' lang='lat' dir='ltr'><strong>nil</strong></span> <span class='ocrx_word' id='word_1_308' title='bbox 747 2879 852 2933; x_wconf 85' lang='lat' dir='ltr'><strong>nisi</strong></span> <span class='ocrx_word' id='word_1_309' title='bbox 879 2879 1199 2934; x_wconf 79' lang='lat' dir='ltr'><strong>desiderium</strong></span> <span class='ocrx_word' id='word_1_310' title='bbox 1230 2893 1328 2935; x_wconf 81' lang='lat' dir='ltr'><strong>est.</strong></span> <span class='ocrx_word' id='word_1_311' title='bbox 1357 2881 1567 2947; x_wconf 88' lang='lat' dir='ltr'><strong>Quibus</strong></span> <span class='ocrx_word' id='word_1_312' title='bbox 1597 2885 1662 2939; x_wconf 86' lang='lat' dir='ltr'><strong>de</strong></span> <span class='ocrx_word' id='word_1_313' title='bbox 1702 2889 1881 2944; x_wconf 87' lang='lat' dir='ltr'><strong>verbis</strong></span> <span class='ocrx_word' id='word_1_314' title='bbox 1912 2891 2108 2960; x_wconf 90' lang='lat' dir='ltr'><strong>hujus-</strong></span> 
     </span>
    </p>
   </div>
   <div class='ocr_carea' id='block_1_44' title="bbox 531 2971 2106 3040">
    <p class='ocr_par' dir='ltr' id='par_1_44' title="bbox 531 2971 2106 3040">
     <span class='ocr_line' id='line_1_44' title="bbox 531 2971 2106 3040; baseline 0.009 -16"><span class='ocrx_word' id='word_1_315' title='bbox 531 2971 687 3024; x_wconf 77' lang='lat' dir='ltr'><strong>&#39;modi</strong></span> <span class='ocrx_word' id='word_1_316' title='bbox 717 2971 974 3040; x_wconf 84' lang='lat' dir='ltr'><strong>quiddam</strong></span> <span class='ocrx_word' id='word_1_317' title='bbox 1016 2972 1172 3026; x_wconf 91' lang='lat' dir='ltr'><strong>nobis</strong></span> <span class='ocrx_word' id='word_1_318' title='bbox 1211 2973 1277 3027; x_wconf 93' lang='lat' dir='ltr'><strong>ad</strong></span> <span class='ocrx_word' id='word_1_319' title='bbox 1319 2976 1566 3028; x_wconf 87' lang='lat' dir='ltr'><strong>animum</strong></span> <span class='ocrx_word' id='word_1_320' title='bbox 1606 2979 1801 3032; x_wconf 85' lang='lat' dir='ltr'><strong>accidit</strong></span> <span class='ocrx_word' id='word_1_321' title='bbox 1834 2999 1848 3035; x_wconf 91' lang='lat'><strong>:</strong></span> <span class='ocrx_word' id='word_1_322' title='bbox 1890 2980 2106 3038; x_wconf 84' lang='lat' dir='ltr'><strong>Partem</strong></span> 
     </span>
    </p>
   </div>
   <div class='ocr_carea' id='block_1_45' title="bbox 541 3061 2111 3139">
    <p class='ocr_par' dir='ltr' id='par_1_45' title="bbox 541 3061 2111 3139">
     <span class='ocr_line' id='line_1_45' title="bbox 541 3061 2111 3139; baseline 0.01 -23"><span class='ocrx_word' id='word_1_323' title='bbox 541 3077 684 3122; x_wconf 91' lang='lat' dir='ltr'><strong>eam,</strong></span> <span class='ocrx_word' id='word_1_324' title='bbox 713 3076 834 3132; x_wconf 75' lang='lat' dir='ltr'><strong>qua:</strong></span> <span class='ocrx_word' id='word_1_325' title='bbox 857 3061 960 3118; x_wconf 89' lang='lat' dir='ltr'><strong>sub</strong></span> <span class='ocrx_word' id='word_1_326' title='bbox 994 3071 1177 3118; x_wconf 92' lang='lat' dir='ltr'><strong>mento</strong></span> <span class='ocrx_word' id='word_1_327' title='bbox 1215 3072 1319 3132; x_wconf 90' lang='lat' dir='ltr'><strong>est,</strong></span> <span class='ocrx_word' id='word_1_328' title='bbox 1349 3075 1538 3135; x_wconf 85' lang='lat' dir='ltr'><strong>guttur</strong></span> <span class='ocrx_word' id='word_1_329' title='bbox 1575 3070 1847 3139; x_wconf 89' lang='lat' dir='ltr'><strong>appellare</strong></span> <span class='ocrx_word' id='word_1_330' title='bbox 1875 3088 2111 3130; x_wconf 90' lang='lat' dir='ltr'><strong>consue-</strong></span> 
     </span>
    </p>
   </div>
   <div class='ocr_carea' id='block_1_46' title="bbox 549 3152 2109 3228">
    <p class='ocr_par' dir='ltr' id='par_1_46' title="bbox 549 3152 2109 3228">
     <span class='ocr_line' id='line_1_46' title="bbox 549 3152 2109 3228; baseline 0.01 -22"><span class='ocrx_word' id='word_1_331' title='bbox 549 3152 752 3219; x_wconf 84' lang='lat' dir='ltr'><strong>vimus,</strong></span> <span class='ocrx_word' id='word_1_332' title='bbox 819 3169 848 3206; x_wconf 91' lang='lat' dir='ltr'><strong>a</strong></span> <span class='ocrx_word' id='word_1_333' title='bbox 909 3170 1020 3225; x_wconf 92' lang='lat' dir='ltr'><strong>quo</strong></span> <span class='ocrx_word' id='word_1_334' title='bbox 1069 3170 1264 3210; x_wconf 90' lang='lat' dir='ltr'><strong>sonum</strong></span> <span class='ocrx_word' id='word_1_335' title='bbox 1309 3158 1638 3214; x_wconf 82' lang='lat' dir='ltr'><strong>conformari</strong></span> <span class='ocrx_word' id='word_1_336' title='bbox 1690 3163 1930 3228; x_wconf 86' lang='lat' dir='ltr'><strong>tradunt,</strong></span> <span class='ocrx_word' id='word_1_337' title='bbox 1979 3166 2109 3221; x_wconf 92' lang='lat' dir='ltr'><strong>dum</strong></span> 
     </span>
    </p>
   </div>
   <div class='ocr_carea' id='block_1_47' title="bbox 545 3245 2113 3324">
    <p class='ocr_par' dir='ltr' id='par_1_47' title="bbox 545 3245 2113 3324">
     <span class='ocr_line' id='line_1_47' title="bbox 545 3245 2113 3324; baseline 0.01 -27"><span class='ocrx_word' id='word_1_338' title='bbox 545 3245 803 3299; x_wconf 85' lang='lat' dir='ltr'><strong>allahitur</strong></span> <span class='ocrx_word' id='word_1_339' title='bbox 831 3246 938 3301; x_wconf 91' lang='lat' dir='ltr'><strong>huc</strong></span> <span class='ocrx_word' id='word_1_340' title='bbox 965 3246 1197 3317; x_wconf 90' lang='lat' dir='ltr'><strong>quadam</strong></span> <span class='ocrx_word' id='word_1_341' title='bbox 1225 3263 1348 3303; x_wconf 95' lang='lat' dir='ltr'><strong>cum</strong></span> <span class='ocrx_word' id='word_1_342' title='bbox 1384 3251 1617 3307; x_wconf 88' lang='lat' dir='ltr'><strong>iilisione</strong></span> <span class='ocrx_word' id='word_1_343' title='bbox 1651 3255 1876 3324; x_wconf 90' lang='lat' dir='ltr'><strong>spiritus</strong></span> <span class='ocrx_word' id='word_1_344' title='bbox 1909 3253 1975 3312; x_wconf 62' lang='lat' dir='ltr'><strong>ex</strong></span> <span class='ocrx_word' id='word_1_345' title='bbox 2024 3275 2113 3313; x_wconf 88' lang='lat' dir='ltr'><strong>ar-</strong></span> 
     </span>
    </p>
   </div>
   <div class='ocr_carea' id='block_1_48' title="bbox 547 3337 2110 3416">
    <p class='ocr_par' dir='ltr' id='par_1_48' title="bbox 547 3337 2110 3416">
     <span class='ocr_line' id='line_1_48' title="bbox 547 3337 2110 3416; baseline 0.01 -26"><span class='ocrx_word' id='word_1_346' title='bbox 547 3338 704 3392; x_wconf 83' lang='lat' dir='ltr'><strong>teria.</strong></span> <span class='ocrx_word' id='word_1_347' title='bbox 727 3337 908 3404; x_wconf 88' lang='lat' dir='ltr'><strong>Quare</strong></span> <span class='ocrx_word' id='word_1_348' title='bbox 932 3355 1054 3393; x_wconf 90' lang='lat' dir='ltr'><strong>cum</strong></span> <span class='ocrx_word' id='word_1_349' title='bbox 1082 3339 1187 3394; x_wconf 83' lang='lat' dir='ltr'><strong>favi</strong></span> <span class='ocrx_word' id='word_1_350' title='bbox 1209 3342 1384 3397; x_wconf 90' lang='lat' dir='ltr'><strong>mellis</strong></span> <span class='ocrx_word' id='word_1_351' title='bbox 1409 3341 1517 3397; x_wconf 88' lang='lat' dir='ltr'><strong>sint</strong></span> <span class='ocrx_word' id='word_1_352' title='bbox 1540 3347 1782 3413; x_wconf 65' lang='lat' dir='ltr'><strong>prmclari</strong></span> <span class='ocrx_word' id='word_1_353' title='bbox 1807 3364 2110 3416; x_wconf 87' lang='lat' dir='ltr'><strong>sermones,</strong></span> 
     </span>
    </p>
   </div>
   <div class='ocr_carea' id='block_1_49' title="bbox 544 3427 2113 3505">
    <p class='ocr_par' dir='ltr' id='par_1_49' title="bbox 544 3427 2113 3505">
     <span class='ocr_line' id='line_1_49' title="bbox 544 3427 2113 3505; baseline 0.01 -25"><span class='ocrx_word' id='word_1_354' title='bbox 544 3435 600 3480; x_wconf 86' lang='lat' dir='ltr'><strong>et</strong></span> <span class='ocrx_word' id='word_1_355' title='bbox 625 3427 892 3482; x_wconf 89' lang='lat' dir='ltr'><strong>sermonis</strong></span> <span class='ocrx_word' id='word_1_356' title='bbox 931 3429 1004 3482; x_wconf 89' lang='lat' dir='ltr'><strong>sit</strong></span> <span class='ocrx_word' id='word_1_357' title='bbox 1035 3432 1459 3487; x_wconf 88' lang='lat' dir='ltr'><strong>instrumentum</strong></span> <span class='ocrx_word' id='word_1_358' title='bbox 1508 3450 1635 3498; x_wconf 79' lang='lat' dir='ltr'><strong>vox,</strong></span> <span class='ocrx_word' id='word_1_359' title='bbox 1676 3436 1833 3505; x_wconf 91' lang='lat' dir='ltr'><strong>cujus</strong></span> <span class='ocrx_word' id='word_1_360' title='bbox 1885 3451 2039 3496; x_wconf 87' lang='lat' dir='ltr'><strong>ortus</strong></span> <span class='ocrx_word' id='word_1_361' title='bbox 2083 3457 2113 3496; x_wconf 90' lang='lat' dir='ltr'><strong>e</strong></span> 
     </span>
    </p>
   </div>
   <div class='ocr_carea' id='block_1_50' title="bbox 549 3519 2111 3594">
    <p class='ocr_par' dir='ltr' id='par_1_50' title="bbox 549 3519 2111 3594">
     <span class='ocr_line' id='line_1_50' title="bbox 549 3519 2111 3594; baseline 0.01 -26"><span class='ocrx_word' id='word_1_362' title='bbox 549 3525 792 3586; x_wconf 75' lang='lat' dir='ltr'><strong>gutture,</strong></span> <span class='ocrx_word' id='word_1_363' title='bbox 826 3519 1059 3572; x_wconf 69' lang='lat' dir='ltr'><strong>tortasse</strong></span> <span class='ocrx_word' id='word_1_364' title='bbox 1087 3520 1371 3576; x_wconf 90' lang='lat' dir='ltr'><strong>ministros</strong></span> <span class='ocrx_word' id='word_1_365' title='bbox 1395 3533 1447 3577; x_wconf 90' lang='lat' dir='ltr'><strong>et</strong></span> <span class='ocrx_word' id='word_1_366' title='bbox 1476 3524 1797 3594; x_wconf 85' lang='lat' dir='ltr'><strong>interpretes</strong></span> <span class='ocrx_word' id='word_1_367' title='bbox 1819 3532 2111 3594; x_wconf 85' lang='lat' dir='ltr'><strong>sermonis,</strong></span> 
     </span>
    </p>
   </div>
   <div class='ocr_carea' id='block_1_51' title="bbox 548 3608 2115 3694">
    <p class='ocr_par' dir='ltr' id='par_1_51' title="bbox 548 3608 2115 3694">
     <span class='ocr_line' id='line_1_51' title="bbox 548 3608 2115 3694; baseline 0.01 -32"><span class='ocrx_word' id='word_1_368' title='bbox 548 3608 606 3662; x_wconf 92' lang='lat' dir='ltr'><strong>in</strong></span> <span class='ocrx_word' id='word_1_369' title='bbox 637 3609 838 3677; x_wconf 77' lang='lat' dir='ltr'><strong>quibus</strong></span> <span class='ocrx_word' id='word_1_370' title='bbox 869 3610 1122 3666; x_wconf 86' lang='lat' dir='ltr'><strong>Christus</strong></span> <span class='ocrx_word' id='word_1_371' title='bbox 1156 3612 1417 3682; x_wconf 84' lang='lat' dir='ltr'><strong>loquitur,</strong></span> <span class='ocrx_word' id='word_1_372' title='bbox 1451 3615 1554 3671; x_wconf 89' lang='lat' dir='ltr'><strong>hac</strong></span> <span class='ocrx_word' id='word_1_373' title='bbox 1593 3633 1726 3673; x_wconf 87' lang='lat' dir='ltr'><strong>voce</strong></span> <span class='ocrx_word' id='word_1_374' title='bbox 1765 3621 1859 3689; x_wconf 91' lang='lat' dir='ltr'><strong>qui</strong></span> <span class='ocrx_word' id='word_1_375' title='bbox 1908 3622 2115 3694; x_wconf 82' lang='lat' dir='ltr'><strong>signiﬁ-</strong></span> 
     </span>
    </p>
   </div>
   <div class='ocr_carea' id='block_1_52' title="bbox 547 3699 2116 3786">
    <p class='ocr_par' dir='ltr' id='par_1_52' title="bbox 547 3699 2116 3786">
     <span class='ocr_line' id='line_1_52' title="bbox 547 3699 2116 3786; baseline 0.013 -34"><span class='ocrx_word' id='word_1_376' title='bbox 547 3699 661 3752; x_wconf 86' lang='lat' dir='ltr'><strong>cari</strong></span> <span class='ocrx_word' id='word_1_377' title='bbox 692 3700 915 3769; x_wconf 89' lang='lat' dir='ltr'><strong>cogitat,</strong></span> <span class='ocrx_word' id='word_1_378' title='bbox 943 3717 974 3755; x_wconf 91' lang='lat' dir='ltr'><strong>a</strong></span> <span class='ocrx_word' id='word_1_379' title='bbox 1010 3718 1136 3758; x_wconf 90' lang='lat' dir='ltr'><strong>vero</strong></span> <span class='ocrx_word' id='word_1_380' title='bbox 1167 3720 1274 3758; x_wconf 93' lang='lat' dir='ltr'><strong>non</strong></span> <span class='ocrx_word' id='word_1_381' title='bbox 1310 3706 1607 3763; x_wconf 85' lang='lat' dir='ltr'><strong>aberrabit.</strong></span> <span class='ocrx_word' id='word_1_382' title='bbox 1640 3709 1774 3764; x_wconf 79' lang='lat' dir='ltr'><strong>Nam</strong></span> <span class='ocrx_word' id='word_1_383' title='bbox 1803 3721 1856 3768; x_wconf 92' lang='lat' dir='ltr'><strong>et</strong></span> <span class='ocrx_word' id='word_1_384' title='bbox 1885 3730 2116 3786; x_wconf 88' lang='lat' dir='ltr'><strong>magnus</strong></span> 
     </span>
    </p>
   </div>
   <div class='ocr_carea' id='block_1_53' title="bbox 549 3788 2111 3878">
    <p class='ocr_par' dir='ltr' id='par_1_53' title="bbox 549 3788 2111 3878">
     <span class='ocr_line' id='line_1_53' title="bbox 549 3788 2111 3878; baseline 0.013 -35"><span class='ocrx_word' id='word_1_385' title='bbox 549 3789 642 3844; x_wconf 90' lang='lat' dir='ltr'><strong>ille</strong></span> <span class='ocrx_word' id='word_1_386' title='bbox 671 3788 911 3847; x_wconf 84' lang='lat' dir='ltr'><strong>Joannes</strong></span> <span class='ocrx_word' id='word_1_387' title='bbox 933 3802 1158 3864; x_wconf 82' lang='lat' dir='ltr'><strong>rogatus</strong></span> <span class='ocrx_word' id='word_1_388' title='bbox 1187 3797 1310 3865; x_wconf 91' lang='lat' dir='ltr'><strong>quis</strong></span> <span class='ocrx_word' id='word_1_389' title='bbox 1342 3810 1506 3865; x_wconf 88' lang='lat' dir='ltr'><strong>esset,</strong></span> <span class='ocrx_word' id='word_1_390' title='bbox 1548 3817 1736 3856; x_wconf 88' lang='lat' dir='ltr'><strong>vocem</strong></span> <span class='ocrx_word' id='word_1_391' title='bbox 1769 3820 1829 3860; x_wconf 90' lang='lat' dir='ltr'><strong>se</strong></span> <span class='ocrx_word' id='word_1_392' title='bbox 1881 3810 2111 3878; x_wconf 84' lang='lat' dir='ltr'><strong>appella-</strong></span> 
     </span>
    </p>
   </div>
   <div class='ocr_carea' id='block_1_54' title="bbox 547 3880 2117 3957">
    <p class='ocr_par' dir='ltr' id='par_1_54' title="bbox 547 3880 2117 3957">
     <span class='ocr_line' id='line_1_54' title="bbox 547 3880 2117 3957; baseline 0.01 -21"><span class='ocrx_word' id='word_1_393' title='bbox 547 3880 720 3948; x_wconf 75' lang='lat' dir='ltr'><strong>vit&quot;,</strong></span> <span class='ocrx_word' id='word_1_394' title='bbox 743 3882 943 3952; x_wconf 90' lang='lat' dir='ltr'><strong>quippe</strong></span> <span class='ocrx_word' id='word_1_395' title='bbox 973 3883 1065 3954; x_wconf 88' lang='lat' dir='ltr'><strong>qui</strong></span> <span class='ocrx_word' id='word_1_396' title='bbox 1095 3883 1255 3941; x_wconf 80' lang='lat' dir='ltr'><strong>Verbi</strong></span> <span class='ocrx_word' id='word_1_397' title='bbox 1289 3903 1596 3957; x_wconf 70' lang='lat' dir='ltr'><strong>praecursor</strong></span> <span class='ocrx_word' id='word_1_398' title='bbox 1621 3902 1765 3947; x_wconf 88' lang='lat' dir='ltr'><strong>esset</strong></span> <span class='ocrx_word' id='word_1_399' title='bbox 1791 3910 1804 3946; x_wconf 91' lang='lat'>:</span> <span class='ocrx_word' id='word_1_400' title='bbox 1846 3904 1900 3949; x_wconf 91' lang='lat' dir='ltr'><strong>et</strong></span> <span class='ocrx_word' id='word_1_401' title='bbox 1928 3896 2117 3954; x_wconf 88' lang='lat' dir='ltr'><strong>beatus</strong></span> 
     </span>
    </p>
   </div>
   <div class='ocr_carea' id='block_1_55' title="bbox 549 3970 2118 4050">
    <p class='ocr_par' dir='ltr' id='par_1_55' title="bbox 549 3970 2118 4050">
     <span class='ocr_line' id='line_1_55' title="bbox 549 3970 2118 4050; baseline 0.01 -24"><span class='ocrx_word' id='word_1_402' title='bbox 549 3970 643 4026; x_wconf 88' lang='lat' dir='ltr'><strong>ille</strong></span> <span class='ocrx_word' id='word_1_403' title='bbox 698 3971 903 4028; x_wconf 74' lang='lat' dir='ltr'><strong>Paulus</strong></span> <span class='ocrx_word' id='word_1_404' title='bbox 954 3973 1343 4030; x_wconf 88' lang='lat' dir='ltr'><strong>documentum</strong></span> <span class='ocrx_word' id='word_1_405' title='bbox 1383 3977 1578 4033; x_wconf 89' lang='lat' dir='ltr'><strong>edebat</strong></span> <span class='ocrx_word' id='word_1_406' title='bbox 1629 3981 1903 4050; x_wconf 91' lang='lat' dir='ltr'><strong>loquentis</strong></span> <span class='ocrx_word' id='word_1_407' title='bbox 1948 3987 2001 4039; x_wconf 90' lang='lat' dir='ltr'><strong>in</strong></span> <span class='ocrx_word' id='word_1_408' title='bbox 2060 4002 2118 4042; x_wconf 87' lang='lat' dir='ltr'><strong>se</strong></span> 
     </span>
    </p>
   </div>
   <div class='ocr_carea' id='block_1_56' title="bbox 550 4063 2118 4138">
    <p class='ocr_par' dir='ltr' id='par_1_56' title="bbox 550 4063 2118 4138">
     <span class='ocr_line' id='line_1_56' title="bbox 550 4063 2118 4138; baseline 0.01 -20"><span class='ocrx_word' id='word_1_409' title='bbox 550 4063 756 4119; x_wconf 85' lang='lat' dir='ltr'><strong>Christi</strong></span> <span class='ocrx_word' id='word_1_410' title='bbox 782 4066 851 4127; x_wconf 83' lang='grc'><strong>⁵⁹,</strong></span> <span class='ocrx_word' id='word_1_411' title='bbox 885 4066 974 4120; x_wconf 90' lang='lat' dir='ltr'><strong>cui</strong></span> <span class='ocrx_word' id='word_1_412' title='bbox 1019 4067 1148 4137; x_wconf 90' lang='lat' dir='ltr'><strong>quia</strong></span> <span class='ocrx_word' id='word_1_413' title='bbox 1180 4083 1368 4124; x_wconf 84' lang='lat' dir='ltr'><strong>vocem</strong></span> <span class='ocrx_word' id='word_1_414' title='bbox 1394 4086 1547 4124; x_wconf 91' lang='lat' dir='ltr'><strong>suam</strong></span> <span class='ocrx_word' id='word_1_415' title='bbox 1588 4073 1880 4138; x_wconf 80' lang='lat' dir='ltr'><strong>locaverat,</strong></span> <span class='ocrx_word' id='word_1_416' title='bbox 1909 4078 1982 4130; x_wconf 87' lang='lat' dir='ltr'><strong>nil</strong></span> <span class='ocrx_word' id='word_1_417' title='bbox 2014 4080 2118 4133; x_wconf 87' lang='lat' dir='ltr'><strong>nisi</strong></span> 
     </span>
    </p>
   </div>
   <div class='ocr_carea' id='block_1_57' title="bbox 550 4156 2117 4232">
    <p class='ocr_par' dir='ltr' id='par_1_57' title="bbox 550 4156 2117 4232">
     <span class='ocr_line' id='line_1_57' title="bbox 550 4156 2117 4232; baseline 0.008 -20"><span class='ocrx_word' id='word_1_418' title='bbox 550 4156 784 4212; x_wconf 89' lang='lat' dir='ltr'><strong>dulcedo</strong></span> <span class='ocrx_word' id='word_1_419' title='bbox 849 4165 968 4212; x_wconf 88' lang='lat' dir='ltr'><strong>erat</strong></span> <span class='ocrx_word' id='word_1_420' title='bbox 1009 4174 1107 4229; x_wconf 89' lang='lat' dir='ltr'><strong>per</strong></span> <span class='ocrx_word' id='word_1_421' title='bbox 1151 4159 1330 4230; x_wconf 90' lang='lat' dir='ltr'><strong>ipsum</strong></span> <span class='ocrx_word' id='word_1_422' title='bbox 1389 4161 1638 4232; x_wconf 89' lang='lat' dir='ltr'><strong>loquens.</strong></span> <span class='ocrx_word' id='word_1_423' title='bbox 1683 4163 1883 4223; x_wconf 88' lang='lat' dir='ltr'><strong>Omnes</strong></span> <span class='ocrx_word' id='word_1_424' title='bbox 1934 4169 2117 4226; x_wconf 89' lang='lat' dir='ltr'><strong>itidem</strong></span> 
     </span>
    </p>
   </div>
   <div class='ocr_carea' id='block_1_58' title="bbox 552 4249 2120 4321">
    <p class='ocr_par' dir='ltr' id='par_1_58' title="bbox 552 4249 2120 4321">
     <span class='ocr_line' id='line_1_58' title="bbox 552 4249 2120 4321; baseline 0.01 -20"><span class='ocrx_word' id='word_1_425' title='bbox 552 4249 851 4319; x_wconf 66' lang='lat' dir='ltr'><strong>prophetae,</strong></span> <span class='ocrx_word' id='word_1_426' title='bbox 885 4251 1008 4319; x_wconf 82' lang='lat' dir='ltr'><strong>quia</strong></span> <span class='ocrx_word' id='word_1_427' title='bbox 1029 4251 1258 4321; x_wconf 91' lang='lat' dir='ltr'><strong>Spiritui</strong></span> <span class='ocrx_word' id='word_1_428' title='bbox 1303 4269 1494 4308; x_wconf 91' lang='lat' dir='ltr'><strong>sonum</strong></span> <span class='ocrx_word' id='word_1_429' title='bbox 1525 4256 1577 4308; x_wconf 90' lang='lat' dir='ltr'><strong>in</strong></span> <span class='ocrx_word' id='word_1_430' title='bbox 1617 4257 1697 4313; x_wconf 93' lang='lat' dir='ltr'><strong>eis</strong></span> <span class='ocrx_word' id='word_1_431' title='bbox 1736 4256 1914 4313; x_wconf 89' lang='lat' dir='ltr'><strong>edenti</strong></span> <span class='ocrx_word' id='word_1_432' title='bbox 1951 4277 2120 4317; x_wconf 91' lang='lat' dir='ltr'><strong>mem—</strong></span> 
     </span>
    </p>
   </div>
   <div class='ocr_carea' id='block_1_59' title="bbox 559 4339 2120 4411">
    <p class='ocr_par' dir='ltr' id='par_1_59' title="bbox 559 4339 2120 4411">
     <span class='ocr_line' id='line_1_59' title="bbox 559 4339 2120 4411; baseline 0.009 -17"><span class='ocrx_word' id='word_1_433' title='bbox 559 4339 657 4394; x_wconf 89' lang='lat' dir='ltr'><strong>bra</strong></span> <span class='ocrx_word' id='word_1_434' title='bbox 724 4356 822 4397; x_wconf 92' lang='lat' dir='ltr'><strong>sua</strong></span> <span class='ocrx_word' id='word_1_435' title='bbox 888 4342 1096 4395; x_wconf 87' lang='lat' dir='ltr'><strong>vocalia</strong></span> <span class='ocrx_word' id='word_1_436' title='bbox 1129 4353 1533 4411; x_wconf 86' lang='lat' dir='ltr'><strong>concesserant,</strong></span> <span class='ocrx_word' id='word_1_437' title='bbox 1598 4349 1675 4401; x_wconf 92' lang='lat' dir='ltr'><strong>nil</strong></span> <span class='ocrx_word' id='word_1_438' title='bbox 1734 4351 1835 4405; x_wconf 91' lang='lat' dir='ltr'><strong>nisi</strong></span> <span class='ocrx_word' id='word_1_439' title='bbox 1891 4352 2120 4409; x_wconf 88' lang='lat' dir='ltr'><strong>dulcedo</strong></span> 
     </span>
    </p>
   </div>
   <div class='ocr_carea' id='block_1_60' title="bbox 551 4433 2118 4513">
    <p class='ocr_par' dir='ltr' id='par_1_60' title="bbox 551 4433 2118 4513">
     <span class='ocr_line' id='line_1_60' title="bbox 551 4433 2118 4513; baseline 0.007 -25"><span class='ocrx_word' id='word_1_440' title='bbox 551 4441 731 4495; x_wconf 79' lang='lat' dir='ltr'><strong>erant.</strong></span> <span class='ocrx_word' id='word_1_441' title='bbox 767 4435 870 4488; x_wconf 91' lang='lat' dir='ltr'><strong>mel</strong></span> <span class='ocrx_word' id='word_1_442' title='bbox 901 4433 1144 4488; x_wconf 91' lang='lat' dir='ltr'><strong>divinum</strong></span> <span class='ocrx_word' id='word_1_443' title='bbox 1176 4451 1207 4490; x_wconf 92' lang='lat' dir='ltr'><strong>e</strong></span> <span class='ocrx_word' id='word_1_444' title='bbox 1232 4444 1451 4505; x_wconf 84' lang='lat' dir='ltr'><strong>gutture</strong></span> <span class='ocrx_word' id='word_1_445' title='bbox 1483 4453 1604 4502; x_wconf 90' lang='lat' dir='ltr'><strong>suo,</strong></span> <span class='ocrx_word' id='word_1_446' title='bbox 1636 4440 1784 4495; x_wconf 87' lang='lat' dir='ltr'><strong>velut</strong></span> <span class='ocrx_word' id='word_1_447' title='bbox 1830 4457 1860 4496; x_wconf 90' lang='lat' dir='ltr'><strong>e</strong></span> <span class='ocrx_word' id='word_1_448' title='bbox 1888 4443 2118 4513; x_wconf 85' lang='lat' dir='ltr'><strong>quodam</strong></span> 
     </span>
    </p>
   </div>
   <div class='ocr_carea' id='block_1_61' title="bbox 555 4521 2119 4605">
    <p class='ocr_par' dir='ltr' id='par_1_61' title="bbox 555 4521 2119 4605">
     <span class='ocr_line' id='line_1_61' title="bbox 555 4521 2119 4605; baseline 0.009 -27"><span class='ocrx_word' id='word_1_449' title='bbox 555 4524 713 4582; x_wconf 76' lang='lat' dir='ltr'><strong>fonte,</strong></span> <span class='ocrx_word' id='word_1_450' title='bbox 733 4521 1064 4595; x_wconf 79' lang='lat' dir='ltr'><strong>prementes,</strong></span> <span class='ocrx_word' id='word_1_451' title='bbox 1121 4542 1231 4596; x_wconf 92' lang='lat' dir='ltr'><strong>quo</strong></span> <span class='ocrx_word' id='word_1_452' title='bbox 1263 4528 1479 4596; x_wconf 84' lang='lat' dir='ltr'><strong>quidem</strong></span> <span class='ocrx_word' id='word_1_453' title='bbox 1511 4540 1567 4584; x_wconf 93' lang='lat' dir='ltr'><strong>et</strong></span> <span class='ocrx_word' id='word_1_454' title='bbox 1614 4547 1788 4602; x_wconf 86' lang='lat' dir='ltr'><strong>reges,</strong></span> <span class='ocrx_word' id='word_1_455' title='bbox 1824 4543 1876 4590; x_wconf 92' lang='lat' dir='ltr'><strong>et</strong></span> <span class='ocrx_word' id='word_1_456' title='bbox 1926 4538 2119 4605; x_wconf 89' lang='lat' dir='ltr'><strong>privati</strong></span> 
     </span>
    </p>
   </div>
   <div class='ocr_carea' id='block_1_62' title="bbox 2139 3301 2182 3358">
    <p class='ocr_par' dir='ltr' id='par_1_62' title="bbox 2139 3301 2182 3358">
     <span class='ocr_line' id='line_1_62' title="bbox 2139 3301 2182 3358; baseline 0 0"><span class='ocrx_word' id='word_1_457' title='bbox 2139 3301 2182 3358; x_wconf 88' lang='lat' dir='ltr'><strong><em>C</em></strong></span> 
     </span>
    </p>
   </div>
   <div class='ocr_carea' id='block_1_63' title="bbox 2207 1958 3771 2045">
    <p class='ocr_par' dir='ltr' id='par_1_63' title="bbox 2207 1958 3771 2045">
     <span class='ocr_line' id='line_1_63' title="bbox 2207 1958 3771 2045; baseline -0.009 -17"><span class='ocrx_word' id='word_1_458' title='bbox 2207 1973 2439 2045; x_wconf 80' lang='grc' dir='ltr'>φυσικῆς</span> <span class='ocrx_word' id='word_1_459' title='bbox 2467 1971 2689 2044; x_wconf 86' lang='grc' dir='ltr'>πικρίας</span> <span class='ocrx_word' id='word_1_460' title='bbox 2719 1969 2890 2041; x_wconf 83' lang='grc' dir='ltr'>λήθην</span> <span class='ocrx_word' id='word_1_461' title='bbox 2917 1967 3248 2037; x_wconf 88' lang='grc' dir='ltr'>ποιούμενα;</span> <span class='ocrx_word' id='word_1_462' title='bbox 3289 1965 3438 2017; x_wconf 62' lang='grc' dir='ltr'><strong>Ἐπεὶ¹</strong></span> <span class='ocrx_word' id='word_1_463' title='bbox 3463 1958 3555 2015; x_wconf 79' lang='grc' dir='ltr'><strong>οὖν</strong></span> <span class='ocrx_word' id='word_1_464' title='bbox 3586 1960 3771 2014; x_wconf 84' lang='grc' dir='ltr'>πίπτει</span> 
     </span>
    </p>
   </div>
   <div class='ocr_carea' id='block_1_64' title="bbox 2204 2052 3770 2132">
    <p class='ocr_par' dir='ltr' id='par_1_64' title="bbox 2204 2052 3770 2132">
     <span class='ocr_line' id='line_1_64' title="bbox 2204 2052 3770 2132; baseline -0.011 -12"><span class='ocrx_word' id='word_1_465' title='bbox 2204 2066 2291 2120; x_wconf 82' lang='grc' dir='ltr'>διὰ</span> <span class='ocrx_word' id='word_1_466' title='bbox 2315 2063 2515 2119; x_wconf 85' lang='grc' dir='ltr'>τούτων</span> <span class='ocrx_word' id='word_1_467' title='bbox 2535 2066 2563 2117; x_wconf 85' lang='grc' dir='ltr'><strong>ό</strong></span> <span class='ocrx_word' id='word_1_468' title='bbox 2598 2063 2825 2125; x_wconf 88' lang='grc' dir='ltr'>Λίϐανος</span> <span class='ocrx_word' id='word_1_469' title='bbox 2851 2063 2885 2132; x_wconf 87' lang='grc' dir='ltr'><strong>ή</strong></span> <span class='ocrx_word' id='word_1_470' title='bbox 2911 2059 3096 2121; x_wconf 85' lang='grc' dir='ltr'>κακία,</span> <span class='ocrx_word' id='word_1_471' title='bbox 3139 2057 3231 2111; x_wconf 68' lang='grc' dir='ltr'>καὶ</span> <span class='ocrx_word' id='word_1_472' title='bbox 3263 2053 3701 2123; x_wconf 86' lang='grc' dir='ltr'>συγκαταπίπτει</span> <span class='ocrx_word' id='word_1_473' title='bbox 3736 2052 3770 2123; x_wconf 86' lang='grc' dir='ltr'><strong>ή</strong></span> 
     </span>
    </p>
   </div>
   <div class='ocr_carea' id='block_1_65' title="bbox 2207 2141 3772 2228">
    <p class='ocr_par' dir='ltr' id='par_1_65' title="bbox 2207 2141 3772 2228">
     <span class='ocr_line' id='line_1_65' title="bbox 2207 2141 3772 2228; baseline -0.012 -19"><span class='ocrx_word' id='word_1_474' title='bbox 2207 2153 2394 2228; x_wconf 87' lang='grc' dir='ltr'>πρώτη</span> <span class='ocrx_word' id='word_1_475' title='bbox 2427 2153 2533 2205; x_wconf 85' lang='grc' dir='ltr'><strong>τῶν</strong></span> <span class='ocrx_word' id='word_1_476' title='bbox 2569 2151 2753 2206; x_wconf 86' lang='grc' dir='ltr'>κακῶν</span> <span class='ocrx_word' id='word_1_477' title='bbox 2774 2150 2938 2222; x_wconf 84' lang='grc' dir='ltr'>ἀρχὴ,</span> <span class='ocrx_word' id='word_1_478' title='bbox 2967 2148 3035 2202; x_wconf 82' lang='grc' dir='ltr'>τὰ</span> <span class='ocrx_word' id='word_1_479' title='bbox 3058 2147 3196 2201; x_wconf 87' lang='grc' dir='ltr'><strong>κατὰ</strong></span> <span class='ocrx_word' id='word_1_480' title='bbox 3224 2145 3320 2216; x_wconf 85' lang='grc' dir='ltr'><strong>τῆς</strong></span> <span class='ocrx_word' id='word_1_481' title='bbox 3345 2142 3602 2213; x_wconf 83' lang='grc' dir='ltr'>ἀληθείας</span> <span class='ocrx_word' id='word_1_482' title='bbox 3629 2141 3772 2211; x_wconf 73' lang='grc' dir='ltr'><strong>ὑψώ-</strong></span> 
     </span>
    </p>
   </div>
   <div class='ocr_carea' id='block_1_66' title="bbox 2209 2236 3772 2318">
    <p class='ocr_par' dir='ltr' id='par_1_66' title="bbox 2209 2236 3772 2318">
     <span class='ocr_line' id='line_1_66' title="bbox 2209 2236 3772 2318; baseline -0.008 -18"><span class='ocrx_word' id='word_1_483' title='bbox 2209 2261 2385 2318; x_wconf 75' lang='grc' dir='ltr'>ματαο</span> <span class='ocrx_word' id='word_1_484' title='bbox 2425 2244 2512 2298; x_wconf 88' lang='grc' dir='ltr'><strong>διά</strong></span> <span class='ocrx_word' id='word_1_485' title='bbox 2544 2241 2698 2296; x_wconf 81' lang='grc' dir='ltr'>τοῦτο</span> <span class='ocrx_word' id='word_1_486' title='bbox 2736 2241 2813 2312; x_wconf 82' lang='grc' dir='ltr'>τῷ</span> <span class='ocrx_word' id='word_1_487' title='bbox 2845 2240 3082 2310; x_wconf 84' lang='grc' dir='ltr'>ἐκλεκτῷ</span> <span class='ocrx_word' id='word_1_488' title='bbox 3126 2239 3341 2308; x_wconf 84' lang='grc' dir='ltr'>Λιϐάνῳ</span> <span class='ocrx_word' id='word_1_489' title='bbox 3383 2236 3704 2307; x_wconf 75' lang='grc' dir='ltr'>παρεικάζει</span> <span class='ocrx_word' id='word_1_490' title='bbox 3739 2237 3772 2307; x_wconf 86' lang='grc' dir='ltr'><strong>ή</strong></span> 
     </span>
    </p>
   </div>
   <div class='ocr_carea' id='block_1_67' title="bbox 2207 2326 3776 2408">
    <p class='ocr_par' dir='ltr' id='par_1_67' title="bbox 2207 2326 3776 2408">
     <span class='ocr_line' id='line_1_67' title="bbox 2207 2326 3776 2408; baseline -0.009 -17"><span class='ocrx_word' id='word_1_491' title='bbox 2207 2337 2390 2408; x_wconf 82' lang='grc' dir='ltr'>νύμφη</span> <span class='ocrx_word' id='word_1_492' title='bbox 2432 2334 2526 2387; x_wconf 81' lang='grc' dir='ltr'>τοῦ</span> <span class='ocrx_word' id='word_1_493' title='bbox 2575 2333 2782 2405; x_wconf 85' lang='grc' dir='ltr'>Κυρίου</span> <span class='ocrx_word' id='word_1_494' title='bbox 2831 2332 2891 2384; x_wconf 83' lang='grc' dir='ltr'><strong>τὸ</strong></span> <span class='ocrx_word' id='word_1_495' title='bbox 2932 2329 3122 2393; x_wconf 85' lang='grc' dir='ltr'>κάλλος</span> <span class='ocrx_word' id='word_1_496' title='bbox 3146 2371 3160 2395; x_wconf 93' lang='grc'><strong>,</strong></span> <span class='ocrx_word' id='word_1_497' title='bbox 3196 2328 3366 2391; x_wconf 73' lang='grc' dir='ltr'>οὕτως</span> <span class='ocrx_word' id='word_1_498' title='bbox 3415 2326 3642 2380; x_wconf 84' lang='grc' dir='ltr'>εἰποῦσα</span> <span class='ocrx_word' id='word_1_499' title='bbox 3671 2329 3776 2388; x_wconf 85' lang='grc' dir='ltr'>τοῖς</span> 
     </span>
    </p>
   </div>
   <div class='ocr_carea' id='block_1_68' title="bbox 2208 2418 3776 2500">
    <p class='ocr_par' dir='ltr' id='par_1_68' title="bbox 2208 2418 3776 2500">
     <span class='ocr_line' id='line_1_68' title="bbox 2208 2418 3776 2500; baseline -0.007 -19"><span class='ocrx_word' id='word_1_500' title='bbox 2208 2430 2448 2500; x_wconf 78' lang='grc' dir='ltr'>ῥήμασιν</span> <span class='ocrx_word' id='word_1_501' title='bbox 2468 2445 2480 2457; x_wconf 89' lang='grc'><strong>·</strong></span> <span class='ocrx_word' id='word_1_502' title='bbox 2514 2421 2689 2492; x_wconf 79' lang='grc' dir='ltr'>Εἶδος</span> <span class='ocrx_word' id='word_1_503' title='bbox 2727 2424 2935 2490; x_wconf 87' lang='grc' dir='ltr'>αὐτοῦ,</span> <span class='ocrx_word' id='word_1_504' title='bbox 2963 2423 3043 2490; x_wconf 82' lang='grc' dir='ltr'>ὡς</span> <span class='ocrx_word' id='word_1_505' title='bbox 3077 2423 3333 2485; x_wconf 85' lang='grc' dir='ltr'>Λίϐανος</span> <span class='ocrx_word' id='word_1_506' title='bbox 3364 2418 3672 2484; x_wconf 73' lang='grc' dir='ltr'>ἐκλεκτὸς,</span> <span class='ocrx_word' id='word_1_507' title='bbox 3699 2419 3776 2482; x_wconf 84' lang='grc' dir='ltr'>ὡς</span> 
     </span>
    </p>
   </div>
   <div class='ocr_carea' id='block_1_69' title="bbox 2211 2523 2426 2591">
    <p class='ocr_par' dir='ltr' id='par_1_69' title="bbox 2211 2523 2426 2591">
     <span class='ocr_line' id='line_1_69' title="bbox 2211 2523 2426 2591; baseline -0.009 -13"><span class='ocrx_word' id='word_1_508' title='bbox 2211 2523 2426 2591; x_wconf 77' lang='grc' dir='ltr'>κέδροι.</span> 
     </span>
    </p>
   </div>
   <div class='ocr_carea' id='block_1_70' title="bbox 2281 2601 3778 2685">
    <p class='ocr_par' dir='ltr' id='par_1_70' title="bbox 2281 2601 3778 2685">
     <span class='ocr_line' id='line_1_70' title="bbox 2281 2601 3778 2685; baseline -0.009 -19"><span class='ocrx_word' id='word_1_509' title='bbox 2281 2612 2606 2685; x_wconf 83' lang='grc' dir='ltr'>Προστίθησι</span> <span class='ocrx_word' id='word_1_510' title='bbox 2651 2611 2708 2665; x_wconf 82' lang='grc' dir='ltr'><strong>δὲ</strong></span> <span class='ocrx_word' id='word_1_511' title='bbox 2757 2610 2850 2664; x_wconf 80' lang='grc' dir='ltr'><strong>καὶ</strong></span> <span class='ocrx_word' id='word_1_512' title='bbox 2901 2608 2978 2679; x_wconf 84' lang='grc' dir='ltr'>τῷ</span> <span class='ocrx_word' id='word_1_513' title='bbox 3011 2606 3250 2678; x_wconf 81' lang='grc' dir='ltr'>φάρυγγι</span> <span class='ocrx_word' id='word_1_514' title='bbox 3302 2603 3392 2658; x_wconf 80' lang='grc' dir='ltr'><strong>τὸν</strong></span> <span class='ocrx_word' id='word_1_515' title='bbox 3447 2601 3778 2670; x_wconf 76' lang='grc' dir='ltr'>κατάλληλον</span> 
     </span>
    </p>
   </div>
   <div class='ocr_carea' id='block_1_71' title="bbox 2209 2691 3782 2773">
    <p class='ocr_par' dir='ltr' id='par_1_71' title="bbox 2209 2691 3782 2773">
     <span class='ocr_line' id='line_1_71' title="bbox 2209 2691 3782 2773; baseline -0.01 -14"><span class='ocrx_word' id='word_1_516' title='bbox 2209 2705 2447 2770; x_wconf 75' lang='grc' dir='ltr'>ἔπαινον,</span> <span class='ocrx_word' id='word_1_517' title='bbox 2477 2701 2791 2773; x_wconf 87' lang='grc' dir='ltr'>γλυκασμόν</span> <span class='ocrx_word' id='word_1_518' title='bbox 2819 2718 2879 2754; x_wconf 89' lang='grc' dir='ltr'><strong>τε</strong></span> <span class='ocrx_word' id='word_1_519' title='bbox 2913 2699 3072 2753; x_wconf 79' lang='grc' dir='ltr'>αὑτὸν</span> <span class='ocrx_word' id='word_1_520' title='bbox 3114 2698 3206 2750; x_wconf 78' lang='grc' dir='ltr'><strong>καὶ</strong></span> <span class='ocrx_word' id='word_1_521' title='bbox 3253 2695 3546 2765; x_wconf 76' lang='grc' dir='ltr'>ἐπιθυμίαν</span> <span class='ocrx_word' id='word_1_522' title='bbox 3590 2691 3782 2761; x_wconf 84' lang='grc' dir='ltr'>ὀνομά-</span> 
     </span>
    </p>
   </div>
   <div class='ocr_carea' id='block_1_72' title="bbox 2211 2786 3780 2863">
    <p class='ocr_par' dir='ltr' id='par_1_72' title="bbox 2211 2786 3780 2863">
     <span class='ocr_line' id='line_1_72' title="bbox 2211 2786 3780 2863; baseline -0.008 -15"><span class='ocrx_word' id='word_1_523' title='bbox 2211 2812 2351 2848; x_wconf 79' lang='grc' dir='ltr'>σασα</span> <span class='ocrx_word' id='word_1_524' title='bbox 2374 2811 2388 2825; x_wconf 74' lang='grc' dir='ltr'><strong>ο</strong></span> <span class='ocrx_word' id='word_1_525' title='bbox 2429 2793 2541 2863; x_wconf 85' lang='grc' dir='ltr'>ἔχει</span> <span class='ocrx_word' id='word_1_526' title='bbox 2580 2793 2635 2846; x_wconf 82' lang='grc' dir='ltr'>δὲ</span> <span class='ocrx_word' id='word_1_527' title='bbox 2664 2794 2697 2863; x_wconf 88' lang='grc' dir='ltr'><strong>ή</strong></span> <span class='ocrx_word' id='word_1_528' title='bbox 2727 2792 2869 2858; x_wconf 80' lang='grc' dir='ltr'>λέξις</span> <span class='ocrx_word' id='word_1_529' title='bbox 2912 2790 3112 2853; x_wconf 76' lang='grc' dir='ltr'>οὕτως’</span> <span class='ocrx_word' id='word_1_530' title='bbox 3147 2786 3384 2860; x_wconf 76' lang='grc' dir='ltr'>Φάρυγξ</span> <span class='ocrx_word' id='word_1_531' title='bbox 3411 2786 3603 2840; x_wconf 85' lang='grc' dir='ltr'>αὐτοῦ</span> <span class='ocrx_word' id='word_1_532' title='bbox 3637 2787 3780 2849; x_wconf 68' lang='grc' dir='ltr'>γλυ-</span> 
     </span>
    </p>
   </div>
   <div class='ocr_carea' id='block_1_73' title="bbox 2210 2875 3786 2956">
    <p class='ocr_par' dir='ltr' id='par_1_73' title="bbox 2210 2875 3786 2956">
     <span class='ocr_line' id='line_1_73' title="bbox 2210 2875 3786 2956; baseline -0.008 -17"><span class='ocrx_word' id='word_1_533' title='bbox 2210 2885 2460 2956; x_wconf 83' lang='grc' dir='ltr'>κασμὸς,</span> <span class='ocrx_word' id='word_1_534' title='bbox 2487 2884 2582 2937; x_wconf 76' lang='grc' dir='ltr'>καὶ</span> <span class='ocrx_word' id='word_1_535' title='bbox 2605 2884 2748 2948; x_wconf 79' lang='grc' dir='ltr'>ὅλος</span> <span class='ocrx_word' id='word_1_536' title='bbox 2767 2881 3065 2950; x_wconf 83' lang='grc' dir='ltr'>ἐπιθυμία.</span> <span class='ocrx_word' id='word_1_537' title='bbox 3096 2882 3159 2933; x_wconf 81' lang='grc'><strong>⁸0</strong></span> <span class='ocrx_word' id='word_1_538' title='bbox 3185 2880 3240 2933; x_wconf 87' lang='grc' dir='ltr'><strong>δέ</strong></span> <span class='ocrx_word' id='word_1_539' title='bbox 3267 2880 3392 2951; x_wconf 74' lang='grc' dir='ltr'>περὶ</span> <span class='ocrx_word' id='word_1_540' title='bbox 3421 2877 3616 2930; x_wconf 84' lang='grc' dir='ltr'>τούτου</span> <span class='ocrx_word' id='word_1_541' title='bbox 3641 2875 3786 2928; x_wconf 77' lang='grc' dir='ltr'>νοοῦ-</span> 
     </span>
    </p>
   </div>
   <div class='ocr_carea' id='block_1_74' title="bbox 2215 2967 3786 3047">
    <p class='ocr_par' dir='ltr' id='par_1_74' title="bbox 2215 2967 3786 3047">
     <span class='ocr_line' id='line_1_74' title="bbox 2215 2967 3786 3047; baseline -0.007 -18"><span class='ocrx_word' id='word_1_542' title='bbox 2215 2994 2332 3047; x_wconf 90' lang='grc' dir='ltr'>μεν,</span> <span class='ocrx_word' id='word_1_543' title='bbox 2377 2975 2615 3029; x_wconf 81' lang='grc' dir='ltr'>τοιοῦτόν</span> <span class='ocrx_word' id='word_1_544' title='bbox 2659 2979 2802 3026; x_wconf 84' lang='grc' dir='ltr'>ἐστι’</span> <span class='ocrx_word' id='word_1_545' title='bbox 2839 2972 2911 3025; x_wconf 75' lang='grc' dir='ltr'>Τὸ</span> <span class='ocrx_word' id='word_1_546' title='bbox 2961 2972 3065 3024; x_wconf 77' lang='grc' dir='ltr'><strong>ὑπὸ</strong></span> <span class='ocrx_word' id='word_1_547' title='bbox 3111 2971 3199 3024; x_wconf 84' lang='grc' dir='ltr'><strong>τὸν</strong></span> <span class='ocrx_word' id='word_1_548' title='bbox 3242 2968 3549 3040; x_wconf 83' lang='grc' dir='ltr'>ἀνθερεῶνα</span> <span class='ocrx_word' id='word_1_549' title='bbox 3601 2967 3786 3037; x_wconf 80' lang='grc' dir='ltr'>μέρος,</span> 
     </span>
    </p>
   </div>
   <div class='ocr_carea' id='block_1_75' title="bbox 2213 3056 3786 3139">
    <p class='ocr_par' dir='ltr' id='par_1_75' title="bbox 2213 3056 3786 3139">
     <span class='ocr_line' id='line_1_75' title="bbox 2213 3056 3786 3139; baseline -0.007 -19"><span class='ocrx_word' id='word_1_550' title='bbox 2213 3067 2468 3139; x_wconf 76' lang='grc' dir='ltr'>φάρυγγα</span> <span class='ocrx_word' id='word_1_551' title='bbox 2499 3067 2706 3137; x_wconf 84' lang='grc' dir='ltr'>καλεῖή</span> <span class='ocrx_word' id='word_1_552' title='bbox 2732 3064 3005 3135; x_wconf 83' lang='grc' dir='ltr'>συνήθεια·</span> <span class='ocrx_word' id='word_1_553' title='bbox 3032 3056 3076 3130; x_wconf 82' lang='grc' dir='ltr'>ᾧ</span> <span class='ocrx_word' id='word_1_554' title='bbox 3098 3080 3225 3131; x_wconf 83' lang='grc' dir='ltr'>φασι</span> <span class='ocrx_word' id='word_1_555' title='bbox 3255 3061 3346 3114; x_wconf 82' lang='grc' dir='ltr'><strong>τὸν</strong></span> <span class='ocrx_word' id='word_1_556' title='bbox 3368 3057 3500 3130; x_wconf 85' lang='grc' dir='ltr'>ἦχον</span> <span class='ocrx_word' id='word_1_557' title='bbox 3524 3063 3591 3130; x_wconf 84' lang='grc' dir='ltr'>τῇ</span> <span class='ocrx_word' id='word_1_558' title='bbox 3627 3074 3786 3129; x_wconf 73' lang='grc' dir='ltr'>προσ-</span> 
     </span>
    </p>
   </div>
   <div class='ocr_carea' id='block_1_76' title="bbox 2213 3151 3793 3227">
    <p class='ocr_par' dir='ltr' id='par_1_76' title="bbox 2213 3151 3793 3227">
     <span class='ocr_line' id='line_1_76' title="bbox 2213 3151 3793 3227; baseline -0.007 -15"><span class='ocrx_word' id='word_1_559' title='bbox 2213 3159 2416 3212; x_wconf 84' lang='grc' dir='ltr'>πτώσει</span> <span class='ocrx_word' id='word_1_560' title='bbox 2461 3158 2552 3211; x_wconf 82' lang='grc' dir='ltr'>τοῦ</span> <span class='ocrx_word' id='word_1_561' title='bbox 2603 3160 2664 3210; x_wconf 84' lang='grc' dir='ltr'><strong>ἐκ</strong></span> <span class='ocrx_word' id='word_1_562' title='bbox 2724 3155 2823 3227; x_wconf 82' lang='grc' dir='ltr'>τῆς</span> <span class='ocrx_word' id='word_1_563' title='bbox 2875 3154 3140 3225; x_wconf 84' lang='grc' dir='ltr'>ἀρτηρίας</span> <span class='ocrx_word' id='word_1_564' title='bbox 3189 3151 3493 3222; x_wconf 89' lang='grc' dir='ltr'>πνεύματος</span> <span class='ocrx_word' id='word_1_565' title='bbox 3559 3152 3793 3217; x_wconf 76' lang='grc' dir='ltr'>ἀπογεν-</span> 
     </span>
    </p>
   </div>
   <div class='ocr_carea' id='block_1_77' title="bbox 2211 3239 3792 3320">
    <p class='ocr_par' dir='ltr' id='par_1_77' title="bbox 2211 3239 3792 3320">
     <span class='ocr_line' id='line_1_77' title="bbox 2211 3239 3792 3320; baseline -0.006 -19"><span class='ocrx_word' id='word_1_566' title='bbox 2211 3251 2406 3304; x_wconf 70' lang='grc' dir='ltr'>νᾶςθαι</span> <span class='ocrx_word' id='word_1_567' title='bbox 2454 3247 2918 3320; x_wconf 85' lang='grc' dir='ltr'>περιδονούμενον.</span> <span class='ocrx_word' id='word_1_568' title='bbox 2968 3245 3120 3298; x_wconf 74' lang='grc' dir='ltr'>Ἐπεὶ</span> <span class='ocrx_word' id='word_1_569' title='bbox 3158 3239 3248 3296; x_wconf 83' lang='grc' dir='ltr'><strong>οὖν</strong></span> <span class='ocrx_word' id='word_1_570' title='bbox 3282 3243 3446 3313; x_wconf 79' lang='grc' dir='ltr'>κηρία</span> <span class='ocrx_word' id='word_1_571' title='bbox 3481 3241 3698 3311; x_wconf 82' lang='grc' dir='ltr'>μέλιτος</span> <span class='ocrx_word' id='word_1_572' title='bbox 3741 3241 3792 3293; x_wconf 76' lang='lat' dir='ltr'><strong>oi</strong></span> 
     </span>
    </p>
   </div>
   <div class='ocr_carea' id='block_1_78' title="bbox 2215 3327 3790 3408">
    <p class='ocr_par' dir='ltr' id='par_1_78' title="bbox 2215 3327 3790 3408">
     <span class='ocr_line' id='line_1_78' title="bbox 2215 3327 3790 3408; baseline -0.008 -12"><span class='ocrx_word' id='word_1_573' title='bbox 2215 3342 2367 3397; x_wconf 86' lang='grc' dir='ltr'>καλοί</span> <span class='ocrx_word' id='word_1_574' title='bbox 2391 3343 2496 3394; x_wconf 89' lang='grc' dir='ltr'>είσι</span> <span class='ocrx_word' id='word_1_575' title='bbox 2525 3341 2672 3408; x_wconf 90' lang='grc' dir='ltr'>λόγοι</span> <span class='ocrx_word' id='word_1_576' title='bbox 2695 3357 2708 3369; x_wconf 75' lang='grc' dir='ltr'><strong>ο</strong></span> <span class='ocrx_word' id='word_1_577' title='bbox 2743 3339 2901 3407; x_wconf 87' lang='grc' dir='ltr'>λόγου</span> <span class='ocrx_word' id='word_1_578' title='bbox 2927 3337 2982 3389; x_wconf 84' lang='grc' dir='ltr'>δὲ</span> <span class='ocrx_word' id='word_1_579' title='bbox 3011 3336 3239 3407; x_wconf 79' lang='grc' dir='ltr'>ὄργανόν</span> <span class='ocrx_word' id='word_1_580' title='bbox 3268 3335 3410 3386; x_wconf 87' lang='grc' dir='ltr'>ἐστιν</span> <span class='ocrx_word' id='word_1_581' title='bbox 3444 3334 3478 3402; x_wconf 87' lang='grc' dir='ltr'><strong>ή</strong></span> <span class='ocrx_word' id='word_1_582' title='bbox 3513 3333 3690 3401; x_wconf 77' lang='grc' dir='ltr'>φωνὴ,</span> <span class='ocrx_word' id='word_1_583' title='bbox 3723 3327 3790 3402; x_wconf 85' lang='grc' dir='ltr'>ἦς</span> 
     </span>
    </p>
   </div>
   <div class='ocr_carea' id='block_1_79' title="bbox 2216 3423 3793 3507">
    <p class='ocr_par' dir='ltr' id='par_1_79' title="bbox 2216 3423 3793 3507">
     <span class='ocr_line' id='line_1_79' title="bbox 2216 3423 3793 3507; baseline -0.009 -20"><span class='ocrx_word' id='word_1_584' title='bbox 2216 3437 2249 3507; x_wconf 83' lang='grc' dir='ltr'>ἡ</span> <span class='ocrx_word' id='word_1_585' title='bbox 2296 3433 2507 3504; x_wconf 83' lang='grc' dir='ltr'>γένεσίς</span> <span class='ocrx_word' id='word_1_586' title='bbox 2548 3433 2692 3484; x_wconf 78' lang='grc' dir='ltr'>ἐστιν</span> <span class='ocrx_word' id='word_1_587' title='bbox 2730 3432 2793 3482; x_wconf 84' lang='grc' dir='ltr'><strong>ἐκ</strong></span> <span class='ocrx_word' id='word_1_588' title='bbox 2825 3429 3101 3499; x_wconf 82' lang='grc' dir='ltr'>φάρυγγος</span> <span class='ocrx_word' id='word_1_589' title='bbox 3124 3468 3138 3489; x_wconf 93' lang='grc'><strong>,</strong></span> <span class='ocrx_word' id='word_1_590' title='bbox 3173 3426 3312 3494; x_wconf 84' lang='grc' dir='ltr'>τάχα</span> <span class='ocrx_word' id='word_1_591' title='bbox 3351 3424 3476 3486; x_wconf 75' lang='grc' dir='ltr'>τοὺς</span> <span class='ocrx_word' id='word_1_592' title='bbox 3511 3423 3793 3494; x_wconf 77' lang='grc' dir='ltr'>ὑπηρέτας</span> 
     </span>
    </p>
   </div>
   <div class='ocr_carea' id='block_1_80' title="bbox 2217 3515 3791 3596">
    <p class='ocr_par' dir='ltr' id='par_1_80' title="bbox 2217 3515 3791 3596">
     <span class='ocr_line' id='line_1_80' title="bbox 2217 3515 3791 3596; baseline -0.008 -16"><span class='ocrx_word' id='word_1_593' title='bbox 2217 3545 2273 3580; x_wconf 88' lang='grc' dir='ltr'><strong>τε</strong></span> <span class='ocrx_word' id='word_1_594' title='bbox 2301 3527 2393 3580; x_wconf 75' lang='grc' dir='ltr'><strong>καὶ</strong></span> <span class='ocrx_word' id='word_1_595' title='bbox 2426 3527 2705 3596; x_wconf 81' lang='grc' dir='ltr'>ὑποφήτας</span> <span class='ocrx_word' id='word_1_596' title='bbox 2738 3519 2830 3576; x_wconf 81' lang='grc' dir='ltr'><strong>τού</strong></span> <span class='ocrx_word' id='word_1_597' title='bbox 2858 3521 3036 3590; x_wconf 84' lang='grc' dir='ltr'>λόγου,</span> <span class='ocrx_word' id='word_1_598' title='bbox 3080 3522 3136 3571; x_wconf 85' lang='grc' dir='ltr'><strong>ἐν</strong></span> <span class='ocrx_word' id='word_1_599' title='bbox 3167 3515 3246 3581; x_wconf 80' lang='grc' dir='ltr'>οἷς</span> <span class='ocrx_word' id='word_1_600' title='bbox 3284 3517 3432 3569; x_wconf 82' lang='grc' dir='ltr'>λαλεῖ</span> <span class='ocrx_word' id='word_1_601' title='bbox 3463 3519 3491 3570; x_wconf 87' lang='grc' dir='ltr'>ὁ</span> <span class='ocrx_word' id='word_1_602' title='bbox 3534 3515 3791 3587; x_wconf 73' lang='grc' dir='ltr'>Χριστὸς,</span> 
     </span>
    </p>
   </div>
   <div class='ocr_carea' id='block_1_81' title="bbox 2215 3610 3794 3689">
    <p class='ocr_par' dir='ltr' id='par_1_81' title="bbox 2215 3610 3794 3689">
     <span class='ocr_line' id='line_1_81' title="bbox 2215 3610 3794 3689; baseline -0.008 -17"><span class='ocrx_word' id='word_1_603' title='bbox 2215 3618 2291 3689; x_wconf 81' lang='grc' dir='ltr'>τῷ</span> <span class='ocrx_word' id='word_1_604' title='bbox 2323 3619 2542 3688; x_wconf 85' lang='grc' dir='ltr'>ὀνόματι</span> <span class='ocrx_word' id='word_1_605' title='bbox 2571 3616 2741 3686; x_wconf 81' lang='grc' dir='ltr'>τούτῳ</span> <span class='ocrx_word' id='word_1_606' title='bbox 2775 3612 3132 3686; x_wconf 85' lang='grc' dir='ltr'>σημαίνεσθαι</span> <span class='ocrx_word' id='word_1_607' title='bbox 3165 3610 3299 3664; x_wconf 88' lang='grc' dir='ltr'>νοῶν</span> <span class='ocrx_word' id='word_1_608' title='bbox 3340 3627 3441 3673; x_wconf 86' lang='grc' dir='ltr'>τις,</span> <span class='ocrx_word' id='word_1_609' title='bbox 3477 3610 3578 3679; x_wconf 79' lang='grc' dir='ltr'>οὐχ</span> <span class='ocrx_word' id='word_1_610' title='bbox 3608 3610 3794 3678; x_wconf 87' lang='grc' dir='ltr'>ἀμαρ-</span> 
     </span>
    </p>
   </div>
   <div class='ocr_carea' id='block_1_82' title="bbox 2215 3698 3795 3776">
    <p class='ocr_par' dir='ltr' id='par_1_82' title="bbox 2215 3698 3795 3776">
     <span class='ocr_line' id='line_1_82' title="bbox 2215 3698 3795 3776; baseline -0.007 -17"><span class='ocrx_word' id='word_1_611' title='bbox 2215 3702 2458 3776; x_wconf 85' lang='grc' dir='ltr'>τήσεται.</span> <span class='ocrx_word' id='word_1_612' title='bbox 2495 3705 2603 3756; x_wconf 75' lang='grc' dir='ltr'>Καὶ</span> <span class='ocrx_word' id='word_1_613' title='bbox 2633 3703 2736 3774; x_wconf 83' lang='grc' dir='ltr'><strong>γὰρ</strong></span> <span class='ocrx_word' id='word_1_614' title='bbox 2760 3703 2788 3754; x_wconf 87' lang='grc' dir='ltr'><strong>ό</strong></span> <span class='ocrx_word' id='word_1_615' title='bbox 2831 3701 3000 3771; x_wconf 80' lang='grc' dir='ltr'>μέγας</span> <span class='ocrx_word' id='word_1_616' title='bbox 3040 3700 3288 3769; x_wconf 84' lang='grc' dir='ltr'>Ἰωάννης</span> <span class='ocrx_word' id='word_1_617' title='bbox 3321 3698 3617 3769; x_wconf 72' lang='grc' dir='ltr'>ἐρωτηθεὶς</span> <span class='ocrx_word' id='word_1_618' title='bbox 3649 3699 3795 3759; x_wconf 82' lang='grc' dir='ltr'>ὅστις</span> 
     </span>
    </p>
   </div>
   <div class='ocr_carea' id='block_1_83' title="bbox 2217 3788 3799 3866">
    <p class='ocr_par' dir='ltr' id='par_1_83' title="bbox 2217 3788 3799 3866">
     <span class='ocr_line' id='line_1_83' title="bbox 2217 3788 3799 3866; baseline -0.007 -17"><span class='ocrx_word' id='word_1_619' title='bbox 2217 3798 2324 3866; x_wconf 77' lang='grc' dir='ltr'>εἴη,</span> <span class='ocrx_word' id='word_1_620' title='bbox 2363 3796 2544 3864; x_wconf 84' lang='grc' dir='ltr'>φωνὴν</span> <span class='ocrx_word' id='word_1_621' title='bbox 2579 3793 2769 3847; x_wconf 83' lang='grc' dir='ltr'>ἐαυτὸν</span> <span class='ocrx_word' id='word_1_622' title='bbox 2809 3792 3215 3861; x_wconf 88' lang='grc' dir='ltr'>κατωνόμασεν,</span> <span class='ocrx_word' id='word_1_623' title='bbox 3261 3788 3442 3858; x_wconf 78' lang='grc' dir='ltr'>ἐπειδὴ</span> <span class='ocrx_word' id='word_1_624' title='bbox 3474 3788 3569 3840; x_wconf 76' lang='grc' dir='ltr'>τοῦ</span> <span class='ocrx_word' id='word_1_625' title='bbox 3620 3789 3799 3854; x_wconf 81' lang='grc' dir='ltr'>Λόγου</span> 
     </span>
    </p>
   </div>
   <div class='ocr_carea' id='block_1_84' title="bbox 2218 3878 3797 3960">
    <p class='ocr_par' dir='ltr' id='par_1_84' title="bbox 2218 3878 3797 3960">
     <span class='ocr_line' id='line_1_84' title="bbox 2218 3878 3797 3960; baseline -0.007 -20"><span class='ocrx_word' id='word_1_626' title='bbox 2218 3888 2518 3960; x_wconf 85' lang='grc' dir='ltr'>πρόδρομος</span> <span class='ocrx_word' id='word_1_627' title='bbox 2541 3883 2627 3957; x_wconf 70' lang='grc' dir='ltr'><strong>ἦν*</strong></span> <span class='ocrx_word' id='word_1_628' title='bbox 2655 3887 2750 3939; x_wconf 70' lang='grc' dir='ltr'><strong>καὶ</strong></span> <span class='ocrx_word' id='word_1_629' title='bbox 2773 3885 2802 3937; x_wconf 87' lang='grc' dir='ltr'><strong>ό</strong></span> <span class='ocrx_word' id='word_1_630' title='bbox 2839 3883 3105 3956; x_wconf 82' lang='grc' dir='ltr'>μακάριος</span> <span class='ocrx_word' id='word_1_631' title='bbox 3135 3880 3344 3944; x_wconf 81' lang='grc' dir='ltr'>Παῦλος</span> <span class='ocrx_word' id='word_1_632' title='bbox 3367 3879 3598 3949; x_wconf 72' lang='grc' dir='ltr'>δοκιμὴν</span> <span class='ocrx_word' id='word_1_633' title='bbox 3627 3878 3797 3931; x_wconf 83' lang='grc' dir='ltr'>ἐδίδου</span> 
     </span>
    </p>
   </div>
   <div class='ocr_carea' id='block_1_85' title="bbox 2216 3969 3800 4050">
    <p class='ocr_par' dir='ltr' id='par_1_85' title="bbox 2216 3969 3800 4050">
     <span class='ocr_line' id='line_1_85' title="bbox 2216 3969 3800 4050; baseline -0.008 -16"><span class='ocrx_word' id='word_1_634' title='bbox 2216 3980 2312 4034; x_wconf 77' lang='grc' dir='ltr'>τοῦ</span> <span class='ocrx_word' id='word_1_635' title='bbox 2335 3983 2392 4034; x_wconf 89' lang='grc' dir='ltr'><strong>ἐν</strong></span> <span class='ocrx_word' id='word_1_636' title='bbox 2415 3979 2561 4050; x_wconf 83' lang='grc' dir='ltr'>αύτῷ</span> <span class='ocrx_word' id='word_1_637' title='bbox 2589 3977 2874 4040; x_wconf 78' lang='grc' dir='ltr'>λαλοῦντος</span> <span class='ocrx_word' id='word_1_638' title='bbox 2903 3975 3137 4047; x_wconf 79' lang='grc' dir='ltr'>Χριστοῦ</span> <span class='ocrx_word' id='word_1_639' title='bbox 3160 3993 3175 4006; x_wconf 84' lang='lat'><strong><em>°</em></strong></span> <span class='ocrx_word' id='word_1_640' title='bbox 3206 3969 3265 4028; x_wconf 74' lang='grc' dir='ltr'>οὗ</span> <span class='ocrx_word' id='word_1_641' title='bbox 3289 3974 3386 4044; x_wconf 78' lang='grc' dir='ltr'>τὴν</span> <span class='ocrx_word' id='word_1_642' title='bbox 3409 3973 3593 4042; x_wconf 81' lang='grc' dir='ltr'>φωνὴν</span> <span class='ocrx_word' id='word_1_643' title='bbox 3619 3970 3800 4040; x_wconf 81' lang='grc' dir='ltr'>ἐαυτῷ</span> 
     </span>
    </p>
   </div>
   <div class='ocr_carea' id='block_1_86' title="bbox 2218 4064 3800 4145">
    <p class='ocr_par' dir='ltr' id='par_1_86' title="bbox 2218 4064 3800 4145">
     <span class='ocr_line' id='line_1_86' title="bbox 2218 4064 3800 4145; baseline -0.008 -17"><span class='ocrx_word' id='word_1_644' title='bbox 2218 4074 2448 4145; x_wconf 86' lang='grc' dir='ltr'>χρήσας,</span> <span class='ocrx_word' id='word_1_645' title='bbox 2488 4070 2801 4141; x_wconf 84' lang='grc' dir='ltr'>γλυκασμὸς</span> <span class='ocrx_word' id='word_1_646' title='bbox 2833 4065 2899 4143; x_wconf 76' lang='grc' dir='ltr'>ᾖν</span> <span class='ocrx_word' id='word_1_647' title='bbox 2923 4069 2989 4122; x_wconf 86' lang='grc' dir='ltr'>δι’</span> <span class='ocrx_word' id='word_1_648' title='bbox 3033 4069 3242 4121; x_wconf 85' lang='grc' dir='ltr'>ἐκείνου</span> <span class='ocrx_word' id='word_1_649' title='bbox 3269 4065 3664 4135; x_wconf 79' lang='grc' dir='ltr'>φθεγγόμενος.</span> <span class='ocrx_word' id='word_1_650' title='bbox 3693 4064 3800 4118; x_wconf 76' lang='grc' dir='ltr'><strong>Καὶ</strong></span> 
     </span>
    </p>
   </div>
   <div class='ocr_carea' id='block_1_87' title="bbox 2219 4154 3801 4234">
    <p class='ocr_par' dir='ltr' id='par_1_87' title="bbox 2219 4154 3801 4234">
     <span class='ocr_line' id='line_1_87' title="bbox 2219 4154 3801 4234; baseline -0.008 -16"><span class='ocrx_word' id='word_1_651' title='bbox 2219 4166 2418 4228; x_wconf 88' lang='grc' dir='ltr'>πάντες</span> <span class='ocrx_word' id='word_1_652' title='bbox 2451 4165 2499 4216; x_wconf 80' lang='grc' dir='ltr'>οἱ</span> <span class='ocrx_word' id='word_1_653' title='bbox 2545 4162 2817 4234; x_wconf 82' lang='grc' dir='ltr'>προφῆται</span> <span class='ocrx_word' id='word_1_654' title='bbox 2845 4160 2914 4213; x_wconf 84' lang='grc' dir='ltr'>τὰ</span> <span class='ocrx_word' id='word_1_655' title='bbox 2942 4158 3221 4231; x_wconf 80' lang='grc' dir='ltr'>φωνητικά</span> <span class='ocrx_word' id='word_1_656' title='bbox 3252 4157 3458 4211; x_wconf 77' lang='grc' dir='ltr'>ἑαυτῶν</span> <span class='ocrx_word' id='word_1_657' title='bbox 3488 4157 3704 4228; x_wconf 75' lang='grc' dir='ltr'>ὄργανα</span> <span class='ocrx_word' id='word_1_658' title='bbox 3726 4154 3801 4224; x_wconf 76' lang='grc' dir='ltr'><strong>τῷ</strong></span> 
     </span>
    </p>
   </div>
   <div class='ocr_carea' id='block_1_88' title="bbox 2219 4248 3802 4328">
    <p class='ocr_par' dir='ltr' id='par_1_88' title="bbox 2219 4248 3802 4328">
     <span class='ocr_line' id='line_1_88' title="bbox 2219 4248 3802 4328; baseline -0.008 -18"><span class='ocrx_word' id='word_1_659' title='bbox 2219 4255 2504 4328; x_wconf 77' lang='grc' dir='ltr'>ἐνηχοῦντι</span> <span class='ocrx_word' id='word_1_660' title='bbox 2556 4255 2737 4318; x_wconf 84' lang='grc' dir='ltr'>αὐτοῖς</span> <span class='ocrx_word' id='word_1_661' title='bbox 2785 4251 3059 4323; x_wconf 66' lang='grc' dir='ltr'>Πνεύματι</span> <span class='ocrx_word' id='word_1_662' title='bbox 3108 4250 3630 4322; x_wconf 82' lang='grc' dir='ltr'>παραχωρήσαντες,</span> <span class='ocrx_word' id='word_1_663' title='bbox 3667 4248 3802 4315; x_wconf 80' lang='grc' dir='ltr'>γλυ-</span> 
     </span>
    </p>
   </div>
   <div class='ocr_carea' id='block_1_89' title="bbox 2220 4337 3804 4421">
    <p class='ocr_par' dir='ltr' id='par_1_89' title="bbox 2220 4337 3804 4421">
     <span class='ocr_line' id='line_1_89' title="bbox 2220 4337 3804 4421; baseline -0.009 -16"><span class='ocrx_word' id='word_1_664' title='bbox 2220 4350 2426 4421; x_wconf 77' lang='grc' dir='ltr'>κασμὸς</span> <span class='ocrx_word' id='word_1_665' title='bbox 2454 4349 2707 4417; x_wconf 79' lang='grc' dir='ltr'>ἐγίνοντο,</span> <span class='ocrx_word' id='word_1_666' title='bbox 2740 4348 2799 4399; x_wconf 85' lang='grc' dir='ltr'><strong>τὸ</strong></span> <span class='ocrx_word' id='word_1_667' title='bbox 2831 4346 2971 4398; x_wconf 87' lang='grc' dir='ltr'>θεῖον</span> <span class='ocrx_word' id='word_1_668' title='bbox 3008 4343 3128 4416; x_wconf 88' lang='grc' dir='ltr'>μέλι</span> <span class='ocrx_word' id='word_1_669' title='bbox 3157 4344 3244 4397; x_wconf 83' lang='grc' dir='ltr'>διὰ</span> <span class='ocrx_word' id='word_1_670' title='bbox 3274 4341 3367 4395; x_wconf 80' lang='grc' dir='ltr'>τοῦ</span> <span class='ocrx_word' id='word_1_671' title='bbox 3399 4341 3675 4411; x_wconf 83' lang='grc' dir='ltr'>λάρυγγος</span> <span class='ocrx_word' id='word_1_672' title='bbox 3710 4337 3804 4391; x_wconf 72' lang='grc' dir='ltr'>τοῦ</span> 
     </span>
    </p>
   </div>
   <div class='ocr_carea' id='block_1_90' title="bbox 2225 4429 3806 4512">
    <p class='ocr_par' dir='ltr' id='par_1_90' title="bbox 2225 4429 3806 4512">
     <span class='ocr_line' id='line_1_90' title="bbox 2225 4429 3806 4512; baseline -0.009 -17"><span class='ocrx_word' id='word_1_673' title='bbox 2225 4443 2350 4496; x_wconf 80' lang='grc' dir='ltr'>ἰδίου</span> <span class='ocrx_word' id='word_1_674' title='bbox 2399 4440 2770 4512; x_wconf 79' lang='grc' dir='ltr'>πηγάζοντες,</span> <span class='ocrx_word' id='word_1_675' title='bbox 2815 4431 2860 4507; x_wconf 83' lang='grc' dir='ltr'><strong>ᾧ</strong></span> <span class='ocrx_word' id='word_1_676' title='bbox 2904 4436 3141 4508; x_wconf 71' lang='grc' dir='ltr'>βασιλεῖς</span> <span class='ocrx_word' id='word_1_677' title='bbox 3171 4453 3232 4488; x_wconf 87' lang='grc' dir='ltr'><strong>τε</strong></span> <span class='ocrx_word' id='word_1_678' title='bbox 3283 4433 3376 4487; x_wconf 74' lang='grc' dir='ltr'>καὶ</span> <span class='ocrx_word' id='word_1_679' title='bbox 3412 4430 3617 4485; x_wconf 79' lang='grc' dir='ltr'>ἰδιῶται</span> <span class='ocrx_word' id='word_1_680' title='bbox 3666 4429 3806 4499; x_wconf 78' lang='grc' dir='ltr'>πρὸς</span> 
     </span>
    </p>
   </div>
   <div class='ocr_carea' id='block_1_91' title="bbox 2222 4519 3810 4603">
    <p class='ocr_par' dir='ltr' id='par_1_91' title="bbox 2222 4519 3810 4603">
     <span class='ocr_line' id='line_1_91' title="bbox 2222 4519 3810 4603; baseline -0.011 -16"><span class='ocrx_word' id='word_1_681' title='bbox 2222 4533 2409 4603; x_wconf 86' lang='grc' dir='ltr'>ὑγείαν</span> <span class='ocrx_word' id='word_1_682' title='bbox 2447 4530 2869 4603; x_wconf 85' lang='grc' dir='ltr'>προσφέρονται·</span> <span class='ocrx_word' id='word_1_683' title='bbox 2905 4520 2964 4580; x_wconf 75' lang='grc' dir='ltr'>οὗ</span> <span class='ocrx_word' id='word_1_684' title='bbox 2995 4529 3026 4597; x_wconf 87' lang='grc' dir='ltr'>ὴ</span> <span class='ocrx_word' id='word_1_685' title='bbox 3058 4525 3354 4586; x_wconf 85' lang='grc' dir='ltr'>ἀπόλαυσις</span> <span class='ocrx_word' id='word_1_686' title='bbox 3382 4523 3481 4576; x_wconf 82' lang='grc' dir='ltr'><strong>οὐκ</strong></span> <span class='ocrx_word' id='word_1_687' title='bbox 3510 4519 3810 4574; x_wconf 79' lang='grc' dir='ltr'>ἐπικόπτει</span> 
     </span>
    </p>
   </div>
   <div class='ocr_carea' id='block_1_92' title="bbox 556 4608 2113 4698">
    <p class='ocr_par' dir='ltr' id='par_1_92' title="bbox 556 4617 2113 4698">
     <span class='ocr_line' id='line_1_92' title="bbox 556 4617 2113 4698; baseline 0.009 -28"><span class='ocrx_word' id='word_1_688' title='bbox 556 4617 805 4673; x_wconf 87' lang='lat' dir='ltr'><strong>homines</strong></span> <span class='ocrx_word' id='word_1_689' title='bbox 828 4617 1122 4672; x_wconf 85' lang='lat' dir='ltr'><strong>salubriter</strong></span> <span class='ocrx_word' id='word_1_690' title='bbox 1147 4627 1407 4674; x_wconf 88' lang='lat' dir='ltr'><strong>utuntur:</strong></span> <span class='ocrx_word' id='word_1_691' title='bbox 1437 4623 1596 4698; x_wconf 78' lang='lat' dir='ltr'><strong>cujus</strong></span> <span class='ocrx_word' id='word_1_692' title='bbox 1625 4623 1811 4679; x_wconf 78' lang='lat' dir='ltr'><strong>fruitio</strong></span> <span class='ocrx_word' id='word_1_693' title='bbox 1849 4628 2113 4698; x_wconf 88' lang='lat' dir='ltr'><strong>cupidita-</strong></span> 
     </span>
    </p>
   </div>
   <div class='ocr_carea' id='block_1_93' title="bbox 2213 4608 3808 4698">
    <p class='ocr_par' dir='ltr' id='par_1_93' title="bbox 2221 4608 3808 4694">
     <span class='ocr_line' id='line_1_93' title="bbox 2221 4608 3808 4694; baseline -0.011 -17"><span class='ocrx_word' id='word_1_694' title='bbox 2221 4625 2321 4694; x_wconf 80' lang='grc' dir='ltr'>τὴν</span> <span class='ocrx_word' id='word_1_695' title='bbox 2348 4622 2639 4693; x_wconf 78' lang='grc' dir='ltr'>ἐπιθυμίαν</span> <span class='ocrx_word' id='word_1_696' title='bbox 2673 4619 2750 4691; x_wconf 79' lang='grc' dir='ltr'><strong>τῷ</strong></span> <span class='ocrx_word' id='word_1_697' title='bbox 2775 4619 2942 4690; x_wconf 85' lang='grc' dir='ltr'>κόρῳ,</span> <span class='ocrx_word' id='word_1_698' title='bbox 2975 4615 3109 4668; x_wconf 84' lang='grc' dir='ltr'><strong>ἀλλά</strong></span> <span class='ocrx_word' id='word_1_699' title='bbox 3135 4615 3323 4686; x_wconf 84' lang='grc' dir='ltr'>τρέφει</span> <span class='ocrx_word' id='word_1_700' title='bbox 3358 4610 3554 4681; x_wconf 78' lang='grc' dir='ltr'>μᾶλλον</span> <span class='ocrx_word' id='word_1_701' title='bbox 3588 4608 3682 4661; x_wconf 82' lang='grc' dir='ltr'>διὰ</span> <span class='ocrx_word' id='word_1_702' title='bbox 3709 4609 3808 4677; x_wconf 77' lang='grc' dir='ltr'>τῆς</span> 
     </span>
    </p>
   </div>
   <div class='ocr_carea' id='block_1_94' title="bbox 554 4710 2124 4791">
    <p class='ocr_par' dir='ltr' id='par_1_94' title="bbox 554 4710 2124 4791">
     <span class='ocr_line' id='line_1_94' title="bbox 554 4710 2124 4791; baseline 0.01 -28"><span class='ocrx_word' id='word_1_703' title='bbox 554 4720 662 4763; x_wconf 86' lang='lat' dir='ltr'><strong>tem</strong></span> <span class='ocrx_word' id='word_1_704' title='bbox 707 4710 958 4765; x_wconf 86' lang='lat' dir='ltr'><strong>satietate</strong></span> <span class='ocrx_word' id='word_1_705' title='bbox 990 4727 1096 4764; x_wconf 89' lang='lat' dir='ltr'><strong>non</strong></span> <span class='ocrx_word' id='word_1_706' title='bbox 1123 4713 1414 4778; x_wconf 89' lang='lat' dir='ltr'><strong>imminuit,</strong></span> <span class='ocrx_word' id='word_1_707' title='bbox 1448 4715 1542 4769; x_wconf 84' lang='lat' dir='ltr'><strong>sed</strong></span> <span class='ocrx_word' id='word_1_708' title='bbox 1577 4718 1744 4770; x_wconf 88' lang='lat' dir='ltr'><strong>multo</strong></span> <span class='ocrx_word' id='word_1_709' title='bbox 1780 4723 1952 4791; x_wconf 84' lang='lat' dir='ltr'><strong>magis</strong></span> <span class='ocrx_word' id='word_1_710' title='bbox 1979 4723 2124 4778; x_wconf 88' lang='lat' dir='ltr'><strong>desi-</strong></span> 
     </span>
    </p>
   </div>
   <div class='ocr_carea' id='block_1_95' title="bbox 561 4799 2124 4877">
    <p class='ocr_par' dir='ltr' id='par_1_95' title="bbox 561 4799 2124 4877">
     <span class='ocr_line' id='line_1_95' title="bbox 561 4799 2124 4877; baseline 0.012 -25"><span class='ocrx_word' id='word_1_711' title='bbox 561 4799 778 4852; x_wconf 87' lang='lat' dir='ltr'><strong>derium</strong></span> <span class='ocrx_word' id='word_1_712' title='bbox 810 4815 908 4869; x_wconf 84' lang='lat' dir='ltr'><strong>per</strong></span> <span class='ocrx_word' id='word_1_713' title='bbox 938 4805 1298 4871; x_wconf 80' lang='lat' dir='ltr'><strong>expetitarum</strong></span> <span class='ocrx_word' id='word_1_714' title='bbox 1339 4806 1808 4877; x_wconf 87' lang='lat' dir='ltr'><strong>participationem</strong></span> <span class='ocrx_word' id='word_1_715' title='bbox 1845 4814 1960 4866; x_wconf 89' lang='lat' dir='ltr'><strong>alit.</strong></span> <span class='ocrx_word' id='word_1_716' title='bbox 1991 4813 2124 4870; x_wconf 87' lang='lat' dir='ltr'><strong>Pro-</strong></span> 
     </span>
    </p>
   </div>
   <div class='ocr_carea' id='block_1_96' title="bbox 557 4892 2126 4971">
    <p class='ocr_par' dir='ltr' id='par_1_96' title="bbox 557 4892 2126 4971">
     <span class='ocr_line' id='line_1_96' title="bbox 557 4892 2126 4971; baseline 0.012 -27"><span class='ocrx_word' id='word_1_717' title='bbox 557 4899 746 4961; x_wconf 89' lang='lat' dir='ltr'><strong>pterea</strong></span> <span class='ocrx_word' id='word_1_718' title='bbox 778 4892 916 4946; x_wconf 80' lang='lat' dir='ltr'><strong>dixit</strong></span> <span class='ocrx_word' id='word_1_719' title='bbox 942 4894 1075 4948; x_wconf 89' lang='lat' dir='ltr'><strong>illud</strong></span> <span class='ocrx_word' id='word_1_720' title='bbox 1127 4895 1261 4950; x_wconf 90' lang='lat' dir='ltr'><strong>nihil</strong></span> <span class='ocrx_word' id='word_1_721' title='bbox 1312 4912 1435 4954; x_wconf 90' lang='lat' dir='ltr'><strong>esse</strong></span> <span class='ocrx_word' id='word_1_722' title='bbox 1487 4900 1654 4965; x_wconf 87' lang='lat' dir='ltr'><strong>aliud,</strong></span> <span class='ocrx_word' id='word_1_723' title='bbox 1710 4918 1870 4971; x_wconf 90' lang='lat' dir='ltr'><strong>quam</strong></span> <span class='ocrx_word' id='word_1_724' title='bbox 1911 4905 2126 4962; x_wconf 84' lang='lat' dir='ltr'><strong>deside-</strong></span> 
     </span>
    </p>
   </div>
   <div class='ocr_carea' id='block_1_97' title="bbox 557 4984 2121 5066">
    <p class='ocr_par' dir='ltr' id='par_1_97' title="bbox 557 4984 2121 5066">
     <span class='ocr_line' id='line_1_97' title="bbox 557 4984 2121 5066; baseline 0.01 -28"><span class='ocrx_word' id='word_1_725' title='bbox 557 4984 742 5040; x_wconf 90' lang='lat' dir='ltr'><strong>rium:</strong></span> <span class='ocrx_word' id='word_1_726' title='bbox 785 4986 941 5055; x_wconf 89' lang='lat' dir='ltr'><strong>quasi</strong></span> <span class='ocrx_word' id='word_1_727' title='bbox 1004 4990 1237 5057; x_wconf 85' lang='lat' dir='ltr'><strong>quadam</strong></span> <span class='ocrx_word' id='word_1_728' title='bbox 1293 4990 1609 5050; x_wconf 81' lang='lat' dir='ltr'><strong>deﬁnitione</strong></span> <span class='ocrx_word' id='word_1_729' title='bbox 1661 4997 2121 5066; x_wconf 89' lang='lat' dir='ltr'><strong>pulchritudinem</strong></span> 
     </span>
    </p>
   </div>
   <div class='ocr_carea' id='block_1_98' title="bbox 556 5078 2122 5158">
    <p class='ocr_par' dir='ltr' id='par_1_98' title="bbox 556 5078 2122 5158">
     <span class='ocr_line' id='line_1_98' title="bbox 556 5078 2122 5158; baseline 0.01 -28"><span class='ocrx_word' id='word_1_730' title='bbox 556 5078 769 5146; x_wconf 60' lang='lat' dir='ltr'><strong>quaesiti</strong></span> <span class='ocrx_word' id='word_1_731' title='bbox 805 5079 906 5132; x_wconf 90' lang='lat' dir='ltr'><strong>hac</strong></span> <span class='ocrx_word' id='word_1_732' title='bbox 941 5096 1070 5135; x_wconf 86' lang='lat' dir='ltr'><strong>voce</strong></span> <span class='ocrx_word' id='word_1_733' title='bbox 1102 5082 1457 5141; x_wconf 89' lang='lat' dir='ltr'><strong>describens:</strong></span> <span class='ocrx_word' id='word_1_734' title='bbox 1483 5085 1599 5153; x_wconf 84' lang='lat' dir='ltr'><strong>Nil,</strong></span> <span class='ocrx_word' id='word_1_735' title='bbox 1635 5088 1835 5158; x_wconf 90' lang='lat' dir='ltr'><strong>inquit,</strong></span> <span class='ocrx_word' id='word_1_736' title='bbox 1886 5100 1985 5153; x_wconf 74' lang='grc' dir='ltr'>εει,</span> <span class='ocrx_word' id='word_1_737' title='bbox 2019 5093 2122 5146; x_wconf 85' lang='lat' dir='ltr'><strong>nisi</strong></span> 
     </span>
    </p>
   </div>
   <div class='ocr_carea' id='block_1_99' title="bbox 555 5169 2122 5254">
    <p class='ocr_par' dir='ltr' id='par_1_99' title="bbox 555 5169 2122 5254">
     <span class='ocr_line' id='line_1_99' title="bbox 555 5169 2122 5254; baseline 0.013 -33"><span class='ocrx_word' id='word_1_738' title='bbox 555 5169 899 5226; x_wconf 78' lang='lat' dir='ltr'><strong>desiderium.</strong></span> <span class='ocrx_word' id='word_1_739' title='bbox 927 5173 1098 5239; x_wconf 90' lang='lat' dir='ltr'><strong>Quam</strong></span> <span class='ocrx_word' id='word_1_740' title='bbox 1126 5175 1281 5230; x_wconf 88' lang='lat' dir='ltr'><strong>beata</strong></span> <span class='ocrx_word' id='word_1_741' title='bbox 1312 5187 1441 5232; x_wconf 89' lang='lat' dir='ltr'><strong>sunt</strong></span> <span class='ocrx_word' id='word_1_742' title='bbox 1473 5179 1564 5233; x_wconf 87' lang='lat' dir='ltr'><strong>illa</strong></span> <span class='ocrx_word' id='word_1_743' title='bbox 1597 5181 1856 5244; x_wconf 86' lang='lat' dir='ltr'><strong>membra,</strong></span> <span class='ocrx_word' id='word_1_744' title='bbox 1880 5199 1974 5252; x_wconf 90' lang='lat' dir='ltr'><strong>per</strong></span> <span class='ocrx_word' id='word_1_745' title='bbox 1997 5184 2122 5254; x_wconf 78' lang='lat' dir='ltr'><strong>qua:</strong></span> 
     </span>
    </p>
   </div>
   <div class='ocr_carea' id='block_1_100' title="bbox 555 5263 2121 5341">
    <p class='ocr_par' dir='ltr' id='par_1_100' title="bbox 555 5263 2121 5341">
     <span class='ocr_line' id='line_1_100' title="bbox 555 5263 2121 5341; baseline 0.011 -27"><span class='ocrx_word' id='word_1_746' title='bbox 555 5269 731 5316; x_wconf 90' lang='lat' dir='ltr'><strong>totum</strong></span> <span class='ocrx_word' id='word_1_747' title='bbox 765 5263 840 5317; x_wconf 88' lang='lat' dir='ltr'><strong>nil</strong></span> <span class='ocrx_word' id='word_1_748' title='bbox 878 5265 978 5320; x_wconf 90' lang='lat' dir='ltr'><strong>nisi</strong></span> <span class='ocrx_word' id='word_1_749' title='bbox 1029 5267 1358 5322; x_wconf 86' lang='lat' dir='ltr'><strong>desiderium</strong></span> <span class='ocrx_word' id='word_1_750' title='bbox 1390 5271 1448 5322; x_wconf 87' lang='lat' dir='ltr'><strong>lit</strong></span> <span class='ocrx_word' id='word_1_751' title='bbox 1488 5291 1499 5325; x_wconf 91' lang='lat'><strong>:</strong></span> <span class='ocrx_word' id='word_1_752' title='bbox 1562 5286 1791 5339; x_wconf 62' lang='lat' dir='ltr'><strong>quaeque</strong></span> <span class='ocrx_word' id='word_1_753' title='bbox 1838 5289 1934 5341; x_wconf 93' lang='lat' dir='ltr'><strong>per</strong></span> <span class='ocrx_word' id='word_1_754' title='bbox 1960 5275 2121 5330; x_wconf 80' lang='lat' dir='ltr'><strong>abso-</strong></span> 
     </span>
    </p>
   </div>
   <div class='ocr_carea' id='block_1_101' title="bbox 558 5354 2124 5428">
    <p class='ocr_par' dir='ltr' id='par_1_101' title="bbox 558 5354 2124 5428">
     <span class='ocr_line' id='line_1_101' title="bbox 558 5354 2124 5428; baseline 0.01 -22"><span class='ocrx_word' id='word_1_755' title='bbox 558 5354 725 5408; x_wconf 80' lang='lat' dir='ltr'><strong>lutam</strong></span> <span class='ocrx_word' id='word_1_756' title='bbox 763 5355 816 5410; x_wconf 92' lang='lat' dir='ltr'><strong>in</strong></span> <span class='ocrx_word' id='word_1_757' title='bbox 858 5359 1003 5412; x_wconf 88' lang='lat' dir='ltr'><strong>omni</strong></span> <span class='ocrx_word' id='word_1_758' title='bbox 1041 5359 1180 5413; x_wconf 90' lang='lat' dir='ltr'><strong>bono</strong></span> <span class='ocrx_word' id='word_1_759' title='bbox 1206 5360 1615 5428; x_wconf 79' lang='lat' dir='ltr'><strong>perfectionem,</strong></span> <span class='ocrx_word' id='word_1_760' title='bbox 1643 5363 1879 5418; x_wconf 83' lang='lat' dir='ltr'><strong>eiliciunt</strong></span> <span class='ocrx_word' id='word_1_761' title='bbox 1917 5368 2124 5422; x_wconf 84' lang='lat' dir='ltr'><strong>amabi-</strong></span> 
     </span>
    </p>
   </div>
   <div class='ocr_carea' id='block_1_102' title="bbox 559 5439 2169 5519">
    <p class='ocr_par' dir='ltr' id='par_1_102' title="bbox 559 5439 2169 5519">
     <span class='ocr_line' id='line_1_102' title="bbox 559 5439 2169 5519; baseline 0.008 -23"><span class='ocrx_word' id='word_1_762' title='bbox 559 5445 660 5498; x_wconf 80' lang='lat' dir='ltr'><strong>lem</strong></span> <span class='ocrx_word' id='word_1_763' title='bbox 689 5439 980 5515; x_wconf 88' lang='lat' dir='ltr'><strong>quamdam</strong></span> <span class='ocrx_word' id='word_1_764' title='bbox 1008 5465 1071 5502; x_wconf 82' lang='lat' dir='ltr'><strong>ex</strong></span> <span class='ocrx_word' id='word_1_765' title='bbox 1105 5450 1359 5504; x_wconf 81' lang='lat' dir='ltr'><strong>erunibus</strong></span> <span class='ocrx_word' id='word_1_766' title='bbox 1384 5459 1733 5519; x_wconf 85' lang='lat' dir='ltr'><strong>temperatam</strong></span> <span class='ocrx_word' id='word_1_767' title='bbox 1765 5465 2125 5518; x_wconf 81' lang='lat' dir='ltr'><strong>venustatem.</strong></span> <span class='ocrx_word' id='word_1_768' title='bbox 2160 5490 2169 5499; x_wconf 80' lang='lat'><strong>-</strong></span> 
     </span>
    </p>
   </div>
   <div class='ocr_carea' id='block_1_103' title="bbox 560 5533 2123 5610">
    <p class='ocr_par' dir='ltr' id='par_1_103' title="bbox 560 5533 2123 5610">
     <span class='ocr_line' id='line_1_103' title="bbox 560 5533 2123 5610; baseline 0.011 -26"><span class='ocrx_word' id='word_1_769' title='bbox 560 5533 633 5586; x_wconf 82' lang='lat' dir='ltr'><strong>ita</strong></span> <span class='ocrx_word' id='word_1_770' title='bbox 675 5543 734 5589; x_wconf 94' lang='lat' dir='ltr'><strong>ut</strong></span> <span class='ocrx_word' id='word_1_771' title='bbox 764 5538 1078 5593; x_wconf 89' lang='lat' dir='ltr'><strong>universum</strong></span> <span class='ocrx_word' id='word_1_772' title='bbox 1138 5554 1246 5593; x_wconf 91' lang='lat' dir='ltr'><strong>non</strong></span> <span class='ocrx_word' id='word_1_773' title='bbox 1291 5538 1451 5592; x_wconf 90' lang='lat' dir='ltr'><strong>modo</strong></span> <span class='ocrx_word' id='word_1_774' title='bbox 1489 5536 1858 5609; x_wconf 57' lang='lat' dir='ltr'><strong>quod&#39;oculos</strong></span> <span class='ocrx_word' id='word_1_775' title='bbox 1910 5546 2123 5610; x_wconf 88' lang='lat' dir='ltr'><strong>attinet,</strong></span> 
     </span>
    </p>
   </div>
   <div class='ocr_carea' id='block_1_104' title="bbox 558 5627 2126 5708">
    <p class='ocr_par' dir='ltr' id='par_1_104' title="bbox 558 5627 2126 5708">
     <span class='ocr_line' id='line_1_104' title="bbox 558 5627 2126 5708; baseline 0.009 -30"><span class='ocrx_word' id='word_1_776' title='bbox 558 5627 700 5693; x_wconf 82' lang='lat' dir='ltr'><strong>quod</strong></span> <span class='ocrx_word' id='word_1_777' title='bbox 737 5644 951 5695; x_wconf 91' lang='lat' dir='ltr'><strong>manus,</strong></span> <span class='ocrx_word' id='word_1_778' title='bbox 983 5630 1127 5700; x_wconf 92' lang='lat' dir='ltr'><strong>quod</strong></span> <span class='ocrx_word' id='word_1_779' title='bbox 1199 5629 1510 5695; x_wconf 89' lang='lat' dir='ltr'><strong>cincinnos,</strong></span> <span class='ocrx_word' id='word_1_780' title='bbox 1569 5632 1660 5684; x_wconf 82' lang='lat' dir='ltr'><strong>sed</strong></span> <span class='ocrx_word' id='word_1_781' title='bbox 1689 5634 1850 5688; x_wconf 86' lang='lat' dir='ltr'><strong>etiam</strong></span> <span class='ocrx_word' id='word_1_782' title='bbox 1910 5647 2126 5708; x_wconf 85' lang='lat' dir='ltr'><strong>propter</strong></span> 
     </span>
    </p>
   </div>
   <div class='ocr_carea' id='block_1_105' title="bbox 564 5719 2119 5792">
    <p class='ocr_par' dir='ltr' id='par_1_105' title="bbox 564 5719 2119 5792">
     <span class='ocr_line' id='line_1_105' title="bbox 564 5719 2119 5792; baseline 0.008 -22"><span class='ocrx_word' id='word_1_783' title='bbox 564 5721 751 5785; x_wconf 62' lang='lat' dir='ltr'><strong>pales,</strong></span> <span class='ocrx_word' id='word_1_784' title='bbox 781 5733 965 5783; x_wconf 89' lang='lat' dir='ltr'><strong>crura,</strong></span> <span class='ocrx_word' id='word_1_785' title='bbox 1011 5727 1200 5790; x_wconf 89' lang='lat' dir='ltr'><strong>guttur</strong></span> <span class='ocrx_word' id='word_1_786' title='bbox 1231 5719 1467 5790; x_wconf 87' lang='lat' dir='ltr'><strong>denique</strong></span> <span class='ocrx_word' id='word_1_787' title='bbox 1498 5720 1570 5777; x_wconf 90' lang='lat' dir='ltr'><strong>sit</strong></span> <span class='ocrx_word' id='word_1_788' title='bbox 1607 5722 1988 5792; x_wconf 85' lang='lat' dir='ltr'><strong>desiderabile,</strong></span> <span class='ocrx_word' id='word_1_789' title='bbox 2028 5747 2119 5783; x_wconf 87' lang='lat' dir='ltr'><strong>uc-</strong></span> 
     </span>
    </p>
   </div>
   <div class='ocr_carea' id='block_1_106' title="bbox 2220 4698 3809 4790">
    <p class='ocr_par' dir='ltr' id='par_1_106' title="bbox 2220 4698 3809 4790">
     <span class='ocr_line' id='line_1_106' title="bbox 2220 4698 3809 4790; baseline -0.014 -20"><span class='ocrx_word' id='word_1_790' title='bbox 2220 4716 2326 4770; x_wconf 85' lang='grc' dir='ltr'><strong>τῶν</strong></span> <span class='ocrx_word' id='word_1_791' title='bbox 2364 4713 2808 4784; x_wconf 81' lang='grc' dir='ltr'>ἐπιθυμουμένων</span> <span class='ocrx_word' id='word_1_792' title='bbox 2850 4708 3134 4790; x_wconf 73' lang='grc' dir='ltr'>μετουσίας</span> <span class='ocrx_word' id='word_1_793' title='bbox 3169 4705 3258 4758; x_wconf 82' lang='grc' dir='ltr'><strong>τὸν</strong></span> <span class='ocrx_word' id='word_1_794' title='bbox 3291 4703 3470 4757; x_wconf 83' lang='grc' dir='ltr'>πόθον.</span> <span class='ocrx_word' id='word_1_795' title='bbox 3506 4700 3608 4753; x_wconf 77' lang='grc' dir='ltr'>Διὰ</span> <span class='ocrx_word' id='word_1_796' title='bbox 3645 4698 3809 4751; x_wconf 71' lang='grc' dir='ltr'>τοῦτο</span> 
     </span>
    </p>
   </div>
   <div class='ocr_carea' id='block_1_107' title="bbox 2221 4789 3810 4873">
    <p class='ocr_par' dir='ltr' id='par_1_107' title="bbox 2221 4789 3810 4873">
     <span class='ocr_line' id='line_1_107' title="bbox 2221 4789 3810 4873; baseline -0.014 -11"><span class='ocrx_word' id='word_1_797' title='bbox 2221 4809 2315 4862; x_wconf 75' lang='grc' dir='ltr'><strong>καὶ</strong></span> <span class='ocrx_word' id='word_1_798' title='bbox 2349 4808 2467 4860; x_wconf 84' lang='grc' dir='ltr'>ὅλον</span> <span class='ocrx_word' id='word_1_799' title='bbox 2492 4805 2652 4858; x_wconf 80' lang='grc' dir='ltr'>αὐτὸν</span> <span class='ocrx_word' id='word_1_800' title='bbox 2683 4789 2975 4873; x_wconf 78' lang='grc' dir='ltr'>ἐπιθυμίαν</span> <span class='ocrx_word' id='word_1_801' title='bbox 3007 4795 3385 4868; x_wconf 75' lang='grc' dir='ltr'>κατονομάζει,</span> <span class='ocrx_word' id='word_1_802' title='bbox 3413 4789 3522 4846; x_wconf 70' lang='grc' dir='ltr'>οἷόν</span> <span class='ocrx_word' id='word_1_803' title='bbox 3551 4809 3661 4844; x_wconf 84' lang='grc' dir='ltr'>τινι</span> <span class='ocrx_word' id='word_1_804' title='bbox 3694 4792 3810 4861; x_wconf 78' lang='grc' dir='ltr'>ὁρι-</span> 
     </span>
    </p>
   </div>
   <div class='ocr_carea' id='block_1_108' title="bbox 2224 4881 3810 4972">
    <p class='ocr_par' dir='ltr' id='par_1_108' title="bbox 2224 4881 3810 4972">
     <span class='ocr_line' id='line_1_108' title="bbox 2224 4881 3810 4972; baseline -0.008 -19"><span class='ocrx_word' id='word_1_805' title='bbox 2224 4900 2345 4972; x_wconf 84' lang='grc' dir='ltr'>σμῴ</span> <span class='ocrx_word' id='word_1_806' title='bbox 2372 4901 2430 4952; x_wconf 87' lang='grc' dir='ltr'><strong>τὸ</strong></span> <span class='ocrx_word' id='word_1_807' title='bbox 2454 4897 2545 4951; x_wconf 83' lang='grc' dir='ltr'>τοῦ</span> <span class='ocrx_word' id='word_1_808' title='bbox 2573 4894 2901 4967; x_wconf 81' lang='grc' dir='ltr'>ζητουμένου</span> <span class='ocrx_word' id='word_1_809' title='bbox 2929 4892 3122 4954; x_wconf 87' lang='grc' dir='ltr'>κάλλος</span> <span class='ocrx_word' id='word_1_810' title='bbox 3154 4890 3240 4943; x_wconf 81' lang='grc' dir='ltr'><strong>διὰ</strong></span> <span class='ocrx_word' id='word_1_811' title='bbox 3262 4887 3461 4956; x_wconf 81' lang='grc' dir='ltr'>ταύτης</span> <span class='ocrx_word' id='word_1_812' title='bbox 3493 4885 3592 4954; x_wconf 79' lang='grc' dir='ltr'><strong>τῆς</strong></span> <span class='ocrx_word' id='word_1_813' title='bbox 3616 4881 3810 4950; x_wconf 73' lang='grc' dir='ltr'>φωνῆς</span> 
     </span>
    </p>
   </div>
   <div class='ocr_carea' id='block_1_109' title="bbox 2224 4975 3813 5061">
    <p class='ocr_par' dir='ltr' id='par_1_109' title="bbox 2224 4975 3813 5061">
     <span class='ocr_line' id='line_1_109' title="bbox 2224 4975 3813 5061; baseline -0.015 -14"><span class='ocrx_word' id='word_1_814' title='bbox 2224 4991 2612 5061; x_wconf 83' lang='grc' dir='ltr'>ύπογράφουσα</span> <span class='ocrx_word' id='word_1_815' title='bbox 2632 5004 2644 5018; x_wconf 74' lang='grc'><strong>⁸</strong></span> <span class='ocrx_word' id='word_1_816' title='bbox 2675 4989 2845 5052; x_wconf 76' lang='grc' dir='ltr'>’Όλος</span> <span class='ocrx_word' id='word_1_817' title='bbox 2873 4984 3000 5055; x_wconf 80' lang='grc' dir='ltr'>γάρ,</span> <span class='ocrx_word' id='word_1_818' title='bbox 3023 4983 3204 5054; x_wconf 66' lang='grc' dir='ltr'>φησὶν,</span> <span class='ocrx_word' id='word_1_819' title='bbox 3236 4977 3534 5046; x_wconf 81' lang='grc' dir='ltr'>ἐπιθυμία.</span> <span class='ocrx_word' id='word_1_820' title='bbox 3581 4975 3674 5036; x_wconf 78' lang='grc' dir='ltr'>Ὠς</span> <span class='ocrx_word' id='word_1_821' title='bbox 3712 4991 3813 5043; x_wconf 78' lang='grc' dir='ltr'>μαο</span> 
     </span>
    </p>
   </div>
   <div class='ocr_carea' id='block_1_110' title="bbox 2227 5067 3813 5157">
    <p class='ocr_par' dir='ltr' id='par_1_110' title="bbox 2227 5067 3813 5157">
     <span class='ocr_line' id='line_1_110' title="bbox 2227 5067 3813 5157; baseline -0.015 -17"><span class='ocrx_word' id='word_1_822' title='bbox 2227 5087 2392 5157; x_wconf 90' lang='grc' dir='ltr'>κάρια</span> <span class='ocrx_word' id='word_1_823' title='bbox 2423 5083 2489 5136; x_wconf 77' lang='grc' dir='ltr'>τὰ</span> <span class='ocrx_word' id='word_1_824' title='bbox 2523 5082 2654 5154; x_wconf 82' lang='grc' dir='ltr'>μέλη</span> <span class='ocrx_word' id='word_1_825' title='bbox 2703 5083 2904 5140; x_wconf 82' lang='grc' dir='ltr'>ἐκεῖνα,</span> <span class='ocrx_word' id='word_1_826' title='bbox 2935 5079 3001 5132; x_wconf 78' lang='grc' dir='ltr'>δι’</span> <span class='ocrx_word' id='word_1_827' title='bbox 3041 5071 3114 5131; x_wconf 79' lang='grc' dir='ltr'>ὧν</span> <span class='ocrx_word' id='word_1_828' title='bbox 3147 5077 3205 5129; x_wconf 84' lang='grc' dir='ltr'><strong>τὸ</strong></span> <span class='ocrx_word' id='word_1_829' title='bbox 3246 5075 3364 5128; x_wconf 80' lang='grc' dir='ltr'>ὅλον</span> <span class='ocrx_word' id='word_1_830' title='bbox 3401 5069 3668 5138; x_wconf 84' lang='grc' dir='ltr'>ἐπιθυμία</span> <span class='ocrx_word' id='word_1_831' title='bbox 3733 5067 3813 5134; x_wconf 82' lang='grc' dir='ltr'>γί-</span> 
     </span>
    </p>
   </div>
   <div class='ocr_carea' id='block_1_111' title="bbox 2227 5161 3814 5244">
    <p class='ocr_par' dir='ltr' id='par_1_111' title="bbox 2227 5161 3814 5244">
     <span class='ocr_line' id='line_1_111' title="bbox 2227 5161 3814 5244; baseline -0.014 -13"><span class='ocrx_word' id='word_1_832' title='bbox 2227 5193 2394 5233; x_wconf 86' lang='grc' dir='ltr'>νεται·</span> <span class='ocrx_word' id='word_1_833' title='bbox 2424 5175 2511 5228; x_wconf 84' lang='grc' dir='ltr'><strong>διὰ</strong></span> <span class='ocrx_word' id='word_1_834' title='bbox 2532 5174 2629 5244; x_wconf 81' lang='grc' dir='ltr'>τῆς</span> <span class='ocrx_word' id='word_1_835' title='bbox 2651 5175 2708 5226; x_wconf 81' lang='grc' dir='ltr'><strong>ἐν</strong></span> <span class='ocrx_word' id='word_1_836' title='bbox 2732 5171 2891 5225; x_wconf 79' lang='grc' dir='ltr'>παντὶ</span> <span class='ocrx_word' id='word_1_837' title='bbox 2911 5169 3096 5240; x_wconf 83' lang='grc' dir='ltr'>ἀγαθῷ</span> <span class='ocrx_word' id='word_1_838' title='bbox 3120 5167 3466 5236; x_wconf 87' lang='grc' dir='ltr'>τελειότητος,</span> <span class='ocrx_word' id='word_1_839' title='bbox 3495 5161 3814 5229; x_wconf 82' lang='grc' dir='ltr'>σύγκρατον</span> 
     </span>
    </p>
   </div>
   <div class='ocr_carea' id='block_1_112' title="bbox 2228 5251 3816 5337">
    <p class='ocr_par' dir='ltr' id='par_1_112' title="bbox 2228 5251 3816 5337">
     <span class='ocr_line' id='line_1_112' title="bbox 2228 5251 3816 5337; baseline -0.014 -13"><span class='ocrx_word' id='word_1_840' title='bbox 2228 5273 2293 5324; x_wconf 85' lang='grc' dir='ltr'><strong>ἐκ</strong></span> <span class='ocrx_word' id='word_1_841' title='bbox 2336 5269 2550 5332; x_wconf 80' lang='grc' dir='ltr'>πάντων</span> <span class='ocrx_word' id='word_1_842' title='bbox 2575 5265 2635 5318; x_wconf 78' lang='grc' dir='ltr'><strong>τὸ</strong></span> <span class='ocrx_word' id='word_1_843' title='bbox 2660 5265 2920 5337; x_wconf 87' lang='grc' dir='ltr'>ἐράσμιον</span> <span class='ocrx_word' id='word_1_844' title='bbox 2949 5260 3367 5333; x_wconf 74' lang='grc' dir='ltr'>ἀπεργαζόμενα</span> <span class='ocrx_word' id='word_1_845' title='bbox 3405 5253 3602 5316; x_wconf 85' lang='grc' dir='ltr'>κάλλος</span> <span class='ocrx_word' id='word_1_846' title='bbox 3623 5268 3636 5281; x_wconf 69' lang='grc'><strong><em>⁵</em></strong></span> <span class='ocrx_word' id='word_1_847' title='bbox 3666 5251 3816 5303; x_wconf 83' lang='grc' dir='ltr'>ὥστε</span> 
     </span>
    </p>
   </div>
   <div class='ocr_carea' id='block_1_113' title="bbox 2229 5344 3814 5430">
    <p class='ocr_par' dir='ltr' id='par_1_113' title="bbox 2229 5344 3814 5430">
     <span class='ocr_line' id='line_1_113' title="bbox 2229 5344 3814 5430; baseline -0.013 -17"><span class='ocrx_word' id='word_1_848' title='bbox 2229 5362 2346 5414; x_wconf 80' lang='grc' dir='ltr'>ὅλον</span> <span class='ocrx_word' id='word_1_849' title='bbox 2391 5360 2462 5430; x_wconf 84' lang='grc' dir='ltr'>μὴ</span> <span class='ocrx_word' id='word_1_850' title='bbox 2497 5361 2552 5411; x_wconf 85' lang='grc' dir='ltr'><strong>ἐν</strong></span> <span class='ocrx_word' id='word_1_851' title='bbox 2586 5355 2848 5426; x_wconf 81' lang='grc' dir='ltr'>ὀφθαλμῷ</span> <span class='ocrx_word' id='word_1_852' title='bbox 2882 5355 3039 5424; x_wconf 90' lang='grc' dir='ltr'>μόνον</span> <span class='ocrx_word' id='word_1_853' title='bbox 3073 5353 3166 5405; x_wconf 75' lang='grc' dir='ltr'><strong>καὶ</strong></span> <span class='ocrx_word' id='word_1_854' title='bbox 3193 5349 3374 5423; x_wconf 75' lang='grc' dir='ltr'>χερσὶν</span> <span class='ocrx_word' id='word_1_855' title='bbox 3400 5347 3433 5417; x_wconf 82' lang='grc' dir='ltr'>ἦ</span> <span class='ocrx_word' id='word_1_856' title='bbox 3459 5344 3814 5415; x_wconf 82' lang='grc' dir='ltr'>βοστρύχοις,</span> 
     </span>
    </p>
   </div>
   <div class='ocr_carea' id='block_1_114' title="bbox 2231 5439 3813 5517">
    <p class='ocr_par' dir='ltr' id='par_1_114' title="bbox 2231 5439 3813 5517">
     <span class='ocr_line' id='line_1_114' title="bbox 2231 5439 3813 5517; baseline -0.013 -11"><span class='ocrx_word' id='word_1_857' title='bbox 2231 5453 2367 5507; x_wconf 78' lang='grc' dir='ltr'>ἀλλὰ</span> <span class='ocrx_word' id='word_1_858' title='bbox 2398 5452 2490 5504; x_wconf 77' lang='grc' dir='ltr'><strong>καὶ</strong></span> <span class='ocrx_word' id='word_1_859' title='bbox 2519 5451 2575 5502; x_wconf 82' lang='grc' dir='ltr'><strong>ἐν</strong></span> <span class='ocrx_word' id='word_1_860' title='bbox 2605 5450 2730 5502; x_wconf 74' lang='grc' dir='ltr'>ποσὶ</span> <span class='ocrx_word' id='word_1_861' title='bbox 2751 5449 2845 5502; x_wconf 75' lang='grc' dir='ltr'><strong>καὶ</strong></span> <span class='ocrx_word' id='word_1_862' title='bbox 2878 5449 2934 5501; x_wconf 77' lang='grc' dir='ltr'><strong>ἐν</strong></span> <span class='ocrx_word' id='word_1_863' title='bbox 2966 5446 3139 5517; x_wconf 72' lang='grc' dir='ltr'>χερσὶ,</span> <span class='ocrx_word' id='word_1_864' title='bbox 3177 5445 3270 5497; x_wconf 77' lang='grc' dir='ltr'>καὶ</span> <span class='ocrx_word' id='word_1_865' title='bbox 3305 5446 3362 5496; x_wconf 86' lang='grc' dir='ltr'>ὲν</span> <span class='ocrx_word' id='word_1_866' title='bbox 3390 5442 3504 5502; x_wconf 84' lang='grc' dir='ltr'>ταῖς</span> <span class='ocrx_word' id='word_1_867' title='bbox 3526 5439 3777 5507; x_wconf 82' lang='grc' dir='ltr'>κνήμαις</span> <span class='ocrx_word' id='word_1_868' title='bbox 3798 5473 3813 5494; x_wconf 88' lang='grc'><strong>.</strong></span> 
     </span>
    </p>
   </div>
   <div class='ocr_carea' id='block_1_115' title="bbox 2233 5522 3810 5610">
    <p class='ocr_par' dir='ltr' id='par_1_115' title="bbox 2233 5522 3810 5610">
     <span class='ocr_line' id='line_1_115' title="bbox 2233 5522 3810 5610; baseline -0.014 -12"><span class='ocrx_word' id='word_1_869' title='bbox 2233 5545 2324 5599; x_wconf 79' lang='grc' dir='ltr'><strong>καὶ</strong></span> <span class='ocrx_word' id='word_1_870' title='bbox 2363 5541 2503 5597; x_wconf 78' lang='grc' dir='ltr'>κατὰ</span> <span class='ocrx_word' id='word_1_871' title='bbox 2541 5541 2794 5610; x_wconf 81' lang='grc' dir='ltr'>φάρυγγα</span> <span class='ocrx_word' id='word_1_872' title='bbox 2832 5538 3222 5610; x_wconf 84' lang='grc' dir='ltr'>παραπλησίως</span> <span class='ocrx_word' id='word_1_873' title='bbox 3255 5529 3588 5602; x_wconf 77' lang='grc' dir='ltr'>ἐπιθυμητδς</span> <span class='ocrx_word' id='word_1_874' title='bbox 3626 5522 3810 5587; x_wconf 73' lang='grc' dir='ltr'>εἶναι,</span> 
     </span>
    </p>
   </div>
   <div class='ocr_carea' id='block_1_116' title="bbox 2237 5619 3813 5709">
    <p class='ocr_par' dir='ltr' id='par_1_116' title="bbox 2237 5619 3813 5709">
     <span class='ocr_line' id='line_1_116' title="bbox 2237 5619 3813 5709; baseline -0.012 -19"><span class='ocrx_word' id='word_1_875' title='bbox 2237 5635 2461 5709; x_wconf 80' lang='grc' dir='ltr'>μηδενὸς</span> <span class='ocrx_word' id='word_1_876' title='bbox 2486 5635 2543 5686; x_wconf 87' lang='grc' dir='ltr'><strong>ἐν</strong></span> <span class='ocrx_word' id='word_1_877' title='bbox 2565 5636 2676 5696; x_wconf 86' lang='grc' dir='ltr'>τοῖς</span> <span class='ocrx_word' id='word_1_878' title='bbox 2702 5631 2886 5703; x_wconf 80' lang='grc' dir='ltr'>μέλεσι</span> <span class='ocrx_word' id='word_1_879' title='bbox 2917 5632 3056 5686; x_wconf 85' lang='grc' dir='ltr'><strong>κατά</strong></span> <span class='ocrx_word' id='word_1_880' title='bbox 3084 5631 3182 5698; x_wconf 83' lang='grc' dir='ltr'>τὴν</span> <span class='ocrx_word' id='word_1_881' title='bbox 3214 5626 3515 5700; x_wconf 83' lang='grc' dir='ltr'>ὑπερϐολὴν</span> <span class='ocrx_word' id='word_1_882' title='bbox 3547 5621 3641 5676; x_wconf 81' lang='grc' dir='ltr'>τοῦ</span> <span class='ocrx_word' id='word_1_883' title='bbox 3677 5619 3813 5674; x_wconf 82' lang='grc' dir='ltr'>κάλ-</span> 
     </span>
    </p>
   </div>
   <div class='ocr_carea' id='block_1_117' title="bbox 2228 5727 2786 5798">
    <p class='ocr_par' dir='ltr' id='par_1_117' title="bbox 2228 5727 2786 5798">
     <span class='ocr_line' id='line_1_117' title="bbox 2228 5727 2786 5798; baseline -0.014 -12"><span class='ocrx_word' id='word_1_884' title='bbox 2228 5734 2352 5794; x_wconf 80' lang='grc' dir='ltr'>λους</span> <span class='ocrx_word' id='word_1_885' title='bbox 2378 5727 2786 5798; x_wconf 82' lang='grc' dir='ltr'>ἐλαττουμένου.</span> 
     </span>
    </p>
   </div>
   <div class='ocr_carea' id='block_1_118' title="bbox 567 5810 3658 5885">
    <p class='ocr_par' dir='ltr' id='par_1_118' title="bbox 567 5810 3658 5885">
     <span class='ocr_line' id='line_1_118' title="bbox 567 5810 3658 5885; baseline 0.001 -27"><span class='ocrx_word' id='word_1_886' title='bbox 567 5825 672 5878; x_wconf 82' lang='lat' dir='ltr'><strong>que</strong></span> <span class='ocrx_word' id='word_1_887' title='bbox 703 5810 1000 5864; x_wconf 80' lang='lat' dir='ltr'><strong>ineinbrum</strong></span> <span class='ocrx_word' id='word_1_888' title='bbox 1066 5813 1233 5867; x_wconf 90' lang='lat' dir='ltr'><strong>ullum</strong></span> <span class='ocrx_word' id='word_1_889' title='bbox 1295 5814 1480 5869; x_wconf 87' lang='lat' dir='ltr'><strong>inhoc</strong></span> <span class='ocrx_word' id='word_1_890' title='bbox 1535 5815 1952 5885; x_wconf 82' lang='lat' dir='ltr'><strong>pulchritmlinis</strong></span> <span class='ocrx_word' id='word_1_891' title='bbox 2025 5828 2339 5884; x_wconf 59' lang='lat' dir='ltr'><strong>excellentia</strong></span> <span class='ocrx_word' id='word_1_892' title='bbox 2376 5823 2644 5881; x_wconf 88' lang='lat' dir='ltr'><strong>deteriore</strong></span> <span class='ocrx_word' id='word_1_893' title='bbox 2676 5821 2746 5876; x_wconf 89' lang='lat' dir='ltr'><strong>sit</strong></span> <span class='ocrx_word' id='word_1_894' title='bbox 2813 5817 3142 5882; x_wconf 87' lang='lat' dir='ltr'><strong>conditione,</strong></span> <span class='ocrx_word' id='word_1_895' title='bbox 3214 5827 3372 5884; x_wconf 88' lang='lat' dir='ltr'><strong>quam</strong></span> <span class='ocrx_word' id='word_1_896' title='bbox 3441 5817 3658 5867; x_wconf 60' lang='lat' dir='ltr'><strong>caetera.</strong></span> 
     </span>
    </p>
   </div>
   <div class='ocr_carea' id='block_1_119' title="bbox 637 5921 1421 5992">
    <p class='ocr_par' dir='ltr' id='par_1_119' title="bbox 637 5921 1421 5992">
     <span class='ocr_line' id='line_1_119' title="bbox 637 5921 1421 5992; baseline 0.009 -17"><span class='ocrx_word' id='word_1_897' title='bbox 637 5923 682 5954; x_wconf 83' lang='lat'><strong>&quot;</strong></span> <span class='ocrx_word' id='word_1_898' title='bbox 711 5921 868 5977; x_wconf 77' lang='lat' dir='ltr'><strong>Joan.</strong></span> <span class='ocrx_word' id='word_1_899' title='bbox 917 5942 952 5992; x_wconf 86' lang='lat' dir='ltr'><strong>l,</strong></span> <span class='ocrx_word' id='word_1_900' title='bbox 984 5927 1072 5983; x_wconf 72' lang='lat'><strong>25.</strong></span> <span class='ocrx_word' id='word_1_901' title='bbox 1153 5928 1196 5960; x_wconf 76' lang='grc'><strong>⁸⁹</strong></span> <span class='ocrx_word' id='word_1_902' title='bbox 1224 5927 1264 5981; x_wconf 85' lang='lat' dir='ltr'><strong>ll</strong></span> <span class='ocrx_word' id='word_1_903' title='bbox 1297 5929 1421 5983; x_wconf 82' lang='lat' dir='ltr'><strong>Cur.</strong></span> 
     </span>
    </p>
   </div>
   <div class='ocr_carea' id='block_1_120' title="bbox 1479 5933 1694 5996">
    <p class='ocr_par' dir='ltr' id='par_1_120' title="bbox 1479 5933 1694 5996">
     <span class='ocr_line' id='line_1_120' title="bbox 1479 5933 1694 5996; baseline 0 -13"><span class='ocrx_word' id='word_1_904' title='bbox 1479 5945 1596 5996; x_wconf 67' lang='lat' dir='ltr'><strong>xm,</strong></span> <span class='ocrx_word' id='word_1_905' title='bbox 1643 5933 1694 5985; x_wconf 78' lang='lat'><strong>5.</strong></span> 
     </span>
    </p>
   </div>
  </div>
