4004 6496
180 452 321 509 I085

1199 459 1265 516 IN
1302 462 1594 519 CANTICA
1640 465 1912 522 CANTIC.
1952 464 2236 522 HOMILIA
2274 469 2412 525 XIV.

3296 471 3434 527 ωεὸ

242 564 451 634 Οὗτος,
478 570 660 639 φησὶν,
684 574 717 626 ὀ
735 573 1055 642 ἀδελφιδός
1071 592 1210 644 μου,
1230 577 1331 631 καί
1350 574 1548 646 οὗτος,
1565 598 1636 651 φη
1646 581 1753 647 σιν,

1928 582 2027 637 Hic
2041 595 2140 647 est,
2155 583 2600 654 inquit,cognatus
2614 600 2779 649 niens,
2793 593 2841 641 et
2871 584 2955 639 hic
2973 586 3245 654 proximus
3264 601 3431 648 meus,

175 661 212 711 ὀ
232 658 504 725 πλησίον
518 676 660 727 μου,
686 662 992 731 θυγατέρες
1025 665 1424 737 Ἰερουσαλήμ.
1444 670 1625 723 Πάντα
1647 671 1754 741 γὰρ

176 751 370 813 αὐταῖς
397 752 491 805 ὑπ’
518 751 637 821 ὄψιν
667 755 944 824 ἀγαγοῦσα
976 758 1063 811 διὰ
1089 760 1187 831 τῆς
1205 760 1299 814 τοῦ
1324 762 1484 831 λόγου
1517 765 1756 835 ὑπογρα-

178 844 287 913 φῆς
315 843 384 896 τὰ
412 845 764 915 γνωρίσματα
785 888 799 909 ,
829 848 897 901 δι’
923 842 995 902 ὧν
1023 846 1089 921 ἦν
1113 851 1337 907 δυνατὸν
1374 856 1625 923 γενέσθαι
1657 856 1755 928 τὴν

176 934 273 987 τοῦ
297 933 628 1005 ζητουμένου
652 938 975 1009 φανέρωσιν,
994 941 1113 994 τότε
1134 942 1211 1013 τῷ
1228 944 1478 1017 δεικτικῷ
1495 947 1759 1019 κέχρηται

177 1020 345 1093 λόγῳ,
365 1019 535 1088 Οὗτός
561 1027 696 1089 ἐστι,
724 1026 976 1096 λέγουσα,
1011 1033 1039 1083 ὁ
1070 1030 1417 1102 ζητούμενος,
1451 1036 1509 1100 ὃς
1543 1037 1631 1090 διὰ
1663 1038 1757 1091 τοῦ

177 1114 410 1182 ἀδελφὸς
449 1117 700 1183 γενέσθαι
728 1119 787 1184 ἐξ
827 1121 993 1174 Ἰούδα
1034 1125 1162 1194 ἡμῖν
1188 1126 1493 1191 ἀνατείλας,
1534 1129 1758 1198 πλησίον

177 1205 398 1273 ἐγένετο
441 1206 534 1260 τοῦ
586 1208 1007 1278 ἐμπεπτωκότος
1053 1216 1132 1277 εἰς
1177 1218 1302 1280 τοὺς
1335 1216 1564 1288 λῃστάς,
1598 1220 1759 1290 ἐλαίῳ

179 1296 278 1349 καὶ
315 1298 441 1367 οίνῳ
467 1299 562 1351 καὶ
590 1300 903 1372 ἐπιδέσμοις
930 1304 1028 1368 τάς
1071 1306 1284 1378 πληγὰς
1325 1310 1633 1381 ἰασάμενος,
1665 1313 1759 1365 καὶ

177 1388 276 1440 ἐπὶ
308 1388 404 1441 τοῦ
448 1389 578 1443 ἰδίου
632 1392 768 1462 ἄρας
820 1394 1149 1464 ὑποζυγίου,
1192 1399 1284 1452 καί
1332 1398 1410 1470 τῷ
1464 1403 1759 1473 πανδοχείῳ

182 1479 601 1545 ἐναναπαύσας,
638 1483 731 1538 καὶ
767 1483 835 1537 τὰ
882 1484 974 1537 δύο
1019 1486 1245 1558 δηνάρια
1296 1490 1430 1559 πρὸς
1478 1492 1576 1563 τὴν
1618 1493 1761 1564 ζωὴν

179 1571 621 1640 παρασχόμενος,
652 1573 745 1626 καὶ
776 1576 833 1625 ἐν
863 1578 929 1645 τῇ
960 1577 1202 1649 ἐπανόδῳ
1240 1580 1402 1636 αὑτοῦ
1445 1581 1505 1636 τὸ
1535 1600 1761 1653 προστε-

180 1656 276 1710 θέν
310 1660 391 1722 είς
421 1659 479 1711 τὸ
511 1660 609 1730 τῆς
642 1661 861 1732 ἐντολῆς
901 1663 1061 1734 ἔργον
1103 1667 1403 1722 ἀποδώσειν
1436 1672 1763 1741 ἐπαγγειλά-

182 1766 363 1818 μενος.
399 1750 622 1815 Πάντως
654 1752 708 1805 δὲ
754 1755 984 1825 φανερόν
1017 1758 1131 1810 ἐστι
1167 1760 1369 1814 τούτων
1409 1762 1637 1818 ἕκαστον
1681 1767 1762 1829 εἰς

178 1840 212 1893 δ
234 1858 289 1893 τι
312 1840 518 1910 βλέπει.
541 1842 631 1913 Τῷ
656 1844 763 1915 γὰρ
786 1846 1161 1918 ὲκπειράζοντι
1191 1851 1281 1905 τὸν
1310 1854 1510 1926 Κύριον
1533 1856 1761 1928 ωμικῷ,

180 1933 499 2006 βουλομένῳ
542 1936 682 2007 ὑπὲρ
726 1939 851 2002 τοὺς
888 1939 1079 2005 ἄλλους
1116 1944 1305 1997 ἐαυτὸν
1343 1946 1529 2011 δείξαι,
1572 1950 1663 2001 καὶ
1702 1951 1761 2002 ἐν
1797 1955 1838 2009 Β

178 2024 531 2098 ὑπερηφανίᾳ
553 2027 613 2081 τὸ
631 2028 763 2099 πρὸς
782 2030 904 2093 τοὺς
918 2031 1135 2097 λοιποὺς
1153 2034 1411 2107 ὁμότιμον
1428 2040 1760 2105 διαπτύοντι,

176 2118 243 2169 ἐν
279 2118 359 2188 τῷ
391 2118 597 2186 λέγειν’
646 2121 754 2174 Kal
794 2121 887 2188 τις
921 2123 1056 2178 ἐστι
1073 2143 1193 2194 μου
1210 2130 1507 2195 πλησίον;
1534 2132 1667 2185 Τότε
1706 2133 1764 2185 ἐν

177 2208 524 2281 διηγήματος
552 2211 679 2265 εἴδει
712 2215 892 2268 πᾶσαν
920 2214 1015 2286 τὴν
1045 2218 1423 2289 φιλάνθρωπον
1454 2224 1761 2295 οἰκονομίαν

176 2304 211 2354 ὁ
238 2301 411 2369 Λόγος
434 2302 723 2368 ἐκτίθεται,
746 2305 845 2376 τὴν
872 2306 1076 2359 ἀνωθεν
1105 2308 1326 2363 κάθοδον
1355 2311 1448 2364 τοῦ
1473 2312 1762 2383 ἀνθρώπου

178 2393 606 2464 διηγησάμενος,
626 2397 719 2449 καὶ
734 2396 830 2468 τὴν
847 2398 952 2450 τῶν
969 2399 1179 2469 λῃστῶν
1195 2402 1435 2473 ἐνέδραν,
1451 2405 1652 2477 καὶτὴν
1669 2406 1761 2459 τοῦ

179 2485 463 2554 ἀφθάρτου
489 2486 782 2557 ἐνδύματος
803 2492 1163 2562 περιαίρεσιν,
1181 2495 1274 2546 καὶ
1294 2495 1358 2547 τὰ
1375 2496 1471 2566 τῆς
1493 2498 1764 2567 ἁμαρτίας

177 2576 506 2647 τραύματα,
546 2579 639 2632 καὶ
680 2577 741 2632 τὸ
777 2581 855 2643 εἰς
889 2582 1056 2650 ἥμισυ
1092 2583 1187 2651 τῆς
1230 2582 1451 2652 φύσεως
1483 2588 1764 2659 προχωρῆ-

187 2684 284 2720 σαι
320 2669 410 2722 τὸν
440 2669 668 2724 θάνατον
687 2711 701 2734 ,
731 2672 827 2742 τῆς
877 2672 1049 2744 ψυχῆς
1089 2675 1353 2730 ἀθανάτου
1377 2678 1755 2751 διαμενούσηςο

177 2759 281 2811 καὶ
322 2760 415 2813 τοῦ
450 2761 612 2831 νόμου
663 2761 758 2833 τὴν
812 2764 1063 2834 ἀνωφελῆ
1099 2766 1362 2836 πάροδον,
1404 2768 1524 2822 οὗτε
1577 2773 1764 2843 ἱερέως

178 2848 310 2903 οὒτε
347 2854 571 2907 Λευΐτου
600 2854 697 2917 τὰς
731 2855 943 2926 πληγάς
967 2857 1060 2911 τοῦ
1106 2864 1611 2931 παραπεπτωκότος
1650 2868 1762 2930 τοῖς

180 2942 413 3015 λῃσταῖς
442 2943 878 3015 θεραπεύσαντος
908 2962 922 2975 ·
962 2948 1217 3005 ἀδύνατον
1246 2954 1353 3024 γὰρ
1384 2949 1519 3025 αἷμα
1548 2957 1764 3026 τράγων

182 3038 285 3090 καὶ
316 3037 531 3106 ταύρων
562 3038 813 3109 ἀφαιρεῖν
836 3041 1139 3112 ἁμαρτίας·
1166 3044 1298 3098 ἀλλά
1333 3046 1422 3097 τὸν
1457 3049 1633 3099 πᾶσαν
1666 3048 1765 3118 τὴν

180 3127 536 3199 ἀνθρωπίνην
578 3129 740 3197 φύσιν
766 3131 852 3185 διά
903 3134 999 3203 τῆς
1028 3134 1280 3205 ἀπαρχῆς
1321 3135 1414 3187 τοῦ
1446 3136 1766 3207 φυράματος

180 3220 567 3291 περιθέμενον,
600 3223 657 3274 ἐν
709 3215 966 3294 ᾖπαντὺς
988 3224 1171 3288 ἔθνους
1201 3225 1261 3277 τὸ
1304 3227 1467 3296 μέρος
1501 3222 1589 3297 ἦν,
1634 3228 1765 3281 Ἰου-

179 3310 341 3366 δαίου
367 3329 429 3365 τε
461 3312 555 3365 καὶ
598 3314 958 3385 Σαμαρείτου,
988 3316 1079 3368 καὶ
1106 3315 1394 3387 Ἕλληνος,
1425 3316 1520 3369 καὶ
1551 3317 1768 3371 πάντων

183 3404 341 3469 ἅπαξ
389 3404 726 3476 ἀνθρώπων
761 3407 948 3465 τοῦτον
994 3407 1131 3478 μετά
1174 3407 1266 3459 τοῦ
1324 3407 1604 3479 σώματος,
1633 3411 1769 3480 ὅπερ

182 3494 339 3546 ἐστὶν
374 3494 684 3564 ὑποζύγιον,
731 3497 807 3567 τῷ
839 3497 987 3567 τόπῳ
1021 3499 1118 3567 τῆς
1148 3497 1240 3551 τοῦ
1271 3498 1559 3569 ἀνθρώπου
1588 3499 1769 3553 κακώ-

182 3599 330 3647 σεως
382 3585 681 3648 ἐπιστάντι,
713 3588 806 3641 καὶ
854 3587 1187 3667 θεραπεῦσαι
1239 3590 1309 3643 τὰ
1342 3592 1650 3663 τραύματα,
1676 3594 1769 3647 καὶ

181 3674 282 3727 ἐπὶ
305 3676 400 3729 τοῦ
431 3676 561 3730 ἰδίου
592 3678 753 3731 αὑτὸν
792 3681 1021 3750 κτήνους
1047 3681 1449 3750 ἐπαναπαῦσαι,
1479 3684 1572 3738 καὶ
1600 3702 1768 3737 κατα-

183 3766 393 3836 γώγιον
438 3768 663 3838 ποιῆσαι
710 3769 858 3840 αὐτῷ
910 3771 1008 3841 τὴν
1038 3771 1413 3842 φιλάνθρωπον
1441 3774 1766 3843 οἰκονομίαν,

181 3850 224 3929 ᾗ
252 3857 450 3921 πάντες
478 3857 529 3909 οἰ
583 3858 879 3921 κοπιῶντες
928 3860 1020 3911 καὶ
1071 3862 1491 3930 πεφορτισμένοι
1544 3879 1772 3915 συνανα-

187 3945 478 4001 παύονται.
516 3946 575 3999 '0
606 3945 663 3998 δὲ
696 3948 751 3997 ἐν
785 3945 931 4016 αύτῷ
971 3948 1286 4016 γενόμενος,
1313 3947 1526 4018 δέχεται
1555 3950 1771 4013 πάντως

185 4040 252 4093 ἐν
284 4037 463 4109 ἐαυτῷ
494 4038 587 4092 τὸν
614 4040 673 4091 ἐν
694 4032 737 4105 ᾧ
774 4037 1008 4107 ἐγένετο.
1042 4039 1212 4102 οὓτως
1254 4040 1500 4102 εἰπόντος
1536 4039 1628 4093 τοῦ
1669 4041 1772 4093 Λό-

183 4146 314 4199 γου,
341 4129 422 4181 ὃτι
463 4129 517 4181 ’0
537 4129 735 4198 μένων
764 4129 833 4182 ἐν
854 4128 1004 4198 ἐμοὶ,
1037 4129 1197 4199 κάγὼ
1227 4130 1296 4184 ἐν
1322 4128 1501 4195 αὐτῷ.
1536 4130 1773 4200 Δεξάμε-

186 4238 283 4282 νος
302 4214 396 4273 οὗν
432 4221 511 4289 τῷ
559 4219 672 4289 ἰδίῳ
700 4221 1007 4290 γωρήματι,
1044 4220 1358 4290 πανδοχεύει
1391 4223 1449 4273 ἐν
1475 4222 1652 4292 ἐαυτῴ
1680 4223 1771 4276 τὸν

184 4310 478 4383 ὰχὼρητον
498 4352 513 4375 ,
544 4314 673 4382 παρ’
698 4306 759 4365 οὗ
800 4312 1011 4381 δέχεται
1040 4312 1107 4365 τὰ
1140 4313 1232 4365 δύο
1261 4315 1596 4384 νομίσματα·
1620 4307 1694 4367 ὧν
1711 4315 1772 4368 τὸ

188 4403 295 4474 μέν
331 4404 479 4455 ἐστιν
509 4404 542 4471 ἠ
574 4401 632 4468 ἐξ
663 4402 789 4471 ὅλης
821 4402 1045 4473 καρδίας
1077 4405 1155 4466 είς
1185 4403 1277 4456 τὸν
1301 4403 1432 4456 Θεὸν
1457 4404 1643 4475 ἀγάπη
1662 4420 1676 4435 °
1707 4405 1771 4458 τὸ

180 4492 248 4545 δὲ
272 4490 459 4560 ἕτερον
484 4493 517 4560 ἠ
545 4493 623 4554 εἰς
666 4491 756 4544 τὸν
788 4490 1010 4561 πλησίον
1056 4491 1131 4554 ὡς
1163 4491 1376 4555 ἐαυτὸν,
1403 4490 1586 4555 καθὼς
1621 4492 1715 4546 καὶ
1741 4495 1769 4545 ὁ

182 4584 417 4655 νομικὸς
466 4584 815 4654 ἀπεκρίνατο.
884 4584 1020 4637 Ἀλλ’
1054 4584 1241 4654 ἐπειδὴ
1288 4585 1389 4654 οὐχ
1426 4585 1474 4636 οἰ
1508 4584 1771 4655 ἀκροαταὶ

1864 675 1993 743 ﬁlia
2049 673 2367 730 Jerusalem.
2434 674 2932 758 Postquam.enim
3006 693 3101 747 per
3162 677 3431 747 picturam

1863 770 2128 825 orationis
2162 768 2395 837 subjecit
2421 783 2609 823 earum
2655 769 2830 824 oculis
2886 769 3071 823 omnia
3101 768 3325 833 indicia,
3368 768 3433 823 de

1863 862 2062 931 quibus
2088 861 2204 916 fieri
2230 861 2433 932 agnitio
2459 860 2672 930 quaesiti
2704 870 2909 930 posset,
2934 861 3150 915 tandem
3187 861 3436 915 oratione

1864 952 2275 1009 demonstrante
2306 953 2497 1013 utitur,
2542 952 2699 1021 quasi
2765 952 2969 1007 diceret
3006 970 3021 1007 :
3056 952 3156 1007 llic
3213 962 3295 1008 est
3347 952 3436 1005 ille

1863 1060 2024 1115 quem
2057 1046 2374 1114 quaerimus,
2408 1043 2500 1114 qui
2543 1051 2829 1112 propterea
2874 1044 3017 1113 quod
3056 1044 3224 1099 frater
3278 1043 3436 1097 nobis

1866 1139 2048 1193 factus
2080 1138 2170 1201 sit,
2209 1145 2365 1190 ortus
2392 1151 2457 1190 ex
2495 1134 2656 1198 Juda,
2691 1135 2970 1204 proximus
3007 1135 3183 1190 factus
3208 1144 3292 1189 est
3334 1134 3432 1198 illi,

1864 1232 1957 1302 qui
2000 1231 2054 1285 in
2089 1231 2328 1284 latrones
2383 1228 2595 1290 incidit,
2652 1236 2817 1298 atque
2854 1228 2993 1291 oleo,
3044 1228 3192 1289 vino,
3244 1226 3433 1281 fasciis

1867 1343 2095 1397 vulnera
2126 1340 2274 1395 illius
2308 1338 2539 1398 sanavit,
2570 1337 2818 1405 jumento
2877 1335 3101 1406 prOprio
3153 1335 3433 1404 imposuit,

1868 1434 1923 1487 in
1956 1431 2260 1487 diversorio
2289 1429 2573 1492 recreavit,
2605 1428 2818 1482 duobus
2852 1428 2918 1480 ad
2944 1425 3146 1481 victum
3196 1426 3437 1487 denariis

1867 1524 2110 1589 donavit,
2146 1523 2419 1593 pollicitus
2444 1521 2607 1575 etiam
2633 1536 2690 1574 se
2720 1519 2771 1573 in
2806 1518 3004 1581 reditu,
3065 1516 3211 1588 quod
3246 1527 3439 1588 praeter

1866 1615 2183 1669 mandatum
2217 1615 2552 1682 insumptum
2583 1620 2747 1673 esset,
2808 1610 3165 1665 redditurum.
3194 1607 3306 1662 Nec
3338 1607 3436 1661 ob-

1870 1722 2088 1763 scurum
2120 1713 2224 1771 est,
2254 1720 2362 1774 quo
2392 1705 2506 1758 haec
2558 1703 2770 1773 singula
2823 1708 3092 1771 spectent.
3147 1697 3281 1753 Nam
3314 1713 3437 1752 cum

1871 1800 2006 1870 legis
2035 1798 2304 1868 interpres
2330 1795 2617 1850 Dominum
2646 1802 2907 1860 tentaret,
2939 1808 3106 1862 seque
3137 1807 3301 1860 supra
3332 1805 3439 1844 ca:-

1870 1900 2020 1946 teros
2052 1897 2330 1945 ostentare
2359 1888 2542 1953 vellet,
2574 1901 2637 1940 ac
2692 1899 2877 1955 parem
2911 1898 3034 1937 cum
3092 1882 3215 1935 aliis
3246 1879 3437 1933 condi-

1868 1985 2070 2037 tionem
2100 1981 2331 2050 superbe
2366 1985 2646 2049 respueret
2687 1976 2771 2030 his
2805 1975 3029 2029 verbis:
3086 1971 3153 2025 Et
3190 1972 3308 2041 quis
3357 1977 3436 2023 est

1866 2092 2010 2128 meus
2032 2073 2303 2141 proximus
2320 2070 2523 2123 ‘°?tum
2549 2083 2675 2123 vero
2694 2065 2925 2137 quadam
2947 2064 3258 2119 narratione
3290 2058 3437 2114 Scri-

1866 2173 2028 2235 ptura
2056 2172 2222 2218 totam
2273 2160 2801 2233 administrationem
2862 2154 3310 2226 benignissimam
3342 2167 3437 2206 ex-

1866 2257 2041 2326 ponit,
2102 2259 2528 2310 commemorato
2578 2250 2845 2305 descensu
2912 2246 3151 2302 hominis
3192 2245 3259 2300 de
3320 2244 3439 2298 loco

1866 2349 2169 2419 superiore,
2202 2354 2257 2403 et
2293 2347 2565 2400 latronum
2596 2342 2835 2406 insidiis,
2875 2350 2929 2396 et
2961 2339 3262 2394 indumenti
3299 2338 3437 2391 intc-

1867 2442 2006 2495 ritus
2045 2441 2282 2509 expertis
2316 2436 2680 2506 ademptione,
2735 2444 2789 2488 et
2828 2432 3035 2504 peccati
3100 2431 3435 2492 vulneribus,

1865 2544 1917 2589 et
1952 2548 2242 2604 progressu
2278 2530 2469 2586 mortis
2494 2529 2561 2583 ad
2593 2526 2871 2582 dimidiam
2905 2539 3077 2593 usque
3104 2530 3313 2591 partem
3340 2538 3438 2574 na-

1864 2634 1999 2679 tura:
2028 2624 2382 2695 penetrantis.
2418 2622 2688 2677 retinente
2716 2615 3179 2671 immortalitatem
3208 2612 3390 2666 anima
3420 2629 3433 2664 :

1864 2740 1931 2795 de
1959 2740 2090 2809 legis
2123 2738 2249 2793 item
2276 2736 2455 2791 inutili
2478 2729 2897 2801 transitu,quod
2934 2745 3112 2800 neque
3144 2722 3436 2787 sacerdos,

1865 2846 2041 2899 neque
2075 2828 2261 2884 Levita
2300 2826 2569 2896 quispiam
2596 2824 2817 2879 vulnera
2861 2821 3005 2891 ejus,
3038 2821 3132 2891 qui
3174 2820 3227 2873 in
3264 2819 3438 2872 latro~

1866 2939 1962 2977 nes
1999 2922 2286 2983 inciderat,
2336 2919 2611 2973 curaverit
2649 2918 2667 2986 (
2689 2930 2866 2985 neque
2904 2915 3050 2971 enim
3091 2912 3207 2967 fieri
3238 2918 3438 2981 potest,

1867 3024 1926 3070 ut
1960 3016 2185 3084 sanguis
2220 3023 2501 3067 taurorum
2538 3019 2591 3067 et
2628 3011 2906 3065 hircorum
2959 3015 3181 3077 peccata
3228 3005 3438 3073 tollat);

1866 3108 1960 3164 sed
2004 3108 2175 3172 illum,
2223 3106 2317 3176 qui
2365 3107 2675 3160 universam
2714 3102 2996 3157 hominum
3052 3107 3301 3153 naturam
3346 3112 3442 3166 per

1868 3197 2139 3269 primitias
2170 3210 2364 3251 massa:
2387 3195 2492 3251 sibi
2510 3192 2894 3254 circumdedit,
2925 3191 3126 3260 quibus
3147 3188 3442 3257 cujuslibet

1796 3286 1838 3344 C
1872 3290 2108 3343 nationis
2137 3304 2261 3359 pars
2294 3288 2476 3357 aliqua
2508 3278 3443 3347 continebatur,.ludaica:,Samari-

1869 3392 2029 3447 tanaa,
2056 3380 2279 3443 Graecae,
2299 3378 2541 3433 omnium
2567 3378 2801 3447 denique
2823 3377 3102 3431 hominum
3121 3393 3134 3428 :
3155 3374 3299 3428 hunc
3315 3388 3440 3426 cum

1869 3490 2099 3544 corpore
2126 3489 2250 3534 suo,
2275 3471 2420 3537 quod
2439 3471 2855 3541 perjumentum
2878 3468 3239 3539 significatur,
3270 3463 3336 3517 ad
3367 3464 3442 3517 lo-

1870 3581 1993 3619 cum
2011 3580 2120 3635 quo
2137 3565 2298 3619 laesus
2314 3575 2432 3618 erat
2453 3562 2635 3625 homo,
2655 3577 2715 3616 sc
2726 3559 3097 3615 conferentem
3121 3553 3441 3622 curasseip-

1870 3658 1986 3713 sius
2006 3661 2253 3719 vulnera,
2269 3655 2517 3724 jumento
2540 3653 2765 3723 proprio
2792 3651 3105 3721 impositum
3122 3661 3405 3704 recreasse
3422 3688 3439 3710 ,

1870 3765 2025 3806 suam
2093 3748 2143 3804 ei
2201 3749 2493 3817 benignam
2550 3745 2909 3809 oeconomiam
2967 3739 3256 3797 diversorii
3320 3740 3443 3792 loco

1871 3840 2169 3910 aperuisse,
2199 3854 2294 3909 per
2322 3851 2485 3906 quam
2506 3850 2697 3891 omnes
2725 3833 2931 3904 fatigati
2956 3840 3007 3887 et
3027 3829 3236 3886 onerati
3259 3828 3443 3898 quiete

1872 3934 2145 3987 fruuntur.
2210 3929 2313 3995 Qui
2360 3937 2540 3981 autem
2599 3926 2781 3995 ipsum
2832 3921 3153 3993 ingreditur,
3214 3933 3442 3989 prorsus

1873 4026 2023 4079 illum
2049 4023 2227 4093 ipsum
2253 4022 2397 4073 intra
2420 4034 2481 4074 se
2507 4018 2720 4087 recipit,
2742 4017 2796 4070 in
2809 4029 2970 4085 quem
2992 4014 3275 4083 ingressus
3298 4018 3436 4065 erat.

1872 4113 1966 4170 Sic
1990 4113 2134 4169 enim
2174 4110 2410 4165 Verbum
2438 4108 2701 4177 loquitur,
2740 4106 2845 4172 Qui
2873 4106 2927 4158 in
2945 4120 3025 4157 me
3050 4111 3248 4164 manet,
3270 4102 3324 4155 in
3344 4100 3441 4153 hoc

1870 4217 1919 4262 et
1946 4208 2055 4275 ipse
2093 4201 2312 4258 manebo
2333 4202 2401 4255 “.
2425 4203 2618 4271 Itaque
2645 4199 2808 4253 homo
2841 4197 2985 4251 intra
3014 4195 3246 4264 spatium
3282 4208 3442 4261 capa-

1871 4299 2054 4354 citatis
2083 4312 2198 4353 sua:
2252 4296 2401 4350 illum
2428 4292 2653 4361 excipit,
2685 4291 2778 4362 qui
2806 4287 3191 4359 comprehendi
3228 4286 3436 4356 nequit,

1872 4400 1926 4446 et
1951 4391 2019 4445 ab
2052 4389 2156 4444 hoc
2187 4400 2437 4442 nummos
2471 4384 2668 4454 accipit
2709 4383 2868 4445 duos,
2919 4395 3149 4451 quorum
3184 4379 3321 4433 alter
3356 4385 3442 4432 est

1871 4498 1997 4553 erga
2027 4480 2193 4535 Deum
2226 4478 2469 4539 dilectio,
2515 4476 2750 4544 profecta
2790 4472 2858 4528 de
2890 4482 3006 4527 toto
3028 4472 3249 4526 animo:
3281 4471 3439 4535 alter,

1872 4572 2094 4627 dilectio
2133 4568 2366 4640 proximi
2398 4568 2541 4623 sicut
2571 4566 2655 4622 sui
2683 4566 2879 4637 ipsius.
2905 4561 3366 4633 quemadmodum
3389 4570 3444 4615 et

182 4641 288 4730 10:3
320 4641 487 4746 νόμου
513 4641 707 4729 δίκαιοι
731 4674 883 4742 παρά
912 4675 989 4744 τῷ
1021 4674 1159 4745 Θεῷ.
1188 4641 1323 4727 ἀλλά
1354 4641 1401 4727 δί
1431 4641 1650 4744 ποιητά)¹
1677 4674 1766 4727 τοῦ

1875 4665 2009 4735 legis
2041 4665 2310 4732 interpres
2344 4660 2437 4714 ille
2466 4658 2843 4729 responderat.
2871 4656 3010 4721 Quia
3048 4670 3177 4709 vero
3204 4670 3311 4710 non
3346 4670 3445 4708 au-

185 4767 363 4836 νόμου
418 4766 865 4835 δικαιωθήσονται
895 4781 909 4795 ’
942 4764 1046 4834 χρὴ
1085 4765 1159 4834 μὴ
1206 4766 1362 4834 μόνον
1411 4764 1663 4828 δέξασθαι
1702 4767 1771 4819 τὰ

185 4860 291 4913 δύο
337 4857 511 4911 ταῦτα
560 4857 869 4926 νομίσματα
904 4873 915 4885 ·
952 4855 1049 4925 τὴν
1080 4856 1261 4908 πίστιν
1306 4856 1447 4923 λέγω
1476 4858 1575 4926 τὴν
1612 4859 1693 4919 εἰς
1713 4857 1774 4909 τὸ

185 4951 367 5013 Θεῖον,
393 4948 487 5003 καὶ
518 4948 613 5019 τὴν
636 4948 843 5017 ἀγαθὴν
868 4947 1002 5016 πρὸς
1040 4949 1165 5010 τοὺς
1193 4947 1492 5017 ὁμοφύλους
1539 4949 1776 5016 συνείδη-

189 5060 281 5095 σιν
311 5058 322 5071 ·
360 5041 499 5095 ἀλλά
537 5040 617 5093 δεῖ
653 5040 746 5093 καὶ
788 5040 948 5094 αὐτὸν
995 5040 1396 5106 συνεισενέγκαι
1421 5040 1507 5093 διὰ
1546 5039 1652 5092 τῶν
1683 5038 1772 5110 ἐρ⁴

186 5150 309 5202 γων
336 5132 471 5202 πρὸς
495 5131 592 5201 τὴν
630 5129 736 5184 τῶν
772 5131 997 5184 ἐντολῶν
1034 5130 1235 5184 τούτων
1272 5130 1639 5200 ἐκπλήρωσιν.
1670 5130 1767 5183 Διά

185 5225 354 5280 τοῦτό
385 5242 515 5295 φησι
547 5223 678 5294 πρὸς
724 5223 817 5276 τὸν
845 5223 1111 5294 πανὼχέα
1138 5225 1166 5276 ό
1213 5222 1430 5293 Κύριος,
1457 5224 1537 5276 ὅτι
1565 5224 1671 5275 πᾶν
1708 5222 1769 5276 τὸ

186 5318 327 5388 περὶ
359 5316 456 5386 τὴν
481 5315 771 5387 θεραπείαν
799 5314 893 5367 τοῦ
917 5314 1300 5385 κεκακωμένου
1329 5316 1457 5384 παρ’
1480 5312 1644 5367 αὐτοῦ
1680 5330 1770 5381 γε-

184 5410 443 5477 νόμενον,
478 5410 536 5460 ἐν
568 5408 635 5477 τῇ
690 5406 915 5477 δευτέρᾳ
966 5404 1129 5459 αὑτοῦ
1181 5405 1447 5475 παρουσίᾳ
1489 5405 1627 5458 κατά
1667 5405 1767 5475 τὴν

184 5497 355 5562 ἀξίαν
393 5496 491 5566 τῆς
545 5494 778 5565 σπουδῆς
816 5494 1174 5565 ἀπολήψεται.
1224 5494 1284 5546 Ὀ
1324 5494 1499 5547 τοίνυν
1542 5493 1771 5563 πλησίον

186 5588 354 5659 ἡμῶν
398 5586 636 5656 γεγονὼς
656 5587 743 5639 διὰ
770 5586 870 5656 τῆς
901 5586 1156 5656 τοιαύτης
1178 5585 1606 5657 φιλανθρωπίας.
1636 5588 1665 5638 ό
1683 5585 1771 5638 διά

186 5679 293 5736 τοῦ
335 5677 397 5745 ἐξ
438 5678 605 5732 Ἰούδα
636 5680 767 5750 ἡμῖν
814 5678 1089 5732 ἀνατεῖλαι
1118 5676 1392 5747 ἁδελφιδὸς
1432 5677 1721 5748 γενόμενος
1751 5692 1764 5704 ·

267 5851 316 5883 ⁶’
348 5847 484 5909 Luc.
516 5867 571 5919 ι,
601 5851 669 5908 29
700 5868 820 5923 sqq.

898 5852 939 5885 "
971 5850 1125 5908 Joan.
1152 5868 1227 5920 γι,
1257 5852 1345 5907 57.
1421 5852 1464 5883 “
1495 5849 1652 5908 Rom.
1677 5867 1737 5917 ιι,
1765 5853 1848 5909 13.

1874 4758 2085 4812 dilores
2117 4757 2251 4826 legis
2282 4754 2428 4824 apud
2456 4752 2623 4807 Deum
2644 4751 2779 4820 justi
2817 4758 2967 4813 sunt,
3000 4749 3095 4804 sed
3138 4748 3232 4818 qui
3272 4748 3444 4818 legem

1874 4854 2138 4919 praestant
2187 4845 2323 4915 justi
2373 4843 2746 4899 censebuntur
2793 4841 2837 4872 “
2894 4859 2908 4895 :
2968 4855 3080 4894 non
3131 4838 3185 4892 hi
3230 4846 3445 4893 tantum

1873 4940 2081 4995 nummi
2118 4941 2226 4994 duo
2242 4934 2535 5006 reeipiendi
2558 4943 2708 4996 sunt,
2732 4934 2987 4988 nimirum
3026 4931 3159 4987 fides
3178 4932 3230 4986 in
3251 4932 3444 4996 Deum,

1874 5042 1929 5089 et
1955 5033 2096 5087 bona
2125 5044 2252 5100 erga
2274 5027 2520 5098 ejusdem
2556 5028 2771 5097 generis
2802 5026 3049 5079 homines
3069 5024 3403 5078 conscientia
3427 5038 3443 5086 ;

1876 5123 1972 5180 sed
2021 5123 2185 5178 etiam
2232 5119 2438 5191 aliquid
2506 5134 2606 5189 per
2649 5133 2813 5188 opera
2847 5127 2931 5173 est
2964 5116 3271 5171 addendum
3318 5114 3447 5166 huic

1874 5213 2258 5268 mandatorum
2313 5209 2638 5280 impletioni.
2688 5207 2822 5262 Nam
2870 5218 3158 5277 propterea
3200 5204 3335 5259 dicit
3377 5203 3446 5256 ad

1876 5306 2145 5375 hospitem
2187 5304 2498 5383 Dominus“
2520 5301 2762 5357 futurum
2795 5309 2855 5354 ut
2894 5296 3160 5370 quidquid
3195 5299 3249 5350 in
3285 5312 3447 5349 cura—

1876 5402 2024 5453 tione
2075 5397 2312 5451 hominis
2364 5395 2476 5451 laasi
2513 5396 2582 5450 ab
2609 5396 2728 5465 ipso
2750 5394 2863 5456 fiat,
2909 5392 3135 5446 alterius
3177 5388 3446 5443 adventus

1874 5489 1959 5545 sui
2009 5497 2249 5556 tempore
2311 5504 2409 5559 pro
2446 5487 2613 5543 studii
2658 5484 2923 5556 dignitate
2964 5481 3210 5551 recipiat.
3240 5478 3445 5545 Quam-

1873 5580 2062 5636 obrem
2107 5581 2152 5635 is
2176 5580 2269 5650 qui
2301 5580 2588 5649 proximus
2619 5584 2806 5632 noster
2860 5574 3037 5629 factus
3087 5582 3171 5629 est
3206 5573 3278 5627 ob
3301 5572 3443 5626 hanc

1872 5687 2002 5743 erga
2070 5688 2169 5729 nos
2218 5672 2629 5746 benignitatem,
2681 5668 2776 5740 qui
2824 5667 2967 5739 quod
2998 5682 3063 5721 ex
3111 5664 3251 5721 .Iuda
3284 5666 3444 5723 nobis
