3824 6518
31 456 157 511 "‘89

1042 452 1110 505 ΙΝ
1152 448 1445 505 CANTICA
1478 445 1748 501 CANTIC.
1792 445 2074 503 HOMILIA
2114 447 2229 503 XV.

3110 451 3250 508 1090

31 564 267 617 νίλιππον
292 562 319 614 ό
351 560 583 631 Ἰησοῦς,
614 542 904 623 ἀκόλουθος
934 558 1311 632 ἐχειροτονήθη
1343 557 1438 610 τοῦ
1471 558 1571 610 Λό-

1698 553 1834 611 ἴεευε
1887 555 2194 628 Philippum
2255 557 2480 621 invenit,
2508 559 2672 613 etiam
2709 566 2950 615 sectator
2983 563 3125 616 verbi
3165 565 3246 618 [ιιι

31 671 113 722 (ου
139 652 226 706 τοῦ
258 652 519 715 είπόντος,
548 652 628 703 ὅτι
669 652 997 705 Ἀκολούθει
1029 651 1134 719 μοί
1152 668 1164 680 ·
1209 650 1301 702 καὶ
1328 648 1407 719 τῷ
1439 647 1576 717 φωτὶ

31 745 92 817 τῷ
139 742 361 815 ἀληθινῷ
411 742 812 811 προσεγγίσας,
843 740 1091 811 καθάπερ
1140 741 1330 811 λύχνος
1370 738 1577 792 ἐκεῖθεν

32 837 215 893 ἔσπασε
245 836 375 906 πρὸς
413 834 601 887 ἑαυτὸν
632 834 729 903 τὴν
773 833 866 885 τοῦ
914 833 1089 901 φωτὸς
1122 832 1441 886 κοινωνίανο
1482 830 1579 883 καὶ

31 930 343 1000 τεριλάμπει
373 926 464 979 τὸν
495 924 806 994 Ναθαναὴλ,
839 925 1169 998 δᾳδουχήσας
1206 924 1352 995 αὑτῴ
1383 923 1444 976 τὸ
1478 924 1579 993 τῆς

32 1019 290 1080 εὐσεϐείας
350 1015 662 1085 μυστήριον,
712 1014 778 1066 δι’
812 1009 887 1068 ὧν
942 1033 1105 1087 φησιν
1145 1032 1158 1045 ·
1197 1018 1307 1068 Ὃν
1353 1015 1579 1085 ἐποαψε

31 1106 269 1173 ίῖωῢονῆς
296 1106 388 1158 καὶ
428 1108 480 1157 οι
514 1103 807 1173 προφῆται
838 1105 1173 1174 εὑρήκαμεν
1204 1106 1446 1174 Ἰησοῦν
1472 1108 1581 1160 τὸν

31 1200 137 1251 ἱεπύ
185 1198 435 1265 Ναζαρὲτ
480 1196 589 1264 τῆς
646 1200 993 1264 Γαλιλαίας.
1047 1199 1153 1251 Τοῦ
1187 1198 1243 1251 δὲ
1286 1200 1580 1272 Ναθαναὴλ

41 1292 369 1353 πιστατικῶς
403 1289 693 1360 δεξαμένου
736 1291 795 1343 τὸ
841 1291 1199 1359 Εὖαγγέλιον,
1231 1292 1317 1344 διὰ
1350 1293 1409 1345 τὸ
1443 1292 1580 1362 μετά

31 1384 197 1453 πάσης
223 1381 496 1453 ἀκριϐείας
536 1380 891 1452 κατηχεῖσθαι
933 1383 1081 1451 παρά
1114 1384 1212 1452 τῆς
1245 1383 1582 1454 προφητείας

31 1476 182 1528 ιύτὸν
211 1474 267 1527 τὸ
286 1474 412 1544 περ)⁹
440 1474 530 1527 τὸν
554 1472 755 1545 Κύριον
785 1474 1100 1545 μυστήριον,
1126 1474 1217 1526 καὶ
1252 1474 1445 1527 εἰδέναι
1484 1476 1581 1544 μὲν

36 1589 97 1623 τι
131 1574 192 1624 ὲκ
233 1570 473 1641 Βηθλεὲμ
513 1572 547 1640 ἡ
581 1567 771 1641 πρώτη
801 1568 888 1621 διὰ
919 1568 1119 1639 σαρκὸς
1145 1569 1430 1640 γενήσεται
1463 1567 1582 1621 θεο-

31 1661 232 1725 >άνεια,
251 1660 333 1714 διά
359 1660 415 1713 δὲ
436 1660 534 1730 τὴν
564 1661 620 1713 ὲν
639 1658 910 1729 Ναζάροις
937 1656 1209 1729 διαγωγὴν
1229 1698 1243 1722 ,
1276 1656 1583 1730 Ναζαραῖος

31 1753 377 1824 εληθήσεται·
418 1750 555 1823 πρὸς
602 1750 887 1821 ἀμφότερα
938 1750 1114 1803 τοίνυν
1147 1749 1585 1815 ἀποσκοποῦντος

31 1850 113 1899 εαὶ
166 1845 525 1914 λογιζομένου,
556 1846 636 1898 ὅτι
663 1846 719 1898 ὲν
754 1845 849 1915 μὲν
883 1845 949 1911 τῇ
992 1842 1086 1895 τοῦ
1121 1842 1281 1895 Δαὸὶδ
1317 1842 1581 1914 Βηθλεὲμ,

38 1937 103 1990 ιὰ
132 1938 229 2008 τὴν
252 1936 557 2003 οἰκονομίαν
580 1933 681 2004 τῆς
696 1933 834 1987 κατά
862 1934 1040 2004 σάρκα
1067 1934 1391 2003 γεννήσεως,
1419 1934 1586 2001 ἀναγ-

32 2033 175 2083 ;αῖον
202 2024 264 2099 ἦν
282 2027 531 2097 γενέσθαι
563 2026 622 2079 τὸ
650 2025 789 2080 κατά
812 2025 871 2077 τὸ
906 2024 1170 2095 σπήλαιον
1198 2025 1292 2077 καὶ
1315 2025 1382 2077 τά
1408 2026 1587 2096 σπάρ-

31 2140 165 2177 ἀνα
220 2122 308 2175 καὶ
365 2120 462 2192 τὴν
509 2120 715 2192 φάτνην
771 2119 1066 2190 μυστήριον
1100 2134 1113 2148 ·
1152 2120 1186 2188 ἡ
1217 2119 1274 2172 δὲ
1328 2118 1587 2172 Γαλιλαία

35 2214 193 2266 Θνῶν
222 2214 375 2275 τόπος
420 2210 919 2282 ὲπονομασθήσεταί
950 2227 1077 2263 ποτε
1121 2210 1197 2280 τῷ
1238 2213 1349 2274 τοῖς
1380 2210 1589 2264 ἔθνεσιν

36 2305 519 2376 μφιλοχωρήσαντι
538 2302 715 2373 Λόγοι)⁸
738 2304 833 2356 καὶ
864 2302 952 2356 διὰ
977 2301 1133 2355 τοῦτο
1157 2302 1482 2373 συνθεμένου
1512 2303 1591 2374 τῷ

33 2396 68 2448 ὸ
131 2396 243 2464 φῶς
279 2394 422 2465 αὑτῷ
464 2393 565 2463 τῆς
597 2391 846 2460 γνώσεως
894 2393 1143 2461 φάναντι,
1177 2393 1274 2445 καὶ
1307 2392 1550 2457 είπόντος
1574 2411 1588 2425 ο

31 2505 93 2541 τι
159 2490 249 2541 Ἐκ
276 2486 529 2555 Ναζαρὲτ
582 2484 834 2539 δύναταί
860 2502 914 2538 τι
959 2485 1183 2556 ἀγαθὸν
1224 2482 1414 2548 sirm;
1456 2486 1591 2540 Τότε

31 2577 214 2647 δηγὸς
258 2576 391 2647 πρὸς
445 2575 544 2646 τὴν
581 2573 741 2645 χάριν
764 2576 793 2627 ό
824 2573 1089 2635 Φίλιππος
1125 2574 1367 2642 γίνεται,
1398 2575 1589 2643 λέγων,

31 2669 243 2737 Ερχου
289 2669 385 2720 καὶ
438 2666 547 2720 ἴδε.
580 2668 655 2718 Δι’
684 2658 758 2718 ὧν
794 2664 1107 2719 καταλιπὼν
1133 2666 1163 2717 ό
1182 2665 1471 2738 Ναθαναὴλ
1496 2669 1594 2740 τὴν

31 2759 109 2812 οὗ
159 2759 315 2830 νόμου
346 2761 537 2830 συκῆν,
567 2752 635 2830 ἧς
674 2759 707 2828 ἡ
732 2756 859 2811 σκιά
886 2757 1024 2829 πρὸς
1060 2758 1159 2829 τὴν
1187 2758 1473 2828 μετουσίαν
1500 2761 1593 2814 τοῦ

38 2852 204 2917 ωτὸς
257 2851 531 2915 διεκώλυε,
578 2849 984 2921 καταλαμϐάνει
1027 2850 1119 2904 τὸν
1169 2852 1236 2905 τά
1286 2851 1459 2921 φύλλα
1495 2852 1596 2922 τῆς

32 2941 200 3010 υκῆς
226 2941 308 2993 διὰ
335 2940 431 3011 τὴν
456 2938 564 2994 τῶν
586 2938 805 3007 ἀγαθῶν
834 2938 1112 3008 ἀκαρπίαν
1139 2939 1593 3011 ἀποξηραίνοντα.

32 3031 108 3085 τὸ
156 3033 247 3084 καὶ
301 3033 655 3103 μαρτυρεῖται
684 3028 833 3101 παρά
863 3027 957 3081 τοῦ
986 3030 1162 3099 Λόγου
1207 3032 1425 3101 γνήσιος
1459 3027 1595 3084 εἶναι

31 3123 147 3193 ύχὶ
179 3122 325 3185 νόθος
360 3120 719 3191 Ἰσραηλίτης,
742 3122 799 3174 ὲν
819 3118 896 3189 τῷ
916 3118 1084 3190 ἀδόλῳ
1099 3119 1199 3187 τῆς
1229 3121 1596 3193 προαιρέσεως

1677 656 1798 705 ctus
1835 656 1939 713 est,
1981 651 2075 720 qui
2106 649 2174 704 ad
2208 665 2331 705 eum
2366 651 2521 714 dixit,
2552 649 2777 722 Sequere
2812 671 2891 707 me
2918 654 2999 707 "z
3036 668 3251 725 postea-

1676 756 1841 811 quam
1866 741 1992 796 item
2048 756 2236 796 verum
2270 743 2334 797 ad
2363 743 2542 797 lumen
2570 744 2807 808 delatus,
2841 744 2964 800 inde
2988 755 3250 817 tanquam

1677 834 1909 905 lychnus
1939 834 2005 889 ad
2056 849 2115 889 se
2152 834 2628 906 participationem
2673 836 2811 891 lucis
2855 839 3078 892 attraxit
3104 857 3118 892 :
3144 838 3255 892 Na-

1678 925 1988 980 thanaelum
2046 940 2266 995 quoque
2311 925 2431 981 luce
2489 941 2587 981 sua
2640 926 3054 993 circumfundit,
3095 930 3255 999 quasi

1680 1019 1902 1088 praelata
1962 1018 2065 1088 ipsi
2110 1017 2248 1081 lace,
2313 1017 2457 1088 quod
2509 1020 2730 1088 pietatis
2777 1026 2861 1073 est
2908 1021 3254 1091 mysterium.

1683 1112 1821 1166 Sunt
1840 1111 1983 1165 enim
2010 1111 2123 1166 haec
2158 1111 2330 1181 ipsius
2353 1112 2515 1167 verba
2536 1127 2549 1163 :
2570 1110 2871 1165 Invenimus
2900 1111 3081 1166 Iesum
3106 1113 3257 1167 illum

1680 1216 1707 1254 e
1741 1197 2016 1253 Nazareth
2049 1198 2305 1262 Galilmw,
2336 1200 2398 1253 de
2414 1216 2514 1267 quo
2536 1207 2583 1252 et
2623 1198 2795 1253 Moses
2827 1200 2879 1253 in
2910 1200 3037 1270 lege,
3060 1210 3109 1254 et
3136 1217 3260 1269 pro-

1681 1291 1848 1361 phetre
1903 1291 2221 1359 scripserunt
2251 1290 2313 1342 ⁸⁸.
2389 1287 2727 1344 Nathanaelo
2794 1297 2974 1344 autem
3036 1292 3259 1361 sapien-

1684 1390 1767 1436 ter
1799 1382 1980 1436 lastum
2011 1384 2153 1436 hunc
2183 1382 2429 1435 nuntium
2463 1381 2788 1449 accipiente,
2818 1381 2961 1451 quod
2997 1396 3261 1450 perat-cu-

1682 1483 1804 1529 rate
1863 1489 1928 1529 ex
1970 1474 2127 1530 libris
2182 1474 2567 1527 vaticiniorum
2614 1474 2680 1527 de
2728 1471 2942 1527 Domini
2995 1473 3261 1544 mysterio

1683 1566 1913 1621 edoctus
1951 1575 2119 1629 esset,
2173 1580 2236 1620 ac
2284 1565 2449 1620 sciret
2479 1566 2532 1619 in
2578 1565 2854 1621 Bethleem
2890 1566 3108 1636 quidem
3148 1564 3265 1634 pri-

1686 1672 1828 1712 mam
1862 1656 1954 1712 Dei
2001 1655 2424 1728 patefactionem
2471 1657 2525 1711 in
2569 1673 2737 1712 carne
2779 1657 3043 1722 futuram,
3069 1672 3261 1713 verum

1685 1749 1935 1805 eumdem
1988 1749 2256 1803 Nazareth
2292 1749 2577 1819 degentem
2610 1749 2848 1804 Nazaraai
2891 1766 3091 1805 nomen
3139 1764 3265 1805 con-

1687 1853 2003 1900 secuturum
2037 1862 2051 1898 :
2085 1843 2150 1898 ad
2179 1843 2293 1897 haec
2333 1843 2498 1913 igitur
2531 1852 2765 1914 utraque
2800 1843 3127 1913 respiciente
3152 1841 3262 1897 Na-

1687 1937 1926 2000 thanael,
1962 1951 2257 2005 secumque
2282 1936 2673 2005 perpendente,
2701 1936 2755 1990 in
2788 1935 3004 1991 Davidis
3043 1934 3263 2005 quidem

1686 2029 1885 2100 oppido
1921 2025 2196 2083 Bethleem
2240 2028 2617 2082 necessarium
2665 2042 2787 2083 esse
2826 2027 3037 2082 ratione
3065 2025 3267 2081 nativi-

1689 2120 1816 2174 tatis
1848 2119 2110 2184 carnalis,
2142 2118 2306 2180 antri,
2344 2116 2665 2181 fasciarum,
2693 2126 2746 2171 et
2771 2117 3030 2186 praesepis
3066 2123 3265 2187 myste-

1688 2212 1827 2264 rium
1861 2209 2081 2264 evenire
2113 2224 2126 2260 :
2152 2208 2246 2264 sed
2279 2209 2642 2264 nihilominus
2665 2208 2944 2263 Galilaeam
2971 2208 3087 2278 (qui
3112 2208 3266 2263 locus

1688 2303 2033 2357 ethnicorum
2065 2301 2346 2355 hominum
2374 2299 2532 2355 sedes
2557 2301 2697 2369 erat)
2728 2314 2925 2354 nomen
2964 2299 3268 2368 aliquando

1688 2404 2108 2449 consecuturam
2138 2394 2208 2449 ab
2234 2409 2301 2448 eo
2319 2393 2521 2458 Verbo,
2553 2392 2699 2463 quod
2730 2392 2961 2447 libenter
2990 2392 3056 2446 ad
3080 2400 3271 2463 gentes

1689 2488 2178 2558 commigraturum
2228 2498 2376 2543 esset
2404 2507 2418 2543 :
2452 2496 2617 2558 atque
2651 2488 2795 2541 hanc
2821 2485 2891 2541 ob
2923 2501 3146 2541 causam
3177 2500 3270 2542 ac-

1691 2579 1916 2633 cedente
1973 2579 2209 2649 denique
2259 2576 2560 2632 Nathanael
2610 2575 2760 2631 illius
2812 2576 2868 2631 in
2914 2576 3270 2639 sententiam,

1692 2668 1781 2737 qui
1809 2670 1988 2723 lumen
2020 2670 2125 2723 hoc
2144 2669 2477 2740 cognitionis
2494 2668 2544 2723 ei
2563 2675 3078 2731 commonstrasset,
3105 2667 3272 2735 idque

1693 2761 1872 2815 verbis
1920 2760 2006 2816 his
2060 2761 2375 2816 declarante
2405 2777 2419 2814 :
2460 2758 2637 2813 Potest
2663 2775 2691 2813 e
2715 2757 2989 2813 Nazareth
3021 2756 3269 2812 boniali-

1696 2852 1819 2923 quid
1866 2853 2161 2908 exsistere?
2227 2864 2340 2907 tum
2394 2866 2524 2907 vero
2582 2850 2804 2906 tandem
2861 2849 3142 2920 Philippus
3201 2849 3270 2903 ad

1697 2942 1837 2996 hanc
1871 2943 2100 3012 gratiam
2134 2938 2215 2996 illi
2251 2958 2310 2998 se
2338 2942 2533 2997 ducem
2567 2943 2790 3014 praebet,
2827 2955 2950 2996 cum
2978 2942 3057 2995 'ait
3094 2959 3107 2997 :
3145 2939 3275 2995 Veni

1697 3051 1761 3090 ac
1778 3036 1910 3091 vide.
1942 3036 2061 3102 Quo
2087 3036 2314 3101 factum,
2334 3044 2393 3090 ut
2425 3035 2727 3092 Natbanael
2758 3037 2951 3092 relicta
2986 3037 3116 3107 legis
3144 3037 3274 3103 ﬁcu,

1698 3128 1854 3198 cujus
1881 3129 2074 3182 umbra
2104 3128 2495 3198 impedimento
2530 3139 2647 3183 erat
2667 3129 2741 3191 ei,
2774 3144 2884 3199 quo
2916 3129 3100 3184 minus
3131 3130 3272 3184 lucis

36 3214 260 3285 αθαρὸν
285 3213 366 3282 ἐφ’
399 3212 593 3265 ἑαυτοῦ
625 3212 837 3273 δεικνὺς
884 3208 974 3263 τὸν
1004 3212 1325 3283 χαρακτῆρα
1350 3212 1442 3265 τοῦ
1483 3231 1592 3266 πα-

1700 3219 1974 3289 particeps
2028 3219 2177 3275 tieret
2211 3238 2225 3275 :
2256 3222 2324 3274 ad
2366 3234 2491 3276 eum
2533 3223 2860 3290 perveniret,
2900 3221 2990 3292 qui
3019 3222 3105 3276 ﬁci
3139 3221 3268 3275 folia

31 3307 302 3379 ριάρχου.
332 3306 443 3359 Ἴδε
471 3304 796 3376 γάρ,φησὶν,
839 3303 1219 3370 Ἰσραηλίτης
1247 3304 1316 3356 ἐν
1338 3297 1387 3371 ᾧ
1413 3305 1594 3374 δόλος

1702 3318 1921 3379 propter
1954 3310 2298 3365 sterilitatem
2336 3311 2388 3363 in
2445 3309 2788 3380 proferendis
2818 3311 2977 3366 bonis
3028 3313 3277 3365 exsicca-

34 3399 135 3450 ὺκ
159 3394 311 3447 ἔστι.

1699 3401 1796 3456 vit.
1828 3400 2012 3471 anue
2037 3401 2103 3455 de
2128 3414 2294 3455 causa
2325 3400 2701 3456 testimonium
2724 3402 2773 3456 ei
2798 3400 3041 3456 Verbum
3062 3402 3276 3466 tribuit,

34 3489 170 3543 uod
191 3502 479 3557 germanus
502 3485 770 3551 Israelita,
796 3499 902 3538 non
924 3482 1145 3553 spurius
1173 3491 1320 3539 esset
1347 3504 1359 3539 :
1397 3487 1594 3559 quippe

1698 3493 1731 3546 ii
1762 3494 1987 3549 minime
2044 3493 2398 3548 fraudulento
2433 3493 2600 3547 animi
2658 3493 2907 3548 instituto
2970 3507 3166 3563 purum
3224 3496 3278 3549 in

32 3600 146 3637 B4t‘
208 3580 532 3650 patriarcha:
592 3578 740 3633 illius
810 3580 1181 3633 characterem
1263 3578 1593 3639 ostenderet.
1631 3589 1735 3654 En,
1760 3586 1956 3657 inquit,
1985 3602 2099 3641 vere
2127 3585 2400 3649 Israelita,
2432 3586 2485 3638 in
2508 3600 2609 3654 quo
2642 3585 2795 3638 dolus
2822 3602 2925 3639 non
2964 3594 3064 3638 est.

80 3670 287 3740 Πρὸςό
310 3686 361 3723 τι
389 3670 445 3723 δὲ
480 3668 664 3739 βλέπει
710 3669 770 3722 τὸ
812 3672 869 3723 ὲν
900 3669 977 3741 τῷ
1018 3669 1287 3742 προοιμίῳ
1326 3670 1605 3744 διήγημα,

32 3767 265 3837 ανερόν
300 3768 411 3817 ἐστι
448 3766 664 3828 πάντως
694 3768 805 3829 τοῖς
859 3764 1279 3835 εὐμαθεστέροις
1310 3766 1606 3838 ἀκροαταῖς

31 3879 68 3915 κ
106 3857 222 3927 τῆς
256 3854 609 3925 προτεθείσης
636 3855 773 3908 κατὰ
796 3854 857 3907 τὸ
878 3854 1167 3907 ἀκόλουθον
1193 3857 1324 3924 ἡμῖν
1357 3856 1603 3925 ἀναγνώ-

32 3966 164 4011 εως
192 3947 292 4018 τῆς
330 3949 393 3999 ὲκ
422 3946 514 3998 τοῦ
552 3946 827 4016 ’ᾊσματος
860 3946 967 3999 τῶν
997 3947 1275 4017 ᾀσμάτων.
1319 3950 1407 4012 Ὠς
1442 3950 1551 4021 γὰρ
1575 3953 1604 4004 ό

36 4045 115 4096 ὲν
164 4039 419 4110 Ἀνδρέας
438 4040 503 4108 τῇ
537 4041 686 4108 φωνῇ
725 4037 819 4090 τοῦ
872 4038 1114 4092 Ἰωάννου
1146 4040 1282 4110 πρὸς
1308 4041 1400 4093 τὸν
1432 4042 1602 4112 ἀμνὸν

32 4130 283 4203 δηγήθη
313 4148 326 4162 ο
362 4132 389 4182 ό
423 4129 478 4182 δὲ
528 4128 823 4201 Ναθαναὴλ
857 4130 1282 4201 φωταγωγηθεὶς
1318 4132 1469 4204 παρά
1507 4132 1602 4186 τοῦ

35 4224 292 4278 ελίππου
318 4260 333 4286 ,
379 4220 474 4274 καὶ
532 4222 630 4290 τῆς
683 4218 1040 4290 περιεχούσης
1089 4219 1247 4273 αὑτὸν
1300 4220 1394 4273 τοῦ
1441 4222 1603 4291 νόμου

31 4322 187 4382 mea;
228 4316 335 4381 ἔξω
372 4318 673 4386 γενόμενος,
708 4316 765 4367 ὲν
793 4314 870 4385 τῷ
906 4316 1044 4383 φωτὶ
1086 4314 1162 4385 τῷ
1198 4314 1435 4385 ἀληθινῷ
1471 4315 1607 4383 γίνε-

31 4432 95 4467 ut.
129 4427 148 4443 ο
181 4408 330 4461 οὕτω
356 4408 448 4461 καὶ
479 4409 533 4460 αἱ
562 4406 797 4469 νεάνιδες
832 4405 969 4476 πρὸς
996 4404 1091 4475 τὴν
1136 4404 1348 4476 εὕρεσιν
1375 4404 1469 4457 τοῦ
1505 4423 1609 4477 μη-

1781 3677 1900 3744 Quo
1916 3686 2095 3732 autem
2136 3677 2252 3732 haec
2289 3677 2342 3730 in
2362 3678 2588 3731 exordio
2626 3684 2835 3746 spectet
2873 3677 3140 3743 narratio,
3165 3690 3279 3731 om-

1706 3772 1840 3825 nino
1873 3770 2223 3824 manil‘estum
2278 3779 2358 3823 est
2394 3769 2743 3822 auditoribus
2780 3782 2889 3823 non
2921 3770 3079 3838 plane
3110 3770 3281 3839 impe-

1705 3863 1826 3917 ritis
1848 3878 1913 3915 ex
1944 3861 2193 3924 lectione,
2234 3873 2397 3927 quam
2426 3857 2623 3912 ordine
2648 3857 2729 3913 sic
2760 3866 3021 3926 poscente
3044 3856 3112 3911 de
3145 3856 3281 3910 Can-

1705 3952 1810 4006 tico
1832 3953 2171 4005 canticorum
2197 3949 2602 4019 proposuimus.
2637 3945 3102 4013 Quemadmodum
3134 3946 3280 4001 enim

1706 4044 1953 4097 Andreas
1981 4041 2199 4111 quidem
2251 4054 2349 4110 per
2384 4053 2575 4094 vocem
2606 4036 2837 4093 Joannis
2880 4035 2949 4089 ad
2982 4048 3180 4106 agnum
3214 4034 3280 4089 il-

1708 4136 1820 4189 lum
1843 4134 2109 4189 deductus
2133 4141 2255 4201 est;
2290 4130 2597 4186 Nathanael
2637 4137 2819 4184 autem
2870 4143 2900 4181 a
2940 4127 3189 4198 Philippo
3213 4126 3283 4180 ad

1710 4228 1884 4282 lucem
1907 4226 2129 4287 «luctus,
2157 4233 2211 4279 et
2242 4240 2270 4277 a
2310 4223 2690 4279 circ’umdante
2717 4222 2893 4291 ipsum
2926 4220 3060 4291 legis
3085 4220 3282 4274 umbra

1709 4319 2011 4390 digressus,
2067 4332 2255 4372 verum
2299 4317 2365 4369 ad
2430 4315 2609 4369 lumen
2649 4313 2946 4385 pervenit:
2988 4312 3071 4368 sic
3118 4312 3282 4367 etiam

1711 4409 2123 4479 hrejuvencula:
2173 4408 2237 4461 ad
2292 4406 2664 4461 inventionem
2723 4403 2948 4459 indicati
2999 4404 3080 4459 eis
3132 4402 3282 4469 boni,

31 4502 284 4562 »θέντος
336 4499 525 4561 αὑταῖς
558 4495 763 4565 ἀγαθοῦ
798 4496 1130 4567 καθηγεμόνι
1170 4484 1409 4567 χρῶνται
1433 4499 1501 4567 τῇ
1530 4513 1594 4549 τε

1712 4502 1889 4555 anima
1961 4499 2387 4571 pulchritudinis
2451 4495 2841 4568 perfectionem
2904 4494 3100 4565 adepta
3146 4496 3284 4550 duce

31 4591 318 4660 ειωθείσῃ
354 4590 441 4665 διά
468 4588 561 4641 τοῦ
601 4587 828 4651 κάλλους
854 4587 996 4658 ψυχῇ
1031 4603 1044 4616 ·
1076 4588 1328 4656 λέγουσαι
1352 4587 1487 4659 πρὸς
1511 4589 1607 4640 αὐ-

1716 4602 1960 4655 utuntnr,
1993 4607 2221 4662 eamque
2261 4591 2341 4646 sic
2371 4590 2697 4659 compellant
2722 4606 2736 4643 ;
2764 4586 2881 4655 Quo
2920 4586 3053 4641 abiit
3091 4603 3282 4657 cogna-

31 4692 146 4760 ἦν’
173 4680 309 4735 Ποῦ
360 4679 631 4749 ἀπῆλθεν
661 4682 692 4732 ὁ
733 4677 1054 4747 ἀδελφιδός
1097 4692 1234 4743 σου,
1270 4679 1306 4746 ἡ
1346 4678 1502 4746 καλὴ
1541 4679 1594 4731 ἐν

1715 4696 1798 4740 tus
1827 4696 1972 4746 tuus,
1995 4702 2024 4738 ο
2048 4685 2269 4754 pulchra
2293 4685 2431 4737 inter
2466 4682 2753 4736 mulieres?
2788 4697 2888 4750 quo
2929 4683 3151 4748 respexit
3191 4696 3283 4733 co-

31 4774 274 4838 υναιξί
302 4789 321 4837 ;
351 4774 473 4827 Ποῦ
523 4771 859 4841 ἀπέϐλεψεν
902 4775 932 4825 ό
966 4770 1287 4839 ἀδελφιδός
1331 4786 1479 4835 σου,
1509 4772 1607 4825 καὶ

32 4866 377 4939 πτήσομεν
395 4862 583 4916 αὑτὸν
621 4865 769 4932 μετὰ
800 4861 955 4926 σοῦ;
1000 4862 1327 4924 Ἀκολούθως
1357 4862 1413 4916 δὲ
1449 4879 1613 4934 προσ-ο

31 4974 223 5031 γουσι
253 4960 325 5027 τῇ
354 4955 655 5025 διδασκάλῳ
686 4954 782 5026 τὴν
816 4953 1007 5008 πεῦσιν
1046 4955 1099 5006 αἱ
1130 4953 1384 5025 παρθένοι
1422 4953 1607 5024 ψυχαί.

46 5051 253 5124 ρῶτον
306 5049 415 5119 γὰρ
448 5049 574 5118 περὶ
621 5047 712 5100 τοῦ
746 5046 798 5098 τί
845 5049 989 5098 ἐστιν
1032 5044 1290 5115 ἐποίησαν
1322 5044 1412 5098 τὸν
1435 5044 1609 5114 λόγον,

32 5167 56 5198 ψ
98 5142 192 5212 τῷ
226 5142 338 5212 πρὸ
372 5140 575 5211 ταύτης
604 5141 704 5210 τῆς
733 5139 942 5210 ῥήσεως
976 5140 1289 5210 ἐρωτήματι
1314 5138 1566 5207 λέγουσαι
1593 5153 1607 5165 °

1714 4788 1927 4848 gnatus,
1951 4787 1998 4831 et
2022 4792 2317 4847 quereremus
2336 4791 2454 4829 eum
2476 4776 2689 4829 tecum?
2728 4772 2896 4828 Recte
2918 4781 3096 4827 autem
3122 4780 3285 4842 atque

1708 4869 1899 4923 ordine
1958 4868 2195 4938 virgines
2249 4867 2350 4930 hae,
2387 4865 2643 4919 nimirum
2679 4866 2895 4926 animm,
2951 4878 3097 4918 nunc
3154 4864 3286 4918 illud

1713 4963 2072 5030 interrogant.
2131 4958 2375 5013 Primum
2439 4957 2585 5012 enim
2654 4957 2846 5011 locuta:
2903 4962 3034 5010 sunt
3074 4958 3141 5010 de
3197 4971 3285 5015 eo.

1713 5052 1977 5123 quidnam
2036 5060 2200 5115 esset,
2270 5065 2393 5104 cum
2454 5048 2797 5121 praecedente
2858 5047 3287 5116 interrogatione

1712 5149 1966 5212 qumrunt
1999 5161 2010 5195 :
2055 5141 2195 5207 Quid
2218 5149 2470 5209 cognatus
2513 5148 2653 5204 tuus,
2701 5156 2730 5192 ο
2761 5137 2980 5206 pulchra
3002 5137 3140 5190 inter
3171 5152 3279 5188 mu-

32 5238 69 5290 ’ἱ
138 5232 473 5302 ἀδελφιδός
519 5250 668 5296 σου,
707 5234 746 5300 ἡ
797 5228 953 5297 καλὴ
988 5230 1057 5283 ἐν
1089 5230 1398 5299 γυναιξίν;
1437 5231 1594 5301 Ὄπεε

1721 5237 1918 5291 lieres?
1977 5235 2043 5291 de
2098 5251 2206 5305 quo
2235 5234 2441 5289 edoctae
2482 5250 2579 5305 per
2610 5234 2857 5303 exposita
2890 5231 3109 5294 indicia,
3142 5229 3286 5300 quod

31 5327 373 5400 ιδαχθεῖσαι
398 5328 484 5380 διὰ
533 5328 636 5381 τῶν
669 5327 974 5399 εἰρημένων
1019 5326 1279 5396 σημείων,
1304 5326 1384 5378 ὅτι
1424 5326 1594 5378 λευκὸς

1719 5326 2007 5389 candidus,
2048 5334 2101 5380 et
2131 5326 2494 5393 rubicundus,
2520 5334 2574 5379 et
2629 5332 2844 5389 caetera,
2872 5322 3074 5393 quibus
3112 5321 3286 5375 forma

32 5423 108 5477 αἱ
153 5419 397 5491 πυρρὸς,
418 5421 509 5472 καὶ
540 5420 608 5473 τά
636 5419 797 5473 λοιπά
836 5419 901 5471 δι’
936 5410 1009 5473 ὧν
1049 5417 1353 5488 ὑπογράφει
1379 5417 1441 5470 τὸ
1478 5413 1613 5479 εἶδος

31 5514 109 5569 αὖ
143 5510 516 5581 ζητουμένου,
556 5512 681 5582 περὶ
722 5511 817 5564 τοῦ
848 5512 979 5564 ὅπου
1010 5511 1382 5564 πυνθάνονται.
1407 5510 1500 5562 Διὸ
1531 5509 1613 5561 λέ-

31 5620 207 5668 ουσι,
245 5602 377 5655 Ποῦ
398 5601 667 5669 ἀπῆλθεν
694 5606 726 5658 d
751 5603 1072 5672 ἁδελφιδός
1104 5619 1240 5667 σου,
1273 5602 1304 5674 ἢ
1333 5602 1449 5657 ποῦ
1475 5601 1616 5656 ἁπέ-

32 5697 266 5764 λεψεν
282 5709 307 5758 ;
330 5693 448 5745 Ἵνα
474 5693 687 5758 πάντως
714 5696 846 5749 ὅπου
878 5695 976 5765 μέν
1000 5696 1114 5748 ἐστι
1145 5694 1615 5766 μαθοῦσαι,προσ-

1552 5799 1603 5811 -δῆ

76 5877 138 5913 ⁸³
167 5874 351 5935 Joan.
385 5892 421 5943 l,
453 5877 539 5931 43.
617 5874 664 5908 ⁸⁸
686 5874 819 5930 ibid.
852 5873 909 5929 41
947 5882 1069 5945 Sqq.

1719 5420 1932 5490 quaesiti
1963 5419 2236 5490 descripta
2280 5427 2402 5476 est:
2437 5434 2583 5473 nunc
2610 5418 2678 5474 de
2710 5418 2831 5472 loco
2860 5416 2953 5470 ubi
2990 5415 3082 5479 sit,
3116 5414 3285 5469 inter-

1718 5519 1933 5583 rogant.
1976 5510 2091 5567 Non
2143 5520 2427 5582 propterea
2460 5511 2673 5574 dicunt,
2724 5509 2839 5576 Quo
2862 5507 2993 5560 abiit
3033 5516 3286 5578 cognatus

1722 5616 1863 5669 tuus,
1890 5605 1975 5660 vel
2001 5620 2102 5674 quo
2152 5604 2422 5674 respexit?
2451 5612 2509 5658 ut
2548 5601 2768 5673 cognito
2809 5614 3033 5671 prorsus
3064 5598 3157 5655 ubi
3191 5600 3286 5666 sit,

1722 5696 1947 5753 adorent
1978 5696 2030 5751 in
2082 5695 2179 5752 illo
2206 5695 2347 5762 loco,
2381 5709 2492 5757 auo
2531 5694 2701 5751 aedes
2728 5692 2878 5749 illius
2905 5692 3198 5748 steterint:
3231 5699 3284 5747 et
