  <div class='ocr_page' id='page_1' title='image "/cluster/home/n/w/nwhite01/storage/ocr_20150623/44/hvd.32044012542270/555.png"; bbox 0 0 4004 6520; ppageno 0'>
   <div class='ocr_carea' id='block_1_1' title="bbox 629 383 761 441">
    <p class='ocr_par' dir='ltr' id='par_1_1' title="bbox 629 383 761 441">
     <span class='ocr_line' id='line_1_1' title="bbox 629 383 761 441; baseline 0.008 -3"><span class='ocrx_word' id='word_1_1' title='bbox 629 383 761 441; x_wconf 71' lang='grc' dir='ltr'><strong>ιθοι</strong></span> 
     </span>
    </p>
   </div>
   <div class='ocr_carea' id='block_1_2' title="bbox 1851 384 2612 444">
    <p class='ocr_par' dir='ltr' id='par_1_2' title="bbox 1851 384 2612 444">
     <span class='ocr_line' id='line_1_2' title="bbox 1851 384 2612 444; baseline 0.005 -4"><span class='ocrx_word' id='word_1_2' title='bbox 1851 384 1912 440; x_wconf 89' lang='lat' dir='ltr'><strong>S.</strong></span> <span class='ocrx_word' id='word_1_3' title='bbox 1953 385 2280 442; x_wconf 75' lang='lat' dir='ltr'><strong>GRECORII</strong></span> <span class='ocrx_word' id='word_1_4' title='bbox 2321 387 2612 444; x_wconf 77' lang='lat' dir='ltr'><strong>NYSSENI</strong></span> 
     </span>
    </p>
   </div>
   <div class='ocr_carea' id='block_1_3' title="bbox 3681 402 3913 481">
    <p class='ocr_par' dir='ltr' id='par_1_3' title="bbox 3681 402 3913 481">
     <span class='ocr_line' id='line_1_3' title="bbox 3681 402 3913 481; baseline 0.026 -24"><span class='ocrx_word' id='word_1_5' title='bbox 3681 402 3913 481; x_wconf 51' lang='lat' dir='ltr'><strong>tos:</strong></span> 
     </span>
    </p>
   </div>
   <div class='ocr_carea' id='block_1_4' title="bbox 625 499 2177 586">
    <p class='ocr_par' dir='ltr' id='par_1_4' title="bbox 625 499 2177 572">
     <span class='ocr_line' id='line_1_4' title="bbox 625 499 2177 572; baseline 0.002 -18"><span class='ocrx_word' id='word_1_6' title='bbox 625 518 738 572; x_wconf 85' lang='lat' dir='ltr'><strong>quo</strong></span> <span class='ocrx_word' id='word_1_7' title='bbox 794 499 1049 568; x_wconf 84' lang='lat' dir='ltr'><strong>respiciat</strong></span> <span class='ocrx_word' id='word_1_8' title='bbox 1105 504 1332 560; x_wconf 66' lang='lat' dir='ltr'><strong>edoctae.</strong></span> <span class='ocrx_word' id='word_1_9' title='bbox 1367 500 1448 552; x_wconf 89' lang='lat' dir='ltr'><strong>sic</strong></span> <span class='ocrx_word' id='word_1_10' title='bbox 1492 507 1663 554; x_wconf 88' lang='lat' dir='ltr'><strong>semet</strong></span> <span class='ocrx_word' id='word_1_11' title='bbox 1690 502 2051 567; x_wconf 82' lang='lat' dir='ltr'><strong>constituant,</strong></span> <span class='ocrx_word' id='word_1_12' title='bbox 2081 519 2177 572; x_wconf 84' lang='lat' dir='ltr'><strong>quc</strong></span> 
     </span>
    </p>
   </div>
   <div class='ocr_carea' id='block_1_5' title="bbox 2261 499 3777 586">
    <p class='ocr_par' dir='ltr' id='par_1_5' title="bbox 2261 499 3777 586">
     <span class='ocr_line' id='line_1_5' title="bbox 2261 499 3777 586; baseline 0.013 -30"><span class='ocrx_word' id='word_1_13' title='bbox 2261 550 2268 563; x_wconf 72' lang='grc'><em>,</em></span> <span class='ocrx_word' id='word_1_14' title='bbox 2295 507 2596 577; x_wconf 86' lang='grc' dir='ltr'><strong>κυνήσωσιν</strong></span> <span class='ocrx_word' id='word_1_15' title='bbox 2627 507 2706 570; x_wconf 86' lang='grc' dir='ltr'><strong>είς</strong></span> <span class='ocrx_word' id='word_1_16' title='bbox 2737 507 2826 561; x_wconf 83' lang='grc' dir='ltr'><strong>τὸν</strong></span> <span class='ocrx_word' id='word_1_17' title='bbox 2861 507 3021 560; x_wconf 85' lang='grc' dir='ltr'>τόπον</span> <span class='ocrx_word' id='word_1_18' title='bbox 3051 499 3112 560; x_wconf 74' lang='grc' dir='ltr'><strong>οὗ</strong></span> <span class='ocrx_word' id='word_1_19' title='bbox 3139 505 3366 577; x_wconf 73' lang='grc' dir='ltr'><strong>ἔστησαν</strong></span> <span class='ocrx_word' id='word_1_20' title='bbox 3405 511 3450 563; x_wconf 80' lang='lat' dir='ltr'><strong>oi</strong></span> <span class='ocrx_word' id='word_1_21' title='bbox 3474 510 3613 576; x_wconf 86' lang='grc' dir='ltr'><strong>πόδες</strong></span> <span class='ocrx_word' id='word_1_22' title='bbox 3639 519 3777 586; x_wconf 70' lang='grc' dir='ltr'><strong>αὐτοῦ,</strong></span> 
     </span>
    </p>
   </div>
   <div class='ocr_carea' id='block_1_6' title="bbox 625 589 2198 665">
    <p class='ocr_par' dir='ltr' id='par_1_6' title="bbox 625 589 2198 665">
     <span class='ocr_line' id='line_1_6' title="bbox 625 589 2198 665; baseline 0 -17"><span class='ocrx_word' id='word_1_23' title='bbox 625 600 679 648; x_wconf 86' lang='lat' dir='ltr'><strong>et</strong></span> <span class='ocrx_word' id='word_1_24' title='bbox 714 591 782 646; x_wconf 88' lang='lat' dir='ltr'><strong>ab</strong></span> <span class='ocrx_word' id='word_1_25' title='bbox 812 592 945 662; x_wconf 84' lang='lat' dir='ltr'><strong>ipsis</strong></span> <span class='ocrx_word' id='word_1_26' title='bbox 966 590 1084 660; x_wconf 84' lang='lat' dir='ltr'><strong>ejus</strong></span> <span class='ocrx_word' id='word_1_27' title='bbox 1107 589 1280 660; x_wconf 81' lang='lat' dir='ltr'><strong>gloria</strong></span> <span class='ocrx_word' id='word_1_28' title='bbox 1322 591 1711 660; x_wconf 86' lang='lat' dir='ltr'><strong>conspiciatur,</strong></span> <span class='ocrx_word' id='word_1_29' title='bbox 1729 593 1887 662; x_wconf 90' lang='lat' dir='ltr'><strong>cujus</strong></span> <span class='ocrx_word' id='word_1_30' title='bbox 1926 595 2198 665; x_wconf 84' lang='lat' dir='ltr'><strong>apparitio</strong></span> 
     </span>
    </p>
   </div>
   <div class='ocr_carea' id='block_1_7' title="bbox 625 681 2198 753">
    <p class='ocr_par' dir='ltr' id='par_1_7' title="bbox 625 681 2198 753">
     <span class='ocr_line' id='line_1_7' title="bbox 625 681 2198 753; baseline 0.001 -15"><span class='ocrx_word' id='word_1_31' title='bbox 625 685 854 738; x_wconf 84' lang='lat' dir='ltr'><strong>salutem</strong></span> <span class='ocrx_word' id='word_1_32' title='bbox 884 681 1033 736; x_wconf 78' lang='lat' dir='ltr'><strong>aﬂ&#39;ert</strong></span> <span class='ocrx_word' id='word_1_33' title='bbox 1102 682 1529 750; x_wconf 83' lang='lat' dir='ltr'><strong>aspectantihus,</strong></span> <span class='ocrx_word' id='word_1_34' title='bbox 1574 685 2029 753; x_wconf 87' lang='lat' dir='ltr'><strong>quemadmodum</strong></span> <span class='ocrx_word' id='word_1_35' title='bbox 2061 685 2198 740; x_wconf 87' lang='lat' dir='ltr'><strong>Pro-</strong></span> 
     </span>
    </p>
   </div>
   <div class='ocr_carea' id='block_1_8' title="bbox 623 771 2198 844">
    <p class='ocr_par' dir='ltr' id='par_1_8' title="bbox 623 771 2198 844">
     <span class='ocr_line' id='line_1_8' title="bbox 623 771 2198 844; baseline 0.003 -18"><span class='ocrx_word' id='word_1_36' title='bbox 623 775 786 843; x_wconf 82' lang='lat' dir='ltr'><strong>pheta</strong></span> <span class='ocrx_word' id='word_1_37' title='bbox 843 773 931 826; x_wconf 89' lang='lat' dir='ltr'><strong>ille</strong></span> <span class='ocrx_word' id='word_1_38' title='bbox 966 773 1209 842; x_wconf 83' lang='lat' dir='ltr'><strong>loquitur</strong></span> <span class='ocrx_word' id='word_1_39' title='bbox 1245 771 1513 827; x_wconf 81' lang='lat' dir='ltr'><strong>:Ostende</strong></span> <span class='ocrx_word' id='word_1_40' title='bbox 1546 775 1695 829; x_wconf 84' lang='lat' dir='ltr'><strong>nobis</strong></span> <span class='ocrx_word' id='word_1_41' title='bbox 1731 775 1922 844; x_wconf 78' lang='lat' dir='ltr'><strong>faciem</strong></span> <span class='ocrx_word' id='word_1_42' title='bbox 1957 787 2123 841; x_wconf 84' lang='lat' dir='ltr'><strong>tuam,</strong></span> <span class='ocrx_word' id='word_1_43' title='bbox 2147 786 2198 831; x_wconf 83' lang='lat' dir='ltr'><strong>et</strong></span> 
     </span>
    </p>
   </div>
   <div class='ocr_carea' id='block_1_9' title="bbox 622 862 2194 937">
    <p class='ocr_par' dir='ltr' id='par_1_9' title="bbox 622 862 2194 937">
     <span class='ocr_line' id='line_1_9' title="bbox 622 862 2194 937; baseline 0.004 -21"><span class='ocrx_word' id='word_1_44' title='bbox 622 864 757 917; x_wconf 82' lang='lat' dir='ltr'><strong>salvi</strong></span> <span class='ocrx_word' id='word_1_45' title='bbox 793 864 990 917; x_wconf 87' lang='lat' dir='ltr'><strong>erimus</strong></span> <span class='ocrx_word' id='word_1_46' title='bbox 1043 863 1108 916; x_wconf 76' lang='lat'><strong>&quot;.</strong></span> <span class='ocrx_word' id='word_1_47' title='bbox 1145 862 1402 934; x_wconf 83' lang='lat' dir='ltr'><strong>Magistra</strong></span> <span class='ocrx_word' id='word_1_48' title='bbox 1453 879 1584 919; x_wconf 87' lang='lat' dir='ltr'><strong>vero</strong></span> <span class='ocrx_word' id='word_1_49' title='bbox 1643 865 1756 920; x_wconf 55' lang='lat' dir='ltr'><strong>haec</strong></span> <span class='ocrx_word' id='word_1_50' title='bbox 1791 866 1855 920; x_wconf 92' lang='lat' dir='ltr'><strong>ad</strong></span> <span class='ocrx_word' id='word_1_51' title='bbox 1886 869 2194 937; x_wconf 78' lang='lat' dir='ltr'><strong>exemplum</strong></span> 
     </span>
    </p>
   </div>
   <div class='ocr_carea' id='block_1_10' title="bbox 622 943 2193 1026">
    <p class='ocr_par' dir='ltr' id='par_1_10' title="bbox 622 943 2193 1026">
     <span class='ocr_line' id='line_1_10' title="bbox 622 943 2193 1026; baseline 0.003 -20"><span class='ocrx_word' id='word_1_52' title='bbox 622 952 856 1023; x_wconf 87' lang='lat' dir='ltr'><strong>Philippi</strong></span> <span class='ocrx_word' id='word_1_53' title='bbox 902 943 1159 1018; x_wconf 81' lang='lat' dir='ltr'><strong>dicentis,</strong></span> <span class='ocrx_word' id='word_1_54' title='bbox 1234 953 1360 1009; x_wconf 83' lang='lat' dir='ltr'><strong>Veni</strong></span> <span class='ocrx_word' id='word_1_55' title='bbox 1415 972 1477 1009; x_wconf 87' lang='lat' dir='ltr'><strong>ac</strong></span> <span class='ocrx_word' id='word_1_56' title='bbox 1517 955 1652 1021; x_wconf 88' lang='lat' dir='ltr'><strong>vide,</strong></span> <span class='ocrx_word' id='word_1_57' title='bbox 1685 957 1888 1026; x_wconf 68' lang='lat' dir='ltr'><strong>prarbet</strong></span> <span class='ocrx_word' id='word_1_58' title='bbox 1916 973 1975 1012; x_wconf 85' lang='lat' dir='ltr'><strong>se</strong></span> <span class='ocrx_word' id='word_1_59' title='bbox 1999 959 2193 1013; x_wconf 89' lang='lat' dir='ltr'><strong>ducem</strong></span> 
     </span>
    </p>
   </div>
   <div class='ocr_carea' id='block_1_11' title="bbox 622 1046 2194 1118">
    <p class='ocr_par' dir='ltr' id='par_1_11' title="bbox 622 1046 2194 1118">
     <span class='ocr_line' id='line_1_11' title="bbox 622 1046 2194 1118; baseline 0.004 -20"><span class='ocrx_word' id='word_1_60' title='bbox 622 1046 947 1116; x_wconf 79' lang='lat' dir='ltr'><strong>virginibus,</strong></span> <span class='ocrx_word' id='word_1_61' title='bbox 1005 1055 1064 1100; x_wconf 93' lang='lat' dir='ltr'><strong>ut</strong></span> <span class='ocrx_word' id='word_1_62' title='bbox 1121 1063 1280 1116; x_wconf 86' lang='lat' dir='ltr'><strong>quem</strong></span> <span class='ocrx_word' id='word_1_63' title='bbox 1334 1049 1654 1115; x_wconf 61' lang='lat' dir='ltr'><strong>quaerebant</strong></span> <span class='ocrx_word' id='word_1_64' title='bbox 1694 1062 2058 1118; x_wconf 84' lang='lat' dir='ltr'><strong>assequamur</strong></span> <span class='ocrx_word' id='word_1_65' title='bbox 2095 1071 2108 1106; x_wconf 91' lang='lat'>:</span> <span class='ocrx_word' id='word_1_66' title='bbox 2141 1061 2194 1106; x_wconf 91' lang='lat' dir='ltr'><strong>et</strong></span> 
     </span>
    </p>
   </div>
   <div class='ocr_carea' id='block_1_12' title="bbox 620 1128 2193 1211">
    <p class='ocr_par' dir='ltr' id='par_1_12' title="bbox 620 1128 2193 1211">
     <span class='ocr_line' id='line_1_12' title="bbox 620 1128 2193 1211; baseline 0.003 -22"><span class='ocrx_word' id='word_1_67' title='bbox 620 1153 721 1207; x_wconf 90' lang='lat' dir='ltr'><strong>pro</strong></span> <span class='ocrx_word' id='word_1_68' title='bbox 748 1153 813 1191; x_wconf 91' lang='lat' dir='ltr'><strong>eo</strong></span> <span class='ocrx_word' id='word_1_69' title='bbox 849 1138 991 1207; x_wconf 83' lang='lat' dir='ltr'><strong>quod</strong></span> <span class='ocrx_word' id='word_1_70' title='bbox 1049 1139 1265 1200; x_wconf 75' lang='lat' dir='ltr'><strong>ait-ille,</strong></span> <span class='ocrx_word' id='word_1_71' title='bbox 1311 1137 1436 1193; x_wconf 82' lang='lat' dir='ltr'><strong>Vide</strong></span> <span class='ocrx_word' id='word_1_72' title='bbox 1464 1128 1697 1193; x_wconf 47' lang='lat' dir='ltr'><strong>:‘locum</strong></span> <span class='ocrx_word' id='word_1_73' title='bbox 1746 1141 1970 1205; x_wconf 83' lang='lat' dir='ltr'><strong>indicat,</strong></span> <span class='ocrx_word' id='word_1_74' title='bbox 2003 1142 2054 1194; x_wconf 92' lang='lat' dir='ltr'><strong>in</strong></span> <span class='ocrx_word' id='word_1_75' title='bbox 2084 1159 2193 1211; x_wconf 82' lang='lat' dir='ltr'><strong>quo</strong></span> 
     </span>
    </p>
   </div>
   <div class='ocr_carea' id='block_1_13' title="bbox 619 1229 2192 1300">
    <p class='ocr_par' dir='ltr' id='par_1_13' title="bbox 619 1229 2192 1300">
     <span class='ocr_line' id='line_1_13' title="bbox 619 1229 2192 1300; baseline 0.004 -20"><span class='ocrx_word' id='word_1_76' title='bbox 619 1229 693 1281; x_wconf 85' lang='lat' dir='ltr'><strong>sit</strong></span> <span class='ocrx_word' id='word_1_77' title='bbox 722 1229 768 1283; x_wconf 89' lang='lat' dir='ltr'><strong>is</strong></span> <span class='ocrx_word' id='word_1_78' title='bbox 801 1244 960 1298; x_wconf 86' lang='lat' dir='ltr'><strong>quem</strong></span> <span class='ocrx_word' id='word_1_79' title='bbox 991 1237 1261 1298; x_wconf 58' lang='lat' dir='ltr'><strong>quierunt,</strong></span> <span class='ocrx_word' id='word_1_80' title='bbox 1296 1229 1593 1300; x_wconf 86' lang='lat' dir='ltr'><strong>itidemque</strong></span> <span class='ocrx_word' id='word_1_81' title='bbox 1634 1245 1744 1299; x_wconf 89' lang='lat' dir='ltr'><strong>quo</strong></span> <span class='ocrx_word' id='word_1_82' title='bbox 1777 1232 2051 1300; x_wconf 85' lang='lat' dir='ltr'><strong>respiciat.</strong></span> <span class='ocrx_word' id='word_1_83' title='bbox 2100 1232 2192 1286; x_wconf 84' lang='lat' dir='ltr'><strong>Sic</strong></span> 
     </span>
    </p>
   </div>
   <div class='ocr_carea' id='block_1_14' title="bbox 617 1321 2191 1390">
    <p class='ocr_par' dir='ltr' id='par_1_14' title="bbox 617 1321 2191 1390">
     <span class='ocr_line' id='line_1_14' title="bbox 617 1321 2191 1390; baseline 0.001 -15"><span class='ocrx_word' id='word_1_84' title='bbox 617 1321 762 1375; x_wconf 87' lang='lat' dir='ltr'><strong>enim</strong></span> <span class='ocrx_word' id='word_1_85' title='bbox 793 1321 865 1374; x_wconf 87' lang='lat' dir='ltr'><strong>ait</strong></span> <span class='ocrx_word' id='word_1_86' title='bbox 893 1340 907 1376; x_wconf 86' lang='lat'><strong>:</strong></span> <span class='ocrx_word' id='word_1_87' title='bbox 938 1321 1202 1390; x_wconf 78' lang='lat' dir='ltr'><strong>Cognatas</strong></span> <span class='ocrx_word' id='word_1_88' title='bbox 1249 1338 1391 1376; x_wconf 80' lang='lat' dir='ltr'><strong>meus</strong></span> <span class='ocrx_word' id='word_1_89' title='bbox 1423 1321 1685 1376; x_wconf 76' lang='lat' dir='ltr'><strong>descendit</strong></span> <span class='ocrx_word' id='word_1_90' title='bbox 1723 1323 1776 1376; x_wconf 87' lang='lat' dir='ltr'><strong>in</strong></span> <span class='ocrx_word' id='word_1_91' title='bbox 1797 1322 2004 1377; x_wconf 81' lang='lat' dir='ltr'><strong>hortum</strong></span> <span class='ocrx_word' id='word_1_92' title='bbox 2037 1341 2191 1377; x_wconf 77' lang='lat' dir='ltr'><strong>suum</strong></span> 
     </span>
    </p>
   </div>
   <div class='ocr_carea' id='block_1_15' title="bbox 618 1409 2188 1481">
    <p class='ocr_par' dir='ltr' id='par_1_15' title="bbox 618 1409 2188 1481">
     <span class='ocr_line' id='line_1_15' title="bbox 618 1409 2188 1481; baseline 0.003 -17"><span class='ocrx_word' id='word_1_93' title='bbox 618 1411 689 1464; x_wconf 85' lang='lat' dir='ltr'><strong>ad</strong></span> <span class='ocrx_word' id='word_1_94' title='bbox 713 1411 924 1481; x_wconf 78' lang='lat' dir='ltr'><strong>phialas</strong></span> <span class='ocrx_word' id='word_1_95' title='bbox 953 1413 1236 1465; x_wconf 77' lang='lat' dir='ltr'><strong>aromatis.</strong></span> <span class='ocrx_word' id='word_1_96' title='bbox 1286 1409 1561 1466; x_wconf 85' lang='lat' dir='ltr'><strong>Hactenus</strong></span> <span class='ocrx_word' id='word_1_97' title='bbox 1602 1411 1933 1476; x_wconf 86' lang='lat' dir='ltr'><strong>ostenditur,</strong></span> <span class='ocrx_word' id='word_1_98' title='bbox 1964 1413 2053 1467; x_wconf 85' lang='lat' dir='ltr'><strong>ubi</strong></span> <span class='ocrx_word' id='word_1_99' title='bbox 2095 1415 2188 1468; x_wconf 90' lang='lat' dir='ltr'><strong>sit.</strong></span> 
     </span>
    </p>
   </div>
   <div class='ocr_carea' id='block_1_16' title="bbox 619 1504 2189 1576">
    <p class='ocr_par' dir='ltr' id='par_1_16' title="bbox 619 1504 2189 1576">
     <span class='ocr_line' id='line_1_16' title="bbox 619 1504 2189 1576; baseline 0.003 -18"><span class='ocrx_word' id='word_1_100' title='bbox 619 1504 887 1576; x_wconf 88' lang='lat' dir='ltr'><strong>Deinceps</strong></span> <span class='ocrx_word' id='word_1_101' title='bbox 925 1521 1074 1568; x_wconf 88' lang='lat' dir='ltr'><strong>vero,</strong></span> <span class='ocrx_word' id='word_1_102' title='bbox 1119 1505 1248 1576; x_wconf 89' lang='lat' dir='ltr'><strong>quid</strong></span> <span class='ocrx_word' id='word_1_103' title='bbox 1293 1512 1525 1574; x_wconf 86' lang='lat' dir='ltr'><strong>spectet,</strong></span> <span class='ocrx_word' id='word_1_104' title='bbox 1558 1512 1612 1560; x_wconf 89' lang='lat' dir='ltr'><strong>et</strong></span> <span class='ocrx_word' id='word_1_105' title='bbox 1638 1521 1748 1575; x_wconf 92' lang='lat' dir='ltr'><strong>quo</strong></span> <span class='ocrx_word' id='word_1_106' title='bbox 1793 1506 2075 1575; x_wconf 88' lang='lat' dir='ltr'><strong>respiciat,</strong></span> <span class='ocrx_word' id='word_1_107' title='bbox 2101 1508 2189 1564; x_wconf 92' lang='lat' dir='ltr'><strong>his</strong></span> 
     </span>
    </p>
   </div>
   <div class='ocr_carea' id='block_1_17' title="bbox 616 1596 2189 1665">
    <p class='ocr_par' dir='ltr' id='par_1_17' title="bbox 616 1596 2189 1665">
     <span class='ocr_line' id='line_1_17' title="bbox 616 1596 2189 1665; baseline 0.002 -16"><span class='ocrx_word' id='word_1_108' title='bbox 616 1597 800 1651; x_wconf 83' lang='lat' dir='ltr'><strong>verbis</strong></span> <span class='ocrx_word' id='word_1_109' title='bbox 851 1597 1107 1665; x_wconf 86' lang='lat' dir='ltr'><strong>magistra</strong></span> <span class='ocrx_word' id='word_1_110' title='bbox 1153 1604 1460 1650; x_wconf 87' lang='lat' dir='ltr'><strong>monstrat:</strong></span> <span class='ocrx_word' id='word_1_111' title='bbox 1504 1596 1566 1651; x_wconf 86' lang='lat' dir='ltr'><strong>Ut</strong></span> <span class='ocrx_word' id='word_1_112' title='bbox 1614 1607 1796 1660; x_wconf 74' lang='lat' dir='ltr'><strong>pascat</strong></span> <span class='ocrx_word' id='word_1_113' title='bbox 1826 1601 1878 1652; x_wconf 84' lang='lat' dir='ltr'><strong>in</strong></span> <span class='ocrx_word' id='word_1_114' title='bbox 1921 1600 2108 1660; x_wconf 82' lang='lat' dir='ltr'><strong>hortis,</strong></span> <span class='ocrx_word' id='word_1_115' title='bbox 2141 1609 2189 1654; x_wconf 83' lang='lat' dir='ltr'><strong>et</strong></span> 
     </span>
    </p>
   </div>
   <div class='ocr_carea' id='block_1_18' title="bbox 617 1685 2188 1758">
    <p class='ocr_par' dir='ltr' id='par_1_18' title="bbox 617 1685 2188 1758">
     <span class='ocr_line' id='line_1_18' title="bbox 617 1685 2188 1758; baseline 0.003 -19"><span class='ocrx_word' id='word_1_116' title='bbox 617 1687 833 1756; x_wconf 79' lang='lat' dir='ltr'><strong>colligat</strong></span> <span class='ocrx_word' id='word_1_117' title='bbox 889 1685 1027 1738; x_wconf 84' lang='lat' dir='ltr'><strong>lilia.</strong></span> <span class='ocrx_word' id='word_1_118' title='bbox 1062 1685 1240 1755; x_wconf 83' lang='lat' dir='ltr'><strong>Atque</strong></span> <span class='ocrx_word' id='word_1_119' title='bbox 1272 1685 1385 1740; x_wconf 64' lang='lat' dir='ltr'><strong>haec</strong></span> <span class='ocrx_word' id='word_1_120' title='bbox 1417 1687 1572 1756; x_wconf 91' lang='lat' dir='ltr'><strong>quasi</strong></span> <span class='ocrx_word' id='word_1_121' title='bbox 1621 1687 1869 1757; x_wconf 67' lang='lat' dir='ltr'><strong>quaedam</strong></span> <span class='ocrx_word' id='word_1_122' title='bbox 1926 1702 2188 1758; x_wconf 87' lang='lat' dir='ltr'><strong>corporea</strong></span> 
     </span>
    </p>
   </div>
   <div class='ocr_carea' id='block_1_19' title="bbox 613 1777 2188 1847">
    <p class='ocr_par' dir='ltr' id='par_1_19' title="bbox 613 1777 2188 1847">
     <span class='ocr_line' id='line_1_19' title="bbox 613 1777 2188 1847; baseline 0.003 -15"><span class='ocrx_word' id='word_1_123' title='bbox 613 1787 670 1832; x_wconf 90' lang='lat' dir='ltr'><strong>et</strong></span> <span class='ocrx_word' id='word_1_124' title='bbox 718 1784 943 1830; x_wconf 74' lang='lat' dir='ltr'><strong>externa</strong></span> <span class='ocrx_word' id='word_1_125' title='bbox 996 1785 1078 1831; x_wconf 92' lang='lat' dir='ltr'><strong>est</strong></span> <span class='ocrx_word' id='word_1_126' title='bbox 1132 1791 1230 1845; x_wconf 87' lang='lat' dir='ltr'><strong>pro</strong></span> <span class='ocrx_word' id='word_1_127' title='bbox 1270 1777 1584 1847; x_wconf 85' lang='lat' dir='ltr'><strong>juvenculis</strong></span> <span class='ocrx_word' id='word_1_128' title='bbox 1619 1779 1998 1843; x_wconf 88' lang='lat' dir='ltr'><strong>manuductio,</strong></span> <span class='ocrx_word' id='word_1_129' title='bbox 2043 1782 2188 1836; x_wconf 88' lang='lat' dir='ltr'><strong>unde</strong></span> 
     </span>
    </p>
   </div>
   <div class='ocr_carea' id='block_1_20' title="bbox 614 1868 2082 1943">
    <p class='ocr_par' dir='ltr' id='par_1_20' title="bbox 614 1868 2082 1943">
     <span class='ocr_line' id='line_1_20' title="bbox 614 1868 2082 1943; baseline 0.003 -19"><span class='ocrx_word' id='word_1_130' title='bbox 614 1869 926 1940; x_wconf 89' lang='lat' dir='ltr'><strong>intelligunt</strong></span> <span class='ocrx_word' id='word_1_131' title='bbox 958 1868 1062 1924; x_wconf 73' lang='lat' dir='ltr'><strong>illa:</strong></span> <span class='ocrx_word' id='word_1_132' title='bbox 1096 1884 1206 1926; x_wconf 90' lang='lat' dir='ltr'><strong>tam</strong></span> <span class='ocrx_word' id='word_1_133' title='bbox 1235 1869 1327 1924; x_wconf 91' lang='lat' dir='ltr'><strong>ubi</strong></span> <span class='ocrx_word' id='word_1_134' title='bbox 1354 1871 1446 1934; x_wconf 92' lang='lat' dir='ltr'><strong>sit,</strong></span> <span class='ocrx_word' id='word_1_135' title='bbox 1467 1886 1632 1941; x_wconf 87' lang='lat' dir='ltr'><strong>quam</strong></span> <span class='ocrx_word' id='word_1_136' title='bbox 1662 1885 1773 1943; x_wconf 93' lang='lat' dir='ltr'><strong>quo</strong></span> <span class='ocrx_word' id='word_1_137' title='bbox 1803 1872 2082 1943; x_wconf 83' lang='lat' dir='ltr'><strong>respiciat.</strong></span> 
     </span>
    </p>
   </div>
   <div class='ocr_carea' id='block_1_21' title="bbox 682 2169 2186 2244">
    <p class='ocr_par' dir='ltr' id='par_1_21' title="bbox 682 2169 2186 2244">
     <span class='ocr_line' id='line_1_21' title="bbox 682 2169 2186 2244; baseline 0.004 -17"><span class='ocrx_word' id='word_1_138' title='bbox 682 2169 922 2228; x_wconf 88' lang='lat' dir='ltr'><strong>Omnino</strong></span> <span class='ocrx_word' id='word_1_139' title='bbox 953 2186 1084 2228; x_wconf 83' lang='lat' dir='ltr'><strong>vero</strong></span> <span class='ocrx_word' id='word_1_140' title='bbox 1118 2171 1283 2228; x_wconf 89' lang='lat' dir='ltr'><strong>etiam</strong></span> <span class='ocrx_word' id='word_1_141' title='bbox 1315 2171 1524 2228; x_wconf 87' lang='lat' dir='ltr'><strong>utilitas</strong></span> <span class='ocrx_word' id='word_1_142' title='bbox 1557 2173 1741 2244; x_wconf 90' lang='lat' dir='ltr'><strong>aliqua</strong></span> <span class='ocrx_word' id='word_1_143' title='bbox 1776 2174 1844 2229; x_wconf 79' lang='lat' dir='ltr'><strong>de</strong></span> <span class='ocrx_word' id='word_1_144' title='bbox 1876 2175 1965 2232; x_wconf 91' lang='lat' dir='ltr'><strong>bis</strong></span> <span class='ocrx_word' id='word_1_145' title='bbox 1998 2177 2186 2233; x_wconf 85' lang='lat' dir='ltr'><strong>verbis</strong></span> 
     </span>
    </p>
   </div>
   <div class='ocr_carea' id='block_1_22' title="bbox 608 2261 2180 2335">
    <p class='ocr_par' dir='ltr' id='par_1_22' title="bbox 608 2261 2180 2335">
     <span class='ocr_line' id='line_1_22' title="bbox 608 2261 2180 2335; baseline 0.002 -16"><span class='ocrx_word' id='word_1_146' title='bbox 608 2277 644 2318; x_wconf 74' lang='grc' dir='ltr'><strong>α</strong></span> <span class='ocrx_word' id='word_1_147' title='bbox 689 2270 888 2319; x_wconf 88' lang='lat' dir='ltr'><strong>sancto</strong></span> <span class='ocrx_word' id='word_1_148' title='bbox 938 2261 1149 2334; x_wconf 89' lang='lat' dir='ltr'><strong>Spiritu</strong></span> <span class='ocrx_word' id='word_1_149' title='bbox 1204 2261 1467 2334; x_wconf 80' lang='lat' dir='ltr'><strong>profectis</strong></span> <span class='ocrx_word' id='word_1_150' title='bbox 1501 2264 1849 2335; x_wconf 88' lang='lat' dir='ltr'><strong>percipienda</strong></span> <span class='ocrx_word' id='word_1_151' title='bbox 1877 2267 2033 2324; x_wconf 90' lang='lat' dir='ltr'><strong>nobis</strong></span> <span class='ocrx_word' id='word_1_152' title='bbox 2063 2277 2180 2334; x_wconf 87' lang='lat' dir='ltr'><strong>est,</strong></span> 
     </span>
    </p>
   </div>
   <div class='ocr_carea' id='block_1_23' title="bbox 609 2352 2185 2424">
    <p class='ocr_par' dir='ltr' id='par_1_23' title="bbox 609 2352 2185 2424">
     <span class='ocr_line' id='line_1_23' title="bbox 609 2352 2185 2424; baseline 0.002 -15"><span class='ocrx_word' id='word_1_153' title='bbox 609 2352 777 2424; x_wconf 82' lang='lat' dir='ltr'><strong>idque</strong></span> <span class='ocrx_word' id='word_1_154' title='bbox 817 2369 913 2424; x_wconf 87' lang='lat' dir='ltr'><strong>per</strong></span> <span class='ocrx_word' id='word_1_155' title='bbox 945 2352 1469 2422; x_wconf 84' lang='lat' dir='ltr'><strong>contemplationem</strong></span> <span class='ocrx_word' id='word_1_156' title='bbox 1506 2353 1868 2423; x_wconf 87' lang='lat' dir='ltr'><strong>spiritualem.</strong></span> <span class='ocrx_word' id='word_1_157' title='bbox 1907 2356 2044 2411; x_wconf 87' lang='lat' dir='ltr'><strong>Cum</strong></span> <span class='ocrx_word' id='word_1_158' title='bbox 2083 2357 2185 2424; x_wconf 75' lang='lat' dir='ltr'><strong>igi-</strong></span> 
     </span>
    </p>
   </div>
   <div class='ocr_carea' id='block_1_24' title="bbox 606 2439 2186 2513">
    <p class='ocr_par' dir='ltr' id='par_1_24' title="bbox 606 2439 2186 2513">
     <span class='ocr_line' id='line_1_24' title="bbox 606 2439 2186 2513; baseline 0.003 -16"><span class='ocrx_word' id='word_1_159' title='bbox 606 2450 699 2499; x_wconf 95' lang='lat' dir='ltr'><strong>tur</strong></span> <span class='ocrx_word' id='word_1_160' title='bbox 731 2443 986 2499; x_wconf 87' lang='lat' dir='ltr'><strong>audimus</strong></span> <span class='ocrx_word' id='word_1_161' title='bbox 1030 2444 1147 2498; x_wconf 64' lang='lat' dir='ltr'><strong>haec</strong></span> <span class='ocrx_word' id='word_1_162' title='bbox 1181 2443 1379 2497; x_wconf 89' lang='lat' dir='ltr'><strong>verba:</strong></span> <span class='ocrx_word' id='word_1_163' title='bbox 1413 2439 1686 2513; x_wconf 68' lang='lat' dir='ltr'><strong>Cognatas</strong></span> <span class='ocrx_word' id='word_1_164' title='bbox 1727 2461 1874 2500; x_wconf 75' lang='lat' dir='ltr'><strong>meus</strong></span> <span class='ocrx_word' id='word_1_165' title='bbox 1912 2446 2186 2501; x_wconf 74' lang='lat' dir='ltr'><strong>descendit</strong></span> 
     </span>
    </p>
   </div>
   <div class='ocr_carea' id='block_1_25' title="bbox 606 2529 2183 2607">
    <p class='ocr_par' dir='ltr' id='par_1_25' title="bbox 606 2529 2183 2607">
     <span class='ocr_line' id='line_1_25' title="bbox 606 2529 2183 2607; baseline -0.005 -19"><span class='ocrx_word' id='word_1_166' title='bbox 606 2535 664 2588; x_wconf 78' lang='lat' dir='ltr'><strong>i‘n</strong></span> <span class='ocrx_word' id='word_1_167' title='bbox 692 2534 906 2588; x_wconf 83' lang='lat' dir='ltr'><strong>hortum</strong></span> <span class='ocrx_word' id='word_1_168' title='bbox 932 2550 1088 2587; x_wconf 77' lang='lat' dir='ltr'><strong>suum</strong></span> <span class='ocrx_word' id='word_1_169' title='bbox 1110 2549 1129 2587; x_wconf 92' lang='lat'><strong><em>:</em></strong></span> <span class='ocrx_word' id='word_1_170' title='bbox 1158 2542 1334 2586; x_wconf 86' lang='lat' dir='ltr'><strong>totum</strong></span> <span class='ocrx_word' id='word_1_171' title='bbox 1361 2529 1638 2604; x_wconf 71' lang='lat' dir='ltr'><strong>Evangelii</strong></span> <span class='ocrx_word' id='word_1_172' title='bbox 1667 2535 1986 2607; x_wconf 83' lang='lat' dir='ltr'><strong>mysterium</strong></span> <span class='ocrx_word' id='word_1_173' title='bbox 2012 2536 2183 2592; x_wconf 89' lang='lat' dir='ltr'><strong>disci.</strong></span> 
     </span>
    </p>
   </div>
   <div class='ocr_carea' id='block_1_26' title="bbox 606 2624 2181 2695">
    <p class='ocr_par' dir='ltr' id='par_1_26' title="bbox 606 2624 2181 2695">
     <span class='ocr_line' id='line_1_26' title="bbox 606 2624 2181 2695; baseline 0.004 -16"><span class='ocrx_word' id='word_1_174' title='bbox 606 2639 764 2692; x_wconf 84' lang='lat' dir='ltr'><strong>mus,</strong></span> <span class='ocrx_word' id='word_1_175' title='bbox 797 2625 1043 2695; x_wconf 90' lang='lat' dir='ltr'><strong>quolibet</strong></span> <span class='ocrx_word' id='word_1_176' title='bbox 1074 2639 1138 2679; x_wconf 78' lang='lat' dir='ltr'><strong>ex</strong></span> <span class='ocrx_word' id='word_1_177' title='bbox 1169 2624 1254 2680; x_wconf 91' lang='lat' dir='ltr'><strong>his</strong></span> <span class='ocrx_word' id='word_1_178' title='bbox 1284 2626 1554 2682; x_wconf 77' lang='lat' dir='ltr'><strong>vocabulo</strong></span> <span class='ocrx_word' id='word_1_179' title='bbox 1586 2642 1702 2682; x_wconf 88' lang='lat' dir='ltr'><strong>rem</strong></span> <span class='ocrx_word' id='word_1_180' title='bbox 1732 2642 1990 2682; x_wconf 89' lang='lat' dir='ltr'><strong>arcanam</strong></span> <span class='ocrx_word' id='word_1_181' title='bbox 2022 2630 2181 2686; x_wconf 89' lang='lat' dir='ltr'><strong>nobis</strong></span> 
     </span>
    </p>
   </div>
   <div class='ocr_carea' id='block_1_27' title="bbox 604 2717 2181 2791">
    <p class='ocr_par' dir='ltr' id='par_1_27' title="bbox 604 2717 2181 2791">
     <span class='ocr_line' id='line_1_27' title="bbox 604 2717 2181 2791; baseline 0.002 -19"><span class='ocrx_word' id='word_1_182' title='bbox 604 2717 944 2773; x_wconf 83' lang='lat' dir='ltr'><strong>declarante.</strong></span> <span class='ocrx_word' id='word_1_183' title='bbox 980 2719 1254 2773; x_wconf 86' lang='lat' dir='ltr'><strong>Nimirum</strong></span> <span class='ocrx_word' id='word_1_184' title='bbox 1284 2721 1427 2790; x_wconf 85' lang='lat' dir='ltr'><strong>quod</strong></span> <span class='ocrx_word' id='word_1_185' title='bbox 1464 2720 1511 2777; x_wconf 95' lang='lat' dir='ltr'><strong>is</strong></span> <span class='ocrx_word' id='word_1_186' title='bbox 1546 2720 1690 2774; x_wconf 88' lang='lat' dir='ltr'><strong>Deus</strong></span> <span class='ocrx_word' id='word_1_187' title='bbox 1711 2761 1726 2784; x_wconf 93' lang='lat'><strong>,</strong></span> <span class='ocrx_word' id='word_1_188' title='bbox 1755 2720 1847 2790; x_wconf 91' lang='lat' dir='ltr'><strong>qui</strong></span> <span class='ocrx_word' id='word_1_189' title='bbox 1879 2719 1933 2772; x_wconf 92' lang='lat' dir='ltr'><strong>in</strong></span> <span class='ocrx_word' id='word_1_190' title='bbox 1965 2735 2029 2776; x_wconf 89' lang='lat' dir='ltr'><strong>eo</strong></span> <span class='ocrx_word' id='word_1_191' title='bbox 2062 2721 2181 2791; x_wconf 89' lang='lat' dir='ltr'><strong>ipso</strong></span> 
     </span>
    </p>
   </div>
   <div class='ocr_carea' id='block_1_28' title="bbox 604 2807 2182 2880">
    <p class='ocr_par' dir='ltr' id='par_1_28' title="bbox 604 2807 2182 2880">
     <span class='ocr_line' id='line_1_28' title="bbox 604 2807 2182 2880; baseline 0.004 -20"><span class='ocrx_word' id='word_1_192' title='bbox 604 2807 910 2876; x_wconf 80' lang='lat' dir='ltr'><strong>patefactus</strong></span> <span class='ocrx_word' id='word_1_193' title='bbox 937 2815 1021 2862; x_wconf 90' lang='lat' dir='ltr'><strong>est</strong></span> <span class='ocrx_word' id='word_1_194' title='bbox 1043 2808 1109 2874; x_wconf 79' lang='lat' dir='ltr'><strong>jn</strong></span> <span class='ocrx_word' id='word_1_195' title='bbox 1139 2823 1337 2876; x_wconf 89' lang='lat' dir='ltr'><strong>carne,</strong></span> <span class='ocrx_word' id='word_1_196' title='bbox 1369 2809 1497 2880; x_wconf 90' lang='lat' dir='ltr'><strong>quia</strong></span> <span class='ocrx_word' id='word_1_197' title='bbox 1525 2810 1592 2864; x_wconf 87' lang='lat' dir='ltr'><strong>de</strong></span> <span class='ocrx_word' id='word_1_198' title='bbox 1620 2808 1761 2864; x_wconf 82' lang='lat' dir='ltr'><strong>Juda</strong></span> <span class='ocrx_word' id='word_1_199' title='bbox 1786 2818 1942 2865; x_wconf 87' lang='lat' dir='ltr'><strong>ortus</strong></span> <span class='ocrx_word' id='word_1_200' title='bbox 1972 2819 2096 2875; x_wconf 90' lang='lat' dir='ltr'><strong>est,</strong></span> <span class='ocrx_word' id='word_1_201' title='bbox 2126 2820 2182 2866; x_wconf 91' lang='lat' dir='ltr'><strong>et</strong></span> 
     </span>
    </p>
   </div>
   <div class='ocr_carea' id='block_1_29' title="bbox 603 2898 2178 2972">
    <p class='ocr_par' dir='ltr' id='par_1_29' title="bbox 603 2898 2178 2972">
     <span class='ocr_line' id='line_1_29' title="bbox 603 2898 2178 2972; baseline 0 -17"><span class='ocrx_word' id='word_1_202' title='bbox 603 2899 862 2970; x_wconf 75' lang='lat' dir='ltr'><strong>gentibus</strong></span> <span class='ocrx_word' id='word_1_203' title='bbox 896 2898 952 2953; x_wconf 93' lang='lat' dir='ltr'><strong>in</strong></span> <span class='ocrx_word' id='word_1_204' title='bbox 983 2900 1218 2970; x_wconf 81' lang='lat' dir='ltr'><strong>caligine</strong></span> <span class='ocrx_word' id='word_1_205' title='bbox 1249 2907 1413 2972; x_wconf 87' lang='lat' dir='ltr'><strong>atque</strong></span> <span class='ocrx_word' id='word_1_206' title='bbox 1440 2903 1633 2956; x_wconf 88' lang='lat' dir='ltr'><strong>umbra</strong></span> <span class='ocrx_word' id='word_1_207' title='bbox 1678 2902 1873 2956; x_wconf 89' lang='lat' dir='ltr'><strong>mortis</strong></span> <span class='ocrx_word' id='word_1_208' title='bbox 1933 2901 2178 2958; x_wconf 87' lang='lat' dir='ltr'><strong>sedenti-</strong></span> 
     </span>
    </p>
   </div>
   <div class='ocr_carea' id='block_1_30' title="bbox 602 2991 2176 3064">
    <p class='ocr_par' dir='ltr' id='par_1_30' title="bbox 602 2991 2176 3064">
     <span class='ocr_line' id='line_1_30' title="bbox 602 2991 2176 3064; baseline 0.001 -18"><span class='ocrx_word' id='word_1_209' title='bbox 602 2991 754 3047; x_wconf 88' lang='lat' dir='ltr'><strong>tibus</strong></span> <span class='ocrx_word' id='word_1_210' title='bbox 784 2992 1004 3056; x_wconf 82' lang='lat' dir='ltr'><strong>illuxit,</strong></span> <span class='ocrx_word' id='word_1_211' title='bbox 1038 3001 1188 3047; x_wconf 89' lang='lat' dir='ltr'><strong>recte</strong></span> <span class='ocrx_word' id='word_1_212' title='bbox 1215 2999 1269 3048; x_wconf 92' lang='lat' dir='ltr'><strong>et</strong></span> <span class='ocrx_word' id='word_1_213' title='bbox 1301 3002 1423 3062; x_wconf 89' lang='lat' dir='ltr'><strong>apta</strong></span> <span class='ocrx_word' id='word_1_214' title='bbox 1454 2993 1668 3048; x_wconf 88' lang='lat' dir='ltr'><strong>ratione</strong></span> <span class='ocrx_word' id='word_1_215' title='bbox 1697 2994 1916 3064; x_wconf 84' lang='lat' dir='ltr'><strong>cognati</strong></span> <span class='ocrx_word' id='word_1_216' title='bbox 1955 2994 2176 3048; x_wconf 87' lang='lat' dir='ltr'><strong>nomine</strong></span> 
     </span>
    </p>
   </div>
   <div class='ocr_carea' id='block_1_31' title="bbox 602 3083 2176 3156">
    <p class='ocr_par' dir='ltr' id='par_1_31' title="bbox 602 3083 2176 3156">
     <span class='ocr_line' id='line_1_31' title="bbox 602 3083 2176 3156; baseline 0.001 -19"><span class='ocrx_word' id='word_1_217' title='bbox 602 3097 634 3137; x_wconf 84' lang='lat' dir='ltr'><strong>a</strong></span> <span class='ocrx_word' id='word_1_218' title='bbox 665 3083 1000 3153; x_wconf 87' lang='lat' dir='ltr'><strong>desponsata</strong></span> <span class='ocrx_word' id='word_1_219' title='bbox 1037 3084 1140 3138; x_wconf 87' lang='lat' dir='ltr'><strong>sibi</strong></span> <span class='ocrx_word' id='word_1_220' title='bbox 1173 3084 1238 3138; x_wconf 91' lang='lat' dir='ltr'><strong>ad</strong></span> <span class='ocrx_word' id='word_1_221' title='bbox 1268 3092 1528 3140; x_wconf 64' lang='lat' dir='ltr'><strong>aeternam</strong></span> <span class='ocrx_word' id='word_1_222' title='bbox 1580 3085 2028 3154; x_wconf 90' lang='lat' dir='ltr'><strong>conjunctionem</strong></span> <span class='ocrx_word' id='word_1_223' title='bbox 2081 3101 2176 3156; x_wconf 89' lang='lat' dir='ltr'><strong>ap-</strong></span> 
     </span>
    </p>
   </div>
   <div class='ocr_carea' id='block_1_32' title="bbox 2303 597 3780 672">
    <p class='ocr_par' dir='ltr' id='par_1_32' title="bbox 2303 597 3780 672">
     <span class='ocr_line' id='line_1_32' title="bbox 2303 597 3780 672; baseline 0.005 -24"><span class='ocrx_word' id='word_1_224' title='bbox 2303 597 2435 650; x_wconf 81' lang='grc' dir='ltr'><strong>ὅπου</strong></span> <span class='ocrx_word' id='word_1_225' title='bbox 2467 597 2524 651; x_wconf 82' lang='grc' dir='ltr'><strong>δὲ</strong></span> <span class='ocrx_word' id='word_1_226' title='bbox 2551 597 2844 652; x_wconf 73' lang='grc' dir='ltr'><strong>ἀποϐλέπει</strong></span> <span class='ocrx_word' id='word_1_227' title='bbox 2877 598 3223 668; x_wconf 84' lang='grc' dir='ltr'><strong>διδαχθεῖσαι,</strong></span> <span class='ocrx_word' id='word_1_228' title='bbox 3249 599 3386 652; x_wconf 77' lang='grc' dir='ltr'><strong>οὕτω</strong></span> <span class='ocrx_word' id='word_1_229' title='bbox 3421 603 3657 672; x_wconf 75' lang='grc' dir='ltr'><strong>στήσωσιν</strong></span> <span class='ocrx_word' id='word_1_230' title='bbox 3691 610 3780 664; x_wconf 64' lang='lat' dir='ltr'><strong>tau.</strong></span> 
     </span>
    </p>
   </div>
   <div class='ocr_carea' id='block_1_33' title="bbox 2302 687 3777 761">
    <p class='ocr_par' dir='ltr' id='par_1_33' title="bbox 2302 687 3777 761">
     <span class='ocr_line' id='line_1_33' title="bbox 2302 687 3777 761; baseline 0.008 -21"><span class='ocrx_word' id='word_1_231' title='bbox 2302 687 2430 752; x_wconf 80' lang='grc' dir='ltr'><strong>τάς·</strong></span> <span class='ocrx_word' id='word_1_232' title='bbox 2457 689 2596 742; x_wconf 81' lang='grc' dir='ltr'><strong>ὥστε</strong></span> <span class='ocrx_word' id='word_1_233' title='bbox 2646 691 2737 742; x_wconf 78' lang='grc' dir='ltr'><strong>καὶ</strong></span> <span class='ocrx_word' id='word_1_234' title='bbox 2777 691 2963 753; x_wconf 76' lang='grc' dir='ltr'><strong>αὑταῖς</strong></span> <span class='ocrx_word' id='word_1_235' title='bbox 2999 689 3295 759; x_wconf 78' lang='grc' dir='ltr'><strong>ὲποφθῆναι</strong></span> <span class='ocrx_word' id='word_1_236' title='bbox 3324 690 3419 761; x_wconf 80' lang='grc' dir='ltr'><strong>τὴν</strong></span> <span class='ocrx_word' id='word_1_237' title='bbox 3452 691 3591 758; x_wconf 78' lang='grc' dir='ltr'><strong>δόξαν</strong></span> <span class='ocrx_word' id='word_1_238' title='bbox 3630 699 3777 752; x_wconf 77' lang='grc' dir='ltr'><strong>αὑτοῦ·</strong></span> 
     </span>
    </p>
   </div>
   <div class='ocr_carea' id='block_1_34' title="bbox 2301 773 3778 856">
    <p class='ocr_par' dir='ltr' id='par_1_34' title="bbox 2301 773 3778 856">
     <span class='ocr_line' id='line_1_34' title="bbox 2301 773 3778 856; baseline 0.008 -25"><span class='ocrx_word' id='word_1_239' title='bbox 2301 773 2362 832; x_wconf 77' lang='grc' dir='ltr'><strong>οὗ</strong></span> <span class='ocrx_word' id='word_1_240' title='bbox 2389 780 2423 849; x_wconf 78' lang='grc' dir='ltr'>ἡ</span> <span class='ocrx_word' id='word_1_241' title='bbox 2452 781 2741 848; x_wconf 82' lang='grc' dir='ltr'><strong>ἐπιφάνεια</strong></span> <span class='ocrx_word' id='word_1_242' title='bbox 2789 782 3042 852; x_wconf 68' lang='grc' dir='ltr'><strong>σωτηρία</strong></span> <span class='ocrx_word' id='word_1_243' title='bbox 3059 781 3164 834; x_wconf 87' lang='grc' dir='ltr'><strong>τῶν</strong></span> <span class='ocrx_word' id='word_1_244' title='bbox 3193 784 3578 837; x_wconf 75' lang='grc' dir='ltr'><strong>ἐποπτευόντων</strong></span> <span class='ocrx_word' id='word_1_245' title='bbox 3607 789 3778 856; x_wconf 78' lang='grc' dir='ltr'><strong>γίνεται,</strong></span> 
     </span>
    </p>
   </div>
   <div class='ocr_carea' id='block_1_35' title="bbox 2302 871 3780 947">
    <p class='ocr_par' dir='ltr' id='par_1_35' title="bbox 2302 871 3780 947">
     <span class='ocr_line' id='line_1_35' title="bbox 2302 871 3780 947; baseline 0.006 -25"><span class='ocrx_word' id='word_1_246' title='bbox 2302 871 2482 935; x_wconf 88' lang='grc' dir='ltr'><strong>καθώς</strong></span> <span class='ocrx_word' id='word_1_247' title='bbox 2510 890 2671 942; x_wconf 88' lang='grc' dir='ltr'><strong>φησιν</strong></span> <span class='ocrx_word' id='word_1_248' title='bbox 2703 876 2730 927; x_wconf 84' lang='grc' dir='ltr'>ὁ</span> <span class='ocrx_word' id='word_1_249' title='bbox 2763 874 3074 945; x_wconf 81' lang='grc' dir='ltr'><strong>Προφήτης,</strong></span> <span class='ocrx_word' id='word_1_250' title='bbox 3107 875 3186 927; x_wconf 84' lang='grc' dir='ltr'><strong>ὅτι</strong></span> <span class='ocrx_word' id='word_1_251' title='bbox 3227 875 3540 943; x_wconf 70' lang='grc' dir='ltr'><strong>Ἐπίφανον</strong></span> <span class='ocrx_word' id='word_1_252' title='bbox 3564 877 3620 930; x_wconf 87' lang='grc' dir='ltr'><strong>τὸ</strong></span> <span class='ocrx_word' id='word_1_253' title='bbox 3645 883 3780 947; x_wconf 69' lang='lat' dir='ltr'><strong>apoc-</strong></span> 
     </span>
    </p>
   </div>
   <div class='ocr_carea' id='block_1_36' title="bbox 2300 965 3777 1035">
    <p class='ocr_par' dir='ltr' id='par_1_36' title="bbox 2300 965 3777 1035">
     <span class='ocr_line' id='line_1_36' title="bbox 2300 965 3777 1035; baseline 0.005 -19"><span class='ocrx_word' id='word_1_254' title='bbox 2300 969 2462 1016; x_wconf 77' lang='grc' dir='ltr'><strong>ωπόν</strong></span> <span class='ocrx_word' id='word_1_255' title='bbox 2485 980 2623 1028; x_wconf 88' lang='grc' dir='ltr'><strong>σου,</strong></span> <span class='ocrx_word' id='word_1_256' title='bbox 2649 965 2746 1019; x_wconf 76' lang='grc' dir='ltr'><strong>καὶ</strong></span> <span class='ocrx_word' id='word_1_257' title='bbox 2770 966 3181 1033; x_wconf 81' lang='grc' dir='ltr'><strong>σωθησόμεθα.</strong></span> <span class='ocrx_word' id='word_1_258' title='bbox 3207 966 3316 1017; x_wconf 73' lang='grc' dir='ltr'><strong>Καὶ</strong></span> <span class='ocrx_word' id='word_1_259' title='bbox 3339 968 3370 1035; x_wconf 86' lang='grc' dir='ltr'><strong>ή</strong></span> <span class='ocrx_word' id='word_1_260' title='bbox 3400 966 3674 1030; x_wconf 83' lang='grc' dir='ltr'><strong>διδάσκαλος</strong></span> <span class='ocrx_word' id='word_1_261' title='bbox 3693 971 3777 1023; x_wconf 76' lang='grc' dir='ltr'><strong>καθ’</strong></span> 
     </span>
    </p>
   </div>
   <div class='ocr_carea' id='block_1_37' title="bbox 2299 1059 3777 1128">
    <p class='ocr_par' dir='ltr' id='par_1_37' title="bbox 2299 1059 3777 1128">
     <span class='ocr_line' id='line_1_37' title="bbox 2299 1059 3777 1128; baseline 0.004 -18"><span class='ocrx_word' id='word_1_262' title='bbox 2299 1060 2584 1128; x_wconf 81' lang='grc' dir='ltr'><strong>ὁμοιότητα</strong></span> <span class='ocrx_word' id='word_1_263' title='bbox 2621 1059 2883 1111; x_wconf 81' lang='grc' dir='ltr'><strong>Φιλίππου</strong></span> <span class='ocrx_word' id='word_1_264' title='bbox 2925 1059 3018 1112; x_wconf 76' lang='grc' dir='ltr'><strong>τοῦ</strong></span> <span class='ocrx_word' id='word_1_265' title='bbox 3059 1061 3299 1121; x_wconf 85' lang='grc' dir='ltr'><strong>εἰπόντος</strong></span> <span class='ocrx_word' id='word_1_266' title='bbox 3323 1075 3338 1090; x_wconf 75' lang='grc' dir='ltr'><strong>ο</strong></span> <span class='ocrx_word' id='word_1_267' title='bbox 3371 1060 3572 1127; x_wconf 76' lang='grc' dir='ltr'><strong>Ἔρχου</strong></span> <span class='ocrx_word' id='word_1_268' title='bbox 3595 1063 3674 1114; x_wconf 75' lang='grc' dir='ltr'><strong>καὶ</strong></span> <span class='ocrx_word' id='word_1_269' title='bbox 3701 1063 3777 1127; x_wconf 73' lang='grc' dir='ltr'><strong>ἴδε,</strong></span> 
     </span>
    </p>
   </div>
   <div class='ocr_carea' id='block_1_38' title="bbox 2299 1149 3776 1222">
    <p class='ocr_par' dir='ltr' id='par_1_38' title="bbox 2299 1149 3776 1222">
     <span class='ocr_line' id='line_1_38' title="bbox 2299 1149 3776 1222; baseline 0.003 -21"><span class='ocrx_word' id='word_1_270' title='bbox 2299 1149 2614 1220; x_wconf 76' lang='grc' dir='ltr'><strong>καθηγεῖται</strong></span> <span class='ocrx_word' id='word_1_271' title='bbox 2665 1151 2771 1204; x_wconf 91' lang='grc' dir='ltr'><strong>τῶν</strong></span> <span class='ocrx_word' id='word_1_272' title='bbox 2821 1151 3037 1204; x_wconf 77' lang='grc' dir='ltr'><strong>πάντων</strong></span> <span class='ocrx_word' id='word_1_273' title='bbox 3087 1150 3222 1222; x_wconf 81' lang='grc' dir='ltr'><strong>πρὸς</strong></span> <span class='ocrx_word' id='word_1_274' title='bbox 3267 1149 3362 1220; x_wconf 82' lang='grc' dir='ltr'><strong>τὴν</strong></span> <span class='ocrx_word' id='word_1_275' title='bbox 3391 1150 3476 1202; x_wconf 76' lang='grc' dir='ltr'><strong>τοῦ</strong></span> <span class='ocrx_word' id='word_1_276' title='bbox 3517 1152 3776 1221; x_wconf 66' lang='grc' dir='ltr'><strong>ζητουμένου</strong></span> 
     </span>
    </p>
   </div>
   <div class='ocr_carea' id='block_1_39' title="bbox 2299 1240 3777 1312">
    <p class='ocr_par' dir='ltr' id='par_1_39' title="bbox 2299 1240 3777 1312">
     <span class='ocr_line' id='line_1_39' title="bbox 2299 1240 3777 1312; baseline 0.001 -18"><span class='ocrx_word' id='word_1_277' title='bbox 2299 1242 2615 1312; x_wconf 76' lang='grc' dir='ltr'><strong>κατάληψιν,</strong></span> <span class='ocrx_word' id='word_1_278' title='bbox 2651 1243 2771 1296; x_wconf 80' lang='grc' dir='ltr'><strong>ἀντὶ</strong></span> <span class='ocrx_word' id='word_1_279' title='bbox 2800 1240 2892 1294; x_wconf 77' lang='grc' dir='ltr'><strong>τοῦ</strong></span> <span class='ocrx_word' id='word_1_280' title='bbox 2930 1244 3123 1306; x_wconf 75' lang='grc' dir='ltr'><strong>εἰπεῖν,</strong></span> <span class='ocrx_word' id='word_1_281' title='bbox 3157 1241 3217 1293; x_wconf 79' lang='grc' dir='ltr'><strong>τὸ</strong></span> <span class='ocrx_word' id='word_1_282' title='bbox 3254 1240 3382 1301; x_wconf 81' lang='grc' dir='ltr'><strong>Ἴδε,</strong></span> <span class='ocrx_word' id='word_1_283' title='bbox 3409 1241 3492 1294; x_wconf 78' lang='grc' dir='ltr'><strong>τὸν</strong></span> <span class='ocrx_word' id='word_1_284' title='bbox 3517 1243 3656 1295; x_wconf 81' lang='grc' dir='ltr'><strong>τόπον</strong></span> <span class='ocrx_word' id='word_1_285' title='bbox 3681 1245 3777 1296; x_wconf 76' lang='grc' dir='ltr'><strong>ὕπο-</strong></span> 
     </span>
    </p>
   </div>
   <div class='ocr_carea' id='block_1_40' title="bbox 2296 1327 3777 1404">
    <p class='ocr_par' dir='ltr' id='par_1_40' title="bbox 2296 1327 3777 1404">
     <span class='ocr_line' id='line_1_40' title="bbox 2296 1327 3777 1404; baseline 0.001 -18"><span class='ocrx_word' id='word_1_286' title='bbox 2296 1333 2610 1386; x_wconf 85' lang='grc' dir='ltr'><strong>δεικνύουσα</strong></span> <span class='ocrx_word' id='word_1_287' title='bbox 2647 1334 2703 1385; x_wconf 83' lang='grc' dir='ltr'><strong>ὲν</strong></span> <span class='ocrx_word' id='word_1_288' title='bbox 2743 1327 2786 1400; x_wconf 84' lang='grc' dir='ltr'>ᾧ</span> <span class='ocrx_word' id='word_1_289' title='bbox 2820 1334 2966 1384; x_wconf 78' lang='grc' dir='ltr'><strong>ἐστιν</strong></span> <span class='ocrx_word' id='word_1_290' title='bbox 2990 1335 3018 1385; x_wconf 91' lang='grc' dir='ltr'><strong>ό</strong></span> <span class='ocrx_word' id='word_1_291' title='bbox 3055 1331 3382 1402; x_wconf 80' lang='grc' dir='ltr'><strong>ζητούμενος</strong></span> <span class='ocrx_word' id='word_1_292' title='bbox 3400 1373 3414 1393; x_wconf 91' lang='grc'><strong>,</strong></span> <span class='ocrx_word' id='word_1_293' title='bbox 3441 1333 3528 1384; x_wconf 70' lang='grc' dir='ltr'><strong>καὶ</strong></span> <span class='ocrx_word' id='word_1_294' title='bbox 3555 1334 3667 1386; x_wconf 88' lang='grc' dir='ltr'><strong>ὃπου</strong></span> <span class='ocrx_word' id='word_1_295' title='bbox 3693 1334 3777 1404; x_wconf 80' lang='grc' dir='ltr'><strong>βλέ-</strong></span> 
     </span>
    </p>
   </div>
   <div class='ocr_carea' id='block_1_41' title="bbox 2297 1423 3779 1495">
    <p class='ocr_par' dir='ltr' id='par_1_41' title="bbox 2297 1423 3779 1495">
     <span class='ocr_line' id='line_1_41' title="bbox 2297 1423 3779 1495; baseline 0 -17"><span class='ocrx_word' id='word_1_296' title='bbox 2297 1443 2406 1479; x_wconf 87' lang='grc' dir='ltr'>πει.</span> <span class='ocrx_word' id='word_1_297' title='bbox 2451 1426 2588 1495; x_wconf 79' lang='grc' dir='ltr'><strong>Φησὶ</strong></span> <span class='ocrx_word' id='word_1_298' title='bbox 2634 1425 2743 1494; x_wconf 91' lang='grc' dir='ltr'><strong>γάρ</strong></span> <span class='ocrx_word' id='word_1_299' title='bbox 2775 1441 2788 1454; x_wconf 87' lang='grc'><strong>·</strong></span> <span class='ocrx_word' id='word_1_300' title='bbox 2815 1425 2895 1476; x_wconf 76' lang='grc' dir='ltr'><strong>ὅτι</strong></span> <span class='ocrx_word' id='word_1_301' title='bbox 2962 1423 3306 1491; x_wconf 66' lang='grc' dir='ltr'><strong>Ἀδελεριδός</strong></span> <span class='ocrx_word' id='word_1_302' title='bbox 3344 1441 3459 1492; x_wconf 85' lang='grc' dir='ltr'><strong>μου</strong></span> <span class='ocrx_word' id='word_1_303' title='bbox 3501 1425 3686 1491; x_wconf 81' lang='grc' dir='ltr'><strong>κατέϐη</strong></span> <span class='ocrx_word' id='word_1_304' title='bbox 3719 1429 3779 1491; x_wconf 73' lang='grc' dir='ltr'><strong>εἰς</strong></span> 
     </span>
    </p>
   </div>
   <div class='ocr_carea' id='block_1_42' title="bbox 2295 1516 3777 1588">
    <p class='ocr_par' dir='ltr' id='par_1_42' title="bbox 2295 1516 3777 1588">
     <span class='ocr_line' id='line_1_42' title="bbox 2295 1516 3777 1588; baseline 0.001 -19"><span class='ocrx_word' id='word_1_305' title='bbox 2295 1516 2493 1585; x_wconf 80' lang='grc' dir='ltr'><strong>κῆπον</strong></span> <span class='ocrx_word' id='word_1_306' title='bbox 2533 1521 2619 1585; x_wconf 80' lang='grc' dir='ltr'><strong>εις</strong></span> <span class='ocrx_word' id='word_1_307' title='bbox 2665 1519 2885 1586; x_wconf 72' lang='grc' dir='ltr'><strong>φιάλας</strong></span> <span class='ocrx_word' id='word_1_308' title='bbox 2928 1517 3033 1572; x_wconf 86' lang='grc' dir='ltr'><strong>τοῦ</strong></span> <span class='ocrx_word' id='word_1_309' title='bbox 3085 1517 3407 1588; x_wconf 81' lang='grc' dir='ltr'><strong>ἀρώματος.</strong></span> <span class='ocrx_word' id='word_1_310' title='bbox 3456 1517 3586 1578; x_wconf 82' lang='grc' dir='ltr'><strong>Ἕως</strong></span> <span class='ocrx_word' id='word_1_311' title='bbox 3620 1517 3777 1582; x_wconf 76' lang='grc' dir='ltr'><strong>τούτου,</strong></span> 
     </span>
    </p>
   </div>
   <div class='ocr_carea' id='block_1_43' title="bbox 2293 1603 3780 1680">
    <p class='ocr_par' dir='ltr' id='par_1_43' title="bbox 2293 1603 3780 1680">
     <span class='ocr_line' id='line_1_43' title="bbox 2293 1603 3780 1680; baseline 0 -18"><span class='ocrx_word' id='word_1_312' title='bbox 2293 1611 2351 1662; x_wconf 83' lang='grc' dir='ltr'><strong>ὲν</strong></span> <span class='ocrx_word' id='word_1_313' title='bbox 2376 1603 2420 1677; x_wconf 79' lang='grc' dir='ltr'>ᾧ</span> <span class='ocrx_word' id='word_1_314' title='bbox 2443 1611 2588 1662; x_wconf 77' lang='grc' dir='ltr'><strong>ἐστιν</strong></span> <span class='ocrx_word' id='word_1_315' title='bbox 2611 1609 2714 1662; x_wconf 83' lang='grc' dir='ltr'><strong>ὑπὸ</strong></span> <span class='ocrx_word' id='word_1_316' title='bbox 2745 1611 2838 1663; x_wconf 73' lang='grc' dir='ltr'><strong>τοῦ</strong></span> <span class='ocrx_word' id='word_1_317' title='bbox 2860 1609 3015 1676; x_wconf 81' lang='grc' dir='ltr'>λόγου</span> <span class='ocrx_word' id='word_1_318' title='bbox 3051 1611 3386 1680; x_wconf 87' lang='grc' dir='ltr'><strong>σημαίνεται.</strong></span> <span class='ocrx_word' id='word_1_319' title='bbox 3419 1609 3489 1661; x_wconf 82' lang='grc' dir='ltr'><strong>Τὸ</strong></span> <span class='ocrx_word' id='word_1_320' title='bbox 3507 1607 3558 1660; x_wconf 79' lang='grc' dir='ltr'><strong>δὲ</strong></span> <span class='ocrx_word' id='word_1_321' title='bbox 3581 1609 3671 1661; x_wconf 79' lang='grc' dir='ltr'><strong>ἀπὸ</strong></span> <span class='ocrx_word' id='word_1_322' title='bbox 3699 1609 3780 1662; x_wconf 83' lang='grc' dir='ltr'><strong>τοὺ-</strong></span> 
     </span>
    </p>
   </div>
   <div class='ocr_carea' id='block_1_44' title="bbox 2291 1701 3780 1774">
    <p class='ocr_par' dir='ltr' id='par_1_44' title="bbox 2291 1701 3780 1774">
     <span class='ocr_line' id='line_1_44' title="bbox 2291 1701 3780 1774; baseline -0.002 -19"><span class='ocrx_word' id='word_1_323' title='bbox 2291 1719 2407 1768; x_wconf 90' lang='grc' dir='ltr'><strong>του,</strong></span> <span class='ocrx_word' id='word_1_324' title='bbox 2433 1703 2485 1756; x_wconf 90' lang='grc' dir='ltr'><strong>τί</strong></span> <span class='ocrx_word' id='word_1_325' title='bbox 2507 1703 2628 1774; x_wconf 73' lang='grc' dir='ltr'><strong>ὁρᾷ,</strong></span> <span class='ocrx_word' id='word_1_326' title='bbox 2660 1703 2753 1755; x_wconf 75' lang='grc' dir='ltr'><strong>καὶ</strong></span> <span class='ocrx_word' id='word_1_327' title='bbox 2779 1704 2910 1756; x_wconf 82' lang='grc' dir='ltr'><strong>ὅπου</strong></span> <span class='ocrx_word' id='word_1_328' title='bbox 2942 1702 3230 1774; x_wconf 80' lang='grc' dir='ltr'><strong>βλέπειτῷ</strong></span> <span class='ocrx_word' id='word_1_329' title='bbox 3261 1702 3401 1772; x_wconf 83' lang='grc' dir='ltr'><strong>λόγῳ</strong></span> <span class='ocrx_word' id='word_1_330' title='bbox 3429 1701 3780 1771; x_wconf 80' lang='grc' dir='ltr'><strong>δείκνυσινήδι-</strong></span> 
     </span>
    </p>
   </div>
   <div class='ocr_carea' id='block_1_45' title="bbox 2291 1790 3781 1863">
    <p class='ocr_par' dir='ltr' id='par_1_45' title="bbox 2291 1790 3781 1863">
     <span class='ocr_line' id='line_1_45' title="bbox 2291 1790 3781 1863; baseline -0.003 -15"><span class='ocrx_word' id='word_1_331' title='bbox 2291 1793 2584 1859; x_wconf 84' lang='grc' dir='ltr'><strong>δάσκαλος,</strong></span> <span class='ocrx_word' id='word_1_332' title='bbox 2636 1794 2894 1863; x_wconf 82' lang='grc' dir='ltr'><strong>λέγουσα·</strong></span> <span class='ocrx_word' id='word_1_333' title='bbox 2929 1795 3009 1847; x_wconf 85' lang='grc' dir='ltr'><strong>ὅτι</strong></span> <span class='ocrx_word' id='word_1_334' title='bbox 3045 1794 3386 1863; x_wconf 80' lang='grc' dir='ltr'><strong>Ποιμαίνειν</strong></span> <span class='ocrx_word' id='word_1_335' title='bbox 3411 1793 3478 1846; x_wconf 79' lang='grc' dir='ltr'><strong>ἐν</strong></span> <span class='ocrx_word' id='word_1_336' title='bbox 3513 1790 3781 1857; x_wconf 70' lang='grc' dir='ltr'><strong>κήποιςκαὶ</strong></span> 
     </span>
    </p>
   </div>
   <div class='ocr_carea' id='block_1_46' title="bbox 2220 1867 3779 1957">
    <p class='ocr_par' dir='ltr' id='par_1_46' title="bbox 2220 1867 3779 1957">
     <span class='ocr_line' id='line_1_46' title="bbox 2220 1867 3779 1957; baseline -0.002 -16"><span class='ocrx_word' id='word_1_337' title='bbox 2220 1867 2263 1922; x_wconf 78' lang='grc' dir='ltr'><strong>Β</strong></span> <span class='ocrx_word' id='word_1_338' title='bbox 2292 1886 2582 1956; x_wconf 82' lang='grc' dir='ltr'><strong>συνάγειν</strong></span> <span class='ocrx_word' id='word_1_339' title='bbox 2610 1887 2802 1954; x_wconf 78' lang='grc' dir='ltr'><strong>κρίνα.</strong></span> <span class='ocrx_word' id='word_1_340' title='bbox 2837 1885 2986 1955; x_wconf 77' lang='grc' dir='ltr'><strong>Αὕτη</strong></span> <span class='ocrx_word' id='word_1_341' title='bbox 3023 1886 3118 1956; x_wconf 85' lang='grc' dir='ltr'><strong>μὲν</strong></span> <span class='ocrx_word' id='word_1_342' title='bbox 3150 1888 3184 1957; x_wconf 80' lang='grc' dir='ltr'><strong>η</strong></span> <span class='ocrx_word' id='word_1_343' title='bbox 3225 1885 3524 1956; x_wconf 79' lang='grc' dir='ltr'><strong>σημαντικὴ</strong></span> <span class='ocrx_word' id='word_1_344' title='bbox 3551 1883 3632 1938; x_wconf 81' lang='grc' dir='ltr'><strong>τοῦ</strong></span> <span class='ocrx_word' id='word_1_345' title='bbox 3665 1884 3779 1953; x_wconf 81' lang='grc' dir='ltr'><strong>λόγον</strong></span> 
     </span>
    </p>
   </div>
   <div class='ocr_carea' id='block_1_47' title="bbox 2289 1970 3780 2049">
    <p class='ocr_par' dir='ltr' id='par_1_47' title="bbox 2289 1970 3780 2049">
     <span class='ocr_line' id='line_1_47' title="bbox 2289 1970 3780 2049; baseline -0.001 -17"><span class='ocrx_word' id='word_1_346' title='bbox 2289 1980 2424 2049; x_wconf 76' lang='grc' dir='ltr'><strong>πρὸς</strong></span> <span class='ocrx_word' id='word_1_347' title='bbox 2459 1979 2557 2043; x_wconf 89' lang='grc' dir='ltr'><strong>τάς</strong></span> <span class='ocrx_word' id='word_1_348' title='bbox 2586 1978 2830 2042; x_wconf 86' lang='grc' dir='ltr'><strong>νεάνιδάς</strong></span> <span class='ocrx_word' id='word_1_349' title='bbox 2866 1979 3013 2032; x_wconf 76' lang='grc' dir='ltr'><strong>ἐστιν</strong></span> <span class='ocrx_word' id='word_1_350' title='bbox 3058 1978 3249 2048; x_wconf 85' lang='grc' dir='ltr'><strong>όδηγία</strong></span> <span class='ocrx_word' id='word_1_351' title='bbox 3305 1977 3370 2031; x_wconf 85' lang='grc' dir='ltr'><strong>δι’</strong></span> <span class='ocrx_word' id='word_1_352' title='bbox 3405 1970 3477 2033; x_wconf 81' lang='grc' dir='ltr'><strong>ὧν</strong></span> <span class='ocrx_word' id='word_1_353' title='bbox 3521 1977 3780 2046; x_wconf 71' lang='grc' dir='ltr'><strong>μανθάνουσι</strong></span> 
     </span>
    </p>
   </div>
   <div class='ocr_carea' id='block_1_48' title="bbox 2287 2069 3218 2140">
    <p class='ocr_par' dir='ltr' id='par_1_48' title="bbox 2287 2069 3218 2140">
     <span class='ocr_line' id='line_1_48' title="bbox 2287 2069 3218 2140; baseline -0.001 -16"><span class='ocrx_word' id='word_1_354' title='bbox 2287 2071 2381 2124; x_wconf 75' lang='grc' dir='ltr'><strong>καὶ</strong></span> <span class='ocrx_word' id='word_1_355' title='bbox 2409 2071 2541 2123; x_wconf 84' lang='grc' dir='ltr'><strong>ὅπου</strong></span> <span class='ocrx_word' id='word_1_356' title='bbox 2568 2070 2704 2136; x_wconf 77' lang='grc' dir='ltr'><strong>ἐστὶ,</strong></span> <span class='ocrx_word' id='word_1_357' title='bbox 2735 2070 2828 2124; x_wconf 77' lang='grc' dir='ltr'><strong>καὶ</strong></span> <span class='ocrx_word' id='word_1_358' title='bbox 2853 2070 2985 2123; x_wconf 85' lang='grc' dir='ltr'><strong>ὅπου</strong></span> <span class='ocrx_word' id='word_1_359' title='bbox 3013 2069 3218 2140; x_wconf 80' lang='grc' dir='ltr'><strong>βλέπει.</strong></span> 
     </span>
    </p>
   </div>
   <div class='ocr_carea' id='block_1_49' title="bbox 2355 2160 3778 2234">
    <p class='ocr_par' dir='ltr' id='par_1_49' title="bbox 2355 2160 3778 2234">
     <span class='ocr_line' id='line_1_49' title="bbox 2355 2160 3778 2234; baseline -0.001 -19"><span class='ocrx_word' id='word_1_360' title='bbox 2355 2162 2475 2234; x_wconf 81' lang='grc' dir='ltr'><strong>Χρὴ</strong></span> <span class='ocrx_word' id='word_1_361' title='bbox 2499 2163 2556 2216; x_wconf 84' lang='grc' dir='ltr'><strong>δὲ</strong></span> <span class='ocrx_word' id='word_1_362' title='bbox 2596 2163 2812 2226; x_wconf 87' lang='grc' dir='ltr'><strong>πάντως</strong></span> <span class='ocrx_word' id='word_1_363' title='bbox 2843 2164 2936 2216; x_wconf 77' lang='grc' dir='ltr'><strong>καὶ</strong></span> <span class='ocrx_word' id='word_1_364' title='bbox 2976 2163 3036 2217; x_wconf 84' lang='grc' dir='ltr'><strong>τὸ</strong></span> <span class='ocrx_word' id='word_1_365' title='bbox 3059 2163 3334 2234; x_wconf 86' lang='grc' dir='ltr'><strong>ὠφέλιμον</strong></span> <span class='ocrx_word' id='word_1_366' title='bbox 3364 2163 3461 2233; x_wconf 81' lang='grc' dir='ltr'><strong>τῆς</strong></span> <span class='ocrx_word' id='word_1_367' title='bbox 3491 2160 3778 2215; x_wconf 74' lang='grc' dir='ltr'><strong>θεοπνεύστου</strong></span> 
     </span>
    </p>
   </div>
   <div class='ocr_carea' id='block_1_50' title="bbox 2284 2253 3777 2327">
    <p class='ocr_par' dir='ltr' id='par_1_50' title="bbox 2284 2253 3777 2327">
     <span class='ocr_line' id='line_1_50' title="bbox 2284 2253 3777 2327; baseline 0 -21"><span class='ocrx_word' id='word_1_368' title='bbox 2284 2255 2485 2325; x_wconf 82' lang='grc' dir='ltr'><strong>ταύτης</strong></span> <span class='ocrx_word' id='word_1_369' title='bbox 2513 2253 2803 2322; x_wconf 77' lang='grc' dir='ltr'><strong>ἐπιγνῶναι</strong></span> <span class='ocrx_word' id='word_1_370' title='bbox 2830 2254 3050 2327; x_wconf 84' lang='grc' dir='ltr'><strong>Γραφῆς</strong></span> <span class='ocrx_word' id='word_1_371' title='bbox 3076 2253 3162 2308; x_wconf 79' lang='grc' dir='ltr'><strong>διὰ</strong></span> <span class='ocrx_word' id='word_1_372' title='bbox 3182 2253 3286 2324; x_wconf 82' lang='grc' dir='ltr'><strong>τῆς</strong></span> <span class='ocrx_word' id='word_1_373' title='bbox 3314 2255 3656 2324; x_wconf 83' lang='grc' dir='ltr'><strong>πνευματικῆς</strong></span> <span class='ocrx_word' id='word_1_374' title='bbox 3683 2253 3777 2306; x_wconf 83' lang='grc' dir='ltr'><strong>θεω-</strong></span> 
     </span>
    </p>
   </div>
   <div class='ocr_carea' id='block_1_51' title="bbox 2286 2342 3778 2414">
    <p class='ocr_par' dir='ltr' id='par_1_51' title="bbox 2286 2342 3778 2414">
     <span class='ocr_line' id='line_1_51' title="bbox 2286 2342 3778 2414; baseline 0 -18"><span class='ocrx_word' id='word_1_375' title='bbox 2286 2345 2426 2414; x_wconf 83' lang='grc' dir='ltr'><strong>ρίας.</strong></span> <span class='ocrx_word' id='word_1_376' title='bbox 2468 2343 2677 2398; x_wconf 75' lang='grc' dir='ltr'><strong>Οὐκοῦν</strong></span> <span class='ocrx_word' id='word_1_377' title='bbox 2704 2345 2832 2398; x_wconf 82' lang='grc' dir='ltr'><strong>ὅταν</strong></span> <span class='ocrx_word' id='word_1_378' title='bbox 2853 2343 3177 2414; x_wconf 87' lang='grc' dir='ltr'><strong>ἀκούσωμεν</strong></span> <span class='ocrx_word' id='word_1_379' title='bbox 3208 2344 3296 2397; x_wconf 81' lang='grc' dir='ltr'><strong>ὅτι</strong></span> <span class='ocrx_word' id='word_1_380' title='bbox 3340 2342 3650 2412; x_wconf 53' lang='lat' dir='ltr'><strong>nouercae</strong></span> <span class='ocrx_word' id='word_1_381' title='bbox 3681 2359 3778 2396; x_wconf 79' lang='grc' dir='ltr'><strong>κατ-</strong></span> 
     </span>
    </p>
   </div>
   <div class='ocr_carea' id='block_1_52' title="bbox 2282 2435 3778 2508">
    <p class='ocr_par' dir='ltr' id='par_1_52' title="bbox 2282 2435 3778 2508">
     <span class='ocr_line' id='line_1_52' title="bbox 2282 2435 3778 2508; baseline -0.002 -17"><span class='ocrx_word' id='word_1_382' title='bbox 2282 2437 2388 2504; x_wconf 79' lang='grc' dir='ltr'><strong>έϐη</strong></span> <span class='ocrx_word' id='word_1_383' title='bbox 2403 2439 2491 2502; x_wconf 82' lang='grc' dir='ltr'><strong>εὶς</strong></span> <span class='ocrx_word' id='word_1_384' title='bbox 2509 2435 2708 2505; x_wconf 74' lang='grc' dir='ltr'><strong>κῆπον</strong></span> <span class='ocrx_word' id='word_1_385' title='bbox 2725 2437 2934 2501; x_wconf 79' lang='grc' dir='ltr'><strong>αὐτοῦ,</strong></span> <span class='ocrx_word' id='word_1_386' title='bbox 2947 2437 3010 2490; x_wconf 85' lang='grc' dir='ltr'><strong>τὸ</strong></span> <span class='ocrx_word' id='word_1_387' title='bbox 3059 2436 3424 2505; x_wconf 78' lang='grc' dir='ltr'><strong>Εὐαγγελικὸν</strong></span> <span class='ocrx_word' id='word_1_388' title='bbox 3450 2437 3703 2508; x_wconf 72' lang='grc' dir='ltr'><strong>μυστήριον</strong></span> <span class='ocrx_word' id='word_1_389' title='bbox 3717 2435 3778 2489; x_wconf 77' lang='grc' dir='ltr'><strong>διὰ</strong></span> 
     </span>
    </p>
   </div>
   <div class='ocr_carea' id='block_1_53' title="bbox 2281 2529 3780 2601">
    <p class='ocr_par' dir='ltr' id='par_1_53' title="bbox 2281 2529 3780 2601">
     <span class='ocr_line' id='line_1_53' title="bbox 2281 2529 3780 2601; baseline 0.001 -19"><span class='ocrx_word' id='word_1_390' title='bbox 2281 2530 2390 2582; x_wconf 88' lang='grc' dir='ltr'><strong>τῶν</strong></span> <span class='ocrx_word' id='word_1_391' title='bbox 2411 2531 2714 2601; x_wconf 80' lang='grc' dir='ltr'><strong>εἰρημένων</strong></span> <span class='ocrx_word' id='word_1_392' title='bbox 2758 2529 3098 2600; x_wconf 86' lang='grc' dir='ltr'><strong>μανθάνομεν</strong></span> <span class='ocrx_word' id='word_1_393' title='bbox 3117 2570 3132 2592; x_wconf 97' lang='grc'><strong>,</strong></span> <span class='ocrx_word' id='word_1_394' title='bbox 3178 2529 3409 2583; x_wconf 83' lang='grc' dir='ltr'><strong>ἑκάστου</strong></span> <span class='ocrx_word' id='word_1_395' title='bbox 3444 2529 3546 2582; x_wconf 88' lang='grc' dir='ltr'><strong>τῶν</strong></span> <span class='ocrx_word' id='word_1_396' title='bbox 3563 2529 3780 2598; x_wconf 57' lang='lat' dir='ltr'><strong>avom</strong></span> 
     </span>
    </p>
   </div>
   <div class='ocr_carea' id='block_1_54' title="bbox 2281 2613 3776 2693">
    <p class='ocr_par' dir='ltr' id='par_1_54' title="bbox 2281 2613 3776 2693">
     <span class='ocr_line' id='line_1_54' title="bbox 2281 2613 3776 2693; baseline -0.003 -20"><span class='ocrx_word' id='word_1_397' title='bbox 2281 2621 2468 2673; x_wconf 77' lang='grc' dir='ltr'><strong>τοῦτον</strong></span> <span class='ocrx_word' id='word_1_398' title='bbox 2495 2620 2586 2674; x_wconf 79' lang='grc' dir='ltr'><strong>τὸν</strong></span> <span class='ocrx_word' id='word_1_399' title='bbox 2615 2613 2873 2691; x_wconf 80' lang='grc' dir='ltr'><strong>μυστικὸν</strong></span> <span class='ocrx_word' id='word_1_400' title='bbox 2901 2620 3058 2689; x_wconf 88' lang='grc' dir='ltr'><strong>λόγον</strong></span> <span class='ocrx_word' id='word_1_401' title='bbox 3107 2623 3236 2692; x_wconf 78' lang='grc' dir='ltr'><strong>ἡμῖν</strong></span> <span class='ocrx_word' id='word_1_402' title='bbox 3273 2620 3660 2693; x_wconf 78' lang='grc' dir='ltr'><strong>σαφηνίζοντος·</strong></span> <span class='ocrx_word' id='word_1_403' title='bbox 3694 2621 3776 2672; x_wconf 79' lang='grc' dir='ltr'><strong>ὀὲν</strong></span> 
     </span>
    </p>
   </div>
   <div class='ocr_carea' id='block_1_55' title="bbox 2284 2709 3777 2785">
    <p class='ocr_par' dir='ltr' id='par_1_55' title="bbox 2284 2709 3777 2785">
     <span class='ocr_line' id='line_1_55' title="bbox 2284 2709 3777 2785; baseline -0.001 -19"><span class='ocrx_word' id='word_1_404' title='bbox 2284 2715 2449 2783; x_wconf 75' lang='grc' dir='ltr'><strong>σαρκὶ</strong></span> <span class='ocrx_word' id='word_1_405' title='bbox 2471 2713 2799 2785; x_wconf 76' lang='grc' dir='ltr'><strong>φανερωθεὶς</strong></span> <span class='ocrx_word' id='word_1_406' title='bbox 2831 2714 2988 2778; x_wconf 83' lang='grc' dir='ltr'><strong>Θεὸς,</strong></span> <span class='ocrx_word' id='word_1_407' title='bbox 3014 2714 3102 2768; x_wconf 76' lang='grc' dir='ltr'><strong>διὰ</strong></span> <span class='ocrx_word' id='word_1_408' title='bbox 3126 2714 3184 2767; x_wconf 84' lang='grc' dir='ltr'><strong>τὸ</strong></span> <span class='ocrx_word' id='word_1_409' title='bbox 3217 2709 3282 2778; x_wconf 71' lang='grc' dir='ltr'>ἐξ</span> <span class='ocrx_word' id='word_1_410' title='bbox 3315 2714 3479 2768; x_wconf 88' lang='grc' dir='ltr'><strong>ἰούδα</strong></span> <span class='ocrx_word' id='word_1_411' title='bbox 3508 2714 3596 2784; x_wconf 83' lang='grc' dir='ltr'><strong>μὲν</strong></span> <span class='ocrx_word' id='word_1_412' title='bbox 3620 2714 3777 2767; x_wconf 79' lang='grc' dir='ltr'><strong>ἀνατεῖ-</strong></span> 
     </span>
    </p>
   </div>
   <div class='ocr_carea' id='block_1_56' title="bbox 2280 2805 3776 2877">
    <p class='ocr_par' dir='ltr' id='par_1_56' title="bbox 2280 2805 3776 2877">
     <span class='ocr_line' id='line_1_56' title="bbox 2280 2805 3776 2877; baseline 0 -19"><span class='ocrx_word' id='word_1_413' title='bbox 2280 2805 2388 2870; x_wconf 90' lang='grc' dir='ltr'><strong>λαι,</strong></span> <span class='ocrx_word' id='word_1_414' title='bbox 2439 2805 2648 2877; x_wconf 75' lang='grc' dir='ltr'><strong>λάμψαι</strong></span> <span class='ocrx_word' id='word_1_415' title='bbox 2679 2806 2735 2858; x_wconf 82' lang='grc' dir='ltr'><strong>δὲ</strong></span> <span class='ocrx_word' id='word_1_416' title='bbox 2775 2808 2886 2870; x_wconf 87' lang='grc' dir='ltr'><strong>τοῖς</strong></span> <span class='ocrx_word' id='word_1_417' title='bbox 2917 2806 3092 2860; x_wconf 78' lang='grc' dir='ltr'><strong>ἔθνεσι</strong></span> <span class='ocrx_word' id='word_1_418' title='bbox 3122 2809 3233 2871; x_wconf 90' lang='grc' dir='ltr'><strong>τοῖς</strong></span> <span class='ocrx_word' id='word_1_419' title='bbox 3279 2809 3337 2861; x_wconf 84' lang='grc' dir='ltr'><strong>ἐν</strong></span> <span class='ocrx_word' id='word_1_420' title='bbox 3382 2809 3550 2861; x_wconf 84' lang='grc' dir='ltr'><strong>σκότει</strong></span> <span class='ocrx_word' id='word_1_421' title='bbox 3576 2808 3656 2860; x_wconf 74' lang='grc' dir='ltr'><strong>καὶ</strong></span> <span class='ocrx_word' id='word_1_422' title='bbox 3687 2806 3776 2874; x_wconf 79' lang='grc' dir='ltr'><strong>σκιᾷ</strong></span> 
     </span>
    </p>
   </div>
   <div class='ocr_carea' id='block_1_57' title="bbox 2281 2898 3776 2970">
    <p class='ocr_par' dir='ltr' id='par_1_57' title="bbox 2281 2898 3776 2970">
     <span class='ocr_line' id='line_1_57' title="bbox 2281 2898 3776 2970; baseline -0.003 -18"><span class='ocrx_word' id='word_1_423' title='bbox 2281 2898 2506 2952; x_wconf 81' lang='grc' dir='ltr'><strong>Θανάτου</strong></span> <span class='ocrx_word' id='word_1_424' title='bbox 2530 2898 2874 2970; x_wconf 84' lang='grc' dir='ltr'><strong>καθημένοις,</strong></span> <span class='ocrx_word' id='word_1_425' title='bbox 2889 2899 3067 2962; x_wconf 88' lang='grc' dir='ltr'><strong>καλῶς</strong></span> <span class='ocrx_word' id='word_1_426' title='bbox 3094 2899 3188 2951; x_wconf 73' lang='grc' dir='ltr'><strong>καὶ</strong></span> <span class='ocrx_word' id='word_1_427' title='bbox 3209 2899 3497 2969; x_wconf 84' lang='grc' dir='ltr'><strong>προσφυῶς</strong></span> <span class='ocrx_word' id='word_1_428' title='bbox 3519 2899 3590 2968; x_wconf 82' lang='grc' dir='ltr'><strong>τῷ</strong></span> <span class='ocrx_word' id='word_1_429' title='bbox 3607 2898 3776 2968; x_wconf 80' lang='grc' dir='ltr'><strong>ὀνόματι</strong></span> 
     </span>
    </p>
   </div>
   <div class='ocr_carea' id='block_1_58' title="bbox 2277 2986 3775 3059">
    <p class='ocr_par' dir='ltr' id='par_1_58' title="bbox 2277 2986 3775 3059">
     <span class='ocr_line' id='line_1_58' title="bbox 2277 2986 3775 3059; baseline 0 -19"><span class='ocrx_word' id='word_1_430' title='bbox 2277 2988 2371 3041; x_wconf 84' lang='grc' dir='ltr'><strong>τοῦ</strong></span> <span class='ocrx_word' id='word_1_431' title='bbox 2402 2988 2690 3057; x_wconf 74' lang='grc' dir='ltr'><strong>ἀδελφιδοῦ</strong></span> <span class='ocrx_word' id='word_1_432' title='bbox 2721 2988 2870 3059; x_wconf 85' lang='grc' dir='ltr'><strong>παρὰ</strong></span> <span class='ocrx_word' id='word_1_433' title='bbox 2910 2987 3009 3057; x_wconf 79' lang='grc' dir='ltr'><strong>τῆς</strong></span> <span class='ocrx_word' id='word_1_434' title='bbox 3055 2988 3478 3059; x_wconf 88' lang='grc' dir='ltr'><strong>μνηστευθείσης</strong></span> <span class='ocrx_word' id='word_1_435' title='bbox 3513 2986 3643 3056; x_wconf 81' lang='grc' dir='ltr'><strong>αὐτῷ</strong></span> <span class='ocrx_word' id='word_1_436' title='bbox 3680 2986 3775 3057; x_wconf 75' lang='grc' dir='ltr'><strong>πρὸς</strong></span> 
     </span>
    </p>
   </div>
   <div class='ocr_carea' id='block_1_59' title="bbox 2278 3075 3775 3149">
    <p class='ocr_par' dir='ltr' id='par_1_59' title="bbox 2278 3075 3775 3149">
     <span class='ocr_line' id='line_1_59' title="bbox 2278 3075 3775 3149; baseline -0.001 -19"><span class='ocrx_word' id='word_1_437' title='bbox 2278 3078 2443 3131; x_wconf 80' lang='grc' dir='ltr'><strong>ἀΐδιον</strong></span> <span class='ocrx_word' id='word_1_438' title='bbox 2477 3078 2731 3146; x_wconf 74' lang='grc' dir='ltr'><strong>συζυγίαν</strong></span> <span class='ocrx_word' id='word_1_439' title='bbox 2771 3076 3228 3148; x_wconf 81' lang='grc' dir='ltr'><strong>κατονομάζεται,</strong></span> <span class='ocrx_word' id='word_1_440' title='bbox 3284 3079 3507 3149; x_wconf 79' lang='grc' dir='ltr'><strong>ἀδελφῆς</strong></span> <span class='ocrx_word' id='word_1_441' title='bbox 3537 3077 3678 3148; x_wconf 72' lang='grc' dir='ltr'><strong>οὔσης</strong></span> <span class='ocrx_word' id='word_1_442' title='bbox 3710 3075 3775 3129; x_wconf 77' lang='grc' dir='ltr'><strong>τοῦ</strong></span> 
     </span>
    </p>
   </div>
   <div class='ocr_carea' id='block_1_60' title="bbox 602 3167 2177 3257">
    <p class='ocr_par' dir='ltr' id='par_1_60' title="bbox 602 3175 2170 3246">
     <span class='ocr_line' id='line_1_60' title="bbox 602 3175 2170 3246; baseline 0.002 -17"><span class='ocrx_word' id='word_1_443' title='bbox 602 3175 860 3246; x_wconf 86' lang='lat' dir='ltr'><strong>pelletur,</strong></span> <span class='ocrx_word' id='word_1_444' title='bbox 897 3175 1048 3245; x_wconf 86' lang='lat' dir='ltr'><strong>quod</strong></span> <span class='ocrx_word' id='word_1_445' title='bbox 1081 3191 1146 3230; x_wconf 88' lang='lat' dir='ltr'><strong>ea</strong></span> <span class='ocrx_word' id='word_1_446' title='bbox 1178 3177 1365 3246; x_wconf 83' lang='lat' dir='ltr'><strong>populi</strong></span> <span class='ocrx_word' id='word_1_447' title='bbox 1397 3192 1464 3232; x_wconf 81' lang='lat' dir='ltr'><strong>ex</strong></span> <span class='ocrx_word' id='word_1_448' title='bbox 1497 3175 1638 3230; x_wconf 83' lang='lat' dir='ltr'><strong>Juda</strong></span> <span class='ocrx_word' id='word_1_449' title='bbox 1671 3177 1780 3230; x_wconf 86' lang='lat' dir='ltr'><strong>orti</strong></span> <span class='ocrx_word' id='word_1_450' title='bbox 1816 3192 1974 3234; x_wconf 88' lang='lat' dir='ltr'><strong>soror</strong></span> <span class='ocrx_word' id='word_1_451' title='bbox 2007 3189 2170 3233; x_wconf 87' lang='lat' dir='ltr'><strong>esset.</strong></span> 
     </span>
    </p>
   </div>
   <div class='ocr_carea' id='block_1_61' title="bbox 2261 3167 3776 3257">
    <p class='ocr_par' dir='ltr' id='par_1_61' title="bbox 2292 3167 3776 3242">
     <span class='ocr_line' id='line_1_61' title="bbox 2292 3167 3776 3242; baseline -0.001 -19"><span class='ocrx_word' id='word_1_452' title='bbox 2292 3171 2460 3224; x_wconf 83' lang='grc' dir='ltr'><strong>Ἰούδα</strong></span> <span class='ocrx_word' id='word_1_453' title='bbox 2497 3171 2647 3225; x_wconf 80' lang='grc' dir='ltr'><strong>λαοῦ.</strong></span> <span class='ocrx_word' id='word_1_454' title='bbox 2702 3171 2776 3224; x_wconf 84' lang='grc' dir='ltr'><strong>Τὸ</strong></span> <span class='ocrx_word' id='word_1_455' title='bbox 2804 3171 2859 3224; x_wconf 78' lang='grc' dir='ltr'><strong>δὲ</strong></span> <span class='ocrx_word' id='word_1_456' title='bbox 2879 3171 3126 3242; x_wconf 82' lang='grc' dir='ltr'><strong>Κατέση,</strong></span> <span class='ocrx_word' id='word_1_457' title='bbox 3167 3169 3340 3241; x_wconf 84' lang='grc' dir='ltr'><strong>δηλοῖ,</strong></span> <span class='ocrx_word' id='word_1_458' title='bbox 3371 3171 3451 3223; x_wconf 81' lang='grc' dir='ltr'><strong>ὅτι</strong></span> <span class='ocrx_word' id='word_1_459' title='bbox 3487 3169 3570 3223; x_wconf 79' lang='grc' dir='ltr'><strong>διὰ</strong></span> <span class='ocrx_word' id='word_1_460' title='bbox 3602 3169 3679 3222; x_wconf 76' lang='grc' dir='ltr'><strong>τὸν</strong></span> <span class='ocrx_word' id='word_1_461' title='bbox 3701 3167 3776 3221; x_wconf 71' lang='grc' dir='ltr'><strong>ἀπὸ</strong></span> 
     </span>
    </p>
   </div>
   <div class='ocr_carea' id='block_1_62' title="bbox 605 3265 2177 3338">
    <p class='ocr_par' dir='ltr' id='par_1_62' title="bbox 605 3265 2177 3338">
     <span class='ocr_line' id='line_1_62' title="bbox 605 3265 2177 3338; baseline 0.002 -19"><span class='ocrx_word' id='word_1_462' title='bbox 605 3265 841 3330; x_wconf 84' lang='lat' dir='ltr'><strong>Verbum</strong></span> <span class='ocrx_word' id='word_1_463' title='bbox 891 3276 1110 3331; x_wconf 89' lang='lat' dir='ltr'><strong>autem,</strong></span> <span class='ocrx_word' id='word_1_464' title='bbox 1157 3266 1490 3331; x_wconf 84' lang='lat' dir='ltr'><strong>Descendit,</strong></span> <span class='ocrx_word' id='word_1_465' title='bbox 1531 3266 1805 3337; x_wconf 84' lang='lat' dir='ltr'><strong>signiﬁcat</strong></span> <span class='ocrx_word' id='word_1_466' title='bbox 1847 3277 2068 3338; x_wconf 82' lang='lat' dir='ltr'><strong>propter</strong></span> <span class='ocrx_word' id='word_1_467' title='bbox 2111 3269 2177 3322; x_wconf 90' lang='lat' dir='ltr'><strong>il-</strong></span> 
     </span>
    </p>
   </div>
   <div class='ocr_carea' id='block_1_63' title="bbox 601 3355 2179 3429">
    <p class='ocr_par' dir='ltr' id='par_1_63' title="bbox 601 3355 2179 3429">
     <span class='ocr_line' id='line_1_63' title="bbox 601 3355 2179 3429; baseline 0.001 -17"><span class='ocrx_word' id='word_1_468' title='bbox 601 3358 715 3413; x_wconf 78' lang='lat' dir='ltr'><strong>lum</strong></span> <span class='ocrx_word' id='word_1_469' title='bbox 739 3398 753 3422; x_wconf 92' lang='lat'><strong>,</strong></span> <span class='ocrx_word' id='word_1_470' title='bbox 782 3359 876 3429; x_wconf 85' lang='lat' dir='ltr'><strong>qui</strong></span> <span class='ocrx_word' id='word_1_471' title='bbox 902 3356 1263 3428; x_wconf 81' lang='lat' dir='ltr'><strong>Jerosolymis</strong></span> <span class='ocrx_word' id='word_1_472' title='bbox 1290 3355 1511 3412; x_wconf 72' lang='lat' dir='ltr'><strong>Iericho</strong></span> <span class='ocrx_word' id='word_1_473' title='bbox 1540 3357 1831 3412; x_wconf 88' lang='lat' dir='ltr'><strong>descendit</strong></span> <span class='ocrx_word' id='word_1_474' title='bbox 1852 3398 1866 3422; x_wconf 88' lang='lat'><strong>,</strong></span> <span class='ocrx_word' id='word_1_475' title='bbox 1901 3358 2070 3428; x_wconf 87' lang='lat' dir='ltr'><strong>inque</strong></span> <span class='ocrx_word' id='word_1_476' title='bbox 2099 3360 2179 3413; x_wconf 83' lang='lat' dir='ltr'><strong>la-</strong></span> 
     </span>
    </p>
   </div>
   <div class='ocr_carea' id='block_1_64' title="bbox 601 3445 2177 3517">
    <p class='ocr_par' dir='ltr' id='par_1_64' title="bbox 601 3445 2177 3517">
     <span class='ocr_line' id='line_1_64' title="bbox 601 3445 2177 3517; baseline 0.002 -16"><span class='ocrx_word' id='word_1_477' title='bbox 601 3456 792 3502; x_wconf 89' lang='lat' dir='ltr'><strong>trones</strong></span> <span class='ocrx_word' id='word_1_478' title='bbox 843 3448 1043 3501; x_wconf 84' lang='lat' dir='ltr'><strong>incidit</strong></span> <span class='ocrx_word' id='word_1_479' title='bbox 1069 3446 1114 3477; x_wconf 82' lang='grc'>⁶⁶</span> <span class='ocrx_word' id='word_1_480' title='bbox 1145 3463 1158 3499; x_wconf 92' lang='lat'><strong>:</strong></span> <span class='ocrx_word' id='word_1_481' title='bbox 1193 3453 1418 3516; x_wconf 89' lang='lat' dir='ltr'><strong>propter</strong></span> <span class='ocrx_word' id='word_1_482' title='bbox 1467 3445 1614 3500; x_wconf 91' lang='lat' dir='ltr'><strong>hunc</strong></span> <span class='ocrx_word' id='word_1_483' title='bbox 1668 3447 1832 3517; x_wconf 83' lang='lat' dir='ltr'><strong>igitur</strong></span> <span class='ocrx_word' id='word_1_484' title='bbox 1883 3447 1935 3500; x_wconf 90' lang='lat' dir='ltr'><strong>in</strong></span> <span class='ocrx_word' id='word_1_485' title='bbox 1990 3447 2177 3504; x_wconf 87' lang='lat' dir='ltr'><strong>hostes</strong></span> 
     </span>
    </p>
   </div>
   <div class='ocr_carea' id='block_1_65' title="bbox 600 3537 2178 3610">
    <p class='ocr_par' dir='ltr' id='par_1_65' title="bbox 600 3537 2178 3610">
     <span class='ocr_line' id='line_1_65' title="bbox 600 3537 2178 3610; baseline 0.001 -18"><span class='ocrx_word' id='word_1_486' title='bbox 600 3541 813 3609; x_wconf 85' lang='lat' dir='ltr'><strong>lapsum</strong></span> <span class='ocrx_word' id='word_1_487' title='bbox 835 3579 849 3605; x_wconf 94' lang='lat'><strong>,</strong></span> <span class='ocrx_word' id='word_1_488' title='bbox 875 3539 1040 3594; x_wconf 86' lang='lat' dir='ltr'><strong>etiam</strong></span> <span class='ocrx_word' id='word_1_489' title='bbox 1067 3539 1246 3608; x_wconf 90' lang='lat' dir='ltr'><strong>ipsum</strong></span> <span class='ocrx_word' id='word_1_490' title='bbox 1269 3537 1624 3593; x_wconf 83' lang='lat' dir='ltr'><strong>descendisse</strong></span> <span class='ocrx_word' id='word_1_491' title='bbox 1653 3556 1664 3591; x_wconf 92' lang='lat'><strong>:</strong></span> <span class='ocrx_word' id='word_1_492' title='bbox 1693 3553 1801 3608; x_wconf 91' lang='lat' dir='ltr'><strong>quo</strong></span> <span class='ocrx_word' id='word_1_493' title='bbox 1834 3539 2178 3610; x_wconf 68' lang='lat' dir='ltr'><strong>signiﬁcatur</strong></span> 
     </span>
    </p>
   </div>
   <div class='ocr_carea' id='block_1_66' title="bbox 600 3628 2177 3698">
    <p class='ocr_par' dir='ltr' id='par_1_66' title="bbox 600 3628 2177 3698">
     <span class='ocr_line' id='line_1_66' title="bbox 600 3628 2177 3698; baseline 0.002 -14"><span class='ocrx_word' id='word_1_494' title='bbox 600 3628 745 3684; x_wconf 74' lang='lat' dir='ltr'><strong>facta</strong></span> <span class='ocrx_word' id='word_1_495' title='bbox 770 3644 837 3684; x_wconf 81' lang='lat' dir='ltr'><strong>ex</strong></span> <span class='ocrx_word' id='word_1_496' title='bbox 869 3628 1129 3683; x_wconf 77' lang='lat' dir='ltr'><strong>ineliabili</strong></span> <span class='ocrx_word' id='word_1_497' title='bbox 1165 3629 1448 3698; x_wconf 85' lang='lat' dir='ltr'><strong>majestate</strong></span> <span class='ocrx_word' id='word_1_498' title='bbox 1473 3629 1540 3684; x_wconf 85' lang='lat' dir='ltr'><strong>ad</strong></span> <span class='ocrx_word' id='word_1_499' title='bbox 1570 3629 1936 3684; x_wconf 51' lang='lat' dir='ltr'><strong>hut‘uilitatem</strong></span> <span class='ocrx_word' id='word_1_500' title='bbox 1965 3640 2177 3688; x_wconf 73' lang='lat' dir='ltr'><strong>natura:</strong></span> 
     </span>
    </p>
   </div>
   <div class='ocr_carea' id='block_1_67' title="bbox 600 3717 2172 3792">
    <p class='ocr_par' dir='ltr' id='par_1_67' title="bbox 600 3717 2172 3792">
     <span class='ocr_line' id='line_1_67' title="bbox 600 3717 2172 3792; baseline 0.001 -15"><span class='ocrx_word' id='word_1_501' title='bbox 600 3731 804 3777; x_wconf 71' lang='lat' dir='ltr'><strong>nostra:</strong></span> <span class='ocrx_word' id='word_1_502' title='bbox 827 3720 1114 3775; x_wconf 83' lang='lat' dir='ltr'><strong>demissio.</strong></span> <span class='ocrx_word' id='word_1_503' title='bbox 1151 3717 1230 3773; x_wconf 79' lang='lat' dir='ltr'><strong>Ex</strong></span> <span class='ocrx_word' id='word_1_504' title='bbox 1261 3719 1408 3774; x_wconf 87' lang='lat' dir='ltr'><strong>horti</strong></span> <span class='ocrx_word' id='word_1_505' title='bbox 1442 3723 1734 3792; x_wconf 68' lang='lat' dir='ltr'><strong>aenigmate</strong></span> <span class='ocrx_word' id='word_1_506' title='bbox 1762 3721 2049 3790; x_wconf 88' lang='lat' dir='ltr'><strong>discimus,</strong></span> <span class='ocrx_word' id='word_1_507' title='bbox 2077 3740 2172 3778; x_wconf 84' lang='lat' dir='ltr'><strong>ve-</strong></span> 
     </span>
    </p>
   </div>
   <div class='ocr_carea' id='block_1_68' title="bbox 599 3810 2168 3885">
    <p class='ocr_par' dir='ltr' id='par_1_68' title="bbox 599 3810 2168 3885">
     <span class='ocr_line' id='line_1_68' title="bbox 599 3810 2168 3885; baseline 0.001 -17"><span class='ocrx_word' id='word_1_508' title='bbox 599 3827 721 3868; x_wconf 89' lang='lat' dir='ltr'><strong>rum</strong></span> <span class='ocrx_word' id='word_1_509' title='bbox 755 3812 907 3865; x_wconf 92' lang='lat' dir='ltr'><strong>illum</strong></span> <span class='ocrx_word' id='word_1_510' title='bbox 938 3811 1234 3880; x_wconf 82' lang='lat' dir='ltr'><strong>agricolam</strong></span> <span class='ocrx_word' id='word_1_511' title='bbox 1266 3810 1334 3865; x_wconf 92' lang='lat' dir='ltr'><strong>de</strong></span> <span class='ocrx_word' id='word_1_512' title='bbox 1365 3811 1580 3882; x_wconf 81' lang='lat' dir='ltr'><strong>integro</strong></span> <span class='ocrx_word' id='word_1_513' title='bbox 1607 3828 1798 3868; x_wconf 84' lang='lat' dir='ltr'><strong>arvum</strong></span> <span class='ocrx_word' id='word_1_514' title='bbox 1835 3829 1994 3869; x_wconf 88' lang='lat' dir='ltr'><strong>suum</strong></span> <span class='ocrx_word' id='word_1_515' title='bbox 2021 3815 2168 3885; x_wconf 76' lang='lat' dir='ltr'><strong>plau-</strong></span> 
     </span>
    </p>
   </div>
   <div class='ocr_carea' id='block_1_69' title="bbox 597 3902 2169 3968">
    <p class='ocr_par' dir='ltr' id='par_1_69' title="bbox 597 3902 2169 3968">
     <span class='ocr_line' id='line_1_69' title="bbox 597 3902 2169 3968; baseline 0.002 -8"><span class='ocrx_word' id='word_1_516' title='bbox 597 3912 716 3960; x_wconf 88' lang='lat' dir='ltr'><strong>tare</strong></span> <span class='ocrx_word' id='word_1_517' title='bbox 740 3943 756 3968; x_wconf 94' lang='lat'><strong>,</strong></span> <span class='ocrx_word' id='word_1_518' title='bbox 794 3903 1054 3958; x_wconf 87' lang='lat' dir='ltr'><strong>nimirum</strong></span> <span class='ocrx_word' id='word_1_519' title='bbox 1089 3917 1189 3957; x_wconf 91' lang='lat' dir='ltr'><strong>nos</strong></span> <span class='ocrx_word' id='word_1_520' title='bbox 1229 3902 1501 3959; x_wconf 86' lang='lat' dir='ltr'><strong>homines.</strong></span> <span class='ocrx_word' id='word_1_521' title='bbox 1559 3903 1782 3960; x_wconf 82' lang='lat' dir='ltr'><strong>Etenim.</strong></span> <span class='ocrx_word' id='word_1_522' title='bbox 1821 3923 1923 3962; x_wconf 90' lang='lat' dir='ltr'><strong>nos</strong></span> <span class='ocrx_word' id='word_1_523' title='bbox 1977 3923 2169 3963; x_wconf 70' lang='lat' dir='ltr'><strong>arvum</strong></span> 
     </span>
    </p>
   </div>
   <div class='ocr_carea' id='block_1_70' title="bbox 597 3996 2168 4070">
    <p class='ocr_par' dir='ltr' id='par_1_70' title="bbox 597 3996 2168 4070">
     <span class='ocr_line' id='line_1_70' title="bbox 597 3996 2168 4070; baseline 0.004 -19"><span class='ocrx_word' id='word_1_524' title='bbox 597 3998 772 4068; x_wconf 86' lang='lat' dir='ltr'><strong>ipsius</strong></span> <span class='ocrx_word' id='word_1_525' title='bbox 814 4010 1044 4062; x_wconf 87' lang='lat' dir='ltr'><strong>sumus,</strong></span> <span class='ocrx_word' id='word_1_526' title='bbox 1079 3996 1543 4069; x_wconf 88' lang='lat' dir='ltr'><strong>quemadmodum</strong></span> <span class='ocrx_word' id='word_1_527' title='bbox 1585 3997 1789 4054; x_wconf 87' lang='lat' dir='ltr'><strong>Paulus</strong></span> <span class='ocrx_word' id='word_1_528' title='bbox 1835 3999 2076 4070; x_wconf 90' lang='lat' dir='ltr'><strong>loquitur</strong></span> <span class='ocrx_word' id='word_1_529' title='bbox 2103 4002 2168 4058; x_wconf 75' lang='grc'><strong>⁸⁷.</strong></span> 
     </span>
    </p>
   </div>
   <div class='ocr_carea' id='block_1_71' title="bbox 598 4088 2172 4162">
    <p class='ocr_par' dir='ltr' id='par_1_71' title="bbox 598 4088 2172 4162">
     <span class='ocr_line' id='line_1_71' title="bbox 598 4088 2172 4162; baseline 0.003 -20"><span class='ocrx_word' id='word_1_530' title='bbox 598 4088 786 4161; x_wconf 89' lang='lat' dir='ltr'><strong>Itaque</strong></span> <span class='ocrx_word' id='word_1_531' title='bbox 815 4104 941 4145; x_wconf 90' lang='lat' dir='ltr'><strong>cum</strong></span> <span class='ocrx_word' id='word_1_532' title='bbox 978 4091 1097 4161; x_wconf 90' lang='lat' dir='ltr'><strong>ipse</strong></span> <span class='ocrx_word' id='word_1_533' title='bbox 1129 4091 1204 4144; x_wconf 87' lang='lat' dir='ltr'><strong>sit</strong></span> <span class='ocrx_word' id='word_1_534' title='bbox 1232 4091 1309 4156; x_wconf 89' lang='lat' dir='ltr'><strong>is,</strong></span> <span class='ocrx_word' id='word_1_535' title='bbox 1341 4091 1434 4160; x_wconf 92' lang='lat' dir='ltr'><strong>qui</strong></span> <span class='ocrx_word' id='word_1_536' title='bbox 1471 4106 1654 4145; x_wconf 89' lang='lat' dir='ltr'><strong>rerum</strong></span> <span class='ocrx_word' id='word_1_537' title='bbox 1691 4091 1848 4145; x_wconf 89' lang='lat' dir='ltr'><strong>initio</strong></span> <span class='ocrx_word' id='word_1_538' title='bbox 1879 4093 2172 4162; x_wconf 84' lang='lat' dir='ltr'><strong>plantatio-</strong></span> 
     </span>
    </p>
   </div>
   <div class='ocr_carea' id='block_1_72' title="bbox 596 4182 2172 4242">
    <p class='ocr_par' dir='ltr' id='par_1_72' title="bbox 596 4182 2172 4242">
     <span class='ocr_line' id='line_1_72' title="bbox 596 4182 2172 4242; baseline 0.003 -6"><span class='ocrx_word' id='word_1_539' title='bbox 596 4198 721 4238; x_wconf 90' lang='lat' dir='ltr'><strong>nem</strong></span> <span class='ocrx_word' id='word_1_540' title='bbox 754 4182 1007 4237; x_wconf 69' lang='lat' dir='ltr'><strong>humana:</strong></span> <span class='ocrx_word' id='word_1_541' title='bbox 1039 4190 1251 4238; x_wconf 62' lang='lat' dir='ltr'><strong>naturae</strong></span> <span class='ocrx_word' id='word_1_542' title='bbox 1280 4185 1551 4238; x_wconf 92' lang='lat' dir='ltr'><strong>consitam</strong></span> <span class='ocrx_word' id='word_1_543' title='bbox 1583 4200 1613 4237; x_wconf 91' lang='lat' dir='ltr'><strong>a</strong></span> <span class='ocrx_word' id='word_1_544' title='bbox 1645 4182 1806 4241; x_wconf 87' lang='lat' dir='ltr'><strong>Patre</strong></span> <span class='ocrx_word' id='word_1_545' title='bbox 1835 4187 2046 4242; x_wconf 77' lang='lat' dir='ltr'><strong>caelesti</strong></span> <span class='ocrx_word' id='word_1_546' title='bbox 2082 4204 2172 4242; x_wconf 82' lang='lat' dir='ltr'><strong>ex-</strong></span> 
     </span>
    </p>
   </div>
   <div class='ocr_carea' id='block_1_73' title="bbox 595 4272 2165 4344">
    <p class='ocr_par' dir='ltr' id='par_1_73' title="bbox 595 4272 2165 4344">
     <span class='ocr_line' id='line_1_73' title="bbox 595 4272 2165 4344; baseline 0.003 -16"><span class='ocrx_word' id='word_1_547' title='bbox 595 4273 768 4328; x_wconf 89' lang='lat' dir='ltr'><strong>coluit</strong></span> <span class='ocrx_word' id='word_1_548' title='bbox 794 4272 848 4326; x_wconf 91' lang='lat' dir='ltr'><strong>in</strong></span> <span class='ocrx_word' id='word_1_549' title='bbox 881 4273 1136 4344; x_wconf 85' lang='lat' dir='ltr'><strong>paradiso</strong></span> <span class='ocrx_word' id='word_1_550' title='bbox 1164 4292 1177 4328; x_wconf 90' lang='lat'><strong>:</strong></span> <span class='ocrx_word' id='word_1_551' title='bbox 1208 4288 1337 4343; x_wconf 89' lang='lat' dir='ltr'><strong>aper</strong></span> <span class='ocrx_word' id='word_1_552' title='bbox 1361 4282 1544 4330; x_wconf 86' lang='lat' dir='ltr'><strong>autent</strong></span> <span class='ocrx_word' id='word_1_553' title='bbox 1575 4275 1870 4344; x_wconf 85' lang='lat' dir='ltr'><strong>singularis</strong></span> <span class='ocrx_word' id='word_1_554' title='bbox 1896 4285 1950 4331; x_wconf 92' lang='lat' dir='ltr'><strong>et</strong></span> <span class='ocrx_word' id='word_1_555' title='bbox 1979 4278 2165 4332; x_wconf 81' lang='lat' dir='ltr'><strong>imma-</strong></span> 
     </span>
    </p>
   </div>
   <div class='ocr_carea' id='block_1_74' title="bbox 595 4365 2166 4436">
    <p class='ocr_par' dir='ltr' id='par_1_74' title="bbox 595 4365 2166 4436">
     <span class='ocr_line' id='line_1_74' title="bbox 595 4365 2166 4436; baseline 0.003 -17"><span class='ocrx_word' id='word_1_556' title='bbox 595 4368 682 4422; x_wconf 91' lang='lat' dir='ltr'><strong>nis</strong></span> <span class='ocrx_word' id='word_1_557' title='bbox 711 4365 934 4420; x_wconf 89' lang='lat' dir='ltr'><strong>hortum</strong></span> <span class='ocrx_word' id='word_1_558' title='bbox 967 4366 1160 4429; x_wconf 91' lang='lat' dir='ltr'><strong>illum,</strong></span> <span class='ocrx_word' id='word_1_559' title='bbox 1208 4366 1466 4420; x_wconf 87' lang='lat' dir='ltr'><strong>nimirum</strong></span> <span class='ocrx_word' id='word_1_560' title='bbox 1507 4381 1638 4429; x_wconf 90' lang='lat' dir='ltr'><strong>nos,</strong></span> <span class='ocrx_word' id='word_1_561' title='bbox 1676 4367 2024 4436; x_wconf 72' lang='lat' dir='ltr'><strong>depraedatus</strong></span> <span class='ocrx_word' id='word_1_562' title='bbox 2063 4370 2166 4436; x_wconf 86' lang='lat' dir='ltr'><strong>sit,</strong></span> 
     </span>
    </p>
   </div>
   <div class='ocr_carea' id='block_1_75' title="bbox 595 4457 2168 4528">
    <p class='ocr_par' dir='ltr' id='par_1_75' title="bbox 595 4457 2168 4528">
     <span class='ocr_line' id='line_1_75' title="bbox 595 4457 2168 4528; baseline 0.004 -17"><span class='ocrx_word' id='word_1_563' title='bbox 595 4473 895 4528; x_wconf 87' lang='lat' dir='ltr'><strong>arvumque</strong></span> <span class='ocrx_word' id='word_1_564' title='bbox 938 4457 1189 4512; x_wconf 87' lang='lat' dir='ltr'><strong>divinum</strong></span> <span class='ocrx_word' id='word_1_565' title='bbox 1237 4458 1509 4511; x_wconf 82' lang='lat' dir='ltr'><strong>vastarit:</strong></span> <span class='ocrx_word' id='word_1_566' title='bbox 1549 4457 1696 4512; x_wconf 89' lang='lat' dir='ltr'><strong>hanc</strong></span> <span class='ocrx_word' id='word_1_567' title='bbox 1725 4459 1896 4528; x_wconf 85' lang='lat' dir='ltr'><strong>ipsam</strong></span> <span class='ocrx_word' id='word_1_568' title='bbox 1931 4462 2001 4515; x_wconf 92' lang='lat' dir='ltr'><strong>ob</strong></span> <span class='ocrx_word' id='word_1_569' title='bbox 2033 4477 2168 4516; x_wconf 86' lang='lat' dir='ltr'><strong>cau-</strong></span> 
     </span>
    </p>
   </div>
   <div class='ocr_carea' id='block_1_76' title="bbox 2291 3260 3775 3334">
    <p class='ocr_par' dir='ltr' id='par_1_76' title="bbox 2291 3260 3775 3334">
     <span class='ocr_line' id='line_1_76' title="bbox 2291 3260 3775 3334; baseline -0.003 -19"><span class='ocrx_word' id='word_1_570' title='bbox 2291 3263 2640 3333; x_wconf 75' lang='grc' dir='ltr'><strong>Ἰερουσαλὴμ</strong></span> <span class='ocrx_word' id='word_1_571' title='bbox 2677 3264 2733 3326; x_wconf 80' lang='grc' dir='ltr'><strong>ἐς</strong></span> <span class='ocrx_word' id='word_1_572' title='bbox 2773 3260 2978 3334; x_wconf 78' lang='grc' dir='ltr'><strong>Ἰεριχὼ</strong></span> <span class='ocrx_word' id='word_1_573' title='bbox 3020 3262 3355 3326; x_wconf 78' lang='grc' dir='ltr'><strong>καταϐάντα,</strong></span> <span class='ocrx_word' id='word_1_574' title='bbox 3388 3264 3477 3316; x_wconf 73' lang='grc' dir='ltr'><strong>καὶ</strong></span> <span class='ocrx_word' id='word_1_575' title='bbox 3523 3263 3576 3315; x_wconf 85' lang='grc' dir='ltr'><strong>ὲν</strong></span> <span class='ocrx_word' id='word_1_576' title='bbox 3601 3263 3693 3324; x_wconf 82' lang='grc' dir='ltr'><strong>τοῖς</strong></span> <span class='ocrx_word' id='word_1_577' title='bbox 3711 3261 3775 3331; x_wconf 77' lang='grc' dir='ltr'><strong>λη-</strong></span> 
     </span>
    </p>
   </div>
   <div class='ocr_carea' id='block_1_77' title="bbox 2282 3349 3775 3424">
    <p class='ocr_par' dir='ltr' id='par_1_77' title="bbox 2282 3349 3775 3424">
     <span class='ocr_line' id='line_1_77' title="bbox 2282 3349 3775 3424; baseline -0.001 -18"><span class='ocrx_word' id='word_1_578' title='bbox 2282 3358 2432 3418; x_wconf 86' lang='grc' dir='ltr'><strong>σταῖς</strong></span> <span class='ocrx_word' id='word_1_579' title='bbox 2460 3355 2745 3424; x_wconf 84' lang='grc' dir='ltr'><strong>γενόμενον</strong></span> <span class='ocrx_word' id='word_1_580' title='bbox 2763 3373 2776 3386; x_wconf 87' lang='grc'>·</span> <span class='ocrx_word' id='word_1_581' title='bbox 2807 3355 2896 3408; x_wconf 87' lang='grc' dir='ltr'><strong>διὰ</strong></span> <span class='ocrx_word' id='word_1_582' title='bbox 2927 3352 3082 3407; x_wconf 83' lang='grc' dir='ltr'><strong>τοῦτο</strong></span> <span class='ocrx_word' id='word_1_583' title='bbox 3107 3357 3202 3408; x_wconf 74' lang='grc' dir='ltr'><strong>καὶ</strong></span> <span class='ocrx_word' id='word_1_584' title='bbox 3223 3355 3389 3419; x_wconf 78' lang='grc' dir='ltr'><strong>αὐτὸς</strong></span> <span class='ocrx_word' id='word_1_585' title='bbox 3415 3357 3480 3424; x_wconf 85' lang='grc' dir='ltr'><strong>τῇ</strong></span> <span class='ocrx_word' id='word_1_586' title='bbox 3505 3353 3686 3423; x_wconf 85' lang='grc' dir='ltr'><strong>καθόδῳ</strong></span> <span class='ocrx_word' id='word_1_587' title='bbox 3709 3349 3775 3405; x_wconf 72' lang='grc' dir='ltr'><strong>τώ</strong></span> 
     </span>
    </p>
   </div>
   <div class='ocr_carea' id='block_1_78' title="bbox 2278 3439 3774 3518">
    <p class='ocr_par' dir='ltr' id='par_1_78' title="bbox 2278 3439 3774 3518">
     <span class='ocr_line' id='line_1_78' title="bbox 2278 3439 3774 3518; baseline -0.001 -20"><span class='ocrx_word' id='word_1_588' title='bbox 2278 3447 2605 3517; x_wconf 75' lang='grc' dir='ltr'><strong>ἐμπεσόντος</strong></span> <span class='ocrx_word' id='word_1_589' title='bbox 2631 3449 2744 3509; x_wconf 85' lang='grc' dir='ltr'><strong>τοῖς</strong></span> <span class='ocrx_word' id='word_1_590' title='bbox 2768 3445 3042 3516; x_wconf 87' lang='grc' dir='ltr'><strong>πολεμίοις</strong></span> <span class='ocrx_word' id='word_1_591' title='bbox 3073 3446 3596 3518; x_wconf 62' lang='grc' dir='ltr'><strong>συγκατέρχεταυδι*</strong></span> <span class='ocrx_word' id='word_1_592' title='bbox 3618 3439 3680 3498; x_wconf 80' lang='grc' dir='ltr'><strong>ὧν</strong></span> <span class='ocrx_word' id='word_1_593' title='bbox 3709 3460 3774 3513; x_wconf 85' lang='grc' dir='ltr'><strong>ση-</strong></span> 
     </span>
    </p>
   </div>
   <div class='ocr_carea' id='block_1_79' title="bbox 2236 3536 3774 3610">
    <p class='ocr_par' dir='ltr' id='par_1_79' title="bbox 2236 3536 3774 3610">
     <span class='ocr_line' id='line_1_79' title="bbox 2236 3536 3774 3610; baseline -0.005 -15"><span class='ocrx_word' id='word_1_594' title='bbox 2236 3584 2248 3595; x_wconf 93' lang='grc'><strong>.</strong></span> <span class='ocrx_word' id='word_1_595' title='bbox 2281 3541 2457 3610; x_wconf 80' lang='grc' dir='ltr'><strong>μαίνει</strong></span> <span class='ocrx_word' id='word_1_596' title='bbox 2489 3540 2585 3609; x_wconf 86' lang='grc' dir='ltr'><strong>τὴν</strong></span> <span class='ocrx_word' id='word_1_597' title='bbox 2629 3540 2694 3592; x_wconf 83' lang='grc' dir='ltr'><strong>ἐκ</strong></span> <span class='ocrx_word' id='word_1_598' title='bbox 2735 3539 2833 3608; x_wconf 81' lang='grc' dir='ltr'><strong>τῆς</strong></span> <span class='ocrx_word' id='word_1_599' title='bbox 2861 3540 3137 3610; x_wconf 85' lang='grc' dir='ltr'><strong>ἀφράστου</strong></span> <span class='ocrx_word' id='word_1_600' title='bbox 3174 3540 3578 3610; x_wconf 80' lang='grc' dir='ltr'><strong>μεγαλειότητος</strong></span> <span class='ocrx_word' id='word_1_601' title='bbox 3601 3536 3774 3607; x_wconf 77' lang='grc' dir='ltr'><strong>γενομέο</strong></span> 
     </span>
    </p>
   </div>
   <div class='ocr_carea' id='block_1_80' title="bbox 2276 3629 3771 3703">
    <p class='ocr_par' dir='ltr' id='par_1_80' title="bbox 2276 3629 3771 3703">
     <span class='ocr_line' id='line_1_80' title="bbox 2276 3629 3771 3703; baseline -0.002 -19"><span class='ocrx_word' id='word_1_602' title='bbox 2276 3650 2372 3701; x_wconf 90' lang='grc' dir='ltr'><strong>νην</strong></span> <span class='ocrx_word' id='word_1_603' title='bbox 2399 3633 2489 3684; x_wconf 73' lang='grc' dir='ltr'><strong>ἐπὶ</strong></span> <span class='ocrx_word' id='word_1_604' title='bbox 2507 3632 2567 3684; x_wconf 78' lang='grc' dir='ltr'><strong>τὸ</strong></span> <span class='ocrx_word' id='word_1_605' title='bbox 2585 3631 2832 3685; x_wconf 85' lang='grc' dir='ltr'><strong>ταπεινὸν</strong></span> <span class='ocrx_word' id='word_1_606' title='bbox 2856 3631 2953 3701; x_wconf 85' lang='grc' dir='ltr'><strong>τῆς</strong></span> <span class='ocrx_word' id='word_1_607' title='bbox 2983 3632 3194 3700; x_wconf 85' lang='grc' dir='ltr'><strong>φύσεως</strong></span> <span class='ocrx_word' id='word_1_608' title='bbox 3222 3634 3255 3703; x_wconf 80' lang='grc' dir='ltr'><strong>ἡ</strong></span> <span class='ocrx_word' id='word_1_609' title='bbox 3265 3634 3381 3703; x_wconf 88' lang='grc' dir='ltr'><strong>μῶν</strong></span> <span class='ocrx_word' id='word_1_610' title='bbox 3411 3629 3771 3700; x_wconf 68' lang='grc' dir='ltr'><strong>ωγκατάὸασιψ</strong></span> 
     </span>
    </p>
   </div>
   <div class='ocr_carea' id='block_1_81' title="bbox 2275 3720 3774 3794">
    <p class='ocr_par' dir='ltr' id='par_1_81' title="bbox 2275 3720 3774 3794">
     <span class='ocr_line' id='line_1_81' title="bbox 2275 3720 3774 3794; baseline -0.004 -16"><span class='ocrx_word' id='word_1_611' title='bbox 2275 3725 2362 3778; x_wconf 73' lang='grc' dir='ltr'><strong>διὰ</strong></span> <span class='ocrx_word' id='word_1_612' title='bbox 2396 3724 2451 3777; x_wconf 84' lang='grc' dir='ltr'><strong>δὲ</strong></span> <span class='ocrx_word' id='word_1_613' title='bbox 2485 3723 2578 3776; x_wconf 86' lang='grc' dir='ltr'><strong>τοῦ</strong></span> <span class='ocrx_word' id='word_1_614' title='bbox 2601 3723 2740 3777; x_wconf 89' lang='grc' dir='ltr'><strong>κατά</strong></span> <span class='ocrx_word' id='word_1_615' title='bbox 2762 3724 2853 3776; x_wconf 85' lang='grc' dir='ltr'><strong>τὸν</strong></span> <span class='ocrx_word' id='word_1_616' title='bbox 2887 3723 3059 3794; x_wconf 80' lang='grc' dir='ltr'><strong>κῆπον</strong></span> <span class='ocrx_word' id='word_1_617' title='bbox 3087 3724 3408 3794; x_wconf 80' lang='grc' dir='ltr'><strong>αἰνίγματος</strong></span> <span class='ocrx_word' id='word_1_618' title='bbox 3441 3723 3588 3777; x_wconf 82' lang='grc' dir='ltr'><strong>τοῦτο</strong></span> <span class='ocrx_word' id='word_1_619' title='bbox 3617 3720 3774 3791; x_wconf 79' lang='grc' dir='ltr'><strong>μανθά-</strong></span> 
     </span>
    </p>
   </div>
   <div class='ocr_carea' id='block_1_82' title="bbox 2274 3811 3774 3887">
    <p class='ocr_par' dir='ltr' id='par_1_82' title="bbox 2274 3811 3774 3887">
     <span class='ocr_line' id='line_1_82' title="bbox 2274 3811 3774 3887; baseline -0.003 -17"><span class='ocrx_word' id='word_1_620' title='bbox 2274 3834 2458 3887; x_wconf 85' lang='grc' dir='ltr'><strong>νομεν,</strong></span> <span class='ocrx_word' id='word_1_621' title='bbox 2488 3818 2568 3870; x_wconf 82' lang='grc' dir='ltr'><strong>ὃτι</strong></span> <span class='ocrx_word' id='word_1_622' title='bbox 2592 3816 2918 3887; x_wconf 86' lang='grc' dir='ltr'><strong>ἀναφυτεύει</strong></span> <span class='ocrx_word' id='word_1_623' title='bbox 2947 3816 3008 3870; x_wconf 85' lang='grc' dir='ltr'><strong>τὸ</strong></span> <span class='ocrx_word' id='word_1_624' title='bbox 3033 3815 3226 3869; x_wconf 78' lang='grc' dir='ltr'><strong>ἑαυτοῦ</strong></span> <span class='ocrx_word' id='word_1_625' title='bbox 3250 3817 3512 3886; x_wconf 83' lang='grc' dir='ltr'><strong>γεώργιον</strong></span> <span class='ocrx_word' id='word_1_626' title='bbox 3535 3817 3562 3869; x_wconf 89' lang='grc' dir='ltr'><strong>ό</strong></span> <span class='ocrx_word' id='word_1_627' title='bbox 3581 3811 3774 3883; x_wconf 69' lang='grc' dir='ltr'><strong>ἀληθινὸς</strong></span> 
     </span>
    </p>
   </div>
   <div class='ocr_carea' id='block_1_83' title="bbox 2271 3905 3773 3979">
    <p class='ocr_par' dir='ltr' id='par_1_83' title="bbox 2271 3905 3773 3979">
     <span class='ocr_line' id='line_1_83' title="bbox 2271 3905 3773 3979; baseline -0.003 -18"><span class='ocrx_word' id='word_1_628' title='bbox 2271 3909 2513 3979; x_wconf 80' lang='grc' dir='ltr'><strong>γεωργὸς</strong></span> <span class='ocrx_word' id='word_1_629' title='bbox 2545 3909 2693 3978; x_wconf 79' lang='grc' dir='ltr'><strong>ἡμᾶς</strong></span> <span class='ocrx_word' id='word_1_630' title='bbox 2721 3910 2847 3972; x_wconf 83' lang='grc' dir='ltr'><strong>τοὺς</strong></span> <span class='ocrx_word' id='word_1_631' title='bbox 2889 3905 3224 3978; x_wconf 83' lang='grc' dir='ltr'><strong>ἀνθρώπους.</strong></span> <span class='ocrx_word' id='word_1_632' title='bbox 3291 3907 3474 3978; x_wconf 82' lang='grc' dir='ltr'><strong>Ἡμεῖς</strong></span> <span class='ocrx_word' id='word_1_633' title='bbox 3519 3908 3616 3976; x_wconf 82' lang='grc' dir='ltr'><strong>γάρ</strong></span> <span class='ocrx_word' id='word_1_634' title='bbox 3650 3908 3773 3974; x_wconf 74' lang='grc' dir='ltr'><strong>ἐσμεν</strong></span> 
     </span>
    </p>
   </div>
   <div class='ocr_carea' id='block_1_84' title="bbox 2271 3988 3772 4071">
    <p class='ocr_par' dir='ltr' id='par_1_84' title="bbox 2271 3988 3772 4071">
     <span class='ocr_line' id='line_1_84' title="bbox 2271 3988 3772 4071; baseline -0.006 -17"><span class='ocrx_word' id='word_1_635' title='bbox 2271 4001 2434 4056; x_wconf 76' lang='grc' dir='ltr'><strong>αὐτοῦ</strong></span> <span class='ocrx_word' id='word_1_636' title='bbox 2469 4000 2730 4070; x_wconf 82' lang='grc' dir='ltr'><strong>γεώργιον</strong></span> <span class='ocrx_word' id='word_1_637' title='bbox 2758 4001 2897 4053; x_wconf 88' lang='grc' dir='ltr'><strong>κατά</strong></span> <span class='ocrx_word' id='word_1_638' title='bbox 2937 3999 3035 4068; x_wconf 82' lang='grc' dir='ltr'><strong>τὴν</strong></span> <span class='ocrx_word' id='word_1_639' title='bbox 3069 3999 3282 4054; x_wconf 90' lang='grc' dir='ltr'><strong>Παύλου</strong></span> <span class='ocrx_word' id='word_1_640' title='bbox 3325 4001 3521 4071; x_wconf 85' lang='grc' dir='ltr'><strong>φωνήν.</strong></span> <span class='ocrx_word' id='word_1_641' title='bbox 3560 3997 3689 4054; x_wconf 78' lang='grc' dir='ltr'><strong>Ἐπεὶ</strong></span> <span class='ocrx_word' id='word_1_642' title='bbox 3706 3988 3772 4047; x_wconf 78' lang='grc' dir='ltr'><strong>οὖν</strong></span> 
     </span>
    </p>
   </div>
   <div class='ocr_carea' id='block_1_85' title="bbox 2271 4088 3772 4164">
    <p class='ocr_par' dir='ltr' id='par_1_85' title="bbox 2271 4088 3772 4164">
     <span class='ocr_line' id='line_1_85' title="bbox 2271 4088 3772 4164; baseline -0.006 -16"><span class='ocrx_word' id='word_1_643' title='bbox 2271 4095 2475 4158; x_wconf 77' lang='grc' dir='ltr'><strong>ἐκεῖνός</strong></span> <span class='ocrx_word' id='word_1_644' title='bbox 2504 4097 2670 4158; x_wconf 82' lang='grc' dir='ltr'><strong>ἐστιν,</strong></span> <span class='ocrx_word' id='word_1_645' title='bbox 2716 4095 2745 4146; x_wconf 87' lang='grc' dir='ltr'><strong>ὁ</strong></span> <span class='ocrx_word' id='word_1_646' title='bbox 2776 4093 3054 4164; x_wconf 78' lang='grc' dir='ltr'><strong>καταρχὰς</strong></span> <span class='ocrx_word' id='word_1_647' title='bbox 3093 4095 3152 4145; x_wconf 86' lang='grc' dir='ltr'><strong>ὲν</strong></span> <span class='ocrx_word' id='word_1_648' title='bbox 3179 4092 3487 4162; x_wconf 83' lang='grc' dir='ltr'><strong>παραδείσῳ</strong></span> <span class='ocrx_word' id='word_1_649' title='bbox 3512 4088 3772 4160; x_wconf 80' lang='grc' dir='ltr'><strong>γεωργήσας</strong></span> 
     </span>
    </p>
   </div>
   <div class='ocr_carea' id='block_1_86' title="bbox 2269 4175 3772 4255">
    <p class='ocr_par' dir='ltr' id='par_1_86' title="bbox 2269 4175 3772 4255">
     <span class='ocr_line' id='line_1_86' title="bbox 2269 4175 3772 4255; baseline -0.007 -17"><span class='ocrx_word' id='word_1_650' title='bbox 2269 4185 2367 4255; x_wconf 86' lang='grc' dir='ltr'><strong>τὴν</strong></span> <span class='ocrx_word' id='word_1_651' title='bbox 2386 4181 2732 4254; x_wconf 83' lang='grc' dir='ltr'><strong>ἀνθρωπίνην</strong></span> <span class='ocrx_word' id='word_1_652' title='bbox 2760 4182 2936 4252; x_wconf 87' lang='grc' dir='ltr'><strong>φύσιν.</strong></span> <span class='ocrx_word' id='word_1_653' title='bbox 2953 4182 3019 4252; x_wconf 80' lang='grc' dir='ltr'><strong>ἣν</strong></span> <span class='ocrx_word' id='word_1_654' title='bbox 3039 4179 3337 4249; x_wconf 81' lang='grc' dir='ltr'><strong>ἐφύτευσεν</strong></span> <span class='ocrx_word' id='word_1_655' title='bbox 3360 4180 3388 4232; x_wconf 86' lang='grc' dir='ltr'>ὁ</span> <span class='ocrx_word' id='word_1_656' title='bbox 3411 4180 3586 4251; x_wconf 79' lang='grc' dir='ltr'><strong>Πατὴρ</strong></span> <span class='ocrx_word' id='word_1_657' title='bbox 3607 4180 3632 4231; x_wconf 91' lang='grc' dir='ltr'><strong>ό</strong></span> <span class='ocrx_word' id='word_1_658' title='bbox 3653 4175 3772 4245; x_wconf 80' lang='grc' dir='ltr'><strong>οὐρὰ-</strong></span> 
     </span>
    </p>
   </div>
   <div class='ocr_carea' id='block_1_87' title="bbox 2268 4268 3772 4345">
    <p class='ocr_par' dir='ltr' id='par_1_87' title="bbox 2268 4268 3772 4345">
     <span class='ocr_line' id='line_1_87' title="bbox 2268 4268 3772 4345; baseline -0.007 -16"><span class='ocrx_word' id='word_1_659' title='bbox 2268 4291 2410 4339; x_wconf 70' lang='grc' dir='ltr'><strong>νιοςο</strong></span> <span class='ocrx_word' id='word_1_660' title='bbox 2445 4275 2532 4329; x_wconf 73' lang='grc' dir='ltr'><strong>διὰ</strong></span> <span class='ocrx_word' id='word_1_661' title='bbox 2560 4275 2718 4330; x_wconf 83' lang='grc' dir='ltr'><strong>τοῦτο</strong></span> <span class='ocrx_word' id='word_1_662' title='bbox 2738 4275 2830 4328; x_wconf 76' lang='grc' dir='ltr'><strong>τοῦ</strong></span> <span class='ocrx_word' id='word_1_663' title='bbox 2869 4273 3050 4345; x_wconf 86' lang='grc' dir='ltr'><strong>μονιοῦ</strong></span> <span class='ocrx_word' id='word_1_664' title='bbox 3079 4273 3172 4327; x_wconf 83' lang='grc' dir='ltr'><strong>τοῦ</strong></span> <span class='ocrx_word' id='word_1_665' title='bbox 3199 4273 3392 4344; x_wconf 84' lang='grc' dir='ltr'><strong>ἀγρίου</strong></span> <span class='ocrx_word' id='word_1_666' title='bbox 3431 4268 3772 4340; x_wconf 84' lang='grc' dir='ltr'><strong>κατανεμηθέν-</strong></span> 
     </span>
    </p>
   </div>
   <div class='ocr_carea' id='block_1_88' title="bbox 2266 4353 3770 4438">
    <p class='ocr_par' dir='ltr' id='par_1_88' title="bbox 2266 4353 3770 4438">
     <span class='ocr_line' id='line_1_88' title="bbox 2266 4353 3770 4438; baseline -0.001 -19"><span class='ocrx_word' id='word_1_667' title='bbox 2266 4383 2358 4431; x_wconf 90' lang='grc' dir='ltr'><strong>τος</strong></span> <span class='ocrx_word' id='word_1_668' title='bbox 2391 4367 2545 4438; x_wconf 81' lang='grc' dir='ltr'><strong>ἡμῶν</strong></span> <span class='ocrx_word' id='word_1_669' title='bbox 2572 4366 2661 4420; x_wconf 87' lang='grc' dir='ltr'><strong>τὸν</strong></span> <span class='ocrx_word' id='word_1_670' title='bbox 2675 4367 2850 4437; x_wconf 82' lang='grc' dir='ltr'><strong>κῆπον</strong></span> <span class='ocrx_word' id='word_1_671' title='bbox 2869 4365 2964 4421; x_wconf 77' lang='grc' dir='ltr'><strong>καὶ</strong></span> <span class='ocrx_word' id='word_1_672' title='bbox 2987 4353 3381 4438; x_wconf 35' lang='grc' dir='ltr'><strong>’λυμαινομένου</strong></span> <span class='ocrx_word' id='word_1_673' title='bbox 3402 4365 3462 4419; x_wconf 85' lang='grc' dir='ltr'><strong>τὸ</strong></span> <span class='ocrx_word' id='word_1_674' title='bbox 3488 4364 3614 4418; x_wconf 85' lang='grc' dir='ltr'><strong>θεῖον</strong></span> <span class='ocrx_word' id='word_1_675' title='bbox 3637 4360 3770 4430; x_wconf 83' lang='grc' dir='ltr'><strong>γεώρ-</strong></span> 
     </span>
    </p>
   </div>
   <div class='ocr_carea' id='block_1_89' title="bbox 2267 4454 3770 4531">
    <p class='ocr_par' dir='ltr' id='par_1_89' title="bbox 2267 4454 3770 4531">
     <span class='ocr_line' id='line_1_89' title="bbox 2267 4454 3770 4531; baseline -0.005 -19"><span class='ocrx_word' id='word_1_676' title='bbox 2267 4475 2405 4528; x_wconf 86' lang='grc' dir='ltr'><strong>γιον,</strong></span> <span class='ocrx_word' id='word_1_677' title='bbox 2444 4458 2643 4528; x_wconf 80' lang='grc' dir='ltr'><strong>κατέϐη</strong></span> <span class='ocrx_word' id='word_1_678' title='bbox 2692 4458 2788 4512; x_wconf 82' lang='grc' dir='ltr'><strong>τοῦ</strong></span> <span class='ocrx_word' id='word_1_679' title='bbox 2825 4458 2984 4512; x_wconf 86' lang='grc' dir='ltr'><strong>πάλιν</strong></span> <span class='ocrx_word' id='word_1_680' title='bbox 3027 4458 3248 4529; x_wconf 85' lang='grc' dir='ltr'><strong>ποιῆσαι</strong></span> <span class='ocrx_word' id='word_1_681' title='bbox 3279 4459 3468 4531; x_wconf 53' lang='grc' dir='ltr'><strong>,κῆπον</strong></span> <span class='ocrx_word' id='word_1_682' title='bbox 3502 4456 3590 4526; x_wconf 84' lang='grc' dir='ltr'><strong>τὴν</strong></span> <span class='ocrx_word' id='word_1_683' title='bbox 3615 4454 3770 4525; x_wconf 77' lang='grc' dir='ltr'><strong>ἔρημον</strong></span> 
     </span>
    </p>
   </div>
   <div class='ocr_carea' id='block_1_90' title="bbox 593 4539 2177 4621">
    <p class='ocr_par' dir='ltr' id='par_1_90' title="bbox 593 4547 2164 4618">
     <span class='ocr_line' id='line_1_90' title="bbox 593 4547 2164 4618; baseline 0.003 -14"><span class='ocrx_word' id='word_1_684' title='bbox 593 4565 710 4604; x_wconf 89' lang='lat' dir='ltr'><strong>sam</strong></span> <span class='ocrx_word' id='word_1_685' title='bbox 757 4547 1073 4613; x_wconf 89' lang='lat' dir='ltr'><strong>descendit,</strong></span> <span class='ocrx_word' id='word_1_686' title='bbox 1123 4558 1184 4602; x_wconf 92' lang='lat' dir='ltr'><strong>ut</strong></span> <span class='ocrx_word' id='word_1_687' title='bbox 1231 4547 1470 4604; x_wconf 81' lang='lat' dir='ltr'><strong>eﬂiceret</strong></span> <span class='ocrx_word' id='word_1_688' title='bbox 1519 4563 1630 4618; x_wconf 92' lang='lat' dir='ltr'><strong>quo</strong></span> <span class='ocrx_word' id='word_1_689' title='bbox 1673 4547 1868 4605; x_wconf 87' lang='lat' dir='ltr'><strong>hortus</strong></span> <span class='ocrx_word' id='word_1_690' title='bbox 1914 4551 2164 4610; x_wconf 88' lang='lat' dir='ltr'><strong>desertus</strong></span> 
     </span>
    </p>
   </div>
   <div class='ocr_carea' id='block_1_91' title="bbox 2261 4539 3772 4621">
    <p class='ocr_par' dir='ltr' id='par_1_91' title="bbox 2266 4540 3772 4621">
     <span class='ocr_line' id='line_1_91' title="bbox 2266 4540 3772 4621; baseline -0.005 -19"><span class='ocrx_word' id='word_1_691' title='bbox 2266 4551 2332 4620; x_wconf 83' lang='grc' dir='ltr'><strong>τῇ</strong></span> <span class='ocrx_word' id='word_1_692' title='bbox 2371 4549 2476 4603; x_wconf 88' lang='grc' dir='ltr'><strong>τῶν</strong></span> <span class='ocrx_word' id='word_1_693' title='bbox 2510 4549 2720 4621; x_wconf 86' lang='grc' dir='ltr'><strong>ἀρετῶν</strong></span> <span class='ocrx_word' id='word_1_694' title='bbox 2751 4549 2944 4619; x_wconf 73' lang='grc' dir='ltr'><strong>φυτεία</strong></span> <span class='ocrx_word' id='word_1_695' title='bbox 2979 4548 3444 4620; x_wconf 82' lang='grc' dir='ltr'><strong>καλλωπιζόμενον</strong></span> <span class='ocrx_word' id='word_1_696' title='bbox 3469 4563 3484 4578; x_wconf 83' lang='grc'><strong><em>⁸</em></strong></span> <span class='ocrx_word' id='word_1_697' title='bbox 3529 4547 3616 4618; x_wconf 85' lang='grc' dir='ltr'><strong>τὴν</strong></span> <span class='ocrx_word' id='word_1_698' title='bbox 3641 4540 3772 4597; x_wconf 84' lang='grc' dir='ltr'><strong>καθα-</strong></span> 
     </span>
    </p>
   </div>
   <div class='ocr_carea' id='block_1_92' title="bbox 593 4641 2166 4715">
    <p class='ocr_par' dir='ltr' id='par_1_92' title="bbox 593 4641 2166 4715">
     <span class='ocr_line' id='line_1_92' title="bbox 593 4641 2166 4715; baseline 0.004 -21"><span class='ocrx_word' id='word_1_699' title='bbox 593 4656 811 4696; x_wconf 90' lang='lat' dir='ltr'><strong>rursum</strong></span> <span class='ocrx_word' id='word_1_700' title='bbox 844 4656 942 4711; x_wconf 88' lang='lat' dir='ltr'><strong>per</strong></span> <span class='ocrx_word' id='word_1_701' title='bbox 970 4641 1236 4694; x_wconf 85' lang='lat' dir='ltr'><strong>virtutum</strong></span> <span class='ocrx_word' id='word_1_702' title='bbox 1269 4641 1635 4697; x_wconf 90' lang='lat' dir='ltr'><strong>consitionem</strong></span> <span class='ocrx_word' id='word_1_703' title='bbox 1667 4652 1994 4710; x_wconf 89' lang='lat' dir='ltr'><strong>ornaretur;</strong></span> <span class='ocrx_word' id='word_1_704' title='bbox 2027 4661 2166 4715; x_wconf 88' lang='lat' dir='ltr'><strong>puro</strong></span> 
     </span>
    </p>
   </div>
   <div class='ocr_carea' id='block_1_93' title="bbox 593 4730 2162 4803">
    <p class='ocr_par' dir='ltr' id='par_1_93' title="bbox 593 4730 2162 4803">
     <span class='ocr_line' id='line_1_93' title="bbox 593 4730 2162 4803; baseline 0.003 -18"><span class='ocrx_word' id='word_1_705' title='bbox 593 4747 656 4787; x_wconf 89' lang='lat' dir='ltr'><strong>ac</strong></span> <span class='ocrx_word' id='word_1_706' title='bbox 687 4732 874 4786; x_wconf 87' lang='lat' dir='ltr'><strong>divino</strong></span> <span class='ocrx_word' id='word_1_707' title='bbox 901 4730 1169 4786; x_wconf 65' lang='lat' dir='ltr'><strong>doctrinae</strong></span> <span class='ocrx_word' id='word_1_708' title='bbox 1199 4730 1352 4787; x_wconf 80' lang='lat' dir='ltr'><strong>fonte</strong></span> <span class='ocrx_word' id='word_1_709' title='bbox 1385 4733 1452 4786; x_wconf 90' lang='lat' dir='ltr'><strong>ad</strong></span> <span class='ocrx_word' id='word_1_710' title='bbox 1480 4732 1701 4803; x_wconf 84' lang='lat' dir='ltr'><strong>plantas</strong></span> <span class='ocrx_word' id='word_1_711' title='bbox 1730 4731 2048 4802; x_wconf 73' lang='lat' dir='ltr'><strong>huiusmodi</strong></span> <span class='ocrx_word' id='word_1_712' title='bbox 2081 4734 2162 4790; x_wconf 69' lang='grc' dir='ltr'><strong>ΐο-</strong></span> 
     </span>
    </p>
   </div>
   <div class='ocr_carea' id='block_1_94' title="bbox 593 4820 2165 4892">
    <p class='ocr_par' dir='ltr' id='par_1_94' title="bbox 593 4820 2165 4892">
     <span class='ocr_line' id='line_1_94' title="bbox 593 4820 2165 4892; baseline 0.003 -18"><span class='ocrx_word' id='word_1_713' title='bbox 593 4820 824 4884; x_wconf 81' lang='lat' dir='ltr'><strong>vendas,</strong></span> <span class='ocrx_word' id='word_1_714' title='bbox 860 4836 959 4890; x_wconf 87' lang='lat' dir='ltr'><strong>per</strong></span> <span class='ocrx_word' id='word_1_715' title='bbox 984 4821 1255 4891; x_wconf 87' lang='lat' dir='ltr'><strong>quosdam</strong></span> <span class='ocrx_word' id='word_1_716' title='bbox 1285 4822 1446 4892; x_wconf 91' lang='lat' dir='ltr'><strong>quasi</strong></span> <span class='ocrx_word' id='word_1_717' title='bbox 1480 4822 1629 4877; x_wconf 89' lang='lat' dir='ltr'><strong>rivos</strong></span> <span class='ocrx_word' id='word_1_718' title='bbox 1671 4825 1946 4879; x_wconf 86' lang='lat' dir='ltr'><strong>sermonis</strong></span> <span class='ocrx_word' id='word_1_719' title='bbox 1991 4823 2165 4880; x_wconf 90' lang='lat' dir='ltr'><strong>dedu-</strong></span> 
     </span>
    </p>
   </div>
   <div class='ocr_carea' id='block_1_95' title="bbox 591 4911 2168 4986">
    <p class='ocr_par' dir='ltr' id='par_1_95' title="bbox 591 4911 2168 4986">
     <span class='ocr_line' id='line_1_95' title="bbox 591 4911 2168 4986; baseline 0.003 -19"><span class='ocrx_word' id='word_1_720' title='bbox 591 4921 698 4968; x_wconf 92' lang='lat' dir='ltr'><strong>cto.</strong></span> <span class='ocrx_word' id='word_1_721' title='bbox 731 4911 935 4968; x_wconf 70' lang='lat' dir='ltr'><strong>Phiala:</strong></span> <span class='ocrx_word' id='word_1_722' title='bbox 966 4921 1146 4968; x_wconf 88' lang='lat' dir='ltr'><strong>autem</strong></span> <span class='ocrx_word' id='word_1_723' title='bbox 1177 4916 1438 4971; x_wconf 90' lang='lat' dir='ltr'><strong>aromatis</strong></span> <span class='ocrx_word' id='word_1_724' title='bbox 1466 4915 1736 4970; x_wconf 90' lang='lat' dir='ltr'><strong>hactenus</strong></span> <span class='ocrx_word' id='word_1_725' title='bbox 1761 4915 1815 4969; x_wconf 91' lang='lat' dir='ltr'><strong>in</strong></span> <span class='ocrx_word' id='word_1_726' title='bbox 1843 4916 2168 4986; x_wconf 89' lang='lat' dir='ltr'><strong>descriptio-</strong></span> 
     </span>
    </p>
   </div>
   <div class='ocr_carea' id='block_1_96' title="bbox 543 5003 2164 5078">
    <p class='ocr_par' dir='ltr' id='par_1_96' title="bbox 543 5003 2164 5078">
     <span class='ocr_line' id='line_1_96' title="bbox 543 5003 2164 5078; baseline 0.001 -15"><span class='ocrx_word' id='word_1_727' title='bbox 543 5003 546 5005; x_wconf 28' lang='grc' dir='ltr'><strong>λ</strong></span> <span class='ocrx_word' id='word_1_728' title='bbox 591 5022 660 5063; x_wconf 90' lang='lat' dir='ltr'><strong>ne</strong></span> <span class='ocrx_word' id='word_1_729' title='bbox 689 5006 1119 5077; x_wconf 89' lang='lat' dir='ltr'><strong>pulchritudinis</strong></span> <span class='ocrx_word' id='word_1_730' title='bbox 1154 5009 1342 5078; x_wconf 90' lang='lat' dir='ltr'><strong>sponsi</strong></span> <span class='ocrx_word' id='word_1_731' title='bbox 1373 5009 1440 5063; x_wconf 90' lang='lat' dir='ltr'><strong>ad</strong></span> <span class='ocrx_word' id='word_1_732' title='bbox 1475 5009 1820 5063; x_wconf 81' lang='lat' dir='ltr'><strong>maxillarum</strong></span> <span class='ocrx_word' id='word_1_733' title='bbox 1852 5013 2164 5065; x_wconf 90' lang='lat' dir='ltr'><strong>encomium</strong></span> 
     </span>
    </p>
   </div>
   <div class='ocr_carea' id='block_1_97' title="bbox 590 5099 2165 5171">
    <p class='ocr_par' dir='ltr' id='par_1_97' title="bbox 590 5099 2165 5171">
     <span class='ocr_line' id='line_1_97' title="bbox 590 5099 2165 5171; baseline 0 -15"><span class='ocrx_word' id='word_1_734' title='bbox 590 5100 817 5156; x_wconf 81' lang='lat' dir='ltr'><strong>fuerunt</strong></span> <span class='ocrx_word' id='word_1_735' title='bbox 845 5099 1310 5163; x_wconf 76' lang='lat' dir='ltr'><strong>accomtnodatze,</strong></span> <span class='ocrx_word' id='word_1_736' title='bbox 1343 5101 1547 5171; x_wconf 91' lang='lat' dir='ltr'><strong>quibus</strong></span> <span class='ocrx_word' id='word_1_737' title='bbox 1579 5102 1691 5156; x_wconf 90' lang='lat' dir='ltr'><strong>cibi</strong></span> <span class='ocrx_word' id='word_1_738' title='bbox 1734 5101 2056 5171; x_wconf 90' lang='lat' dir='ltr'><strong>spirituales</strong></span> <span class='ocrx_word' id='word_1_739' title='bbox 2097 5102 2165 5156; x_wconf 91' lang='lat' dir='ltr'><strong>ad</strong></span> 
     </span>
    </p>
   </div>
   <div class='ocr_carea' id='block_1_98' title="bbox 590 5191 2166 5265">
    <p class='ocr_par' dir='ltr' id='par_1_98' title="bbox 590 5191 2166 5265">
     <span class='ocr_line' id='line_1_98' title="bbox 590 5191 2166 5265; baseline -0.001 -17"><span class='ocrx_word' id='word_1_740' title='bbox 590 5209 750 5250; x_wconf 88' lang='lat' dir='ltr'><strong>usum</strong></span> <span class='ocrx_word' id='word_1_741' title='bbox 783 5191 1190 5265; x_wconf 90' lang='lat' dir='ltr'><strong>pascendorum</strong></span> <span class='ocrx_word' id='word_1_742' title='bbox 1236 5194 1729 5248; x_wconf 89' lang='lat' dir='ltr'><strong>comminuuntur:</strong></span> <span class='ocrx_word' id='word_1_743' title='bbox 1768 5193 1860 5247; x_wconf 90' lang='lat' dir='ltr'><strong>hic</strong></span> <span class='ocrx_word' id='word_1_744' title='bbox 1889 5207 2019 5248; x_wconf 89' lang='lat' dir='ltr'><strong>vero</strong></span> <span class='ocrx_word' id='word_1_745' title='bbox 2065 5208 2166 5262; x_wconf 92' lang='lat' dir='ltr'><strong>pro</strong></span> 
     </span>
    </p>
   </div>
   <div class='ocr_carea' id='block_1_99' title="bbox 588 5282 2166 5352">
    <p class='ocr_par' dir='ltr' id='par_1_99' title="bbox 588 5282 2166 5352">
     <span class='ocr_line' id='line_1_99' title="bbox 588 5282 2166 5352; baseline 0 -13"><span class='ocrx_word' id='word_1_746' title='bbox 588 5285 712 5339; x_wconf 90' lang='lat' dir='ltr'><strong>loco</strong></span> <span class='ocrx_word' id='word_1_747' title='bbox 741 5289 1060 5344; x_wconf 89' lang='lat' dir='ltr'><strong>sumuntur,</strong></span> <span class='ocrx_word' id='word_1_748' title='bbox 1109 5297 1218 5352; x_wconf 93' lang='lat' dir='ltr'><strong>quo</strong></span> <span class='ocrx_word' id='word_1_749' title='bbox 1276 5297 1514 5352; x_wconf 88' lang='lat' dir='ltr'><strong>sponsus</strong></span> <span class='ocrx_word' id='word_1_750' title='bbox 1563 5283 1764 5350; x_wconf 83' lang='lat' dir='ltr'><strong>degat:</strong></span> <span class='ocrx_word' id='word_1_751' title='bbox 1815 5282 2166 5339; x_wconf 83' lang='lat' dir='ltr'><strong>discentibus</strong></span> 
     </span>
    </p>
   </div>
   <div class='ocr_carea' id='block_1_100' title="bbox 586 5374 2162 5446">
    <p class='ocr_par' dir='ltr' id='par_1_100' title="bbox 586 5374 2162 5446">
     <span class='ocr_line' id='line_1_100' title="bbox 586 5374 2162 5446; baseline -0.001 -14"><span class='ocrx_word' id='word_1_752' title='bbox 586 5391 653 5432; x_wconf 76' lang='lat' dir='ltr'><strong>ex</strong></span> <span class='ocrx_word' id='word_1_753' title='bbox 682 5391 750 5432; x_wconf 89' lang='lat' dir='ltr'><strong>eo</strong></span> <span class='ocrx_word' id='word_1_754' title='bbox 779 5374 942 5430; x_wconf 88' lang='lat' dir='ltr'><strong>nobis</strong></span> <span class='ocrx_word' id='word_1_755' title='bbox 962 5415 978 5439; x_wconf 88' lang='lat'><strong>,</strong></span> <span class='ocrx_word' id='word_1_756' title='bbox 1029 5391 1141 5429; x_wconf 92' lang='lat' dir='ltr'><strong>non</strong></span> <span class='ocrx_word' id='word_1_757' title='bbox 1189 5376 1402 5431; x_wconf 86' lang='lat' dir='ltr'><strong>versari</strong></span> <span class='ocrx_word' id='word_1_758' title='bbox 1453 5390 1720 5446; x_wconf 89' lang='lat' dir='ltr'><strong>sponsum</strong></span> <span class='ocrx_word' id='word_1_759' title='bbox 1755 5389 1818 5430; x_wconf 88' lang='lat' dir='ltr'><strong>ea</strong></span> <span class='ocrx_word' id='word_1_760' title='bbox 1847 5375 1902 5429; x_wconf 93' lang='lat' dir='ltr'><strong>in</strong></span> <span class='ocrx_word' id='word_1_761' title='bbox 1941 5379 2125 5430; x_wconf 87' lang='lat' dir='ltr'><strong>anima</strong></span> <span class='ocrx_word' id='word_1_762' title='bbox 2145 5416 2162 5442; x_wconf 92' lang='lat'><strong>,</strong></span> 
     </span>
    </p>
   </div>
   <div class='ocr_carea' id='block_1_101' title="bbox 585 5467 2164 5539">
    <p class='ocr_par' dir='ltr' id='par_1_101' title="bbox 585 5467 2164 5539">
     <span class='ocr_line' id='line_1_101' title="bbox 585 5467 2164 5539; baseline -0.001 -16"><span class='ocrx_word' id='word_1_763' title='bbox 585 5467 682 5524; x_wconf 81' lang='lat' dir='ltr'><strong>ubi</strong></span> <span class='ocrx_word' id='word_1_764' title='bbox 707 5468 977 5524; x_wconf 84' lang='lat' dir='ltr'><strong>virtutum</strong></span> <span class='ocrx_word' id='word_1_765' title='bbox 1005 5467 1252 5539; x_wconf 77' lang='lat' dir='ltr'><strong>quaedam</strong></span> <span class='ocrx_word' id='word_1_766' title='bbox 1279 5468 1353 5524; x_wconf 90' lang='lat' dir='ltr'><strong>sit</strong></span> <span class='ocrx_word' id='word_1_767' title='bbox 1376 5467 1620 5523; x_wconf 92' lang='lat' dir='ltr'><strong>solitudo</strong></span> <span class='ocrx_word' id='word_1_768' title='bbox 1645 5483 1662 5532; x_wconf 88' lang='lat'><strong>;</strong></span> <span class='ocrx_word' id='word_1_769' title='bbox 1689 5467 1782 5523; x_wconf 90' lang='lat' dir='ltr'><strong>sed</strong></span> <span class='ocrx_word' id='word_1_770' title='bbox 1813 5483 1936 5535; x_wconf 86' lang='lat' dir='ltr'><strong>quae</strong></span> <span class='ocrx_word' id='word_1_771' title='bbox 1965 5482 2164 5524; x_wconf 84' lang='lat' dir='ltr'><strong>secun-</strong></span> 
     </span>
    </p>
   </div>
   <div class='ocr_carea' id='block_1_102' title="bbox 539 5559 2163 5630">
    <p class='ocr_par' dir='ltr' id='par_1_102' title="bbox 539 5559 2163 5630">
     <span class='ocr_line' id='line_1_102' title="bbox 539 5559 2163 5630; baseline 0 -16"><span class='ocrx_word' id='word_1_772' title='bbox 539 5597 558 5606; x_wconf 63' lang='grc' dir='ltr'><strong>ι</strong></span> <span class='ocrx_word' id='word_1_773' title='bbox 585 5561 717 5614; x_wconf 89' lang='lat' dir='ltr'><strong>dum</strong></span> <span class='ocrx_word' id='word_1_774' title='bbox 747 5559 1017 5615; x_wconf 89' lang='lat' dir='ltr'><strong>hactenus</strong></span> <span class='ocrx_word' id='word_1_775' title='bbox 1044 5560 1284 5616; x_wconf 85' lang='lat' dir='ltr'><strong>indicata</strong></span> <span class='ocrx_word' id='word_1_776' title='bbox 1305 5600 1322 5625; x_wconf 94' lang='lat'><strong>,</strong></span> <span class='ocrx_word' id='word_1_777' title='bbox 1350 5560 1613 5615; x_wconf 89' lang='lat' dir='ltr'><strong>aromatis</strong></span> <span class='ocrx_word' id='word_1_778' title='bbox 1635 5566 1719 5615; x_wconf 88' lang='lat' dir='ltr'><strong>est</strong></span> <span class='ocrx_word' id='word_1_779' title='bbox 1743 5559 1925 5630; x_wconf 86' lang='lat' dir='ltr'><strong>phiala</strong></span> <span class='ocrx_word' id='word_1_780' title='bbox 1945 5601 1959 5624; x_wconf 94' lang='lat'><strong>,</strong></span> <span class='ocrx_word' id='word_1_781' title='bbox 1983 5567 2039 5615; x_wconf 89' lang='lat' dir='ltr'><strong>et</strong></span> <span class='ocrx_word' id='word_1_782' title='bbox 2064 5576 2163 5614; x_wconf 83' lang='lat' dir='ltr'><strong>un-</strong></span> 
     </span>
    </p>
   </div>
   <div class='ocr_carea' id='block_1_103' title="bbox 583 5651 2165 5725">
    <p class='ocr_par' dir='ltr' id='par_1_103' title="bbox 583 5651 2165 5725">
     <span class='ocr_line' id='line_1_103' title="bbox 583 5651 2165 5725; baseline -0.001 -15"><span class='ocrx_word' id='word_1_783' title='bbox 583 5662 786 5723; x_wconf 63' lang='lat' dir='ltr'><strong>alterna</strong></span> <span class='ocrx_word' id='word_1_784' title='bbox 832 5651 1063 5722; x_wconf 80' lang='lat' dir='ltr'><strong>profert.</strong></span> <span class='ocrx_word' id='word_1_785' title='bbox 1113 5653 1215 5722; x_wconf 85' lang='lat' dir='ltr'><strong>Qui</strong></span> <span class='ocrx_word' id='word_1_786' title='bbox 1269 5652 1396 5709; x_wconf 88' lang='lat' dir='ltr'><strong>talis</strong></span> <span class='ocrx_word' id='word_1_787' title='bbox 1439 5659 1558 5720; x_wconf 90' lang='lat' dir='ltr'><strong>est,</strong></span> <span class='ocrx_word' id='word_1_788' title='bbox 1590 5651 1638 5710; x_wconf 93' lang='lat' dir='ltr'><strong>is</strong></span> <span class='ocrx_word' id='word_1_789' title='bbox 1669 5652 1955 5725; x_wconf 70' lang='lat' dir='ltr'><strong>sapientia:</strong></span> <span class='ocrx_word' id='word_1_790' title='bbox 1982 5661 2165 5710; x_wconf 86' lang='lat' dir='ltr'><strong>crater</strong></span> 
     </span>
    </p>
   </div>
   <div class='ocr_carea' id='block_1_104' title="bbox 652 5827 1824 5904">
    <p class='ocr_par' dir='ltr' id='par_1_104' title="bbox 652 5827 1824 5904">
     <span class='ocr_line' id='line_1_104' title="bbox 652 5827 1824 5904; baseline 0.003 -21"><span class='ocrx_word' id='word_1_791' title='bbox 652 5830 700 5863; x_wconf 81' lang='grc'><strong>⁸⁸</strong></span> <span class='ocrx_word' id='word_1_792' title='bbox 732 5827 881 5886; x_wconf 86' lang='lat' dir='ltr'><strong>Psal.</strong></span> <span class='ocrx_word' id='word_1_793' title='bbox 913 5845 1096 5896; x_wconf 76' lang='lat' dir='ltr'><strong>Lxxtx,</strong></span> <span class='ocrx_word' id='word_1_794' title='bbox 1131 5831 1180 5885; x_wconf 58' lang='lat' dir='ltr'><strong>.i.</strong></span> <span class='ocrx_word' id='word_1_795' title='bbox 1260 5832 1303 5862; x_wconf 74' lang='grc'><strong>⁸⁸</strong></span> <span class='ocrx_word' id='word_1_796' title='bbox 1340 5830 1474 5890; x_wconf 80' lang='lat' dir='ltr'><strong>Luc.</strong></span> <span class='ocrx_word' id='word_1_797' title='bbox 1518 5849 1576 5896; x_wconf 72' lang='grc' dir='ltr'><strong>χ,</strong></span> <span class='ocrx_word' id='word_1_798' title='bbox 1605 5833 1675 5888; x_wconf 81' lang='lat'><strong>50</strong></span> <span class='ocrx_word' id='word_1_799' title='bbox 1706 5849 1824 5904; x_wconf 89' lang='lat' dir='ltr'><strong>sqq.</strong></span> 
     </span>
    </p>
   </div>
   <div class='ocr_carea' id='block_1_105' title="bbox 2272 4631 3772 4714">
    <p class='ocr_par' dir='ltr' id='par_1_105' title="bbox 2272 4631 3772 4714">
     <span class='ocr_line' id='line_1_105' title="bbox 2272 4631 3772 4714; baseline -0.009 -17"><span class='ocrx_word' id='word_1_800' title='bbox 2272 4642 2371 4714; x_wconf 76' lang='lat' dir='ltr'><strong>pa‘w</strong></span> <span class='ocrx_word' id='word_1_801' title='bbox 2399 4643 2492 4696; x_wconf 72' lang='grc' dir='ltr'><strong>καὶ</strong></span> <span class='ocrx_word' id='word_1_802' title='bbox 2532 4641 2681 4696; x_wconf 88' lang='grc' dir='ltr'><strong>θείαν</strong></span> <span class='ocrx_word' id='word_1_803' title='bbox 2720 4641 2817 4710; x_wconf 77' lang='grc' dir='ltr'><strong>τῆς</strong></span> <span class='ocrx_word' id='word_1_804' title='bbox 2849 4639 3190 4703; x_wconf 83' lang='grc' dir='ltr'><strong>διδασκαλίας</strong></span> <span class='ocrx_word' id='word_1_805' title='bbox 3222 4639 3424 4711; x_wconf 81' lang='grc' dir='ltr'><strong>πηγὴν,</strong></span> <span class='ocrx_word' id='word_1_806' title='bbox 3463 4639 3549 4692; x_wconf 72' lang='grc' dir='ltr'><strong>ἐπὶ</strong></span> <span class='ocrx_word' id='word_1_807' title='bbox 3582 4636 3666 4705; x_wconf 72' lang='grc' dir='ltr'><strong>τὴν</strong></span> <span class='ocrx_word' id='word_1_808' title='bbox 3694 4631 3772 4684; x_wconf 82' lang='grc' dir='ltr'><strong>τῶν</strong></span> 
     </span>
    </p>
   </div>
   <div class='ocr_carea' id='block_1_106' title="bbox 2269 4721 3770 4802">
    <p class='ocr_par' dir='ltr' id='par_1_106' title="bbox 2269 4721 3770 4802">
     <span class='ocr_line' id='line_1_106' title="bbox 2269 4721 3770 4802; baseline -0.006 -16"><span class='ocrx_word' id='word_1_809' title='bbox 2269 4733 2520 4787; x_wconf 87' lang='grc' dir='ltr'><strong>τοιούτων</strong></span> <span class='ocrx_word' id='word_1_810' title='bbox 2554 4732 2735 4802; x_wconf 87' lang='grc' dir='ltr'><strong>φυτῶν</strong></span> <span class='ocrx_word' id='word_1_811' title='bbox 2773 4731 3091 4802; x_wconf 82' lang='grc' dir='ltr'><strong>ἐπιμέλειαν</strong></span> <span class='ocrx_word' id='word_1_812' title='bbox 3135 4732 3400 4802; x_wconf 77' lang='grc' dir='ltr'><strong>ὁχετήσας</strong></span> <span class='ocrx_word' id='word_1_813' title='bbox 3437 4729 3514 4800; x_wconf 84' lang='grc' dir='ltr'><strong>τῷ</strong></span> <span class='ocrx_word' id='word_1_814' title='bbox 3547 4727 3698 4796; x_wconf 86' lang='grc' dir='ltr'><strong>λόγῳ·</strong></span> <span class='ocrx_word' id='word_1_815' title='bbox 3729 4721 3770 4776; x_wconf 74' lang='grc' dir='ltr'><strong>αἱ</strong></span> 
     </span>
    </p>
   </div>
   <div class='ocr_carea' id='block_1_107' title="bbox 2268 4815 3768 4896">
    <p class='ocr_par' dir='ltr' id='par_1_107' title="bbox 2268 4815 3768 4896">
     <span class='ocr_line' id='line_1_107' title="bbox 2268 4815 3768 4896; baseline -0.009 -18"><span class='ocrx_word' id='word_1_816' title='bbox 2268 4824 2324 4878; x_wconf 84' lang='grc' dir='ltr'><strong>δὲ</strong></span> <span class='ocrx_word' id='word_1_817' title='bbox 2345 4824 2436 4877; x_wconf 80' lang='grc' dir='ltr'><strong>τοῦ</strong></span> <span class='ocrx_word' id='word_1_818' title='bbox 2461 4825 2748 4896; x_wconf 83' lang='grc' dir='ltr'><strong>ἀρώματος</strong></span> <span class='ocrx_word' id='word_1_819' title='bbox 2781 4822 2968 4893; x_wconf 87' lang='grc' dir='ltr'><strong>φιάλαι</strong></span> <span class='ocrx_word' id='word_1_820' title='bbox 2999 4824 3056 4874; x_wconf 76' lang='grc' dir='ltr'><strong>ἐν</strong></span> <span class='ocrx_word' id='word_1_821' title='bbox 3095 4821 3194 4892; x_wconf 84' lang='grc' dir='ltr'><strong>μὲν</strong></span> <span class='ocrx_word' id='word_1_822' title='bbox 3219 4824 3286 4892; x_wconf 81' lang='grc' dir='ltr'><strong>τῇ</strong></span> <span class='ocrx_word' id='word_1_823' title='bbox 3319 4821 3412 4875; x_wconf 79' lang='grc' dir='ltr'><strong>τοῦ</strong></span> <span class='ocrx_word' id='word_1_824' title='bbox 3446 4819 3650 4878; x_wconf 81' lang='grc' dir='ltr'><strong>κάλλους</strong></span> <span class='ocrx_word' id='word_1_825' title='bbox 3670 4815 3768 4866; x_wconf 79' lang='grc' dir='ltr'><strong>ὑπο-</strong></span> 
     </span>
    </p>
   </div>
   <div class='ocr_carea' id='block_1_108' title="bbox 2266 4903 3768 4988">
    <p class='ocr_par' dir='ltr' id='par_1_108' title="bbox 2266 4903 3768 4988">
     <span class='ocr_line' id='line_1_108' title="bbox 2266 4903 3768 4988; baseline -0.011 -14"><span class='ocrx_word' id='word_1_826' title='bbox 2266 4920 2476 4988; x_wconf 79' lang='grc' dir='ltr'><strong>γραφῇ,</strong></span> <span class='ocrx_word' id='word_1_827' title='bbox 2507 4918 2641 4987; x_wconf 80' lang='grc' dir='ltr'><strong>πρὸς</strong></span> <span class='ocrx_word' id='word_1_828' title='bbox 2667 4916 2727 4969; x_wconf 88' lang='grc' dir='ltr'><strong>τὸ</strong></span> <span class='ocrx_word' id='word_1_829' title='bbox 2750 4915 2858 4968; x_wconf 90' lang='grc' dir='ltr'><strong>τῶν</strong></span> <span class='ocrx_word' id='word_1_830' title='bbox 2883 4914 3144 4982; x_wconf 87' lang='grc' dir='ltr'><strong>σιαγόνων</strong></span> <span class='ocrx_word' id='word_1_831' title='bbox 3176 4911 3446 4982; x_wconf 81' lang='grc' dir='ltr'><strong>ἐγκώμιον</strong></span> <span class='ocrx_word' id='word_1_832' title='bbox 3475 4903 3768 4982; x_wconf 82' lang='grc' dir='ltr'><strong>παρελήφθη·</strong></span> 
     </span>
    </p>
   </div>
   <div class='ocr_carea' id='block_1_109' title="bbox 2268 4997 3768 5076">
    <p class='ocr_par' dir='ltr' id='par_1_109' title="bbox 2268 4997 3768 5076">
     <span class='ocr_line' id='line_1_109' title="bbox 2268 4997 3768 5076; baseline -0.008 -14"><span class='ocrx_word' id='word_1_833' title='bbox 2268 5025 2386 5072; x_wconf 89' lang='grc' dir='ltr'><strong>σαν,</strong></span> <span class='ocrx_word' id='word_1_834' title='bbox 2421 5008 2486 5061; x_wconf 86' lang='grc' dir='ltr'><strong>δι’</strong></span> <span class='ocrx_word' id='word_1_835' title='bbox 2514 5001 2588 5062; x_wconf 83' lang='grc' dir='ltr'><strong>ῶν</strong></span> <span class='ocrx_word' id='word_1_836' title='bbox 2632 5007 3032 5062; x_wconf 87' lang='grc' dir='ltr'><strong>καταλεαίνεται</strong></span> <span class='ocrx_word' id='word_1_837' title='bbox 3070 5007 3137 5060; x_wconf 78' lang='grc' dir='ltr'><strong>τὰ</strong></span> <span class='ocrx_word' id='word_1_838' title='bbox 3171 5005 3510 5076; x_wconf 84' lang='grc' dir='ltr'><strong>πνευματικά</strong></span> <span class='ocrx_word' id='word_1_839' title='bbox 3539 5001 3664 5055; x_wconf 87' lang='grc' dir='ltr'><strong>σιτία</strong></span> <span class='ocrx_word' id='word_1_840' title='bbox 3685 4997 3768 5059; x_wconf 79' lang='grc' dir='ltr'><strong>τοῖς</strong></span> 
     </span>
    </p>
   </div>
   <div class='ocr_carea' id='block_1_110' title="bbox 2264 5083 3770 5171">
    <p class='ocr_par' dir='ltr' id='par_1_110' title="bbox 2264 5083 3770 5171">
     <span class='ocr_line' id='line_1_110' title="bbox 2264 5083 3770 5171; baseline -0.013 -17"><span class='ocrx_word' id='word_1_841' title='bbox 2264 5098 2615 5171; x_wconf 80' lang='grc' dir='ltr'><strong>τρεφομένοις</strong></span> <span class='ocrx_word' id='word_1_842' title='bbox 2639 5116 2653 5130; x_wconf 80' lang='grc'><em>’</em></span> <span class='ocrx_word' id='word_1_843' title='bbox 2681 5097 2911 5152; x_wconf 75' lang='grc' dir='ltr'><strong>ἐνταῦθα</strong></span> <span class='ocrx_word' id='word_1_844' title='bbox 2930 5098 2985 5151; x_wconf 76' lang='grc' dir='ltr'><strong>δὲ</strong></span> <span class='ocrx_word' id='word_1_845' title='bbox 3006 5098 3168 5161; x_wconf 87' lang='grc' dir='ltr'><strong>τόπος</strong></span> <span class='ocrx_word' id='word_1_846' title='bbox 3195 5093 3329 5150; x_wconf 83' lang='grc' dir='ltr'><strong>εἶναι</strong></span> <span class='ocrx_word' id='word_1_847' title='bbox 3357 5095 3448 5149; x_wconf 80' lang='grc' dir='ltr'><strong>τοῦ</strong></span> <span class='ocrx_word' id='word_1_848' title='bbox 3471 5091 3676 5162; x_wconf 76' lang='grc' dir='ltr'><strong>νυμφίου</strong></span> <span class='ocrx_word' id='word_1_849' title='bbox 3700 5083 3770 5138; x_wconf 74' lang='grc' dir='ltr'><strong>καὶ</strong></span> 
     </span>
    </p>
   </div>
   <div class='ocr_carea' id='block_1_111' title="bbox 2265 5178 3768 5263">
    <p class='ocr_par' dir='ltr' id='par_1_111' title="bbox 2265 5178 3768 5263">
     <span class='ocr_line' id='line_1_111' title="bbox 2265 5178 3768 5263; baseline -0.009 -18"><span class='ocrx_word' id='word_1_850' title='bbox 2265 5190 2584 5262; x_wconf 76' lang='grc' dir='ltr'><strong>ἐνδιαίτημα</strong></span> <span class='ocrx_word' id='word_1_851' title='bbox 2615 5191 2764 5263; x_wconf 83' lang='grc' dir='ltr'><strong>παρὰ</strong></span> <span class='ocrx_word' id='word_1_852' title='bbox 2787 5190 2881 5244; x_wconf 79' lang='grc' dir='ltr'><strong>τοῦ</strong></span> <span class='ocrx_word' id='word_1_853' title='bbox 2910 5189 3067 5259; x_wconf 86' lang='grc' dir='ltr'><strong>λόγου</strong></span> <span class='ocrx_word' id='word_1_854' title='bbox 3101 5188 3357 5261; x_wconf 86' lang='grc' dir='ltr'><strong>μηνύεται</strong></span> <span class='ocrx_word' id='word_1_855' title='bbox 3381 5201 3396 5216; x_wconf 82' lang='lat'><strong><em>°</em></strong></span> <span class='ocrx_word' id='word_1_856' title='bbox 3439 5187 3584 5240; x_wconf 85' lang='grc' dir='ltr'><strong>τοῦτο</strong></span> <span class='ocrx_word' id='word_1_857' title='bbox 3609 5178 3768 5253; x_wconf 77' lang='grc' dir='ltr'><strong>μανθαο</strong></span> 
     </span>
    </p>
   </div>
   <div class='ocr_carea' id='block_1_112' title="bbox 2263 5267 3764 5352">
    <p class='ocr_par' dir='ltr' id='par_1_112' title="bbox 2263 5267 3764 5352">
     <span class='ocr_line' id='line_1_112' title="bbox 2263 5267 3764 5352; baseline -0.006 -18"><span class='ocrx_word' id='word_1_858' title='bbox 2263 5282 2461 5335; x_wconf 87' lang='grc' dir='ltr'><strong>νόντων</strong></span> <span class='ocrx_word' id='word_1_859' title='bbox 2496 5280 2674 5352; x_wconf 82' lang='grc' dir='ltr'><strong>ήμῶν,</strong></span> <span class='ocrx_word' id='word_1_860' title='bbox 2723 5281 2803 5334; x_wconf 84' lang='grc' dir='ltr'><strong>ὅτι</strong></span> <span class='ocrx_word' id='word_1_861' title='bbox 2835 5279 2956 5333; x_wconf 75' lang='grc' dir='ltr'><strong>οὔτε</strong></span> <span class='ocrx_word' id='word_1_862' title='bbox 3000 5282 3056 5332; x_wconf 83' lang='grc' dir='ltr'><strong>ἐν</strong></span> <span class='ocrx_word' id='word_1_863' title='bbox 3089 5281 3279 5352; x_wconf 79' lang='grc' dir='ltr'><strong>ἐρήμῳ</strong></span> <span class='ocrx_word' id='word_1_864' title='bbox 3314 5278 3423 5332; x_wconf 90' lang='grc' dir='ltr'><strong>τῶν</strong></span> <span class='ocrx_word' id='word_1_865' title='bbox 3446 5273 3636 5346; x_wconf 85' lang='grc' dir='ltr'><strong>ἀρετῶν</strong></span> <span class='ocrx_word' id='word_1_866' title='bbox 3657 5267 3764 5339; x_wconf 73' lang='grc' dir='ltr'>ψυχῇ</span> 
     </span>
    </p>
   </div>
   <div class='ocr_carea' id='block_1_113' title="bbox 2260 5359 3766 5446">
    <p class='ocr_par' dir='ltr' id='par_1_113' title="bbox 2260 5359 3766 5446">
     <span class='ocr_line' id='line_1_113' title="bbox 2260 5359 3766 5446; baseline -0.015 -16"><span class='ocrx_word' id='word_1_867' title='bbox 2260 5373 2489 5446; x_wconf 82' lang='grc' dir='ltr'><strong>νυμφίος</strong></span> <span class='ocrx_word' id='word_1_868' title='bbox 2529 5372 2828 5436; x_wconf 78' lang='grc' dir='ltr'><strong>αὐλίζεται,</strong></span> <span class='ocrx_word' id='word_1_869' title='bbox 2870 5373 2920 5425; x_wconf 83' lang='grc' dir='ltr'><strong>εί</strong></span> <span class='ocrx_word' id='word_1_870' title='bbox 2963 5389 3048 5434; x_wconf 89' lang='grc' dir='ltr'><strong>τις</strong></span> <span class='ocrx_word' id='word_1_871' title='bbox 3087 5371 3230 5424; x_wconf 87' lang='grc' dir='ltr'><strong>κατά</strong></span> <span class='ocrx_word' id='word_1_872' title='bbox 3268 5370 3357 5422; x_wconf 82' lang='grc' dir='ltr'><strong>τὸν</strong></span> <span class='ocrx_word' id='word_1_873' title='bbox 3392 5359 3766 5439; x_wconf 80' lang='grc' dir='ltr'><strong>προαποδοθέντα</strong></span> 
     </span>
    </p>
   </div>
   <div class='ocr_carea' id='block_1_114' title="bbox 2259 5445 3760 5536">
    <p class='ocr_par' dir='ltr' id='par_1_114' title="bbox 2259 5445 3760 5536">
     <span class='ocr_line' id='line_1_114' title="bbox 2259 5445 3760 5536; baseline -0.011 -14"><span class='ocrx_word' id='word_1_874' title='bbox 2259 5445 2418 5533; x_wconf 84' lang='grc' dir='ltr'><strong>λόγον</strong></span> <span class='ocrx_word' id='word_1_875' title='bbox 2466 5465 2628 5536; x_wconf 79' lang='grc' dir='ltr'><strong>φιάλη</strong></span> <span class='ocrx_word' id='word_1_876' title='bbox 2677 5463 2966 5534; x_wconf 87' lang='grc' dir='ltr'><strong>ἀρώματος</strong></span> <span class='ocrx_word' id='word_1_877' title='bbox 3010 5462 3218 5530; x_wconf 88' lang='grc' dir='ltr'><strong>γένοιτο</strong></span> <span class='ocrx_word' id='word_1_878' title='bbox 3260 5460 3465 5530; x_wconf 82' lang='grc' dir='ltr'><strong>φύουσα</strong></span> <span class='ocrx_word' id='word_1_879' title='bbox 3516 5445 3760 5528; x_wconf 74' lang='grc' dir='ltr'><strong>μυρεψικάο</strong></span> 
     </span>
    </p>
   </div>
   <div class='ocr_carea' id='block_1_115' title="bbox 2272 5539 3763 5636">
    <p class='ocr_par' dir='ltr' id='par_1_115' title="bbox 2272 5539 3763 5636">
     <span class='ocr_line' id='line_1_115' title="bbox 2272 5539 3763 5636; baseline -0.02 -11"><span class='ocrx_word' id='word_1_880' title='bbox 2272 5558 2330 5610; x_wconf 80' lang='grc' dir='ltr'>ὐ</span> <span class='ocrx_word' id='word_1_881' title='bbox 2354 5555 2591 5621; x_wconf 77' lang='grc' dir='ltr'><strong>τοιοῦτος</strong></span> <span class='ocrx_word' id='word_1_882' title='bbox 2618 5555 2828 5627; x_wconf 81' lang='grc' dir='ltr'><strong>κρατὴρ</strong></span> <span class='ocrx_word' id='word_1_883' title='bbox 2855 5556 2954 5625; x_wconf 86' lang='grc' dir='ltr'><strong>τῆς</strong></span> <span class='ocrx_word' id='word_1_884' title='bbox 2979 5555 3169 5624; x_wconf 84' lang='grc' dir='ltr'><strong>σοφίας</strong></span> <span class='ocrx_word' id='word_1_885' title='bbox 3203 5553 3502 5636; x_wconf 81' lang='grc' dir='ltr'><strong>γενόμενος,</strong></span> <span class='ocrx_word' id='word_1_886' title='bbox 3523 5548 3703 5618; x_wconf 76' lang='grc' dir='ltr'><strong>δέχεται</strong></span> <span class='ocrx_word' id='word_1_887' title='bbox 3721 5539 3763 5636; x_wconf 47' lang='grc' dir='ltr'><strong>ἐξ</strong></span> 
     </span>
    </p>
   </div>
   <div class='ocr_carea' id='block_1_116' title="bbox 2259 5635 3761 5718">
    <p class='ocr_par' dir='ltr' id='par_1_116' title="bbox 2259 5635 3761 5718">
     <span class='ocr_line' id='line_1_116' title="bbox 2259 5635 3761 5718; baseline -0.005 -16"><span class='ocrx_word' id='word_1_888' title='bbox 2259 5647 2436 5718; x_wconf 82' lang='grc' dir='ltr'><strong>ἑαυτῷ</strong></span> <span class='ocrx_word' id='word_1_889' title='bbox 2464 5646 2558 5700; x_wconf 84' lang='grc' dir='ltr'><strong>τὸν</strong></span> <span class='ocrx_word' id='word_1_890' title='bbox 2579 5645 2717 5700; x_wconf 89' lang='grc' dir='ltr'><strong>θεῖον</strong></span> <span class='ocrx_word' id='word_1_891' title='bbox 2741 5646 2834 5700; x_wconf 80' lang='grc' dir='ltr'><strong>καὶ</strong></span> <span class='ocrx_word' id='word_1_892' title='bbox 2859 5645 3132 5717; x_wconf 81' lang='grc' dir='ltr'><strong>ἀκήρατον</strong></span> <span class='ocrx_word' id='word_1_893' title='bbox 3151 5639 3312 5712; x_wconf 81' lang='grc' dir='ltr'><strong>οἶνον,</strong></span> <span class='ocrx_word' id='word_1_894' title='bbox 3337 5644 3402 5696; x_wconf 78' lang='grc' dir='ltr'><strong>δι’</strong></span> <span class='ocrx_word' id='word_1_895' title='bbox 3427 5635 3486 5694; x_wconf 71' lang='grc' dir='ltr'><strong>οὗ</strong></span> <span class='ocrx_word' id='word_1_896' title='bbox 3505 5639 3685 5708; x_wconf 82' lang='grc' dir='ltr'><strong>γίνεται</strong></span> <span class='ocrx_word' id='word_1_897' title='bbox 3706 5635 3761 5694; x_wconf 66' lang='grc' dir='ltr'><strong>αἶ’</strong></span> 
     </span>
    </p>
   </div>
   <div class='ocr_carea' id='block_1_117' title="bbox 1902 5827 2547 5899">
    <p class='ocr_par' dir='ltr' id='par_1_117' title="bbox 1902 5827 2547 5899">
     <span class='ocr_line' id='line_1_117' title="bbox 1902 5827 2547 5899; baseline -0.002 -15"><span class='ocrx_word' id='word_1_898' title='bbox 1902 5834 1945 5865; x_wconf 80' lang='grc'><strong>⁸⁷</strong></span> <span class='ocrx_word' id='word_1_899' title='bbox 1984 5831 2154 5886; x_wconf 84' lang='lat' dir='ltr'><strong>lCor.</strong></span> <span class='ocrx_word' id='word_1_900' title='bbox 2189 5845 2271 5894; x_wconf 85' lang='grc' dir='ltr'><strong>ιιι,</strong></span> <span class='ocrx_word' id='word_1_901' title='bbox 2303 5827 2335 5882; x_wconf 86' lang='grc'><strong>6</strong></span> <span class='ocrx_word' id='word_1_902' title='bbox 2368 5843 2487 5899; x_wconf 83' lang='lat' dir='ltr'><strong>sqq.</strong></span> <span class='ocrx_word' id='word_1_903' title='bbox 2545 5835 2547 5837; x_wconf 81' lang='grc'><strong>’</strong></span> 
     </span>
    </p>
   </div>
   <div class='ocr_carea' id='block_1_118' title="bbox 3910 750 3920 1315">
    <p class='ocr_par' dir='ltr' id='par_1_118' title="bbox 3910 750 3915 1315">
     <span class='ocr_line' id='line_1_118' title="bbox 3910 750 3915 905; baseline 0 0"><span class='ocrx_word' id='word_1_904' title='bbox 3910 750 3915 905; x_wconf 74' lang='lat' dir='ltr'><strong>l</strong></span> 
     </span>
     <span class='ocr_line' id='line_1_119' title="bbox 3911 1255 3913 1315; baseline 0 0"><span class='ocrx_word' id='word_1_905' title='bbox 3911 1255 3913 1315; x_wconf 79' lang='lat' dir='ltr'><strong>l</strong></span> 
     </span>
    </p>
   </div>
  </div>
