4004 6496
217 402 359 455 10‘l3

1214 401 1279 455 IN
1323 398 1617 457 CANTICA
1657 397 1925 452 CANTIC.
1968 396 2250 453 HOMlLlA
2293 398 2405 455 XV.

3324 406 3459 464 1094

212 523 497 593 δεξαμένῳ
524 524 555 592 ἡ
586 522 911 591 εὐφροσύνη.
973 520 1030 574 ὐ
1061 520 1118 573 δὲ
1145 522 1341 590 ἐφεξῆς
1372 521 1524 589 λόγος
1556 520 1793 574 διδάσκει

1908 516 2077 572 lactus
2097 556 2112 580 ,
2143 516 2389 571 divinum
2420 526 2474 572 et
2507 518 2885 591 incorruptum
2915 537 3102 578 riuum
3135 521 3190 576 in
3219 535 3340 577 sese
3368 540 3459 579 re-

216 615 369 684 ὴμᾶς
398 615 578 676 ποίαις
620 615 808 683 νομαῖς
841 612 909 665 τὰ
958 614 1181 683 ποίμνια
1216 614 1307 666 τοῦ
1346 613 1509 666 καλοῦ
1540 613 1793 682 ποιμένος

215 706 511 760 πιαίνεται.
563 706 637 759 Οὐ
675 707 782 777 γὰρ
820 706 895 768 εἰς
927 706 1162 776 ἐρήμους
1185 706 1337 769 τινάς
1374 706 1466 760 καὶ
1498 707 1794 775 ἀκανθοφόο

218 816 350 881 ρους
380 799 573 861 τόπους
595 797 866 863 ἐξελαύνει
890 799 956 851 τὰ
984 798 1249 868 πρόϐατα,
1266 799 1406 853 ῶστε
1432 800 1529 871 τὴν
1554 800 1793 870 χορτώδη

213 888 519 960 δρέψασθαι
550 888 712 941 πόαν’
750 889 887 941 ἀλλά
924 890 1095 961 τροφὴ
1119 889 1399 959 πρόκειται
1420 892 1598 955 αὐτοῖς
1625 892 1693 945 τὰ
1728 894 1794 945 ἐκ

214 980 328 1033 τῶν
355 982 550 1051 κήπων
587 980 878 1051 ἀρώματα·
902 983 1021 1034 ἀντὶ
1042 982 1098 1034 δὲ
1125 982 1335 1053 χόρτου,
1359 984 1418 1037 τὸ
1446 986 1627 1056 κρίνον
1651 987 1789 1055 γίνε-

214 1090 330 1136 ται,
359 1074 495 1143 ὅπερ
528 1073 659 1141 φησὶ
690 1072 837 1143 παρὰ
867 1072 959 1126 τοῦ
990 1075 1243 1144 ποιμένος
1263 1077 1342 1140 εἰς
1372 1076 1663 1148 διατροφὴν
1686 1078 1795 1133 τῶν

215 1163 510 1235 προϐάτων
558 1164 926 1231 συλλέγεσθαι.
991 1166 1174 1220 Ταῦτα
1212 1167 1621 1236 φιλοσοφοῦντος
1664 1170 1795 1241 ἡμῖν

216 1257 309 1309 διὰ
344 1257 549 1310 τούτων
590 1257 683 1310 τοῦ
722 1258 902 1327 λόγου,
936 1260 1017 1312 ὅτι
1061 1263 1093 1330 ἡ
1132 1263 1451 1334 περιεκτικὴ
1493 1263 1599 1316 τῶν
1628 1264 1794 1318 ὄντων

218 1348 385 1415 φύσις
434 1350 528 1401 καὶ
560 1348 816 1417 δύναμις,
867 1350 1043 1402 πάντα
1075 1352 1132 1403 ἐν
1164 1352 1330 1422 ἑαυτῇ
1382 1354 1789 1425 περιείργουσα,

216 1438 386 1492 τόπον
429 1439 627 1508 ἐαυτῆς
657 1441 749 1492 καὶ
792 1440 1025 1510 χώρημα
1064 1448 1295 1496 ποιεῖται
1348 1444 1458 1497 τῶν
1494 1446 1795 1516 δεχομένων

216 1528 321 1601 τὴν
361 1529 723 1600 καθαρότητα,
759 1532 815 1583 ἐν
846 1526 927 1594 οἷς
963 1534 991 1585 ό
1027 1532 1312 1599 πολυειδῶς
1336 1536 1423 1589 διὰ
1447 1537 1552 1591 τῶν
1584 1540 1795 1610 ἀρετῶν

230 1621 636 1692 γεωργούμενος
666 1623 861 1692 κῆπος,
898 1626 1040 1695 κομᾷ
1068 1626 1167 1695 μὲν
1192 1630 1301 1690 τοίς
1328 1630 1436 1682 τῶν
1466 1632 1664 1704 κρίνων
1698 1634 1793 1687 ἄν·

223 1714 362 1775 θεσι,
399 1713 549 1782 βρύει
578 1714 633 1766 δὲ
664 1716 727 1784 τῇ
752 1714 859 1767 τῶν
886 1716 1192 1787 ἀρωμάτων
1207 1724 1560 1793 καρπογονίᾳ.
1586 1723 1663 1777 Td
1697 1726 1795 1795 μὲν

227 1805 332 1875 γάρ
372 1805 534 1877 κρίνα
571 1804 662 1857 τοῦ
703 1805 953 1876 λαμπροῦ
1002 1809 1095 1862 καὶ
1138 1810 1378 1882 καθαροῦ
1427 1815 1523 1884 τῆς
1561 1815 1794 1881 διανοίας

226 1896 452 1965 λῖνιγμα
488 1896 732 1963 γίνεται·
785 1900 818 1967 ἡ
862 1898 917 1950 δὲ
960 1899 1067 1951 τῶν
1105 1902 1408 1971 ἀρωμάτων
1450 1904 1691 1969 εῦπνοια,
1735 1910 1797 1961 τὸ

228 1990 406 2057 πάσης
440 1990 719 2060 ἁμαρτιῶν
734 1989 991 2053 δυσωδίας
1019 1992 1307 2065 ἀλλοτρίως
1334 1996 1496 2065 ἔχειν.
1526 1999 1798 2065 Τοιούτοις

228 2076 316 2130 »ὗν
346 2095 477 2148 φησι
505 2081 593 2131 τὸν
622 2080 729 2132 τῶν
758 2080 989 2149 λογικῶν
1013 2087 1307 2157 ἐπιστάτην
1331 2090 1595 2159 ποιμνίων
1619 2093 1800 2147 ἐνανα-

227 2172 587 2241 στρέφεσθαι,
641 2175 697 2224 ἐν
732 2174 828 2241 μὲν
862 2176 974 2238 τοῖς
1016 2178 1213 2247 κήποις
1252 2180 1579 2249 νομεύοντα,
1639 2184 1707 2237 τά
1743 2185 1799 2238 δὲ

226 2264 387 2334 κρίνα
420 2263 553 2334 πρὸς
579 2265 674 2335 τὴν
698 2266 804 2317 τῶν
831 2268 1115 2338 προϐάτων
1139 2270 1431 2344 διατροφὴν
1462 2276 1711 2347 κείροντά
1739 2296 1801 2332 τε

226 2356 320 2409 καὶ
361 2356 682 2423 συλλέγοντα
704 2374 715 2385 ο
767 2357 911 2430 άπερ
938 2359 1024 2414 διὰ
1051 2363 1143 2415 τοῦ
1183 2366 1416 2434 μεγάλου
1452 2368 1660 2422 Παύλου
1689 2377 1803 2435 τοῖς

230 2447 519 2517 πῳδάτοις
552 2448 837 2519 προτίθησι
865 2450 959 2503 τοῦ
989 2454 1050 2505 ἐκ
1068 2455 1164 2523 τῆς
1190 2456 1337 2521 θείας
1363 2459 1644 2531 ἀποθήκης
1663 2479 1800 2534 προο-

226 2538 512 2601 ὅάλλοντος
548 2540 677 2608 ἡμῖν
719 2539 819 2611 τὴν
850 2542 913 2594 ἐκ
940 2544 1047 2595 τῶν
1084 2548 1285 2617 κρίνων
1311 2549 1634 2622 διατροφήν·
1688 2553 1802 2607 ἔστι

227 2628 278 2680 δὲ
312 2629 510 2693 ταῦτα,
553 2632 652 2683 ὅσα
698 2632 906 2705 ἀληθῆ,
954 2635 1055 2688 ὅσα
1086 2637 1287 2707 σεμνὰ,
1333 2640 1431 2694 ὅσα
1462 2642 1674 2704 δίκαια,
1704 2645 1804 2698 ὅσα

229 2721 531 2791 προσφιλῆ,
566 2724 661 2775 ὅσα
694 2725 845 2793 ἅγια,
867 2729 966 2781 ὃσα
1018 2728 1266 2800 εὔφημα·
1299 2729 1354 2782 εί
1380 2749 1462 2794 τις
1496 2733 1685 2804 ἁρετὴ.
1710 2737 1805 2789 καὶ

228 2813 385 2875 εἴτις
414 2814 652 2879 ἔπαινος.
698 2818 884 2872 Ταῦτά
921 2822 1057 2886 ἐστι,
1084 2822 1223 2876 κατά
1254 2840 1316 2892 γε
1342 2824 1431 2877 τὸν
1456 2826 1587 2894 ἐμὸν
1624 2827 1801 2895 λόγον,

233 2904 297 2957 εά
332 2905 492 2976 κρίνα
538 2901 617 2971 οἷς
655 2909 999 2983 διατρέφεται
1033 2914 1184 2984 παρά
1217 2914 1309 2967 τοῦ
1348 2915 1513 2969 καλοῦ
1551 2919 1806 2989 ποιμένος

230 3012 287 3049 τε
326 2999 420 3050 καὶ
451 2998 769 3054 διδασκάλου
798 3002 857 3055 τὸ
884 3005 1151 3074 ποίμνιον.

1829 1860 1868 1914 Β

1895 610 2065 681 cipit,
2110 609 2256 679 quod
2298 610 2391 679 qui
2436 612 2677 680 recepit,
2716 613 3080 670 exhilaratur.
3126 614 3258 682 Quae
3299 632 3466 687 porro

1896 709 2233 772 sequuntur,
2257 701 2828 771 indicantcujusmodi
2857 706 3076 775 pascuis
3107 722 3298 779 greges
3326 724 3467 779 pim-

1896 794 2028 849 elari
2063 795 2208 849 illius
2242 795 2476 864 pastoris
2514 795 2895 866 pinguescant.
2924 797 3042 853 Non
3072 800 3219 853 enim
3252 801 3343 856 ille
3370 801 3467 856 de-

1897 893 2043 942 serta
2079 886 2327 956 quaedam
2381 886 2447 940 ad
2495 888 2611 942 loca
2658 889 2988 959 spinosaque
3018 891 3184 962 abigit
3214 907 3375 957 oves,
3409 902 3468 947 ut

1897 993 2123 1047 gramen
2175 976 2511 1048 decerpant;
2563 979 2660 1033 sed
2717 980 2826 1034 cibi
2874 982 2993 1035 loco
3045 983 3124 1036 eis
3180 982 3467 1037 hortorum

1897 1077 2139 1123 aromata
2192 1071 2483 1139 pr0ponit,
2533 1079 2588 1123 et
2631 1085 2730 1139 pro
2776 1072 3024 1140 gramine
3068 1072 3273 1138 lilium,
3324 1074 3471 1142 quod

1894 1162 2113 1231 quidem
2146 1162 2322 1231 ipsum
2356 1163 2434 1216 ait
2464 1177 2493 1215 a
2526 1173 2746 1233 pastore
2792 1162 2857 1216 ad
2908 1164 3133 1220 alendas
3176 1182 3305 1222 oves
3351 1168 3470 1222 eol-

1896 1253 2016 1321 ligi.
2049 1252 2260 1318 Quibus
2295 1254 2475 1309 verbis
2523 1253 2871 1323 signiﬁcatur
2897 1270 3029 1311 sane
3055 1272 3217 1326 quam
3249 1260 3470 1329 sapien-

1896 1354 1999 1410 ter,
2030 1353 2281 1399 naturain
2330 1346 2478 1400 illam
2527 1362 2592 1400 ac
2641 1356 2997 1416 potestatem,
3046 1365 3170 1418 qua:
3214 1351 3471 1405 universa

1897 1440 2281 1508 complectitur
2326 1449 2380 1494 et
2428 1440 2709 1505 continet,
2768 1441 2956 1495 locum
3000 1450 3052 1496 et
3090 1443 3325 1511 spatium
3367 1442 3473 1496 sibi

1896 1531 2237 1586 constituere
2281 1531 2497 1585 illorum
2543 1532 2597 1586 in
2647 1533 2925 1602 puritate,
2957 1534 3050 1603 qui
3100 1534 3279 1603 ipsum
3328 1534 3473 1590 reci-

1899 1624 2092 1692 piunt,
2122 1635 2176 1678 et
2207 1624 2261 1678 in
2305 1624 2505 1693 quibus
2549 1624 2933 1694 multipliciter
2963 1626 3260 1681 virtutibus
3284 1627 3474 1681 excul-

1898 1726 1988 1771 tus
2032 1717 2230 1771 hortus
2280 1716 2515 1771 liliorum
2561 1715 2788 1772 ﬂoribus
2836 1717 3014 1788 viget,
3057 1727 3476 1789 aromatumque

1900 1805 2111 1862 fructus
2135 1808 2391 1877 copiosus
2422 1807 2619 1862 fundit.
2653 1806 2786 1861 Nam
2821 1806 2933 1862 lilia
2966 1808 3185 1879 quidem
3218 1809 3476 1878 splendo-

1899 1901 1977 1956 ris
2010 1910 2062 1956 et
2092 1901 2351 1971 puritatis
2399 1901 2454 1954 in
2501 1906 2685 1954 mente
2717 1898 2992 1969 quoddam
3024 1900 3253 1970 aenigma
3297 1911 3429 1954 sunt
3456 1917 3473 1963 ;

1900 2002 2209 2048 aromatum
2242 2008 2372 2047 vero
2424 1992 2721 2063 fragrantia
2764 1992 3035 2061 signiﬁcat
3072 1992 3413 2047 aﬂ'ectiouem
3444 2007 3474 2046 a

1901 2084 2096 2141 foetore
2122 2095 2470 2156 peccatorum
2496 2085 2900 2138 abhorrentem.
2924 2085 2981 2137 In
3000 2083 3084 2139 his
3111 2100 3243 2155 ergo
3268 2084 3477 2139 versari

1900 2179 2035 2234 dicit
2061 2193 2222 2241 eum,
2249 2178 2341 2248 qui
2383 2177 2598 2231 ratione
2641 2176 2891 2246 prteditis
2935 2178 3193 2247 gregibus
3239 2185 3475 2247 praeest:

1904 2276 2219 2339 pascentem
2253 2270 2308 2323 in
2348 2269 2566 2333 hortis,
2611 2278 2662 2323 et
2704 2268 2817 2323 lilia
2858 2268 3271 2337 decerpeutem,
3322 2270 3480 2323 colli-

1903 2372 2230 2431 genteuique
2258 2360 2313 2414 in
2346 2360 2536 2414 cibum
2564 2361 2747 2415 ovium
2776 2380 2789 2415 :
2819 2376 2941 2430 qua:
2970 2360 3190 2431 quidem
3217 2362 3333 2430 ipsa
3363 2363 3481 2416 ovi-

1902 2452 2005 2507 bus
2058 2452 2239 2520 magni
2283 2450 2439 2504 Pauli
2493 2466 2661 2520 opera
2711 2452 3004 2521 pr0ponit,
3038 2452 3129 2520 qui
3176 2452 3243 2506 de
3291 2452 3481 2507 divino

1906 2560 2047 2613 penu
2079 2543 2261 2597 cibum
2300 2543 2445 2596 hunc.
2476 2558 2542 2597 ex
2572 2543 2703 2597 liliis
2734 2552 3056 2612 congestum
3082 2543 3242 2599 nobis
3268 2545 3480 2613 objicit.

1906 2634 2040 2688 Nam
2097 2636 2209 2689 lilia
2259 2636 2435 2705 putari
2486 2634 2718 2699 debent,
2767 2652 3112 2706 quaecunque
3166 2652 3295 2692 vera
3318 2649 3481 2701 sunt,

1906 2742 2247 2797 quaecunque
2271 2727 2495 2781 honesta
2516 2768 2530 2792 ,
2557 2741 2902 2797 quaecunque
2923 2727 3071 2798 justa
3094 2768 3109 2792 ,
3138 2744 3487 2799 quaecunque

1907 2834 2076 2890 pura,
2104 2834 2447 2889 quaecunque
2473 2820 2748 2883 amabilia,
2776 2835 3120 2891 quaecunque
3151 2821 3277 2876 boni
3307 2824 3488 2876 nomi-

1907 2914 1995 2967 ni's
2022 2931 2035 2965 :
2066 2912 2110 2968 si
2139 2928 2244 2981 qua
2276 2912 2486 2973 virtus,
2524 2923 2577 2966 et
2603 2911 2652 2965 si
2675 2927 2783 2980 qua
2817 2912 2938 2967 laus
2970 2914 3036 2966 ⁵⁸.
3068 2911 3195 2967 Haec
3221 2924 3351 2969 sunt
3383 2915 3486 2984 (ut

1906 3003 2157 3075 equidem
2190 3002 2469 3072 arbitror)
2515 3002 2663 3065 lilia,
2712 3004 2914 3072 quibus
2958 3005 3027 3059 ah
3075 3005 3171 3061 illo
3220 3008 3489 3076 praeclaro

1911 3104 2132 3166 pastore
2158 3109 2222 3149 ac
2250 3094 2513 3165 magisuo
2545 3094 2863 3149 nutriuntur
2889 3111 3102 3166 greges.

316 3176 375 3229 '0
402 3176 457 3229 δὲ
488 3181 687 3251 ἐφεξῆς
720 3182 898 3252 λόγος,
942 3185 999 3239 ὃν
1033 3188 1066 3258 ἡ
1115 3189 1330 3259 καθαρά
1362 3192 1454 3245 καὶ
1480 3193 1803 3262 άκηλίδωτος

1983 3187 2116 3253 Qua:
2147 3195 2327 3241 autem
2365 3196 2674 3256 sequuntur
2708 3188 2874 3242 verba
2896 3226 2911 3251 ,
2947 3189 3159 3257 prolata
3194 3203 3224 3243 a
3257 3205 3395 3260 pura
3429 3199 3487 3245 et

230 3264 418 3338 νύμφη
452 3270 743 3339 πεποίηται
772 3273 1003 3342 λέγουσα
1028 3293 1041 3306 ·
1077 3278 1216 3349 Ἐγὼ
1232 3280 1311 3345 τῷ
1336 3282 1636 3352 ἀδελφιδῷ
1662 3303 1804 3353 μου,

231 3359 332 3412 καὶ
380 3362 767 3431 άάὃελφιδός
798 3384 918 3434 μου
956 3368 1119 3437 ἐμοι·
1184 3372 1362 3427 κανὼν
1420 3375 1513 3428 καὶ
1546 3377 1668 3446 ὄρος
1709 3379 1808 3447 τῆς

232 3454 356 3504 κατ’
384 3455 584 3526 ἀρετήν
618 3457 735 3510 ἐστι
772 3458 1122 3532 τελειότητος.
1178 3464 1537 3536 Μανθάνομεν
1580 3470 1688 3541 γὰρ
1720 3471 1807 3525 διά

232 3542 459 3608 τούτων,
503 3545 563 3597 τὸ
600 3546 673 3618 μὴ
721 3548 827 3603 δεῖν
860 3550 997 3621 πλὴν
1030 3553 1121 3606 τοῦ
1147 3554 1279 3609 Θεοῦ
1321 3560 1483 3629 μηδὲν
1532 3562 1591 3614 ἐν
1632 3563 1809 3635 ἐαυτῷ

233 3632 401 3724 έχειν,
432 3635 563 3705 μηδέ
593 3637 727 3707 πρὸς
754 3638 881 3692 ἀλλο
910 3660 962 3694 τι
999 3642 1215 3711 βλέπειν
1264 3648 1363 3719 τὴν
1392 3632 1808 3724 κεκαθαρμένην

233 3723 416 3794 ψυχήν
441 3742 453 3754 ο
506 3726 621 3780 ἀλλ’
643 3728 816 3793 οὕτως
845 3733 1039 3806 ἑαυτὴν
1071 3739 1370 3809 ἐκκαθάραι
1394 3723 1807 3808 παντὸςύλικοῦ

234 3816 561 3907 πράγματός
588 3836 647 3871 τε
687 3822 781 3873 καὶ
810 3824 1099 3894 νοήματος,
1127 3828 1202 3892 ὡς
1232 3831 1359 3902 ὃλην
1393 3834 1459 3887 δι’
1491 3835 1612 3888 ὅλου
1642 3855 1807 3907 μετα-

234 3906 483 4002 τεθείσαν
512 3911 654 4002 πρὸς
680 3913 740 3966 τὸ
778 3917 966 3984 νοητόν
996 3936 1053 3971 τε
1088 3921 1180 3974 καὶ
1204 3924 1381 3983 ἀῦλον.
1409 3927 1808 4002 ἐναργεστάτην

235 3996 421 4090 είκόνα
444 3998 538 4051 τοῦ
568 4002 875 4071 ἀρχετύπου
897 4007 1123 4074 κάλλους
1144 4014 1340 4085 ἑαυτὴν
1370 3996 1804 4090 ἀπεργάσασθαι.

235 4088 348 4141 Καὶ
377 4088 564 4162 ὥσπερ
603 4096 631 4146 ό
659 4096 750 4148 ἐπὶ
793 4096 887 4151 τοῦ
933 4101 1160 4167 πίνακος
1203 4104 1323 4159 ἰδὼν
1366 4088 1715 4185 τὴνήγραφὴν
1741 4115 1807 4168 δι’

235 4180 523 4275 ἀκριϐείας
552 4186 687 4257 πρὸς
726 4188 826 4259 τὴν
869 4190 962 4244 τοῦ
992 4194 1300 4265 ἀρχετύπου
1345 4180 1804 4275 μεμορφωμένην,

237 4272 372 4343 μίαν
400 4276 720 4347 ἀμφοτέρων
748 4276 999 4354 εἶναιτὴν
1030 4288 1242 4360 μορφὴν
1260 4272 1809 4361 ἀποφαίνεταιᾴαὶτὸ

234 4366 331 4419 ἐπὶ
366 4366 466 4437 τῆς
493 4370 695 4434 εἰκόνος
722 4372 913 4435 κάλλος
937 4374 1030 4428 τοῦ
1055 4380 1409 4449 πρωτοτύπου
1439 4384 1613 4453 λέγων
1647 4383 1805 4453 εἶναι,

235 4458 333 4553 καὶ
367 4458 429 4511 τὸ
462 4459 768 4553 ἀρχέτυπον
800 4466 1045 4537 ἐναργῶς
1076 4470 1134 4524 ἐν
1162 4472 1240 4543 τῷ
1274 4476 1547 4546 μιμήματι
1578 4480 1810 4553 καθορᾶ-

236 4546 401 4599 σθαιο
446 4547 539 4600 τὸν
588 4552 747 4604 αὑτὸν
784 4555 981 4624 τρόπον
1019 4560 1052 4628 ή
1102 4561 1359 4627 εἰποῦσα,
1415 4566 1496 4618 ὅτι
1546 4566 1686 4639 Ἐγὼ
1715 4546 1812 4639 ’τῷ

232 4638 723 4734 ἀδελφιδῷᾲμομ,
754 4646 851 4699 καί
888 4651 921 4701 ό
947 4649 1269 4719 ἀδελφιδός
1293 4673 1413 4722 μου
1452 4658 1612 4726 ἐμοί’
1672 4678 1811 4734 συμο

238 4730 634 4801 μεμορφῶσθαι
668 4732 817 4803 λέγει
845 4735 925 4806 τῷ
944 4738 1181 4810 Χριστῷ,
1211 4741 1270 4794 τὸ
1297 4743 1424 4797 [διον
1455 4746 1647 4812 κάλλος
1676 4730 1814 4804 ἀπο·

233 4819 497 4883 λαόοῦσα,
527 4821 623 4893 τὴν
642 4823 864 4897 πρώτην
884 4828 979 4897 τῆς
1004 4828 1216 4897 φύσεως
1239 4834 1271 4903 ἡ
1280 4833 1392 4902 μῶν
1410 4812 1811 4911 μακαριότητα,

234 4914 357 4965 κατ’
392 4914 577 4967 εἰκόνα
620 4916 716 4969 καὶ
760 4918 1015 4988 ὁμοίωσιν
1051 4921 1144 4974 τοῦ
1180 4922 1394 4996 πρώτου
1441 4928 1669 4995 κάλλους
1714 4933 1808 4987 τοῦ

236 5004 494 5075 ἀληθινοῦ
530 5007 623 5060 καὶ
672 5009 832 5080 μόνου
874 5011 1223 5082 ὠραῖσθεῖσα.
1280 5019 1391 5072 Καὶ
1428 5016 1539 5075 οἷον
1582 5024 1674 5077 ἐπὶ
1716 5026 1810 5079 τοῦ

236 5097 547 5169 κατόπτρου
572 5100 799 5168 γίνεται.
823 5104 950 5157 ὅταν
969 5107 1229 5177 τεχνικῶς
1257 5127 1318 5163 τε
1346 5112 1440 5166 καὶ¹
1464 5115 1813 5187 καταλλήλως

233 5191 303 5282 τῇ
331 5189 492 5259 χρείᾳ
516 5195 1091 5270 κατεσκευασμένονῇ,
1111 5200 1169 5252 ἐν
1190 5200 1405 5273 καθαρᾷ
1428 5207 1493 5276 τῇ
1520 5208 1812 5282 ἐπιφανείᾳ

234 5280 304 5333 δι’
336 5282 621 5352 ἀκριϐείας
648 5290 704 5341 ἐν
732 5289 908 5360 ἐαυτῷ
932 5291 1094 5360 δείξει
1131 5293 1225 5346 τοῦ
1273 5298 1626 5366 ἐπιφανέντος
1650 5280 1812 5372 προσ-

236 5373 392 5426 ώπου
405 5376 495 5429 τὸν
509 5382 851 5452 χαρακτῆρα·
866 5382 1038 5448 οὕτως
1057 5386 1252 5459 ἑαυτὴν
1275 5389 1309 5458 ἡ
1334 5389 1476 5462 ψυχὴ
1494 5394 1816 5466 προσφόρως

236 5468 304 5535 τῇ
344 5467 502 5539 χρείᾳ
528 5474 1003 5542 κατασκευάσασα,
1036 5481 1130 5531 καὶ
1161 5482 1339 5535 πᾶσαν
1372 5482 1561 5554 ὑλικὴν
1584 5485 1815 5559 ἀπορρι-

235 5559 461 5629 ψαμένη
504 5562 714 5631 κηλίδα,
766 5568 1002 5640 καθαρὸν
1032 5571 1126 5627 τοῦ
1164 5573 1443 5645 ἀκηράτου
1491 5575 1719 5642 κάλλους
1757 5580 1823 5633 ἐν

236 5652 409 5724 ἑαυτῇ
446 5654 508 5707 τὸ
552 5653 691 5717 εἶδος
718 5658 1118 5719 άνετυπώσατο.
1177 5666 1338 5719 Λένει
1372 5662 1465 5723 οῦν
1500 5669 1599 5740 τὴν
1631 5671 1815 5743 φωνὴν

312 5829 359 5861 ⁸⁸
411 5828 642 5902 Philipp.
675 5849 747 5898 tv,
776 5834 827 5887 8.

1844 4558 1889 4614 ι)

1913 3280 2053 3334 labis
2090 3278 2269 3334 omnis
2320 3291 2541 3347 experte
2570 3294 2771 3348 sponsa
2791 3317 2804 3341 ,
2832 3293 2956 3332 cum
2990 3281 3096 3334 ait:
3128 3278 3240 3351 Ego
3266 3291 3489 3352 cognato

1914 3388 2050 3431 meo.
2078 3381 2126 3424 et
2150 3383 2406 3440 cognatus
2431 3387 2574 3424 meus
2604 3370 2733 3423 milii
2760 3387 2773 3421 :
2799 3370 2914 3426 haec
2948 3372 3112 3442 igitur
3141 3389 3329 3428 uorma
3360 3381 3490 3430 sunt

1914 3480 1980 3518 ac
2028 3463 2203 3517 ﬁnitio
2236 3462 2485 3532 quaedam
2533 3462 2712 3517 omnis
2760 3462 2817 3515 in
2863 3464 3065 3519 virtute
3110 3465 3485 3535 perfectionis.

1915 3557 2049 3611 Nam
2102 3572 2170 3611 ex
2227 3556 2316 3612 his
2362 3555 2667 3620 discimus,
2724 3556 2859 3610 nihil
2910 3556 3072 3612 nobis
3120 3572 3242 3612 esse
3291 3568 3493 3629 prmter

1918 3648 2084 3704 Deum
2119 3648 2353 3713 debere,
2405 3663 2584 3718 neque
2626 3649 2827 3702 animae
2872 3648 3173 3719 pumicata:
3210 3650 3376 3705 ullam
3418 3651 3489 3707 ad

1918 3756 2033 3796 rem
2063 3742 2227 3795 aliam
2264 3740 2667 3810 respiciendum
2698 3755 2859 3807 esse;
2890 3739 2983 3796 sed
3015 3741 3212 3796 debere
3240 3743 3379 3798 hanc
3415 3745 3489 3799 ita

1915 3850 1976 3889 se
2004 3834 2073 3888 ab
2100 3834 2356 3888 omnibus
2387 3833 2594 3887 crassis
2623 3842 2734 3885 tam
2767 3832 2967 3899 rebus,
2998 3848 3161 3902 quam
3194 3835 3489 3904 cogitatio-

1915 3924 2081 3979 nibus
2104 3937 2410 3993 expurgare
2431 3962 2446 3985 ,
2482 3930 2539 3975 ut
2570 3928 2685 3975 tota
2719 3921 2986 3975 translata
3015 3938 3247 3991 prorsus
3282 3924 3349 3977 ad
3384 3933 3490 3979 sta~

1916 4028 2030 4071 tum
2059 4056 2074 4081 ,
2106 4030 2266 4085 quem
2293 4015 2493 4070 mentis
2521 4013 2879 4084 intelligentia
2912 4015 3251 4085 percipimus
3270 4056 3284 4080 ,
3311 4026 3364 4071 ct
3392 4020 3487 4087 qui

1916 4109 2160 4165 omnium
2201 4122 2513 4162 erassarum
2559 4122 2744 4161 rerum
2770 4114 2981 4177 texpers
3016 4114 3139 4173 est,
3178 4107 3489 4164 illustrissi-

1916 4216 2065 4257 mum
2117 4215 2181 4255 ex
2224 4214 2285 4254 se
2315 4197 2633 4269 primigena:
2673 4198 3101 4269 pulchritudinis
3132 4200 3491 4261 simulacrum

1914 4295 2132 4351 etliciat.
2156 4292 2330 4364 thue
2356 4292 2424 4355 is,
2451 4293 2543 4362 qui
2572 4293 2626 4346 in
2655 4292 2839 4347 tabula
2863 4292 3133 4364 picturam
3144 4295 3309 4361 ;videt
3333 4313 3493 4363 accu-

1918 4395 2038 4441 rate
2059 4384 2460 4441 conformatatu
2490 4383 2557 4437 ad
2590 4384 2944 4455 archetypum
2966 4424 2982 4450 ,
3008 4401 3171 4440 unam
3202 4388 3491 4462 utriusque

1919 4478 2150 4534 formam
2183 4491 2306 4532 esse
2341 4476 2696 4546 pronuntiat,
2732 4477 2987 4545 imaginis
3022 4480 3487 4548 pulchritudinem

1916 4574 2088 4644 ipsam
2145 4585 2268 4625 esse
2324 4569 2600 4640 archetypi
2654 4570 3113 4639 pulchritudinem
3167 4573 3380 4638 dicens,
3435 4585 3491 4632 et

1918 4667 2276 4738 archetypum
2330 4666 2382 4719 in
2440 4666 2737 4720 simulacro
2774 4667 2920 4721 clare
2972 4668 3216 4739 conspici
3251 4690 3263 4724 :
3296 4672 3489 4727 eodem

1917 4761 2080 4815 modo
2119 4760 2283 4815 etiam
2323 4758 2457 4818 haec,
2484 4772 2605 4827 qua:
2636 4760 2731 4819 ait,
2776 4757 2886 4829 Ego
2915 4772 3135 4831 cognato
3163 4780 3294 4830 meo,
3328 4777 3378 4820 et
3400 4784 3491 4821 ca-

1917 4860 2108 4922 gnatus
2137 4866 2281 4903 meus
2308 4849 2436 4902 mihi
2455 4866 2473 4904 :
2499 4850 2958 4918 pulchritudinem
2995 4868 3149 4908 suam
3181 4860 3493 4914 conforma-

1917 4950 2027 4997 tam
2062 4942 2131 4995 ad
2156 4940 2360 4996 Christi
2389 4942 2672 5011 exemplar
2706 4942 2861 5006 dicit,
2893 4954 3247 5017 posteaquam
3281 4962 3491 5007 naturre

1919 5043 2124 5089 nostra:
2155 5033 2385 5104 primam
2432 5033 2826 5091 beatitudinem
2859 5041 3221 5108 recuperarit,
3259 5058 3379 5112 quae
3421 5044 3491 5097 ad

1919 5125 2209 5196 imaginem
2257 5124 2785 5195 similitudinemque
2818 5127 3082 5198 principis
3114 5138 3170 5185 et
3195 5134 3370 5187 unicae
3399 5148 3494 5187 vc-

1918 5232 2102 5288 ratque
2129 5216 2556 5287 pulchritudinis
2594 5227 2786 5272 ornata
2813 5228 2951 5275 erat.
2993 5221 3072 5277 Ac
3094 5222 3261 5277 veluti
3293 5238 3493 5294 specu-

1918 5310 2031 5364 lum
2083 5307 2378 5364 artiﬁciose
2420 5316 2476 5363 et
2524 5309 2591 5364 ad
2641 5324 2801 5363 usum
2860 5310 3054 5366 idonee
3093 5321 3490 5383 comparatum,

1919 5414 2056 5471 pura
2111 5400 2166 5452 in
2222 5400 2513 5469 superﬁcie
2571 5400 2867 5455 incidentis
2918 5399 3077 5455 faciei
3118 5401 3493 5459 characterem

1919 5496 2177 5544 accurate
2224 5489 2394 5545 refert
2436 5508 2450 5544 :
2487 5488 2569 5545 sic
2612 5497 2967 5560 posteaquam
3017 5489 3197 5545 anima
3254 5491 3494 5562 seipsam

1918 5580 2117 5637 idonee
2162 5584 2525 5653 comparavit,
2572 5597 2899 5654 omnemque
2944 5584 3067 5637 vitae
3109 5584 3272 5652 hujus
3316 5586 3495 5643 labem

1919 5674 2119 5745 abjecit
2149 5693 2162 5730 :
2199 5691 2392 5757 puram
2439 5678 2774 5760 incorrupta:
2801 5674 3226 5755 pulchritudinis
3252 5676 3495 5756 speciem
