4004 6520
525 418 666 473 1095

1753 419 1810 475 S.
1851 415 2175 476 GREGORII
2207 418 2499 477 NYSSENI

3623 422 3753 477 1096

524 533 846 603 sibimetipsi
882 533 1166 604 imprimit.
1201 533 1384 599 Quare
1418 534 1641 588 verbum
1677 533 1779 587 hoc
1805 549 1835 587 a
1871 533 2089 603 speculo

2196 532 2420 603 ταύτην,
2445 535 2505 587 τὸ
2533 532 2909 605 προαιρετικόν
2942 549 3001 585 τε
3040 533 3133 586 καὶ
3172 531 3410 604 ἔμψυχον
3437 534 3758 607 κάτοπτρον,

520 627 619 682 illo
682 626 977 679 voluntatis
1034 624 1302 679 electione
1349 623 1576 693 pradito
1637 632 1801 695 atque
1849 625 2089 678 animato

522 720 837 791 profertur:
870 717 1239 785 Posteaquam
1278 724 1393 769 toto
1424 716 1557 770 orbe
1593 730 1713 770 meo
1755 716 1972 785 cognati
2008 715 2089 770 fa-

523 813 664 869 ciem
712 811 951 869 intueor.
996 824 1093 879 per
1150 808 1253 862 hoc
1294 808 1473 877 ipsum
1524 815 1635 861 tota
1682 807 1873 862 formae.
1914 808 2090 878 ipsius

522 912 787 962 venustas
818 904 872 957 in
904 918 991 956 me
1014 902 1375 971 conspicitur.
1418 900 1594 969 Atque
1624 901 1724 954 has
1758 914 1919 954 voces
1949 898 2085 953 Pau-

525 997 615 1052 lus
662 996 912 1050 imitatur
952 993 1276 1053 clarissime,
1322 1007 1444 1045 cum
1477 992 1553 1045 ait
1587 1006 1646 1046 se
1689 990 1800 1045 Deo
1836 992 2087 1056 vivendo,

523 1096 800 1143 mortuum
835 1085 1038 1140 mundo
1068 1084 1271 1137 factum
1301 1098 1423 1137 esse
1457 1101 1470 1137 :
1501 1083 1787 1151 solumque
1812 1082 2090 1137 Christum

524 1182 581 1235 in
618 1196 677 1236 se
703 1179 884 1234 vivere
908 1179 974 1233 ".
1006 1175 1140 1231 Nam
1171 1192 1293 1230 cum
1318 1176 1474 1238 dicit,
1500 1174 1633 1228 Mihi
1657 1176 1824 1229 vivere
1849 1173 2091 1229 Christus

521 1278 600 1324 est
630 1270 676 1301 ⁷ο
712 1277 965 1323 :tantum
1022 1282 1131 1321 non
1175 1266 1377 1320 clamat
1424 1266 1491 1320 iis
1539 1266 1742 1329 verbis,
1796 1266 2000 1319 nullam
2036 1267 2092 1319 in

524 1364 646 1431 ipso
673 1358 1017 1414 aﬂectionem
1046 1359 1339 1411 humanam
1375 1372 1727 1427 crassumque
1752 1359 1953 1422 vivere,
1984 1374 2092 1414 non

523 1453 882 1522 voluptatem,
914 1466 1023 1504 non
1063 1451 1327 1512 dolorem,
1375 1465 1482 1503 non
1526 1450 1683 1513 iram,
1719 1465 1828 1504 non
1865 1458 2089 1516 metum,

524 1560 637 1599 non
671 1543 1039 1606 timiditatem,
1078 1556 1192 1598 non
1235 1541 1675 1611 trepidationem,
1726 1558 1835 1597 non
1867 1543 2089 1606 fastum,

522 1650 635 1689 non
690 1632 997 1697 audaciam,
1059 1619 1168 1686 non
1214 1632 1541 1700 injuriarum
1594 1643 1836 1688 tenacem
1888 1646 2095 1688 memo~

524 1728 684 1793 riam,
721 1742 829 1782 non
865 1725 1144 1791 invidiam,
1173 1740 1281 1780 non
1308 1724 1645 1780 affectionem
1674 1726 1839 1780 animi
1871 1725 1939 1780 ad
1972 1727 2091 1781 vin-

523 1818 749 1881 dictam,
793 1832 902 1871 non
947 1815 1258 1880 avaritiam,
1311 1830 1417 1869 non
1462 1816 1707 1880 honoris,
1759 1831 1867 1871 non
1905 1818 2093 1888 gloriae

525 1910 829 1973 libidinem,
895 1923 1004 1962 non
1050 1907 1348 1978 quidquam
1401 1923 1615 1975 eorum,
1674 1924 1797 1979 quae
1846 1909 2090 1964 animum

522 2001 758 2071 quadam
799 2014 928 2070 erga
959 2014 1020 2055 se
1048 1998 1335 2054 affectione
1364 2000 1633 2069 polluunt,
1664 2000 1760 2056 sed
1801 2000 1953 2056 solus
1986 2000 2094 2069 (in-

520 2093 665 2165 quit)
729 2093 819 2148 ille
875 2092 1008 2147 mihi
1061 2098 1345 2162 superest,
1401 2093 1493 2163 qui
1546 2093 1682 2147 nihil
1734 2103 1817 2150 est
1872 2094 2087 2148 borum.

523 2185 739 2240 Etenim
809 2185 1027 2241 abrasis
1082 2176 1238 2254 quasi
1298 2184 1553 2255 policndo
1608 2185 1914 2249 universis,
1970 2198 2092 2253 quae

522 2278 698 2349 ipsius
730 2279 784 2332 in
820 2285 1072 2331 naturam
1108 2291 1221 2331 non
1250 2278 1479 2340 cadunt,
1523 2276 1654 2331 nihil
1683 2277 1739 2331 in
1768 2292 1855 2331 me
1891 2276 2088 2339 habeo,

524 2371 670 2441 quod
703 2386 810 2425 non
845 2370 899 2424 in
934 2370 1057 2441 ipso
1085 2370 1156 2425 sit
1197 2387 1211 2423 :
1244 2384 1415 2439 eaque
1445 2369 1514 2425 de
1540 2384 1707 2424 causa
1742 2369 1876 2423 mihi
1906 2370 2091 2443 vivere

522 2462 779 2518 Christus
790 2469 895 2525 est,
911 2462 1018 2528 vel,
1035 2470 1303 2532 utsponsa
1316 2460 1578 2531 loquitur,
1596 2459 1708 2530 Ego
1720 2470 1938 2530 cognato
1954 2476 2086 2524 mea,

520 2563 573 2609 et
604 2562 859 2624 cognatus
892 2569 1037 2607 meus
1065 2552 1217 2619 mihi,
1251 2553 1344 2621 qui
1373 2560 1459 2607 est
1495 2551 1880 2617 sanctificatio,
1905 2560 1958 2606 et
1986 2567 2089 2621 pu-

522 2646 681 2712 ritas,
713 2654 770 2701 et
810 2644 1219 2709 immortalitas,
1259 2652 1315 2698 et
1345 2644 1613 2709 lumen,et
1640 2644 1862 2708 veritas,
1905 2651 1960 2698 et
1993 2643 2091 2697 bu-

520 2736 758 2811 jusmodi
802 2737 928 2803 alia,
962 2751 1298 2807 quaecunque
1330 2737 1567 2791 animam
1614 2750 1785 2791 meam
1830 2744 2085 2805 pascunt,

521 2844 635 2884 non
665 2829 721 2883 in
769 2828 1016 2899 gramine
1042 2828 1127 2883 vel
1168 2827 1440 2898 virgultis,
1470 2826 1565 2881 sed
1602 2827 1655 2880 in
1706 2826 2089 2896 splendoribus

522 2929 864 2977 sanctorum.
892 2919 1150 2976 Liliorum
1173 2921 1317 2976 enim
1339 2928 1532 2973 natura
1550 2932 1673 2973 cum
1695 2919 1879 2975 colore
1905 2921 2088 2990 splen-

518 3012 653 3068 dido
699 3015 771 3069 sit
816 3022 1029 3079 ornata,
1061 3013 1376 3084 hujusmodi
1422 3013 1713 3082 quamdam
1759 3015 2086 3068 sententiam

519 3105 718 3162 borum
750 3105 1037 3160 verborum
1087 3120 1212 3162 esse
1240 3105 1531 3175 significat.
1580 3105 1768 3175 Itaque
1800 3114 2085 3175 propterea

520 3214 736 3269 gregem
777 3215 935 3253 suum
966 3198 1019 3252 in
1054 3206 1208 3268 prata
1239 3198 1477 3253 liliorum
1506 3198 1678 3261 ducit,
1702 3200 1794 3269 qui
1820 3200 1995 3269 pascit
2028 3199 2082 3252 in
2118 3229 2159 3286 ο

522 3290 673 3353 liliis,
704 3300 761 3344 ut
790 3292 860 3344 sit
879 3288 1128 3356 splendor
1153 3289 1368 3345 Domini
1398 3290 1496 3344 Dei
1524 3292 1691 3344 nostri
1719 3307 1876 3359 super
1903 3293 2085 3345 nos“.

520 3380 657 3436 Nam
696 3383 839 3453 quod
887 3382 1072 3446 alitur,
1109 3382 1333 3436 omnino
1365 3381 1431 3436 ad
1457 3381 1577 3450 ejus
1607 3383 1842 3451 speciem
1868 3396 2090 3451 compa-

522 3484 697 3538 ratur,
737 3491 846 3543 quo
880 3476 1123 3530 vescitur
1183 3472 1254 3529 Ut
1294 3476 1420 3545 quis
1452 3474 1625 3545 (lubet
1665 3474 1810 3529 enim
1857 3474 1959 3528 hoc
2000 3490 2092 3529 su-

520 3565 692 3631 mere)
720 3580 818 3619 vas
851 3564 1124 3634 quoddam
1159 3579 1461 3620 concavum
1506 3581 1537 3620 e
1575 3564 1717 3619 vitro
1747 3565 1949 3619 factum
1988 3564 2088 3618 ha-

521 3658 670 3720 beat.
720 3657 778 3712 in
832 3658 975 3730 quod
1022 3659 1067 3713 si
1116 3656 1248 3727 quid
1299 3656 1596 3726 injiciatur,
1649 3656 1973 3727 pellucidum
2018 3656 2091 3711 sit

520 3748 809 3822 [quidquid
867 3749 1086 3805 tandem
1139 3748 1323 3813 fuerit,
1374 3748 1491 3803 sive
1537 3747 1752 3820 fuligo],
1801 3748 1915 3804 sive
1958 3749 2090 3819 quid

518 3856 718 3912 purum
748 3850 804 3895 et
846 3840 1209 3911 splendidum.
1243 3840 1431 3911 Itaque
1455 3840 1548 3910 qui
1576 3842 1809 3894 liliorum
1837 3842 2091 3911 splendo-

518 3949 635 3991 rem
694 3933 891 3988 animis
952 3932 1112 3995 indit,
1170 3932 1333 3988 etiam
1396 3932 1610 3987 animas
1668 3931 1816 4001 ipsas
1877 3949 1973 4002 per
2025 3950 2089 3987 ea

520 4026 836 4099 splendidas
868 4025 1049 4080 reddit
1082 4026 1294 4080 :indita
1336 4025 1429 4079 illa
1457 4025 1641 4095 specie
1681 4026 1984 4094 peltucente
2022 4027 2089 4081 ad

516 4118 814 4173 exteriora.
845 4115 916 4171 Ut
942 4123 1132 4171 autem
1163 4116 1433 4172 illustrior
1454 4115 1634 4170 adhuc
1667 4117 1979 4181 sitsensus,
2007 4117 2091 4171 di-

517 4209 697 4265 cimus
746 4224 844 4280 per
896 4210 1132 4263 virtutes
1180 4208 1425 4263 animum
1473 4209 1646 4277 pasci,
1691 4208 1803 4261 lilia
1856 4224 1986 4264 vero
2033 4210 2089 4264 in

518 4304 809 4373 aenigmate
839 4302 1074 4359 virtutes
1122 4301 1383 4373 appellari
1417 4318 1431 4354 :
1462 4302 1663 4370 quibus
1695 4303 1787 4371 qui
1832 4313 1980 4358 recta
2012 4303 2090 4357 vi-

515 4393 679 4449 vendi
723 4391 938 4449 ratione
974 4392 1207 4448 satiatus
1237 4399 1343 4456 est,
1380 4391 1427 4446 is
1454 4394 1561 4444 vita
1598 4405 1699 4446 sua
1732 4393 2088 4461 conspicuum

517 4501 579 4541 se
636 4484 834 4549 reddit,
878 4486 1008 4540 dum
1062 4484 1310 4538 moribus
1365 4484 1480 4538 suis
1532 4484 1826 4552 cujuslibet
1870 4484 2090 4539 virtutis

2191 623 2500 696 ὄτιΈπειδὴ
2516 625 2593 695 τῷ
2616 625 2797 695 κύκλῳ
2824 624 2934 693 ἐγὼ
2953 624 3059 695 ὅλῳ
3083 624 3143 678 τὸ
3170 625 3262 679 τοῦ
3291 625 3573 695 ἀδελφιδοῦ
3595 629 3760 700 πρόψ

2190 732 2337 767 ωπον
2371 715 2582 784 βλέπωο
2628 716 2716 769 διὰ
2743 716 2899 770 τοῦτο
2928 716 3047 770 ὅλον
3082 717 3178 786 τῆς
3213 717 3421 770 ἐκεῖνον
3457 720 3674 789 μορφῆς
3702 720 3763 771 τὸ

2191 806 2382 872 κάλλος
2407 810 2464 861 ὲν
2493 807 2615 878 ἐμοὶ
2640 807 2957 879 καθορᾶται.
2985 808 3199 872 Ταύτας
3218 807 3476 880 ἄντικρυς
3515 813 3761 880 μιμεῖται

2189 897 2289 961 τὰς
2318 899 2499 967 φωνὰς
2515 900 2545 951 ό
2568 897 2796 962 Παῦλος,
2830 898 3000 966 λέγων
3022 898 3099 969 τῷ
3122 898 3240 968 Θεῷ
3264 898 3383 969 ζῇν,
3405 900 3434 951 ό
3460 899 3656 969 νεκρὸς
3687 899 3763 970 τῷ

2191 991 2378 1060 κόσμῳ
2406 990 2712 1061 γενόμενος,
2741 989 2834 1042 καὶ
2866 990 2949 1043 ὅτι
2982 992 3039 1043 ὲν
3064 986 3215 1057 αύτῷ
3233 990 3297 1061 ζῇ
3334 993 3361 1044 ὁ
3390 993 3626 1062 Χριστὸς
3667 991 3765 1062 μό-

2191 1097 2298 1144 νος.
2338 1081 2397 1133 '0
2420 1080 2528 1152 γὰρ
2552 1078 2737 1147 εἰπὼν,
2764 1082 2846 1134 ὅτι
2882 1079 3044 1149 Ἐμοὶ
3063 1080 3129 1134 τὸ
3153 1080 3259 1149 ζῇν
3287 1083 3541 1151 Χριστός
3558 1101 3571 1114 ·
3606 1084 3766 1139 τοῦτο

2192 1172 2281 1226 διὰ
2305 1173 2400 1226 τοῦ
2429 1172 2583 1240 λόγου
2613 1173 2731 1243 βοᾷ,
2759 1174 2838 1226 ὅτι
2874 1173 3024 1225 οὐδὲν
3051 1173 3158 1226 τῶν
3193 1174 3547 1245 ἀνθρωπίνων
3580 1194 3643 1231 τε
3669 1179 3766 1232 καὶ

2194 1266 2397 1320 ὒλικῶν
2424 1266 2762 1337 παθημάτων
2784 1266 2843 1319 ὲν
2866 1266 3013 1337 αὐτῷ
3038 1264 3127 1338 ζῇ,
3153 1266 3277 1319 οὒτε
3305 1268 3488 1339 ἡδονὴ,
3514 1268 3641 1322 οὔτε
3673 1269 3767 1324 λύ-

2193 1385 2290 1437 πη,
2323 1364 2447 1420 οὔτε
2475 1365 2664 1435 θυμὸς,
2695 1364 2816 1417 οὔτε
2849 1363 3031 1432 φόϐος,
3072 1361 3193 1416 οὔτε
3217 1362 3401 1425 δειλία.
3426 1363 3550 1417 οὔτε
3590 1364 3766 1436 πτόη-

2194 1477 2297 1523 σις,
2327 1457 2452 1513 οὔτε
2480 1455 2805 1527 τύφος,οῠτε
2828 1455 3047 1527 Θράσος,
3070 1456 3131 1509 ού
3160 1455 3515 1527 μνησικακία,
3546 1458 3609 1509 ού
3644 1457 3767 1524 φθό-

2191 1568 2301 1617 νος,
2325 1551 2425 1604 ούκ
2449 1548 2722 1619 ἁμυντική
2750 1565 2832 1610 τις
2852 1546 3108 1609 διάθεσις,
3136 1546 3194 1599 ού
3222 1546 3644 1618 φιλοχρηματία,
3664 1547 3768 1599 οὐκ

2191 1643 2318 1698 ἄλλο
2356 1660 2409 1697 τι
2438 1642 2547 1695 τῶν
2584 1640 2683 1712 τὴν
2709 1639 2884 1711 ψυχὴν
2912 1638 3001 1692 διά
3037 1655 3179 1702 τινος
3208 1640 3441 1710 σχέσεως
3481 1638 3767 1710 κηλιδούν-

2190 1749 2325 1785 τωνο
2366 1732 2481 1786 ἀλλ’
2523 1733 2727 1795 ἐκεῖνός
2756 1749 2844 1802 μοι
2885 1732 3045 1802 μόνος
3082 1730 3250 1794 ἐστὶν,
3289 1729 3348 1792 ὃς
3380 1729 3533 1784 οὐδὲν
3557 1728 3767 1784 τούτων

2194 1824 2326 1879 ὲστί.
2359 1826 2473 1880 Πᾶν
2511 1824 2619 1897 γὰρ
2641 1826 2703 1877 τδ
2724 1824 2830 1888 ἔξω
2856 1825 2953 1894 τῆς
2974 1824 3181 1877 ἐκείνου
3207 1821 3421 1891 φύσεως
3448 1821 3767 1893 θεωρούμε-

2196 1933 2285 1970 νον
2314 1916 2750 1987 ἁποξυσάμενος,
2797 1916 2947 1969 οὐδὲν
2984 1915 3091 1986 ἔχω
3132 1916 3191 1968 ὲν
3234 1912 3453 1984 ἐμαυτῷ
3501 1913 3764 1975 τοιοῦτον,

2195 2004 2305 2063 οἷον
2331 2012 2388 2063 ὲν
2419 2010 2610 2080 ἐκείνῳ
2627 2010 2727 2063 ούκ
2752 2009 2897 2061 ἐστιν
2921 2025 2934 2038 '
2976 2002 3037 2061 οὗ
3059 2007 3238 2078 χάριν,
3270 2007 3391 2076 ἐμοὶ
3409 2006 3470 2059 τὺ
3498 2006 3600 2076 ζῇν
3631 2003 3768 2076 Χρι-

2198 2101 2319 2165 στός
2342 2116 2357 2132 ⁸
2395 2101 2427 2173 ἢ
2462 2101 2639 2163 καθὼς
2684 2103 2717 2172 ὴ
2754 2101 2939 2171 νύμφη
2962 2117 2976 2129 ·
3022 2097 3164 2169 Ἐγὼ
3194 2097 3272 2160 τῷ
3295 2095 3594 2166 ἀδελφιδῷ
3620 2114 3763 2166 μου,

2195 2194 2295 2250 καί
2328 2197 2361 2248 ό
2391 2194 2712 2265 ἀδελφιδός
2749 2212 2866 2264 μου
2899 2193 3029 2263 ἐμοι
3053 2208 3069 2224 ·
3113 2191 3141 2244 δ
3166 2192 3313 2245 ἐστιν
3346 2190 3639 2260 ἁγιασμδς.
3670 2190 3765 2243 καὶ

2196 2285 2524 2358 καθαρότης,
2546 2286 2640 2341 καὶ
2659 2285 2955 2356 ἀφθαρσία,
2991 2285 3084 2339 καὶ
3112 2283 3247 2355 φῶς,
3278 2283 3370 2336 καὶ
3397 2282 3646 2352 ἀλήθεια,
3672 2281 3766 2334 καὶ

2192 2377 2264 2431 τὰ
2308 2378 2531 2432 τοιαῦτα
2553 2417 2568 2443 ,
2614 2380 2714 2433 ὅσα
2766 2378 3042 2449 ποιμαίνει
3096 2379 3193 2448 τὴν
3238 2376 3376 2448 ἐμὴν
3420 2374 3620 2445 ψυχὴν,
3665 2374 3765 2427 οὐκ

2196 2471 2253 2524 ἐν
2279 2471 2492 2541 χόρτοις
2531 2470 2672 2523 τισὶν
2697 2469 2731 2540 ἢ
2776 2470 3071 2541 φρυγάνοις
3093 2508 3109 2533 ,
3139 2467 3256 2523 ἀλλ’
3282 2470 3340 2522 ὲν
3368 2468 3485 2530 ταῖς
3511 2466 3760 2537 λαμ-πρό⁴

2191 2577 2318 2632 τησι
2342 2559 2451 2613 τῶν
2474 2561 2644 2627 ἁγίων
2666 2576 2680 2591 ·
2710 2563 2743 2630 ἡ
2768 2560 2877 2632 γὰρ
2903 2560 3011 2613 τῶν
3037 2561 3236 2629 κρίνων
3266 2558 3425 2628 φύσις
3449 2560 3508 2611 ὲν
3524 2558 3603 2628 τῷ
3626 2557 3765 2627 λαμο

2193 2652 2316 2723 τιρῷ
2345 2652 2445 2721 τῆς
2469 2651 2718 2723 εὐχροίας
2736 2651 2941 2723 ταύτην
2971 2652 3344 2708 ὑπαινίσσεται
3364 2652 3495 2721 ἡμῖν
3528 2651 3629 2723 τὴν
3648 2650 3765 2703 διὰ-

2193 2759 2358 2797 νοιαν.
2379 2740 2586 2795 Οὐκοῦν
2605 2742 2693 2797 διὰ
2706 2741 2868 2796 τοῦτο
2888 2743 2978 2796 ἐπὶ
3004 2744 3129 2806 τοὺς
3148 2742 3412 2812 λειμῶνας
3431 2742 3540 2794 τῶν
3566 2741 3765 2810 κρίνων

2193 2833 2315 2903 ἄγει
2334 2833 2393 2887 τὸ
2412 2832 2604 2888 ἑαυτοῦ
2628 2833 2882 2904 ποίμνιον
2937 2835 2967 2887 ὁ
2986 2836 3043 2887 ὲν
3060 2836 3171 2895 τοῖς
3191 2834 3397 2903 κρίνοις
3420 2834 3726 2904 ποιμαίνων
3745 2846 3761 2861 ⁸

2193 2928 2293 2981 ἵνα
2307 2927 2546 2996 γένηται
2559 2927 2597 2994 ἡ
2613 2927 2960 2996 λαμπρότης
2980 2929 3196 2994 Κυρίου
3210 2927 3314 2979 τοῦ
3331 2925 3476 2980 Θεοῦ
3490 2924 3662 2995 ὑμῶν
3674 2925 3767 2994 ἐφ’

2193 3019 2369 3089 ἡμᾶς.
2411 3018 2501 3090 Τῷ
2521 3020 2629 3092 γὰρ
2658 3020 2787 3074 εἴδει
2814 3019 2911 3089 τῆς
2938 3018 3170 3091 τροφῆς,
3211 3017 3599 3072 συνδιατίθεται
3632 3018 3767 3072 πάν-

2193 3130 2300 3176 τως
2339 3113 2432 3166 καὶ
2458 3112 2518 3166 τὸ
2545 3113 2893 3184 τρεφόμενον.
2960 3108 3082 3164 Οἷόν
3114 3121 3165 3165 τι
3194 3111 3364 3180 λέγω·
3421 3113 3605 3165 Ἔστω
3643 3112 3764 3167 καθ’

2195 3204 2448 3258 ὑπόθεσιν
2479 3206 2655 3258 κοῖλόν
2690 3222 2742 3257 τι
2770 3202 2962 3267 σκεῦος
2984 3204 3043 3269 ἐξ
3069 3203 3243 3266 ὑέλου,
3270 3208 3325 3257 ἐν
3355 3196 3398 3271 ᾧ
3426 3206 3534 3257 πᾶν
3561 3205 3623 3258 τὸ
3640 3204 3767 3276 βαλ-

2192 3296 2413 3368 λόμενον
2446 3296 2706 3367 εἴη’,εῐτε
2749 3313 2800 3349 τι
2832 3296 2940 3349 τῶν
2972 3296 3225 3367 καθαρῶν
3258 3314 3315 3349 τε
3349 3298 3443 3349 καὶ
3471 3296 3760 3370 λαμπρῶν.

2191 3386 2397 3439 Οὐκοῦν
2415 3386 2516 3457 τὴν
2551 3385 2905 3456 Ααμπρότητα
2937 3382 3045 3435 τῶν
3082 3381 3280 3454 κρίνων
3310 3385 3426 3446 ταῖς
3452 3383 3654 3451 ψυχαῖς
3678 3385 3761 3436 ὲν·

2189 3476 2378 3541 τιθεὶς,
2419 3475 2676 3546 λαμπρὰς
2704 3474 2769 3526 δι’
2816 3473 2995 3528 αὑτῶν
3030 3474 3129 3538 τὰς
3158 3474 3336 3545 ψυχὰς
3368 3474 3761 3545 ἀπεργάζεται,

2188 3567 2601 3639 διαφαινομένου
2635 3568 2728 3622 τοῦ
2762 3568 3080 3639 ἐγκειμένου
3126 3568 3299 3630 εἴδους
3326 3568 3417 3620 ἐπὶ
3441 3566 3499 3619 τὸ
3541 3566 3763 3633 ἔξωθεν.

2202 3658 2289 3721 Ὠς
2318 3658 2374 3711 δὲ
2398 3658 2463 3712 ἂν
2478 3659 2614 3730 πρὸς
2634 3660 2694 3713 τὸ
2720 3659 3048 3733 σαφέστερον
3073 3662 3201 3730 ἡμῖν
3229 3659 3524 3731 προαχθείη
3555 3661 3619 3713 τὸ
3642 3661 3765 3731 νόη-

2196 3767 2273 3821 μα
2304 3750 2483 3814 τοῦτο,
2513 3750 2712 3822 φαμὲν,
2762 3752 2842 3804 ὅτι
2872 3751 3131 3821 τρέφεται
3170 3751 3321 3822 μὲνὴ
3357 3750 3502 3821 ψυχὴ
3533 3750 3621 3804 διὰ
3654 3751 3765 3803 τῶν

2189 3844 2420 3915 ἀρετῶν,
2438 3844 2598 3913 κρίνα
2624 3844 2680 3897 δὲ
2703 3844 3060 3915 κατονομάζει
3081 3844 3178 3907 τὰς
3205 3844 3404 3914 ἀρετὰς
3432 3844 3496 3897 δι’
3517 3844 3767 3914 αἰνίγμα-

2187 3952 2308 3999 τοςο
2328 3929 2404 3989 ὧν
2423 3936 2451 3987 ό
2476 3935 2565 3990 διὰ
2595 3936 2694 4006 τῆς
2724 3935 2934 4004 ἀγαθῆς
2960 3935 3235 3997 πολιτείας
3268 3935 3615 4005 ἐμφορηθεὶς,
3639 3932 3763 3988 ἐπί-

2188 4028 2345 4098 δηλον
2384 4027 2574 4080 ἑαυτὸν
2606 4029 2770 4088 ποιεῖ,
2801 4026 2888 4082 διὰ
2920 4026 3015 4079 τοῦ
3054 4026 3171 4097 βίου
3212 4028 3447 4097 ἑκάστης
3475 4025 3678 4097 ἀρετῆς
3704 4023 3764 4079 τὺ

2190 4116 2330 4182 εἶδος
2365 4118 2456 4172 διὰ
2473 4118 2565 4172 τοῦ
2596 4118 2760 4189 ἤθους
2785 4116 3240 4189 ἐπιδεικνύμενος.
3275 4118 3452 4171 Ἔστω
3474 4118 3555 4170 σοὶ
3580 4116 3763 4188 κρίνον

2189 4212 2428 4282 καθαρὸν
2455 4212 2489 4282 ἠ
2517 4210 2835 4283 σωφροσύνη
2860 4227 2921 4264 τε
2953 4212 3046 4263 καὶ
3067 4209 3394 4279 δικαιοσύνη,
3427 4209 3520 4262 καὶ
3549 4207 3761 4280 ἀνδρία.

2188 4303 2284 4357 καὶ
2317 4303 2598 4373 φρόνησις,
2632 4302 2725 4356 καὶ
2756 4302 2853 4355 ὃσα
2889 4302 3052 4373 φησὶν
3091 4302 3406 4364 Ἀπὸστολος
3436 4300 3635 4370 ἀληθῆ.
3662 4302 3763 4356 ὅσα

2191 4395 2381 4465 σεμνὰ,
2410 4396 2510 4447 ὅσα
2545 4394 2838 4466 προσφιλῆ,
2870 4395 2970 4447 ὅσα
3009 4393 3212 4457 δίκαια,
3242 4393 3341 4445 ὅσα
3370 4392 3520 4459 ᾶγια,
3550 4392 3650 4443 ὅσα
3680 4389 3765 4443 εὗ-

2188 4502 2377 4557 φημα’
2413 4486 2467 4539 ετ
2496 4502 2577 4548 τις
2606 4485 2796 4557 ἀρετὴ,
2826 4485 2919 4538 καὶ
2952 4485 3005 4539 εἴ
3032 4503 3116 4548 τις
3148 4484 3386 4548 ἔπαινος.
3441 4482 3627 4535 Ταῦτα
3655 4482 3763 4552 γὰρ

517 4578 753 4647 speciem
793 4575 1070 4645 exprimit.
1120 4573 1446 4629 Esistimato
1496 4589 1692 4644 purum
1740 4590 1862 4631 esse
1912 4576 2082 4631 lilium

2192 4577 2360 4630 πάντα
2389 4575 2536 4640 ἐντὸς
2576 4574 2675 4645 τῆς
2707 4574 2885 4646 ψυχῆς
2916 4576 3177 4647 γενόμενα
3205 4576 3279 4647 τῷ
3310 4574 3533 4646 καθαρῷ
3569 4573 3765 4627 διαδεί-

514 4667 860 4731 modestiam,
885 4674 941 4721 et
957 4666 1252 4736 justitiam,
1270 4673 1324 4721 et
1352 4666 1750 4731 fortitudinem,
1770 4677 1825 4721 et
1847 4667 2085 4737 pruden-

514 4759 671 4825 tiam,
712 4768 770 4813 et
811 4773 1149 4829 quaecunque
1196 4772 1322 4813 vera
1357 4764 1508 4822 sunt,
1554 4768 1612 4812 ut
1652 4760 1728 4813 ait
1762 4758 2085 4829 Apostolus,

512 4862 853 4919 quaecunque
913 4849 1163 4912 honesta,
1212 4862 1552 4919 quaecunque
1608 4848 1884 4913 amabilia,
1936 4864 2087 4920 qua:-

513 4958 732 5011 cunqne
776 4943 943 5011 iusta,
995 4957 1335 5012 quaecunque
1385 4943 1513 4998 boni
1562 4943 1847 4998 nominis:
1891 4942 1936 4999 si
1978 4957 2085 5013 qua

514 5036 711 5097 virtus,
744 5034 793 5091 si
836 5052 945 5106 qua
983 5037 1191 5091 laus".
1245 5034 1380 5088 Nam
1418 5036 1531 5089 hinc
1574 5034 1758 5090 omnia
1792 5043 2081 5105 postquam

511 5127 571 5182 in
616 5128 857 5182 animum
888 5133 1268 5197 penetrarunt,
1319 5140 1415 5195 per
1440 5124 1606 5180 vitam
1636 5139 1827 5195 puram
1861 5124 2081 5180 demon-

2189 4684 2379 4720 κνυται
2419 4665 2545 4738 βίῳ,
2598 4667 3004 4732 καλλωπίζοντα
3035 4680 3095 4720 τε
3137 4669 3227 4721 τὸν
3261 4668 3618 4737 περιέχοντα,
3669 4665 3765 4720 καὶ

2189 4759 2325 4812 αὐτὰ
2366 4759 2454 4813 διὰ
2484 4759 2575 4812 τοῦ
2626 4759 3000 4831 είσδεξαμένου
3032 4758 3496 4829 καλλωπιζόμενοι.
3545 4757 3610 4812 Ἡ
3652 4758 3764 4815 τοί-

2190 4868 2285 4903 νυν
2311 4849 2570 4904 ἀναθεῖσα
2592 4852 2790 4920 ἑαυτὴν
2814 4850 2890 4923 τῷ
2923 4851 3209 4921 ἀδελφιδῷ,
3245 4852 3337 4907 καὶ
3364 4849 3635 4920 δεξαμένη
3666 4848 3760 4902 τοῦ

2189 4941 2563 5012 ἀγαπηθέντος
2583 4942 2645 4995 τὸ
2664 4943 2858 5005 κάλλος
2887 4946 2943 4997 ἐν
2968 4947 3034 5015 τῇ
3061 4943 3165 5015 ίδίᾳ
3188 4946 3365 5015 μορφῇ
3390 4959 3402 4975 ο
3437 4940 3765 5007 οἴωνὰξιοῦο

2196 5050 2286 5087 ται
2319 5033 2470 5103 παρὰ
2504 5033 2595 5086 τοῦ
2622 5032 2746 5095 τοὺς
2768 5035 3115 5100 ’δοξάζοντος
3166 5036 3483 5105 ἀκούσωμεν
3526 5034 3615 5087 διὰ
3660 5033 3763 5103 τῆς

2191 5124 2553 5195 προκειμένης
2585 5127 2698 5187 τοῖς
2732 5125 2967 5197 ῥήμασιν
2988 5126 3326 5189 ἀκολουθίας.

511 5232 809 5279 etrantur:
866 5209 1137 5293 simulque
1186 5229 1386 5276 ornant
1444 5221 1617 5285 illum,
1658 5219 1750 5288 qui
1804 5234 1864 5273 ea
1904 5219 2170 5283 continet,
2202 5228 2258 5273 et
2297 5218 2415 5289 ipsa
2464 5215 2599 5288 quid
2659 5221 2963 5274 ornamenti
3020 5235 3049 5273 a
3101 5221 3412 5277 continente
3458 5222 3759 5292 accipiunt.

509 5314 878 5379 Quamobrem
961 5330 1064 5380 ea,
1119 5329 1240 5385 qua:
1281 5322 1451 5366 totam
1502 5325 1563 5365 se
1609 5318 1842 5379 cognato
1881 5309 2142 5373 tradidit,
2178 5309 2344 5379 inque
2414 5308 2586 5363 forma
2638 5323 2739 5363 sua
2782 5308 2963 5364 dilecti
3011 5310 3472 5381 pulchritudinem
3505 5312 3757 5381 recepit;

511 5411 693 5477 qualia
740 5417 1110 5479 consequatur
1160 5407 1229 5461 ab
1281 5405 1410 5467 illo,
1470 5401 1564 5471 qui
1622 5402 1993 5472 glorificantes
2038 5418 2098 5458 se
2137 5401 2423 5472 glorificat,
2464 5401 2751 5457 audiamus
2803 5402 2858 5457 in
2901 5402 2989 5466 iis,
3034 5419 3154 5473 quae
3200 5405 3461 5461 hactenus
3500 5406 3760 5461 indicatis

508 5501 706 5556 ordine
730 5502 979 5570 proxima
1017 5509 1166 5553 sunt.

566 5589 764 5661 inquit
795 5592 939 5645 enim
993 5590 1060 5644 ad
1099 5604 1355 5659 sponsam
1398 5585 1679 5643 Verbum:
1717 5583 1951 5639 Pulchra
1992 5600 2075 5649 res,

509 5684 759 5753 proxima
795 5697 931 5747 mea,
966 5682 1101 5735 sicut
1127 5682 1243 5749 ipsa
1269 5678 1654 5741 benevolentia;
1684 5676 1920 5745 formosa
1942 5677 2079 5731 sicut

2242 5584 2389 5655 Φησὶ
2419 5583 2527 5654 γὰρ
2559 5584 2696 5657 πρὸς
2719 5586 2818 5656 τὴν
2850 5586 3068 5659 νύμφην
3093 5590 3123 5642 ὁ
3153 5590 3322 5658 Λόγος
3344 5608 3357 5621 ο
3403 5590 3571 5659 Καλὴ
3610 5587 3684 5653 εἴ,
3718 5591 3755 5658 ἠ

2185 5675 2453 5745 πλησίον
2484 5692 2625 5745 μου,
2671 5676 2753 5743 ὡς
2788 5677 3067 5733 εὐδοκίαο
3116 5681 3297 5749 ὡραία
3348 5680 3428 5749 ὡς
3467 5681 3757 5750 'It-‘povo'a-

584 5859 832 5916 “Galat.
868 5878 919 5921 v,
974 5859 1059 5922 19,
1092 5859 1180 5913 (2.0.
1258 5860 1305 5892 ⁷⁸
1355 5857 1587 5928 Philipp.
1647 5874 1684 5924 ι,
1729 5857 1816 5913 2|.
1895 5860 1935 5892 "
1968 5857 2088 5913 Psal

2192 5874 2365 5925 txxrx,
2414 5859 2501 5914 l7.
2580 5861 2624 5893 ⁷⁸
2655 5857 2887 5931 Philipp.
2923 5875 2995 5925 iv,
3031 5861 3082 5915 8.
