4004 6492
246 416 383 472 109⁸1

238 525 365 593 λήμ
383 540 397 555 ·
438 523 656 595 θάμϐος
677 526 757 589 ὠς
780 524 1144 594 τεταγμέναι.

241 616 394 687 παρά
444 616 539 687 τῆς
588 617 837 687 οὐρανίου
880 618 1133 684 στρατιᾶς
1191 616 1566 687 ἀναπέμπεται
1615 616 1693 686 τῷ
1741 617 1799 670 ὲν

241 708 486 776 ὑψίστοις
504 706 622 777 Θεῷ
640 707 777 777 ὑπὲρ
800 708 895 778 τῆς
924 710 980 760 ὲν
1007 706 1311 778 ἀνθρώποις
1331 708 1572 772 εὐδοκίας
1602 710 1659 761 ὲν
1683 709 1803 770 ταῖς

239 800 433 862 ἀκοαῖς
465 798 573 851 τῶν
606 798 896 869 ποιμένων,
948 799 1035 851 ὅτε
1066 794 1200 852 εἶδον
1230 799 1546 872 γενηθεῖσαν
1577 802 1668 853 ἐπὶ
1700 800 1802 869 γῆς

238 890 343 960 τὴν
391 891 643 961 εἰρήνηνο
694 890 787 943 καὶ
829 890 910 942 ὅτι
944 888 1093 953 πόλις
1130 891 1223 943 τοῦ
1268 892 1499 961 μεγάλου
1542 892 1803 963 βασιλέως

251 980 608 1051 Ἰερουσαλὴμ
635 980 783 1052 παρά
805 980 897 1033 τοῦ
930 982 1195 1035 Δεσπότου
1235 984 1411 1054 πάσης
1439 984 1665 1047 κτίσεως
1684 987 1801 1037 ὀνο-

244 1074 500 1144 μάζεται,
547 1077 708 1127 παντὶ
746 1074 901 1143 δῆλον
935 1073 999 1127 ἂν
1047 1076 1131 1144 εἴη
1172 1075 1249 1146 τῷ
1292 1080 1403 1140 τοῖς
1436 1077 1803 1145 εὐαγγελικοῖς

242 1165 669 1236 καθομιλήσαντι
705 1165 912 1235 λόγοις·
960 1170 1033 1233 ὡς
1073 1169 1159 1223 διά
1190 1168 1389 1223 τούτων
1436 1170 1509 1242 μὴ
1542 1170 1802 1241 ἀγνοῆσαι

242 1260 397 1310 ποῖον
446 1259 712 1328 μαρτυρεῖ
756 1261 820 1329 τῇ
852 1258 1033 1330 νύμφῃ
1074 1263 1101 1314 6
1125 1261 1292 1329 Λόγος
1337 1260 1530 1325 κάλλος
1576 1261 1663 1314 διά
1705 1261 1803 1331 τῆς

241 1350 383 1419 πρὸς
411 1349 509 1418 τὴν
556 1349 909 1421 Ἰερουσαλὴμ
949 1352 1041 1404 καὶ
1081 1352 1216 1422 πρὸς
1257 1351 1356 1423 τὴν
1399 1352 1641 1405 εὐδοκίαν
1674 1368 1804 1420 συγ-

241 1439 496 1510 κρίσεως.
562 1439 727 1510 Δῆλον
767 1442 873 1510 γάρ
912 1444 990 1495 ὅτι
1022 1442 1177 1496 τοῦτο
1206 1444 1332 1514 περὶ
1380 1445 1547 1515 αὐτῆς
1578 1446 1606 1497 6
1634 1443 1805 1515 Λόγος

241 1530 596 1595 ἐνδείκνυται,
636 1530 723 1584 διὰ
761 1531 858 1600 τῆς
897 1533 1330 1605 κατορθουμένης
1371 1535 1576 1599 ἀνόδου,
1614 1536 1804 1607 μέχρις

240 1623 455 1677 ἐκείνου
479 1622 576 1693 τὴν
602 1622 777 1694 ψυχὴν
807 1625 1103 1695 ὑψωθῆναι,
1131 1627 1205 1691 ὡς
1233 1628 1368 1698 πρὸς
1393 1627 1462 1681 τά
1484 1628 1576 1681 τοῦ
1608 1629 1805 1682 Δεσπό-

240 1729 338 1766 του
372 1712 624 1784 θαύματα
677 1716 872 1786 ἑαυτὴν
913 1719 1237 1773 ἐπεκτεῖναι.
1292 1719 1354 1772 Ei
1382 1719 1490 1791 γάρ
1536 1723 1565 1775 6
1593 1723 1649 1773 ὲν
1683 1720 1805 1789 ὑψί-

244 1824 394 1871 στοις
419 1808 569 1872 Θεὸς,
595 1808 669 1861 ὢν
699 1811 755 1863 ὲν
778 1810 888 1872 τοῖς
920 1809 1136 1873 κόλποις
1161 1808 1254 1862 τοῦ
1283 1811 1511 1879 Πατρὸς,
1541 1811 1679 1882 ὑπὲρ
1707 1812 1808 1881 τῆς

239 1898 487 1961 εὐδοκίας
509 1901 567 1952 ὲν
597 1899 901 1971 ἀνθρώποις
934 1902 1125 1971 αἵματι.
1154 1902 1243 1955 καὶ
1287 1873 1448 1974 σαρκὶ
1472 1873 1801 1975 κατακιρνάἐ
1835 1873 1882 1933 Β

238 2006 354 2045 ται.
386 1990 471 2041 ἵνα
500 1990 700 2061 γενηθῇ
731 1991 823 2044 ἐπὶ
845 1991 943 2062 τῆς
972 1993 1076 2062 γῆς
1102 1994 1293 2064 εἰρήνη
1318 2010 1331 2023 ·
1366 1994 1624 2064 δῆλονὸτι
1659 1995 1794 2065 πρὸς

240 2080 449 2151 ταύτην
472 2080 569 2152 τὴν
603 2081 867 2147 εὐδοκίαν,
908 2083 969 2136 τὸ
1015 2084 1211 2155 ἑαυτῆς
1247 2086 1554 2155 ὁμοιώσασα
1590 2088 1802 2156 κάλλος,

238 2171 335 2223 τὸν
364 2172 595 2243 Χριστὸν
620 2178 863 2244 μιμεῖται
886 2178 994 2239 τοῖς
1020 2175 1431 2247 κατορθώμασιν
1454 2195 1468 2208 ο
1523 2181 1696 2235 ἐκεῖνο
1721 2199 1805 2249 γι-

239 2262 445 2331 νομένη
475 2265 585 2328 τοῖς
616 2264 813 2327 ἄλλοις,
840 2266 975 2337 ὅπερ
1005 2269 1033 2320 6
1059 2268 1290 2339 Χριστὸς
1315 2272 1380 2339 τῇ
1409 2271 1564 2335 φύσει
1587 2271 1694 2327 τῶν
1720 2274 1807 2327 ἀν-

238 2354 478 2425 θρώπων
504 2357 713 2425 ἐγένετο
738 2373 751 2387 ·
775 2357 1021 2429 καθάπερ
1044 2360 1134 2412 καὶ
1156 2361 1182 2411 6
1203 2362 1441 2434 μιμητὴς
1465 2363 1558 2417 τοῦ
1572 2364 1806 2435 Χριστυῦ

242 2447 460 2510 Παῦλος
502 2449 691 2513 ἐποίει,
732 2450 919 2503 ἑαυτὸν
958 2451 1056 2521 τῆς
1096 2449 1239 2523 ζωῆς
1282 2453 1570 2524 ἀφορίζων,
1618 2456 1703 2509 ἵνα
1730 2455 1807 2527 τῷ

244 2538 365 2609 ίδίῳ
404 2538 563 2591 πάθει
587 2539 683 2610 τὴν
714 2540 984 2611 σωτηρίαν
1027 2542 1122 2595 τοῦ
1160 2544 1370 2614 Ἰσραὴλ
1397 2546 1805 2618 ἀνταλλάξηται,

243 2629 420 2698 λέγων
443 2646 456 2659 ·
482 2633 765 2700 Εὑχόμην
794 2631 1056 2697 ἀνάθεμα
1085 2629 1235 2686 εἷναι
1259 2635 1378 2688 ἀπὸ
1399 2636 1502 2690 τοῦ
1529 2638 1806 2706 Χριστοῦ,

242 2722 401 2790 ὑπὲρ
434 2721 549 2775 τῶν
576 2724 852 2793 ἀδελφῶν
867 2743 1004 2794 μου,
1041 2726 1159 2779 τῶν
1184 2728 1495 2797 συγγενῶν
1510 2748 1629 2799 μου
1661 2733 1810 2786 κατά

241 2809 464 2879 σάρκα.
506 2813 648 2885 Πρὸς
685 2813 743 2866 ὃν
779 2816 999 2878 είκότως
1026 2816 1251 2887 ἁρμόζει
1273 2821 1338 2888 τῇ
1370 2818 1551 2891 νύμφῃ
1574 2820 1633 2873 16
1662 2823 1811 2892 είρη-

247 2902 412 2973 μένον
458 2905 647 2965 εἰπεῖν,
692 2905 775 2957 ὅτι
804 2901 1058 2959 Τοιοῦτόν
1100 2908 1216 2960 ἐστι
1266 2909 1364 2980 τῆς
1411 2910 1589 2982 ψυχῆς
1632 2930 1722 2965 σου
1752 2916 1822 2971 τδ

245 2993 462 3057 κάλλος,
506 2994 593 3046 οἶα
622 2994 655 3064 ἡ
690 2993 784 3046 τοῦ
813 2994 1078 3048 Δεσπότου
1109 2995 1332 3065 γέγονεν
1379 2999 1517 3070 ὑπὲρ
1544 3000 1696 3071 ἡμῶν
1725 3001 1812 3053 εὐ-

243 3083 426 3145 δοκία,
450 3083 507 3147 ὃς
541 3085 731 3138 ἑαυτὸν
757 3085 988 3139 ὲκένωσε
1035 3088 1247 3159 μορφὴν
1279 3088 1462 3141 δούλου
1492 3089 1689 3153 λαὸὼν,
1718 3092 1811 3145 καὶ

245 3176 448 3229 ἔδωκεν
469 3177 656 3230 ἑαυτὸν
671 3177 1018 3247 ἀντάλλαγμα
1034 3179 1170 3251 ὑπὲρ
1189 3180 1288 3251 τῆς
1307 3180 1400 3234 τοῦ
1422 3182 1623 3252 κόσμου
1647 3182 1809 3254 ζωῆς,

247 3270 344 3321 καὶ
364 3269 430 3322 δι’
459 3271 608 3339 ἡμᾶς
656 3269 965 3340 ἐπτώχευσε
995 3270 1246 3336 πλούσιος
1288 3272 1384 3336 ὢν,
1431 3274 1518 3327 ἵνα
1558 3277 1719 3345 ἡμεῖς
1759 3278 1816 3329 ὲν

246 3360 328 3431 τῷ
353 3360 564 3433 θανάτῳ
595 3362 759 3417 αὐτοῦ
788 3362 1057 3434 ζήσωμεν,
1085 3365 1178 3418 καὶ
1205 3367 1261 3418 ὲν
1297 3368 1363 3437 τῇ
1389 3368 1627 3439 πτωχεία
1655 3369 1819 3421 πλου-

244 3456 527 3523 τήσωμεν,
565 3454 657 3507 καὶ
685 3456 743 3509 ὲν
777 3458 842 3527 τῇ
869 3457 965 3527 τῆς
992 3457 1229 3521 δουλείας
1260 3458 1425 3512 αὐτοῦ
1462 3462 1642 3531 μορφῇ
1671 3460 1819 3531 βασι-

245 3544 550 3615 λεύσωμεν.
583 3546 727 3600 Τὸδὲ
750 3548 917 3619 αὐτῆς
945 3547 1190 3619 μέγεθος,
1239 3550 1385 3621 καὶὴ
1419 3551 1517 3620 τῆς
1555 3553 1820 3622 Ἰερουσα-

249 3638 368 3709 λὴμ
401 3638 669 3709 ὼραιότης
713 3640 911 3709 ὁμοίως
955 3640 1310 3701 ἐνδείκνυται.
1348 3643 1447 3713 τὴν
1484 3644 1595 3697 ἀνω
1620 3645 1819 3717 δηλαδὴ

262 3730 641 3803 Ἰερουσαλὴμ,
670 3732 766 3801 τὴν
795 3732 1103 3803 ἐλευθέραν,
1137 3734 1234 3803 τὴν
1266 3733 1372 3787 τῶν
1399 3734 1692 3807 ἐλευθέρων
1728 3753 1823 3806 μη-

249 3823 412 3893 τέρα,
440 3824 506 3893 ἣν
536 3824 688 3877 πόλιν
716 3824 808 3877 τοῦ
832 3826 1065 3895 μεγάλου
1091 3825 1351 3895 βασιλέως
1378 3825 1514 3880 εἶναι
1549 3828 1698 3899 παρὰ
1725 3829 1822 3898 τῆς

248 3915 526 3981 Δεσπότου
555 3915 735 3985 φωνῆς
767 3914 1177 3986 μεμαθήκαμεν.
1217 3916 1278 3967 Ἦ
1312 3916 1419 3986 γὰρ
1443 3920 1734 3989 χωρήσασα
1767 3921 1825 3970 ὲν

251 3995 393 4079 αὐτῇ
438 4009 528 4060 16v
556 4007 856 4078 ἀχώρητον,
884 4006 1023 4060 ὥστε
1056 4010 1279 4061 ἐνοικεῖν
1306 4010 1441 4078 αὐτῇ
1477 4011 1570 4062 καὶ
1599 4010 1825 4079 ἐμπερι-

256 4104 453 4156 πατεῖν
494 4100 581 4153 τὸν
622 4100 782 4163 Θεὸν,
822 4102 888 4170 τῇ
918 4099 1210 4170 ὼραιότητι
1256 4100 1348 4153 τοῦ
1382 4102 1440 4153 ὲν
1478 4100 1612 4171 αὐτῇ
1646 4118 1827 4154 κατοι-

255 4192 484 4256 κοῦντος
509 4190 964 4254 καλλωπισθεῖσα,
1007 4191 1357 4263 Ἰερουσαλὴμ
1394 4193 1711 4262 ἐπουράνιος
1743 4194 1827 4260 γί-

255 4303 431 4347 νεται,
460 4284 521 4337 τὸ
545 4284 758 4352 ἐκείνης
787 4283 978 4347 κάλλος
1004 4284 1088 4352 ἐφ’
1117 4284 1313 4354 ἑαυτῆς
1335 4283 1827 4355 δεξαμένηοκάλλος

255 4376 319 4429 δὲ
357 4375 457 4443 τῆς
485 4374 688 4438 πόλεως
732 4373 825 4428 τοῦ
867 4374 1125 4444 βασιλέως
1159 4376 1250 4428 καὶ
1287 4377 1321 4445 ἡ
1356 4375 1643 4445 ὼραιότης,
1697 4376 1829 4429 αὐτὸ

259 4467 482 4528 πάντως
514 4464 627 4517 ἐστὶ
658 4463 749 4517 τοῦ
783 4464 1043 4535 βασιλέως
1088 4465 1148 4518 τὸ
1185 4466 1399 4529 κάλλος.
1464 4467 1695 4529 Ἐκεῖνος
1719 4468 1827 4539 γάρ

1254 410 1320 465 ΙΝ
1344 408 1637 466 CANTICA
1671 407 1943 464 CANTIC.
1984 408 2265 465 HOMILIA
2302 410 2416 464 XV.

1223 525 1345 579 ’Ότι
1372 525 1470 596 μὲν
1493 520 1586 578 οὖν
1618 527 1652 596 ἡ
1678 522 1803 589 δόξα

1918 521 2221 589 Ierusalem,
2244 532 2424 590 stupor
2447 530 2696 592 tanquam
2717 525 2986 580 instructor
3021 527 3179 581 acies.
3208 526 3446 584 Gloriam

3313 419 3448 474 1098

1903 615 1971 669 ab
2010 616 2249 668 exercitu
2295 615 2503 669 cmlesti
2547 613 2655 669 Deo
2700 615 2755 669 in
2801 618 3081 674 altissimis
3132 622 3293 674 trihni
3351 637 3451 693 pro

1901 705 2174 759 declarata
2214 706 2268 758 in
2315 704 2561 760 homines
2590 706 2980 773 benevolentia,
3026 710 3186 780 idque
3216 715 3451 781 pastori-

1903 797 2005 851 bus
2053 796 2421 858 audientibus,
2458 812 2568 865 quo
2599 806 2838 865 tempore
2872 800 2946 852 illi
2979 809 3160 854 natam
3211 802 3265 855 in
3308 809 3451 857 terra

1904 903 2089 959 pacem
2133 887 2379 942 viderant
2400 888 2486 953 ης
2518 888 2753 957 itemque
2781 890 2959 958 magni
2993 893 3138 962 regis
3178 894 3449 948 civitatem

1903 976 2160 1051 appellari
2206 979 2596 1050 Jerosolymam
2641 996 2669 1033 a
2714 990 2975 1037 creatura:
3006 987 3173 1040 totius
3204 985 3451 1053 Domino,

1902 1074 2106 1129 nemini
2150 1089 2275 1130 esse
2307 1074 2599 1128 obscurum
2642 1080 2854 1142 potest,
2892 1076 2985 1145 qui
3028 1081 3351 1149 evangelicis
3397 1081 3453 1136 in

1903 1165 2059 1220 libris
2090 1174 2339 1223 versatus
2368 1176 2473 1223 est.
2516 1168 2774 1238 Adeoque
2803 1169 2930 1224 sciri
2960 1169 3026 1224 de
3055 1170 3157 1225 hoc
3198 1172 3317 1239 ipso
3354 1187 3454 1242 po-

1902 1266 2031 1321 test,
2078 1267 2336 1330 quantam
2368 1276 2582 1331 sponsa:
2609 1261 3067 1330 pulchritudinem
3101 1261 3332 1317 Verbum
3361 1264 3457 1318 tri-

1904 1352 2053 1417 buat,
2088 1367 2210 1405 cum
2254 1353 2400 1406 illam
2425 1364 2479 1408 et
2519 1369 2641 1407 cum
2665 1352 3017 1425 Jerosolyma,
3052 1362 3104 1409 et
3136 1368 3257 1408 cum
3291 1356 3456 1410 bene-

1904 1444 2141 1497 volentia
2173 1451 2478 1514 comparat-
2506 1442 2653 1500 Satis
2679 1445 2823 1499 enim
2851 1447 3193 1515 perspicuum
3220 1452 3326 1508 est,
3354 1446 3457 1500 hoc

1904 1536 2042 1589 velle
2074 1532 2309 1590 Verbum
2346 1534 2546 1601 dicere,
2590 1551 2761 1605 usque
2804 1539 2939 1592 adeo
2981 1537 3215 1591 animam
3238 1537 3292 1591 in
3326 1537 3456 1592 sub-

1906 1627 2031 1682 lime
2078 1637 2319 1683 evectam
2375 1644 2497 1684 esse
2574 1629 2831 1699 praeclaro
2913 1630 3310 1685 conscendendi
3366 1646 3458 1686 co-

1906 1727 2059 1784 natu,
2094 1729 2152 1774 ut
2194 1719 2306 1789 jam
2354 1720 2421 1774 ad
2474 1721 2591 1790 ipsa
2644 1720 2860 1775 Domini
2901 1722 3162 1776 miracula
3201 1721 3456 1776 enitatur.

1906 1809 2041 1865 Nam
2075 1812 2120 1866 si
2148 1811 2288 1868 Deus
2321 1814 2411 1869 ille
2442 1814 2497 1867 in
2526 1814 2828 1877 altissimis,
2861 1813 2952 1883 qui
2993 1821 3075 1869 est
3108 1813 3163 1866 in
3208 1814 3331 1868 sinu
3360 1812 3459 1867 Pa-

1908 1904 2031 1967 tris,
2074 1904 2417 1959 declarandae
2466 1906 2521 1959 in
2578 1906 2822 1959 homines
2868 1905 3252 1960 benevolentiae
3298 1919 3460 1959 causa

1909 1996 2161 2066 sanguini
2195 2003 2250 2050 et
2297 1996 2451 2051 carni
2495 1996 2779 2058 miscetur,
2824 2003 2884 2050 ut
2915 1995 2968 2050 in
3003 2003 3145 2051 terra
3186 2012 3289 2066 pax
3319 1996 3463 2050 oria-

1910 2096 1998 2143 tur
2029 2108 2042 2143 :
2072 2089 2290 2158 planum
2348 2096 2430 2144 est
2482 2089 2649 2155 illam,
2685 2104 2804 2158 qum
2857 2088 2926 2142 ad
2966 2087 3109 2143 hanc
3147 2087 3465 2143 benevolen-

1910 2181 2039 2236 tiam
2072 2180 2432 2237 conformavit
2475 2196 2629 2237 suam
2660 2181 3139 2250 pulchritudinem,
3192 2181 3465 2252 praeclaris

1912 2274 2167 2342 operibus
2211 2274 2326 2328 suis
2357 2272 2636 2327 Christum
2687 2273 2887 2326 imitari
2914 2291 2927 2327 :
2954 2272 3151 2343 quippe
3188 2288 3305 2341 quae
3344 2273 3466 2328 aliis

1917 2364 2019 2417 hoc
2058 2363 2147 2429 sit,
2184 2363 2326 2433 quod
2355 2363 2606 2417 Christus
2624 2363 3067 2432 humanogeneri
3102 2362 3203 2416 fuit
3232 2380 3246 2417 :
3276 2378 3468 2432 quem-

1913 2455 2204 2510 admodum
2245 2462 2299 2509 et
2331 2455 2530 2510 Paulus
2569 2454 2810 2507 imitator
2857 2454 2946 2509 ille
2975 2453 3177 2511 Christi
3216 2452 3466 2515 faciebat.

1914 2550 2154 2617 seipsum
2198 2562 2227 2600 a
2258 2548 2368 2600 vita
2400 2548 2546 2602 velut
2573 2546 2962 2609 exterminans,
2997 2553 3059 2600 ut
3086 2560 3210 2601 cum
3248 2545 3470 2601 calami-

1915 2647 2025 2694 tate
2073 2653 2171 2693 sua
2220 2641 2446 2694 salutem
2491 2636 2708 2693 lsraelis
2759 2645 3136 2692 commutaret.
3186 2636 3277 2691 Sic
3323 2637 3469 2691 enim

1914 2733 1989 2785 ait
2015 2747 2028 2783 :
2063 2731 2301 2800 Optarim
2341 2732 2618 2785 anathema
2642 2748 2751 2785 esse
2780 2748 2812 2783 a
2837 2729 3067 2793 Christo,
3100 2745 3194 2797 pro
3217 2729 3471 2798 fratribus

1916 2826 2067 2889 meis,
2103 2825 2337 2894 cognatis
2364 2825 2491 2877 meis
2526 2824 2808 2878 secundum
2848 2839 3056 2876 carnem
3077 2822 3144 2875 ⁷⁸.
3191 2821 3374 2891 anue
3406 2819 3473 2875 de

1916 2930 2079 2971 causa
2104 2916 2211 2971 dici
2245 2915 2313 2969 ad
2338 2930 2461 2970 eum
2492 2930 2601 2969 non
2645 2917 2827 2984 inepte
2858 2922 3065 2984 posset,
3095 2914 3240 2982 quod
3279 2914 3369 2967 hic
3405 2913 3473 2967 ad

1917 3022 2182 3077 sponsum
2238 3006 2438 3061 dicitur
2473 3028 2486 3062 :
2519 3006 2667 3061 Talis
2718 3014 2802 3061 est
2865 3005 3033 3059 animi
3091 3003 3470 3073 pulchritudo,

1917 3100 2096 3168 qualis
2146 3097 2247 3153 fuit
2298 3097 2513 3152 Domini
2580 3111 2707 3168 erga
2777 3112 2876 3151 nos
2930 3094 3346 3151 benevolentia:
3378 3093 3471 3161 qui

1918 3193 2157 3263 seipsum
2198 3191 2495 3246 exinanivit
2532 3198 2748 3258 sumpta
2780 3188 2921 3243 servi
2968 3187 3139 3241 forma
3167 3187 3234 3251 ";
3281 3196 3334 3240 et
3382 3201 3471 3240 se-

1917 3284 2095 3353 ipsum
2139 3282 2287 3338 dedit
2328 3281 2560 3352 pretium
2595 3295 2695 3351 pro
2744 3278 2930 3334 mundi
2971 3279 3102 3340 vita,
3141 3284 3194 3333 et
3255 3284 3476 3347 propter

1918 3389 2019 3430 nos
2062 3374 2221 3444 inops
2262 3373 2439 3428 iactus
2468 3380 2575 3437 est,
2624 3386 2748 3426 cum
2785 3370 2936 3425 dives
2969 3376 3131 3433 esset,
3180 3376 3240 3422 ut
3282 3356 3393 3423 nos
3418 3368 3476 3422 in

1921 3468 2094 3537 ipsius
2135 3472 2308 3520 morte
2336 3466 2662 3525 viveremus,
2709 3472 2762 3517 et
2810 3462 2865 3515 in
2900 3461 3074 3531 ipsius
3113 3461 3298 3531 inopia
3337 3460 3479 3514 divi-

1919 3562 2025 3614 tias
2067 3572 2544 3627 consequeremur,
2590 3562 2645 3610 et
2687 3554 2743 3608 in
2777 3552 2950 3609 forma
2985 3553 3267 3608 servitutis
3302 3552 3476 3622 ipsius

1920 3664 2273 3721 regnaremus
2295 3650 2363 3702 ⁷⁸.
2398 3647 2599 3703 Eadem
2640 3660 2854 3714 sponsas
2886 3644 3141 3714 majestas
3186 3646 3347 3698 etiam
3384 3658 3482 3714 per

1922 3742 2243 3812 elegantiam
2266 3738 2618 3809 Jerosolyma:
2642 3734 2981 3807 signiﬁcatur
3010 3752 3023 3788 :
3053 3750 3301 3804 supernas
3325 3734 3480 3789 vide~

1924 3836 2050 3889 licet
2086 3833 2234 3887 illius
2274 3829 2645 3900 Jerosolymze,
2680 3827 2882 3888 liberte,
2921 3825 3215 3880 liberorum
3264 3825 3479 3887 matris,

1924 3940 2086 3996 quam
2117 3924 2297 3994 magni
2332 3921 2474 3991 regis
2502 3919 2778 3973 civitatem
2808 3932 2931 3980 esse
2977 3916 3045 3971 de
3075 3916 3287 3971 Domini
3336 3916 3483 3970 dicto

1926 4015 2299 4073 intelleximus
2321 4014 2388 4066 ".
2425 4011 2633 4065 Etenim
2665 4024 2786 4078 qua:
2816 4008 3226 4075 comprehendit
3249 4006 3389 4059 intra
3421 4021 3482 4060 se

1925 4123 2035 4163 non
2071 4102 2639 4174 comprehensibilem,
2668 4100 2740 4154 ita
2775 4109 2830 4154 ut
2856 4098 3061 4153 habitet
3082 4107 3134 4153 et
3158 4097 3398 4150 ambulet
3424 4096 3482 4150 ir.

1927 4217 1991 4256 ea
2033 4199 2195 4259 Deus.
2227 4197 2341 4251 hazc
2371 4210 2466 4264 per
2501 4192 2796 4247 habitantis
2843 4191 2899 4245 in
2932 4206 2994 4245 ea
3028 4187 3483 4258 pulchritudinem

1928 4299 2142 4354 ornata,
2201 4287 2444 4343 caelestis
2480 4284 2813 4355 Jerosolyma
2862 4282 2941 4336 ﬁt.
2984 4279 3337 4334 Pulchritudo
3387 4294 3487 4331 au-

1931 4394 2036 4437 tem
2062 4380 2301 4436 civitatis
2334 4379 2496 4448 regis,
2542 4385 2595 4430 et
2629 4373 2916 4444 elegantia,
2953 4372 3123 4441 ipsius
3156 4371 3296 4425 haud
3327 4370 3490 4427 dubie

1934 4476 2077 4544 regis
2110 4480 2194 4527 est
2236 4468 2601 4541 pulchritudo.
2631 4465 2764 4520 Nam
2810 4465 2857 4520 is
2899 4472 2984 4519 est
3014 4462 3490 4532 (quemadmodum

260 4560 383 4610 ἐστι
423 4557 563 4611 κατά
600 4557 690 4610 τὸν
716 4557 869 4625 λόγον
897 4558 997 4627 τῆς
1026 4558 1339 4629 ψαλμῳδίας
1368 4561 1399 4628 ἡ
1430 4558 1696 4629 ὡραιότης
1734 4562 1818 4614 καὶ

1935 4567 1987 4620 in
2023 4565 2360 4626 Psalmorum
2393 4562 2531 4615 libro
2572 4557 2793 4625 dicitur)
2819 4557 2936 4626 ipsa
2979 4553 3241 4623 elegantia
3277 4561 3331 4607 et
3371 4554 3491 4623 pul-

259 4650 328 4702 τὸ
356 4649 568 4713 κάλλος,
604 4651 740 4719 πρὸς
777 4650 835 4701 ὃν
866 4653 898 4720 ὴ
935 4650 1235 4719 προφητεία
1276 4650 1446 4719 φησί’
1512 4649 1590 4718 Τῇ
1627 4651 1828 4719 ὡραιό-

263 4740 401 4804 τητί
434 4755 549 4792 σου
589 4740 686 4792 καί
732 4739 811 4804 τῷ
843 4739 1050 4793 κάλλει
1089 4755 1238 4805 σου,
1288 4740 1386 4793 καὶ
1434 4740 1689 4795 εὔθυνον
1733 4743 1831 4797 καί

264 4830 595 4885 κατευσδοῦ
623 4872 637 4895 ,
703 4831 798 4885 καὶ
853 4832 1184 4898 βασίλευε,
1251 4833 1457 4888 ἕνεκεν
1508 4836 1790 4903 ἀληθείας
1815 4876 1830 4899 ,

264 4924 369 4981 καὶ
409 4925 758 4991 πραότητος,
790 4922 887 4976 καὶ
932 4922 1335 4992 δικαιοσύνης.
1389 4925 1606 4989 Τούτοις
1639 4926 1747 4998 γὰρ
1774 4928 1835 4980 τὸ
1879 4957 1902 4984 ο

259 5017 419 5072 Θεῐον
461 5016 953 5086 χαρακτηρίζεται,
985 5019 1050 5086 τῇ
1075 5016 1300 5087 ἀληθείᾳ
1344 5017 1485 5087 λέγω
1516 5021 1609 5072 καὶ
1648 5023 1711 5091 τῇ
1754 5022 1832 5073 διο

267 5103 551 5175 καιοσύνῃ,
588 5105 681 5157 καὶ
708 5106 773 5174 τῇ
802 5106 1083 5175 πραότητι.
1132 5106 1195 5159 Ἡ
1224 5106 1398 5159 τοίνυν
1434 5109 1493 5160 ὲν
1520 5111 1630 5171 τοῖς
1657 5111 1825 5162 τοιού-

266 5212 385 5257 τοις
431 5194 647 5247 κάλλεσι
698 5196 1041 5267 μορφωθεῖσα
1076 5197 1254 5269 ψυχὴ,
1311 5199 1486 5271 ὡραία
1528 5200 1733 5268 γίνεται
1762 5202 1836 5265 ὡς

282 5288 659 5356 Ἰερουσαλὴμ,
694 5291 759 5358 τῇ
808 5288 901 5340 τοῦ
946 5288 1206 5358 βασιλέως
1240 5290 1358 5362 ὥρᾳ.
1384 5291 1834 5347 καλλωπισθεῖσα.

286 5379 451 5430 Ἀλλὰ
477 5379 645 5431 ταῦτα
677 5380 772 5449 μὲν
796 5381 1056 5451 πρόδηλον
1089 5382 1199 5452 ἔχει
1229 5384 1320 5436 τοῦ
1351 5386 1448 5454 τῆς
1477 5385 1692 5456 νύμφης
1715 5387 1844 5440 κάλ-

272 5468 400 5529 λους
432 5470 519 5520 τὸν
551 5469 785 5532 ἔπαινον,
816 5473 882 5539 τῇ
923 5471 1056 5540 πρὸς
1091 5471 1188 5541 την
1218 5471 1462 5526 εὐδοκίαν
1507 5492 1565 5527 τε
1610 5476 1703 5527 καὶ
1741 5476 1842 5544 τὴν

289 5561 357 5611 Ἱε
365 5560 598 5631 ρουσαλὴ
607 5578 644 5630 μ
678 5561 961 5630 συγκρίσει
993 5563 1383 5633 πληρούμενον.

356 5741 403 5769 ’⁷³
440 5737 570 5791 Luc.
603 5756 664 5801 ll,
717 5738 804 5792 14.
882 5738 926 5767 ’⁸
955 5740 1111 5793 Rom.
1143 5756 1219 5801 Ix,
1253 5740 1305 5794 5.

284 5825 432 5875 xmv,
478 5809 527 5862 5.

604 5923 876 5983 ΡΑτιιοι.
913 5922 1030 5983 Cn.
1062 5918 1274 5982 XLIV.

1407 5739 1455 5772 "
1486 5738 1715 5810 Philipp.
1757 5756 1813 5806 ιι,
1846 5740 1896 5795 7.

1935 4654 2211 4715 chritudo,
2258 4667 2418 4722 quem
2457 4659 2511 4706 et
2542 4648 2811 4719 Propheta
2859 4648 2959 4699 hoc
3002 4644 3164 4697 modo
3208 4645 3440 4713 appellat
3475 4660 3489 4697 :

1937 4744 2216 4814 Elegantia
2256 4754 2345 4796 tua
2392 4752 2442 4796 et
2489 4736 2875 4810 pulchritudine
2914 4744 3006 4787 tua
3057 4734 3245 4803 dirige,
3280 4748 3495 4801 prospe-

1938 4853 2079 4900 rare,
2123 4852 2281 4905 regna
2312 4850 2329 4888 :
2360 4841 2569 4901 propter
2610 4830 2899 4887 veritatem,
2939 4837 2987 4880 et
3022 4824 3492 4882 mansuetudinem,

1938 4940 1987 4984 et
2017 4929 2287 4999 justitiam
2308 4926 2375 4978 ⁷⁸.
2413 4923 2476 4976 ΙΙὶ
2507 4922 2651 4975 enim
2697 4917 3121 4989 pulchritudinis
3144 4916 3340 4969 divinae
3370 4922 3498 4968 sunt

1938 5024 2317 5076 characteres:
2366 5016 2587 5075 veritas.
2628 5013 2872 5081 inquam,
2921 5018 2975 5063 et
3000 5007 3233 5074 justitia,
3265 5014 3318 5061 et
3352 5020 3499 5059 man-

1940 5111 2193 5167 suetudo.
2248 5106 2611 5173 Quamobrem
2665 5101 2845 5158 anima
2893 5099 3092 5153 talibus
3139 5104 3329 5150 ornata
3380 5094 3500 5163 pul-

1943 5200 2362 5258 chritudinibus,
2391 5197 2449 5249 ﬁt
2478 5195 2715 5247 formosa
2766 5200 3022 5258 tanquam
3046 5185 3372 5243 Jerusalem,
3406 5196 3500 5235 ve-

1946 5297 2163 5346 nustate
2208 5289 2350 5358 regis
2397 5286 2776 5341 cohonestata.
2828 5281 3116 5334 Enimvero
3152 5277 3499 5331 manitestum

1950 5386 2053 5439 hoc
2082 5396 2293 5451 sponsa:
2336 5375 2757 5449 pulchritudinis
2794 5371 3100 5427 encomlum
3138 5376 3241 5432 est,
3273 5364 3503 5437 ampliﬁ-

1946 5484 2129 5531 catum
2160 5489 2254 5545 per
2296 5470 2758 5541 comparationem
2808 5480 2931 5519 cum
2972 5464 3089 5533 ipsa
3135 5458 3503 5516 benevolentia

1947 5577 2001 5622 et
2026 5565 2380 5634 Jerosolyma.

3288 5724 3332 5757 *⁸
3364 5723 3505 5779 l‘sal.

2000 5742 2044 5772 ⁷⁸
2070 5740 2111 5795 ll
2141 5740 2267 5795 Cor.
2292 5755 2407 5803 Vill,
2434 5737 2467 5792 9
2499 5752 2621 5808 sqq.
2722 5734 2765 5766 ⁷⁷
2796 5731 2982 5786 Mattn.
3016 5746 3067 5794 v,
3106 5729 3193 5783 55.

3054 5866 3233 5974 ’35
