4004 6538
492 434 628 492 1099

1720 429 1779 486 S.
1836 428 2164 486 GRECORII
2196 429 2487 486 NYSSENI

3561 433 3696 489 “00

557 546 689 614 Quae
706 552 885 601 autem
916 550 1238 615 sequuntur,
1264 550 1318 599 et
1347 542 1465 616 ipsa
1490 558 1705 615 sponsae
1729 545 2037 598 encomium
2070 602 2071 605 η

2211 544 2313 598 Τὸν
2340 544 2395 597 δὲ
2430 543 2623 614 ἐφεξῆς
2656 513 2811 612 λόγον
2841 542 3112 613 ἐγκώμιον
3147 544 3245 614 μὲν
3274 535 3413 596 εἶναι
3435 543 3533 613 τῆς
3561 544 3698 614 νύμ-

488 652 630 701 esse,
678 651 783 691 non
820 650 920 691 nos
958 633 1173 705 quidem
1212 633 1526 690 dubitamus
1555 654 1567 689 :
1593 650 1781 691 verum
1822 646 2040 691 senten-

487 731 620 784 tiam
652 729 962 791 verborum,
1005 741 1099 796 per
1129 740 1293 796 quam
1326 726 1638 796 hujusmodi
1682 726 1841 783 laude
1877 726 2043 782 coho-

487 829 734 879 nestatur
759 833 846 881 ea,
878 834 999 887 qua:
1025 816 1189 888 digna
1224 826 1481 872 censetur
1508 818 1610 873 bac
1635 818 2040 888 praedicatione,

489 910 638 966 facili
665 918 720 965 et
752 909 1005 980 expedito
1032 918 1230 965 conatu
1256 910 1564 979 perspicere
1592 923 1702 964 non
1730 924 2038 979 possumus.

488 1000 665 1057 Verba
722 1001 940 1072 quidem
990 1000 1301 1070 huiusmodi
1358 1007 1508 1055 sunt.
1561 1000 1761 1069 Stupor
1798 984 2061 1070 tanquam.

487 1093 760 1147 instrucla:
810 1090 973 1146 acies.
1006 1088 1264 1145 Fortasse
1295 1104 1424 1145 vero
1452 1090 1575 1159 quis
1614 1090 1875 1145 hactenus
1915 1105 2045 1145 con-

490 1182 743 1240 sideratis
788 1181 1062 1237 inhaerens
1101 1182 1329 1245 dixerit,
1380 1196 1475 1252 per
1520 1181 1659 1235 hanc
1702 1196 1826 1236 cum
1876 1183 2045 1237 ultra-

489 1272 764 1328 mundana
804 1278 1001 1325 natura
1047 1270 1530 1340 comparationem,
1561 1270 1879 1339 ampliﬁcari
1909 1284 2046 1341 prm-

489 1361 723 1418 dicando
773 1359 1112 1430 maiestatem
1163 1373 1397 1430 sponsae.
1450 1356 1585 1414 Nam
1632 1360 1712 1414 hae
1764 1368 1891 1415 sunt
1942 1361 2047 1416 illae

489 1453 772 1508 instructae
803 1451 990 1521 copiae,
1024 1450 1223 1521 quippe
1256 1450 1347 1505 ubi
1373 1449 1674 1507 Potestates
1707 1467 1919 1523 semper
1947 1452 2046 1511 do—

488 1544 770 1598 minantur
803 1549 1101 1612 :perpetuo
1146 1540 1552 1601 Dominationes
1602 1559 1782 1600 rerum
1835 1547 2049 1617 potiun-

490 1641 612 1702 tur;
638 1634 808 1689 solide
836 1633 1044 1690 fundati
1072 1643 1199 1688 sunt
1218 1632 1452 1701 Throui;
1482 1634 1823 1706 Principatus
1845 1638 2047 1692 nullam

492 1727 549 1780 in
583 1726 901 1782 servitutem
951 1725 1315 1796 rediguntur:
1353 1728 1473 1782 sine
1506 1727 1911 1785 intermissione
1940 1728 2049 1785 Deo

2140 654 2245 708 φης
2275 638 2375 690 οὐκ
2419 636 2852 707 ἀμφιϐάλλομεν·
2894 636 2993 709 τὴν
3033 636 3090 690 δέ
3126 636 3359 691 διάνοιαν
3382 634 3506 690 καθ’
3534 637 3601 707 ἠν
3624 638 3700 705 τῷ

2139 728 2362 799 τοιούτῳ
2394 729 2598 800 ἐπαίνῳ
2622 728 2959 799 σεμνύνεται,
2993 730 3027 799 ἠ
3055 728 3152 799 τῆς
3194 728 3465 800 εὐφημίας
3501 729 3701 798 ταύτης

2142 823 2452 889 ἀξιωθεῖσα,
2478 823 2577 874 οὐκ
2605 819 2750 874 ἔστιν
2775 820 2839 873 ἐκ
2867 820 2959 874 τοῦ
2994 820 3283 891 προχείρου
3317 819 3527 889 μαθεῖν.
3553 819 3705 889 Ἔχει

2143 914 2303 986 γὰρὴ
2332 912 2473 979 λέξις
2499 912 2699 975 οὕτως·
2740 910 2969 980 Θάμϐος
2997 912 3077 977 ὠς
3109 909 3388 979 δυνάμεις
3430 910 3706 980 τεταγμέ-

2142 1025 2259 1061 ναι.
2288 1006 2439 1077 Τάχα
2464 1005 2507 1058 δ’
2529 1006 2594 1059 ἄν
2621 1021 2704 1067 τις
2731 1002 3325 1074 τοῖςπροθεωρηθεῖσιν
3349 1002 3613 1072 ἑπόμενος
3636 1002 3704 1054 εί·

2144 1115 2255 1163 ποι,
2285 1097 2370 1151 διὰ
2389 1097 2487 1167 τῆς
2512 1097 2645 1168 πρὸς
2681 1094 2775 1164 τὴν
2800 1094 3164 1165 ὐπερκόσμιον
3191 1093 3348 1163 φύσιν
3374 1091 3707 1163 συγκρίσεως

2148 1187 2533 1258 μεγαλύνεσθαι
2565 1185 2668 1241 ὑπὸ
2713 1183 2807 1237 τοῦ
2847 1184 3006 1252 λόγου
3056 1184 3144 1239 διὰ
3184 1184 3293 1237 τῶν
3337 1183 3571 1237 ἐπαίνων
3611 1183 3710 1253 τὴν

2146 1279 2379 1351 νύμφην.
2420 1282 2651 1333 Ἐκείναι
2681 1277 2789 1347 γάρ
2821 1280 2956 1331 είσιν
2978 1278 3045 1331 ,αἱ
3075 1276 3398 1348 τεταγμέναι
3429 1275 3709 1345 δυνάμεις,

2146 1372 2278 1426 ὅπου
2313 1372 2368 1450 αἱ
2400 1371 2497 1442 μὲν
2519 1372 2786 1437 Ἐξουσίαι
2814 1369 3099 1433 διαπαντὸς
3122 1369 3179 1423 ἐν
3197 1368 3273 1437 τῷ
3292 1366 3563 1438 κυριεύειν
3581 1367 3707 1419 είσί’

2146 1461 2404 1532 κρατοῦσι
2436 1462 2491 1517 δὲ
2520 1462 2584 1515 δι’
2613 1462 2733 1516 ὅλου
2772 1463 2827 1515 αἱ
2858 1461 3208 1532 Κυριότητες·
3246 1458 3504 1530 βεὸήκασι
3530 1458 3588 1511 δὲ
3611 1474 3713 1510 πα-

2147 1551 2279 1619 γίως
2301 1554 2349 1605 oi
2374 1552 2580 1623 Θρόνοι,
2597 1552 2880 1606 ἀδούλωτοι
2904 1552 2962 1605 δὲ
2992 1550 3238 1622 μένουσιν
3261 1550 3317 1603 αἱ
3335 1548 3543 1621 Ἀρχαί·
3567 1548 3715 1601 εὐλο-

2148 1641 2301 1709 γοῦσι
2329 1640 2385 1693 δὲ
2416 1642 2505 1694 τὸν
2527 1641 2658 1696 Θεὸν
2681 1641 3035 1704 ἀδιαλείπτως
3062 1641 3116 1693 αί
3145 1640 3418 1710 δυνάμεις,
3440 1640 3474 1709 ἦ
3490 1657 3551 1692 τε
3576 1638 3715 1707 πτῆ-

2152 1749 2234 1795 σις
2260 1732 2366 1785 τῶν
2397 1732 2644 1803 Σεραφὶμ
2672 1732 2770 1803 οὐχ
2803 1732 3035 1797 ἵσταται,
3054 1731 3149 1784 καὶ
3179 1732 3212 1801 ἡ
3248 1731 3432 1792 στάσις
3455 1730 3518 1782 οὐ
3552 1746 3716 1799 μετα-

491 1819 663 1888 copize
690 1816 884 1873 faustis
918 1818 1145 1872 vocibus
1178 1818 1500 1882 acclamant,
1529 1819 1739 1875 volatus
1766 1819 2045 1889 Seraphim

2174 1823 2324 1877 Ξαίνει
2348 1841 2365 1857 ·
2397 1824 2491 1877 καὶ
2514 1824 2585 1878 τά
2611 1823 2889 1894 Χερουϐὶμ
2919 1823 3180 1893 ἀνέχοντα
3204 1822 3293 1874 τὸν
3317 1820 3517 1891 ὑψηλόν
3544 1839 3599 1874 τε
3624 1821 3717 1874 καὶ

493 1924 601 1964 non
637 1908 888 1978 quiescit,
918 1917 972 1963 et
1002 1910 1164 1964 statio
1204 1924 1312 1964 non
1340 1910 1717 1982 progreditur;
1760 1911 2051 1967 Cherubim

2174 1916 2459 1986 ,πηρμένον
2508 1915 2693 1987 θρόνον
2733 1917 2830 1969 οὐκ
2875 1913 3173 1986 ἀπολήγει·
3212 1914 3267 1967 οἵ
3309 1930 3370 1965 τε
3418 1914 3717 1983 λειτουργοὶ

493 2003 765 2057 sustinere
812 2000 1100 2055 sublimem
1154 2001 1306 2057 illum
1370 2004 1745 2074 elevatumque
1802 2003 2052 2057 thronum

498 2108 603 2148 oon
646 2100 886 2159 cessant,
932 2092 1168 2148 ministri
1222 2108 1362 2164 opus
1407 2093 1607 2159 facere,
1656 2103 1710 2150 et
1748 2109 2053 2151 sermonem

500 2184 685 2240 audire
710 2199 821 2239 non
864 2181 1122 2237 desinunt
1144 2183 1213 2235 7°.
1251 2180 1344 2237 Hae
1372 2183 1536 2255 igitur
1565 2191 1862 2254 potestates
1887 2199 1914 2237 a
1949 2183 2058 2238 Deo

501 2294 626 2333 cum
653 2277 919 2332 ordinata
943 2276 1073 2340 sint,
1111 2291 1344 2345 cumque
1368 2277 1504 2332 ordo
1534 2276 1627 2333 ille
1655 2276 1934 2348 c0piarum
1975 2277 2063 2330 ιιι-ἒ

502 2367 1005 2434 .ramundanarum,
1037 2383 1284 2439 quasque
1323 2377 1505 2425 mente
1548 2377 1756 2424 tantum
1804 2369 2060 2439 intelligi-

503 2473 641 2523 mus,
673 2465 936 2512 aeternum
971 2472 1079 2512 non
1111 2456 1376 2513 confusus
1409 2466 1647 2523 maneat,
1679 2459 1826 2513 nulla
1855 2458 2059 2512 malitia

504 2552 765 2607 rationem
810 2551 961 2606 illam
1001 2550 1207 2621 optime
1237 2551 1592 2605 constitutam
1634 2559 1943 2617 evertente;
1979 2550 2065 2605 id-

505 2641 649 2697 eirco
694 2641 855 2696 etiam
910 2640 1113 2704 anima,
1149 2655 1270 2711 quae
1317 2640 1386 2695 ad
1441 2640 1656 2694 illarum
1705 2640 2063 2695 imitationem

506 2735 695 2792 ordine
737 2733 1098 2804 decenterque
1128 2732 1258 2787 facit
1298 2732 1503 2799 omnia,
1555 2733 1717 2787 talem
1770 2732 1854 2786 sui
1895 2733 2067 2788 admi-

507 2827 769 2881 rationem
799 2825 1021 2889 excitat,
1054 2824 1268 2895 qualem
1299 2824 1566 2879 ordinatae
1603 2824 1709 2879 illae
1747 2824 1917 2893 copia:
1957 2840 2069 2879 me-

509 2925 718 2974 rentur.
751 2916 886 2973 Nam
918 2934 1022 2972 vox
1052 2915 1296 2987 stuporis
1325 2916 1783 2989 signiﬁcationem
1821 2925 2064 2973 conster-

510 3010 745 3066 nationis
770 3008 953 3065 habet.
986 3008 1089 3064 Per
1115 3010 1613 3065 consternationem
1644 3025 1774 3065 vero
1811 3010 1858 3065 si
1897 3008 2070 3063 admi-

511 3103 773 3159 rationem
801 3101 1193 3173 intelligamus,
1222 3116 1251 3155 a
1281 3102 1512 3158 veritate
1535 3118 1642 3156 non
1673 3101 2071 3157 aberrabimus.

542 3248 545 3251 .
580 3195 845 3251 Caeterum
876 3208 998 3263 quae
1027 3192 1096 3247 ab
1128 3192 1214 3248 his
1242 3193 1492 3263 proxima
1538 3202 1847 3264 sequuntur
1876 3196 2066 3257 verba.
2101 3233 2144 3292 α

512 3285 927 3356 ambiguitatem
957 3285 1248 3353 quamdam
1279 3284 1585 3350 continent,
1619 3301 1856 3355 quanam
1891 3300 1919 3339 a
1947 3302 2072 3355 per-

514 3358 676 3442 sona:
709 3384 764 3431 et
785 3374 853 3428 ad
884 3388 1046 3444 quam
1070 3376 1279 3443 prolata
1313 3374 1440 3439 sint,
1471 3389 1594 3430 cum
1622 3374 1823 3429 dicitur
1850 3392 1864 3429 :
1893 3374 2076 3431 Averte

514 3468 692 3523 oculos
730 3477 845 3519 tuos
879 3482 911 3518 a
935 3482 1040 3519 me.
1067 3463 1217 3518 Nam
1256 3465 1341 3518 illi
1378 3466 1492 3519 alas
1536 3464 1664 3518 mihi
1714 3464 2075 3520 reddiderunt.

514 3557 804 3613 Nonnullis
863 3554 1118 3621 videtur,
1172 3556 1287 3610 hac
1346 3570 1377 3609 a
1436 3555 1664 3611 Domino
1717 3556 1785 3611 ad
1839 3557 2077 3611 animant

516 3662 711 3720 puram
741 3648 848 3702 dici
875 3665 889 3700 :
922 3662 1109 3703 verum
1141 3662 1241 3717 ego
1268 3649 1438 3717 magis
1489 3648 1783 3702 convenire
1817 3649 2077 3713 arbitror,

521 3752 580 3796 ut
614 3741 729 3795 haec
759 3739 827 3794 ad
858 3753 1111 3809 sponsam
1151 3736 1477 3793 referantur.
1525 3738 1737 3793 Etenim
1783 3738 1913 3794 huic
1942 3753 2079 3794 con-

519 3847 717 3903 gruere
766 3831 1091 3887 sententiam
1116 3845 1324 3892 eorum,
1367 3845 1486 3900 quae
1514 3830 1793 3896 dicuntur,
1844 3832 2077 3901 reperio.

519 3921 651 3988 Quae
705 3927 886 3975 autem
938 3919 1072 3973 mihi
1119 3927 1449 3985 occurrunt,
1505 3935 1773 3991 exponam
1824 3921 2078 3977 breviter.

521 4014 905 4081 Saepenumero
960 4011 1300 4081 Scripturam
1348 4027 1379 4066 a
1444 4011 1554 4068 Deo
1605 4013 1924 4083 inspiratam
1987 4013 2081 4070 Dei

521 4105 731 4157 alarum
785 4102 1113 4158 mentionem
1153 4102 1332 4159 facere
1380 4104 1563 4159 audio.
1614 4104 1773 4159 Modo
1820 4107 1963 4160 enim
2008 4109 2084 4160 ait

521 4196 794 4267 Propheta
832 4215 845 4250 :
878 4194 984 4250 Sub
1017 4197 1235 4267 tegmine
1273 4197 1482 4251 alarum
1518 4208 1726 4251 tuarum
1755 4214 1834 4252 me
1856 4208 1987 4268 teges
2013 4199 2080 4255 3°.

529 4287 663 4340 Item
703 4299 717 4336 :
760 4282 867 4337 Sub
923 4283 1038 4337 alas
1094 4284 1208 4352 ejus
1260 4286 1492 4355 sperabis
1513 4286 1579 4338 δ’.
1614 4285 1848 4341 Rursum
1910 4286 2083 4342 Moses

526 4376 726 4446 insigni
778 4375 872 4429 illo
929 4375 984 4429 in
1043 4376 1285 4431 carmine
1341 4378 1481 4432 idem
1541 4376 1626 4432 his
1679 4378 1859 4433 verbis
1924 4378 2084 4447 quasi

526 4467 769 4537 depingit
793 4484 806 4520 :
841 4464 1078 4520 Diductis
1109 4467 1208 4522 alis
1229 4470 1340 4523 suis
1372 4470 1559 4537 recepit
1587 4484 1673 4523 eos
1694 4471 1761 4524 θ’.
1789 4468 1899 4525 Νεο
1949 4471 2081 4525 illud

2156 2007 2432 2072 ποιοῦντες
2466 2009 2526 2061 τὸ
2567 2008 2724 2078 ἔργον
2746 2047 2760 2071 ,
2812 2007 2906 2061 καὶ
2953 2007 3238 2070 ἀκούοντες
3282 2004 3391 2058 τῶν
3436 2005 3609 2073 λόγων
3655 2005 3717 2057 οὐ

2158 2099 2444 2155 παύονται.
2514 2100 2667 2153 Ἐπεὶ
2715 2098 2807 2154 οὖν
2858 2099 2912 2151 al
2974 2097 3206 2163 ἐξουσίαι
3264 2091 3420 2151 αὗται
3472 2095 3577 2148 ὑπὸ
3627 2092 3719 2147 τοῦ

2162 2190 2298 2244 Θεοῦ
2320 2190 2643 2262 τεταγμέναι
2673 2190 2799 2256 εἰσὶ,
2848 2191 2941 2246 καὶ
2986 2192 3020 2260 ἡ
3061 2189 3211 2254 τάξις
3253 2188 3358 2242 τῶν
3383 2187 3588 2258 νοητῶν
3627 2187 3719 2239 καὶ

2159 2284 2542 2355 ὑπερκοσμίων
2570 2284 2866 2356 δυνάμεων,
2910 2282 3213 2353 ἀσύγχυτος
3256 2282 3335 2344 εἰς
3379 2280 3441 2333 τὸ
3478 2277 3723 2349 διηνεκὲς

2163 2375 2333 2445 μένει,
2360 2376 2623 2447 μηδεμιᾶς
2650 2377 2844 2440 κακίας
2866 2372 3271 2446 ἀνατρεπούσης
3308 2372 3405 2441 τὴν
3435 2369 3685 2433 εὐταξίαν
3702 2382 3720 2395 ⁸

2160 2468 2247 2521 διά
2277 2468 2432 2522 τοῦτο
2479 2470 2571 2522 καὶ
2602 2470 2636 2540 ἡ
2664 2467 2799 2539 πρὸς
2851 2467 3079 2538 μίμησιν
3123 2463 3343 2517 ἐκείνων
3374 2462 3520 2532 ψυχὴ
3551 2461 3724 2514 πάντα

2164 2559 2302 2612 κατὰ
2342 2559 2494 2625 τάξιν
2528 2558 2622 2612 καὶ
2669 2557 3013 2628 εὐσχημόνως
3057 2554 3314 2617 ποιοῦσα,
3359 2552 3599 2605 τοιοῦτον
3642 2551 3726 2618 ἐφ’

2165 2651 2361 2721 ἑαυτῆς
2378 2652 2518 2703 κινεῖ
2534 2650 2593 2703 τὸ
2616 2642 2939 2719 θαῦμα,οἷον
2965 2649 3020 2699 ὲν
3043 2649 3159 2709 ταῖς
3172 2645 3460 2714 δυνάμεσιν
3487 2644 3726 2704 ἐκείναις

2166 2743 2283 2804 ταῖς
2307 2740 2661 2810 τεταγμέναις
2690 2738 2855 2791 ἐστίν.
2919 2736 3217 2805 Ἐκπληξις
3249 2734 3355 2805 γάρ
3385 2737 3427 2804 ἡ
3452 2733 3548 2786 τοῦ
3590 2733 3729 2801 θάμ-

2168 2832 2291 2895 ϐους
2330 2832 2681 2902 ἑρμηνεύεται
2719 2829 2942 2883 διάνοια.
2977 2828 3075 2881 Διά
3116 2827 3171 2879 δέ
3203 2829 3299 2897 τῆς
3334 2825 3647 2895 ἐκπλήξεως
3670 2824 3733 2875 τὸ

2171 2923 2354 2995 θαῦμα
2382 2922 2641 2988 νοοῦντες,
2685 2920 2785 2991 τῆς
2806 2918 3059 2991 ἀληθείας
3082 2916 3178 2986 οὐχ
3203 2914 3609 2987 ἁμαρτάνομεν.

2259 3197 2322 3251 Ἦ
2356 3197 2411 3251 δὲ
2434 3195 2638 3259 τούτοις
2668 3194 2731 3246 ἐκ
2761 3190 2854 3244 τοῦ
2884 3188 3171 3244 ἀκολούθου
3196 3183 3526 3257 προκειμένη
3557 3182 3734 3253 ῥῆσις,

2177 3288 2448 3361 ἀμφίϐολα
2481 3284 2711 3340 ποιεῖτά
2745 3283 3023 3355 πρόσωπα,
3053 3279 3180 3353 παρ’
3210 3269 3273 3335 οὗ
3297 3295 3355 3332 τε
3386 3276 3623 3349 εἴρηται,
3646 3274 3740 3329 καὶ

2179 3382 2314 3455 πρὸς
2350 3379 2407 3433 ὃν
2436 3376 2585 3433 εἶπεν
2607 3394 2620 3408 ·
2657 3377 2738 3431 ὅτι
2791 3376 3187 3442 Ἀπόστρεψον
3217 3370 3358 3436 τοὺς
3394 3369 3742 3437 ὀφθαλμούς

2179 3487 2293 3525 σου
2336 3468 2695 3524 ἀπεναντίον
2730 3464 2893 3535 ἐμοῦ.
2943 3464 3071 3517 Ὀτι
3112 3459 3283 3515 αὐτοὶ
3324 3455 3744 3525 ἀνεπτέρωσάν

2174 3579 2270 3632 με.
2311 3562 2434 3625 Τοῖς
2461 3560 2557 3630 μὲν
2586 3558 2693 3629 γὰρ
2721 3558 2865 3611 δοκεῖ
2893 3554 3041 3625 παρὰ
3060 3554 3153 3606 τοῦ
3177 3551 3442 3604 Δεσπότου
3478 3548 3617 3619 πρὸς
3642 3549 3743 3618 τὴν

2181 3651 2422 3723 καθαράν
2460 3650 2704 3721 εἰρῆσθαι
2743 3646 2914 3702 ταῦτα
2946 3647 3152 3717 ψυχήν·
3206 3643 3313 3713 ἐγὼ
3350 3644 3407 3697 δὲ
3447 3646 3513 3714 τῇ
3557 3642 3747 3712 νύμφῃ

2182 3745 2409 3816 πρέπειν
2473 3741 2681 3795 ὑπονοῶ
2744 3740 2943 3811 μᾶλλον
3000 3738 3059 3791 τὸ
3119 3737 3277 3808 ῥητὸν
3324 3733 3743 3807 ἐφαρμόζεσθαι.

2184 3836 2365 3906 Ταύτῃ
2394 3820 2501 3904 γὰρ
2533 3831 2863 3901 κατάλληλον
2900 3829 3136 3901 εὑρίσκω
3160 3830 3256 3897 τὴν
3283 3828 3390 3879 τῶν
3420 3824 3751 3896 σημαινομέο

2185 3945 2290 3982 νων
2324 3925 2427 3979 ὐπὸ
2454 3924 2548 3977 τοῦ
2574 3924 2730 3992 λόγου
2765 3922 3016 3975 διάνοιαν.
3060 3920 3141 3973 Τά
3172 3918 3228 3972 δέ
3279 3935 3366 3989 μοι
3397 3917 3748 3988 παραστάντα

2182 4020 2246 4073 δι’
2296 4018 2488 4085 ὀλίγων
2535 4015 2851 4085 ἐκθήσομαι.
2906 4013 3150 4064 Ἤκουσα
3192 4007 3452 4078 πολλαχοῦ
3494 4008 3588 4076 τῆς
3635 4006 3750 4057 θεο-

2183 4110 2448 4165 πνεύστου
2490 4107 2709 4179 Γραφῆς
2768 4105 3043 4175 πτέρυγας
3085 4099 3221 4154 εἶναι
3257 4099 3334 4169 τῷ
3382 4097 3500 4165 Θεῷ
3536 4099 3751 4165 διηγουο

2192 4204 2380 4277 μένης.
2458 4200 2567 4256 Νῦν
2632 4199 2729 4270 μὲν
2769 4198 2871 4268 τῆς
2917 4195 3247 4266 προφητείας
3301 4191 3603 4261 λεγούσης,
3666 4191 3748 4241 ὅτι

2195 4300 2298 4353 Ἕν
2345 4296 2540 4365 σκέπῃ
2600 4293 2720 4348 τῶν
2761 4292 3065 4361 πτερύγων
3111 4304 3227 4342 σου
3276 4284 3604 4350 σκεπάσεις
3639 4282 3747 4353 μέ·

2186 4393 2300 4455 καὶ,
2329 4391 2412 4444 ὅτι
2455 4386 2599 4442 ’Υπύ
2630 4385 2738 4453 τὰς
2773 4385 3063 4453 πτέρυγας
3083 4378 3269 4434 αὐτοῦ
3303 4376 3549 4442 ἐλπιεῖς.
3586 4375 3755 4428 Πάλιν

2186 4483 2243 4536 δὲ
2279 4481 2372 4535 τοῦ
2411 4478 2684 4541 Μωῦσέως
2715 4478 2774 4529 ἐν
2801 4478 2867 4547 τῇ
2912 4473 3117 4545 μεγάλῃ
3164 4469 3274 4541 ᾠδῇ
3306 4467 3463 4521 τοῦτο
3508 4465 3756 4535 ὑπογρά-

527 4556 674 4627 quod
702 4572 731 4609 a
766 4556 995 4612 Domino
1033 4556 1101 4611 ad
1129 4557 1523 4630 Jerosolymam
1573 4559 1820 4616 dicitur:
1870 4562 2071 4628 Quotie:

2197 4586 2405 4640 φοντος,
2439 4569 2497 4620 ἐν
2523 4562 2604 4629 οἷς
2626 4580 2806 4636 φησιν·
2837 4564 2916 4616 ὅτι
2942 4561 3090 4626 Διεὶς
3123 4559 3227 4623 τὰς
3247 4557 3540 4624 πτέρυγας
3570 4550 3761 4631 αὑτοῦ

529 4650 667 4705 uolui
712 4648 955 4719 colligere
994 4650 1185 4707 liberos
1230 4662 1367 4717 tuos,
1409 4654 1845 4724 quemadmodum
1887 4655 2071 4727 gallim

2194 4662 2437 4727 ἐδέξατο
2468 4659 2708 4723 αὐτούς’
2744 4655 2835 4709 καὶ
2873 4654 2933 4707 τὸ
2966 4652 3115 4723 παρά
3140 4648 3232 4702 τοῦ
3266 4646 3466 4717 Κυρίου
3494 4643 3633 4714 πρὸς
3666 4644 3763 4711 τὴν

529 4742 702 4812 pullos
758 4742 854 4797 sub
887 4742 1002 4797 alas
1049 4762 1173 4799 suas
1223 4746 1422 4815 colligit
1444 4746 1528 4797 "l
1562 4746 1855 4803 abhorrere
1881 4749 1951 4805 ab
1989 4750 2091 4804 hac

538 4838 813 4893 sententia
845 4835 1028 4892 dicere
1058 4837 1184 4908 quis
1215 4838 1410 4907 possit,
1440 4841 1886 4908 consequentiam
1920 4840 2091 4910 ipsam

534 4929 774 4983 intuens.
801 4927 982 4993 Quare
1015 4930 1061 4983 si
1089 4926 1369 4998 profectus
1402 4942 1432 4981 a
1458 4936 1651 4984 sancto
1680 4928 1886 5001 Spiritu
1916 4947 2093 4988 sermo

534 5018 748 5073 ratione
803 5018 1037 5087 quadam
1095 5015 1352 5071 ineffabili
1403 5017 1585 5072 divina
1651 5020 1705 5073 in
1747 5028 1941 5075 natura
1974 5037 2097 5078 esse

535 5111 650 5166 alas
676 5110 884 5175 deﬁnit,
911 5118 963 5164 et
992 5108 1037 5163 si
1070 5109 1307 5178 primum
1358 5110 1491 5164 illud
1526 5111 1762 5168 hominis
1822 5114 2096 5183 opiﬁcium

533 5210 791 5266 testatur,
814 5211 1066 5256 naturam
1100 5209 1342 5254 nostram
1388 5200 1456 5255 ad
1505 5203 1794 5273 imaginem
1837 5204 2099 5259 similitu-

536 5292 829 5362 dinemque
861 5289 957 5345 Dei
987 5287 1185 5343 factam
1215 5305 1338 5346 esse
1370 5310 1384 5345 :
1426 5294 1650 5345 ornnino
1680 5300 1845 5362 patet,
1896 5293 2100 5348 factum

539 5382 608 5437 ad
642 5383 930 5453 imaginem
958 5381 1123 5451 hujus
1145 5382 1403 5439 habuisse
1426 5400 1525 5455 per
1546 5386 1730 5439 omnia
1753 5402 1879 5439 cum
1903 5389 2099 5444 arche—

541 5484 667 5546 typo
697 5490 798 5532 suo
822 5474 1260 5532 similitudinem.
1294 5477 1458 5546 Atqui
1490 5478 1609 5531 alas
1660 5477 1892 5532 habebat
1921 5495 2104 5535 exem-

541 5569 660 5639 plar
686 5568 963 5638 princeps,
998 5568 1065 5624 de
1102 5569 1373 5624 sententia
1412 5583 1697 5624 sacrarum
1729 5565 2056 5625 Litterarum
2087 5590 2101 5626 :

544 5659 751 5717 idcirco
795 5660 1043 5730 sequitur
1093 5659 1387 5715 humanam
1447 5674 1665 5730 quoque
1722 5672 1971 5717 naturam
2026 5664 2107 5719 sic

2208 4752 2560 4828 Ἰερουσαλὴμ
2585 4747 2889 4822 εἰρημένον,
2928 4745 3009 4798 ὅτι
3041 4740 3302 4804 Ποσάκις
3327 4739 3599 4807 ἠθέλησα
3632 4736 3764 4787 ἐπιο

2197 4843 2560 4915 συναγαγεῖν
2601 4841 2671 4894 τὰ
2708 4837 2889 4891 τέκνα
2912 4850 3048 4897 σου,
3078 4833 3149 4886 ὃν
3175 4833 3395 4900 τρόπον
3429 4828 3591 4896 ὄρνις
3618 4842 3770 4878 συν-

2200 4938 2325 5008 άγει
2346 4935 2419 4990 τὰ
2446 4931 2668 4988 νοσσία
2713 4928 2831 4983 ὑπὸ
2858 4926 2963 4993 τὰς
2990 4925 3283 4993 πτέρυγας
3314 4919 3503 4987 αὐτῆς
3530 4920 3551 4971 .'
3584 4918 3647 5008 ἃ⁸
3670 4920 3772 4972 οὐκ

2204 5006 2309 5097 ἔξω
2358 5026 2450 5081 τοῦ
2491 5020 2846 5095 προκειμένου
2894 5019 3160 5088 νοήματος
3204 5014 3345 5069 εἴποι
3385 5030 3467 5075 τις
3505 5010 3572 5064 ἂν
3603 5006 3770 5068 εἶναι,

2209 5123 2342 5195 πρὸς
2365 5120 2425 5172 τὸ
2449 5114 2733 5171 ἀκόλουθον
2758 5112 2986 5183 βλέπων.
3011 5111 3072 5162 El
3096 5108 3272 5161 τοίνυν
3298 5106 3437 5195 κατά
3459 5121 3583 5156 τινα
3607 5102 3775 5195 λόγον

2207 5192 2511 5283 ἀπόρρητον
2554 5205 2825 5273 πτέρυγας
2867 5197 3006 5254 εἶναι
3052 5200 3178 5269 περὶ
3216 5199 3313 5268 τὴν
3361 5194 3508 5248 θείαν
3552 5193 3721 5262 φύσιν
3747 5192 3777 5242 ό

2212 5304 2562 5362 θεόπνευστος
2593 5296 2882 5368 διορίζεται
2924 5293 3097 5361 λόγος’
3140 5292 3173 5362 ἡ
3223 5290 3275 5343 δέ
3312 5287 3496 5360 πρώτη
3536 5284 3631 5337 τοῦ
3683 5285 3779 5335 άν-

2212 5393 2428 5466 θρώπου
2479 5381 2782 5452 κατασκευὴ
2826 5384 2944 5437 κατ’
2980 5383 3162 5437 εἰκόνα
3208 5382 3299 5434 καὶ
3331 5379 3590 5449 ὁμοίωσιν
3634 5373 3777 5427 Θεοῦ

2211 5483 2532 5557 γεγενῆσθαι
2586 5479 2683 5550 τὴν
2729 5476 2884 5545 φύσιν
2936 5476 3091 5546 ἡμῶν
3145 5472 3495 5543 μαρτύρεταιο
3555 5467 3779 5557 πάντως

2212 5554 2295 5628 ότι
2325 5572 2412 5626 διὰ
2440 5568 2653 5622 πάντων
2683 5559 2795 5635 εἶχε
2829 5564 2948 5617 κατ’
2977 5562 3156 5615 εἰκόνα
3194 5560 3481 5629 γενόμενος
3508 5556 3605 5627 τὴν
3634 5554 3780 5625 πρὸς

2211 5666 2270 5718 τὸ
2296 5661 2598 5734 ἀρχέτυπον
2622 5655 2933 5728 ὁμοιότητα.
2975 5652 3134 5707 Ἀλλά
3167 5652 3271 5723 μὴν
3302 5650 3605 5719 ἐπτέρωται
3635 5646 3784 5699 κατὰ.

613 5836 826 5894 "PsaI.
853 5852 950 5904 cu,
976 5839 1066 5896 2|.
1141 5839 1186 5873 ⁸ο
1211 5839 1357 5899 Psal.
1391 5854 1503 5910 xvi,
1530 5838 1583 5894 8.
1660 5839 1703 5872 ⁸¹
1747 5814 1893 5898 Psal.
1946 5858 2109 5911 xxxv,
2146 5842 2196 5897 8.
2274 5842 2319 5875 ⁸⁸
2353 5841 2509 5898 Deut.
2540 5852 2713 5903 xxxii,
2741 5837 2827 5893 ll.
2902 5833 2949 5866 ⁸³
2976 5832 3167 5889 Matth.
3196 5846 3356 5896 χχιιι,
3396 5829 3483 5886 ‘57.
