3824 6524
110 374 227 431 H’ll

1082 378 1149 434 ΙΝ
1180 378 1471 437 CANTICA
1505 377 1775 437 CANTlC.
1809 378 2092 437 HOMILIA
2134 378 2226 434 XV

3149 385 3283 440 ΗΜ

105 494 192 563 τὴν
213 492 358 562 ἁγίαν
385 493 621 568 Γραφὴν,
646 498 705 553 :6
728 498 1099 570 πρωτότυπον·
1124 499 1318 556 οὐκοῦν
1338 500 1636 571 πτερόεσσα

1740 498 1910 556 fuisse
1934 500 2228 564 conditam,
2251 506 2309 553 ut
2332 506 2475 555 esset
2504 498 2675 571 alata,
2711 514 2821 569 quo
2842 499 3098 555 nimirum
3120 501 3284 556 etiam

107 584 189 636 καὶ
214 586 241 655 ὴ
267 584 358 637 τοῦ
383 587 669 659 ἀνθρώπου
696 591 1104 663 κατεσκευάσθη
1130 592 1291 663 φύσις
1308 633 1323 656 ,
1348 592 1423 657 ὡς
1452 592 1518 647 ἂν
1543 593 1637 646 καὶ

103 676 155 728 ἐν
174 678 276 740 ταῖς
309 675 565 751 πτέρυξιν
575 681 703 751 οέχοι
735 683 794 736 τδ
824 684 964 739 θεῖον
988 685 1255 757 ὀμοίωμω
1288 686 1447 757 δῆλον
1471 686 1527 738 δὲ
1555 687 1636 739 ὃτι

101 768 156 821 :6
186 769 454 841 πτερύγων
480 771 648 844 ὄνομα
674 775 761 829 διά
807 794 948 841 τινος
996 779 1260 851 τροπικῆς
1298 778 1528 851 θεωρίας
1560 778 1638 841 εἷς

102 878 149 913 τι
180 861 462 934 θεοπρεπὲς
507 866 971 939 μεταληφθήσεται
1016 870 1222 941 νόημα,
1254 869 1531 941 δυνάμεώς
1577 887 1637 922 τε

99 952 184 1004 καὶ
215 955 619 1026 μακαριότητος,
655 959 749 1012 καὶ
794 959 1101 1031 ἀφθαρσίας
1125 961 1218 1015 καὶ
1249 960 1354 1015 τῶν
1385 962 1637 1016 τοιούτων

95 1040 176 1093 διὰ
195 1041 280 1095 τοῦ
309 1044 563 1114 ὀνόματος
574 1046 692 1101 ,τῶν
720 1047 1006 1120 πτερύγων
1033 1049 1443 1120 σημαινομένου.
1486 1050 1636 1103 Ἐτειεί¹

93 1127 379 1189 οὗνῖταῦτα
428 1135 521 1188 καὶ
554 1137 679 1209 περὶ
710 1138 801 1191 τὸν
848 1140 1128 1211 ἄνθρωπον
1160 1137 1248 1213 ἦν,
1293 1142 1397 1204 ἕως
1436 1142 1523 1195 ὅτε
1561 1141 1637 1212 τῷ

90 1220 201 1291 θεῷ
228 1223 308 1277 διὰ
349 1225 565 1279 πάντων
609 1227 791 1296 ὅμοιος
826 1223 915 1299 ἦν’
947 1229 1080 1299 μετὰ
1119 1230 1291 1284 ταῦτα
1338 1230 1394 1284 δὲ
1426 1232 1458 1303 ἡ
1504 1232 1638 1301 πρὸς

91 1314 183 1385 τὴν
210 1315 397 1369 κακίαν
424 1317 580 1389 ῥοπὴ,
600 1319 706 1371 τῶν
730 1321 978 1375 τοιούτων
1001 1322 1282 1393 πτερύγων
1321 1324 1467 1393 ἡμᾶς
1502 1324 1637 1377 ἀπε-

92 1404 335 1476 σύλησενο
379 1406 481 1472 ἔξω
513 1408 619 1479 γὰρ
654 1409 753 1479 τῆς
790 1410 998 1483 σκέπης
1044 1412 1134 1465 τοῦ
1177 1411 1312 1466 Θεοῦ
1355 1412 1636 1484 πτερύγων

88 1493 352 1564 γενόμενοι
377 1535 391 1558 ,
438 1498 531 1550 καὶ
568 1497 676 1550 τῶν
729 1499 872 1553 ἰδίων
915 1500 1197 1573 πτερύγων
1228 1502 1634 1575 ὲγυμνώθημεν·

82 1583 169 1638 διὰ
187 1585 335 1638 τοῦτο
364 1587 606 1658 ἐπεφάνη
631 1590 663 1659 ἡ
691 1590 781 1643 τοῦ
808 1590 940 1645 Θεοῦ
962 1593 1118 1663 χάρις
1141 1594 1443 1662 φωτίζουσα
1466 1586 1634 1667 ἡμᾶς,

85 1672 170 1728 τνα
189 1676 503 1748 ἀποθέμενοι
534 1680 630 1751 τὴν
660 1681 929 1748 ἀσέϐειαν,
954 1684 1049 1738 καὶ
1076 1684 1173 1748 τὰς
1215 1686 1482 1755 κοσμικὰς
1513 1687 1636 1741 ἑπι-

86 1765 296 1837 θυμίας,
322 1768 480 1822 πάλιν
515 1770 582 1823 δι’
619 1773 891 1844 ὀσιότητός
922 1790 982 1826 τε
1025 1775 1118 1828 καὶ
1141 1774 1479 1847 δικαιοσύνης
1508 1796 1638 1832 πτε-

86 1860 451 1931 ροφυήσωμεν.
482 1863 687 1917 Οὐκοῦν
711 1865 758 1917 εἰ
786 1865 955 1920 ταῦτα
976 1865 1075 1937 τῆς
1096 1866 1348 1939 ἀληθείας
1372 1870 1473 1923 ούκ
1503 1870 1637 1924 ἀπε·
1670 1848 1711 1904 Β

84 1949 400 2019 σχοίνισται,
437 1955 632 2024 πρέπει
682 1956 833 2028 παρὰ
865 1975 962 2028 της
1006 1958 1222 2029 νύμφης
1268 1960 1638 2031 ὁμολογεῖσθαι

80 2040 174 2111 τὴν
206 2044 286 2095 ἐπ’
313 2043 477 2115 αὐτῆς
522 2048 819 2119 γενομένην
846 2049 998 2120 παρὰ
1026 2050 1133 2103 τῶν
1166 2050 1322 2105 θείων
1349 2052 1639 2125 ὀφθαλμῶν

79 2136 251 2205 χάριν.
312 2134 476 2205 Ὁμοῦ
503 2153 562 2189 τε
590 2137 697 2209 γὰρ
740 2139 947 2193 ἐπεῖδεν
992 2140 1138 2211 ἡμᾶς
1172 2143 1283 2210 τοῖς
1321 2142 1418 2212 τῆς
1447 2142 1636 2212 φιλαν-

78 2223 316 2296 θρωπίας
358 2225 651 2298 ὀφθαλμοῖς
699 2230 728 2282 6
775 2230 937 2298 Θεὸς,
994 2234 1087 2286 καὶ
1143 2234 1305 2303 ἡμεῖς
1352 2233 1492 2288 κατὰ
1539 2233 1638 2305 τὴν

72 2314 303 2385 ἀρχαίαν
339 2315 498 2388 χάριν
525 2318 996 2391 ἀνεπτερώθημεν.
1040 2319 1223 2376 Ταῦτα
1250 2318 1342 2377 οὖν
1365 2320 1519 2394 οἶμαι
1549 2324 1637 2378 διὰ

76 2405 185 2458 τῶν
212 2408 513 2478 εἰρημένων
542 2409 632 2462 τὸν
663 2409 820 2479 λόγον
859 2410 1245 2479 ἐνδείκνυσθαι,
1277 2414 1314 2469 6
1347 2416 1637 2487 προσευχό-

78 2514 238 2565 μενος
272 2499 299 2550 6
325 2498 488 2552 Δαϐὶδ
511 2500 568 2552 ὲν
595 2500 978 2575 ὲξεκαιδεκάτῃ
1015 2503 1300 2576 ψαλμῳδίᾳ
1340 2506 1472 2575 φησὶ⁴
1503 2506 1638 2577 πρὸς

75 2588 277 2657 Κύριον
310 2628 324 2647 .
349 2588 427 2642 ὅτι
453 2593 516 2644 Ol
537 2593 831 2661 ὀφθαλμοί
849 2610 963 2647 σου
983 2594 1268 2649 meum,»
1281 2597 1635 2665 εὐθύτητας,

76 2684 180 2747 τὰς
222 2680 354 2752 ἐμὰς
385 2681 639 2753 δηλονότι.
710 2683 1104 2753 Ἔδοκίμασας
1124 2685 1231 2757 γὰρ
1252 2686 1367 2754 τὴν
1390 2687 1638 2755 καρδίαν

68 2785 211 2836 μου,
244 2772 424 2839 φησὶν,
459 2770 776 2840 ἐπεσκέψω
810 2774 1050 2841 νυκτόςο
1076 2775 1388 2843 ἐπύρωσάς
1414 2794 1509 2847 με,
1539 2778 1636 2832 καὶ

72 2860 191 2926 οὐχ
224 2858 433 2927 εὑρέθη
463 2861 531 2915 ἐν
555 2863 680 2932 ἐμοὶ
705 2864 923 2920 ἀδικία.
958 2865 1097 2919 ἰσον
1123 2864 1216 2920 οὖν
1243 2871 1404 2933 ἐστιν,
1444 2872 1634 2936 εἰπεῖν,

68 2947 158 2999 ὅτι
186 2946 248 3003 Οἱ
269 2950 561 3020 ὀφθαλμοί
587 2967 701 3007 σου
733 2953 1019 3008 ἰδέτωσαν
1044 2958 1388 3024 εὐθύτηταςο
1418 2960 1529 3026 καὶ,
1557 2961 1638 3013 ὅτι

73 3040 146 3090 Ol
172 3038 464 3110 ὀφθαλμοί
501 3055 619 3096 σου
662 3043 730 3096 τὸ
758 3044 1034 3099 ἐναντίον
1054 3045 1140 3115 μὴ
1180 3045 1630 3104 θεασάσθωσαν.

80 3127 147 3181 ὐ
180 3130 288 3203 γὰρ
316 3133 376 3185 :6
395 3132 551 3197 εύθὲς
578 3132 718 3197 ἰδὼν,
748 3135 957 3189 σκολιὸν
978 3138 1077 3191 οὐκ
1100 3133 1223 3191 εἶδεο
1254 3139 1347 3192 καὶ
1374 3141 1401 3193 ὀ
1427 3139 1634 3193 σκολιὸν
1664 3186 1703 3205 ,,

70 3222 155 3293 μὴ
199 3223 318 3275 ἰδὼν
338 3224 416 3282 ,τὸ
444 3225 596 3287 εύθὲς
638 3226 851 3290 πάντως
879 3227 1150 3284 τεθέαται.
1196 3228 1403 3284 Οὐκοῦν
1426 3230 1512 3285 διὰ
1539 3232 1633 3302 τῆς

68 3313 169 3367 τοῦ
229 3315 467 3369 ἐναντίου
512 3316 910 3389 ὑπεξαιρέσεως
956 3320 1019 3374 τὸ
1064 3321 1265 3390 ἀγαθὸν
1309 3326 1420 3386 τοῖς
1469 3322 1633 3389 θείοις

65 3404 369 3475 ὀφθαλμοῖς
396 3407 743 3475 ἐπιδείκνυσι,
779 3410 849 3463 δι’
876 3404 951 3465 ὧν
981 3413 1374 3484 ἀναπτεροῦται
1411 3414 1571 3468 πάλιν
1599 3417 1633 3486 ἡ

63 3495 240 3567 ψυχὴ,
275 3498 309 3568 ἡ
351 3497 437 3552 διὰ
462 3499 558 3570 τῆς
585 3502 862 3574 παρακοῆς
884 3502 996 3557 τῶν
1030 3505 1461 3575 πρωτοπλάστων
1504 3524 1634 3560 πτε-

63 3590 448 3659 ρορρυήσασα.
491 3591 661 3646 Τοῦτο
692 3594 866 3647 τοίνυν
893 3595 979 3649 διὰ
1005 3598 1110 3649 τῶν
1138 3598 1441 3669 εἰρημένων
1474 3617 1634 3652 κατε-

62 3680 370 3749 νοήσαμεν·
392 3681 519 3735 Ὅτε
541 3682 589 3735 οἱ
608 3682 873 3755 ὀφθαλμοί
896 3701 986 3738 σου
1001 3678 1092 3738 ἔπ’
1111 3687 1212 3757 ἐμὲ
1234 3687 1634 3753 ἐπιϐλέπουσιν,

64 3772 507 3843 ἀποστρέφονται
539 3774 646 3827 61:6
678 3775 769 3829 τοῦ
798 3777 1060 3830 ἐναντίου.
1103 3779 1176 3831 Ού
1201 3778 1306 3849 γὰρ
1336 3779 1555 3848 ὗιίιονταί
1585 3798 1639 3833 τι

59 3861 131 3913 ἐν
172 3860 298 3931 ἐμοὶ
336 3863 445 3915 τῶν
485 3865 904 3936 ἐναντιουμένων
954 3884 1064 3937 μοι,
1111 3869 1209 3921 Διὰ
1246 3868 1401 3922 τοῦτο
1431 3870 1639 3937 γίνεταί

67 3965 168 4019 μοι
208 3949 319 4002 ἀπὸ
356 3949 462 4005 τῶν
499 3951 789 4021 ὀφθαλμῶν
815 3970 908 4005 σου
927 3994 942 4017 ,
971 3953 1032 4006 τὸ
1077 3954 1239 4008 πάλιν
1264 3956 1637 4027 πτερωθῆναι,

64 4040 171 4092 καὶ
198 4040 487 4094 ὰναλαὸεῖν
510 4040 596 4094 διὰ
632 4042 737 4095 τῶν
762 4043 966 4113 ἀρετῶν
990 4043 1088 4106 τὰς
1126 4044 1399 4115 πτέρυγας
1422 4047 1520 4115 τῆς
1542 4063 1639 4098 πε-

66 4135 357 4205 ριστερᾶς,
382 4132 448 4186 δι’
475 4134 542 4205 ἧς
570 4133 771 4202 γίνεταί
804 4152 892 4205 μοι
930 4135 1025 4205 τῆς
1058 4136 1304 4205 πτήσεως
1332 4138 1365 4207 ἡ
1393 4136 1639 4206 δύναμις·

62 4225 215 4279 ὥστε
238 4224 569 4296 πετασθῆναι
589 4227 682 4279 καὶ
703 4225 1063 4286 καταπαῦσαι.
1090 4226 1307 4297 ’ἐκείνην
1334 4226 1530 4299 δηλαδὴ
1545 4228 1640 4300 τὴν

61 4316 441 4381 κατάπαυσιν,
480 4318 544 4388 ἣν
576 4317 916 4371 κατέπαυσεν
956 4320 984 4371 6
1019 4317 1149 4381 Θεὸς
1177 4318 1284 4372 ἀπὸ
1314 4317 1421 4371 τῶν
1465 4319 1642 4390 ἔργων

61 4406 272 4461 αὐτοῦ.

1737 605 1791 661 ιιι
1831 589 1951 643 aliis
1978 588 2160 642 divina
2194 601 2317 641 cum
2347 594 2540 641 natura
2581 587 2991 643 similitudinem
3040 586 3284 644 haberet.

1736 679 1833 735 Est
1880 688 2060 734 autem
2106 678 2497 745 manifestum,
2549 680 2756 733 alarum
2809 678 3130 735 vocabulum
3192 694 3289 749 per

1736 770 2229 826 considerationem
2279 769 2567 840 quamdam
2616 769 2899 841 ﬁguratam
2955 770 3023 825 ad
3065 785 3286 825 sensum

1736 861 1846 917 Deo
1878 871 2302 917 consentaneum
2347 877 2469 918 esse
2497 861 2973 943 transferendum:
3006 861 3080 916 ita
3128 871 3185 915 ut
3236 870 3291 916 et

1738 959 2001 1023 potestas,
2031 958 2086 1007 et
2119 952 2417 1017 beatitudo,
2456 960 2510 1008 et
2542 959 2719 1007 status
2765 967 2960 1022 expers
3008 951 3285 1018 interitus,

1736 1052 1790 1098 et
1828 1043 1931 1097 alia
1994 1042 2306 1112 bujusmodi
2356 1057 2451 1114 per
2500 1042 2603 1097 hoc
2644 1058 2840 1099 nomen
2889 1043 3285 1113 signiﬁcentur.

1736 1134 1872 1200 Quia
1923 1134 2089 1204 igitur
2142 1134 2257 1189 lucc
2304 1136 2467 1190 etiam
2520 1144 2674 1189 erant
2730 1137 2786 1190 in
2838 1135 3080 1198 homine,
3123 1150 3286 1206 quam

1736 1224 1955 1296 quidem
2002 1225 2096 1280 diu
2130 1241 2224 1295 per
2255 1226 2434 1280 omnia
2466 1224 2577 1280 Deo
2630 1236 2747 1278 erat
2801 1226 2996 1281 similis
3028 1244 3040 1280 :
3095 1242 3285 1282 verum

1736 1315 1931 1372 deinde
1975 1318 2040 1370 ad
2078 1316 2428 1371 vitiositatem
2468 1315 2610 1370 facta
2642 1315 2925 1380 inclinatio
2961 1316 3164 1372 talibus
3189 1329 3287 1372 nos

1737 1408 1837 1463 alis
1892 1407 2146 1478 spoliavit
2201 1407 2574 1479 (posteaquam
2647 1407 2790 1463 enim
2848 1416 3001 1463 extra
3068 1417 3286 1480 tegmen

1737 1501 1945 1554 alarum
1965 1499 2057 1555 Dei
2081 1515 2203 1556 esse
2224 1500 2512 1570 coepimus,
2530 1500 2691 1555 etiam
2716 1500 2953 1571 propriis
2977 1500 3079 1554 alis
3097 1500 3286 1555 nudati

1737 1591 1972 1663 sumus),
1995 1591 2200 1647 idcirco
2230 1591 2322 1646 Dei
2349 1592 2521 1663 gratia
2545 1591 2811 1662 patefacta
2835 1601 2939 1655 est,
2970 1592 3289 1647 illuminans

1736 1698 1858 1747 nos,
1890 1692 1950 1738 ut
1977 1684 2256 1755 impietate
2285 1685 2683 1755 mundanisque
2705 1685 3097 1756 cupiditatibus
3124 1685 3292 1755 depo-

1737 1774 1888 1837 sitis,
1943 1789 2163 1829 rursum
2198 1789 2294 1844 per
2339 1775 2683 1830 sanctitatem
2740 1790 2804 1832 ac
2846 1775 3115 1845 justitiam
3176 1776 3289 1832 alas

1737 1865 2075 1937 proferamus
2102 1867 2169 1922 ⁸⁸.
2205 1864 2566 1935 Quamobrem
2611 1869 2657 1923 si
2689 1868 2802 1922 haec
2851 1868 3100 1923 veritatis
3135 1877 3289 1923 extra

1735 1964 1908 2011 metas
1930 1957 2140 2026 prolata
2169 1973 2276 2013 non
2303 1968 2451 2022 sunt,
2474 1959 2728 2014 convenit
2757 1961 2857 2014 hoc
2883 1961 3003 2014 loco
3025 1968 3288 2025 statuere,

1735 2047 1893 2103 fateri
1944 2062 2201 2118 sponsam
2258 2048 2430 2119 ipsam
2485 2064 2591 2120 qua
2646 2050 2716 2105 sit
2748 2050 2816 2105 ab
2863 2050 3039 2107 oculis
3086 2051 3289 2105 divinis

1735 2139 1925 2195 aliecta
1950 2141 2145 2212 gratia.
2180 2139 2354 2197 Simul
2385 2141 2530 2197 enim
2563 2150 2618 2198 et
2644 2142 2995 2212 benignitatis
3036 2157 3149 2198 suae
3188 2157 3289 2197 nos

1734 2230 1910 2292 oculis
1955 2231 2167 2301 aspexit
2196 2230 2357 2297 Deus,
2404 2238 2458 2287 et
2501 2246 2603 2287 nos
2644 2230 2711 2285 ad
2744 2231 3050 2301 exemplum
3103 2231 3291 2301 gratiae

1734 2323 1974 2392 pristina:
1995 2324 2110 2378 alas
2136 2322 2598 2391 recuperavimus.
2623 2322 2750 2378 llaec
2775 2322 3014 2377 arbitror
3036 2322 3289 2392 equidem

1736 2430 1832 2485 per
1860 2415 1974 2470 hazc
2002 2415 2165 2471 verba
2211 2415 2528 2485 signiﬁcari,
2558 2430 2679 2485 qua:
2735 2414 2989 2485 precibus
3024 2414 3193 2469 David
3232 2415 3290 2469 in

1735 2500 1944 2570 psalmo
1977 2517 2065 2557 ενι
2117 2503 2451 2572 complexus,
2496 2503 2563 2557 ad
2598 2502 2887 2558 Dominum
2917 2505 2991 2558 ait
3013 2503 3059 2536 ⁸⁸
3087 2521 3101 2559 :
3134 2502 3289 2558 Oculi

1736 2590 1814 2642 tui
1885 2590 2094 2644 videant
2162 2592 2536 2658 rectitudines,
2602 2592 2859 2647 nimirum
2914 2608 3080 2649 meas.
3144 2592 3286 2648 Nam

1733 2682 1989 2751 probasti,
2033 2683 2127 2749 ait,
2169 2698 2259 2739 cor
2292 2699 2482 2749 meum,
2528 2691 2577 2735 et
2608 2682 2881 2749 inspexisti
2932 2692 3087 2735 noctu
3113 2696 3133 2735 :
3174 2684 3291 2752 igne

1736 2789 1816 2827 me
1840 2774 2180 2839 examinasti,
2214 2783 2265 2828 et
2304 2789 2407 2828 non
2455 2786 2661 2839 reperta
2692 2781 2768 2827 est
2800 2774 2857 2827 in
2900 2790 2979 2827 me
3013 2773 3289 2843 iniquitas.

1745 2861 1841 2918 Est
1870 2865 2034 2934 igitur
2066 2867 2226 2931 idem,
2279 2870 2325 2925 si
2355 2870 2506 2926 dicas
2552 2888 2565 2922 :
2619 2871 2767 2927 Oculi
2800 2872 2875 2925 tui
2902 2872 3105 2925 videant
3146 2875 3300 2926 recti-

1747 2953 1950 3010 tudine:
1992 2971 2012 3010 :
2058 2963 2113 3012 et
2160 2975 2175 3013 :
2226 2957 2378 3014 Oculi
2426 2962 2503 3013 tui
2542 2964 2862 3015 contrarium
2905 2979 3007 3017 non
3048 2972 3292 3018 spectent.

1738 3046 1872 3098 IVam
1901 3045 1994 3115 qui
2025 3051 2235 3100 rectum
2289 3045 2551 3106 intuetur,
2575 3043 2855 3112 obliquum
2887 3057 2997 3096 non
3030 3042 3197 3106 videt,
3237 3052 3293 3097 et

1738 3138 1829 3206 qui
1859 3137 2139 3205 obliquum
2176 3149 2287 3189 non
2315 3132 2481 3199 videt,
2522 3133 2747 3188 omnino
2797 3139 3005 3188 rectum
3059 3139 3288 3201 spectat.

1740 3227 1925 3300 Itaque
1960 3243 2056 3298 per
2082 3226 2498 3283 summotionem
2536 3225 2816 3289 contrarii,
2854 3224 3061 3280 bonum
3091 3224 3290 3279 divinis

1740 3322 1795 3376 in
1819 3320 1993 3374 oculis
2020 3318 2376 3379 demonstrat,
2409 3331 2505 3387 per
2535 3330 2675 3387 quos
2703 3315 2819 3371 alas
2848 3316 3031 3369 anima
3056 3329 3286 3386 recupe-

1740 3418 1864 3473 rat,
1912 3424 2033 3480 quae
2079 3423 2175 3479 per
2234 3407 2658 3463 inobedientiam
2710 3406 2888 3477 primo
2944 3406 3291 3461 conditorum

1742 3502 2021 3555 hominum
2075 3515 2183 3555 non
2243 3498 2479 3569 amplius
2532 3497 2647 3552 alas
2703 3510 2735 3551 a
2793 3507 2988 3553 natura
3037 3496 3290 3553 habebat.

1743 3592 1922 3659 Quare
1950 3593 2031 3646 sic
2054 3590 2405 3661 intelligimus
2434 3588 2549 3643 haec
2588 3587 2773 3652 verba,
2798 3587 2956 3657 quasi
2980 3586 3249 3643 diceretur
3273 3605 3286 3639 :

1740 3682 1895 3738 Oculi
1920 3682 1997 3736 tui
2029 3695 2152 3735 cum
2185 3694 2271 3734 me
2306 3678 2624 3748 inspiciunt,
2658 3684 2980 3731 avertuntur
3017 3691 3047 3729 a
3078 3683 3294 3730 contra-

1741 3774 1844 3828 rio.
1872 3772 1989 3828 Non
2015 3771 2159 3826 enim
2206 3769 2470 3825 videbunt
2512 3768 2568 3821 in
2601 3782 2687 3823 me
2733 3766 3031 3837 quidquam
3078 3782 3291 3830 eorum,

1742 3881 1862 3935 qua:
1891 3864 2021 3920 mihi
2071 3861 2350 3918 contraria
2394 3867 2545 3916 sunt.
2597 3858 2806 3914 Idcirco
2844 3861 2952 3915 tuis
3002 3859 3071 3914 ab
3118 3859 3295 3914 oculis

1744 3958 1848 4012 hoc
1879 3969 2208 4025 consequor,
2261 3962 2323 4008 ut
2374 3967 2591 4007 rursum
2640 3954 2755 4008 alas
2798 3952 3049 4015 habeam,
3098 3959 3153 4006 et
3198 3967 3295 4022 per

1742 4048 1973 4101 virtutes
2016 4057 2335 4113 recuperem
2383 4041 2499 4095 alas
2545 4039 2701 4109 ejus,
2737 4055 2861 4110 qua:
2903 4047 2989 4095 est
3035 4046 3293 4110 tanquam

1745 4136 2032 4192 columba:
2084 4149 2193 4205 quo
2246 4133 2305 4187 ﬁt
2335 4141 2396 4188 ut
2441 4132 2629 4186 volare
2673 4131 2900 4202 possim,
2953 4144 3016 4186 ac
3054 4129 3296 4184 vicissim

1746 4228 2067 4299 quiescere:
2099 4225 2281 4296 quiete
2309 4225 2401 4280 illa
2438 4224 2716 4288 nimirum,
2757 4237 2863 4294 qua
2899 4221 3043 4278 Deus
3071 4222 3140 4277 ab
3168 4236 3300 4291 ope-

1722 4322 1900 4407 'ribus
1925 4320 2041 4374 suis
2067 4318 2292 4389 quievit.

148 4498 324 4551 Πάλιν
366 4497 421 4550 δὲ
466 4497 605 4567 μετά
646 4498 742 4561 τὰς
772 4499 951 4567 φωνάς
978 4498 1177 4562 ταύτας
1220 4501 1253 4571 ὴ
1289 4498 1382 4554 τοῦ
1418 4501 1636 4566 κάλλους

1816 4499 2082 4554 Caeterum
2112 4506 2234 4568 post
2258 4498 2374 4552 hac
2404 4497 2567 4552 verba
2597 4511 2817 4551 rursum
2846 4495 3144 4564 descriptio
3173 4495 3297 4565 pul-

58 4590 176 4658 τῆς
209 4588 428 4660 νύμφης
462 4589 750 4662 ὑπογραφὴ
777 4590 1097 4661 διαδέχεται,
1141 4592 1248 4643 τῶν
1276 4594 1354 4655 είς
1380 4591 1475 4664 τὴν
1498 4592 1644 4666 ὥραν

58 4679 246 4735 αὑτοῦ
303 4680 689 4735 συντελούντων
733 4682 959 4735 ἕκαστον
1026 4682 1114 4736 διὰ
1152 4699 1295 4747 τινος
1341 4683 1648 4755 προσφυοῦς

55 4768 395 4840 ὁμοιώσεως
433 4770 527 4823 τοῦ
562 4770 718 4840 λόγου
760 4772 1125 4843 σεμνύνοντος.
1181 4774 1506 4827 Ἐπαινεῖται
1537 4773 1646 4844 γὰρ

55 4862 251 4931 αὐτῆς
280 4861 389 4915 τῶν
421 4880 479 4915 τε
515 4862 714 4933 τριχῶν
737 4864 798 4917 :6
843 4864 1066 4929 κάλλος,
1100 4866 1190 4917 καὶ
1229 4864 1335 4919 τῶν
1358 4865 1581 4918 ὀδόντων
1610 4866 1644 4936 ἡ

57 4952 251 5015 θέσις,
286 4954 380 5006 καὶ
406 4954 467 5006 τὸ
490 4954 583 5005 ἐπὶ
610 4953 701 5006 τοῦ
744 4955 949 5024 χείλους
990 4954 1166 5020 ἄνθος,
1199 4956 1293 5009 καὶ
1322 4956 1382 5009 τὸ
1412 4956 1510 5026 ἡδὺ
1544 4955 1646 5025 τῆς

55 5041 293 5111 φωνῆς.
334 5044 430 5113 τῆς
462 5060 520 5096 τε
545 5047 777 5114 παρειᾶς
801 5044 860 5097 :6
879 5045 1148 5117 ἐρύθημα.
1193 5046 1251 5099 Ὀ
1277 5046 1332 5099 δὲ
1366 5046 1494 5118 περὶ
1515 5047 1645 5100 έκά-

57 5148 208 5185 στου
245 5134 355 5186 τῶν
394 5135 694 5207 εἰρημένων
738 5136 976 5200 ἔπαινος,
1016 5136 1103 5190 διά
1137 5153 1278 5200 τινος
1314 5135 1644 5209 καταλλήλου

56 5222 427 5292 συγκρίσεὼς
442 5241 501 5276 τε
527 5226 620 5278 ml
648 5225 999 5297 παραθέσεως
1026 5226 1321 5298 πληροῦται
1344 5229 1410 5298 τῇ
1436 5226 1642 5299 νύμφῃ.

53 5314 141 5367 Αἱ
176 5314 280 5383 μὲν
310 5314 417 5389 γὰρ
458 5316 642 5387 τρίχες
664 5316 884 5385 ἀγέλαις
905 5316 1074 5386 αἰγῶν
1108 5321 1227 5381 ταῖς
1263 5318 1647 5387 ἀναφανείσαις

54 5400 190 5457 ἀπὸ
217 5399 315 5452 τοῦ
348 5402 555 5455 Γαλαὰδ
583 5403 958 5475 ὡμοιώθησανο
990 5406 1045 5458 αἱ
1086 5404 1143 5458 δὲ
1169 5405 1278 5458 τῶν
1301 5404 1652 5477 κεκαρμένων

54 5491 282 5561 ἀγέλαι
311 5492 547 5562 διδύμοις
587 5496 765 5559 τόκοις
795 5494 1254 5567 έπαγαλλόμεναι,
1288 5496 1348 5549 :6
1370 5496 1477 5550 τῶν
1503 5496 1650 5549 ὀδόν-

52 5598 191 5639 των
214 5581 492 5654 ἐγκώμιον
524 5584 787 5658 πληροῦσι
816 5587 903 5641 διὰ
922 5590 1021 5657 τῆς
1044 5587 1371 5683 ὁμοιώσεως
1411 5588 1652 5660 σπαρτίῳ

152 5764 212 5799 ⁸⁵
238 5764 353 5822 Tit.
387 5781 448 5834 ιι,
489 5765 576 5820 1‘2.
650 5765 696 5799 ⁸⁸
733 5763 878 5821 Psal.
902 5780 1013 5833 xvi,
1045 5766 1103 5832 2,
1130 5764 1182 5819 5.

1748 4589 2077 4647 chritudinis
2129 4604 2348 4659 sponsa:
2398 4587 2678 4654 succedit,
2726 4596 2780 4642 et
2821 4587 3032 4657 singula
3079 4602 3198 4652 qua:
3228 4584 3294 4638 ad

1747 4684 2069 4754 elegantiam
2113 4681 2287 4753 ipsius
2350 4680 2529 4736 facere
2570 4686 2827 4749 possunt,
2890 4689 3014 4747 apta
3061 4677 3298 4747 quadam

1747 4774 2101 4832 similitudine
2146 4779 2430 4828 ornantur.
2466 4769 2602 4824 Nam
2630 4777 2684 4826 et
2740 4784 3017 4827 comarum
3047 4769 3166 4836 ejus
3202 4782 3301 4822 ve-

1748 4878 1941 4924 nustas
1975 4864 2248 4929 laudatur,
2291 4871 2347 4919 et
2388 4863 2629 4919 dentium
2666 4861 2989 4924 collocatio;
3017 4866 3073 4914 et
3121 4858 3220 4913 ﬂos
3243 4859 3302 4913 in

1747 4959 1925 5021 labro,
1952 4964 2008 5013 et
2050 4957 2200 5011 vocis
2233 4954 2493 5018 suavitas,
2525 4963 2578 5009 et
2606 4966 2863 5022 genarum
2911 4950 3097 5005 rubor.
3124 4948 3302 5018 Atque

1750 5051 1940 5104 horum
1970 5049 2211 5102 omnium
2250 5046 2372 5101 laus
2426 5059 2523 5114 per
2555 5044 2962 5099 convenientem
3009 5039 3300 5111 quamdam

1749 5139 2208 5208 comparationem
2241 5149 2455 5206 sponsa:
2512 5131 2825 5187 assolvitur.
2856 5129 3066 5197 Etenim
3114 5127 3301 5198 capilli

1750 5229 1930 5298 capris
1960 5227 2028 5282 de
2053 5224 2255 5281 Galaad
2282 5221 2698 5295 conspiciendas
2734 5236 2793 5276 se
2820 5219 3188 5291 praebentibus
3214 5232 3304 5274 as.

1752 5319 2097 5375 similantur:
2129 5326 2414 5373 tonsarum
2439 5330 2569 5371 vero
2596 5327 2807 5387 greges,
2838 5311 3067 5383 geminis
3102 5309 3304 5365 fetibus

1748 5410 2062 5480 gaudentes,
2092 5408 2398 5464 encomium
2434 5407 2677 5462 dentium
2697 5404 3017 5466 coniiciunt.
3036 5398 3303 5455 Funiculo

1749 5499 1982 5569 denique
2012 5497 2271 5554 coccineo
2300 5496 2503 5551 labium
2555 5500 2902 5563 comparatur
2929 5508 2942 5545 :
2983 5499 3039 5549 et
3070 5503 3165 5559 per
3191 5487 3305 5542 col-

1750 5592 2001 5649 lationem
2037 5605 2158 5647 eum
2191 5589 2319 5649 mali
2367 5587 2553 5659 punici
2583 5586 2788 5643 cortice
2830 5597 3092 5654 genarum
3138 5591 3304 5636 orna-
