4004 6522
567 390 706 445 Ηοὸ

1792 381 1849 439 S.
1883 382 2207 442 CREGOBII
2239 387 2525 445 NYSSENI

3595 395 3701 451 ΗΜ

565 511 804 557 mentum
834 496 1124 552 indicatur.
1156 494 1333 549 Verba
1382 500 1511 549 sunt
1552 492 1863 564 huiusmodi
1894 512 1908 548 :
1948 493 2115 548 Coma

2211 496 2267 550 δὲ
2297 499 2624 568 κοκκοὸαφεῖ
2652 495 2712 550 τὸ
2753 496 2925 566 χεῖλος
2973 493 3276 561 εἰκάζεται,
3306 494 3401 550 καὶ
3431 495 3504 568 τῷ
3525 496 3702 574 λεπύρῳ

564 602 655 648 tua
682 590 818 646 velut
838 606 1015 661 greges
1051 601 1354 655 caprarum,
1390 601 1505 655 qua:
1521 594 1873 654 apparuerunt
1916 584 1980 638 de
2009 585 2114 639 Ga-

562 681 709 737 laad.
766 682 951 735 Dentes
1006 678 1082 731 tui
1130 678 1266 731 sicut
1315 693 1489 748 greges
1544 685 1837 741 tonsuram,
1893 692 2008 747 qua:
2052 679 2115 732 de

564 776 773 829 lavacro
810 771 1173 834 ascenderunt,
1216 778 1265 823 et
1312 785 1488 824 omnes
1536 768 1672 837 fetus
1742 767 1986 838 gemellos
2019 767 2115 822 ha-

564 866 754 927 bentes,
790 879 949 933 neque
993 863 1185 922 sterilis
1213 864 1349 915 inter
1378 878 1466 915 eas
1501 860 1613 914 ulla
1657 869 1753 915 est.
1798 859 1977 913 Labra
2023 870 2115 914 tua

560 965 681 1008 sunt
715 955 882 1007 instar
911 952 1135 1021 funiculi
1168 951 1416 1015 coccinei,
1451 959 1500 1005 et
1532 950 1737 1019 loquela
1772 958 1863 1003 tua
1905 950 2113 1020 elegans

558 1053 656 1097 est.
693 1041 852 1095 Mala:
882 1052 983 1094 tua:
1006 1041 1177 1094 instar
1204 1040 1415 1093 corticis
1450 1040 1580 1092 mali
1607 1039 1807 1107 punici,
1841 1048 2034 1106 praeter
2058 1037 2113 1091 id

560 1133 695 1205 quod
730 1135 783 1187 in
812 1143 857 1186 te
899 1132 1163 1186 reticetur.
1197 1130 1327 1197 Quae
1357 1131 1538 1185 omnia
1566 1146 1689 1184 cum
1742 1130 1996 1200 superius
2024 1147 2115 1187 sa-

561 1227 631 1280 tis
662 1223 967 1295 indagando
991 1223 1099 1276 sint
1118 1222 1406 1292 explicata,
1429 1236 1895 1292 supervacaneum
1926 1222 2111 1286 fuerit,

559 1317 869 1374 earumdem
903 1315 1422 1383 contemplationum
1459 1314 1777 1383 repetitione
1809 1315 2113 1370 molestiam

558 1408 789 1463 orationi
812 1416 1011 1461 nostra:
1035 1406 1272 1476 aliquam
1297 1420 1501 1459 creare.
1536 1404 1689 1470 Quod
1722 1406 1767 1460 si
1790 1406 1911 1475 quis
1935 1415 2113 1459 tamen

556 1498 719 1555 etiam
752 1497 912 1552 modo
929 1497 1035 1551 dici
1070 1496 1321 1550 nonnihil
1346 1496 1411 1551 de
1434 1495 1623 1551 iisdem
1646 1497 1874 1567 expetit,
1897 1507 2114 1568 propter

557 1603 672 1653 eos,
700 1589 794 1659 qui
825 1603 997 1658 nuper
1028 1601 1126 1643 nos
1165 1601 1273 1641 non
1307 1584 1604 1641 audivere:
1643 1586 1881 1642 breviter
1918 1589 2110 1642 horum

556 1679 901 1750 aenigmatum
935 1676 1258 1732 sententiam
1284 1687 1710 1744 'percurremus.
1752 1674 1943 1745 Capilli
1989 1690 2113 1729 coro

558 1770 707 1843 poris
735 1769 1060 1840 peculiarem
1089 1765 1378 1836 quamdam
1408 1773 1462 1819 et
1490 1766 1766 1820 diversam
1819 1780 1851 1819 a
1896 1766 2108 1835 reliquo

2214 588 2313 658 τῆς
2353 588 2479 656 ῥόας
2515 590 2550 659 ἠ
2601 586 2803 657 παρειά
2833 584 3243 651 καλλωπίζεται,
3277 585 3425 656 Ἔχει
3452 587 3559 658 δὲὴ
3590 589 3705 657 λέξις

2213 680 2408 746 οὕτως’
2436 682 2697 751 Τρικωμὰ
2729 699 2846 736 σου
2886 680 3092 752 ἀγέλαι
3126 681 3243 735 τῶν
3269 682 3462 752 αἰτῶν,
3512 684 3569 738 ατ
3600 687 3706 742 ἀγε-

2212 768 2492 839 ςράνησαν
2513 770 2627 823 ἀπὸ
2650 768 2756 822 τοῦ
2781 768 3041 822 Γαλαὰδ.
3084 768 3337 834 Ὀδόντες
3370 784 3478 823 σου
3510 772 3581 837 ὡς
3598 774 3706 841 ἀτέ.

2211 863 2311 912 Jac
2336 857 2453 911 τῶν
2491 858 2882 928 κεκαρμένον,
2909 857 2971 911 αἳ
2994 857 3293 925 ἀνέϐησαν
3326 856 3437 911 ἀπὸ
3469 859 3564 913 τοῦ
3596 865 3708 916 10v-

2212 947 2371 1018 τροῦ,
2398 951 2456 1002 al
2484 949 2671 1004 πᾶσαι
2699 948 3142 1018 διδυμεύουσαι,
3170 948 3267 1002 καὶ
3289 950 3600 1005 ἀτεκνοῦσα
3622 956 3709 1008 οὐκ

2210 1039 2380 1093 ἐστιν
2409 1040 2479 1093 ἐν
2520 1040 2745 1106 αὐταῖς.
2802 1040 2895 1105 Ὠς
2930 1040 3221 1107 σπαρτίον
3266 1041 3533 1093 κόκκινον
3570 1043 3708 1114 χείλη

2210 1149 2346 1196 σου,
2380 1135 2477 1187 καὶ
2510 1135 2548 1201 ἠ
2574 1132 2754 1188 λαλιὰ
2794 1147 2909 1187 σου
2947 1132 3147 1200 ὡραία.
3200 1129 3294 1196 Ὠς
3330 1130 3575 1198 λέπυρον
3592 1135 3712 1202 ῥόας

2202 1225 2403 1295 μῆλόν
2424 1239 2558 1287 σου,
2586 1225 2756 1289 ἐκτὸς
2780 1222 2886 1291 τῆς
2923 1220 3274 1288 σιωπήσεώς
3299 1238 3429 1276 σου.
3455 1215 3545 1275 Ὠν
3570 1224 3710 1277 tua.

2208 1330 2314 1367 των
2357 1315 2414 1367 ὲν
2434 1315 2543 1377 τοῖς
2582 1313 2845 1381 φθάσασιν
2877 1311 3074 1374 ἱκανῶς
3108 1311 3479 1381 ὲξητασμένων
3505 1314 3711 1382 περιττὸν

2209 1402 2274 1458 ἂν
2313 1403 2395 1474 εἴη
2428 1404 2515 1457 διὰ
2540 1403 2639 1473 τῆς
2665 1402 2771 1457 τῶν
2800 1403 2975 1456 αὐτῶν
3017 1401 3382 1473 θεωρημάτων
3418 1402 3712 1471 παλιλλογίας

2207 1492 2361 1564 ὄχλον
2408 1495 2787 1562 ἐπεισαγαγεῖν
2821 1493 2898 1564 τῷ
2942 1493 3098 1563 λόγῳ.
3129 1493 3192 1544 Ei
3217 1492 3272 1544 δέ
3308 1508 3390 1554 τις
3415 1492 3502 1544 καὶ
3529 1491 3608 1545 νῦν
3641 1494 3713 1547 τὸν

2209 1587 2338 1656 περὶ
2380 1585 2487 1639 τῶν
2514 1586 2693 1639 αὐτῶν
2718 1586 2873 1654 λόγον
2900 1584 3180 1656 ὲπιζητοίη
3216 1583 3488 1652 γενέσθαι,
3516 1585 3594 1638 διὰ
3615 1587 3712 1649 τοὺς

2209 1676 2469 1746 ἀνηκόους
2500 1676 2607 1729 τῶν
2636 1676 2866 1745 πρώτων
2895 1678 2974 1740 είς
3004 1677 3070 1730 τά
3105 1674 3243 1747 ρητά
3266 1674 3431 1729 ταῦτα
3462 1675 3715 1746 θεωρηθέν·

2209 1782 2333 1819 των·
2362 1765 2429 1820 δι’
2454 1765 2645 1834 ὀλίγων
2673 1766 2769 1838 τὴν
2799 1767 3032 1821 διάνοιαν
3054 1766 3162 1819 τῶν
3192 1768 3513 1836 αἰνιγμάτων
3534 1767 3715 1839 ἐπιδρα-

558 1875 783 1932 corpore
814 1867 1063 1914 naturam
1095 1857 1315 1911 habent.
1348 1853 1482 1908 Nam
1510 1870 1633 1910 cum
1668 1870 1868 1926 corpus
1897 1856 2112 1911 univer-

2215 1856 2481 1928 μούμεθα.
2506 1859 2573 1911 Al
2599 1859 2781 1929 τρίχες
2824 1859 2917 1912 τοῦ
2959 1857 3206 1929 σώματος
3256 1856 3545 1922 ἰδιάζουσαν
3568 1859 3714 1929 ἔχουσι

557 1968 677 2009 sum
712 1953 793 2007 vis
822 1950 1042 2006 sensilis
1074 1950 1357 2020 gubernet,
1378 1949 1584 2017 absque
1616 1962 1723 2018 qua
1750 1963 1907 2003 nemo
1930 1949 2112 2004 vivere

556 2052 762 2117 posset,
792 2042 935 2112 quod
987 2055 1184 2096 sensus
1227 2040 1343 2110 ipse
1373 2040 1445 2096 sit
1488 2041 1599 2094 vita
1630 2040 1920 2109 corporis;
1965 2040 2112 2097 solos

557 2133 780 2203 capillos
808 2131 1055 2185 videmus
1082 2136 1136 2184 et
1164 2136 1378 2197 partem
1410 2128 1660 2197 corporis
1692 2145 1834 2194 esse,
1865 2138 1919 2183 et
1948 2144 2113 2184 sensu

556 2234 736 2280 tamen
761 2238 966 2278 carere.
1000 2222 1175 2291 Atque
1212 2221 1351 2274 hanc
1380 2222 1552 2290 partis
1600 2221 1762 2291 hujus
1811 2222 2115 2293 pr0prieta-

555 2327 661 2371 tem
685 2329 827 2379 esse,
849 2312 1087 2368 declarat
1111 2312 1215 2366 hoc
1231 2312 1434 2381 ipsum,
1457 2313 1599 2382 quod
1629 2329 1805 2382 neque
1828 2314 2112 2369 exustione

555 2422 729 2477 neque
780 2407 1039 2470 sectione,
1081 2403 1279 2473 reliqui
1326 2404 1576 2472 corporis
1623 2406 1817 2469 instar,
1869 2405 2111 2461 dolorem

555 2499 737 2570 capilli
774 2496 1094 2568 percipiant.
1129 2493 1313 2564 Itaque
1365 2510 1487 2550 cum
1544 2496 1612 2551 de
1659 2497 1928 2551 sententia
1981 2497 2112 2552 dicti

556 2591 768 2647 Paulini
792 2590 861 2653 ⁸⁵,
909 2589 1078 2659 gloria
1130 2587 1377 2641 mulieris
1424 2587 1494 2642 sit
1535 2603 1709 2653 coma,
1756 2590 1956 2659 quippe
1993 2605 2113 2659 qum

555 2698 653 2754 per
687 2682 975 2736 cincinnos
1016 2684 1182 2748 caput
1231 2690 1496 2735 exornet:
1528 2678 1789 2735 docemur
1821 2699 1915 2752 per
1970 2683 2115 2737 hanc

556 2772 879 2843 capillorum
906 2783 1125 2839 sponsae
1151 2768 1617 2839 praedicationem,
1646 2771 1844 2828 debere
1874 2773 1993 2828 illos
2020 2775 2111 2844 qui

559 2864 611 2917 in
640 2863 820 2932 capite
868 2876 1081 2931 sponsae
1112 2876 1232 2916 esse
1289 2861 1685 2933 intelliguntur,
1733 2872 1786 2919 et
1834 2880 1928 2935 per
1974 2880 2113 2934 quos

559 2954 729 3025 gloria
761 2953 1018 3007 Ecclesiae
1051 2951 1280 3016 accedit,
1318 2952 1519 3009 habere
1555 2970 1751 3011 sensus
1793 2956 1848 3010 in
1880 2964 2112 3027 potesta-

560 3054 615 3100 te
631 3060 961 3115 sua,perque
980 3045 1301 3113 sapientiam
1328 3060 1546 3100 sensum
1576 3049 1850 3103 occultare
1881 3066 1893 3102 :
1925 3063 2113 3119 quem-

559 3135 850 3190 admodum
901 3135 1037 3189 liber
1073 3133 1488 3189 Proverbiorum
1545 3136 1812 3208 loquitur,
1840 3153 1962 3192 cum
1993 3139 2106 3193 ait:

560 3227 827 3297 Sapientes
914 3227 1239 3281 abscondunt
1301 3244 1508 3282 sensum
1546 3229 1640 3280 ‘7:
1699 3229 1953 3284 nimirum
2017 3231 2110 3301 qui

558 3339 669 3377 non
730 3338 797 3375 ex
852 3335 1073 3391 aspectu
1114 3320 1181 3375 de
1229 3321 1371 3376 bono
1417 3321 1685 3391 judicium
1730 3323 1956 3387 faciunt,
2002 3341 2112 3379 non

561 3420 778 3483 gustatu
838 3412 1042 3466 bonum
1111 3412 1430 3479 explorant,
1484 3426 1591 3466 non
1667 3412 1954 3481 odoratui,
2003 3431 2110 3469 non

560 3504 750 3569 tactui,
798 3517 906 3556 non
953 3502 1175 3558 alterius
1217 3517 1413 3558 sensus
1452 3517 1659 3571 organo
1696 3504 2111 3559 aestimationem

562 3596 685 3651 boni
721 3595 1079 3664 permittunt;
1129 3592 1221 3647 sed
1254 3595 1403 3647 omni
1438 3608 1603 3648 sensu
1643 3595 1989 3661 mortiﬁcato,
2018 3610 2114 3665 per

562 3687 740 3743 solum
768 3685 1007 3739 animum
1038 3684 1219 3739 oblata
1258 3684 1426 3739 menti
1455 3684 1596 3739 bona
1631 3686 2034 3755 amplectuntur
2060 3693 2115 3740 et

561 3786 858 3850 expetunt:
914 3785 1078 3847 atque
1132 3776 1237 3830 hoc
1291 3776 1452 3830 modo
1478 3776 1757 3832 mulierem
1794 3777 1964 3841 illam,
1994 3792 2115 3846 qua:

562 3876 647 3923 est
677 3866 939 3931 Ecclesia,
969 3864 1139 3936 gloria
1173 3863 1404 3935 quadam
1440 3874 1728 3928 exornant,
1784 3881 1893 3920 non
1945 3866 2115 3919 hono-

564 3959 715 4015 ribus
741 3958 1183 4022 intumescentes,
1216 3972 1392 4028 neque
1422 3972 1516 4027 per
1554 3957 1916 4026 abjectionem
1947 3956 2112 4011 animi

562 4052 729 4106 rebus
760 4050 1010 4104 tristibus
1038 4048 1094 4102 in
1117 4058 1403 4118 angustum
1435 4050 1610 4102 coacti
1636 4066 1650 4116 ;
1676 4049 1770 4104 sed
1793 4051 1846 4103 in
1871 4048 2114 4104 adversis

563 4142 779 4198 casibus
807 4141 1129 4210 capillorum
1152 4139 1326 4194 instar
1348 4154 1407 4194 se
1433 4154 1628 4195 sensus
1649 4149 1904 4211 expertes
1932 4140 2114 4195 decla-

563 4243 764 4295 rantes,
788 4230 999 4286 etiamsi
1023 4229 1106 4283 vel
1126 4230 1295 4285 sectio
1316 4237 1536 4300 propter
1555 4230 1712 4285 ﬁdem
1735 4232 1789 4285 in
1812 4231 2110 4298 Christum,

566 4326 650 4378 vel
683 4322 747 4375 ad
797 4320 1022 4382 bestias,
1054 4320 1139 4374 vel
1171 4320 1225 4373 in
1277 4320 1455 4391 ignem
1506 4322 1742 4391 abjectio
1791 4320 2115 4392 perferenda

568 4415 659 4469 sit.
692 4411 835 4466 Talis
861 4420 978 4465 erat
1008 4409 1153 4466 Elias
1205 4410 1316 4476 ille,
1346 4413 1438 4481 qui
1489 4412 1555 4467 de
1591 4412 1793 4466 Galaad
1847 4412 2110 4475 ascendit,

2210 1949 2359 2021 παρὰ
2397 1949 2457 2003 τὸ
2506 1950 2689 2005 λοιπὸν
2722 1951 2877 2021 σῶμα
2918 1951 3016 2022 τὴν
3053 1950 3235 2019 φύσιν.
3285 1951 3482 2015 Παντὸς
3520 1951 3615 2023 γὰρ
3640 1952 3714 2006 τοῦ

2211 2041 2459 2112 σώματος
2487 2042 2772 2114 αἱσθητικῇ
2807 2042 3028 2113 δυνάμει
3060 2041 3491 2112 διακονουμένου,
3522 2038 3583 2114 ἧς
3615 2042 3715 2097 ἄνευ

2209 2132 2301 2186 τοῦ
2331 2133 2430 2204 ζῇν
2460 2132 2620 2203 φύσιν
2656 2135 2758 2187 οὐκ
2786 2132 2915 2204 ἔχει’
2953 2132 3064 2205 ζωὴ
3087 2133 3194 2205 γάρ
3228 2132 3321 2186 τοῦ
3350 2133 3577 2205 σώματός
3602 2137 3716 2189 ἐστιν

2207 2222 2245 2296 ἡ
2292 2223 2558 2295 αἴσθησις·
2607 2223 2771 2295 μόνας
2811 2224 3023 2295 ὁρῶμεν
3077 2225 3175 2287 τὰς
3222 2225 3413 2296 τρίχας
3464 2226 3549 2279 καὶ
3585 2227 3717 2299 μέρος

2206 2312 2372 2378 οὓσας
2422 2314 2515 2367 τοῦ
2576 2314 2846 2385 σώματος,
2912 2314 3007 2368 καὶ
3060 2315 3392 2387 ἀμοιρούσας
3443 2316 3713 2388 αἰσθήσεως.

2208 2407 2457 2461 Δείκνυσι
2498 2406 2555 2460 δὲ
2584 2406 2783 2477 ταύτην
2823 2407 2914 2460 ἐπὶ
2950 2405 3043 2460 τοῦ
3072 2406 3274 2478 μέρους
3298 2408 3479 2461 τούτου
3508 2408 3594 2479 τὴν
3622 2410 3718 2463 ἰδιό-

2209 2517 2363 2572 τητα,
2405 2500 2465 2552 τὸ
2515 2499 2651 2570 μήτε
2696 2500 2784 2554 διὰ
2826 2499 3071 2563 καύσεως
3122 2501 3263 2571 μήτε
3306 2499 3390 2553 διὰ
3432 2501 3587 2571 τομῆς
3622 2502 3717 2554 καθ’

2207 2592 2497 2663 ὁμοιότητα
2539 2591 2632 2645 τοῦ
2686 2592 2842 2646 ἄλλου
2879 2590 3127 2662 σώματος
3171 2593 3267 2645 καὶ
3307 2592 3497 2656 ταύτας
3537 2592 3719 2661 ἀλγύνε-

2210 2683 2351 2737 σθαι.
2396 2682 2612 2753 Ἐπειδὴ
2644 2681 2821 2734 τοίνυν
2870 2682 3010 2735 κατὰ
3047 2683 3147 2751 τὴν
3173 2681 3387 2736 Παύλου
3421 2682 3600 2753 φωνὴν,
3620 2683 3717 2748 δόξα

2208 2775 2305 2846 τῆς
2327 2774 2579 2842 γυναικός
2630 2776 2775 2827 ἐστιν
2804 2775 2837 2843 ἡ
2883 2775 3047 2845 κόμη,
3074 2773 3163 2827 διὰ
3197 2774 3311 2826 τῶν
3338 2774 3609 2844 πλοκάμων
3640 2776 3716 2843 τὴν

2209 2864 2443 2936 κεφαλὴν
2484 2864 2789 2941 ὼραῖζουσα
2810 2882 2823 2895 ο
2868 2864 3025 2918 τοῦτο
3050 2865 3137 2918 διὰ
3162 2865 3263 2918 τοῦ
3293 2866 3502 2920 ἐπαίνου
3528 2865 3621 2919 τῶν
3642 2864 3718 2934 τῆς

2209 2958 2421 3029 νύμφης
2455 2957 2654 3030 τριχῶν
2685 2957 3063 3027 διδασκόμεθα,
3099 2958 3180 3011 ὅτι
3224 2960 3332 3029 χρὴ
3368 2960 3486 3022 τοὺς
3515 2958 3622 3029 περὶ
3644 2957 3718 3025 τὴν

2210 3049 2449 3121 κεφαλὴν
2468 3050 2568 3120 τῆς
2591 3049 2807 3121 νύμφης
2834 3049 3260 3120 θεωρουμένους.
3284 3050 3347 3103 δι’
3370 3044 3439 3104 ὧν
3468 3052 3500 3121 ἡ
3536 3049 3719 3119 Ἐκκλη-

2212 3139 2301 3192 σία
2330 3138 2625 3207 δοξάζεται,
2661 3139 2938 3211 κρείττους
2975 3140 3083 3193 τῶν
3111 3140 3416 3211 αἰσθήσεων
3445 3140 3599 3204 εἶναι,
3623 3140 3720 3209 κρύ-

2213 3248 2440 3295 πτοντας
2467 3232 2552 3286 διὰ
2578 3232 2678 3301 τῆς
2712 3232 2901 3302 σοφίας
2926 3234 3021 3303 τὴν
3043 3233 3314 3304 αἴσθησιν.
3347 3232 3527 3297 Καθὼς
3553 3236 3581 3303 ή
3604 3233 3717 3301 Παρ-

2208 3322 2360 3394 οιμία
2406 3324 2587 3393 φησίν·
2628 3325 2708 3378 ὅτι
2742 3324 2921 3394 Σοφοὶ
2952 3327 3324 3394 κρύπτουσιν
3345 3326 3625 3391 αἴσθησιν,
3660 3318 3721 3386 οἷς

2209 3413 2307 3483 οὐχ
2332 3414 2520 3483 ὅρασις
2544 3412 2636 3465 τού
2661 3413 2822 3467 καλοῦ
2851 3415 3129 3485 κριτήριον
3148 3414 3378 3483 γίνεται,
3402 3413 3516 3468 οὔτε
3539 3417 3596 3485 τῇ
3620 3412 3721 3483 γεύ-

2213 3519 2293 3555 σει
2339 3501 2400 3555 τδ
2432 3502 2631 3570 ἀγαθὸν
2679 3503 3066 3572 δοκιμάζεται,
3113 3505 3212 3558 οὐκ
3259 3507 3514 3576 ὀσφρήσει
3559 3521 3611 3557 τε
3651 3503 3722 3556 καὶ

2212 3593 2351 3663 ἀφῇ,
2394 3592 2513 3646 οὐδὲ
2556 3593 2696 3664 ἄλλῳ
2741 3596 2849 3647 τινὶ
2869 3593 3225 3673 ,αἰσθητηρίῳ
3261 3596 3297 3666 ἠ
3328 3594 3418 3648 τοῦ
3449 3591 3597 3648 καλοῦ
3627 3593 3720 3645 ὲπι-

2210 3684 2466 3752 τρέπεται
2492 3683 2692 3753 κρίσις·
2723 3682 2855 3737 ἀλλὰ
2883 3684 3060 3754 πάσης
3085 3684 3447 3755 νεκρωθείσης
3468 3684 3721 3753 αἰσθήσεως

2211 3774 2298 3827 διὰ
2329 3772 2495 3845 μόνης
2529 3776 2628 3845 τῆς
2668 3775 2844 3845 ψυχῆς
2865 3815 2880 3839 ,
2906 3776 3013 3830 τῶν
3049 3776 3168 3829 κατ’
3200 3776 3407 3832 ἔννοιαν
3434 3775 3720 3847 φαινομένων

2212 3863 2430 3934 ἀγαθῶν
2457 3865 2786 3933 ἐφάπτονται
2820 3867 2914 3921 καὶ
2942 3868 3318 3938 ὲπορέγονται,
3340 3870 3431 3923 καὶ
3451 3868 3578 3921 οὕτω
3596 3864 3720 3929 δοξά-

2213 3955 2361 4020 ζουσι
2410 3955 2505 4026 τὴν
2553 3958 2813 4023 γυναῖκα,
2865 3956 2961 4027 τὴν
3019 3957 3364 4030 Ἐκκλησίαν,
3409 3957 3529 4012 οὔτε
3575 3956 3722 4026 τιμαῖς

2212 4045 2615 4117 διογκούμενοι,
2668 4045 2789 4100 οὔτε
2839 4047 3218 4119 μικροψυχίαις
3265 4050 3400 4121 πρὸς
3442 4049 3508 4103 τὰ
3545 4044 3721 4116 λυπηρὰ

2215 4136 2658 4208 συστελλόμενοι·
2696 4138 2830 4192 ἀλλὰ
2879 4138 2983 4194 κᾶν
3017 4139 3306 4211 τέμνεσθαι
3338 4141 3429 4213 δὲῃ
3469 4139 3550 4194 διὰ
3577 4138 3658 4208 τὴν
3678 4136 3722 4198 ἐς

2213 4227 2447 4301 Χριστὸν
2473 4228 2673 4292 πίστιν,
2705 4229 2809 4284 κᾶν
2847 4229 3053 4300 θηρίοις
3105 4231 3138 4302 ἢ
3166 4232 3300 4303 πυρὶ
3333 4230 3616 4303 βάλλεσθαι,
3642 4226 3721 4281 κᾶν

2213 4319 2341 4375 ἄλλο
2396 4337 2446 4373 τι
2492 4320 2599 4373 τῶν
2643 4320 2899 4392 λυπηρῶν
2946 4322 3252 4392 ὑπομένειν,
3287 4324 3385 4395 τὴν
3423 4321 3523 4376 τῶν
3560 4316 3721 4391 τριχῶν

2214 4407 2569 4479 ἀναισθησίαν
2595 4410 2651 4461 ὲν
2673 4412 2736 4480 τῇ
2760 4409 2922 4481 πείρᾳ
2943 4410 3050 4462 τῶν
3078 4409 3341 4478 ἀλγεινῶν
3373 4408 3720 4480 ὑποκρίνονται.

567 4505 624 4559 in
667 4499 888 4557 horrido
929 4500 1282 4570 squalidaque
1316 4517 1565 4572 corpore,
1615 4503 1853 4572 caprinis
1883 4503 2115 4573 pellibus

2219 4499 2466 4563 Τοιοῦτος
2497 4495 2565 4569 ἦν
2609 4500 2793 4563 Ἠλίας
2824 4502 2852 4552 ό
2880 4501 2945 4553 ὲκ
2975 4499 3067 4553 τοῦ
3100 4499 3312 4553 Γαλαὰδ
3355 4494 3587 4568 ἀνασχὼν
3607 4493 3723 4547 δασεῖ

569 4599 781 4653 tectus,
831 4588 899 4642 ad
954 4603 1144 4645 omnes
1189 4592 1401 4661 tyranni
1449 4591 1626 4647 minas
1676 4609 1949 4662 nunquam
2006 4608 2114 4647 non

568 4683 865 4738 interritus.
897 4678 1219 4750 Quicunque
1249 4681 1413 4757 igitur
1442 4682 1507 4736 ad
1559 4682 1919 4739 imitationem
1950 4700 2115 4756 gene-

567 4772 681 4828 rosi
712 4772 766 4825 in
802 4770 904 4825 hoc
937 4770 1201 4841 propheta
1232 4773 1397 4826 animi
1420 4773 1631 4843 seipsos
1661 4788 1822 4843 supra
1854 4776 2117 4830 mundum

568 4865 716 4919 hunc
746 4863 1057 4917 universum
1094 4864 1367 4927 attollunt,
1399 4872 1650 4934 egentes,
1683 4868 1886 4935 pressi,
1939 4868 2119 4923 amicti

571 4956 626 5009 in
658 4955 953 5020 montibus,
990 4954 1183 5019 antris,
1218 4956 1469 5011 cavernis
1512 4964 1690 5021 terrae,
1739 4958 1939 5028 quibus
1966 4958 2121 5013 deni-

569 5064 674 5119 que
713 5047 946 5102 mundus
990 5062 1097 5101 non
1123 5057 1207 5101 est
1234 5046 1431 5117 dignus
1452 5046 1536 5102 3':
1572 5047 1622 5101 bi
1679 5063 1804 5104 vero
1856 5050 2121 5119 gregatim

573 5139 717 5194 circa
772 5138 1010 5193 universi
1061 5136 1223 5205 hujus
1281 5146 1443 5207 caput
1498 5141 1800 5210 conspecti,
1864 5139 2121 5195 Ecclesiae

573 5224 741 5292 gloria
779 5223 933 5288 fiunt,
982 5222 1049 5277 ad
1086 5224 1359 5279 caelestem
1409 5228 1637 5295 gratiam
1700 5244 1806 5282 una
1857 5244 1981 5283 cum
2028 5229 2122 5285 illo

573 5315 848 5370 Galaadite
878 5318 952 5370 ita
983 5315 1444 5374 conscendentes.

640 5489 907 5544 Caeterum
970 5496 1158 5560 capras
1195 5491 1447 5546 animalis
1504 5491 1560 5545 in
1636 5490 1738 5545 hac
1790 5492 2113 5562 capillorum

571 5580 877 5638 laudatione
936 5583 1141 5639 mentio
1192 5582 1336 5637 facta
1384 5589 1487 5649 est,
1533 5582 1767 5638 fortasse
1826 5594 2116 5655 propterea

2219 4592 2311 4644 καὶ
2348 4589 2624 4660 αύχμῶντι
2655 4590 2733 4661 τῷ
2779 4589 3020 4659 σώματι,
3049 4591 3312 4662 δέρμασιν
3357 4590 3504 4658 αἰγὸς
3531 4590 3723 4639 ἐσκεπαο

2222 4680 2438 4750 σμένος,
2468 4682 2601 4752 πρὸς
2626 4684 2803 4734 πᾶσαν
2827 4681 3049 4754 ἀπειλὴν
3077 4682 3170 4736 τοῦ
3200 4683 3456 4754 τυράννου
3482 4679 3722 4745 ἀπτόητος.

2225 4773 2377 4825 Ὅσοι
2404 4771 2581 4826 τοίνυν
2613 4772 2750 4827 κατὰ
2785 4773 3012 4843 μίμησιν
3048 4776 3146 4842 τῆς
3172 4775 3266 4827 τοῦ
3305 4772 3563 4844 προφήτου
3590 4780 3725 4839 μεγαο

2224 4864 2447 4933 λοφυῖας
2490 4864 2580 4917 τοῦ
2634 4866 2833 4935 κόσμου
2862 4864 3059 4928 παντὸς
3104 4865 3327 4929 ἑαυτοὺς
3365 4860 3721 4932 ὑπεραίρουσιν.

2225 4954 2621 5027 ὑστερούμενοι.
2653 4954 2970 5024 θλιϐόμενοι,
2993 4954 3411 5026 κακουχούμενοι
3430 4954 3483 5006 ὲν
3503 4950 3635 5021 ὄρεσι
3654 4942 3724 4997 καὶ

2225 5046 2525 5115 σπηλαίοις,
2574 5046 2663 5098 καὶ
2715 5048 2832 5109 ταῖς
2859 5047 3015 5110 ὀπαῖς
3053 5048 3150 5117 τῆς
3194 5047 3329 5118 γῆς,
3368 5038 3443 5101 ὧν
3480 5043 3571 5097 οὐκ
3611 5037 3726 5090 ἐστιν

2223 5135 2371 5201 ἄξιος
2397 5136 2425 5187 ὁ
2453 5135 2670 5205 κόσμοςο
2699 5127 2840 5188 οὗτοι
2882 5136 3137 5208 ἀγεληδὸν
3171 5138 3294 5207 περὶ⁵
3318 5136 3416 5206 τὴν
3453 5132 3539 5187 τοῦ
3566 5123 3726 5183 παντὸς

2224 5227 2462 5298 κεφαλὴν
2493 5225 2869 5297 θεωρούμενοι,
2899 5228 3024 5291 δόξα
3037 5228 3271 5297 γίνονται
3295 5228 3393 5298 τῆς
3431 5217 3723 5289 Ἐκκλησίας,

2225 5318 2315 5369 ἐπὶ
2352 5316 2445 5387 τὴν
2498 5317 2743 5387 οὐράνιον
2781 5318 2938 5390 χάριν
2985 5318 3063 5390 τῷ
3111 5319 3404 5391 Γαλααδίτῃ
3455 5302 3725 5370 συναναϐαί-

2221 5424 2365 5461 νοντε
2373 5426 2415 5471 ς.

2293 5499 2365 5552 Τὸ
2393 5500 2448 5553 δὲ
2471 5500 2568 5572 τῆς
2597 5500 2745 5569 αίγὸς
2774 5500 2909 5565 ζῶον
2951 5503 3030 5567 εἰς
3070 5502 3158 5557 τὸν
3184 5503 3287 5557 τῶν
3322 5502 3515 5575 τριχῶν
3548 5500 3723 5553 ἔπαινον

2228 5592 2543 5665 παρελήφθη
2563 5634 2577 5663 ,
2600 5592 2740 5664 τάχα
2787 5592 2905 5664 μὲν,
2933 5594 3013 5648 ὅτι
3051 5596 3142 5649 καὶ
3174 5597 3207 5665 ἡ
3234 5594 3391 5665 φύσις
3414 5591 3499 5648 τοῦ
3528 5587 3721 5643 suum

640 5761 726 5815 "l
757 5764 879 5817 Cor.
919 5779 991 5827 χι,
1024 5763 1111 5817 15.
1185 5763 1228 5797 ⁸⁷
1266 5762 1424 5819 Prov.
1462 5779 1514 5831 ι,
1550 5763 1635 5817 Η.
1712 5765 1757 5796 ⁸⁸
1802 5764 1929 5821 Ileb.
1964 5783 2035 5835 XI,
2077 5767 2165 5834 37,
2195 5770 2282 5826 38.
