4004 6466
271 426 415 484 1105

1280 435 1346 490 ΙΝ
1382 435 1675 493 CANTICA
1701 432 1969 494 CANTIC.
2010 432 2293 492 HOMIIJA
2332 435 2443 491 XV.

3345 433 3480 493 ιιοθ

269 544 413 610 ζὼου
436 541 781 617 καταῖλήλως
807 550 939 622 πρὸς
972 552 1068 624 τὴν
1115 552 1324 622 γένεσιν
1349 556 1454 610 τῶν
1477 555 1675 628 τριχῶν
1708 573 1838 610 κατ-

1949 555 2085 624 quod
2152 556 2316 625 hujus
2365 553 2618 611 animalis
2664 563 2861 610 natura
2922 552 3120 609 idonee
3173 564 3483 624 comparata

272 636 602 693 εσκεύασται
640 641 776 694 ὥστε
800 642 1025 713 αἴνιγμα
1051 643 1143 696 τοῦ
1166 644 1254 698 διά
1275 646 1382 699 τῶν
1405 648 1606 718 τριχῶν
1629 648 1831 718 κόσμου

268 728 524 796 γενέσθαι
550 728 609 781 τὸ
631 730 786 795 ζῶον,
812 730 873 783 τὸ
890 734 1005 794 ταῖς
1028 731 1170 803 θριξὶ
1194 734 1435 803 φυσικῶς
1459 735 1834 805 δασυνόμενον·

271 820 309 891 ἢ
338 823 420 873 ὅτι
451 820 537 873 διὰ
572 821 678 873 τῶν
720 822 932 894 πετρῶν
959 825 1319 896 ἀνολισθήτως
1352 825 1555 896 βαίνει,
1586 828 1681 880 καὶ
1708 828 1834 898 περὶ

272 912 374 976 τὰς
419 913 659 985 κορυφὰς
712 913 819 967 τῶν
872 915 1040 986 ὀρέων
1094 917 1522 988 ἀναστρέφεται,
1584 919 1672 973 διά
1727 920 1835 973 τῶν

272 1001 654 1073 δυσπορεύτων
702 1005 791 1059 καὶ
827 1005 1112 1075 ἀποτόμων
1138 1007 1416 1077 εὐθαρσῶς
1466 1009 1563 1077 τὴν
1611 1009 1835 1081 πορείαν

276 1093 618 1162 ποιούμενον·
653 1095 788 1167 ὅπερ
828 1099 939 1160 τοῖς
962 1096 1059 1168 τὴν
1092 1101 1349 1171 τραχεῖαν
1370 1099 1469 1169 τῆς
1498 1099 1693 1171 ἀρετῆς
1720 1100 1836 1154 ὁδὸν

276 1184 598 1254 κατορθοῦσι
637 1188 1194 1257 προσφυῶς⁶.Μᾶλλον
1222 1190 1267 1243 δ’
1288 1190 1353 1244 ἀν
1371 1208 1452 1254 τις
1479 1191 1619 1244 εἴποι
1659 1191 1747 1245 διὰ
1776 1190 1837 1244 τὸ

277 1274 419 1346 πρὸς
447 1276 612 1329 πολλὰ
641 1278 736 1347 τῆς
764 1280 992 1350 νομικῆς
1020 1282 1328 1352 ἱερουργίας
1357 1282 1460 1335 ὑπὸ
1495 1282 1587 1335 τοῦ
1617 1282 1837 1353 νομοθέ-

275 1380 374 1418 του
408 1365 770 1436 παρειλῆφθαι
814 1369 875 1423 τὸ
918 1369 1074 1435 ζῶον,
1111 1371 1381 1425 συντελεῖν
1422 1373 1619 1437 ταύτας
1647 1377 1710 1443 τῇ
1749 1390 1839 1427 κε-

275 1456 422 1527 φαλῇ
446 1457 581 1528 πρὸς
612 1458 900 1532 ἐγκώμιον.
934 1459 1064 1516 Οἶδα
1104 1464 1161 1517 δὲ
1188 1467 1246 1518 ὲν
1272 1468 1381 1529 τοῖς
1416 1468 1513 1537 τῆς
1532 1467 1840 1537 Παροιμίας

273 1548 592 1618 αἰνίγμασιν
633 1551 693 1602 ὲν
736 1554 848 1615 τοῖς
891 1553 1148 1625 τέσσαρσι
1195 1559 1307 1620 τοῖς
1341 1556 1740 1628 εὐοδουμένοις,
1782 1558 1838 1612 ἓν

273 1638 372 1689 καὶ
419 1637 575 1691 τοῦτο
618 1639 728 1693 τῶν
776 1641 957 1705 καλῶς
1002 1642 1379 1699 διαϐαινόντων
1432 1646 1839 1718 ἀπηριθμῆσθαι

271 1727 369 1781 τὸν
389 1730 588 1797 τράγον
626 1730 715 1783 τὸν
756 1730 1056 1802 ήγούμενον
1093 1734 1188 1787 τοῦ
1226 1734 1491 1791 αἰπολίου.
1530 1739 1594 1789 Ὃ
1622 1737 1678 1790 δὲ
1712 1736 1841 1809 περὶ

270 1819 466 1873 τούτου
498 1822 861 1891 στοχαστικῶς
907 1824 1256 1896 ὑπονοοῦμεν,
1288 1825 1523 1880 τοιοῦτόν
1549 1829 1662 1880 ἐστι
1684 1837 1698 1853 ⁶
1724 1829 1840 1882 Πᾶν

1938 648 2011 702 sit
2050 647 2118 701 ad
2154 646 2512 717 proferendos
2548 647 2688 716 pilos
2726 666 2741 701 :
2774 647 2851 702 ita
2889 654 2949 701 ut
2972 646 3277 702 ornamenti
3317 648 3488 717 capil-

1937 738 2112 793 lorum
2168 739 2349 810 imago
2407 738 2653 808 quaedam
2712 738 2817 793 hoc
2875 739 3051 808 ipsum
3116 737 3316 792 animal
3380 738 3485 800 sit,

1940 830 2087 900 quod
2119 847 2146 884 a
2182 840 2377 885 natura
2418 830 2560 900 pilos
2612 831 2810 885 densos
2845 831 3027 887 habet.
3067 830 3164 886 Vel
3209 828 3355 901 quod
3392 843 3490 900 per

1940 941 2075 981 saxa
2107 925 2227 980 sine
2258 924 2368 977 ulla
2399 922 2596 993 pedum
2645 921 2948 978 offensione
2989 921 3199 987 tendat,
3254 930 3308 975 et
3340 920 3490 974 circa

1938 1018 2171 1072 vertices
2203 1015 2469 1071 montium
2497 1023 2766 1076 versetur,
2799 1028 2893 1082 per
2916 1013 3031 1066 loca
3082 1012 3315 1066 transitu
3349 1006 3491 1066 dith-

1941 1106 2064 1160 cilia
2101 1114 2483 1175 praeruptaque
2514 1101 2744 1156 ﬁdenter
2765 1098 3024 1153 incedens
3058 1097 3152 1152 :id
3193 1094 3337 1166 quod
3367 1104 3492 1165 apte

1941 1196 2009 1250 ad
2052 1211 2147 1251 eos
2206 1191 2729 1257 accommodabitur,
2784 1191 2876 1259 qui
2924 1189 3184 1258 praeclare
3241 1200 3492 1256 asperam

1940 1286 2165 1342 virtutis
2209 1287 2353 1339 viam
2395 1284 2715 1339 conﬁciunt.
2762 1280 3008 1349 Denique
3058 1277 3262 1333 dixerit
3305 1277 3491 1331 forsan

1942 1376 2167 1447 aliquis,
2217 1382 2502 1445 propterea
2545 1387 2641 1443 per
2672 1371 2773 1426 has
2819 1369 2884 1423 ad
2940 1367 3139 1438 capitis
3179 1363 3493 1421 encomium

1943 1467 2149 1539 aliquid
2175 1465 2455 1531 accedere,
2486 1463 2630 1534 quod
2668 1462 2871 1517 animal
2898 1460 3003 1514 hoc
3032 1457 3099 1512 ad
3141 1455 3313 1510 multa
3345 1453 3494 1523 lega-

1942 1560 2015 1614 lia
2053 1556 2324 1613 sacriﬁcia
2381 1556 2454 1611 sit
2492 1570 2523 1609 a
2561 1553 2710 1609 Mose
2759 1555 3101 1620 usurpatum.
3155 1543 3282 1600 Scio
3325 1542 3492 1598 etiam

1944 1652 1997 1706 in
2028 1647 2332 1718 aenigmatis
2367 1645 2491 1700 libri
2517 1643 2936 1699 Proverbiorum
2958 1638 3101 1692 inter
3130 1644 3372 1707 quatuor
3399 1629 3493 1683 illa

1943 1754 2066 1810 qua:
2092 1740 2231 1794 bene
2275 1735 2558 1797 incedunt,
2608 1728 2886 1787 numerari
2931 1727 3146 1781 hircum
3206 1723 3496 1777 ducentem

1944 1808 2232 1900 caprarum
2280 1841 2522 1897 gregem.
2554 1821 2630 1876 De
2665 1836 2774 1891 quo
2800 1824 2992 1873 nostra
3048 1811 3264 1883 quidem
3307 1808 3498 1878 hujus-

272 1912 613 1983 ἐπιτήδευμα
635 1912 701 1966 δι’
733 1915 850 1979 ἑνὸς
872 1917 1166 1987 ἀρχόμενον
1189 1918 1268 1980 εἰς
1291 1917 1515 1981 πολλοὺς
1534 1917 1845 1972 διαδίδοται·

1949 1898 2095 1976 modi
2126 1917 2445 1987 conjectura
2469 1922 2554 1970 est
2583 1927 2595 1963 :
2626 1908 2867 1977 Quodvis
2913 1904 3250 1967 institutum,
3284 1898 3353 1953 ab
3384 1910 3498 1951 uno

270 2000 353 2065 ὡς
383 2003 473 2055 ἐπὶ
503 2004 601 2073 τῆς
634 2003 993 2076 χαλκευτικῆς
1017 2009 1049 2076 ή
1081 2008 1266 2080 Γραφὴ
1294 2008 1382 2061 τὸν
1411 2007 1578 2061 Θόὸελ
1618 2008 1843 2081 εὑρετὴν

272 2093 379 2163 τῆς
407 2094 602 2165 τέχνης
630 2095 857 2151 εἰποῦσα
880 2140 895 2163 ,
937 2099 1151 2153 πάντων
1182 2098 1289 2152 τῶν
1328 2099 1443 2170 μετ’
1475 2100 1636 2153 αὑτὸν
1677 2118 1844 2171 μετα-

276 2185 665 2254 χειριζομένων
708 2186 803 2240 τοῦ
855 2188 1068 2262 σιδήρου
1113 2189 1211 2262 τὴν
1252 2192 1510 2263 ἐργασίαν
1539 2192 1597 2255 ὲς
1641 2193 1843 2247 ἐκεῖνον

277 2273 473 2341 ἀνάγει
513 2274 610 2345 τὴν
636 2277 961 2349 ἐπιστήμην·
1001 2279 1141 2334 οὕτω
1185 2281 1279 2334 καὶ
1308 2284 1791 2354 τῆςσποιμαντικῆς
1816 2285 1845 2337 ό

280 2364 451 2416 ’Δϐελ
498 2366 759 2437 ἡγήσατο,
806 2370 895 2422 καὶ
945 2371 1082 2425 Κάῖν
1133 2372 1231 2442 τῆς
1271 2373 1567 2444 γεωργίας,
1618 2376 1711 2428 καὶ
1754 2375 1845 2429 τὸν

275 2455 510 2528 Νεόρὼδ
533 2459 773 2530 ἀρχηγὸν
819 2459 964 2530 λέγει
999 2462 1098 2532 τῆς
1128 2465 1489 2535 κυνηγετικῆς
1516 2467 1843 2537 ἐπιστήμης,

274 2549 373 2599 καὶ
431 2549 529 2618 τῆς
568 2551 974 2622 ἀμπελουργίας
1013 2553 1103 2605 τὸν
1144 2553 1288 2618 Νῶε,
1334 2556 1428 2608 καὶ
1462 2554 1563 2625 τῆς
1606 2557 1685 2619 εἰς
1717 2554 1846 2608 Θεὸν

274 2636 495 2699 ἐλπίδος
514 2638 606 2690 τὸν
643 2638 808 2701 Ἐνώς
829 2658 991 2712 φησιν
1012 2641 1294 2713 ἄρξασθαι·
1323 2646 1417 2698 καὶ
1439 2645 1607 2698 πολλά
1628 2646 1847 2701 τοιαῦτα

274 2728 432 2797 παρά
464 2730 561 2799 τῆς
588 2731 744 2798 ἁγίας
769 2726 889 2787 ἔστι
931 2733 1238 2806 διδαχθῆναι
1272 2737 1510 2808 Γραφῆς,
1544 2740 1625 2792 ὄτι
1652 2739 1769 2802 ἑνός
1794 2756 1846 2792 τι

275 2819 729 2888 ὲπιτηδεύσαντος
753 2824 963 2894 εἰσῆλθε
1005 2826 1145 2879 κατά
1175 2828 1402 2898 μίμησιν
1432 2830 1511 2892 εἰς
1534 2829 1624 2882 τὸν
1652 2829 1764 2899 βίον
1787 2829 1848 2881 τὸ

277 2909 639 2981 ἐπιτήδευμα.
695 2914 909 2985 Ἐπειδὴ
952 2916 1127 2969 τοίνυν
1167 2917 1260 2970 τοῦ
1301 2916 1442 2971 θείου
1474 2916 1635 2990 ζήλου
1664 2919 1846 2989 διαφε-

279 3002 485 3071 ρόντως
504 3003 645 3057 κατά
668 3007 843 3060 πᾶσαν
868 3006 1055 3079 ἐξοχὴν
1078 3010 1106 3062 ό
1139 3008 1317 3062 Ἠλίου
1340 3010 1705 3083 καθηγήσατο,
1736 3013 1849 3065 ὅσοι

280 3095 403 3163 μετ’
450 3095 653 3148 ἐκεῖνον
705 3097 797 3149 τὸν
842 3098 1047 3151 ἐκείνου
1095 3100 1458 3172 μιμησάμενοι
1514 3102 1691 3172 ζῆλον,
1740 3106 1851 3166 τοῖς

278 3190 465 3253 αὐτοῖς
493 3190 660 3261 ἴχνεσι
686 3194 783 3264 τῆς
809 3195 900 3247 τοῦ
923 3198 1199 3267 προφήτου
1229 3197 1533 3268 παρρησίας
1558 3198 1849 3267 ἐπηκολοὺ·

280 3279 476 3351 θησαν,
502 3283 740 3339 αἰπόλιον
773 3286 1024 3354 γεγόνασι
1058 3285 1150 3340 τοῦ
1175 3287 1517 3357 ἡγησαμένου
1546 3287 1643 3357 τῆς
1665 3286 1846 3340 τοιαύ-

279 3388 385 3442 της
416 3373 581 3443 ζωῆς,
615 3375 807 3440 οἵτινες
850 3377 976 3442 δόξα
1018 3378 1115 3448 τῆς
1159 3377 1483 3447 Ἐκκλησίας
1510 3377 1604 3431 καὶ
1633 3377 1849 3443 ἔπαινος

280 3465 553 3533 γίνονται,
597 3470 676 3531 εἰς
713 3469 804 3521 τὸν
835 3469 942 3522 τῶν
966 3470 1165 3541 τριχῶν
1203 3470 1596 3539 καταταγέντες
1626 3471 1849 3540 κόσμον,

281 3549 361 3610 ὧν
402 3557 434 3627 ή
478 3558 766 3631 αἰσθητικὴ
809 3559 920 3631 ζωὴ
958 3561 1284 3633 κεχώρισται
1329 3562 1420 3615 καὶ
1472 3561 1854 3634 ήλλοτρίωταιυ

281 3646 384 3699 Διά
414 3648 519 3701 τῶν
556 3651 755 3720 ὁμοίων
794 3651 994 3721 πληροῖ
1019 3654 1112 3706 καὶ
1148 3656 1259 3716 τοῖς
1290 3653 1467 3706 ὀδοῦσι
1498 3654 1587 3707 τὸν
1612 3652 1849 3708 ἔπαινον.

284 3733 448 3794 Οὗτοι
474 3739 518 3792 δ’
549 3740 614 3792 ἂν
638 3736 745 3793 εἷεν
792 3743 841 3794 οἰ
863 3742 1149 3813 τρέφοντες
1180 3743 1246 3796 δι’
1276 3743 1483 3797 ἑαυτῶν
1499 3744 1598 3816 τῆς
1629 3744 1853 3815 Ἐκκλη-

286 3829 411 3894 σίας
433 3830 492 3884 τὸ
520 3831 698 3902 σῶμα,
734 3831 827 3895 οὒς
858 3832 1103 3902 βούλεται
1134 3834 1230 3904 μὲν
1254 3834 1483 3889 πάντοτε
1514 3835 1589 3899 ὡς
1613 3838 1721 3891 άπδ
1741 3828 1875 3890 λου-’

283 3922 419 3992 τροῦ
447 3922 718 3993 καθαροὺς
756 3923 981 3994 ὁρᾶσθαι
1001 3963 1015 3987 ,
1047 3924 1369 3996 ἀπερίττους
1399 3926 1486 3980 διά
1519 3928 1718 3992 παντὸς
1756 3929 1855 3994 τὰς

285 4013 499 4084 τρίχας,
537 4012 610 4075 ῶς
640 4014 746 4065 ἀπὸ
775 4014 1085 4084 προσῳάτου
1136 4016 1360 4086 κουρᾶς·
1395 4015 1534 4069 κατά
1562 4017 1617 4069 δὲ
1650 4018 1741 4071 τὸν
1772 4020 1851 4071 τό-

285 4121 387 4159 κον
423 4104 529 4157 τῶν
562 4104 773 4175 ἀρετῶν
816 4104 1226 4175 διδυμεύοντας,
1272 4107 1370 4177 τῆς
1397 4106 1589 4177 διπλῆς
1620 4108 1855 4181 καθαρό-

284 4212 453 4266 τητος
487 4196 808 4267 γενομένους
844 4197 1115 4269 πατέρας,
1143 4198 1245 4268 τῆς
1277 4216 1335 4252 τε
1372 4200 1514 4253 κατά
1538 4200 1734 4272 ψυχὴν,
1763 4202 1857 4256 καὶ

288 4288 391 4357 τῆς
420 4289 558 4343 κατά
589 4290 746 4359 σῶμα
770 4289 1164 4361 θεωρουμένης·
1193 4291 1266 4353 ὡς
1288 4291 1557 4363 ἐξόριστον
1586 4290 1719 4347 εἶναι
1751 4294 1857 4348 τῶν

289 4377 524 4431 ὀδόντων
564 4378 783 4444 τούτων,
824 4380 932 4432 πᾶν
983 4380 1043 4433 τὸ
1080 4380 1305 4449 ἀγονοῦν
1348 4383 1405 4436 ὲν
1450 4381 1527 4453 τῷ
1565 4385 1853 4455 κρείττονι.

291 4466 369 4520 Τὸ
416 4467 471 4520 δὲ
512 4468 772 4536 σπαρτίον
807 4469 868 4522 τὸ
907 4470 997 4523 ἐπὶ
1031 4469 1124 4523 τοῦ
1167 4471 1376 4542 χείλους
1416 4473 1710 4544 τιθέμενον,
1757 4479 1856 4548 τήν

1942 2014 2125 2083 aliquo
2152 2018 2412 2080 coeptum,
2441 2006 2495 2061 in
2524 2004 2726 2058 multos
2760 1999 2913 2069 quasi
2945 1995 3170 2060 diditur,
3211 1999 3270 2046 ut
3298 1991 3354 2044 in
3380 1995 3499 2042 arte

1943 2103 2172 2161 ferraria
2212 2101 2432 2155 Litteras
2468 2110 2638 2153 sacrae
2674 2092 2980 2148 indicantes
3050 2092 3334 2140 auctorem
3378 2078 3498 2148 ejus

1943 2195 2079 2249 artis
2115 2206 2236 2247 esse
2274 2188 2612 2250 Thobelum,
2671 2180 2955 2238 scientiam
2986 2189 3176 2232 eorum
3229 2169 3531 2231 omnium,.

1944 2287 2038 2358 qui
2087 2291 2204 2356 post
2253 2282 2398 2336 hunc
2441 2278 2569 2345 ferri
2586 2272 3006 2331 elaborationem
3059 2268 3387 2324 tractarunt,
3430 2259 3500 2313 ad

1944 2356 2125 2449 ipsum
2160 2373 2424 2429 referunt.
2449 2368 2652 2423 Eodem
2686 2363 2850 2419 modo
2884 2361 2962 2417 rei
3003 2357 3260 2430 pastoria:
3289 2356 3500 2424 primus

1945 2443 2135 2522 a-uctor
2169 2463 2301 2518 Abel
2323 2461 2553 2518 exstitit,
2586 2455 2721 2511 Cain
2754 2449 3156 2523 agricultionis,
3196 2443 3500 2502 venatoria:

1944 2552 2239 2620 Nembrod,
2270 2550 2461 2605 vitium
2489 2547 2717 2601 cultura:
2738 2541 2872 2607 Noe,
2895 2539 3041 2593 Enos
3092 2536 3147 2590 in
3180 2534 3349 2589 Deum
3385 2531 3501 2601 pri-

1946 2662 2070 2702 mus
2117 2657 2371 2714 sperasse
2411 2639 2633 2704 dicitur,
2686 2634 2929 2702 adeoque
2969 2629 3139 2684 multa
3177 2626 3244 2681 de
3284 2621 3503 2678 Litteris

1947 2737 2119 2795 sacris
2145 2730 2455 2803 hujusmodi
2488 2724 2965 2794 licetintelligere:
2994 2720 3254 2774 nimirum
3281 2723 3503 2785 postea-

1946 2844 2108 2900 quam
2143 2844 2285 2882 unus
2316 2824 2520 2896 aliquid
2548 2820 2871 2886 instituerit,
2916 2818 3020 2871 hoc
3056 2816 3233 2886 ipsum
3276 2812 3502 2866 institu-

1947 2927 2062 2975 tum
2094 2916 2290 2974 deinde
2336 2930 2428 2985 per
2481 2912 2841 2967 imitationem
2892 2908 2949 2962 in
2999 2907 3165 2959 vitam
3220 2902 3501 2958 hominum

1948 3023 2316 3082 promanassc.
2340 3004 2706 3072 Quamobrem
2734 3015 2859 3054 cum
2902 2997 2957 3050 in
2997 2996 3115 3050 zelo
3140 2993 3326 3047 divino
3351 3003 3507 3061 pror-

1949 3115 2042 3155 sus
2072 3098 2267 3154 eximie
2300 3110 2460 3165 supra
2489 3100 2715 3147 caeteros
2737 3103 2859 3144 sese
2887 3086 3120 3157 gesserit
3148 3083 3316 3145 Elias,
3347 3078 3503 3150 quasi

1951 3192 2060 3245 dux
2091 3188 2427 3257 reliquorum
2465 3185 2521 3238 in
2565 3184 2667 3236 hac
2720 3186 2875 3251 parte
2926 3177 3147 3230 factus:
3185 3174 3505 3242 quicunque

1952 3292 2074 3353 post
2095 3282 2246 3335 illum
2275 3276 2472 3332 imitati
2507 3274 2680 3329 zelum
2717 3273 2858 3343 ejus,
2888 3269 3116 3337 vestigia
3143 3264 3415 3322 libertatis
3447 3264 3503 3317 in

1948 3375 2052 3429 hoc
2083 3371 2345 3443 propheta
2377 3368 2549 3425 secuti
2573 3376 2724 3430 sunt,
2766 3365 2802 3419 ii
2830 3362 2977 3419 velut
3000 3359 3219 3431 quidam
3250 3373 3379 3429 grex
3414 3371 3506 3409 ca-

1947 3465 2163 3535 prarius
2197 3460 2345 3516 illius
2384 3458 2515 3514 facti
2562 3465 2714 3519 sunt,
2763 3455 2855 3525 qui
2904 3453 3157 3525 princeps
3202 3451 3328 3504 talis
3382 3450 3506 3502 vitae

1949 3564 2142 3610 auctor
2172 3552 2409 3609 exsistit.
2456 3550 2624 3604 Iidem
2674 3547 2795 3601 laus
2831 3553 2885 3599 et
2938 3543 3109 3615 gloria
3152 3542 3288 3595 ﬁunt
3318 3538 3507 3593 Eccle-

1951 3651 2065 3710 siae,
2098 3645 2285 3703 selecti
2324 3652 2383 3699 ut
2410 3642 2735 3712 capillorum
2789 3637 2902 3693 sint
2947 3644 3349 3691 ornamentum,
3380 3644 3505 3683 cum

1950 3752 2209 3795 sensuum
2241 3735 2351 3788 vita
2388 3734 2568 3787 locum
2605 3731 2661 3783 in
2691 3728 2773 3783 eis
2813 3726 3023 3780 nullum
3052 3723 3267 3777 habeat.
3303 3718 3507 3773 Eodem

1951 3826 2114 3881 modo
2137 3824 2327 3878 dentes
2359 3820 2523 3876 etiam
2574 3817 2782 3879 laudat,
2834 3829 2933 3884 per
2958 3827 3098 3882 quos
3132 3809 3383 3865 fortassis
3429 3806 3507 3860 illi

1952 3911 2459 3983 suntintelligendi,
2506 3909 2598 3979 qui
2632 3906 2891 3961 Ecclesia:
2927 3917 3130 3973 corpus
3170 3901 3343 3953 alunt.
3396 3895 3508 3951 Hos

1951 4010 2068 4064 vult
2088 4020 2302 4075 semper
2323 4001 2567 4071 conspici
2590 4014 2778 4071 puros,
2794 3995 2949 4068 quasi
2971 3994 3252 4064 digressos
3270 3991 3507 4060 primum

1955 4115 1985 4154 a
2012 4100 2230 4152 lavacro
2255 4114 2267 4150 :
2298 4103 2354 4150 et
2383 4094 2613 4163 pilorum
2642 4090 2795 4160 copia
2824 4088 3048 4142 minime
3081 4091 3336 4155 gravatos
3363 4094 3508 4145 esse,

1954 4191 2111 4262 quasi
2148 4202 2343 4243 recens
2377 4193 2610 4249 tensos;
2661 4192 2714 4238 et
2752 4181 3012 4234 virtutum
3058 4176 3275 4232 interim
3322 4172 3512 4228 fecun-

1955 4261 2128 4337 ditate
2159 4279 2391 4352 geminis
2438 4274 2640 4330 fetibus
2689 4272 2967 4342 insignes,
3013 4277 3073 4322 ut
3118 4264 3373 4336 puritatis
3410 4261 3513 4316 du-

1956 4374 2113 4445 plicis
2146 4376 2394 4441 parentes
2427 4368 2583 4429 ﬁant,
2624 4374 2736 4418 tum
2777 4377 2897 4432 quae
2926 4360 2979 4413 in
3009 4359 3213 4422 animo,
3247 4364 3360 4408 tum
3391 4368 3513 4423 qua":

1957 4466 2012 4521 in
2058 4478 2290 4534 corpore
2333 4459 2747 4530 conspiciatur:
2782 4454 3024 4522 adeoque
3059 4466 3090 4505 a
3129 4449 3387 4505 dentibus
3428 4446 3513 4499 his

294 4559 719 4629 μεμετρημένην
774 4559 866 4612 τοῦ
906 4560 1063 4629 λόγου
1101 4540 1375 4615 διακονίαν
1431 4540 1729 4636 παραδηλοῖ
1777 4540 1848 4637 τῶ

1962 4556 2376 4616 exterminetur,
2438 4546 2701 4620 quidquid
2749 4548 2802 4600 in
2853 4543 3205 4600 fetiﬁcatione
3255 4540 3383 4593 boni
3431 4543 3515 4591 est

291 4651 593 4721 αἰνίγματι,
624 4653 759 4722 ὅπερ
799 4652 827 4703 ὁ
868 4653 1155 4724 Προφήτης
1197 4653 1438 4725 φυλακήν
1461 4672 1519 4708 τε
1558 4635 1650 4710 καί
1692 4635 1848 4731 θύραι

1961 4650 2168 4706 sterile.
2201 4645 2497 4701 Funiculus
2526 4649 2702 4697 autem
2734 4640 2788 4694 in
2814 4638 2971 4692 labro
3009 4635 3330 4693 collocatus,
3360 4646 3514 4683 men-

290 4746 555 4815 περιοχῆς
582 4744 995 4815 κατωνόμασεν·
1036 4746 1166 4799 ὅταν
1199 4748 1255 4798 ὲν
1288 4747 1464 4818 καιρῷ
1490 4748 1770 4821 ἀνοίγηται
1798 4752 1859 4804 τὸ

295 4837 474 4907 στόμα
501 4837 593 4890 τοῦ
616 4837 796 4905 λόγου,
823 4838 918 4891 καὶ
943 4837 1084 4891 κατά
1104 4838 1292 4909 καιρὸν
1315 4840 1719 4911 κατακλείηται.
1754 4842 1859 4897 Μέο

292 4945 424 4999 τρου
458 4928 514 4981 δὲ
557 4929 723 5000 ὄνομα
750 4929 808 4982 τὸ
855 4930 1114 4999 σπαρτίον
1151 4925 1309 4994 εἶναι,
1342 4932 1491 5003 παρὰ
1513 4933 1613 5003 τῆς
1648 4951 1858 5005 προφη-

290 5019 447 5082 τείας
476 5018 567 5071 τοῦ
596 5018 860 5090 Ζαχαρίου
890 5019 1304 5091 μεμαθήκαμεν·
1333 5021 1413 5073 ὅτι
1447 5024 1703 5093 σπαρτίον
1728 5041 1858 5092 γεω-

298 5110 556 5182 μετρικὸν
596 5112 654 5165 ὲν
681 5111 866 5182 χερσὶν
900 5106 1043 5181 εἶχεν
1078 5115 1106 5165 ό
1141 5114 1197 5165 ὲν
1230 5112 1376 5184 αὐτῷ
1403 5112 1575 5169 λαλῶν
1609 5114 1855 5185 ἄγγελος.

295 5204 432 5260 Τότε
470 5204 525 5256 δὲ
557 5204 789 5275 μάλιστα
823 5204 1078 5274 τυγχάνει
1116 5204 1209 5257 τοῦ
1253 5205 1446 5276 μέτρου
1476 5209 1504 5260 ό
1526 5207 1706 5277 λόγος,
1732 5209 1859 5261 ὅταν

296 5295 813 5367 περικεχρωσμένος
844 5296 981 5370 τύχῃ
1017 5295 1093 5367 τῷ
1130 5297 1452 5369 ἐρυθήματι,
1484 5300 1619 5371 ὅπερ
1652 5301 1746 5354 τοῦ
1776 5302 1859 5356 αἴ-

300 5402 469 5457 ματος
489 5386 584 5438 τοῦ
610 5385 1023 5456 λυτρωσαμένου
1053 5387 1200 5456 ἡμᾶς
1220 5386 1443 5459 αἴνιγμα
1473 5390 1695 5457 γίνεται.
1737 5391 1859 5443 Ἐἀν

301 5476 402 5546 μέν
422 5493 507 5538 τις
535 5475 677 5529 κατὰ
711 5475 802 5527 τὸν
831 5475 1041 5529 Παῦλον
1067 5475 1327 5529 λαλοῦντα
1351 5476 1463 5547 ἔχει
1489 5480 1545 5533 ὲν
1572 5479 1747 5550 ἐαυτῷ
1768 5479 1856 5532 τὸν

295 5567 551 5639 Χριστὸν,
585 5569 677 5619 τὸν
709 5566 823 5637 ἰδίῳ
854 5566 1041 5636 αἵματι
1071 5567 1481 5638 λυτρωσάμενον
1509 5571 1676 5641 ἡμᾶς,
1704 5563 1857 5634 οὗτος

298 5660 413 5731 ἔχει
445 5660 505 5711 τὸ
528 5658 893 5730 γεωμετρικὸν
926 5660 1185 5730 σπαρτίον
1219 5662 1311 5715 ἐπὶ
1343 5660 1433 5715 τοῦ
1466 5664 1757 5733 στόματος,
1789 5666 1853 5734 τῇ

301 5753 448 5835 βαφῇ
478 5754 544 5822 τῇ
572 5749 865 5821 αίματώδει
888 5750 1368 5821 καλλωπιζόμενον.

374 5870 422 5901 ³⁹
448 5866 592 5925 Psal.
625 5883 747 5932 cu,
782 5867 833 5921 3.
909 5869 954 5901 ’°
979 5866 1142 5921 Zach.
1176 5881 1237 5933 ιι,
1279 5869 1326 5921 ί.

1959 4757 2087 4798 sura
2109 4740 2341 4810 quadam
2376 4732 2843 4801 circumscriptam
2890 4726 3162 4783 sermonis
3201 4724 3516 4791 usurpatio-

1960 4850 2081 4890 nem
2117 4833 2172 4886 in
2199 4831 2485 4898 :enigmate
2512 4832 2687 4887 notat,
2734 4821 2788 4875 id
2817 4818 2966 4890 quod
3000 4816 3275 4886 Propheta
3328 4821 3514 4867 custo-

1958 4926 2103 4981 diam
2132 4930 2186 4977 et
2224 4921 2425 4977 ostium
2458 4912 2881 4985 compressionis
2928 4907 3224 4978 appellavit
3255 4923 3267 4959 :
3294 4919 3418 4958 cum
3456 4903 3511 4956 in

1958 5028 2201 5086 tempore
2228 5013 2291 5066 ad
2329 5007 2653 5079 loquendum
2688 5019 2751 5060 os
2784 5001 3048 5074 aperitur,
3076 5005 3130 5053 et
3152 5012 3251 5053 suo
3272 5008 3513 5062 tempore

1960 5122 2151 5162 rursus
2184 5102 2489 5159 occluditur
2504 5100 2570 5154 ".
2588 5097 2909 5152 Funiculum
2934 5100 3111 5147 autem
3132 5103 3396 5144 mensurae
3417 5100 3513 5139 no-

1959 5217 2082 5255 men
2107 5214 2247 5262 esse,
2272 5196 2338 5251 de
2361 5196 2499 5249 libro
2528 5191 2824 5266 prophetia:
2844 5187 3123 5241 Zachariae
3141 5179 3508 5237 didicimus”.

1963 5291 2204 5346 Habebat
2238 5289 2379 5343 enim
2414 5288 2466 5340 in
2502 5283 2753 5339 manibus
2787 5280 3013 5349 angelus
3034 5278 3085 5330 in
3120 5276 3238 5344 ipso
3258 5273 3507 5340 loquens,

1961 5383 2259 5440 funiculum
2294 5395 2403 5452 quo
2427 5387 2630 5433 terram
2662 5372 2841 5429 metiri
2862 5369 3109 5425 homines
3138 5364 3333 5421 solent.
3356 5360 3511 5414 Tunc

1963 5490 2140 5533 autem
2171 5474 2345 5531 oratio
2376 5471 2614 5526 maxime
2654 5482 2810 5523 suam
2866 5472 3179 5516 mensuram
3215 5453 3511 5522 consequi-

1962 5580 2070 5634 tur,
2100 5584 2223 5623 cum
2255 5582 2286 5620 a
2320 5563 2583 5619 rubedine
2607 5559 2849 5615 colorata
2876 5559 2981 5617 est,
3014 5562 3134 5618 quae
3162 5556 3243 5601 est
3282 5543 3508 5613 aenigma

1963 5659 2248 5730 sanguinis
2279 5657 2445 5718 illius,
2492 5668 2522 5707 a
2557 5666 2665 5721 quo
2693 5642 2955 5713 redempti
2994 5654 3208 5694 sumus.
3257 5639 3435 5703 Quare
3462 5634 3509 5689 si

1966 5727 2091 5821 quis
2119 5749 2184 5805 ad
2212 5746 2519 5817 exemplum
2549 5739 2702 5796 Pauli
2745 5734 3022 5793 Christum
3075 5730 3131 5785 in
3175 5744 3235 5786 se
3282 5727 3510 5797 loquen-
