4004 6472
636 430 773 492 Hm
828 500 832 511 ι

1858 452 1914 508 3.
1952 453 2274 514 CREGORII
2310 461 2602 520 NYSSENI

3653 484 3751 548 “08

637 570 742 616 tem
773 562 936 619 habet
955 566 1022 630 ⁹¹,
1071 565 1165 636 qui
1204 568 1429 639 proprio
1464 584 1563 625 nos
1597 572 1861 642 sanguine
1916 576 2183 646 redemit,
2253 582 2418 637 etiam
2452 584 2759 641 funiculum
2792 587 2945 642 illum
2978 589 3363 659 geometricum
3394 592 3540 650 habet
3575 614 3619 653 in
3669 621 3748 674 ore,

636 656 935 727 sanguinea
974 660 1213 716 tinctura
1237 673 1513 719 ornatum.

704 748 835 813 Quae
867 755 1048 805 autem
1076 762 1382 823 sequuntur
1405 754 1589 820 verba,
1643 757 2023 829 interpretatio
2058 774 2188 819 sunt
2216 772 2262 827 Α

636 840 993 907 praecedentis
1033 845 1356 916 aenigmatis.
1390 845 1524 902 Nam
1557 846 2033 908 funiculumillum
2067 871 2192 911 coc-

635 929 848 984 cineum
891 935 1115 1001 exponit
1166 937 1436 1007 loquelam
1512 939 1839 1010 elegantem,
1892 960 2000 1015 qua
2059 962 2191 1004 voce

633 1032 856 1075 rursum
891 1024 1103 1092 puritas
1128 1035 1182 1081 et
1215 1027 1519 1084 moderatio
1564 1031 1928 1102 significatur.
1981 1035 2188 1092 Etenim

633 1111 778 1176 quod
815 1123 1072 1170 accurate
1099 1117 1318 1187 elegans
1351 1128 1455 1184 est,
1504 1130 1667 1192 atque
1692 1123 1812 1195 ipso
1843 1126 1898 1181 in
1925 1129 2110 1198 vigore
2131 1143 2192 1185 se

633 1202 1081 1272 conspiciendum
1111 1208 1351 1276 exhibet,
1382 1209 1437 1265 id
1461 1226 1637 1283 neque
1666 1214 2036 1285 immaturum,
2080 1236 2192 1276 ne-

632 1310 741 1364 que
770 1296 1047 1352 exoletum
1076 1306 1185 1354 est.
1219 1299 1356 1356 Cum
1386 1318 1515 1358 vero
1544 1305 1740 1362 deinde
1790 1324 1889 1379 per
1917 1312 2045 1366 mali
2088 1328 2190 1384 pu-

630 1385 741 1439 nici
771 1387 1029 1442 corticem
1056 1405 1224 1459 genas
1266 1401 1447 1458 ornat,
1495 1395 1758 1467 insignem
1790 1402 2080 1470 quamdam
2132 1406 2186 1460 in

630 1475 794 1533 bonis
825 1479 1213 1547 perfectionem
1258 1498 1473 1553 sponsa:
1513 1489 1724 1545 tribuit.
1763 1488 1892 1547 Vult
1929 1495 2074 1548 enim
2116 1497 2190 1552 si-

629 1567 913 1635 gniﬁcare,
950 1584 1060 1623 non
1091 1570 1200 1624 alia
1244 1572 1473 1642 quadam
1525 1576 1580 1630 in
1614 1593 1675 1633 re
1722 1580 1888 1634 situm
1917 1596 2035 1637 esse
2066 1584 2189 1640 the-

630 1671 851 1711 saurum
894 1658 1088 1728 ipsius.
1145 1662 1243 1718 sed
1299 1664 1472 1734 ipsam
1513 1668 1598 1723 sui
1646 1669 1819 1740 ipsius
1871 1673 2187 1731 thesaurum

628 1762 795 1816 esse;
833 1752 1037 1823 quippe
1083 1769 1204 1824 qua:
1260 1757 1441 1812 omnis
1490 1759 1620 1815 boni
1660 1771 1984 1832 apparatum
2039 1767 2098 1822 in
2129 1783 2188 1824 se

628 1844 1043 1913 complectatur.
1077 1846 1212 1901 Nam
1244 1856 1304 1903 ut
1334 1851 1542 1907 cortice
1575 1854 1891 1911 continetur
1943 1857 1999 1912 id
2039 1858 2184 1930 quod

626 1936 967 1990 esculentum
992 1946 1074 1992 est
1110 1939 1167 1994 in
1196 1941 1341 1995 malo
1385 1944 1605 2012 punico,
1650 1945 1731 2001 sic
1761 1948 1926 2002 etiam
1962 1948 2188 2005 demon-

628 2036 767 2083 strat
790 2029 1059 2085 contineri
1092 2031 1410 2089 thesaurum
1439 2036 1560 2105 ejus
1601 2036 1911 2095 interiorem
1944 2042 2187 2110 pulchri-

2371 769 2428 821 '0
2473 769 2516 822 δ’
2559 769 2755 839 ἐφεξῆς
2793 770 2966 839 λόγος,
3009 771 3266 842 ἑρμηνεία
3309 774 3417 827 ἐστὶ
3461 775 3544 829 τοῦ
3584 781 3759 850 πρόσθεν

2290 861 2624 932 αἰνίγματος.
2673 863 2875 917 Λαλιάν
2902 862 3009 933 γὰρ
3048 862 3251 935 ὡραίαν
3282 865 3514 936 ὀνομάζει
3556 870 3605 923 τὸ
3635 889 3763 946 σπαρ-

2289 952 2401 1005 τίον
2432 954 2491 1006 τὸ
2519 954 2784 1019 κόκκινον,
2825 955 2892 1007 δι’
2933 949 2993 1009 οὗ
3035 955 3193 1008 πάλιν
3228 956 3466 1026 σημαίνει
3504 959 3554 1012 τὸ
3584 961 3766 1034 καθαρὸν

2292 1045 2383 1097 καὶ
2413 1044 2702 1117 ἔμμετρον.
2732 1046 2806 1099 Τὸ
2854 1047 2960 1119 γὰρ
3003 1047 3241 1117 ἀκριϐῶς
3281 1047 3485 1118 ὡραῖον.
3516 1051 3595 1104 καὶ
3630 1054 3677 1105 ὲν
3709 1055 3765 1125 τῷ

2294 1135 2407 1206 ἰδίῳ
2452 1137 2627 1208 καιρῷ
2663 1138 2760 1209 τῆς
2803 1138 2986 1209 ἀκμῆς
3031 1139 3461 1210 προφαινόμενον,
3500 1139 3606 1193 οὒτε
3637 1143 3770 1215 ἄωρόν

2289 1228 2455 1293 ἐστιν,
2488 1228 2610 1282 οὔτε
2636 1229 2852 1302 ἔξωρον.
2880 1230 2970 1302 Τῷ
2993 1230 3047 1284 δὲ
3077 1229 3291 1301 λεπύρῳ
3315 1231 3408 1300 τῆς
3436 1232 3548 1302 ῥόας
3571 1235 3622 1286 τὸ
3647 1235 3766 1306 μῆλον

2288 1325 2389 1394 τῆς
2426 1324 2655 1395 παρειᾶς
2697 1321 2968 1393 ὡραῖζων,
3010 1322 3249 1393 μεγάλην
3282 1323 3397 1377 τινά
3437 1330 3775 1397 προσμαρτυρεῖ

2287 1415 2355 1483 τῇ
2396 1411 2580 1483 νύμφη
2617 1412 2715 1483 τὴν
2748 1415 2806 1466 ἐν
2832 1415 2942 1477 τοῖς
2978 1413 3197 1482 ἀγαθοῖς
3242 1412 3548 1485 τελειότητα.
3574 1416 3770 1486 Σημαίνει

2288 1502 2395 1573 γὰρ
2426 1503 2499 1574 μὴ
2530 1504 2587 1556 ὲν
2612 1501 2754 1574 ἄλλῳ
2780 1502 2887 1557 τινὶ
2921 1502 3011 1556 τὸν
3037 1502 3305 1573 θησαυρὸν
3346 1502 3473 1573 αὐτῇ
3503 1505 3772 1574 παρεσκευά-

2290 1592 2434 1656 σθαι,
2487 1593 2600 1647 ἀλλ’
2660 1593 2826 1664 αὐτὴν
2880 1589 3017 1647 εἶναι
3066 1593 3332 1664 Θησαυρὸν
3378 1595 3576 1665 ἑαυτῆς,
3625 1596 3775 1659 παντὸς

2289 1684 2491 1753 ἀγαθοῦ
2521 1685 2866 1757 παρασκευήν
2898 1686 2956 1739 έν
2989 1686 3154 1757 ἑαυτῇ
3198 1686 3554 1757 περιέχουσαν.
3595 1686 3667 1749 Ὠς
3697 1687 3775 1758 γὰρ

2288 1775 2367 1845 τῷ
2394 1775 2613 1847 λεπύρῳ
2639 1776 2948 1848 περιέχεται
2978 1777 3077 1849 τῆς
3120 1778 3247 1850 ῥόας
3268 1808 3269 1811 η
3290 1777 3346 1831 τὸ
3376 1776 3626 1847 ἐδώδιμον·
3651 1778 3775 1840 οὕτως

2290 1864 2614 1918 ἐνδείκνυται
2651 1865 2728 1936 τῷ
2768 1867 3071 1939 φαινομένῳ
3099 1867 3286 1921 κάλλει
3316 1865 3405 1919 τοῦ
3434 1866 3538 1936 βίου
3572 1865 3648 1918 τὸν
3673 1865 3779 1918 ἔνδον

2288 1957 2456 2028 αὐτῆς
2481 1957 2748 2029 θησαυρὸν
2776 1958 3139 2030 περιέχεσθαι.
3172 1954 3340 2021 Οὗτος
3368 1953 3455 2011 οὖν
3476 1956 3604 2009 ἐστιν
3630 1958 3652 2009 ὁ
3680 1973 3779 2025 κρυ-

2289 2049 2419 2112 πτὸς
2443 2048 2710 2121 θησαυρὸς
2734 2049 2841 2105 τῶν
2864 2050 3112 2118 ἐλπίδων,
3132 2052 3159 2104 ὁ
3179 2049 3306 2114 tam;
3323 2046 3517 2120 καρπὸς
3534 2046 3618 2117 τῆς
3632 2046 3779 2116 ψυχῆς.

576 2185 594 2207 ⁸
627 2120 820 2176 tudine
854 2121 946 2176 illa
986 2123 1132 2187 vitae,
1167 2139 1287 2194 quae
1311 2126 1413 2181 sub
1443 2137 1728 2197 aspectum
1761 2131 1933 2186 cadit.
1972 2131 2072 2187 Hic
2094 2134 2184 2204 igi-

2290 2144 2317 2196 ὁ
2343 2141 2421 2211 τῷ
2449 2111 2702 2213 ἐναρέτῳ-
2863 2111 3111 2211 καθάπερ
3142 2142 3246 2196 τινὶ
3450 2111 3780 2209 λεπύρῳνπερι-

626 2218 717 2267 tur
745 2222 830 2269 est
859 2215 1108 2271 occultus
1141 2216 1232 2271 ille
1260 2218 1375 2287 spei
1411 2218 1704 2278 thesaurus
1726 2225 1984 2294 proprius
2019 2228 2190 2282 animi

624 2304 861 2367 fructus.
905 2307 999 2377 qui
1037 2308 1145 2362 vita
1199 2308 1389 2364 virtuti
1427 2321 1794 2371 consentanea
1852 2318 2009 2387 quasi
2051 2335 2188 2388 quo-

624 2397 748 2453 dam
790 2399 916 2455 mali
950 2402 1133 2471 punici
1160 2404 1364 2459 cortice
1402 2405 1738 2462 continetur.
1798 2410 1957 2474 Quod
2003 2421 2184 2468 autem

623 2492 844 2547 additur
873 2512 886 2546 :
914 2492 1118 2548 Prwter
1141 2493 1197 2547 id
1230 2495 1366 2564 quod
1406 2496 1459 2549 in
1505 2510 1553 2550 te
1584 2499 1870 2563 reticetur;
1922 2502 2084 2568 hanc,
2128 2515 2188 2560 ut

622 2583 882 2647 arbitror,
918 2583 1246 2639 sententiam
1285 2586 1471 2651 habet,
1524 2601 1634 2641 non
1678 2596 1789 2644 tam
1837 2607 1904 2646 ex
1944 2592 2189 2649 cadenti-

621 2676 726 2732 bus
754 2674 858 2730 sub
893 2683 1173 2744 aspectum
1213 2678 1475 2735 testimari
1519 2680 1734 2736 laudem
1767 2683 1910 2738 hanc
1962 2683 2183 2751 debere,

621 2770 893 2835 quatenus
914 2765 1029 2821 haec
1042 2767 1223 2823 verbis
1238 2779 1583 2839 exponuntur
1613 2791 1627 2826 :
1656 2787 1820 2843 quam
1850 2790 1915 2829 ex
1935 2774 2018 2837 iis.
2040 2791 2189 2846 quae-

622 2872 841 2927 cunque
880 2857 1106 2914 silentio
1165 2868 1446 2931 teguntur,
1492 2861 1880 2920 iudicationem
1933 2883 2053 2938 qua:
2092 2884 2186 2938 per

620 2946 787 3001 verba
840 2946 953 3013 ﬁat,
1000 2946 1337 3021 eﬂ'ugientia.
1396 2951 1863 3019 Quemadmodum
1914 2959 2059 3013 enim
2107 2960 2180 3024 id,

620 3040 767 3110 quod
794 3042 969 3097 oratio
997 3058 1106 3098 non
1135 3052 1240 3109 est,
1288 3044 1566 3100 silentium
1591 3062 1716 3105 esse
1759 3052 2073 3118 statuimus,
2108 3055 2183 3108 ita

619 3134 840 3204 siquod
892 3150 925 3191 a
975 3136 1195 3192 silentio
1225 3145 1310 3194 est
1351 3137 1651 3207 diversum,
1699 3144 2004 3199 orationem
2057 3146 2182 3216 quis

617 3241 742 3282 esse
772 3226 990 3293 dixerit,
1020 3243 1130 3284 non
1160 3230 1384 3285 errabit.
1416 3231 1551 3287 Nam
1596 3233 1649 3287 id
1678 3234 1996 3302 reticemus,
2032 3238 2181 3308 quod

619 3318 803 3374 verbis
859 3320 1149 3376 enuntiare
1222 3335 1330 3376 non
1393 3338 1710 3393 possumus.
1771 3324 1832 3379 Si
1880 3340 2010 3397 ergo
2049 3328 2181 3382 illud

2290 2233 2671 2304 κρατούμενος.
2719 2235 2793 2286 Τὸ
2837 2234 2913 2298 δὲ,
2951 2233 3148 2299 Ἐκτὸς
3180 2233 3294 2301 τῆς
3336 2228 3653 2295 σιωπήσεώς
3680 2242 3778 2289 σου,

2287 2323 2489 2394 ταύτην
2510 2318 2659 2395 οἶμαι
2681 2322 2776 2395 τὴν
2801 2323 3034 2378 διάνοιαν
3056 2322 3213 2394 ἔχειν,
3231 2322 3316 2377 ὅτι
3336 2321 3392 2375 '0
3409 2319 3605 2382 ἔπαινός
3626 2336 3699 2371 σου
3711 2317 3784 2369 οὒκ

2288 2416 2353 2469 ἐκ
2389 2414 2493 2469 τῶν
2514 2415 2852 2486 φαινομένων
2873 2414 3120 2469 τοσοῦτόν
3152 2415 3321 2479 ἐστιν,
3349 2414 3444 2468 ὅσα
3476 2410 3547 2482 τῷ
3581 2410 3696 2478 λόγῳ
3711 2426 3781 2477 μη·

2287 2507 2502 2563 νύεταιο
2532 2508 2665 2561 ἀλλὰ
2692 2508 2907 2578 μᾶλλον,
2944 2509 3046 2561 ὅσα
3085 2508 3265 2578 σιωπῇ
3308 2504 3683 2573 ἀποκέκρυπται
3715 2498 3785 2568 τὴν

2284 2599 2379 2653 τοῦ
2407 2599 2564 2668 λόγου
2600 2598 2954 2668 διαφεύγοντα
2993 2599 3242 2671 μήνυσιν.
3280 2598 3481 2665 Ὠσπερ
3534 2592 3629 2663 γὰρ
3651 2590 3700 2643 τὸ
3722 2590 3784 2641 έκ-

2285 2692 2375 2755 τὸς
2395 2691 2486 2745 τοῦ
2506 2691 2661 2760 λόγου
2688 2692 2721 2762 ἡ
2748 2692 2923 2761 σιωπὴ
2949 2692 3165 2755 νοεῖται,
3196 2689 3341 2743 οὕτω
3370 2686 3430 2740 τὸ
3462 2684 3602 2746 ἐκτὸς
3629 2678 3786 2747 σιωπῆς

2284 2783 2375 2838 τὸν
2406 2784 2561 2853 λόγον
2604 2784 2737 2837 νοῶν
2783 2801 2886 2849 τις,
2934 2782 3031 2854 οὐχ
3069 2782 3464 2854 ἁμαρτήσεται.
3510 2777 3687 2830 Ἐκεῖνο
3710 2772 3787 2840 γὰρ

2287 2876 2576 2949 σιωπῶμεν
2599 2917 2613 2943 ,
2655 2876 2683 2930 δ
2726 2877 2814 2931 διὰ
2882 2874 2990 2930 τῶν
3042 2875 3305 2946 ῥημάτων
3372 2868 3698 2937 ἀδυνατοῦμεν
3730 2863 3786 2929 ἐξ·

2284 2969 2552 3039 ἀγγεῖλαι.
2586 2970 2648 3023 Εί
2687 2965 2779 3023 οὖν
2826 2969 2887 3022 τὸ
2925 2967 3079 3030 ἐκτὸς
3113 2966 3327 3020 ἐκείνου
3354 2966 3389 3035 ὴ
3429 2960 3594 3031 σιωπὴ
3620 2959 3785 3014 νοεῖτσιν

2283 3060 2343 3113 τὸ
2374 3061 2527 3124 ἐκτὸς
2559 3061 2764 3130 σιωπῆς
2792 3058 3079 3113 ἀκόλουθον
3107 3056 3326 3120 πάντως
3348 3056 3436 3109 τὸν
3462 3053 3605 3121 λόγον
3618 3048 3790 3102 οἴεσθαι.

2284 3149 2491 3203 Οὐκοῦν
2515 3153 2543 3204 ὁ
2574 3148 2763 3213 εἰπὼν,
2797 3151 2878 3203 ὅτι
2927 3148 3128 3213 Ἐκτὸς
3171 3145 3283 3213 τῆς
3329 3138 3658 3208 σιωπήσεὼς
3688 3151 3786 3195 σου,

2280 3240 2439 3295 τοῦτο
2466 3242 2650 3311 σαφῶς
2678 3241 2757 3312 τῷ
2787 3240 2928 3311 λόγῳ
2963 3239 3313 3311 παρίστησιν,
3343 3237 3421 3290 ὅτι
3452 3232 3581 3289 καλὰ
3608 3229 3687 3301 μέν
3709 3229 3791 3279 ἔστι

2283 3333 2375 3386 καὶ
2411 3333 2619 3403 μεγάλα
2649 3332 2719 3388 τὰ
2750 3332 2827 3402 τῷ
2857 3332 2998 3403 λόγῳ
3033 3330 3265 3401 φανῆναι
3309 3327 3590 3397 δυνάμενα,
3620 3324 3701 3376 ὅσα
3724 3320 3789 3369 ὲκ·

617 3405 766 3475 quod
808 3403 1057 3461 oratione
1094 3422 1205 3462 non
1237 3410 1571 3476 continetur,
1590 3411 1867 3466 silentium
1899 3424 2010 3480 est,
2039 3431 2178 3473 con-

2281 3424 2369 3488 τός
2392 3425 2506 3479 ἐστι
2538 3425 2637 3495 τῆς
2665 3422 2980 3495 σιωπήσεώς
3011 3440 3124 3476 σου.
3161 3421 3241 3475 Τά
3271 3421 3328 3474 δὲ
3364 3417 3455 3473 τοῦ
3490 3416 3635 3504 λόγου
3659 3409 3788 3504 ἐκτὸς,

618 3497 869 3566 sequitur
910 3499 1133 3553 omnino
1197 3500 1521 3569 putandum,
1573 3502 1629 3558 id
1683 3519 1805 3559 esse
1851 3506 2175 3575 orationem,

617 3588 763 3658 quod
795 3596 948 3645 extra
971 3590 1246 3646 silentiqu
1283 3592 1373 3648 sit.
1406 3592 1585 3658 Quare
1619 3610 1742 3649 cum
1770 3596 1900 3653 dicit
1928 3616 1941 3652 :
1974 3598 2177 3655 Practer

619 3679 673 3734 id
699 3680 838 3751 quod
885 3682 939 3734 in
973 3689 1020 3735 te
1047 3682 1314 3748 reticetur,
1344 3682 1449 3739 hoc
1476 3685 1593 3739 vult
1630 3685 1774 3741 haud
1808 3687 1990 3755 dubie,
2040 3706 2178 3761 prte-

2281 3514 2350 3567 τά
2382 3517 2448 3585 τῇ
2480 3517 2654 3586 σιωπῇ
2691 3514 3092 3585 καλυπτόμενα,
3121 3511 3189 3566 τά
3226 3510 3444 3586 ἄρρητά
3474 3524 3529 3602 τε
3566 3503 3648 3558 καὶ
3676 3502 3790 3602 ἀνεξ-

2282 3605 2525 3677 φώνητα,
2559 3606 2789 3669 πάντως.
2812 3605 2906 3662 καὶ
2933 3603 3354 3677 Θαυμασιώτερα
3379 3601 3484 3656 τῶν
3512 3600 3791 3667 ὲκφωνουμε⁶

2285 3715 2391 3753 νων
2421 3698 2589 3753 ἐστίν.

618 3775 767 3829 clara
794 3775 1014 3846 quidem
1043 3784 1096 3830 et
1127 3791 1323 3848 magna
1359 3792 1505 3843 esse,
1529 3794 1652 3849 quae
1680 3780 1911 3837 indicari
1939 3786 2186 3843 oratione
2222 3793 2467 3861 possint,
2491 3794 2635 3864 quod
2667 3793 2926 3849 nimirum
2951 3801 3105 3849 extra
3138 3791 3423 3848 silentium
3453 3790 3466 3796 ’
3485 3785 3650 3859 posita
3696 3779 3790 3836 sint.

618 3868 840 3923 silentio
864 3882 993 3926 vero
1046 3875 1192 3924 tecta
1220 3877 1275 3923 et
1319 3869 1643 3938 ineil‘abilia,
1695 3874 1876 3931 modis
1958 3879 2215 3937 omnibus
2291 3886 2500 3955 majora
2524 3894 2578 3941 ct
2607 3885 3014 3941 admirabiliora
3046 3901 3168 3941 esse
3192 3887 3284 3951 iis,
3309 3898 3431 3956 qua:
3449 3880 3673 3937 oratione
3699 3885 3790 3943 pro'

618 3960 894 4016 feruntur.

684 4053 844 4110 Nunc
868 4055 1030 4110 etiam
1074 4054 1188 4121 illa,
1240 4072 1364 4127 quae
1397 4067 1721 4129 sequuntur,
1752 4063 2039 4120 audiamus
2082 4081 2180 4120 en-

615 4147 791 4202 comia
830 4187 846 4213 ,
907 4162 1139 4217 quorum
1215 4151 1487 4204 sententia
1577 4154 1882 4210 consimilis
1961 4163 2045 4211 est
2100 4156 2175 4212 illi

616 4247 801 4310 puteo,
848 4238 1007 4308 cujus
1030 4252 1094 4293 os
1123 4250 1515 4295 commemorat
1550 4243 1777 4300 historia
1816 4246 1993 4317 lapide
2025 4250 2176 4318 gravi

615 4336 699 4389 sic
731 4331 1000 4386 munitum
1044 4328 1237 4396 fuisse,
1292 4341 1352 4386 ut
1383 4333 1671 4391 diﬂiculter
1702 4337 1822 4408 ejus
1868 4354 2009 4410 aqua
2062 4340 2174 4396 frui

616 4426 808 4497 puellae
841 4433 1129 4496 pascentes
1162 4434 1385 4497 possent
1420 4448 1432 4482 :
1459 4429 1634 4487 donec
1662 4446 1727 4487 eo
1751 4433 1963 4490 delatus
1990 4433 2176 4504 Iacob,

614 4518 850 4589 lapidem
898 4516 967 4572 ab
1014 4532 1110 4573 ore
1147 4518 1297 4587 putei
1338 4520 1650 4586 submovit,
1691 4529 1745 4577 et
1790 4537 1929 4593 aqua
1958 4524 2180 4594 repletis

616 4611 783 4675 vasis,
817 4624 884 4664 ex
924 4608 1125 4679 quibus
1162 4609 1419 4665 biberunt
1455 4626 1666 4682 greges,
1698 4612 1828 4668 fecit
1872 4621 1930 4668 ut
1966 4615 2181 4672 abunde

2368 4066 2712 4139 Ἀκούσωμεν
2761 4068 2817 4121 δὲ
2875 4067 2969 4121 καὶ
3018 4066 3128 4120 τῶν
3189 4066 3393 4136 ἐφεξῆς
3449 4062 3700 4121 ἐπαίνων,
3744 4047 3795 4106 ὧν

2282 4163 2317 4230 ή
2349 4160 2555 4216 διάνοια
2592 4160 2670 4231 τῷ
2703 4162 2802 4231 τῆς
2848 4160 3085 4230 ἱστορίας
3131 4158 3273 4213 ἔοικε
3324 4158 3538 4229 φρέατι,
3576 4147 3704 4223 ᾧπέρ
3737 4162 3794 4209 τις

2281 4252 2424 4316 λίθος
2454 4252 2664 4323 ἐπέχων
2689 4251 2751 4304 τὸ
2787 4251 3024 4321 στόμιον,
3052 4250 3256 4322 ἄπορον
3303 4253 3449 4304 ποιεῖ
3482 4250 3595 4310 ταῖς
3630 4259 3797 4313 ποιμαι-

2285 4343 2501 4408 νούσαις
2542 4343 2641 4415 τὴν
2689 4344 2975 4414 μετουσίαν
3023 4341 3117 4396 τοῦ
3173 4342 3395 4407 ὓδατοςο
3443 4340 3553 4394 ἀλλ’
3594 4340 3620 4392 ό
3653 4328 3796 4389 Ἰαχὼὸ

2286 4436 2510 4499 ὲπιστάς
2537 4435 2882 4508 ἀναμοχλίζει
2922 4453 2981 4488 τε
3009 4434 3102 4489 τοῦ
3151 4435 3378 4507 στομίου
3428 4434 3517 4488 τὸν
3560 4430 3703 4492 λίθον,
3733 4424 3800 4478 καὶ

2286 4530 2465 4601 πλήρη
2493 4530 2560 4583 τὰ
2586 4532 2904 4601 ποτιστήρια
2930 4529 3158 4599 ποιήσας
3187 4527 3282 4581 τοῦ
3310 4526 3520 4591 ὕδατος,
3555 4523 3697 4577 ἔδωκε
3718 4517 3797 4576 τοῖς

2287 4619 2562 4691 θρέμμασι
2613 4622 2730 4673 κατ’
2778 4620 3018 4685 ἐξουσίαν
3070 4619 3406 4689 ἐντρυφῆσαι
3446 4616 3550 4669 τῶν
3582 4611 3797 4681 ναμάτων.

613 4714 676 4755 se
736 4707 864 4769 potu
909 4701 1307 4754 recrearent".
1368 4701 1433 4756 Et
1470 4717 1591 4771 qua:
1645 4703 1860 4759 tandem
1894 4706 1985 4759 illa
2021 4715 2172 4773 sunt,

2281 4711 2409 4764 Τίνα
2434 4712 2609 4764 τοίνυν
2635 4712 2802 4777 ἐστὶν,
2839 4710 2875 4764 ἆ
2905 4710 2982 4781 τῷ
3010 4708 3230 4779 τοιούτῳ
3260 4708 3461 4778 φρέατι
3510 4696 3799 4775 προσεικάζο-

614 4808 737 4862 quae
791 4792 887 4846 tali
926 4806 1048 4846 cum
1093 4802 1258 4863 puteo
1292 4796 1721 4863 comparamus?
1761 4795 2049 4868 Sexaginta
2092 4817 2178 4856 re-

614 4883 753 4952 gina:
778 4892 919 4943 sunt,
947 4890 996 4935 et
1025 4883 1285 4953 octoginta
1333 4882 1655 4949 concubium,
1692 4894 1741 4938 et
1773 4884 2177 4955 juvencularum

615 4991 719 5028 non
749 4983 829 5028 est
870 4990 1138 5029 numerus.
1200 4971 1317 5028 Una
1350 4983 1428 5029 est
1476 4975 1717 5030 columba
1754 4993 1892 5041 mea,
1944 4980 2176 5050 perfecta

614 5081 752 5120 mea.
783 5062 950 5119 Unica
979 5075 1059 5120 est
1089 5065 1249 5119 matri
1298 5081 1427 5131 suae,
1484 5066 1649 5121 electa
1680 5069 1763 5123 illi
1815 5087 1932 5141 qua:
1977 5075 2173 5141 peperit

614 5175 751 5213 eam.
791 5158 925 5224 Quis
959 5158 1125 5229 igitur
1154 5158 1313 5213 nobis
1332 5158 1565 5228 lapidem
1617 5161 1968 5220 obscuritatis
2007 5165 2173 5233 hujus

613 5251 881 5307 volvendo
925 5250 1305 5306 submovebit?
1355 5252 1480 5322 quis
1530 5253 1838 5308 abditarum
1913 5271 2176 5311 sensuum

614 5358 811 5414 aquam
844 5343 1161 5407 exantlabit,
1193 5357 1315 5413 qua:
1343 5344 1563 5415 quidem
1594 5362 1770 5417 usque
1800 5347 1936 5404 adeo
1977 5351 2084 5405 sita
2118 5351 2177 5408 in

616 5433 891 5506 profundo
916 5442 1023 5499 est,
1072 5442 1131 5489 ut
1162 5445 1352 5491 nostra
1404 5453 1522 5492 eam
1556 5439 1696 5494 ratio
1736 5449 1970 5510 nequeat
2011 5443 2177 5498 attin-

618 5529 785 5596 gere?
812 5527 1102 5584 Enimvero
1126 5540 1272 5585 recte
1298 5546 1384 5587 me
1420 5530 1604 5588 facere
1631 5532 1889 5599 arbitror,
1920 5550 2044 5591 cum
2077 5554 2171 5593 ve-

618 5619 750 5674 stris
770 5620 992 5677 auribus
1018 5628 1273 5679 testatum
1304 5621 1466 5689 facio,
1484 5625 1865 5694 cogitationem
1892 5627 2085 5682 borum
2121 5630 2175 5684 in

620 5708 771 5765 solos
796 5708 923 5765 illos
947 5710 1162 5777 cadere,
1209 5727 1351 5783 quos
1378 5715 1670 5784 Apostolus
1718 5715 1809 5770 his
1853 5718 2038 5775 verbis
2084 5735 2177 5790 ap-

685 5882 734 5919 “
763 5882 808 5940 ιι
831 5885 938 5940 Cor
996 5904 1114 5957 xtu,
1140 5889 1199 5947 3.
1273 5890 1317 5923 ⁸⁸
1347 5890 1389 5945 G
1430 5908 1483 5947 ιι.
1516 5908 1665 5961 nux,
1708 5892 1772 5948 10
1801 5910 1919 5964 sqq.

2285 4815 2419 4868 μεν;
2454 4798 2775 4866 Ἐξήκοντά
2800 4802 2917 4853 εἱσι
2938 4800 3330 4863 βασίλισσαι,
3365 4797 3466 4850 καὶ
3496 4791 3802 4864 ὀγδοήκοντα

2279 4892 2605 4955 παλλακαὶ,
2650 4891 2916 4957 νεάνιδες
2963 4886 3050 4945 ὧν
3079 4894 3191 4946 οὐκ
3235 4891 3412 4945 ἐστιν
3441 4887 3685 4957 ἀριθμός.
3711 4878 3802 4974 Ma

2275 4979 2409 5033 ἐστὶ
2456 4980 2772 5050 περιστερά
2814 4998 2953 5050 μου,
3011 4982 3206 5035 τελεία
3246 4998 3394 5049 μου.
3445 4980 3565 5033 Μία
3611 4972 3721 5029 ἐστὶ
3751 4972 3801 5031 ni

2271 5074 2451 5143 μητρὶ
2481 5073 2689 5141 αὐτῆς,
2722 5072 3032 5141 ἐκλεκτική
3062 5073 3192 5127 ἐστι
3224 5071 3301 5141 τῇ
3350 5072 3606 5136 τεκούσῃ
3634 5060 3800 5123 αὐτήν·

2278 5167 2374 5231 Τίς
2415 5162 2508 5221 οὖν
2546 5169 2676 5237 ἡμῖν
2717 5164 3034 5219 ἀποκυλίσει
3064 5165 3161 5236 τῆς
3200 5163 3471 5234 ἀσαφείας
3522 5158 3703 5225 ταύτης
3739 5148 3802 5202 τδν

2277 5258 2457 5325 λίθον;
2488 5258 2583 5321 Τίς
2609 5256 2919 5328 ὲξαντλήσει
2952 5257 3058 5313 τῶν
3088 5256 3376 5329 νοημάτων
3406 5256 3469 5309 τὸ
3506 5252 3640 5320 ὕδωρ
3666 5244 3801 5339 νοῖξτως
3914 5278 3915 5339 γ

2278 5351 2336 5404 ἐν
2372 5350 2524 5421 βάθει
2560 5352 2968 5422 κατακείμενον,
3014 5350 3091 5413 ὡς
3129 5350 3420 5419 ἀνέφικτον
3453 5342 3587 5400 εἶναι

2277 5442 2419 5513 τέρῳ
2445 5441 2625 5512 λόγῳ;
2669 5441 2826 5497 Ἀλλά
2856 5460 2943 5513 μοι
2976 5441 3155 5505 καλῶς
3196 5440 3340 5511 ἔχειν
3386 5438 3535 5529 δοκεῖ
3556 5432 3694 5488 τοῦτο

2283 5535 2469 5597 ἀκοαῖς
2499 5532 2651 5604 ὑμῶν
2674 5531 3161 5605 διαμαρτύρασθαι,
3206 5533 3285 5586 ὃτι
3335 5529 3400 5583 τὸ
3442 5527 3610 5583 ταῦτα
3648 5527 3803 5589 γνῶναι

2286 5624 2461 5697 μόνων
2486 5622 2704 5679 ἐκείνων
2732 5625 2897 5693 ἐστὶν,
2929 5625 3062 5697 πρὸς
3105 5623 3197 5688 οὓς
3239 5640 3409 5694 φησιν
3439 5623 3468 5674 ό
3506 5608 3799 5697 Ἀπόστολος

2284 5691 2365 5772 δτι
2397 5717 2496 5772 Ἐν
2522 5718 2698 5772 παντὶ
2728 5691 3177 5785 ἐπλουτίσθητε,
3301 5691 3508 5770 ’παντὶ
3542 5708 3705 5777 λόγῳ,
3728 5691 3801 5752 καί
