3824 6486
76 469 80 473 ς
127 406 237 462 “09
1092 402 1156 458 IN
1181 402 1476 460 CANTICA
1511 401 1775 460 CANTIC.
1816 402 2093 460 HOMILIA
2127 402 2244 459 XV.
3145 402 3284 460 1110

120 525 178 577 ἐν
202 522 338 591 πάσῃ
380 520 614 593 γνώσει.
658 522 725 578 Ἥ
760 522 816 577 δὲ
847 521 1087 594 ἡμετέρα
1142 524 1300 579 πενία
1352 526 1458 579 τῶν
1510 542 1630 597 προ-

1775 526 1904 581 ellat
1936 544 1950 581 :
1984 523 2050 579 In
2073 522 2309 579 omnibus
2338 521 2567 591 opulenti
2587 521 2718 592 facti
2748 520 2894 585 estis,
2923 519 2979 574 in
3007 520 3148 574 omni
3177 537 3285 576 ser-

120 615 339 685 κειμένων
362 614 453 667 τοῦ
481 614 637 685 λόγου
669 614 953 688 θησαυρῶν
994 616 1414 687 περιδράξασθαι
1454 618 1630 673 ἀδυνά

1776 633 1911 681 tone,
1933 625 1981 670 et
2013 616 2068 669 in
2094 614 2233 669 omni
2260 613 2550 684 cognitione
2580 614 2647 668 ".
2677 610 2875 668 Nostra
2902 625 3028 666 vero
3060 612 3286 681 penuria

116 723 206 769 τως
238 704 333 776 ἔχει
353 721 367 735 ·
396 704 531 775 πλὴν
560 704 635 769 ὡς
674 705 738 760 ἂν
766 706 859 760 τοῦ
888 709 984 776 τῆς
1015 707 1209 779 ἀργίας
1243 710 1626 781 κατακρίματος

1782 709 2053 779 ropositos
2080 706 2238 763 nobis
2286 707 2342 761 in
2380 706 2530 762 hisce
2570 705 2752 762 verbis
2801 704 3086 760 thesauros
3136 717 3289 759 com-

117 796 205 861 ἔξω
243 795 532 867 γενοίμεθα,
579 796 667 850 διὰ
712 797 802 851 τὸν
850 798 1071 870 ἐρευνᾷν
1112 801 1210 862 τάς
1250 800 1470 868 Γραφάς
1516 803 1627 872 ήμῖη

1781 787 2076 856 rehendere
2124 798 2272 853 nullo
2302 796 2463 852 modo
2500 803 2697 866 potest.
2731 794 2809 850 Ne
2847 804 3028 851 tamen
3066 792 3291 864 ignaviae

115 887 547 959 νομοθετήσαντα·
599 889 790 961 μικρόν
845 908 967 944 τινα
1023 892 1116 944 καὶ
1175 891 1383 955 τούτοις
1449 892 1625 963 ἱδρῶτι

1777 893 2189 958 ondemnemur,
2227 905 2349 945 cum
2378 889 2463 944 lex
2495 887 2655 943 nobis
2686 888 2795 940 lata
2829 887 2921 950 sit,
2972 901 3092 957 qua:
3131 900 3285 941 scru-

114 978 389 1049 προσθεῖναι
440 977 496 1032 οὐ
556 980 977 1051 κατοκνήσομεν.
1024 981 1205 1051 Φαμὲν
1259 982 1434 1035 τοίνυν
1474 982 1624 1052 δόγμι

1780 985 1935 1042 indas
1954 1000 2076 1041 esse
2089 983 2320 1039 Litteras
2344 995 2529 1036 sacras
2565 979 2809 1049 praecipit
2836 991 3154 1047 :parumper
3186 975 3290 1030 hac

112 1087 159 1121 τι
186 1070 275 1123 τῶν
300 1070 651 1143 ἀστειοτὲρων
689 1071 786 1141 τὴν
817 1072 872 1124 ὲν
898 1073 1010 1135 τοῖς
1041 1074 1221 1143 ῥητοῖς
1271 1071 1471 1136 τούτοις
1504 1070 1622 1141 φιλο

1782 1076 1906 1130 tiam
1946 1074 2001 1129 in
2030 1082 2181 1145 parte
2202 1071 2417 1128 sudoris
2446 1070 2702 1125 adhibere
2716 1083 2825 1123 non
2847 1067 3292 1123 detrectabimus.

114 1160 276 1229 σοφίαν
301 1160 383 1214 διὰ
408 1160 513 1215 τῶν
545 1162 778 1216 ἐπαίνων
811 1162 910 1231 τῆς
942 1162 1158 1237 νύμφης
1194 1165 1326 1234 ἡμῖν
1357 1161 1624 1234 παρατίθει

1785 1166 1987 1223 ιίοἱωυε
2037 1180 2166 1235 ergo
2193 1162 2639 1233 comprehensam
2691 1160 2777 1216 his
2806 1159 2990 1215 verbis
3045 1159 3295 1230 philoso-

112 1248 235 1302 σθαι.
261 1250 326 1302 Τδ
347 1249 402 1304 δὲ
432 1249 604 1321 δόγμα
632 1250 866 1304 τοιοῦτόν
909 1252 1056 1305 ἐστιν
1081 1267 1096 1284 ·
1123 1252 1195 1306 Οὐ
1243 1252 1379 1323 μετὰ
1410 1253 1507 1322 τῆς
1547 1254 1615 1305 αὑ

1789 1259 1949 1322 hiam,
1981 1257 2186 1328 perhas
2217 1268 2428 1326 sponsae
2464 1252 2649 1307 Iaudes
2671 1252 2977 1322 elegantem
3014 1250 3299 1320 quamdam

0 1360 1 1365 η
110 1340 198 1410 τῆς
221 1340 518 1405 ἀκολουθίας
546 1342 636 1395 καὶ
655 1342 859 1407 τάξεως
880 1342 1118 1406 κτίζεται
1142 1342 1209 1397 τά
1231 1343 1356 1397 ὄντα
1398 1344 1492 1397 καὶ

1792 1350 1906 1405 obis
1960 1348 2262 1404 doctrinam
2316 1359 2637 1416 proponere.
2677 1341 2754 1396 Ea
2791 1357 2922 1397 vero
2962 1349 3046 1397 est
3103 1340 3302 1410 hujus-

111 1430 344 1495 κτίζεται.
382 1433 508 1486 Ὅτε
556 1433 651 1502 μὲν
688 1433 795 1505 γάρ
842 1433 959 1487 κατ’
1002 1433 1177 1505 ἀρχὰς
1226 1434 1312 1488 διὰ
1360 1434 1461 1505 τῆς
1504 1433 1621 1487 θεία

1790 1438 2058 1496 ιοόὶεΝοη
2088 1438 2273 1495 eadem
2301 1438 2513 1492 ratione
2540 1446 2701 1506 atque
2735 1435 2929 1490 ordine
2975 1432 3300 1488 universum

107 1521 360 1593 δυνάμεως
385 1524 418 1594 ἡ
441 1524 539 1595 τῆς
567 1524 794 1588 κτίσεως
819 1524 1078 1594 ὑφίστατο
1108 1524 1286 1594 φύσις,
1317 1525 1401 1594 ἐφ’
1424 1524 1617 1579 ἑκάστο

1789 1546 1854 1588 OC
1880 1538 1934 1586 Ct
1959 1537 2201 1586 creatum
2235 1537 2317 1584 est
2347 1535 2401 1583 et
2431 1534 2743 1581 renovatur.
2791 1523 2924 1579 Nam
2951 1538 3075 1577 cum
3114 1536 3299 1576 rerum

111 1611 209 1664 τῶν
252 1612 411 1667 ὄντων
455 1614 786 1677 ἀδιαστάτως
833 1617 900 1686 τῇ
950 1616 1090 1686 ἀρχῇ
1140 1615 1544 1687 συναπηρτίσθη
1594 1633 1621 1669 τ

1790 1622 1906 1677 ιὶιὶο
1931 1621 1983 1676 vi
1999 1620 2239 1676 numinis
2265 1619 2433 1674 divini
2446 1632 2566 1674 esse
2581 1625 2887 1672 creatorum
2905 1622 3098 1668 natura
3116 1611 3300 1682 cmpit,

106 1706 283 1777 πέρας,
309 1708 440 1761 πᾶσι
470 1710 579 1771 τοῖς
604 1709 667 1761 ἐκ
696 1706 789 1761 τοῦ
821 1707 895 1779 μὴ
930 1706 1081 1771 δντος
1108 1710 1185 1772 είς
1212 1709 1273 1762 τὸ
1311 1705 1448 1762 εἶναι
1479 1725 1616 1779 παρα

1794 1729 1808 1767 ι
1836 1726 1895 1766 re
1909 1711 2149 1782 qualibet
2178 1724 2285 1763 una
2314 1723 2438 1763 cum
2474 1706 2745 1775 principio
2776 1704 2895 1760 sine
2914 1702 3026 1757 ullo
3041 1700 3304 1771 temporis

106 1799 395 1868 γενομένοις
421 1799 552 1869 ὁμοῦ
589 1802 654 1870 τῇ
695 1800 835 1871 ἀρχῇ
875 1799 1307 1871 συνανασχούσης
1332 1800 1433 1870 τῆς
1458 1800 1616 1852 τελειι

1795 1804 1931 1874 patio
1970 1803 2092 1858 ﬁnis
2118 1802 2277 1857 etiam
2300 1798 2669 1872 perfectioque
2701 1797 2777 1852 rei
2805 1796 3132 1866 coniunctus
3172 1792 3305 1847 fuit:

0 1920 3 1923 ν
105 1906 271 1959 τητος.
301 1890 394 1942 Ἕν
422 1889 477 1942 δὲ
502 1889 607 1943 τῶν
631 1890 949 1944 κτισθέντων
978 1893 1071 1945 καὶ
1094 1894 1128 1964 ἡ
1159 1892 1469 1965 ἀνθρωπίνη
1498 1912 1510 1945 ι

1800 1910 1878 1949 um
1898 1894 2147 1949 universa
2161 1892 2228 1948 de
2247 1892 2417 1946 nihilo
2432 1889 2693 1961 producta
2710 1903 2833 1943 cum
2854 1886 3118 1958 principio
3135 1882 3310 1955 perfe-

6 1992 11 1995 ‘
104 1981 262 2045 ἐστὶν,
293 1981 410 2034 οὐδὲ
443 1982 577 2053 αὑτὴ
608 1981 726 2035 καθ’
757 1982 1045 2053 ὁμοιότητα
1077 1984 1184 2038 τῶν
1219 1984 1391 2039 ἄλλων
1424 1987 1489 2039 ὲκ

1803 1988 1989 2042 .ionem
2004 1985 2167 2041 etiam
2186 1999 2342 2040 suam
2370 1987 2862 2051 consequerentur.
2895 1977 2990 2032 Est
3008 1984 3188 2031 autem
3209 1975 3313 2028 hu—

0 2082 5 2109 ί
106 2073 316 2142 αγωγῆς
362 2072 692 2143 προελθοῦσα
740 2074 832 2126 ἐπὶ
869 2074 929 2126 τὸ
979 2076 1213 2130 τέλειονο
1260 2076 1372 2131 ἀλλ’
1416 2077 1510 2131 ἀπί

1801 2092 1916 2133 lana
1943 2091 2158 2148 quoque
2185 2082 2378 2130 natura
2397 2074 2612 2128 illorum
2635 2073 2687 2127 in
2703 2084 2951 2133 numero,
2980 2082 3099 2138 quae
3130 2074 3311 2121 creata

4 2178 9 2181 ’
104 2168 316 2241 πρώτης
381 2166 659 2240 ὑπάρξεως
733 2171 1141 2242 συμπλασθεῖσα
1203 2174 1271 2242 τῇ
1343 2170 1514 2224 τελειό

1803 2180 1903 2234 mt,
1938 2178 1993 2225 et
2023 2166 2246 2239 perinde
2294 2174 2356 2221 ut
2416 2165 2638 2235 reliquae
2683 2178 2771 2218 res
2801 2176 2910 2216 non
2949 2157 3209 2229 paulatim
3245 2155 3313 2209 ad

0 2268 3 2275 '
118 2258 373 2327 Ἐγένετο
398 2259 522 2329 γάρ,
550 2259 624 2322 ὡς
658 2262 687 2313 ό
731 2262 900 2330 Λόγος
928 2262 1079 2332 φησι,
1122 2261 1246 2315 κατ’
1268 2264 1473 2316 εἰκόνα

1805 2261 2144 2318 eriectionem
2179 2273 2334 2314 suam
2372 2257 2667 2320 contendit,
2715 2254 2810 2310 sed
2872 2251 3059 2308 statim
3093 2264 3161 2304 ex
3205 2261 3315 2317 quo

0 2362 5 2389 ε
105 2347 199 2402 καὶ
246 2350 541 2418 ὁμοίωσιν.
584 2350 758 2421 Ὅπερ
801 2350 1127 2406 ἐνδείκνυται
1180 2351 1241 2405 τὸ
1292 2350 1400 2405 τῶν
1444 2354 1510 2421 ἀγ

1806 2354 1994 2408 rimum
2018 2367 2139 2407 esse
2174 2350 2359 2420 erepit,
2397 2349 2638 2419 perfecta
2671 2346 2792 2400 fuit.
2835 2343 3003 2397 Aiunt
3032 2340 3174 2395 enim
3206 2337 3316 2392 Lit-

0 2456 5 2461 '
103 2438 390 2509 ἀκρότατόν
422 2455 480 2490 τε
509 2439 603 2491 καὶ
623 2439 972 2494 τελειότατον.
1024 2439 1089 2493 Τί
1117 2439 1224 2510 γάρ
1257 2439 1323 2493 ἂν
1346 2440 1510 2511 ὑπέρτ

1810 2462 1889 2500 :rze
1914 2460 2082 2501 sacrae
2116 2461 2130 2496 :
2160 2442 2361 2496 Factus
2391 2450 2469 2495 est
2491 2441 2642 2495 homo
2672 2437 2738 2492 ad
2764 2435 3042 2506 imaginem
3070 2431 3161 2486 Dei
3180 2440 3229 2485 et
3253 2430 3320 2484 si—

0 2570 5 2577 .
103 2530 344 2603 εὑρεθείη
391 2530 489 2600 τῆς
532 2530 668 2601 πρὸς
715 2530 846 2583 Θεὸν
885 2531 1231 2601 ὁμοιώσεως;
1278 2531 1399 2584 Ἐπὶ
1440 2532 1510 2602 μὲ

1809 2537 2197 2591 ιὶιὶιιιάὶηεημδ.
2216 2533 2429 2600 Quibus
2457 2530 2632 2587 verbis
2666 2527 2939 2583 indicatur
2961 2526 3160 2579 bonum
3178 2521 3319 2576 inter

102 2620 199 2689 τῆς
221 2617 435 2691 πρώτης
457 2620 702 2683 κτίσεως,
724 2620 1053 2684 ἀδιαστάτως
1074 2625 1140 2693 τῇ
1164 2623 1300 2694 ἀρχῇ
1330 2624 1612 2693 συνανεφάη

1807 2628 1944 2681 mnia
1968 2626 2106 2680 bona
2133 2636 2403 2679 summum
2432 2628 2486 2675 et
2502 2616 2978 2689 perfectissimum.
3002 2608 3145 2676 Quid
3171 2606 3317 2663 enim

0 2734 5 2759 :
102 2710 165 2763 τὸ
197 2710 385 2782 πέρας,
421 2710 513 2763 καὶ
540 2711 645 2765 ἀπὸ
676 2711 775 2781 τῆς
802 2711 1129 2783 τελειότητος
1155 2716 1189 2784 ἡ
1229 2714 1385 2784 φύσις
1413 2715 1506 2768 τοῦ

1812 2718 1991 2791 aperiri
2039 2716 2211 2787 possit
2253 2711 2609 2771 similitudine
2643 2708 2811 2764 Deum
2853 2703 3124 2761 referente
3147 2698 3322 2756 subli-

104 2801 324 2872 ἤρξατο.
370 2802 582 2872 Ἐπειδὴ
629 2802 686 2855 δὲ
728 2802 804 2873 τῷ
852 2803 1063 2875 θανάτῳ
1112 2804 1199 2858 διὰ
1251 2806 1349 2875 τῆς
1396 2806 1531 2877 πρὸς
1574 2808 1614 2860 τί

1813 2789 1950 2867 tius?
1995 2812 2183 2880 Itaque
2231 2814 2379 2878 patet
2436 2806 2491 2859 in
2539 2802 2711 2873 prima
2738 2797 3015 2854 creatione
3062 2793 3179 2849 sine
3211 2789 3323 2844 ullo

0 2922 3 2949 ς
104 2892 301 2947 κακίαν
334 2894 563 2965 σχέσεως
598 2895 955 2959 οἰκειωθεῖσα,
988 2896 1087 2967 τῆς
1133 2899 1190 2951 ἐν
1232 2897 1308 2967 τῷ
1342 2899 1510 2969 ἀγαθᾷ

1812 2903 2032 2974 :mporis
2056 2900 2341 2957 intervallo
2377 2911 2486 2951 una
2525 2909 2649 2950 cum
2677 2888 2949 2963 principio
2974 2886 3137 2941 linem
3162 2882 3322 2938 etiam

0 3018 3 3019 ν
107 2987 276 3057 μονῆς
326 2987 608 3059 ἀπερρύη·
667 2987 766 3070 οὐκ
822 2987 1021 3059 ἀθρόαν
1077 2989 1196 3043 καθ’
1251 2992 1510 3063 ὁμοιότητι

1813 2995 2111 3066 pparuisse,
2155 3004 2350 3060 resque
2400 2994 2615 3042 creatas
2655 2999 2686 3037 a
2723 2980 3052 3052 perfectione
3071 2975 3323 3046 coepisse.

106 3081 416 3145 συστάσεως
450 3080 548 3150 τῆς
585 3068 803 3152 πρώτης
855 3081 1289 3151 ὲπαναλαμὸάνει
1338 3083 1436 3154 τὴν
1480 3083 1616 3137 τελει

1819 3092 2131 3154 osteaquam
2177 3095 2310 3135 vero
2340 3085 2533 3131 natura
2568 3080 2792 3146 propter
2834 3068 3176 3125 affectionem
3198 3077 3327 3135 erga

103 3190 264 3242 τητα,
299 3171 412 3225 ἀλλ’
439 3170 541 3242 ὀδῷ
572 3189 676 3225 τινι
706 3172 946 3243 πρόεισιν
977 3173 1068 3225 ἐπὶ
1095 3172 1155 3225 τὸ
1189 3172 1388 3243 μεῖζον,
1420 3174 1508 3227 διά
1536 3192 1613 3228 τιν

1819 3178 2127 3232 itiositatem
2154 3171 2312 3227 morti
2333 3170 2572 3230 addicta,
2602 3167 2670 3222 de
2688 3160 3091 3235 perseverantia
3116 3160 3171 3213 in
3186 3158 3329 3213 bono

104 3263 428 3327 ἀκολουθίας
463 3264 556 3316 κα)⁸
590 3263 794 3327 τάξεως
835 3265 953 3317 κατ’
985 3263 1162 3332 ὀλίγον
1198 3264 1614 3336 ἀποσκευαζομέε

1821 3267 1976 3324 xcidit
2007 3281 2022 3320 :
2057 3280 2164 3320 non
2212 3261 2435 3333 perinde
2474 3268 2532 3314 ut
2573 3260 2627 3313 in
2659 3264 2784 3313 ortu
2816 3255 3016 3326 primo,
3045 3248 3331 3323 perfectio-

105 3356 208 3425 τὴν
242 3355 377 3425 πρὸς
408 3355 476 3408 τά
503 3355 716 3408 ἐναντία
751 3354 1135 3425 προσπάθειαν.
1172 3356 1293 3409 Ἐπὶ
1327 3356 1423 3426 μὲν
1450 3356 1557 3427 γὰρ
1583 3374 1615 3409 τ

1820 3371 1902 3411 em
1971 3353 2149 3408 subito
2178 3356 2485 3420 recuperat,
2519 3348 2614 3404 sed
2648 3347 2735 3401 via
2779 3344 3015 3416 quadam
3052 3341 3121 3396 ad
3152 3338 3330 3409 majus

107 3446 335 3516 πρώτης
365 3448 719 3514 κατασκευῆς,
749 3446 898 3499 οὐδὲν
934 3442 1001 3517 ἦν
1031 3445 1090 3499 τὸ
1128 3445 1331 3500 κωλύον
1364 3446 1617 3517 συνδραμε

1820 3445 2141 3517 regreditur,
2181 3441 2342 3513 idque
2373 3450 2740 3496 consentanea
2792 3436 3001 3490 ratione
3030 3440 3084 3489 et
3115 3430 3330 3494 ordine,

104 3541 176 3607 τῇ
208 3538 419 3605 γενέσει
441 3538 500 3591 τὸ
526 3540 622 3609 τῆς
651 3537 862 3604 φύσεως
882 3537 1101 3601 τέλειον,
1134 3538 1331 3601 κακίας
1358 3539 1457 3591 οὐκ
1481 3536 1612 3609 οὑση

1823 3554 1907 3593 um
1966 3536 2225 3607 paulatim
2268 3534 2607 3590 affectionem
2638 3540 2693 3587 et
2733 3527 3011 3584 contraria
3038 3523 3333 3595 proclivem

107 3630 206 3681 ἐπὶ
255 3630 312 3682 δὲ
365 3630 461 3699 τῆς
503 3629 756 3701 δευτέρας
805 3627 1327 3699 ἀναστοιχειώσεως,
1377 3628 1617 3698 ἀναγκαί‹

1827 3628 2093 3699 t5tinguit.
2128 3626 2186 3681 in
2219 3627 2395 3697 prima
2422 3625 2565 3681 enim
2589 3619 2860 3676 creatione
2882 3617 3017 3673 nihil
3042 3622 3161 3670 erat
3193 3612 3337 3683 quod

107 3723 145 3791 ὴ
183 3722 582 3792 διαστηματικὴ
618 3721 949 3791 παράστασις
978 3722 1428 3792 συμπαρομαρτεῖ
1466 3722 1532 3791 τῇ
1581 3721 1617 3772 ὲι

1824 3721 2089 3791 npediret,
2144 3718 2433 3789 quominus
2487 3724 2694 3769 naturae
2740 3709 2999 3780 perfectio
3044 3721 3168 3761 cum
3213 3710 3334 3759 ortu

106 3812 470 3883 ακολουθήσει
515 3813 649 3883 πρὸς
687 3812 748 3865 τὸ
786 3812 997 3883 πρῶτον
1035 3812 1236 3881 ἀγαθὸν
1283 3809 1616 3880 ἀνατρεχούσ

1829 3813 1961 3867 isius
1984 3816 2355 3870 concurreret,
2375 3821 2498 3861 cum
2521 3803 2672 3860 nulla
2697 3809 2843 3857 esset
2861 3798 3155 3854 vitiositas.
3186 3794 3257 3847 At
3283 3792 3339 3846 in

105 3902 248 3955 διότι
298 3904 365 3971 τῇ
422 3901 576 3971 ὑλικῇ
622 3901 960 3972 προσπαθείᾳ
1001 3900 1306 3954 συνδεθεῖσα
1357 3900 1444 3952 διὰ
1494 3900 1615 3953 κακί

1828 3915 1889 3954 ac
1938 3899 2107 3953 altera
2144 3896 2487 3951 restitutione
2540 3890 2853 3948 necessario
2898 3887 3190 3942 comitatur
3222 3896 3338 3944 eos,

106 3993 276 4064 ἡμῶν
310 3996 343 4063 ἡ
376 3993 599 4056 διάνοια,
631 3991 749 4045 κατ’
776 3991 973 4060 ὀλίγον,
1004 3991 1189 4063 ὥσπερ
1219 3990 1400 4061 φλοιοῦ
1433 4008 1575 4053 τινος
1596 4008 1616 4042 1

1831 3992 1881 4046 ui
1908 3991 1974 4045 ad
2006 3990 2236 4059 primum
2266 3985 2399 4042 illud
2433 3986 2635 4039 bonum
2671 3985 2979 4040 recurrunt,
3010 3989 3165 4030 mora
3187 3989 3341 4043 qua:-

107 4085 465 4156 περιέχοντος
505 4071 590 4139 διὰ
634 4085 731 4154 τῆς
783 4083 1127 4154 ἀστειοτέρας
1170 4083 1393 4152 ἀγωγῆς
1447 4082 1617 4151 περιξι

1835 4098 1914 4137 am
1945 4091 1999 4137 et
2030 4081 2219 4136 dilatio
2243 4077 2500 4148 temporis
2530 4094 2541 4128 :
2570 4080 2855 4144 propterea
2885 4067 3030 4139 quod
3058 4080 3212 4120 mens
3242 4079 3345 4117 no-

110 4153 411 4251 μένηίτὴν
436 4177 707 4247 συμφυΐαν
741 4176 1035 4229 ἀπωθεῖται
1059 4175 1153 4228 τοῦ
1189 4176 1447 4245 χείρονος.
1491 4174 1620 4227 Τούτ

1836 4189 1925 4241 ;ra,
1981 4188 2102 4243 quae
2155 4172 2225 4226 ob
2276 4168 2624 4225 vitiositatem
2679 4162 2973 4219 constricta
3006 4164 3231 4211 tenetur
3278 4153 3346 4209 ab

108 4268 282 4337 χάριν
312 4265 510 4327 πολλὰς
536 4260 674 4317 εἶναι
702 4264 851 4334 παρὰ
875 4262 953 4333 τῷ
980 4262 1152 4334 Πατρὶ
1186 4263 1351 4333 μονάς
1381 4263 1618 4334 μεμαθψ

1836 4267 2076 4322 ﬂ‘ectione
2101 4263 2331 4334 quadam
2350 4257 2720 4332 propendente
2744 4255 2801 4309 in
2827 4268 2916 4307 res
2938 4264 3178 4312 crassas,
3210 4262 3346 4302 con-

112 4372 245 4425 μεν,
270 4354 411 4406 κατά
438 4354 537 4424 τὴν
564 4351 847 4420 ἀναλογίαν
877 4352 975 4423 τῆς
1014 4352 1073 4405 ὲν
1102 4352 1313 4422 ἑκάστῳ
1344 4351 1477 4423 πρὸς
1507 4352 1565 4404 τὸ
1594 4369 1622 4404 κ

1836 4357 2127 4412 ιηοιίοηοω
2164 4368 2286 4408 cum
2329 4351 2494 4415 malo,
2544 4347 2701 4418 quasi
2744 4344 3006 4399 corticem
3061 4338 3346 4411 quemdam

109 4446 215 4499 λὸν
252 4444 507 4515 σχέσεως,
532 4443 624 4497 καὶ
652 4442 748 4512 τῆς
780 4442 874 4497 τοῦ
907 4442 1142 4514 χείρονος
1170 4444 1537 4507 ἀποστάσεως,
1560 4444 1617 4496 ὲτ

1841 4446 2090 4502 bductum
2108 4442 2233 4507 sibi,
2252 4456 2347 4512 per
2365 4440 2648 4495 decentem
2673 4433 2889 4491 vivendi
2922 4432 3185 4485 rationem
3206 4428 3351 4483 velut

110 4533 445 4605 μαζομένης
472 4533 605 4586 πᾶσι
645 4533 742 4601 τῆς
788 4532 1121 4595 ἀντιδόσεως.
1154 4532 1212 4585 '0
1258 4531 1355 4603 μὲν
1386 4532 1493 4602 γάρ
1519 4550 1601 4596 τις

1844 4537 2040 4605 ndique
2073 4532 2363 4603 scalpenda
2398 4527 2659 4601 paulatim
2685 4524 2949 4581 detrahat.
2966 4521 3078 4576 Hac
3104 4520 3170 4575 de
3187 4534 3354 4574 causa

106 4628 275 4697 ἀρχῇ
297 4626 395 4695 τῆς
417 4624 508 4677 τοῦ
545 4623 803 4694 βελτίονός
848 4625 962 4677 ἐστι
999 4620 1268 4693 βρώσεως,
1294 4623 1416 4693 ἄρτι
1449 4624 1616 4677 καθάτ

1844 4631 1960 4685 tiam
2017 4627 2216 4682 multas
2259 4623 2402 4693 apud
2432 4621 2643 4675 Patrem
2692 4618 2841 4671 illum
2880 4615 3193 4669 mansiones
3231 4625 3354 4666 esse

108 4720 189 4771 ὲκ
222 4715 391 4786 βυθοῦ
420 4732 560 4780 τινος
586 4713 678 4767 τοῦ
721 4713 859 4767 κατά
894 4713 1087 4777 κακίαν
1114 4712 1227 4784 βίου
1260 4714 1395 4785 πρὸς
1435 4712 1531 4784 τὴν
1568 4731 1618 4785 με

1847 4718 2194 4790 :cepimus",
2217 4716 2414 4786 quippe
2439 4711 2582 4783 quod
2611 4723 2707 4780 pro
2737 4708 2946 4763 ratione
2978 4701 3357 4776 propensionis

106 4808 322 4861 ουσίαν
345 4806 445 4876 τῆς
470 4806 724 4876 ἀληθείας
746 4805 1139 4876 άνανηξάμενος
1154 4822 1167 4834 ·
1194 4804 1270 4875 τῷ
1297 4804 1353 4857 δέ
1376 4822 1457 4867 τις
1481 4804 1616 4873 γέγο·

1846 4814 1870 4868 d
1899 4813 2125 4872 bonum,
2160 4815 2215 4863 et
2236 4806 2522 4862 abscessus
2555 4819 2586 4856 a
2607 4801 2770 4865 malo,
2799 4802 2997 4867 cuique
3020 4809 3232 4851 merces
3260 4808 3356 4864 pa-

111 4898 234 4966 ἦδη
277 4897 346 4950 δι’
380 4895 689 4963 ἐπιμελείας
727 4894 1003 4967 προσθήκη
1048 4893 1140 4947 τοῦ
1179 4895 1506 4966 κρείττονος
1547 4894 1621 4948 ἀλί

1852 4913 1926 4958 λιιι
1954 4903 2046 4957 sit.
2081 4898 2235 4954 Alius
2284 4896 2427 4953 enim
2474 4895 2650 4949 adhuc
2690 4901 2774 4949 est
2798 4892 2852 4945 in
2877 4890 3052 4961 primo
3079 4885 3362 4943 electionis

114 4989 417 5043 ὲπιπλεῖον
446 4989 533 5042 διὰ
556 4989 651 5060 τῆς
684 4986 974 5057 ἐπιθυμίας
996 4986 1103 5040 τῶν
1139 4986 1353 5055 ἀγαθῶν
1389 4986 1624 5057 ὲπηυξήθ

1851 4996 1935 5050 oni
1960 4993 2136 5055 initio,
2188 4997 2249 5045 ut
2288 4988 2379 5059 qui
2412 5002 2600 5043 recens
2635 5001 2665 5039 a
2710 4982 2879 5037 fundo
2905 4982 3029 5035 vita:
3054 4980 3265 5033 vitiosa:
3295 4975 3361 5029 ad

116 5085 154 5136 ὁ
198 5082 262 5134 δὲ
309 5081 479 5151 μέσης
513 5080 622 5152 ἔχει
656 5081 751 5148 τῆς
779 5080 885 5131 τῶν
914 5077 1128 5149 ὑψηλῶν
1156 5078 1496 5141 ἀναϐάσεως·
1526 5078 1626 5148 ἔτει

1851 5083 2057 5141 eritatis
2106 5082 2412 5136 fruitionem
2440 5076 2757 5140 emerserit;
2815 5074 2953 5127 alius
2984 5070 3233 5127 studioso
3266 5081 3361 5120 co-

116 5176 234 5229 καί
261 5174 324 5226 τὸ
355 5175 513 5243 μέσον
538 5173 879 5252 πειρέδραμεν
898 5189 911 5202 ο
938 5172 1044 5225 εἰσὶ
1073 5171 1128 5225 δέ
1157 5188 1297 5234 τινες
1324 5171 1415 5224 καὶ
1436 5171 1485 5223 οἱ
1510 5169 1626 5223 τούτ

1854 5185 1943 5231 atu
1974 5175 2084 5245 jam
2105 5173 2231 5228 boni
2289 5170 2519 5241 quadam
2569 5166 2883 5223 accessione
2937 5170 2991 5217 et
3028 5162 3363 5215 incremento

118 5266 374 5328 ἑαυτοὺς
402 5247 798 5337 ὑπεράραντες·
848 5264 994 5319 ἄλλοι
1040 5263 1319 5325 κάκείνους
1365 5260 1628 5332 παρήλασε

1853 5278 2005 5322 uctus
2038 5273 2121 5320 est
2155 5280 2169 5315 :
2204 5263 2343 5317 alius
2365 5261 2527 5317 etiam
2558 5258 2791 5328 amplius
2821 5255 2891 5310 ob
2917 5252 3244 5322 singularem
3272 5247 3363 5301 bo-

117 5360 235 5413 xa‘t
268 5358 411 5428 ὑπὲρ
436 5331 652 5421 τούτους
683 5358 856 5427 ἕτεροι
886 5358 1020 5427 πρὸς
1045 5355 1133 5408 τὸν
1155 5356 1264 5409 ἀνω
1284 5354 1478 5424 δρόμον
1502 5331 1627 5407 συντ

1861 5373 2010 5413 orum
2061 5353 2412 5425 cupiditatem
2469 5360 2553 5406 est
2602 5352 2930 5404 consecutus
2974 5358 2987 5393 :
3025 5339 3168 5394 alius
3214 5331 3371 5428 quasi

118 5467 363 5504 νονται·
407 5449 498 5502 καὶ
544 5450 677 5511 ὅλως
724 5447 861 5501 κατά
898 5447 992 5519 τὴν
1034 5446 1280 5516 ποικίλην
1318 5445 1425 5498 τῶν
1468 5463 1627 5516 προαι

1858 5449 2051 5503 tedium
2079 5448 2179 5502 iter
2203 5439 2616 5499 conscensionis
2650 5436 2715 5491 ad
2758 5434 2851 5488 illa
2888 5428 3142 5486 sublimia
3186 5421 3368 5479 confe-

122 5557 292 5593 σεων
346 5538 602 5609 διαφορὰν
647 5538 872 5591 ἕκαστον
911 5514 1113 5601 ὁνθεὸς
1158 5539 1214 5590 ὲν
1240 5514 1333 5607 .τῷ
1373 5536 1484 5605 ἰδίῳ
1512 5514 1631 5606 δέχε

1860 5539 1927 5601 it;
1963 5536 2102 5590 alius
2141 5536 2303 5589 etiam
2337 5530 2572 5585 medium
2607 5526 2711 5580 hoc
2732 5535 2896 5578 cursu
2918 5514 3370 5590 praeteriit;non-

119 5634 417 5701 τάγματι,
447 5630 515 5683 τά
554 5631 689 5701 πρὸς
733 5632 885 5697 ἀξίαν
921 5629 1247 5701 ἀποπληρῶν
1284 5630 1394 5689 τοῖς
1441 5629 1591 5693 πᾶσι,
1624 5646 1629 5680 :

1866 5627 1956 5681 ulli
1979 5634 2031 5683 et
2056 5626 2153 5680 bos
2174 5628 2520 5693 superarunt,
2537 5630 2672 5689 quos
2692 5626 2881 5668 rursus
2902 5610 2991 5665 alii
3012 5613 3137 5664 sunt
3158 5611 3373 5677 praeter~

214 5806 320 5862 "l
349 5808 474 5865 Cor.
501 5823 539 5875 I,
569 5807 623 5863 5.
698 5808 743 5841 ’δ
768 5806 901 5863 Gen.
943 5824 980 5875 ι,
1013 5807 1101 5862 26.
1177 5808 1223 5839 ’⁸
1244 5805 1397 5861 Joan.
1424 5821 1533 5873 xw,
1565 5804 1616 5857 ‘2.
