4004 6528
483 410 612 467 liii

1731 415 1790 473 ὃ.
1829 416 2152 476 GREGORII
2189 419 2477 479 NYSSENI

481 523 692 594 gressi;
742 524 1200 586 contendentibus
1235 527 1362 585 item
1416 530 1539 587 aliis
1571 545 1736 603 supra
1771 534 1871 600 bos
1897 551 2031 606 quo-

2145 541 2381 610 συνάγων
2401 544 2510 605 τοῖς
2539 539 2886 614 ὑψηλοτέροις
2919 540 3017 604 τάς
3058 538 3167 595 τῶν
3197 539 3414 610 ἀγαθῶν
3448 539 3708 612 ἀμοιϐάς.

480 629 588 684 que
624 615 691 669 ad
723 617 918 672 altiora
957 634 972 670 :
1005 616 1238 690 denique
1269 621 1413 678 Deus
1471 627 1695 682 omnino
1729 641 1832 702 pro
1862 628 2041 683 varie-

480 713 592 763 tate
642 707 922 764 industriae
971 709 1339 782 singulorum,
1375 730 1478 771 suo
1526 717 1824 787 quemlibet
1846 717 2040 774 ordine

482 795 700 867 recipit,
728 799 924 868 cuique
949 808 1152 855 sortem
1179 817 1244 857 ex
1274 802 1445 873 ipsius
1476 805 1740 875 dignitate
1771 807 2037 872 tribuens,

482 886 859 958 bonorumque
900 893 1372 961 compensationes
1402 903 1512 950 tam
1565 897 1632 952 ad
1669 897 2036 962 sublimiores,

482 995 644 1050 quam
681 980 966 1038 inferiores
1007 985 1442 1042 accommodans.
1493 987 1816 1059 Huiusmodi
1849 1005 2042 1060 quam-

482 1071 606 1126 dam
637 1076 1150 1132 commentationem
1194 1078 1405 1135 institui
1444 1083 1740 1153 propositis
1775 1083 1830 1137 in
1857 1083 2038 1140 verbis

483 1165 898 1234 existimamus,
960 1169 1374 1242 animarumque
1429 1173 1722 1228 discrimen
1783 1174 2036 1236 indicari.

481 1271 604 1326 qua:
640 1272 902 1326 sponsum
935 1259 1236 1316 intuentur.
1262 1261 1396 1317 Nam
1427 1264 1564 1318 alias
1584 1275 1744 1320 vocat
1774 1265 2040 1334 iuvencu-

482 1347 584 1411 las,
612 1365 841 1418 quarum
873 1352 1160 1409 multitudo
1207 1370 1495 1410 numerum
1521 1372 1736 1412 omnem
1768 1367 1988 1429 superat
2020 1377 2036 1414 :

482 1442 617 1498 alias
645 1445 978 1502 concubinas
1002 1463 1017 1513 ;
1046 1447 1180 1502 alias
1213 1450 1448 1517 reginas.
1467 1450 1909 1505 Concubinarum
1933 1467 2038 1506 nu-

483 1551 692 1590 merum
737 1537 1033 1594 decadibus
1093 1547 1220 1594 octo
1283 1540 1509 1609 deﬁniit,
1561 1557 1684 1597 cum
1731 1543 2040 1614 reginarum

483 1643 743 1684 numerus
766 1631 1178 1697 sexagenarium
1195 1634 1432 1704 erpleat.
1461 1634 1529 1689 At
1563 1650 1725 1706 supra
1755 1635 2040 1691 universas

483 1718 648 1775 hasce
687 1721 920 1776 collocat
969 1723 1186 1778 unicam
1237 1725 1386 1779 illam
1418 1725 1822 1796 perfectamque
1840 1726 2042 1780 colum-

2139 633 2233 686 καὶ
2255 631 2577 704 συμμετρῶν
2601 631 2864 686 ἐλάττοσι.
2889 629 3071 684 Ταῦτα
3093 630 3180 684 διά
3198 630 3304 683 τῶν
3331 629 3712 700 προκειμένων

2143 722 2320 795 ῥητῶν
2359 723 2661 793 φιλοσοφεῖν
2707 723 2797 776 τὸν
2846 723 3001 792 λόγον
3047 723 3436 794 ὑπενοήσαμεν,
3463 721 3561 793 τὴν
3592 721 3716 774 δια-

2140 813 2311 886 φοράν
2349 814 2456 868 τῶν
2486 815 2690 885 ψυχῶν,
2729 815 2784 869 αἶ
2819 814 2953 887 πρὸς
2990 814 3078 867 τὸν
3124 813 3353 884 νυμφίον
3383 813 3600 885 ὁρῶσιν,
3643 814 3709 865 ὲν

2140 904 2251 965 τοῖς
2305 901 2611 972 εἰρημένοις
2657 905 2789 974 ήμῖν
2844 901 3230 956 διαστείλαντα.
3288 900 3397 966 Τάς
3457 903 3553 973 μὲν
3592 903 3714 972 γὰρ

2139 993 2390 1065 ὀνομάζει
2420 995 2679 1060 νεάνιδας,
2719 995 2817 1067 τὴν
2859 993 2954 1048 τοῦ
3002 992 3234 1066 ἀριθμοῦ
3283 992 3441 1062 φύσιν
3473 994 3560 1046 διὰ
3603 992 3714 1046 τοῦ

2141 1085 2376 1158 πλήθους
2405 1086 2636 1151 νικώσας
2659 1105 2673 1118 ·
2715 1089 2877 1149 ἄλλας
2920 1087 2977 1141 δὲ
3018 1085 3343 1150 παλλακίδας
3363 1101 3376 1114 ’
3414 1085 3504 1138 καὶ
3535 1085 3718 1148 ἄλλας

2141 1177 2411 1248 βασιλίδας
2441 1173 2578 1231 εἷναί
2620 1195 2781 1249 φησιν
2826 1201 2841 1216 ο
2871 1176 3192 1231 όκτωδεκάδι
3219 1176 3323 1229 τῶν
3365 1175 3719 1230 παλλακίδων

2139 1268 2230 1321 τδν
2261 1269 2487 1339 ἀριθμὸν
2527 1267 2868 1341 περιγράψας
2887 1283 2902 1298 ⁶
2925 1266 3026 1331 τὰς
3045 1267 3100 1320 δὲ
3143 1265 3411 1338 βασιλίδας
3436 1265 3720 1318 συντελεῖν

2139 1359 2307 1414 εἰπὼν
2359 1363 2436 1424 είς
2487 1359 2766 1431 ἑξήκοντα,
2800 1359 3119 1430 ύπερτίθησι
3169 1357 3354 1410 πασῶν
3400 1356 3498 1428 τὴν
3541 1358 3598 1410 ὲν
3638 1358 3719 1426 τῇ

2144 1452 2325 1523 μονάδι
2352 1452 2728 1523 θεωρουμένην
2762 1451 2968 1506 τελείαν
3008 1449 3352 1523 περιστεράν,
3383 1452 3448 1519 ἢν
3477 1451 3569 1504 καὶ
3609 1449 3723 1521 μό-

2140 1561 2237 1615 νην
2273 1546 2336 1615 τῇ
2370 1545 2553 1616 μητρὶ,
2587 1543 3021 1622 καίὲκλεκτικὴν
3057 1540 3193 1600 εἶναι
3236 1548 3301 1616 τῇ
3333 1542 3564 1615 τεκούσῃ
3601 1542 3722 1596 αὺ-

2140 1635 2236 1707 τὴν
2263 1636 2636 1705 ἀποφαίνεται.
2683 1635 2864 1691 Ταῦτα
2910 1632 3001 1690 οὖν
3044 1637 3130 1692 διά
3161 1637 3269 1691 τῶν
3309 1636 3463 1690 θείων
3509 1633 3726 1702 λογίων

2143 1730 2282 1780 νοεῖν
2305 1727 2625 1798 ὲναγόμεθα,
2650 1729 2732 1782 ὅτι
2771 1728 2821 1782 οί
2864 1729 2960 1799 μὲν
2987 1730 3108 1800 ἀρτι
3140 1727 3327 1799 νηδύος
3362 1727 3502 1791 τινὸς
3523 1727 3620 1796 τῆς
3648 1726 3726 1778 ἐν

483 1810 629 1875 bam,
667 1827 827 1882 quam
867 1815 1037 1869 solam
1069 1815 1251 1883 matri,
1273 1824 1328 1870 et
1374 1817 1604 1872 electam
1637 1833 1760 1873 esse
1790 1815 2038 1887 genitrici

2147 1817 2296 1889 βάθει
2346 1819 2600 1890 κειμένης
2644 1819 2858 1892 ἀπάτης
2906 1819 3008 1886 ἔξω
3048 1820 3354 1889 γενόμενοι,
3407 1817 3724 1888 άρτιγενεϊς

484 1917 598 1958 sua:
631 1907 965 1972 pronuntiat.
990 1905 1176 1977 Itaque
1213 1923 1310 1978 per
1337 1909 1451 1964 haec
1475 1908 1660 1964 divina
1693 1884 1915 1962 oracula
1959 1907 2042 1962 di-

2145 1884 2284 1972 τινες
2311 1884 2478 1974 ὄντες,
2517 1884 2612 1963 καὶ
2651 1884 3233 1984 οὗπωριηρθρωμένοι
3274 1910 3330 1962 ὲν
3379 1884 3583 1972 ἑαυτοῖς
3611 1908 3726 1960 τὸν

483 1995 712 2062 scimus,
740 1998 1031 2052 nonnullos
1061 1998 1152 2068 qui
1181 2013 1291 2054 non
1312 1999 1387 2053 ita
1417 1999 1624 2069 pridem
1661 1998 1808 2054 velut
1837 2011 1902 2051 ex
1924 1997 2044 2052 alvo

483 2084 715 2156 quadam
745 2086 800 2140 in
832 2088 940 2142 imo
962 2088 1053 2143 siti
1083 2090 1290 2144 erroris
1311 2089 1630 2160 prodierint,
1663 2088 1927 2158 quasique
1960 2102 2046 2141 re-

482 2189 613 2230 cens
649 2175 802 2239 editi,
844 2176 1072 2232 necdum
1099 2181 1367 2234 sermonis
1383 2179 1655 2232 articulati
1687 2191 1914 2247 capaces
1935 2176 2046 2231 sint

481 2279 700 2338 propter
737 2269 1108 2324 assensionem
1155 2269 1275 2325 ﬁdei
1306 2285 1416 2324 non
1456 2270 1591 2325 satis
1624 2284 1652 2323 a
1679 2269 1889 2324 ratione
1909 2281 2046 2322 con-

483 2358 775 2425 ﬁrmatam,
816 2375 1044 2415 numero
1081 2359 1325 2415 infinitos
1347 2375 1470 2416 esse
1501 2378 1515 2414 :
1551 2360 1753 2429 quippe
1772 2359 1865 2429 qui
1902 2358 2046 2414 salu-

436 2487 442 2491 ς
481 2460 656 2506 tarem
712 2451 930 2521 quidem
985 2451 1062 2505 illi
1107 2465 1413 2506 sermonem
1461 2451 1707 2522 mysterii
1742 2451 1884 2507 sacri
1924 2465 2047 2507 esse

482 2541 851 2608 crediderunt,
884 2558 992 2597 non
1027 2551 1209 2598 tamen
1241 2558 1337 2614 per
1368 2541 1653 2600 scientiam
1677 2542 1963 2613 quamdam
1991 2551 2046 2598 et

483 2634 862 2690 certitudinem
885 2635 954 2689 ab
985 2636 1104 2706 ipso
1131 2649 1382 2691 sermone
1413 2633 1733 2706 profectam,
1768 2637 1922 2706 quasi
1956 2652 2046 2691 so-

484 2728 594 2784 lido
654 2729 974 2785 innitentem
1052 2729 1405 2784 fundamento
1473 2728 1758 2784 veritatem
1820 2729 2040 2784 habent.

481 2822 659 2892 Atque
689 2823 770 2877 lue
801 2830 928 2878 sunt
966 2823 1070 2878 illa;
1091 2823 1374 2893 appellata:
1402 2822 1728 2892 juvenculzr,
1760 2822 1907 2892 quod
1930 2823 2044 2892 ιιι-ξ-

483 2929 624 2968 mam
654 2915 829 2970 adhuc
844 2923 1054 2971 aetatem
1085 2915 1420 2985 Spiritualem
1452 2923 1636 2985 agant.
1668 2915 1921 2984 quodque
1950 2929 2046 2985 per

483 2999 604 3056 tidei
643 3017 948 3070 sermonem
973 3003 1184 3073 genitae,
1204 3002 1434 3058 necdum
1462 3004 1821 3058 conveniente
1864 3004 2043 3059 incre-

483 3103 666 3154 mento
717 3094 984 3166 ejusmodi
1039 3093 1196 3150 facta
1227 3095 1358 3160 sint,
1392 3102 1449 3149 ut
1479 3094 1564 3149 vel
1585 3101 1796 3148 etatem
1840 3095 2044 3164 nuptiis

482 3197 749 3244 maturam
781 3188 1082 3258 attigerint,
1113 3187 1197 3243 vel
1237 3187 1291 3242 in
1320 3186 1496 3243 virum
1524 3185 1822 3256 perfectum
1855 3201 2044 3241 evase-

2145 2000 2299 2069 λόγον
2324 2002 2684 2073 χωρήσαντες,
2722 2004 2788 2073 τῇ
2829 2002 3137 2075 ἁλογωτέρᾳ
3193 2000 3579 2071 συγκαταθέσει
3605 2001 3726 2070 τῆς

2144 2091 2377 2156 πίστεως
2403 2095 2462 2146 ὲν
2489 2094 2697 2165 ἀπείρῳ
2719 2093 3042 2166 θεωροῦνται
3067 2093 3289 2165 πλήθειο
3318 2095 3576 2163 σωτήριον
3601 2091 3724 2162 μὲν

2142 2177 2278 2236 εἶναι
2301 2184 2714 2247 πεπιστευκότες
2737 2183 2830 2236 τοῦ
2871 2183 3163 2255 μυστηρίου
3191 2183 3280 2236 τὸν
3309 2182 3484 2251 λόγον,
3503 2181 3564 2235 ού
3597 2180 3750 2252 μὴν.

2143 2273 2335 2345 ἑπιστή
2346 2291 2418 2345 μη
2439 2274 2542 2328 τινὶ
2562 2275 2655 2329 καὶ
2683 2278 2750 2347 τῇ
2775 2275 2861 2329 διὰ
2891 2275 2984 2329 τοῦ
3013 2275 3170 2344 λόγου
3200 2273 3532 2345 πληροφορίᾳ
3561 2273 3721 2344 ἱδρυ-

2145 2365 2313 2437 μένην
2341 2365 2550 2436 ἔχοντες
2581 2366 2638 2420 ὲν
2668 2367 2874 2431 ἑαυτοῖς
2902 2366 2999 2439 τὴν
3018 2361 3471 2438 ἀλήθειαν.Αὗταί
3492 2365 3621 2417 είσιν
3648 2363 3721 2417 αἱ

2142 2457 2516 2529 όνομασθεῖσαι
2543 2457 2798 2522 νεάνιδες,
2823 2458 2910 2512 διὰ
2939 2458 2999 2512 τὸ
3028 2458 3151 2513 νέαν
3175 2459 3323 2527 ἄγειν
3355 2457 3451 2527 τὴν
3477 2472 3723 2526 πνευμα-

2143 2549 2298 2621 τικήν
2324 2549 2558 2621 ἠλικίαν,
2585 2550 2641 2604 αἶ
2675 2550 3008 2619 γεννηθεῖσαι
3038 2550 3115 2621 τῷ
3147 2550 3289 2620 λόγῳ
3315 2549 3412 2619 τῆς
3451 2548 3716 2612 πίστεως,

2143 2645 2351 2698 οὐδέπω
2392 2644 2479 2698 διὰ
2507 2645 2608 2714 τῆς
2646 2644 2987 2716 καθηκούσης
3025 2644 3302 2714 αὐξήσεως
3339 2643 3577 2697 τοιαῦται
3615 2658 3722 2709 γε·

2143 2734 2379 2802 γόνασιν,
2406 2735 2480 2799 ὡς
2513 2735 2604 2789 ἐπὶ
2630 2735 2820 2806 γάμων
2852 2735 3033 2808 ἀκμὴν
3061 2734 3360 2808 προελθεῖν,
3391 2735 3480 2788 καὶ
3504 2732 3720 2803 φθάσαι

2144 2829 2222 2889 είς
2249 2826 2413 2897 ἄνδρα
2445 2827 2664 2892 τέλειον,
2701 2828 2780 2890 εἰς
2809 2827 3002 2898 μέτρον
3030 2827 3266 2898 γαμικῆς
3295 2825 3518 2897 ἡλικίας.
3546 2825 3718 2877 Ὥστε

2141 2917 2216 2987 τῷ
2270 2917 2416 2988 φόϐῳ
2471 2916 2562 2970 τού
2618 2916 2817 2988 Κυρίου
2879 2916 3134 2972 δύνασθαι
3190 2916 3557 2987 κυοφορῆσαι,
3612 2912 3718 2966 καὶ

2143 3007 2353 3077 πνεῦμα
2388 3007 2656 3079 σωτηρίας
2690 3006 3188 3078 παιδοποιήσασθαι.
3225 3006 3359 3061 Ἀλλ’
3392 3007 3468 3059 ἔτι
3504 3004 3581 3076 τῷ
3608 3021 3720 3074 νη-

2143 3101 2248 3171 πίῳ
2285 3117 2345 3152 τε
2385 3102 2478 3153 καὶ
2512 3100 2692 3154 ἀτελεῖ
2724 3102 2822 3172 τῆς
2854 3101 3105 3164 διανοίας,
3134 3100 3441 3173 άλογωτέρᾳ
3473 3115 3586 3161 πως
3623 3114 3722 3150 cu-

2144 3189 2276 3253 ζῶσι
2304 3191 2370 3260 τῇ
2395 3190 2646 3244 διαθέσει.
2699 3190 2844 3263 Πλὴν
2895 3190 3030 3244 ἀλλὰ
3074 3189 3167 3244 καὶ
3212 3184 3354 3244 οὗτοι
3391 3189 3496 3242 τῶν
3541 3187 3719 3252 σωζο-

482 3281 623 3345 rint,
663 3280 746 3335 vel
791 3295 1100 3335 mensuram
1143 3279 1349 3350 nuptiis
1391 3287 1531 3349 aptae
1565 3277 1742 3332 aetatis
1779 3285 2042 3332 assecuta

2145 3281 2318 3352 μένων
2364 3283 2490 3348 είσὶ,
2522 3280 2702 3346 καθώς
2734 3300 2896 3354 φησιν
2935 3283 2963 3334 ὁ
2996 3284 3310 3354 Προφήτης
3347 3283 3426 3336 ὅτι
3473 3281 3720 3350 Ἀνθρώ-

483 3373 613 3437 sint,
645 3379 704 3426 ut
728 3387 793 3426 ex
830 3370 922 3427 Dei
951 3381 1097 3427 metu
1132 3371 1273 3427 ferre
1309 3379 1526 3428 uterum
1572 3371 1804 3441 passint,
1840 3378 1894 3425 et
1931 3371 2040 3439 spi-

481 3464 648 3516 ritum
677 3462 873 3523 salutis
902 3461 1142 3530 gignere.
1195 3459 1459 3520 Nimirum
1494 3461 1671 3516 adhuc
1710 3470 1929 3531 propter
1952 3461 2038 3514 in-

2143 3386 2295 3438 πους
2335 3371 2434 3426 καί
2478 3372 2663 3440 κτήνη
2712 3372 2950 3440 σώσεις,
2984 3374 3185 3441 Κύριε·
3225 3373 3393 3443 κτήνη
3434 3370 3606 3439 λέγων
3646 3371 3720 3422 τὸ

2144 3462 2474 3536 ἀλογώτερον
2509 3465 2669 3536 μέρος
2706 3464 2813 3518 τῶν
2847 3464 3182 3536 σωζομένων.

483 3554 709 3608 fantiam
740 3563 794 3608 et
836 3551 1303 3622 imperfectionem
1387 3552 1608 3620 mentis,
1649 3568 1773 3608 cum
1841 3551 2124 3610 aiiectione
2159 3557 2390 3627 quadam
2413 3557 2662 3612 nonnihil
2693 3558 2850 3613 bruta
2884 3560 3008 3612 vita:
3031 3553 3470 3612 consuetudinem
3487 3551 3714 3607 habent.

485 3643 589 3698 Sed
621 3652 800 3696 tamen
833 3641 996 3695 etiam
1027 3642 1081 3695 hi
1109 3650 1238 3698 sunt
1258 3657 1445 3697 eorum
1470 3643 1522 3696 in
1569 3658 1818 3710 numero,
1879 3645 1972 3715 qui
2028 3646 2252 3702 salutem
2270 3659 2694 3719 consequuntur,
2784 3647 3236 3719 quemadmodum
3285 3644 3546 3715 Propheta
3595 3645 3710 3700 ait:

485 3736 741 3792 Homines
759 3746 810 3791 et
826 3737 1070 3806 jumenta
1098 3737 1354 3802 seruabis,
1392 3737 1611 3793 Domine
1631 3739 1702 3798 ".
1724 3739 1936 3806 Quibus
1975 3742 2157 3798 verbis
2209 3742 2454 3813 iumenta
2478 3752 2638 3800 vocat
2689 3759 2901 3810 eorum,
2926 3744 3016 3814 qui
3039 3751 3343 3804 servantur,
3365 3748 3565 3810 partem
3585 3750 3718 3806 pro-

484 3829 607 3901 pius
645 3827 892 3882 nonnihil
926 3828 1270 3883 accedentem
1295 3826 1360 3882 ad
1385 3828 1566 3882 bruta.

551 3922 820 3978 Caeterum
884 3919 1129 3985 illorum,
1182 3919 1237 3972 in
1285 3919 1487 3989 quibus
1527 3917 1884 3974 conveniente
1934 3929 2048 3973 stu-

483 4014 574 4072 dio
621 4027 777 4068 mens
827 4019 987 4066 aucta
1035 4018 1158 4075 cst“,
1207 4012 1412 4082 quique
1469 4011 1750 4065 infantiam
1810 4011 2044 4081 relique-

480 4117 630 4176 runt,
662 4107 862 4181 duplex
881 4105 963 4160 hic
995 4104 1289 4159 discrimen
1305 4103 1585 4159 discimus.
1608 4101 1817 4155 Etenim
1850 4104 2045 4156 animze

484 4201 623 4261 iiunf
639 4199 972 4275 quidemillae
992 4196 1411 4267 concorporales
1435 4194 1632 4257 Verbo,
1653 4201 1762 4246 tam
1787 4181 1866 4248 ha:
1882 4210 2042 4264 quam

481 4301 588 4355 illa:
617 4317 630 4352 :
655 4309 843 4352 verum
873 4290 1153 4347 nonnulla:
1193 4304 1288 4358 per
1325 4287 1643 4341 amatoriam
1674 4284 1830 4354 quasi
1853 4300 2044 4355 quam-

481 4391 607 4445 dam
640 4386 975 4443 aﬂectionem
1009 4396 1132 4436 cum
1156 4395 1222 4434 eo
1253 4378 1691 4448 conglutinantur
1720 4394 1735 4429 :
1770 4380 1927 4447 cujus
1952 4394 2044 4448 ge-

481 4481 632 4537 neris
680 4486 797 4534 erat
847 4471 1069 4528 Davidis
1121 4478 1174 4526 et
1215 4468 1368 4524 Pauli
1428 4470 1906 4538 anima:quarum
1952 4467 2042 4521 illa

483 4573 659 4641 inquit
690 4587 704 4624 :
732 4565 863 4620 Mihi
878 4580 994 4617 cum
1016 4561 1125 4615 Deo
1152 4560 1502 4631 conglutinnri
1531 4559 1718 4613 bonum
1746 4569 1821 4613 est
1842 4559 1910 4627 '1;
1933 4559 2046 4613 haec

2213 3920 2332 3976 Τῶν
2372 3920 2427 3974 δὲ
2469 3919 2555 3974 διὰ
2595 3920 2696 3991 τῆς
2733 3919 3075 3990 καθηκούσης
3113 3917 3420 3988 ἐπιμελείας
3449 3917 3717 3989 αὐξηθέν-

2142 4029 2248 4066 των
2278 4015 2344 4084 τῇ
2373 4013 2597 4084 διανοίᾳ,
2637 4013 2731 4067 καὶ
2761 4011 3218 4065 καταλελοιπότων
3253 4010 3350 4082 ήδη
3391 4011 3490 4081 τήν
3520 4012 3714 4080 νηπιό-

2141 4121 2299 4175 τητα,
2325 4105 2514 4176 διπλῆν
2555 4104 2660 4158 ύπδ
2707 4103 2799 4158 τοῦ
2829 4103 2986 4170 λόγου
3033 4103 3130 4173 τὴν
3171 4101 3427 4172 διαφοράν
3462 4101 3711 4155 διδασκό-

2147 4197 2302 4268 μεθα.
2352 4196 2592 4250 Γίνονται
2651 4195 2747 4267 μὲν
2803 4194 2912 4266 γάρ
2977 4195 3033 4247 αί
3085 4193 3249 4264 ψυχαὶ
3295 4193 3388 4246 καὶ
3435 4192 3712 4261 σύσσωμοι

2147 4286 2223 4357 τῷ
2263 4289 2438 4356 Λόγῳ,
2470 4286 2563 4339 καὶ
2617 4278 2774 4338 αὗται
2828 4285 3109 4337 κάκεῖναιο
3159 4283 3269 4337 ἀλλ’
3323 4283 3378 4335 αἱ
3429 4281 3525 4352 μὲν
3572 4282 3712 4352 ἐρω-

2148 4381 2272 4452 τικῇ
2296 4397 2399 4432 τινι
2427 4377 2657 4432 διαθέσει
2692 4375 3121 4448 προσκολλῶνται
3141 4391 3154 4404 ο
3203 4375 3288 4428 οἶα
3319 4369 3386 4444 ἦν
3417 4373 3448 4443 ή
3479 4372 3571 4424 τοῦ
3607 4376 3709 4424 Δαο

2150 4471 2264 4533 ϐὶδ,
2297 4474 2389 4527 καὶ
2429 4475 2462 4545 ή
2505 4471 2598 4526 τοῦ
2649 4469 2855 4524 Παύλου
2894 4469 3073 4540 ψυχή·
3125 4472 3158 4542 ή
3203 4471 3299 4541 μὲν
3346 4470 3573 4538 λέγουσα
3611 4469 3709 4529 τὸ,

2151 4565 2314 4634 Ἐμοὶ
2338 4564 2406 4618 δὲ
2431 4564 2493 4618 τὸ
2526 4561 3012 4633 προσκολλᾶσθαι
3034 4561 3112 4627 τῷ
3137 4560 3255 4627 Θεῷ
3275 4561 3499 4631 ἀγαθόν·
3517 4561 3705 4614 ἐστιν·

484 4677 615 4717 vero
640 4678 654 4715 :
679 4658 846 4714 Nemo
887 4656 1120 4726 sejunget
1148 4670 1241 4706 nos
1264 4671 1294 4706 α
1320 4652 1598 4706 dilectione
1620 4651 1736 4715 Dei,
1768 4663 1973 4721 quaeest
1992 4652 2042 4704 in

2151 4657 2184 4726 ἡ
2207 4655 2264 4709 δὲ
2286 4655 2364 4716 τὸ,
2399 4655 2604 4720 Οὐδεὶς
2632 4655 2866 4722 χωρίσει
2896 4651 3052 4723 ἡμᾶς
3071 4653 3188 4707 ἀπὸ
3221 4652 3329 4720 τῆς
3348 4651 3582 4722 ἀγτίπης
3603 4651 3710 4705 τοῦ

390 4759 395 4764 ’
488 4753 698 4809 Christo
721 4750 889 4807 Jesu:
921 4766 1022 4803 non
1041 4749 1167 4810 vita,
1187 4763 1286 4799 non
1314 4761 1475 4810 mors,
1496 4762 1597 4799 non
1627 4745 1764 4816 quod
1792 4761 2042 4815 praesens,

486 4861 592 4901 non
621 4843 758 4914 quod
813 4843 1050 4912 futurum
1081 4850 1181 4904 est,
1218 4855 1318 4892 non
1347 4838 1629 4907 quidquam
1661 4853 1841 4891 eorum
1869 4853 2044 4892 rerum

483 4953 600 5008 qua:
636 4935 896 4990 exsistunt
929 4932 994 4985 ’°.
1025 4931 1158 4985 Alia!
1208 4937 1386 4983 autem
1431 4927 1682 4998 supplicii
1713 4935 1856 4982 metu
1889 4929 2046 4982 adul-

483 5028 610 5085 terii
663 5038 892 5082 conatus
944 5024 1117 5079 vitant
1151 5037 1315 5077 :nam
1359 5030 1413 5076 et
1442 5021 1573 5091 ipsae
1607 5030 1828 5074 manent
1859 5020 2045 5073 incor-

486 5131 660 5192 ruptae
716 5121 769 5174 in
822 5119 1130 5189 integritate
1161 5131 1226 5170 ac
1265 5114 1734 5180 sanctiﬁcatione;
1777 5113 1870 5168 sed
1899 5119 2044 5166 metu

486 5215 658 5284 magis
675 5227 835 5283 quam
858 5209 1124 5266 desiderio
1156 5207 1403 5261 adductae
1427 5206 1686 5276 ﬂagitium
1716 5205 1920 5257 nullum
1949 5203 2048 5256 ad-

478 5292 730 5363 mittunt.
759 5303 888 5370 Quae
918 5301 1082 5372 igitur
1115 5314 1207 5370 per
1234 5297 1574 5352 adactionem
1605 5295 1896 5366 quamdam
1926 5311 2049 5365 pcr-

488 5400 768 5454 fectiorem
797 5393 1068 5450 desiderio
1089 5393 1418 5459 incorruptae
1449 5386 1774 5456 integritatis
1805 5402 1928 5441 cum
1956 5387 2046 5442 Dei

487 5490 722 5560 puritate
745 5485 901 5556 quasi
949 5477 1393 5541 commiscentur,
1420 5481 1622 5548 reginae
1641 5487 1862 5548 propter
1895 5479 2045 5549 regni

489 5581 805 5637 societatem
840 5575 1200 5646 appellantur.
1231 5571 1360 5637 Quae
1391 5576 1569 5624 autem
1602 5569 1870 5624 minarum
1901 5581 2044 5625 metu

489 5673 744 5727 virtutem
799 5669 1005 5732 colunt,
1061 5665 1379 5720 concubina:
1419 5670 1701 5717 vocantur.
1746 5661 1856 5718 Nec
1899 5662 2044 5717 enim

2146 4745 2402 4815 Χριστοῦ
2421 4763 2432 4776 ·
2459 4748 2529 4798 οὐ
2558 4743 2690 4812 ζωὴ,
2716 4746 2786 4798 οὐ
2809 4742 3080 4809 θάνατος.
3110 4745 3179 4797 οὐ
3204 4743 3265 4796 τὸ
3293 4743 3506 4811 παρὸν,
3540 4745 3612 4795 οὐ
3643 4741 3710 4793 τὸ

2143 4837 2392 4906 μέλλον,
2409 4839 2517 4889 οὐκ
2543 4836 2695 4890 ἄλλο
2728 4853 2781 4889 τι
2811 4834 2927 4889 τῶν
2945 4835 3134 4889 ὄντων
3160 4835 3354 4889 οὐδέν.
3389 4836 3452 4888 Δί
3480 4834 3535 4888 δὲ
3558 4834 3708 4903 φόὸῳ

2149 4927 2419 4991 κολάσεως
2445 4928 2543 4989 τὰς
2575 4928 2824 4998 μοιχικὰς
2851 4926 3213 4998 ἀποφεύγουσι
3240 4926 3449 4999 πείρας.
3473 4927 3707 4980 Μένουσι

2149 5019 2256 5091 γάρ
2291 5022 2347 5073 ὲν
2391 5019 2664 5092 ἀφθαρσίᾳ
2707 5021 2799 5073 καὶ
2843 5019 3093 5089 ἁγιασμῷ
3126 5020 3219 5072 καὶ
3246 5014 3399 5072 αὗται
3424 5035 3436 5048 ·
3471 5018 3601 5071 ἀλλά
3632 5017 3708 5086 τῷ

2150 5112 2298 5182 φύδῳ
2333 5112 2584 5184 μᾶλλονῆ
2617 5112 2693 5183 τῷ
2723 5112 2869 5183 πόθῳ
2916 5109 3418 5179 παιδαγωγούμεναι
3450 5110 3614 5179 μόνῳ,
3647 5111 3707 5160 τὸ

2151 5204 2319 5257 κακὸν
2345 5204 2406 5256 ού
2452 5205 2849 5276 προσδέχονται.
2889 5205 2951 5256 Ai
2986 5204 3081 5274 μὲν
3112 5201 3203 5257 οὖν
3245 5202 3330 5256 διὰ
3360 5203 3456 5274 τῆς
3503 5201 3705 5254 τέλειε-

2148 5296 2307 5365 τέρας
2341 5295 2629 5360 διαθέσεως
2664 5297 2810 5368 πόθῳ
2840 5297 2937 5367 τῆς
2971 5295 3275 5368 ἀφθαρσίας
3323 5295 3702 5366 ἀνακραθεῖσαι

2151 5390 2214 5458 τῇ
2253 5387 2514 5449 τούθεοῦ
2557 5388 2902 5460 καθαρότητι,
2934 5387 3237 5458 βασίλισσαι
3265 5386 3350 5440 διά
3378 5388 3473 5457 τὴν
3520 5403 3694 5438 κοινω-

2151 5481 2267 5531 νίαν
2295 5479 2393 5549 τῆς
2440 5479 2713 5549 βασιλείας
2762 5479 3237 5550 κατονομάζονται.
3278 5479 3386 5543 Τάς
3418 5479 3471 5532 δὲ
3506 5478 3582 5548 τῷ
3608 5479 3701 5549 τῆς

2151 5568 2376 5638 ἀπειλῆς
2408 5569 2553 5640 φόϐῳ
2577 5569 2672 5641 τὴν
2717 5571 2914 5641 ἀρετὴν
2977 5569 3328 5633 ὲκπονούσας,
3381 5567 3699 5630 παλλακίδας

2153 5658 2402 5730 ὀνομάζει
2441 5663 2468 5715 ὁ
2506 5660 2678 5724 λόγος.
2719 5659 2884 5715 Οὔπω
2923 5661 3030 5734 γάρ
3067 5679 3148 5725 τις
3186 5660 3361 5715 αὐτῶν
3395 5660 3576 5732 μήτηρ
3609 5658 3679 5729 βα

558 5851 612 5887 ri
642 5850 786 5906 put.
813 5862 971 5907 xxxv,
997 5846 1048 5901 7.
1123 5846 1166 5878 "’
1203 5843 1348 5900 Psal.
1391 5859 1561 5911 LXXII,
1609 5843 1699 5899 28.
1773 5844 1820 5876 ⁸³
1857 5841 2015 5897 Rom.
2040 5857 2156 5906 vnn,
2184 5841 2384 5908 28,29.
