3824 6528
148 430 255 488 “ib

1082 428 1151 488 IN
1187 427 1485 487 CANTICA
1527 424 1794 483 CANTIC.
1839 428 2125 488 HOMlLlA
2158 433 2276 489 XV.

3165 428 3305 484 ιιιι

140 550 290 613 σιλέως
306 567 384 606 και
409 551 658 617 κοινωνὸς
678 553 778 625 τῆς
799 552 954 617 ἀξίας
976 552 1225 621 γενέσθαι
1245 551 1482 615 δυνατῶς
1502 550 1632 620 ἔχει.

1740 552 1954 608 illarum
2010 555 2117 608 ulla
2172 560 2346 607 mater
2403 551 2548 621 regis
2588 565 2653 607 ac
2701 547 2983 620 dignitatis
3030 549 3304 619 particeps

138 639 238 703 Πῶς
270 641 357 713 γὰρ
408 642 474 697 ἂν
524 643 793 715 δυνηθείη,
835 645 868 715 ἡ
918 645 1142 714 μηδέπω
1190 642 1531 698 ἀναλαϐοῦσα
1581 644 1638 695 ἐν

136 728 267 800 ἑαυτῇ
297 730 346 783 τὸ
391 731 679 787 ἀδέσποτον
732 733 825 787 καὶ
872 734 1200 805 αὐτοκρατὲς
1244 733 1338 786 τοῦ
1385 734 1637 806 ἐναρέτου

135 824 449 893 φρονήματοςο
479 825 615 878 ἀλλὰ
633 825 858 896 δουλικῷ
884 826 1031 896 φόϐῳ
1059 826 1158 895 τῆς
1180 826 1287 879 τῶν
1315 826 1497 879 κακῶν
1526 843 1639 878 κοι-

132 914 288 977 νωνίας
313 916 672 988 άφισταμένης
708 918 1105 990 ’Υποδείγματα
1132 920 1187 972 δὲ
1207 919 1315 972 τῶν
1338 918 1638 990 εἰρημένων

129 1008 264 1073 ἐστὶν,
292 1010 368 1061 ἐπὶ
407 1010 503 1080 μὲν
537 1010 644 1065 τῶν
678 1010 977 1082 βασιλίδων,
1004 1014 1064 1066 τὸ
1102 1012 1241 1066 κατὰ
1273 1013 1397 1076 τοὺς
1429 1012 1528 1081 τῆς
1551 1013 1637 1065 δε-

127 1098 227 1165 ξιᾶς
250 1101 462 1164 στάσεως
484 1101 834 1173 ἠξιωμένους,
860 1105 994 1176 πρὸς
1018 1104 1111 1169 οὓς
1139 1106 1167 1158 ὁ
1201 1105 1448 1175 βασιλεὺς
1469 1104 1633 1173 λέγει·

123 1191 287 1253 Δεῦτε,
312 1193 360 1244 οἱ
385 1192 768 1262 εὐλογημένοι
796 1195 901 1249 τοῦ
930 1196 1157 1262 Πατρός
1175 1214 1315 1264 μου,
1338 1199 1637 1264 κληρονο-

114 1282 314 1351 μήσατε
348 1283 458 1351 τὴν
500 1287 948 1357 ἡτοιμασμένην
977 1288 1119 1357 ὑμῖν
1145 1290 1468 1353 ,βασιλειαν
1487 1308 1501 1321 ·
1543 1287 1634 1341 τοῦ

116 1373 165 1426 δὲ
189 1374 404 1443 δευτέρου
439 1376 530 1428 καὶ
557 1375 846 1447 ὑφειμένου
878 1380 1150 1447 τάγματος
1182 1374 1288 1432 εἶεν
1317 1379 1382 1433 ἂν
1419 1381 1634 1444 ἐκεῖνοι,

114 1466 233 1537 πρὸς
257 1466 339 1530 οὓς
375 1466 519 1536 λέγει
560 1469 588 1520 ὁ
619 1469 821 1542 Κύριος
843 1489 855 1501 ·
898 1471 1197 1537 Φοϐήθητε
1242 1471 1349 1525 τὸν
1388 1475 1536 1542 μετὰ
1569 1475 1634 1526 τὸ

109 1558 414 1613 ἀποκτεῖναι
467 1561 684 1631 ἔχοντα
738 1562 1025 1627 ἐξουσίαν
1071 1565 1350 1634 ἐμϐαλεῖν
1388 1568 1474 1630 εἰς
1521 1565 1637 1633 τὴν

108 1650 328 1719 γέενναν
365 1652 468 1706 τοῦ
502 1657 707 1723 πιιρός.
747 1654 962 1728 Ταύτην
994 1656 1050 1709 δέ
1092 1675 1180 1728 μοι
1208 1658 1354 1711 δοκεῖ
1394 1657 1491 1729 τὴν
1516 1657 1634 1710 δια-

106 1743 274 1813 στολὴν
301 1745 401 1799 τῶν
452 1748 544 1801 δύο
583 1749 894 1817 ταγμάτων,
943 1751 975 1821 ή
1025 1750 1165 1802 κατά
1208 1750 1333 1813 τοὺς
1374 1750 1637 1821 ἀριθμοὺς

99 1831 303 1905 διαφορὰ
326 1838 658 1905 παραδηλῶν
684 1838 749 1892 δι’
772 1840 1106 1909 αἰνίγματος.
1136 1840 1259 1904 Πῶς
1277 1840 1432 1894 τοῦτό
1456 1858 1593 1913 φημι
1617 1858 1631 1907 ;

102 1920 191 1986 Ἐξ
230 1925 353 1978 εἰσιν
397 1926 625 1990 ἐντολαὶ,
652 1928 718 1982 δι’
743 1923 819 1982 ὧν
853 1906 902 2001 ἠγ
924 1906 1176 2000 ⁷βασιλεία
1205 1932 1297 1986 τοῦ
1344 1906 1479 1987 Θεού
1515 1906 1632 1999 ’τοῖς
1664 1906 1708 1965 Β

94 2014 269 2081 δεξιοῖς
306 2017 662 2084 ὲτοιμάζεται.
694 2021 1047 2093 Λογισώμεθα
1080 2024 1281 2078 τούτων
1322 2024 1549 2079 ἕκαστον
1573 2027 1635 2080 τὸ

90 2104 381 2161 δεσποτικὸν
405 2104 541 2164 εἶναι
568 2111 846 2179 τάλαντον,
869 2114 897 2167 ὃ
923 2117 1185 2187 προσήκει
1211 2116 1360 2187 παρὰ
1384 2116 1479 2170 τοῦ
1502 2119 1635 2186 ἀγα-

90 2197 178 2250 θοῦ
222 2199 305 2252 καὶ
354 2201 541 2254 πιστοῦ
587 2206 793 2259 οἰκέτου
832 2206 1362 2278 δεκαπλασιασθῆναι
1405 2207 1492 2262 διὰ
1534 2209 1632 2279 τῆς

86 2289 347 2359 ἐργασίας,
379 2292 464 2344 ἵνα
494 2293 665 2359 οὓτως
690 2297 900 2368 εἰσέλθῃ
947 2300 1024 2362 εἰς
1053 2299 1151 2369 τὴν
1191 2298 1364 2370 χαράν
1396 2299 1490 2352 τοῦ
1517 2301 1634 2353 Κυ-

89 2378 196 2448 ρίου
227 2382 402 2443 αὑτοῦ,
436 2386 491 2437 ἐν
522 2386 719 2456 ὀλίγοις
749 2390 938 2454 πιστὸς
970 2390 1231 2464 εὑρεθεὶς,
1260 2393 1351 2446 καὶ
1380 2393 1471 2446 ἐπὶ
1508 2393 1634 2446 πολ-

82 2470 185 2523 λῶν
208 2474 608 2548 καθιστάμενος.
648 2481 709 2533 Εἰ
736 2477 1029 2537 τοίνυνδιά
1069 2484 1179 2537 τῶν
1222 2484 1281 2549 ἓξ
1311 2484 1514 2539 τούτων
1544 2488 1631 2539 ἐν-

78 2562 242 2617 τολῶν
266 2568 296 2636 ἡ
322 2566 421 2635 τῆς
461 2569 731 2640 βασιλείας
758 2574 962 2641 γίνεται
984 2578 1049 2646 τῇ
1093 2575 1236 2646 ψυχῇ
1268 2576 1516 2630 κοινωνία
1534 2594 1548 2609 ο
1570 2579 1633 2632 τὸ

75 2653 129 2707 δὲ
156 2656 353 2710 τέλειον
373 2660 470 2730 τῆς
496 2662 752 2733 ἐργασίας
778 2665 861 2731 ἐφ’
881 2664 1119 2736 ἑκάστης
1147 2668 1260 2719 ἐστὶ
1284 2666 1343 2719 τὸ
1366 2667 1633 2722 δεκαπλα-

76 2746 255 2799 σιάσαι
310 2748 406 2821 τὴν
453 2751 688 2823 ἐντολὴν,
737 2754 917 2818 καθὼς
964 2755 1066 2827 ἔφη
1117 2760 1145 2811 ὁ
1194 2758 1394 2826 ἀγαθὸς
1450 2760 1634 2826 δοῦλος

70 2837 294 2903 ἐκεῖνος,
327 2841 405 2893 ὅτι
426 2841 567 2896 Δέκα
591 2844 823 2898 τάλαντα
846 2845 905 2900 τὸ
932 2847 988 2901 ἓν
1018 2865 1109 2901 σου
1133 2849 1388 2904 τάλαντον
1417 2869 1632 2925 κατειρο

66 2929 301 2995 γάσατο·
332 2931 651 3004 εὑρίσκομεν
682 2938 744 2988 ἐκ
761 2936 852 2989 τοῦ
883 2938 1172 2992 ἀκολούθου
1198 2940 1294 3013 τὴν
1327 2942 1454 3011 μίαν
1481 2943 1634 3013 βασί-

63 3018 275 3086 λισσαν,
309 3024 387 3085 εἰς
416 3024 670 3095 ἐξήκοντα
706 3027 1105 3100 πλατυνομένην
1127 3047 1142 3062 ο
1178 3032 1276 3102 τὴν
1305 3033 1391 3086 διὰ
1423 3033 1515 3087 τοῦ
1543 3035 1631 3087 δε-

61 3113 477 3185 καπλασιασμοῦ
507 3118 611 3171 τῶν
640 3115 698 3182 ἒξ
725 3119 947 3172 ἐντολῶν
985 3123 1039 3183 ἐς
1090 3125 1368 3178 κοινωνίαν
1402 3126 1501 3196 τῆς
1534 3127 1631 3197 βα-

1742 645 1856 701 fieri
1891 654 2087 715 potest.
2124 645 2226 711 Qui
2264 644 2406 700 enim
2422 651 2608 714 posset
2642 642 2754 705 illa,
2780 656 2900 711 qua:
2926 640 3157 696 necdum
3182 656 3301 696 eam

1740 738 2105 794 conditionem
2158 745 2450 792 consecuta
2498 744 2603 797 est,
2647 743 2707 788 ut
2744 734 2948 788 nullius
2999 731 3303 788 dominatui

1742 830 1985 899 subjecta
2014 830 2107 893 sit,
2161 844 2262 883 nec
2293 842 2565 884 summum
2601 826 2887 897 imperium
2919 826 3162 879 honestae
3191 825 3305 879 ela-

1740 922 1904 976 tionis
1933 920 2148 990 adepta,
2172 921 2264 975 sed
2302 927 2444 973 metu
2474 919 2656 973 servili
2692 933 2721 971 a
2756 918 3015 971 societate
3045 917 3298 970 vitiorum

1739 1015 2017 1070 discedit?
2072 1013 2273 1067 Horum
2322 1020 2505 1065 autem
2560 1027 2681 1080 qua:
2725 1012 3003 1076 diximus,
3053 1008 3302 1078 exempla

1738 1116 1886 1169 sunt,
1937 1108 2004 1161 de
2058 1106 2259 1175 reginis
2291 1104 2506 1175 quidem
2537 1104 2635 1166 illi,
2683 1104 2775 1172 qui
2800 1103 2865 1157 ad
2908 1103 3152 1156 dextram
3186 1102 3302 1155 col-

1736 1199 1897 1253 locati
1961 1211 2261 1260 merentur,
2298 1198 2363 1251 ad
2410 1211 2547 1266 quos
2597 1211 2691 1251 rex
2733 1197 2851 1249 ait:
2910 1195 3107 1256 Venite,
3150 1193 3302 1248 bene-

1736 1294 1865 1347 dicti
1891 1292 2072 1347 Patris
2093 1293 2214 1353 mei,
2250 1291 2507 1359 possidete
2530 1299 2774 1358 paratum
2808 1289 2949 1342 vobis
2978 1304 3193 1357 regnum
3217 1289 3297 1341 ’ἐ

1737 1388 1962 1443 alterius
1996 1401 2146 1450 vero,
2201 1395 2254 1440 et
2305 1384 2578 1439 inferioris
2618 1383 2828 1437 ordinis
2871 1384 3177 1450 exemplum
3222 1377 3299 1433 illi

1738 1478 1960 1540 fuerint,
2010 1477 2074 1530 ad
2117 1492 2255 1546 quos
2288 1475 2546 1531 Dominus
2606 1471 2783 1541 inquit
2830 1490 2843 1526 ε
2884 1470 3081 1524 Timete
3123 1470 3298 1533 illum,

1735 1570 1824 1638 qui
1836 1576 2139 1637 potestatem
2169 1565 2344 1627 habet,
2374 1574 2432 1617 ut
2465 1575 2807 1633 posteaquam
2838 1558 3105 1621 occiderit,
3136 1558 3299 1611 etiam

1735 1659 1788 1712 in
1814 1665 2099 1727 gehennam
2126 1656 2260 1725 ignis
2288 1654 2589 1723 conjiciat‘.
2611 1654 2789 1723 Atque
2817 1652 2923 1705 hoc
2952 1649 3182 1704 duorum
3217 1662 3301 1699 or-

1735 1750 1922 1805 dinum
1950 1748 2244 1803 discrimen
2276 1745 2519 1800 iudicare
2563 1743 2693 1796 mihi
2719 1757 2812 1812 per
2833 1742 3059 1810 aenigma
3086 1736 3301 1790 videtur

1736 1844 1853 1914 ipsa
1882 1843 1937 1896 in
2000 1840 2242 1896 numeris
2271 1837 2579 1893 diversitas.
2610 1835 2709 1902 Qui
2758 1836 2861 1889 hoc
2893 1831 3153 1902 inquam?
3192 1828 3299 1884 Sex

1734 1937 1958 1993 omnino
1994 1942 2261 2004 praecepta
2322 1938 2470 1994 sunt,
2518 1945 2611 1999 per
2650 1943 2771 1997 quae
2811 1940 3040 1995 regnum
3075 1926 3300 1992 paratur

1736 2030 1824 2092 iis,
1855 2028 1947 2099 qui
2000 2026 2067 2081 ad
2118 2026 2362 2080 dextram
2405 2022 2760 2076 collocantur.
2797 2019 3116 2071 Statuamus
3157 2011 3299 2081 apud

1734 2118 2286 2189 animum,quodlihet
2304 2118 2496 2170 horum
2517 2130 2638 2169 esse
2658 2115 2919 2167 talentum
2946 2110 3074 2163 illud
3107 2107 3298 2171 herile,

1732 2214 1875 2284 quod
1912 2210 2236 2282 negotiando
2260 2207 2398 2263 efﬁci
2416 2221 2448 2260 a
2471 2208 2613 2261 bono
2637 2219 2699 2259 ac
2734 2203 2878 2258 fideli
2903 2202 3109 2256 famulo
3138 2198 3301 2254 decu-

1733 2308 1823 2378 plo
1850 2304 2082 2373 amplius
2109 2300 2383 2363 convenit,
2415 2307 2473 2378 ut
2508 2299 2611 2351 hoc
2633 2295 2794 2350 modo
2816 2294 2870 2347 iu
2907 2292 3163 2363 gaudium
3197 2290 3302 2342 Do-

1731 2376 1863 2454 mini
1889 2398 1973 2453 sui
2015 2394 2369 2465 ingrediatur,
2409 2376 2659 2460 repertus
2704 2388 2757 2440 in
2793 2386 3003 2455 exiguis
3027 2383 3221 2440 lidelis.
3245 2386 3300 2432 et
3332 2423 3345 2437 .

1732 2498 2017 2563 propterea
2071 2486 2256 2540 multis
2306 2481 2616 2553 praefectus.
2660 2477 2717 2533 Si
2753 2491 2884 2547 ergo
2928 2490 3023 2545 per
3064 2474 3179 2529 hace
3204 2488 3298 2525 sex

1731 2590 1998 2657 praecepta
2047 2578 2197 2648 regni
2235 2577 2414 2630 anima
2463 2574 2521 2627 iit
2554 2573 2845 2643 particeps,
2882 2580 2934 2625 et
2976 2569 3029 2622 in
3053 2567 3299 2637 quoliliet

1731 2654 1925 2730 horum
1956 2676 2197 2741 quaestus
2240 2681 2304 2721 ac
2343 2664 2641 2732 negotiatio
2672 2660 2909 2731 perfecta
2936 2670 3037 2721 est,
3071 2654 3299 2710 manda—

1732 2775 1846 2820 tum
1882 2764 2060 2833 ipsum
2112 2759 2266 2828 quasi
2291 2756 2598 2825 decuplare,
2631 2750 3088 2823 quemadmodum
3121 2748 3298 2801 bonus

1732 2859 1821 2913 ille
1848 2870 2039 2912 servus
2073 2852 2168 2913 ait,
2200 2864 2366 2905 unum
2401 2846 2514 2902 heri
2546 2846 2630 2901 sui
2663 2844 2924 2898 talentum
2954 2841 3139 2895 decem
3164 2840 3300 2891 alio-

1730 2964 1849 3007 rum
1876 2947 2197 3000 talentorum
2256 2941 2465 2994 lucrum
2502 2934 2861 3006 acquisivisse
2893 2948 2905 2983 :
2933 2940 3299 2986 consentanea

1733 3038 1965 3112 quadam
2024 3037 2233 3088 ratione
2284 3030 2606 3099 reperimus,
2648 3027 2701 3080 in
2747 3024 3031 3092 sexaginta
3080 3020 3299 3090 reginas

1734 3148 1895 3188 unam
1953 3129 2099 3181 illam
2146 3138 2462 3179 excrescere
2502 3136 2517 3173 :
2563 3133 2684 3189 quae
2731 3131 2827 3187 per
2865 3112 3295 3180 deeuplationem

62 3204 269 3268 σιλείας
302 3207 753 3278 παραδεχθεῖσανο
788 3211 863 3274 ῶς
895 3209 1092 3275 πολλάς
1118 3211 1370 3287 εἶναιτὴν
1406 3218 1532 3286 μίαν
1552 3220 1627 3291 τῷ

1735 3242 1821 3284 sex
1867 3219 2244 3275 mandatorum
2290 3214 2345 3267 in
2387 3212 2533 3280 regni
2577 3209 2889 3264 societatem
2937 3203 3186 3258 venerit:
3222 3202 3297 3254 ita

56 3298 388 3370 πολυτρόπῳ
419 3301 724 3371 χαρακτῆρι
755 3303 862 3355 τῶν
910 3305 1136 3359 ἐντολῶν
1182 3308 1625 3379 ἐμμερισθεῖσαν,

52 3390 152 3442 καὶ
179 3390 395 3461 ἑκάστῳ
416 3392 522 3445 τῶν
546 3395 980 3466 κατορθωμάτων
1005 3398 1311 3463 ἰδιαζόντως
1336 3404 1630 3474 ὲμμορφω-

53 3480 266 3537 θεῖσαν.
292 3483 478 3547 Οὕτως
496 3481 588 3539 οὖν
612 3488 690 3550 εἰς
709 3486 967 3559 ἐξήκοντα
992 3490 1265 3559 βασιλίδας
1288 3495 1319 3562 ἡ
1348 3494 1443 3563 μία
1466 3513 1629 3549 κατα-

50 3574 365 3643 μερίζεται,
410 3576 543 3648 πρὸς
571 3577 636 3632 τά
680 3580 792 3650 εἴδη
838 3581 946 3634 τῶν
983 3584 1208 3636 ἐντολῶν
1248 3585 1625 3657 διαιρουμένη·

44 3666 146 3718 καὶ
180 3667 396 3734 γίνεται
442 3671 692 3734 κοινωνὸς
737 3672 834 3743 τῆς
874 3674 967 3728 τού
1010 3674 1243 3748 Χριστοῦ
1293 3676 1627 3751 βασιλείαςή

43 3758 266 3828 νύμφη.
321 3760 491 3831 δῆμος
531 3762 813 3832 βασιλίδων
850 3768 882 3835 ἠ
934 3767 1031 3837 μία
1077 3769 1433 3842 γεγενημένη,
1482 3772 1628 3843 ἠδιά

43 3849 331 3903 τοσούτων
358 3851 468 3904 τῶν
494 3854 632 3909 κατά
663 3854 761 3918 τὰς
802 3855 1017 3922 ἐντολὰς
1042 3857 1363 3929 ἀξιωμάτων
1390 3860 1628 3933 ἀριθμη-

43 3942 231 3995 θεῖσα.

114 4143 183 4195 Εἰ
213 4142 274 4195 δὲ
301 4140 403 4214 τὴν
436 4141 594 4207 ἑξάδα
626 4144 734 4196 τῶν
763 4144 986 4197 ἐντολῶν
1012 4145 1068 4200 ἐν
1101 4148 1197 4218 μιᾷ
1225 4147 1364 4201 κατὰ
1385 4149 1446 4202 τὸ
1476 4149 1634 4203 δεκαοο

43 4234 284 4286 πλάσιον
311 4235 716 4306 γεωργηθεῖσαν
736 4235 912 4306 ψυχὴν
946 4237 1033 4290 διά
1056 4238 1163 4291 τῶν
1192 4240 1452 4311 ἐξήκοντα
1482 4242 1635 4311 βασι-

43 4328 207 4380 ιίδων
232 4327 600 4397 σημαίνεσθαι
622 4328 687 4380 δι’
713 4328 1047 4400 αἰνίγματος.
1075 4332 1172 4385 οὐκ
1193 4332 1294 4397 ἔξω
1313 4333 1404 4386 τοῦ
1429 4336 1633 4400 εἰκότος

1730 3330 1789 3373 ut
1819 3314 1998 3368 multa:
2022 3310 2129 3364 siut
2169 3320 2274 3361 una
2302 3305 2388 3358 illa
2425 3317 2521 3372 per
2546 3300 2897 3370 multiplicem
2918 3295 3294 3350 mandatorum

1729 3412 2100 3465 characterem
2148 3399 2343 3469 divisa,
2370 3403 2423 3451 et
2480 3396 2532 3449 in
2571 3393 2813 3465 quolibet
2852 3405 3012 3460 opere
3038 3386 3299 3458 praeclaro
3334 3456 3341 3464 η

1727 3500 2077 3574 peculiariter
2136 3494 2285 3548 velut
2341 3493 2617 3561 expressa.
2670 3485 2783 3540 Hoc
2842 3485 3007 3554 igitur
3035 3479 3197 3535 modo
3241 3481 3296 3532 in

1728 3595 2009 3665 sexaginta
2070 3588 2289 3658 reginas
2339 3599 2445 3639 una
2487 3580 2770 3638 dividitur,
2804 3577 3103 3633 secundum
3145 3590 3299 3627 man-

1726 3688 1973 3740 datorum
2005 3681 2213 3749 species
2238 3676 2494 3732 distincta
2526 3680 2579 3728 et
2600 3679 2913 3732 numerata;
2952 3669 3129 3736 sitque
3170 3681 3297 3734 par-

1726 3780 1900 3848 ticeps
1965 3774 2117 3844 regni
2153 3770 2358 3826 Christi
2397 3781 2621 3837 sponsa,
2664 3763 2821 3834 quasi
2871 3762 3019 3815 natio
3048 3759 3294 3828 quaedam

1727 3872 2033 3942 reginarum
2066 3865 2233 3927 facta,
2258 3876 2379 3931 qua;
2410 3860 2565 3928 prius
2622 3871 2728 3910 una
2765 3864 2903 3917 erat,
2935 3853 3061 3906 dum
3086 3867 3182 3920 per
3220 3858 3300 3904 tot

1727 3963 2016 4032 dignitates
2078 3956 2288 4009 ratione
2337 3950 2717 4004 mandatorum
2768 3944 3105 4000 numerando
3139 3944 3298 4012 quasi

1730 4052 2144 4121 multiplicatur.

1798 4162 1914 4218 Jam
1946 4163 1991 4218 si
2025 4161 2169 4214 hunc
2187 4157 2565 4213 mandatorum
2591 4150 2863 4207 senarium
2894 4163 3002 4202 una
3030 4149 3083 4201 in
3117 4147 3297 4200 anima

1729 4257 1876 4312 velut
1913 4254 2185 4309 excultum
2218 4249 2281 4303 ad
2315 4246 2604 4318 decuplum
2640 4257 2837 4311 usque,
2870 4256 2963 4310 per
2993 4240 3113 4293 illas
3134 4254 3297 4293 sexa-

1729 4350 1877 4420 ginta
1931 4346 2146 4415 reginas
2188 4343 2240 4397 in
2264 4342 2550 4412 aenigmate
2592 4335 2886 4406 significari
2925 4349 3032 4386 non
3072 4347 3298 4401 prorsus

43 4419 477 4488 εντιεενοήσαμεν⁸
518 4418 820 4482 ἀκολούθως
849 4420 941 4472 καὶ
970 4420 1057 4474 διά
1080 4422 1185 4476 τῶν
1218 4424 1541 4495 ὀγδοήκοντα
1574 4428 1632 4481 τὸ

1735 4418 1967 4493 absurde
2015 4433 2375 4501 conjecimus,
2431 4426 2789 4483 consimiliter
2829 4422 2988 4476 etiam
3024 4436 3119 4489 per
3156 4426 3301 4472 octo-

43 4508 410 4609 :ﬁ;.'0786'q;
442 4511 733 4581 μυστήριον
762 4512 1194 4583 παραδηλοῦσθαί
1225 4533 1399 4585 φαμεν
1427 4517 1513 4571 διὰ
1538 4518 1628 4571 τοῦ

1735 4531 1879 4601 ginta
1923 4526 2217 4593 signiﬁcari
2270 4518 2685 4599 obscuriuscule
2722 4515 3040 4586 mysterium
3087 4510 3300 4566 Octava:

43 4600 240 4671 δμοίου
292 4601 650 4673 αἰνίγματος·
697 4605 832 4675 πρὸς
877 4606 943 4676 ἣν
981 4605 1262 4677 βλέποντες
1290 4609 1340 4661 οἰ
1379 4610 1455 4681 τῷ
1486 4612 1632 4684 φόϐῳ

1735 4622 1964 4678 dicimus
1998 4616 2160 4674 simili
2209 4596 2443 4685 quodam
2480 4611 2785 4679 aenigmate,
2814 4607 2878 4659 ad
2910 4619 3070 4674 quam
3128 4601 3301 4670 respi-

43 4690 594 4763 ταιδαγωγούμενοι,
644 4695 745 4765 τῆς
776 4696 883 4751 τῶν
925 4698 1107 4751 κακῶν
1138 4701 1416 4765 κοινωνίας
1443 4703 1634 4773 ἀπείρ-

43 4800 263 4837 νονται.
302 4782 493 4846 Οὕτως
518 4785 627 4857 γάρ
656 4788 713 4839 ὲν
752 4789 867 4850 ταῖς
895 4787 1228 4859 ψαλμῳδίαις
1264 4791 1552 4862 ἐμάθομεν,
1577 4795 1635 4846 ἐν

43 4870 120 4937 ιῖς
156 4876 551 4945 προτέτακται
582 4876 667 4930 διὰ
695 4877 791 4948 τῆς
822 4879 1179 4951 ἐπιγραφῆςὴ
1203 4882 1412 4951 Ὀγδόη·
1446 4901 1634 4951 μαστι-

43 4968 345 5037 ὀυμένων
377 4967 433 5020 δὲ
472 4968 727 5039 ἄντικρύς
762 4972 896 5022 εἰσιν
924 4973 978 5024 αἰ
1014 4974 1205 5040 φωναὶ,
1238 4973 1313 5043 τῷ
1344 4974 1491 5045 φόϐῳ
1526 4973 1633 5028 τῶν

47 5057 438 5129 λπιζομένων
491 5062 569 5125 εἰς
612 5062 758 5114 ἔλεον
805 5063 901 5132 τὴν
950 5063 1116 5135 ἀκοὴν
1174 5065 1633 5135 ἐπικάμπτουσαι.

44 5151 175 5218 mai.
203 5149 332 5221 γὰρ
356 5152 492 5221 πρὸς
513 5154 603 5204 τὸν
627 5152 851 5223 φοϐερὸν
876 5154 1064 5225 κριτὴν
1085 5156 1112 5207 ὁ
1140 5135 1273 5225 πρὸς
1293 5154 1388 5226 τὴν
1415 5157 1636 5229 Ὀγδόην

44 5240 269 5293 ιλέπων
289 5258 305 5271 ·
348 5244 546 5310 Κύριε,
570 5243 653 5311 μὴ
694 5242 773 5308 τῷ
804 5244 964 5313 θυμῷ
988 5261 1100 5299 σου
1138 5246 1389 5317 ἐλέγξῃς
1409 5265 1502 5315 με,
1523 5266 1637 5317 μη-

43 5334 94 5385 ῖὲ
124 5333 214 5402 τῇ
260 5333 421 5403 ὀργῇ
442 5352 556 5391 σου
591 5336 919 5405 παιδεύσῃς
944 5355 1039 5407 με.
1080 5339 1369 5407 Ἐλέησόν
1390 5358 1485 5409 με,
1521 5342 1637 5395 Κύ-

43 5444 146 5492 ne,
180 5426 298 5516 ῥ’τι
331 5428 597 5496 ἀσθενής
634 5433 747 5500 εἰμι
773 5447 785 5460 ·
820 5431 988 5484 ἴασαι
1022 5449 1118 5501 με,
1169 5434 1360 5502 Κύριε,
1396 5434 1481 5487 ὅτι
1506 5434 1637 5487 ἐτα-

44 5520 248 5589 ιάχθη
285 5522 367 5574 τὰ
397 5521 543 5576 ὀστᾶ
581 5540 718 5590 μου.
752 5522 860 5576 Καὶ
893 5523 990 5576 ὅσα
1028 5524 1091 5577 ἐκ
1120 5524 1210 5577 τοῦ
1244 5524 1533 5579 ἀκολούθου
1558 5526 1635 5596 τῷ

48 5614 349 5685 δεκάστῳ
371 5616 530 5686 κριτῇ
559 5614 644 5668 διὰ
663 5618 760 5686 τῆς
793 5616 1066 5688 ἱκετηρίας
1101 5617 1451 5689 προτείνεται,
1479 5619 1535 5670 ὲν
1554 5614 1634 5683 οἷς

48 5707 122 5762 αἱ
159 5706 235 5760 τὸ
286 5706 371 5777 μὴ
405 5702 540 5760 εἶναι
580 5706 713 5760 Θεοῦ
756 5709 968 5779 μνήμην
996 5711 1052 5762 ἐν
1091 5708 1167 5777 τῷ
1204 5709 1415 5779 θανάτῳ
1446 5708 1629 5780 ὀδύρε-

93 5886 152 5921 ⁸⁹
196 5885 393 5941 Matth
447 5902 571 5950 xxv,
602 5886 690 5943 54.
767 5887 783 5918 ³
817 5885 947 5940 Luc.
984 5901 1080 5949 xu,
1106 5885 1139 5940 5
1216 5887 1234 5916 ‘
1257 5884 1399 5944 Psal.
1430 5902 1498 5953 vr,
1522 5887 1558 5941 2
1582 5902 1699 5957 sqq.

1734 4715 1939 4771 cientes
1962 4710 2039 4765 illi
2066 4711 2159 4779 qui
2193 4715 2340 4761 metu
2379 4704 2549 4767 ducti,
2594 4700 2859 4755 malorum
2879 4713 2907 4749 a
2933 4697 3191 4750 societate
3220 4708 3300 4745 ar-

1733 4815 1941 4861 centur.
1975 4803 2084 4856 lloc
2103 4802 2246 4855 enim
2277 4814 2341 4853 ex
2371 4795 2595 4867 psalmis
2646 4790 3148 4846 animadvertimus.
3180 4787 3301 4855 qui-

1736 4900 1836 4953 bus
1885 4897 1938 4950 in
1987 4893 2343 4962 inscriptione
2386 4887 2677 4959 praaiigitur
2713 4883 2928 4939 Octava:
2976 4896 3172 4935 nomen
3204 4897 3217 4939 ;
3248 4886 3303 4932 et

1734 5004 1895 5044 voces
1928 4988 2058 5057 ipsa:
2082 4992 2207 5039 sunt
2231 4998 2458 5053 prorsus
2486 4994 2674 5035 eorum
2706 4977 2799 5047 qui
2831 4972 3299 5031 metul'utnrorum

1737 5082 2000 5135 malorum
2038 5078 2191 5148 quasi
2241 5076 2600 5145 ﬂagellantur,
2646 5070 2886 5137 adeoque
2919 5067 2983 5119 ad
3012 5064 3301 5119 commise-

1734 5173 1997 5225 rationem
2023 5184 2179 5222 aures
2209 5165 2453 5220 ﬂectunt.
2480 5164 2574 5217 .Ait
2604 5163 2746 5217 enim
2795 5159 3089 5214 terribilem
3122 5154 3185 5207 ad
3222 5155 3304 5221 iu-

1735 5262 1908 5317 dicem
1948 5262 2013 5323 is,
2047 5260 2139 5330 qui
2188 5258 2257 5312 ad
2296 5255 2552 5311 Octavam
2580 5254 2802 5322 respicit
2835 5269 2848 5302 :
2884 5250 3117 5307 Domine.
3161 5262 3222 5299 ne
3248 5246 3302 5298 in

1733 5352 1912 5418 furore
1950 5359 2036 5402 tuo
2071 5365 2261 5419 arguas
2294 5364 2389 5409 me,
2418 5362 2577 5415 neque
2615 5346 2667 5396 iu
2716 5348 2796 5395 ira
2829 5353 2919 5394 tua
2961 5338 3307 5405 castigaret-is

1740 5460 1835 5497 me.
1856 5442 2100 5497 Miserere
2120 5444 2241 5503 mei,
2271 5440 2508 5503 Domine,
2525 5441 2648 5508 quia
2664 5436 2849 5490 debilis
2876 5451 2990 5487 sum
3008 5448 3026 5486 :
3044 5449 3175 5485 sana
3200 5447 3304 5492 me,

1740 5533 1979 5594 Domine.
2005 5536 2129 5605 quia
2184 5532 2497 5586 conturbata
2547 5542 2665 5582 sunt
2715 5545 2835 5580 ossa
2875 5543 2990 5578 mea
3023 5526 3064 5579 ’.
3093 5522 3304 5588 Quibus

1742 5626 1877 5679 adde
1899 5634 2092 5679 emtera
2136 5640 2471 5695 qumcunque
2497 5622 2751 5689 deinceps
2782 5620 3102 5685 incorrupto
3128 5614 3304 5683 judici

1742 5715 2098 5787 supplicando
2121 5715 2407 5787 proponit:
2432 5714 2574 5767 inter
2597 5719 2791 5767 caetera
2815 5709 3105 5778 deplorans
3137 5705 3307 5761 etiam
