4004 6524
599 411 738 470 1115

1816 411 1873 467 S.
1914 409 2242 468 GREGORII
2270 411 2560 468 NYSSENI
3634 423 3736 482 ιιις

598 526 721 592 hoc,
740 522 885 595 quod
918 524 970 578 in
1020 529 1194 578 morte
1231 521 1378 577 nulla
1406 521 1503 577 Dei
1547 522 1620 578 sit
1655 524 1986 580 recordatio.
2021 523 2155 578 Nam

2261 542 2364 578 ται.
2394 523 2520 588 Πῶς
2568 521 2679 594 γὰρ
2701 521 2769 577 ἂν
2808 521 2893 594 εἴη
2916 522 3136 577 δυνατὸν
3181 525 3292 589 τοῖς
3331 525 3568 600 κλαυθμῷ
3592 549 3641 586 τε
3673 555 3740 592 και

596 619 691 687 qui
729 618 842 676 ﬁeri
873 617 1066 687 possit,
1101 626 1160 670 ut
1186 615 1222 669 ii
1249 615 1342 685 qui
1392 616 1459 671 ad
1507 616 1771 686 ejulatum
1820 624 1875 671 et
1917 615 2162 670 dentium

598 709 884 764 stridorem
939 707 1284 762 condemnati
1341 719 1492 774 sunt,
1553 724 1620 764 ex
1654 709 2032 764 recordatione
2068 705 2161 762 Dei

599 802 835 855 laetitiam
864 800 1205 869 percipiant?
1239 798 1369 853 Nam
1400 801 1509 854 alio
1540 802 1594 855 in
1628 801 1749 876 loco
1780 799 2044 869 Propheta
2075 799 2163 852 di-

598 893 694 956 cit,
728 891 1158 944 recordationem
1189 888 1279 944 Dei
1313 891 1553 945 laatitiam
1575 892 1815 946 excitare
1835 891 1876 944 ⁸.
1909 890 2033 944 Haec
2063 891 2165 960 igi-

598 989 688 1033 tur
716 987 770 1033 et
795 979 902 1032 alia
938 978 1251 1047 huiusmodi
1290 980 1398 1034 Deo
1429 996 1740 1050 proponens
1784 983 1850 1042 is,
1881 982 1972 1050 qui
2007 979 2163 1034 Octa-

597 1083 719 1121 vam
751 1069 963 1132 metuit,
1004 1068 1222 1123 tandem
1269 1071 1436 1126 sentit
1468 1087 1526 1126 se
1578 1072 1964 1126 misericordiae
1997 1073 2164 1142 parti-

598 1160 774 1226 cipem
797 1157 936 1220 ﬁeri,
976 1173 1101 1212 cum
1135 1158 1242 1214 ait:
1265 1159 1523 1213 Exaudiit
1548 1176 1719 1215 vocem
1741 1162 1978 1228 ploratus
1997 1163 2096 1216 mei
2121 1162 2161 1218 ⁸.

599 1247 736 1302 Cum
787 1257 969 1304 autem
1019 1249 1178 1304 multi
1240 1251 1403 1306 utiles
1438 1261 1614 1308 metus
1655 1254 1830 1308 sacris
1872 1253 1923 1307 in
1949 1252 2164 1310 Litteris

599 1340 968 1403 declarentur,
1024 1350 1144 1396 esto
1182 1343 1236 1396 in
1270 1343 1358 1398 his
1383 1344 1568 1410 etiam,
1629 1354 1687 1399 ut
1714 1345 1938 1415 perinde
1971 1361 2034 1400 ac
2068 1363 2165 1402 sex

602 1431 692 1485 illa
724 1432 974 1486 mandata
997 1448 1171 1501 usque
1214 1434 1279 1488 ad
1309 1434 1599 1504 decuplum
1635 1445 1978 1501 excrescaut,
2007 1438 2079 1492 ita
2109 1448 2166 1492 ut

599 1521 648 1575 is
677 1521 768 1591 qui
799 1537 863 1576 ex
885 1521 1223 1578 Psalmorum
1254 1524 1392 1579 libro
1415 1526 1816 1598 didicerit,quo
1845 1539 2000 1598 pacto
2021 1538 2167 1586 recte

600 1613 726 1682 quis
786 1611 952 1666 Deum
989 1623 1225 1677 metuat,
1262 1616 1520 1671 nimirum
1561 1619 1891 1675 deﬂectendo
1931 1635 1960 1674 a
1999 1623 2162 1688 malo,

604 1715 661 1761 et
693 1706 941 1761 faciendo
991 1711 1185 1762 bonum
1207 1708 1228 1739 '
1261 1726 1274 1762 :
1302 1707 1390 1763 bic
1413 1725 1540 1779 ergo
1592 1726 1703 1765 rem
1757 1712 1926 1768 divini
1963 1721 2162 1780 metus,

602 1799 760 1870 quasi
817 1799 1108 1868 quamdam
1171 1800 1254 1853 vel
1301 1801 1527 1864 minam,
1567 1803 1650 1856 vel
1691 1803 1974 1866 talentum,
2002 1819 2167 1874 uego-

602 1891 790 1946 tiando
815 1890 998 1946 decies
1023 1891 1342 1960 ampliorem
1363 1891 1578 1947 efﬁciat.
1605 1893 1724 1959 Quo
1747 1894 1855 1958 ﬁet,
1888 1902 1948 1949 ut
1983 1896 2163 1951 anima

605 1983 786 2036 locum
825 1998 856 2036 a
889 1983 1072 2054 regina
1108 1985 1404 2038 secundum
1431 1983 1704 2047 obtinens.
1740 2002 1861 2055 quae
1891 1995 2034 2041 metu
2057 2002 2164 2041 non

602 2075 895 2130 dilectione
947 2076 1093 2144 quod
1127 2076 1330 2130 bonum
1366 2085 1450 2162 est
1484 2074 1634 2140 facit,
1663 2077 1728 2132 ad
1759 2078 2164 2148 octogenarium

604 2181 780 2236 usque
835 2182 1122 2222 numerum
1180 2175 1491 2234 excrescat,
1553 2169 1850 2238 quamlibet
1930 2171 2166 2240 speciem

603 2271 820 2321 eorum,
859 2273 981 2326 quae
1011 2272 1076 2311 ex
1119 2265 1264 2311 metu
1305 2266 1452 2312 recte
1483 2257 1638 2322 ﬁunt,
1683 2258 1963 2314 inconfuse
1989 2274 2053 2314 ac
2085 2258 2170 2312 di-

555 2399 562 2408 ,
605 2346 806 2399 stincte
855 2345 1258 2411 demonstrans,
1289 2344 1532 2416 adeoq‘ue
1568 2347 1660 2402 hic
1685 2356 1878 2402 octava
1909 2363 2036 2403 cum
2077 2348 2170 2402 de-

603 2437 768 2506 cuplo
826 2437 1294 2506 multiplicabitur,
1330 2453 1501 2508 eaque
1537 2440 1750 2494 ratione
1791 2439 1902 2504 illa,
1945 2454 2066 2509 quae
2105 2454 2169 2492 ex

605 2536 752 2581 metu
789 2528 1039 2583 servilem
1069 2529 1120 2580 in
1156 2527 1398 2593 inodum,
1430 2545 1538 2582 nou
1577 2545 1644 2583 ex
1693 2543 1880 2583 amore
1914 2544 2168 2598 sponsam

605 2617 834 2672 decente
877 2615 944 2669 ad
996 2617 1195 2671 bouum
1245 2618 1476 2682 accedit,
1510 2617 1816 2672 concubina
1863 2623 1960 2687 pro
1985 2620 2171 2688 regina

607 2705 711 2772 sit;
770 2721 868 2775 per
912 2714 1116 2760 metum
1150 2706 1382 2771 Octavae,
1407 2723 1564 2776 quem
1595 2708 1660 2762 ad
1684 2711 1972 2779 decuplum
2004 2726 2174 2779 usque

608 2797 726 2853 suis
759 2798 1066 2852 actionibus
1127 2800 1500 2868 amplificavit,
1530 2800 1596 2853 ad
1635 2817 1919 2856 numerum
1958 2811 2177 2872 octoge-

607 2891 824 2944 narium
851 2906 1023 2961 usque
1041 2891 1381 2960 perveniens.
1409 2889 1586 2962 Atque
1616 2891 1756 2946 hanc
1788 2893 2173 2958 concubinam,

607 2985 675 3037 ad
711 2995 922 3054 tempus
951 2987 1166 3055 aliquod
1203 2989 1409 3058 spurio.
1449 3005 1557 3043 non
1602 2989 1839 3061 ingenuo
1869 2999 2028 3060 partu
2057 3007 2176 3045 mo-

611 3088 721 3126 rem
756 3072 887 3128 hero
908 3090 1008 3129 suo
1031 3091 1325 3144 gerentem,
1361 3079 1564 3132 dictum
1617 3079 1749 3134 illud
1782 3081 2024 3135 historia:
2058 3097 2180 3151 per-

2263 615 2492 686 βρυγμῷ
2529 615 3095 686 καταδεδικασμένοις,
3119 615 3214 686 τὴν
3249 618 3314 671 ὲκ
3345 619 3438 690 τῆς
3470 623 3654 695 μνήμης
3673 628 3740 681 τοῦ

2261 705 2394 760 Θεοῦ
2438 705 2772 777 εὐφροσύνην
2815 705 3157 773 ὲγγίνεσθαις
3197 707 3377 772 Οὕτως
3411 710 3622 778 εἰπόντος
3657 717 3742 771 ἑτέ-

2264 796 2395 867 ρωθι
2425 795 2519 850 τοῦ
2551 796 2854 866 Προφήτου,
2884 796 2964 849 ὅτι
2992 799 3026 867 ἡ
3059 799 3243 867 μνήμη
3275 798 3365 850 τοῦ
3378 801 3502 854 Θεοῦ
3536 803 3744 874 εὐφροσύ·

2261 907 2357 959 νην
2388 892 2548 942 ποιεῖ.
2584 887 2764 942 Ταῦτα
2794 884 2887 942 οὖν
2911 889 3002 941 καὶ
3039 887 3171 942 ἀλλα
3199 888 3416 942 τοιαῦτά
3436 908 3545 945 τινα
3583 911 3746 964 προτει-

2261 977 2482 1046 νόμενος
2505 979 2533 1030 6
2560 974 2806 1039 δεδοικὼς
2834 975 2930 1046 τὴν
2957 975 3198 1045 Ὀγδόην,
3234 978 3290 1028 ὲν
3329 977 3556 1048 αἰσθήσει
3577 984 3657 1051 τῆς
3677 987 3744 1039 τοῦ

2261 1068 2441 1131 ἐλέους
2466 1068 2670 1137 γίνεται
2705 1066 2985 1138 μετουσίας
3008 1066 3178 1136 λέγων
3201 1083 3214 1096 ·
3235 1067 3316 1120 ὃτι
3350 1069 3651 1136 Είσήκουσε
3666 1073 3745 1143 τῆς
3809 1113 3816 1123 .

2261 1160 2465 1230 φωνῆς
2509 1161 2614 1214 τοῦ
2657 1159 2963 1230 κλαυθμοῦ
3003 1177 3143 1228 μου.
3178 1158 3389 1212 Πολλῶν
3427 1161 3481 1214 δὲ
3523 1165 3746 1237 μακαρίων

2262 1251 2441 1320 φόϐων
2465 1251 2569 1304 ὑπὸ
2587 1252 2683 1322 τῆς
2709 1251 2869 1320 ἁγίας
2895 1251 3234 1323 δηλουμένων
3255 1251 3485 1324 Γραφῆς,
3511 1254 3586 1326 εἴη
3608 1255 3662 1312 ἄν
3679 1259 3747 1314 καὶ

2262 1342 2356 1395 ἐπὶ
2382 1341 2582 1395 τούτων
2610 1341 2878 1409 ἀναλόγως
2905 1344 3023 1405 ταῖς
3043 1340 3103 1406 ἒξ
3128 1341 3376 1408 ἐντολαῖς,
3400 1345 3432 1413 ἡ
3459 1345 3541 1398 ἐπὶ
3562 1347 3613 1399 τὸ
3631 1349 3748 1402 δεκα-

2263 1431 2486 1485 πλάσιον
2509 1430 2732 1502 αὔξησις
2749 1449 2763 1463 ’
2785 1431 2924 1484 ὥστε
2947 1431 3040 1485 τὸν
3065 1419 3376 1503 διδαχθέντα
3398 1435 3535 1507 παρὰ
3551 1436 3635 1507 τῆς
3650 1439 3749 1509 qui.

2266 1523 2488 1594 μῳδίας,
2511 1523 2626 1588 πῶς
2654 1523 3006 1596 κατορθοῦται
3036 1524 3066 1576 6
3088 1524 3182 1578 τοῦ
3203 1526 3404 1598 Κυρίου
3426 1527 3587 1597 φόϐος,
3611 1529 3662 1583 ὲκ
3681 1532 3747 1586 τοῦ

2263 1617 2502 1671 ἐκκλῖναι
2537 1617 2635 1687 μὲν
2664 1617 2770 1669 ἀπὸ
2808 1616 2999 1680 κακοῦ,
3045 1620 3219 1672 ποιεῖν
3245 1618 3300 1672 δὲ
3341 1620 3408 1675 τὰ
3447 1621 3632 1690 ἀγαθάο
3668 1618 3748 1677 οἷόν

2261 1701 2381 1762 τινα
2409 1710 2562 1779 μνᾶν,
2603 1707 2636 1777 ἢ
2665 1708 2944 1771 τάλαντον,
2969 1708 3391 1764 δεκαπλασιάσαι
3412 1711 3495 1765 διὰ
3518 1713 3604 1783 τῆς
3625 1716 3749 1784 ἔργα·

2266 1801 2384 1864 σίας
2411 1800 2471 1852 τὸ
2507 1800 2692 1870 χρῆμα
2720 1799 2814 1852 τοῦ
2844 1799 2986 1854 θείου
3021 1801 3207 1869 φόϐου.
3247 1802 3356 1854 Καὶ
3380 1802 3538 1864 οὕτως
3562 1805 3644 1873 τὴν
3666 1804 3752 1858 δευ-

2266 1890 2589 1962 τερεύουσαν
2620 1891 2756 1962 μετά
2783 1891 2879 1962 τὴν
2909 1891 3152 1962 βασιλίδα
3175 1891 3351 1962 ψυχὴν
3381 1889 3568 1964 ἢφόϐῳ
3591 1895 3665 1947 καὶ
3683 1898 3753 1949 οὐκ

2265 1981 2450 2052 ἀγάπῃ
2495 1980 2556 2034 τὸ
2610 1981 2769 2034 καλὸν
2816 1979 3232 2053 κατεργάζεται,
3273 1981 3404 2052 πρὸς
3453 1982 3534 2034 τὸν
3577 1983 3754 2053 ἀριθμὸν

2266 2071 2374 2124 τῶν
2407 2071 2733 2142 ὀγδοήκοντα
2771 2071 3154 2142 πλατυνθῆναι,
3183 2073 3406 2126 ἕκαστον
3435 2069 3558 2136 εἶδος
3584 2073 3672 2126 τῶν
3694 2074 3756 2127 διὰ

2265 2162 2426 2233 φόϐου
2457 2162 2899 2233 κατορθουμένων
2925 2165 3016 2216 ἐπὶ
3031 2162 3124 2216 τοῦ
3155 2163 3273 2233 βίου
3297 2163 3483 2233 ἑαυτῆς
3501 2163 3755 2232 ἀσυγχύτως

2264 2272 2322 2308 τε
2352 2255 2445 2310 καὶ
2471 2256 2896 2328 άκεκρυμμένως
2917 2256 3265 2309 δεικνύουσα·
3292 2255 3365 2319 ὡς
3393 2256 3482 2308 καὶ
3506 2256 3587 2308 ἐπὶ
3606 2254 3757 2326 ταύτης

2265 2346 2366 2417 τῆς
2399 2347 2587 2418 ὀγδόης
2618 2347 2792 2416 λόγον,
2823 2349 2889 2418 τῇ
2938 2347 3072 2416 πρὸς
3102 2347 3161 2401 τὸ
3202 2346 3546 2400 δεκαπλάσιον
3587 2346 3757 2416 αὐξήσει

2269 2455 2332 2491 συ
2341 2438 2759 2510 μπλατυνθῆναι,
2781 2439 2873 2492 καὶ
2898 2437 3148 2507 γενέσθαι
3166 2437 3318 2508 φόϐῳ
3332 2435 3564 2508 δουλικῷ,
3581 2437 3658 2490 καὶ
3675 2435 3759 2505 οὐχί

2268 2528 2427 2598 ἔρωτι
2457 2528 2707 2599 νυμφικῷ
2753 2529 2830 2600 τῷ
2863 2528 3048 2599 ἀγαθῷ
3094 2529 3565 2600 προσεγγίζυυσαν,
3602 2527 3757 2581 παλλα-

2269 2623 2368 2692 κὴν
2397 2622 2516 2675 ἀντὶ
2543 2622 2638 2692 τῆς
2664 2621 2946 2692 βασιλίδος·
2969 2621 3055 2675 διὰ
3081 2621 3170 2675 τὸν
3197 2621 3300 2692 τῆς
3319 2620 3532 2692 ὐγδόης
3559 2617 3760 2688 φόϐον,ὃν

2268 2712 2638 2776 δεκαπλασίως
2669 2714 2727 2764 ὲν
2763 2716 2872 2776 τοῖς
2898 2711 3314 2784 κατορθώμασιν
3343 2712 3580 2784 ηὔξησεν,
3613 2713 3678 2774 είς
3696 2709 3759 2763 τὸν

2270 2804 2497 2875 ἀριθμὸν
2541 2804 2891 2858 συντελοῦσαν
2941 2805 3050 2858 τῶν
3097 2805 3442 2876 ὀγδοήκοντα.
3475 2805 3567 2857 Ἢν
3606 2800 3759 2856 κελεύει

2272 2897 2367 2949 καὶ
2397 2899 2426 2949 6
2465 2897 2559 2966 τῆς
2596 2896 2830 2968 ἱστορίας
2872 2895 3027 2964 λόγος
3055 2895 3214 2967 νόθῳ,
3253 2896 3572 2968 προσκαίρῳ,
3593 2894 3671 2946 καὶ
3692 2892 3760 2944 οὐκ

2274 2990 2478 3055 εὐγενεῖ
2500 2988 2642 3057 τόκῳ
2682 2989 3116 3058 ὑπηρετήσασαν,
3151 2987 3226 3060 μὴ
3273 2989 3524 3042 συνοικεῖν
3563 2986 3630 3048 είς
3652 2983 3760 3043 τέλος

2275 3083 2340 3151 τῇ
2375 3078 2625 3150 βασιλίδι·
2655 3079 2730 3142 ὡς
2758 3079 2858 3132 οὐκ
2888 3078 3053 3149 οὔσης
3077 3081 3140 3134 ὲκ
3166 3079 3264 3133 τοῦ
3290 3080 3402 3133 ίσου
3423 3079 3518 3148 τῆς
3546 3073 3762 3146 βασιλικῆς

611 3173 774 3232 petuo
803 3181 927 3219 cum
987 3169 1170 3236 regina
1203 3169 1400 3239 degere
1441 3170 1634 3224 iisdem
1673 3172 1726 3225 in
1754 3172 1964 3227 aedibus
1991 3179 2173 3239 vetat;

2279 3171 2635 3243 κληρονομίας
2659 3173 2723 3242 τῇ
2753 3171 2969 3242 δουλικῇ
2992 3174 3121 3242 γονῇ
3153 3171 3292 3242 πρὸς
3329 3171 3417 3224 τδν
3445 3168 3690 3264 ἐλεηθερον
3702 3164 3763 3264 τη.

608 3255 752 3322 quod
780 3257 995 3312 servilis
1031 3257 1171 3314 fetus
1201 3260 1268 3314 ad
1297 3260 1662 3316 hereditatem
1689 3264 1840 3332 regni
1870 3279 1991 3318 cum
2028 3262 2180 3332 inge-

619 3362 730 3400 nuo
776 3358 932 3416 partu
967 3349 1088 3417 ejus
1124 3366 1222 3422 par
1280 3367 1386 3405 non
1445 3352 1661 3407 habeat.
1717 3351 1937 3420 Ejicito,
1983 3351 2178 3420 inquit,

2283 3270 2401 3316 κον.
2426 3260 2680 3314 Ἔκϐαλε
2693 3257 2820 3327 γὰρ,
2839 3257 2986 3336 φησὶ,
3001 3256 3116 3325 τὴν
3135 3255 3461 3323 παιδίσκην
3477 3253 3565 3308 καί
3576 3252 3663 3306 τὸν
3673 3249 3765 3305 olor

2283 3349 2491 3420 αὐτῆς.
2515 3353 2596 3404 Οὐ
2609 3350 2716 3418 γὰρ
2733 3349 2814 3420 μὴ
2847 3346 3271 3418 κληρονομήσῃ
3295 3352 3327 3402 ό
3365 3346 3488 3413 υίὸς
3515 3345 3611 3412 τῆς
3628 3342 3765 3396 παιδί-

611 3437 862 3490 ancillam
891 3447 939 3490 et
977 3439 1144 3506 ﬁlium
1167 3441 1302 3506 ejus.
1326 3439 1436 3494 Nec
1462 3443 1599 3495 enim
1637 3441 1848 3495 ancilla:
1875 3442 2019 3510 ﬁlius
2059 3457 2173 3494 cum

2283 3459 2438 3511 σκης
2447 3442 2596 3514 μετὰ
2619 3441 2721 3495 τοῦ
2742 3441 2871 3495 υιοῦ
2888 3440 2996 3510 τῆς
3020 3440 3356 3508 ἐλευθέρας.
3372 3441 3433 3492 El
3451 3439 3506 3493 δέ
3530 3455 3623 3490 τινι
3647 3435 3766 3505 βιαιο-

610 3531 847 3597 ingenua,-
876 3529 988 3598 ﬁlio
1021 3529 1376 3584 Im'mlitatem
1407 3531 1572 3586 adibit
1604 3536 1644 3587 °.
1681 3532 1836 3598 Quod
1872 3533 1915 3586 si
1944 3532 2031 3586 cui
2070 3531 2173 3587 haec

2277 3535 2411 3606 τέρα
2465 3535 2708 3602 φαίνεται
2757 3534 2791 3604 ή
2839 3534 2917 3596 είς
2962 3532 3054 3586 τὸν
3098 3532 3449 3603 προκείμενον
3491 3532 3590 3594 τοῖς
3635 3525 3765 3598 ῥητοῖς

612 3638 966 3676 numerorum
1010 3623 1063 3677 in
1095 3625 1395 3694 propositis
1430 3625 1611 3680 verbis
1644 3625 2013 3680 consideratio
2069 3640 2173 3680 non

2279 3625 2507 3697 ἀριθμὸν
2537 3624 2752 3695 θεωρία,
2777 3623 3170 3695 ἀναμνησθήτω
3201 3625 3286 3677 ὅτι
3313 3624 3404 3677 καὶ
3434 3624 3543 3677 κατ’
3571 3619 3710 3690 ἀρχὰς
3726 3614 3767 3666 τὸ

612 3713 748 3766 nihil
774 3729 895 3768 esse
918 3715 1172 3777 violenta,
1201 3717 1468 3786 quasique
1491 3726 1631 3770 torta
1655 3716 1902 3782 videtur;
1939 3717 1984 3772 is
2015 3718 2173 3772 velim

2285 3717 2358 3786 μὴ
2388 3715 2638 3769 δύνασθαι
2669 3716 2848 3784 τυχεῖν
2873 3715 2966 3785 τῆς
2996 3716 3053 3770 ὲν
3080 3713 3288 3779 τούτοις
3317 3713 3554 3786 ἀληθείας
3584 3712 3766 3780 ἐμαρτυ-

611 3805 714 3859 sibi
761 3815 977 3862 revocet
1014 3809 1066 3860 in
1123 3818 1378 3868 mentem.
1415 3809 1485 3863 ab
1513 3809 1674 3863 initio
1712 3825 1813 3864 nos
1845 3816 2173 3878 protestatos

2285 3804 2510 3877 ράμεθα,
2545 3803 2794 3857 τοσοῦτον
2829 3805 2985 3874 μόνον
3018 3804 3278 3874 ἅψασθαι,
3309 3807 3430 3859 ὅσον
3473 3805 3542 3876 μὴ
3576 3801 3766 3871 ἀγύμνα-

611 3911 755 3962 esse,
786 3912 892 3951 non
925 3913 1084 3967 posse
1111 3897 1396 3952 veritatem
1442 3915 1542 3954 nos
1580 3899 1636 3952 in
1695 3899 1798 3953 hoc
1851 3914 2047 3969 genere
2093 3913 2182 3954 as-

2290 3913 2388 3949 στα
2419 3895 2536 3949 καθ’
2569 3895 2688 3949 ὅλου
2722 3895 3094 3966 παραδραμεῖν
3113 3897 3180 3950 τά
3210 3897 3518 3966 αἰνίγματα.

614 3993 792 4060 sequi,
848 4007 911 4046 ac
950 4001 1237 4063 propterea
1292 3996 1372 4048 sic
1402 3995 1682 4066 attigimus
1717 3994 1832 4050 hazc
1876 3997 2183 4066 aenigmata,
2225 4000 2282 4047 ut
2337 4006 2406 4046 ne
2456 4000 2683 4062 prorsus
2743 3992 2894 4046 nullo
2922 3992 3175 4062 impenso
3221 3992 3402 4048 studio
3471 3985 3769 4064 pratermitte-

615 4093 820 4139 rentur.

701 4175 807 4231 Sed
847 4184 1023 4232 tamen
1082 4178 1128 4234 si
1182 4177 1404 4233 dilectio
1457 4177 1936 4249 (quemadmodum
1976 4176 2176 4231 alicubi

617 4271 979 4340 perscriptum
1032 4271 1135 4337 est)
1175 4272 1331 4341 plane
1376 4273 1593 4339 tandem
1648 4279 1850 4326 metum
1900 4271 2082 4340 ejiciat
2135 4269 2178 4332 ",

619 4370 972 4431 mutatusque
1025 4370 1200 4416 metus
1241 4362 1460 4416 dilectio
1500 4363 1626 4429 ﬁat;
1679 4372 1790 4417 tum
1839 4376 1971 4417 vero
1999 4361 2178 4416 unitas

2349 4171 2495 4244 Πλὴν
2539 4171 2589 4224 εἱ
2621 4169 2724 4235 ἔξω
2769 4170 2916 4241 βάλοι
2945 4171 3036 4224 τὸν
3079 4171 3243 4240 φόϐον
3289 4173 3322 4243 ἡ
3367 4171 3542 4243 ἀγάπη
3587 4169 3768 4229 τελείως,

2279 4262 2420 4317 κατά
2461 4261 2521 4315 τὸ
2568 4262 2966 4332 γεγραμμένον,
3002 4262 3095 4313 καὶ
3146 4262 3525 4332 μεταποιηθεὶς
3570 4261 3597 4314 6
3635 4258 3768 4328 φόϐος.

2280 4354 2468 4424 ἀγάπη
2497 4351 2739 4421 γένοιτο’
2787 4352 2909 4406 τότε
2951 4351 3261 4422 εὑρίσκεται
3295 4351 3456 4424 μονὰς
3497 4350 3552 4404 τὸ
3586 4347 3768 4415 σωζόμε-

617 4469 741 4509 esse
783 4454 1082 4522 reperietur
1114 4453 1186 4516 id,
1219 4453 1360 4522 quod
1394 4454 1626 4509 salutem
1655 4453 2032 4523 consequitur,
2059 4467 2173 4508 om-

2282 4464 2392 4510 νον,
2419 4447 2476 4498 ὲν
2507 4447 2572 4515 τῇ
2606 4445 2742 4514 πρὸς
2792 4443 2850 4496 τὸ
2890 4443 3045 4514 μόνον
3087 4443 3287 4512 ἀγαθὸν
3330 4443 3581 4512 συμφυῖᾳ,
3609 4439 3770 4492 πάντων

621 4546 780 4600 nibus
810 4547 953 4599 inter
981 4562 1039 4600 se
1066 4545 1236 4601 unitis
1274 4546 1329 4599 in
1380 4546 1843 4617 conglutinatione
1898 4560 2020 4599 cum
2072 4561 2182 4599 uno

619 4652 683 4690 ac
714 4638 829 4692 solo
859 4637 1022 4702 bono,
1060 4652 1158 4706 per
1187 4636 1334 4690 illam
1387 4653 1507 4707 qum
1542 4638 1594 4690 in
1630 4636 1877 4690 columba
1896 4643 1980 4690 est
2007 4635 2184 4706 perfe—

619 4727 874 4781 ctionem.
894 4725 1027 4781 Nam
1052 4727 1362 4797 huiusmodi
1385 4728 1640 4796 quiddam
1664 4745 1730 4783 ex
1752 4728 1931 4782 verbis
1955 4742 2186 4796 sequen-

620 4819 767 4875 tibus
793 4820 1169 4890 intelligimus,
1199 4836 1324 4874 cum
1358 4821 1434 4874 ait
1462 4839 1474 4875 ε
1512 4819 1626 4874 Una
1655 4831 1731 4875 est
1762 4820 2001 4874 columba
2052 4836 2186 4885 mea,

619 4908 850 4976 perfecta
876 4927 1007 4964 mea.
1048 4907 1214 4964 Unica
1241 4921 1317 4964 est
1341 4912 1499 4964 matri
1533 4929 1662 4973 suae.
1723 4912 1886 4967 electa
1946 4911 2030 4964 illi
2072 4927 2188 4980 qua:

619 5002 812 5064 peperit
840 5018 974 5055 eam.
1010 5003 1184 5072 Atque
1209 5003 1313 5057 hoc
1342 5003 1395 5056 in
1420 5001 1708 5073 Evangelio
1741 5019 1837 5074 per
1859 5018 2042 5058 vocem
2077 5001 2181 5054 Do-

621 5090 751 5143 mini
790 5091 948 5146 nobis
978 5091 1248 5147 illttS'l‘itts
1281 5092 1612 5147 declaratur.
1647 5091 1856 5147 Etenim
1890 5093 1982 5145 ille
2015 5091 2183 5145 bene-

621 5181 852 5246 dicendo
879 5184 983 5236 vim
1007 5199 1222 5238 omnem
1253 5182 1539 5252 discipulis
1572 5182 1686 5239 suis
1717 5182 2026 5246 conferens,
2059 5196 2182 5236 cum

622 5274 725 5326 alia
781 5275 919 5327 bona
972 5276 1151 5330 verbis
1193 5275 1322 5335 illis,
1377 5274 1576 5343 quibus
1622 5272 1688 5326 ad
1721 5271 1934 5325 Patrem
1987 5272 2182 5335 utitur,

621 5365 813 5418 tribuit
839 5366 1056 5436 dignis:
1085 5378 1196 5420 tum
1220 5367 1383 5421 etiam
1416 5365 1565 5419 addit
1599 5365 1721 5426 hoc,
1749 5364 1892 5433 quod
1916 5365 2180 5418 honorum

623 5463 788 5524 caput
835 5473 897 5511 ac
930 5475 1139 5514 summa
1173 5469 1277 5518 est.
1315 5474 1423 5512 non
1470 5456 1704 5525 amplius
1732 5470 1828 5510 eos
1860 5456 1919 5509 in
1959 5455 2186 5511 diversi-

625 5554 738 5602 tate
769 5549 999 5617 quadam
1040 5549 1389 5606 electionum.
1422 5546 1796 5614 multipliciter
1833 5547 2039 5600 divisos
2073 5545 2186 5598 lore

629 5637 684 5691 in
712 5637 959 5694 faciendo
995 5639 1063 5696 de
1096 5640 1468 5708 bonojudirio
1489 5682 1504 5705 ,
1548 5639 1644 5694 sed
1672 5653 1863 5695 omnes
1905 5656 2073 5695 unum
2104 5637 2187 5692 fu-

2283 4537 2524 4608 ἀλλήλοις
2576 4535 2897 4601 ἑνωθέντων,
2931 4533 3019 4588 διὰ
3059 4535 3156 4605 τῆς
3188 4536 3331 4589 κατά
3371 4535 3466 4605 τὴν
3510 4526 3770 4602 περιστερὰν

2281 4628 2627 4696 τελειότητος.
2661 4624 2910 4679 Τοιοῦτον
2950 4626 3056 4697 γάρ
3086 4643 3138 4677 τι
3174 4625 3396 4695 νοοῦμεν
3427 4626 3489 4678 ὲκ
3515 4621 3599 4676 τοῦ
3627 4616 3772 4687 ἐφεξῆς

2282 4721 2460 4788 λόγου,
2486 4721 2542 4783 ὃς
2574 4733 2765 4788 φησιν·
2800 4719 2881 4770 ὅτι
2909 4718 3026 4770 Μία
3053 4716 3183 4770 ἐστὶ
3221 4713 3531 4784 περιστερὰ
3567 4729 3684 4783 μου.
3708 4724 3772 4760 τε·

2283 4812 2415 4866 λεία
2441 4828 2579 4879 μου.
2619 4809 2739 4863 Μία
2768 4807 2899 4862 ἐστὶ
2940 4807 3012 4877 τῇ
3067 4807 3247 4877 μητρί
3277 4807 3482 4876 αὐτῆς,
3519 4795 3770 4862 ἐκλεκτική

2284 4902 2415 4955 ἐστι
2451 4897 2525 4968 τῇ
2566 4900 2825 4967 τεκούσῃ
2868 4897 3077 4965 αὑτήν.
3111 4900 3285 4971 Ὅπερ
3329 4900 3386 4953 ἐν
3415 4896 3488 4968 τῷ
3523 4887 3772 4960 Εὐαγγελίῳ

2285 4992 2370 5046 διὰ
2404 4991 2502 5061 τῆς
2526 4989 2617 5044 τοῦ
2651 4990 2850 5060 Κυρίου
2899 4990 3079 5060 φωνῆς
3112 4989 3434 5059 σαφέστερον
3458 4980 3769 5058 ἑρμηνεύεται.

2287 5085 2471 5138 Πᾶσαν
2499 5083 2607 5152 γὰρ
2638 5084 2749 5144 τοῖς
2778 5079 3038 5151 μαθηταῖς
3067 5080 3258 5134 ἑαυτοῦ
3283 5077 3692 5147 ὲναποτιθέμενος
3711 5065 3772 5120 διὰ

2286 5177 2383 5247 τῆς
2430 5177 2674 5245 εὐλογίας
2702 5176 2947 5243 δύναμιν,
2973 5175 3040 5228 τά
3066 5192 3125 5227 τε
3164 5173 3296 5228 ἄλλα
3331 5172 3417 5225 διὰ
3447 5169 3546 5223 τῶν
3573 5164 3686 5236 πρὸς
3708 5158 3773 5211 τδν

2290 5272 2506 5342 Πατέρα
2533 5271 2704 5338 λόγων
2735 5269 2912 5338 ἀγαθά
2943 5271 3053 5332 τοῖς
3085 5268 3256 5334 ἁγίοις
3288 5263 3575 5351 χαρίζεται,
3605 5249 3773 5351 trp-03th

2290 5362 2410 5432 θησι
2441 5361 2497 5414 δὲ
2535 5361 2641 5414 τῶν
2663 5359 2877 5429 ἀγαθῶν
2910 5360 2970 5412 τὸ
3005 5356 3310 5426 κεφάλαιον,
3337 5353 3396 5407 τὸ
3423 5350 3600 5423 μηκέτι
3625 5344 3773 5432 αὐτοὺς

2289 5429 2354 5506 ἐν.
2370 5453 2595 5523 διαφορᾷ
2638 5470 2740 5506 τινι
2778 5450 3141 5524 προαιρέσεων
3171 5449 3228 5500 ὲν
3268 5448 3332 5516 τῇ
3365 5443 3487 5514 περὶ
3527 5436 3608 5531 τοῦ
3630 5429 3771 5531 mallit?

2290 5545 2467 5616 κρίσει
2500 5543 2737 5613 πολλαχῇ
2768 5540 3162 5613 διασχίζεσθαν
3201 5537 3312 5592 ἀλλ’
3339 5535 3397 5588 ἓν
3431 5526 3655 5625 ΥεῨέσθαι
3677 5526 3772 5625 f0

2291 5637 2514 5703 πάντας,
2541 5633 2619 5704 τῷ
2663 5635 2742 5687 ἐνὶ
2783 5633 2875 5687 καὶ
2908 5631 3051 5704 μόνῳ
3077 5628 3260 5699 ἀγαθῷ
3301 5623 3647 5696 συμφυένταςο
3669 5618 3771 5662 ὥστε

710 5819 732 5850 ⁸
767 5817 906 5873 Psal.
940 5833 1121 5885 turi,
1155 5820 1206 5873 4.
1281 5819 1304 5852 ⁸
1337 5819 1480 5875 Psal.
1508 5837 1580 5886 vt,
1609 5822 1660 5878 9.
1737 5823 1757 5854 ³
1788 5819 1932 5877 Psal.
1962 5834 2154 5882 xxmt,

2263 5869 2267 5872 .
2348 5818 2368 5849 °
2399 5819 2532 5874 Gen.
2557 5833 2667 5881 ιιι,
2704 5777 2800 5882 1οξ
2840 5811 2956 5868 Gal.
2983 5827 3056 5876 tv,
3089 5808 3176 5864 50.
3253 5805 3312 5860 ’l
3352 5802 3504 5859 loan.
3535 5812 3599 5858 tv.
3625 5790 3690 5847 18-
