3824 6466
127 447 226 503 ΗΠ

1026 429 1093 484 IN
1142 424 1436 483 CANTICA
1462 418 1730 478 CANTIC.
1765 415 2043 472 HOMlLIA
2082 413 2197 468 XV.

3087 394 3225 452 {MS

119 561 187 615 διὰ
207 558 276 629 τῆς
294 554 363 608 τοῦ
396 553 703 622 Πνεύματος
741 545 833 602 τοῦ
880 546 1035 615 ἁγίου
1080 543 1345 613 ἐνότητος,
1396 534 1577 598 καθώς

1715 549 1850 599 tros,
1881 532 1972 585 uni
2008 528 2083 584 illi
2126 541 2190 581 ac
2220 522 2321 580 soli
2356 523 2498 577 bono
2536 516 2897 589 agglutinatos
2923 533 2935 569 :
2958 513 3032 567 ita
3056 522 3109 565 nt
3132 524 3229 571 per

2127 620 2138 629 '
2243 618 2254 629 '
2294 618 2327 629 '-
2432 614 2443 629 ¹
2576 628 2579 629 ν
2628 607 2901 629 -1ημ-Ι--ηι
2946 602 3226 629 Anna-“In-

118 667 240 722 φησιν
264 650 284 700 ὁ
311 644 622 707 Ἀπόστολος,
652 639 728 711 τῷ
775 638 1051 707 συνδέσμῳ
1091 633 1190 703 τῆς
1219 633 1436 702 εἰρήνης
1463 628 1579 680 δια-

118 718 407 811 σοιγχθέντας,
442 734 498 787 ἓν
522 733 677 804 σῶμα
707 728 952 799 γενέσθαι
978 728 1102 788 τοὺς
1142 725 1368 785 πάντας,
1403 720 1494 773 καὶ
1524 718 1582 769 ἓν

115 807 293 898 πνεῦμα,
311 826 379 878 διὰ
398 827 521 895 μιᾶς
551 822 757 884 ἐλπίδος
774 821 851 883 είς
876 818 943 887 ἦν
963 813 1287 885 ἐκλήθησαν.
1312 809 1523 862 Βέλτιον
1536 807 1580 859 δ’

111 896 247 989 ἀνείη
281 917 419 980 αὑτὰς
446 916 537 970 ἐπὶ
577 914 771 978 λέξεως
803 908 1138 980 παραθέσθαι
1192 905 1288 966 τὰς
1317 902 1463 963 θείας
1490 896 1581 951 τοῦ

110 1009 365 1077 Εὑαγγελίου
387 1008 583 1077 φωνάς.
614 1006 734 1058 Ἵνα
755 1004 973 1066 πάντες
998 999 1067 1053 ἐν
1088 993 1238 1052 ὦσιν
1262 992 1451 1057 καθὼς
1478 990 1581 1051 σὺ,

106 1101 272 1169 Πάτερ,
299 1101 355 1154 ἐν
387 1100 531 1170 ἐμοὶ,
580 1096 738 1167 κάγὼ
767 1096 835 1149 ἐν
865 1094 964 1148 σοί
985 1108 1000 1124 ο
1025 1092 1124 1144 ἵνα
1162 1088 1259 1141 καὶ
1304 1083 1469 1140 αὐτοὶ
1517 1081 1588 1134 ἐν

104 1187 207 1247 ὦσι.
237 1192 293 1244 Τὸ
313 1191 359 1243 δὲ
395 1188 695 1242 συνδετικὸν
723 1188 821 1257 τῆς
863 1183 1109 1253 ένότητος
1149 1178 1369 1248 ταύτης,
1396 1177 1430 1245 ἡ
1465 1171 1589 1235 δόξα

105 1282 227 1336 ἐστί·
252 1282 379 1345 δόξαν
408 1281 464 1333 δὲ
487 1278 733 1347 λέγεσθαι
761 1276 820 1329 τὸ
860 1272 1081 1343 Πνεῦμα
1113 1272 1173 1323 τὸ
1197 1269 1371 1337 ἅγιον,
1400 1267 1498 1317 ούκ
1525 1264 1589 1318 ἄν

101 1392 170 1439 τις
200 1373 287 1427 τῶν
312 1372 716 1443 ἐπεσκεμμένων
741 1367 1000 1425 ἀντείποι.
1034 1362 1169 1432 πρὸς
1194 1359 1361 1421 αὐτὰς
1384 1356 1590 1427 βλέπων

97 1463 180 1527 τὰς
208 1463 284 1516 τοῦ
315 1440 513 1535 Κυρίου.
534 1440 731 1531 φωνάς.
764 1456 885 1525 Τὴν
913 1453 1099 1517 δόξαν
1126 1449 1252 1521 γὰρ,
1299 1445 1482 1518 φησιν,
1513 1440 1593 1509 ἢν

94 1552 284 1619 έδωκάς
298 1532 405 1621 μοι,
426 1551 651 1605 δέδωκα
672 1546 892 1612 αὐτοῖς.
922 1543 1127 1597 Ἔδωκε
1154 1539 1260 1608 γὰρ
1282 1537 1355 1600 ὡς
1379 1532 1593 1605 ἀληθῶς

93 1645 189 1704 τοῖς
222 1642 453 1712 μαθηταῖς
478 1636 726 1709 τοιαύτην
751 1635 925 1699 δόξαν,
952 1635 979 1686 ὁ
999 1628 1165 1685 είπὼν
1203 1627 1338 1698 πρὸς
1364 1622 1555 1681 αὐτούς
1576 1638 1590 1652 ·

90 1733 279 1789 Λάϐετε
302 1731 528 1800 Πνεῦμα
547 1729 733 1799 ἅγιον.
765 1726 959 1781 Ἕλαϐε
983 1726 1039 1779 δὲ
1075 1722 1271 1792 ταύτην
1298 1717 1395 1789 τὴν
1416 1716 1593 1781 δόξαν,

91 1827 151 1896 ἦν
174 1824 369 1877 πάντοτε
398 1818 508 1892 εἶχε
536 1821 640 1892 πρὸ
660 1818 752 1873 τοῦ
780 1819 870 1872 τὸν
909 1818 1108 1886 κόσμον
1137 1809 1294 1873 εἶναι,
1317 1811 1346 1863 ό
1380 1810 1478 1880 τὴν
1504 1807 1596 1860 ἀν-

89 1894 327 1985 θρωπίνην
354 1911 509 1982 φύσιν
541 1908 1010 1980 περιϐαλλόμενος,
1039 1901 1107 1976 ἦς
1142 1898 1484 1969 δοξασθείσης
1510 1894 1597 1947 διὰ

86 2005 169 2056 τοῦ
187 2002 490 2070 Πνεύματος,
525 2002 614 2055 ἐπὶ
638 2001 744 2053 πᾶν
766 1998 827 2052 τὸ
866 1996 1118 2065 συγγενὲς
1145 1996 1178 2065 ἡ
1208 1994 1306 2062 τῆς
1332 1990 1484 2059 δόξης
1506 1986 1598 2039 τοῦ

86 2096 364 2165 Πεκεύματος
385 2095 610 2157 διάδοσις
634 2092 856 2161 γίνεται,
891 2091 997 2144 ἀπὸ
1030 2089 1134 2142 τῶν
1167 2085 1420 2158 μαθητῶν
1440 2080 1604 2154 ἀρξα-

84 2185 228 2254 μένη.
255 2184 340 2235 Διὰ
373 2182 525 2235 τοῦτό
563 2198 693 2252 φησι
712 2197 725 2211 ·
771 2180 886 2248 Τὴν
912 2179 1099 2243 δόξαν
1126 2176 1205 2245 ῆν
1230 2172 1456 2237 ἔδωκάς
1477 2187 1601 2240 μοι,

79 2278 287 2331 δέδωκα
298 2274 509 2339 αὐτοῖς.
519 2274 648 2329 Ἵνα
662 2268 811 2327 ὦσιν
828 2270 918 2336 ἒν,
932 2268 1124 2333 καθὼς
1138 2265 1306 2336 ἡμεῖς
1316 2264 1385 2318 ἓν
1399 2263 1601 2331 ἐσμεν.

92 2373 225 2441 Ἐγὼ
242 2371 305 2424 ἐν
324 2369 540 2434 αὐτοῖς,
576 2366 672 2419 καὶ
694 2364 775 2417 σὺ
803 2362 871 2415 ἐν
896 2359 1042 2429 ἐμοὶ,
1072 2359 1171 2411 ἵνα
1193 2351 1303 2409 ὦσι
1326 2355 1608 2407 τετελειω-

70 2464 230 2534 μένοι
269 2464 349 2525 είς
371 2461 437 2514 τὸ
468 2457 657 2547 ἓνἸὉ
685 2455 859 2508 τοίνυν
887 2454 950 2504 ὲκ
987 2450 1084 2520 μὲν
1126 2447 1316 2543 νηπίου
1359 2444 1493 2515 πρὸς
1517 2440 1609 2493 ἄν·

70 2527 169 2627 δρα
193 2554 385 2607 τέλειον
417 2527 735 2620 ἀναδραμὼν
767 2543 853 2597 διὰ
891 2544 991 2614 τῆς
1020 2527 1314 2610 αὐξήσεως,
1352 2534 1443 2588 καὶ
1477 2530 1610 2600 φθά-

71 2621 167 2711 σας
194 2648 269 2709 είς
294 2644 352 2697 τὸ
376 2644 566 2714 μέτρον
587 2640 684 2709 τῆς
710 2636 905 2707 νοητῆς
930 2633 1166 2705 ἡλικίας,
1191 2632 1254 2682 ὲκ
1282 2627 1338 2680 δὲ
1366 2626 1463 2696 τῆς
1499 2621 1612 2676 δού-

67 2740 164 2810 λης
187 2755 245 2791 τε
284 2712 386 2789 καί
405 2737 501 2803 τῆς
532 2728 850 2792 παλλακίδος
890 2724 987 2797 τὴν
1026 2724 1123 2794 τῆς
1165 2716 1433 2790 βασιλείας
1460 2712 1612 2776 ἀξίαν

70 2807 408 2906 μεταλαϐώψ
453 2823 697 2886 δεκτικὸς
738 2822 795 2875 δὲ
839 2820 936 2890 τῆς
979 2817 1072 2869 τοῦ
1116 2809 1425 2882 Πνεύματος
1457 2807 1615 2877 δόξης

64 2894 346 2992 γενόμενος
366 2918 432 2971 δι’
466 2914 727 2975 ἀπαθείας
758 2912 851 2965 καὶ
882 2905 1264 2979 καθαρότητος,
1291 2894 1444 2963 οὗτός
1474 2901 1617 2952 ἐστιν

65 2986 98 3085 η
132 2986 305 3065 τελεία
336 3005 651 3077 περιστερὰ,
694 3000 830 3072 πρὸς
856 3000 921 3070 ἢν
946 2998 975 3051 ό
1002 2993 1229 3064 νυμφίος
1266 2991 1370 3061 ὁρᾷ
1414 2986 1615 3055 λέγων’

61 3074 145 3155 ότι
175 3100 291 3153 Μία
311 3074 440 3150 ἐστὶ
461 3087 777 3161 περιστερά
789 3105 929 3159 μου,
960 3086 1159 3138 τελεία
1185 3081 1322 3151 μοῦ.
1350 3078 1469 3133 Μία
1490 3074 1620 3129 ἐστί

1681 628 1941 683 unitatem
1966 620 2143 678 sancti
2176 618 2403 687 spiritus
2428 607 2905 686 (quemadmodum
2937 602 3229 673 Apostolus

1681 720 1774 788 ait)
1798 717 1943 787 pacis
1965 710 2244 769 constricti
2271 723 2434 767 nexu,
2458 716 2653 772 corpus
2680 714 2846 753 unum
2871 696 3001 749 ﬁant
3017 705 3228 753 omnes,

1680 820 1733 869 et
1765 825 1908 865 unus
1945 806 2192 877 Spiritus,
2236 815 2330 871 per
2380 813 2525 867 spem
2566 809 2750 853 unam.
2781 791 2835 843 in
2862 801 3024 857 quam
3056 783 3231 837 vocati

1683 905 1791 960 sint
1819 903 1862 956 ⁸.
1900 899 2186 953 Enimvero
2250 893 2454 947 rectius
2498 887 2821 945 fect-rimus,
2871 882 2916 935 si
2967 879 3034 932 de
3069 876 3238 929 verbo

1685 997 1750 1051 ad
1782 996 2005 1049 verbum
2035 993 2180 1059 ipsas
2202 983 2473 1052 Evangelii
2498 981 2711 1034 divinas
2727 989 2858 1031 sane
2882 986 3043 1027 voces
3071 983 3237 1038 appo-

1684 1088 1973 1144 suerimus.
2015 1080 2078 1134 Ut
2105 1094 2299 1139 omnes,
2335 1073 2530 1142 inquit,
2588 1070 2688 1122 sint
2716 1058 3240 1133 unum,quemadmo-

1686 1183 1809 1234 dum
1840 1188 1916 1238 tu,
1957 1175 2028 1228 mi
2064 1171 2243 1233 Pater,
2274 1168 2327 1220 in
2354 1181 2433 1218 me
2463 1179 2537 1225 es,
2568 1169 2615 1213 et
2645 1175 2734 1229 ego
2764 1158 2817 1209 in
2843 1165 2889 1207 te
2924 1170 2940 1207 :
2969 1163 3023 1204 ut
3050 1160 3098 1203 et
3137 1146 3238 1215 ipsi

1687 1286 1847 1328 unum
1900 1268 2006 1322 sint
2037 1265 2092 1317 in
2130 1260 2275 1315 nobis
2302 1259 2343 1312 ⁹.
2374 1254 2547 1322 Hujus
2572 1256 2752 1303 autem
2813 1243 3040 1297 unitatis
3069 1253 3242 1293 nexus

1688 1370 1771 1420 est
1803 1358 1992 1432 gloria.
2030 1351 2288 1422 Spiritum
2311 1355 2489 1401 autem
2545 1347 2794 1397 sanctum
2824 1331 3085 1404 appellari
3130 1330 3246 1399 glo-

1689 1452 1849 1511 riam,
1881 1459 2040 1502 nemo
2060 1438 2471 1512 prudentiorum
2519 1430 2755 1497 negabit,
2784 1427 2831 1480 si
2882 1425 3001 1493 ipsa
3032 1416 3243 1473 Domini

1690 1544 1853 1599 verba
1876 1499 2194 1594 intuebitur,
2225 1543 2346 1583 cum
2380 1525 2454 1578 ait
2504 1542 2517 1578 :
2577 1520 2812 1575 Gloriam
2857 1529 3012 1585 quam
3055 1499 3273 1563 dedisti'

1691 1633 1841 1694 milii,
1898 1627 2016 1682 dedi
2058 1625 2154 1679 eis.
2214 1620 2418 1675 Revera
2461 1614 2604 1668 enim
2665 1607 2908 1664 eamdem
2962 1599 3250 1669 discipulis

1694 1686 1919 1793 gloriam
1949 1711 2116 1772 dedit,
2139 1722 2261 1763 cum
2302 1703 2367 1757 ad
2397 1717 2492 1757 eos
2529 1699 2737 1753 diceret
2768 1714 2782 1749 :
2816 1691 3043 1759 Accipite
3081 1686 3252 1755 Spiri-

1699 1785 1807 1865 lum
1835 1814 2071 1862 sanctum
2101 1800 2165 1854 '°.
2200 1797 2374 1865 Atque
2394 1793 2535 1845 hanc
2570 1786 2821 1859 gloriam,
2862 1795 3021 1851 quam
3073 1785 3250 1830 tamen

1698 1913 1908 1969 semper
1937 1892 2125 1948 habuit
2155 1889 2307 1961 prius
2327 1885 2488 1940 etiam
2527 1894 2688 1949 quam
2720 1873 2957 1928 mundus
2990 1869 3080 1922 hic
3111 1866 3256 1921 exsi-

1698 1997 1884 2052 steret,
1914 1981 2119 2052 accepit
2144 1977 2197 2030 id
2219 1974 2498 2044 temporis.
2538 1984 2660 2024 cum
2684 1973 2931 2019 naturam
2964 1961 3256 2013 humanam

1699 2081 1979 2141 indueret;
2007 2046 2113 2143 qua
2141 2067 2357 2139 quidem
2396 2079 2494 2134 per
2519 2058 2781 2130 Spiritum
2817 2059 3063 2107 sanctum
3094 2046 3260 2116 glori-

1700 2172 1882 2232 ﬁcata,
1909 2136 2172 2237 quidquid
2202 2156 2326 2212 huic
2354 2157 2643 2224 cognatum
2680 2156 2765 2201 est
2793 2144 2997 2213 gloriae,
3026 2136 3261 2206 Spiritus

1702 2263 1760 2318 lit
1800 2226 2091 2330 particeps,
2148 2249 2291 2303 facto
2337 2245 2404 2299 ab
2458 2238 2724 2312 apostolis
2758 2235 2936 2290 initio.
2990 2230 3138 2283 Hanc
3188 2226 3262 2279 ob

1704 2319 1925 2408 can-sam
1973 2319 2049 2399 ait
2079 2362 2094 2398 :
2122 2341 2358 2395 Gloriam
2387 2348 2546 2404 quam
2575 2328 2769 2383 dedisti
2794 2324 2943 2387 mihi,
2970 2320 3090 2374 dedi
3137 2319 3211 2373 eis
3243 2331 3265 2368 .'

1704 2451 1761 2496 ut
1796 2440 1899 2494 sint
1935 2450 2116 2495 unum,
2151 2422 2581 2499 quemadmodum
2621 2435 2714 2472 nos
2743 2432 2905 2469 unum
2928 2427 3108 2466 sumus
3136 2423 3265 2477 :ego

1707 2533 1763 2585 in
1799 2529 1893 2593 eis,
1925 2534 1973 2579 et
2019 2533 2073 2576 tu
2105 2521 2159 2574 in
2189 2534 2266 2571 me
2314 2532 2332 2569 :
2363 2524 2420 2567 ut
2449 2512 2553 2566 sint
2603 2504 2956 2562 consummati
2989 2503 3044 2554 in
3083 2514 3265 2552 unum.

1709 2619 2068 2688 Quamobrem
2108 2611 2176 2671 is,
2225 2608 2317 2678 qui
2363 2606 2429 2661 de
2455 2615 2626 2672 puero
2655 2600 2710 2653 in
2755 2597 2932 2651 virum
2966 2591 3269 2663 perlectum

1712 2707 2049 2782 augescendo
2076 2702 2268 2759 evasit.
2298 2699 2364 2751 ad
2390 2706 2700 2750 mensuram
2715 2685 3050 2743 aetatisillins
3080 2695 3272 2752 perve-

1712 2777 1814 2868 nit,
1845 2815 2007 2872 quam
2039 2803 2219 2852 mente
2250 2788 2603 2858 intelligimus
2633 2803 2646 2837 :
2676 2798 2705 2837 e
2750 2777 3023 2847 mancipio
3063 2784 3115 2829 et
3143 2788 3274 2829 con-

1715 2865 1912 2952 cubina
1938 2889 2097 2960 regia:
2126 2880 2411 2955 dignitatis
2453 2876 2724 2948 particeps
2780 2871 2959 2925 factus
2993 2873 3076 2922 est
3109 2885 3124 2922 :
3179 2865 3276 2919 de-

1717 2988 1883 3055 nique
1911 2954 2079 3051 capax
2100 2954 2282 3049 gloriae
2302 2970 2540 3042 Spiritus
2572 2965 2749 3022 sancti
2780 2979 2877 3033 per
2904 2967 3103 3017 statum
3135 2972 3165 3010 a
3193 2954 3277 3009 vi-

1720 3046 1812 3132 tiis
1839 3046 2389 3130 onmibusvalicnum,
2438 3074 2640 3131 perque
2689 3055 2981 3127 puritatem
3021 3068 3033 3104 :
3065 3049 3153 3102 hic
3181 3046 3283 3115 igi-

59 3190 141 3259 τῇ
166 3187 345 3259 μητρὶ
377 3146 586 3253 αὐτῆς,
618 3146 932 3244 ἐκλεκτικῆ
967 3177 1097 3229 ἐστι
1126 3146 1201 3240 τῖξ
1227 3169 1488 3234 τεκούσῃ
1515 3166 1603 3219 αὐ·

1724 3176 1813 3222 tur
1836 3172 1921 3221 est
1967 3160 2206 3233 perfecta
2261 3154 2351 3208 illa
2409 3151 2683 3209 columba,
2736 3146 2803 3200 ad
2836 3158 2998 3215 quam
3046 3153 3282 3210 sponsus

1858 3258 1863 3259 ⁷
1910 3257 1917 3259 ‘
2186 3249 2217 3259 "
2343 3243 2383 3259 "
2504 3249 2565 3259 ~-
2607 3236 2836 3259 ηιμ-μευ·
2883 3249 2997 3259 ..ιυ-
3052 3227 3282 3259 ..ηκτοι-η-

58 3280 197 3349 τήν.
230 3279 345 3331 Ούκ
376 3273 672 3344 ἀγνοοῦμεν
705 3270 760 3323 δὲ
792 3269 1005 3329 πάντως
1036 3264 1133 3333 τὴν
1166 3261 1377 3334 μητέρα
1404 3259 1500 3329 τῆς
1529 3274 1626 3311 πε-

59 3348 341 3441 ριστερᾶς,
372 3368 434 3419 ὲκ
457 3364 548 3417 τοῦ
576 3359 786 3433 καρποῦ
808 3358 867 3411 τὸ
891 3356 1099 3427 δένδρον
1125 3352 1505 3423 γνωρίσαντες.
1542 3348 1628 3411 Ὠς

55 3435 170 3532 γὰρ
196 3435 485 3531 άνθρωπον
514 3454 854 3523 θεασάμενοι,
899 3449 958 3512 ἐξ
994 3444 1276 3516 ἀνθρώπου
1304 3441 1465 3496 αὑτὸν
1491 3435 1628 3491 εἶναι

53 3554 162 3605 οὐκ
188 3547 634 3621 ἁμφιὸἁλλομεψ
666 3542 806 3597 οὕτω
832 3540 927 3595 καὶ
958 3539 1053 3609 τῆς
1089 3534 1352 3605 ἐκλεκτῆς
1382 3549 1631 3603 περιστε-

54 3646 164 3715 ρᾶς
192 3644 296 3713 τὴν
330 3641 537 3712 μητέρα
573 3634 876 3706 ζητοῦντες,
902 3630 1001 3684 οὐκ
1040 3629 1204 3700 ἄλλην
1252 3625 1373 3681 τινὰ
1410 3624 1443 3695 ἢ
1488 3622 1632 3677 ὲκεί-

18 3755 159 3813 λνην
194 3736 299 3806 τὴν
335 3728 660 3803 περιστερὰν
688 3725 1007 3795 ὲνοήσαμεν.
1040 3719 1130 3790 Τῷ
1158 3719 1266 3790 γὰρ
1302 3717 1474 3787 τέκνῳ
1496 3714 1634 3768 πάν-

47 3846 169 3892 τως
207 3829 243 3897 ἡ
288 3825 388 3879 τοῦ
428 3820 809 3892 γεγεννηκότος
849 3817 1221 3886 ὲπιθεωρεῖται
1264 3810 1442 3881 φύσις.
1489 3808 1638 3861 Ἐπεὶ

47 3920 154 3974 οὖν
179 3918 246 3971 τὸ
268 3932 504 3987 γεγετινη
514 3912 671 3984 μένον
705 3912 768 3963 ὲκ
788 3907 879 3961 τοῦ
906 3905 1216 3975 Πνεύματος
1239 3899 1462 3970 Πνεῦμα
1487 3901 1600 3951 ἐστι
1619 3916 1632 3928 ο

46 4008 380 4084 περιστερὰ
404 4007 460 4061 δὲ
495 4006 555 4059 τὸ
593 4003 810 4056 τέκνονο
867 3996 1164 4070 περιστερὰ
1194 3994 1251 4048 δὲ
1292 3993 1507 4053 πάντως
1545 3993 1639 4046 καὶ

1726 3257 1966 3327 reSpicit,
1998 3267 2118 3307 cum
2151 3249 2226 3302 ait
2285 3264 2297 3298 :
2340 3243 2455 3296 Una
2487 3249 2565 3295 est
2596 3236 2837 3291 columba
2882 3249 3018 3295 mea,
3052 3227 3284 3301 perfecta

1727 3367 1863 3404 mea.
1898 3345 2063 3400 Unica
2103 3351 2178 3395 est
2213 3337 2373 3391 matri
2414 3349 2544 3398 sum,
2576 3330 2740 3384 electa
2804 3326 2885 3380 illi
2930 3339 3044 3395 quat
3091 3319 3287 3389 peperit
3378 3343 3387 3357 ε

1727 3457 1863 3497 εαηι.
1892 3436 2076 3505 Neque
2096 3446 2225 3487 vero
2257 3442 2379 3483 esse
2405 3424 2565 3479 nobis
2594 3422 2886 3476 obscurum
2915 3423 3112 3487 potest,
3143 3426 3289 3481 quaa-

1730 3547 1853 3588 nam
1910 3527 1981 3582 sit
2040 3521 2302 3579 columbae
2355 3517 2503 3571 illius
2550 3521 2752 3577 mater;
2809 3524 2933 3563 cum
2988 3522 3054 3560 ex
3109 3503 3290 3557 fructu

1732 3635 2024 3694 aguOSt-ere
2070 3616 2319 3669 arborem
2374 3610 2551 3663 liceat.
2602 3604 2673 3659 Ut
2710 3603 2856 3658 enim
2897 3598 3116 3653 homine
3168 3609 3294 3649 con-

1735 3722 1921 3786 specto
1959 3724 2065 3763 non
2103 3706 2418 3761 dubitamus
2447 3706 2628 3753 ortum
2668 3708 2791 3750 esse
2848 3690 2995 3745 illum
3028 3689 3095 3742 ab
3128 3686 3299 3741 homi-

1736 3783 1841 3861 ne:
1879 3803 1959 3858 sic
1988 3813 2109 3853 cum
2150 3796 2332 3850 electae
2380 3789 2545 3858 hujus
2595 3783 2860 3839 columba:
2897 3786 3125 3833 matrem
3151 3790 3299 3843 quae-

1737 3896 1933 3953 rimus,
1984 3903 2091 3942 non
2126 3884 2285 3938 aliam
2319 3876 2634 3949 quamdam,
2669 3871 2763 3928 sed
2816 3866 3121 3923 columbam
3156 3864 3299 3917 hanc

1738 4001 1861 4042 esse
1890 3978 2259 4047 intelligimus.
2286 3971 2420 4026 Nam
2453 3969 2507 4022 in
2535 3967 2644 4021 lilio
2672 3962 2914 4033 parentis
2945 3957 3172 4013 omnino
3202 3970 3301 4007 na-

43 4108 81 4175 ἡ
117 4046 223 4157 :05
279 4046 477 4155 τέκνου
515 4097 695 4169 μήτηρ
742 4094 907 4153 ἐστὶν,
938 4046 972 4161 εί)
1288 4046 1553 4155 Ἰορδάνην
1586 4084 1603 4133 ὲ

1742 4086 1862 4132 tura
1899 4066 2255 4138 conspicitur.
2312 4061 2489 4127 Quare
2517 4071 2639 4112 cum
2702 4053 2778 4114 id,
2814 4048 2959 4121 quod
2999 4065 3061 4102 ex
3096 4046 3301 4114 Spiritu

1871 4165 1903 4175 ⁸-
2086 4158 2121 4175 ⁸-
2180 4153 2444 4175 σ-ε-ει--η-
2481 4156 2529 4175 ιιι
2558 4160 2687 4175 mum
2745 4144 2848 4175 nlin
2896 4155 3019 4175 num
3051 4137 3301 4175 nnlnmlm

42 4191 324 4265 οὐρανῶν
356 4189 698 4252 καταπτᾶσα,
732 4182 911 4246 καθὼς

39 4289 319 4359 τύρεται.
354 4282 572 4351 Ταύτην
628 4274 1017 4349 μακαρίζουσιν

38 4378 289 4434 αἰνοῦσι
353 4370 624 4428 παλλακαὶ
676 4368 769 4422 καὶ
828 4365 1154 4437 βασίλισσαι.

38 4470 275 4532 παντὸς
317 4468 599 4535 τάγματος
624 4460 903 4532 πρόκειται
930 4457 1127 4518 πάσαις
1159 4456 1275 4515 ταῖς
1298 4450 1495 4521 ψυχαῖς
1530 4447 1651 4518 δρό-

956 4137 1203 4247 ξΙωόιννης
1234 4137 1371 4245 φησί
1393 4173 1485 4226 καὶ
1508 4137 1603 4242 μαι

1742 4165 1999 4240 gignitur,
2042 4137 2126 4213 isit
2179 4153 2450 4224 Spiritus;
2479 4156 2532 4203 et
2558 4160 2687 4201 vero
2744 4144 2852 4197 lilia
2896 4155 3020 4194 cum
3051 4137 3301 4191 columba

1066 4271 1123 4324 αί
1161 4228 1416 4330 νεόίνίδες,
1446 4228 1603 4319 scitir;

1746 4260 1817 4315 sit
1850 4276 1862 4311 :
1897 4252 2120 4308 omnino
2158 4250 2323 4304 etiam
2367 4251 2544 4298 mater
2592 4238 2754 4306 hujus
2782 4242 2866 4290 est
2906 4229 3158 4287 columba
3191 4228 3304 4287 illa,

1205 4320 1391 4417 Κοινὸς
1404 4320 1415 4329 υ
1439 4355 1547 4426 γὰρ
1586 4356 1603 4406 ἐ

1746 4364 1866 4418 quae
1894 4347 1960 4401 de
2005 4343 2142 4399 coelo
2177 4338 2244 4394 ad
2300 4335 2589 4391 Iordanem
2624 4326 2915 4388 devolavit,
2964 4320 3312 4393 quemadmo-

1749 4446 1881 4499 dum
1909 4439 2145 4494 Joannes
2179 4439 2436 4487 testatur.
2470 4425 2622 4479 Hanc
2672 4420 2838 4487 igitur
2873 4417 3083 4471 felicem
3116 4409 3312 4482 νινε(ιὶ-

39 4500 272 4532 Teii-Vinus,
320 4500 598 4535 'bu‘tauuv,
632 4500 903 4532 "rum"...
937 4500 1124 4518 ....-..-,
1170 4500 1273 4515 -.ην
1309 4500 1327 4521 τ
1352 4500 1439 4521 ,ἢν
1476 4500 1492 4511 ,
1562 4500 1573 4518 ⁸

39 4578 161 4632 μσς
212 4558 371 4628 πρὸς
414 4556 513 4626 τὴν
551 4551 801 4621 τοιαύτην
854 4546 1244 4619 μακαριότητα.
1300 4540 1390 4594 Διό
1448 4555 1603 4609 φασιν

1715 4542 1877 4589 lcant
1918 4525 2253 4603 juvenculze,
2308 4521 2448 4573 hanc
2506 4512 2859 4575 concubinae,
2917 4508 3057 4560 hanc
3114 4500 3313 4569 reginae

1753 4627 1764 4632 -
1862 4624 1874 4632 “
2039 4618 2098 4632 τ’·
2182 4617 2245 4632 ’κη
2288 4606 2587 4632 “mum-nt-
2617 4601 2830 4632 num...“
2879 4595 3164 4632 ηηςηηιιηε
3197 4591 3313 4632 ηηί,

39 4591 157 4632 μνη
214 4591 369 4628 ’θυίων
425 4591 511 4626 “t'
563 4591 798 4621 κωκυ-ιν
854 4591 1243 4619 r"'""r""t""
1301 4591 1383 4594 —--
1459 4591 1471 4609 ι

37 4648 331 4705 Ἴδοσαν
366 4641 560 4710 αὐτὴν
616 4636 948 4708 θυγατέρες,
977 4632 1075 4687 καί
1104 4628 1503 4700 μακαριοῦσιν
1545 4627 1603 4678 αι

1753 4624 1992 4680 laudant.
2039 4598 2250 4671 Etenim
2282 4606 2591 4666 communis
2616 4601 2832 4673 quidem
2878 4595 3165 4652 animabus
3197 4591 3318 4645 uni-

2176 4706 2186 4710 ‘
2274 4702 2306 4710 "
2464 4708 2470 4710 ν
2516 4698 2527 4710 ·
2699 4707 2836 4710 νηη-
2865 4686 3176 4710 __-....-:.....
3210 4690 3286 4710 Μ..

58 4686 311 4705 ιυυννν
366 4686 540 4710 ν’ννυιν
616 4686 948 4708 ννιν-ν-ο--ιι
1104 4686 1121 4700 ο
1261 4686 1279 4698 υ

31 4742 174 4811 τήν
197 4758 213 4770 ·
246 4733 573 4792 παλλακαὶ
593 4730 691 4786 καὶ
714 4728 1077 4795 βασίλισσαι
1098 4722 1466 4777 αὶνέσουσιν.
1492 4719 1603 4771 eo:

1753 4715 1929 4772 versis
1954 4710 2021 4765 ad
2046 4702 2438 4763 beatitudinem
2458 4698 2620 4751 talem
2644 4707 2840 4748 cursus
2865 4686 3179 4760 propositus
3208 4690 3313 4736 est.

1756 4809 1779 4811 Α
2202 4796 2212 4811 ¹
2238 4795 2247 4805 ⁸
2344 4791 2495 4811 ιε-Αι
2547 4794 2777 4811 «In-un...
2817 4800 2830 4811 .
2886 4778 3138 4811 Vidn-«nn!
3165 4773 3313 4811 illam

29 4834 102 4888 δὲ
137 4831 323 4886 πᾶσά
356 4832 475 4883 ἐστι
510 4827 643 4898 πρὸς
671 4822 732 4876 τὸ
763 4818 1029 4893 μακάριόν
1057 4833 1115 4870 τε
1148 4816 1241 4869 καὶ
1273 4813 1657 4882 ἐπαινούμενον

27 4927 116 4995 τῇ
156 4920 462 4991 ἐπιθυμίᾳ
488 4914 872 4970 συντείνεσθαι.
900 4911 1062 4962 Ὥστε
1093 4908 1140 4960 εί
1182 4903 1538 4977 μακαρίζουσι
1565 4900 1661 4972 τὴν

30 4994 430 5086 περιστερὰν
464 5009 518 5061 αἱ
560 5003 868 5074 θυγατέρες.
912 4998 1231 5069 ἐπιθυμοῦσι
1265 4996 1476 5056 πάντως
1505 4994 1657 5063 γενέ-

31 5106 187 5160 σθαι
231 5099 578 5174 περιστεραὶ
602 5098 693 5152 καὶ
715 5090 890 5150 αὗται.
930 5092 1039 5146 Καὶ
1062 5090 1123 5143 τὸ
1148 5088 1410 5142 αἰνεῖσθαι
1438 5086 1535 5158 τὴν
1564 5102 1661 5138 πε-

32 5194 353 5269 ριστερὰν
385 5190 535 5262 παρὰ
562 5188 669 5242 τῶν
706 5182 1065 5245 παλλακίδων,
1097 5177 1390 5249 τεκμήριόν
1427 5177 1541 5229 ἐστι
1568 5174 1662 5227 τοῦ

26 5265 151 5342 καὶ
183 5265 423 5347 ταύτας
465 5280 598 5353 πρὸς
622 5278 682 5331 τὸ
709 5274 1091 5343 ἐπαινούμενον
1117 5270 1215 5338 τὴν
1243 5267 1476 5337 σπουδὴν
1501 5265 1661 5335 ἔχειν·

23 5381 165 5441 ἕως
202 5376 287 5430 ἂν
339 5344 562 5428 πάντων
608 5371 665 5424 ἓν
709 5366 1034 5438 γενομένων,
1067 5360 1173 5415 τῶν
1212 5359 1348 5431 πρὸς
1379 5357 1469 5412 τὸν
1504 5358 1603 5410 αὐτ

1769 5358 1900 5425 ipsa:
1922 5349 2035 5405 ﬁeri
2068 5344 2331 5402 columbae

26 5469 295 5524 σκοπὸν
331 5467 441 5536 τῆς
475 5462 765 5533 ἐπιθυμίας
810 5456 1129 5530 βλεπόντων,
1164 5451 1429 5523 μηδεμιᾶς
1474 5450 1532 5499 ὲν
1568 5465 1672 5518 μη-

19 5563 173 5616 δενὶ
212 5511 444 5620 κακίας
474 5511 906 5623 ὑπολεῐφθέίσης,
931 5511 1208 5617 γένηταίὸ
1226 5511 1376 5606 ’Θεὸς
1403 5511 1473 5594 τὰ
1499 5511 1603 5593 παν

1776 5547 1880 5601 est,
1916 5536 2013 5590 has
2036 5544 2249 5603 quoque
2276 5524 2553 5582 studiosas
2582 5520 2729 5574 illius
2755 5530 2875 5570 esse
2903 5511 3045 5581 quod

1752 4809 2046 4876 Propterea
2102 4795 2284 4853 verbis
2344 4791 2499 4844 hisce
2547 4794 2831 4840 utuntur:
2886 4778 3139 4833 Viderunt
3165 4773 3318 4827 illam

1758 4873 1904 4969 ﬁliai,
1939 4895 2240 4957 beatamque
2256 4880 2611 4953 prwdicarunt
2632 4891 2788 4938 eam;
2830 4873 3023 4942 regina:
3058 4878 3105 4922 et
3130 4882 3321 4920 concu-

1763 4992 1895 5044 bime
1926 4984 2212 5040 laudarunt
2276 4989 2412 5029 eam.
2462 4969 2664 5025 Omnes
2700 4980 2879 5021 autem
2939 4964 3020 5019 sic
3051 4977 3085 5013 a
3126 4966 3320 5013 natura

1763 5075 2061 5149 comparati
2110 5078 2257 5131 sunt,
2315 5074 2373 5121 ut
2411 5064 2705 5134 cupiditate
2755 5054 2920 5111 animi
2971 5053 3041 5107 ad
3064 5050 3137 5111 id,
3178 5047 3323 5118 quod

1765 5174 1981 5227 beatum
2011 5172 2095 5221 est
2126 5178 2189 5217 ac
2207 5159 2477 5220 laudatur.
2509 5150 2858 5209 contendant.
2883 5141 3244 5212 Quamobrem
3279 5138 3327 5192 si

1768 5261 2075 5319 columbam
2108 5256 2247 5309 hanc
2272 5252 2389 5306 lilia:
2413 5251 2625 5304 beatam
2664 5241 2980 5314 praedicant,
3015 5233 3239 5290 omnino
3274 5238 3328 5284 et

2376 5339 2791 5407 concupiscunt.
2860 5329 3042 5383 Itidem
3097 5321 3239 5392 quod
3297 5334 3329 5373 a

1772 5420 2092 5501 concubinis
2116 5446 2170 5493 et
2200 5433 2403 5505 reginis
2431 5428 2683 5484 columba
2707 5423 2980 5484 laudatur,
3012 5420 3338 5486 argumento

3085 5507 3343 5579 praedica-

18 5656 111 5710 ιν
160 5654 364 5713 πᾶσι,
416 5596 528 5711 τοῖς
570 5596 780 5715 διαέἧς
817 5596 1437 5712 ὲᾘτητοςόίλλήλοιςνὲν
1472 5634 1542 5703 τῇ
1581 5648 1603 5683 τ

1778 5638 1914 5693 tur;
1940 5626 2112 5682 donec
2150 5596 2367 5677 tandem
2422 5614 2489 5671 iis
2509 5610 2765 5669 omnibus
2826 5620 2992 5659 unum
3031 5600 3213 5667 factis,
3242 5596 3342 5669 qui

131 5830 166 5861 ⁸
222 5826 462 5898 Epltes.
488 5840 561 5886 tv,
594 5823 649 5877 '5.
722 5822 742 5852 ’
770 5817 926 5872 Joan.
969 5814 1189 5882 xvu,?.l
1228 5828 1349 5882 sqq.
1427 5811 1470 5842 ¹⁸
1498 5806 1656 5864 Joan.
1683 5820 1773 5867 xx,
1816 5801 1904 5857 EB.
