4004 6542
505 422 644 482 H19
1721 426 1780 485 8.
1820 425 2144 485 GBEGORII
2183 428 2475 486 NYSSENI
3589 424 3720 482 “20

497 539 568 595 ad
587 541 834 599 eamdem
864 541 1124 599 desiderii
1149 551 1346 599 metam
1378 543 1701 614 respiciunt,
1731 552 1788 600 et
1816 545 1966 600 nulla
2002 546 2056 601 in
2085 587 2095 610 Α

2162 547 2362 616 ἀγαθοῦ
2391 547 2642 620 κοινωνίᾳ
2687 546 3169 621 συγκεκραμένοιςο
3198 545 3256 599 ὲν
3281 539 3500 616 Χριστῷ
3549 540 3720 612 Ἰησοῦ

498 633 650 689 nullo
689 635 984 690 vitiositate
1035 647 1351 704 superante,
1407 637 1588 690 omnia
1616 633 1757 690 Deus
1803 637 2059 692 omnibus

2162 637 2238 707 τῷ
2269 639 2458 711 Κυρίῳ
2505 638 2678 710 ἡμῶν,
2711 632 2756 708 ᾧ
2793 641 2827 710 ἡ
2854 638 2998 705 δόξα,
3024 639 3117 693 καὶ
3144 637 3205 692 τὸ
3234 635 3453 709 κράτος,
3491 635 3571 698 είς
3598 633 3722 695 τοὺς

499 722 610 791 ﬁat,
643 734 906 798 quotquot
931 740 1026 796 per
1055 728 1315 783 unitatem
1372 727 1515 782 inter
1540 742 1598 782 se
1637 727 1692 781 in
1726 727 1851 782 boni
1883 729 2059 783 socie-

2163 728 2366 795 αἰῶνας
2395 730 2503 784 τῶν
2523 729 2752 786 αἰώνων.
2791 731 2982 801 Ἀμήν.

499 824 611 870 tite
638 819 968 874 coalescunt.
993 818 1158 886 quue
1183 819 1236 874 in
1266 818 1487 875 Christo
1531 816 1660 874 Jesu
1697 817 1922 874 Domino
1971 827 2204 876 nostro:
2241 825 2332 878 cui
2393 824 2563 892 gloria
2627 829 2680 879 et
2737 823 3045 893 imperium,
3077 835 3223 876 nunc
3246 827 3300 876 et
3320 834 3556 891 semper,
3586 827 3641 874 et
3669 833 3722 873 In

503 910 716 966 saeculis
754 911 1002 968 infinitis.
1043 912 1235 967 Amen.

517 1097 3719 1137 ψ

1925 1254 2063 1309 ΤΟΥ
2097 1252 2300 1308 ΑΓΙΟΥ

1491 1393 2222 1528 ΓΡΗΓΟΡΙΟΥ
2271 1439 2764 1526 ΝΥΣΣΗΣ

1277 1659 1517 1772 ΕΙΣ
1604 1656 1918 1770 ΤΗΝ
1976 1578 2938 1770 ΠΡΟΣΕΥΧΗΝ.

1428 2066 1520 2153 S.
1605 2061 2181 2156 GREGORII
2300 2061 2802 2155 NYSSENI

1201 2306 1383 2418 DE
1468 2303 2190 2420 OBATIONE
2267 2298 3014 2416 DOMINICA.

1515 2542 1951 2599 LAURENTIO
1988 2541 2142 2598 SIFA
2155 2542 2253 2598 ΝΟ
2293 2534 2796 2602 INTEHPRETE.

2066 2724 2136 2737 —

1101 2844 1356 2902 ORATIO
1401 2846 1444 2904 1.
2091 2855 2095 2913 ξ

2788 2847 3001 2901 ΛΟΓΟΣ
3036 2848 3114 2900 A'.

560 2911 771 2996 brandi
801 2937 958 2993 nobis
997 2937 1301 2993 doctrinam
1353 2939 1573 2996 divinus
1631 2957 1812 2997 sermo
1871 2943 2056 3005 tradit.

2227 2939 2540 3012 Προσευχῆς
2567 2939 2696 3010 ἡμῖν
2723 2937 3067 2992 διδασκαλίαν
3099 2940 3127 2991 ὁ
3170 2937 3307 3002 θεῖος
3333 2939 3621 3010 ὑφηγεῖται
3647 2941 3724 2998 λι

496 3046 594 3101 per
631 3043 791 3101 quam
852 3043 911 3082 se
963 3027 1143 3097 dignis
1195 3027 1481 3106 discipulis
1518 3029 1708 3084 orandi
1773 3030 2056 3086 scientiam

2162 3050 2272 3103 γος,
2307 3031 2372 3084 δι’
2401 3026 2467 3102 ἦς
2496 3033 2608 3094 τοῖς
2634 3029 2803 3096 ἀξίοις
2827 3029 2987 3082 αὑτοῦ
3016 3028 3304 3100 μαθηταῖς,
3335 3033 3443 3095 τοῖς
3476 3034 3535 3084 ὲν
3559 3049 3723 3087 σπουο
3759 3104 3762 3106 γ

497 3124 740 3181 studiose
768 3138 830 3176 ac
861 3121 1005 3177 serio
1044 3103 1482 3194 requirentibus,
1509 3124 1782 3194 quomodo
1813 3126 2058 3180 divinum

2162 3125 2219 3196 δῇ
2253 3125 2350 3195 τὴν
2399 3122 2597 3192 γνῶσιν
2643 3121 2743 3191 τῆς
2791 3121 3098 3192 προσευχῆς
3147 3122 3524 3192 ἐπιζητοῦσιν,
3577 3124 3742 3197 δπωςκ

497 3216 740 3270 auditum
772 3213 1068 3268 conciliare
1097 3229 1194 3284 per
1229 3214 1391 3269 verba
1433 3217 1700 3271 orationis
1749 3218 2056 3282 conveniat,

2162 3213 2485 3268 οἰκειοῦσθαι
2514 3213 2779 3282 προσήκει
2809 3211 2906 3282 τὴν
2943 3211 3088 3266 θείαν
3118 3212 3302 3284 ἀκοὴν,
3336 3214 3422 3268 διὰ
3469 3215 3578 3268 τῶν
3626 3219 3723 3287 ρη-

495 3309 737 3382 exponit.
773 3307 883 3377 Ego
930 3322 1072 3376 vero,
1108 3317 1321 3377 sumpta
1353 3306 1578 3362 audacia
1618 3310 1870 3380 exiguum
1904 3311 2062 3380 quid-

2163 3306 2347 3377 μάτων
2378 3304 2476 3376 τῆς
2501 3302 2805 3375 προσευχῆς
2829 3302 3157 3358 ὑποτίθεται.
3197 3302 3336 3372 Ἐγὼ
3361 3305 3416 3358 δὲ
3446 3305 3722 3378 τολμήσας

497 3400 620 3454 dam
656 3398 906 3468 adjiciam
939 3398 1028 3458 iis.
1060 3413 1180 3467 qua:
1206 3399 1408 3468 scripta
1443 3409 1591 3464 sunt,
1623 3401 1769 3470 quod
1800 3402 2058 3456 nimirum

2163 3396 2356 3468 μικρὸν
2378 3393 2789 3467 ἀντιπροσθείην
2821 3396 2932 3457 τοῖς
2958 3395 3360 3466 γεγραμμένοις
3380 3413 3394 3427 ο
3437 3399 3516 3450 δτι
3551 3400 3620 3451 ⁴ού
3663 3399 3722 3452 τὸ

498 3507 606 3545 non
633 3490 906 3559 quomodo
943 3505 1103 3544 orare
1136 3499 1418 3560 Oporteat,
1465 3507 1705 3559 praesens
1758 3491 2061 3550 conventus

497 3580 775 3634 docendus
826 3579 917 3642 sit,
969 3580 1061 3634 sed
1095 3580 1240 3649 quod
1298 3581 1522 3636 omnino
1561 3591 1806 3652 oporteat
1861 3600 2057 3650 orare;

495 3673 640 3743 quod
681 3672 746 3726 ad
793 3672 938 3743 vulgi
999 3688 1163 3728 aures
1223 3674 1463 3728 nondum
1500 3675 1730 3732 fortasse
1784 3679 2058 3748 pervenit:

498 3763 805 3832 neglectum
837 3762 981 3816 enim
1023 3763 1074 3816 in
1107 3765 1214 3818 vita
1250 3775 1412 3834 atque
1445 3781 1474 3820 a
1495 3767 1766 3838 plerisque
1800 3769 2062 3826 omissum

498 3866 715 3915 sacrum
745 3852 849 3907 hoc
884 3860 938 3908 et
964 3853 1207 3908 divinum
1269 3870 1430 3925 opus,
1467 3858 1642 3913 oratio
1690 3866 1794 3914 est.
1848 3859 1923 3916 De
1959 3861 2063 3918 hoc

497 3941 684 4011 igitur,
718 3943 860 4010 quod
903 3951 1149 4013 oporteat
1192 3946 1416 4000 omnino
1453 3947 1682 4003 orationi
1726 3949 2060 4018 incumbere,

500 4039 559 4086 nt
591 4033 766 4102 inquit
787 4034 1100 4104 Apostolus,
1130 4035 1273 4091 haud
1311 4038 1546 4094 alienum
1580 4040 1711 4094 mihi
1760 4058 1883 4098 esse
1913 4043 2064 4099 vide-

497 4132 590 4178 tur
613 4125 678 4188 υ,
715 4126 967 4194 primum,
1000 4134 1262 4195 quantum
1293 4127 1411 4198 ejus
1445 4130 1558 4185 ﬁeri
1576 4131 1789 4201 poterit,
1817 4135 2062 4189 oratione

2160 3485 2277 3549 πῶς
2316 3485 2396 3538 δεῖ
2439 3482 2833 3555 προσεύχεσθαι
2875 3482 2963 3536 τὸν
3007 3483 3247 3555 παρόντα
3280 3483 3534 3555 σύλλογον
3577 3487 3725 3541 διδάο

2163 3576 2382 3630 σκεσθαι
2405 3576 2529 3647 χρὴ,
2550 3574 2663 3628 ἀλλ’
2683 3576 2762 3629 ὅτι
2789 3575 2868 3628 δεῖ
2883 3574 3096 3639 πάντως
3121 3576 3511 3647 προσεύχεσθαι
3539 3595 3554 3610 ·
3586 3580 3727 3651 ὅπερ

2161 3666 2309 3722 οὔπω
2330 3667 2468 3737 τάχα
2497 3667 2734 3720 δέδεκται
2765 3668 2798 3738 ἠ
2830 3665 2937 3720 τῶν
2962 3667 3170 3719 πολλῶν
3203 3668 3336 3740 ἀκοή
3427 3669 3725 3740 Ἦμέληται

2161 3759 2269 3830 γὰρ
2298 3761 2354 3810 ὲν
2385 3757 2462 3828 τῷ
2494 3758 2592 3828 βίῳ
2637 3758 2731 3812 καὶ
2779 3759 3026 3830 παρεῖται
3057 3761 3167 3822 τοῖς
3214 3760 3424 3824 πολλοῖς
3469 3761 3531 3814 τὸ
3579 3761 3726 3833 ἱερὸν

2160 3849 2316 3903 τοῦτο
2359 3851 2451 3904 καὶ
2483 3849 2661 3903 ἔνθεον
2705 3849 2883 3920 ἔργον,
2929 3851 2961 3922 ἡ
3009 3853 3305 3922 προσευχὴ.
3358 3853 3493 3923 Περὶ
3535 3853 3725 3906 τούτου

2161 3940 2338 3993 τοίνυν
2362 3940 2505 3993 δοκεῖ
2541 3957 2627 4009 μοι
2651 3939 2828 4002 καλῶς
2860 3937 3022 4009 ἔχειν,
3060 3941 3292 4010 πρῶτον,
3323 3941 3399 4005 ὡς
3422 3942 3538 3995 ἔστι
3570 3943 3728 3998 δυναο
3845 3976 3848 3980 -

2161 4033 2272 4099 τὸν,
2303 4032 2444 4104 λόγῳ
2475 4029 2962 4102 διαμαρτύρασθαι,
2990 4031 3049 4083 τὸ
3077 4031 3185 4083 δεῖν
3216 4031 3430 4095 πάντως
3457 4035 3523 4101 τῇ
3556 4049 3726 4104 προσ-

2163 4129 2294 4196 ευχῇ
2320 4126 2762 4196 προσκαρτερεῖν,
2786 4123 2966 4187 καθώς
2988 4141 3149 4194 φησιν
3171 4125 3198 4175 ὁ
3236 4123 3552 4189 Ἀπόστολος
3571 4143 3583 4153 ·
3624 4122 3727 4179 εἷθ’

501 4215 691 4272 testari
749 4225 912 4285 atque
964 4216 1200 4271 docere:
1249 4217 1444 4274 deinde
1501 4236 1631 4276 vero
1681 4222 1874 4277 divina:
1937 4198 2095 4280 voci‘

2162 4193 2328 4282 οὕτως
2357 4193 2580 4270 άκοῦσαι
2620 4193 2717 4286 τῆς
2751 4214 2900 4278 θείας
2946 4193 3147 4286 φωνῆς,
3192 4217 3290 4287 τῆς
3335 4215 3727 4287 ὑποτιθεμένης

499 4306 717 4360 modum
754 4306 912 4360 nobis
945 4307 1256 4374 exponenti,
1291 4311 1564 4378 quomodo
1608 4311 1836 4367 Domino
1867 4330 2056 4384 precao

497 4397 698 4450 tionem
727 4395 922 4450 offerre
960 4395 1172 4462 deceat,
1215 4414 1431 4468 operam
1466 4401 1615 4458 dare.
1670 4401 1839 4460 Video
1888 4407 2055 4472 enim,

495 4486 641 4554 quod
676 4485 934 4539 omnibus
975 4487 1139 4542 rebus
1180 4487 1482 4561 (caeteris)
1518 4492 1569 4544 in
1606 4495 1854 4561 praesenti
1905 4504 2059 4553 aetate

497 4571 670 4642 magis
700 4574 966 4642 studetur,
1005 4591 1128 4630 cum
1159 4578 1300 4634 alius
1346 4579 1412 4634 ad
1446 4580 1591 4635 aliud
1647 4583 1887 4638 studium
1941 4589 2060 4641 ani-

495 4677 644 4715 mum
679 4667 1056 4734 converterit;
1101 4669 1369 4734 orationis
1423 4687 1553 4728 vero
1590 4673 1825 4743 bonum,
1878 4680 2059 4735 studio

457 4761 461 4764 ‘
497 4753 600 4806 sibi
632 4754 882 4812 homines
908 4773 1017 4813 non
1045 4759 1268 4824 habent.
1301 4761 1662 4834 Negotiationi
1690 4769 1929 4826 diluculo
1972 4773 2057 4827 in-

383 4887 390 4896 .
498 4846 659 4901 stitor
687 4849 972 4914 incumbit,
1003 4867 1210 4909 merces
1249 4870 1376 4910 snas
1411 4860 1715 4916 ementibus
1742 4873 1866 4919 ante
1897 4873 2057 4921 caete-

497 4951 588 4992 ros
615 4938 864 4993 eumdem
892 4950 1159 5010 quaastnm
1193 4954 1509 5002 exercentes
1533 4951 1793 5008 exhibere
1830 4964 2058 5009 conten-

497 5027 662 5094 dens,
681 5036 742 5084 ut
772 5033 1060 5099 pravi-niis
1093 5035 1241 5099 aliis,
1268 5033 1631 5097 desiderantis
1659 5058 1838 5098 emere
1865 5059 2058 5100 neces-

498 5120 718 5175 sitatem
769 5135 1132 5194 praeoccupet,
1194 5117 1247 5183 et
1305 5145 1466 5186 suum
1524 5134 1742 5189 vendat.
1797 5135 2059 5192 Similiter

497 5211 662 5263 etiam
689 5220 920 5280 emptor,
951 5213 1077 5268 dum
1108 5216 1372 5284 providet,
1400 5235 1468 5275 ne
1507 5221 1577 5275 ab
1603 5222 1709 5276 alio
1743 5232 2050 5292 praeventus

499 5297 704 5354 frustra
733 5302 971 5370 requirat
1001 5303 1075 5366 id,
1111 5321 1218 5375 quo
1264 5323 1403 5379 opus
1449 5310 1646 5375 habet;
1679 5327 1788 5366 non
1831 5312 1895 5367 ad
1930 5329 2055 5368 ora-

499 5387 686 5472 tionis,
713 5391 806 5444 sed
837 5393 900 5455 ad
936 5394 1265 5454 venditionis
1319 5400 1521 5462 locum.
1582 5401 1758 5455 forum
1812 5403 2060 5460 videlicet

500 5492 683 5534 rerum
716 5482 1010 5547 venalium,
1043 5490 1237 5542 currit.
1273 5489 1449 5560 Atque
1471 5493 1724 5547 omnibus
1753 5495 1868 5563 pari
1923 5496 2060 5551 lucri

502 5571 756 5641 cupidine
783 5576 980 5644 captis,
1008 5581 1316 5647 proximum
1359 5585 1655 5651 przevenire
1686 5589 2061 5644 contendenti-

502 5659 628 5730 bus,
665 5679 761 5734 per
799 5666 1028 5723 aliarum
1064 5685 1246 5727 rerum
1284 5673 1464 5729 studia
1511 5677 1811 5747 subripitur
1850 5688 2064 5753 tempus

574 5821 616 5853 “
646 5820 802 5879 Rom.
836 5841 934 5894 xu,
973 5827 1058 5882 ll.

2161 4312 2290 4381 ἡμῖν
2320 4309 2557 4381 τρόπον,
2593 4308 2739 4370 ὅπως
2782 4305 2886 4378 χρὴ
2930 4306 3223 4378 προσάγειν
3275 4305 3353 4377 τῷ
3401 4307 3589 4378 Κυρίῳ
3631 4308 3729 4377 τὴν

2159 4402 2363 4473 δέησιν.
2426 4398 2567 4470 Ὀρῶ
2598 4397 2704 4470 γὰρ
2734 4398 2814 4451 ὅτι
2846 4397 3020 4452 πάντα
3053 4397 3249 4468 μᾶλλον
3281 4399 3338 4451 ὲν
3380 4400 3457 4471 τῷ
3501 4401 3730 4473 παρόντι

2165 4488 2518 4554 σπουδάζεται
2570 4488 2690 4559 βίῳ,
2739 4487 2898 4542 ἄλλου
2944 4489 3080 4559 πρὸς
3110 4487 3237 4541 ἄλλο
3278 4505 3330 4541 τι
3366 4492 3432 4560 τῇ
3465 4491 3607 4561 ψυχῇ
3639 4508 3730 4543 τε·

2161 4579 2473 4652 τραμμένου
2493 4591 2509 4607 ⁹
2541 4579 2599 4632 τὸ
2620 4577 2676 4632 δὲ
2705 4578 2802 4649 τῆς
2830 4577 2992 4648 εὐχῆς
3019 4577 3219 4645 ἀγαθὸν
3245 4578 3332 4632 διὰ
3362 4581 3592 4651 σπουδῆς
3614 4585 3730 4645 τοῖς

2163 4671 2465 4742 ἀνθρώποις
2492 4672 2590 4724 οὐκ
2618 4671 2781 4724 ἐστιν.
2845 4669 3185 4741 Ἐπορθρίζει
3213 4673 3333 4734 ταῖς
3378 4673 3672 4743 ἐμπορίαις
3700 4675 3732 4725 ὁ

2162 4766 2424 4836 κάπηλος,
2463 4764 2567 4834 πρὸ
2610 4763 2717 4815 τῶν
2746 4762 3049 4833 ὁμοτέχνων
3091 4761 3182 4815 τὸν
3224 4765 3417 4816 οἰκεῖον
3467 4763 3733 4829 ἐπιδεῖξαι

2161 4860 2271 4920 τοῖς
2291 4855 2614 4927 ὠνουμένοις
2641 4853 2974 4922 φιλονεικῶν,
3005 4853 3079 4917 ὡς
3110 4852 3177 4907 ἂν
3205 4855 3460 4924 προλάϐοι
3490 4856 3580 4910 τοῦ
3613 4857 3733 4911 δεο-

2167 4950 2324 5022 μένου
2353 4949 2447 5021 τὴν
2474 4947 2677 5019 χρείαν,
2708 4946 3024 5016 ὑποφθάσας
3054 4948 3180 5010 τοὺς
3205 4948 3414 5012 ἄλλους,
3443 4950 3537 5002 καὶ
3561 4950 3622 5004 τὸ
3648 4953 3731 5003 οί-
3829 4955 3841 4975 ⁸

2162 5046 2305 5097 κεῖον
2329 5041 2779 5112 ἀπεμπολήσειεν.
2821 5039 3091 5103 Ὡσαύτως
3120 5040 3213 5092 καὶ
3244 5040 3272 5092 ὁ
3307 5040 3608 5110 ὠνούμενος
3630 5085 3647 5107 ,
3671 5043 3736 5096 τὸ

2165 5134 2240 5205 μὴ
2261 5132 2578 5204 διαμαρτεῖν
2598 5131 2690 5184 τοῦ
2719 5130 2854 5202 πρὸς
2879 5130 2978 5202 τὴν
3007 5131 3193 5200 χρείαν
3227 5134 3283 5184 ὲν
3313 5133 3390 5200 τῷ
3420 5133 3738 5204 προληφθῆ-

2161 5241 2246 5278 ναι
2274 5225 2399 5294 παρ’
2431 5222 2614 5294 ἐτέρου
2642 5221 2746 5293 πρὸ
2773 5219 3062 5291 ὀφθαλμῶν
3105 5220 3261 5292 ἔχων,
3293 5222 3390 5274 οὐκ
3419 5222 3510 5274 ἐπὶ
3545 5224 3606 5274 τὸ
3636 5223 3734 5274 εύ-

2165 5316 2406 5387 κτήριον,
2439 5313 2551 5367 ἀλλ’
2585 5313 2676 5366 ἐπὶ
2701 5312 2763 5366 τὸ
2791 5313 3088 5384 πρατήριον
3126 5313 3328 5383 τρέχει.
3379 5311 3482 5366 Καὶ
3510 5314 3734 5366 πάντων

2166 5407 2266 5478 τὴν
2314 5407 2433 5477 ίσην
2481 5405 2614 5475 πρὸς
2665 5403 2727 5457 τὸ
2769 5404 2956 5474 κέρδος
3005 5405 3234 5474 ἑχόντων
3281 5403 3594 5472 ἐπιθυμίαν,
3633 5403 3734 5455 καὶ

2166 5499 2366 5568 φθάσαι
2401 5497 2489 5551 τὸν
2515 5495 2681 5559 πέλας
2705 5495 3162 5564 φιλονεικούντων,
3195 5493 3464 5566 ὲξεκλάπη
3495 5495 3582 5548 διὰ
3615 5495 3733 5547 τῶν

2166 5586 2609 5658 σπουδαζομένων
2633 5587 2666 5656 ἡ
2698 5585 3126 5659 τῆςπροσευχῆς
3153 5582 3271 5654 ῶρα
3312 5585 3392 5647 εἰς
3431 5585 3529 5654 τὴν
3558 5586 3730 5654 ἐμπο-

2167 5681 2285 5752 ρίαν
2337 5675 2708 5754 μετατεθεῖσα.
2758 5674 2941 5788 Οὕτως
2985 5676 3013 5728 ὁ
3059 5673 3438 5745 χειροτέχνης·
3483 5671 3654 5737 οὕτως
3693 5673 3726 5726 ὁ
