  <div class='ocr_page' id='page_1' title='image "/cluster/home/n/w/nwhite01/storage/ocr_20150623/44/hvd.32044012542270/570.png"; bbox 0 0 4004 6462; ppageno 0'>
   <div class='ocr_carea' id='block_1_1' title="bbox 187 393 317 452">
    <p class='ocr_par' dir='ltr' id='par_1_1' title="bbox 187 393 317 452">
     <span class='ocr_line' id='line_1_1' title="bbox 187 393 317 452; baseline -0.031 0"><span class='ocrx_word' id='word_1_1' title='bbox 187 393 317 452; x_wconf 64' lang='lat' dir='ltr'><strong>{lit</strong></span> 
     </span>
    </p>
   </div>
   <div class='ocr_carea' id='block_1_2' title="bbox 1138 392 2460 455">
    <p class='ocr_par' dir='ltr' id='par_1_2' title="bbox 1138 392 2460 455">
     <span class='ocr_line' id='line_1_2' title="bbox 1138 392 2460 455; baseline 0.003 -6"><span class='ocrx_word' id='word_1_2' title='bbox 1138 393 1227 449; x_wconf 85' lang='lat' dir='ltr'><strong>DE</strong></span> <span class='ocrx_word' id='word_1_3' title='bbox 1263 392 1612 451; x_wconf 78' lang='lat' dir='ltr'><strong>ORATIONE</strong></span> <span class='ocrx_word' id='word_1_4' title='bbox 1646 392 1994 453; x_wconf 71' lang='lat' dir='ltr'><strong>DOMlNlCA.</strong></span> <span class='ocrx_word' id='word_1_5' title='bbox 2033 430 2101 441; x_wconf 92' lang='lat'><strong>—</strong></span> <span class='ocrx_word' id='word_1_6' title='bbox 2139 397 2396 455; x_wconf 82' lang='lat' dir='ltr'><strong>ORATIO</strong></span> <span class='ocrx_word' id='word_1_7' title='bbox 2421 397 2460 453; x_wconf 90' lang='lat' dir='ltr'><strong>l.</strong></span> 
     </span>
    </p>
   </div>
   <div class='ocr_carea' id='block_1_3' title="bbox 184 503 1749 584">
    <p class='ocr_par' dir='ltr' id='par_1_3' title="bbox 184 503 1741 581">
     <span class='ocr_line' id='line_1_3' title="bbox 184 503 1741 581; baseline 0.002 -20"><span class='ocrx_word' id='word_1_8' title='bbox 184 520 311 579; x_wconf 75' lang='grc' dir='ltr'>περι</span> <span class='ocrx_word' id='word_1_9' title='bbox 356 503 545 574; x_wconf 81' lang='grc' dir='ltr'>λόγους</span> <span class='ocrx_word' id='word_1_10' title='bbox 592 503 957 578; x_wconf 72' lang='grc' dir='ltr'>ήσχολημένος</span> <span class='ocrx_word' id='word_1_11' title='bbox 991 522 1008 538; x_wconf 75' lang='grc' dir='ltr'><strong>ο</strong></span> <span class='ocrx_word' id='word_1_12' title='bbox 1055 506 1227 574; x_wconf 74' lang='grc' dir='ltr'>οὕτως</span> <span class='ocrx_word' id='word_1_13' title='bbox 1273 510 1304 563; x_wconf 90' lang='lat'><strong>6</strong></span> <span class='ocrx_word' id='word_1_14' title='bbox 1348 507 1699 581; x_wconf 81' lang='grc' dir='ltr'><strong>δικαζόμενος</strong></span> <span class='ocrx_word' id='word_1_15' title='bbox 1726 524 1741 540; x_wconf 79' lang='grc' dir='ltr'><strong><em>ο</em></strong></span> 
     </span>
    </p>
   </div>
   <div class='ocr_carea' id='block_1_4' title="bbox 1847 503 3409 584">
    <p class='ocr_par' dir='ltr' id='par_1_4' title="bbox 1847 508 3409 584">
     <span class='ocr_line' id='line_1_4' title="bbox 1847 508 3409 584; baseline 0 -20"><span class='ocrx_word' id='word_1_16' title='bbox 1847 512 2111 567; x_wconf 90' lang='lat' dir='ltr'><strong>orationis</strong></span> <span class='ocrx_word' id='word_1_17' title='bbox 2140 513 2206 567; x_wconf 86' lang='lat' dir='ltr'><strong>ad</strong></span> <span class='ocrx_word' id='word_1_18' title='bbox 2237 512 2654 584; x_wconf 75' lang='lat' dir='ltr'><strong>negotiationem</strong></span> <span class='ocrx_word' id='word_1_19' title='bbox 2683 511 3034 567; x_wconf 84' lang='lat' dir='ltr'><strong>translatum.</strong></span> <span class='ocrx_word' id='word_1_20' title='bbox 3078 508 3153 564; x_wconf 87' lang='lat' dir='ltr'><strong>ita</strong></span> <span class='ocrx_word' id='word_1_21' title='bbox 3213 509 3409 565; x_wconf 79' lang='lat' dir='ltr'><strong>artifex</strong></span> 
     </span>
    </p>
   </div>
   <div class='ocr_carea' id='block_1_5' title="bbox 182 596 1746 677">
    <p class='ocr_par' dir='ltr' id='par_1_5' title="bbox 182 596 1746 677">
     <span class='ocr_line' id='line_1_5' title="bbox 182 596 1746 677; baseline 0.003 -25"><span class='ocrx_word' id='word_1_22' title='bbox 182 596 354 661; x_wconf 74' lang='grc' dir='ltr'>οὕτως</span> <span class='ocrx_word' id='word_1_23' title='bbox 379 598 409 651; x_wconf 98' lang='lat'><strong>6</strong></span> <span class='ocrx_word' id='word_1_24' title='bbox 440 597 677 662; x_wconf 78' lang='grc' dir='ltr'><strong>δικάζειν</strong></span> <span class='ocrx_word' id='word_1_25' title='bbox 706 597 912 670; x_wconf 88' lang='grc' dir='ltr'>λαχὼν,</span> <span class='ocrx_word' id='word_1_26' title='bbox 957 600 1084 673; x_wconf 80' lang='grc' dir='ltr'>περὶ</span> <span class='ocrx_word' id='word_1_27' title='bbox 1109 601 1180 655; x_wconf 78' lang='grc' dir='ltr'>τὰ</span> <span class='ocrx_word' id='word_1_28' title='bbox 1221 604 1279 657; x_wconf 93' lang='grc' dir='ltr'><strong>ἐν</strong></span> <span class='ocrx_word' id='word_1_29' title='bbox 1310 606 1496 677; x_wconf 74' lang='grc' dir='ltr'>χερσὶν</span> <span class='ocrx_word' id='word_1_30' title='bbox 1521 604 1746 667; x_wconf 72' lang='grc' dir='ltr'>ἕκαστος</span> 
     </span>
    </p>
   </div>
   <div class='ocr_carea' id='block_1_6' title="bbox 180 689 1748 769">
    <p class='ocr_par' dir='ltr' id='par_1_6' title="bbox 180 689 1748 769">
     <span class='ocr_line' id='line_1_6' title="bbox 180 689 1748 769; baseline 0.004 -26"><span class='ocrx_word' id='word_1_31' title='bbox 180 691 301 753; x_wconf 83' lang='grc' dir='ltr'><strong>ὅλος</strong></span> <span class='ocrx_word' id='word_1_32' title='bbox 318 692 384 762; x_wconf 73' lang='grc' dir='ltr'>τῇ</span> <span class='ocrx_word' id='word_1_33' title='bbox 408 689 608 762; x_wconf 74' lang='grc' dir='ltr'>σπουδῇ</span> <span class='ocrx_word' id='word_1_34' title='bbox 637 690 834 763; x_wconf 75' lang='grc' dir='ltr'>ῥέπων,</span> <span class='ocrx_word' id='word_1_35' title='bbox 855 691 1173 764; x_wconf 88' lang='grc' dir='ltr'>ἐκλέλησται</span> <span class='ocrx_word' id='word_1_36' title='bbox 1192 696 1291 767; x_wconf 85' lang='grc' dir='ltr'>τῆς</span> <span class='ocrx_word' id='word_1_37' title='bbox 1311 697 1449 752; x_wconf 87' lang='grc' dir='ltr'><strong>κατά</strong></span> <span class='ocrx_word' id='word_1_38' title='bbox 1467 697 1566 769; x_wconf 81' lang='grc' dir='ltr'>τὴν</span> <span class='ocrx_word' id='word_1_39' title='bbox 1583 695 1748 767; x_wconf 83' lang='grc' dir='ltr'>εὐχὴν</span> 
     </span>
    </p>
   </div>
   <div class='ocr_carea' id='block_1_7' title="bbox 181 782 1746 861">
    <p class='ocr_par' dir='ltr' id='par_1_7' title="bbox 181 782 1746 861">
     <span class='ocr_line' id='line_1_7' title="bbox 181 782 1746 861; baseline 0.004 -26"><span class='ocrx_word' id='word_1_40' title='bbox 181 782 467 854; x_wconf 84' lang='grc' dir='ltr'>ἐργασίας,</span> <span class='ocrx_word' id='word_1_41' title='bbox 511 782 712 855; x_wconf 80' lang='grc' dir='ltr'>ζημίαν</span> <span class='ocrx_word' id='word_1_42' title='bbox 737 785 936 857; x_wconf 88' lang='grc' dir='ltr'>κρίνων</span> <span class='ocrx_word' id='word_1_43' title='bbox 967 786 1103 857; x_wconf 83' lang='grc' dir='ltr'>πρὸς</span> <span class='ocrx_word' id='word_1_44' title='bbox 1136 787 1198 842; x_wconf 83' lang='grc' dir='ltr'>τὸ</span> <span class='ocrx_word' id='word_1_45' title='bbox 1236 790 1591 861; x_wconf 88' lang='grc' dir='ltr'>προκείμενον</span> <span class='ocrx_word' id='word_1_46' title='bbox 1618 789 1746 843; x_wconf 89' lang='grc' dir='ltr'>ἐαυ-</span> 
     </span>
    </p>
   </div>
   <div class='ocr_carea' id='block_1_8' title="bbox 179 875 1747 953">
    <p class='ocr_par' dir='ltr' id='par_1_8' title="bbox 179 875 1747 953">
     <span class='ocr_line' id='line_1_8' title="bbox 179 875 1747 953; baseline 0.003 -24"><span class='ocrx_word' id='word_1_47' title='bbox 179 875 282 946; x_wconf 83' lang='grc' dir='ltr'><strong>τῷ,</strong></span> <span class='ocrx_word' id='word_1_48' title='bbox 313 877 409 946; x_wconf 76' lang='grc' dir='ltr'>τὴν</span> <span class='ocrx_word' id='word_1_49' title='bbox 440 878 566 947; x_wconf 78' lang='grc' dir='ltr'>περὶ</span> <span class='ocrx_word' id='word_1_50' title='bbox 604 876 696 929; x_wconf 81' lang='grc' dir='ltr'>τὸν</span> <span class='ocrx_word' id='word_1_51' title='bbox 737 876 867 931; x_wconf 83' lang='grc' dir='ltr'>Θεὸν</span> <span class='ocrx_word' id='word_1_52' title='bbox 908 879 1187 948; x_wconf 77' lang='grc' dir='ltr'><strong>ἀσχολίαν.</strong></span> <span class='ocrx_word' id='word_1_53' title='bbox 1228 881 1411 934; x_wconf 85' lang='grc' dir='ltr'>Οίεται</span> <span class='ocrx_word' id='word_1_54' title='bbox 1448 881 1556 953; x_wconf 84' lang='grc' dir='ltr'>γὰρ</span> <span class='ocrx_word' id='word_1_55' title='bbox 1587 884 1615 936; x_wconf 90' lang='lat'><strong>6</strong></span> <span class='ocrx_word' id='word_1_56' title='bbox 1649 882 1747 953; x_wconf 90' lang='grc' dir='ltr'><strong>μέν</strong></span> 
     </span>
    </p>
   </div>
   <div class='ocr_carea' id='block_1_9' title="bbox 179 967 1747 1045">
    <p class='ocr_par' dir='ltr' id='par_1_9' title="bbox 179 967 1747 1045">
     <span class='ocr_line' id='line_1_9' title="bbox 179 967 1747 1045; baseline 0.005 -26"><span class='ocrx_word' id='word_1_57' title='bbox 179 968 281 1039; x_wconf 77' lang='grc' dir='ltr'>τὴν</span> <span class='ocrx_word' id='word_1_58' title='bbox 323 968 516 1039; x_wconf 80' lang='grc' dir='ltr'>τέχνην</span> <span class='ocrx_word' id='word_1_59' title='bbox 561 967 780 1038; x_wconf 89' lang='grc' dir='ltr'>μετιὼν.</span> <span class='ocrx_word' id='word_1_60' title='bbox 831 970 999 1041; x_wconf 86' lang='grc' dir='ltr'>ἀργόν</span> <span class='ocrx_word' id='word_1_61' title='bbox 1026 988 1077 1023; x_wconf 92' lang='grc' dir='ltr'><strong>τι</strong></span> <span class='ocrx_word' id='word_1_62' title='bbox 1106 971 1297 1043; x_wconf 84' lang='grc' dir='ltr'>χρῆμα</span> <span class='ocrx_word' id='word_1_63' title='bbox 1330 974 1425 1028; x_wconf 55' lang='grc' dir='ltr'><strong>καί⁵</strong></span> <span class='ocrx_word' id='word_1_64' title='bbox 1470 973 1747 1045; x_wconf 78' lang='grc' dir='ltr'>ἄπρακτον</span> 
     </span>
    </p>
   </div>
   <div class='ocr_carea' id='block_1_10' title="bbox 178 1055 1744 1134">
    <p class='ocr_par' dir='ltr' id='par_1_10' title="bbox 178 1055 1744 1134">
     <span class='ocr_line' id='line_1_10' title="bbox 178 1055 1744 1134; baseline 0.003 -22"><span class='ocrx_word' id='word_1_65' title='bbox 178 1055 341 1122; x_wconf 80' lang='grc' dir='ltr'>εἶναι,</span> <span class='ocrx_word' id='word_1_66' title='bbox 372 1059 469 1130; x_wconf 79' lang='grc' dir='ltr'>τὴν</span> <span class='ocrx_word' id='word_1_67' title='bbox 514 1058 663 1113; x_wconf 81' lang='grc' dir='ltr'>Θείαν</span> <span class='ocrx_word' id='word_1_68' title='bbox 709 1059 846 1131; x_wconf 79' lang='grc' dir='ltr'>πρὸς</span> <span class='ocrx_word' id='word_1_69' title='bbox 883 1060 943 1113; x_wconf 82' lang='grc' dir='ltr'>τὸ</span> <span class='ocrx_word' id='word_1_70' title='bbox 988 1061 1341 1133; x_wconf 82' lang='grc' dir='ltr'>προκείμενον</span> <span class='ocrx_word' id='word_1_71' title='bbox 1393 1063 1744 1134; x_wconf 81' lang='grc' dir='ltr'>συμμαχίαν·</span> 
     </span>
    </p>
   </div>
   <div class='ocr_carea' id='block_1_11' title="bbox 177 1153 1749 1227">
    <p class='ocr_par' dir='ltr' id='par_1_11' title="bbox 177 1153 1749 1227">
     <span class='ocr_line' id='line_1_11' title="bbox 177 1153 1749 1227; baseline 0.003 -20"><span class='ocrx_word' id='word_1_72' title='bbox 177 1153 259 1207; x_wconf 81' lang='grc' dir='ltr'>διὸ</span> <span class='ocrx_word' id='word_1_73' title='bbox 293 1154 605 1207; x_wconf 87' lang='grc' dir='ltr'>καταλιπὼν</span> <span class='ocrx_word' id='word_1_74' title='bbox 629 1153 726 1225; x_wconf 79' lang='grc' dir='ltr'>τὴν</span> <span class='ocrx_word' id='word_1_75' title='bbox 756 1154 939 1225; x_wconf 79' lang='grc' dir='ltr'>εὐχὴν,</span> <span class='ocrx_word' id='word_1_76' title='bbox 974 1156 1030 1208; x_wconf 90' lang='grc' dir='ltr'><strong>ἐν</strong></span> <span class='ocrx_word' id='word_1_77' title='bbox 1054 1159 1175 1220; x_wconf 86' lang='grc' dir='ltr'>ταῖς</span> <span class='ocrx_word' id='word_1_78' title='bbox 1208 1157 1363 1227; x_wconf 77' lang='grc' dir='ltr'>χερσὶ</span> <span class='ocrx_word' id='word_1_79' title='bbox 1386 1156 1486 1221; x_wconf 89' lang='grc' dir='ltr'><strong>τάς</strong></span> <span class='ocrx_word' id='word_1_80' title='bbox 1528 1158 1749 1223; x_wconf 78' lang='grc' dir='ltr'><strong>ἐλπίδας</strong></span> 
     </span>
    </p>
   </div>
   <div class='ocr_carea' id='block_1_12' title="bbox 176 1245 1744 1321">
    <p class='ocr_par' dir='ltr' id='par_1_12' title="bbox 176 1245 1744 1321">
     <span class='ocr_line' id='line_1_12' title="bbox 176 1245 1744 1321; baseline 0.003 -22"><span class='ocrx_word' id='word_1_81' title='bbox 176 1245 387 1308; x_wconf 71' lang='grc' dir='ltr'>τίθεται</span> <span class='ocrx_word' id='word_1_82' title='bbox 412 1287 427 1311; x_wconf 91' lang='grc'><strong>,</strong></span> <span class='ocrx_word' id='word_1_83' title='bbox 480 1245 808 1317; x_wconf 87' lang='grc' dir='ltr'>ἁμνημονῶν</span> <span class='ocrx_word' id='word_1_84' title='bbox 870 1246 963 1299; x_wconf 91' lang='grc' dir='ltr'><strong>τοῦ</strong></span> <span class='ocrx_word' id='word_1_85' title='bbox 1033 1247 1324 1313; x_wconf 82' lang='grc' dir='ltr'><strong>δεδωκότος</strong></span> <span class='ocrx_word' id='word_1_86' title='bbox 1392 1250 1489 1311; x_wconf 89' lang='grc' dir='ltr'><strong>τάς</strong></span> <span class='ocrx_word' id='word_1_87' title='bbox 1536 1251 1744 1321; x_wconf 79' lang='grc' dir='ltr'>χεῖρας.</span> 
     </span>
    </p>
   </div>
   <div class='ocr_carea' id='block_1_13' title="bbox 188 1335 1748 1413">
    <p class='ocr_par' dir='ltr' id='par_1_13' title="bbox 188 1335 1748 1413">
     <span class='ocr_line' id='line_1_13' title="bbox 188 1335 1748 1413; baseline 0.003 -25"><span class='ocrx_word' id='word_1_88' title='bbox 188 1335 465 1398; x_wconf 76' lang='grc' dir='ltr'><strong>Ὡσαύτως</strong></span> <span class='ocrx_word' id='word_1_89' title='bbox 506 1337 600 1389; x_wconf 76' lang='grc' dir='ltr'>καὶ</span> <span class='ocrx_word' id='word_1_90' title='bbox 643 1338 671 1389; x_wconf 89' lang='lat'><strong>6</strong></span> <span class='ocrx_word' id='word_1_91' title='bbox 717 1337 810 1389; x_wconf 84' lang='grc' dir='ltr'>τὸν</span> <span class='ocrx_word' id='word_1_92' title='bbox 838 1336 993 1406; x_wconf 88' lang='grc' dir='ltr'>λόγον</span> <span class='ocrx_word' id='word_1_93' title='bbox 1022 1338 1088 1391; x_wconf 85' lang='grc' dir='ltr'><strong>δι’</strong></span> <span class='ocrx_word' id='word_1_94' title='bbox 1112 1340 1427 1411; x_wconf 76' lang='grc' dir='ltr'>ἐπιμελείας</span> <span class='ocrx_word' id='word_1_95' title='bbox 1472 1340 1748 1413; x_wconf 85' lang='grc' dir='ltr'>κατορθῶν</span> 
     </span>
    </p>
   </div>
   <div class='ocr_carea' id='block_1_14' title="bbox 176 1425 1748 1497">
    <p class='ocr_par' dir='ltr' id='par_1_14' title="bbox 176 1425 1748 1497">
     <span class='ocr_line' id='line_1_14' title="bbox 176 1425 1748 1497; baseline 0.001 -18"><span class='ocrx_word' id='word_1_96' title='bbox 176 1425 380 1496; x_wconf 85' lang='grc' dir='ltr'>ἐαυτῷ,</span> <span class='ocrx_word' id='word_1_97' title='bbox 410 1425 471 1478; x_wconf 87' lang='grc' dir='ltr'><strong>ού</strong></span> <span class='ocrx_word' id='word_1_98' title='bbox 508 1425 778 1493; x_wconf 80' lang='grc' dir='ltr'>λογίζεται</span> <span class='ocrx_word' id='word_1_99' title='bbox 808 1427 898 1479; x_wconf 75' lang='grc' dir='ltr'><strong>τὸν</strong></span> <span class='ocrx_word' id='word_1_100' title='bbox 930 1427 1200 1482; x_wconf 82' lang='grc' dir='ltr'>δεδωκότα</span> <span class='ocrx_word' id='word_1_101' title='bbox 1246 1429 1337 1483; x_wconf 86' lang='grc' dir='ltr'>τὸν</span> <span class='ocrx_word' id='word_1_102' title='bbox 1382 1428 1537 1497; x_wconf 85' lang='grc' dir='ltr'>λόγον</span> <span class='ocrx_word' id='word_1_103' title='bbox 1572 1443 1587 1458; x_wconf 78' lang='grc'><strong><em>⁵</em></strong></span> <span class='ocrx_word' id='word_1_104' title='bbox 1634 1428 1748 1482; x_wconf 82' lang='grc' dir='ltr'>ἀλλ’</span> 
     </span>
    </p>
   </div>
   <div class='ocr_carea' id='block_1_15' title="bbox 172 1515 1750 1593">
    <p class='ocr_par' dir='ltr' id='par_1_15' title="bbox 172 1515 1750 1593">
     <span class='ocr_line' id='line_1_15' title="bbox 172 1515 1750 1593; baseline 0.001 -22"><span class='ocrx_word' id='word_1_105' title='bbox 172 1515 254 1581; x_wconf 84' lang='grc' dir='ltr'><strong>ὡς</strong></span> <span class='ocrx_word' id='word_1_106' title='bbox 283 1518 475 1572; x_wconf 84' lang='grc' dir='ltr'>ἐαυτὸν</span> <span class='ocrx_word' id='word_1_107' title='bbox 520 1520 599 1582; x_wconf 84' lang='grc' dir='ltr'>εἰς</span> <span class='ocrx_word' id='word_1_108' title='bbox 640 1519 739 1589; x_wconf 83' lang='grc' dir='ltr'>τὴν</span> <span class='ocrx_word' id='word_1_109' title='bbox 765 1519 925 1588; x_wconf 86' lang='grc' dir='ltr'>φύσιν</span> <span class='ocrx_word' id='word_1_110' title='bbox 952 1520 1156 1593; x_wconf 89' lang='grc' dir='ltr'>ταύτην</span> <span class='ocrx_word' id='word_1_111' title='bbox 1187 1520 1545 1592; x_wconf 86' lang='grc' dir='ltr'>παραγαγὼν,</span> <span class='ocrx_word' id='word_1_112' title='bbox 1577 1520 1750 1585; x_wconf 72' lang='grc' dir='ltr'>οὔτως</span> 
     </span>
    </p>
   </div>
   <div class='ocr_carea' id='block_1_16' title="bbox 175 1609 1744 1682">
    <p class='ocr_par' dir='ltr' id='par_1_16' title="bbox 175 1609 1744 1682">
     <span class='ocr_line' id='line_1_16' title="bbox 175 1609 1744 1682; baseline 0 -19"><span class='ocrx_word' id='word_1_113' title='bbox 175 1610 358 1680; x_wconf 82' lang='grc' dir='ltr'>ἐαυτῷ</span> <span class='ocrx_word' id='word_1_114' title='bbox 407 1611 502 1663; x_wconf 63' lang='grc' dir='ltr'><strong>καὶ⁵</strong></span> <span class='ocrx_word' id='word_1_115' title='bbox 538 1610 658 1672; x_wconf 83' lang='grc' dir='ltr'>ταῖς</span> <span class='ocrx_word' id='word_1_116' title='bbox 698 1609 806 1663; x_wconf 88' lang='grc' dir='ltr'><strong>τῶν</strong></span> <span class='ocrx_word' id='word_1_117' title='bbox 841 1609 1094 1681; x_wconf 83' lang='grc' dir='ltr'>μαθητῶν</span> <span class='ocrx_word' id='word_1_118' title='bbox 1123 1612 1442 1682; x_wconf 83' lang='grc' dir='ltr'>προσανέχει</span> <span class='ocrx_word' id='word_1_119' title='bbox 1472 1610 1744 1674; x_wconf 84' lang='grc' dir='ltr'>σπουδαῖς,</span> 
     </span>
    </p>
   </div>
   <div class='ocr_carea' id='block_1_17' title="bbox 172 1698 1750 1774">
    <p class='ocr_par' dir='ltr' id='par_1_17' title="bbox 172 1698 1750 1774">
     <span class='ocr_line' id='line_1_17' title="bbox 172 1698 1750 1774; baseline 0.001 -21"><span class='ocrx_word' id='word_1_120' title='bbox 172 1700 331 1753; x_wconf 73' lang='grc' dir='ltr'>οὐδὲν</span> <span class='ocrx_word' id='word_1_121' title='bbox 360 1700 529 1770; x_wconf 84' lang='grc' dir='ltr'>αὐτῆς</span> <span class='ocrx_word' id='word_1_122' title='bbox 549 1698 642 1751; x_wconf 90' lang='grc' dir='ltr'><strong>τοῦ</strong></span> <span class='ocrx_word' id='word_1_123' title='bbox 672 1699 805 1753; x_wconf 88' lang='grc' dir='ltr'>Θεοῦ</span> <span class='ocrx_word' id='word_1_124' title='bbox 830 1700 1108 1771; x_wconf 78' lang='grc' dir='ltr'>ἐνεργείας</span> <span class='ocrx_word' id='word_1_125' title='bbox 1132 1700 1279 1771; x_wconf 83' lang='grc' dir='ltr'>αὐτῷ</span> <span class='ocrx_word' id='word_1_126' title='bbox 1303 1700 1623 1774; x_wconf 81' lang='grc' dir='ltr'>γενήσεσθαι</span> <span class='ocrx_word' id='word_1_127' title='bbox 1642 1700 1750 1755; x_wconf 91' lang='grc' dir='ltr'><strong>τῶν</strong></span> 
     </span>
    </p>
   </div>
   <div class='ocr_carea' id='block_1_18' title="bbox 173 1791 1749 1866">
    <p class='ocr_par' dir='ltr' id='par_1_18' title="bbox 173 1791 1749 1866">
     <span class='ocr_line' id='line_1_18' title="bbox 173 1791 1749 1866; baseline 0.001 -20"><span class='ocrx_word' id='word_1_128' title='bbox 173 1791 400 1861; x_wconf 82' lang='grc' dir='ltr'>ἀγαθῶν</span> <span class='ocrx_word' id='word_1_129' title='bbox 426 1791 680 1862; x_wconf 78' lang='grc' dir='ltr'>νομίζων,</span> <span class='ocrx_word' id='word_1_130' title='bbox 712 1794 1103 1863; x_wconf 84' lang='grc' dir='ltr'>προτιμοτέραν</span> <span class='ocrx_word' id='word_1_131' title='bbox 1133 1796 1361 1848; x_wconf 84' lang='grc' dir='ltr'>ποιεῖται</span> <span class='ocrx_word' id='word_1_132' title='bbox 1391 1796 1489 1865; x_wconf 83' lang='grc' dir='ltr'>τῆς</span> <span class='ocrx_word' id='word_1_133' title='bbox 1518 1810 1749 1866; x_wconf 87' lang='grc' dir='ltr'>προσευ-</span> 
     </span>
    </p>
   </div>
   <div class='ocr_carea' id='block_1_19' title="bbox 173 1869 1820 1957">
    <p class='ocr_par' dir='ltr' id='par_1_19' title="bbox 173 1869 1820 1957">
     <span class='ocr_line' id='line_1_19' title="bbox 173 1869 1820 1957; baseline -0.001 -18"><span class='ocrx_word' id='word_1_134' title='bbox 173 1884 279 1955; x_wconf 83' lang='grc' dir='ltr'>χῆς</span> <span class='ocrx_word' id='word_1_135' title='bbox 312 1882 411 1955; x_wconf 83' lang='grc' dir='ltr'>τὴν</span> <span class='ocrx_word' id='word_1_136' title='bbox 440 1884 696 1956; x_wconf 81' lang='grc' dir='ltr'>σπουδὴν,</span> <span class='ocrx_word' id='word_1_137' title='bbox 737 1884 827 1937; x_wconf 83' lang='grc' dir='ltr'>τὸν</span> <span class='ocrx_word' id='word_1_138' title='bbox 854 1883 1011 1938; x_wconf 73' lang='grc' dir='ltr'>αὐτὸν</span> <span class='ocrx_word' id='word_1_139' title='bbox 1042 1885 1239 1957; x_wconf 84' lang='grc' dir='ltr'>τρόπον</span> <span class='ocrx_word' id='word_1_140' title='bbox 1264 1884 1433 1938; x_wconf 83' lang='grc' dir='ltr'>καὶτά</span> <span class='ocrx_word' id='word_1_141' title='bbox 1451 1885 1612 1939; x_wconf 86' lang='grc' dir='ltr'>λοιπά</span> <span class='ocrx_word' id='word_1_142' title='bbox 1642 1885 1747 1939; x_wconf 89' lang='grc' dir='ltr'><strong>τῶν</strong></span> <span class='ocrx_word' id='word_1_143' title='bbox 1779 1869 1820 1925; x_wconf 81' lang='grc' dir='ltr'><strong><em>Β</em></strong></span> 
     </span>
    </p>
   </div>
   <div class='ocr_carea' id='block_1_20' title="bbox 172 1974 1749 2049">
    <p class='ocr_par' dir='ltr' id='par_1_20' title="bbox 172 1974 1749 2049">
     <span class='ocr_line' id='line_1_20' title="bbox 172 1974 1749 2049; baseline 0.001 -20"><span class='ocrx_word' id='word_1_144' title='bbox 172 1974 628 2047; x_wconf 66' lang='grc' dir='ltr'>ἐπιτηδευμάτων</span> <span class='ocrx_word' id='word_1_145' title='bbox 656 1977 909 2047; x_wconf 79' lang='grc' dir='ltr'>ἐκκρούει</span> <span class='ocrx_word' id='word_1_146' title='bbox 946 1974 1042 2048; x_wconf 78' lang='grc' dir='ltr'><strong>τήν</strong></span> <span class='ocrx_word' id='word_1_147' title='bbox 1070 1977 1197 2048; x_wconf 78' lang='grc' dir='ltr'>περὶ</span> <span class='ocrx_word' id='word_1_148' title='bbox 1228 1977 1296 2031; x_wconf 83' lang='grc' dir='ltr'>τὰ</span> <span class='ocrx_word' id='word_1_149' title='bbox 1333 1977 1501 2049; x_wconf 73' lang='grc' dir='ltr'>μείζω</span> <span class='ocrx_word' id='word_1_150' title='bbox 1532 1978 1625 2032; x_wconf 78' lang='grc' dir='ltr'>καὶ</span> <span class='ocrx_word' id='word_1_151' title='bbox 1656 1978 1749 2031; x_wconf 84' lang='grc' dir='ltr'>ού-</span> 
     </span>
    </p>
   </div>
   <div class='ocr_carea' id='block_1_21' title="bbox 173 2067 1751 2139">
    <p class='ocr_par' dir='ltr' id='par_1_21' title="bbox 173 2067 1751 2139">
     <span class='ocr_line' id='line_1_21' title="bbox 173 2067 1751 2139; baseline 0 -18"><span class='ocrx_word' id='word_1_152' title='bbox 173 2067 342 2139; x_wconf 85' lang='grc' dir='ltr'>ράνια</span> <span class='ocrx_word' id='word_1_153' title='bbox 369 2067 470 2137; x_wconf 82' lang='grc' dir='ltr'>τῆς</span> <span class='ocrx_word' id='word_1_154' title='bbox 496 2067 672 2139; x_wconf 78' lang='grc' dir='ltr'>ψυχῆς</span> <span class='ocrx_word' id='word_1_155' title='bbox 701 2067 977 2139; x_wconf 88' lang='grc' dir='ltr'>ἀσχολίαν,</span> <span class='ocrx_word' id='word_1_156' title='bbox 1006 2070 1072 2139; x_wconf 77' lang='grc' dir='ltr'><strong>τῇ</strong></span> <span class='ocrx_word' id='word_1_157' title='bbox 1091 2067 1200 2121; x_wconf 88' lang='grc' dir='ltr'><strong>τῶν</strong></span> <span class='ocrx_word' id='word_1_158' title='bbox 1226 2068 1550 2139; x_wconf 84' lang='grc' dir='ltr'>σωματικῶν</span> <span class='ocrx_word' id='word_1_159' title='bbox 1577 2085 1635 2121; x_wconf 88' lang='grc' dir='ltr'><strong>τε</strong></span> <span class='ocrx_word' id='word_1_160' title='bbox 1657 2067 1751 2122; x_wconf 74' lang='grc' dir='ltr'>καὶ</span> 
     </span>
    </p>
   </div>
   <div class='ocr_carea' id='block_1_22' title="bbox 169 2157 1748 2232">
    <p class='ocr_par' dir='ltr' id='par_1_22' title="bbox 169 2157 1748 2232">
     <span class='ocr_line' id='line_1_22' title="bbox 169 2157 1748 2232; baseline 0 -19"><span class='ocrx_word' id='word_1_161' title='bbox 169 2160 382 2231; x_wconf 75' lang='grc' dir='ltr'>γηῖνων</span> <span class='ocrx_word' id='word_1_162' title='bbox 414 2159 672 2231; x_wconf 87' lang='grc' dir='ltr'>φροντίδι.</span> <span class='ocrx_word' id='word_1_163' title='bbox 721 2159 820 2213; x_wconf 86' lang='grc' dir='ltr'>Διά</span> <span class='ocrx_word' id='word_1_164' title='bbox 860 2157 1018 2213; x_wconf 87' lang='grc' dir='ltr'>τοῦτο</span> <span class='ocrx_word' id='word_1_165' title='bbox 1062 2159 1227 2232; x_wconf 79' lang='grc' dir='ltr'>πολλή</span> <span class='ocrx_word' id='word_1_166' title='bbox 1261 2160 1399 2213; x_wconf 83' lang='grc' dir='ltr'>κατὰ</span> <span class='ocrx_word' id='word_1_167' title='bbox 1429 2160 1519 2214; x_wconf 76' lang='grc' dir='ltr'>τὸν</span> <span class='ocrx_word' id='word_1_168' title='bbox 1562 2159 1673 2231; x_wconf 82' lang='grc' dir='ltr'>βίον</span> <span class='ocrx_word' id='word_1_169' title='bbox 1712 2162 1748 2232; x_wconf 80' lang='grc' dir='ltr'><strong>ή</strong></span> 
     </span>
    </p>
   </div>
   <div class='ocr_carea' id='block_1_23' title="bbox 169 2250 1746 2324">
    <p class='ocr_par' dir='ltr' id='par_1_23' title="bbox 169 2250 1746 2324">
     <span class='ocr_line' id='line_1_23' title="bbox 169 2250 1746 2324; baseline 0 -18"><span class='ocrx_word' id='word_1_170' title='bbox 169 2251 444 2324; x_wconf 82' lang='grc' dir='ltr'>ἁμαρτία,</span> <span class='ocrx_word' id='word_1_171' title='bbox 474 2251 562 2306; x_wconf 79' lang='grc' dir='ltr'>ἀεὶ</span> <span class='ocrx_word' id='word_1_172' title='bbox 587 2255 707 2315; x_wconf 89' lang='grc' dir='ltr'>ταῖς</span> <span class='ocrx_word' id='word_1_173' title='bbox 731 2250 1065 2323; x_wconf 82' lang='grc' dir='ltr'>προσθήκαις</span> <span class='ocrx_word' id='word_1_174' title='bbox 1093 2251 1185 2305; x_wconf 77' lang='grc' dir='ltr'>ἐπὶ</span> <span class='ocrx_word' id='word_1_175' title='bbox 1205 2252 1264 2305; x_wconf 82' lang='grc' dir='ltr'>τὸ</span> <span class='ocrx_word' id='word_1_176' title='bbox 1288 2250 1471 2324; x_wconf 80' lang='grc' dir='ltr'>μεῖζον</span> <span class='ocrx_word' id='word_1_177' title='bbox 1490 2251 1746 2319; x_wconf 76' lang='grc' dir='ltr'>αὔξουσα,</span> 
     </span>
    </p>
   </div>
   <div class='ocr_carea' id='block_1_24' title="bbox 170 2343 1746 2416">
    <p class='ocr_par' dir='ltr' id='par_1_24' title="bbox 170 2343 1746 2416">
     <span class='ocr_line' id='line_1_24' title="bbox 170 2343 1746 2416; baseline 0 -19"><span class='ocrx_word' id='word_1_178' title='bbox 170 2343 383 2407; x_wconf 83' lang='grc' dir='ltr'>πάσαις</span> <span class='ocrx_word' id='word_1_179' title='bbox 422 2346 543 2409; x_wconf 83' lang='grc' dir='ltr'>ταῖς</span> <span class='ocrx_word' id='word_1_180' title='bbox 590 2343 957 2415; x_wconf 84' lang='grc' dir='ltr'>ἀνθρωπίναις</span> <span class='ocrx_word' id='word_1_181' title='bbox 1002 2345 1257 2409; x_wconf 86' lang='grc' dir='ltr'>σπουδαῖς</span> <span class='ocrx_word' id='word_1_182' title='bbox 1299 2344 1746 2416; x_wconf 83' lang='grc' dir='ltr'>ἐμπεπλεγμένη,</span> 
     </span>
    </p>
   </div>
   <div class='ocr_carea' id='block_1_25' title="bbox 166 2435 1749 2508">
    <p class='ocr_par' dir='ltr' id='par_1_25' title="bbox 166 2435 1749 2508">
     <span class='ocr_line' id='line_1_25' title="bbox 166 2435 1749 2508; baseline 0.002 -19"><span class='ocrx_word' id='word_1_183' title='bbox 166 2436 311 2489; x_wconf 83' lang='grc' dir='ltr'>διότι</span> <span class='ocrx_word' id='word_1_184' title='bbox 342 2435 478 2507; x_wconf 82' lang='grc' dir='ltr'>λήθη</span> <span class='ocrx_word' id='word_1_185' title='bbox 512 2435 604 2489; x_wconf 92' lang='grc' dir='ltr'><strong>τοῦ</strong></span> <span class='ocrx_word' id='word_1_186' title='bbox 630 2436 771 2508; x_wconf 65' lang='grc' dir='ltr'>Θεοῦ,</span> <span class='ocrx_word' id='word_1_187' title='bbox 796 2439 1129 2508; x_wconf 86' lang='grc' dir='ltr'>κατακρατεῖ</span> <span class='ocrx_word' id='word_1_188' title='bbox 1150 2436 1257 2490; x_wconf 89' lang='grc' dir='ltr'><strong>τῶν</strong></span> <span class='ocrx_word' id='word_1_189' title='bbox 1292 2437 1527 2501; x_wconf 90' lang='grc' dir='ltr'>πάντων,</span> <span class='ocrx_word' id='word_1_190' title='bbox 1562 2438 1657 2491; x_wconf 79' lang='grc' dir='ltr'>καὶ</span> <span class='ocrx_word' id='word_1_191' title='bbox 1688 2437 1749 2492; x_wconf 79' lang='grc' dir='ltr'>τὸ</span> 
     </span>
    </p>
   </div>
   <div class='ocr_carea' id='block_1_26' title="bbox 165 2502 1746 2601">
    <p class='ocr_par' dir='ltr' id='par_1_26' title="bbox 165 2502 1746 2601">
     <span class='ocr_line' id='line_1_26' title="bbox 165 2502 1746 2601; baseline 0 -18"><span class='ocrx_word' id='word_1_192' title='bbox 165 2529 279 2599; x_wconf 80' lang='grc' dir='ltr'>τῆς</span> <span class='ocrx_word' id='word_1_193' title='bbox 309 2502 478 2600; x_wconf 78' lang='grc' dir='ltr'>εὐχῆς</span> <span class='ocrx_word' id='word_1_194' title='bbox 519 2528 721 2598; x_wconf 82' lang='grc' dir='ltr'>ἀγαθὸν</span> <span class='ocrx_word' id='word_1_195' title='bbox 737 2502 861 2593; x_wconf 54' lang='lat' dir='ltr'><strong>‘oi;</strong></span> <span class='ocrx_word' id='word_1_196' title='bbox 888 2502 1193 2601; x_wconf 80' lang='grc' dir='ltr'>ἀνθρώποις</span> <span class='ocrx_word' id='word_1_197' title='bbox 1223 2529 1332 2583; x_wconf 91' lang='grc' dir='ltr'><strong>τῶν</strong></span> <span class='ocrx_word' id='word_1_198' title='bbox 1380 2529 1746 2601; x_wconf 76' lang='grc' dir='ltr'>σπουδαζομέ-</span> 
     </span>
    </p>
   </div>
   <div class='ocr_carea' id='block_1_27' title="bbox 166 2620 1746 2693">
    <p class='ocr_par' dir='ltr' id='par_1_27' title="bbox 166 2620 1746 2693">
     <span class='ocr_line' id='line_1_27' title="bbox 166 2620 1746 2693; baseline 0.001 -20"><span class='ocrx_word' id='word_1_199' title='bbox 166 2637 285 2673; x_wconf 87' lang='grc' dir='ltr'><strong>νων</strong></span> <span class='ocrx_word' id='word_1_200' title='bbox 320 2620 383 2673; x_wconf 86' lang='grc' dir='ltr'><strong>ού</strong></span> <span class='ocrx_word' id='word_1_201' title='bbox 434 2620 849 2688; x_wconf 75' lang='grc' dir='ltr'>συνεφάπτεται·</span> <span class='ocrx_word' id='word_1_202' title='bbox 881 2622 946 2690; x_wconf 77' lang='grc' dir='ltr'><strong>τῇ</strong></span> <span class='ocrx_word' id='word_1_203' title='bbox 986 2620 1224 2692; x_wconf 86' lang='grc' dir='ltr'>ἐμπορίᾳ</span> <span class='ocrx_word' id='word_1_204' title='bbox 1266 2622 1670 2693; x_wconf 81' lang='grc' dir='ltr'>συνεισέρχεται</span> <span class='ocrx_word' id='word_1_205' title='bbox 1712 2621 1746 2693; x_wconf 78' lang='grc' dir='ltr'>ἡ</span> 
     </span>
    </p>
   </div>
   <div class='ocr_carea' id='block_1_28' title="bbox 165 2710 1747 2784">
    <p class='ocr_par' dir='ltr' id='par_1_28' title="bbox 165 2710 1747 2784">
     <span class='ocr_line' id='line_1_28' title="bbox 165 2710 1747 2784; baseline 0.001 -21"><span class='ocrx_word' id='word_1_206' title='bbox 165 2710 478 2777; x_wconf 82' lang='grc' dir='ltr'>πλεονεξία.</span> <span class='ocrx_word' id='word_1_207' title='bbox 523 2711 807 2776; x_wconf 79' lang='grc' dir='ltr'>Πλεονεξία</span> <span class='ocrx_word' id='word_1_208' title='bbox 838 2711 893 2765; x_wconf 84' lang='grc' dir='ltr'><strong>δέ</strong></span> <span class='ocrx_word' id='word_1_209' title='bbox 925 2714 1071 2765; x_wconf 86' lang='grc' dir='ltr'>ἐστιν</span> <span class='ocrx_word' id='word_1_210' title='bbox 1101 2712 1531 2784; x_wconf 87' lang='grc' dir='ltr'>είδωλολατρεία.</span> <span class='ocrx_word' id='word_1_211' title='bbox 1562 2712 1747 2777; x_wconf 83' lang='grc' dir='ltr'>Οῦτως</span> 
     </span>
    </p>
   </div>
   <div class='ocr_carea' id='block_1_29' title="bbox 163 2802 1747 2877">
    <p class='ocr_par' dir='ltr' id='par_1_29' title="bbox 163 2802 1747 2877">
     <span class='ocr_line' id='line_1_29' title="bbox 163 2802 1747 2877; baseline 0.001 -22"><span class='ocrx_word' id='word_1_212' title='bbox 163 2803 195 2855; x_wconf 92' lang='lat'><strong>6</strong></span> <span class='ocrx_word' id='word_1_213' title='bbox 218 2803 471 2872; x_wconf 80' lang='grc' dir='ltr'>γεωργὸς</span> <span class='ocrx_word' id='word_1_214' title='bbox 499 2802 559 2855; x_wconf 86' lang='grc' dir='ltr'><strong>ού</strong></span> <span class='ocrx_word' id='word_1_215' title='bbox 588 2804 707 2866; x_wconf 82' lang='grc' dir='ltr'>ταῖς</span> <span class='ocrx_word' id='word_1_216' title='bbox 728 2802 1054 2871; x_wconf 89' lang='grc' dir='ltr'>ἀναγκαίαις</span> <span class='ocrx_word' id='word_1_217' title='bbox 1079 2802 1289 2875; x_wconf 85' lang='grc' dir='ltr'>χρείαις</span> <span class='ocrx_word' id='word_1_218' title='bbox 1318 2806 1623 2875; x_wconf 87' lang='grc' dir='ltr'>συμμετρεῖ</span> <span class='ocrx_word' id='word_1_219' title='bbox 1649 2805 1747 2877; x_wconf 81' lang='grc' dir='ltr'>τὴν</span> 
     </span>
    </p>
   </div>
   <div class='ocr_carea' id='block_1_30' title="bbox 162 2894 1748 2967">
    <p class='ocr_par' dir='ltr' id='par_1_30' title="bbox 162 2894 1748 2967">
     <span class='ocr_line' id='line_1_30' title="bbox 162 2894 1748 2967; baseline 0.001 -19"><span class='ocrx_word' id='word_1_220' title='bbox 162 2895 482 2966; x_wconf 86' lang='grc' dir='ltr'>γεωπονίαν</span> <span class='ocrx_word' id='word_1_221' title='bbox 503 2911 520 2927; x_wconf 82' lang='grc'>⁶</span> <span class='ocrx_word' id='word_1_222' title='bbox 575 2894 691 2948; x_wconf 85' lang='grc' dir='ltr'>ἀλλ’</span> <span class='ocrx_word' id='word_1_223' title='bbox 742 2894 829 2948; x_wconf 78' lang='grc' dir='ltr'><strong>ἀεὶ</strong></span> <span class='ocrx_word' id='word_1_224' title='bbox 873 2894 1007 2967; x_wconf 82' lang='grc' dir='ltr'>πρὸς</span> <span class='ocrx_word' id='word_1_225' title='bbox 1051 2896 1120 2949; x_wconf 89' lang='grc' dir='ltr'><strong>τά</strong></span> <span class='ocrx_word' id='word_1_226' title='bbox 1168 2894 1335 2947; x_wconf 91' lang='grc' dir='ltr'>πλείω</span> <span class='ocrx_word' id='word_1_227' title='bbox 1373 2894 1471 2966; x_wconf 81' lang='grc' dir='ltr'><strong>τήν</strong></span> <span class='ocrx_word' id='word_1_228' title='bbox 1513 2896 1748 2966; x_wconf 81' lang='grc' dir='ltr'>σπουδήν</span> 
     </span>
    </p>
   </div>
   <div class='ocr_carea' id='block_1_31' title="bbox 162 2987 1748 3060">
    <p class='ocr_par' dir='ltr' id='par_1_31' title="bbox 162 2987 1748 3060">
     <span class='ocr_line' id='line_1_31' title="bbox 162 2987 1748 3060; baseline -0.003 -15"><span class='ocrx_word' id='word_1_229' title='bbox 162 2989 530 3053; x_wconf 81' lang='grc' dir='ltr'>ἐπεκτείνων,</span> <span class='ocrx_word' id='word_1_230' title='bbox 563 2987 762 3060; x_wconf 81' lang='grc' dir='ltr'>πολλὴν</span> <span class='ocrx_word' id='word_1_231' title='bbox 789 2987 969 3041; x_wconf 79' lang='grc' dir='ltr'>δίδωσι</span> <span class='ocrx_word' id='word_1_232' title='bbox 990 2990 1055 3059; x_wconf 79' lang='grc' dir='ltr'><strong>τῇ</strong></span> <span class='ocrx_word' id='word_1_233' title='bbox 1080 2988 1323 3059; x_wconf 79' lang='grc' dir='ltr'>ἁμαρτίᾳ</span> <span class='ocrx_word' id='word_1_234' title='bbox 1348 2987 1442 3041; x_wconf 91' lang='grc' dir='ltr'><strong>τοῦ</strong></span> <span class='ocrx_word' id='word_1_235' title='bbox 1470 2987 1748 3057; x_wconf 88' lang='grc' dir='ltr'>ἐπιτηδεύ-</span> 
     </span>
    </p>
   </div>
   <div class='ocr_carea' id='block_1_32' title="bbox 166 3077 1746 3154">
    <p class='ocr_par' dir='ltr' id='par_1_32' title="bbox 166 3077 1746 3154">
     <span class='ocr_line' id='line_1_32' title="bbox 166 3077 1746 3154; baseline -0.003 -19"><span class='ocrx_word' id='word_1_236' title='bbox 166 3098 349 3154; x_wconf 83' lang='grc' dir='ltr'>ματος</span> <span class='ocrx_word' id='word_1_237' title='bbox 374 3080 596 3147; x_wconf 88' lang='grc' dir='ltr'>είσοδον,</span> <span class='ocrx_word' id='word_1_238' title='bbox 617 3082 728 3144; x_wconf 87' lang='grc' dir='ltr'>τοῖς</span> <span class='ocrx_word' id='word_1_239' title='bbox 747 3080 1044 3151; x_wconf 86' lang='grc' dir='ltr'>ἀλλοτρίοις</span> <span class='ocrx_word' id='word_1_240' title='bbox 1075 3078 1559 3154; x_wconf 76' lang='grc' dir='ltr'>ἐκπλατυνόμενος.</span> <span class='ocrx_word' id='word_1_241' title='bbox 1583 3077 1746 3131; x_wconf 87' lang='grc' dir='ltr'>Ὅθεν</span> 
     </span>
    </p>
   </div>
   <div class='ocr_carea' id='block_1_33' title="bbox 163 3169 1745 3244">
    <p class='ocr_par' dir='ltr' id='par_1_33' title="bbox 163 3169 1745 3244">
     <span class='ocr_line' id='line_1_33' title="bbox 163 3169 1745 3244; baseline -0.004 -15"><span class='ocrx_word' id='word_1_242' title='bbox 163 3177 223 3229; x_wconf 78' lang='grc' dir='ltr'><strong>αι</strong></span> <span class='ocrx_word' id='word_1_243' title='bbox 258 3172 684 3244; x_wconf 85' lang='grc' dir='ltr'>δυσθεράπευτοι</span> <span class='ocrx_word' id='word_1_244' title='bbox 727 3170 950 3241; x_wconf 84' lang='grc' dir='ltr'>φύονται</span> <span class='ocrx_word' id='word_1_245' title='bbox 985 3171 1323 3241; x_wconf 83' lang='grc' dir='ltr'>φιλονεικίαι,</span> <span class='ocrx_word' id='word_1_246' title='bbox 1359 3171 1487 3241; x_wconf 80' lang='grc' dir='ltr'>περὶ</span> <span class='ocrx_word' id='word_1_247' title='bbox 1511 3169 1620 3222; x_wconf 87' lang='grc' dir='ltr'><strong>τῶν</strong></span> <span class='ocrx_word' id='word_1_248' title='bbox 1648 3170 1745 3241; x_wconf 82' lang='grc' dir='ltr'>τῆς</span> 
     </span>
    </p>
   </div>
   <div class='ocr_carea' id='block_1_34' title="bbox 160 3262 1746 3338">
    <p class='ocr_par' dir='ltr' id='par_1_34' title="bbox 160 3262 1746 3338">
     <span class='ocr_line' id='line_1_34' title="bbox 160 3262 1746 3338; baseline -0.004 -16"><span class='ocrx_word' id='word_1_249' title='bbox 160 3267 280 3338; x_wconf 85' lang='grc' dir='ltr'>γῆς</span> <span class='ocrx_word' id='word_1_250' title='bbox 328 3266 471 3337; x_wconf 81' lang='grc' dir='ltr'>ὅρων</span> <span class='ocrx_word' id='word_1_251' title='bbox 513 3264 973 3336; x_wconf 83' lang='grc' dir='ltr'>άντεγειρομένων</span> <span class='ocrx_word' id='word_1_252' title='bbox 1006 3263 1283 3336; x_wconf 87' lang='grc' dir='ltr'>ἀλλήλοις,</span> <span class='ocrx_word' id='word_1_253' title='bbox 1329 3263 1439 3317; x_wconf 89' lang='grc' dir='ltr'><strong>τῶν</strong></span> <span class='ocrx_word' id='word_1_254' title='bbox 1488 3267 1554 3335; x_wconf 77' lang='grc' dir='ltr'>τῇ</span> <span class='ocrx_word' id='word_1_255' title='bbox 1584 3262 1746 3334; x_wconf 87' lang='grc' dir='ltr'>ὁμοίᾳ</span> 
     </span>
    </p>
   </div>
   <div class='ocr_carea' id='block_1_35' title="bbox 161 3354 1745 3431">
    <p class='ocr_par' dir='ltr' id='par_1_35' title="bbox 161 3354 1745 3431">
     <span class='ocr_line' id='line_1_35' title="bbox 161 3354 1745 3431; baseline -0.004 -18"><span class='ocrx_word' id='word_1_256' title='bbox 161 3360 316 3429; x_wconf 83' lang='grc' dir='ltr'>νόσῳ</span> <span class='ocrx_word' id='word_1_257' title='bbox 365 3359 464 3431; x_wconf 83' lang='grc' dir='ltr'>τῆς</span> <span class='ocrx_word' id='word_1_258' title='bbox 506 3357 817 3425; x_wconf 80' lang='grc' dir='ltr'>πλεονεξίας</span> <span class='ocrx_word' id='word_1_259' title='bbox 864 3356 1311 3429; x_wconf 77' lang='grc' dir='ltr'>κεκρατημένων.</span> <span class='ocrx_word' id='word_1_260' title='bbox 1375 3354 1651 3410; x_wconf 83' lang='grc' dir='ltr'>Ἐντεῦθεν</span> <span class='ocrx_word' id='word_1_261' title='bbox 1696 3354 1745 3408; x_wconf 87' lang='grc' dir='ltr'><strong>οί</strong></span> 
     </span>
    </p>
   </div>
   <div class='ocr_carea' id='block_1_36' title="bbox 162 3446 1745 3521">
    <p class='ocr_par' dir='ltr' id='par_1_36' title="bbox 162 3446 1745 3521">
     <span class='ocr_line' id='line_1_36' title="bbox 162 3446 1745 3521; baseline -0.003 -18"><span class='ocrx_word' id='word_1_262' title='bbox 162 3450 359 3521; x_wconf 72' lang='grc' dir='ltr'>θυμοὶ,</span> <span class='ocrx_word' id='word_1_263' title='bbox 391 3450 483 3504; x_wconf 82' lang='grc' dir='ltr'>καὶ</span> <span class='ocrx_word' id='word_1_264' title='bbox 508 3451 564 3502; x_wconf 85' lang='grc' dir='ltr'>αἱ</span> <span class='ocrx_word' id='word_1_265' title='bbox 595 3448 732 3521; x_wconf 80' lang='grc' dir='ltr'>πρὸς</span> <span class='ocrx_word' id='word_1_266' title='bbox 757 3448 818 3501; x_wconf 79' lang='grc' dir='ltr'>τὸ</span> <span class='ocrx_word' id='word_1_267' title='bbox 845 3448 1013 3503; x_wconf 85' lang='grc' dir='ltr'>κακὸν</span> <span class='ocrx_word' id='word_1_268' title='bbox 1047 3448 1235 3521; x_wconf 73' lang='grc' dir='ltr'>ὁρμαὶ,</span> <span class='ocrx_word' id='word_1_269' title='bbox 1266 3449 1360 3502; x_wconf 76' lang='grc' dir='ltr'>καὶ</span> <span class='ocrx_word' id='word_1_270' title='bbox 1392 3448 1448 3501; x_wconf 81' lang='grc' dir='ltr'>αἱ</span> <span class='ocrx_word' id='word_1_271' title='bbox 1477 3446 1745 3518; x_wconf 88' lang='grc' dir='ltr'>καταλλή-</span> 
     </span>
    </p>
   </div>
   <div class='ocr_carea' id='block_1_37' title="bbox 159 3536 1747 3611">
    <p class='ocr_par' dir='ltr' id='par_1_37' title="bbox 159 3536 1747 3611">
     <span class='ocr_line' id='line_1_37' title="bbox 159 3536 1747 3611; baseline -0.003 -17"><span class='ocrx_word' id='word_1_272' title='bbox 159 3542 285 3596; x_wconf 86' lang='grc' dir='ltr'><strong>λων</strong></span> <span class='ocrx_word' id='word_1_273' title='bbox 316 3540 709 3611; x_wconf 77' lang='grc' dir='ltr'>ἐπιχειρήσεις,</span> <span class='ocrx_word' id='word_1_274' title='bbox 752 3540 944 3610; x_wconf 84' lang='grc' dir='ltr'>αἵματι</span> <span class='ocrx_word' id='word_1_275' title='bbox 970 3538 1064 3592; x_wconf 80' lang='grc' dir='ltr'>καὶ</span> <span class='ocrx_word' id='word_1_276' title='bbox 1097 3538 1243 3609; x_wconf 85' lang='grc' dir='ltr'>φόνῳ</span> <span class='ocrx_word' id='word_1_277' title='bbox 1289 3537 1547 3601; x_wconf 84' lang='grc' dir='ltr'>πολλάκις</span> <span class='ocrx_word' id='word_1_278' title='bbox 1592 3536 1747 3590; x_wconf 86' lang='grc' dir='ltr'>καθι-</span> 
     </span>
    </p>
   </div>
   <div class='ocr_carea' id='block_1_38' title="bbox 160 3628 1745 3705">
    <p class='ocr_par' dir='ltr' id='par_1_38' title="bbox 160 3628 1745 3705">
     <span class='ocr_line' id='line_1_38' title="bbox 160 3628 1745 3705; baseline -0.004 -17"><span class='ocrx_word' id='word_1_279' title='bbox 160 3649 426 3688; x_wconf 83' lang='grc' dir='ltr'>στανται.</span> <span class='ocrx_word' id='word_1_280' title='bbox 473 3630 739 3696; x_wconf 81' lang='grc' dir='ltr'>Ὡσαύτως</span> <span class='ocrx_word' id='word_1_281' title='bbox 785 3633 841 3685; x_wconf 89' lang='grc' dir='ltr'><strong>αί</strong></span> <span class='ocrx_word' id='word_1_282' title='bbox 874 3632 1002 3705; x_wconf 76' lang='grc' dir='ltr'>περὶ</span> <span class='ocrx_word' id='word_1_283' title='bbox 1039 3632 1109 3686; x_wconf 88' lang='grc' dir='ltr'><strong>τά</strong></span> <span class='ocrx_word' id='word_1_284' title='bbox 1138 3630 1461 3702; x_wconf 88' lang='grc' dir='ltr'>δικαστήρια</span> <span class='ocrx_word' id='word_1_285' title='bbox 1500 3628 1745 3693; x_wconf 77' lang='grc' dir='ltr'>σπουδαὶ,</span> 
     </span>
    </p>
   </div>
   <div class='ocr_carea' id='block_1_39' title="bbox 157 3721 1749 3797">
    <p class='ocr_par' dir='ltr' id='par_1_39' title="bbox 157 3721 1749 3797">
     <span class='ocr_line' id='line_1_39' title="bbox 157 3721 1749 3797; baseline -0.003 -17"><span class='ocrx_word' id='word_1_286' title='bbox 157 3726 297 3787; x_wconf 76' lang='grc' dir='ltr'>ταῖς</span> <span class='ocrx_word' id='word_1_287' title='bbox 322 3723 681 3795; x_wconf 87' lang='grc' dir='ltr'>πολυτρόποις</span> <span class='ocrx_word' id='word_1_288' title='bbox 705 3723 1001 3797; x_wconf 83' lang='grc' dir='ltr'>ἁμαρτίαις</span> <span class='ocrx_word' id='word_1_289' title='bbox 1032 3721 1383 3795; x_wconf 77' lang='grc' dir='ltr'>ὑπηρετοῦσι,</span> <span class='ocrx_word' id='word_1_290' title='bbox 1417 3721 1611 3794; x_wconf 90' lang='grc' dir='ltr'>μυρίας</span> <span class='ocrx_word' id='word_1_291' title='bbox 1648 3721 1749 3791; x_wconf 81' lang='grc' dir='ltr'>τῆς</span> 
     </span>
    </p>
   </div>
   <div class='ocr_carea' id='block_1_40' title="bbox 157 3813 1749 3887">
    <p class='ocr_par' dir='ltr' id='par_1_40' title="bbox 157 3813 1749 3887">
     <span class='ocr_line' id='line_1_40' title="bbox 157 3813 1749 3887; baseline 0 -18"><span class='ocrx_word' id='word_1_292' title='bbox 157 3814 394 3879; x_wconf 85' lang='grc' dir='ltr'>ἀδικίας</span> <span class='ocrx_word' id='word_1_293' title='bbox 424 3813 749 3885; x_wconf 87' lang='grc' dir='ltr'>συνηγορίας</span> <span class='ocrx_word' id='word_1_294' title='bbox 774 3814 1143 3886; x_wconf 88' lang='grc' dir='ltr'>εύρίσκουσαι.</span> <span class='ocrx_word' id='word_1_295' title='bbox 1190 3813 1249 3868; x_wconf 88' lang='lat'><strong>&#39;0</strong></span> <span class='ocrx_word' id='word_1_296' title='bbox 1275 3813 1585 3887; x_wconf 83' lang='grc' dir='ltr'>δικαστὴςῆ</span> <span class='ocrx_word' id='word_1_297' title='bbox 1609 3814 1749 3870; x_wconf 87' lang='grc' dir='ltr'>ἐκὼν</span> 
     </span>
    </p>
   </div>
   <div class='ocr_carea' id='block_1_41' title="bbox 158 3904 1744 3979">
    <p class='ocr_par' dir='ltr' id='par_1_41' title="bbox 158 3904 1744 3979">
     <span class='ocr_line' id='line_1_41' title="bbox 158 3904 1744 3979; baseline -0.001 -19"><span class='ocrx_word' id='word_1_298' title='bbox 158 3906 316 3979; x_wconf 74' lang='grc' dir='ltr'>πρὸς</span> <span class='ocrx_word' id='word_1_299' title='bbox 348 3906 408 3959; x_wconf 76' lang='grc' dir='ltr'>τὸ</span> <span class='ocrx_word' id='word_1_300' title='bbox 454 3905 647 3977; x_wconf 86' lang='grc' dir='ltr'>λῆμμα</span> <span class='ocrx_word' id='word_1_301' title='bbox 672 3905 764 3959; x_wconf 80' lang='grc' dir='ltr'>τὸν</span> <span class='ocrx_word' id='word_1_302' title='bbox 804 3905 898 3959; x_wconf 90' lang='grc' dir='ltr'><strong>τοῦ</strong></span> <span class='ocrx_word' id='word_1_303' title='bbox 937 3905 1143 3960; x_wconf 87' lang='grc' dir='ltr'>δικαίου</span> <span class='ocrx_word' id='word_1_304' title='bbox 1174 3904 1338 3974; x_wconf 76' lang='grc' dir='ltr'>ζυγὸν</span> <span class='ocrx_word' id='word_1_305' title='bbox 1371 3906 1678 3972; x_wconf 86' lang='grc' dir='ltr'>ἀπέκλινεν,</span> <span class='ocrx_word' id='word_1_306' title='bbox 1709 3906 1744 3978; x_wconf 80' lang='grc' dir='ltr'>ἢ</span> 
     </span>
    </p>
   </div>
   <div class='ocr_carea' id='block_1_42' title="bbox 157 3992 1749 4069">
    <p class='ocr_par' dir='ltr' id='par_1_42' title="bbox 157 3992 1749 4069">
     <span class='ocr_line' id='line_1_42' title="bbox 157 3992 1749 4069; baseline 0.001 -17"><span class='ocrx_word' id='word_1_307' title='bbox 157 3997 448 4061; x_wconf 85' lang='grc' dir='ltr'>ἀκουσίως</span> <span class='ocrx_word' id='word_1_308' title='bbox 470 4000 535 4068; x_wconf 81' lang='grc' dir='ltr'><strong>τῇ</strong></span> <span class='ocrx_word' id='word_1_309' title='bbox 559 3997 848 4069; x_wconf 81' lang='grc' dir='ltr'>περιεργίᾳ</span> <span class='ocrx_word' id='word_1_310' title='bbox 876 3996 983 4051; x_wconf 87' lang='grc' dir='ltr'><strong>τῶν</strong></span> <span class='ocrx_word' id='word_1_311' title='bbox 1009 3995 1107 4068; x_wconf 81' lang='grc' dir='ltr'><strong>τὴν</strong></span> <span class='ocrx_word' id='word_1_312' title='bbox 1130 3996 1386 4065; x_wconf 88' lang='grc' dir='ltr'>ἀλήθειαν</span> <span class='ocrx_word' id='word_1_313' title='bbox 1414 3992 1749 4068; x_wconf 79' lang='grc' dir='ltr'>συγχεόντων</span> 
     </span>
    </p>
   </div>
   <div class='ocr_carea' id='block_1_43' title="bbox 158 4087 1749 4161">
    <p class='ocr_par' dir='ltr' id='par_1_43' title="bbox 158 4087 1749 4161">
     <span class='ocr_line' id='line_1_43' title="bbox 158 4087 1749 4161; baseline 0.001 -18"><span class='ocrx_word' id='word_1_314' title='bbox 158 4087 619 4161; x_wconf 76' lang='grc' dir='ltr'>παρακρουσθεὶς</span> <span class='ocrx_word' id='word_1_315' title='bbox 656 4088 753 4159; x_wconf 80' lang='grc' dir='ltr'><strong>τήν</strong></span> <span class='ocrx_word' id='word_1_316' title='bbox 790 4088 1003 4142; x_wconf 88' lang='grc' dir='ltr'>ἀδικίαν</span> <span class='ocrx_word' id='word_1_317' title='bbox 1032 4087 1322 4159; x_wconf 89' lang='grc' dir='ltr'>ἐκύρωσεν.</span> <span class='ocrx_word' id='word_1_318' title='bbox 1355 4088 1465 4143; x_wconf 76' lang='grc' dir='ltr'><strong>Καὶ</strong></span> <span class='ocrx_word' id='word_1_319' title='bbox 1496 4090 1550 4143; x_wconf 89' lang='grc' dir='ltr'><strong>τί</strong></span> <span class='ocrx_word' id='word_1_320' title='bbox 1578 4090 1643 4145; x_wconf 78' lang='grc' dir='ltr'>ἄν</span> <span class='ocrx_word' id='word_1_321' title='bbox 1667 4109 1749 4155; x_wconf 88' lang='grc' dir='ltr'><strong>τις</strong></span> 
     </span>
    </p>
   </div>
   <div class='ocr_carea' id='block_1_44' title="bbox 156 4175 1749 4252">
    <p class='ocr_par' dir='ltr' id='par_1_44' title="bbox 156 4175 1749 4252">
     <span class='ocr_line' id='line_1_44' title="bbox 156 4175 1749 4252; baseline 0.001 -19"><span class='ocrx_word' id='word_1_322' title='bbox 156 4180 237 4233; x_wconf 78' lang='grc' dir='ltr'>τὰ</span> <span class='ocrx_word' id='word_1_323' title='bbox 266 4178 393 4232; x_wconf 79' lang='grc' dir='ltr'>καθ’</span> <span class='ocrx_word' id='word_1_324' title='bbox 416 4177 645 4232; x_wconf 72' lang='grc' dir='ltr'>ἕκαστον</span> <span class='ocrx_word' id='word_1_325' title='bbox 669 4178 837 4247; x_wconf 86' lang='grc' dir='ltr'>λέγοι,</span> <span class='ocrx_word' id='word_1_326' title='bbox 870 4178 936 4231; x_wconf 86' lang='grc' dir='ltr'><strong>δι’</strong></span> <span class='ocrx_word' id='word_1_327' title='bbox 962 4175 1036 4232; x_wconf 84' lang='grc' dir='ltr'><strong>ὧν</strong></span> <span class='ocrx_word' id='word_1_328' title='bbox 1065 4180 1099 4251; x_wconf 77' lang='grc' dir='ltr'>ἡ</span> <span class='ocrx_word' id='word_1_329' title='bbox 1143 4179 1382 4252; x_wconf 83' lang='grc' dir='ltr'>ἁμαρτία</span> <span class='ocrx_word' id='word_1_330' title='bbox 1417 4179 1749 4252; x_wconf 85' lang='grc' dir='ltr'>πολυσχιδῶς</span> 
     </span>
    </p>
   </div>
   <div class='ocr_carea' id='block_1_45' title="bbox 155 4267 1747 4343">
    <p class='ocr_par' dir='ltr' id='par_1_45' title="bbox 155 4267 1747 4343">
     <span class='ocr_line' id='line_1_45' title="bbox 155 4267 1747 4343; baseline 0.003 -22"><span class='ocrx_word' id='word_1_331' title='bbox 155 4268 273 4326; x_wconf 74' lang='grc' dir='ltr'>καὶ</span> <span class='ocrx_word' id='word_1_332' title='bbox 312 4267 665 4340; x_wconf 86' lang='grc' dir='ltr'>πολυτρόπως</span> <span class='ocrx_word' id='word_1_333' title='bbox 695 4271 761 4340; x_wconf 75' lang='grc' dir='ltr'>τῇ</span> <span class='ocrx_word' id='word_1_334' title='bbox 794 4268 1107 4343; x_wconf 80' lang='grc' dir='ltr'>ἀνθρωπίνῃ</span> <span class='ocrx_word' id='word_1_335' title='bbox 1150 4269 1261 4342; x_wconf 77' lang='grc' dir='ltr'><strong>ζωῇ</strong></span> <span class='ocrx_word' id='word_1_336' title='bbox 1306 4271 1747 4343; x_wconf 87' lang='grc' dir='ltr'>καταμίγνυται;</span> 
     </span>
    </p>
   </div>
   <div class='ocr_carea' id='block_1_46' title="bbox 156 4350 1749 4435">
    <p class='ocr_par' dir='ltr' id='par_1_46' title="bbox 156 4350 1749 4435">
     <span class='ocr_line' id='line_1_46' title="bbox 156 4350 1749 4435; baseline 0.003 -24"><span class='ocrx_word' id='word_1_337' title='bbox 156 4350 287 4420; x_wconf 66' lang='grc' dir='ltr'>Ἠς</span> <span class='ocrx_word' id='word_1_338' title='bbox 317 4357 491 4411; x_wconf 75' lang='grc' dir='ltr'>αἴτιον</span> <span class='ocrx_word' id='word_1_339' title='bbox 511 4356 661 4411; x_wconf 75' lang='grc' dir='ltr'>οὐδὲν</span> <span class='ocrx_word' id='word_1_340' title='bbox 692 4357 879 4430; x_wconf 69' lang='grc' dir='ltr'>ἕτερόν</span> <span class='ocrx_word' id='word_1_341' title='bbox 901 4359 1067 4423; x_wconf 91' lang='grc' dir='ltr'>ἐστιν,</span> <span class='ocrx_word' id='word_1_342' title='bbox 1096 4358 1130 4431; x_wconf 76' lang='grc' dir='ltr'>ἦ</span> <span class='ocrx_word' id='word_1_343' title='bbox 1160 4359 1219 4413; x_wconf 78' lang='grc' dir='ltr'>τὸ</span> <span class='ocrx_word' id='word_1_344' title='bbox 1249 4360 1324 4432; x_wconf 79' lang='grc' dir='ltr'>μὴ</span> <span class='ocrx_word' id='word_1_345' title='bbox 1350 4362 1749 4435; x_wconf 84' lang='grc' dir='ltr'>συμπαραλαμ-</span> 
     </span>
    </p>
   </div>
   <div class='ocr_carea' id='block_1_47' title="bbox 154 4447 1749 4527">
    <p class='ocr_par' dir='ltr' id='par_1_47' title="bbox 154 4447 1749 4527">
     <span class='ocr_line' id='line_1_47' title="bbox 154 4447 1749 4527; baseline 0.006 -26"><span class='ocrx_word' id='word_1_346' title='bbox 154 4447 437 4507; x_wconf 72' lang='grc' dir='ltr'>δάνεσθαι</span> <span class='ocrx_word' id='word_1_347' title='bbox 480 4449 630 4521; x_wconf 87' lang='grc' dir='ltr'><strong>παρά</strong></span> <span class='ocrx_word' id='word_1_348' title='bbox 664 4449 773 4502; x_wconf 84' lang='grc' dir='ltr'><strong>τῶν</strong></span> <span class='ocrx_word' id='word_1_349' title='bbox 812 4449 1112 4521; x_wconf 85' lang='grc' dir='ltr'>ἀνθρώπων</span> <span class='ocrx_word' id='word_1_350' title='bbox 1164 4452 1263 4523; x_wconf 81' lang='grc' dir='ltr'>τὴν</span> <span class='ocrx_word' id='word_1_351' title='bbox 1294 4452 1388 4507; x_wconf 91' lang='grc' dir='ltr'><strong>τοῦ</strong></span> <span class='ocrx_word' id='word_1_352' title='bbox 1433 4453 1566 4508; x_wconf 86' lang='grc' dir='ltr'>Θεοῦ</span> <span class='ocrx_word' id='word_1_353' title='bbox 1606 4472 1749 4527; x_wconf 79' lang='grc' dir='ltr'>συμιο</span> 
     </span>
    </p>
   </div>
   <div class='ocr_carea' id='block_1_48' title="bbox 154 4540 1393 4615">
    <p class='ocr_par' dir='ltr' id='par_1_48' title="bbox 154 4540 1393 4615">
     <span class='ocr_line' id='line_1_48' title="bbox 154 4540 1393 4615; baseline 0.003 -20"><span class='ocrx_word' id='word_1_354' title='bbox 154 4540 413 4597; x_wconf 76' lang='grc' dir='ltr'>πάθειαν</span> <span class='ocrx_word' id='word_1_355' title='bbox 443 4540 577 4613; x_wconf 83' lang='grc' dir='ltr'>πρὸς</span> <span class='ocrx_word' id='word_1_356' title='bbox 613 4540 681 4594; x_wconf 83' lang='grc' dir='ltr'>τὰ</span> <span class='ocrx_word' id='word_1_357' title='bbox 706 4542 763 4594; x_wconf 91' lang='grc' dir='ltr'><strong>ἐν</strong></span> <span class='ocrx_word' id='word_1_358' title='bbox 788 4541 941 4614; x_wconf 74' lang='grc' dir='ltr'>χερσὶ</span> <span class='ocrx_word' id='word_1_359' title='bbox 969 4541 1393 4615; x_wconf 76' lang='grc' dir='ltr'>σπουδαζόμενα.</span> 
     </span>
    </p>
   </div>
   <div class='ocr_carea' id='block_1_49' title="bbox 1844 603 3408 674">
    <p class='ocr_par' dir='ltr' id='par_1_49' title="bbox 1844 603 3408 674">
     <span class='ocr_line' id='line_1_49' title="bbox 1844 603 3408 674; baseline -0.001 -18"><span class='ocrx_word' id='word_1_360' title='bbox 1844 608 1898 656; x_wconf 92' lang='lat' dir='ltr'><strong>et</strong></span> <span class='ocrx_word' id='word_1_361' title='bbox 1918 605 2224 673; x_wconf 89' lang='lat' dir='ltr'><strong>operarius,</strong></span> <span class='ocrx_word' id='word_1_362' title='bbox 2287 604 2494 674; x_wconf 88' lang='lat' dir='ltr'><strong>itaqui</strong></span> <span class='ocrx_word' id='word_1_363' title='bbox 2562 604 2779 660; x_wconf 83' lang='lat' dir='ltr'><strong>dicendi</strong></span> <span class='ocrx_word' id='word_1_364' title='bbox 2830 603 3073 661; x_wconf 89' lang='lat' dir='ltr'><strong>studium</strong></span> <span class='ocrx_word' id='word_1_365' title='bbox 3129 610 3408 666; x_wconf 88' lang='lat' dir='ltr'><strong>sectatur,</strong></span> 
     </span>
    </p>
   </div>
   <div class='ocr_carea' id='block_1_50' title="bbox 1845 687 3408 763">
    <p class='ocr_par' dir='ltr' id='par_1_50' title="bbox 1845 687 3408 763">
     <span class='ocr_line' id='line_1_50' title="bbox 1845 687 3408 763; baseline 0.002 -23"><span class='ocrx_word' id='word_1_366' title='bbox 1845 687 2153 759; x_wconf 87' lang='lat' dir='ltr'><strong>litterisque</strong></span> <span class='ocrx_word' id='word_1_367' title='bbox 2206 706 2270 746; x_wconf 91' lang='lat' dir='ltr'><strong>ac</strong></span> <span class='ocrx_word' id='word_1_368' title='bbox 2321 693 2629 763; x_wconf 74' lang='lat' dir='ltr'><strong>disciplinis</strong></span> <span class='ocrx_word' id='word_1_369' title='bbox 2676 694 2993 749; x_wconf 79' lang='lat' dir='ltr'><strong>liberalibus</strong></span> <span class='ocrx_word' id='word_1_370' title='bbox 3027 706 3246 763; x_wconf 81' lang='lat' dir='ltr'><strong>operam</strong></span> <span class='ocrx_word' id='word_1_371' title='bbox 3280 691 3408 757; x_wconf 90' lang='lat' dir='ltr'><strong>dat,</strong></span> 
     </span>
    </p>
   </div>
   <div class='ocr_carea' id='block_1_51' title="bbox 1849 782 3414 857">
    <p class='ocr_par' dir='ltr' id='par_1_51' title="bbox 1849 782 3414 857">
     <span class='ocr_line' id='line_1_51' title="bbox 1849 782 3414 857; baseline 0.001 -19"><span class='ocrx_word' id='word_1_372' title='bbox 1849 782 1925 838; x_wconf 90' lang='lat' dir='ltr'><strong>ita</strong></span> <span class='ocrx_word' id='word_1_373' title='bbox 1948 784 2188 852; x_wconf 71' lang='lat' dir='ltr'><strong>litigator</strong></span> <span class='ocrx_word' id='word_1_374' title='bbox 2214 803 2228 840; x_wconf 91' lang='lat'><strong>:</strong></span> <span class='ocrx_word' id='word_1_375' title='bbox 2256 789 2329 840; x_wconf 90' lang='lat' dir='ltr'><strong>ita</strong></span> <span class='ocrx_word' id='word_1_376' title='bbox 2358 788 2446 842; x_wconf 91' lang='lat' dir='ltr'><strong>cui</strong></span> <span class='ocrx_word' id='word_1_377' title='bbox 2468 788 2750 857; x_wconf 78' lang='lat' dir='ltr'><strong>judicantli</strong></span> <span class='ocrx_word' id='word_1_378' title='bbox 2773 803 2973 843; x_wconf 87' lang='lat' dir='ltr'><strong>munus</strong></span> <span class='ocrx_word' id='word_1_379' title='bbox 2994 787 3233 851; x_wconf 78' lang='lat' dir='ltr'><strong>obvenit,</strong></span> <span class='ocrx_word' id='word_1_380' title='bbox 3260 785 3414 854; x_wconf 86' lang='lat' dir='ltr'><strong>quis-</strong></span> 
     </span>
    </p>
   </div>
   <div class='ocr_carea' id='block_1_52' title="bbox 1844 877 3412 949">
    <p class='ocr_par' dir='ltr' id='par_1_52' title="bbox 1844 877 3412 949">
     <span class='ocr_line' id='line_1_52' title="bbox 1844 877 3412 949; baseline 0.004 -18"><span class='ocrx_word' id='word_1_381' title='bbox 1844 892 1949 947; x_wconf 91' lang='lat' dir='ltr'><strong>que</strong></span> <span class='ocrx_word' id='word_1_382' title='bbox 1986 878 2043 932; x_wconf 89' lang='lat' dir='ltr'><strong>in</strong></span> <span class='ocrx_word' id='word_1_383' title='bbox 2087 877 2162 941; x_wconf 89' lang='lat' dir='ltr'><strong>id,</strong></span> <span class='ocrx_word' id='word_1_384' title='bbox 2189 879 2332 949; x_wconf 90' lang='lat' dir='ltr'><strong>quod</strong></span> <span class='ocrx_word' id='word_1_385' title='bbox 2379 882 2433 935; x_wconf 93' lang='lat' dir='ltr'><strong>in</strong></span> <span class='ocrx_word' id='word_1_386' title='bbox 2484 882 2738 937; x_wconf 88' lang='lat' dir='ltr'><strong>manibus</strong></span> <span class='ocrx_word' id='word_1_387' title='bbox 2790 882 2974 947; x_wconf 86' lang='lat' dir='ltr'><strong>habet,</strong></span> <span class='ocrx_word' id='word_1_388' title='bbox 3030 881 3213 936; x_wconf 87' lang='lat' dir='ltr'><strong>studio</strong></span> <span class='ocrx_word' id='word_1_389' title='bbox 3258 886 3412 937; x_wconf 80' lang='lat' dir='ltr'><strong>totus</strong></span> 
     </span>
    </p>
   </div>
   <div class='ocr_carea' id='block_1_53' title="bbox 1844 967 3413 1043">
    <p class='ocr_par' dir='ltr' id='par_1_53' title="bbox 1844 967 3413 1043">
     <span class='ocr_line' id='line_1_53' title="bbox 1844 967 3413 1043; baseline 0.002 -22"><span class='ocrx_word' id='word_1_390' title='bbox 1844 967 2169 1025; x_wconf 89' lang='lat' dir='ltr'><strong>incumbens</strong></span> <span class='ocrx_word' id='word_1_391' title='bbox 2215 972 2562 1027; x_wconf 83' lang='lat' dir='ltr'><strong>obliviscitur</strong></span> <span class='ocrx_word' id='word_1_392' title='bbox 2590 987 2809 1043; x_wconf 84' lang='lat' dir='ltr'><strong>Operam</strong></span> <span class='ocrx_word' id='word_1_393' title='bbox 2846 973 2977 1028; x_wconf 89' lang='lat' dir='ltr'><strong>dare</strong></span> <span class='ocrx_word' id='word_1_394' title='bbox 3025 971 3281 1037; x_wconf 85' lang='lat' dir='ltr'><strong>orationi,</strong></span> <span class='ocrx_word' id='word_1_395' title='bbox 3313 970 3413 1025; x_wconf 82' lang='lat' dir='ltr'><strong>da-</strong></span> 
     </span>
    </p>
   </div>
   <div class='ocr_carea' id='block_1_54' title="bbox 1843 1060 3411 1133">
    <p class='ocr_par' dir='ltr' id='par_1_54' title="bbox 1843 1060 3411 1133">
     <span class='ocr_line' id='line_1_54' title="bbox 1843 1060 3411 1133; baseline 0.004 -22"><span class='ocrx_word' id='word_1_396' title='bbox 1843 1073 2096 1114; x_wconf 89' lang='lat' dir='ltr'><strong>mnosum</strong></span> <span class='ocrx_word' id='word_1_397' title='bbox 2132 1060 2200 1115; x_wconf 92' lang='lat' dir='ltr'><strong>ad</strong></span> <span class='ocrx_word' id='word_1_398' title='bbox 2230 1077 2342 1117; x_wconf 89' lang='lat' dir='ltr'><strong>rem</strong></span> <span class='ocrx_word' id='word_1_399' title='bbox 2375 1063 2705 1133; x_wconf 83' lang='lat' dir='ltr'><strong>propositam</strong></span> <span class='ocrx_word' id='word_1_400' title='bbox 2745 1064 2848 1119; x_wconf 90' lang='lat' dir='ltr'><strong>sibi</strong></span> <span class='ocrx_word' id='word_1_401' title='bbox 2901 1064 3127 1127; x_wconf 89' lang='lat' dir='ltr'><strong>ducens,</strong></span> <span class='ocrx_word' id='word_1_402' title='bbox 3162 1064 3208 1118; x_wconf 89' lang='lat' dir='ltr'><strong>si</strong></span> <span class='ocrx_word' id='word_1_403' title='bbox 3263 1066 3411 1118; x_wconf 87' lang='lat' dir='ltr'><strong>circa</strong></span> 
     </span>
    </p>
   </div>
   <div class='ocr_carea' id='block_1_55' title="bbox 1845 1147 3418 1225">
    <p class='ocr_par' dir='ltr' id='par_1_55' title="bbox 1845 1147 3418 1225">
     <span class='ocr_line' id='line_1_55' title="bbox 1845 1147 3418 1225; baseline 0.004 -23"><span class='ocrx_word' id='word_1_404' title='bbox 1845 1147 2013 1204; x_wconf 91' lang='lat' dir='ltr'><strong>Deum</strong></span> <span class='ocrx_word' id='word_1_405' title='bbox 2046 1161 2351 1222; x_wconf 89' lang='lat' dir='ltr'><strong>occupatus</strong></span> <span class='ocrx_word' id='word_1_406' title='bbox 2383 1154 2476 1208; x_wconf 91' lang='lat' dir='ltr'><strong>sit.</strong></span> <span class='ocrx_word' id='word_1_407' title='bbox 2500 1153 2633 1207; x_wconf 82' lang='lat' dir='ltr'><strong>Nam</strong></span> <span class='ocrx_word' id='word_1_408' title='bbox 2675 1155 2767 1225; x_wconf 91' lang='lat' dir='ltr'><strong>qui</strong></span> <span class='ocrx_word' id='word_1_409' title='bbox 2803 1164 2976 1209; x_wconf 86' lang='lat' dir='ltr'><strong>artem</strong></span> <span class='ocrx_word' id='word_1_410' title='bbox 3011 1155 3229 1225; x_wconf 90' lang='lat' dir='ltr'><strong>quidem</strong></span> <span class='ocrx_word' id='word_1_411' title='bbox 3255 1170 3418 1209; x_wconf 42' lang='lat' dir='ltr'><strong>exers</strong></span> 
     </span>
    </p>
   </div>
   <div class='ocr_carea' id='block_1_56' title="bbox 1845 1243 3565 1317">
    <p class='ocr_par' dir='ltr' id='par_1_56' title="bbox 1845 1243 3565 1317">
     <span class='ocr_line' id='line_1_56' title="bbox 1845 1243 3565 1317; baseline 0.003 -21"><span class='ocrx_word' id='word_1_412' title='bbox 1845 1250 1951 1307; x_wconf 92' lang='lat' dir='ltr'><strong>cet,</strong></span> <span class='ocrx_word' id='word_1_413' title='bbox 1985 1243 2230 1298; x_wconf 88' lang='lat' dir='ltr'><strong>inutilem</strong></span> <span class='ocrx_word' id='word_1_414' title='bbox 2266 1245 2559 1315; x_wconf 85' lang='lat' dir='ltr'><strong>quamdam</strong></span> <span class='ocrx_word' id='word_1_415' title='bbox 2590 1253 2644 1301; x_wconf 91' lang='lat' dir='ltr'><strong>et</strong></span> <span class='ocrx_word' id='word_1_416' title='bbox 2670 1246 2997 1301; x_wconf 82' lang='lat' dir='ltr'><strong>ineliicacem</strong></span> <span class='ocrx_word' id='word_1_417' title='bbox 3038 1262 3152 1302; x_wconf 86' lang='lat' dir='ltr'><strong>rem</strong></span> <span class='ocrx_word' id='word_1_418' title='bbox 3193 1246 3260 1300; x_wconf 87' lang='lat' dir='ltr'><strong>ad</strong></span> <span class='ocrx_word' id='word_1_419' title='bbox 3286 1262 3414 1317; x_wconf 81' lang='lat' dir='ltr'><strong>pro-</strong></span> 
     </span>
    </p>
   </div>
   <div class='ocr_carea' id='block_1_57' title="bbox 1844 1329 3413 1408">
    <p class='ocr_par' dir='ltr' id='par_1_57' title="bbox 1844 1329 3413 1408">
     <span class='ocr_line' id='line_1_57' title="bbox 1844 1329 3413 1408; baseline 0.002 -20"><span class='ocrx_word' id='word_1_420' title='bbox 1844 1334 2082 1404; x_wconf 88' lang='lat' dir='ltr'><strong>positum</strong></span> <span class='ocrx_word' id='word_1_421' title='bbox 2111 1350 2275 1405; x_wconf 88' lang='lat' dir='ltr'><strong>opus,</strong></span> <span class='ocrx_word' id='word_1_422' title='bbox 2294 1329 2539 1391; x_wconf 87' lang='lat' dir='ltr'><strong>divinutn</strong></span> <span class='ocrx_word' id='word_1_423' title='bbox 2562 1339 2827 1393; x_wconf 78' lang='lat' dir='ltr'><strong>auxilium</strong></span> <span class='ocrx_word' id='word_1_424' title='bbox 2854 1353 2974 1393; x_wconf 91' lang='lat' dir='ltr'><strong>esse</strong></span> <span class='ocrx_word' id='word_1_425' title='bbox 2998 1346 3179 1408; x_wconf 89' lang='lat' dir='ltr'><strong>putat;</strong></span> <span class='ocrx_word' id='word_1_426' title='bbox 3204 1338 3413 1392; x_wconf 89' lang='lat' dir='ltr'><strong>idcirco</strong></span> 
     </span>
    </p>
   </div>
   <div class='ocr_carea' id='block_1_58' title="bbox 1845 1428 3414 1500">
    <p class='ocr_par' dir='ltr' id='par_1_58' title="bbox 1845 1428 3414 1500">
     <span class='ocr_line' id='line_1_58' title="bbox 1845 1428 3414 1500; baseline 0.002 -19"><span class='ocrx_word' id='word_1_427' title='bbox 1845 1428 2050 1482; x_wconf 90' lang='lat' dir='ltr'><strong>omissa</strong></span> <span class='ocrx_word' id='word_1_428' title='bbox 2082 1430 2351 1492; x_wconf 90' lang='lat' dir='ltr'><strong>oratione,</strong></span> <span class='ocrx_word' id='word_1_429' title='bbox 2392 1429 2450 1484; x_wconf 91' lang='lat' dir='ltr'><strong>in</strong></span> <span class='ocrx_word' id='word_1_430' title='bbox 2498 1430 2753 1485; x_wconf 89' lang='lat' dir='ltr'><strong>manibus</strong></span> <span class='ocrx_word' id='word_1_431' title='bbox 2782 1446 2932 1500; x_wconf 84' lang='lat' dir='ltr'><strong>spem</strong></span> <span class='ocrx_word' id='word_1_432' title='bbox 2988 1431 3160 1500; x_wconf 88' lang='lat' dir='ltr'><strong>ponit,</strong></span> <span class='ocrx_word' id='word_1_433' title='bbox 3208 1430 3414 1484; x_wconf 88' lang='lat' dir='ltr'><strong>oblitus</strong></span> 
     </span>
    </p>
   </div>
   <div class='ocr_carea' id='block_1_59' title="bbox 1846 1519 3411 1590">
    <p class='ocr_par' dir='ltr' id='par_1_59' title="bbox 1846 1519 3411 1590">
     <span class='ocr_line' id='line_1_59' title="bbox 1846 1519 3411 1590; baseline 0.002 -17"><span class='ocrx_word' id='word_1_434' title='bbox 1846 1519 2063 1574; x_wconf 83' lang='lat' dir='ltr'><strong>interim</strong></span> <span class='ocrx_word' id='word_1_435' title='bbox 2104 1519 2244 1590; x_wconf 88' lang='lat' dir='ltr'><strong>ejus,</strong></span> <span class='ocrx_word' id='word_1_436' title='bbox 2278 1520 2369 1590; x_wconf 91' lang='lat' dir='ltr'><strong>qui</strong></span> <span class='ocrx_word' id='word_1_437' title='bbox 2398 1535 2593 1576; x_wconf 88' lang='lat' dir='ltr'><strong>manus</strong></span> <span class='ocrx_word' id='word_1_438' title='bbox 2619 1521 2789 1577; x_wconf 87' lang='lat' dir='ltr'><strong>dedit.</strong></span> <span class='ocrx_word' id='word_1_439' title='bbox 2813 1520 3076 1577; x_wconf 89' lang='lat' dir='ltr'><strong>Similiter</strong></span> <span class='ocrx_word' id='word_1_440' title='bbox 3107 1522 3269 1576; x_wconf 88' lang='lat' dir='ltr'><strong>etiam</strong></span> <span class='ocrx_word' id='word_1_441' title='bbox 3300 1521 3411 1585; x_wconf 88' lang='lat' dir='ltr'><strong>ille,</strong></span> 
     </span>
    </p>
   </div>
   <div class='ocr_carea' id='block_1_60' title="bbox 1847 1611 3412 1685">
    <p class='ocr_par' dir='ltr' id='par_1_60' title="bbox 1847 1611 3412 1685">
     <span class='ocr_line' id='line_1_60' title="bbox 1847 1611 3412 1685; baseline 0.001 -20"><span class='ocrx_word' id='word_1_442' title='bbox 1847 1611 1940 1681; x_wconf 85' lang='lat' dir='ltr'><strong>qui</strong></span> <span class='ocrx_word' id='word_1_443' title='bbox 2002 1611 2248 1666; x_wconf 89' lang='lat' dir='ltr'><strong>adhibita</strong></span> <span class='ocrx_word' id='word_1_444' title='bbox 2288 1626 2443 1678; x_wconf 89' lang='lat' dir='ltr'><strong>cura,</strong></span> <span class='ocrx_word' id='word_1_445' title='bbox 2487 1612 2787 1668; x_wconf 92' lang='lat' dir='ltr'><strong>orationem</strong></span> <span class='ocrx_word' id='word_1_446' title='bbox 2823 1614 3037 1685; x_wconf 78' lang='lat' dir='ltr'><strong>egregie</strong></span> <span class='ocrx_word' id='word_1_447' title='bbox 3088 1614 3412 1683; x_wconf 91' lang='lat' dir='ltr'><strong>componit,</strong></span> 
     </span>
    </p>
   </div>
   <div class='ocr_carea' id='block_1_61' title="bbox 1846 1703 3414 1775">
    <p class='ocr_par' dir='ltr' id='par_1_61' title="bbox 1846 1703 3414 1775">
     <span class='ocr_line' id='line_1_61' title="bbox 1846 1703 3414 1775; baseline 0.001 -18"><span class='ocrx_word' id='word_1_448' title='bbox 1846 1718 1955 1757; x_wconf 91' lang='lat' dir='ltr'><strong>non</strong></span> <span class='ocrx_word' id='word_1_449' title='bbox 1987 1704 2195 1773; x_wconf 89' lang='lat' dir='ltr'><strong>cogitat</strong></span> <span class='ocrx_word' id='word_1_450' title='bbox 2223 1703 2291 1759; x_wconf 91' lang='lat' dir='ltr'><strong>de</strong></span> <span class='ocrx_word' id='word_1_451' title='bbox 2339 1718 2425 1771; x_wconf 92' lang='lat' dir='ltr'><strong>eo,</strong></span> <span class='ocrx_word' id='word_1_452' title='bbox 2450 1705 2541 1775; x_wconf 90' lang='lat' dir='ltr'><strong>qui</strong></span> <span class='ocrx_word' id='word_1_453' title='bbox 2572 1704 2675 1761; x_wconf 88' lang='lat' dir='ltr'><strong>sibi</strong></span> <span class='ocrx_word' id='word_1_454' title='bbox 2728 1705 3030 1760; x_wconf 88' lang='lat' dir='ltr'><strong>orationem</strong></span> <span class='ocrx_word' id='word_1_455' title='bbox 3072 1705 3259 1759; x_wconf 89' lang='lat' dir='ltr'><strong>dedit:</strong></span> <span class='ocrx_word' id='word_1_456' title='bbox 3316 1704 3414 1762; x_wconf 82' lang='lat' dir='ltr'><strong>sed</strong></span> 
     </span>
    </p>
   </div>
   <div class='ocr_carea' id='block_1_62' title="bbox 1846 1794 3416 1866">
    <p class='ocr_par' dir='ltr' id='par_1_62' title="bbox 1846 1794 3416 1866">
     <span class='ocr_line' id='line_1_62' title="bbox 1846 1794 3416 1866; baseline 0.003 -19"><span class='ocrx_word' id='word_1_457' title='bbox 1846 1794 2004 1865; x_wconf 88' lang='lat' dir='ltr'><strong>quasi</strong></span> <span class='ocrx_word' id='word_1_458' title='bbox 2032 1795 2271 1865; x_wconf 89' lang='lat' dir='ltr'><strong>seipsum</strong></span> <span class='ocrx_word' id='word_1_459' title='bbox 2321 1796 2377 1850; x_wconf 92' lang='lat' dir='ltr'><strong>in</strong></span> <span class='ocrx_word' id='word_1_460' title='bbox 2434 1795 2577 1851; x_wconf 85' lang='lat' dir='ltr'><strong>hanc</strong></span> <span class='ocrx_word' id='word_1_461' title='bbox 2630 1807 2879 1851; x_wconf 92' lang='lat' dir='ltr'><strong>naturam</strong></span> <span class='ocrx_word' id='word_1_462' title='bbox 2944 1797 3280 1866; x_wconf 79' lang='lat' dir='ltr'><strong>produxerit,</strong></span> <span class='ocrx_word' id='word_1_463' title='bbox 3337 1798 3416 1852; x_wconf 91' lang='lat' dir='ltr'><strong>ita</strong></span> 
     </span>
    </p>
   </div>
   <div class='ocr_carea' id='block_1_63' title="bbox 1850 1886 3412 1958">
    <p class='ocr_par' dir='ltr' id='par_1_63' title="bbox 1850 1886 3412 1958">
     <span class='ocr_line' id='line_1_63' title="bbox 1850 1886 3412 1958; baseline 0 -16"><span class='ocrx_word' id='word_1_464' title='bbox 1850 1886 1963 1942; x_wconf 91' lang='lat' dir='ltr'><strong>suis</strong></span> <span class='ocrx_word' id='word_1_465' title='bbox 1987 1901 2322 1958; x_wconf 90' lang='lat' dir='ltr'><strong>suorumque</strong></span> <span class='ocrx_word' id='word_1_466' title='bbox 2352 1887 2749 1958; x_wconf 87' lang='lat' dir='ltr'><strong>discipulorum</strong></span> <span class='ocrx_word' id='word_1_467' title='bbox 2777 1888 2974 1943; x_wconf 90' lang='lat' dir='ltr'><strong>studiis</strong></span> <span class='ocrx_word' id='word_1_468' title='bbox 3022 1886 3266 1944; x_wconf 76' lang='lat' dir='ltr'><strong>intentus</strong></span> <span class='ocrx_word' id='word_1_469' title='bbox 3304 1896 3412 1952; x_wconf 90' lang='lat' dir='ltr'><strong>est,</strong></span> 
     </span>
    </p>
   </div>
   <div class='ocr_carea' id='block_1_64' title="bbox 1850 1978 3413 2036">
    <p class='ocr_par' dir='ltr' id='par_1_64' title="bbox 1850 1978 3413 2036">
     <span class='ocr_line' id='line_1_64' title="bbox 1850 1978 3413 2036; baseline 0.002 -4"><span class='ocrx_word' id='word_1_470' title='bbox 1850 1992 1913 2032; x_wconf 91' lang='lat' dir='ltr'><strong>ac</strong></span> <span class='ocrx_word' id='word_1_471' title='bbox 1946 1978 2083 2032; x_wconf 88' lang='lat' dir='ltr'><strong>nihil</strong></span> <span class='ocrx_word' id='word_1_472' title='bbox 2112 1978 2217 2035; x_wconf 90' lang='lat' dir='ltr'><strong>sibi</strong></span> <span class='ocrx_word' id='word_1_473' title='bbox 2256 1979 2326 2034; x_wconf 90' lang='lat' dir='ltr'><strong>ab</strong></span> <span class='ocrx_word' id='word_1_474' title='bbox 2359 1980 2563 2035; x_wconf 89' lang='lat' dir='ltr'><strong>auxilio</strong></span> <span class='ocrx_word' id='word_1_475' title='bbox 2598 1980 2692 2035; x_wconf 89' lang='lat' dir='ltr'><strong>Dei</strong></span> <span class='ocrx_word' id='word_1_476' title='bbox 2726 1980 2991 2034; x_wconf 85' lang='lat' dir='ltr'><strong>bonorum</strong></span> <span class='ocrx_word' id='word_1_477' title='bbox 3050 1982 3413 2036; x_wconf 82' lang='lat' dir='ltr'><strong>obventurum</strong></span> 
     </span>
    </p>
   </div>
   <div class='ocr_carea' id='block_1_65' title="bbox 1848 2069 3415 2141">
    <p class='ocr_par' dir='ltr' id='par_1_65' title="bbox 1848 2069 3415 2141">
     <span class='ocr_line' id='line_1_65' title="bbox 1848 2069 3415 2141; baseline 0.001 -16"><span class='ocrx_word' id='word_1_478' title='bbox 1848 2083 1971 2125; x_wconf 91' lang='lat' dir='ltr'><strong>esse</strong></span> <span class='ocrx_word' id='word_1_479' title='bbox 2001 2069 2345 2135; x_wconf 86' lang='lat' dir='ltr'><strong>existimans,</strong></span> <span class='ocrx_word' id='word_1_480' title='bbox 2372 2070 2611 2126; x_wconf 89' lang='lat' dir='ltr'><strong>studium</strong></span> <span class='ocrx_word' id='word_1_481' title='bbox 2632 2071 2879 2126; x_wconf 89' lang='lat' dir='ltr'><strong>oratione</strong></span> <span class='ocrx_word' id='word_1_482' title='bbox 2906 2072 3265 2141; x_wconf 69' lang='lat' dir='ltr'><strong>praestabilius</strong></span> <span class='ocrx_word' id='word_1_483' title='bbox 3293 2085 3415 2127; x_wconf 81' lang='lat' dir='ltr'><strong>esse</strong></span> 
     </span>
    </p>
   </div>
   <div class='ocr_carea' id='block_1_66' title="bbox 1848 2163 3413 2236">
    <p class='ocr_par' dir='ltr' id='par_1_66' title="bbox 1848 2163 3413 2236">
     <span class='ocr_line' id='line_1_66' title="bbox 1848 2163 3413 2236; baseline -0.001 -17"><span class='ocrx_word' id='word_1_484' title='bbox 1848 2163 2019 2220; x_wconf 90' lang='lat' dir='ltr'><strong>ducit.</strong></span> <span class='ocrx_word' id='word_1_485' title='bbox 2054 2164 2135 2220; x_wconf 88' lang='lat' dir='ltr'><strong>Ad</strong></span> <span class='ocrx_word' id='word_1_486' title='bbox 2169 2164 2419 2220; x_wconf 88' lang='lat' dir='ltr'><strong>eumdem</strong></span> <span class='ocrx_word' id='word_1_487' title='bbox 2456 2164 2676 2220; x_wconf 92' lang='lat' dir='ltr'><strong>modum</strong></span> <span class='ocrx_word' id='word_1_488' title='bbox 2732 2165 2897 2220; x_wconf 90' lang='lat' dir='ltr'><strong>etiam</strong></span> <span class='ocrx_word' id='word_1_489' title='bbox 2945 2165 3149 2236; x_wconf 87' lang='lat' dir='ltr'><strong>reliqua</strong></span> <span class='ocrx_word' id='word_1_490' title='bbox 3208 2165 3413 2230; x_wconf 90' lang='lat' dir='ltr'><strong>studia,</strong></span> 
     </span>
    </p>
   </div>
   <div class='ocr_carea' id='block_1_67' title="bbox 1848 2254 3416 2327">
    <p class='ocr_par' dir='ltr' id='par_1_67' title="bbox 1848 2254 3416 2327">
     <span class='ocr_line' id='line_1_67' title="bbox 1848 2254 3416 2327; baseline 0.001 -18"><span class='ocrx_word' id='word_1_491' title='bbox 1848 2254 2046 2319; x_wconf 78' lang='lat' dir='ltr'><strong>ollicia,</strong></span> <span class='ocrx_word' id='word_1_492' title='bbox 2092 2262 2258 2327; x_wconf 89' lang='lat' dir='ltr'><strong>atque</strong></span> <span class='ocrx_word' id='word_1_493' title='bbox 2290 2256 2549 2311; x_wconf 88' lang='lat' dir='ltr'><strong>exercitia</strong></span> <span class='ocrx_word' id='word_1_494' title='bbox 2593 2256 2737 2319; x_wconf 64' lang='lat' dir='ltr'><strong>vitae,</strong></span> <span class='ocrx_word' id='word_1_495' title='bbox 2768 2271 2899 2310; x_wconf 92' lang='lat' dir='ltr'><strong>cura</strong></span> <span class='ocrx_word' id='word_1_496' title='bbox 2931 2255 3299 2326; x_wconf 90' lang='lat' dir='ltr'><strong>corporalium</strong></span> <span class='ocrx_word' id='word_1_497' title='bbox 3350 2270 3416 2311; x_wconf 89' lang='lat' dir='ltr'><strong>ac</strong></span> 
     </span>
    </p>
   </div>
   <div class='ocr_carea' id='block_1_68' title="bbox 1850 2348 3417 2417">
    <p class='ocr_par' dir='ltr' id='par_1_68' title="bbox 1850 2348 3417 2417">
     <span class='ocr_line' id='line_1_68' title="bbox 1850 2348 3417 2417; baseline 0.002 -16"><span class='ocrx_word' id='word_1_498' title='bbox 1850 2356 2191 2403; x_wconf 88' lang='lat' dir='ltr'><strong>terrenarunt</strong></span> <span class='ocrx_word' id='word_1_499' title='bbox 2224 2362 2430 2413; x_wconf 91' lang='lat' dir='ltr'><strong>rerum,</strong></span> <span class='ocrx_word' id='word_1_500' title='bbox 2478 2348 2891 2417; x_wconf 89' lang='lat' dir='ltr'><strong>occupationem</strong></span> <span class='ocrx_word' id='word_1_501' title='bbox 2923 2348 3089 2402; x_wconf 84' lang='lat' dir='ltr'><strong>animi</strong></span> <span class='ocrx_word' id='word_1_502' title='bbox 3139 2349 3285 2403; x_wconf 89' lang='lat' dir='ltr'><strong>circa</strong></span> <span class='ocrx_word' id='word_1_503' title='bbox 3326 2364 3417 2404; x_wconf 87' lang='lat' dir='ltr'><strong>res</strong></span> 
     </span>
    </p>
   </div>
   <div class='ocr_carea' id='block_1_69' title="bbox 1847 2439 3416 2511">
    <p class='ocr_par' dir='ltr' id='par_1_69' title="bbox 1847 2439 3416 2511">
     <span class='ocr_line' id='line_1_69' title="bbox 1847 2439 3416 2511; baseline 0 -16"><span class='ocrx_word' id='word_1_504' title='bbox 1847 2439 2082 2508; x_wconf 85' lang='lat' dir='ltr'><strong>majores</strong></span> <span class='ocrx_word' id='word_1_505' title='bbox 2139 2448 2305 2511; x_wconf 88' lang='lat' dir='ltr'><strong>atque</strong></span> <span class='ocrx_word' id='word_1_506' title='bbox 2349 2439 2605 2495; x_wconf 66' lang='lat' dir='ltr'><strong>caelestes</strong></span> <span class='ocrx_word' id='word_1_507' title='bbox 2652 2448 2954 2494; x_wconf 81' lang='lat' dir='ltr'><strong>excernunt</strong></span> <span class='ocrx_word' id='word_1_508' title='bbox 3014 2447 3067 2493; x_wconf 91' lang='lat' dir='ltr'><strong>et</strong></span> <span class='ocrx_word' id='word_1_509' title='bbox 3116 2440 3416 2509; x_wconf 81' lang='lat' dir='ltr'><strong>expellunt.</strong></span> 
     </span>
    </p>
   </div>
   <div class='ocr_carea' id='block_1_70' title="bbox 1846 2528 3421 2599">
    <p class='ocr_par' dir='ltr' id='par_1_70' title="bbox 1846 2528 3421 2599">
     <span class='ocr_line' id='line_1_70' title="bbox 1846 2528 3421 2599; baseline 0 -15"><span class='ocrx_word' id='word_1_510' title='bbox 1846 2528 2055 2585; x_wconf 82' lang='lat' dir='ltr'><strong>idcirco</strong></span> <span class='ocrx_word' id='word_1_511' title='bbox 2096 2528 2337 2583; x_wconf 89' lang='lat' dir='ltr'><strong>abundat</strong></span> <span class='ocrx_word' id='word_1_512' title='bbox 2391 2529 2449 2583; x_wconf 92' lang='lat' dir='ltr'><strong>in</strong></span> <span class='ocrx_word' id='word_1_513' title='bbox 2503 2528 2612 2582; x_wconf 88' lang='lat' dir='ltr'><strong>vita</strong></span> <span class='ocrx_word' id='word_1_514' title='bbox 2670 2536 2958 2599; x_wconf 89' lang='lat' dir='ltr'><strong>peccatum</strong></span> <span class='ocrx_word' id='word_1_515' title='bbox 3012 2528 3421 2598; x_wconf 78' lang='lat' dir='ltr'><strong>adjectionibus</strong></span> 
     </span>
    </p>
   </div>
   <div class='ocr_carea' id='block_1_71' title="bbox 1847 2617 3417 2690">
    <p class='ocr_par' dir='ltr' id='par_1_71' title="bbox 1847 2617 3417 2690">
     <span class='ocr_line' id='line_1_71' title="bbox 1847 2617 3417 2690; baseline 0.002 -15"><span class='ocrx_word' id='word_1_516' title='bbox 1847 2635 2061 2690; x_wconf 89' lang='lat' dir='ltr'><strong>semper</strong></span> <span class='ocrx_word' id='word_1_517' title='bbox 2092 2619 2147 2675; x_wconf 88' lang='lat' dir='ltr'><strong>in</strong></span> <span class='ocrx_word' id='word_1_518' title='bbox 2194 2619 2372 2689; x_wconf 84' lang='lat' dir='ltr'><strong>majus</strong></span> <span class='ocrx_word' id='word_1_519' title='bbox 2404 2617 2727 2689; x_wconf 78' lang='lat' dir='ltr'><strong>augescens,</strong></span> <span class='ocrx_word' id='word_1_520' title='bbox 2784 2628 2837 2674; x_wconf 89' lang='lat' dir='ltr'><strong>et</strong></span> <span class='ocrx_word' id='word_1_521' title='bbox 2869 2620 3123 2675; x_wconf 84' lang='lat' dir='ltr'><strong>omnibus</strong></span> <span class='ocrx_word' id='word_1_522' title='bbox 3159 2620 3417 2678; x_wconf 88' lang='lat' dir='ltr'><strong>humanis</strong></span> 
     </span>
    </p>
   </div>
   <div class='ocr_carea' id='block_1_72' title="bbox 1847 2711 3421 2783">
    <p class='ocr_par' dir='ltr' id='par_1_72' title="bbox 1847 2711 3421 2783">
     <span class='ocr_line' id='line_1_72' title="bbox 1847 2711 3421 2783; baseline -0.001 -16"><span class='ocrx_word' id='word_1_523' title='bbox 1847 2712 2044 2768; x_wconf 89' lang='lat' dir='ltr'><strong>studiis</strong></span> <span class='ocrx_word' id='word_1_524' title='bbox 2105 2712 2478 2783; x_wconf 87' lang='lat' dir='ltr'><strong>implicatum.</strong></span> <span class='ocrx_word' id='word_1_525' title='bbox 2543 2711 2799 2781; x_wconf 88' lang='lat' dir='ltr'><strong>quoniam</strong></span> <span class='ocrx_word' id='word_1_526' title='bbox 2852 2712 3054 2767; x_wconf 92' lang='lat' dir='ltr'><strong>oblivio</strong></span> <span class='ocrx_word' id='word_1_527' title='bbox 3107 2712 3200 2766; x_wconf 88' lang='lat' dir='ltr'><strong>Dei</strong></span> <span class='ocrx_word' id='word_1_528' title='bbox 3270 2720 3421 2768; x_wconf 88' lang='lat' dir='ltr'><strong>tenet</strong></span> 
     </span>
    </p>
   </div>
   <div class='ocr_carea' id='block_1_73' title="bbox 1846 2803 3419 2869">
    <p class='ocr_par' dir='ltr' id='par_1_73' title="bbox 1846 2803 3419 2869">
     <span class='ocr_line' id='line_1_73' title="bbox 1846 2803 3419 2869; baseline 0 -12"><span class='ocrx_word' id='word_1_529' title='bbox 1846 2819 2055 2869; x_wconf 90' lang='lat' dir='ltr'><strong>omnes,</strong></span> <span class='ocrx_word' id='word_1_530' title='bbox 2088 2812 2141 2859; x_wconf 91' lang='lat' dir='ltr'><strong>et</strong></span> <span class='ocrx_word' id='word_1_531' title='bbox 2164 2804 2433 2860; x_wconf 88' lang='lat' dir='ltr'><strong>orationis</strong></span> <span class='ocrx_word' id='word_1_532' title='bbox 2460 2803 2664 2858; x_wconf 90' lang='lat' dir='ltr'><strong>bonum</strong></span> <span class='ocrx_word' id='word_1_533' title='bbox 2704 2804 2871 2859; x_wconf 88' lang='lat' dir='ltr'><strong>rebus</strong></span> <span class='ocrx_word' id='word_1_534' title='bbox 2912 2804 3074 2859; x_wconf 89' lang='lat' dir='ltr'><strong>seriis</strong></span> <span class='ocrx_word' id='word_1_535' title='bbox 3118 2804 3187 2858; x_wconf 91' lang='lat' dir='ltr'><strong>ab</strong></span> <span class='ocrx_word' id='word_1_536' title='bbox 3241 2803 3419 2858; x_wconf 85' lang='lat' dir='ltr'><strong>homi-</strong></span> 
     </span>
    </p>
   </div>
   <div class='ocr_carea' id='block_1_74' title="bbox 1848 2895 3421 2965">
    <p class='ocr_par' dir='ltr' id='par_1_74' title="bbox 1848 2895 3421 2965">
     <span class='ocr_line' id='line_1_74' title="bbox 1848 2895 3421 2965; baseline -0.001 -13"><span class='ocrx_word' id='word_1_537' title='bbox 1848 2898 2013 2953; x_wconf 89' lang='lat' dir='ltr'><strong>nibus</strong></span> <span class='ocrx_word' id='word_1_538' title='bbox 2047 2912 2155 2951; x_wconf 92' lang='lat' dir='ltr'><strong>non</strong></span> <span class='ocrx_word' id='word_1_539' title='bbox 2191 2897 2356 2953; x_wconf 84' lang='lat' dir='ltr'><strong>simul</strong></span> <span class='ocrx_word' id='word_1_540' title='bbox 2382 2896 2693 2954; x_wconf 91' lang='lat' dir='ltr'><strong>adhibetur.</strong></span> <span class='ocrx_word' id='word_1_541' title='bbox 2723 2895 2841 2951; x_wconf 91' lang='lat' dir='ltr'><strong>Una</strong></span> <span class='ocrx_word' id='word_1_542' title='bbox 2890 2912 3013 2951; x_wconf 91' lang='lat' dir='ltr'><strong>cum</strong></span> <span class='ocrx_word' id='word_1_543' title='bbox 3051 2896 3421 2965; x_wconf 84' lang='lat' dir='ltr'><strong>negotiatione</strong></span> 
     </span>
    </p>
   </div>
   <div class='ocr_carea' id='block_1_75' title="bbox 1847 2984 3415 3059">
    <p class='ocr_par' dir='ltr' id='par_1_75' title="bbox 1847 2984 3415 3059">
     <span class='ocr_line' id='line_1_75' title="bbox 1847 2984 3415 3059; baseline -0.003 -17"><span class='ocrx_word' id='word_1_544' title='bbox 1847 2986 2148 3059; x_wconf 87' lang='lat' dir='ltr'><strong>ingreditur</strong></span> <span class='ocrx_word' id='word_1_545' title='bbox 2204 2986 2451 3043; x_wconf 85' lang='lat' dir='ltr'><strong>avaritia.</strong></span> <span class='ocrx_word' id='word_1_546' title='bbox 2500 2986 2739 3039; x_wconf 82' lang='lat' dir='ltr'><strong>Avaritia</strong></span> <span class='ocrx_word' id='word_1_547' title='bbox 2794 2999 2925 3040; x_wconf 90' lang='lat' dir='ltr'><strong>vero</strong></span> <span class='ocrx_word' id='word_1_548' title='bbox 2980 2984 3415 3038; x_wconf 88' lang='lat' dir='ltr'><strong>simulacrorum</strong></span> 
     </span>
    </p>
   </div>
   <div class='ocr_carea' id='block_1_76' title="bbox 1845 3073 3421 3147">
    <p class='ocr_par' dir='ltr' id='par_1_76' title="bbox 1845 3073 3421 3147">
     <span class='ocr_line' id='line_1_76' title="bbox 1845 3073 3421 3147; baseline -0.004 -12"><span class='ocrx_word' id='word_1_549' title='bbox 1845 3079 2028 3135; x_wconf 90' lang='lat' dir='ltr'><strong>cultus</strong></span> <span class='ocrx_word' id='word_1_550' title='bbox 2061 3084 2147 3133; x_wconf 88' lang='lat' dir='ltr'><strong>est</strong></span> <span class='ocrx_word' id='word_1_551' title='bbox 2169 3077 2259 3130; x_wconf 86' lang='grc'><strong>¹¹⁶.</strong></span> <span class='ocrx_word' id='word_1_552' title='bbox 2304 3076 2381 3130; x_wconf 89' lang='lat' dir='ltr'><strong>lta</strong></span> <span class='ocrx_word' id='word_1_553' title='bbox 2414 3077 2650 3147; x_wconf 88' lang='lat' dir='ltr'><strong>agricola</strong></span> <span class='ocrx_word' id='word_1_554' title='bbox 2676 3075 3063 3146; x_wconf 88' lang='lat' dir='ltr'><strong>agriculturam</strong></span> <span class='ocrx_word' id='word_1_555' title='bbox 3096 3073 3421 3128; x_wconf 88' lang='lat' dir='ltr'><strong>necessariis</strong></span> 
     </span>
    </p>
   </div>
   <div class='ocr_carea' id='block_1_77' title="bbox 1849 3165 3423 3238">
    <p class='ocr_par' dir='ltr' id='par_1_77' title="bbox 1849 3165 3423 3238">
     <span class='ocr_line' id='line_1_77' title="bbox 1849 3165 3423 3238; baseline -0.004 -11"><span class='ocrx_word' id='word_1_556' title='bbox 1849 3172 2040 3229; x_wconf 89' lang='lat' dir='ltr'><strong>usibus</strong></span> <span class='ocrx_word' id='word_1_557' title='bbox 2066 3185 2174 3224; x_wconf 89' lang='lat' dir='ltr'><strong>non</strong></span> <span class='ocrx_word' id='word_1_558' title='bbox 2210 3171 2453 3230; x_wconf 89' lang='lat' dir='ltr'><strong>metitur.</strong></span> <span class='ocrx_word' id='word_1_559' title='bbox 2487 3168 2583 3223; x_wconf 90' lang='lat' dir='ltr'><strong>sed</strong></span> <span class='ocrx_word' id='word_1_560' title='bbox 2615 3168 2681 3222; x_wconf 93' lang='lat' dir='ltr'><strong>ad</strong></span> <span class='ocrx_word' id='word_1_561' title='bbox 2723 3167 2881 3238; x_wconf 90' lang='lat' dir='ltr'><strong>plura</strong></span> <span class='ocrx_word' id='word_1_562' title='bbox 2913 3165 3153 3221; x_wconf 88' lang='lat' dir='ltr'><strong>studium</strong></span> <span class='ocrx_word' id='word_1_563' title='bbox 3208 3180 3423 3235; x_wconf 84' lang='lat' dir='ltr'><strong>semper</strong></span> 
     </span>
    </p>
   </div>
   <div class='ocr_carea' id='block_1_78' title="bbox 1849 3255 3424 3326">
    <p class='ocr_par' dir='ltr' id='par_1_78' title="bbox 1849 3255 3424 3326">
     <span class='ocr_line' id='line_1_78' title="bbox 1849 3255 3424 3326; baseline -0.003 -10"><span class='ocrx_word' id='word_1_564' title='bbox 1849 3260 2163 3324; x_wconf 89' lang='lat' dir='ltr'><strong>intendens,</strong></span> <span class='ocrx_word' id='word_1_565' title='bbox 2213 3259 2343 3315; x_wconf 91' lang='lat' dir='ltr'><strong>dum</strong></span> <span class='ocrx_word' id='word_1_566' title='bbox 2400 3258 2594 3313; x_wconf 91' lang='lat' dir='ltr'><strong>alienis</strong></span> <span class='ocrx_word' id='word_1_567' title='bbox 2643 3256 2846 3312; x_wconf 78' lang='lat' dir='ltr'><strong>finibus</strong></span> <span class='ocrx_word' id='word_1_568' title='bbox 2907 3255 3241 3326; x_wconf 90' lang='lat' dir='ltr'><strong>usurpandis</strong></span> <span class='ocrx_word' id='word_1_569' title='bbox 3289 3271 3424 3312; x_wconf 84' lang='lat' dir='ltr'><strong>suos</strong></span> 
     </span>
    </p>
   </div>
   <div class='ocr_carea' id='block_1_79' title="bbox 1848 3345 3423 3423">
    <p class='ocr_par' dir='ltr' id='par_1_79' title="bbox 1848 3345 3423 3423">
     <span class='ocr_line' id='line_1_79' title="bbox 1848 3345 3423 3423; baseline -0.004 -16"><span class='ocrx_word' id='word_1_570' title='bbox 1848 3367 2010 3423; x_wconf 85' lang='lat' dir='ltr'><strong>agros</strong></span> <span class='ocrx_word' id='word_1_571' title='bbox 2041 3353 2207 3409; x_wconf 82' lang='lat' dir='ltr'><strong>latius</strong></span> <span class='ocrx_word' id='word_1_572' title='bbox 2236 3350 2464 3422; x_wconf 77' lang='lat' dir='ltr'><strong>profert,</strong></span> <span class='ocrx_word' id='word_1_573' title='bbox 2515 3358 2772 3419; x_wconf 90' lang='lat' dir='ltr'><strong>magnum</strong></span> <span class='ocrx_word' id='word_1_574' title='bbox 2808 3345 3022 3403; x_wconf 82' lang='lat' dir='ltr'><strong>‘aditum</strong></span> <span class='ocrx_word' id='word_1_575' title='bbox 3059 3355 3284 3418; x_wconf 89' lang='lat' dir='ltr'><strong>peccato</strong></span> <span class='ocrx_word' id='word_1_576' title='bbox 3322 3348 3423 3402; x_wconf 82' lang='lat' dir='ltr'><strong>ad—</strong></span> 
     </span>
    </p>
   </div>
   <div class='ocr_carea' id='block_1_80' title="bbox 1846 3438 3425 3517">
    <p class='ocr_par' dir='ltr' id='par_1_80' title="bbox 1846 3438 3425 3517">
     <span class='ocr_line' id='line_1_80' title="bbox 1846 3438 3425 3517; baseline -0.006 -16"><span class='ocrx_word' id='word_1_577' title='bbox 1846 3460 2040 3501; x_wconf 89' lang='lat' dir='ltr'><strong>versus</strong></span> <span class='ocrx_word' id='word_1_578' title='bbox 2070 3443 2202 3499; x_wconf 92' lang='lat' dir='ltr'><strong>illud</strong></span> <span class='ocrx_word' id='word_1_579' title='bbox 2236 3442 2473 3498; x_wconf 89' lang='lat' dir='ltr'><strong>studium</strong></span> <span class='ocrx_word' id='word_1_580' title='bbox 2510 3449 2672 3511; x_wconf 88' lang='lat' dir='ltr'><strong>atque</strong></span> <span class='ocrx_word' id='word_1_581' title='bbox 2706 3439 3016 3517; x_wconf 81' lang='lat' dir='ltr'><strong>institutum</strong></span> <span class='ocrx_word' id='word_1_582' title='bbox 3058 3441 3181 3493; x_wconf 69' lang='lat' dir='ltr'><strong>vita:</strong></span> <span class='ocrx_word' id='word_1_583' title='bbox 3210 3438 3425 3509; x_wconf 80' lang='lat' dir='ltr'><strong>patefa-</strong></span> 
     </span>
    </p>
   </div>
   <div class='ocr_carea' id='block_1_81' title="bbox 1848 3533 3425 3605">
    <p class='ocr_par' dir='ltr' id='par_1_81' title="bbox 1848 3533 3425 3605">
     <span class='ocr_line' id='line_1_81' title="bbox 1848 3533 3425 3605; baseline -0.004 -11"><span class='ocrx_word' id='word_1_584' title='bbox 1848 3539 1944 3595; x_wconf 93' lang='lat' dir='ltr'><strong>cit.</strong></span> <span class='ocrx_word' id='word_1_585' title='bbox 1981 3536 2134 3593; x_wconf 89' lang='lat' dir='ltr'><strong>Unde</strong></span> <span class='ocrx_word' id='word_1_586' title='bbox 2167 3536 2356 3592; x_wconf 86' lang='lat' dir='ltr'><strong>sedatu</strong></span> <span class='ocrx_word' id='word_1_587' title='bbox 2396 3544 2561 3605; x_wconf 86' lang='lat' dir='ltr'><strong>atque</strong></span> <span class='ocrx_word' id='word_1_588' title='bbox 2588 3533 2894 3604; x_wconf 85' lang='lat' dir='ltr'><strong>compositu</strong></span> <span class='ocrx_word' id='word_1_589' title='bbox 2927 3533 3178 3590; x_wconf 77' lang='lat' dir='ltr'><strong>diﬂicilcs</strong></span> <span class='ocrx_word' id='word_1_590' title='bbox 3232 3535 3425 3590; x_wconf 90' lang='lat' dir='ltr'><strong>oriun-</strong></span> 
     </span>
    </p>
   </div>
   <div class='ocr_carea' id='block_1_82' title="bbox 1848 3626 3427 3696">
    <p class='ocr_par' dir='ltr' id='par_1_82' title="bbox 1848 3626 3427 3696">
     <span class='ocr_line' id='line_1_82' title="bbox 1848 3626 3427 3696; baseline -0.002 -12"><span class='ocrx_word' id='word_1_591' title='bbox 1848 3636 1938 3684; x_wconf 93' lang='lat' dir='ltr'><strong>tur</strong></span> <span class='ocrx_word' id='word_1_592' title='bbox 1962 3628 2345 3684; x_wconf 86' lang='lat' dir='ltr'><strong>contentiones</strong></span> <span class='ocrx_word' id='word_1_593' title='bbox 2376 3634 2431 3683; x_wconf 92' lang='lat' dir='ltr'><strong>et</strong></span> <span class='ocrx_word' id='word_1_594' title='bbox 2463 3627 2620 3691; x_wconf 87' lang='lat' dir='ltr'><strong>lites,</strong></span> <span class='ocrx_word' id='word_1_595' title='bbox 2652 3626 2719 3681; x_wconf 90' lang='lat' dir='ltr'><strong>de</strong></span> <span class='ocrx_word' id='word_1_596' title='bbox 2752 3626 2952 3681; x_wconf 85' lang='lat' dir='ltr'><strong>ﬁnibus</strong></span> <span class='ocrx_word' id='word_1_597' title='bbox 2987 3641 3242 3696; x_wconf 89' lang='lat' dir='ltr'><strong>agrorum</strong></span> <span class='ocrx_word' id='word_1_598' title='bbox 3281 3627 3427 3682; x_wconf 90' lang='lat' dir='ltr'><strong>inter</strong></span> 
     </span>
    </p>
   </div>
   <div class='ocr_carea' id='block_1_83' title="bbox 1849 3718 3426 3789">
    <p class='ocr_par' dir='ltr' id='par_1_83' title="bbox 1849 3718 3426 3789">
     <span class='ocr_line' id='line_1_83' title="bbox 1849 3718 3426 3789; baseline -0.003 -11"><span class='ocrx_word' id='word_1_599' title='bbox 1849 3738 1969 3779; x_wconf 90' lang='lat' dir='ltr'><strong>sese</strong></span> <span class='ocrx_word' id='word_1_600' title='bbox 1995 3733 2212 3776; x_wconf 89' lang='lat' dir='ltr'><strong>mutuas</strong></span> <span class='ocrx_word' id='word_1_601' title='bbox 2238 3718 2646 3775; x_wconf 79' lang='lat' dir='ltr'><strong>controversias</strong></span> <span class='ocrx_word' id='word_1_602' title='bbox 2699 3718 3075 3774; x_wconf 80' lang='lat' dir='ltr'><strong>excitantibus</strong></span> <span class='ocrx_word' id='word_1_603' title='bbox 3106 3721 3193 3785; x_wconf 89' lang='lat' dir='ltr'><strong>iis,</strong></span> <span class='ocrx_word' id='word_1_604' title='bbox 3224 3719 3317 3789; x_wconf 91' lang='lat' dir='ltr'><strong>qui</strong></span> <span class='ocrx_word' id='word_1_605' title='bbox 3348 3719 3426 3774; x_wconf 82' lang='lat' dir='ltr'><strong>si-</strong></span> 
     </span>
    </p>
   </div>
   <div class='ocr_carea' id='block_1_84' title="bbox 1851 3797 3425 3879">
    <p class='ocr_par' dir='ltr' id='par_1_84' title="bbox 1851 3797 3425 3879">
     <span class='ocr_line' id='line_1_84' title="bbox 1851 3797 3425 3879; baseline -0.003 -13"><span class='ocrx_word' id='word_1_606' title='bbox 1851 3812 1966 3867; x_wconf 92' lang='lat' dir='ltr'><strong>mili</strong></span> <span class='ocrx_word' id='word_1_607' title='bbox 1991 3810 2234 3866; x_wconf 67' lang='lat' dir='ltr'><strong>avaritia:</strong></span> <span class='ocrx_word' id='word_1_608' title='bbox 2265 3810 2455 3865; x_wconf 86' lang='lat' dir='ltr'><strong>morbo</strong></span> <span class='ocrx_word' id='word_1_609' title='bbox 2485 3815 2762 3864; x_wconf 90' lang='lat' dir='ltr'><strong>tenentur.</strong></span> <span class='ocrx_word' id='word_1_610' title='bbox 2787 3797 3071 3873; x_wconf 55' lang='lat' dir='ltr'><strong>Hinc&#39;irre,</strong></span> <span class='ocrx_word' id='word_1_611' title='bbox 3098 3808 3226 3862; x_wconf 87' lang='lat' dir='ltr'><strong>hinc</strong></span> <span class='ocrx_word' id='word_1_612' title='bbox 3254 3810 3425 3879; x_wconf 78' lang='lat' dir='ltr'><strong>impe-</strong></span> 
     </span>
    </p>
   </div>
   <div class='ocr_carea' id='block_1_85' title="bbox 1851 3898 3426 3965">
    <p class='ocr_par' dir='ltr' id='par_1_85' title="bbox 1851 3898 3426 3965">
     <span class='ocr_line' id='line_1_85' title="bbox 1851 3898 3426 3965; baseline -0.005 -6"><span class='ocrx_word' id='word_1_613' title='bbox 1851 3912 1940 3959; x_wconf 89' lang='lat' dir='ltr'><strong>tus</strong></span> <span class='ocrx_word' id='word_1_614' title='bbox 1975 3902 2042 3957; x_wconf 91' lang='lat' dir='ltr'><strong>ad</strong></span> <span class='ocrx_word' id='word_1_615' title='bbox 2075 3901 2277 3955; x_wconf 91' lang='lat' dir='ltr'><strong>malum</strong></span> <span class='ocrx_word' id='word_1_616' title='bbox 2305 3941 2320 3965; x_wconf 96' lang='lat'><strong>,</strong></span> <span class='ocrx_word' id='word_1_617' title='bbox 2368 3899 2496 3954; x_wconf 92' lang='lat' dir='ltr'><strong>hinc</strong></span> <span class='ocrx_word' id='word_1_618' title='bbox 2526 3900 2755 3954; x_wconf 90' lang='lat' dir='ltr'><strong>aliorum</strong></span> <span class='ocrx_word' id='word_1_619' title='bbox 2788 3899 3052 3953; x_wconf 89' lang='lat' dir='ltr'><strong>adversus</strong></span> <span class='ocrx_word' id='word_1_620' title='bbox 3101 3898 3237 3952; x_wconf 88' lang='lat' dir='ltr'><strong>alios</strong></span> <span class='ocrx_word' id='word_1_621' title='bbox 3266 3912 3426 3953; x_wconf 91' lang='lat' dir='ltr'><strong>cona-</strong></span> 
     </span>
    </p>
   </div>
   <div class='ocr_carea' id='block_1_86' title="bbox 1850 3990 3424 4064">
    <p class='ocr_par' dir='ltr' id='par_1_86' title="bbox 1850 3990 3424 4064">
     <span class='ocr_line' id='line_1_86' title="bbox 1850 3990 3424 4064; baseline -0.004 -13"><span class='ocrx_word' id='word_1_622' title='bbox 1850 4006 1941 4052; x_wconf 91' lang='lat' dir='ltr'><strong>tus</strong></span> <span class='ocrx_word' id='word_1_623' title='bbox 1987 4009 2017 4049; x_wconf 86' lang='lat' dir='ltr'><strong>a</strong></span> <span class='ocrx_word' id='word_1_624' title='bbox 2050 3992 2316 4064; x_wconf 88' lang='lat' dir='ltr'><strong>sanguine</strong></span> <span class='ocrx_word' id='word_1_625' title='bbox 2352 3999 2407 4047; x_wconf 90' lang='lat' dir='ltr'><strong>et</strong></span> <span class='ocrx_word' id='word_1_626' title='bbox 2438 3990 2584 4047; x_wconf 64' lang='lat' dir='ltr'><strong>caede</strong></span> <span class='ocrx_word' id='word_1_627' title='bbox 2645 4005 3017 4061; x_wconf 63' lang='lat' dir='ltr'><strong>saepenumero</strong></span> <span class='ocrx_word' id='word_1_628' title='bbox 3064 3990 3277 4045; x_wconf 88' lang='lat' dir='ltr'><strong>initium</strong></span> <span class='ocrx_word' id='word_1_629' title='bbox 3325 4006 3424 4046; x_wconf 87' lang='lat' dir='ltr'><strong>su-</strong></span> 
     </span>
    </p>
   </div>
   <div class='ocr_carea' id='block_1_87' title="bbox 1849 4082 3425 4153">
    <p class='ocr_par' dir='ltr' id='par_1_87' title="bbox 1849 4082 3425 4153">
     <span class='ocr_line' id='line_1_87' title="bbox 1849 4082 3425 4153; baseline -0.003 -10"><span class='ocrx_word' id='word_1_630' title='bbox 1849 4082 2026 4143; x_wconf 86' lang='lat' dir='ltr'><strong>munt.</strong></span> <span class='ocrx_word' id='word_1_631' title='bbox 2082 4085 2349 4140; x_wconf 88' lang='lat' dir='ltr'><strong>Similiter</strong></span> <span class='ocrx_word' id='word_1_632' title='bbox 2396 4098 2576 4153; x_wconf 68' lang='lat' dir='ltr'><strong>operte</strong></span> <span class='ocrx_word' id='word_1_633' title='bbox 2606 4083 2928 4153; x_wconf 74' lang='lat' dir='ltr'><strong>iudiciariae,</strong></span> <span class='ocrx_word' id='word_1_634' title='bbox 2988 4082 3116 4137; x_wconf 92' lang='lat' dir='ltr'><strong>dum</strong></span> <span class='ocrx_word' id='word_1_635' title='bbox 3166 4090 3425 4139; x_wconf 81' lang='lat' dir='ltr'><strong>sexcenta</strong></span> 
     </span>
    </p>
   </div>
   <div class='ocr_carea' id='block_1_88' title="bbox 1850 4172 3426 4249">
    <p class='ocr_par' dir='ltr' id='par_1_88' title="bbox 1850 4172 3426 4249">
     <span class='ocr_line' id='line_1_88' title="bbox 1850 4172 3426 4249; baseline -0.004 -15"><span class='ocrx_word' id='word_1_636' title='bbox 1850 4187 2015 4249; x_wconf 89' lang='lat' dir='ltr'><strong>atque</strong></span> <span class='ocrx_word' id='word_1_637' title='bbox 2070 4176 2283 4231; x_wconf 80' lang='lat' dir='ltr'><strong>inﬁnita</strong></span> <span class='ocrx_word' id='word_1_638' title='bbox 2337 4173 2647 4246; x_wconf 88' lang='lat' dir='ltr'><strong>iniquitatis</strong></span> <span class='ocrx_word' id='word_1_639' title='bbox 2703 4181 2758 4229; x_wconf 88' lang='lat' dir='ltr'><strong>et</strong></span> <span class='ocrx_word' id='word_1_640' title='bbox 2792 4172 3080 4244; x_wconf 70' lang='lat' dir='ltr'><strong>injustitia:</strong></span> <span class='ocrx_word' id='word_1_641' title='bbox 3114 4174 3426 4244; x_wconf 88' lang='lat' dir='ltr'><strong>patrocinia</strong></span> 
     </span>
    </p>
   </div>
   <div class='ocr_carea' id='block_1_89' title="bbox 1849 4263 3425 4341">
    <p class='ocr_par' dir='ltr' id='par_1_89' title="bbox 1849 4263 3425 4341">
     <span class='ocr_line' id='line_1_89' title="bbox 1849 4263 3425 4341; baseline -0.005 -13"><span class='ocrx_word' id='word_1_642' title='bbox 1849 4269 2202 4341; x_wconf 79' lang='lat' dir='ltr'><strong>excogitant,</strong></span> <span class='ocrx_word' id='word_1_643' title='bbox 2260 4267 2431 4322; x_wconf 87' lang='lat' dir='ltr'><strong>variis</strong></span> <span class='ocrx_word' id='word_1_644' title='bbox 2497 4264 2738 4337; x_wconf 88' lang='lat' dir='ltr'><strong>peccatis</strong></span> <span class='ocrx_word' id='word_1_645' title='bbox 2815 4265 3188 4321; x_wconf 87' lang='lat' dir='ltr'><strong>subscrviunt.</strong></span> <span class='ocrx_word' id='word_1_646' title='bbox 3247 4263 3425 4321; x_wconf 87' lang='lat' dir='ltr'><strong>Judex</strong></span> 
     </span>
    </p>
   </div>
   <div class='ocr_carea' id='block_1_90' title="bbox 1851 4357 3423 4433">
    <p class='ocr_par' dir='ltr' id='par_1_90' title="bbox 1851 4357 3423 4433">
     <span class='ocr_line' id='line_1_90' title="bbox 1851 4357 3423 4433; baseline -0.004 -13"><span class='ocrx_word' id='word_1_647' title='bbox 1851 4373 1946 4420; x_wconf 87' lang='lat' dir='ltr'><strong>aut</strong></span> <span class='ocrx_word' id='word_1_648' title='bbox 1981 4378 2081 4420; x_wconf 90' lang='lat' dir='ltr'><strong>sua</strong></span> <span class='ocrx_word' id='word_1_649' title='bbox 2116 4368 2310 4433; x_wconf 86' lang='lat' dir='ltr'><strong>sponte</strong></span> <span class='ocrx_word' id='word_1_650' title='bbox 2348 4360 2416 4414; x_wconf 89' lang='lat' dir='ltr'><strong>ad</strong></span> <span class='ocrx_word' id='word_1_651' title='bbox 2443 4368 2710 4430; x_wconf 63' lang='lat' dir='ltr'><strong>questum</strong></span> <span class='ocrx_word' id='word_1_652' title='bbox 2746 4357 2972 4429; x_wconf 73' lang='lat' dir='ltr'><strong>justitia:</strong></span> <span class='ocrx_word' id='word_1_653' title='bbox 3005 4357 3200 4412; x_wconf 87' lang='lat' dir='ltr'><strong>libram</strong></span> <span class='ocrx_word' id='word_1_654' title='bbox 3238 4358 3423 4413; x_wconf 90' lang='lat' dir='ltr'><strong>detor-</strong></span> 
     </span>
    </p>
   </div>
   <div class='ocr_carea' id='block_1_91' title="bbox 1858 4451 3426 4530">
    <p class='ocr_par' dir='ltr' id='par_1_91' title="bbox 1858 4451 3426 4530">
     <span class='ocr_line' id='line_1_91' title="bbox 1858 4451 3426 4530; baseline -0.004 -17"><span class='ocrx_word' id='word_1_655' title='bbox 1858 4466 2010 4530; x_wconf 89' lang='lat' dir='ltr'><strong>quet,</strong></span> <span class='ocrx_word' id='word_1_656' title='bbox 2044 4463 2137 4509; x_wconf 88' lang='lat' dir='ltr'><strong>aut</strong></span> <span class='ocrx_word' id='word_1_657' title='bbox 2164 4463 2355 4510; x_wconf 92' lang='lat' dir='ltr'><strong>contra</strong></span> <span class='ocrx_word' id='word_1_658' title='bbox 2398 4452 2731 4509; x_wconf 88' lang='lat' dir='ltr'><strong>voluntatem</strong></span> <span class='ocrx_word' id='word_1_659' title='bbox 2786 4451 2953 4505; x_wconf 88' lang='lat' dir='ltr'><strong>nimia</strong></span> <span class='ocrx_word' id='word_1_660' title='bbox 3010 4451 3313 4507; x_wconf 82' lang='lat' dir='ltr'><strong>subtilitate</strong></span> <span class='ocrx_word' id='word_1_661' title='bbox 3360 4465 3426 4506; x_wconf 89' lang='lat' dir='ltr'><strong>ac</strong></span> 
     </span>
    </p>
   </div>
   <div class='ocr_carea' id='block_1_92' title="bbox 1775 4541 3428 4617">
    <p class='ocr_par' dir='ltr' id='par_1_92' title="bbox 1775 4541 3428 4617">
     <span class='ocr_line' id='line_1_92' title="bbox 1775 4541 3428 4617; baseline -0.004 -13"><span class='ocrx_word' id='word_1_662' title='bbox 1775 4543 1828 4604; x_wconf 88' lang='lat' dir='ltr'><strong>D</strong></span> <span class='ocrx_word' id='word_1_663' title='bbox 1860 4548 2143 4617; x_wconf 80' lang='lat' dir='ltr'><strong>diligentia</strong></span> <span class='ocrx_word' id='word_1_664' title='bbox 2168 4560 2506 4617; x_wconf 88' lang='lat' dir='ltr'><strong>supervacua</strong></span> <span class='ocrx_word' id='word_1_665' title='bbox 2532 4543 2817 4599; x_wconf 84' lang='lat' dir='ltr'><strong>veritatem</strong></span> <span class='ocrx_word' id='word_1_666' title='bbox 2842 4541 3296 4597; x_wconf 81' lang='lat' dir='ltr'><strong>confundentiutn</strong></span> <span class='ocrx_word' id='word_1_667' title='bbox 3331 4541 3428 4598; x_wconf 78' lang='lat' dir='ltr'><strong>de-</strong></span> 
     </span>
    </p>
   </div>
   <div class='ocr_carea' id='block_1_93' title="bbox 152 4628 3427 4710">
    <p class='ocr_par' dir='ltr' id='par_1_93' title="bbox 152 4628 3427 4710">
     <span class='ocr_line' id='line_1_93' title="bbox 152 4628 3427 4710; baseline -0 -21"><span class='ocrx_word' id='word_1_668' title='bbox 152 4638 394 4702; x_wconf 83' lang='lat' dir='ltr'><strong>ceptus,</strong></span> <span class='ocrx_word' id='word_1_669' title='bbox 438 4629 584 4701; x_wconf 91' lang='lat' dir='ltr'><strong>quod</strong></span> <span class='ocrx_word' id='word_1_670' title='bbox 631 4628 895 4699; x_wconf 90' lang='lat' dir='ltr'><strong>injustum</strong></span> <span class='ocrx_word' id='word_1_671' title='bbox 926 4637 980 4686; x_wconf 90' lang='lat' dir='ltr'><strong>et</strong></span> <span class='ocrx_word' id='word_1_672' title='bbox 1044 4631 1289 4702; x_wconf 90' lang='lat' dir='ltr'><strong>iniquum</strong></span> <span class='ocrx_word' id='word_1_673' title='bbox 1324 4643 1427 4698; x_wconf 88' lang='lat' dir='ltr'><strong>est,</strong></span> <span class='ocrx_word' id='word_1_674' title='bbox 1472 4633 1740 4702; x_wconf 88' lang='lat' dir='ltr'><strong>decernit,</strong></span> <span class='ocrx_word' id='word_1_675' title='bbox 1781 4639 2107 4710; x_wconf 88' lang='lat' dir='ltr'><strong>comprobat</strong></span> <span class='ocrx_word' id='word_1_676' title='bbox 2134 4646 2300 4708; x_wconf 89' lang='lat' dir='ltr'><strong>atque</strong></span> <span class='ocrx_word' id='word_1_677' title='bbox 2337 4637 2646 4690; x_wconf 88' lang='lat' dir='ltr'><strong>contirmat.</strong></span> <span class='ocrx_word' id='word_1_678' title='bbox 2681 4632 2746 4688; x_wconf 83' lang='lat' dir='ltr'><strong>Et</strong></span> <span class='ocrx_word' id='word_1_679' title='bbox 2810 4632 2937 4703; x_wconf 88' lang='lat' dir='ltr'><strong>quid</strong></span> <span class='ocrx_word' id='word_1_680' title='bbox 2981 4634 3171 4688; x_wconf 90' lang='lat' dir='ltr'><strong>attinet</strong></span> <span class='ocrx_word' id='word_1_681' title='bbox 3235 4634 3427 4705; x_wconf 86' lang='lat' dir='ltr'><strong>singu-</strong></span> 
     </span>
    </p>
   </div>
   <div class='ocr_carea' id='block_1_94' title="bbox 154 4721 3430 4800">
    <p class='ocr_par' dir='ltr' id='par_1_94' title="bbox 154 4721 3430 4800">
     <span class='ocr_line' id='line_1_94' title="bbox 154 4721 3430 4800; baseline -0 -20"><span class='ocrx_word' id='word_1_682' title='bbox 154 4724 646 4792; x_wconf 86' lang='lat' dir='ltr'><strong>latimexponere,</strong></span> <span class='ocrx_word' id='word_1_683' title='bbox 680 4721 880 4790; x_wconf 88' lang='lat' dir='ltr'><strong>quibus</strong></span> <span class='ocrx_word' id='word_1_684' title='bbox 907 4721 1071 4778; x_wconf 91' lang='lat' dir='ltr'><strong>rebus</strong></span> <span class='ocrx_word' id='word_1_685' title='bbox 1104 4723 1497 4794; x_wconf 88' lang='lat' dir='ltr'><strong>multipliciter,</strong></span> <span class='ocrx_word' id='word_1_686' title='bbox 1554 4728 1852 4800; x_wconf 90' lang='lat' dir='ltr'><strong>multisque</strong></span> <span class='ocrx_word' id='word_1_687' title='bbox 1916 4727 2095 4785; x_wconf 87' lang='lat' dir='ltr'><strong>modis</strong></span> <span class='ocrx_word' id='word_1_688' title='bbox 2158 4736 2441 4799; x_wconf 85' lang='lat' dir='ltr'><strong>peccatum</strong></span> <span class='ocrx_word' id='word_1_689' title='bbox 2525 4725 2775 4779; x_wconf 72' lang='lat' dir='ltr'><strong>humanae</strong></span> <span class='ocrx_word' id='word_1_690' title='bbox 2820 4726 2941 4778; x_wconf 70' lang='lat' dir='ltr'><strong>vita:</strong></span> <span class='ocrx_word' id='word_1_691' title='bbox 2996 4724 3430 4779; x_wconf 69' lang='lat' dir='ltr'><strong>commiscetur?</strong></span> 
     </span>
    </p>
   </div>
   <div class='ocr_carea' id='block_1_95' title="bbox 150 4812 3427 4892">
    <p class='ocr_par' dir='ltr' id='par_1_95' title="bbox 150 4812 3427 4892">
     <span class='ocr_line' id='line_1_95' title="bbox 150 4812 3427 4892; baseline 0.001 -22"><span class='ocrx_word' id='word_1_692' title='bbox 150 4815 343 4885; x_wconf 89' lang='lat' dir='ltr'><strong>cujus</strong></span> <span class='ocrx_word' id='word_1_693' title='bbox 376 4812 584 4884; x_wconf 85' lang='lat' dir='ltr'><strong>peccati</strong></span> <span class='ocrx_word' id='word_1_694' title='bbox 631 4812 778 4866; x_wconf 88' lang='lat' dir='ltr'><strong>nulla</strong></span> <span class='ocrx_word' id='word_1_695' title='bbox 820 4812 927 4867; x_wconf 87' lang='lat' dir='ltr'><strong>alia</strong></span> <span class='ocrx_word' id='word_1_696' title='bbox 978 4828 1143 4868; x_wconf 79' lang='lat' dir='ltr'><strong>causa</strong></span> <span class='ocrx_word' id='word_1_697' title='bbox 1174 4822 1281 4878; x_wconf 90' lang='lat' dir='ltr'><strong>est,</strong></span> <span class='ocrx_word' id='word_1_698' title='bbox 1314 4830 1476 4885; x_wconf 86' lang='lat' dir='ltr'><strong>quam</strong></span> <span class='ocrx_word' id='word_1_699' title='bbox 1513 4817 1659 4888; x_wconf 91' lang='lat' dir='ltr'><strong>quod</strong></span> <span class='ocrx_word' id='word_1_700' title='bbox 1691 4820 1760 4875; x_wconf 91' lang='lat' dir='ltr'><strong>ad</strong></span> <span class='ocrx_word' id='word_1_701' title='bbox 1799 4836 1885 4887; x_wconf 87' lang='lat' dir='ltr'><strong>ea,</strong></span> <span class='ocrx_word' id='word_1_702' title='bbox 1920 4835 2042 4892; x_wconf 75' lang='lat' dir='ltr'><strong>quae</strong></span> <span class='ocrx_word' id='word_1_703' title='bbox 2079 4820 2132 4872; x_wconf 93' lang='lat' dir='ltr'><strong>in</strong></span> <span class='ocrx_word' id='word_1_704' title='bbox 2175 4817 2429 4872; x_wconf 73' lang='lat' dir='ltr'><strong>manilius</strong></span> <span class='ocrx_word' id='word_1_705' title='bbox 2493 4815 2716 4880; x_wconf 83' lang='lat' dir='ltr'><strong>habent,</strong></span> <span class='ocrx_word' id='word_1_706' title='bbox 2765 4827 2817 4871; x_wconf 88' lang='lat' dir='ltr'><strong>et</strong></span> <span class='ocrx_word' id='word_1_707' title='bbox 2893 4814 3139 4871; x_wconf 86' lang='lat' dir='ltr'><strong>studiose</strong></span> <span class='ocrx_word' id='word_1_708' title='bbox 3190 4824 3427 4873; x_wconf 88' lang='lat' dir='ltr'><strong>tractant</strong></span> 
     </span>
    </p>
   </div>
   <div class='ocr_carea' id='block_1_96' title="bbox 152 4905 2537 4979">
    <p class='ocr_par' dir='ltr' id='par_1_96' title="bbox 152 4905 2537 4979">
     <span class='ocr_line' id='line_1_96' title="bbox 152 4905 2537 4979; baseline -0.002 -15"><span class='ocrx_word' id='word_1_709' title='bbox 152 4906 423 4979; x_wconf 80' lang='lat' dir='ltr'><strong>negotia,</strong></span> <span class='ocrx_word' id='word_1_710' title='bbox 456 4905 699 4960; x_wconf 88' lang='lat' dir='ltr'><strong>divinum</strong></span> <span class='ocrx_word' id='word_1_711' title='bbox 720 4905 882 4959; x_wconf 88' lang='lat' dir='ltr'><strong>etiam</strong></span> <span class='ocrx_word' id='word_1_712' title='bbox 912 4906 1175 4960; x_wconf 89' lang='lat' dir='ltr'><strong>auxilium</strong></span> <span class='ocrx_word' id='word_1_713' title='bbox 1207 4906 1455 4965; x_wconf 88' lang='lat' dir='ltr'><strong>homines</strong></span> <span class='ocrx_word' id='word_1_714' title='bbox 1503 4925 1612 4964; x_wconf 88' lang='lat' dir='ltr'><strong>non</strong></span> <span class='ocrx_word' id='word_1_715' title='bbox 1667 4912 1829 4968; x_wconf 89' lang='lat' dir='ltr'><strong>simul</strong></span> <span class='ocrx_word' id='word_1_716' title='bbox 1860 4913 2119 4967; x_wconf 88' lang='lat' dir='ltr'><strong>adhibent</strong></span> <span class='ocrx_word' id='word_1_717' title='bbox 2146 4918 2200 4965; x_wconf 94' lang='lat' dir='ltr'><strong>et</strong></span> <span class='ocrx_word' id='word_1_718' title='bbox 2229 4915 2537 4964; x_wconf 88' lang='lat' dir='ltr'><strong>assumunt.</strong></span> 
     </span>
    </p>
   </div>
   <div class='ocr_carea' id='block_1_97' title="bbox 261 4998 1755 5078">
    <p class='ocr_par' dir='ltr' id='par_1_97' title="bbox 261 4998 1755 5078">
     <span class='ocr_line' id='line_1_97' title="bbox 261 4998 1755 5078; baseline 0.004 -24"><span class='ocrx_word' id='word_1_719' title='bbox 261 5001 395 5055; x_wconf 86' lang='grc' dir='ltr'><strong>Ἐὰν</strong></span> <span class='ocrx_word' id='word_1_720' title='bbox 422 4998 554 5070; x_wconf 80' lang='grc' dir='ltr'>εὐχὴ</span> <span class='ocrx_word' id='word_1_721' title='bbox 587 4998 686 5069; x_wconf 86' lang='grc' dir='ltr'>τῆς</span> <span class='ocrx_word' id='word_1_722' title='bbox 732 5000 973 5069; x_wconf 83' lang='grc' dir='ltr'>σπουδῆς</span> <span class='ocrx_word' id='word_1_723' title='bbox 1010 5002 1416 5073; x_wconf 84' lang='grc' dir='ltr'>προηγήσηται,</span> <span class='ocrx_word' id='word_1_724' title='bbox 1447 5006 1479 5075; x_wconf 85' lang='grc' dir='ltr'><strong>ή</strong></span> <span class='ocrx_word' id='word_1_725' title='bbox 1508 5006 1755 5078; x_wconf 82' lang='grc' dir='ltr'>ἁμαρτία</span> 
     </span>
    </p>
   </div>
   <div class='ocr_carea' id='block_1_98' title="bbox 154 5091 1752 5170">
    <p class='ocr_par' dir='ltr' id='par_1_98' title="bbox 154 5091 1752 5170">
     <span class='ocr_line' id='line_1_98' title="bbox 154 5091 1752 5170; baseline 0.004 -24"><span class='ocrx_word' id='word_1_726' title='bbox 154 5094 419 5167; x_wconf 79' lang='grc' dir='ltr'>πάροδον</span> <span class='ocrx_word' id='word_1_727' title='bbox 450 5091 589 5147; x_wconf 87' lang='grc' dir='ltr'><strong>κατά</strong></span> <span class='ocrx_word' id='word_1_728' title='bbox 625 5095 725 5163; x_wconf 80' lang='grc' dir='ltr'>τῆς</span> <span class='ocrx_word' id='word_1_729' title='bbox 761 5092 939 5164; x_wconf 73' lang='grc' dir='ltr'>ψυχῆς</span> <span class='ocrx_word' id='word_1_730' title='bbox 972 5094 1068 5164; x_wconf 77' lang='grc' dir='ltr'>οὐχ</span> <span class='ocrx_word' id='word_1_731' title='bbox 1095 5095 1334 5166; x_wconf 83' lang='grc' dir='ltr'>εὑρήσει.</span> <span class='ocrx_word' id='word_1_732' title='bbox 1373 5096 1485 5167; x_wconf 86' lang='grc' dir='ltr'><strong>Τῆς</strong></span> <span class='ocrx_word' id='word_1_733' title='bbox 1514 5098 1621 5170; x_wconf 82' lang='grc' dir='ltr'><strong>γὰρ</strong></span> <span class='ocrx_word' id='word_1_734' title='bbox 1657 5098 1752 5153; x_wconf 89' lang='grc' dir='ltr'><strong>τοῦ</strong></span> 
     </span>
    </p>
   </div>
   <div class='ocr_carea' id='block_1_99' title="bbox 152 5185 1754 5261">
    <p class='ocr_par' dir='ltr' id='par_1_99' title="bbox 152 5185 1754 5261">
     <span class='ocr_line' id='line_1_99' title="bbox 152 5185 1754 5261; baseline 0.002 -20"><span class='ocrx_word' id='word_1_735' title='bbox 152 5185 321 5241; x_wconf 84' lang='grc' dir='ltr'>Θεοῦ</span> <span class='ocrx_word' id='word_1_736' title='bbox 349 5186 567 5256; x_wconf 82' lang='grc' dir='ltr'>μνήμης</span> <span class='ocrx_word' id='word_1_737' title='bbox 597 5186 653 5238; x_wconf 90' lang='grc' dir='ltr'><strong>ἐν</strong></span> <span class='ocrx_word' id='word_1_738' title='bbox 684 5188 749 5256; x_wconf 82' lang='grc' dir='ltr'><strong>τῇ</strong></span> <span class='ocrx_word' id='word_1_739' title='bbox 790 5185 987 5257; x_wconf 81' lang='grc' dir='ltr'>καρδίᾳ</span> <span class='ocrx_word' id='word_1_740' title='bbox 1015 5185 1442 5260; x_wconf 81' lang='grc' dir='ltr'>καθιδρυμένης,</span> <span class='ocrx_word' id='word_1_741' title='bbox 1484 5189 1754 5261; x_wconf 75' lang='grc' dir='ltr'>ἄπρακτοι</span> 
     </span>
    </p>
   </div>
   <div class='ocr_carea' id='block_1_100' title="bbox 156 5275 1756 5353">
    <p class='ocr_par' dir='ltr' id='par_1_100' title="bbox 156 5275 1756 5353">
     <span class='ocr_line' id='line_1_100' title="bbox 156 5275 1756 5353; baseline 0.002 -20"><span class='ocrx_word' id='word_1_742' title='bbox 156 5279 443 5351; x_wconf 80' lang='grc' dir='ltr'>μένουσιν</span> <span class='ocrx_word' id='word_1_743' title='bbox 467 5278 521 5329; x_wconf 88' lang='grc' dir='ltr'><strong>αί</strong></span> <span class='ocrx_word' id='word_1_744' title='bbox 544 5275 638 5330; x_wconf 90' lang='grc' dir='ltr'><strong>τοῦ</strong></span> <span class='ocrx_word' id='word_1_745' title='bbox 662 5278 1031 5347; x_wconf 82' lang='grc' dir='ltr'>ἀντικειμένου</span> <span class='ocrx_word' id='word_1_746' title='bbox 1056 5278 1287 5333; x_wconf 82' lang='grc' dir='ltr'>ἐπίνοιαι</span> <span class='ocrx_word' id='word_1_747' title='bbox 1312 5298 1325 5311; x_wconf 88' lang='grc'><strong>·</strong></span> <span class='ocrx_word' id='word_1_748' title='bbox 1362 5281 1636 5351; x_wconf 83' lang='grc' dir='ltr'>πανταχοῦ</span> <span class='ocrx_word' id='word_1_749' title='bbox 1656 5282 1756 5353; x_wconf 82' lang='grc' dir='ltr'>τῆς</span> 
     </span>
    </p>
   </div>
   <div class='ocr_carea' id='block_1_101' title="bbox 151 5368 1752 5443">
    <p class='ocr_par' dir='ltr' id='par_1_101' title="bbox 151 5368 1752 5443">
     <span class='ocr_line' id='line_1_101' title="bbox 151 5368 1752 5443; baseline 0.001 -19"><span class='ocrx_word' id='word_1_750' title='bbox 151 5368 531 5440; x_wconf 80' lang='grc' dir='ltr'>δικαιοσύνης</span> <span class='ocrx_word' id='word_1_751' title='bbox 564 5370 621 5423; x_wconf 92' lang='grc' dir='ltr'><strong>ἐν</strong></span> <span class='ocrx_word' id='word_1_752' title='bbox 650 5372 761 5434; x_wconf 87' lang='grc' dir='ltr'>τοῖς</span> <span class='ocrx_word' id='word_1_753' title='bbox 788 5370 1316 5441; x_wconf 74' lang='grc' dir='ltr'>ἀμφισϐητουμένοις</span> <span class='ocrx_word' id='word_1_754' title='bbox 1346 5372 1752 5443; x_wconf 76' lang='grc' dir='ltr'>μεσιτιυούσης.</span> 
     </span>
    </p>
   </div>
   <div class='ocr_carea' id='block_1_102' title="bbox 168 5463 1753 5540">
    <p class='ocr_par' dir='ltr' id='par_1_102' title="bbox 168 5463 1753 5540">
     <span class='ocr_line' id='line_1_102' title="bbox 168 5463 1753 5540; baseline 0.03 -33"><span class='ocrx_word' id='word_1_755' title='bbox 168 5464 417 5535; x_wconf 72' lang='grc' dir='ltr'>Ἐπέχει</span> <span class='ocrx_word' id='word_1_756' title='bbox 451 5466 543 5517; x_wconf 80' lang='grc' dir='ltr'>καὶ</span> <span class='ocrx_word' id='word_1_757' title='bbox 568 5463 659 5517; x_wconf 72' lang='grc' dir='ltr'><strong>τὸν</strong></span> <span class='ocrx_word' id='word_1_758' title='bbox 690 5464 930 5535; x_wconf 79' lang='grc' dir='ltr'>γεωργὸν</span> <span class='ocrx_word' id='word_1_759' title='bbox 963 5465 1063 5535; x_wconf 83' lang='grc' dir='ltr'>τῆς</span> <span class='ocrx_word' id='word_1_760' title='bbox 1102 5466 1375 5537; x_wconf 77' lang='grc' dir='ltr'>ἁμαρτίας</span> <span class='ocrx_word' id='word_1_761' title='bbox 1399 5467 1432 5537; x_wconf 65' lang='grc' dir='ltr'>ἡ</span> <span class='ocrx_word' id='word_1_762' title='bbox 1458 5468 1753 5540; x_wconf 63' lang='grc' dir='ltr'><strong>προσευχὴν</strong></span> 
     </span>
    </p>
   </div>
   <div class='ocr_carea' id='block_1_103' title="bbox 152 5556 1753 5627">
    <p class='ocr_par' dir='ltr' id='par_1_103' title="bbox 152 5556 1753 5627">
     <span class='ocr_line' id='line_1_103' title="bbox 152 5556 1753 5627; baseline -0.001 -14"><span class='ocrx_word' id='word_1_763' title='bbox 152 5562 233 5613; x_wconf 81' lang='grc' dir='ltr'><strong>ἐν</strong></span> <span class='ocrx_word' id='word_1_764' title='bbox 286 5556 452 5627; x_wconf 81' lang='grc' dir='ltr'>ὀλίγῳ</span> <span class='ocrx_word' id='word_1_765' title='bbox 500 5556 600 5627; x_wconf 81' lang='grc' dir='ltr'>τῆς</span> <span class='ocrx_word' id='word_1_766' title='bbox 643 5556 745 5627; x_wconf 81' lang='grc' dir='ltr'>γῆς</span> <span class='ocrx_word' id='word_1_767' title='bbox 789 5556 914 5620; x_wconf 77' lang='grc' dir='ltr'>τοὺς</span> <span class='ocrx_word' id='word_1_768' title='bbox 946 5556 1187 5627; x_wconf 77' lang='grc' dir='ltr'>καρποὺς</span> <span class='ocrx_word' id='word_1_769' title='bbox 1237 5556 1631 5624; x_wconf 80' lang='grc' dir='ltr'>πλεονάζουσα,</span> <span class='ocrx_word' id='word_1_770' title='bbox 1678 5558 1753 5622; x_wconf 83' lang='grc' dir='ltr'>ὡς</span> 
     </span>
    </p>
   </div>
   <div class='ocr_carea' id='block_1_104' title="bbox 155 5630 1749 5724">
    <p class='ocr_par' dir='ltr' id='par_1_104' title="bbox 155 5630 1749 5724">
     <span class='ocr_line' id='line_1_104' title="bbox 155 5630 1749 5724; baseline 0 -21"><span class='ocrx_word' id='word_1_771' title='bbox 155 5648 387 5724; x_wconf 79' lang='grc' dir='ltr'>μηκέτι</span> <span class='ocrx_word' id='word_1_772' title='bbox 436 5649 503 5719; x_wconf 75' lang='grc' dir='ltr'>τῇ</span> <span class='ocrx_word' id='word_1_773' title='bbox 544 5646 638 5701; x_wconf 91' lang='grc' dir='ltr'><strong>τοῦ</strong></span> <span class='ocrx_word' id='word_1_774' title='bbox 688 5647 927 5714; x_wconf 86' lang='grc' dir='ltr'>πλείονος</span> <span class='ocrx_word' id='word_1_775' title='bbox 974 5630 1239 5723; x_wconf 60' lang='grc' dir='ltr'>ἐπιθυμθᾳ</span> <span class='ocrx_word' id='word_1_776' title='bbox 1287 5649 1608 5705; x_wconf 80' lang='grc' dir='ltr'>συνεισιέναι</span> <span class='ocrx_word' id='word_1_777' title='bbox 1651 5648 1749 5722; x_wconf 82' lang='grc' dir='ltr'>τὴν</span> 
     </span>
    </p>
   </div>
   <div class='ocr_carea' id='block_1_105' title="bbox 254 5810 771 5901">
    <p class='ocr_par' dir='ltr' id='par_1_105' title="bbox 254 5810 771 5901">
     <span class='ocr_line' id='line_1_105' title="bbox 254 5810 771 5901; baseline 0.002 -34"><span class='ocrx_word' id='word_1_778' title='bbox 254 5811 330 5843; x_wconf 83' lang='grc'><strong>¹¹⁶</strong></span> <span class='ocrx_word' id='word_1_779' title='bbox 358 5810 572 5901; x_wconf 50' lang='lat' dir='ltr'><strong>Dolosa.</strong></span> <span class='ocrx_word' id='word_1_780' title='bbox 600 5828 684 5876; x_wconf 86' lang='lat' dir='ltr'><strong>tu,</strong></span> <span class='ocrx_word' id='word_1_781' title='bbox 719 5813 771 5871; x_wconf 86' lang='lat'><strong>5.</strong></span> 
     </span>
    </p>
   </div>
   <div class='ocr_carea' id='block_1_106' title="bbox 1928 5002 3426 5075">
    <p class='ocr_par' dir='ltr' id='par_1_106' title="bbox 1928 5002 3426 5075">
     <span class='ocr_line' id='line_1_106' title="bbox 1928 5002 3426 5075; baseline 0 -14"><span class='ocrx_word' id='word_1_782' title='bbox 1928 5006 2083 5074; x_wconf 83' lang='lat' dir='ltr'><strong>Quod</strong></span> <span class='ocrx_word' id='word_1_783' title='bbox 2112 5005 2158 5061; x_wconf 92' lang='lat' dir='ltr'><strong>si</strong></span> <span class='ocrx_word' id='word_1_784' title='bbox 2187 5004 2364 5060; x_wconf 87' lang='lat' dir='ltr'><strong>oratio</strong></span> <span class='ocrx_word' id='word_1_785' title='bbox 2404 5003 2681 5075; x_wconf 89' lang='lat' dir='ltr'><strong>negotium</strong></span> <span class='ocrx_word' id='word_1_786' title='bbox 2738 5005 3102 5075; x_wconf 67' lang='lat' dir='ltr'><strong>pmcesserit,</strong></span> <span class='ocrx_word' id='word_1_787' title='bbox 3130 5002 3426 5075; x_wconf 76' lang='lat' dir='ltr'><strong>‘peccatnm</strong></span> 
     </span>
    </p>
   </div>
   <div class='ocr_carea' id='block_1_107' title="bbox 1856 5096 3425 5156">
    <p class='ocr_par' dir='ltr' id='par_1_107' title="bbox 1856 5096 3425 5156">
     <span class='ocr_line' id='line_1_107' title="bbox 1856 5096 3425 5156; baseline -0.001 -3"><span class='ocrx_word' id='word_1_788' title='bbox 1856 5099 2120 5156; x_wconf 87' lang='lat' dir='ltr'><strong>adversus</strong></span> <span class='ocrx_word' id='word_1_789' title='bbox 2170 5099 2409 5152; x_wconf 87' lang='lat' dir='ltr'><strong>animant</strong></span> <span class='ocrx_word' id='word_1_790' title='bbox 2450 5096 2659 5151; x_wconf 88' lang='lat' dir='ltr'><strong>aditum</strong></span> <span class='ocrx_word' id='word_1_791' title='bbox 2687 5113 2796 5152; x_wconf 89' lang='lat' dir='ltr'><strong>non</strong></span> <span class='ocrx_word' id='word_1_792' title='bbox 2854 5098 3116 5154; x_wconf 88' lang='lat' dir='ltr'><strong>inveniet.</strong></span> <span class='ocrx_word' id='word_1_793' title='bbox 3150 5097 3242 5152; x_wconf 89' lang='lat' dir='ltr'><strong>Dei</strong></span> <span class='ocrx_word' id='word_1_794' title='bbox 3277 5098 3425 5153; x_wconf 89' lang='lat' dir='ltr'><strong>enim</strong></span> 
     </span>
    </p>
   </div>
   <div class='ocr_carea' id='block_1_108' title="bbox 1857 5188 3427 5261">
    <p class='ocr_par' dir='ltr' id='par_1_108' title="bbox 1857 5188 3427 5261">
     <span class='ocr_line' id='line_1_108' title="bbox 1857 5188 3427 5261; baseline -0.002 -16"><span class='ocrx_word' id='word_1_795' title='bbox 1857 5191 2119 5246; x_wconf 90' lang='lat' dir='ltr'><strong>memoria</strong></span> <span class='ocrx_word' id='word_1_796' title='bbox 2144 5190 2199 5244; x_wconf 92' lang='lat' dir='ltr'><strong>in</strong></span> <span class='ocrx_word' id='word_1_797' title='bbox 2244 5189 2411 5244; x_wconf 91' lang='lat' dir='ltr'><strong>corde</strong></span> <span class='ocrx_word' id='word_1_798' title='bbox 2441 5188 2546 5243; x_wconf 80' lang='lat' dir='ltr'><strong>lixa</strong></span> <span class='ocrx_word' id='word_1_799' title='bbox 2582 5198 2746 5260; x_wconf 90' lang='lat' dir='ltr'><strong>atque</strong></span> <span class='ocrx_word' id='word_1_800' title='bbox 2791 5189 3040 5257; x_wconf 75' lang='lat' dir='ltr'><strong>fundata,</strong></span> <span class='ocrx_word' id='word_1_801' title='bbox 3092 5191 3246 5261; x_wconf 70' lang='lat' dir='ltr'><strong>irrita</strong></span> <span class='ocrx_word' id='word_1_802' title='bbox 3292 5204 3427 5243; x_wconf 82' lang='lat' dir='ltr'><strong>con-</strong></span> 
     </span>
    </p>
   </div>
   <div class='ocr_carea' id='block_1_109' title="bbox 1856 5280 3426 5353">
    <p class='ocr_par' dir='ltr' id='par_1_109' title="bbox 1856 5280 3426 5353">
     <span class='ocr_line' id='line_1_109' title="bbox 1856 5280 3426 5353; baseline 0.001 -15"><span class='ocrx_word' id='word_1_803' title='bbox 1856 5283 1975 5338; x_wconf 90' lang='lat' dir='ltr'><strong>siIia</strong></span> <span class='ocrx_word' id='word_1_804' title='bbox 2005 5280 2305 5338; x_wconf 86' lang='lat' dir='ltr'><strong>adversarii</strong></span> <span class='ocrx_word' id='word_1_805' title='bbox 2341 5290 2586 5349; x_wconf 88' lang='lat' dir='ltr'><strong>manent,</strong></span> <span class='ocrx_word' id='word_1_806' title='bbox 2613 5282 2830 5353; x_wconf 92' lang='lat' dir='ltr'><strong>justitia</strong></span> <span class='ocrx_word' id='word_1_807' title='bbox 2871 5299 2991 5339; x_wconf 89' lang='lat' dir='ltr'><strong>sese</strong></span> <span class='ocrx_word' id='word_1_808' title='bbox 3024 5284 3255 5338; x_wconf 89' lang='lat' dir='ltr'><strong>mediam</strong></span> <span class='ocrx_word' id='word_1_809' title='bbox 3300 5283 3426 5339; x_wconf 87' lang='lat' dir='ltr'><strong>ubi-</strong></span> 
     </span>
    </p>
   </div>
   <div class='ocr_carea' id='block_1_110' title="bbox 1857 5374 3424 5446">
    <p class='ocr_par' dir='ltr' id='par_1_110' title="bbox 1857 5374 3424 5446">
     <span class='ocr_line' id='line_1_110' title="bbox 1857 5374 3424 5446; baseline 0.001 -18"><span class='ocrx_word' id='word_1_810' title='bbox 1857 5391 1963 5445; x_wconf 87' lang='lat' dir='ltr'><strong>que</strong></span> <span class='ocrx_word' id='word_1_811' title='bbox 2027 5374 2415 5430; x_wconf 85' lang='lat' dir='ltr'><strong>controversiis</strong></span> <span class='ocrx_word' id='word_1_812' title='bbox 2478 5375 2909 5446; x_wconf 88' lang='lat' dir='ltr'><strong>interponente;</strong></span> <span class='ocrx_word' id='word_1_813' title='bbox 2972 5374 3225 5445; x_wconf 87' lang='lat' dir='ltr'><strong>prohibet</strong></span> <span class='ocrx_word' id='word_1_814' title='bbox 3296 5374 3424 5430; x_wconf 89' lang='lat' dir='ltr'><strong>item</strong></span> 
     </span>
    </p>
   </div>
   <div class='ocr_carea' id='block_1_111' title="bbox 1860 5467 3426 5538">
    <p class='ocr_par' dir='ltr' id='par_1_111' title="bbox 1860 5467 3426 5538">
     <span class='ocr_line' id='line_1_111' title="bbox 1860 5467 3426 5538; baseline 0.001 -18"><span class='ocrx_word' id='word_1_815' title='bbox 1860 5467 2150 5537; x_wconf 84' lang='lat' dir='ltr'><strong>agricolam</strong></span> <span class='ocrx_word' id='word_1_816' title='bbox 2179 5483 2208 5521; x_wconf 87' lang='lat' dir='ltr'><strong>a</strong></span> <span class='ocrx_word' id='word_1_817' title='bbox 2241 5474 2465 5536; x_wconf 90' lang='lat' dir='ltr'><strong>peccato</strong></span> <span class='ocrx_word' id='word_1_818' title='bbox 2507 5468 2705 5534; x_wconf 87' lang='lat' dir='ltr'><strong>oratio,</strong></span> <span class='ocrx_word' id='word_1_819' title='bbox 2769 5468 2827 5522; x_wconf 87' lang='lat' dir='ltr'><strong>in</strong></span> <span class='ocrx_word' id='word_1_820' title='bbox 2871 5468 3068 5538; x_wconf 87' lang='lat' dir='ltr'><strong>exiguo</strong></span> <span class='ocrx_word' id='word_1_821' title='bbox 3089 5468 3203 5538; x_wconf 88' lang='lat' dir='ltr'><strong>agri</strong></span> <span class='ocrx_word' id='word_1_822' title='bbox 3264 5467 3426 5521; x_wconf 90' lang='lat' dir='ltr'><strong>modo</strong></span> 
     </span>
    </p>
   </div>
   <div class='ocr_carea' id='block_1_112' title="bbox 1859 5557 3421 5630">
    <p class='ocr_par' dir='ltr' id='par_1_112' title="bbox 1859 5557 3421 5630">
     <span class='ocr_line' id='line_1_112' title="bbox 1859 5557 3421 5630; baseline -0.001 -18"><span class='ocrx_word' id='word_1_823' title='bbox 1859 5557 2073 5614; x_wconf 82' lang='lat' dir='ltr'><strong>fructus</strong></span> <span class='ocrx_word' id='word_1_824' title='bbox 2109 5559 2501 5629; x_wconf 81' lang='lat' dir='ltr'><strong>multiplicans,</strong></span> <span class='ocrx_word' id='word_1_825' title='bbox 2538 5575 2608 5615; x_wconf 89' lang='lat' dir='ltr'><strong>ne</strong></span> <span class='ocrx_word' id='word_1_826' title='bbox 2628 5565 2820 5630; x_wconf 85' lang='lat' dir='ltr'><strong>postea</strong></span> <span class='ocrx_word' id='word_1_827' title='bbox 2855 5558 3089 5628; x_wconf 84' lang='lat' dir='ltr'><strong>amplius</strong></span> <span class='ocrx_word' id='word_1_828' title='bbox 3141 5571 3249 5612; x_wconf 88' lang='lat' dir='ltr'><strong>una</strong></span> <span class='ocrx_word' id='word_1_829' title='bbox 3296 5572 3421 5612; x_wconf 90' lang='lat' dir='ltr'><strong>cum</strong></span> 
     </span>
    </p>
   </div>
   <div class='ocr_carea' id='block_1_113' title="bbox 1862 5650 3424 5722">
    <p class='ocr_par' dir='ltr' id='par_1_113' title="bbox 1862 5650 3424 5722">
     <span class='ocr_line' id='line_1_113' title="bbox 1862 5650 3424 5722; baseline 0.003 -20"><span class='ocrx_word' id='word_1_830' title='bbox 1862 5651 1984 5722; x_wconf 85' lang='lat' dir='ltr'><strong>plus</strong></span> <span class='ocrx_word' id='word_1_831' title='bbox 2021 5650 2251 5706; x_wconf 83' lang='lat' dir='ltr'><strong>habendi</strong></span> <span class='ocrx_word' id='word_1_832' title='bbox 2289 5650 2583 5720; x_wconf 86' lang='lat' dir='ltr'><strong>cupiditate</strong></span> <span class='ocrx_word' id='word_1_833' title='bbox 2621 5659 2901 5721; x_wconf 86' lang='lat' dir='ltr'><strong>peccatum</strong></span> <span class='ocrx_word' id='word_1_834' title='bbox 2954 5650 3303 5722; x_wconf 88' lang='lat' dir='ltr'><strong>ingrediatur.</strong></span> <span class='ocrx_word' id='word_1_835' title='bbox 3348 5650 3424 5706; x_wconf 79' lang='lat' dir='ltr'><strong>Ita</strong></span> 
     </span>
    </p>
   </div>
  </div>
