4004 6476
648 369 788 426 ίίῖὅ

645 485 846 549 viator,
879 483 954 538 ita
986 482 1080 553 qui
1112 480 1510 552 expeditionem
1544 481 1626 537 vel
1655 481 1871 552 nuptias
1893 489 2047 552 parat
2077 499 2090 533 :
2123 481 2194 534 ita
2223 485 2266 540 Α

644 576 958 647 quicunque
985 574 1224 628 animum
1271 573 1339 628 ad
1385 574 1601 643 aliquod
1652 574 1926 644 negotium
1975 571 2195 639 adjecit,

646 664 692 718 si
750 678 873 716 cum
926 661 1175 716 oratione
1213 663 1492 731 quodlibet
1543 668 1686 731 agat,
1733 676 1991 730 prospero
2037 669 2198 730 atque

646 751 787 806 felici
819 764 1077 806 successu
1108 751 1444 820 negotiorum
1483 767 1513 804 a
1565 749 1840 820 peccando
1869 749 2193 814 abducetur,

643 842 795 896 nullo
823 839 1134 896 adversario
1167 843 1402 895 animam
1447 842 1514 895 ad
1571 841 1760 894 vilium
1795 839 2064 895 trahente.
2102 839 2195 894 Sin

643 938 826 984 autem
864 930 1052 984 relicto
1082 929 1218 991 Deo,
1267 930 1482 1007 negotio
1517 937 1661 983 totus
1718 929 1960 984 intentus
2011 928 2194 995 fuerit,

641 1020 866 1074 omnino
897 1035 1121 1074 necesse
1143 1028 1244 1083 est,
1287 1026 1400 1073 uta
1434 1018 1544 1073 Deo
1577 1025 1820 1074 remotus
1848 1035 1972 1074 cum
2001 1019 2195 1072 adver-

636 1113 791 1183 sario
819 1126 1045 1182 prorsus
1075 1123 1338 1167 versetur.
1380 1111 1603 1167 Becedit
1653 1119 1830 1170 autem
1858 1126 1887 1164 a
1945 1110 2074 1176 Deo,
2103 1109 2195 1180 qui

644 1222 741 1277 per
769 1208 1069 1262 orationem
1109 1221 1230 1262 sese
1277 1207 1388 1262 Deo
1415 1222 1524 1260 non
1556 1205 1859 1274 conjungit.
1895 1203 2036 1275 Ergo
2093 1205 2196 1260 hoc

643 1298 796 1368 prius
825 1299 1070 1354 orationc
1091 1299 1321 1354 docendi
1347 1298 1501 1361 estis,
1533 1298 1676 1367 quod
1714 1312 1927 1366 semper
1958 1311 2115 1350 orare
2143 1304 2196 1350 et

643 1404 753 1444 non
781 1389 1065 1459 defatigari
1091 1397 1336 1460 Oporteat
1354 1390 1419 1442 ¹¹.
1447 1387 1552 1443 Per
1580 1389 1878 1443 orationem
1899 1388 2041 1442 enim
2072 1402 2193 1440 cum

645 1479 757 1536 Deo
794 1497 915 1536 esse
941 1482 1230 1551 contingit.
1262 1484 1331 1534 At
1361 1481 1451 1550 qui
1483 1496 1605 1536 cum
1640 1480 1751 1536 Deo
1775 1487 1878 1547 est,
1909 1479 1976 1534 ab
2007 1479 2198 1534 adver-

642 1572 792 1628 sario
828 1580 1069 1627 remotus
1102 1579 1207 1626 est.
1241 1571 1430 1626 Oratio
1458 1571 1734 1641 pudicitiae
1773 1570 2084 1640 praesidium
2115 1576 2197 1622 at-

643 1679 750 1734 que
785 1671 1024 1718 tutamen
1055 1671 1159 1724 est,
1187 1662 1280 1716 ira:
1310 1661 1632 1726 moderatio,
1668 1662 1938 1730 superbiae
1990 1658 2196 1714 sedatio

642 1765 807 1825 atque
840 1755 1129 1824 repressio,
1162 1755 1488 1823 injuriarum
1545 1754 1751 1808 tenacis
1782 1753 2054 1806 memoria:
2103 1767 2197 1805 ex-

643 1847 917 1917 purgatio,
945 1845 1161 1900 invidiae
1219 1844 1545 1915 proﬂigatio,
1601 1842 1883 1912 injustitim
1930 1841 2194 1904 sublatio,

643 1938 937 2009 impietatis
968 1938 1260 1992 correctio.
1305 1935 1495 1991 Oratio
1525 1951 1820 2006 corporum
1874 1933 2043 1989 robur
2092 1940 2195 1999 est,

644 2029 982 2084 abundantia
1006 2027 1222 2093 domus,
1249 2036 1396 2082 recta
1425 2027 1567 2095 juris
1594 2041 1657 2080 ac
1690 2026 1866 2096 legum
1897 2025 1954 2079 in
1983 2023 2200 2077 civitate

641 2121 982 2182 constitutio,
1019 2119 1166 2188 regni
1192 2118 1358 2182 vires,
1401 2117 1524 2172 belli
1569 2117 1890 2188 trophaeum,
1927 2115 2077 2186 pacis
2109 2128 2197 2169 se-

643 2211 884 2272 curitas.
943 2209 1322 2266 dissidentium
1385 2208 1727 2272 conciliatio,
1782 2207 2197 2276 conjunctorum

643 2302 1005 2356 conservatio.
1046 2299 1232 2355 Oratio
1254 2300 1587 2372 virginitatis
1617 2299 1853 2370 sigillum
1876 2311 1978 2362 est,
2011 2298 2202 2351 matri-

644 2393 810 2447 monii
846 2391 1003 2456 fules,
1035 2391 1340 2446 viatoribus
1370 2401 1621 2457 scutum,
1675 2391 2062 2446 dormientium
2104 2407 2202 2446 cu-

643 2493 792 2548 stos,
846 2483 1186 2552 vigilantium
1234 2483 1455 2546 ﬁducia,
1510 2483 1867 2553 agricolarum
1924 2481 2198 2548 fertilitas,

644 2573 1013 2642 navigantium
1049 2572 1219 2626 salus.
1261 2572 1448 2626 Oratio
1506 2585 1722 2626 reorum
1753 2583 1807 2627 et
1835 2587 2057 2628 causam
2113 2573 2200 2626 di-

645 2663 882 2717 centium
911 2663 1160 2728 patrona,
1198 2661 1486 2715 noxiorum
1508 2676 1572 2714 ac
1601 2661 1905 2715 vinctorum
1939 2662 2202 2716 relaxatio

645 2760 809 2822 atque
863 2753 1081 2815 solutio,
1144 2751 1491 2822 fatigatorum
1540 2753 1788 2822 requies,
1852 2755 2198 2808 mmrentium

645 2843 970 2906 consolatio,
993 2841 1340 2912 gaudentium
1365 2843 1529 2896 animi
1561 2841 1870 2907 delectatio,
1901 2843 2200 2913 lugentium

644 2931 922 2996 solatium,
963 2932 1181 3002 nuptias
1222 2930 1662 2985 contrahentium
1709 2945 1932 2994 corona,
1972 2929 2202 2984 natalitii

646 3023 770 3078 festi
793 3023 1105 3089 celebratio,
1125 3023 1470 3078 morientium
1509 3021 1699 3077 funus.
1737 3021 1946 3088 Oratio,
1971 3037 2202 3077 conver-

646 3112 786 3167 satio
816 3111 1312 3182 sermocinatioque
1355 3126 1477 3166 cum
1528 3111 1640 3170 Deo
1693 3121 1798 3178 est,
1858 3115 2035 3169 visum
2066 3113 2200 3169 eﬂ'u-

646 3203 908 3273 gientium
941 3203 1350 3273 contemplatio,
1397 3219 1584 3258 eorum
1625 3220 1746 3275 quae
1799 3205 2202 3275 concupiscun-

645 3306 757 3360 tur,
786 3305 934 3351 certa
960 3294 1094 3351 fides
1117 3312 1130 3349 :
1157 3294 1400 3364 ejusdem
1431 3311 1554 3351 cum
1589 3296 1795 3368 angelis
1823 3298 2045 3353 honoris
2076 3313 2206 3353 con—

646 3387 804 3452 ditio,
832 3387 1100 3442 bonorum
1132 3401 1458 3456 progressus
1488 3395 1543 3442 et
1573 3388 1988 3454 incrementum,
2033 3390 2204 3443 malo-

646 3494 770 3534 rum
825 3477 1134 3541 subversio,
1199 3486 1546 3547 peccatorum
1595 3480 1925 3543 emendatio,
1961 3497 2203 3552 praesen-

647 3570 784 3623 tium
842 3568 1092 3631 fructus,
1160 3566 1464 3622 futurorum
1526 3570 1956 3638 comprehensio.
2019 3570 2206 3626 Oratio

646 3660 796 3715 Jonas
828 3660 1044 3731 quidem
1091 3666 1270 3712 cetum
1320 3659 1542 3715 domum
1600 3660 1778 3717 effecit
1803 3663 1884 3716 u:
1922 3664 2205 3719 Ezechiam

651 3768 776 3808 vero
807 3769 868 3807 ex
913 3755 1082 3822 portis
1114 3753 1306 3807 mortis
1339 3752 1406 3806 ad
1448 3754 1617 3808 vitam
1670 3755 1885 3810 reduxit
1913 3756 1990 3810 ιιι
2027 3757 2205 3811 tribus

648 3853 828 3900 autem
873 3843 1312 3899 adolescentibus
1366 3844 1420 3898 in
1458 3853 1682 3899 ventum
1733 3856 2007 3900 rorantem
2057 3845 2207 3900 ﬂam-

648 3951 791 3990 mam
832 3936 1098 3990 convertit
1123 3936 1204 4002 ¹⁸;
1261 3935 1525 3992 lsraelitis
1566 3937 1830 3993 adversus
1875 3937 2204 3995 Amalecitas

649 4027 944 4094 trophaeum
980 4029 1152 4080 erexit
1183 4027 1248 4091 ’⁸,
1286 4035 1340 4081 et
1369 4035 1586 4082 centum
1641 4028 1921 4098 octoginta
1962 4029 2206 4100 quinque

647 4117 815 4170 millia
846 4117 1198 4187 Assyriorum
1227 4134 1333 4172 una
1359 4127 1522 4176 nocte
1548 4121 1730 4191 gladio
1761 4121 2020 4178 invisibili
2081 4137 2206 4192 pro-

647 4210 842 4264 stravit
866 4211 932 4264 ".
970 4211 1145 4280 Atque
1171 4220 1426 4267 sexcenta
1458 4223 1652 4282 praeter
1690 4214 1804 4268 haec
1842 4230 1908 4269 cx
1951 4215 2036 4277 iis,
2086 4231 2205 4284 quae

641 4301 754 4371 jam
781 4301 1120 4363 acciderunt,
1144 4303 1389 4370 exempla
1425 4303 1550 4358 licet
1576 4303 1854 4360 invenire:
1887 4305 2084 4375 quibus
2104 4322 2204 4376 pa-

651 4399 756 4450 lam
787 4396 865 4459 fit,
896 4395 1033 4448 nihil
1062 4411 1127 4449 ex
1160 4396 1249 4458 iis,
1278 4411 1398 4463 qua:
1439 4412 1534 4466 per
1565 4396 1707 4452 hanc
1736 4397 1903 4453 vitam
1949 4399 2205 4453 coluntur

2226 3161 2269 3217 C

1869 368 1926 422 S.
1969 365 2292 422 CREGORII
2333 365 2620 421 NYSSLN!

3646 373 3746 434 ΗΞὸ

2297 482 2587 551 ἁμαρτίαν.
2613 479 2796 544 οὕτως
2824 481 2852 533 ὁ
2876 477 3168 550 ὁδοιπόρος,
3198 475 3360 542 οὕτως
3382 480 3410 534 ὁ
3425 480 3508 534 ἐπὶ
3528 493 3748 554 στρατείαν

2295 572 2328 643 ἢ
2363 571 2537 641 γάμον
2567 569 2909 642 στελλόμενος
2926 587 2940 600 ·
2979 570 3147 633 οὓτως
3173 571 3278 632 πᾶς
3303 570 3523 625 ὁστισοῦν
3544 573 3632 627 τῶν
3654 579 3751 646 πρός

2293 679 2344 714 τι
2372 663 2470 732 τὴν
2499 663 2671 733 ὁρμὴν
2708 661 2954 732 ἐχόντων,
2988 663 3036 714 εί
3065 660 3180 731 μετ’
3208 659 3364 730 εὐχῆς
3391 661 3590 715 ἕκαστον
3623 669 3751 736 πράτ.

2293 769 2454 813 τοιτο,
2485 755 2552 823 τῇ
2587 752 2720 822 πρὸς
2750 752 2810 805 τὸ
2858 751 3279 822 σπουδαζόμενον
3311 751 3476 823 εὐοδίᾳ
3515 753 3594 806 τοῦ
3625 756 3755 828 ἁμαρ-

2293 842 2471 896 τάνειν
2501 843 2967 914 ἀποτραπήσεται,
3013 840 3220 904 οὐδενὸς
3263 840 3485 893 ἐναντίου
3521 842 3604 912 τὴν
3629 845 3756 917 ψυχὴν

2293 932 2426 1002 πρὸς
2469 931 2637 995 πάθος
2688 931 3050 994 καθέλκοντος.
3096 931 3159 983 Εἰ
3195 929 3249 983 δὲ
3293 930 3514 993 ἀποστὰς
3551 931 3629 984 τού
3661 933 3759 988 Θεοῦ

2293 1023 2411 1086 ὅλος
2439 1023 2643 1092 γένοιτο
2671 1024 2767 1092 τῆς
2794 1021 3024 1092 σπουδῆς
3041 1061 3054 1086 ,
3085 1021 3292 1090 ἀνάγκη
3321 1022 3457 1072 πᾶσα
3484 1021 3563 1074 τὸν
3588 1021 3671 1086 ἔξω
3693 1023 3758 1076 τοῦ

2295 1114 2428 1168 Θεοῦ
2453 1115 2577 1168 ὅντα
2606 1117 2662 1169 ὲν
2685 1132 2762 1185 τῳ
2792 1113 3012 1185 ἐναντίῳ
3043 1113 3254 1176 πάντως
3279 1106 3430 1165 εἶναι.
3455 1112 3764 1182 Χωρίζεταιὸὶ

2292 1207 2385 1260 τοῦ
2431 1207 2584 1270 Θεοῦ,
2618 1209 2646 1260 ὁ
2681 1206 2755 1278 μὴ
2781 1206 3060 1260 συνάπτων
3083 1205 3270 1258 ἑαυτὸν
3309 1203 3391 1257 διὰ
3431 1205 3764 1276 προσευχῆςτῷ

2293 1297 2431 1367 Θεῷ.
2475 1297 2682 1351 Οὐκοῦν
2715 1297 2870 1351 τοῦτο
2897 1297 3001 1368 χρὴ
3051 1294 3309 1368 πρότερον
3348 1295 3486 1364 ἡμᾶς
3523 1293 3767 1365 διδαχθῆναι

2292 1388 2369 1459 τῷ
2396 1389 2557 1460 λόγῳ,
2585 1391 2667 1442 ὅτι
2695 1391 2776 1443 δεῖ
2811 1390 3037 1443 πάντοτε
3067 1384 3470 1458 προσεύχεσθαι,
3502 1386 3583 1438 καὶ
3613 1385 3672 1454 μὴ
3704 1387 3768 1437 ἐκ.

2294 1480 2501 1531 κακείν.
2561 1478 2653 1531 Ἐκ
2696 1479 2805 1548 γὰρ
2849 1476 2942 1531 τοῦ
2985 1475 3371 1548 προσεύχεσθαι
3405 1473 3694 1542 περιγίνεται
3728 1471 3770 1526 τὸ

2298 1568 2433 1638 μετά
2474 1567 2608 1622 Θεοῦ
2658 1565 2813 1623 εῖναι.
2851 1567 2910 1621 '0
2953 1567 3007 1620 δὲ
3053 1567 3188 1638 μετά
3212 1565 3343 1619 Θεού
3369 1565 3565 1629 ὣν,τού
3590 1566 3769 1618 ἀντικει-

2298 1660 2458 1730 μένου
2487 1660 2826 1734 κεχὼρισται.
2862 1659 3139 1733 Προσευχὴ
3169 1657 3507 1729 σωφροσύνης
3536 1658 3633 1710 ἐστὶ
3656 1658 3774 1726 φυλα-

2296 1753 2537 1823 κτήριον,
2565 1753 2735 1825 θυμοῦ
2768 1754 3125 1822 παιδαγωγία,
3158 1750 3324 1821 τύφου
3364 1747 3652 1819 καταστολὴ,
3677 1766 3774 1817 μνη·

2227 1824 2271 1879 Β
2300 1841 2548 1906 σικακίας
2600 1824 2926 1914 καθάρσιον,
2976 1841 3170 1911 φθόνου
3231 1839 3570 1910 καθαίρεσις,
3617 1837 3776 1904 ἀδικίας

2297 1930 2590 2002 ἀναίρεσις,
2633 1933 2884 1996 ἀσεϐείας
2918 1931 3303 2002 ἐπανόρθωσις.
3343 1927 3604 1999 Προσευχὴ
3644 1927 3778 1996 σωμά-

2296 2037 2404 2074 των
2451 2021 2594 2075 ὲστὶν
2647 2024 2816 2094 ἰσχὺς,
2853 2022 3026 2086 οίκίας
3069 2021 3310 2094 εύθηνία,
3355 2020 3550 2082 πόλεως
3588 2017 3778 2087 εὐνομία,

2300 2111 2572 2182 βασιλείας
2598 2116 2813 2184 κράτος,
2847 2115 3077 2186 πολέμου
3109 2114 3386 2186 τρόπαιον,
3417 2112 3620 2183 εἰρήνης
3650 2111 3779 2177 ἀσφά·

2300 2139 2571 2182 ΡασιΑθ-ιας
2598 2139 2813 2184 κρατος,
2847 2139 3077 2186 ποΑεμου
3109 2139 3386 2186 τρυπαιυν,
3417 2139 3618 2183 ειρηνης
3650 2139 3779 2177 υιυφςι·

2297 2203 2413 2257 λεια
2437 2244 2452 2265 ,
2498 2205 2605 2259 τῶν
2649 2205 2940 2260 διεστώτων
2989 2205 3276 2276 συναγωγὴ
3302 2245 3317 2268 ,
3358 2203 3460 2257 τῶν
3502 2201 3780 2255 συνεστώτων

2295 2295 2542 2367 διαμονή.
2591 2296 2869 2368 Προσευχὴ
2897 2296 3190 2368 παρθενίας
3229 2295 3346 2348 ἐστὶ
3390 2293 3625 2364 σφραγὶς,
3652 2292 3782 2361 γάμω

2299 2387 2498 2450 πίστις,
2532 2385 2825 2456 ὁδοιπόροις
2853 2386 3032 2450 ὅπλον,
3087 2383 3439 2456 κοιμωμένων
3467 2379 3639 2450 φύλαξι
3665 2383 3784 2450 ἐγρη·

2298 2477 2532 2547 γορότων
2576 2478 2800 2548 θάρσος,
2845 2477 3102 2552 γεωργῶν
3149 2478 3400 2550 εὐφιηία,
3432 2474 3786 2544 ναυτιλλομένων

2301 2568 2558 2638 σωτηρία.
2606 2567 2883 2639 Προσευχὴ
2924 2568 3256 2640 κρινομένων
3288 2569 3588 2641 συνήγορος,
3622 2565 3784 2633 δεδεμέ-

2298 2674 2403 2709 νων
2425 2658 2622 2723 ἄνεσις,
2649 2662 3002 2729 κεκμηκότων
3031 2661 3359 2724 ἀνάπαυσις,
3384 2658 3701 2728 λυπουμένων
3719 2673 3788 2706 πα·

2301 2751 2555 2822 ραμυθία,
2590 2752 2881 2823 χαιρόντων
2909 2751 3159 2822 θυμηδία,
3204 2751 3541 2804 πενθούντων
3573 2746 3789 2818 παράκλη·

2302 2859 2402 2906 σις,
2433 2844 2748 2914 γαμούντων
2779 2841 3054 2911 στέφανος,
3084 2841 3376 2910 γενεθλίων
3417 2839 3587 2912 ἑορτὴ,
3612 2837 3791 2915 ἀποθνη-

2303 2934 2535 2985 σκόντων
2564 2933 2828 3002 ἐντάφιον.
2859 2932 3136 3004 Προσευχὴ
3169 2931 3308 2987 Θεοῦ
3345 2932 3545 3002 ὁμιλία,
3573 2930 3664 2983 τῶν
3682 2928 3791 2997 ἀορά-

2301 3042 2410 3077 των
2463 3023 2663 3094 θεωρία
2700 3041 2713 3054 ο
2766 3024 2871 3078 τῶν
2908 3025 3320 3096 ἐπιθυμούντων
3367 3021 3698 3096 πληροφορία,
3720 3019 3793 3072 τῶν

2301 3115 2542 3184 ἀγγέλων
2573 3116 2844 3187 ὁμοτιμία,
2877 3117 2984 3170 τῶν
3014 3116 3192 3170 καλῶν
3223 3116 3495 3188 προκοπὴ,
3535 3114 3634 3167 τῶν
3659 3110 3796 3166 κακῶν

2303 3209 2598 3280 ἀνατροπὴ,
2629 3210 2736 3262 τῶν
2765 3210 3177 3281 ἁμαρτανόντων
3204 3210 3507 3281 διόρθωσις,
3535 3207 3632 3260 τῶν
3650 3204 3795 3273 παρόν-

2301 3318 2409 3354 των
2434 3301 2743 3364 ἀπόλαυσις,
2776 3301 2882 3354 τῶν
2917 3301 3211 3371 μελλόντων
3237 3301 3548 3360 ὑπόστασις.
3582 3291 3798 3368 Προσευχὴ

2302 3392 2379 3464 τῷ
2409 3393 2506 3464 μὲν
2546 3393 2716 3464 Ίωνᾷ,
2749 3394 2809 3446 τὸ
2837 3393 2997 3462 κῆτος
3021 3388 3164 3445 οἶκον
3190 3393 3477 3463 ἐποίησεν·
3508 3390 3593 3443 τὸν
3616 3388 3663 3441 δὲ
3696 3384 3797 3446 Ἐζε-

2304 3487 2425 3539 κίαν
2451 3485 2627 3537 αὐτῶν
2655 3485 2836 3538 πυλῶν
2860 3483 2950 3538 τοῦ
2978 3485 3202 3538 θανάτου
3239 3485 3381 3557 πρὸς
3407 3483 3505 3553 τὴν
3531 3480 3660 3551 ζωὴν
3682 3481 3800 3531 ὲπαν·

2304 3577 2506 3647 ήγαγεν
2525 3593 2538 3606 ·
2566 3579 2676 3640 τοῖς
2708 3576 2762 3629 δὲ
2794 3577 2937 3647 τρισὶ
2962 3575 3102 3640 νέοις
3129 3577 3210 3639 είς
3233 3575 3454 3647 πνεῦμα
3477 3571 3711 3647 δροσῶδες
3733 3566 3800 3636 τὴν

2304 3669 2473 3736 φλόγα
2533 3667 2785 3739 ἔτρεψεν
2840 3668 3077 3733 καὶτοῖς
3147 3667 3512 3740 Ἰσραηλίταις
3571 3662 3694 3718 κατὰ
3729 3660 3802 3712 τῶν

2315 3760 2686 3832 Ἀμαληκιτῶν
2731 3761 2991 3832 ἀνέστησε
3033 3759 3292 3834 τρόπαιον
3316 3775 3332 3792 ο
3399 3759 3493 3814 καὶ
3532 3757 3623 3821 τάς
3663 3751 3800 3808 ἑκατὸν

2303 3851 2624 3922 ὁγδοήκοντα
2671 3851 2764 3904 καὶ⁷
2797 3851 2956 3904 πέντε
3006 3850 3246 3921 χιλιάδας
3288 3848 3402 3903 τῶν
3443 3847 3713 3916 Ἀσσυρίων
3737 3840 3804 3910 μιᾷ

2303 3943 2456 3996 νυκτὶ
2479 3945 2545 4014 τῇ
2574 3944 2787 4014 ἀοράτῳ
2814 3943 3074 4013 ῥομφαίᾳ,
3107 3942 3512 4015 κατέστρωσεν.
3553 3937 3650 3991 Καὶ
3681 3931 3803 4005 μυρία

2304 4035 2442 4106 πρὸς
2466 4034 2675 4098 τούτοις
2717 4036 2860 4090 ῑττιν
2888 4035 3067 4104 εὑρεῖν
3103 4034 3168 4087 ὲκ
3209 4033 3322 4086 τῶν
3356 4033 3460 4104 ἥδη
3493 4025 3808 4101 γεγενημένον

2301 4085 2371 4181 τᾶ
2390 4085 2803 4196 ’ἐποδειῆίᾴαὲαζ
2829 4085 2907 4178 δι(
3050 4085 3286 4195 φανερὸν
3315 4085 3527 4193 γεξιεὲαἰ
3543 4085 3579 4188 ,’
3599 4121 3651 4174 τὸ
3664 4085 3807 4188 ’.μηδὲν

2302 4219 2402 4290 τῆς
2444 4217 2741 4290 προσευχῆς
2784 4211 2920 4270 εἶναι
2965 4215 3072 4270 τῶν
3135 4216 3275 4270 κατὰ
3327 4215 3432 4287 τὴν
3483 4214 3620 4284 ζωὴν
3665 4208 3812 4280 τιμίων

2303 4311 2591 4383 ἀνώτερον.
2640 4309 2796 4363 Ἀλλά
2828 4309 3016 4381 καιρὸς
3063 4304 3126 4362 ἂν
3161 4307 3249 4379 εἴη
3285 4309 3426 4380 πρὸς
3453 4308 3616 4375 αὐτὴν
3637 4303 3719 4374 ᾔδη
3742 4298 3811 4369 τὴν

2305 4403 2605 4476 προσευχὴν
2630 4400 2985 4472 ἀηοληθῆναι
3007 4415 3023 4432 ’
3059 4398 3254 4470 μᾶλλον
3287 4399 3348 4452 δὲ
3385 4398 3578 4470 μικρὸν
3599 4395 3670 4448 ἔτι
3691 4406 3815 4464 προσ-

647 4487 784 4540 etin
813 4485 988 4556 pretio
1019 4497 1166 4546 sunt,
1214 4485 1450 4539 orationi
1507 4497 1786 4554 praestare.
1827 4485 1934 4542 Sed
1991 4495 2201 4559 tempus

2309 4494 2487 4564 θῶμεν
2517 4491 2593 4563 τῷ
2633 4491 2794 4562 λόγῳ,
2817 4492 2898 4544 ὅτι
2920 4489 3125 4544 πολλῶν
3148 4490 3241 4570 καί
3271 4487 3628 4543 παντοδαπῶν
3647 4480 3813 4570 ἀγαθῷν

648 4576 831 4635 fuerit,
863 4575 974 4644 jam
1017 4575 1120 4645 ipsi
1174 4575 1407 4629 orationi
1461 4591 1680 4646 operam
1736 4579 1906 4634 dare:
1954 4579 2204 4650 quinimo

648 4662 927 4732 paululqu
961 4663 1122 4718 etiam
1157 4666 1400 4719 sermoni
1441 4665 1621 4721 adhuc
1673 4667 2014 4737 adjiciamus,
2059 4669 2203 4740 quod

647 4767 772 4806 cum
815 4753 982 4806 multa
1010 4767 1074 4806 ac
1104 4753 1254 4808 varia
1287 4769 1318 4807 a
1375 4753 1554 4809 divina
1613 4757 1787 4826 gratia
1844 4757 1985 4812 bona
2045 4759 2203 4814 nobis

645 4843 962 4912 obtigerint,
985 4859 1154 4898 unum
1187 4845 1289 4899 hoc
1311 4846 1379 4900 ad
1411 4848 1825 4904 retributionem
1849 4865 2060 4914 eorum,
2082 4867 2202 4921 quae

647 4933 978 5003 accepimus,
1028 4933 1309 4999 habemus,
1352 4945 1410 4990 ut
1442 4953 1538 5008 per
1569 4941 1868 4996 orationem
1917 4942 2120 5010 pariter
2149 4952 2202 4997 et

645 5025 945 5097 gratiarum
981 5025 1273 5092 actionem,
1318 5025 1720 5085 benefactorem
1768 5046 2196 5087 remuneremur.

731 5114 997 5175 Existimo
1015 5119 1198 5190 igitur,
1213 5117 1359 5190 quod
1372 5118 1418 5173 si
1435 5121 1517 5175 vel
1533 5137 1625 5193 per
1639 5133 1804 5180 totam
1837 5121 2000 5174 vitam
2035 5136 2201 5177 oran-

644 5208 714 5264 do
740 5218 902 5277 atque
932 5208 1137 5276 gratias
1164 5208 1374 5278 agendo
1400 5211 1910 5266 sermocinationem
1935 5228 2058 5267 cum
2090 5213 2203 5270 Deo

645 5298 1049 5361 continuemus,
1082 5305 1295 5352 tantum
1329 5299 1398 5354 ab
1427 5314 1511 5363 ea,
1555 5316 1718 5370 quam
1749 5300 1865 5356 ﬁeri
1895 5319 1994 5373 par
2031 5314 2198 5369 esset,

628 5389 1002 5445 retributione
1033 5389 1275 5445 abfuturi
1310 5392 1504 5454 simus,
1532 5401 1796 5461 quantum
1824 5395 1869 5450 si
1899 5411 1997 5451 nec
2025 5397 2199 5452 omni-

644 5495 716 5534 no
743 5481 960 5551 quidem
993 5481 1063 5535 ab
1120 5481 1278 5536 initio
1337 5483 1675 5538 remunerari
1706 5483 2104 5542 benefactorem
2141 5486 2199 5542 in

2311 4583 2458 4656 παρὰ
2515 4585 2613 4654 τῆς
2682 4581 2830 4645 θείας
2881 4582 3098 4652 χάριτος
3145 4567 3280 4652 ἡμῖν
3356 4577 3733 4651 ὑπαρξάντων,
3776 4567 3816 4620 ἓν

2306 4675 2460 4729 τοῦτο
2497 4675 2631 4745 πρὸς
2674 4673 2934 4729 ἀντίδοσιν
2973 4665 3047 4725 ὧν
3093 4670 3402 4742 εἰλήφαμεν
3435 4671 3645 4740 ἔχομεν,
3685 4663 3736 4716 τὸ
3756 4661 3816 4713 διὰ

2307 4763 2611 4835 προσευχῆς
2637 4778 2696 4815 τε
2741 4761 2835 4815 καὶ
2879 4761 3222 4833 εὐχαριστίας
3251 4761 3345 4814 τὸν
3391 4757 3675 4833 εὐεργέτην
3703 4748 3815 4823 ἀμεί-

2307 4856 2514 4909 ϐεσθαι.

2376 5121 2670 5191 Λογίζομαι
2713 5121 2889 5174 τοίνυν
2927 5122 3008 5176 ὅτι
3034 5120 3139 5175 κᾶν
3167 5119 3319 5191 πάσῃ
3347 5123 3417 5193 τῇ
3468 5119 3581 5190 ζωῇ
3611 5114 3696 5186 τὴν
3719 5107 3819 5180 πρὸς

2305 5212 2396 5264 τὸν
2443 5211 2573 5265 Θεὸν
2617 5212 2830 5282 ὁμιλίαν
2863 5213 3397 5284 συμπαρατείνωμεν
3428 5204 3824 5282 εὐχαριστοῦντες

2305 5306 2398 5358 καὶ
2421 5305 2858 5376 προσευχόμενοι,
2887 5305 3136 5360 τοσοῦτον
3167 5305 3266 5376 τῆς
3301 5305 3452 5360 κατὰ
3483 5304 3580 5374 τὴν
3606 5296 3824 5356 ἀντίδοσιν

2306 5395 2460 5461 ἀξίας
2488 5395 2904 5466 ἀπολειπόμεθα,
2940 5398 3064 5451 ὅσον
3095 5398 3144 5450 εί
3192 5395 3330 5467 μηδὲ
3361 5395 3468 5466 τὴν
3510 5394 3676 5465 ἀρχὴν
3714 5389 3826 5440 ἀντιο

2307 5484 2484 5540 δοῦναι
2511 5485 2588 5558 τῷ
2613 5487 2873 5562 εὐεργέτῃ
2901 5487 3384 5563 προεθυμήθημεν.
3436 5487 3526 5541 Ἐν
3557 5481 3694 5557 τρισὶ
3715 5472 3824 5548 τμῆ·

717 5678 927 5762 {'"L'yc.
957 5696 1110 5743 “In,
1278 5684 1320 5716 “
1367 5682 1489 5741 Jon.
1525 5700 1587 5756 ιι,
1610 5687 1643 5742 5
1679 5703 1798 5760 sqq.
1834 5755 1838 5758 γ
1876 5688 1919 5722 ίδ
1944 5686 2010 5743 Ν
2049 5687 2180 5762 Reg.

2299 5727 2308 5755 ,
2338 5688 2372 5745 5
2394 5703 2514 5760 sqq.
2592 5689 2637 5723 ¹⁸
2663 5687 2798 5746 Dan.
2830 5670 2977 5755 1,23
3003 5702 3126 5761 sqq.
3203 5683 3244 5720 “
3269 5685 3458 5741 Exod.
3486 5698 3619 5748 xvu,
3649 5678 3702 5736 tt
3731 5685 3823 5744 sqq-

647 5746 693 5783 "
721 5747 786 5806 IV
819 5749 950 5817 Reg.
999 5764 1114 5815 ιιι,
