4004 6472
264 407 403 462 1125

1194 399 1281 454 DE
1312 397 1660 455 ORATIONE
1697 395 2045 454 DOMINICA.
2085 430 2148 441 -—
2188 397 2443 464 ORATIO
2484 397 2524 451 l.

3349 395 3485 452 ΗΜ

265 535 398 589 μασι
437 514 499 569 τὸ
530 514 779 586 χρονικὸν
808 514 1085 585 μετρεῖται
1113 512 1405 583 διάστημα,
1449 512 1527 582 τῷ
1569 527 1827 583 παρῳχη-

1937 512 2171 565 animum
2235 511 2662 566 induxissemus.
2721 509 2779 564 In
2843 517 2956 564 tres
3012 517 3194 579 partes
3250 511 3483 578 spatium

260 608 401 672 κότι,
436 607 513 678 τῷ
561 606 833 671 ἐνεστῶτι,
868 606 960 658 καὶ
990 603 1068 675 τῷ
1101 603 1365 674 μέλλοντι.
1426 604 1514 657 Ἐν
1545 606 1657 665 τοῖς
1684 603 1829 673 τρισὶ

260 699 473 762 τούτοις
522 700 555 769 ἡ
602 698 885 768 εὐεργεσία
930 696 1025 749 τοῦ
1078 696 1285 766 Κυρίου
1336 694 1823 765 καταλαμόάνεται.

274 787 404 841 Ἐὰν
428 787 489 839 τὸ
517 785 745 849 ἐνεστὼς
776 784 985 856 λογίσῃ,
1013 784 1246 855 ἐνάὑτῷ
1278 784 1376 855 ζῇς
1400 801 1416 816 ο
1469 785 1563 837 ἐὰν
1600 785 1662 838 τὸ
1708 785 1832 855 μέλ-

259 878 376 942 λον,
413 877 617 939 ἐκεῖνός
664 893 746 929 σοι
778 876 885 930 τῶν
916 875 1376 946 προσδοκωμένων
1409 876 1559 939 ἐλπίς
1582 892 1595 905 ο
1649 876 1743 929 ἐάν
1772 876 1831 929 τὸ

260 968 556 1041 παρελθὸν,
583 969 684 1021 οὐκ
712 967 773 1021 ἂν
800 964 868 1039 ἧς
898 969 1026 1038 πρὶν
1053 967 1118 1021 ἂν
1151 968 1277 1038 παρ’
1307 968 1517 1021 ἐκείνου
1558 968 1825 1035 γενέσθαι.

260 1060 677 1132 Εὑηργετήθης,
709 1060 839 1114 αὐτὸ
867 1060 926 1113 τὸ
951 1060 1196 1127 γενέσθαι
1228 1061 1359 1129 παρ’
1392 1059 1597 1112 ἐκείνου
1631 1058 1826 1117 λαϐὼν.

260 1154 363 1205 καὶ
387 1152 674 1220 γενόμενος
702 1149 1093 1222 εὐηργετήθης,
1137 1151 1194 1202 ἐν
1224 1151 1371 1221 αύτῷ
1399 1150 1507 1215 ζῶν
1536 1150 1627 1203 καὶ
1655 1150 1832 1203 κινού-

263 1259 451 1312 μενος,
483 1238 662 1302 καθώς
689 1256 850 1308 φησιν
875 1240 903 1291 ό
942 1238 1258 1300 Ἀπόστολος
1278 1254 1291 1267 ο
1319 1238 1374 1290 αί
1397 1237 1506 1290 τῶν
1534 1236 1831 1307 μελλόντων

258 1332 479 1396 ἐλπίδες
519 1332 616 1402 τῆς
660 1331 827 1401 αὐτῆς
850 1331 1128 1403 ἐνεργείας
1161 1331 1440 1402 ἤρτηνται.
1487 1330 1558 1382 Συ
1588 1328 1643 1381 δὲ
1674 1328 1833 1398 μόνον

258 1424 361 1477 τοῦ
391 1423 681 1485 ἐνεστῶτος
725 1417 775 1474 εἴ
820 1420 1027 1492 κύριος.
1075 1421 1238 1473 Ὥστε
1271 1419 1370 1473 κᾶν
1407 1419 1695 1482 διαπαντὸς
1741 1419 1832 1470 εύ-

258 1515 542 1588 χαριστῶν
567 1514 643 1585 τῷ
674 1514 792 1585 Θεῷ
821 1513 896 1585 μὴ
919 1514 1190 1585 διαλίπῃς,
1222 1513 1377 1584 μόγις
1412 1513 1505 1566 τοῦ
1544 1512 1833 1575 ἐνεστῶτος

257 1604 671 1677 ἀποπληρώσῃς
702 1604 798 1675 τὴν
845 1603 1025 1673 χάριν,
1068 1602 1191 1654 οὔτε
1236 1602 1329 1654 τοῦ
1381 1601 1679 1672 μέλλοντος,
1712 1599 1834 1654 οὔτε

255 1697 361 1751 τοῦ
391 1696 776 1768 παρῳχηκότος
802 1696 1042 1747 ἐπίνοιαν
1069 1693 1393 1765 ἐξευρίσκων
1422 1692 1542 1744 τινά
1574 1692 1707 1764 πρὸς
1740 1692 1835 1764 τὴν

255 1788 377 1839 τῶν
406 1785 863 1857 χρεωστουμένων
896 1784 1183 1838 ἀντίδοσιν.
1240 1783 1431 1853 Ἡμεῖς
1479 1781 1535 1835 δέ
1583 1782 1835 1835 τοσοῦτον

256 1881 366 1950 τῆς
405 1850 546 1932 κατά
577 1850 803 1947 δύναμιν
854 1875 1197 1948 εὐχαριστίας
1230 1850 1668 1944 ἀπολειπόμενοι,
1712 1874 1832 1926 οὐδὲ
1865 1850 1908 1911 Β

257 1974 399 2042 περὶ
447 1971 508 2025 τὸ
546 1970 768 2023 δυνατὸν
832 1967 1273 2039 εύγνωμονοῦμεν
1300 2007 1317 2031 ,
1361 1967 1422 2020 ού
1469 1966 1610 2034 λέγω
1657 1968 1833 2018 πᾶσαν

257 2064 479 2134 ἡμέραν
503 2103 519 2123 ,
566 2061 680 2114 ἀλλ’
711 2062 830 2114 ούδέ
873 2059 1158 2113 πολλοστὸν
1192 2058 1290 2129 τῆς
1328 2058 1537 2129 ἡμέρας
1580 2060 1643 2128 τῇ
1694 2057 1835 2110 κατά

256 2154 398 2208 Θεὸν
432 2152 863 2223 ἀποκληροῦντες
893 2150 1073 2221 σχολῇ.
1104 2150 1198 2213 Τίς
1233 2167 1321 2220 μοι
1351 2148 1446 2215 τὴν
1474 2150 1577 2219 γῆν
1605 2147 1835 2201 ὑπεστό-

262 2263 431 2317 ρεσε;
490 2245 586 2307 Τίς
633 2244 861 2314 βάσιμον
905 2244 972 2296 δι’
1019 2241 1259 2304 ἐπινοίας
1312 2240 1409 2312 τὴν
1460 2240 1629 2311 ὑγρὰν
1675 2240 1836 2309 φύσιν

256 2336 557 2405 ἐποίησεν;
606 2334 701 2397 Τίς
733 2333 898 2404 ἐπηξέ
931 2350 1017 2403 μοι
1059 2332 1149 2385 τὸν
1183 2332 1405 2403 οὐρανὸν
1433 2330 1508 2394 ὼς
1543 2329 1834 2400 καμάραν;

257 2428 365 2491 Τίς
406 2427 653 2497 δᾳδουχεῖ
688 2443 775 2496 μοι
803 2424 900 2496 τὴν
926 2424 1018 2478 τοῦ
1052 2425 1203 2496 ήλίου
1229 2422 1484 2493 λαμπάδα
1511 2438 1524 2487 ;
1578 2421 1671 2484 Τίς
1704 2421 1838 2473 ἀπο-

260 2518 474 2571 στέλλει
506 2516 683 2586 πηγάς
715 2518 770 2568 ἐν
799 2513 1102 2585 φάραγξιν;
1131 2514 1225 2577 Τίς
1252 2513 1512 2583 ἡτοίμασε
1542 2513 1651 2574 τοῖς
1671 2527 1837 2563 ποτα-

262 2610 393 2679 μοῖς
418 2607 517 2669 τὰς
554 2606 796 2671 διόδους;
849 2605 944 2668 Τίς
998 2622 1086 2676 μοι
1136 2604 1233 2672 τὴν
1277 2602 1383 2655 τῶν
1429 2600 1637 2669 ἀλόγων
1686 2600 1837 2664 ζώων

260 2698 575 2770 ὑπηρεσίαν
619 2696 951 2762 ὑπέξευξεν;
1000 2696 1095 2759 Τίς
1144 2713 1208 2767 με
1243 2694 1409 2748 -κόνιν
1454 2694 1657 2763 ἄψυχον
1686 2693 1836 2753 ὂντα,

260 2790 416 2861 ζωῆς
441 2807 500 2842 τε
532 2789 626 2843 καὶ
657 2788 891 2851 διανοίας
920 2789 1160 2859 μετέχειν
1190 2788 1471 2857 ἐποίησεν;
1499 2786 1593 2849 Τίς
1618 2785 1706 2838 τὸν
1735 2802 1838 2849 πη-

259 2882 359 2933 λὸν
384 2880 593 2942 τοῦτον,
626 2881 745 2933 κατ’
772 2880 953 2932 εἰκόνα
980 2879 1073 2932 τοῦ
1104 2879 1246 2932 θείου
1294 2882 1635 2949 χαρακτῆρος
1672 2877 1838 2947 ἐμόρ-

260 2988 485 3041 φωσεν;
535 2972 629 3036 Τίς
664 2972 1011 3042 ωγχεθεῖσαν
1042 2972 1099 3023 ἐν
1146 2971 1269 3040 ἐμοὶ
1312 2969 1399 3023 διὰ
1440 2968 1539 3039 τῆς
1571 2968 1842 3039 ἁμαρτίας

262 3063 369 3133 τὴν
412 3062 562 3115 θείαν
596 3063 778 3116 εἰκόνα
816 3063 974 3117 πάλιν
1004 3063 1081 3125 είς
1126 3061 1222 3131 τὴν
1252 3058 1483 3131 ἀρχαίαν
1530 3059 1839 3129 ἐπανήγαγε

266 3154 467 3224 χάριν;
499 3154 594 3217 Τίς
624 3152 988 3218 ἐξοικισθὲντα
1019 3169 1084 3223 με
1115 3151 1208 3205 τοῦ
1244 3149 1589 3222 παραδείσου,
1624 3150 1719 3203 καὶ
1745 3148 1837 3202 τοῦ

268 3206 435 3309 ξύλου
455 3206 728 3315 τῆςῠζωῆς
755 3244 858 3308 ἔξω
887 3206 1189 3314 γενόμενον,
1217 3206 1424 3311 καὶ.τῷ
1457 3206 1711 3313 βαράθρῳ
1740 3242 1836 3312 τῆς
1866 3206 1907 3264 c

268 3334 467 3405 ὑλικῆς
491 3335 634 3405 ζωῆς
666 3335 1132 3403 συγκαλυφθέντα,
1177 3335 1268 3387 ἐπὶ
1298 3332 1395 3404 τὴν
1426 3332 1647 3405 πρώτην
1693 3332 1838 3385 ἐλκει

272 3425 686 3496 μακαριότητα;
726 3427 845 3479 οὐκ
876 3426 1045 3478 ἐστιν
1084 3427 1116 3477 ό
1152 3421 1402 3488 συνιὼν,
1441 3422 1604 3493 φησὶν
1638 3423 1839 3493 ήΓρα-

269 3516 371 3585 φή.
401 3511 480 3567 Ἦ
504 3518 611 3586 γάρ
633 3515 698 3569 ἂν
728 3514 863 3586 πρὸς
889 3514 1058 3568 ταῦτα
1082 3515 1332 3586 ὁρῶντες,
1382 3513 1612 3585 ἄληκτον
1651 3512 1715 3566 ἂν
1750 3513 1843 3565 καὶ

267 3608 695 3665 ἀκατάπαυστον
716 3608 773 3660 ἐν
794 3607 955 3661 παντὶ
980 3605 1057 3676 τῷ
1084 3604 1179 3676 τῆς
1208 3604 1349 3677 ζωῆς
1376 3605 1722 3676 διαστήματι,
1746 3603 1842 3675 τήν

268 3696 623 3769 εὐχαριστίαν
670 3695 1128 3767 ἀπεπληροῦμεν·
1181 3697 1297 3749 νυνὶ
1325 3696 1381 3749 δέ
1423 3695 1557 3766 πρὸς
1593 3694 1750 3764 μόνον
1782 3694 1844 3747 τὸ

270 3790 459 3845 ὑλικὸν
489 3791 639 3842 πᾶσα
685 3789 868 3860 σχεδὸν
907 3790 1204 3860 ἐγρήγορεν
1242 3789 1276 3857 ή
1319 3787 1631 3859 ἀνθρωπίνη
1662 3787 1840 3855 φύσις.

270 3880 423 3951 Πρὸς
449 3879 605 3932 τοῦτο
634 3882 667 3951 ή
708 3878 909 3949 σπουδή
934 3896 948 3909 ·
1002 3882 1059 3931 ἐν
1085 3877 1258 3948 τούτῳ
1288 3879 1321 3948 ή
1347 3876 1624 3949 προθυμία
1654 3890 1669 3906 ⁸
1717 3877 1845 3948 περὶ

267 3970 445 4026 ταῦτα
465 3971 613 4041 καὶὴ
642 3972 825 4043 μνήμη
855 3971 950 4024 καὶ
986 3973 1019 4041 ἡ
1049 3970 1202 4033 ἐλπὶς
1234 3969 1580 4037 καταγίνεται
1598 3986 1611 4000 ·
1644 3969 1845 4033 ἀῦπνός

269 4061 393 4113 ἐστι
425 4060 517 4112 καὶ
542 4060 838 4130 ἁκοίμητος
871 4060 1006 4131 πρὸς
1039 4060 1137 4129 τὴν
1159 4059 1253 4112 τοῦ
1285 4059 1527 4122 πλείονος
1551 4060 1844 4131 ἐπιθυμίαν

269 4153 306 4221 ή
339 4150 657 4221 ἀνθρωπίνη
684 4151 845 4220 φύσις
875 4153 931 4204 ἐν
955 4152 1117 4205 παντὶ
1150 4151 1451 4222 πράγματι,
1476 4153 1533 4204 ἐν
1552 4145 1596 4220 ᾧ
1622 4152 1844 4207 δυνατόν

269 4243 423 4293 ἐστιν
448 4240 792 4311 ἐξευρεθῆναι
823 4241 884 4295 τὺ
922 4242 1081 4295 πλέον
1104 4258 1119 4272 ·
1169 4242 1278 4295 εἴτε
1306 4242 1445 4295 κατὰ
1472 4243 1633 4313 τιμήν
1664 4259 1721 4296 τε
1753 4244 1847 4297 καὶ

267 4332 453 4398 δόξαν,
486 4334 594 4386 εἴτε
623 4333 765 4386 κατά
784 4333 881 4405 τὴν
908 4333 1016 4387 τῶν
1047 4333 1340 4405 χρημάτων
1366 4334 1701 4404 περιουσίαν,
1734 4337 1843 4390 εἴτε

271 4425 419 4480 κατά
450 4426 548 4497 τὴν
576 4427 669 4479 τοῦ
704 4426 875 4497 θυμοῦ
901 4429 1075 4492 νόσον,
1110 4427 1384 4498 πανταχοῦ
1420 4426 1554 4499 πρὸς
1578 4428 1642 4481 τὸ
1683 4428 1844 4482 πλέον

1930 605 2196 674 temporis
2231 604 2534 669 dividitur;
2577 605 2628 656 in
2660 604 3012 671 praeteritum,
3045 618 3286 673 praesens
3318 610 3372 655 ct
3402 602 3487 657 fu—

1930 696 2140 749 turdm.
2178 694 2235 749 In
2272 696 2449 750 tribus
2485 695 2569 749 his
2595 694 2914 749 beneﬁcium
2948 694 3158 749 Domini
3187 693 3490 763 deprehen-

1927 786 2125 853 ditur;
2167 788 2211 841 si
2265 787 2409 857 quod
2462 802 2701 855 praesens
2752 794 2837 840 est
2893 784 3348 846 consideraveris,
3392 799 3492 853 per

1931 880 2110 950 ipsum
2143 879 2318 933 vivis:
2365 877 2411 931 si
2462 878 2728 941 futurum,
2774 877 2865 931 ille
2913 878 3008 930 tibi
3045 892 3231 931 earum
3284 892 3487 938 rerum,

1930 987 2049 1041 quae
2080 978 2208 1025 sunt
2237 971 2289 1023 in
2312 970 2740 1039 exspectatione.
2770 984 2894 1038 spes
2921 976 3003 1024 est
3024 986 3038 1022 :
3058 969 3104 1023 si
3136 968 3489 1039 praeteritum,

1930 1079 2040 1118 non
2078 1078 2254 1125 esses,
2296 1062 2401 1117 nisi
2427 1063 2576 1132 prius
2596 1062 2662 1115 ah
2686 1063 2776 1115 illo
2804 1062 2979 1115 factus
3011 1077 3182 1116 esses.
3208 1060 3263 1115 ld
3288 1062 3490 1131 ipsum,

1932 1155 2079 1226 quod
2111 1162 2274 1209 natus
2321 1170 2405 1215 es.
2471 1156 2539 1208 ab
2591 1155 2681 1207 illo
2715 1134 3033 1208 beneﬁcium
3084 1154 3362 1225 accepisti.
3413 1154 3494 1207 Ac

1932 1256 2225 1316 postquam
2271 1254 2432 1300 natus
2480 1262 2561 1308 es.
2615 1245 2878 1300 beneﬁcio
2926 1244 3186 1308 aﬂiceris,
3235 1246 3361 1300 dum
3398 1260 3495 1315 per

1932 1338 2085 1392 illum
2116 1346 2169 1393 et
2201 1337 2360 1399 vivis.
2393 1347 2446 1392 et
2486 1339 2743 1403 moveris,
2790 1346 2847 1392 ut
2900 1338 3075 1406 inquit
3118 1336 3491 1405 Apostolus".

1936 1426 2138 1482 Rerum
2184 1427 2486 1482 futurarum
2520 1443 2646 1496 spes
2677 1444 2744 1482 ex
2778 1426 2967 1481 eadem
3005 1426 3240 1481 eﬂiracia
3276 1426 3493 1495 pendet.

1937 1516 2017 1571 Tu
2050 1533 2179 1572 vero
2208 1518 2380 1572 solius
2411 1519 2700 1586 praesentis
2729 1532 2953 1587 compos
2982 1533 3064 1571 es.
3110 1517 3297 1587 Itaque
3330 1516 3376 1571 si
3414 1516 3497 1570 vel

1936 1625 2032 1679 per
2056 1624 2217 1663 omne
2247 1623 2419 1678 usque
2447 1616 2661 1677 tempus
2686 1609 2809 1663 vitae
2832 1610 3035 1678 gratias
3065 1623 3226 1678 agere
3254 1606 3363 1661 Deo
3387 1622 3497 1660 non

1936 1698 2319 1760 intermiseris,
2352 1700 2439 1751 vix
2476 1698 2758 1765 prasentis
2791 1698 3053 1764 temporis
3115 1696 3345 1766 gratiam
3402 1711 3498 1750 ex-

1936 1788 2149 1858 plebis:
2196 1803 2319 1840 eum
2358 1786 2573 1840 interim
2609 1787 2812 1840 nullam
2863 1787 3130 1839 rationem
3190 1785 3499 1854 excogitare

1938 1880 2137 1950 possis,
2173 1892 2280 1947 qua
2305 1878 2390 1933 vel
2421 1878 2588 1932 futuri
2617 1878 2701 1931 vel
2732 1877 2987 1947 praeteriti
3021 1876 3283 1945 temporis
3312 1874 3498 1930 debita

1934 1979 2378 2039 compensentur.
2410 1967 2521 2023 Nos
2552 1977 2755 2034 autem,
2791 1969 2881 2037 qui
2915 1976 3126 2020 tantum
3166 1967 3430 2021 absumus
3468 1985 3500 2020 a

1934 2069 2204 2131 potestate
2234 2059 2426 2114 debitae
2459 2059 2757 2128 gratiarum
2795 2060 3047 2123 actionis.
3079 2073 3147 2113 ne
3178 2057 3231 2111 in
3278 2074 3343 2112 eo
3376 2058 3501 2128 qui-

1934 2151 2081 2216 dem,
2109 2150 2252 2221 quod
2284 2165 2313 2203 a
2344 2150 2514 2209 nobis.
2534 2151 2647 2204 fieri
2677 2157 2877 2219 potest,
2914 2148 3080 2202 animi
3112 2149 3501 2216 gratitudinem

1936 2248 2284 2311 praestamus,
2316 2256 2423 2295 non
2454 2239 2578 2295 dico
2616 2248 2789 2294 totum
2823 2240 2995 2301 diem,
3027 2238 3120 2293 sed
3149 2254 3218 2293 ne
3252 2240 3501 2309 exiguam

1935 2332 2154 2401 quidem
2185 2331 2292 2386 diei
2355 2338 2560 2401 partem
2616 2330 2889 2384 vocationi
2923 2329 3118 2383 divina:
3174 2330 3500 2385 tribuentes.

1935 2420 2071 2487 Quis
2101 2420 2233 2473 mihi
2267 2412 2467 2473 terram
2495 2419 2841 2474 substravit?
2871 2417 3005 2485 Quis
3040 2419 3280 2489 perviam
3332 2434 3505 2473 soter-

1937 2513 2013 2566 tia
2044 2518 2208 2580 atque
2234 2510 2504 2564 industria
2538 2518 2789 2563 naturam
2823 2510 3098 2564 humidam
3161 2508 3330 2563 fecit?
3370 2508 3507 2575 Quis

1939 2602 2052 2656 [iin
2092 2602 2223 2655 mihi
2259 2602 2457 2655 ecelum
2482 2609 2742 2670 tanquam
2774 2601 3089 2656 cameram?
3122 2600 3258 2667 Quis
3289 2601 3507 2669 pra:feit

1937 2696 2072 2751 mihi
2104 2695 2276 2749 facem
2317 2694 2495 2751 solis?
2528 2694 2663 2761 Quis
2697 2696 2893 2748 emittit
2933 2693 3109 2748 fontes
3142 2695 3196 2748 in
3242 2695 3509 2748 convalli~

1937 2788 2084 2843 bus?
2116 2786 2248 2852 Quis
2276 2788 2488 2855 paravit
2530 2787 2783 2841 amnibus
2812 2787 3014 2848 alveos.
3054 2801 3149 2855 per
3207 2801 3348 2855 quos
3407 2785 3507 2840 de-

1937 2877 2206 2931 currant?
2244 2876 2379 2942 Quis
2414 2875 2548 2930 mibi
2583 2876 2872 2930 brutorum
2908 2874 3224 2928 animalium
3262 2874 3509 2927 ministe—

1938 2972 2075 3025 rium
2111 2969 2387 3038 subjecit?
2412 2968 2547 3033 Quis
2578 2983 2661 3021 me
2690 2982 2812 3019 cum
2850 2967 3025 3035 pulvis
3080 2966 3360 3019 inanimus
3412 2982 3503 3019 es-

1939 3077 2074 3124 sem,
2107 3061 2227 3114 vitae
2256 3060 2458 3130 pariter
2483 3066 2536 3112 et
2571 3058 2767 3112 mentis
2800 3058 3115 3125 participem
3146 3056 3320 3111 fecit?
3362 3056 3499 3121 Quis

1940 3155 2045 3209 hoc
2072 3154 2242 3207 lutum
2296 3152 2363 3207 ad
2400 3151 2688 3221 imaginem
2734 3150 2917 3220 ﬁgurae
2964 3150 3159 3203 divinae
3210 3147 3506 3202 formavit?

1944 3246 2078 3312 Quis
2109 3242 2398 3313 imaginem
2429 3241 2669 3297 divinam
2705 3256 2799 3309 per
2830 3252 3110 3311 peccatum
3158 3240 3212 3292 in
3245 3255 3331 3293 me
3376 3254 3509 3293 eon-

1941 3338 2121 3391 l'usam
2149 3335 2213 3388 ad
2250 3334 2541 3403 pristinum
2578 3348 2771 3405 rursus
2800 3332 3048 3387 decorem
3082 3332 3342 3386 reduxit?
3367 3331 3503 3397 Quis

1940 3444 2026 3483 me
2053 3427 2267 3498 pulsum
2297 3426 2574 3496 paradiso.
2612 3432 2666 3478 et
2697 3424 2844 3492 ligno
2869 3425 2993 3477 vitae
3031 3423 3327 3493 privatum,
3367 3431 3421 3477 et
3453 3425 3509 3477 in

1942 3518 2259 3573 barathrum
2294 3516 2595 3571 materialis
2625 3516 2749 3570 vita:
2783 3516 3116 3583 demersum,
3175 3517 3239 3570 ad
3275 3516 3509 3586 primam

1940 3611 2109 3665 trahit
2140 3607 2570 3665 beatitudinem?
2602 3606 2723 3661 Non
2761 3617 2836 3660 est
2876 3608 2967 3676 qui
3000 3608 3299 3678 intelligat,
3332 3608 3512 3677 inquit

1945 3700 2228 3772 Scriptura
2254 3704 2317 3757 ".
2352 3701 2487 3756 Nam
2516 3700 2784 3770 profecto.
2817 3702 2861 3755 si
2883 3702 2995 3754 haec
3025 3699 3511 3770 perpenderemus,

1943 3794 2314 3850 continentem
2350 3802 2403 3848 et
2428 3792 2727 3852 assiduam.
2760 3808 2856 3862 per
2881 3808 3042 3847 omne
3077 3793 3200 3846 vita:
3236 3793 3472 3862 spatium
3496 3832 3511 3853 .

1944 3886 2239 3957 gratiarum
2275 3885 2544 3939 actionem
2580 3892 2968 3953 pmstaremus
2997 3900 3011 3935 :
3046 3896 3191 3937 nunc
3224 3897 3352 3936 vero
3382 3883 3434 3936 in
3460 3882 3511 3936 id

1949 3981 2150 4042 solum,
2212 3976 2356 4046 quod
2417 3974 2697 4029 materiale
2752 3981 2857 4037 est,
2895 3974 3073 4027 omnis
3123 3974 3511 4043 propemodum

1949 4070 2189 4123 humana
2231 4066 2473 4137 invigilat
2511 4074 2724 4119 natura.
2770 4063 2888 4118 Huc
2929 4065 3198 4118 intentum
3252 4064 3512 4126 studium.

1943 4162 2002 4216 in
2031 4160 2133 4215 hoc
2162 4168 2423 4229 occupata
2451 4156 2617 4210 animi
2650 4156 3024 4227 promptitudo
3052 4162 3215 4226 atque
3259 4156 3515 4210 aiacritas

1944 4262 2066 4311 est:
2100 4253 2247 4308 circa
2279 4251 2393 4305 haec
2425 4258 2480 4305 et
2515 4249 2779 4305 memoria
2813 4256 2865 4303 et
2908 4264 3034 4319 spes
3060 4257 3346 4313 versatur;
3393 4264 3517 4317 per-

1944 4347 2162 4418 vigilet
2207 4344 2477 4399 insomnis
2506 4342 2571 4395 ad
2610 4342 2732 4411 plus
2778 4341 3011 4396 habendi
3055 4340 3408 4409 cupiditatem
3436 4341 3517 4397 .in

1946 4438 2096 4492 omni
2124 4435 2364 4505 negotio,
2398 4434 2451 4487 in
2478 4448 2587 4504 quo
2608 4431 2960 4487 commodum
2990 4430 3289 4501 excogitari
3317 4438 3515 4498 potest.

272 4521 333 4572 ἐν
382 4518 591 4582 τούτοις
624 4523 657 4591 ή
707 4520 865 4590 φύσις
914 4521 1118 4592 βλέπει.
1176 4521 1296 4575 Τῶν
1339 4521 1397 4574 δὲ
1438 4521 1704 4593 ἀληθινῶν
1748 4523 1841 4577 τοῦ

1947 4530 2184 4585 humana
2215 4533 2408 4581 natura
2442 4533 2563 4589 est;
2596 4524 2711 4579 sive
2745 4521 2813 4577 de
2848 4523 3055 4577 honore
3087 4530 3141 4576 et
3176 4522 3371 4591 gloria.
3404 4522 3519 4575 sive

271 4608 412 4663 Θεοῦ
461 4610 700 4679 ἀγαθῶν,
748 4612 904 4681 λόγος
950 4613 1144 4693 οὐδεὶς,
1184 4610 1307 4665 οὔτε
1353 4611 1458 4666 τῶν
1486 4614 1841 4685 φαινομένων,

1948 4624 2015 4677 de
2049 4620 2207 4690 capia
2236 4618 2592 4689 pecuniarum
2622 4623 2852 4685 agatur:
2888 4615 3005 4669 sive
3034 4630 3095 4667 ea
3122 4630 3209 4668 res
3248 4614 3519 4683 pertineat

269 4697 399 4754 οὔτε
432 4699 538 4752 τῶν
568 4700 1007 4772 ἐπηγγελμένων.
1074 4701 1231 4756 Ἀλλά
1272 4702 1461 4773 καιρὸς
1510 4701 1575 4756 ἂν
1625 4705 1709 4775 είη
1750 4705 1841 4758 καὶ

1948 4712 2014 4767 ad
2055 4712 2148 4766 irae
2207 4709 2478 4771 morbum,
2534 4706 2588 4761 in
2631 4706 2717 4760 his
2748 4704 3005 4760 onmibus
3058 4704 3125 4758 ad
3170 4702 3517 4757 commodum

269 4791 383 4845 τῶν
410 4793 510 4862 τῆς
535 4794 842 4864 προσευχῆς
873 4794 1130 4866 ῥημάτων
1153 4794 1410 4860 κατιδεῖν,
1444 4795 1519 4859 ὼς
1547 4795 1661 4850 ἐστι
1684 4797 1841 4852 δυνα-

1948 4812 2142 4858 natura
2172 4799 2415 4869 respicit.
2455 4796 2722 4851 Verorum
2758 4803 2940 4850 autem
2974 4794 3068 4849 Dei
3103 4796 3370 4850 bonorum
3404 4794 3525 4847 nul-

271 4884 387 4945 τὸν,
420 4883 519 4954 τὴν
542 4883 799 4939 διάνοιαν.

1955 4894 2006 4948 la
2041 4893 2179 4947 ratio
2207 4890 2458 4957 habetur,
2500 4904 2677 4959 neque
2723 4888 3125 4957 apparentium,
3168 4902 3344 4957 neque
3389 4901 3520 4955 pro-

275 4973 602 5030 missorum.
669 4973 773 5031 Sed
819 4987 1033 5047 tempus
1092 4976 1278 5044 fuerit,
1338 4978 1502 5033 etiam
1554 4980 1845 5036 verborum
1922 4984 2187 5040 orationis
2238 4989 2503 5052 quantum
2552 4980 2673 5050 ejus
2746 4979 2862 5035 ﬁeri
2908 4988 3121 5050 potest,
3171 4977 3522 5035 considerare

272 5065 625 5122 sententiam.

342 5158 515 5227 Δῆλον
537 5157 644 5229 γὰρ
663 5159 745 5212 ὃτι
766 5159 827 5212 τὸ
855 5162 1036 5230 τυχεῖν
1061 5153 1134 5215 ὧν
1156 5161 1476 5234 βουλόμεθα,
1512 5162 1599 5216 διὰ
1626 5161 1720 5216 τοῦ
1754 5180 1841 5234 μα·

2020 5157 2377 5227 Perspicuum
2408 5162 2493 5209 est
2530 5155 2703 5217 enim,
2739 5154 2885 5225 quod
2920 5155 2965 5210 si
2997 5153 3354 5210 didicerimus
3378 5172 3521 5227 quo-

272 5248 386 5300 θεῖν
402 5249 551 5313 ὅπως
570 5251 833 5321 προσήκει
851 5252 1116 5306 ποιεῖσθαι
1134 5254 1230 5324 τὴν
1248 5256 1483 5324 αίτησιν,
1498 5253 1841 5322 περιγίνεται.

1950 5250 2111 5306 modo
2142 5248 2458 5319 petitionem
2506 5244 2746 5302 formare
2785 5247 3097 5313 conveniat,
3132 5247 3318 5302 licebit
3359 5248 3522 5305 nobis

272 5338 370 5402 Τίς
399 5334 493 5393 οὖν
523 5341 556 5409 ή
585 5339 805 5411 διδαχῆς
838 5345 1333 5413 Προσευχόμενοι,
1366 5345 1517 5414 φησι,
1544 5342 1627 5412 μὴ
1648 5344 1841 5407 ,βαττο

1950 5356 2073 5410 quin
2118 5340 2373 5395 volumus
2435 5338 2751 5408 impetrare.
2797 5338 3057 5403 Quaenam
3116 5346 3201 5391 est
3246 5338 3416 5407 igitur
3457 5356 3523 5394 ea

271 5430 604 5499 λογήσητε,
634 5431 835 5502 ὥσπερ
858 5438 913 5487 οι
935 5435 1179 5490 ἐθνικοί.
1214 5436 1437 5489 Δοκοῦσι
1462 5438 1568 5506 γὰρ
1592 5436 1672 5488 ὅτι
1699 5438 1756 5487 ἐν
1782 5436 1841 5504 τῇ

1949 5430 2237 5485 doctrina?
2262 5429 2508 5493 Orantes,
2530 5429 2728 5499 inquit,
2757 5446 2820 5482 ne
2852 5430 2970 5484 sitis
2998 5428 3325 5498 βαττολόγοι,
3364 5432 3523 5484 σίταιὶ

271 5522 570 5594 πολυλογίᾳ
592 5524 769 5579 αὐτῶν
790 5528 1321 5599 είσακουσθήσονται.
1355 5529 1505 5598 Τάχα
1529 5528 1623 5598 μὲν
1644 5522 1735 5580 οὖν
1755 5526 1841 5578 αὐ-

1957 5523 2194 5593 gentiles.
2227 5522 2578 5576 Arbitrantur
2603 5520 2747 5575 enim
2772 5537 2830 5575 se
2873 5531 3090 5591 propter
3114 5523 3519 5593 multiloquium

271 5612 425 5666 τόθεν
448 5614 561 5685 ἔχει
580 5615 641 5669 τὸ
670 5618 835 5685 σαφὲς
860 5620 893 5690 ή
914 5622 1010 5689 τῆς
1032 5620 1376 5684 διδασκαλίας
1400 5619 1623 5685 διάνοια,
1647 5617 1841 5689 γυμνό-

1957 5630 2116 5669 suum
2173 5615 2488 5671 cxauditum
2540 5615 2606 5669 iri
2640 5614 2707 5667 ³⁸.
2751 5612 2827 5667 Ac
2874 5615 3141 5669 sententia
3170 5616 3392 5687 quidem
3426 5616 3523 5670 do-

348 5798 391 5829 "
427 5798 548 5853 Act.
578 5813 710 5865 xvu,
736 5796 827 5854 28.
905 5802 948 5833 ¹⁹
976 5799 1135 5856 Rom.
1169 5818 1251 5867 ιιι,
1294 5803 1379 5860 Η.
1456 5804 1503 5835 ’⁸
1535 5800 1721 5857 Matth.
1755 5814 1829 5867 Vl,
1871 5796 1922 5853 7.
