4004 6452
623 371 754 428 “27

1839 378 1896 435 S.
1931 377 2258 436 GREGORII
2292 377 2586 436 NYSSENI

3687 378 3827 434 1128

613 491 808 544 ctrina:
837 488 1066 546 forsitan
1104 506 1200 561 per
1227 504 1349 548 sese
1379 495 1664 564 perspicua
1699 506 1804 562 est,
1845 506 2033 567 utpote
2065 512 2137 551 nu

2238 543 2245 557 _
2271 513 2427 568 τερον
2454 501 2584 570 ἡμῖν
2627 498 2927 563 ἐκτεθεῖσα,
2965 497 3060 551 καὶ
3084 496 3236 550 οὐδὲν
3265 495 3490 566 δεομένη
3520 496 3616 567 τῆς
3638 495 3831 549 λεπτο-

613 577 700 634 dis
747 581 930 634 verbis
977 581 1136 636 nobis
1176 584 1444 652 exposita,
1484 601 1583 639 nec
1619 586 1784 640 ullam
1830 588 2170 642 subtiliorem

612 669 929 724 desiderans
999 673 1514 740 considerationem,
1586 685 1949 748 praeterquam
2027 677 2172 747 quod

607 776 786 831 operte
818 762 1048 831 pretium
1083 773 1166 820 est
1198 781 1457 836 quaerere,
1478 768 1608 838 quid
1646 769 1915 838 signiticet
1943 769 2170 824 verbum

609 849 949 922 Battologiw,
1021 862 1081 908 ut
1137 857 1409 912 intellecta
1475 860 1763 926 sententia,
1822 861 2053 914 vitemus
2115 859 2169 915 id

604 945 750 1012 quod
810 946 1036 1001 vetitum
1090 957 1144 1002 et
1207 949 1554 1006 interdictum
1603 959 1710 1007 est.
1759 951 1992 1008 Videtur
2041 967 2169 1023 ergo

604 1035 738 1089 inibi
778 1040 1051 1109 castigare
1089 1041 1420 1097 inﬂationem
1452 1051 1616 1113 atque
1649 1051 1918 1098 tumorem
1945 1045 2163 1108 mentis,

600 1141 924 1198 eorumque,
980 1133 1073 1202 qui
1127 1148 1246 1189 sese
1300 1134 1455 1188 vanis
1498 1135 1893 1205 cupiditatibus
1947 1136 2167 1190 innuer-

599 1229 753 1286 gunt,
803 1224 1096 1290 reprimere
1125 1235 1288 1294 atque
1317 1241 1670 1296 compescere
1699 1229 2075 1291 ambitionem,
2111 1237 2165 1283 et

599 1309 806 1365 idcirco
844 1316 1183 1384 peregrinam
1234 1323 1288 1370 et
1325 1332 1518 1372 novam
1554 1319 1697 1373 hanc
1725 1320 2020 1375 dictionem
2069 1335 2164 1375 ex-

595 1402 868 1471 cogitasse
899 1406 964 1458 ad
999 1409 1326 1476 arguendam
1379 1410 1672 1464 amentiam
1713 1425 1925 1474 eorum,
1959 1413 2052 1482 qui
2076 1427 2163 1467 va-

595 1505 788 1546 narum
843 1496 1046 1563 pariter
1101 1508 1154 1552 et
1213 1499 1488 1554 inutilium
1534 1516 1718 1556 rerum
1769 1489 2161 1572 cupiditatibus

592 1583 845 1641 diﬁluunt
889 1597 1048 1658 atque
1095 1590 1498 1651 distrahuntur.
1543 1593 1678 1649 Nam
1740 1596 2020 1664 cordatus,
2063 1599 2161 1653 do—

591 1681 718 1729 ctus
772 1685 825 1730 et
875 1680 1207 1747 prudens,et
1237 1683 1520 1740 utilitatem
1556 1687 1659 1742 sibi
1697 1691 2027 1760 propositam
2063 1693 2152 1746 ha-

589 1766 725 1822 bens
778 1785 995 1834 sermo,
1045 1775 1264 1844 proprie
1325 1792 1506 1832 sermo
1555 1779 1880 1843 dicitur;at
1909 1800 2028 1853 qua:
2059 1801 2155 1854 per

587 1858 804 1914 inanem
850 1863 1184 1934 voluptatein
1234 1869 1628 1938 cupiditatibus
1671 1873 1826 1927 vanis
1864 1876 2021 1943 quasi
2059 1892 2154 1932 su-

588 1951 942 2019 perfunditur
983 1957 1181 2020 oratio,
1229 1974 1337 2013 non
1365 1961 1599 2030 amplius
1627 1963 1804 2033 λόγος,
1833 1964 1886 2019 id
1920 1975 2004 2020 est
2037 1983 2153 2023 ser-

584 2057 707 2104 mo.
740 2046 836 2100 sed
881 2047 1201 2119 βαττολογία
1239 2061 1324 2106 est
1350 2053 1539 2124 (quasi
1566 2057 1738 2120 dicas,
1771 2059 1968 2130 lingua:
1998 2063 2153 2117 volu-

584 2130 790 2200 bilitas,
822 2149 877 2192 et
917 2154 1092 2194 vanus
1141 2144 1345 2214 sermo)
1395 2155 1452 2198 ut
1498 2147 1696 2216 aliquis
1725 2148 1911 2206 Grzcce
1955 2153 2150 2210 melius

581 2235 818 2282 utentem
870 2231 1154 2300 explicans
1203 2233 1675 2306 ἀὶχετίι,φλυαρία
1704 2263 1715 2296 ;
1747 2241 1850 2298 hoc
1877 2251 1961 2298 est
1989 2248 2149 2315 quasi

583 2318 737 2375 dicas
790 2321 1197 2379 eﬁ‘ervcscentia
1265 2334 1426 2397 atque
1477 2328 1709 2385 eﬁ‘utitio
1765 2351 1778 2387 :
1835 2331 2000 2405 λῆρος
2054 2337 2147 2389 καὶ

579 2408 878 2482 φλήναφος,
943 2413 1045 2468 hoc
1097 2425 1182 2470 est
1209 2417 1565 2475 deliramenta
1608 2431 1771 2492 atque
1799 2439 1972 2495 nugae,
2006 2441 2070 2481 ac
2097 2430 2146 2484 si

574 2498 720 2565 quod
748 2500 899 2554 aliud
935 2504 1266 2560 vocabulum
1289 2505 1555 2575 ejusmodi
1587 2511 2007 2580 signiﬁcationis
2036 2529 2140 2573 est.

569 2585 716 2654 Quid
748 2589 915 2660 igitur
965 2592 1124 2648 nobis
1173 2610 1354 2649 sermo
1393 2599 1668 2654 consulit?
1695 2601 1772 2658 Ne
1813 2605 1955 2661 idem
1999 2623 2145 2664 com-

569 2682 856 2737 mittamus
907 2684 962 2737 in
997 2693 1240 2756 tempore
1272 2689 1612 2757 orationum,
1654 2695 1834 2764 qualis
1871 2697 1925 2751 in
1959 2709 2142 2757 mente

568 2772 903 2830 furiosorum
938 2790 1002 2830 ac
1029 2778 1324 2836 delirorum
1360 2781 1594 2838 absurda
1625 2789 1962 2855 perturbatio
2009 2808 2142 2848 con-

537 2863 750 2918 -ﬁatur.
812 2865 1278 2932 Quemadmodum
1355 2873 1500 2928 enim
1569 2885 1749 2932 mente
1821 2879 2138 2951 imperfecta

569 2957 778 3027 praediti
805 2999 819 3023 ,
868 2975 976 3014 non
1008 2963 1249 3032 cogitant
1278 2974 1338 3018 ut
1365 2965 1570 3037 aliquid
1629 2969 1730 3024 sibi
1773 2986 1836 3026 ex
1869 2977 2136 3031 sententia

561 3048 843 3113 obveniat,
877 3051 970 3104 sed
1012 3067 1112 3121 pro
1158 3054 1392 3108 arbitrio
1427 3055 1716 3114 felicitates
1738 3062 2003 3130 quasdam
2030 3065 2134 3119 sibi

2270 589 2434 658 τέρας
2483 593 2884 657 κατανοήσεως,
2933 589 3070 659 πλὴν
3115 588 3264 654 ἀξιον
3310 587 3589 652 ἐξετάσαι,
3629 585 3682 638 τί
3724 601 3828 654 crn-

2273 683 2452 752 μαίνει
2491 685 2586 755 τῆς
2635 684 2983 754 βαττολογίας
3023 682 3085 736 τὸ
3129 683 3278 754 ῥῆμα
3299 721 3314 747 ,
3359 681 3434 746 ὡς
3467 682 3532 736 ἀν
3572 680 3830 752 μαθόντας

2268 774 2366 846 τὴν
2415 775 2671 843 διάνοιαν,
2727 777 2831 842 ἔξω
2881 776 2974 831 τοῦ
3024 774 3472 847 ἀπηγορευμένον
3513 774 3826 843 γενοίμεθα.

2267 869 2428 919 Δοκεῖ
2473 869 2652 923 τοίνυν
2705 887 2793 940 μοι
2839 869 3190 940 σωφρονίζειν
3232 869 3334 938 τὴν
3382 867 3683 938 χαυνότητα
3724 865 3833 935 τῆς

2264 957 2504 1023 διανοίας
2527 1000 2542 1022 ,
2574 961 2667 1015 καὶ
2709 962 3012 1016 συστέλλειν
3043 960 3150 1014 τῶν
3178 963 3297 1024 ταῖς
3348 961 3596 1030 ματαίαις
3639 957 3832 1010 ἐπιθυ-

2268 1048 2420 1118 μίαις
2446 1051 2873 1121 ἐμϐαθυνόντων,
2911 1053 3005 1107 καὶ
3032 1053 3120 1107 διὰ
3138 1053 3294 1106 τοῦτο
3318 1051 3415 1123 τὴν
3444 1052 3596 1122 ξένην
3623 1048 3832 1119 ταύτην

2265 1140 2365 1210 τῆς
2421 1141 2618 1207 λέξεως
2665 1145 3008 1216 καινοτομίαν
3045 1144 3434 1216 ἐξευρηκέναι,
3483 1143 3576 1196 ἐπὶ
3618 1142 3832 1211 ἐλέγχῳ

2264 1229 2364 1301 τῆς
2395 1231 2578 1295 ἀνοίας
2603 1233 2714 1285 τῶν
2737 1235 2865 1305 περὶ
2888 1235 2956 1288 τά
2982 1233 3229 1304 ἀνωφελῆ
3258 1248 3319 1286 τε
3350 1233 3444 1286 καὶ
3479 1231 3678 1302 μάταια
3701 1232 3831 1296 ταῖς

2264 1320 2574 1392 ἐπιθυμίαις
2602 1323 2980 1394 διαχεομένων.
3023 1323 3080 1378 '0
3108 1324 3216 1395 γὰρ
3240 1323 3462 1394 ἔμφρων
3481 1339 3542 1375 τε
3580 1323 3673 1376 καὶ
3697 1338 3829 1376 συν-

2260 1414 2398 1476 ετὸς,
2430 1415 2524 1468 καὶ
2575 1415 2712 1486 πρὸς
2746 1416 2805 1469 τὸ
2841 1419 3107 1488 χρήσιμον
3136 1416 3348 1486 βλέπων
3387 1415 3539 1484 λόγος
3559 1453 3574 1477 ,
3617 1415 3827 1486 κυρίως

2259 1502 2475 1572 λέγεται
2509 1505 2664 1574 λόγος
2682 1522 2696 1536 ’
2724 1507 2752 1560 6
2780 1505 2836 1559 δέ
2861 1508 2980 1570 ταῖς
3011 1506 3378 1576 ἀνυπάρκτοις
3405 1504 3714 1575 ἐπιθυμίαις
3734 1503 3829 1557 διὰ

2255 1597 2354 1667 τῆς
2379 1597 2748 1650 ἀνυποστάτου
2779 1598 2966 1668 ἡδονῆς
2987 1598 3355 1668 ὲπιχεόμενος,
3376 1596 3476 1649 οὐκ
3504 1595 3619 1648 ἐστι
3641 1593 3826 1663 λόγος,

2255 1688 2392 1741 ἀλλά
2429 1689 2777 1760 βαττολογίαο
2811 1691 2885 1754 ὼς
2919 1692 2982 1745 ἀν
3024 1707 3110 1754 τις
3159 1687 3607 1758 Ἑλληνικώτερον
3643 1689 3826 1759 ἑρμη-

2240 1782 2425 1852 νεύων
2458 1784 2600 1837 εῐποι
2626 1782 2717 1836 τὸν
2737 1781 2880 1846 νοῦν,
2913 1783 3171 1854 φλυαρία,
3197 1784 3290 1836 καὶ
3316 1782 3479 1853 λῆρος
3505 1782 3597 1834 καὶ
3619 1782 3826 1849 φληνα-

2257 1874 2384 1941 φος’,
2414 1875 2507 1927 καὶ
2543 1874 2598 1928 εί
2631 1893 2684 1927 τι
2731 1875 2858 1928 ἄλλο
2885 1876 2983 1946 τῆς
3026 1874 3280 1945 τοιαύτης
3310 1874 3604 1945 σημασίας.
3637 1873 3697 1926 Τί
3725 1868 3825 1927 οὖν

2253 1965 2384 2036 ἡμῖν
2423 1966 2775 2037 συμϐουλεύει
2805 1969 2832 2020 6
2856 1968 3046 2037 λόγος;
3085 1967 3159 2039 μὴ
3193 1967 3386 2021 ταύτὸν
3406 1967 3634 2036 πάσχειν
3653 1968 3706 2018 ἐν

2252 2059 2428 2130 καιρῷ
2455 2059 2561 2113 τῶν
2594 2059 2931 2132 προσευχῶν,
2979 2053 3090 2136 οἷον
3120 2061 3180 2112 ἐν
3214 2061 3281 2130 τῇ
3321 2059 3430 2110 τῷν
3460 2057 3672 2128 νηπίων
3699 2057 3823 2111 διαι-

2250 2149 2368 2221 νοίᾳ
2417 2151 2730 2204 συνίσταται
2771 2150 2960 2215 πάθος.
3011 2151 3217 2222 Ὥσπερ
3251 2150 3357 2221 γὰρ
3389 2150 3438 2203 ei
3478 2148 3686 2212 ἀτελεῖς
3715 2148 3818 2220 τὴν

2248 2241 2516 2306 διάνοιαν,
2547 2243 2645 2314 οὐχ
2677 2243 2825 2306 ὅπως
2856 2242 2922 2296 ἄν
2947 2259 3001 2295 τι
3033 2242 3242 2310 γένοιτο
3267 2241 3376 2294 τῷν
3414 2240 3557 2294 κατὰ
3587 2239 3815 2310 γνώμην

2247 2334 2424 2388 αὐτῶν
2457 2335 2783 2398 ἐπινοοῦσιν,
2807 2334 2945 2388 ἀλλὰ
2971 2335 3094 2388 κατ’
3129 2334 3376 2400 ἐξουσίαν
3408 2333 3702 2404 εύκληρίας
3733 2349 3812 2385 τι-

2246 2427 2344 2490 νάς
2373 2428 2588 2490 ἑαυτοῖς
2621 2427 3044 2490 ἀναπλάττουσι,
3079 2427 3384 2498 θησαυροὺς
3411 2427 3504 2480 καὶ
3538 2425 3813 2495 βασιλείας

2245 2519 2339 2571 καὶ
2375 2518 2558 2582 πόλεις
2587 2519 2826 2587 μεγάλας
2858 2521 2978 2582 ταῖς
3006 2517 3395 2589 προσηγορίαις
3423 2517 3605 2570 αὐτῶν
3627 2518 3814 2570 ἐπονο-

2246 2607 2564 2680 μαζομένας
2596 2609 2996 2680 ὑποτιθέμενοι,
3032 2612 3110 2672 εἰς
3137 2612 3312 2662 ἐκεῖνο
3340 2605 3475 2661 εἶναι
3507 2611 3571 2679 τῇ
3603 2607 3812 2680 διανοίᾳ

2245 2701 2626 2769 φαντάζονται,
2659 2702 2794 2772 ὅπερ
2824 2701 2890 2755 ἀν
2921 2701 3104 2763 αὐτοῖς
3133 2702 3165 2771 ἡ
3203 2699 3497 2770 ματαιότης
3528 2699 3638 2751 τῷν
3665 2699 3813 2766 λογι-

2243 2793 2396 2862 σμῶν
2425 2793 2714 2864 ὑπογράφῃ
2736 2807 2748 2820 ⁶
2795 2793 2900 2846 εἰσὶ
2939 2793 2996 2846 δέ
3024 2809 3168 2854 τινες
3201 2792 3250 2845 οἳ
3293 2790 3386 2845 καὶ
3419 2790 3810 2860 νεανικώτερον

2239 2884 2334 2954 τῆς
2375 2883 2731 2954 ματαιότητος
2756 2881 2958 2952 ταύτης
2989 2879 3492 2950 ἀντιλαμϐάνονται,
3520 2879 3616 2930 καὶ
3642 2878 3805 2948 ὑπερ-

2239 2976 2435 3040 ϐάντες
2476 2975 2544 3028 τά
2586 2975 2758 3046 μέτρα
2799 2975 2897 3045 τῆς
2945 2973 3179 3043 φύσεως,
3224 2970 3415 3043 πτηνοὶ
3461 2969 3702 3038 γίνονται
3727 2969 3800 3041 ,ἢ

2238 3065 2381 3120 κατὰ
2427 3066 2554 3128 τοὺς
2603 3063 2838 3134 ἀστέρας
2878 3062 3208 3132 λάμπουσιν.
3260 3059 3294 3128 ἢ
3350 3057 3450 3128 ὅρη
3493 3055 3582 3109 διά
3625 3055 3804 3126 χειρὸς

566 3143 796 3210 tingunt,
829 3143 1119 3200 thesauros
1150 3153 1205 3200 et
1239 3148 1481 3216 nuptias,
1513 3158 1566 3204 et
1591 3167 1776 3222 regna,
1803 3169 2136 3227 magnasque

2241 3158 2516 3229 φέρουσιν.
2550 3155 2695 3227 ῆτὸν
2723 3153 2952 3225 οὐρανὸν
2984 3154 3194 3215 ἑαυτοῖς
3225 3149 3575 3210 όδοποιοῦσιν,
3608 3149 3643 3218 ἢ
3672 3149 3805 3220 πρὸς

565 3232 810 3302 ipsorum
876 3236 1334 3305 appellationibus
1403 3243 1820 3310 cognominatas
1884 3249 2135 3306 civitates

564 3325 670 3379 sibi
748 3335 1139 3395 proponentes,
1193 3327 1247 3381 in
1285 3343 1351 3384 eo
1392 3345 1452 3385 se
1481 3336 1688 3388 versari
1726 3334 1780 3389 in
1810 3347 1991 3393 mente
2034 3355 2134 3394 sua

562 3414 952 3486 imaginantur,
989 3419 1357 3488 quodcunque
1389 3423 1778 3491 cogitationum
1811 3430 2023 3485 vanitas
2052 3433 2134 3488 eis

562 3509 916 3577 suggesserit,
957 3511 1202 3564 nonnulli
1242 3527 1373 3566 vero
1405 3516 1568 3569 etiam
1616 3517 1998 3578 vehementius
2029 3523 2132 3580 hac

560 3600 802 3654 vanitate
831 3604 1068 3671 correpti
1108 3611 1260 3668 sunt,
1297 3619 1361 3659 ac
1413 3607 1634 3662 modum
1677 3617 1887 3665 natura:
1935 3628 2132 3684 super-

557 3691 757 3761 gressi,
822 3693 907 3747 vel
962 3695 1214 3751 volucres
1265 3699 1561 3764 exsistunt,
1609 3703 1693 3757 vel
1735 3704 2016 3761 stellarum
2073 3709 2129 3764 in

558 3784 778 3836 modum
818 3785 1023 3850 lucent,
1060 3788 1146 3842 vel
1179 3800 1393 3846 montes
1419 3791 1473 3845 in
1497 3795 1751 3850 manibus
1777 3805 2010 3868 gestant,
2043 3802 2126 3858 vel

557 3875 760 3929 caelum
793 3877 893 3931 sibi
923 3877 1168 3947 pervium
1197 3879 1424 3947 faciunt,
1467 3884 1552 3938 vel
1588 3883 1654 3939 ad
1683 3886 2002 3944 innumeros
2030 3905 2126 3946 us-

554 3982 662 4036 que
690 3982 865 4023 annos
889 3970 1080 4023 vivunt
1098 3970 1328 4040 juvenes
1352 3989 1418 4029 ex
1441 3975 1667 4032 senibus
1698 3979 1990 4036 evadentes
2021 4000 2033 4036 :
2063 3998 2128 4039 ac

553 4074 896 4130 quacunque
937 4061 1042 4114 alia
1078 4063 1210 4119 talia
1246 4066 1422 4135 magis
1457 4068 1808 4134 vecordibus,
1848 4071 2124 4129 bullarum

555 4153 611 4206 in
645 4153 887 4220 modum,
924 4171 1066 4210 vana
1104 4164 1269 4226 atque
1332 4158 1514 4213 inania
1556 4161 1811 4230 ﬁgmenta
1855 4163 1912 4218 in
1957 4165 2124 4221 corde

554 4244 964 4312 ingenerantur.
1022 4243 1093 4300 Ut
1147 4247 1314 4316 igitur
1343 4249 1400 4302 in
1450 4250 1615 4304 rebus
1643 4252 1898 4321 gerendis
1925 4254 1972 4308 is
2024 4255 2120 4325 qui

551 4350 662 4389 non
687 4351 750 4390 ea
809 4337 1034 4406 cogitat,
1091 4353 1188 4407 per
1238 4354 1360 4408 qua:
1411 4340 1513 4394 sibi
1549 4341 1870 4397 deliberanti
1915 4345 2118 4415 aliquid

550 4425 680 4479 boni
727 4427 1028 4496 contingat,
1079 4428 1173 4482 sed
1235 4429 1394 4484 vanis
1446 4431 1839 4502 cupiditatibus
1885 4436 2119 4506 nequid-

2242 3249 2528 3322 μυριοστὸν
2561 3246 2874 3319 διαρκοῦσιν
2909 3244 3049 3308 ἔτος,
3087 3244 3198 3296 νέοι
3228 3245 3290 3296 ὲκ
3315 3240 3559 3296 παλαιῶν
3587 3241 3805 3311 γινόμε-

2235 3358 2314 3394 νοι
2334 3358 2348 3372 ·
2383 3340 2414 3410 ἢ
2446 3341 2544 3392 ὅσα
2583 3337 2717 3393 ἄλλα
2743 3336 2971 3390 τοιαῦτα
3007 3336 3121 3398 τοῖς
3149 3331 3601 3403 νηπιωδεστέροις
3632 3332 3803 3384 τίκτει

2235 3428 2630 3502 πομφολυγὼδη
2651 3430 2745 3482 καὶ
2766 3429 3036 3497 διάκεναή
3064 3425 3259 3497 καρδία
3289 3425 3412 3492 ποιῆ
3422 3423 3802 3494 ματα.”Ωσπερ

2231 3525 2409 3578 τοίνυν
2447 3524 2505 3576 ἐν
2529 3525 2638 3585 τοῖς
2679 3523 3002 3592 πράγμασιν
3033 3520 3060 3573 6
3111 3518 3184 3588 μὴ
3225 3515 3396 3571 ταῦτα
3415 3515 3800 3584 λογιζόμενος,

2231 3616 2298 3669 δι’
2327 3609 2400 3668 ὧν
2433 3613 2498 3668 ἂν
2531 3613 2737 3682 γένοιτό
2765 3629 2817 3665 τι
2854 3611 3058 3680 ἀγαθὸν
3082 3609 3192 3662 τῶν
3228 3607 3654 3678 βουλευομένων,
3687 3606 3799 3660 ἀλλ’

2230 3697 2620 3770 ἐμματαιάζων
2657 3702 2776 3762 ταῖς
2809 3699 3177 3768 ἀνυπάρκτοις
3206 3696 3543 3766 ἐπιθυμίαις,
3574 3698 3801 3768 ἀνόητός

2228 3806 2312 3853 τις
2333 3791 2446 3843 ἐστι
2472 3791 2565 3844 καὶ
2585 3789 2787 3856 ἄθλιος,
2813 3789 2902 3844 τὸν
2917 3789 3012 3843 τοῦ
3033 3789 3236 3859 πρᾶξαί
3258 3805 3311 3841 τι
3331 3787 3439 3841 τῶν
3458 3787 3800 3842 λυσιτελούν-

2229 3897 2337 3934 των
2395 3881 2791 3952 βουλεύσασθαι
2842 3880 3053 3952 καιρὸν,
3101 3883 3214 3943 τοῖς
3269 3877 3538 3941 ἐνυπνίοις
3590 3878 3800 3940 τούτοις

2229 3973 2674 4046 προσαναλίσκων
2697 3990 2710 4004 ·
2752 3971 2924 4037 οὕτως
2950 3973 2979 4025 ό
3021 3974 3078 4025 ἐν
3106 3969 3283 4041 καιρῷ
3315 3970 3631 4041 προσευχῆς
3663 3970 3796 4039 πρὸς

2225 4066 2295 4119 τὰ
2333 4065 2679 4136 συμφέροντα
2715 4067 2782 4137 τῇ
2809 4064 2954 4135 ψυχῇ
2989 4063 3063 4136 μὴ
3105 4063 3432 4132 τεταμένος,
3481 4062 3620 4114 ἀλλά
3663 4062 3796 4131 πρὸς

2223 4157 2322 4220 τὰς
2365 4156 2632 4227 ἐμπαθεῖς
2672 4157 2772 4228 τῆς
2813 4155 3050 4219 διανοίας
3078 4156 3316 4226 κινήσεις
3359 4151 3790 4206 συνδιατίθεσθαι

2221 4248 2313 4301 τὸν
2329 4248 2460 4301 Θεὸν
2486 4247 2675 4315 ἀξιῶν,
2703 4248 2869 4320 λῆρός
2891 4247 2975 4311 τίς
2995 4248 3142 4300 ἐστιν
3190 4245 3266 4308 ὡς
3292 4244 3507 4316 ἀληθῶς
3537 4246 3630 4298 καὶ
3659 4246 3786 4315 βατο

2220 4338 2470 4406 τολόγος,
2494 4338 2600 4391 τῶν
2639 4339 2784 4392 ίδίων
2821 4338 3196 4408 ματαιοτὴτων
3226 4337 3490 4407 συνεργὸν
3521 4337 3614 4388 καὶ
3645 4338 3786 4406 ὑπη-

2226 4431 2385 4501 ρέτην
2435 4431 2526 4484 τὸν
2571 4429 2704 4484 Θεὸν
2752 4431 2993 4499 γίνεσθαι
3046 4429 3493 4501 προσευχόμενος.
3559 4426 3687 4481 Οἷόν
3741 4447 3793 4482 τι

551 4533 716 4586 quam
753 4519 1102 4584 immoratur,
1137 4521 1336 4576 stultus
1375 4522 1596 4592 quidem
1647 4533 1700 4580 et
1727 4527 1892 4582 miser
1926 4538 2029 4596 est,
2062 4531 2119 4586 in

2238 4521 2364 4590 ιέγω
2386 4536 2401 4550 ·
2431 4520 2688 4590 Πρόσεισί
2719 4536 2803 4583 τις
2827 4519 2916 4573 διὰ
2954 4518 3265 4588 προσευχῆς
3293 4519 3372 4589 τῷ
3403 4519 3558 4589 Θεῷ,
3591 4521 3686 4572 καὶ
3716 4520 3792 4589 μὴ

550 4611 666 4666 haec
729 4611 998 4666 insomnia
1055 4613 1400 4669 occasionem
1448 4615 1854 4674 deliberationis
1911 4620 2116 4692 aliquid

549 4701 766 4771 agendi,
820 4703 966 4772 quod
1031 4717 1098 4756 ex
1155 4718 1257 4757 usu
1310 4705 1404 4771 sit,
1449 4705 1735 4764 insumeus
1773 4727 1786 4763 :
1824 4711 1898 4764 ita
1927 4712 2021 4781 qui
2059 4713 2114 4767 in

549 4803 791 4862 tempore
843 4794 1108 4850 orationis
1156 4796 1212 4850 in
1259 4811 1323 4852 ea
1362 4813 1484 4867 quae
1533 4799 1729 4855 animae
1776 4803 2112 4871 conducunt,

547 4887 799 4942 intentus
849 4902 957 4942 non
999 4896 1105 4952 est,
1141 4891 1236 4945 sed
1263 4891 1479 4948 vitiosis
1501 4901 1554 4949 et
1577 4894 1909 4963 perturbatis
1943 4896 2113 4953 animi

548 4978 635 5034 sui
675 4978 913 5035 motibus
956 4978 1123 5034 Deum
1159 4983 1388 5054 obsequi
1422 4987 1682 5056 postulat,
1726 4996 1959 5058 nugator
1985 4990 2112 5059 qui-

547 5069 670 5124 dem
712 5084 900 5124 revera
949 5077 1112 5140 atque
1159 5071 1459 5129 blaterator
1489 5076 1811 5147 est,quippe
1835 5079 1927 5148 qui
1968 5087 2110 5144 oret,

545 5169 607 5214 ut
653 5159 797 5216 Deus
839 5177 1066 5217 suarum
1113 5163 1438 5234 ineptiarum
1476 5175 1530 5221 et
1559 5168 1860 5223 vanitatum
1895 5168 2114 5238 adjutor

545 5264 601 5307 et
627 5253 878 5307 minister
902 5255 1022 5308 lliat.
1051 5254 1223 5320 Quale
1245 5255 1506 5325 quiddam
1541 5258 1796 5328 (exempli
1821 5260 2021 5330 gratia)
2055 5261 2112 5315 in

544 5341 782 5396 medium
824 5341 990 5398 affero
1017 5344 1275 5399 :Accedit
1309 5346 1510 5416 aliquis
1545 5346 1610 5399 ad
1643 5345 1811 5401 Deum
1847 5363 1944 5418 per
1986 5364 2113 5404 ora-

544 5429 774 5494 tionem,
801 5437 855 5485 et
889 5447 996 5485 non
1029 5447 1291 5502 perpensa
1321 5432 1464 5504 apud
1501 5435 1742 5490 animum
1776 5437 2113 5494 sublimitate

543 5523 798 5594 petentiae
829 5523 896 5577 ad
921 5539 1085 5592 quam
1124 5526 1359 5590 accedit,
1389 5526 1641 5596 turpibus
1666 5536 1720 5583 et
1754 5528 1993 5584 sordidis
2017 5543 2110 5599 pe-

542 5612 836 5666 titionibus
875 5613 1217 5682 majestatem
1264 5615 1503 5670 divinam
1557 5616 1852 5674 dedecorat
1901 5620 2110 5688 impru-

543 5702 705 5758 dens.
736 5701 805 5757 Ut
835 5704 880 5758 si
910 5705 1033 5773 quis
1062 5721 1173 5774 pra:
1203 5707 1369 5762 nimia
1405 5719 1724 5780 paupertate
1761 5721 1855 5765 aut
1885 5711 2108 5765 rustici-

543 5803 654 5850 tate
711 5810 841 5852 vasa
883 5812 948 5852 ex
995 5798 1109 5853 luto
1138 5798 1347 5866 ﬁctilia,
1383 5803 1622 5871 pretiosa
1678 5814 1860 5872 putet;
1913 5803 2108 5860 deinde

2222 4615 2558 4685 κατανοήσας
2568 4615 2630 4683 τῇ
2648 4611 2853 4683 διανοίᾳ
2865 4614 2924 4678 re
2943 4611 3074 4681 ὕψος
3092 4611 3190 4681 τῆς
3205 4611 3482 4681 δυνάμεως
3559 4611 3795 4682 προσέρ-

2221 4721 2394 4776 χεται,
2419 4703 2671 4758 λανθάνει
2699 4703 3040 4775 καθυϐρίζων
3063 4704 3123 4757 τὸ
3149 4703 3374 4774 μέγεθος
3395 4703 3515 4764 ταῖς
3539 4705 3792 4773 αἰσχραῖς

2221 4798 2313 4850 καὶ
2343 4799 2626 4861 ταπειναῖς
2654 4796 2762 4850 τῶν
2793 4798 3085 4867 αἰτήσεων.
3111 4795 3324 4865 Ὥσπερ
3355 4795 3420 4849 ἂν
3447 4795 3502 4847 εἴ
3517 4813 3601 4858 τις
3637 4797 3704 4848 τὰ
3727 4797 3793 4847 ἐκ

2219 4887 2390 4958 πηλοῦ
2422 4887 2588 4957 σκεύη
2614 4886 2680 4939 δι’
2711 4884 3009 4957 ὑπερϐολὴν
3039 4883 3227 4946 πενίας
3253 4882 3286 4953 ἢ
3320 4881 3604 4950 ἀγροικίας
3632 4883 3794 4952 τίμια

2218 4974 2473 5044 νομίζων,
2520 4975 2708 5027 ἔπειτα
2759 4973 2968 5044 βασιλεί
3008 4970 3341 5043 προσελθὼν,
3394 4969 3661 5034 πλούτους
3698 4973 3794 5024 καὶ

2219 5064 2502 5136 ἀξιώματα
2539 5065 2810 5135 διανέμειν
2851 5062 3263 5134 προαιρουμένῳ
3283 5079 3297 5092 ·
3325 5064 3354 5114 6
3386 5062 3442 5115 δὲ
3471 5062 3795 5117 καταλιπὼν

2218 5156 2318 5220 τὰς
2349 5157 2631 5228 βασιλικὰς
2664 5157 2931 5227 αἰτήσεις,
2960 5153 3102 5228 ἀξιοῖ
3123 5155 3217 5208 τὸν
3240 5153 3490 5217 τοσοῦτον
3518 5154 3597 5223 τῷ
3628 5153 3794 5219 ἀξιώ-

2220 5267 2380 5316 ματι,
2427 5249 2597 5320 πηλὸν
2644 5248 3015 5304 διαπλάσαντα
3063 5246 3285 5316 ποιῆσαί
3333 5263 3384 5298 τι
3425 5244 3537 5297 τῶν
3589 5245 3792 5314 ἐκείνῳ

2217 5340 2767 5411 καταθυμίωνόὓτως
2805 5340 2897 5394 καὶ
2928 5341 2956 5392 6
2993 5338 3332 5400 ἀπαιδεύτως
3379 5341 3442 5408 τῇ
3477 5337 3612 5410 εὐχῇ
3648 5337 3794 5409 χρώ-

2220 5447 2379 5501 μενος
2398 5471 2411 5495 ,
2441 5430 2502 5482 οὐ
2525 5431 2660 5502 πρὸς
2693 5430 2753 5482 τὸ
2780 5429 2910 5498 ὕψος
2931 5428 3024 5481 τοῦ
3061 5428 3291 5491 διδόντος
3313 5427 3503 5480 ἐαυτὸν
3530 5429 3751 5498 ἐπαίρει
3772 5465 3788 5488 ,

2215 5523 2353 5577 ἀλλά
2400 5521 2533 5591 πρὸς
2567 5522 2626 5574 τὸ
2656 5523 2910 5576 ταπεινόν
2937 5538 2996 5574 τε
3030 5522 3122 5574 καὶ
3155 5522 3340 5591 γήῖνον
3365 5521 3466 5589 τῆς
3497 5520 3636 5582 ίδίας
3666 5523 3790 5572 sm-

2216 5613 2413 5685 θυμίας
2435 5614 2534 5682 τὴν
2565 5613 2713 5668 θείαν
2732 5613 2959 5683 δύναμιν
2987 5611 3287 5682 καταόῆναι
3322 5610 3512 5664 ποθεῖ·
3540 5611 3638 5663 καὶ
3665 5609 3786 5662 τού-

2213 5723 2306 5760 του
2339 5708 2496 5778 χάριν
2516 5706 2613 5770 τὰς
2637 5705 2904 5777 ἐμπαθεῖς
2931 5703 3108 5776 ὁρμὰς
3128 5704 3394 5775 προτείνει
3425 5701 3502 5772 τῷ
3524 5702 3623 5764 τὰς
3644 5718 3781 5770 x19-

2215 5800 2330 5867 δίας
2378 5799 2649 5871 βλέποντι,
2696 5801 2794 5872 οὐχ
2827 5800 2973 5864 ὅπως
3009 5798 3076 5853 ἂν
3109 5795 3462 5868 θεραπεύσειε
3499 5794 3568 5847 τα
3599 5794 3776 5848 ἄτοπα
