4004 6460
197 412 337 467 “9.9

1159 405 1249 459 DE
1286 401 1642 461 ORATIONE
1678 400 2031 457 DOMI‘NICA.
2066 430 2136 439 —
2165 400 2426 455 ORATIO
2460 402 2499 454 Ι.

3322 400 3454 457 ίίὸθ

192 533 295 603 τῆς
325 530 565 593 διανοίας
597 529 871 599 κινήματα
893 543 908 558 ·
936 526 1050 581 ἀλλ’
1075 527 1223 589 ὅπως
1250 527 1315 581 ἂν
1346 525 1513 597 χείρω
1540 524 1770 593 γένοιτο,

1894 522 1945 575 ιιι
1974 536 2155 591 regem
2188 520 2395 574 solidas
2440 520 2659 575 divitias
2696 531 2750 576 et
2794 519 3092 591 dignitates
3120 520 3457 577 distribuere

193 624 277 686 είς
299 622 458 693 ἔργον
498 621 597 691 τῆς
633 619 874 690 πονηρᾶς
900 606 1197 688 ὁρμῆςλδιά
1223 617 1323 686 τῆς
1356 615 1644 686 συνεργίας
1677 612 1774 667 τοῦ

191 714 333 767 Θεοῦ
368 711 794 785 προσελθούσης.
837 709 1055 780 Ἐπειδὴ
1098 708 1206 780 γάρ
1234 710 1263 761 6
1296 709 1443 761 δεῖνα
1475 708 1653 769 λυπεῖ,
1682 706 1775 759 καί

195 823 290 875 μοι
329 806 595 859 διάκειται
628 801 907 873 δυσμενῶς
946 803 979 873 ἡ
1029 801 1259 872 καρδία,
1312 799 1555 864 Πάταξον
1595 798 1775 859 αὐτὸν,

196 897 275 967 τῷ
314 898 433 968 Θεῷ
468 897 643 964 λέγει.
677 896 835 965 μόνον
863 895 963 948 οὐκ
1007 894 1184 947 ἐκεῖνο
1224 892 1381 964 βοῶν,
1417 894 1499 946 ὄτι
1539 892 1612 945 Τὸ
1646 892 1777 961 ἐμὸν

196 989 371 1052 πάθος
404 990 461 1041 ἐν
512 988 594 1041 σοὶ
628 986 901 1055 γενέσθω,
948 987 981 1057 ἡ
1020 984 1153 1056 ἐμοῦ
1201 984 1369 1038 κακία
1416 984 1509 1036 ἐπὶ
1556 983 1617 1036 σὲ
1657 983 1777 1035 δια-

191 1081 367 1151 ϐήτω.
422 1081 507 1144 Ὠς
541 1080 649 1151 γάρ
683 1080 739 1131 ἐν
763 1082 879 1141 ταῖς
914 1078 1284 1151 ἀνθρωπίναις
1314 1078 1513 1149 μάχαις
1535 1078 1635 1129 ούκ
1664 1077 1779 1129 ἐστι

197 1188 263 1222 συ
274 1169 562 1241 μμαχῆσαί
582 1185 703 1220 τινα
736 1167 814 1237 τῷ
843 1168 922 1219 ἐνὶ
956 1168 1130 1239 μέρει,
1158 1167 1232 1239 μὴ
1262 1165 1780 1237 συμπαροξυνθέντα

195 1261 278 1329 τῷ
328 1260 669 1331 ὀργιζομένῳ
726 1260 867 1313 κατά
914 1258 1008 1311 τοῦ
1061 1258 1567 1330 προσπαλαίοντοςο
1636 1256 1780 1309 οὕτω

197 1350 362 1419 δῆλον
396 1352 478 1403 ὅτι
508 1352 535 1402 ὁ
566 1349 708 1403 κατά
734 1350 826 1403 τοῦ
862 1348 1054 1421 ἐχθροῦ
1086 1348 1176 1401 τὸν
1206 1348 1337 1401 Θεὸν
1372 1348 1558 1409 κινῶν,
1588 1364 1779 1420 συνορ-

192 1441 454 1510 γισθῆναι
494 1439 833 1511 παρακαλεῖ,
865 1440 957 1492 καὶ
1008 1437 1101 1490 τοῦ
1136 1438 1309 1508 θυμοῦ
1355 1437 1609 1491 κοινωνὸν
1635 1438 1783 1504 γενέο

196 1533 344 1585 σθαι.
381 1532 551 1584 Τοῦτο
578 1532 633 1584 δέ,
659 1533 775 1583 ἐστι
800 1530 861 1583 τὸ
890 1532 969 1592 είς
988 1516 1166 1592 πάθος
1194 1532 1379 1582 πεσεῖν
1408 1529 1469 1582 τὸ
1488 1530 1661 1591 Θεῖον,
1688 1530 1782 1583 καὶ

194 1624 340 1677 κατά
369 1623 653 1693 ἄνθρωπον
673 1621 1001 1692 διατεθῆναι,
1026 1622 1120 1674 καὶ
1148 1622 1228 1684 είς
1255 1619 1491 1692 θηριώδη
1517 1622 1781 1691 ἀπήνειαν

195 1718 261 1771 ἐκ
295 1718 396 1787 τῆς
426 1717 638 1786 ἀγαθῆς
674 1716 889 1785 φύσεως
926 1713 1377 1786 μεταποιηθῆναι.
1417 1713 1601 1776 Οῦτως
1633 1716 1661 1766 6
1698 1713 1782 1767 δοο

197 1809 488 1881 ξομανῶν·
539 1809 712 1872 οῦτως
754 1808 783 1860 6
822 1809 879 1860 ἐν
933 1806 1286 1878 ὑπερηφανίᾳ
1322 1806 1383 1859 τὸ
1426 1806 1587 1860 πλέον
1635 1808 1781 1877 ἔχειν

1882 624 2134 684 paratum
2187 613 2436 676 accedat,
2488 620 2652 681 atque
2703 615 2925 669 omissis
2960 614 3027 667 iis
3059 614 3244 675 rebus,
3275 630 3395 683 qua:
3425 630 3457 668 α

1882 716 2011 771 rege
2040 701 2149 770 peti
2180 701 2398 761 solent,
2456 708 2609 753 tanta
2653 702 2919 772 dignitate
2949 704 3236 772 prsedilum
3278 712 3454 775 roget,

1884 801 1945 847 ut
1989 809 2055 847 ex
2095 793 2210 847 luto
2245 792 2475 847 subacto
2523 800 2687 862 atque
2728 795 3060 848 concinnato
3102 795 3304 849 efficiat
3355 797 3459 849 ali-

1882 885 2037 955 quid,
2069 884 2216 954 quod
2257 885 2364 939 sibi
2409 886 2559 939 cordi
2594 886 2664 939 sit
2711 904 2723 939 :
2764 887 2838 940 ita
2882 888 3043 941 etiam
3078 887 3125 941 is
3157 890 3248 957 qui
3287 888 3460 957 impe-

1884 978 1987 1031 rite
2012 978 2182 1031 utitur
2204 976 2472 1038 oratione,
2510 993 2619 1031 non
2648 978 2714 1031 ad
2746 979 2928 1033 dantis
2962 979 3305 1033 altitudinem
3339 994 3461 1033 sese

1883 1068 2085 1137 erigit,
2114 1066 2209 1122 sed
2239 1067 2305 1121 ad
2338 1067 2611 1131 sordidas,
2644 1066 2882 1123 humiles
2918 1077 2971 1123 et
3011 1076 3212 1121 terram
3244 1071 3460 1139 sapien-

1886 1167 1967 1214 tes
1992 1159 2324 1227 cupiditates
2356 1174 2487 1214 suas
2520 1161 2760 1214 divinam
2798 1163 3097 1229 potentiam
3130 1163 3462 1217 descendere

1885 1252 2180 1312 desiderat,
2216 1262 2379 1321 atque
2410 1255 2572 1322 hujus
2601 1256 2675 1309 rei
2711 1256 2884 1324 gratia
2917 1255 3144 1311 vitiosos
3170 1267 3223 1310 et
3246 1265 3461 1323 pertur-

1884 1344 2044 1399 batos
2076 1344 2243 1397 animi
2287 1346 2520 1413 impetus
2549 1354 2602 1399 et
2644 1354 2823 1399 motus
2863 1346 3031 1400 corda
3060 1347 3307 1401 cernenti
3343 1363 3464 1415 pro-

1888 1436 2012 1497 fert,
2048 1451 2157 1489 non
2200 1444 2259 1489 ut
2316 1450 2472 1491 sanet
2524 1438 2794 1492 absurdos
2832 1439 2998 1492 animi
3032 1447 3234 1499 motus,
3271 1440 3363 1492 secl
3402 1444 3461 1491 ut

1885 1528 2093 1580 auxilio
2130 1527 2245 1588 Dei,
2277 1538 2669 1599 reprmsentato
2700 1546 2867 1600 pravo
2908 1532 3129 1601 impetu,
3161 1530 3461 1585 deteriores

1885 1618 2220 1675 efﬁciantur.
2250 1620 2524 1685 Quoniam
2575 1623 2723 1675 enim
2770 1623 2860 1677 ille
2891 1625 3157 1678 molestus
3185 1634 3269 1677 est
3300 1632 3464 1691 atque

1885 1708 2008 1759 odio
2032 1723 2128 1762 cor
2170 1726 2348 1764 meum
2384 1711 2615 1773 laborat,
2648 1712 2877 1767 Percutc
2904 1729 3049 1778 eum,
3081 1714 3148 1768 ad
3174 1715 3342 1769 Deum
3377 1715 3464 1768 di-

1886 1800 1991 1861 cit,
2036 1799 2195 1853 modo
2247 1817 2357 1855 non
2397 1801 2531 1856 illud
2577 1804 2865 1859 clamans:
2901 1805 3051 1861 Meus
3084 1807 3251 1860 animi
3284 1816 3465 1862 motus

195 1900 482 1971 ἐπιθυμῶν
501 1915 516 1930 '
551 1903 580 1954 6
604 1901 662 1953 ἐν
688 1903 754 1971 τῇ
788 1899 1093 1971 διαδικασίᾳ
1121 1900 1257 1970 πρὸς
1283 1899 1382 1970 τὴν
1418 1899 1573 1970 νίκην
1608 1899 1772 1952 σπεύ-

1901 1906 1932 1943 η
1962 1899 2015 1945 te
2043 1891 2134 1956 sit,
2164 1906 2227 1946 ac
2258 1908 2377 1947 mea
2403 1894 2609 1947 malitia
2635 1904 2797 1967 atque
2819 1900 3059 1967 nequitia
3094 1899 3159 1951 ad
3198 1908 3250 1953 te
3285 1908 3466 1955 trans-

193 1993 307 2047 δων
333 2012 348 2025 ’
375 1996 403 2047 6
443 1994 502 2045 ἐν
534 1996 648 2057 τοῖς
686 1994 976 2063 γυμνικοῖς
1020 1992 1195 2061 ἀγῶσι
1234 1992 1372 2063 πρὸς
1396 1991 1487 2045 τὸν
1526 1991 1788 2061 στέφανον

196 2084 556 2156 ἐπειγόμενος
576 2100 590 2115 ·
617 2085 646 2136 6
674 2086 731 2136 ἐν
754 2084 1004 2155 θεάτροις
1032 2084 1130 2155 τῆς
1162 2082 1440 2153 εὐφημίας
1474 2082 1787 2136 ἀντιποιούο

198 2196 363 2251 μενος
379 2197 392 2209 ·
423 2178 682 2241 πολλάκις
702 2178 758 2231 δέ
780 2178 875 2231 καὶ
898 2178 928 2230 6
950 2177 1083 2249 πρὸς
1107 2177 1167 2232 τὸ
1196 2176 1467 2239 λυσσῶδες
1487 2176 1587 2245 τῆς
1610 2177 1789 2248 νεότη-

194 2288 293 2334 τος
329 2270 502 2334 πάθος
544 2267 876 2340 ἐκτετηκώς.
928 2269 1136 2332 Πάντες
1180 2260 1327 2320 οὗτοι
1379 2267 1479 2338 οὐχ
1526 2268 1672 2330 ὅπως
1722 2267 1789 2321 ἂν

195 2362 309 2426 ἔξω
363 2360 458 2415 τοῦ
519 2359 948 2431 ἐπικρατοῦντος
1012 2359 1446 2431 ἀρῤωστήματος
1508 2359 1783 2426 γένοιντο,

198 2452 543 2522 προσάγουσι
575 2448 695 2519 Θεῷ
738 2448 839 2513 τὰς
868 2449 1083 2519 δεήσεις
1107 2488 1122 2510 ,
1158 2448 1272 2501 ἀλλ’
1302 2448 1449 2511 ὅπως
1480 2448 1545 2501 ἂν
1578 2450 1657 2511 είς
1687 2448 1787 2499 πέ-

200 2561 306 2613 ρας
342 2543 525 2605 αύτοῖς
555 2544 588 2613 ή
624 2542 777 2604 νόσος
803 2540 945 2593 ἔλθοι
969 2557 984 2571 °
1025 2541 1119 2594 καὶ
1147 2540 1207 2593 τὸ
1234 2541 1554 2611 διαμαρτεῖν
1582 2538 1789 2591 τούτων

198 2638 327 2690 ἀντὶ
374 2637 660 2706 συμφορᾶς
708 2635 938 2696 ἕκαστος
995 2634 1314 2704 κρίνοντες,
1372 2631 1787 2703 βαττολογοῦσιν

196 2727 390 2787 ὅντως.
412 2725 670 2796 συνεργὸν
685 2726 785 2795 τῆς
804 2724 946 2779 κατὰ
956 2716 1046 2778 τὸν
1065 2725 1188 2778 νοῦν
1208 2724 1518 2797 ἀρρωστίας
1534 2723 1790 2791 γενέσθαι

198 2820 296 2873 τὸν
323 2820 458 2873 Θεὸν
486 2820 821 2883 ἱκετεύοντες
846 2835 861 2848 ⁸
899 2819 992 2873 καὶ
1024 2818 1086 2872 τὸ
1127 2819 1346 2872 πάντων
1372 2817 1753 2889 χαλεπώτατον
1773 2860 1788 2882 ,

199 2912 288 2966 ὅτι
312 2912 447 2982 πρὸς
472 2911 568 2974 τὰς
592 2912 841 2974 ἐναντίας
863 2909 1039 2981 ὁρμὰς
1058 2909 1323 2964 κινεῖσθαι
1346 2911 1408 2962 τὸ
1426 2911 1581 2963 Θεῖον
1611 2911 1791 2975 αὐτοῖς

203 3002 594 3073 ἐπιθυμοῦσιν,
628 3004 707 3065 είς
735 3002 1033 3073 ἀγριότητα
1059 3002 1155 3055 καὶ
1182 3002 1593 3072 φιλανθρωπίαν
1638 3003 1792 3073 μερί-

200 3090 391 3158 ζοντες
426 3092 523 3146 τοῦ
561 3092 696 3146 Θεοῦ
742 3092 841 3164 τὴν
886 3092 1185 3165 ἐνέργειαν.
1224 3094 1321 3147 Ὃν
1359 3094 1469 3164 γάρ
1507 3093 1664 3145 ἵλεων
1698 3094 1791 3145 καὶ

200 3188 384 3256 πρᾶον
422 3185 770 3257 ἐπιζητοῦσιν
814 3187 1027 3250 ἑαυτοῖς
1075 3183 1246 3248 εἶναι,
1291 3186 1701 3257 τοῦτον’πικρὸν
1731 3205 1789 3239 τε

204 3280 306 3333 καὶ
335 3279 521 3349 ἀπηνῆ
548 3281 661 3343 τοῖς
684 3278 897 3348 ἐχθροῖς
931 3278 1112 3331 αὐτῶν
1144 3279 1514 3350 ἐπιδειχθῆναι
1547 3298 1793 3351 παρακα-

200 3372 409 3426 λοῦσιν.
444 3373 507 3424 Ὢ
547 3371 650 3439 τῆς
682 3371 865 3432 ἀνοίας
892 3370 1003 3424 τῶν
1048 3370 1550 3441 βαττολογούντωνί
1584 3373 1631 3424 εἰ
1679 3371 1792 3444 γὰρ

201 3464 440 3523 ἐκείνοις
471 3464 686 3533 ἀπηνὴς
710 3464 738 3517 6
766 3463 898 3526 Θεὸς
919 3504 933 3527 ,
965 3463 1084 3516 οὐδὲ
1110 3464 1193 3516 σο)⁸
1231 3464 1447 3528 πάντως
1471 3465 1695 3535 ἥμερος.
1731 3463 1793 3517 Εἰ

200 3554 258 3608 δὲ
288 3556 383 3607 ἐπὶ
412 3554 505 3607 σοῦ
534 3552 670 3626 πρὸς
700 3552 850 3606 ἔλεον
872 3554 1048 3627 ῥέπει,
1081 3554 1221 3607 κατά
1244 3571 1308 3623 γε
1334 3554 1431 3626 τὴν
1462 3556 1559 3625 σὴν
1580 3554 1792 3617 ἐλπίδα,

203 3646 329 3707 πῶς
372 3646 440 3699 ἂν
496 3645 853 3717 μεταϐάλοιτο
902 3646 1038 3717 πρὸς
1088 3646 1396 3700 τούναντίον
1438 3650 1519 3708 είς
1571 3646 1794 3717 πικρίαν

208 3738 581 3811 μεθαρμὸζων
636 3738 729 3791 τὸν
758 3738 945 3802 ἓλεον;
991 3738 1153 3794 Ἀλλά
1187 3738 1293 3809 πρὸ
1330 3739 1511 3810 χειρὸς
1532 3724 1655 3793 ’τῶν
1683 3742 1795 3810 ἐρι-

205 3830 414 3885 στικῶν
451 3833 484 3903 ἡ
527 3831 661 3903 πρὸς
697 3832 757 3885 τὸ
798 3830 1036 3884 τοιοῦτον
1061 3831 1352 3894 ἀντίθεσις.
1384 3832 1557 3895 Εὐθὺς
1586 3831 1695 3903 γὰρ
1716 3834 1796 3895 είς

207 3923 542 3994 συνηγορίαν
575 3923 675 3992 τῆς
703 3921 913 3975 ἑαυτῶν
952 3922 1177 3993 πικρίας
1216 3922 1315 3985 τὰς
1356 3925 1420 3976 ἐκ
1453 3925 1550 3993 τῆς
1580 3941 1793 3994 προφη-

204 4013 361 4077 τείας
400 4014 579 4082 φωνάς
611 4013 1005 4085 παρατίθενται
1029 4029 1043 4042 ο
1084 4013 1175 4066 τὸν
1204 4013 1369 4067 Δαὸὶδ
1396 4013 1641 4067 ἐκλιπεῖν
1671 4016 1797 4077 τοὺς

205 4102 569 4175 ἁμαρτωλοὺς
604 4102 872 4155 ποθοῦντα
895 4143 909 4166 ,
942 4102 1036 4155 καὶ
1077 4102 1341 4174 αἰσχύνην
1393 4103 1487 4157 καὶ
1530 4102 1797 4175 ἐντροπὴν

207 4194 320 4246 τῶν
369 4192 578 4263 ἐχθρῶν
614 4194 1043 4264 κατευχόμενονο
1086 4193 1178 4246 τὸν
1233 4194 1502 4266 Ἰερεμίαν
1546 4195 1670 4248 ίδεῖν
1699 4195 1799 4267 τὴν

210 4283 369 4356 παρά
403 4283 521 4355 Θεῷ
555 4285 833 4356 ἐκδίκησιν
860 4288 923 4339 ἐκ
956 4286 1064 4339 τῶν
1099 4286 1356 4341 ἐναντίων
1393 4287 1796 4358 ἐπιθυμοῦντα·

208 4377 306 4429 τὸν
351 4377 506 4449 Ὠσηέ
543 4378 756 4449 μήτραν
794 4379 1159 4445 ἀτεκνοῦσαν,
1193 4381 1287 4434 καὶ
1321 4384 1559 4453 μαστοὺς
1598 4382 1799 4453 ξηροὺς

209 4468 436 4541 δοθῆναι
486 4474 600 4534 τοῖς
642 4470 855 4541 ἐχθροῖς
899 4472 1173 4543 δεόμενον.
1209 4474 1319 4526 Καὶ
1360 4472 1531 4527 πολλά
1574 4472 1798 4526 τοιαῦτα

211 4563 497 4634 σποράδην
525 4564 753 4634 κείμενα
781 4568 901 4628 ταῖς
923 4565 1107 4633 ἁγίαις
1143 4566 1387 4637 Γραφαῖς
1418 4564 1794 4635 άναλέγονται,

212 4656 598 4725 συνιστάμενοι
625 4656 685 4707 τὸ
708 4655 817 4708 δεῖν
853 4656 961 4709 τῶν
991 4657 1248 4710 ἐναντίων
1284 4655 1663 4727 κατεύχεσθαι,
1706 4659 1801 4711 καὶ

211 4748 315 4817 τῆς
354 4749 563 4802 ἑαυτῶν
595 4748 818 4819 πικρίας
855 4748 1111 4819 συνεργὸν
1132 4748 1385 4817 γενέσθαι
1418 4748 1508 4801 τοῦ
1545 4747 1681 4800 Θεοῦ
1704 4747 1801 4818 τὴν

213 4840 552 4911 ἀγαθότητα.
590 4841 728 4893 Ἀλλ’
751 4843 911 4912 ἡμεῖς
929 4841 1003 4905 ὡς
1028 4842 1093 4895 ἂν
1116 4844 1180 4895 ἐκ
1202 4842 1438 4914 παρόδου
1464 4843 1589 4903 τοὺς
1614 4845 1677 4895 ἐκ
1704 4845 1803 4912 τῆς

212 4933 479 5005 τοιαύτης
530 4936 786 5006 ἀφορμῆς
829 4934 964 5005 πρὸς
1007 4933 1067 4986 τὸ
1107 4936 1348 4988 ἐναντίον
1402 4933 1803 5004 ὁδηγουμένους

218 5026 536 5097 παύσαιμεν
580 5024 1059 5097 βαττολογοῦντας,
1083 5024 1248 5078 τοῦτο
1286 5024 1414 5096 περὶ
1437 5025 1670 5078 ἑκάστου
1697 5024 1805 5077 τῶν

219 5134 326 5187 μνη
338 5118 707 5186 μονευθέντων
730 5114 1183 5186 παραθησόμεθα.
1328 5176 1331 5179 ἤ

216 5208 605 5264 confusionem
678 5205 921 5261 inimicis
965 5204 1357 5273 imprecantem
1390 5204 1433 5234 "
1464 5223 1475 5257 :

1887 1988 1996 2034 eat.
2050 1980 2121 2036 Ut
2165 1982 2310 2037 enim
2360 1984 2415 2038 in
2462 1985 2744 2040 hominum
2790 1989 2931 2043 inter
2979 2005 3039 2044 se
3082 1990 3313 2059 prmliis,
3354 2006 3466 2045 non

1888 2080 2069 2141 potest
2110 2074 2313 2143 aliquis
2359 2075 2454 2129 uni
2483 2078 2625 2146 parti
2668 2078 2932 2134 auxilium
2973 2080 3142 2146 ferre,
3204 2082 3310 2136 nisi
3358 2099 3465 2137 una

1887 2178 2013 2219 cum
2044 2165 2320 2223 irascente
2364 2169 2529 2224 simul
2576 2170 2631 2224 in
2662 2171 3042 2227 adversarium
3070 2174 3381 2231 concitatus
3414 2153 3489 2228 ρι’

1888 2258 2256 2314 exacerbatus
2311 2259 2423 2315 sit:
2460 2262 2533 2315 ita
2603 2262 2955 2332 perspicuum
3021 2275 3127 2327 est,
3178 2266 3325 2336 quod
3374 2268 3465 2336 qui

1894 2348 2063 2403 Deum
2119 2362 2426 2407 commovet
2464 2352 2731 2410 adversus
2767 2355 3076 2416 inimicum.
3118 2374 3243 2412 eum
3284 2370 3463 2430 rogat.

1891 2449 1951 2493 ut
1998 2456 2107 2495 una
2144 2442 2440 2503 irascatur,
2473 2452 2528 2498 et
2561 2444 2655 2498 ira!
2687 2447 2873 2500 socius
2904 2446 3016 2500 ﬁat.
3060 2447 3115 2501 ld
3149 2458 3329 2504 autem
3362 2462 3468 2514 est,

1890 2536 1944 2588 in
1975 2538 2441 2603 perturbationem
2481 2538 2727 2595 incidere
2776 2557 2977 2595 numen
3014 2542 3282 2602 divinum.
3311 2553 3363 2598 et
3388 2545 3470 2598 af-

1893 2627 1981 2681 fici
2031 2643 2185 2683 more
2225 2630 2488 2694 humano,
2538 2639 2702 2701 atque
2746 2648 2811 2687 ex
2850 2633 2991 2687 bona
3023 2648 3215 2688 natura
3261 2636 3312 2688 in
3346 2636 3473 2691 feri-

1892 2734 2019 2772 nam
2056 2722 2322 2775 smvitiam
2374 2726 2761 2779 transmutari.
2812 2725 2890 2780 Ita
2920 2728 3013 2798 qui
3058 2728 3246 2797 gloriaa
3280 2730 3473 2787 insana

1893 2811 2150 2880 cupidine
2198 2822 2460 2881 vexatur;
2505 2816 2578 2869 ita
2625 2818 2721 2888 qui
2772 2820 3026 2889 superbia
3058 2822 3327 2876 excellere
3354 2833 3473 2878 stu-

1892 2902 2031 2968 det;
2079 2906 2173 2973 qui
2232 2906 2285 2958 in
2328 2907 2579 2974 judiciali
2625 2910 3023 2979 disceptatione
3064 2912 3131 2966 ad
3184 2916 3472 2970 victoriam

1894 2992 2155 3060 festinat;
2215 2998 2307 3065 qui
2348 2999 2401 3050 in
2452 2999 2724 3069 gymnicis
2765 3004 3164 3057 certaminibus
3206 3005 3270 3058 ad
3310 3022 3475 3060 coro-

1895 3102 2019 3139 nam
2054 3095 2342 3155 properat;
2393 3091 2484 3158 qui
2523 3091 2575 3143 in
2610 3092 2839 3147 theatris
2874 3092 3085 3149 fanstas
3126 3098 3477 3151 acclamatio~

1898 3194 1994 3233 nes
2045 3178 2285 3233 allectat.
2323 3180 2477 3251 Saepe
2514 3194 2694 3238 autem
2724 3186 2888 3239 etiam
2933 3186 2979 3240 is
3006 3187 3099 3257 qui
3130 3197 3352 3258 prepter
3387 3190 3464 3243 in-

1899 3288 2093 3326 sanum
2127 3273 2439 3341 juvenlutis
2486 3276 2737 3331 morbum
2768 3280 3109 3334 contabescit
3144 3300 3155 3334 :
3201 3296 3392 3336 omnes
3421 3284 3472 3336 bi

1898 3380 2006 3418 non
2062 3375 2121 3419 ut
2166 3383 2251 3431 eo,
2308 3383 2419 3437 quo
2461 3378 2739 3435 tenentur,
2790 3370 2983 3426 morbo
3012 3371 3331 3436 liberentur,
3367 3372 3476 3429 Deo

1897 3472 2089 3526 preces
2117 3458 2373 3524 offerunt,
2417 3461 2511 3515 sed
2562 3471 2621 3515 ut
2678 3461 2749 3515 ad
2806 3461 2967 3517 ﬁnem
3016 3463 3241 3518 morbus
3284 3480 3474 3519 eorum

1898 3549 2251 3620 perducatur,
2300 3560 2356 3607 et
2402 3554 2760 3621 compleatur.
2794 3555 2974 3624 Atque
3009 3556 3124 3609 haec
3151 3556 3198 3610 si
3229 3556 3478 3613 obtinere

1900 3656 2008 3694 non
2054 3642 2289 3712 possint,
2325 3644 2709 3701 calamitosum
2738 3646 2974 3717 quisque
3007 3648 3114 3703 sibi
3138 3646 3475 3714 judicantes.

1901 3731 2173 3787 blaterant
2217 3750 2426 3802 revera,
2477 3744 2537 3790 ut
2564 3737 2763 3792 mentis
2788 3752 2902 3793 sua:
2935 3740 3107 3793 morbi
3139 3740 3356 3807 adjutor
3385 3742 3477 3804 sit,

1900 3825 2010 3882 Deo
2057 3828 2433 3897 supplicantes
2470 3847 2484 3884 :
2524 3845 2587 3883 ac
2612 3830 2760 3899 quod
2810 3832 3055 3885 omnium
3091 3833 3477 3903 gravissimum

1900 3926 2006 3982 cst,
2042 3918 2109 3972 ad
2165 3935 2331 3989 quam
2384 3921 2621 3977 maxime
2665 3923 2975 3977 contrarios
3016 3933 3198 3979 motus
3234 3926 3476 3981 divinum

1901 4025 2103 4063 numen
2147 4012 2251 4065 sibi
2310 4013 2517 4067 moveri
2555 4016 2980 4084 concupiscunt.
3028 4016 3080 4068 in
3115 4015 3382 4072 feritatem
3426 4025 3482 4071 et

1902 4100 2316 4167 humanitatem,
2340 4102 2643 4157 efﬁcaciam
2672 4102 2763 4159 Dei
2793 4104 3110 4173 partientes.
3139 4105 3309 4172 Quem
3334 4106 3480 4160 enim

1902 4193 2199 4262 pr0pitium
2227 4202 2283 4248 et
2312 4194 2500 4250 mitem
2546 4196 2652 4250 sibi
2692 4211 2813 4252 esse
2856 4196 3192 4263 desiderant,
3233 4214 3358 4253 eum
3391 4214 3482 4252 as-

1904 4299 2092 4354 perum
2125 4291 2180 4339 et
2238 4285 2501 4341 immitem
2550 4288 2788 4343 inimicis
2843 4289 2961 4344 suis
3008 4289 3123 4344 ﬁeri
3174 4298 3389 4358 rogant.
3438 4289 3484 4344 Ο

1904 4373 2291 4427 blaterantium
2325 4375 2692 4431 dementiam!
2726 4377 2860 4431 Nam
2895 4382 2939 4433 si
2976 4378 3120 4435 Deus
3160 4379 3266 4435 illis
3306 4380 3486 4432 inuni-

1904 4467 1997 4527 tis,
2047 4482 2115 4521 ne
2159 4467 2256 4520 tibi
2316 4469 2537 4538 quidem
2600 4486 2827 4539 prorsus
2890 4456 3139 4541 placidus
3195 4472 3319 4526 erit.
3385 4470 3481 4523 Sin

1907 4567 2087 4612 autem
2142 4560 2198 4613 in
2250 4568 2320 4623 te,
2360 4569 2422 4613 ut
2473 4572 2622 4616 certe
2670 4578 2887 4631 speras.
2942 4563 3008 4617 ad
3046 4562 3481 4618 misericordiam

1905 4667 2212 4722 propensus
2259 4664 2391 4708 est:
2444 4655 2720 4723 quomodo
2766 4655 2819 4707 in
2866 4655 3205 4708 contrarium
3244 4654 3481 4707 mutabi-

1906 4752 2016 4809 tur,
2049 4745 2112 4798 ad
2141 4746 2404 4800 saevitiam
2432 4746 2871 4800 misericordiam
2905 4746 3241 4800 traducens?
3283 4746 3385 4801 Sed
3415 4746 3485 4801 ad

1906 4835 2008 4889 hoc
2032 4836 2085 4889 in
2126 4845 2379 4907 promptu
2406 4837 2880 4891 contentiosorum
2915 4838 3192 4907 oppositio
3223 4846 3330 4893 est.
3352 4836 3481 4890 Pro-

1904 4930 2055 4983 tinus
2105 4930 2250 4981 enim
2313 4928 2379 4982 ad
2432 4928 2892 4998 patrocinandum
2938 4946 3053 4984 suae
3090 4930 3375 4983 acerbitati
3420 4944 3485 4983 ex

1905 5022 2193 5091 prophetia
2233 5020 2556 5090 desumptas
2606 5037 2771 5077 voces
2819 5032 3131 5093 pr0ponunt
3170 5042 3181 5075 :
3230 5020 3489 5075 Davidem

1914 5113 2145 5168 deﬁcere
2189 5122 2505 5182 peccatores
2555 5114 2989 5178 desiderantem,
3040 5124 3096 5169 et
3146 5114 3407 5184 pudorem
3437 5121 3493 5166 et

1549 5202 1867 5268 Jeremiam,
1911 5204 2205 5258 vindictam
2236 5216 2291 5261 et
2322 5220 2514 5275 pmnas
2548 5222 2578 5260 a
2621 5205 2733 5262 Deo
2766 5208 2832 5262 de
2867 5208 3200 5263 adversariis
3244 5216 3493 5275 sumptas

216 5308 407 5362 videre
460 5304 767 5375 cupientem
798 5304 844 5335 “
890 5324 902 5357 :
943 5300 1140 5358 Oseam
1224 5299 1440 5352 vulvam
1490 5298 1735 5351 sterilem
1790 5306 1846 5351 et
1884 5297 2052 5352 ubera
2094 5302 2243 5354 sicca
2326 5300 2565 5356 inimicis
2595 5300 2714 5355 dari
2760 5310 3037 5371 rogantem
3071 5300 3136 5351 ’³.
3194 5300 3270 5352 Ac
3320 5300 3493 5352 multa

216 5401 351 5454 talia
383 5398 589 5468 passim
632 5396 685 5451 in
704 5398 910 5452 sanctis
947 5393 1249 5465 Scripturis
1280 5394 1456 5463 posita
1497 5393 1786 5462 colligunt,
1826 5393 1970 5462 quod
2013 5393 2345 5450 adversariis
2413 5397 2731 5467 imprecari,
2771 5406 2825 5451 et
2854 5411 2967 5450 suae
3002 5395 3247 5464 ipsorum
3274 5396 3495 5448 saevitia:

217 5493 523 5548 bonitatem
589 5489 681 5544 Dei
742 5489 1065 5559 adjutricem
1123 5488 1432 5543 adsciscere
1498 5494 1771 5557 oporteat.
1802 5486 2216 5543 coneludentes.
2251 5488 2454 5545 Verum
2497 5507 2621 5551 nos.
2655 5498 2715 5544 ut
2738 5490 2924 5561 obiter.
2940 5504 3154 5551 eorum,
3192 5488 3284 5557 qui
3316 5503 3381 5543 ex
3413 5496 3492 5542 ta.

220 5585 256 5640 li
294 5584 589 5639 occasione
634 5585 690 5637 in
743 5583 1080 5638 contrarium
1120 5580 1483 5648 deducantur,
1546 5580 1747 5650 ineptis
1800 5595 1866 5635 ac
1904 5580 2061 5636 vanis
2108 5584 2458 5639 sermonibus
2515 5588 2677 5639 linem
2713 5585 3085 5653 imponamus,
3126 5580 3232 5635 hoc
3273 5579 3338 5632 ad
3383 5580 3497 5634 sin-

215 5688 371 5759 gula,
414 5699 535 5755 qua:
576 5691 873 5736 memorata
911 5689 1061 5746 sunt,
1092 5681 1147 5734 in
1177 5680 1415 5735 medium
1448 5678 1803 5733 adducemus.

294 5868 341 5900 "
382 5865 528 5922 Psal.
562 5882 614 5918 tx
638 5905 652 5924 .
687 5864 710 5917 1
746 5878 869 5933 sqq.
945 5863 989 5892 “
1026 5860 1227 5915 Jcrem.
1269 5877 1299 5915 x
1324 5902 1336 5926 ,
1376 5859 1459 5915 l7.
1539 5860 1583 5892 ’³
1622 5857 1744 5915 Ose.
1778 5874 1829 5913 Ix
1854 5900 1868 5926 ,
1899 5858 1931 5911 ϐ
1964 5874 2084 5929 sqq.

544 5957 818 6019 ΡΑτιιοι..
844 5956 963 6018 Gn.
998 5955 1217 6019 XLIV.

3098 5947 3177 6007 36
