4004 6526
491 404 620 464 ιιιι

1719 387 1779 446 S.
1809 383 2138 444 GREGORII
2175 379 2466 438 .NYSSENI

3601 365 3738 422 “5!

557 515 751 570 Nullus
788 527 855 568 ex
889 525 1012 564 vere
1048 507 1277 570 sanctis,
1312 521 1341 558 a
1387 515 1577 560 sancto
1621 503 1828 573 Spiritu
1862 501 2064 556 divini-

2238 499 2422 561 Οὐδεὶς
2453 494 2559 548 τῶν
2587 493 2800 563 ἀληθῶς
2831 491 3020 560 ἁγίων,
3053 487 3161 541 τῶν
3187 486 3263 556 τῷ
3291 484 3430 555 ἁγίῳ
3455 484 3742 555 Πνεῦματι

486 619 576 664 tus
606 605 844 666 alllatis,
894 615 1127 671 quorum
1175 599 1321 652 dicta
1371 596 1554 650 divina
1591 595 1938 650 ordinatione
1991 591 2058 646 ad

487 697 917 753 admonitionem
955 690 1358 760 insequentium
1408 688 1688 742 hominum
1747 685 2058 756 perscripta

489 797 639 850 sunt,
664 782 869 854 aliquid
907 781 1034 834 mali
1067 779 1168 833 sibi
1206 779 1388 832 studio
1421 778 1681 834 habuisse
1713 777 2062 831 demonstra-

489 879 680 942 liitur;
715 874 807 929 sed
854 875 1119 934 omnium,
1157 887 1284 941 quae
1329 871 1396 924 ab
1431 870 1566 940 ipsis
1609 869 1754 922 dicta
1787 877 1935 931 sunt,
1970 867 2058 921 in-

491 969 664 1023 tentio
695 975 857 1034 atque
890 964 1179 1018 consilium
1219 970 1429 1032 spectat
1461 961 1525 1014 ad
1580 961 1974 1014 correctionem
2009 966 2063 1012 et

491 1057 925 1114 emendationem
963 1055 1479 1122 vitiositatisatque
1511 1051 1750 1114 malitiae,
1782 1063 1904 1117 qua
1932 1056 2064 1104 tunc

493 1156 546 1208 io
579 1163 770 1205 natura
806 1149 1039 1220 vigebat.
1070 1143 1537 1212 Quemadmodum
1595 1145 1760 1214 igitur
1809 1143 1918 1208 ille,
1969 1139 2064 1210 qui

493 1253 634 1308 orat,
687 1259 754 1298 ne
793 1242 902 1296 sint
954 1247 1304 1310 :egrotanles.
1361 1253 1426 1290 ne
1475 1237 1585 1291 sint
1639 1242 1899 1304 egentes,
1955 1247 2063 1286 non

497 1331 1101 1390 ltominuminteritum,
1137 1327 1230 1382 sed
1279 1327 1452 1380 morbi
1503 1335 1556 1380 et
1595 1325 1856 1396 egestatis
1900 1323 2068 1378 aboli-

495 1429 693 1482 tionem
732 1421 844 1477 ﬁeri
877 1421 1026 1490 cupit
1059 1438 1071 1473 :
1107 1420 1178 1472 ita
1208 1418 1392 1478 etiam,
1433 1417 1560 1471 dum
1592 1418 1824 1487 quisque
1852 1424 2070 1470 sancto-

495 1534 616 1572 rum
652 1521 832 1576 orant,
869 1521 929 1566 ut
961 1512 1034 1574 id,
1070 1511 1213 1581 quod
1245 1519 1458 1565 natura:
1488 1509 1774 1563 adversum
1807 1519 1859 1562 et
1885 1507 2069 1560 inimi-

497 1625 623 1660 cum
681 1615 804 1668 est,
857 1604 924 1658 ad
973 1603 1254 1657 interitum
1317 1602 1637 1670 redigatur,
1703 1599 2068 1669 suspicionem

499 1693 930 1764 imperitioribus
979 1694 1240 1763 przebent,
1293 1692 1449 1760 quasi
1513 1691 1775 1744 adversus
1824 1689 2072 1742 homines

501 1789 726 1844 smviant
777 1794 830 1840 et
885 1785 1189 1838 exacerbati
1248 1783 1377 1837 sint.
1433 1781 1566 1835 Nam
1623 1791 1677 1836 et
1726 1780 2068 1838 Psalmorum

2165 588 2632 660 θεοφορουμένων,
2663 577 2736 637 ὧν
2759 583 2815 638 αἱ
2852 584 3036 654 ῥήσεις
3066 579 3206 632 κατὰ
3247 578 3396 631 θείαν
3431 575 3746 646 οἰκονομίαν

2163 683 2244 746 εἰς
2306 680 2588 732 νουθεσίαν
2634 677 2742 730 τῶν
2787 673 2985 743 ἐφεξῆς
3036 671 3441 742 ἀνεγράφησαν,
3491 669 3588 720 ἐπί
3641 686 3746 721 τινι

2163 772 2319 842 κακῷ
2361 772 2458 842 τὴν
2501 769 2734 838 σπουδὴν
2774 767 2911 837 ἔχων
2945 763 3418 832 ἐπιδειχθήσεται·
3461 760 3602 812 ἀλλά
3642 761 3750 823 πᾶς

2165 866 2347 928 αὐτοῖς
2370 865 2398 916 ὁ
2423 862 2621 924 σκοπὸς
2664 860 2772 914 τῶν
2795 859 2966 928 λόγων
2983 899 2998 923 ,
3027 855 3164 927 πρὸς
3189 853 3470 926 διόρθωσιν
3505 853 3607 923 τῆς
3637 855 3751 917 ἐμ-

2165 953 2587 1024 πολιτευομένης
2627 954 2691 1022 τῇ
2726 949 2884 1020 φύσει
2912 948 3110 1010 κακίας
3145 945 3348 1016 βλέπει,
3391 945 3605 1013 Ὥσπερ
3637 943 3754 996 τοί-

2167 1051 2261 1100 νυν
2307 1048 2336 1100 ὁ
2379 1045 2670 1115 εὐχόμενος
2703 1041 2776 1113 μὴ
2803 1037 2941 1094 εἶναι
2969 1037 3279 1104 νοσοῦντας,
3317 1037 3390 1108 μὴ
3422 1031 3564 1088 εἶναι
3603 1052 3756 1087 πτω-

2169 1139 2432 1210 χεύοντας
2455 1177 2470 1200 ,
2503 1136 2564 1188 οὐ
2587 1135 2694 1188 τῶν
2721 1131 3022 1204 ἀνθρώπων
3051 1129 3354 1200 ἀναίρεσιν,
3375 1126 3511 1180 ἀλλά
3538 1127 3640 1196 τῆς
3677 1125 3756 1178 νό-

2170 1247 2264 1282 σου
2291 1228 2384 1281 καὶ
2411 1226 2509 1298 τῆς
2547 1224 2820 1294 πτωχείας
2844 1219 3152 1291 ἀφανισμὸν
3173 1219 3429 1290 ἐπιθυμεῖ
3450 1219 3714 1288 γενέσθαι
3738 1234 3753 1248 ·

2168 1320 2310 1374 οῦτω
2343 1320 2434 1372 καὶ
2461 1317 2568 1370 τῶν
2604 1317 2773 1386 ἁγίων
2798 1317 3046 1377 ἕκαστος,
3083 1313 3144 1365 τὸ
3168 1316 3234 1383 τῇ
3259 1311 3417 1380 φύσει
3443 1311 3640 1382 ἐχθρὸν
3659 1309 3760 1363 καὶ

2170 1413 2425 1483 πολέμιον
2485 1412 2564 1473 εἰς
2625 1407 2926 1478 ἀφανισμὸν
2979 1405 3151 1459 ἐλθεῖν
3191 1405 3255 1457 δι’
3299 1405 3462 1475 εὐχῆς
3511 1404 3758 1474 ἔχοντες,

2172 1505 2424 1558 ὑπόνοιαν
2456 1505 2567 1566 τοῖς
2609 1498 3080 1569 ἀπαιδευτοτέροις
3109 1498 3458 1568 παρέχουσιν,
3491 1495 3569 1558 ὡς
3606 1494 3766 1548 κατὰ

2171 1594 2270 1650 ἀνθ
2279 1594 2474 1667 ρώπων
2495 1589 2906 1664 πικραινόμενοί
2933 1606 2991 1642 τε
3015 1588 3110 1642 καὶ
3139 1587 3573 1658 χαλεπαίνοντες.
3598 1588 3674 1639 ὐ
3697 1601 3764 1638 τε

2173 1687 2280 1760 γὰρ
2296 1683 2598 1757 Ψαλμῳδὸς
2614 1681 2804 1748 είπὼν,
2820 1682 2900 1736 ὅτι
2920 1680 3261 1736 Ἔκλίποιεν
3279 1679 3602 1748 ἁμαρτωλοί
3633 1677 3768 1732 ἀπὸ

2174 1778 2283 1846 τῆς
2312 1774 2422 1848 γῆς
2461 1775 2558 1828 καί
2583 1773 2814 1842 ἄνομοι,
2855 1771 3012 1826 ὥστε
3051 1770 3136 1840 μὴ
3169 1770 3461 1840 ὑπάρχειν
3489 1771 3768 1834 αὐτούς’

501 1881 735 1949 scriptor
766 1893 888 1932 cum
937 1877 1075 1930 dixit
1119 1874 1434 1929 :Tollantur
1481 1882 1780 1942 peccatores
1815 1879 1865 1925 et
1908 1871 2076 1942 iniqui

2188 1871 2274 1942 τὴν
2308 1867 2579 1942 ἁμαρτίαν
2602 1865 2872 1919 ἐκλείπειν
2899 1865 2992 1918 καὶ
3015 1863 3240 1934 ἀνομίαν
3265 1861 3499 1933 εὔχεται.
3535 1863 3608 1916 Οὐ
3651 1862 3770 1932 γὰρ

500 1973 564 2024 de
599 1981 760 2034 terra,
793 1979 849 2023 ut
881 1987 982 2022 non
1028 1971 1131 2021 sint
1160 1967 1244 2031 “;
1281 1977 1340 2022 ut
1377 1977 1662 2038 peccatum
1708 1975 1764 2023 et
1813 1967 2074 2036 iniquitas

501 2063 781 2122 deficiant,
814 2069 955 2113 orat.
993 2057 1107 2112 Non
1160 2057 1305 2112 enim
1359 2058 1521 2112 homo
1567 2057 1850 2111 hominum
1901 2055 2076 2112 hostis

500 2164 624 2208 est:
662 2153 754 2206 sed
791 2153 974 2206 libera:
1009 2151 1305 2204 voluntatis
1357 2157 1537 2206 motus
1579 2150 1668 2203 ad.
1697 2149 1994 2219 nequitiam
2024 2157 2077 2204 et

503 2245 788 2306 malitiam,
837 2243 957 2295 loco
1009 2241 1183 2295 hostis
1245 2225 1530 2294 constituit
1583 2239 1636 2293 id
1683 2237 1828 2308 quod
1881 2246 2078 2292 natura

501 2335 856 2402 conjunctum
889 2341 991 2386 est.
1029 2330 1098 2386 Ut
1138 2331 1340 2384 malum
1377 2331 1542 2400 igitur
1569 2329 1808 2394 deﬁciat,
1839 2341 1980 2384 orat.
2011 2329 2078 2382 At

503 2424 665 2478 homo
692 2423 890 2476 malum
921 2437 1028 2474 non
1052 2429 1157 2474 est.
1185 2419 1471 2486 Quomodo
1493 2421 1636 2474 enim
1663 2421 1865 2473 malum
1892 2419 2076 2485 fuerit,

502 2515 558 2570 id
585 2513 730 2584 quod
763 2513 891 2566 boni
919 2513 1276 2566 simulacrum
1324 2522 1377 2567 et
1409 2511 1811 2566 imitamentum
1851 2511 1980 2566 est?
2007 2511 2080 2564 lta

503 2610 668 2662 etiam
702 2607 746 2660 si
779 2606 1040 2675 pudorem
1083 2614 1137 2660 et
1175 2603 1553 2660 confusionem
1602 2604 1842 2660 inimicis
1883 2605 2081 2674 impre—

505 2704 678 2756 cetur,
738 2692 978 2747 ostendit
1029 2691 1126 2746 tibi
1177 2701 1453 2746 catervam
1489 2691 1954 2758 adversariorum,
1988 2692 2081 2762 qui

505 2785 574 2838 ab
635 2783 893 2839 invisibili
950 2783 1175 2837 inimico
1241 2791 1494 2844 stantes.
1553 2781 1719 2834 vitam
1785 2783 2082 2836 humanam

505 2887 842 2947 oppugnant.
880 2874 1182 2944 De-quibus
1217 2874 1382 2929 etiam
1415 2869 1622 2928 Paulus
1661 2873 1879 2944 planius
1903 2873 2081 2944 loqui-

506 2979 620 3030 tur,
652 2969 851 3022 luctam
879 2967 1040 3021 nobis
1069 2981 1190 3022 esse
1221 2966 1410 3021 dicens
1433 2965 1698 3022 adversus
1722 2968 2083 3039 principatus,

507 3060 772 3116 adversus
799 3067 1096 3130 potestates
1116 3067 1170 3112 et
1197 3066 1440 3114 rectores
1466 3058 1633 3128 hujus
1661 3059 1872 3125 mundi,
1898 3059 2089 3114 adver-

513 3167 609 3206 sus
667 3153 984 3222 spirituales
1053 3151 1431 3221 improbitates
1519 3149 1573 3205 in
1642 3152 1959 3207 coelestibus
2015 3153 2082 3204 “.

2176 1962 2460 2034 ἄνθρωπος
2498 1957 2801 2032 ἀνθρώπων
2852 1957 3140 2026 πολέμιος,
3175 1955 3286 2008 ἀλλ’
3327 1956 3362 2026 ἡ
3386 1955 3522 2008 κατὰ
3554 1952 3774 2008 κακίαν

2176 2054 2276 2124 τῆς
2305 2052 2676 2124 προαιρέσεως
2711 2050 2924 2120 κίνησις
2961 2049 3037 2112 είς
3071 2046 3265 2120 ἐχθροῦ
3291 2047 3442 2114 τάξιν
3466 2047 3526 2100 τὺ
3548 2049 3614 2114 τῇ
3657 2045 3776 2112 φύ-

2180 2164 2262 2198 σει
2295 2143 2636 2216 συνημμένον
2672 2140 3022 2210 κατέστησεν.
3059 2139 3132 2192 Τὸ
3171 2139 3342 2192 κακὸν
3369 2137 3543 2191 τοίνυν
3575 2135 3776 2190 ἐκλεί-

2181 2256 2304 2291 πειν
2335 2235 2550 2306 εὔχεται
2571 2277 2585 2302 ,
2616 2237 2646 2289 ὁ
2677 2235 2731 2288 δὲ
2759 2231 3044 2304 ἄνθρωπος
3091 2231 3260 2284 κακὸν
3298 2231 3396 2284 οὐκ
3428 2231 3568 2283 ἔστιν
3589 2243 3605 2259 ⁶
3639 2227 3778 2292 πῶς

2179 2330 2288 2403 γὰρ
2329 2330 2394 2382 ἂν
2433 2331 2516 2399 εἴη
2559 2327 2728 2382 κακὸν
2765 2327 2858 2380 τοῦ
2893 2326 3096 2395 ἀγαθοῦ
3145 2325 3206 2378 τὸ
3245 2323 3524 2394 ὁμοίωμα;
3565 2323 3774 2384 Οὕτως

2180 2423 2282 2478 κᾶν
2309 2422 2569 2492 αἰσχύνην
2599 2421 2695 2474 καὶ
2724 2419 2989 2491 ἐντροπὴν
3016 2417 3124 2471 τῶν
3157 2417 3365 2488 ἐχθρῶν
3403 2416 3774 2486 κατεύχηται,

2185 2514 2428 2568 δείκνυσί
2461 2531 2542 2566 σοι
2576 2513 2633 2566 τὸ
2659 2517 2844 2582 στῖφος
2871 2511 2978 2564 τῶν
3012 2510 3288 2572 ἐναντίων,
3312 2509 3420 2560 τῶν
3449 2509 3508 2560 ἐκ
3536 2507 3634 2562 τοῦ
3673 2509 3777 2560 ἀο-

2163 2605 2348 2695 ’ρὰτου
2383 2601 2576 2674 ἐχθροῦ
2607 2606 2672 2672 τῇ
2725 2601 3040 2672 ἀνθρωπίνῃ
3073 2596 3584 2671 προσπολεμούντων
3613 2595 3772 2667 ζωῇ.

2183 2696 2318 2768 Περὶ
2347 2690 2421 2750 ὧν
2457 2695 2548 2749 καὶ
2588 2696 2615 2747 ὁ
2648 2693 2860 2756 Παῦλος
2894 2692 3230 2762 γυμνότερον
3255 2689 3582 2760 διεξέρχεται
3609 2729 3626 2749 ,
3663 2689 3776 2758 τὴν

2183 2789 2359 2858 πάλην
2388 2787 2560 2855 λέγων
2597 2782 2734 2840 εἶναι
2774 2787 2909 2856 ἡμῖν
2955 2783 3090 2853 πρὸς
3124 2781 3220 2846 τὰς
3255 2783 3447 2852 ἀρχὰς,
3481 2779 3616 2852 πρὸς
3663 2780 3776 2844 τὰς

2185 2881 2431 2948 ἐξουσίας
2457 2880 2694 2944 καὶτοὺς
2725 2876 3172 2947 κοσμοκράτορας
3193 2874 3286 2927 τοῦ
3315 2874 3514 2945 κόσμου
3541 2872 3776 2933 τούτου,

2187 2973 2324 3044 πρὸς
2363 2972 2430 3026 τὰ
2461 2969 2805 3042 πνευματικά
2848 2969 2946 3040 τῆς
2981 2967 3247 3038 πονηρίας
3291 2968 3346 3020 ἐν
3383 2967 3493 3028 τοῖς
3521 2965 3774 3035 ἐπουρα-

2187 3063 2337 3126 νίοις.
2372 3062 2482 3124 Τὰς
2519 3060 2892 3131 δαιμονιὼδεις
2932 3057 3227 3118 ἐπιϐουλὰς
3252 3099 3266 3118 ,
3297 3057 3363 3110 δι’
3395 3049 3466 3110 ὧν
3497 3056 3778 3124 ἐπάγεται

2187 3158 2299 3219 τοῖς
2333 3152 2639 3225 ἀνθρώποις
2670 3153 2737 3205 τὰ
2766 3151 2976 3222 πονηρᾶ
3013 3149 3151 3222 πρὸς
3200 3148 3472 3222 ἁμαρτίαν
3509 3146 3780 3218 συμπτώ-

511 3243 888 3298 Ι);ι·ιηοηῑιιοιιε
939 3243 1084 3298 enim
1149 3243 1420 3307 insidias,
1471 3259 1570 3312 per
1624 3259 1763 3312 quas
1813 3244 2080 3298 malitiosa

2194 3265 2338 3320 ματα
2367 3289 2382 3313 ,
2435 3221 2714 3316 συντυχίαι
2767 3221 3073 3313 θυμιτιδεις,
3131 3239 3430 3311 ἐπιθυμιῶν
3479 3239 3778 3310 ἀφορμαὶ,

511 3334 831 3390 hominibus
883 3333 950 3388 ad
1009 3345 1293 3404 peccatum
1349 3335 1684 3391 adhibentur
1733 3335 2086 3400 offendicula,

513 3440 845 3495 congressus
875 3423 1148 3486 iracundi,
1178 3425 1539 3495 cupiditatum
1575 3427 1817 3489 occasio,
1850 3426 2088 3488 invidiae,

511 3516 646 3580 odii,
689 3515 977 3584 superbiat,
1023 3515 1282 3569 taliumve
1336 3516 1605 3569 malorum
1651 3515 1922 3571 materia:
1975 3517 2091 3571 haec

513 3623 637 3660 cum
663 3621 892 3676 magnus
915 3605 1186 3675 Pmpbeta
1209 3607 1357 3661 videt
1385 3607 1824 3678 uniuscujusque
1850 3607 2088 3663 animam

513 3698 827 3754 insidiando
875 3698 1432 3763 circumeursitantia,
1470 3698 1538 3753 ad
1599 3699 1861 3769 pudorem
1917 3697 2090 3768 redigi

513 3799 794 3862 precatur,
827 3791 919 3861 qui
947 3791 1031 3846 his
1061 3791 1300 3846 inimicis
1336 3791 1689 3862 imprecetur.
1747 3790 1862 3846 Hoc
1908 3799 2089 3844 autem

514 3885 650 3958 nihil
684 3895 767 3939 est
803 3883 974 3946 aliud,
1004 3899 1166 3952 quam
1197 3892 1256 3936 ut
1291 3883 1407 3952 ipse
1454 3893 1721 3939 servetur.
1755 3882 2094 3936 Naturaliter

516 3979 659 4032 enim
691 3975 912 4036 accidit,
948 3984 1006 4029 ut
1045 3975 1114 4035 is,
1147 3975 1240 4043 qui
1273 3973 1326 4028 in
1362 3974 1665 4029 certamine
1708 3975 1870 4029 luctat
1913 3975 2096 4028 victus

513 4071 610 4134 sit,
657 4069 727 4122 ob
781 4069 1022 4136 lapsum-
1065 4080 1225 4120 suum
1276 4063 1562 4134 pudeliat:
1633 4063 2094 4134 quemadmodum

517 4162 696 4215 victor
731 4169 922 4212 contra
970 4164 1193 4227 propter
1219 4156 1505 4212 victoriam
1555 4157 1784 4210 laetatur.
1838 4155 1915 4210 Ac
1946 4155 2092 4226 quod

521 4252 636 4306 haec
677 4250 750 4302 ita
792 4263 914 4303 sese
967 4249 1231 4308 habeant,
1283 4248 1552 4303 orationis
1601 4247 1774 4301 forma
1825 4245 2090 4303 declarat.

527 4341 852 4394 Erubescant
905 4339 1088 4405 enim,
1143 4338 1356 4409 inquit,
1423 4347 1474 4392 et
1539 4337 1937 4406 confundantur
2003 4339 2093 4410 qui

521 4441 764 4502 qua’runt
817 4431 1050 4483 animam
1104 4446 1276 4483 meam
1304 4431 1370 4483 ’⁸.
1401 4428 1520 4484 Non
1567 4430 1714 4484 enim
1761 4430 2096 4501 imprecatur

2192 3336 2384 3406 φθόνου
2415 3334 2510 3389 καὶ
2541 3335 2731 3406 μίσους
2758 3333 2852 3386 καὶ
2877 3330 3256 3401 ὑπερηφανίας
3275 3369 3290 3391 ,
3320 3330 3414 3382 καὶ
3445 3327 3551 3380 τῶν
3581 3328 3778 3381 τοιού-

2189 3447 2298 3484 των
2330 3425 2515 3482 κακῶν
2546 3425 2818 3488 ὑπόθεσις·
2849 3425 3020 3478 ταῦτα
3047 3423 3188 3496 ὁρῶν
3225 3423 3254 3475 ὁ
3278 3421 3450 3494 μέγας
3471 3420 3780 3492 Προφήτης

2191 3521 2289 3592 τὴν
2331 3519 2560 3573 ἑκάστου
2597 3517 2773 3589 ψυχὴν
2801 3515 2867 3569 δι’
2899 3515 3192 3586 ἐπιϐουλῆς
3223 3514 3644 3588 περιτρέχοντα,
3695 3514 3782 3577 εἰς

2197 3611 2458 3683 αίσχύνην
2497 3609 2669 3663 ἐλθεῖν
2698 3607 2934 3678 εῦχεται,
2970 3609 2998 3660 ὸ
3024 3605 3164 3661 κατά
3191 3606 3299 3660 τῶν
3325 3603 3530 3676 ἐχθρῶν
3562 3603 3784 3658 τούτων

2200 3704 2507 3775 εὐχόμενος.
2540 3701 2711 3756 Τοῦτο
2731 3701 2784 3754 δέ
2813 3703 2928 3754 ἐστι
2945 3701 3004 3754 τὸ
3019 3697 3229 3772 αὐτὲ[ν]
3243 3697 3584 3769 διασωθῆναι.
3613 3697 3786 3750 Κατὰ

2201 3797 2359 3867 φύσιν
2383 3796 2491 3866 γὰρ
2513 3796 2774 3864 ἐπάγεται
2795 3793 2871 3865 τῷ
2902 3793 3184 3864 ἡττηθέντι
3211 3791 3352 3846 κατά
3373 3792 3469 3862 τὴν
3501 3791 3686 3860 πάλην
3721 3791 3784 3844 τὸ

2198 3887 2620 3960 ἐπαισχυνθῇναι
2642 3889 2720 3958 τῷ
2749 3887 3000 3957 πτώματι
3021 3887 3207 3948 αὐτοῦ,
3239 3887 3313 3944 ὼς
3341 3884 3529 3955 καὶτῷ
3549 3885 3786 3938 νικῶντι

2197 3979 2258 4032 τδ
2296 3979 2389 4032 ἐπὶ
2433 3981 2500 4050 τῇ
2540 3980 2666 4052 νίκῃ
2705 3979 3053 4048 ἀγάλλεσθαι.
3103 3980 3214 4033 Καὶ
3252 3980 3334 4034 ὅτι
3385 3979 3554 4033 ταῦτα
3595 3978 3784 4042 οὕτως

2201 4071 2332 4140 ἔχει,
2356 4070 2506 4140 δηλοῖ
2524 4071 2621 4140 τῆς
2640 4070 2806 4141 εὐχῆς
2831 4070 2892 4124 τὸ
2919 4065 3075 4134 εἶδος.
3099 4071 3610 4138 Αίσχυνθήτωσαν
3635 4070 3786 4140 γὰρ.

2204 4161 2372 4232 φησι,
2405 4159 2504 4212 καὶ
2539 4157 3011 4227 ὲντραπήτωσαν
3058 4162 3112 4214 οἱ
3151 4159 3463 4228 ζητοῦντές
3491 4177 3610 4229 μου
3655 4159 3785 4224 τὴν

2204 4249 2436 4320 ψυχήν.
2468 4249 2541 4302 Οὐ
2574 4249 2684 4322 γὰρ
2725 4251 3046 4322 κατεύχεται
3084 4251 3193 4304 τῶν
3227 4252 3308 4315 είς
3339 4251 3632 4322 χρημάτων
3677 4251 3787 4322 ξη-

2210 4341 2336 4412 μίαν
2385 4340 2858 4406 ἐπιϐουλευόντων,
2899 4343 2932 4414 ἦ
2965 4342 3091 4416 περὶ⁸
3131 4346 3232 4414 γῆς
3275 4345 3416 4414 ὅρων
3450 4342 3788 4414 διαμφισϐη-

2204 4435 2460 4500 τούντων,
2485 4434 2518 4505 ἢ
2550 4434 2658 4487 τῶν
2685 4435 2824 4489 κατά
2847 4434 2940 4489 τοῦ
2972 4435 3220 4506 σώματος
3249 4435 3413 4488 αὐτοῦ
3437 4436 3632 4488 κακίαν
3653 4437 3788 4488 ἐπι-

521 4525 610 4585 iis,
638 4523 730 4590 qui
775 4523 1034 4576 damnum
1088 4523 1141 4575 in
1193 4523 1440 4592 pecuniis
1484 4523 1680 4578 aﬂ‘erre
1723 4538 1822 4593 per
1868 4523 2085 4578 insidias

2205 4524 2562 4596 δεικνυμένων
2585 4525 2740 4579 τινά·
2785 4525 2921 4580 ἀλλὰ
2949 4526 3058 4579 τῶν
3088 4526 3262 4598 ψυχὴν
3301 4526 3786 4580 ἐπιϐουλευόντων.

523 4623 834 4668 conantur:
865 4620 961 4664 aut
997 4612 1086 4674 iis,
1118 4613 1209 4680 qtti
1243 4613 1310 4666 de
1339 4611 1538 4668 ﬁnibus
1578 4628 1832 4682 agrorum
1875 4621 2096 4667 contro-

523 4709 760 4760 versiam
793 4711 1016 4757 movent
1043 4721 1056 4757 :
1084 4711 1178 4755 aut
1204 4703 1292 4766 iis,
1315 4705 1405 4774 qui
1445 4704 1498 4757 in
1524 4711 1688 4772 caput
1711 4703 1832 4772 ejus
1857 4703 2098 4774 aliquam

523 4796 786 4852 malitiam
853 4794 1181 4864 designant:
1234 4795 1330 4851 sed
1385 4795 1475 4866 qui
1540 4796 1806 4851 adversus
1859 4797 2098 4849 animam

525 4887 759 4943 insidias
792 4894 1015 4941 struunt
1043 4905 1055 4940 :
1091 4887 1287 4942 anima:
1317 4896 1498 4942 autem
1533 4887 1818 4954 insidiari,
1836 4887 1967 4958 quid
2016 4895 2101 4941 est

521 4981 694 5044 aliud,
723 4980 830 5035 nisi
861 4995 892 5032 a
921 4977 1030 5033 Deo
1066 4979 1308 5035 alienare
1331 4980 1358 5034 ἲ
1385 4979 1558 5036 Porro
1584 4997 1694 5037 non
1721 4981 1881 5036 aliter
1914 4979 2102 5034 anima

521 5074 763 5127 humana
810 5087 840 5130 ιι
887 5069 994 5122 Deo
1026 5069 1321 5136 alienatur,
1353 5087 1516 5141 quam
1549 5088 1647 5142 per
1673 5072 1928 5126 vitiosam
1971 5067 2102 5123 alie-

523 5167 785 5220 ctionem.
821 5163 1088 5229 Quoniam
1114 5163 1278 5234 igitur
1304 5181 1504 5220 numen
1534 5165 1780 5220 divinum
1813 5163 2102 5235 perturba-

527 5259 696 5312 tionis
726 5271 790 5310 ac
819 5257 934 5309 vitii
967 5269 1184 5324 semper
1213 5270 1412 5327 expers
1443 5267 1554 5320 est,
1575 5259 1667 5326 qui
1701 5258 1754 5311 in
1777 5255 1912 5310 vitio
1938 5265 2102 5325 atque

527 5345 945 5414 perturbatione
993 5357 1208 5411 semper
1273 5353 1564 5408 versatur,
1625 5345 2101 5412 a'conjunctione

527 5437 699 5491 divini
727 5435 972 5489 nurninis
994 5443 1333 5504 segregatur.
1355 5433 1433 5490 Ne
1465 5435 1631 5507 igitur
1661 5433 1714 5490 id
1743 5435 1845 5490 sibi
1865 5436 2099 5500 accidat,

529 5531 792 5602 pudorem
821 5526 1153 5580 adversariis
1195 5527 1549 5599 imprecatur.
1586 5529 1701 5586 lloc
1747 5538 1926 5584 autem
1966 5529 2105 5584 nihil

527 5622 676 5677 aliud
707 5629 812 5681 est,
838 5633 1000 5688 quam
1036 5617 1323 5676 victoriam
1362 5621 1470 5678 sibi
1533 5621 1600 5678 de
1635 5622 1888 5678 hostibus
1917 5637 2106 5693 preca-

2204 4615 2312 4686 Τῆς
2349 4615 2406 4668 δέ
2452 4616 2628 4687 ψυχῆς
2678 4616 2938 4687 ἐπιϐουλὴ
2965 4616 3046 4680 τίς
3073 4615 3236 4687 ἄλλη,
3273 4618 3322 4670 εί
3353 4617 3428 4688 μὴ
3455 4615 3587 4669 Θεοῦ
3614 4615 3788 4692 ἀλλο-

2205 4707 2456 4778 τρίωσις;
2501 4708 2895 4780 ’Δλλοτριοῦται
2916 4709 2972 4762 δέ
2996 4710 3105 4762 ἀπὸ
3126 4709 3259 4763 Θεοῦ
3289 4708 3598 4781 ἀνθρωπίνη
3629 4708 3789 4778 ψυχὴ

2206 4800 2306 4853 οὐκ
2339 4799 2533 4864 ἄλλως,
2565 4801 2598 4871 ἢ
2623 4799 2712 4854 διά
2738 4803 2836 4871 τῆς
2857 4800 3134 4872 ἐμπαθοῦς
3159 4801 3466 4864 διαθέσεως.
3511 4801 3662 4854 Ἐπεὶ
3691 4798 3790 4855 οὖν

2209 4891 2414 4956 ἀπαθὲς
2452 4895 2512 4946 τὸ
2543 4892 2694 4946 Θεῖον
2725 4893 2975 4958 πάντοτε,
3016 4895 3044 4947 ὁ
3070 4893 3156 4946 ἀεὶ
3185 4893 3244 4946 ἐν
3283 4893 3442 4947 πάθει
3467 4893 3788 4964 γινόμενος,

2210 4985 2308 5054 τῆς
2341 4983 2473 5056 πρὸς
2508 4983 2567 5037 τὸ
2591 4983 2743 5038 Θεῖον
2786 4983 3076 5054 συναφείας
3105 4983 3552 5056 ἀποσχοινίζεται.
3602 4987 3690 5048 Ὡς
3721 4987 3787 5040 ἂν

2207 5070 2300 5127 οὖν
2333 5075 2407 5146 μὴ
2452 5073 2606 5126 τοῦτο
2635 5073 2796 5127 πάθοι
2819 5112 2833 5136 ,
2869 5072 3133 5144 αίσχύνην
3173 5073 3281 5127 τῶν
3327 5075 3788 5130 ἀντιπαλαιὸντων

2213 5165 2455 5236 εύχεται.
2505 5163 2676 5218 Τοῦτο
2711 5165 2770 5218 δὲ
2808 5165 2958 5218 οὐδὲν
3002 5164 3130 5220 ἄλλο
3153 5166 3378 5236 ἐστἰν,ἢ
3413 5166 3587 5236 ἐαυτῷ
3625 5167 3788 5236 νίκην

2208 5258 2347 5312 κατά
2379 5257 2486 5311 τῶν
2528 5257 2800 5326 πολεμίων
2842 5257 3192 5324 ἐπεύξασθαι·
3241 5259 3290 5312 οἰ
3335 5257 3390 5311 δὲ
3432 5257 3678 5330 πολέμιοι
3720 5263 3788 5322 τὸ

2210 5351 2356 5423 πάθη
2382 5352 2536 5404 εἰσίν.
2570 5350 2756 5415 Οὕτως
2782 5355 2812 5406 ὁ
2857 5351 3124 5423 Ἱερεμίας
3149 5351 3307 5423 ζῆλον
3343 5353 3440 5422 τῆς
3478 5353 3786 5418 θεοσεϐείας

2215 5442 2373 5513 ἔχων,
2405 5441 2884 5513 είδωλομανοῦντος
2912 5442 3209 5514 τηνικαῦτα
3237 5443 3331 5496 τοῦ
3363 5443 3625 5514 βασιλέως
3644 5483 3658 5507 ,
3689 5445 3786 5498 καὶ

2213 5533 2322 5587 τῶν
2353 5535 2678 5606 ὑποχειρίων
2710 5535 2858 5606 αὐτῷ
2887 5535 3408 5610 συνδιατραφέντων,
3437 5537 3536 5590 οὐκ
3573 5535 3707 5590 ῐδιόν
3735 5554 3784 5590 τι

2215 5624 2505 5699 θεραπεύει
2530 5627 2718 5696 πάθος,
2737 5627 2872 5683 ἀλλὰ
2895 5646 2960 5684 πε
2968 5627 3022 5702 pi
3049 5627 3144 5682 τοῦ
3161 5628 3338 5684 κοινοῦ
3359 5628 3464 5684 τῶν
3485 5627 3785 5699 ἀνθρώπων

597 5799 647 5838 ³⁵
677 5803 821 5860 Psal.
853 5821 904 5862 ιχ
928 5847 941 5872 ,
979 5808 1061 5865 l8.
1135 5811 1180 5842 ’⁵
1226 5806 1424 5878 Ephes.
1459 5820 1508 5860 vr
1535 5845 1549 5870 ,
1583 5802 1668 5859 12.
1746 5804 1792 5835 ’⁵
1831 5799 1976 5857 Psal.
2011 5815 2094 5870 γι,
2133 5799 2220 5858 H.
