4004 6472
197 430 343 487 ιιδδ

1161 421 1246 476 DE
1284 418 1632 475 onmem;
1667 384 2015 470 peiurium.
2054 442 2125 452 —
2160 412 2416 466 omne
2451 414 2491 464 ι.

3305 408 3442 463 HM

199 543 471 617 προσάγει
516 540 614 612 τὴν
664 540 864 613 δέησιν,
924 542 992 609 τῇ
1045 538 1187 617 κατά
1232 538 1341 590 τῶν
1386 535 1810 605 ἀσεϐησάντωνι

1913 529 1961 583 i:
1995 528 2183 583 hostes
2215 542 2345 579 vero
2391 525 2833 595 perturbationes
2883 533 2939 578 et
2987 523 3118 577 vitia
3170 530 3317 577 sunt.
3350 524 3445 579 Sic.

196 638 373 710 ὁρμῇ.
428 634 574 688 ἅπαν
624 631 1047 705 σωφρονισθῆναι
1103 632 1268 697 ἀξιῶν
1306 631 1366 684 τὸ
1418 630 1772 701 ἀνθρώπινον.

213 730 496 791 Ὡσαύτως
525 727 583 779 δὲ
610 726 706 780 καὶ
743 727 771 778 6
800 725 1104 797 προφήτης,
1148 724 1207 787 ὃς
1247 724 1339 777 καί¹
1380 721 1780 791 πολυγονούσαν

198 822 329 874 τότε
350 820 449 890 τὴν
481 818 681 872 κακίαν
720 819 777 870 ὲν
818 818 929 879 τοῖς
982 814 1339 885 Ἰσραηλίταις
1366 814 1525 883 ὁρῶν,
1559 811 1781 882 ἀτεκνίᾳ

195 913 435 975 δικαίως
456 910 823 974 καταδικάζει,
840 908 1050 970 καὶτὰς
1074 906 1275 977 πικράς
1300 906 1465 976 θηλὰς
1485 906 1583 976 τῆς
1605 906 1782 975 ἁμαρ-

204 1005 331 1067 τίας
357 1002 687 1074 ξηρανθῆναι
722 1000 968 1071 βούλεται
987 1040 999 1063 ,
1024 1000 1099 1062 ὡς
1128 1000 1193 1052 ἂν
1228 1000 1361 1068 μήτε
1402 998 1636 1049 τίκτοιτο
1673 999 1783 1058 τοῖς

201 1094 522 1165 ἀνθρώποις
543 1092 604 1144 τὸ
633 1092 800 1144 κακὸν
820 1131 834 1154 ,
868 1091 1003 1161 μήτε
1034 1089 1305 1159 τρέφοιτο.
1346 1087 1443 1140 Διὰ
1473 1085 1631 1138 τοῦτο
1656 1101 1785 1155 προ-

203 1191 412 1257 τρήτης,
444 1185 554 1249 Δὸς
575 1183 799 1247 αὐτοῖς,
831 1181 984 1251 φησὶ,
1018 1181 1215 1247 Κύριε,
1244 1177 1476 1247 μήτραν
1503 1174 1785 1230 ἀτεκνοῦ-

208 1296 359 1341 σαν,
387 1278 481 1330 καὶ
506 1276 776 1345 μαστοὺς
800 1275 1044 1342 ξηρούς.
1076 1273 1184 1325 Καὶ
1210 1270 1263 1323 εἴ
1287 1288 1368 1332 τις
1400 1269 1555 1331 ἄλλος
1593 1269 1650 1319 ὲν
1676 1269 1788 1329 τοῖς

203 1369 391 1437 ἁγίοις
428 1368 675 1438 εὑρεθείη
706 1366 939 1429 τοιοῦτος
973 1365 1159 1431 λόγος,
1195 1362 1367 1432 θυμοῦ
1402 1378 1521 1413 τινα
1554 1375 1790 1427 κατηγο-

215 1464 344 1531 ρίαν
371 1462 465 1513 καὶ
506 1460 779 1530 σημασίαν
809 1459 966 1526 ἔχων,
998 1456 1131 1527 πρὸς
1159 1456 1255 1526 τὴν
1281 1452 1532 1524 τοιαύτην
1576 1454 1791 1514 πάντως

204 1558 456 1611 διάνοιαν
489 1555 702 1625 βλέπει,
733 1553 766 1624 ἥ
800 1552 1030 1621 ὲξορίζοι
1069 1550 1131 1603 τὸ
1159 1549 1354 1613 κακὸν,
1388 1548 1486 1601 οὐκ
1520 1545 1792 1617 ἐπιτρίὸοι

208 1648 312 1700 τὸν
332 1646 637 1716 ἄνθρωπον.
662 1643 805 1707 θεὸς
822 1641 1080 1697 θάνατον
1103 1641 1213 1692 οὐκ
1226 1638 1533 1703 ἐποίησεν.
1552 1635 1793 1697 Ἀκούεις

215 1738 322 1807 τῆς
352 1737 676 1804 ἀποφάσεως
698 1753 712 1801 ;
740 1734 862 1797 Πῶς
886 1729 978 1786 οὖν
1008 1733 1086 1794 εἰς
1111 1730 1200 1784 τὸν
1223 1722 1367 1783 κατὰ
1385 1728 1493 1780 τῶν
1530 1727 1673 1779 ἰδίων
1699 1726 1797 1780 αὐ-

218 1829 315 1883 τοῦ
340 1828 544 1898 ἐχθρῶν
579 1826 803 1880 θάνατον
832 1823 1162 1895 παρακαλεῖν
1197 1820 1383 1890 ἔμελλε
1410 1820 1499 1872 τὸν
1526 1819 1678 1881 Θεὸν,
1706 1818 1795 1870 τὸν

1878 620 2143 675 Jeremias
2205 619 2514 673 vehementi
2577 630 2629 672 et
2700 619 2913 673 ardenti
2971 617 3197 686 pietatis
3261 631 3449 671 amore

1885 713 2169 784 pratditus,
2196 712 2396 765 insano
2421 710 2837 765 simulacrorum
2875 709 3043 763 cultui
3074 708 3258 763 dedito
3302 723 3447 777 rege,

1881 806 1973 874 qui
2012 814 2141 859 tunc
2200 804 2503 873 regnabat,
2547 811 2601 857 et
2655 802 2892 857 subditis
2942 801 3131 856 eodem
3180 816 3305 854 cum
3357 801 3451 855 illo

1883 910 2067 950 errore
2099 896 2361 947 involutis
2403 908 2618 962 unaque
2673 893 2968 962 perversis,
3017 908 3124 946 non
3166 892 3451 962 proprium

1889 986 2112 1056 aliquod
2146 984 2551 1038 incommodum
2584 993 2759 1043 curat,
2791 983 2886 1036 sed
2920 999 3016 1052 pro
3047 982 3323 1035 communi
3353 981 3456 1034 ho-

1886 1078 2092 1131 minum
2126 1077 2269 1129 bono
2301 1075 2409 1130 Deo
2440 1090 2633 1145 preces
2667 1074 2847 1135 offert,
2891 1089 3088 1144 rogans
3116 1082 3172 1127 ut
3220 1090 3315 1143 per
3355 1074 3459 1126 im-

1887 1177 2093 1237 petum,
2119 1167 2211 1235 qui
2243 1165 2503 1220 adversus
2528 1180 2642 1229 eos,
2673 1165 2765 1232 qui
2809 1165 3085 1234 impietate
3108 1180 3165 1219 se
3191 1164 3459 1218 contami-

1890 1265 2133 1316 nassent.
2164 1258 2557 1325 susciperetur,
2586 1255 2903 1309 universum
2936 1271 3107 1325 genus
3157 1256 3457 1309 humanum

1890 1349 1956 1403 ad
1988 1349 2274 1404 sanitatem
2308 1348 2661 1402 reduceretur
2685 1348 2749 1399 ⁸⁷.
2785 1345 3052 1400 Similiter
3080 1355 3261 1401 autem
3292 1348 3460 1401 etiam

1891 1438 2158 1508 propheta
2184 1438 2376 1501 Oseas,
2424 1452 2549 1491 cum
2587 1438 2729 1492 inter
2781 1437 3058 1492 lsraelitas
3102 1437 3461 1491 vitiositatem

1892 1540 2052 1600 atque
2081 1530 2340 1584 malitiam
2368 1537 2499 1583 tunc
2523 1529 2814 1584 fecundam
2855 1545 2978 1584 esse
3015 1529 3241 1597 videret,
3268 1531 3464 1584 merito

1895 1623 2179 1679 sterilitate
2203 1638 2298 1676 eos
2330 1623 2676 1687 condemnat,
2722 1631 2775 1677 et
2808 1623 3003 1677 acerba
3041 1623 3247 1693 peccati
3297 1624 3464 1678 ubera

1897 1730 2148 1770 arescere
2173 1714 2306 1775 vult,
2338 1723 2396 1767 ut
2425 1731 2600 1783 neque
2623 1724 2965 1776 nasceretur,
3002 1732 3181 1784 neque
3229 1716 3466 1769 aleretur

1900 1808 2099 1861 malum
2134 1807 2464 1861 hominibus.
2500 1808 2709 1863 Idcirco
2759 1810 3023 1878 propheta
3062 1826 3074 1860 :
3110 1809 3211 1871 Da,
3268 1809 3464 1877 inquit,

220 1879 325 1987 της
492 1879 721 1969 θανάτου
761 1879 1039 1984 ἐνεργείας
1074 1879 1389 1980 ἀλλότριονς
1421 1910 1494 1962 υύ
1536 1879 1795 1979 τέρπεται

1913 1898 2029 1960 illis,
2066 1897 2307 1960 Domine,
2335 1899 2541 1954 vulvam
2571 1901 2821 1958 sterilem.
2858 1909 2907 1955 et
2932 1900 3093 1954 ubera
3125 1901 3265 1953 sicca
3292 1900 3359 1951 ".
3393 1901 3471 1953 Ac

220 2009 314 2060 ἐπ’
349 2004 592 2076 ἀπωλείᾳ
625 2003 860 2068 ζώντων.
911 2001 1072 2054 Ἀλλὰ
1120 1996 1472 2067 βαττολογῶν,
1519 1996 1610 2048 καὶ
1655 1994 1795 2047 κατὰ

222 2100 335 2152 τῶν
362 2099 505 2151 ἰδίων
539 2096 746 2166 ἐχθρῶν
772 2095 871 2165 τὴν
893 2092 989 2146 τοῦ
1014 2091 1148 2145 Θεοῦ
1172 2088 1360 2157 φιλανθ
1371 2087 1579 2159 ρωπίαν
1621 2102 1798 2158 παρα-

226 2190 413 2252 κινῶν,
445 2187 835 2259 ἐπι-τερφθῆναι
867 2189 985 2247 ταῖς
1011 2181 1376 2242 ἀνθρωπίναις
1398 2178 1558 2232 αὑτὸν
1589 2191 1792 2246 συμφο-

224 2285 354 2353 ραῖς
379 2280 745 2349 ἐγκελεύεται.

1901 1990 1945 2044 si
1977 1990 2099 2059 quis
2130 1992 2270 2045 alius
2296 1990 2349 2044 in
2380 1992 2590 2047 sanctis
2620 1992 2892 2063 ejusmodi
2929 2008 3107 2049 sermo
3136 1991 3470 2051 inveniatur.

1902 2083 1997 2152 qui
2046 2083 2183 2136 iram
2229 2084 2412 2154 aliquo
2458 2084 2620 2139 modo
2654 2094 2844 2155 arguat
2870 2092 3033 2155 atque
3077 2084 3366 2155 signiﬁcet,
3403 2078 3472 2136 ad

1903 2174 2171 2242 ejusmodi
2218 2177 2439 2229 omnino
2469 2178 2793 2231 sententiam
2851 2185 3077 2245 spectat,
3108 2191 3231 2245 qua:
3279 2175 3473 2228 vitium

1905 2268 2156 2334 expellat,
2182 2284 2287 2321 non
2321 2270 2593 2325 hominem
2622 2270 2899 2325 conﬁciat.
2947 2269 3172 2323 Mortem
3202 2269 3339 2321 Deus
3372 2283 3476 2321 non

223 2373 354 2440 fecit
386 2374 452 2427 ’9.
512 2370 683 2424 Audis
747 2366 1116 2425 sententiam?
1160 2361 1443 2430 Quomodo
1501 2360 1667 2430 igitur
1715 2358 1770 2411 in
1836 2367 2063 2412 mortem
2107 2374 2333 2414 suorum
2385 2362 2559 2431 ipsius
2605 2363 2952 2417 inimicorum
2998 2369 3287 2432 rogaturus
3330 2367 3477 2414 esset

236 2465 428 2529 Deum,
454 2464 547 2532 qui
580 2477 611 2515 a
638 2461 828 2515 mortis
850 2459 1087 2515 eﬁicacia
1115 2458 1326 2511 alienus
1353 2455 1472 2510 est?
1498 2452 1616 2507 Non
1649 2451 1951 2505 delectatur
1982 2450 2287 2518 perditione
2319 2454 2585 2507 vivorum.
2615 2454 2681 2507 At
2714 2454 2759 2509 is
2790 2455 2884 2523 qui
2915 2454 3164 2517 blatera’t,
3203 2462 3257 2508 et
3290 2454 3478 2506 adver-

226 2578 333 2617 sus
357 2575 490 2615 suos
516 2558 767 2612 inimicos
791 2555 1183 2609 humanitatem
1215 2552 1310 2605 Dei
1341 2551 1597 2610 concitat,
1640 2548 1889 2601 hortatur
1923 2562 2067 2610 eum,
2098 2557 2157 2601 ut
2188 2551 2587 2606 calamitatibus
2626 2551 2905 2605 hominum
2936 2555 3251 2609 delectetur.

317 2650 456 2702 Ἀλλ’
487 2649 589 2720 ήδη
618 2649 778 2711 τινὲς,
812 2650 966 2717 φησὶ,
1008 2649 1099 2700 καὶ
1143 2646 1326 2718 ἀρχῶν
1355 2646 1447 2699 καὶ
1489 2642 1682 2713 τιμῶν,
1713 2639 1807 2693 καὶ

230 2741 466 2795 πλούτου
518 2739 847 2810 ﬁneﬁne-av,
897 2742 1027 2809 εὐχῇ
1069 2740 1203 2810 πρὸς
1252 2737 1407 2791 τοῦτο
1448 2734 1801 2807 χρησάμενοι,

231 2834 331 2887 καὶ
366 2831 632 2900 θεοφιλεῖς
664 2826 802 2884 εἶναι
840 2830 927 2883 διὰ
955 2834 1054 2900 τῆς
1081 2831 1333 2898 τοιαύτης
1364 2827 1652 2899 εὐκληρίας
1703 2825 1808 2876 ὐπ-

230 2925 553 2995 ενοήθησαν.
609 2922 734 2985 Πῶς
780 2918 872 2975 οὖν
915 2922 1199 2991 ἀπείργεις
1226 2922 1391 2990 ἡμᾶς,
1420 2918 1563 2971 εἴποι
1603 2933 1685 2979 τις
1720 2914 1809 2978 ἂν,

235 3018 368 3087 περὶ
396 3017 505 3069 τῶν
530 3014 783 3068 τοιούτων
821 3013 1115 3085 προσάγειν
1162 3012 1239 3082 τῷ
1269 3011 1387 3081 Θεῷ
1422 3010 1520 3074 τὰς
1562 3010 1809 3079 δεήσεις;

231 3108 375 3161 ἀλλὰ
404 3106 463 3161 τὸ
494 3108 592 3177 μὲν
616 3106 790 3159 πάντα
821 3106 969 3168 θείας
996 3104 1227 3175 ἐξῆφθαι
1253 3102 1466 3173 βουλῆς,
1484 3103 1577 3155 καὶ
1608 3101 1812 3154 ἄνωθεν

229 3200 637 3270 οἰκονομεῖσθαι
678 3199 769 3251 τὸν
807 3198 928 3269 τῇδε
973 3198 1106 3269 βίον,
1156 3200 1317 3251 παντὶ
1364 3197 1522 3266 δῆλόν
1549 3197 1685 3256 ἐστι,
1720 3192 1815 3246 καὶ

230 3295 341 3347 οὐκ
369 3294 435 3347 ἄν
464 3310 547 3348 τις
581 3291 819 3345 ἀντείποι
850 3290 927 3361 τῷ
970 3290 1132 3361 λόγῳ.
1174 3289 1292 3342 Τῶν
1326 3288 1381 3341 δὲ
1416 3286 1669 3340 τοιούτων
1716 3284 1814 3354 τῆς

236 3384 410 3453 εὐχῆς
445 3382 880 3452 κατορθωμάτων
921 3381 1100 3444 ’ἄλλας
1154 3380 1332 3444 αἰτίας
1376 3379 1673 3449 ἐμάθομεν,
1718 3376 1817 3447 οὐχ

236 3474 321 3535 ὡς
348 3470 529 3539 ἀγαθά
558 3470 774 3533 πάντως
806 3470 900 3523 τοῦ
934 3468 1068 3522 Θεοῦ
1118 3467 1287 3520 ταῦτα
1331 3469 1441 3528 τοῖς
1486 3463 1694 3517 αἰτοῦσι
1728 3462 1815 3514 νέ-

244 3579 474 3635 μοντος’
508 3563 623 3616 ἀλλ’
653 3564 728 3626 ὡς
761 3561 827 3615 ἂν
868 3561 955 3615 διὰ
986 3560 1190 3613 τούτων
1241 3559 1510 3630 βεϐαιωθῇ
1541 3561 1652 3620 τοῖς
1692 3560 1818 3612 ἑπι-

245 3654 670 3726 πολαιοτέροιςή
695 3654 830 3725 πρὸς
863 3653 953 3707 τὸν
985 3652 1116 3706 Θεὸν
1141 3652 1341 3716 πίστις,
1374 3654 1468 3706 καὶ
1500 3654 1618 3704 κατ’
1641 3652 1820 3719 ὀλίγον

243 3750 306 3802 ὲν
341 3749 459 3810 ταῖς
493 3745 841 3816 μικροτέραις
867 3743 975 3797 πῶν
1004 3745 1290 3814 αἰτήσεων,
1320 3744 1382 3796 τὸ
1421 3744 1710 3796 ἐπακούειν
1731 3744 1821 3797 τὸν

244 3839 384 3892 Θεὸν
410 3838 519 3891 τῶν
551 3836 768 3891 ἰκεσιῶν
804 3838 869 3906 τῇ
903 3839 1067 3907 πείρᾳ
1099 3835 1478 3906 μανθάνοντες,
1508 3834 1821 3905 ἀνέλθοιμέν

248 3947 384 3983 ποτε
416 3930 551 4001 πρὸς
582 3929 679 3999 τὴν
710 3928 815 3981 τῶν
847 3925 1065 3996 ὑψηλῶν
1112 3944 1175 3978 τε
1225 3927 1320 3979 καὶ
1368 3926 1684 3996 θεοπρεπῶν
1717 3926 1822 3979 δω-

246 4022 513 4093 ρημάτων
565 4019 880 4089 ἐπιθυμίαν.
936 4018 1199 4089 Καθάπερ
1240 4018 1333 4070 ἐπὶ
1386 4020 1492 4071 τῶν
1541 4018 1823 4088 ἡμετέρων

247 4113 456 4165 τέκνων
470 4110 682 4180 ὁρῶμεν
702 4126 714 4139 ·
733 4110 768 4163 ἃ
786 4109 919 4171 τέως
940 4108 1038 4178 μὲν
1052 4111 1116 4179 τῇ
1142 4109 1368 4180 μητρῷα
1388 4108 1523 4180 θηλῇ
1554 4108 1825 4179 προσφύε-

246 4218 377 4259 ται,
402 4202 524 4253 ὅσον
559 4202 725 4268 χωρεῖ
750 4201 782 4268 ἡ
831 4198 1011 4267 φύσις,
1044 4199 1296 4251 τοσοῦτον
1322 4198 1471 4268 παρὰ
1499 4200 1598 4271 τῆς
1635 4214 1824 4269 γεννη-

254 4289 497 4359 σαμένης
535 4288 910 4358 ἐπιζητοῦντα·
948 4291 995 4341 εἰ
1025 4290 1081 4341 δὲ
1111 4289 1503 4360 ύπανδρυνθείη
1528 4289 1587 4341 τὸ
1613 4293 1822 4358 νήπιον,

248 4380 348 4431 καί
376 4395 499 4430 τινα
533 4377 827 4448 προσλάϐοι
871 4378 962 4431 τοῦ
997 4378 1327 4447 φθέγγεσθαι
1367 4378 1614 4449 δύναμιν,
1657 4395 1825 4431 κατα-

254 4474 444 4539 φρονεῖ
476 4469 577 4539 μὲν
618 4470 717 4538 τῆς
751 4469 944 4542 θηλῆς,
970 4472 1122 4541 ζητεῖ
1162 4471 1217 4524 δέ
1246 4488 1299 4523 τι
1333 4470 1590 4533 τοιοῦτον,
1626 4470 1657 4541 ἦ
1692 4487 1826 4541 προ-

253 4561 467 4629 κόμιον,
501 4559 533 4629 ἢ
576 4560 806 4628 ἱμάτιον,
839 4562 873 4630 ἦ
900 4579 1018 4613 τινα
1041 4560 1284 4621 τοιαῦτα,
1323 4555 1403 4625 οἷς
1429 4562 1457 4613 ὁ
1487 4562 1594 4613 τῶν
1622 4560 1826 4632 νηπῖων

250 4648 530 4720 ὀφθαλμὸς
562 4650 912 4721 ἐπιτέρπεται
932 4667 947 4682 ·
987 4652 1206 4705 ἐπειδάν
1235 4654 1291 4706 δὲ
1320 4654 1398 4715 εἰς
1431 4653 1643 4723 ἡλικίαν
1674 4652 1821 4723 ἔλθῃ,

253 4741 348 4793 καί
379 4741 681 4812 συναυξηθῇ
719 4742 794 4812 τῷ
820 4741 1029 4813 σώματι
1055 4745 1085 4813 ἡ
1118 4744 1344 4805 διάνοια,
1371 4745 1487 4797 τότε
1522 4745 1699 4805 πάσας
1729 4745 1827 4806 τὰς

248 4831 508 4893 παιδικὰς
550 4830 846 4900 ἐπιθυμίας
880 4832 1211 4897 καταλιπὼν,
1255 4834 1321 4887 τὰ
1369 4834 1447 4903 τῷ
1484 4834 1673 4904 τελείῳ
1711 4834 1828 4903 βλέ-

249 4939 421 4974 ποντα
459 4922 558 4992 βίῳ
589 4924 739 4993 παρὰ
772 4923 878 4975 τῶν
910 4924 1109 4991 γονέων
1148 4927 1460 4994 αἰτήσεται·
1493 4924 1635 4978 οὕτω
1681 4926 1773 4977 καὶ
1799 4926 1827 4978 ὁ

248 5013 385 5075 Θεὸς
424 5013 616 5077 ἐθίζων
654 5015 745 5068 τὸν
788 5015 1071 5086 ἄνθρωπον
1109 5017 1195 5069 διὰ
1230 5018 1443 5069 πάντων
1488 5018 1624 5087 πρὸς
1666 5018 1826 5070 αὐτὸν

253 5106 496 5175 βλέπειν,
544 5106 629 5158 διὰ
674 5106 831 5159 τοῦτο
873 5108 1134 5171 πολλάκις
1178 5109 1296 5161 οὐδὲ
1331 5110 1439 5161 τῶν
1490 5110 1830 5181 μικροτέρων

248 5196 518 5265 αἰτήσεων
554 5197 784 5267 ἀνήκοος
817 5197 1047 5263 γίνεται,
1075 5198 1149 5261 ὡς
1180 5197 1245 5250 ἂν
1276 5200 1369 5250 ἐπὶ
1399 5201 1463 5270 τῇ
1494 5200 1601 5251 τῶν
1635 5198 1833 5268 ὑψηλο-

247 5286 426 5356 τέρων
464 5287 726 5358 ἐπιθυμία
766 5288 854 5341 διὰ
885 5290 983 5359 τῆς
1029 5291 1085 5343 ἐν
1117 5292 1225 5352 τοῖς
1272 5294 1482 5361 μικροῖς
1516 5292 1831 5361 εὐεργεσίας

248 5378 346 5429 τὸν
385 5380 719 5449 τετυχηκότα
752 5381 848 5451 τῆς
876 5382 1097 5451 χάριτος
1140 5383 1583 5453 προσκαλέσαιτο.
1626 5385 1736 5437 Καὶ
1767 5386 1830 5439 σὺ

248 5468 454 5534 τοίνυν,
482 5473 529 5523 εἰ
560 5474 587 5523 ὁ
634 5471 780 5525 δεῖνα
824 5474 1012 5541 γέγονε
1058 5473 1177 5546 θείᾳ
1215 5476 1439 5547 προνοίᾳ
1475 5474 1738 5547 γνώριμός
1769 5493 1829 5528 τε

249 5559 347 5611 καὶ
396 5562 753 5630 περίϐλεπτος
805 5564 862 5629 ἐξ
909 5566 1307 5638 ἀφανεστέρων,
1358 5568 1390 5638 ἢ
1444 5567 1569 5622 ἄλλο
1613 5586 1663 5620 τι
1723 5568 1830 5620 τῶν

251 5651 396 5705 κατὰ
423 5653 512 5703 τὸν
534 5652 643 5705 Βίον
666 5653 851 5706 τοῦτον
882 5656 1318 5727 ἐπιζητουμένων
1343 5660 1628 5726 ἐκτῦσατο,
1657 5661 1830 5732 ἀρχὴν

330 5830 379 5862 ²²
419 5831 476 5883 ,ἰςι
510 5848 616 5887 en.
656 5852 706 5900 ς,
744 5835 763 5888 l
805 5850 922 5905 sqq.
1000 5837 1045 5868 ’⁸
1087 5838 1209 5894 (be.
1245 5854 1330 5899 ιι,
1366 5840 1447 5893 Η.

1989 2638 2184 2695 Verum
2221 2642 2357 2712 jam,
2385 2646 2583 2715 inquit,
2619 2646 2871 2700 nonnulli
2912 2648 3076 2700 etiam
3128 2646 3474 2716 principatus

1913 2741 1966 2785 et
1992 2732 2225 2790 honores
2254 2776 2267 2800 ,
2316 2746 2367 2791 et
2422 2738 2639 2793 divitias
2687 2740 2965 2794 consecuti
3019 2748 3188 2801 sunt,
3236 2739 3484 2791 oratione

1916 2825 2109 2880 adhoc
2143 2829 2247 2891 usi,
2294 2838 2347 2883 et
2386 2831 2455 2885 ob
2493 2831 2759 2900 ejusmodi
2800 2832 3129 2895 felicitatem,
3172 2831 3283 2886 Deo
3330 2831 3483 2887 chari

1915 2931 2037 2971 esse
2058 2920 2354 2975 existimati
2384 2930 2532 2976 sunt.
2558 2923 2844 2988 Quomodo
2869 2924 3032 2994 igitur
3069 2924 3325 2994 prohibes
3350 2940 3474 2984 nos,

1917 3009 2118 3065 dixerit
2171 3013 2393 3082 aliquis,
2430 3014 2497 3069 de
2528 3016 2803 3084 ejusmodi
2841 3019 3004 3072 rebus
3051 3033 3241 3085 preces
3285 3017 3483 3073 offerre

1932 3098 2076 3155 Deo?
2132 3103 2423 3160 Enimvero
2456 3107 2639 3160 omnia
2686 3110 2904 3177 quidem
2956 3109 3192 3178 pendere
3227 3126 3255 3162 a
3301 3111 3487 3164 divino

1922 3193 2172 3255 consilio,
2203 3203 2364 3264 atque
2383 3211 2619 3266 superne
2651 3201 2762 3270 regi
2789 3196 2929 3253 hanc
2962 3202 3127 3254 vitam
3187 3210 3485 3267 terrenam,

1922 3299 2084 3338 nemo
2137 3285 2401 3356 ignorat:
2444 3304 2546 3345 nec
2588 3291 2880 3361 quisquam
2927 3292 3164 3346 orationi
3211 3296 3465 3350 contradi

1919 3376 2079 3440 xerit,
2110 3377 2203 3432 sed
2242 3380 2432 3433 talium
2474 3382 2743 3436 orationis
2783 3398 3139 3437 successuum
3174 3384 3311 3439 alias
3356 3400 3491 3439 cau-

1924 3483 2015 3523 sas
2077 3469 2371 3526 didicimus
2403 3487 2417 3524 :
2449 3472 2710 3526 nimirum
2768 3474 2912 3544 quod
2965 3491 3073 3529 non
3129 3477 3282 3546 quasi
3337 3478 3483 3532 bona

1922 3575 2148 3629 prorsus
2188 3563 2495 3630 petentibus
2536 3563 2650 3618 hzec
2694 3564 2835 3620 Deus
2876 3566 3101 3634 tribuat,
3139 3568 3232 3624 sed
3264 3578 3324 3622 ut
3360 3571 3494 3626 sim-

1920 3651 2237 3721 plieioribus
2275 3669 2371 3723 per
2404 3654 2520 3709 haec
2567 3643 2764 3710 ﬁducia
2803 3672 2931 3728 erga
2979 3658 3143 3714 Deum
3179 3661 3495 3716 stahiliatur

1921 3753 1974 3796 et
2003 3744 2378 3809 conﬁrmetur,
2401 3762 2465 3801 ac
2496 3748 2756 3816 paulatim
2792 3765 2890 3820 per
2932 3750 3170 3805 minores
3203 3754 3493 3822 petitiones

1922 3831 2257 3898 experientia
2292 3834 2433 3903 'ipsa
2476 3835 2779 3899 discentes,
2829 3839 2971 3909 quod
3030 3841 3303 3910 supplices
3352 3841 3494 3899 Deus

1923 3924 2197 3988 exaudiat,
2226 3927 2502 3995 erigamur
2525 3927 2741 3982 tandem
2762 3930 3054 3999 aliquando
3079 3934 3145 3986 ad
3174 3935 3492 3988 sublimium

1926 4012 2129 4082 pariter
2171 4022 2223 4066 et
2270 4014 2437 4067 Deum
2487 4015 2796 4071 decentium
2852 4019 3118 4074 donorum
3161 4022 3494 4078 desiderium

1925 4114 2088 4174 atque
2126 4104 2501 4175 cupiditatem.
2538 4109 3004 4174 Quemadmodum
3046 4113 3099 4166 in
3136 4115 3340 4170 nostris
3372 4116 3499 4170 Iibe-

1926 4197 2002 4250 ris
2034 4197 2297 4261 videmus,
2329 4199 2422 4267 qui
2470 4200 2625 4254 initio
2674 4201 2893 4271 quidem
2940 4205 3197 4260 uberibus
3234 4211 3497 4263 maternis

1928 4289 2220 4352 adluerent,
2265 4299 2526 4360 quantum
2570 4303 2763 4347 natura
2806 4297 2971 4365 capit,
3008 4306 3218 4352 tantum
3254 4316 3282 4353 a
3324 4311 3498 4355 matre

1928 4381 2289 4450 requirentes.
2324 4381 2477 4447 Quod
2519 4383 2565 4437 si
2611 4383 2793 4441 infans
2828 4388 3144 4453 adoleverit,
3174 4399 3225 4444 et
3257 4391 3497 4460 aliquam

1930 4470 2241 4527 facultatem
2274 4473 2528 4542 loquendi
2571 4475 2799 4547 adeptus
2823 4477 3007 4538 fuerit.
3047 4497 3334 4535 mammam
3376 4485 3500 4551 qui~

1858 4594 1902 4648 ι)
1930 4564 2051 4618 dem
2090 4565 2319 4634 respuit,
2359 4567 2553 4634 quaerit
2590 4577 2768 4622 autem
2821 4570 3021 4639 aliquid
3069 4572 3372 4640 ejusmodi,
3418 4576 3500 4630 vel

1932 4672 2142 4709 comam
2174 4659 2565 4727 apposititiam,
2594 4661 2674 4714 vel
2720 4661 2963 4729 pallium,
3000 4666 3081 4718 vel
3126 4667 3305 4735 aliqua
3346 4670 3501 4732 talia,

1930 4749 2130 4817 quibus
2160 4748 2449 4803 infantium
2480 4752 2624 4804 oculi
2648 4754 3020 4819 delectantur;
3048 4758 3141 4810 sed
3182 4760 3270 4811 ubi
3306 4760 3371 4813 ad
3414 4762 3505 4816 tir-

1930 4839 2155 4894 miorem
2190 4848 2402 4894 aetatem
2447 4847 2774 4911 pervenerit,
2803 4856 2856 4900 et
2891 4863 3044 4903 mens
3080 4865 3182 4902 una
3216 4866 3339 4905 cum
3383 4869 3506 4906 cor-

1930 4947 2062 5001 pore
2091 4935 2346 5001 creverit,
2380 4944 2511 4990 tunc
2542 4941 2800 4995 omnibus
2846 4943 3149 5009 puerilibus
3192 4946 3390 5001 studiis
3430 4955 3510 5000 at-

1932 5041 2038 5094 que
2067 5024 2359 5081 desideriis
2390 5030 2635 5091 omissis,
2661 5047 2723 5086 ea
2751 5048 2871 5103 qua:
2904 5034 2969 5087 ad
2999 5035 3298 5103 perfectam
3338 5040 3504 5092 vitam

1935 5122 2210 5184 spectant,
2257 5132 2287 5169 a
2338 5120 2661 5186 parentibus
2728 5125 2999 5193 petiturus
3035 5136 3169 5181 est:
3216 5126 3289 5179 ita
3340 5129 3504 5183 etiam

1935 5206 2099 5269 Deus,
2130 5208 2223 5278 qui
2258 5224 2357 5278 per
2409 5211 2594 5265 omnia
2641 5214 2915 5269 hominem
2951 5218 3016 5271 ad
3069 5234 3191 5273 sese
3233 5219 3509 5289 respicere

1934 5298 2258 5361 assuefacit,
2298 5300 2504 5356 idcirco
2532 5319 2905 5373 saepenumero
2944 5324 3012 5362 ne
3045 5309 3355 5365 minoribus
3388 5311 3510 5380 qui-

1935 5389 2056 5444 dem
2090 5391 2449 5460 petitionibus
2477 5410 2638 5449 aures
2664 5396 2906 5463 pratbere
2936 5399 3171 5465 fastidit,
3203 5410 3260 5454 ut
3287 5402 3355 5456 ad
3389 5404 3510 5457 sub-

1940 5481 2213 5536 limiorum
2254 5500 2441 5539 rerum
2471 5486 2827 5551 desiderium,
2868 5507 2964 5560 per
3003 5508 3293 5560 parvarum
3324 5509 3506 5547 rerum

1938 5574 2279 5646 largitionem
2331 5593 2480 5640 eum,
2536 5581 2628 5647 qui
2663 5580 2766 5632 hoc
2816 5582 3140 5638 beneﬁcium
3179 5597 3508 5642 consecutus

1938 5665 2127 5730 fuerit,
2172 5668 2387 5723 invitet.
2419 5668 2481 5722 Et
2509 5677 2568 5723 tu
2607 5670 2798 5740 igitur,
2850 5674 2894 5726 si
2937 5674 3028 5730 ille
3070 5682 3122 5729 et
3182 5677 3271 5732 ille
3326 5676 3507 5732 divina

1526 5842 1569 5872 ⁸³
1611 5841 1737 5911 Sap.
1773 5857 1810 5907 ι,
1846 5843 1933 5904 l'é.
