4004 6518
595 413 736 470 H35

1861 408 1920 464 S.
1960 407 2287 466 GREGORII
2324 409 2613 468 NYSSENI

3647 425 3743 480 1156

593 528 942 604 providentia
967 527 1173 583 nobilis
1202 534 1258 582 et
1283 525 1522 582 illustris
1554 525 1807 582 obscuris
1845 527 2156 597 parentibus

2269 529 2301 599 ἢ
2343 528 2592 592 πλοῦτον,
2630 529 2662 600 ἢ
2697 527 3074 601 περιφάνειαν,
3110 529 3218 582 νόει
3247 516 3338 582 τὸν
3380 531 3576 597 σκοπὸν,
3595 535 3659 589 ὅτι
3689 557 3748 597 σοι

592 637 747 681 ortus
776 623 967 687 evasit,
1014 629 1108 676 aut
1140 621 1347 691 aliquid
1389 621 1534 676 aliud
1586 638 1652 677 ex
1691 621 1764 676 iis
1801 621 1986 683 rebus.
2039 636 2170 691 quae

593 736 682 774 [DS
709 735 802 787 per
839 719 978 771 hanc
1003 718 1170 770 vitam
1203 723 1559 786 expetuntur,
1607 714 1925 784 acquisivit.
1963 715 2168 785 pr-incio

592 818 804 880 patum,
861 810 946 863 vel
976 807 1224 869 divitias,
1275 815 1372 860 aut
1414 805 1826 871 claritudinem,
1876 805 2165 862 considera

589 915 831 970 quonam
863 899 977 953 haec
1029 907 1302 968 spectent,
1349 898 1634 962 nimirum,
1693 898 1838 967 quod
1875 914 1970 965 per
2018 912 2162 961 eam,

590 1006 712 1058 qua:
743 991 888 1044 circa
929 989 1027 1042 has
1058 1004 1145 1042 res
1172 995 1420 1057 apparet,
1455 987 1864 1042 humanitatem
1897 988 1951 1040 in
1990 987 2162 1042 rebus

2271 621 2546 686 ἀπόδειξις
2577 621 2678 691 τῆς
2715 620 2957 692 μεγάλης
3001 620 3278 690 δυνάμεως
3315 621 3404 674 τοῦ
3449 621 3566 678 Θεοῦ
3596 628 3624 698 ἡ
3659 633 3749 702 περὶ

2269 708 2442 764 ταῦτα
2470 709 2848 780 φιλανθρωπία
2871 709 3100 786 γίνεται,
3145 711 3232 765 ἵνα
3268 710 3354 765 διὰ
3378 711 3465 766 τοῦ
3487 719 3641 786 τυχεῖν
3675 720 3751 775 τῶν

2270 801 2536 857 παιδικῶν
2579 801 2929 874 ἀθυρμάτων,
2956 802 3082 874 περὶ
3111 802 3217 856 τῶν
3248 802 3491 873 μειζόνων
3512 809 3590 859 καὶ
3610 809 3752 865 τελειο-

2267 893 2440 966 τέρων
2465 896 2821 966 προσαγάγῃς
2849 894 2924 966 τῷ
2953 895 3130 967 Πατρὶ
3153 894 3251 958 τὰς
3277 897 3518 967 αἰτήσεις.
3550 899 3696 954 Ταῦτα
3714 903 3752 957 δέ

2270 987 2420 1041 ἐστιν
2445 988 2546 1042 ὅσα
2578 989 2658 1052 είς
2691 989 2868 1061 ψυχὴν
2903 989 3058 1062 φέρει
3085 989 3146 1042 τὸ
3177 989 3380 1058 κέρδος.

592 1084 806 1154 magnis
838 1083 934 1137 tibi
971 1083 1216 1152 potentia
1241 1081 1332 1136 Dei
1357 1081 1790 1143 demonstratur,
1815 1089 1876 1136 ut
1907 1097 2005 1150 per
2073 1081 2198 1144 hoc,
2240 1083 2388 1151 quod
2458 1082 2940 1149 animadverteris,
2973 1098 3077 1137 nec
3107 1083 3347 1136 ludicras
3373 1082 3571 1152 quidem
3597 1100 3646 1138 ac
3664 1101 3754 1155 pue-

592 1176 726 1231 riles
755 1190 842 1228 res
879 1174 1082 1227 frustra
1133 1189 1163 1226 a
1201 1173 1309 1228 Deo
1340 1174 1474 1243 peti,
1507 1173 1576 1228 de
1646 1173 1953 1242 majoribus
1990 1187 2056 1226 ac
2121 1173 2552 1242 perfectioribus
2579 1174 2725 1230 Patri
2763 1189 2952 1243 preces
2996 1172 3235 1239 oﬂ‘eras;
3287 1173 3397 1227 hazc
3456 1183 3614 1230 autem
3667 1185 3756 1232 sunt

587 1285 678 1330 ea,
701 1283 822 1337 qua:
853 1267 1052 1320 anima:
1096 1267 1309 1320 lucrum
1348 1265 1605 1321 alierum.

662 1359 874 1413 Etenim
907 1359 1293 1415 stultissimum
1327 1356 1514 1421 fuerit,
1549 1359 1594 1412 si
1625 1358 1762 1428 quis
1793 1358 2063 1413 accedens
2088 1357 2160 1411 ad

589 1451 782 1511 Deum,
823 1465 852 1503 a
889 1450 1222 1519 sempiterno
1267 1450 1602 1518 temporaria
1653 1458 1828 1520 roget,
1881 1465 1910 1502 a
1945 1450 2162 1504 caelesti

584 1550 829 1604 terrena,
851 1540 920 1592 ab
942 1537 1225 1592 Altissimo
1248 1538 1474 1593 humilia
1501 1552 1556 1594 et
1585 1540 1820 1610 alijecta,
1841 1541 1910 1596 ab
1945 1558 2034 1606 eo,
2069 1542 2164 1611 qui

590 1645 820 1700 regnum
853 1630 1118 1682 caelorum
1144 1629 1396 1700 largitur,
1430 1631 1572 1686 hanc
1595 1643 1866 1688 terrenam
1899 1641 1953 1688 et
1983 1633 2166 1687 humi-

594 1723 695 1776 lem
753 1721 1112 1786 felicitatem;
1176 1724 1247 1778 ab
1270 1740 1334 1778 eo
1379 1725 1474 1794 qui
1513 1726 1743 1795 largitur
1778 1741 1840 1781 ea
1874 1742 1997 1796 quae
2025 1725 2163 1797 eripi

593 1831 701 1870 non
735 1823 986 1886 possunt,
1012 1814 1080 1869 ad
1115 1816 1374 1885 exiguum
1404 1825 1623 1887 tempus
1654 1819 1958 1874 alienarum
1981 1821 2162 1874 rerum

591 1921 754 1961 usum
787 1927 798 1959 :
832 1921 1063 1974 quarum
1096 1906 1408 1960 necessaria
1444 1906 1661 1976 quidem
1696 1905 1997 1975 ademptie,
2039 1916 2167 1961 tem-

592 1999 845 2068 porari-us
886 2013 1015 2054 vero
1065 1996 1417 2062 usut‘ructus,
1473 2007 1529 2052 et
1573 1999 1881 2068 periculosa
1931 1997 2168 2052 admini-

592 2089 788 2144 strat-iu
818 2096 922 2142 est.
955 2086 1191 2143 Pulchre
1218 2097 1405 2142 autem
1439 2103 1536 2155 per
1570 2087 1936 2155 adiectionem
1983 2094 2165 2140 osten-

589 2181 670 2234 dit
704 2178 1124 2241 absurditatem,
1173 2194 1298 2233 cum
1334 2178 1507 2232 dixit:
1555 2177 1706 2233 Sicut
1733 2176 1973 2249 gentiles.
2025 2174 2162 2230 Nam

589 2271 640 2324 in
675 2287 760 2324 res
795 2281 1118 2340 apparentes
1166 2269 1409 2326 studium
1453 2267 1707 2322 conferre
1757 2268 2039 2338 proprium
2079 2275 2164 2322 est

585 2377 798 2423 eorum,
831 2368 928 2432 qui:
961 2365 1165 2416 nullam
1196 2361 1299 2415 sibi
1341 2360 1513 2415 futuri
1558 2361 1745 2414 satculi
1775 2376 1926 2430 spem
1961 2374 2158 2428 propo-

588 2462 746 2515 nunt,
781 2471 888 2509 non
919 2454 1109 2523 iudicii
1135 2464 1360 2518 metum,
1380 2469 1489 2508 non
1524 2454 1788 2523 gehenna:
1817 2453 2015 2511 minas.
2049 2467 2158 2505 non

587 2549 856 2603 bonorum
886 2548 1375 2616 exspectationem,
1413 2560 1521 2599 non
1553 2545 1704 2599 aliud
1739 2543 2045 2614 quidquam
2068 2558 2163 2598 eo-

583 2653 703 2690 rum
739 2653 859 2706 quae
907 2646 1151 2706 tempore
1204 2635 1628 2689 resurrectionis
1681 2621 2001 2702 sperantur,
2033 2627 2157 2703 ’qui

582 2727 748 2782 sicuti
789 2742 986 2797 pecora
1011 2726 1078 2780 ad
1132 2733 1462 2795 prrescntem
1506 2725 1674 2779 vitam
1717 2724 1917 2778 intenti
1977 2724 2157 2794 (μιοά-

581 2835 804 2888 cunque
836 2818 979 2888 gulae
1017 2832 1082 2871 ac
1110 2817 1308 2877 ventri,
1333 2816 1675 2886 reliquisque
1711 2816 1964 2886 corporis
1998 2815 2158 2869 volu-

579 2913 821 2981 ptatibus
849 2911 1137 2980 indulgere
1181 2909 1419 2979 possint,
1471 2908 1525 2963 id
1578 2909 1634 2962 in
1681 2915 1835 2978 parte
1882 2909 2156 2962 bonorum

580 3004 786 3063 locant.
824 3003 907 3057 vel
939 3001 1314 3072 principatum
1369 3000 1513 3055 inter
1577 2999 1793 3070 aliquos
1851 3007 2061 3062 tenere,
2101 3006 2156 3052 et

579 3095 806 3164 reliquis
838 3102 1100 3164 praestare
1146 3092 1338 3155 videri,
1373 3092 1456 3146 vel
1529 3091 1720 3146 multis
1762 3089 2027 3144 incubare
2072 3099 2155 3143 ta-
2185 3126 2226 3182 Ο

581 3185 776 3246 lcntis,
823 3193 914 3237 aut
944 3182 990 3236 si
1024 3182 1156 3252 quid
1191 3181 1340 3236 aliud
1363 3179 1430 3235 de
1451 3180 1615 3249 hujus
1643 3179 1828 3234 saeculi
1871 3177 2158 3233 fraudibus

579 3284 694 3329 cst:
719 3275 919 3343 quibus
945 3273 990 3328 si
1025 3274 1150 3343 quis
1181 3273 1248 3328 de
1297 3272 1480 3327 futura
1516 3287 1612 3340 spe
1643 3272 1812 3333 dicat,
1855 3271 2015 3339 plane
2057 3285 2161 3325 nu-

577 3377 732 3436 gatur
765 3381 888 3420 esse
929 3365 1165 3425 videtur.
1219 3363 1535 3434 paradisum
1589 3370 1650 3416 et
1688 3377 1939 3432 regnum,
1968 3369 2022 3415 et
2045 3375 2158 3414 cce-

579 3457 767 3510 lestem
823 3457 1238 3519 habitationem,
1297 3462 1350 3509 ct
1403 3453 1674 3522 ejusmodi
1727 3469 1817 3507 res
1855 3467 2154 3522 exponens.

572 3547 851 3612 Quoniam
872 3548 1035 3618 igitur
1064 3548 1349 3617 proprium
1382 3555 1466 3601 est
1496 3559 1713 3608 eorum,
1732 3545 1828 3615 qui
1864 3560 2016 3614 spem
2044 3559 2154 3598 non

584 3637 807 3699 habent,
860 3646 920 3693 ut
976 3638 1234 3708 presenti
1273 3637 1399 3691 vitae
1445 3636 1823 3691 adhaerescant
1863 3643 1915 3689 ct
1956 3634 2156 3690 addicti

585 3733 723 3795 sint,
749 3739 898 3785 recte
919 3745 1254 3799 supervacua
1278 3743 1342 3783 ac
1369 3743 1506 3782 vana
1528 3727 1820 3792 desideria,
1849 3742 1969 3796 qua!
2002 3727 2156 3780 voln-

570 3824 709 3894 ‘ptati
776 3821 993 3877 addicti
1039 3837 1135 3891 per
1190 3821 1498 3876 orationem
1549 3836 1607 3880 se
1659 3819 2012 3876 confecturos
2052 3819 2155 3874 sibi

577 3929 699 3969 esse
737 3922 951 3982 putant,
993 3915 1276 3984 gentilium
1307 3929 1450 3978 esse,
1505 3913 1789 3984 Scriptura
1829 3912 1986 3976 dicit,
2037 3912 2155 3966 exi-

577 4008 913 4061 stimantium
958 4023 1017 4062 se
1050 4007 1116 4062 de
1152 4007 1318 4062 rebus
1383 4007 1639 4062 absurdis
1680 4007 1902 4063 assidue
1954 4021 2019 4061 ac
2071 4022 2157 4061 se.

569 4100 704 4155 dulo
738 4100 980 4170 rogando
1001 4109 1396 4156 consecuturos
1423 4115 1564 4162 csse,
1593 4107 1652 4154 ut
1685 4114 1886 4154 inmten
1909 4099 2152 4153 divinum

562 4194 655 4247 eis
684 4192 750 4246 ad
785 4209 870 4246 res
895 4209 1004 4246 non
1033 4200 1215 4247 rectas
1240 4208 1416 4262 neque
1439 4191 1781 4247 necessarias
1823 4190 2024 4244 auxilio
2057 4191 2149 4244 sit.

568 4284 904 4339 Existimant
943 4286 1087 4337 enim
1108 4325 1121 4343 ,
1168 4284 1376 4353 inquit,
1409 4299 1467 4339 se
1499 4292 1718 4353 propter
1749 4281 2151 4351 multiloquium

535 4420 543 4432 .
578 4391 736 4429 suum
773 4375 1088 4430 cxauditum
1121 4375 1209 4430 iri.
1245 4373 1441 4429 Verum
1479 4375 1593 4428 haec
1627 4374 1870 4443 quidem,
1899 4387 2020 4441 quae
2059 4388 2154 4428 co-

2336 1356 2447 1410 Καὶ
2482 1356 2590 1428 γὰρ
2616 1353 2681 1408 ἂν
2712 1355 2798 1424 εἴη
2826 1353 2934 1407 τῶν
2954 1353 3332 1421 ἀλογωτὰτων,
3370 1355 3683 1426 προσελθόντα
3706 1361 3757 1430 τῷ

2266 1447 2385 1518 Θεῷ
2417 1448 2598 1520 ζητεῖν
2635 1445 2787 1519 παρὰ
2833 1444 2929 1499 τοῦ
2978 1446 3148 1498 ἀϊδίου
3193 1445 3264 1498 τά
3317 1446 3612 1517 πρόσκαιρα,
3653 1453 3758 1520 παρὰ

2265 1538 2362 1592 τοῦ
2416 1538 2737 1610 ἐπουρανίου
2781 1538 2849 1591 τά
2875 1536 3111 1606 ἐπίγεια,
3149 1536 3297 1607 παρά
3343 1535 3432 1590 τοῦ
3479 1539 3685 1608 Ὑψίστου
3715 1545 3760 1597 τά

2269 1630 2603 1702 χαμαίζηλα,
2634 1629 2786 1702 παρά
2812 1630 2909 1683 τοῦ
2938 1629 3216 1700 βασιλείαν
3243 1629 3472 1700 οὐρανῶν
3493 1629 3760 1702 δωρουμένου

2270 1723 2368 1795 τὴν
2419 1725 2614 1796 γηῖνην
2648 1721 2851 1794 ταύτην
2899 1723 2992 1776 καὶ
3030 1721 3293 1794 ταπεινὴν
3328 1722 3612 1794 εὐκληρίαν,
3653 1729 3760 1797 παρὰ

2272 1814 2366 1868 τοῦ
2401 1815 2735 1886 ἁναφαίρετα
2766 1814 3144 1885 χαριζομένου,
3172 1814 3272 1885 τὴν
3315 1816 3371 1867 ἐν
3406 1815 3556 1885 ὀλίγῳ
3593 1816 3678 1868 τῶν
3699 1819 3762 1870 ἀλα

2267 1906 2496 1978 λοτρίων
2545 1906 2760 1977 χρῆσιν,
2822 1897 2896 1956 ὧν
2961 1903 3233 1971 ἀναγκαία
3289 1903 3387 1974 μὲν
3441 1906 3471 1974 ἡ
3524 1906 3762 1977 ἀφαίρεσις,

2267 1997 2599 2068 πρόσκαιρος
2645 1994 2702 2048 δὲ
2740 1995 2773 2064 ή
2807 1993 3127 2056 ἀπόλαυσις,
3179 1992 3505 2056 ἐπικίνδυνος
3528 1995 3578 2046 δὲ
3603 1998 3630 2066 ἡ
3659 1997 3761 2049 οἰκοο

2265 2087 2428 2158 νομία
2449 2105 2462 2119 ο
2487 2086 2666 2151 καλῶς
2699 2086 2755 2140 δὲ
2788 2085 3088 2156 παρίστησι
3124 2088 3189 2155 τῇ
3219 2083 3494 2157 προσθήκῃ
3521 2087 3574 2138 τὸ
3600 2086 3760 2150 ἄτοπον,

2265 2179 2454 2245 εἰπὼν,
2499 2180 2725 2246 Ὥσπερ
2774 2180 2830 2233 οὶ
2861 2176 3103 2232 ἐθνικοί.
3152 2177 3226 2229 Τὸ
3260 2175 3363 2248 γὰρ
3394 2177 3510 2246 περὶ
3535 2177 3595 2230 τὰ
3629 2179 3761 2246 φαινό·

2267 2288 2404 2342 μενα
2431 2271 2530 2341 τὴν
2560 2270 2795 2341 σπουδὴν
2821 2269 2965 2340 ἔχειν
2995 2269 3124 2322 ἴδιόν
3153 2269 3273 2322 ἐστι
3304 2267 3407 2322 τῶν
3445 2269 3676 2340 μηδεμίαν
3699 2269 3762 2322 τοῦ

2266 2359 2551 2429 μέλλοντος
2591 2359 2786 2422 αἰῶνος
2833 2360 3042 2423 ἑαυτοῖς
3073 2358 3471 2427 ὑποτιθεμένων
3514 2357 3686 2423 ἐλπίδα,
3713 2359 3760 2429 μὴ

2263 2451 2498 2522 κρίσεως
2553 2451 2736 2520 φόῦον.
2796 2451 2870 2523 μὴ
2921 2453 3143 2522 γεέννης
3190 2450 3449 2522 ἀπειλὴν,
3491 2450 3557 2522 μὴ
3602 2452 3760 2520 ἀγαθῶν

2262 2539 2614 2613 προσδοκίαν,
2666 2539 2740 2612 μὴ
2773 2540 2900 2596 ἄλλο
2951 2558 3004 2594 τι
3056 2540 3168 2594 τῶν
3205 2541 3348 2595 κατὰ
3401 2539 3496 2612 τὴν
3541 2541 3761 2594 ἀνάστασιν

2261 2629 2660 2700 ἐλπιζομένων,
2711 2629 2760 2683 οἶ
2793 2629 3152 2702 βοσκημάτων
3198 2632 3356 2701 δίκην
3388 2631 3515 2702 πρὸς
3549 2632 3627 2685 τὸν
3667 2648 3760 2701 πσρ-

2260 2722 2387 2776 όντα
2421 2722 2655 2793 ὁρῶντες
2699 2723 2814 2793 βίον
2834 2762 2849 2786 ,
2898 2724 3035 2796 ὅπερ
3067 2724 3136 2777 ἂν
3183 2723 3368 2796 λαιμῷ
3396 2726 3484 2778 καὶ
3528 2725 3676 2796 κοιλίᾳ⁸
3701 2728 3761 2777 καὶ

2259 2817 2378 2878 ταῖς
2427 2814 2641 2878 λοιπαῖς
2677 2813 2772 2868 τοῦ
2806 2813 3053 2885 σώματος
3086 2816 3440 2886 ἡδυπαθείαις
3483 2816 3759 2887 χαρίζωνται,

2258 2905 2414 2960 τοῦτο
2442 2907 2499 2959 ἐν
2535 2905 2754 2976 ἀγαθῶν
2795 2905 3036 2978 κρίνουσι
3077 2908 3265 2980 μοίρᾳ,
3319 2909 3355 2980 ἦ
3407 2909 3466 2962 τὸ
3519 2909 3759 2980 πρωτεῦσιί

2257 3015 2440 3081 τινων,
2471 3000 2567 3053 καὶ
2599 2998 2658 3052 τὸ
2699 2999 2838 3070 ὑπὲρ
2869 3001 2993 3062 τοὺς
3017 2999 3239 3064 λοιποὺς
3271 3001 3591 3072 νομισθῆναι,
3623 2999 3650 3071 ἢ
3677 2999 3762 3053 πολ-

2259 3092 2370 3156 λοῖς
2398 3090 2824 3162 ἐπικαθευδῆσαι
2851 3091 3156 3157 ταλάντοις,
3186 3092 3218 3164 ἢ
3273 3093 3325 3146 ετ
3358 3111 3409 3146 τι
3444 3092 3561 3146 ἀλλο
3585 3092 3668 3160 τῆς
3689 3091 3760 3160 βιο-

2260 3187 2419 3256 τικῆς
2451 3187 2665 3258 ἀπάτης
2710 3185 2890 3242 ἐστίν·
2917 3183 3000 3250 οἷς
3053 3188 3106 3240 εί
3151 3205 3240 3253 τις
3285 3189 3351 3243 ἂν
3389 3189 3515 3264 λέγῃ
3555 3191 3663 3260 περὶ
3695 3187 3761 3256 τῆς

2264 3275 2561 3346 μελλούσης
2593 3275 2826 3340 ἐλπίδος.
2852 3275 3014 3348 λῆρος
3054 3278 3316 3350 ἄντικρυς
3351 3274 3484 3332 εἷναι
3525 3279 3663 3342 δοκεῖ,
3691 3295 3762 3329 πει·

2263 3366 2508 3437 ράδεισον
2549 3367 2642 3420 καὶ
2677 3364 2970 3436 βασιλείαν,
3003 3367 3097 3422 καὶ
3127 3369 3372 3440 οὐρανῶν
3412 3369 3670 3441 διαγωγὴν,
3700 3369 3763 3420 καὶ

2259 3456 2329 3509 τὰ
2361 3458 2583 3511 τοιαῦτα
2627 3458 3051 3530 διεξερχόμενος.
3097 3460 3318 3533 Ἐπειδὴ
3350 3463 3517 3515 τοίνυν
3546 3462 3655 3516 ἴδιόν
3684 3462 3762 3512 ἐστι

2258 3548 2367 3600 τῶν
2412 3548 2485 3620 μὴ
2527 3548 2756 3620 ἐχόντων
2790 3549 2980 3602 ἐλπίδα
3019 3550 3079 3603 τὸ
3117 3554 3540 3624 προστετηκέναι
3577 3555 3632 3623 τῇ
3665 3566 3764 3621 παρ-

2257 3639 2394 3713 ούσῃ
2423 3639 2563 3711 ζωῇ,
2601 3640 2780 3704 καλῶς
2806 3641 2876 3693 τά
2904 3641 3134 3711 περιττά
3161 3645 3257 3696 καὶ
3286 3647 3483 3715 μάταια
3513 3644 3601 3715 τῆς
3623 3642 3764 3696 ἐπιθυ-

2263 3731 2408 3798 μίας,
2437 3731 2473 3785 ἀ
2505 3731 2572 3785 δι’
2601 3732 2766 3803 εὐχῆς
2797 3733 2998 3788 οἴονται
3045 3735 3345 3805 κατορθοῦν
3373 3739 3570 3799 ἑαυτοῖς
3607 3738 3647 3788 oi
3679 3734 3762 3802 φιλ-

2257 3823 2452 3894 ήδονοι,
2487 3823 2596 3877 τῶν
2625 3823 2852 3878 ἐθνικῶν
2884 3825 2914 3878 ὁ
2939 3824 3093 3894 λόγος
3122 3823 3262 3880 εἷναί
3294 3845 3442 3896 φησι,
3457 3829 3560 3880 τῶν
3582 3825 3764 3897 νομιζόν-

2255 3932 2364 3969 των
2398 3917 2464 3970 ἐκ
2477 3915 2579 3995 ,τοῦ
2613 3918 3004 3989 προσλιπαρεῖν
3038 3919 3164 3990 περὶ
3193 3920 3306 3973 τῶν
3331 3921 3536 3974 ἀτόπων
3567 3915 3763 3987 συνεργὸν

2255 4007 2350 4060 ἐπὶ
2397 4007 2468 4062 τὰ
2521 4008 2596 4080 μὴ
2644 4009 2830 4064 δέοντα
2880 4011 2940 4064 τὸ
2999 4010 3152 4064 Θεῖον
3203 4011 3368 4077 ἕξειν.
3416 4010 3622 4065 Δοκοῦσι
3659 4008 3762 4076 γὰρ.

2257 4099 2456 4170 φησιν,
2513 4101 2594 4154 ὅτι
2645 4103 2702 4156 ἐν
2763 4105 2828 4175 τῇ
2896 4104 3190 4176 πολυλογίᾳ
3242 4105 3423 4158 αὐτῶν
3480 4098 3764 4164 εἰσακουσθή-

2257 4206 2460 4264 σονται.
2513 4191 2672 4246 Ἀλλά
2720 4192 2895 4248 ταῦτα
2941 4194 3041 4265 μὲν
3085 4194 3121 4248 ἃ
3170 4195 3251 4248 δεῖ
3292 4194 3584 4264 γινώσκειν,
3628 4191 3680 4244 δι’
3711 4182 3762 4238 ὧν

2256 4281 2618 4354 ἐξητάσαμεν,
2649 4284 3024 4356 ἐδιδάχθημεν.
3059 4287 3191 4339 Οἴαν
3221 4287 3279 4341 δὲ
3307 4291 3559 4359 προσήκει
3594 4282 3659 4354 τῷ
3679 4279 3764 4348 Θεῷ

2259 4375 2554 4445 προσάγειν
2598 4376 2696 4448 τὴν
2740 4377 2943 4449 δέησιν,
2986 4380 3043 4431 ἐν
3092 4383 3200 4444 τοῖς
3229 4381 3428 4451 ἐφεξῆς
3467 4373 3760 4446 ἀκουσόμεθα.

568 4468 751 4532 .gitare
775 4475 934 4532 atque
971 4463 1302 4533 perpendere
1332 4471 1569 4531 Oportet,
1601 4479 1698 4532 per
1725 4478 1810 4524 ea,
1835 4477 1958 4531 qua:
1989 4477 2148 4517 scru-

2255 4467 2438 4538 χάριτι
2483 4467 2577 4521 τοῦ
2624 4469 2830 4542 Κυρίου
2866 4470 3022 4541 ἡμῶν
3056 4471 3230 4542 Ἰησοῦ
3262 4473 3513 4546 Χριστοῦ,
3546 4465 3638 4540 ᾧή
3673 4465 3761 4529 δέξει

568 4554 672 4606 tati
706 4569 896 4607 sumus
934 4562 987 4608 et
1033 4551 1394 4615 ostendimus.
1443 4551 1618 4608 edocti
1666 4567 1858 4606 sumus
1889 4571 1902 4605 ι
1929 4553 2144 4621 qualem

2255 4556 2354 4608 καῖ
2373 4558 2436 4609 τὸ
2463 4557 2685 4628 κράτος.
2722 4559 2800 4620 εἰς
2830 4559 2957 4622 τοὺς
2986 4561 3188 4624 αἰῶνας
3215 4561 3323 4614 τῶν
3362 4561 3579 4615 αἰώνων.
3617 4559 3759 4625 Ἀμήν.

573 4653 755 4697 autem
808 4645 1092 4698 conveniat
1164 4643 1361 4698 offerre
1410 4641 1518 4698 Deo
1561 4642 1952 4712 precationem,
2005 4643 2058 4697 in
2129 4647 2486 4716 sequentibus
2547 4649 2858 4717 audiamus,
2911 4656 3084 4724 gratia
3171 4651 3388 4707 Domini
3475 4649 3629 4707 nostri
3667 4645 3760 4699 ἔθευ

566 4736 792 4796 Christi.
829 4736 915 4789 cui
955 4735 1122 4805 gloria
1156 4745 1208 4789 et
1242 4735 1528 4803 imperium
1570 4738 1623 4789 in
1667 4733 1867 4790 saecula
1906 4736 2252 4790 saeculorum.
2296 4739 2491 4796 Amen.

1173 4856 1431 4913 ORATIO
1482 4857 1540 4912 ιι.

926 4969 1089 5025 Pater
1117 4982 1311 5035 noster,
1335 4972 1427 5039 qui
1454 4988 1504 5025 es
1536 4972 1589 5025 in
1622 4972 1786 5026 caelis.

635 5093 773 5148 Cum
801 5108 1030 5164 magnus
1061 5093 1149 5147 ille
1180 5091 1392 5165 Moyses
1420 5094 1484 5148 ad
1515 5111 1635 5149 eam
1667 5111 1950 5153 sacrorum
1976 5097 2143 5154 disci-

571 5187 796 5257 plinam,
858 5203 978 5255 qua:
1042 5187 1095 5240 in
1154 5194 1338 5241 monte
1398 5187 1810 5257 instituebatur,
1881 5195 2142 5262 pupulum

565 5279 923 5334 lsraeliticum
956 5278 1268 5339 adduceret.
1321 5294 1429 5334 non
1479 5282 1632 5351 prius
1665 5298 1759 5338 eos
1796 5285 2142 5352 apparitione

566 5371 658 5426 Dei
694 5370 888 5441 dignos
937 5369 1224 5439 judicavit,
1276 5386 1446 5440 quam
1504 5372 1708 5426 indicta
1761 5372 2141 5428 observatione

564 5464 856 5525 castitatis,
889 5470 943 5518 et
978 5465 1296 5531 aspersione
1320 5478 1495 5532 aquae,
1542 5465 1746 5533 populo
1798 5465 2139 5533 puriﬁcatio-

562 5573 686 5610 nem
733 5556 846 5626 lege
875 5556 1148 5610 sanxisset
1179 5573 1192 5608 :
1230 5570 1293 5607 ac
1328 5569 1394 5608 ne
1447 5554 1528 5608 sic
1556 5555 1776 5622 quidem
1813 5555 2008 5610 divinat
2035 5573 2131 5625 po-

562 5649 744 5702 tentia:
807 5648 1199 5716 apparitionem
1231 5647 1631 5710 sustinuerunt,
1671 5645 1764 5699 sed
1807 5646 1875 5700 ad
1919 5662 2136 5701 oninem

563 5739 753 5793 faciem
788 5748 840 5792 et
893 5749 1173 5807 aspectum
1225 5753 1437 5800 eorum,
1497 5753 1617 5806 quae
1665 5738 2018 5807 apparebant,
2070 5737 2136 5791 ad

558 5829 762 5900 ignem,
793 5827 861 5882 ad
893 5830 1198 5900 caliginem,
1232 5829 1298 5883 ad
1330 5827 1558 5893 fumum,
1605 5827 1670 5882 ad
1703 5830 1883 5895 tubas,
1915 5829 2130 5884 attoniti

2869 4870 3086 4924 ΛΟΓΟΣ
3122 4870 3198 4926 Β’.

2495 4979 2708 5060 ,Πάτερ
2741 4981 2910 5051 ἡμῶν
2938 4987 2971 5036 ό
3007 4984 3075 5036 ἐν
3102 4985 3225 5050 τοῖς
3259 4987 3544 5054 adparat}.

2325 5104 2452 5158 Ὅτε
2487 5107 2765 5176 προσῆγεν
2788 5108 2818 5160 ὁ
2848 5108 3022 5180 μέγας
3050 5109 3290 5180 Μωῦσῆς
3327 5114 3392 5182 τῇ
3427 5111 3557 5164 κατᾶ
3593 5107 3644 5161 τὸ
3669 5105 3760 5174 ὄρος

2253 5197 2613 5268 μυσταγωγίᾳ
2640 5200 2730 5251 τὸν
2777 5200 3110 5272 Ίσραηλίτην
3145 5200 3292 5263 λαὸν,
3336 5205 3397 5256 οὐ
3439 5202 3668 5272 πρότερον
3689 5196 3760 5248 αὑ-

2246 5286 2372 5346 τοὺς
2417 5287 2518 5354 τῆς
2563 5286 2880 5355 θεοφανείας
2920 5289 3168 5358 ἠξίωσεν,
3222 5290 3350 5359 πρὶν
3387 5290 3565 5360 ἁγνείᾳ
3607 5303 3656 5339 τε
3693 5282 3759 5335 καὶ

2248 5378 2692 5450 περιρῤαντισμῷ
2737 5380 3091 5450 νομοθετῆσαι
3126 5380 3205 5452 τῷ
3237 5381 3348 5452 λαῷ
3387 5384 3447 5436 τὸ
3487 5380 3755 5449 καθάρσιον

2246 5467 2339 5519 καὶ
2371 5467 2490 5520 οὐδέ
2519 5468 2690 5532 οὕτως
2719 5469 3028 5542 ἐθάρσησαν
3072 5472 3173 5542 τῆς
3217 5473 3364 5536 θείας
3411 5473 3661 5541 δυνάμεως
3685 5463 3756 5533 τὴν

2243 5557 2563 5627 ἐμφάνειαν,
2595 5559 2732 5611 ἀλλά
2765 5560 2899 5629 πρὸς
2931 5561 3039 5614 πᾶν
3073 5560 3489 5632 κατεπλάγησαν
3527 5558 3579 5610 τὸ
3609 5549 3753 5624 φαινό·

2246 5665 2424 5719 μενον,
2454 5650 2514 5702 τὸ
2544 5649 2673 5720 πῦρ,
2705 5650 2796 5702 τὸν
2829 5651 3042 5720 γνόφον,
3071 5652 3163 5704 τὸν
3202 5652 3424 5717 καπνὸν,
3458 5650 3550 5712 τὰς
3577 5645 3752 5706 σάλπιγ’

2242 5758 2344 5810 γας
2365 5757 2378 5771 ·
2412 5741 2504 5794 καὶ
2529 5742 2661 5814 πρὸς
2677 5742 2896 5808 τούτους
2926 5744 3086 5797 πάλιν
3116 5744 3497 5816 ἀποστραφεὶς,
3513 5739 3668 5811 ἠξίουν
3685 5731 3752 5787 θδν

2243 5831 2539 5906 νομοθέτην
2567 5835 2749 5899 αὐτοῖς
2783 5837 3005 5907 μεσίτην
3035 5836 3281 5907 γενέσθαι
3321 5834 3412 5890 τοῦ
3443 5834 3573 5888 θείου
3597 5819 3746 5902 βουλθ⁴
