4004 6454
583 439 723 495 “39

1824 444 1880 500 S.
1920 445 2247 503 GREGORII
2282 445 2570 503 NYSSENI

3665 444 3783 499 mo

567 561 754 614 multis
788 559 841 613 in
878 559 1017 614 locis
1061 558 1357 629 Scripturae
1383 560 1656 628 ejusmodi
1700 565 1800 635 τῆς
1832 567 2019 636 εὐχῆς,
2081 566 2135 620 id

2260 567 2566 634 ,παγγελίας
2594 565 2670 637 τῷ
2701 564 2818 636 Θεῷ
2846 562 3133 635 γινομένην
3161 563 3419 636 πρόσοδον
3444 564 3787 634 διερμηνεύει.

564 660 669 712 οτι,
701 651 809 705 voti
846 650 1300 720 signiﬁcationem
1340 653 1524 707 videre
1563 653 1710 718 licet,
1744 664 1802 708 ut
1829 671 2134 725 cognosca-

568 756 710 806 mus,
733 740 880 810 quod
914 751 1100 796 votum
1135 744 1354 812 quidem
1386 745 1478 806 sit,
1516 755 1574 798 ut
1599 746 1762 799 modo
1785 747 1989 800 dictum
2029 757 2135 812 est,

567 831 693 886 doni
724 849 824 903 pro
852 833 1153 902 gratiarum
1188 835 1404 889 actione
1435 833 1696 889 oﬁ‘erendi
1735 835 1877 889 facta
1898 838 2137 906 promis-

569 923 651 977 sio
679 926 983 995 επροσευχή
1002 926 1212 992 vero,id
1235 934 1317 980 est
1336 945 1348 979 :
1366 928 1564 993 oratio,
1584 943 1731 989 eum,
1756 929 1846 996 qui
1867 938 1990 996 post
2012 943 2141 997 pro-

569 1015 723 1068 missi
756 1017 1126 1085 impletionem
1167 1017 1231 1070 ad
1268 1016 1434 1072 Deum
1468 1019 1546 1083 ﬁt,
1591 1019 1797 1072 aditum
1837 1021 2137 1089 signiﬁcat.

572 1105 742 1160 Docet
802 1107 965 1177 igitur
997 1126 1098 1164 nos
1125 1126 1332 1176 sermo,
1366 1128 1434 1166 ne
1470 1113 1624 1181 prius
1656 1111 1860 1182 aliquid
1886 1121 2137 1181 petamus

573 1212 605 1251 a
639 1198 768 1263 Deo,
799 1215 965 1270 quam
990 1200 1210 1270 aliquod
1231 1201 1281 1256 ei
1308 1217 1510 1257 munus
1533 1211 1818 1272 acceptum
1845 1213 1898 1258 et
1919 1212 2137 1274 gratum

573 1291 954 1345 obtulerimus.
994 1290 1203 1346 Verere
1253 1293 1400 1346 enim
1461 1294 1614 1362 prius
1669 1301 1905 1363 oportet,
1941 1293 2139 1349 deinde

574 1397 733 1436 orare
771 1400 785 1435 :
823 1382 1048 1450 perinde
1097 1398 1160 1435 ac
1205 1384 1250 1437 si
1293 1384 1418 1451 quis
1453 1384 1601 1438 dicat
1645 1393 1942 1438 sementem
1984 1385 2140 1454 prius

574 1474 715 1538 ﬁeri,
740 1490 906 1545 quam
931 1474 1146 1529 fructus
1180 1475 1392 1545 percipi
1420 1487 1695 1545 oportere.
1738 1476 1879 1545 Ergo
1909 1475 2020 1529 v0ti
2051 1491 2140 1530 se-

574 1566 723 1618 mina
744 1567 898 1634 prius
933 1565 1196 1634 dejicere,
1246 1577 1412 1636 atque
1443 1567 1513 1621 ita
1545 1583 1612 1621 ex
1650 1566 1886 1635 dejectis
1915 1567 2140 1621 semini-

575 1656 678 1710 bus
704 1657 922 1710 adultas
968 1656 1082 1720 jam
1113 1667 1277 1726 atque
1328 1666 1572 1710 maturas
1631 1656 1814 1726 fruges
1865 1657 2142 1726 percipere

2238 656 2489 709 Διδάσκει
2522 652 2612 709 οὖν
2665 657 2858 724 ἡμᾶςὸ
2907 655 3082 722 λόγος,
3138 655 3210 724 μὴ
3240 653 3500 724 πρότερον
3545 651 3791 707 αἰτεῖσθαί

2237 764 2291 800 τι
2330 747 2479 818 παρὰ
2503 745 2596 799 τοῦ
2649 746 2804 810 Θεοῦ,
2832 746 2962 816 πρὶν
2994 745 3139 815 αὐτῷ
3177 762 3232 797 τι
3263 743 3370 796 τῶν
3403 743 3792 816 κεχαρισμένων

2241 841 2634 910 δωροφορῆσαι.
2693 837 2962 902 Εύξασθαι
3023 839 3130 907 γὰρ
3194 838 3298 908 χρὴ
3357 839 3639 908 πρότερον,
3690 832 3798 890 εἶτα

2244 928 2675 1001 προσεύξασθαι·
2708 930 2782 993 ὡς
2814 931 2866 983 εἴ
2892 947 2974 992 τις
3003 929 3148 996 λέγει
3177 927 3531 1000 προηγεῖσθαι
3557 929 3656 998 τὴν
3681 944 3795 979 σπο-

2249 1022 2346 1092 ράν
2374 1025 2470 1091 τῆς
2503 1022 2853 1091 ἐπικαρπίας.
2891 1019 3097 1073 Οὐκοῦν
3139 1020 3243 1090 χρὴ
3269 1018 3590 1072 καταϐαλεῖν
3621 1017 3797 1087 πρότε-
3839 1029 3845 1035 ’

2245 1131 2337 1184 ρον
2363 1117 2461 1185 τῆς
2487 1115 2650 1184 εὐχῆς
2682 1113 2749 1167 τὰ
2781 1112 3088 1184 σπέρματα,
3137 1114 3231 1164 καὶ
3271 1111 3442 1172 οὕτως
3485 1108 3798 1178 αὐξηθεῖσαι)

2241 1205 2338 1275 τὴν
2368 1201 2672 1272 καταδολὴν
2700 1204 2806 1257 τῶν
2833 1203 3161 1274 σπερμάτων
3183 1201 3574 1272 καρπώσασθαι
3606 1200 3693 1253 διὰ
3714 1203 3798 1270 τῆς

2243 1299 2550 1368 προσευχῆς
2595 1297 2693 1366 τὴν
2725 1296 2882 1366 χάριν
2928 1293 3404 1364 ἁντιλαμόάνοντα.
3448 1293 3537 1356 Ὧς
3580 1287 3674 1345 οὖν
3713 1293 3801 1344 οὐκ

2243 1386 2510 1456 ἐσομένης
2553 1386 2608 1437 ὲν
2664 1385 2946 1456 παρρησίᾳ
2992 1389 3089 1456 τῆς
3144 1383 3452 1447 ἐντεύξεως,
3497 1385 3546 1436 εἰ
3604 1382 3677 1452 μὴ
3720 1383 3802 1436 ἐπὶ

2246 1477 2615 1548 προληφθείση
2665 1477 2796 1548 εὐχῇ
2844 1478 3072 1530 τινικαὶ
3117 1474 3422 1546 δωροφορίᾳ
3471 1476 3507 1544 ἡ
3559 1473 3804 1545 πρόσοδος

2245 1568 2473 1636 γένοιτο,
2495 1569 2806 1638 ἀναγκαίως
2840 1571 2873 1640 ὴ
2916 1568 3048 1639 εύχὴ
3085 1569 3184 1638 τῆς
3221 1567 3527 1637 προσευχῆς
3567 1563 3804 1635 προηγή-

2251 1675 2421 1714 σεται.

575 1753 809 1816 Oportet,
884 1761 980 1816 per
1029 1749 1331 1801 orationem
1407 1745 1902 1800 remunerationem
1958 1744 2298 1816 accipiendo.
2365 1749 2599 1805 Proinde
2664 1749 2821 1821 quasi
2884 1747 3218 1820 colloquium
3281 1761 3406 1801 cum
3445 1745 3642 1799 ﬁducia
3701 1743 3807 1799 ﬁeri

575 1855 686 1893 non
719 1839 928 1908 possit,
961 1840 1068 1894 nisi
1110 1855 1202 1910 per
1243 1839 1560 1908 praecedens
1611 1838 1832 1904 aliquod
1878 1845 2064 1892 votum
2117 1845 2173 1892 et
2230 1838 2457 1908 donum,
2512 1844 2698 1900 aditus
2737 1842 2917 1898 factus
2967 1843 3062 1905 sit,
3106 1839 3422 1896 necessario
3475 1848 3660 1892 votum
3697 1851 3809 1890 ora-

578 1934 776 1984 tionem
811 1928 1097 1999 praecedet.

646 2021 813 2087 Quasi
832 2020 1124 2090 igiturjam
1146 2019 1248 2074 hoc
1272 2019 1580 2076 confectum
1608 2029 1773 2085 esset,
1799 2020 2060 2076 Dominus
2080 2019 2148 2074 ad
2179 2027 2221 2082 Β

576 2111 871 2181 discipulos
905 2111 980 2164 ait
1009 2128 1023 2165 :
1061 2109 1192 2165 Cum
1221 2111 1412 2174 oratis,
1446 2110 1603 2165 dicite
1625 2128 1644 2164 :
1667 2110 1824 2164 Pater
1847 2121 2042 2172 noster,
2061 2111 2150 2180 qui

577 2222 628 2259 es
653 2205 706 2257 in
726 2203 870 2258 cretis
890 2203 954 2256 ³³.
981 2233 1051 2244 -
1074 2202 1204 2267 Quis
1224 2202 1370 2256 dabit
1394 2203 1520 2255 mihi
1538 2204 1653 2257 alas
1683 2214 1931 2273 tanquam
1953 2203 2154 2256 colum-

578 2295 878 2366 bce?inquit
898 2295 1094 2349 alicubi
1123 2311 1353 2365 magnus
1375 2295 1466 2350 ille
1493 2294 1664 2350 David
1715 2297 1768 2350 in
1799 2296 2030 2353 Psalmis
2071 2296 2149 2350 "z

578 2390 810 2444 dixerim
837 2389 1001 2444 etiam
1038 2389 1175 2458 ipse,
1209 2405 1394 2458 parem
1441 2404 1630 2443 vocem
1658 2389 1905 2444 emittere
1931 2404 2098 2444 ausus
2135 2409 2149 2444 :

579 2481 713 2548 Quis
771 2481 920 2536 dabit
952 2481 1084 2536 milii
1117 2483 1234 2535 alas
1260 2482 1384 2535 illas
1412 2481 1479 2534 ad
1531 2481 1653 2544 hoc,
1687 2488 1745 2533 ut
1781 2481 1986 2549 possim
2045 2497 2152 2535 una

579 2589 704 2626 cum
739 2571 1078 2626 sublimitate
1134 2571 1462 2640 prmstantite
1521 2570 1930 2640 majestatisque
1959 2571 2154 2626 verbo-

579 2679 702 2716 rum
730 2669 912 2716 mente
936 2662 1243 2728 subvolare,
1274 2669 1333 2715 ut
1357 2670 1560 2717 terram
1581 2660 1798 2731 quidem
1826 2677 2044 2716 omnem
2078 2677 2158 2717 re-

581 2756 846 2825 linquam,
877 2761 1263 2823 transeamque
1290 2769 1505 2809 omnem
1539 2768 1723 2808 aerem
1754 2753 1810 2806 in
1845 2753 2028 2807 medio
2059 2753 2152 2808 fu-

581 2863 728 2911 sum,
763 2861 1030 2915 assequar
1057 2853 1239 2899 autem
1271 2845 1561 2899 aetheream
1588 2842 2076 2914 pulchritudinem,
2104 2853 2158 2898 et

582 2939 648 2992 ad
699 2937 879 2992 sidera
911 2937 1162 3001 evadam,
1226 2945 1279 2990 et
1348 2950 1562 2989 omnem
1608 2921 1662 2989 in
1734 2935 1803 2990 iis
1849 2936 2038 2990 ordine
2093 2951 2158 2990 ac

582 3031 793 3084 ratione
833 3028 1102 3107 digestum
1159 3035 1411 3080 ornatum
1469 3025 1798 3094 inspiciam,
1851 3039 1916 3079 ac
1978 3040 2048 3078 ne
2101 3026 2157 3079 in

585 3121 669 3176 his
719 3120 938 3192 quidem
996 3121 1328 3184 consistam,
1390 3119 1486 3174 sed
1546 3119 1662 3172 hinc
1714 3119 1878 3172 etiam
1931 3133 2153 3189 percur.

583 3227 724 3277 ram,
747 3221 800 3267 et
823 3222 978 3268 extra
1003 3212 1205 3273 omnia,
1239 3227 1358 3281 qua:
1380 3219 1434 3266 et
1461 3219 1750 3266 moventur
1773 3218 1826 3264 et
1854 3217 2156 3275 mutantur,

582 3303 828 3379 endam.
875 3311 1036 3372 atque
1071 3303 1322 3357 stabilem
1357 3316 1621 3370 assequar
1653 3310 1901 3354 naturam
1959 3316 2024 3354 ac
2057 3315 2155 3369 ρο-

585 3394 809 3448 tentiam
848 3393 1201 3458 immobilem,
1244 3402 1297 3446 et
1347 3392 1401 3445 in
1429 3393 1610 3460 scipsa
1664 3399 1944 3453 statutam,
1971 3392 2156 3454 lixam,

585 3483 863 3538 fundatam
893 3491 1055 3552 atque
1082 3483 1371 3546 ﬁrmatam,
1404 3485 1587 3535 omnia
1618 3481 1905 3536 ducentem
1960 3481 2163 3550 pariter

587 3583 750 3642 atque
762 3573 1020 3626 ferentem
1034 3587 1372 3642 quaecunque
1389 3573 1682 3635 exsistunt,
1699 3572 2161 3641 omnia,inqnam,

586 3681 710 3735 qua:
761 3665 831 3719 ab
872 3663 1226 3718 inenarrabili
1285 3665 1565 3719 voluntate
1620 3665 1819 3719 divinae
1879 3665 2164 3735 sapientiae

587 3758 854 3830 pendent;
885 3767 942 3810 ut
969 3759 1036 3811 ab
1065 3757 1321 3827 omnibus
1345 3773 1463 3827 qua:
1485 3758 1759 3812 alternant
1787 3769 1841 3812 et
1864 3767 2163 3820 mutantur,

589 3866 771 3909 mente
804 3853 996 3921 procul
1054 3859 1322 3917 remotus,
1377 3852 1432 3905 in
1489 3853 1814 3908 immutabili
1863 3855 2066 3924 pariter
2112 3862 2166 3908 et

589 3945 850 4000 immobili
883 3945 1074 3998 anima:
1107 3952 1251 4000 statu
1281 3959 1425 4008 eum,
1462 3945 1555 4015 qui
1609 3961 1709 4000 nec
1737 3946 1958 4008 mutari,
1981 3961 2081 4000 nec
2111 3946 2165 4000 in

590 4041 822 4094 alterum
857 4039 1091 4107 perverti
1153 4047 1350 4108 potest,
1393 4055 1489 4108 per
1521 4039 1689 4092 animi
1726 4038 2053 4092 sententiam
2083 4047 2166 4091 at—

592 4147 697 4200 que
734 4129 1000 4198 judicium
1057 4129 1210 4198 prius
1267 4129 1552 4183 conciliem
1597 4137 1650 4185 et
1690 4128 2014 4183 familiarem
2045 4129 2168 4182 red-

592 4223 719 4276 dam
747 4221 972 4276 :deinde
999 4237 1125 4275 vero
1156 4223 1388 4277 maxime
1418 4221 1673 4276 familiari
1702 4233 1756 4276 et
1775 4221 1950 4275 amica
1979 4222 2168 4290 appel-

591 4313 797 4366 latione
825 4313 1069 4366 invocem
1091 4327 1154 4366 ac
1169 4311 1342 4366 dicam
1366 4334 1380 4368 ;
1402 4311 1596 4368 Pater?
1620 4312 1754 4367 Nam
1783 4313 1931 4383 quali
1964 4313 2167 4367 dicenti

557 4431 560 4434 ~
594 4419 733 4471 opus
759 4404 1070 4458 estanimol
1110 4413 1310 4472 quanta
1345 4405 1576 4458 ﬁducia!
1618 4407 1767 4474 quali
1791 4406 2165 4461 conscientia!

594 4506 656 4550 ut
694 4497 784 4550 ubi
817 4495 1008 4560 Deum,
1057 4495 1238 4565 quoad
1277 4495 1397 4566 ejus
1435 4497 1552 4552 ﬁeri
1587 4505 1786 4568 potest,
1827 4515 1924 4567 per
1952 4514 2047 4554 eas
2077 4513 2172 4568 ap-

595 4594 920 4663 pellationes
947 4609 1068 4662 quae
1099 4594 1153 4646 in
1189 4593 1282 4646 illo
1320 4594 1856 4659 animadvertuntur,
1910 4595 1980 4648 ad
2012 4595 2174 4649 intel-

2332 2021 2418 2084 Ὠς
2437 2016 2529 2075 οὖν
2556 2021 2655 2092 ἤδη
2677 2020 2868 2074 τούτου
2890 2017 3345 2090 κατορθωθέντος,
3368 2017 3503 2088 φησι
3535 2014 3672 2084 πρὸς
3699 2014 3812 2076 τοὺς

2254 2113 2501 2185 μαθητὰς
2541 2116 2570 2168 ὁ
2609 2113 2810 2184 Κύριος
2834 2132 2847 2145 ·
2897 2113 3083 2166 Ὅταν
3121 2109 3560 2179 προσεύχησθε,
3590 2104 3810 2173 λέγετεο

2250 2207 2440 2275 Πάτερ
2475 2204 2664 2275 ἡμῶν,
2694 2208 2727 2258 ό
2763 2198 2832 2258 ἐν
2858 2202 2982 2269 τοῖς
3006 2200 3382 2270 οὐρανοῖς.--
3401 2200 3494 2264 Τίς
3523 2197 3698 2250 δώσει
3720 2211 3812 2264 μοι

2251 2297 2547 2368 πτέρυγας
2591 2296 2734 2351 ὡσεὶ
2775 2291 3164 2364 περιστερᾶς;
3209 2291 3341 2362 φησί
3380 2307 3482 2344 που
3511 2290 3612 2359 τῆς
3649 2287 3814 2356 ψαλμ-

2250 2391 2411 2463 ῳδίας
2440 2393 2468 2443 ὁ
2498 2390 2670 2460 μέγας
2697 2388 2887 2441 Δαϐίδσ
2927 2388 3134 2457 εἴποιμι
3161 2385 3206 2438 δ’
3226 2383 3290 2438 ἂν
3313 2384 3406 2436 καὶ
3433 2381 3597 2442 αὐτὸς
3630 2380 3815 2449 τολμή-

2254 2502 2354 2548 σας
2381 2483 2478 2555 τὴν
2513 2482 2633 2553 ἴσην
2666 2482 2881 2552 φωνήν·
2913 2479 3010 2542 Τίς
3044 2477 3200 2530 δώσει
3235 2493 3324 2547 μοι
3375 2474 3654 2545 πτέρυγας
3682 2470 3813 2523 ἐκεί-

2251 2593 2368 2640 νας,
2400 2575 2536 2646 πρὸς
2561 2573 2622 2626 τὸ
2663 2571 2956 2643 δυνηθῆναι
3000 2568 3077 2640 τῷ
3123 2568 3246 2639 ὕψει
3286 2568 3384 2638 τῆς
3424 2566 3533 2619 τῶν
3567 2563 3815 2636 ῥημάτων

2256 2666 2622 2739 μεγαλοφυῒας
2672 2666 3078 2734 συναναπτῆναι
3133 2661 3278 2715 κατὰ
3335 2661 3607 2724 διάνοιανς
3664 2657 3816 2709 Ὥστε

2253 2759 2574 2813 καταλιπεῖν
2607 2758 2703 2828 μὲν
2724 2758 2822 2828 τὴν
2855 2757 2960 2827 γῆν
2982 2755 3180 2818 πᾶσαν,
3203 2751 3528 2825 διαπεράσαι
3559 2766 3621 2802 τε
3653 2751 3819 2802 πάντα

2253 2854 2344 2906 τὸν
2376 2855 2432 2905 ὲν
2465 2852 2615 2923 μέσῳ
2636 2852 2933 2922 κεχυμένον
2955 2851 3091 2922 ἀέρα
3109 2867 3122 2880 σ
3150 2846 3470 2903 καταλαόεῖν
3493 2846 3551 2898 δὲ
3588 2844 3650 2896 τὸ
3681 2842 3819 2895 αἰθέ-

2257 2963 2370 3016 ριον
2405 2945 2618 3008 κάλλος,
2672 2945 2766 2998 καὶ
2803 2944 2895 2996 ὲπὶ
2922 2945 2992 2996 τά
3025 2944 3198 3014 ἄστρα
3249 2940 3469 3010 φθάσαι,
3510 2937 3607 2990 καὶ
3650 2937 3824 2988 πᾶσαν

2255 3035 2352 3106 τὴν
2379 3037 2434 3088 ὲν
2460 3036 2641 3097 αὐτοῖς
2668 3033 3024 3103 διακόσμησιν
3055 3031 3291 3085 κατιδεῖν
3317 3047 3330 3059 ο
3365 3027 3552 3096 στῆναι
3597 3025 3656 3077 δὲ
3696 3023 3828 3094 μηδὲ

2258 3130 2316 3181 ὲν
2344 3127 2574 3190 τούτοις,
2603 3126 2738 3180 ἀλλὰ
2763 3125 3046 3191 διεξελθεῖν
3068 3123 3162 3176 καὶ
3191 3121 3279 3174 διὰ
3311 3119 3533 3181 τούτων,
3565 3117 3664 3170 καὶ
3696 3115 3830 3168 πάνυ

2257 3239 2365 3276 των
2392 3221 2502 3273 τῶν
2534 3219 2865 3286 κινουμένων
2895 3217 2989 3270 καὶ
3031 3212 3438 3286 μεθισταμένων
3499 3209 3658 3270 ἐκτὸς
3689 3207 3832 3276 γενέ-

2263 3315 2407 3378 σθαι,
2441 3315 2535 3367 καὶ
2567 3310 2888 3366 καταλαϐεῖν
2909 3309 3007 3380 τὴν
3037 3305 3278 3360 ἑστῶσαν
3305 3303 3602 3374 etiam-33v
3634 3302 3836 3370 ἀμετα-

2263 3407 2480 3478 κίνητον
2511 3405 2757 3474 δύναμιν,
2789 3403 2886 3472 τὴν
2912 3401 3005 3468 ἀφ’
3047 3399 3244 3467 ἑαυτῆς
3289 3393 3713 3465 καθιδρυμένην,
3741 3390 3839 3459 τὴν

2263 3501 2439 3553 πάντα
2458 3497 2693 3566 ἄγουσάν
2720 3512 2780 3547 τε
2803 3494 2894 3546 καὶ
2917 3491 3205 3562 φέρουσαν,
3233 3489 3331 3540 ὅσα
3352 3489 3408 3539 ἐν
3435 3485 3512 3554 τῷ
3537 3479 3676 3536 εἷναί
3703 3485 3835 3541 ἐστι,

2266 3593 2442 3645 πάντα
2489 3590 2557 3642 τὰ
2582 3587 2674 3642 τοῦ
2699 3587 2976 3658 ἀφράστου
3001 3583 3300 3652 θελήματος
3332 3579 3430 3648 τῆς
3464 3575 3614 3638 θείας
3649 3574 3838 3643 σοφίας

2267 3683 2466 3754 ἐξηρτη
2477 3683 2632 3752 μένα⁶
2655 3679 2794 3732 ὥστε
2818 3677 3034 3730 πάντων
3065 3669 3456 3741 ἁλλοιουμένων
3473 3685 3533 3720 τε
3565 3667 3665 3720 καὶ
3717 3665 3842 3735 μεθ-

2270 3775 2568 3844 ισταμένων
2607 3772 2796 3842 πόρρω
2827 3771 2893 3841 τῇ
2919 3768 3126 3838 διανοίᾳ
3151 3764 3460 3834 γενόμενος,
3495 3763 3550 3812 ὲν

2265 3884 2324 3920 τε
2355 3868 2449 3919 καὶ
2481 3865 2688 3918 άκλινεῖ
2713 3865 2781 3934 τῇ
2809 3863 2909 3933 τῆς
2950 3859 3128 3930 ψυχῆς
3172 3854 3522 3917 καταστάσει,
3557 3851 3650 3904 τὸν
3688 3852 3845 3919 ἄτρεο

2266 3976 2398 4012 πτον
2443 3958 2538 4010 καὶ
2583 3955 2941 4009 ἀναλλοίωτον
2969 3951 3057 4007 διὰ
3093 3951 3191 4020 τῆς
3217 3946 3439 4018 γνώμης
3463 3944 3736 4016 πρότερον
3770 3941 3846 3993 οξ-

2267 4046 2617 4109 κειώσασθαι,
2679 4041 2776 4097 εἶθ’
2827 4042 2970 4096 οὕτω
3021 4043 3088 4112 τῇ
3149 4035 3453 4105 οἰκειοτάτῃ
3501 4030 3849 4104 προσηγορία

2267 4137 2694 4192 ἐπικαλέσασθαι
2757 4134 2846 4188 καί
2907 4134 3098 4195 εἰπεῖν,
3161 4128 3391 4196 Πάτερ;
3435 4127 3566 4188 Οῖας
3619 4124 3730 4194 γὰρ
3776 4120 3851 4189 τῷ

2266 4231 2474 4300 λέγοντι
2536 4229 2693 4301 χρεία
2748 4224 2954 4296 ψυχῆςί
3002 4225 3132 4293 ὅσης
3193 4221 3292 4290 τῆς
3336 4216 3682 4290 παρρησίας-ί
3733 4213 3856 4274 οἵας

2268 4325 2368 4395 τῆς
2401 4324 2752 4393 συνειδήσεως
2775 4319 2788 4372 !
2809 4320 2928 4372 ’Ἰνα
2961 4316 3092 4370 Θεὸν
3117 4314 3334 4384 νοήσας,
3357 4311 3430 4374 ὼς
3461 4309 3574 4362 ἐστι
3601 4306 3851 4366 δυνατὸν,

2270 4417 2465 4470 ἐκτῶν
2508 4413 2904 4483 ὲπινοουμένων
2954 4409 3103 4480 αὐτῷ
3137 4402 3712 4479 προσηγοριῶν,.πρὸς
3755 4399 3858 4467 τὴν

2272 4509 2486 4562 σύνεσιν
2516 4509 2612 4578 τῆς
2663 4505 2940 4575 ἁφράστου
2987 4502 3142 4571 δόξης
3185 4495 3718 4571 χειραγωγούμενος,
3762 4488 3858 4541 καὶ

2276 4599 2462 4672 μαθὼν
2493 4600 2626 4667 ὁτιὴ
2660 4597 2778 4650 θεία
2805 4595 2987 4666 φύσις,
3021 4595 3048 4646 ὃ
3081 4593 3132 4644 τί
3174 4591 3305 4644 ποτέ
3338 4591 3483 4641 ἐστιν
3519 4585 3674 4648 αὐτὸ,
3715 4584 3859 4648 ἀγα-

593 4687 800 4741 lectum
865 4685 1256 4741 inenarrabilis
1313 4687 1499 4756 gloriae
1553 4687 1711 4756 quasi
1776 4687 2157 4751 manuductns,

2275 4694 2436 4763 θύτης
2491 4692 2654 4754 ἐστὶν,
2703 4688 2992 4758 ἁγιασμὸς,
3039 4684 3369 4754 ἀγαλλίαμα,
3412 4679 3662 4748 δύναμις,
3703 4675 3858 4739 δόξαν

595 4787 778 4833 mente
811 4780 1130 4848 conceperit
1164 4790 1328 4850 atque
1362 4780 1641 4845 didicerit,
1667 4779 1814 4849 quod
1845 4781 2033 4834 divina
2066 4796 2166 4834 na-

595 4883 742 4936 tura,
774 4871 1145 4942 quodcunque
1174 4873 1393 4926 tandem
1435 4888 1500 4928 ea
1537 4873 1608 4927 sit
1640 4874 1782 4940 ipsa,
1816 4873 2034 4928 bonitas
2072 4875 2166 4936 sit,

596 4965 987 5028 sanctimonia,
1038 4965 1359 5031 exsultatio,
1404 4968 1672 5036 potentia,
1704 4967 1900 5036 gloria,
1935 4968 2164 5036 puritas,

594 5056 896 5120 aeternitas,
930 5072 1148 5126 semper
1177 5057 1370 5111 eodem
1400 5058 1561 5111 modo
1585 5067 1747 5127 atque
1766 5059 2022 5112 similiter
2046 5074 2168 5112 sese

598 5148 844 5204 habens:
877 5164 942 5202 ac
971 5164 1315 5218 quascunque
1357 5151 1486 5204 talia
1527 5153 1678 5204 circa
1709 5152 1952 5205 divinam
2001 5160 2165 5204 natu-

598 5254 716 5292 ram
747 5239 1150 5310 intelliguntur,
1196 5257 1320 5294 cum
1350 5249 1404 5294 et
1443 5241 1789 5311 perdivinam
1825 5243 2169 5310 Scripturam

598 5346 663 5385 ac
692 5331 947 5400 proprias
972 5332 1331 5399 cogitationes
1360 5333 1830 5397 animadverterit,
1863 5337 2060 5389 deinde
2093 5347 2172 5390 ta-

599 5423 706 5476 lem
741 5421 994 5476 emittere
1019 5437 1231 5488 vocem,
1276 5433 1330 5478 et
1360 5440 1506 5486 eum,
1560 5425 1654 5495 qui
1691 5426 1818 5480 talis
1871 5427 1962 5490 sit,
2013 5444 2170 5482 suum

600 5521 812 5582 patrem
862 5512 1150 5567 nominare
1215 5515 1447 5570 audeat?
1470 5515 1832 5588 Perspicuum
1873 5529 1958 5575 est
2000 5524 2172 5586 enim,

603 5605 748 5673 quod
776 5603 823 5657 si
864 5605 1102 5675 alicujus
1155 5607 1534 5678 intelligentia:
1575 5613 1853 5682 particeps
1900 5615 1992 5682 sit,
2064 5631 2173 5669 non

603 5710 843 5750 ausurus
866 5695 958 5758 sit,
1017 5713 1142 5751 cum
1180 5714 1285 5754 non
1313 5700 1504 5755 eadem
1560 5703 1724 5758 etiam
1770 5705 1823 5758 in
1872 5720 1933 5760 se
1963 5717 2172 5777 cernat,

676 5875 724 5909 “
760 5875 948 5928 )lattli.
983 5891 1058 5939 v1,
1089 5876 1143 5932 9.
1220 5880 1264 5912 ³⁸
1301 5877 1444 5934 Psal.
1478 5893 1584 5942 Liv,
1620 5879 1669 5932 τ.

2277 4785 2602 4856 καθαρότης»
2635 4781 2892 4852 ἀῖδιότης,
2924 4780 3010 4833 ἀεὶ
3038 4777 3177 4830 κατά
3199 4776 3268 4829 τὰ
3296 4773 3432 4828 αὐτὰ
3461 4773 3555 4825 καὶ
3589 4769 3861 4827 ὡσαύτως

2277 4879 2473 4949 ἔχουσα
2497 4919 2510 4940 ,
2546 4877 2639 4928 καὶ
2685 4875 2784 4928 ὅσα
2843 4871 3064 4925 τοιαῦτα
3113 4868 3360 4937 νενόηται
3398 4863 3524 4932 περὶ
3568 4861 3674 4928 τὴν
3706 4857 3862 4910 Θείαν

2278 4975 2459 5044 φύσιν,
2489 4973 2576 5025 διά
2600 4989 2658 5024 τε
2689 4971 2787 5039 τῆς
2815 4966 2962 5028 θείας
2990 4963 3215 5035 Γραφῆς
3261 4959 3354 5012 καὶ
3379 4956 3484 5010 τῶν
3514 4954 3740 5006 οἰκείων
3777 4950 3863 4999 λο-

2277 5067 2491 5136 γισμῶν
2544 5063 2905 5132 κατανοήσας,
2955 5053 3076 5110 εἶτα
3123 5053 3380 5122 τολμήσει
3440 5043 3862 5136 τὴνλτοιαύτην

2278 5133 2538 5230 προέσθαι
2579 5152 2782 5223 φωνὴν,
2832 5150 2926 5204 καὶ
2976 5147 3068 5200 τὸν
3102 5142 3340 5196 τοιοῦτον
3393 5133 3585 5190 ἑαυτοῦ
3633 5147 3866 5186 κατονο-

2278 5250 2448 5321 μάσαι
2480 5246 2721 5317 πατέρας
2763 5245 2930 5313 Δῆλον
2958 5241 3089 5310 γὰρ,
3124 5239 3206 5289 ὅτι
3231 5235 3278 5286 εί
3318 5231 3532 5302 μετέχοι
3557 5225 3713 5286 τινὸς
3749 5223 3867 5321 διας

2277 5341 2445 5402 νοίας,
2493 5339 2592 5392 ούκ
2637 5337 2702 5389 ἂν
2753 5336 3043 5405 θαρσήσειε
3095 5331 3168 5400 μὴ
3209 5327 3278 5380 τὰ
3309 5321 3445 5377 αὐτὰ
3482 5319 3578 5373 καὶ
3609 5320 3670 5370 ὲν
3709 5314 3866 5405 αὖτῳ

2281 5431 2510 5502 βλέπων,
2549 5427 2760 5497 ἐκείνην
2783 5423 3042 5496 προέσθαι
3066 5420 3200 5492 πρὸς
3228 5417 3318 5470 τὸν
3351 5414 3481 5467 Θεὸν
3518 5411 3618 5480 τὴν
3649 5404 3864 5476 φωνὴν.

2277 5525 2370 5579 καὶ
2390 5525 2582 5576 εἰπεῖν’
2608 5519 2819 5587 Πάτερ.
2838 5518 2948 5586 Τῆς
2970 5516 3077 5586 γάρ
3102 5512 3343 5583 πονηρᾶς
3365 5505 3636 5578 πράξεως,
3661 5503 3689 5553 ὁ
3717 5512 3865 5564 αγα-

2271 5619 2362 5680 θὸς
2410 5613 2551 5669 κατὰ
2607 5613 2704 5682 τὴν
2754 5608 2964 5671 οὐσίαν,
3019 5606 3202 5676 πατὴρ
3257 5598 3506 5670 γενέσθαι
3553 5593 3718 5682 φύσιν
3759 5601 3865 5639 ουκ

2271 5712 2385 5781 ἕχει
2404 5725 2417 5740 ·
2449 5707 2571 5761 οὔτε
2601 5705 2695 5760 τοῦ
2730 5703 2871 5758 κατὰ
2900 5702 2990 5756 τὸν
3021 5700 3132 5770 βίον
3162 5685 3637 5766 βεϐηλωθέντος,’ὀ
3666 5681 3864 5748 ἅγιος·
