4004 6464
155 470 275 527 illi

1094 469 1183 525 DE
1223 469 1573 527 ORATIONE
1614 467 1960 525 DOSIIN'ICA.
1999 498 2065 508 --
2106 466 2363 527 ORATIO
2399 466 2467 526 ῐῐ.

3268 469 3407 528 11η

152 586 269 641 οὔτε
312 588 408 643 τοῦ
447 588 935 659 περιτρεπομένου,
985 588 1014 640 6
1055 587 1440 651 ἀναλλοίωτος·
1477 586 1600 640 οὔτε
1640 586 1733 640 τοῦ

1842 585 1982 639 illam
2013 600 2201 638 vocctn
2234 585 2301 637 ad
2342 582 2512 639 Deum
2547 584 2821 647 emittere,
2882 601 2945 639 ac
2980 584 3184 651 dicere,
3219 585 3403 645 Pater.

149 680 507 751 νεκρωθέντος
547 679 607 743 ἐξ
662 680 959 749 ἁμαρτίας,
992 679 1021 730 6
1061 677 1240 749 πατὴρ
1268 679 1362 749 τῆς
1398 679 1574 749 ζωῆς·
1601 677 1725 731 οὔτε

152 770 259 822 τῶν
292 772 347 822 ἐν
402 773 514 833 τοῖς
568 769 763 822 πάθεσι
808 768 904 837 τῆς
941 769 1161 838 ἀτιμίας
1194 768 1663 838 ἀσχημονούντων,
1698 769 1727 820 ὁ

155 862 386 932 καθαρὸς
412 862 504 913 καὶ
535 861 808 930 ἀκήρατος
834 876 846 889 ³
876 858 998 911 οὔτε
1029 859 1122 912 τοῦ
1150 860 1491 921 πλεονέκτου,
1522 862 1549 913 6
1570 860 1725 930 εὐερι

155 954 314 1023 γέτης
339 970 351 983 ·
376 952 499 1005 οὔτε
522 953 657 1015 ὅλως
678 952 786 1005 τῶν
825 951 881 1004 έν
915 969 1020 1005 τινι
1057 952 1212 1022 κακῷ
1250 952 1671 1023 εὑρισκομένων,
1700 953 1728 1005 6

150 1044 209 1098 ὲν
240 1045 399 1097 παντὶ
432 1044 618 1114 ἀγαθῷ
649 1043 1039 1115 θεωρούμενος.
1091 1044 1153 1097 Ei
1186 1044 1292 1115 γάρ
1328 1062 1410 1107 τις
1436 1044 1570 1113 πρὸς
1606 1045 1728 1096 ἐαυ-

151 1137 241 1188 τὸν
263 1136 473 1206 βλέπων
524 1135 603 1188 ἔτι
648 1135 946 1206 καθαρσίου
986 1136 1255 1206 δεόμενος,
1303 1136 1397 1189 κα)⁸
1450 1135 1729 1206 μοχθηράν

151 1227 341 1279 ἑαυτοῦ
388 1226 691 1296 συνείδησιν
740 1224 1119 1293 ἐπιγινώσκων
1152 1224 1332 1296 πλήρη
1378 1224 1607 1297 κηλίδων
1638 1224 1729 1277 καὶ

151 1319 399 1389 πονηρῶν
421 1316 801 1387 ἐγκαυμάτων,
828 1318 957 1387 πρὶν
978 1318 1317 1389 καθαρθῆναι
1337 1317 1444 1370 τῶν
1472 1315 1729 1369 τοιούτων

149 1429 208 1464 τε
240 1413 331 1465 καὶ
346 1410 613 1464 τοσούτων
636 1409 843 1472 κακῶν,
860 1410 995 1479 πρὸς
1028 1408 1125 1480 τὴν
1152 1409 1245 1461 τοῦ
1261 1409 1395 1461 Θεοῦ
1412 1408 1730 1477 συγγένειαν

150 1503 336 1556 ἑαυτὸν
392 1504 644 1566 είσποιοῖ,
706 1503 799 1554 καὶ
854 1500 1029 1569 λέγοι,
1083 1500 1294 1568 Πάτερ,
1337 1500 1415 1571 τῷ
1472 1500 1663 1571 δικαίῳ
1702 1503 1730 1553 6

149 1597 349 1659 ἄδικος,
374 1595 454 1665 τῷ
488 1593 713 1664 καθαρῷ
737 1595 765 1645 6
793 1593 1135 1664 ἀκάθαρτος·
1182 1592 1337 1665 ὕϐρις
1377 1594 1632 1663 ἄντικρυς
1665 1593 1730 1647 ἂν

151 1689 234 1757 είη
260 1688 353 1740 καὶ
382 1686 619 1757 λοιδορία
666 1686 731 1738 τά
761 1687 999 1756 ῥήματα,
1034 1688 1191 1757 εἴπερ
1226 1686 1326 1754 τῆς
1360 1685 1494 1748 ίδίας
1527 1684 1731 1755 μοχθη-

155 1778 272 1847 ρὶας
303 1778 514 1847 πατέρα
545 1780 636 1829 τὸν
689 1776 820 1829 Θεὸν
863 1776 1137 1846 ὀνομάζοι.
1185 1776 1248 1831 Ἠ
1274 1777 1379 1848 γὰρ
1407 1776 1500 1829 τοῦ
1528 1776 1731 1848 πατρὸς

152 1869 321 1939 φωνὴ,
347 1869 444 1937 τὴν
477 1869 655 1921 αἰτίαν
680 1868 773 1921 τοῦ
797 1868 855 1932 ἐξ
883 1867 1047 1922 αὐτοῦ
1072 1869 1403 1931 ὑποστάντος
1444 1869 1732 1941 διασημαί-

1834 676 1968 731 Nam
2003 677 2260 747 improbae
2286 678 2587 731 voluntatis
2620 686 2784 747 atque
2817 677 3080 746 propositi
3101 688 3255 746 pater
3284 694 3408 734 esse

1835 768 1904 832 is,
1939 768 2031 838 qui
2064 784 2164 823 sua
2199 776 2396 822 natura
2429 769 2603 822 bonus
2636 782 2738 829 est.
2798 770 3121 823 naturaliter
3152 786 3261 823 non
3307 785 3407 838 po-

1836 866 1941 913 test
1970 878 1984 914 :
2024 875 2199 928 neque
2230 860 2338 912 vita
2368 860 2746 924 contaminati,
2779 868 3003 915 sanctus
3029 880 3040 913 :
3063 876 3241 930 neque
3265 861 3407 931 ejus,

1834 953 1926 1021 qui
1957 952 2063 1005 huc
2092 953 2221 1005 illuc
2254 952 2669 1021 circumagitur,
2699 951 2848 1020 isqui
2877 953 3019 1007 alius
3050 953 3165 1005 lteri
3186 967 3251 1006 ac
3285 968 3408 1006 mu-

1837 1045 1940 1098 tari
1983 1060 2089 1098 non
2134 1051 2313 1114 potest
2358 1059 2581 1113 :neque
2627 1044 2940 1097 mortificati
2982 1060 3076 1113 per
3105 1054 3407 1112 peccatum,

1836 1142 1992 1204 pater
2012 1135 2173 1197 vitae;
2206 1150 2387 1202 neque
2408 1149 2624 1196 eorum,
2669 1134 2764 1203 qui
2815 1135 2961 1188 vitiis
3023 1135 3308 1204 probrosis
3355 1146 3412 1191 et

1836 1224 2218 1295 ignominiosis
2279 1224 2501 1294 impulsi
2547 1224 2724 1293 turpia
2780 1224 3156 1289 committunt,
3222 1227 3269 1281 is
3315 1226 3409 1296 qui

1836 1332 2008 1386 purus
2035 1329 2087 1371 et
2122 1318 2332 1387 integer
2357 1328 2465 1383 est;
2498 1333 2673 1386 neque
2696 1321 2843 1371 avari
2876 1327 2927 1372 et.
2968 1320 3225 1387 raptoris,
3249 1320 3412 1373 bene-

1835 1410 2048 1477 factor;
2086 1427 2186 1465 nec
2214 1427 2402 1466 eorum
2436 1411 2693 1482 denique,
2718 1413 2811 1481 qui
2838 1413 2891 1465 in
2926 1413 3111 1481 aliquo
3146 1413 3289 1466 malo
3316 1412 3411 1467 de-

1838 1502 2274 1573 prehenduntur,
2310 1502 2358 1557 is
2392 1504 2486 1572 qui
2520 1504 2743 1557 inomni
2786 1504 2929 1558 hono
2969 1505 3215 1557 cernitur
3247 1511 3412 1574 atque

1837 1595 2239 1657 consideratur,
2276 1608 2475 1664 parens
2503 1610 2627 1650 esse
2657 1604 2859 1665 potest.
2898 1595 3034 1648 Nam
3065 1595 3109 1649 si
3156 1597 3280 1664 quis
3314 1610 3411 1649 cx—

1840 1686 2081 1757 piatioue
2114 1687 2277 1741 etiam
2309 1701 2454 1740 nunc
2495 1701 2636 1755 opus
2686 1686 2915 1749 habens,
2958 1688 3197 1755 seipsmn
3241 1686 3413 1756 inspi-

1838 1776 2010 1841 ciens,
2055 1788 2110 1833 et
2142 1776 2401 1831 vitiosam
2451 1777 2845 1833 conscientiam
2896 1793 3051 1833 suam
3102 1792 3423 1846 agnoscens

1839 1870 2051 1939 plenam
2091 1869 2346 1932 maculis,
2377 1879 2431 1925 et
2466 1871 2734 1925 scelerum
2770 1868 2917 1923 notis
2951 1868 3196 1937 injustis.
3230 1868 3411 1938 prius-

150 1978 250 2013 νει.
283 1959 488 2013 Οὐκοῦν
520 1961 549 2012 ὀ
587 1958 859 2029 μοχθηρὸς
902 1959 1002 2029 τὴν
1054 1959 1375 2029 συνείδησιν,
1433 1960 1480 2011 εί
1522 1960 1733 2030 πατέρα

1842 1977 2001 2031 quam
2033 1976 2060 2014 a
2095 1968 2176 2015 tot
2220 1962 2500 2031 tantisque
2527 1962 2688 2016 malis
2719 1972 3057 2030 expurgatus
3097 1961 3189 2024 sit,
3229 1974 3287 2014 se
3316 1958 3409 2013 Dei

151 2052 341 2107 ἑαυτοῦ
374 2052 463 2105 τὸν
490 2052 625 2105 Θεὸν
653 2051 820 2119 λέγει,
854 2052 1003 2105 οὐδὲν
1024 2052 1209 2123 ἕτερον
1244 2052 1276 2123 ἢ
1316 2053 1425 2104 τῶν
1458 2051 1601 2104 ίδίων
1627 2069 1727 2105 κα·

150 2143 261 2197 κῶν
290 2143 529 2214 ἀρχηγόν
560 2160 619 2195 τε
642 2143 736 2196 καὶ
780 2143 951 2195 αῐτιον
988 2143 1150 2195 αὑτὸν
1174 2137 1312 2195 εἶναι
1340 2143 1725 2213 κατηγορήσει.

162 2235 313 2287 Ἀλλ’
338 2233 537 2298 οὐδεὶς
572 2234 851 2287 κοινωνία
876 2234 1023 2303 φωτί
1050 2235 1199 2303 πρὸς
1232 2235 1473 2299 σκότος,
1515 2234 1681 2305 φησὶν
1704 2236 1731 2287 6

164 2327 485 2390 Ἀπόστολος
508 2341 523 2355 ⁸
549 2326 685 2380 ἀλλὰ
726 2326 804 2397 τῷ
831 2327 970 2397 φωτὶ
1003 2328 1116 2395 φῶς
1148 2326 1608 2397 προσοικειοῦται,
1639 2326 1732 2378 καὶ

146 2415 231 2487 τῷ
288 2416 480 2487 δικαίῳ
536 2418 596 2470 τὸ
657 2417 892 2483 δίκαιον,
943 2419 1035 2470 καὶ
1084 2417 1160 2487 τῷ
1222 2415 1372 2487 καλῷ
1421 2418 1483 2469 τὸ
1530 2416 1727 2480 καλὸν,

146 2507 247 2558 καὶ
314 2505 391 2575 τῷ
460 2504 723 2577 ἀφθάρτῳ
780 2506 841 2559 τὸ
903 2505 1197 2577 ἄφθαρτον.
1266 2506 1348 2558 Τὰ
1405 2506 1461 2558 δὲ
1516 2505 1732 2558 ἐναντία

148 2595 289 2667 πρὸς
330 2594 397 2649 τὰ
428 2596 661 2667 ὁμογενῆ
710 2599 927 2660 πάντως
960 2597 1059 2667 τὴν
1094 2597 1411 2664 συγγένειαν
1467 2595 1601 2665 ἔχει.
1650 2598 1730 2649 Οὺ

146 2688 260 2757 γάρ
291 2686 537 2741 δύναται
584 2687 837 2755 δένδρον
882 2688 1073 2741 καλὸν
1116 2687 1385 2757 καρποὺς
1430 2687 1733 2756 πονηροὺς

147 2760 365 2832 άοιεῖν.
417 2778 478 2831 Et
522 2780 698 2832 τοίνυν
745 2778 1101 2850 βαρυκάρδιός
1136 2798 1220 2844 τις
1254 2780 1350 2845 ὣν,
1395 2781 1576 2845 καθώς
1630 2800 1734 2852 φηο

147 2889 236 2925 σιν
266 2872 298 2941 ἡ
354 2870 565 2940 Γραφὴ,
590 2871 768 2924 καὶτὸ
790 2854 985 2940 ψεῦδος
1034 2872 1231 2942 ζητῶν,
1277 2873 1592 2944 κατατολμᾷ
1626 2875 1733 2927 τῶν

146 2963 246 3032 τῆς
278 2967 585 3033 προσευχῆς
636 2965 916 3035 ῥημάτων,
964 2964 1279 3033 γινωσκέτω
1311 2966 1393 3018 ὅτι
1439 2968 1499 3019 οὐ
1526 2966 1615 3018 τὸν
1644 2966 1734 3018 οὑ-

150 3055 340 3124 ράνιον
362 3056 390 3106 6
412 3054 648 3118 τοιοῦτος
671 3056 887 3127 Πατέρα
905 3055 1076 3119 καλεῖ,
1096 3054 1334 3108 ἀλλὰτὸν
1361 3056 1732 3126 καταχθόνιον,

146 3145 210 3208 ὃς
247 3147 410 3209 αύτός
453 3164 513 3199 τε
562 3146 801 3217 ψεύστης
850 3148 985 3213 ἐστὶ,
1027 3148 1123 3200 καὶ
1152 3147 1245 3199 τοῦ
1273 3149 1330 3200 ὲν
1364 3150 1578 3218 ἑκάστῳ
1609 3166 1735 3200 συν-

152 3240 445 3308 ισταμένου
489 3239 718 3309 ψεύδους
753 3240 936 3310 πατὴρ
990 3240 1220 3307 γίνεται,
1260 3242 1463 3303 ἐκεῖνος
1494 3241 1735 3313 ἁμαρτία

1837 2052 2147 2124 cognationi
2182 2053 2409 2117 inserat,
2453 2068 2517 2108 ac
2555 2054 2704 2109 dicat
2734 2072 2746 2107 :
2772 2053 3119 2123 Pater,justo
3151 2052 3412 2121 injustus,

1837 2159 1977 2214 puro
2009 2144 2259 2216 impurus
2290 2164 2302 2200 :
2337 2147 2670 2200 contumelia
2712 2154 2874 2215 atque
2897 2144 3208 2198 convicium
3246 2145 3410 2213 plane

1837 2254 1900 2293 ea
1931 2239 2096 2293 verba
2134 2238 2361 2303 fuerint,
2412 2237 2682 2307 siquidem
2718 2253 2832 2291 suae
2878 2236 3139 2305 nequitia:
3195 2243 3407 2306 patrem

1842 2329 2006 2384 Deum
2047 2332 2311 2385 nominat.
2345 2329 2480 2384 Nam
2515 2333 2685 2399 patris
2714 2328 3309 2389 vocabulum,causam
3339 2340 3409 2378 ex

1839 2423 1960 2493 ipso
1990 2422 2261 2494 procreati
2287 2422 2579 2491 signiﬁcat.
2605 2420 2743 2490 Ergo
2766 2420 2812 2476 si
2841 2418 3183 2474 conscientia
3210 2418 3408 2470 vitiosa

1840 2516 1963 2584 quis
2018 2514 2281 2583 praeditus
2335 2523 2543 2584 patrem
2610 2528 2768 2568 suum
2829 2511 2997 2565 Deum
3038 2510 3217 2573 dicat,
3277 2509 3413 2561 nihil

1839 2605 2010 2672 aliud,
2042 2621 2207 2677 quatn
2244 2621 2469 2661 suorum
2519 2606 2787 2659 malorum
2830 2602 2984 2672 quasi
3021 2601 3324 2672 principem
3359 2607 3415 2653 et

1841 2708 2116 2753 auctorem
2152 2713 2274 2753 eum
2322 2696 2681 2751 insimulabit.
2718 2696 2787 2747 At
2811 2694 2959 2748 nulla
2982 2694 3280 2747 communio
3308 2690 3415 2745 luci

1840 2805 1959 2842 cum
2000 2788 2248 2849 tenebris,
2298 2787 2473 2857 inquit
2506 2786 2802 2851 Apostolus
2826 2786 2899 2851 ³⁶;
2936 2784 3030 2839 sed
3056 2799 3177 2837 cum
3211 2782 3416 2836 lumine

1842 2880 2024 2934 lumen
2073 2880 2444 2943 consociatur,
2487 2893 2610 2931 cum
2642 2877 2855 2946 justitia
2884 2875 3119 2945 justitia,
3150 2890 3273 2928 cum
3315 2874 3415 2926 ho-

1843 2979 2053 3025 nestate
2105 2971 2393 3033 honestas,
2459 2983 2582 3021 cum
2638 2968 2959 3035 incorrupto
3008 2967 3413 3032 incorruptum.

1841 3062 2127 3118 Contraria
2150 3077 2299 3125 vero,
2331 3075 2453 3112 cum
2488 3060 2574 3121 iis,
2602 3072 2723 3127 qum
2748 3056 2992 3124 ejusdem
3016 3056 3231 3126 generis
3262 3060 3413 3116 sunt,

1843 3154 2001 3223 plane
2034 3150 2413 3221 cognationem
2462 3148 2680 3202 habent.
2718 3146 2841 3200 Non
2869 3148 3012 3200 enim
3058 3155 3225 3212 potest
3258 3142 3418 3194 arbor

1844 3244 1979 3294 bona
2037 3241 2206 3293 malos
2262 3241 2546 3306 producere
2604 3239 2810 3305 fructus
2839 3237 2902 3288 ³⁷.
2959 3235 3015 3289 Si
3071 3236 3194 3305 quis
3252 3234 3419 3305 igitur

150 3336 251 3387 καὶ
274 3335 549 3404 ἁμαρτίας
578 3337 778 3406 πατήρ.
812 3336 908 3388 Διά
930 3334 1085 3388 τοῦτο
1112 3338 1160 3389 οί
1205 3337 1469 3407 ἐμπαθεῖς
1498 3340 1595 3408 τὴν
1634 3339 1736 3408 ψυ-

1842 3333 1991 3403 gravi
2034 3330 2300 3398 tardeque
2340 3327 2527 3391 corde,
2584 3334 2643 3379 ut
2694 3326 2870 3395 inquit
2900 3324 3203 3393 Scriptura.
3255 3332 3418 3393 atque

146 3426 274 3496 Χὴνο
332 3427 502 3497 ὀργῆς
549 3427 717 3480 τέκνα
766 3428 915 3499 παρά
958 3428 1053 3481 τοῦ
1106 3429 1426 3481 ’Λποστόλου
1466 3447 1738 3501 προσαγο-

146 3518 404 3588 ρεύονται
432 3535 445 3547 ·
473 3518 568 3571 καὶ
627 3520 656 3571 ὁ
696 3519 797 3588 τῆς
832 3519 976 3588 ζωῆς
1016 3519 1277 3584 ἀποστὰς,
1324 3521 1598 3585 ἀπωλείας
1623 3524 1739 3586 υἱὸς

143 3608 475 3679 ὀνομάζεται
501 3625 512 3637 ⁸
557 3610 650 3663 καί
696 3628 781 3673 τις
835 3609 1117 3680 βλακῶδης
1150 3612 1243 3683 καὶ
1281 3612 1592 3683 θηλυδρίας,
1627 3613 1740 3676 υἱὸς

143 3700 428 3770 κορασίων
464 3700 907 3770 αὐτομολούντων
977 3701 1414 3772 προσηγορεύθη.
1469 3704 1739 3768 Ὡσαύτως

143 3796 247 3846 καὶ
276 3794 341 3845 ἐκ
363 3793 455 3847 τοῦ
495 3793 761 3857 ἐναντίου,
801 3795 849 3845 οἱ
892 3794 1133 3864 λαμπροὶ
1158 3795 1256 3865 τὴν
1286 3797 1607 3867 συνείδησιν,
1636 3798 1741 3850 υἱοὶ

144 3886 338 3956 φωτὸς
371 3886 466 3938 καὶ
500 3886 713 3957 ἡμέρας
744 3886 1239 3956 προσαγορεύονται
1272 3904 1285 3916 ·
1330 3887 1424 3940 καὶ
1461 3888 1741 3958 δυνάμεως

143 3978 259 4031 υἱοὶ
322 3977 521 4048 ἕτεροι,
575 3979 624 4029 οί
662 3978 795 4047 πρὸς
829 3977 927 4047 τὴν
968 3976 1119 4030 θείαν
1145 3978 1298 4047 ἰσχὺν
1322 3978 1549 4042 ἑαυτοὺς
1577 3976 1742 4031 τονώ-

146 4086 374 4131 σαντες.
410 4070 578 4122 Ὅταν
629 4071 805 4122 τοίνυν
841 4068 1059 4138 Πατέρα
1102 4069 1191 4122 τὸν
1224 4070 1355 4122 Θεὸν
1387 4070 1566 4138 λέγειν
1595 4071 1741 4141 ἡμᾶς

142 4165 208 4214 ἐν
233 4164 305 4231 τῇ
334 4164 611 4233 προσευχῇ
656 4162 881 4231 διδάσκῃ
935 4164 963 4214 6
1005 4162 1230 4233 Κύριος,
1261 4163 1411 4215 οὐδὲν
1434 4163 1619 4233 ἕτερον
1652 4180 1742 4233 μοι

141 4256 305 4309 δοκεί
342 4257 534 4314 ποιεῖν,
575 4256 607 4325 ἦ
633 4255 722 4307 τὸν
744 4255 945 4323 ὑψηλόν
977 4272 1033 4307 τε
1074 4257 1166 4307 καὶ
1194 4256 1500 4325 ἐπηρμένον
1520 4254 1742 4325 νομοθε-

140 4352 267 4401 τεῖν
306 4347 421 4417 βίον
444 4364 457 4376 ·
488 4347 549 4399 οὐ
576 4348 684 4417 γὰρ
705 4346 767 4415 δὴ
790 4346 1078 4415 ψεύδεσθαι
1109 4347 1351 4400 διδάσκει
1379 4349 1525 4417 ἡμᾶς
1550 4349 1583 4417 ἡ
1613 4346 1744 4417 ἁλή-

140 4438 466 4505 θεια,ῶστε
496 4437 675 4506 λέγειν
703 4438 731 4489 ὃ
765 4439 836 4508 μή
890 4440 1077 4509 ἐσμεν,
1120 4440 1214 4492 καὶ
1258 4440 1544 4509 ὀνομάζειν
1588 4439 1617 4491 ὃ
1669 4439 1743 4509 μὴ

137 4531 521 4602 πεφύκαμεν·
587 4530 723 4584 ἀλλὰ
781 4533 1001 4603 Πατέρα
1055 4531 1304 4599 λέγοντες
1353 4533 1597 4597 ἑαυτῶν,
1655 4533 1745 4585 τὸν

139 4621 441 4693 ἄφθαρτον
462 4639 518 4674 τε
547 4623 639 4675 καὶ
665 4623 875 4676 δίκαιον
906 4624 998 4675 καὶ
1040 4622 1261 4688 ἀγαθὸν,
1287 4623 1643 4693 ἐπαληθεύειν
1667 4622 1744 4693 τῷ

141 4718 258 4787 βίῳ
314 4717 417 4784 τὴν
463 4717 798 4785 ἀγχιστείαν.
834 4716 996 4786 Ὁρᾷς
1044 4716 1176 4786 ὅσης
1222 4717 1353 4785 ἡμῖν
1392 4716 1745 4785 παρασκευῆς

138 4815 273 4863 ἐστι
311 4808 471 4879 χρεία
498 4826 511 4874 ;
552 4808 665 4860 οἷον
698 4808 811 4878 βίου
840 4824 852 4871 ;
893 4809 1065 4877 πόσης
1098 4808 1191 4861 καὶ
1224 4810 1475 4877 ποταπῆς
1502 4808 1615 4859 ἐστι
1644 4808 1746 4877 τῆς

138 4901 429 4971 σπουδῆς,
462 4900 603 4953 ὥστε
630 4900 764 4954 ποτὲ
811 4900 945 4971 πρὸς
977 4900 1135 4953 τοῦτο
1170 4900 1230 4951 τὸ
1259 4899 1454 4970 μέτρον
1477 4899 1577 4969 τῆς
1602 4903 1744 4971 παῤ-

140 4991 361 5063 ῥησίας
400 4988 708 5059 ὑψωθείσης
742 4989 899 5059 ἡμῶν
940 4990 1038 5059 τῆς
1070 4985 1447 5059 συνειδήσεως,
1478 4989 1745 5059 τολμῆσαι

134 5084 339 5137 εἰπεῖν
367 5081 444 5151 τῷ
468 5081 606 5152 Θεῷ,
644 5083 725 5134 ὅτι
744 5080 971 5147 11ἁτερ;
1001 5081 1062 5132 Εἰ
1092 5082 1201 5151 γάρ
1228 5082 1355 5151 περὶ
1389 5082 1455 5133 τά
1489 5082 1745 5151 χρήματα

137 5176 405 5245 βλέπεις,
437 5174 487 5225 εί
520 5174 647 5243 περὶ
692 5172 788 5242 τὴν
837 5172 1093 5242 βιωτικὴν
1126 5171 1341 5240 ἀπάτην
1376 5171 1744 5241 ὴσχολημένος

133 5266 300 5336 εἴης,
336 5266 370 5336 ἢ
411 5268 509 5335 τὴν
538 5264 597 5329 ἐξ
636 5262 937 5333 ἀνθρώπων
970 5262 1125 5327 δόξαν
1162 5264 1509 5333 άναζητοίης,
1558 5267 1608 5316 εί
1640 5264 1746 5317 τῶν

134 5358 474 5427 ἐπιθυμιῶν
495 5359 614 5419 ταῖς
645 5355 1080 5426 ὲμπαθεστέραις
1104 5355 1372 5418 δουλεύοις
1397 5373 1409 5385 ·
1445 5356 1632 5409 ἔπειτα
1649 5359 1747 5425 τὴν

1840 3423 2183 3478 mendacium
2226 3433 2504 3490 quaerens,
2545 3417 2709 3471 audet
2748 3415 3012 3470 orationis
3040 3414 3205 3469 verba
3257 3430 3419 3469 usur-

1840 3532 1997 3588 pare,
2024 3516 2162 3570 sciat
2194 3514 2262 3575 is,
2296 3511 2441 3583 quod
2472 3526 2579 3565 non
2615 3510 2891 3565 cmlestetn
2926 3507 3139 3561 Patrem
3177 3506 3418 3570 invocat,

1840 3607 1933 3661 sed
1972 3604 2266 3669 infernum,
2324 3605 2417 3672 qui
2467 3610 2521 3656 et
2555 3600 2671 3670 ipse
2730 3597 2962 3653 mendax
3003 3609 3108 3660 est,
3169 3607 3224 3653 et
3274 3598 3415 3667 ejus,

1840 3699 1987 3769 quod
2019 3699 2073 3751 in
2104 3711 2435 3766 unoquoque
2464 3694 2752 3757 conﬂatur,
2786 3692 3056 3747 mendacii
3093 3699 3247 3760 pater
3273 3692 3418 3745 exsi-

1842 3793 1957 3855 stit,
1994 3790 2084 3845 ille
2115 3788 2207 3858 qui
2238 3794 2541 3858 peccatum,
2574 3792 2627 3839 et
2656 3784 2862 3855 peccati
2890 3791 3044 3852 pater
3070 3792 3154 3836 est
3180 3782 3243 3834 ³⁸.
3283 3782 3420 3834 Pro--

1843 3892 2026 3953 pterea
2050 3880 2215 3933 animi
2242 3878 2533 3932 aﬂ‘ectibus
2556 3891 2618 3929 ac
2644 3873 3151 3945 perturbationibus
3170 3873 3419 3938 obnoxii,

1844 3974 1937 4027 lilii
1969 3973 2060 4026 ine
2087 3972 2155 4023 ab
2171 3969 2431 4038 Apostolo
2461 3967 2803 4036 appellantur
2827 3964 2900 4028 ”;
2935 3971 2989 4016 et
3017 3962 3107 4030 qui
3133 3978 3160 4014 a
3192 3962 3298 4013 vita
3328 3960 3422 4015 de-

1844 4066 2085 4125 sciverit,
2117 4059 2439 4131 perditionis
2466 4059 2610 4111 iitius
2639 4056 2955 4110 nominatur
2978 4053 3057 4115 ‘°;
3089 4052 3268 4105 mollis
3293 4052 3420 4106 item

1844 4156 2116 4226 quispiam
2150 4161 2203 4207 ct
2232 4150 2599 4215 eﬂenninatus,
2658 4148 2800 4202 lilius
2830 4145 3131 4216 puellarum
3174 4146 3421 4197 translu-

1845 4250 2107 4319 gientium
2144 4244 2463 4314 appellatur.
2502 4239 2764 4294 Similiter
2810 4237 2973 4292 etiam
3025 4252 3088 4290 ex
3122 4235 3420 4297 contrario,

1846 4338 2183 4393 conscientia
2216 4338 2382 4397 lauta,
2430 4348 2565 4403 pura
2618 4347 2681 4384 ac
2714 4331 2991 4384 luculenta
3040 4327 3275 4397 praediti,
3327 4326 3423 4380 filii

1846 4433 1986 4486 lucis
2018 4438 2071 4485 et
2101 4428 2206 4483 diei
2262 4427 2607 4497 appellantur
2630 4424 2703 4478 υς
2757 4423 2951 4476 virium
3004 4420 3129 4474 item
3166 4419 3260 4473 lilii
3309 4418 3422 4483 alii,

1846 4526 1941 4596 qui
1977 4523 2043 4577 ad
2083 4523 2326 4577 divinum
2358 4520 2526 4574 robur
2558 4532 2676 4572 sese
2707 4514 3062 4569 ﬁrmaverint.
3091 4512 3225 4566 Cum
3261 4512 3425 4582 igitur

1849 4630 1907 4674 ut
1930 4618 2141 4672 Patrem
2172 4615 2336 4668 Deum
2375 4614 2429 4666 iu
2454 4612 2701 4665 oratione
2730 4609 3000 4667 dicamus,
3034 4605 3299 4660 Dominus
3325 4621 3425 4660 uos

1849 4713 2027 4774 docet,
2071 4710 2204 4763 nihil
2239 4707 2371 4761 mihi
2406 4705 2583 4759 facere
2610 4701 2757 4754 aliud
2785 4702 3019 4761 videtur,
3054 4714 3215 4768 quam
3252 4698 3427 4752 subli-

1850 4819 1993 4857 mem
2025 4811 2079 4857 et
2110 4804 2273 4855 altam
2315 4799 2605 4852 instituere
2646 4802 2809 4862 atque
2844 4792 3201 4861 prtescrihere
3235 4792 3422 4856 vitam;

1848 4908 1960 4947 non
1983 4892 2127 4947 enim
2171 4893 2357 4958 utique
2392 4884 2609 4939 mentiri
2663 4897 2763 4936 nos
2797 4881 2995 4935 veritas
3030 4880 3207 4943 docet,
3258 4889 3316 4932 ut
3344 4879 3427 4933 di-

1849 5001 2041 5041 camus
2076 4998 2177 5037 nos
2210 4996 2352 5043 esse,
2407 4977 2549 5047 quod
2598 4991 2708 5028 non
2752 4974 2947 5036 simus,
3000 4981 3053 5026 et
3089 4971 3424 5040 appellemus

1851 5094 1953 5135 nos
1987 5093 2051 5131 eo
2082 5074 2321 5132 nomine.
2354 5069 2498 5139 quod
2532 5080 2727 5120 natura
2778 5063 2937 5117 nobis
2965 5062 3286 5116 attributum
3318 5076 3423 5113 non

1852 5172 1943 5231 sit,
1986 5167 2082 5222 sed
2114 5174 2174 5219 ut
2206 5166 2333 5217 dum
2368 5163 2767 5227 incorruptum,
2797 5165 2850 5210 et
2873 5156 3104 5224 justum.
3141 5162 3193 5206 et
3222 5153 3424 5205 bonum

1850 5256 2070 5310 Patrem
2106 5261 2356 5308 nostrum
2408 5249 2663 5309 dicimus,
2699 5246 2820 5299 vitae
2868 5244 3176 5313 integritate
3206 5239 3428 5310 propin-

1852 5352 2116 5417 quitatem
2134 5345 2456 5405 referamus,
2474 5354 2700 5409 eamque
2714 5353 2893 5391 veram
2913 5353 3034 5391 csse
3051 5332 3421 5388 ostendamus.

1852 5440 2020 5495 Vides
2048 5447 2256 5511 quanto
2286 5437 2444 5491 nobis
2487 5449 2625 5503 opus
2659 5431 2729 5485 sit
2759 5426 3063 5498 apparatu?
3103 5424 3247 5493 quali
3282 5419 3424 5475 vita?

1855 5540 2061 5603 quanto
2100 5546 2162 5584 ac
2187 5529 2335 5599 quali
2368 5526 2577 5586 studio,
2623 5532 2681 5577 ut
2711 5523 2777 5575 ad
2810 5536 2932 5574 eum
2961 5518 3180 5571 modum
3217 5512 3423 5567 ﬁduciae

1851 5635 2033 5681 erecta
2077 5622 2299 5676 tandem
2340 5618 2678 5674 conscientia
2730 5620 2914 5667 nostra
2946 5611 3010 5663 ad
3048 5608 3215 5662 Deum
3247 5607 3425 5661 dicere

1854 5717 2175 5778 audeamus.
2217 5710 2549 5767 Pater?Nam
2577 5709 2621 5765 si
2648 5706 2912 5778 pecunias
2941 5712 3176 5772 spectes,
3207 5701 3249 5753 si
3282 5698 3426 5752 circa

2538 5824 2585 5858 ⁸ο
2621 5821 2781 5877 Joan.
2812 5834 2945 5885 xvu,
2981 5816 3063 5871 12.
3140 5812 3183 5845 ⁸²
3225 5809 3425 5883 Ephes.

128 5450 422 5519 τοιαύτην
478 5448 785 5520 προσευχὴν
824 5448 913 5500 διὰ
970 5448 1237 5515 στόματος
1274 5448 1457 5509 λάϐοις
1485 5465 1499 5479 ·
1548 5449 1600 5501 τί
1649 5450 1749 5500 οἴει

126 5548 307 5615 ἐρεῖν
325 5544 421 5597 τὸν
454 5546 534 5606 εἰς
562 5544 653 5595 τὸν
692 5542 803 5611 βίον
855 5540 1137 5611 βλέποντα,
1171 5543 1264 5594 καὶ
1305 5543 1402 5612 τῆς
1445 5542 1750 5612 προσευχῆς

126 5638 466 5700 hiulcum;
506 5632 647 5701 Ἐγὼ
672 5631 925 5685 τοιούτων
952 5631 1113 5684 τινῶν
1134 5631 1392 5701 ῥημάτιον
1422 5631 1637 5683 ἀκούειν
1671 5630 1753 5681 δο-

138 5728 257 5791 ιῶ,
304 5727 511 5781 ὡσανεὶ
548 5724 643 5778 τοῦ
689 5721 823 5775 Θεοῦ
874 5722 1009 5793 πρὸς
1036 5722 1127 5774 τὸν
1178 5720 1417 5774 τοιοῦτον
1464 5722 1750 5788 λέγοντος·

217 5841 276 5968 ’8‘
320 5839 367 5895 11
401 5839 527 5896 Cor.
563 5856 647 5905 vt,
682 5838 749 5893 ﬂ
837 5837 879 5869 ³⁷
924 5835 1112 5892 Matth.
1150 5851 1247 5904 vn,
1279 5836 1365 5892 18.
1442 5837 1487 5869 ³⁸
1525 5834 1683 5891 Joatt.
1716 5852 1789 5900 γι,
1826 5834 1909 5888 Η.

122 5928 199 5975 ν,
232 5928 301 5968 δ.

1989 5834 2033 5865 δ’
2075 5830 2272 5901 Ephes.
2310 5844 2379 5895 tt,
2409 5828 2461 5882 ὅ.
