4004 6534
587 444 729 502 £165

1846 442 1904 498 S.
1941 439 2266 501 GREGORII
2297 439 2588 496 NYSSE'NI

3660 445 3758 503 nu

588 558 883 614 smculares
914 557 1038 613 vita:
1068 555 1291 612 fraudes
1321 565 1624 628 occupatus
1651 557 1749 622 sis,
1779 566 1874 612 aut
1897 573 1963 612 ex
1997 556 2176 610 homi-

2305 558 2496 630 Ιατέρα
2553 557 2736 619 καλεῖς
2795 556 2824 608 ὁ
2873 549 3317 622 κατεφθαρμένος
3355 550 3430 622 τῷ
3473 551 3560 624 βίῳ
3586 555 3660 610 τὸν
3689 562 3759 630 τῆς

590 650 753 707 uibus
779 651 1004 722 gloriam
1028 665 1276 722 qumras;
1315 649 1362 705 si
1395 651 1612 707 vitiosis
1639 651 2037 722 cupiditatibus
2059 665 2172 704 ser-

591 743 749 806 vias,
798 742 995 796 deinde
1039 741 1308 811 ejusmodi
1346 741 1652 798 orationem
1703 744 1756 795 in
1797 757 1894 798 ore
1945 742 2170 806 habeas,

595 835 726 904 quid
751 834 1026 889 dicturum
1059 849 1181 889 esse
1209 840 1368 904 putas
1395 849 1542 896 eum,
1581 834 1673 904 qui
1704 835 1869 887 vitam
1902 843 2052 887 tuam
2089 835 2174 887 in-

596 935 799 988 tuetur,
850 933 904 979 et
947 926 1248 980 orationem
1296 925 1596 995 intelligit?
1642 923 1775 979 Nam
1805 941 1905 994 ego
1951 925 2172 996 quidem

525 1084 528 1086 γ
595 1017 866 1086 ejusmodi
922 1017 1193 1087 quaedam,
1252 1017 1411 1088 quasi
1463 1015 1575 1071 Deo
1620 1015 1688 1070 ad
1733 1016 1890 1070 talem
1935 1017 2172 1080 dicente,

599 1110 728 1168 mihi
758 1110 918 1164 verba
969 1110 1158 1164 videor
1203 1108 1431 1164 audire:
1481 1106 1695 1163 Patrem
1739 1124 1906 1163 vocas
1939 1109 2028 1179 qui
2066 1109 2175 1163 vita

595 1211 890 1269 corruptus
923 1217 1003 1266 es,
1044 1217 1168 1256 eum
1203 1203 1299 1271 qui
1354 1199 1894 1270 incorruptibilitatis
1939 1208 1993 1253 et
2033 1199 2177 1254 inte--

597 1293 810 1364 gritatis
836 1293 998 1347 Pater
1026 1294 1149 1348 est?
1199 1293 1311 1348 Cur
1347 1293 1568 1348 sordida
1615 1300 1708 1346 tua
1740 1308 1872 1348 voce
1905 1294 2174 1348 contami-

597 1399 698 1440 nas
722 1401 920 1440 nomen
950 1385 1368 1456 incorruptum?
1400 1399 1498 1439 cur
1526 1384 1663 1439 falso
1693 1384 1790 1438 tibi
1818 1384 2044 1440 verbum
2071 1383 2176 1439 hoc

597 1477 870 1546 usurpas?
911 1477 1024 1531 Cur
1062 1487 1314 1531 naturam
1361 1477 1700 1546 impollutam
1732 1473 2076 1530 dedecoras?
2129 1475 2175 1529 si

600 1567 743 1620 lilius
773 1582 928 1622 meus
965 1583 1137 1630 esses,
1177 1567 1312 1622 meis
1343 1566 1505 1621 bonis
1553 1581 1781 1636 prorsus
1826 1566 1990 1621 etiam
2027 1574 2176 1619 tuam

598 1660 766 1713 vitam
811 1662 1078 1727 insignem
1115 1660 1582 1736 esse‘oportebat;
1634 1674 1744 1714 non
1793 1674 2035 1736 agnosco
2078 1675 2178 1714 na-

599 1762 734 1807 turae
760 1765 893 1806 mea:
921 1750 1211 1820 imaginem
1237 1733 1290 1804 in
1321 1758 1373 1804 te
1398 1767 1414 1815 ;
1450 1749 1890 1804 adversariorum
1918 1733 2049 1806 sunt
2074 1748 2178 1802 ista

600 1843 874 1914 insignia:
913 1857 1036 1912 qua:
1061 1842 1296 1897 societas
1323 1842 1430 1896 luci
1457 1857 1580 1896 cum
1611 1842 1884 1897 tenebris?
1913 1857 2033 1912 qua:
2054 1840 2179 1895 vita:

601 1945 654 1991 et
686 1936 878 1991 mortis
933 1933 1185 2004 cognatio
1235 1933 1362 1989 est?
1414 1949 1536 2004 quae
1582 1933 1930 1991 necessitudo
1983 1942 2178 1988 natura

602 2044 740 2099 puro
771 2043 894 2081 cum
922 2027 1136 2096 impuro
1166 2027 1494 2082 intercedit?
1519 2029 1752 2084 multum
1786 2027 2013 2085 interest
2038 2030 2180 2085 inter

603 2121 1003 2176 benefactorem
1029 2129 1082 2175 et
1108 2123 1404 2190 raptorem.
1436 2119 1779 2177 Insociabilis
1802 2122 1942 2178 inter
1963 2123 2181 2178 miseri-

603 2213 820 2268 cordem
847 2221 901 2268 et
924 2213 1186 2266 immitem
1208 2215 1572 2270 contrarietas
1594 2214 1915 2270 intercedit:
1941 2216 2082 2271 alius
2097 2226 2182 2274 est

2273 650 2580 722 ἀφθαρσίας
2613 649 2862 719 Πατέρα;
2889 646 2955 698 Τί
2979 643 3224 716 μολύνεις
3241 645 3307 714 τῇ
3336 645 3539 716 ῥυπαρᾷ
3555 662 3631 699 σου
3653 656 3761 723 φωνῇ

2273 745 2335 798 τὸ
2359 747 2630 816 ἀκήρατον
2652 745 2859 814 ὅνομα;
2903 741 2968 794 Τί
3015 737 3322 809 καταψεύδῃ
3356 737 3444 792 τοῦ
3468 741 3694 810 ῥήματος
3716 747 3761 798 Τί

2273 838 2624 908 καθυϐρίζεις
2659 836 2759 908 τὴν
2791 833 3090 908 ἀμόλυντον
3123 830 3314 904 φύσιν;
3367 830 3424 883 Ei
3461 831 3621 885 τέκνον
3646 830 3696 905 ἧς
3717 840 3762 891 σὺ

2274 929 2426 1001 ἐμὸν,
2469 930 2534 983 ἐκ
2563 928 2671 982 τῶν
2707 927 2857 997 ἐμῶν
2888 923 3109 998 ἀγαθῶν
3139 922 3244 975 ἔδει
3279 921 3482 985 πάντως
3503 926 3586 976 καὶ
3608 926 3680 980 τὸν
3700 929 3763 981 σὺν

2277 1019 2397 1090 βίον
2452 1011 2979 1092 χαρακτηρίζεσθαιο
3025 1014 3126 1067 οὐκ
3180 1013 3511 1079 ἐπιγινώσκω
3545 1014 3628 1085 τῆς
3667 1018 3765 1086 ἐμῆς

2275 1107 2493 1176 φύσεως
2527 1111 2583 1161 ἐν
2620 1109 2705 1161 σοὶ
2739 1106 2836 1178 τὴν
2887 1104 3069 1159 εἰκόνα
3089 1118 3102 1131 ⁸
3159 1103 3223 1155 ἐκ
3264 1101 3367 1155 τῶν
3401 1103 3625 1158 ἐναντίων
3641 1107 3680 1158 οἱ
3701 1125 3768 1176 χα-

2279 1200 2577 1271 ρακτῆρεςο
2608 1195 2694 1263 τίς
2723 1197 2975 1252 κοινωνία
3009 1195 3148 1265 φωτὶ
3170 1195 3304 1265 πρὸς
3341 1195 3550 1259 σκότοςς
3580 1197 3647 1259 τίς
3665 1197 3768 1267 ζωῆς

2275 1291 2370 1342 καὶ
2400 1288 2630 1342 Θανάτου
2664 1286 2954 1356 συγγένεια
2973 1301 2988 1349 ;
3008 1284 3093 1347 τίς
3119 1283 3384 1355 οἰκειότης
3412 1283 3485 1353 τῷ
3505 1284 3690 1355 καθαρῷ
3703 1287 3771 1356 τὴν

2277 1379 2438 1450 φύσιν
2467 1379 2606 1451 πρὸς
2628 1379 2688 1430 τὺ
2713 1376 3053 1448 ἀκάθαρτονς
3091 1372 3233 1426 Πολὺ
3267 1372 3359 1426 τοῦ
3388 1373 3644 1443 εὐεργέτου
3678 1376 3771 1444 πρὸς

2274 1473 2366 1526 τὸν
2392 1470 2720 1540 πλεονέκτην
2761 1468 2822 1521 τὸ
2850 1466 3033 1538 μέσονᾲ
3065 1466 3329 1536 Ἀμικτος
3369 1466 3402 1536 ὴ
3440 1464 3536 1518 τοῦ.
3555 1465 3774 1536 ἐλεήμονος

2276 1565 2372 1617 καὶ
2403 1561 2498 1615 τοῦ
2533 1559 2775 1631 ἀπηνοῦς
2809 1558 3121 1622 ἐναντίωσις
3140 1574 3154 1588 ·
3177 1556 3334 1619 ἄλλος
3365 1556 3531 1628 πατὴρ
3547 1556 3636 1609 τῶν
3654 1559 3698 1609 ἐν
3717 1560 3775 1611 σοὶ

2277 1654 2492 1710 κακῶν·
2518 1654 2586 1708 τὰ
2600 1654 2709 1725 γὰρ
2730 1651 2838 1723 ἐμά
2849 1652 3163 1728 γεννήματα
3198 1651 3309 1712 τοῖς
3331 1647 3582 1720 πατρῴοις
3612 1649 3776 1717 ἀγαθοῖς

2277 1746 2698 1812 καλλωπίζεται,
2731 1745 2917 1799 τέκνον
2951 1743 3047 1796 τοῦ
3077 1742 3366 1813 ἐλεήμονος
3403 1744 3430 1795 ό
3467 1741 3692 1812 ἐλεήμων,
3711 1744 3776 1796 καὶ

2278 1843 2372 1898 τοῦ
2399 1839 2638 1912 καθαροῦ
2654 1841 2682 1893 ό
2697 1836 2955 1908 καθαρὸς,
2975 1839 3004 1890 ὁ
3031 1834 3227 1906 φθόρος
3249 1833 3513 1905 ἀλλότριος
3529 1833 3609 1886 τοῦ
3626 1833 3778 1904 ἀφθάρ-

2284 1953 2398 1989 του·
2429 1921 2597 1988 καὶτὸ
2623 1933 2764 1996 ὅλον,
2798 1931 2858 1995 ἐξ
2881 1929 3087 1998 ἀγαθοῦ
3121 1927 3345 1999 ἀγαθὸς,
3368 1927 3457 1980 καὶ
3471 1928 3528 1979 ἐκ
3540 1926 3708 1979 δικαίου
3728 1927 3781 1979 δί-

2286 2027 2650 2098 καιος.-Ὑμᾶς
2669 2024 2726 2078 δέ
2739 2025 2838 2076 οὐκ
2865 2019 2983 2077 οἶδα
2997 2022 3161 2074 πόθεν
3182 2020 3327 2074 ἐστέ.
3357 2018 3550 2073 Οὐκοῦν
3575 2018 3779 2072 ἐπικίνδυ·

2284 2141 2373 2178 νον
2408 2122 2538 2194 πρὶν
2602 2115 2946 2190 καθαρθῆναι
2975 2115 3056 2185 τῷ
3081 2114 3180 2185 βίῳ
3197 2112 3300 2182 τῆς
3326 2111 3608 2183 προσευχῆς
3635 2109 3780 2179 ταύτης

2285 2211 2712 2282 κατατολμῆσαι,
2745 2209 2839 2262 καὶ
2860 2207 3079 2278 Πατέρα
3102 2203 3296 2259 ἐαυτοῦ
3319 2203 3410 2258 τὸν
3430 2203 3550 2256 Θεὸν
3568 2202 3778 2271 ὀνομάσαι.

605 2317 756 2377 pater
780 2308 1054 2371 vitiorum,
1089 2323 1209 2378 quae
1239 2309 1292 2361 in
1325 2316 1374 2362 te
1401 2316 1530 2362 sunt
1555 2324 1570 2371 ;
1592 2323 1717 2363 nam
1736 2323 1854 2364 mea
1880 2311 2096 2368 soboles
2129 2309 2369 2382 paternis
2397 2307 2559 2363 bonis
2594 2305 2909 2367 decoratur,
2945 2299 3091 2355 filius
3113 2297 3477 2355 misericordis
3511 2295 3780 2369 misericors;

605 2402 798 2473 integri
827 2414 880 2455 et
919 2401 1063 2470 puri,
1100 2402 1309 2472 integer
1346 2409 1399 2457 et
1439 2418 1608 2473 purus
1643 2412 1765 2470 est;
1803 2418 2094 2475 corruptus
2122 2408 2335 2463 alienus
2365 2411 2449 2460 est
2513 2403 2584 2457 ab
2617 2401 2978 2470 incorrupto;
3042 2407 3098 2451 et
3129 2402 3189 2449 ut
3216 2392 3525 2450 summatim
3545 2391 3711 2451 dicam.
3739 2404 3780 2442 ex

607 2497 748 2550 bono
792 2494 989 2556 bonus,
1015 2503 1070 2547 et
1103 2509 1169 2548 ex
1194 2495 1345 2563 justo
1369 2494 1556 2564 justus
1585 2496 1804 2562 editur;
1837 2512 1936 2552 vos
1984 2508 2165 2553 autem
2195 2514 2306 2554 non
2335 2497 2485 2559 novi,
2527 2493 2672 2549 unde
2708 2492 2849 2547 sitis.
2873 2491 3142 2557 Quocirca
3173 2486 3494 2560 “priusquam
3533 2484 3696 2553 aliquis
3715 2483 3782 2536 viu

607 2571 854 2656 expiatus
883 2598 934 2643 et
965 2594 1300 2656 expurgatus
1317 2587 1408 2649 sit,
1432 2585 1799 2656 periculosum
1832 2597 1916 2643 est
1940 2589 1996 2642 in
2021 2589 2122 2645 hac
2137 2589 2384 2644 oratione
2401 2586 2660 2642 audacem
2682 2598 2826 2647 esse,
2852 2591 2908 2638 et
2934 2581 3149 2636 Patrem
3181 2593 3344 2634 suum
3371 2576 3528 2630 Deum
3559 2576 3779 2631 nominare.

684 2679 879 2736 Verum
910 2681 1195 2735 audiamus
1225 2695 1420 2734 rursus
1452 2682 1622 2735 verba
1653 2681 1940 2748 orationis,
1993 2683 2040 2738 si
2075 2699 2185 2754 quo

611 2773 772 2827 modo
798 2773 935 2828 forte
963 2773 1241 2828 crebriore
1269 2773 1612 2842 repetitione,
1637 2789 1820 2828 rerum
1844 2776 2182 2829 occultarum

611 2866 882 2919 sententia
919 2881 948 2918 a
979 2865 1136 2919 nobis
1171 2864 1533 2919 animadverti
1565 2875 1727 2935 atque
1766 2869 2027 2937 cognosci
2054 2883 2180 2938 pos-

612 2955 702 3010 sit.
750 2957 910 3010 Pater
950 2967 1146 3022 uoster,
1195 2957 1366 3026 quies
1411 2957 1467 3010 in
1496 2957 1662 3012 caelis.
1694 2957 1986 3013 Enimvero
2041 2958 2187 3030 quod

615 3048 723 3102 vita
757 3065 880 3103 cum
925 3049 1125 3102 virtute
1171 3049 1467 3118 conjuncta
1500 3046 1644 3104 Deus
1686 3050 2065 3106 conciliandus
2094 3052 2186 3114 sit,

615 3139 963 3194 mediocriter
994 3156 1023 3194 a
1060 3140 1218 3194 nobis
1244 3155 1340 3210 per
1371 3154 1458 3203 ea,
1508 3155 1628 3211 qua:
1663 3156 1827 3210 supra
1860 3141 2006 3198 dicta
2037 3151 2186 3206 sunt,

2369 2679 2529 2735 Ἀλλὰ
2575 2677 2901 2748 ἀκούσωμεν
2953 2674 3063 2727 τῶν
3117 2673 3215 2744 τῆς
3271 2669 3564 2742 προσευχῆς
3597 2665 3783 2737 ῥημάτων

2288 2775 2476 2838 πάλιν,
2519 2771 2681 2836 εἴτις
2724 2771 2834 2840 ἄρα
2888 2768 3102 2838 γένοιτο
3142 2767 3281 2836 ἡμῖν
3311 2760 3429 2815 ¹τῶν
3475 2760 3686 2831 κρυφίων
3725 2755 3782 2808 το]

2289 2864 2382 2920 νοῦ
2412 2864 2738 2934 κατανόησις
2768 2861 2856 2914 διὰ
2904 2863 3002 2930 τῆς
3032 2854 3426 2926 συνεχεστέρας
3457 2849 3783 2918 ἐπαναληᾲεως.

2294 2947 2486 3029 Πάτερ
2506 2957 2697 3028 ἡμῶν,
2728 2959 2760 3011 ὀ
2795 2956 2866 3010 ὲν
2893 2954 3016 3021 τοῖς
3043 2950 3347 3022 οὐρανοῖς.
3369 2950 3488 3002 Ὀτι
3518 2949 3603 3020 μὲν
3629 2941 3700 2999 οὖν
3718 2943 3786 3014 χρὴ

2293 3053 2370 3124 τῷ
2397 3054 2516 3105 κατ’
2543 3049 2743 3122 ἀρετὴν
2778 3047 2877 3120 βίῳ
2910 3047 3001 3102 τὸν
3044 3047 3177 3100 Θεὸν
3203 3041 3595 3102 οίκειώσασθαι,
3622 3037 3787 3124 μετρίως

2294 3123 2426 3214 ἡμῖν
2455 3141 2542 3196 διὰ
2573 3139 2680 3193 τῶν
2708 3138 3087 3209 προλαϐόντων
3135 3136 3427 3207 ἐξήτασται
3479 3132 3648 3198 λόγων.
3685 3123 3792 3178 Δοκεῖ

615 3239 896 3285 ostensum
929 3238 1032 3285 est.
1073 3228 1179 3284 Sed
1219 3230 1476 3284 videntur
1511 3230 1644 3284 mihi
1675 3230 1792 3286 hmc
1833 3232 1994 3286 verba
2029 3236 2191 3287 etiam

2305 3234 2351 3287 Βέ
2385 3251 2474 3304 μοι
2519 3231 2614 3286 καὶ
2655 3229 2957 3301 βαθυτέραν
2993 3228 3117 3282 τινὰ
3154 3228 3396 3282 διάνοιαν
3435 3216 3790 3293 ὑποσημαίνεινὸ

616 3319 1026 3392 profundiorem
1057 3319 1348 3390 quamdam
1369 3319 1697 3375 sententiam
1723 3320 2057 3393 designare;
2081 3323 2194 3378 hanc

616 3413 761 3466 enim
801 3421 854 3467 et
889 3412 1096 3483 patriae,
1147 3427 1213 3466 ex
1259 3426 1367 3482 qua
1395 3411 1720 3476 excidimus,
1773 3421 1826 3468 et
1855 3415 2196 3484 cognationis

617 3519 781 3573 quam
814 3504 1125 3569 amisimus,
1171 3502 1603 3558 recordationem
1647 3503 1807 3559 nobis
1850 3505 2193 3575 ingenerant.

619 3595 833 3650 Etenim
865 3596 920 3649 in
958 3595 1050 3649 illa
1083 3597 1414 3661 narratione,
1441 3611 1604 3666 quam
1631 3595 1700 3652 de
1729 3596 2077 3654 adolescente
2101 3614 2198 3653 ex-

622 3687 796 3759 ponit,
823 3687 916 3758 qui
943 3688 1126 3742 sedem
1148 3689 1378 3758 patriam
1401 3689 1720 3758 reliquerat,
1739 3699 1794 3744 et
1820 3690 1889 3745 ad
1916 3691 2199 3760 porcinam

620 3780 785 3834 vitam
821 3779 1132 3845 transierat,
1168 3779 1736 3835 historicorum-more
1761 3781 2054 3837 abitionem
2081 3783 2200 3852 ejus

626 3882 682 3927 et
727 3873 914 3926 luxum
961 3872 1257 3936 narrando,
1317 3874 1596 3930 miseriam
1635 3875 1927 3932 humanam
1962 3875 2203 3932 Verbum

626 3963 888 4028 ostendit;
917 3979 1026 4017 non
1057 3971 1239 4018 autem
1270 3964 1423 4033 prius
1449 3980 1575 4020 eum
1606 3965 1675 4019 ad
1705 3967 1996 4037 pristinam
2032 3969 2203 4024 felici-

627 4065 792 4112 tatem
828 4056 1060 4126 reducit,
1093 4073 1256 4126 quam
1299 4073 1520 4112 sensum
1556 4060 1844 4128 prmsentis
1875 4063 2204 4118 calamitatis

628 4139 987 4208 suscepisset,
1041 4150 1088 4194 ct
1126 4140 1194 4193 ad
1222 4156 1343 4203 sese
1388 4155 1644 4197 reversus
1673 4144 2008 4214 paenitentiae
2038 4148 2207 4202 verba

629 4231 884 4286 meditari
930 4231 1225 4300 c-(npisset:
1292 4232 1408 4287 hac
1437 4243 1622 4288 autem
1651 4236 1837 4304 aliquo
1874 4237 2038 4291 modo
2081 4254 2206 4293 cum

627 4322 812 4378 verbis
861 4321 1127 4378 orationis
1164 4324 1557 4394 congruebant,
1612 4324 1828 4380 dicebat
1869 4328 2014 4381 enim
2054 4329 2203 4384 illic:

631 4415 817 4476 Pater,
847 4417 1054 4483 peccavi
1092 4415 1145 4466 in
1178 4415 1387 4482 caelum,
1417 4425 1469 4470 et
1499 4433 1679 4472 coram
1709 4428 1756 4471 te
1777 4418 1853 4471 ":
1897 4434 2008 4472 non
2057 4420 2208 4490 adje-

632 4519 822 4562 cturus
866 4506 1202 4561 confessioni
1247 4516 1533 4578 peccatum
1565 4509 1620 4563 in
1654 4510 1878 4574 cmlum,
1928 4511 2034 4566 nisi
2084 4528 2209 4583 ρει·-

635 4613 832 4654 suasus
872 4599 974 4654 sibi
1013 4599 1244 4668 patriam
1289 4615 1412 4655 esse
1447 4602 1671 4665 cmlum,
1721 4617 1831 4671 quo
1863 4603 2053 4657 relicto
2087 4619 2212 4673 pec-

635 4699 899 4745 caverat:
945 4699 1278 4761 quapropter
1321 4693 1484 4748 etiam
1533 4693 1804 4763 ejusmodi
1849 4695 2213 4752 confessionis

635 4782 916 4837 meditatio
931 4783 1081 4836 aditu
1096 4781 1310 4838 facilem
1330 4783 1378 4838 ei
1399 4793 1604 4853 patrem
1624 4784 1804 4850 elficit,
1820 4786 1956 4840 adeo
1973 4787 2211 4842 utetiam

637 4883 948 4930 accurreret
965 4875 1032 4930 ad
1063 4891 1209 4936 eum.
1229 4885 1283 4931 et
1311 4877 1499 4932 osculo
1515 4878 1714 4931 collum
1743 4887 2022 4948 appeteret
2047 4877 2208 4949 (quod

635 4965 902 5020 rationale
919 4965 1109 5035 jugum
1130 4966 1423 5037 signiﬁcat,
1450 4983 1544 5037 per
1563 4967 1836 5037 Evangelii
1860 4970 2210 5026 traditionem

637 5057 867 5118 homini,
885 5058 977 5128 qui
993 5056 1224 5128 primum
1242 5059 1492 5128 praecepti
1506 5060 1698 5130 jugum
1713 5069 1958 5124 exuerat.
1977 5069 2032 5116 et
2048 5062 2219 5132 legem

639 5147 922 5204 custodem
945 5148 1349 5218 repudiaverat,
1377 5165 1473 5219 per
1493 5165 1556 5205 os
1573 5151 1858 5222 injectum)
1877 5162 2042 5222 atque
2055 5153 2219 5208 etiam

639 5242 780 5296 stola
805 5239 1170 5296 circumdaret
1198 5257 1345 5306 eum,
1371 5257 1479 5296 non
1509 5244 1636 5311 alia,
1660 5245 1753 5300 sed
1781 5245 1976 5314 prima,
1998 5260 2105 5315 qua
2127 5259 2225 5315 per

641 5333 1066 5389 inobedientiam
1097 5333 1337 5388 nudatus
1363 5341 1502 5398 erat,
1535 5335 1697 5389 simul
1730 5347 1895 5404 atque
1933 5335 2223 5391 interdicta

643 5434 941 5496 gustasset,
991 5425 1196 5479 nudum
1232 5441 1354 5481 sese
1387 5427 1759 5496 conspicatus.
1793 5427 2044 5484 Annulus
2091 5427 2219 5481 item

646 5520 700 5572 in
731 5518 899 5589 digito
920 5534 1017 5589 per
1045 5520 1382 5597 sculpturam
1410 5519 1545 5588 palm
1573 5520 1825 5591 imaginis
1848 5521 2222 5591 recuperatio-

648 5625 770 5663 nem
813 5610 1106 5680 signiticat.
1141 5610 1316 5665 Munit
1346 5619 1527 5666 autem
1561 5612 1725 5666 etiam
1783 5613 1948 5683 pedes
2009 5615 2222 5669 calcea-

650 5701 870 5766 mentis,
900 5719 967 5757 ne
994 5704 1142 5758 nudo
1169 5705 1431 5759 calcaneo
1479 5705 1646 5775 capiti
1695 5707 1967 5778 serpentis
2027 5722 2226 5779 appro-

724 5878 770 5911 ⁸⁸
808 5880 936 5936 Luc.
972 5897 1062 5946 xv,
1092 5882 1181 5938 2|.
1259 5883 1304 5915 ⁸³
1331 5885 1467 5940 Gen.
1503 5899 1587 5951 ιιι,
1620 5883 1706 5937 10.

2296 3324 2450 3393 λόγος
2477 3341 2490 3355 ·
2539 3321 2713 3377 ταῦτα
2754 3323 2862 3393 γὰρ
2903 3320 3209 3391 ὑπόμνησιν
3261 3322 3392 3390 ἡμῖν
3435 3316 3630 3388 ἐμποιεῖ
3658 3313 3729 3381 τῆς
3753 3324 3791 3360 τε

2300 3416 2558 3488 πατρίδος
2602 3410 2670 3486 ἦς
2709 3411 3166 3484 ἐκπεπτώκαμεν,
3206 3414 3306 3466 καὶ
3339 3412 3435 3483 τῆς
3477 3396 3792 3476 εὐγενείας,ἦς

2299 3506 2708 3578 ἀπεϐλήθημεν.
2761 3506 2872 3558 Καὶ
2919 3505 3028 3575 γὰρ
3059 3505 3119 3558 ἐν
3139 3504 3216 3575 τῷ
3245 3503 3388 3558 κατὰ
3422 3501 3508 3554 τὸν
3539 3499 3640 3553 νέον
3663 3495 3793 3562 sim.

2304 3617 2453 3672 ματι,
2488 3599 2579 3652 τὸν
2607 3599 2920 3653 ἀποστάντα
2949 3599 3048 3669 τῆς
3079 3597 3346 3670 πατρῴας
3374 3595 3565 3658 ἑστίας,
3597 3592 3674 3646 καὶ
3706 3585 3793 3657 πρὸς

2299 3693 2390 3746 τὸν
2420 3689 2651 3761 χοιρὼδη
2706 3689 2819 3760 βίον
2863 3689 3344 3762 αὐτομολήσαντα,
3386 3690 3483 3758 τὴν
3529 3681 3794 3757 ἀνθρωτένην

2302 3783 2591 3854 ἀθλιότητα
2622 3782 2898 3836 δείκνυσιν
2928 3785 2957 3836 ό
2983 3783 3152 3852 Λόγος
3198 3781 3485 3854 ἱστορικῶς
3524 3776 3794 3850 διηγούμενος

2302 3877 2400 3948 τὴν
2432 3874 2790 3944 ἀποφοίτησιν
2820 3875 2986 3928 αὑτοῦ
3007 3875 3102 3928 καὶ
3124 3874 3222 3946 τὴν
3247 3875 3510 3928 ἀσωτίαν⁸
3528 3872 3581 3925 οὐ
3606 3869 3796 3939 πρότερῠν

2303 3967 2360 4020 δὲ
2383 3966 2541 4021 αὑτὸν
2571 3966 2832 4035 ἐπανάγει
2857 3966 2992 4038 πρὸς
3010 3967 3110 4038 τὴν
3135 3967 3194 4033 ἐξ
3215 3967 3392 4038 ἀρχῆς
3424 3963 3700 4034 εὐκληρῐαν,
3715 3960 3797 4027 πρὶν

2305 4060 2556 4130 αἴσθησιν
2592 4059 2753 4128 αρτὺν
2779 4061 2877 4131 τῆς
2937 4058 3219 4130 παρούσης
3253 4059 3537 4113 ἀναλαϐεῖν
3570 4049 3798 4124 συμφορὶς,

2306 4153 2385 4214 εἰς
2407 4150 2597 4205 ἐαυτὸν
2627 4149 2819 4216 ἐλθεῖν,
2849 4151 2945 4205 καὶ
2972 4150 3268 4219 μελετῆσαι
3295 4150 3365 4203 τὰ
3393 4151 3490 4219 τῆς
3523 4138 3802 4218 μεταμελείας
3890 4141 3891 4180 l

2313 4246 2551 4316 ῥήματα.
2600 4242 2790 4298 Ταῦτα
2833 4243 2891 4296 δὲ
2941 4239 3011 4314 ἧν
3062 4242 3434 4314 συμϐαίνοντά
3488 4257 3596 4302 πως
3621 4238 3708 4296 τοῖς
3738 4229 3803 4296 τῆἕ

2310 4335 2618 4408 προσευχῆς
2648 4334 2856 4403 λόγοιςο
2888 4334 3057 4404 ἔφησε
3084 4335 3194 4406 γὰρ
3223 4337 3360 4389 ἐκεῖο
3390 4333 3587 4402 Πάτερ,
3612 4329 3804 4398 ἥμαρτον

2311 4430 2398 4494 είς
2427 4426 2536 4481 τὸν
2561 4426 2821 4494 οὐρανὸν
2847 4428 2945 4481 καὶ
2967 4427 3223 4481 ἐνώπιόν
3246 4444 3366 4482 σου
3384 4445 3397 4458 ·
3435 4429 3528 4480 οὐκ
3544 4425 3601 4478 ἂν
3620 4413 3805 4492 προσθεξ

2312 4521 2379 4590 τῇ
2423 4517 2808 4588 ἐξομολογήσει
2857 4518 2955 4590 τὴν
2979 4520 3059 4582 εἰς
3112 4519 3205 4571 τὸν
3226 4518 3456 4590 οὐρανὸν
3491 4514 3736 4586 ἁμαρτίαν,
3757 4503 3805 4575 μὴ

2316 4609 2678 4680 πεπεισμένος
2696 4611 2928 4681 πατρίδα
2956 4607 3095 4665 εἶναι
3117 4612 3207 4664 τὸν
3226 4611 3472 4683 οὐρανὸν,
3493 4611 3550 4662 ὃν
3573 4599 3805 4661 καταλιπὼν

2316 4702 2740 4774 ἐπλημμέλησε·
2769 4702 2858 4756 διὰ
2899 4703 3058 4756 τοῦτο
3106 4705 3200 4757 καὶ
3246 4704 3562 4774 εὐπρόσιτον
3603 4695 3721 4764 αὐτῷ
3749 4689 3808 4741 τδν

2314 4793 2578 4865 πατέραὴ
2607 4793 2801 4863 μελέτη
2829 4793 2929 4864 τῆς
2965 4792 3222 4862 τοιαύτης
3255 4792 3670 4864 ἐξομολογήσεως
3691 4787 3804 4849 άπερ

2315 4883 2563 4952 γάζεται,
2606 4883 2747 4937 ὥστε
2792 4885 2886 4937 καὶ
2917 4884 3288 4955 προσδραμεῖν
3312 4883 3478 4954 αὐτῷ,
3509 4882 3594 4935 καὶ
3618 4877 3807 4947 φιλήματι

2313 4977 2404 5028 τὸν
2425 4973 2694 5048 τράχηλον
2715 4973 3072 5039 δεξιώσασθαι
3108 4978 3266 5048 (ὅπερ
3291 4976 3539 5047 σημαίνει
3565 4971 3645 5024 τὸν
3661 4962 3811 5034 λογικὸν

2323 5067 2506 5136 ζυγὸν,
2562 5067 2656 5120 τὸν
2695 5066 2783 5120 διὰ
2829 5067 3095 5137 στόματος
3130 5067 3488 5136 ἐπιϐληθέντα
3515 5063 3586 5133 τῷ
3612 5054 3809 5126 ἀνθρώπῳ

2321 5155 2409 5208 διὰ
2461 5155 2564 5226 τῆς
2624 5155 2985 5226 εὐαγγελικῆς
3019 5156 3390 5228 παραδόσεως,
3439 5153 3513 5224 τῷ
3549 5139 3812 5206 ἐκδύντιτῆν

2325 5246 2550 5320 πρώτην
2615 5249 2712 5319 τῆς
2771 5248 2992 5319 ἐντολῆς
3043 5248 3294 5319 ζεύγλην,
3355 5236 3459 5302 και
3479 5233 3810 5304 ἀποσεισαμένφ

2324 5339 2418 5392 τὸν
2447 5337 2786 5407 φυλάσσοντα
2825 5339 3032 5408 νόμον),
3064 5338 3362 5411 περιθεῖναι
3398 5337 3457 5390 δὲ
3489 5332 3624 5402 αὑτῷ
3656 5326 3728 5381 καὶ
3749 5320 3812 5411 τὴν

2330 5430 2543 5501 στολὴν,
2587 5429 2688 5482 οὐκ
2720 5429 2904 5501 ἄλλην,
2937 5429 3071 5483 ἀλλὰ
3107 5410 3207 5500 τὴν
3234 5428 3474 5500 πρώτην,
3505 5421 3569 5496 ἧς
3597 5410 3812 5487 ἐγυμνώθη

2327 5523 2414 5576 διὰ
2443 5524 2540 5593 τῆς
2573 5521 2878 5593 παρακοῆς,
2911 5520 3046 5591 ὁμοῦ
3085 5523 3149 5592 τῇ
3173 5520 3356 5589 γεύσει
3381 5520 3488 5572 τῶν
3513 5505 3812 5581 ἀπειρημένων

2329 5611 2534 5683 γυμνὸν
2596 5613 2785 5665 ἐαυτὸν
2829 5611 3183 5683 θεασάμενος.
3216 5614 3282 5667 ’Ό
3319 5629 3380 5665 τε
3439 5610 3563 5680 περὶ
3601 5595 3810 5692 τὴν-κεῖς’

2328 5704 2638 5772 δακτύλιος,
2683 5704 2770 5758 διὰ
2804 5704 2902 5775 τῆς
2947 5707 3006 5760 ἐν
3037 5708 3106 5776 τῇ
3138 5704 3392 5778 σφενδόνῃ
3431 5699 3622 5774 γλυφῆς
3656 5690 3810 5762 ﬁt!“
