4004 6524
322 430 468 487 1115

1258 432 1346 488 DE
1385 431 1734 489 ORATIONE
1776 433 2124 491 DOMINICA.
2170 466 2237 478 —
2272 436 2528 493 ORATIO
2566 436 2631 494 ll.

3455 440 3589 498 1118

314 552 526 614 εἰκόνος
582 548 923 620 ἐπανάληψιν
983 549 1366 621 ὑποσημαίνει.
1426 550 1801 622 ’Δσφαλίζεται
1839 552 1896 604 δέ

2017 555 2295 623 ιίηῳιιιιιε,
2336 554 2547 610 incidat
2574 557 2629 609 in
2660 572 2929 614 morsum.
2964 557 3439 625 Quemadmodum
3488 564 3580 632 igi-

316 644 415 697 atal.
470 644 596 705 τοὺς
644 643 812 706 πόδας
848 644 959 706 τοῖς
988 643 1348 714 ὑποδήμασιν,
1386 644 1461 708 ὡς
1500 645 1567 699 ἂν
1611 647 1685 717 μὴ
1721 648 1901 717 γυμνῇ

316 737 384 804 τῇ
410 734 639 806 πτέρνῃ,
674 738 741 806 τῇ
781 734 990 806 κεφαλῇ
1029 734 1123 788 τοῦ
1158 735 1334 805 ὄφεως
1370 736 1768 808 προσεγγίζων,
1808 740 1906 809 ἐμ·-

319 827 497 897 πίπτῃ
523 826 602 896 τῷ
623 827 882 897 δήγματι.
917 828 1127 897 Ὠσπερ
1163 827 1341 881 τοίνυν
1379 831 1495 882 ἐκεῖ
1522 830 1621 900 τῆς
1647 830 1798 902 παρὰ
1810 829 1903 882 τοῦ

320 920 529 991 πατρὸς
584 919 988 991 φιλανθρωπίας
1041 920 1189 974 αἰτία
1227 921 1417 988 γέγονε
1457 921 1535 992 τῷ
1572 922 1677 992 νέῳ
1708 924 1742 993 ή
1770 924 1905 994 πρὸς

319 1013 422 1081 τὴν
470 1009 729 1082 πατρῴαν
791 1010 975 1063 ἑστίαν
1010 1011 1313 1081 ἐπιστροφὴ
1355 1010 1531 1082 (αὕτη
1588 1012 1644 1065 δέ
1693 1013 1839 1065 ἐστιν
1876 1012 1905 1063 6

320 1104 552 1175 οὐρανὸς
590 1106 668 1167 εἰς
706 1102 764 1155 ὃν
802 1103 1326 1174 πεπλημμεληκέναι
1374 1106 1454 1174 τῷ
1494 1106 1661 1176 πατρὶ
1706 1105 1901 1175 λέγει),

320 1193 468 1247 οὓτω
504 1196 596 1246 καὶ
633 1192 865 1246 ἐνταῦθα
891 1194 1037 1247 δοκεῖ
1074 1212 1163 1263 μοι
1204 1194 1469 1249 διδάσκων
1507 1196 1535 1248 6
1573 1195 1776 1265 Κύριος
1814 1196 1905 1249 τὸν

322 1287 381 1339 ἐν
427 1288 540 1349 τοῖς
590 1285 837 1358 οὐρανοῖς
868 1288 1241 1340 ἐπικαλεῖσθαι
1281 1288 1528 1360 Πατέρα,
1570 1291 1788 1359 μνήμην
1824 1306 1905 1342 σοι

324 1378 598 1432 ποιεῖσθαι
650 1380 746 1449 τῆς
785 1377 996 1448 ἀγαθῆς
1037 1379 1314 1451 πατρίδος,
1374 1380 1450 1444 ὼς
1492 1381 1558 1435 ἂν
1610 1382 1905 1452 ἐπιθυμίαν

326 1471 690 1542 σφοδροτέραν
729 1471 835 1524 τῶν
875 1471 1052 1525 καλῶν
1072 1473 1397 1543 ἐμποιήσας,
1421 1473 1734 1544 ἐπιστήσειε
1758 1490 1818 1527 σε
1838 1476 1904 1545 τῇ

322 1564 428 1633 διδῷ
465 1566 529 1634 τῇ
563 1565 698 1636 πρὸς
735 1564 829 1636 τὴν
870 1564 1098 1635 πατρίδα
1137 1565 1298 1618 πάλιν
1338 1565 1707 1638 ἐπαναγούσῃο
1758 1566 1906 1630 Ὁδὸς

320 1651 380 1704 δὲ
421 1653 621 1723 ήπρὸς
664 1654 754 1706 τὸν
786 1654 1012 1725 οὐρανὸν
1060 1656 1158 1725 τὴν
1208 1655 1553 1727 ἀνθρωπίνην
1596 1657 1756 1727 φύσιν
1808 1659 1905 1712 ἀν-

323 1744 554 1813 άγουσα.
580 1746 899 1816 ούδεμίατίς
937 1749 1082 1801 ἐστιν
1104 1748 1332 1818 inme!
1369 1748 1442 1820 μή
1464 1751 1606 1821 φυγὴ
1646 1752 1739 1803 καὶ
1769 1752 1905 1803 ἀπό-

327 1852 515 1899 στασις
549 1835 657 1889 τῶν
722 1838 1013 1909 περιγείων
1064 1840 1280 1892 κακῶν·
1322 1840 1421 1910 τῆς
1472 1840 1529 1893 δὲ
1570 1840 1748 1912 φυγῆς
1797 1842 1907 1893 τῶν

325 1927 512 1981 κακῶν
551 1930 782 1995 ἐπίνοια,
829 1931 927 1983 οὐκ
962 1930 1094 2003 ἄλλη
1136 1931 1225 2002 μοί
1260 1949 1343 1996 τις
1381 1927 1520 1986 εἶναι
1557 1933 1723 1997 δοκεῖ,
1769 1933 1907 2005 πλὴν

322 2022 427 2094 τῆς
486 2023 621 2091 πρὸς
662 2022 752 2075 τὸν
790 2023 921 2076 Θεὸν
957 2024 1287 2093 ὁμοιώσεως.
1345 2025 1418 2078 Τὸ
1474 2025 1531 2078 δὲ
1578 2026 1908 2097 ὁμοιωθῆναι

323 2116 473 2188 Θεῷ,
509 2119 568 2170 τὸ
616 2116 823 2171 δίκαιόν
870 2133 928 2169 τε
980 2117 1072 2170 καὶ
1123 2118 1268 2171 ὅσιον
1308 2119 1400 2172 καὶ⁵
1449 2118 1674 2186 ἀγαθὸν,
1710 2119 1909 2174 καὶτὰ

324 2207 553 2261 τοιαῦτα
587 2209 700 2260 ἐστι
738 2207 1008 2275 γενέσθαι.
1041 2202 1139 2260 Ὧν
1165 2208 1219 2261 εἴ
1249 2226 1356 2275 τις,
1397 2209 1475 2272 ὡς
1512 2210 1627 2263 ἔστι
1662 2210 1906 2275 δυνατὸν,

326 2301 453 2362 τοὺς
493 2300 841 2370 χαρακτῆρας
868 2300 1114 2371 ἐναργῶς
1140 2302 1196 2353 ἐν
1226 2300 1405 2371 ἐαυτῷ
1423 2302 1745 2364 τυπώσειεν,
1774 2302 1912 2371 ἀμο-

328 2394 457 2461 γητὶ
480 2391 619 2445 κατὰ
646 2392 706 2444 τὸ
733 2391 1037 2461 αὐτόματον
1067 2391 1202 2462 πρὸς
1224 2392 1315 2444 τὸν
1334 2391 1580 2462 οὐράνιον
1605 2391 1781 2463 χῶρον
1802 2391 1910 2443 ἀπὸ

325 2478 422 2532 τοῦ
484 2480 765 2550 περιγείου
823 2482 1219 2551 μεταστήσεται
1270 2481 1405 2551 βίου.
1450 2482 1524 2534 Ού
1565 2486 1673 2552 γὰρ
1710 2482 1909 2552 τοπικὴ

326 2575 421 2627 τοῦ
466 2573 622 2626 Θείου
678 2572 812 2646 πρὸς
865 2574 925 2626 τὸ
964 2573 1301 2646 ἀνθρώπινόν
1348 2575 1496 2628 ἐστιν
1533 2577 1566 2646 ή
1608 2575 1909 2641 διάστασις,

327 2667 469 2721 ὥστε
509 2666 649 2730 τινὸς
677 2670 919 2737 μηχανῆς
964 2684 1024 2720 τε
1061 2668 1193 2737 ἡμῖν
1231 2668 1325 2720 καὶ
1361 2666 1622 2729 ςέπινοίας
1657 2666 1910 2735 γενέσθαι

328 2760 541 2831 χρείαν,
577 2759 638 2811 τὸ
675 2758 810 2830 βαρύ
849 2776 908 2810 τε
963 2759 1056 2812 καὶ¹
1096 2758 1355 2830 ἐμϐριθὲς
1389 2760 1482 2811 καὶ
1520 2758 1720 2828 γεῶδες
1755 2757 1913 2811 τοῦτο

330 2851 555 2922 σαρκίον
592 2852 728 2922 πρὸς
765 2851 864 2921 τὴν
893 2850 1180 2921 ἀσώματόν
1209 2867 1268 2903 τε
1296 2852 1389 2904 καὶ⁸
1409 2850 1601 2922 νοερὰν
1637 2849 1912 2920 διαγωγὴν

332 2942 660 3014 μετοικίζειν
685 2960 697 2973 ’
739 2942 873 2995 ἀλλὰ
912 2943 1117 3013 νοητῶς
1144 2942 1245 3012 τῆς
1270 2942 1473 3012 ἀρετῆς
1494 2942 1587 2994 τοῦ
1616 2940 1785 2994 κακοῦ
1817 2959 1913 2994 κε-

329 3036 704 3107 χωρισμένης,
746 3037 802 3087 ἐν
854 3035 990 3107 μόνῃ
1027 3038 1092 3105 τῇ
1133 3034 1447 3107 προαιρέσει
1487 3033 1581 3087 τοῦ
1625 3033 1912 3101 ἀνθρώπου

332 3130 530 3189 κεῖται,
596 3127 733 3197 πρὸς
792 3127 928 3197 ὅπερ
964 3126 1030 3179 ἂν
1070 3126 1375 3196 ἐπικλιθείη
1413 3128 1479 3196 τῇ
1529 3124 1813 3195 ἐπιθυμίᾳ,
1854 3126 1913 3177 ἐν

2008 655 2097 699 tur
2128 647 2240 701 illic
2268 647 2513 701 reversio
2543 650 2610 702 ad
2647 652 2879 718 patriam
2912 652 3096 705 sedem
3121 662 3365 721 paterna:
3397 653 3590 707 buma-

2005 735 2197 790 nitatis
2223 736 2557 793 adolescenti
2580 754 2748 793 causa
2777 741 2985 794 exstitit
3004 741 3202 810 (patria
3230 750 3407 795 autem
3431 743 3590 796 setius

2005 836 2123 882 erat
2154 829 2377 893 coelum,
2410 829 2465 881 in
2500 830 2647 897 quod
2684 846 2743 884 se
2772 846 3033 900 peccasse
3061 832 3127 886 ad
3162 841 3371 905 patrem
3396 831 3549 900 dicit)
3578 848 3592 883 :

2008 919 2085 974 ita
2117 920 2283 974 etiam
2315 919 2405 974 hic
2431 921 2563 975 mihi
2597 922 2883 986 Dominus,
2908 924 3037 977 dum
3063 926 3342 981 caelestem
3371 926 3585 981 Patrem

2008 1009 2376 1066 invocandum
2408 1026 2533 1067 esse
2571 1011 2751 1073 docet.
2784 1014 2984 1068 bonam
3042 1016 3187 1069 illam
3244 1016 3477 1086 patriam
3532 1018 3588 1070 in

2008 1102 2329 1157 memoriam
2387 1102 2636 1173 redigere
2683 1104 2781 1159 tibi
2817 1104 3054 1171 videtur,
3094 1117 3151 1160 ut
3196 1107 3589 1163 vehementiori

2008 1193 2278 1247 bonorum
2311 1193 2510 1263 injecto
2533 1194 2808 1251 desiderio
2830 1199 2989 1251 sistat
3013 1208 3064 1253 te
3095 1214 3290 1253 rursus
3319 1205 3374 1253 in
3400 1201 3487 1253 via
3517 1202 3588 1256 ad

2006 1286 2241 1355 patriam
2274 1286 2576 1341 reducenti.
2612 1286 2711 1341 Via
2743 1296 2924 1343 autem
2962 1305 3080 1358 quae
3110 1300 3360 1345 naturam
3391 1293 3586 1346 huma-

2007 1394 2133 1433 nam
2169 1379 2238 1433 ad
2287 1380 2487 1434 caalum
2522 1380 2799 1444 subducit,
2849 1382 2999 1435 nulla
3036 1388 3120 1435 est
3148 1382 3276 1443 alia,
3327 1383 3435 1438 nisi
3463 1384 3590 1453 luga

2006 1480 2062 1527 et
2101 1471 2290 1526 vitatio
2321 1473 2578 1527 vitiorum
2619 1481 2988 1528 terrenarum.
3040 1473 3211 1527 Porro
3255 1473 3395 1543 fuga:
3432 1476 3592 1529 vitio-

2007 1577 2129 1617 rum
2165 1563 2304 1618 ratio
2335 1563 2465 1617 mibi
2498 1579 2607 1619 non
2644 1565 2745 1618 alia
2790 1565 2915 1618 iniri
2956 1581 3117 1635 posse
3145 1566 3379 1629 videtur,
3424 1581 3590 1636 quam

2009 1654 2056 1710 si
2088 1652 2183 1708 Dei
2216 1654 2428 1709 similes
2456 1655 2772 1709 evadamus.
2825 1653 2939 1710 Deo
2969 1665 3154 1711 autem
3188 1657 3422 1713 similem
3448 1656 3589 1721 ﬁeri,

2007 1755 2092 1801 est
2114 1746 2328 1815 justum
2357 1748 2558 1815 pariter
2586 1762 2651 1801 ac
2680 1756 2955 1812 sanctum,
2986 1748 3212 1811 bonum,
3242 1756 3296 1803 ct
3320 1748 3590 1816 ejusmodi

2008 1836 2306 1892 virtutibus
2358 1836 2645 1907 praeditum
2706 1838 2853 1891 lieri:
2914 1853 3149 1908 quarum
3206 1838 3491 1902 virtutum,
3545 1838 3593 1892 si

2009 1929 2156 1999 quis,
2190 1930 2370 1998 quoad
2399 1929 2520 1996 ejus
2553 1927 2669 1982 ﬁeri
2700 1935 2901 1997 potest,
2943 1928 3181 1998 insignia
3212 1925 3503 1981 manifesta
3535 1925 3595 1981 in

2009 2036 2133 2079 sese
2161 2021 2519 2091 impresserit,
2552 2020 2672 2075 sine
2698 2021 2902 2084 labore,
2953 2022 3213 2089 nulloque
3239 2020 3460 2090 negotio
3499 2034 3596 2089 per

2010 2129 2071 2170 se
2098 2128 2308 2183 suaque
2338 2122 2534 2182 sponte
2560 2127 2591 2165 a
2624 2121 2841 2167 terrena
2863 2113 2974 2165 vita
3005 2112 3073 2166 ad
3100 2112 3380 2167 caelestem
3412 2110 3593 2165 locum

2011 2204 2394 2261 transferetur.
2433 2203 2550 2259 Non
2582 2206 2728 2259 enim
2764 2204 2869 2258 loci
2911 2204 3199 2259 intervallo
3226 2217 3428 2257 numen
3454 2202 3599 2256 divi-

2010 2314 2142 2352 num
2182 2298 2250 2350 ab
2280 2297 2522 2349 humano
2558 2310 2760 2366 genere
2800 2297 2993 2358 distat,
3035 2303 3095 2348 ut
3126 2294 3309 2364 aliqua
3342 2294 3597 2348 machina

2012 2390 2174 2444 nobis
2200 2398 2365 2457 atque
2401 2388 2711 2457 excogitato
2743 2387 2979 2441 artiﬁcio
3007 2387 3078 2442 sit
3122 2402 3284 2456 opus,
3338 2399 3450 2454 quo
3482 2386 3599 2440 bace

2013 2483 2216 2552 gravis,
2248 2481 2558 2551 ponderosa
2600 2490 2763 2549 atque
2802 2487 3021 2534 terrena
3052 2478 3354 2531 caruncula
3404 2476 3471 2530 ad
3509 2477 3598 2531 in-

2013 2589 2334 2645 corpoream
2380 2572 2590 2644 pariter
2631 2581 2686 2626 et
2723 2571 3151 2626 intellectualem
3207 2571 3596 2625 habitationem

2012 2669 2369 2729 traducatur;
2409 2664 2503 2720 sed
2537 2665 2742 2718 virtute
2773 2679 2803 2716 a
2832 2662 2990 2725 vitio,
3026 2670 3190 2732 prout
3231 2662 3596 2731 intelligentia

2013 2760 2220 2830 percipi
2245 2758 2431 2822 datur,
2481 2764 2756 2829 separata,
2793 2757 2845 2810 in
2878 2757 2997 2811 solo
3025 2756 3191 2810 animi
3223 2755 3447 2810 humani
3476 2770 3603 2825 pro-

2012 2854 2191 2923 posito
2220 2851 2386 2907 situm
2418 2858 2521 2915 est,
2577 2861 2634 2904 ut
2660 2864 2990 2921 quocunque
3020 2849 3320 2918 cupiditate
3360 2849 3599 2903 inclina-

2013 2954 2103 3001 tus
2124 2945 2218 3011 sit,
2255 2945 2309 2998 in
2339 2958 2407 2999 eo
2434 2953 2699 2997 versetur.
2730 2940 3002 3008 Quoniam
3034 2943 3203 3012 igitur
3229 2943 3413 2997 nullus
3444 2942 3603 2996 labor

2014 3037 2283 3094 sumendo
2315 3046 2479 3106 atque
2504 3035 2756 3106 eligendo
2782 3036 2926 3089 bono
2955 3035 3164 3100 subest,
3195 3043 3359 3104 atque
3380 3035 3605 3089 electio-

2015 3147 2138 3186 nem
2174 3132 2336 3186 etiam
2385 3129 2606 3199 adeptio
2655 3144 3059 3199 successusque
3098 3144 3327 3199 prosper
3354 3130 3603 3198 sequitur

332 3218 529 3288 ἐκείνῳ
561 3210 719 3271 εἶναι.
773 3216 925 3268 Ἐπεὶ
951 3212 1043 3270 οὖν
1070 3215 1242 3279 οὐδεὶς
1280 3216 1469 3268 ἕπεται
1500 3216 1657 3278 πόνος
1698 3215 1911 3268 ἑλέσθαι

2017 3239 2228 3287 eorum,
2270 3237 2392 3293 quae
2437 3221 2539 3276 sibi
2571 3220 2806 3290 quisque
2850 3221 3087 3289 sumpsit
3126 3228 3180 3275 et
3219 3221 3418 3290 elegit:
3475 3219 3604 3275 licet

330 3310 394 3363 τὸ
421 3308 624 3377 ἀγαθὸν
676 3307 794 3379 (τῷ
827 3308 884 3361 δέ
923 3306 1134 3362 ἑλέσθαι
1168 3308 1263 3361 καὶ
1301 3306 1359 3360 τὸ
1387 3308 1568 3376 τυχεῖν
1605 3306 1795 3359 ἕπεται
1835 3299 1911 3359 ὧν

331 3418 418 3464 τις
443 3400 765 3471 προείλετο),
792 3399 975 3466 ἔξεστί
1009 3416 1089 3455 σοι
1123 3398 1283 3463 εὐθὺς
1321 3400 1378 3451 ὲν
1406 3403 1484 3469 τῴ
1511 3397 1723 3469 ούρανῷ
1748 3394 1909 3463 εἶναι,

331 3493 423 3546 τὸν
447 3492 578 3545 Θεὸν
617 3495 674 3547 ἐν
693 3494 760 3562 τῇ
796 3490 1249 3563 διανοίᾳλαὸόντι.
1284 3490 1349 3544 Εἰ
1387 3490 1514 3560 γὰρ.
1548 3489 1729 3552 καθώς
1748 3506 1911 3559 φησιν

331 3586 363 3638 6
406 3585 857 3654 Ἑκκλησιαστὴς,
905 3586 957 3637 Ὀ
989 3584 1133 3651 Θεὸς
1162 3584 1231 3636 ἐν
1260 3582 1340 3648 τῷ
1373 3581 1627 3650 οὐρανῷ,
1658 3584 1722 3635 σὺ
1750 3582 1806 3635 δὲ
1834 3582 1912 3653 τῷ

334 3676 489 3747 Θεῷ,
530 3677 671 3729 κατὰ
701 3676 792 3729 τὸν
839 3673 1133 3749 Προφήτην
1180 3676 1651 3748 προσεκολλήθης’
1698 3679 1910 3751 ἀνάγκη

335 3774 489 3825 πᾶσα
526 3770 616 3824 τὸν
645 3769 721 3841 τῷ
758 3768 875 3840 Θεῷ
908 3769 1247 3841 συνημμένον
1281 3771 1396 3823 ἐκεῖ
1433 3766 1571 3822 εἶναι
1608 3770 1740 3823 ὅπου
1766 3772 1913 3825 ἐστὶν

334 3867 366 3919 6
391 3864 544 3928 Θεός.
574 3862 888 3937 Προστάξας
913 3862 1091 3915 τοίνυν
1110 3863 1168 3914 ἐν
1189 3865 1254 3933 τῇ
1276 3864 1550 3933 προσευχῇ
1574 3861 1750 3931 λέγειν
1777 3862 1914 3932 πρὸς

336 3958 532 4011 ἑαυτοῦ
570 3957 660 4011 τὸν
697 3955 850 4019 Θεὸν,
887 3953 1038 4008 οὐδὲν
1076 3940 1284 4025 ἕτερον,
1318 3954 1353 4025 ἢ
1392 3954 1707 4026 ὁμοιοῦσθαί
1745 3970 1807 4006 σε
1845 3957 1912 4024 τῇ

337 4049 631 4119 θεοπρεπεῖ
667 4045 909 4118 πολιτείᾳ
938 4044 1016 4117 τῷ
1051 4046 1287 4116 οὐρανίῳ
1319 4044 1528 4099 κελεύει
1557 4046 1749 4115 Πατρὶ,
1780 4045 1915 4099 καθ-

338 4143 483 4211 άπερ
522 4140 615 4193 καὶ
653 4138 1030 4210 φανερώτερον
1070 4136 1297 4209 ἑτέρωθι
1335 4136 1396 4190 τὸ
1430 4137 1669 4190 τοιοῦτον
1706 4155 1915 4209 παρεγ-

337 4236 480 4303 γυᾷ,
532 4232 737 4301 λέγων’
775 4232 1031 4286 Γίνεσθε
1073 4231 1316 4295 τέλειοι,
1373 4232 1456 4295 ὡς
1496 4230 1595 4284 καὶ
1643 4233 1677 4286 δ
1713 4230 1917 4300 Πατὴρ

338 4325 508 4395 ὑμῶν
545 4329 576 4379 ό
613 4325 882 4393 οὐράνιος
915 4324 1139 4391 τέλειός
1169 4324 1360 4378 ἐστιν.

411 4420 475 4471 Εἰ
546 4415 638 4472 οὖν
695 4420 1028 4489 νενοήκαμεν
1075 4419 1173 4487 τῆς
1199 4418 1453 4489 τοιαύτης
1483 4417 1794 4490 προσευχῆς
1820 4416 1919 4487 τὴν

2018 3314 2114 3368 tibi
2146 3314 2332 3368 statim
2375 3327 2500 3367 esse
2530 3312 2585 3365 in
2611 3312 2776 3375 ccelo,
2827 3311 2920 3365 ubi
2951 3310 3119 3366 Deum
3154 3313 3210 3365 in
3241 3320 3423 3367 mente
3448 3327 3604 3367 sum-

2017 3404 2215 3475 pseris.
2251 3402 2386 3458 Nam
2415 3403 2484 3466 si,
2518 3412 2576 3456 ut
2600 3399 2962 3457 Ecclesiastes
2991 3402 3191 3472 inquit,
3228 3401 3367 3457 Deus
3398 3403 3453 3455 in
3476 3404 3604 3455 caelo

2017 3498 2191 3553 est“:
2244 3506 2304 3550 tu
2338 3511 2469 3551 vero
2520 3494 2652 3561 Deo,
2694 3496 2997 3551 secundum
3033 3495 3389 3565 Prophetam,
3446 3491 3601 3565 quasi

2019 3587 2391 3661 agglutinatus
2421 3602 2482 3643 es
2511 3596 2566 3642 et
2595 3587 2843 3641 adbares
2863 3588 2941 3653 ης
2978 3586 3206 3639 omnino
3240 3599 3465 3640 necesse
3494 3594 3604 3647 est,

2021 3692 2080 3737 ut
2113 3680 2227 3736 Deo
2253 3680 2588 3750 coniunctus
2615 3679 2727 3734 illic
2765 3679 2856 3743 sit,
2908 3679 3002 3733 ubi
3030 3676 3174 3733 Deus
3199 3684 3305 3731 est.
3337 3676 3475 3731 Cum
3506 3676 3611 3746 igi-

2022 3784 2113 3829 tur
2137 3772 2477 3844 praceperit,
2510 3782 2571 3826 ut
2616 3772 2671 3827 in
2705 3771 2957 3827 oratione
2984 3770 3155 3826 Deum
3186 3768 3402 3825 Patrem
3451 3776 3606 3823 tuum

2021 3866 2197 3930 dicas,
2223 3881 2335 3919 non
2375 3864 2564 3926 alium.
2602 3879 2767 3934 quam
2806 3879 2900 3933 per
2932 3864 3174 3917 divinum
3218 3862 3344 3916 vitae
3371 3862 3610 3917 institu-

2022 3970 2139 4016 tum
2181 3968 2234 4015 te
2263 3958 2480 4014 caelesti
2514 3955 2663 4010 Patri
2696 3955 2931 4011 similem
2965 3954 3081 4009 ﬁeri
3126 3954 3303 4023 jubet,
3340 3953 3606 4022 quemad-

2023 4052 2243 4106 modum
2291 4052 2454 4105 etiam
2502 4049 2631 4103 alibi
2682 4048 2923 4117 apertius
2965 4046 3016 4101 id
3063 4046 3319 4107 mandat,
3375 4044 3599 4098 dicens:

2025 4143 2158 4199 Sitis
2185 4144 2421 4211 perfecti,
2458 4143 2594 4194 sicut
2628 4141 2791 4195 etiam
2826 4138 2991 4192 Pater
3023 4149 3193 4192 vester
3222 4136 3449 4190 caelestis
3487 4149 3608 4205 per-

2027 4239 2194 4299 fectus
2232 4246 2309 4289 est
2334 4234 2400 4288 “.

2100 4416 2157 4472 Si
2196 4417 2361 4488 igitur
2389 4414 2758 4470 intelleximus
2788 4410 3057 4481 ejusmodi
3080 4408 3360 4472 ,orationis
3386 4416 3609 4463 senten-

339 4511 601 4571 διάνοιαν,
654 4510 844 4581 καιρὸς
876 4510 942 4564 ἂν
990 4509 1075 4580 εἴη
1115 4508 1549 4580 παρασκευάζειν
1585 4508 1795 4562 ἐαυτῶν
1821 4508 1912 4571 τὰς

2026 4511 2155 4565 tiam
2183 4548 2198 4573 ,
2255 4516 2470 4576 tempus
2521 4505 2687 4559 fuerit
2717 4505 2933 4558 animos
2968 4509 3187 4557 nostros
3239 4498 3609 4571 praeparandi,

339 4603 539 4674 ψυχὰς,
576 4604 717 4658 ὥστε
740 4604 870 4657 ποτέ
914 4602 1185 4673 θαρσῆσαι
1212 4601 1313 4665 τὰς
1336 4601 1515 4669 φωνὰς
1552 4600 1751 4665 ταύτας
1790 4601 1921 4654 dwa-

340 4696 525 4750 λαϐεῖν
545 4695 633 4748 διὰ
672 4696 957 4766 στόματος,
982 4695 1075 4746 καὶ
1101 4696 1272 4747 εἰπεῖν
1298 4694 1355 4747 ἐν
1386 4693 1688 4764 παρρησίᾳ·
1730 4691 1921 4757 Πάτερ

341 4786 533 4857 ἡμῶν,
562 4792 594 4842 ό
619 4788 688 4841 ἐν
715 4787 839 4853 τοῖς
867 4785 1162 4856 οὐρανοῖς.
1202 4786 1411 4855 Ὥσπερ
1447 4784 1557 4856 γὰρ
1585 4784 1793 4853 φανερὰ
1822 4785 1922 4854 τῆς

344 4879 481 4950 πρὸς
509 4877 599 4931 τὸν
641 4876 773 4931 Θεὸν
824 4876 1141 4948 ὁμοιότητός
1190 4878 1306 4929 ἐστι
1336 4877 1404 4929 τὰ
1440 4875 1817 4946 γνωρίσματα,
1854 4875 1921 4928 δι’

343 4965 420 5025 ὧν
440 4971 552 5024 ἐστι
572 4970 757 5024 τέκνον
778 4969 911 5023 Θεοῦ
939 4968 1191 5037 γενέσθαι
1217 4970 1338 5023 τινὰ
1359 4969 1550 5038 (Ὅσοι
1570 4966 1679 5037 γὰρ
1699 4968 1921 5021 ἔλαϐον

343 5063 554 5122 αὑτὸν.
574 5063 756 5134 φησιν,
787 5061 1009 5115 ἔδωκεν
1028 5059 1237 5125 αὐτοῖς
1256 5060 1548 5122 ἐξουσίαν
1569 5059 1750 5113 τέκνα
1773 5055 1922 5113 Θεοῦ

345 5153 642 5226 γενέσθαι·
678 5153 943 5223 λαμϐάνει
974 5153 1031 5206 δέ
1061 5170 1143 5216 τις
1182 5153 1238 5205 ἐν
1261 5150 1439 5222 ἐαυτῷ
1464 5150 1555 5204 τὸν
1583 5150 1736 5213 Θεὸν,
1768 5152 1797 5203 6
1824 5149 1923 5219 τὴν

346 5249 489 5303 κατὰ
540 5249 599 5301 τὸ
636 5247 839 5316 ἀγαθὸν
873 5244 1155 5300 ἀναλαϐὼν
1206 5245 1538 5317 τελειότητα)
1560 5260 1575 5276 ο
1606 5242 1778 5306 οὓτως
1808 5241 1924 5295 ἐστι

346 5344 469 5399 τινὰ
520 5344 615 5396 καί
665 5342 760 5395 τοῦ
807 5342 1044 5414 πονηροῦ
1085 5343 1433 5413 χαρακτῆρος
1473 5341 1578 5394 ἴδια
1612 5344 1831 5411 σημεῖα,
1866 5341 1924 5392 ἐν

343 5431 427 5498 οἷς
450 5437 479 5488 6
503 5436 813 5505 γενόμενος,
842 5436 953 5498 υίὸς
976 5435 1112 5489 Θεοῦ
1131 5433 1269 5489 εἶναι
1299 5436 1358 5488 ού
1390 5434 1631 5496 δύναται,
1653 5435 1751 5503 τῆς
1774 5436 1925 5486 ἐναν-

344 5530 467 5592 τίας
506 5528 719 5597 φύσεως
763 5528 861 5600 τὴν
898 5530 1079 5582 είκόνα
1119 5528 1318 5599 φέρων.
1365 5525 1554 5580 Βούλει
1592 5526 1792 5594 γνῶναι
1832 5524 1925 5577 τοῦ

348 5620 589 5693 πονηροῦ
640 5623 988 5693 χαρακτῆρος
1034 5622 1102 5675 τὰ
1142 5620 1443 5691 ίδιώματα;
1496 5620 1553 5672 ὐ
1593 5618 1805 5687 φθόνος,
1866 5618 1928 5669 τὸ

351 5716 533 5785 μῖσος,
563 5716 598 5786 ἡ
620 5714 859 5786 διαϐολὴ,
903 5715 932 5766 6
978 5714 1167 5785 τῦφος,
1200 5714 1234 5785 ὴ
1272 5711 1576 5778 πλεονεξία,
1614 5714 1647 5783 ή
1677 5710 1927 5782 ἐμπαθὴς

2024 4612 2083 4657 ut
2112 4599 2410 4671 aliquando
2458 4601 2758 4653 audeamus
2812 4596 2911 4650 bas
2951 4609 3118 4649 voces
3158 4607 3378 4649 sumere
3428 4591 3482 4645 in
3518 4607 3610 4657 os,

2022 4711 2086 4750 ac
2114 4696 2300 4749 dicere
2325 4709 2452 4747 cum
2486 4691 2707 4752 ﬁducia,
2740 4688 2903 4742 Pater
2932 4698 3127 4749 noster,
3158 4687 3247 4757 qui
3276 4702 3329 4740 es
3357 4686 3411 4738 in
3438 4685 3605 4739 caelis.

2023 4784 2496 4853 Quemadmodum
2543 4782 2690 4837 enim
2724 4779 3103 4835 similitudinis
3126 4794 3248 4833 cum
3290 4777 3401 4833 Deo
3430 4779 3609 4832 mani-

2025 4880 2160 4935 festa
2194 4888 2324 4933 sunt
2352 4876 2575 4938 indicia,
2614 4889 2711 4943 per
2739 4887 2862 4942 quae
2904 4870 3051 4927 ﬁlius
3091 4871 3185 4927 Dei
3216 4870 3330 4925 ﬂeri
3357 4871 3481 4941 quis
3513 4884 3610 4938 po-

2024 4980 2131 5027 test
2163 4970 2459 5041 (Quotquot
2498 4967 2637 5021 enim
2682 4974 2982 5032 receperunt
3023 4980 3174 5027 eum,
3229 4964 3424 5034 inquit,
3463 4961 3608 5015 dedit

2023 5064 2097 5117 eis
2130 5069 2462 5131 potestatem,
2496 5068 2555 5111 ut
2594 5056 2696 5126 ﬁlii
2720 5055 2815 5109 Dei
2866 5059 3049 5125 ﬁerent
3072 5055 3154 5108 ’δτι
3190 5055 3385 5123 recipit
3424 5061 3607 5106 autem

2026 5151 2227 5219 aliquis
2255 5148 2310 5202 in
2346 5162 2470 5202 sese
2508 5144 2702 5207 Deum,
2747 5144 2841 5213 qui
2876 5142 3003 5198 boni
3038 5142 3426 5211 perfectionem
3458 5152 3608 5192 rece-

2028 5244 2138 5314 pit)
2163 5256 2176 5292 :
2204 5238 2279 5292 ita
2304 5238 2468 5293 etiam
2490 5236 2722 5307 improbi
2770 5235 3050 5291 simulacri
3080 5248 3177 5287 sua
3205 5230 3448 5301 quaedam
3476 5236 3606 5282 sunt

2027 5341 2216 5406 signa,
2271 5334 2473 5402 quibus
2526 5330 2821 5401 insignitus
2868 5343 2991 5383 esse
3034 5327 3179 5380 Illius
3221 5322 3314 5377 Dei
3365 5336 3474 5376 non
3504 5334 3604 5391 po-

2027 5436 2134 5483 test
2188 5436 2377 5496 utpote
2435 5422 2726 5479 contrariae
2790 5431 2997 5474 naturae
3047 5416 3336 5486 imaginem
3387 5429 3602 5485 gerens.

2034 5521 2124 5577 Vis
2166 5533 2500 5592 cognoscere
2542 5515 2778 5587 improbi
2815 5511 3094 5569 simulacri
3124 5509 3373 5581 proprias
3407 5510 3610 5561 notas?

2030 5614 2255 5677 invidia,
2276 5612 2485 5674 odium,
2508 5606 2807 5669 calumnia,
2839 5603 3115 5673 superbia,
3139 5596 3603 5661 avaritia,vitiosa

2030 5708 2320 5779 cupiditas,
2373 5703 2551 5758 insani
2603 5700 2792 5770 gloriae
2838 5695 3009 5754 studii
3060 5694 3326 5750 morbus:
3383 5692 3499 5745 hac
3546 5695 3605 5742 et

424 5898 469 5932 “
507 5898 684 5955 Eccle.
714 5914 768 5966 ν,
805 5898 853 5952 1.
930 5896 978 5929 ⁸⁵
1015 5894 1158 5951 Psal.
1196 5910 1383 5965 Lutt,
1420 5893 1510 5951 28.
1587 5894 1631 5926 “
1669 5891 1858 5949 Matth.
1901 5910 1912 5938 η

2017 5893 2079 5948 ,8.
2158 5892 2201 5923 ⁸⁷
2240 5888 2395 5945 Joan.
2442 5903 2494 5951 t,
2536 5881 2621 5939 12.
