4004 6518
448 437 583 496 H47

1677 436 1734 492 S.
1768 434 2098 494 GREGORII
2136 437 2427 495 NYSSENI

3560 438 3707 497 H48

446 555 718 627 ejusmodi
753 563 903 622 sunt,
933 555 1138 625 quibus
1167 553 1340 610 forma
1380 555 1677 612 adversarii
1729 560 2020 628 insignitur

2136 558 2407 628 ἐπιθυμία,
2469 557 2532 610 τὺ
2590 555 2730 610 κατὰ
2779 555 2878 625 τὴν
2935 520 3254 627 δοξομανίαν
3319 554 3699 628 άρρώπημαο

447 658 612 721 atque
657 658 901 704 notatur.
936 648 1109 717 Cujus
1151 647 1319 719 igitur
1348 648 1566 704 animus
1607 649 1877 719 ejusmodi
1908 665 2024 704 ma-

448 744 590 797 culis
627 749 680 796 et
725 741 870 796 notis
919 740 1161 795 inlectus
1200 748 1256 795 et
1305 741 1524 796 inustus
1559 751 1662 806 est,
1716 743 1761 796 si
1813 751 2021 812 patrem

449 835 808 898 invocaverit,
851 843 972 889 uter
1003 835 1053 888 ei
1079 843 1230 904 pater
1257 835 1629 889 auscultabit?
1661 836 1918 890 nimirum
1951 837 2020 900 is,

449 929 542 996 qui
582 935 848 997 cognatus
885 935 966 981 est
995 927 1272 980 invocanti
1300 946 1312 981 :
1352 928 1398 980 is
1430 936 1613 982 autem
1647 943 1755 981 non
1789 928 1881 982 ille
1910 942 2024 982 cm-

453 1021 626 1083 lestis,
664 1019 759 1074 sed
791 1019 1184 1075 subterraneus
1208 1029 1312 1076 est.
1343 1021 1517 1090 Cujus
1544 1021 1688 1074 enim
1716 1020 1867 1091 signa
1897 1036 2024 1091 pro-

450 1111 611 1164 ximae
639 1111 985 1180 cognationis
1020 1111 1181 1179 gerit,
1232 1111 1324 1165 ille
1363 1126 1518 1165 suam
1552 1111 1775 1164 omnino
1822 1125 2023 1180 cogna—

451 1206 653 1258 tionem
688 1214 962 1271 agnoscet.
1009 1203 1277 1268 Quocirca
1318 1203 1553 1272 improbi
1595 1210 1757 1272 atque
1805 1201 2023 1257 scelesti

454 1295 691 1350 hominis
719 1296 920 1359 oratio,
956 1295 1200 1364 quandiu
1232 1296 1286 1348 in
1315 1295 1659 1364 improbitate
1689 1295 1874 1358 fuerit,
1906 1295 2024 1348 dia-

451 1384 562 1437 boli
593 1383 864 1438 invocatio
891 1395 1002 1439 est:
1043 1393 1097 1438 at
1129 1384 1270 1452 ejus,
1301 1387 1394 1454 qui
1424 1385 1696 1440 destiterit
1725 1385 1792 1439 ab
1821 1385 2025 1454 impro-

452 1475 645 1534 hitate.
677 1483 732 1528 et
763 1476 895 1529 vivit
939 1477 993 1530 in
1030 1477 1295 1539 bonitate,
1333 1475 1535 1530 bonum
1568 1477 1780 1533 Patrem
1805 1491 1907 1530 vox
1940 1476 2025 1530 in-

451 1567 690 1622 vocabit.
717 1567 852 1622 Cum
902 1569 1066 1638 igitur
1096 1570 1500 1624 accesserimus
1531 1562 1598 1622 ad
1626 1567 1819 1633 Deum,
1870 1570 2024 1639 prius

453 1656 620 1709 vitam
659 1657 1038 1726 inspiciamus,
1084 1673 1152 1712 an
1183 1658 1394 1728 aliquid
1431 1657 1654 1730 dignum
1698 1660 2024 1730 cognatione

453 1748 636 1802 divina
677 1750 733 1802 in
784 1749 944 1804 nobis
984 1763 1272 1820 geramus;
1330 1749 1526 1805 deinde
1576 1765 1705 1806 vero
1754 1751 2023 1820 ejusmodi

456 1837 679 1892 verbum
731 1839 975 1909 proferre
1008 1841 1344 1895 audeamus:
1389 1842 1480 1912 qui
1525 1842 1666 1895 enim
1696 1841 1910 1897 Patrem
1943 1843 2026 1897 di-

454 1942 580 1984 cere
615 1929 804 1998 jussit,
850 1931 1195 1986 mendacium
1226 1933 1408 1987 dicere
1434 1947 1541 1987 non
1572 1933 1839 2002 permisit.
1877 1934 2026 2000 Quo-
2054 1921 2098 1975 Β

455 2019 602 2074 circa
635 2021 730 2092 qui
780 2023 854 2075 ita
883 2022 1051 2076 vitam
1086 2023 1406 2090 instituerit,
1439 2030 1500 2077 ut
1527 2024 1764 2078 divinam
1809 2027 2024 2096 generis

455 2112 795 2169 nobilitatem
831 2115 1012 2179 decet,
1061 2115 1108 2169 is
1139 2123 1285 2169 recte
1330 2115 1394 2168 ad
1425 2115 1702 2171 caelestem
1750 2116 2026 2173 civitatem

456 2212 688 2272 spectat,
716 2213 772 2258 et
791 2202 1004 2260 Patrem
1026 2205 1290 2259 calorum
1319 2221 1524 2276 regem,
1546 2216 1600 2261 et
1619 2208 1848 2277 patriam
1872 2223 2026 2262 suam

455 2295 736 2350 cmlestem
757 2295 1047 2350 nominans
1067 2295 1480 2351 beatitudinem.
1516 2295 1766 2362 Quonam
1792 2299 2028 2368 pertinet

456 2379 605 2435 illius
637 2382 854 2437 consilii
901 2384 1244 2452 propositum
1277 2392 1440 2455 atque
1483 2385 1759 2441 intentio?
1804 2385 1879 2440 Ea
1907 2403 2030 2457 qua:

458 2488 625 2543 supra
659 2483 806 2538 sunt,
839 2477 1148 2546 cogitanda,
1191 2477 1283 2531 ubi
1318 2476 1496 2532 Deus:
1533 2478 1643 2533 illic
1677 2477 2028 2535 fundamenta

457 2565 812 2624 habitationis
861 2584 975 2623 sua:
1017 2570 1215 2638 cuique
1239 2569 1496 2639 jacienda
1535 2586 1692 2638 esse;
1746 2573 1858 2626 illic
1906 2574 2028 2629 the-

458 2673 653 2714 sauros
699 2659 1048 2714 condendos:
1098 2661 1226 2714 illuc
1281 2677 1376 2716 cor
1408 2677 1565 2716 suum
1611 2679 1884 2733 quemque
1915 2673 2029 2719 tra-

459 2749 662 2804 ducere
693 2748 891 2804 debere
917 2767 932 2816 ;
975 2751 1066 2806 ubi
1095 2753 1242 2806 enim
1283 2754 1594 2820 thesaurus,
1641 2755 1715 2809 ibi
1746 2757 1906 2810 etiam
1934 2770 2031 2811 cor

460 2848 546 2893 est
566 2838 650 2894 “:
689 2841 756 2893 ad
790 2847 1070 2908 paternam
1107 2843 1255 2896 omni
1293 2853 1538 2912 tempore
1571 2846 2028 2914 pulchritudinem

460 2927 815 2996 spectandum
840 2944 980 2993 esse,
1014 2937 1068 2985 et
1093 2930 1250 3000 juxta
1279 2930 1449 2996 illam,
1482 2948 1640 2988 suum
1670 2950 2031 3005 unumquem-

461 3035 568 3087 que
613 3020 857 3074 animum
909 3035 1176 3075 exornare
1224 3022 1443 3078 debere.
1499 3023 1624 3078 Non
1675 3035 1751 3079 est
1802 3027 2031 3095 acceptio

462 3129 807 3181 personarum
839 3113 980 3184 apud
1010 3114 1198 3179 Deum,
1227 3116 1403 3186 inquit
1433 3115 1717 3188 Scriptura
1741 3121 1807 3172 δ’.
1838 3119 2032 3173 Absint

465 3205 592 3258 itum
635 3221 664 3258 a
716 3215 806 3260 tua
859 3208 1029 3261 forma
1080 3208 1214 3264 tales
1244 3211 1454 3265 sordes.
1505 3211 1587 3264 Ab
1629 3210 1830 3265 invidia
1870 3220 2033 3281 atque

2120 651 2294 704 ταῦτα
2329 653 2444 702 ἐστι
2483 649 2578 703 καὶ
2607 649 2676 702 τὰ
2690 642 3032 716 τοιαῦτα,οἵς
3055 651 3088 719 ἡ
3121 648 3303 720 μορφὴ
3333 646 3426 701 τοῦ
3457 649 3701 701 ἐναντίου

2121 741 2602 813 χαρακτηρίζεται.
2636 740 2696 793 Ὀ
2726 738 2901 793 τοίνυν
2936 741 3054 802 ταῖς
3085 738 3358 801 τοιαύταις
3396 738 3578 808 κηλίσι
3601 738 3701 810 τὴν

2121 831 2296 902 ψυχὴν
2327 829 2747 901 ὲγκεκαυμένος,
2780 828 2877 882 ἐὰν
2916 829 3128 899 πατέρα
3166 827 3390 899 καλέσῃ,
3417 831 3568 891 ποῖος
3598 829 3700 880 αὑ-

2120 923 2214 977 τὸν
2263 922 2442 994 πατὴρ
2503 920 2899 986 ὲπακούσεται;
2940 919 3148 990 Δηλαδὴ
3185 921 3212 972 ὁ
3260 919 3537 987 συγγενῶς
3567 919 3700 990 πρὸς

2122 1017 2212 1069 τὸν
2237 1014 2537 1083 κεκληκότα
2563 1012 2700 1083 ἔχων
2729 1029 2741 1042 ·
2769 1004 2923 1074 οὗτος
2957 1011 3014 1064 δέ
3047 1013 3193 1064 ἐστιν
3231 1011 3328 1079 οὐχ
3363 1013 3389 1063 ὁ
3427 1010 3698 1081 οὐράνιος,

2123 1111 2234 1164 ἀλλ’
2255 1113 2284 1164 ὁ
2310 1109 2680 1179 καταχθόνιος.
2722 1101 2796 1162 Οὗ
2842 1108 2951 1179 γὰρ
2973 1108 3040 1160 τὰ
3078 1110 3276 1177 σημεῖα
3300 1107 3455 1176 φέρει
3479 1107 3578 1176 τῆς
3600 1108 3699 1175 ἀγ-

2123 1204 2382 1274 χιστείας,
2433 1204 2638 1264 ἐκεῖνος
2663 1202 2878 1263 πάντως
2915 1201 3014 1270 τὴν
3055 1199 3189 1252 ἰδίαν
3221 1200 3541 1268 συγγένειαν
3582 1203 3702 1252 ἐπι-

2123 1293 2410 1362 γνώσεται.
2451 1292 2660 1346 Οὐκοῦν
2697 1294 2729 1364 ἠ
2777 1290 2872 1344 τοῦ
2903 1291 3141 1360 πονηροῦ
3171 1291 3362 1361 ἀνδρὸς
3397 1292 3697 1360 προσευχὴ,

2123 1386 2223 1448 ἕως
2246 1385 2310 1438 ἂν
2343 1387 2400 1438 ὲν
2420 1387 2485 1456 τῇ
2513 1385 2744 1455 πονηρίᾳ
2768 1379 2825 1457 ᾗ,
2851 1383 2944 1436 τοῦ
2977 1383 3224 1436 διαϐόλου
3249 1383 3535 1452 ἐπίκλησις
3564 1383 3706 1450 γίνεο

2122 1494 2212 1532 ται
2227 1495 2240 1508 ·
2268 1475 2360 1530 τοῦ
2396 1477 2454 1530 δὲ
2472 1476 2781 1545 ἀφεστῶτος
2810 1475 2909 1544 τῆς
2925 1475 3204 1546 πονηρίας,
3222 1475 3313 1527 καί
3330 1475 3385 1526 ἐν
3404 1472 3704 1544 ἀγαθότητι

2125 1569 2344 1634 ζῶντος,
2377 1568 2466 1621 τὸν
2511 1565 2715 1635 ἀγαθὸν
2753 1565 2972 1637 Πατέρα
3011 1567 3044 1635 ἡ
3073 1565 3221 1634 φωνὴ
3249 1563 3698 1636 προσκαλέσεται.

2127 1664 2292 1715 Ὅταν
2319 1661 2496 1715 τοίνυν
2536 1659 2848 1731 προσίωμεν
2891 1658 2969 1728 τῷ
3007 1657 3147 1727 Θεῷ,
3184 1657 3448 1728 πρότερον
3470 1656 3562 1708 τὸν
3590 1654 3706 1725 βίον

2123 1753 2604 1822 ἐπισκοπήσωμεν,
2652 1748 2704 1802 εἰ
2730 1767 2782 1803 τι
2809 1748 2910 1818 τῆς
2933 1749 3082 1810 θείας
3113 1746 3433 1816 συγγενείας
3472 1744 3620 1811 ἄξιον
3646 1747 3703 1798 ἐν

2126 1844 2335 1905 ἑαυτοῖς
2371 1839 2605 1911 φέρομεν
2625 1855 2640 1870 ο
2669 1834 2766 1892 εἷθ’
2807 1839 2950 1891 οὕτω
2993 1838 3083 1891 τὸν
3111 1837 3348 1891 τοιοῦτον
3385 1836 3541 1904 λόγον
3573 1835 3706 1906 θαρ-

2131 1934 2406 2002 σήσωμεν.
2443 1931 2500 1982 'O
2531 1929 2639 2000 γὰρ
2662 1928 2839 1996 λέγειν
2874 1928 3090 1999 Πατέρα
3119 1927 3444 1998 προστάξας,
3482 1927 3542 1978 τὸ
3571 1925 3702 1994 ψεῦ-

2130 2025 2218 2087 δος
2245 2024 2423 2091 λέγειν
2484 2021 2543 2075 οὐ
2609 2019 3002 2090 συνεχώρησεν.
3045 2019 3253 2073 Οὐκοῦν
3296 2021 3325 2072 ὁ
3377 2019 3479 2087 τῆς
3515 2017 3704 2083 θεῖκῆς

2131 2113 2408 2183 εὐγενείας
2446 2112 2612 2179 ἀξίως
2665 2110 3143 2181 πολιτευσάμενος,
3171 2105 3325 2173 οὗτος
3362 2107 3544 2171 καλῶς
3569 2107 3710 2177 πρὸς

2131 2208 2230 2277 τὴν
2248 2204 2494 2276 οὐράνιον
2532 2203 2683 2257 πόλιν
2705 2203 2828 2273 ὁρᾷ,
2862 2203 3079 2272 Πατέρα
3107 2218 3168 2255 τε
3195 2202 3284 2254 τὸν
3319 2200 3427 2254 τῶν
3457 2198 3708 2270 οὐρανῶν

2135 2297 2379 2368 βασιλέα,
2419 2296 2513 2349 καὶ
2548 2293 2780 2365 πατρίδα
2808 2292 3000 2346 ἑαυτοῦ
3029 2292 3127 2364 τὴν
3153 2292 3398 2363 οὐράνιον
3422 2290 3710 2358 ὀνομάζων

2137 2389 2629 2460 μακαριότητα.Εἰς
2653 2387 2704 2440 τί
2727 2387 2880 2458 φέρει
2900 2386 2998 2456 τῆς
3017 2403 3079 2438 συ
3088 2383 3319 2455 μὸουλῆς
3341 2385 3370 2437 ό
3389 2382 3616 2447 σκοπόςς
3639 2379 3706 2432 τὰ

2133 2481 2245 2535 ἄνω
2277 2482 2507 2551 φρονεῖν.
2550 2471 2611 2531 οὗ
2640 2480 2668 2531 ὁ
2690 2477 2849 2539 Θεόςο
2873 2477 2990 2528 ἐκεῖ
3025 2473 3300 2542 θεμελίους
3322 2473 3708 2542 τῆςσοίκήσεως

2134 2571 2327 2627 ἑαυτοῦ
2375 2568 2843 2626 καταϐάλλεσθαι·
2886 2569 3003 2620 ἐκεῖ
3051 2567 3177 2628 τοὺς
3215 2564 3518 2634 θησαυροὺς
3568 2563 3704 2615 ἀπο-

2133 2662 2407 2718 τίθεσθαι·
2448 2663 2565 2714 ἐκεῖ
2591 2660 2917 2730 μετοικίζειν
2941 2656 3130 2711 ἑαυτοῦ
3155 2655 3251 2726 τὴν
3281 2653 3714 2726 καρδίανὍπου

2133 2756 2242 2826 γάρ
2297 2756 2443 2807 ἐστιν
2489 2754 2518 2805 ὁ
2564 2751 2853 2822 θησαυρὸς,
2905 2751 3021 2802 ἐκεῖ
3077 2750 3192 2802 ἐστι
3241 2750 3332 2801 καὶ
3385 2750 3418 2818 ἡ
3469 2745 3706 2816 καρδία’

2136 2845 2271 2916 πρὸς
2291 2843 2352 2896 τὸ
2379 2843 2638 2914 πατρικὸν
2673 2842 2865 2903 κάλλος
2891 2839 3176 2902 διαπαντὸς
3204 2838 3440 2908 βλέπειν,
3470 2837 3565 2890 καί
3589 2837 3707 2888 κατ’

2137 2935 2312 2986 ἐκεῖνο
2337 2931 2434 3003 τὴν
2467 2931 2600 2985 ἰδίαν
2628 2931 2990 2994 καλλωπίζειν
3009 2929 3207 2999 ψυχήν.
3229 2931 3348 2982 Οὐκ
3375 2928 3503 2981 ἐστι
3520 2941 3708 2994 xpec-

2136 3024 2458 3092 ωποληψία
2494 3023 2652 3091 παρά
2679 3022 2820 3090 Θεῷ,
2845 3025 3006 3094 φησιν
3035 3026 3068 3095 ἡ
3093 3024 3301 3096 Γραφή.
3342 3021 3586 3074 Ἀπέστω
3617 3018 3720 3071 καὶ.

2136 3119 2235 3187 τῆς
2263 3115 2363 3184 σῆς
2411 3115 2622 3186 μορφῆς
2663 3115 2691 3166 ὁ
2718 3115 2957 3176 τοιοῦτος
2995 3115 3182 3185 ῥύπος.
3233 3114 3426 3167 Φθόνου
3471 3111 3714 3181 καθαρὸν

2138 3210 2197 3261 τὸ
2233 3207 2407 3269 Θεῖον,
2457 3207 2550 3259 καὶ
2604 3207 2783 3276 πάσης
2829 3207 3113 3276 ὲμπαθοῦς
3165 3206 3398 3275 κηλίδος.
3457 3203 3610 3274 Μηδὲ
3651 3219 3718 3254 σε

465 3297 534 3350 ab
567 3297 713 3350 omni
755 3298 868 3352 vitii
908 3307 1035 3351 nota
1072 3315 1264 3368 purum
1302 3310 1356 3356 et
1409 3302 1678 3371 integrum
1719 3319 1920 3358 numen
1952 3303 2033 3356 di-

2138 3297 2510 3361 καταστιζέτω
2535 3297 2602 3349 τὰ
2621 3298 2844 3350 τοιαῦτα
2876 3298 3042 3368 πάθη,
3073 3298 3146 3367 μὴ
3179 3297 3390 3366 φθόνος,
3423 3295 3496 3365 μὴ
3519 3292 3710 3379 τῦφος,

466 3390 651 3442 vinum
683 3399 786 3446 est.
819 3389 896 3445 Ne
923 3399 975 3446 te
1002 3392 1221 3461 quidem
1258 3393 1544 3464 designent
1570 3394 1837 3463 ejusmodi
1867 3396 2032 3450 vitia:

468 3496 576 3533 non
611 3481 831 3544 invidia,
881 3498 988 3536 non
1036 3485 1328 3553 superbia:
1384 3501 1493 3538 non
1549 3486 1696 3540 aliud
1737 3488 2035 3556 quidquam

467 3587 688 3636 eorum,
728 3589 848 3642 qua:
891 3575 1131 3627 divinam
1174 3576 1632 3644 pulchritudinem
1678 3579 1926 3648 polluunt
1973 3597 2038 3637 ac

471 3662 694 3715 findant.
752 3661 809 3716 Si
857 3665 982 3720 talis
1022 3665 1210 3733 fueris,
1270 3681 1339 3720 ne
1383 3668 1626 3721 verearis
1673 3667 1928 3724 familiari
1982 3683 2038 3726 et

469 3756 643 3808 amica
673 3771 804 3810 voce
835 3755 1002 3810 Deum
1052 3758 1330 3822 invocare,
1377 3768 1431 3813 et
1473 3757 1685 3814 Patrem
1723 3768 1877 3814 tuum
1913 3763 2037 3816 uni-

466 3845 613 3899 versi
665 3845 950 3902 Dominum
1001 3848 1282 3905 nominare
1322 3851 1659 3906 :intuebitur
1700 3859 1752 3906 te
1801 3855 2041 3922 paternis

470 3936 667 3999 oculis,
712 3938 895 3993 divina
947 3940 1084 3999 stola
1134 3941 1512 4006 circumdabit,
1568 3945 1770 3998 annulo
1802 3946 2038 4010 ornabit,

473 4027 704 4082 instruet
763 4045 828 4085 ac
886 4033 1210 4104 praeparabit
1293 4034 1629 4105 Evangelicis
1659 4037 2043 4094 calceamentis

475 4120 637 4188 pedes
665 4120 730 4174 ad
759 4137 1013 4192 superum
1048 4123 1185 4179 iter:
1223 4127 1472 4180 restituet
1500 4134 1552 4181 te
1587 4129 1793 4183 ccelesti
1834 4131 2040 4198 patriae,

479 4226 576 4278 per
603 4212 884 4268 Christum
915 4213 1099 4270 Jesum
1137 4215 1424 4272 Dominum
1450 4228 1698 4274 nostrum
1725 4240 1738 4275 :
1764 4240 1923 4293 quem
1958 4225 2046 4281 de-

473 4313 560 4358 cet
583 4305 756 4374 gloria
776 4315 830 4361 et
856 4308 1164 4377 imperium,
1188 4309 1242 4362 in
1267 4311 1464 4364 saecula
1487 4312 1831 4369 saeculorum.
1851 4315 2042 4373 Amen.

1071 4462 1326 4520 ORATIO
1363 4466 1452 4522 Ill.

475 4613 849 4684 Sancti/iretur
885 4633 1070 4669 nomen
1110 4626 1297 4682 tuum;
1339 4618 1579 4672 adveniat
1617 4637 1831 4691 regnum
1871 4633 2038 4682 tuum.

543 4774 654 4828 Lex
690 4790 809 4843 quae
841 4774 1145 4830 futurorum
1181 4776 1448 4830 bonorum
1483 4779 1725 4834 continet
1758 4783 2002 4836 umbram
2024 4824 2040 4849 ,

473 4872 530 4918 et
594 4864 789 4934 typicis
839 4865 1168 4934 quibusdam
1222 4867 1604 4936 aenigmatibus
1643 4881 1696 4924 et
1747 4872 2044 4929 involucris

475 4956 760 5010 veritatem
791 4957 1174 5026 prazsigniﬁcat
1206 4958 1286 5022 ⁵ο,
1315 4972 1438 5012 cum
1473 4960 1524 5012 in
1556 4962 1828 5015 occultum
1861 4979 1925 5018 ac
1955 4982 2042 5020 re-

477 5055 684 5099 motum
719 5047 906 5114 templi
941 5046 1156 5110 locum,
1189 5047 1334 5116 quod
1369 5047 1560 5102 ἄδυτον
1595 5050 1794 5105 dicitur
1823 5053 1841 5107 ί
1864 5055 1934 5108 ob
1962 5055 2042 5117 id.

473 5135 617 5204 quod
649 5149 734 5198 eo,
775 5143 970 5204 praeter
1017 5137 1348 5200 sacerdotes,
1397 5137 1548 5194 adire
1591 5141 1671 5196 fas
1709 5158 1817 5196 non
1857 5146 2044 5211 esset),

472 5226 812 5281 sacerdotem
845 5225 955 5281 Deo
991 5243 1179 5297 preces
1213 5227 1522 5283 oblaturum
1558 5230 1894 5295 introducit,
1932 5237 2045 5304 pri-

475 5333 622 5372 mum
648 5319 864 5388 quidem
894 5321 1262 5389 piacularibus
1295 5321 1620 5391 quibusdam
1647 5324 1965 5390 sacriﬁciis,
1991 5337 2044 5382 et

473 5411 1062 5479 circutnSpersionibus
1086 5411 1438 5465 introiturum
1463 5413 1714 5481 purificat
1734 5423 1788 5468 et
1811 5415 1998 5470 lustrat
2024 5435 2038 5472 :

471 5501 666 5555 deinde
700 5500 790 5554 ubi
823 5515 947 5554 eum
979 5501 1118 5554 stola
1149 5500 1513 5564 sacerdotali,
1549 5515 1717 5565 auro,
1763 5518 2001 5572 purpura
2023 5543 2038 5568 ,

472 5595 809 5664 reliquisque
838 5593 1048 5650 ﬂoridis
1090 5594 1338 5648 tinctura:
1379 5592 1656 5647 coloribus
1684 5595 1959 5664 eleganter
1989 5604 2044 5651 et

471 5684 675 5742 ati‘abre
707 5685 849 5740 facta
887 5693 1051 5756 atque
1092 5685 1365 5741 elaborata
1401 5685 1767 5752 exornaverit,
1795 5695 2044 5756 pectora-

439 5847 454 5881 ⁴
544 5862 595 5897 ⁸³
632 5862 824 5921 Matth.
855 5881 907 5922 vt
930 5903 944 5929 ,
971 5864 1061 5919 ‘Zl.
1137 5864 1182 5898 "
1221 5864 1381 5921 Rom.
1413 5880 1448 5920 Il
1472 5904 1486 5932 ,
1520 5865 1602 5921 li.
1678 5867 1723 5900 ⁸ο
1767 5865 1924 5924 llcbr.
1953 5883 2024 5933 ι,
2057 5868 2108 5925 l.

2073 4463 2119 4519 Ι)

2146 3391 2220 3462 μὴ
2240 3391 2367 3444 ἄλλο
2402 3408 2453 3444 τι
2493 3390 2600 3442 τῶν
2625 3390 2957 3460 μολυνόντων
2990 3391 3050 3443 τὸ
3080 3390 3309 3453 θεοειδὲς
3340 3389 3551 3450 κάλλος.
3591 3386 3719 3438 Ἐὰν

2140 3481 2379 3545 τοιοῦτος
2406 3478 2490 3555 ᾗς,
2520 3480 2789 3551 θάρσησον
2818 3485 2880 3550 τῇ
2905 3483 3080 3554 οἰκείᾳ
3111 3485 3257 3552 φωνῇ
3282 3481 3369 3534 τὸν
3395 3481 3524 3532 Θεὸν
3549 3495 3716 3546 προσ-

2143 3573 2492 3638 καλέσασθαι,
2520 3577 2612 3628 καὶ
2637 3574 2855 3644 Πατέρα
2876 3573 3065 3626 ἑαυτοῦ
3081 3574 3169 3626 τὸν
3189 3573 3281 3626 τοῦ
3304 3572 3498 3634 παντὸς
3512 3570 3717 3623 Δεσπό-

2140 3666 2533 3736 τηνόνομάσαι.
2568 3667 2792 3736 Ὅψεταί
2825 3683 2880 3720 σε
2918 3667 3201 3736 πατρικοῖς
3227 3664 3540 3734 ὀφθαλμοῖς,
3565 3677 3718 3730 περι-

2144 3759 2320 3812 στελεί
2339 3775 2395 3811 σε
2419 3762 2483 3829 τῇ
2509 3759 2624 3831 θείᾳ
2641 3759 2821 3831 στολῇ,
2862 3761 2954 3812 καὶ
2987 3761 3389 3829 κατακοσμήσει
3414 3757 3488 3828 τῷ
3515 3757 3714 3809 δακτυ-

2142 3850 2258 3921 λίῳ,
2283 3851 2599 3921 καταρτίσει
2623 3852 2746 3916 τοὺς
2767 3851 2930 3916 πόδας
2958 3850 3091 3922 πρὸς
3113 3843 3210 3921 τὴν
3229 3851 3338 3903 ἅνω
3361 3849 3587 3917 πορείαν
3603 3849 3716 3909 τοῖς

2143 3941 2518 4010 εὐαγγελικοῖς
2554 3943 2912 4014 ὑποδήμασιν,
2951 3945 3392 4014 ἀποκαταστήσει
3434 3959 3492 3995 σε
3521 3945 3585 4013 τῇ
3620 3942 3715 3994 οὐ·

2145 4035 2312 4105 ρανίῳ
2334 4035 2586 4106 πατρίδι·
2633 4037 2690 4088 ὲν
2727 4036 2946 4107 Χριστῷ
2991 4035 3165 4106 Ἰησοῦ
3195 4035 3274 4106 τῷ
3303 4036 3492 4106 Κυρίῳ
3531 4033 3709 4104 ἡμῶν,

2139 4120 2183 4194 ᾧ
2215 4127 2410 4197 πρέπει
2439 4129 2472 4198 ἡ
2501 4127 2626 4193 δόξα
2657 4130 2749 4183 καὶ
2783 4130 2842 4182 τὸ
2872 4129 3072 4201 κράτος
3110 4130 3188 4192 εἰς
3217 4129 3344 4192 τοὺς
3370 4129 3569 4192 αἰῶνας
3605 4129 3718 4183 τῶν

2140 4217 2370 4272 αἰώνων.
2407 4219 2600 4291 Ἀμήν.

2767 4463 2984 4516 ΛΟΓΟΣ
3021 4467 3092 4524 1".

2160 4613 2524 4680 Ἁγιασθήτω
2550 4609 2616 4664 τὸ
2656 4610 2842 4683 ὄνομά
2881 4630 2998 4668 σου
3019 4631 3032 4644 ·
3082 4614 3302 4669 ἐλθέτω
3349 4616 3387 4684 ἡ
3426 4615 3712 4680 ,βασιλεία

2865 4702 3003 4738 σου.

2233 4779 2290 4830 '0
2338 4777 2435 4849 τὴν
2474 4780 2631 4834 σκιὰν
2676 4778 2782 4832 τῶν
2831 4777 3131 4848 μελλόντων
3186 4776 3403 4845 ἀγαθῶν
3449 4777 3711 4850 περιέχων

2151 4869 2329 4939 νόμος,
2360 4872 2452 4923 καί
2498 4889 2638 4925 τισιν
2681 4872 2964 4941 αἰνίγμασι
3010 4873 3258 4933 τυπικοῖς
3313 4871 3714 4940 προαναφωνῶν

2147 4959 2246 5029 τὴν
2292 4961 2573 5032 ἀλήθειαν,
2609 4962 2825 5017 ἐπειδὰν
2860 4964 2938 5024 εἰς
2987 4962 3048 5014 τὸ
3077 4961 3265 5014 ἄδυτον
3299 4961 3506 5030 εἰσάγει
3551 4979 3712 5033 προσ-

2149 5051 2432 5121 ευξάμενον
2456 5053 2534 5122 τῷ
2562 5053 2681 5123 Θεῷ
2709 5052 2798 5105 τὸν
2827 5053 2996 5122 ἱερέα,
3028 5052 3240 5122 πρῶτον
3273 5052 3371 5123 μὲν
3402 5053 3714 5122 καθαρσίοις

2151 5141 2291 5204 τισὶ,
2328 5143 2421 5195 καί
2466 5144 2943 5214 περιρραντισμοῖς
2993 5140 3278 5209 ἁφαγνίζει
3325 5141 3416 5193 τὸν
3461 5140 3715 5194 εἰσιόντα.

2152 5230 2282 5286 Εἶτα
2321 5237 2386 5304 τῇ
2419 5236 2663 5304 ἱερατικῇ
2695 5233 2850 5303 στολῇ
2881 5231 3064 5303 χρυσῷ
3095 5233 3186 5286 καὶ
3214 5232 3465 5303 πορφύρα
3489 5232 3579 5283 καὶ
3605 5231 3712 5289 τοῖς

2149 5326 2349 5386 λοιποῖς
2379 5325 2561 5378 ἄνθεσι
2597 5327 2694 5395 τῆς
2730 5326 2904 5396 βαφῆς
2933 5324 3222 5394 ἐκπρεπῶς
3248 5323 3590 5394 ὲξησκημὲνῃ
3616 5339 3708 5372 κα-

2147 5418 2530 5487 τακοσμήσας,
2579 5419 2678 5488 τήν
2740 5435 2798 5470 τε
2853 5415 3198 5491 περιστήθιον
3254 5414 3520 5468 ὲπιΰαλὼν
3570 5411 3708 5480 αὐτῷ

2153 5509 2366 5578 μίτραν,
2398 5509 2490 5561 καὶ
2523 5509 2648 5572 τοὺς
2669 5508 2922 5570 κώδωνας
2954 5509 3060 5561 τῶν
3091 5507 3411 5579 κρασπέδων
3437 5504 3574 5575 μετὰ
3607 5504 3707 5555 τῶν

2150 5599 2380 5668 ῥοΐσκων
2407 5598 2632 5668 ἐξάψας,
2675 5597 2879 5652 ἄνωθεν
2907 5599 2964 5652 δὲ
2999 5602 3116 5661 ταῖς
3144 5596 3380 5667 ἐπωμίσι
3399 5594 3707 5664 διασφίγξας

2147 5691 2238 5744 τὸν
2285 5689 2604 5761 ἐπενδύτην,
2653 5691 2746 5744 καὶ
2795 5689 2894 5761 τὴν
2948 5689 3189 5760 κεφαλὴν
3244 5686 3585 5748 καλλωπίσας
3635 5681 3709 5753 τῷ
