4004 6522
256 457 394 515 μιν

1180 443 1270 498 DE
1315 437 1665 498 ORATIONE
1702 430 2050 492 DOMINICA.
2089 459 2160 471 —
2197 423 2454 483 ORATIO
2486 422 2574 477 ιιι.

3371 411 3502 468 1150

255 577 572 648 διαδήματι,
605 572 842 644 δαψιλῶς
862 589 920 626 τε
945 571 1046 643 τῆς
1084 571 1262 640 κόμης
1293 564 1568 638 καταχέας
1598 562 1691 616 τοῦ
1723 561 1827 632 μύ-
1856 569 1887 619 Α

1988 570 2144 626 mque
2172 553 2388 606 mitram
2421 560 2475 604 et
2507 547 2733 603 fasciam
2777 543 2828 601 ei
2878 539 3162 613 iniecerit,
3206 552 3272 593 ae
3318 537 3512 592 tintin-

257 689 353 744 ρου
371 689 385 702 ο
413 669 586 732 οὕτως
613 667 774 722 αὐτὸν
803 666 1039 738 παράγει
1071 664 1164 716 ἐπὶ
1186 663 1246 715 τὸ
1277 661 1488 722 ἄδυτον,
1519 658 1618 720 τὰς
1659 656 1832 725 ἀπορ-

259 763 458 834 ρήτους
509 757 817 830 ἱερουργίας
853 755 1264 814 ἐπιτελέσοντα’
1297 753 1325 804 ὁ
1366 749 1422 802 δὲ
1469 747 1838 817 πνευματικὸς

259 851 557 923 νομοθέτης
601 851 630 902 ὁ
670 848 872 919 Κύριος
911 846 1068 917 ἡμῶν
1109 843 1316 914 Ἰησοῦς
1351 841 1582 912 Χριστὸς
1630 841 1838 906 ἀπογυ-

263 940 415 1012 μνῶν
429 939 538 992 τῶν
559 936 883 1008 σωματικῶν
912 933 1388 1008 προκαλυμμάτων
1405 931 1496 985 τὸν
1527 930 1710 1000 νόμον,
1746 929 1844 982 καὶ

263 1035 346 1097 είς
367 1033 428 1086 τὸ
452 1032 690 1103 ἐμφανὲς
718 1031 867 1098 άγων
895 1031 963 1084 τά
996 1029 1103 1082 τῶν
1127 1027 1312 1080 τύπων
1339 1026 1654 1095 αἰνίγματα,
1693 1022 1844 1095 πρῶ-

262 1143 358 1178 τον
409 1125 508 1196 μὲν
552 1125 650 1194 οὑχ
703 1123 798 1176 ἕνα
835 1122 927 1175 τοῦ
980 1121 1178 1184 παντὸς
1229 1119 1527 1191 ἀποκρίνας
1571 1117 1730 1188 μόνον
1764 1118 1844 1174 είς

265 1219 489 1289 ὁμιλίαν
533 1217 655 1286 ἄγει
694 1215 848 1286 Θεῷ,
894 1214 1030 1268 ἀλλὰ
1073 1213 1236 1268 παντὶ
1291 1213 1432 1266 κατά
1485 1211 1546 1265 τὸ
1588 1213 1699 1265 ἴσον
1747 1208 1846 1279 τὴν

267 1313 430 1379 ἀξίαν
464 1313 664 1381 ταύτην
695 1307 1006 1379 χαρίζεται,
1040 1305 1223 1379 κοινὴν
1263 1305 1484 1376 προθεὶς
1513 1306 1625 1367 τοῖς
1666 1303 1850 1372 βουλο-

274 1406 462 1476 μένοις
491 1401 588 1470 τῆς
611 1399 911 1471 ἱερωσύνης
937 1398 1035 1469 τὴν
1055 1397 1214 1468 χάριν
1235 1413 1248 1426 °
1275 1396 1465 1449 ἔπειτα
1492 1395 1549 1448 δὲ
1569 1395 1669 1447 οὐκ
1700 1393 1853 1447 ἀλλο-

268 1494 415 1564 τρίῳ
465 1491 652 1561 κόσμῳ
681 1488 758 1560 τῷ
781 1491 844 1542 ἐκ
894 1488 1070 1558 βαφῆς
1118 1504 1261 1550 τινος
1298 1488 1391 1540 καὶ
1423 1484 1722 1554 ὑφαντικῆς
1754 1501 1852 1536 πε-

277 1585 599 1659 ριεργασίας
633 1580 1010 1654 ὲξευρημένῳ,
1033 1580 1093 1632 τὸ
1120 1579 1314 1642 κάλλος
1350 1577 1445 1631 τοῦ
1477 1577 1666 1647 ἱερέως
1697 1575 1847 1645 σοφί-

276 1679 434 1742 ζεται
453 1718 469 1743 ,
503 1676 617 1729 ἀλλ’
652 1677 848 1728 οἰκεῖον
871 1672 1019 1743 αύτῷ
1045 1671 1140 1725 καὶ
1174 1670 1396 1740 συμφυῆ
1426 1667 1737 1739 περιϐάλλει
1763 1666 1855 1720 τὸν

277 1771 517 1840 κόσμον,
544 1767 664 1822 ἀντὶ
701 1767 801 1837 τῆς
828 1764 1077 1834 ποικίλης
1104 1761 1414 1833 ἀλουργίδος
1447 1763 1564 1823 ταῖς
1587 1758 1696 1812 τῶν
1731 1760 1859 1829 ἀρε-

276 1861 394 1914 τῶν
432 1862 617 1931 χάρισι
653 1857 1015 1929 περιανθίζων
1037 1873 1052 1888 ·
1099 1857 1294 1925 κοσμεῖ
1319 1854 1376 1906 δὲ
1417 1853 1511 1907 καὶ
1538 1850 1602 1904 τό
1631 1851 1858 1922 στῆθος,

278 1954 344 2006 ού
380 1953 554 2024 γηΐνῳ
577 1949 796 2022 χρυσῷ,
831 1949 946 2003 ἀλλ’
977 1951 1036 2002 ὲν
1077 1948 1337 2018 ἀκηράτῳ
1375 1947 1468 1999 καὶ
1491 1944 1710 2015 καθαρᾷ
1733 1960 1860 1996 συν-

281 2046 489 2116 ειδήσει
534 2045 596 2096 τὸ
621 2042 722 2112 τῆς
753 2041 976 2111 καρδίας
1000 2038 1250 2120 ὼραῖζων
1273 2037 1488 2101 κάλλος.
1543 2035 1864 2109 Ἐναρμόζει

283 2147 344 2200 δὲ
384 2149 452 2218 τῇ
497 2145 663 2216 μίτρᾳ
694 2143 787 2196 καὶ
832 2139 1136 2194 πολυτελῶν
1169 2138 1332 2193 λίθων
1363 2138 1537 2206 αὐγάς
1559 2153 1573 2168 ο
1611 2127 1770 2189 αὗται
1808 2133 1867 2185 δέ

287 2239 430 2290 εἰσιν
475 2237 529 2288 αἱ
579 2232 688 2286 τῶν
743 2232 912 2300 ἁγίων
963 2228 1191 2284 ἐντολῶν
1236 2227 1612 2300 λαμπηδόνες,
1664 2224 1740 2287 ὡς
1789 2222 1869 2293 τῷ

303 2325 614 2396 Ἀποστόλῳ
645 2325 808 2378 δοκεῖ.
856 2322 1014 2376 Ἀλλά
1039 2321 1134 2374 καὶ
1154 2323 1221 2391 τῇ
1253 2316 1584 2389 περισκελίδι
1611 2314 1673 2367 τὸ
1707 2312 1870 2384 μέρος

292 2421 507 2483 ἐκεῖνο,
557 2411 603 2484 ᾧ
647 2416 850 2486 κόσμος
895 2413 1012 2467 ἐστὶ
1048 2413 1110 2466 τὸ
1153 2410 1389 2464 τοιοῦτον
1435 2403 1529 2461 τοῦ
1577 2405 1872 2474 ἐνδύματος

294 2509 779 2579 κατασφαλίζεται.
816 2508 1038 2571 Πάντως
1067 2506 1124 2559 δὲ
1167 2505 1266 2557 οὐκ
1314 2502 1528 2571 ἀγνοεῖς
1575 2497 1748 2552 ὅτιτὸ
1773 2497 1873 2566 τῆς

299 2602 656 2675 σωφροσύνης
699 2599 1065 2672 περιϐόλαιον,
1109 2596 1313 2666 κόσμος
1356 2591 1451 2646 τοῦ
1497 2590 1738 2644 τοιούτου
1778 2588 1875 2658 μέ-

301 2714 430 2769 ρους
463 2695 610 2748 ἐστίν
630 2710 644 2723 ο
686 2693 1005 2764 ἀπαρτήσας
1056 2688 1111 2741 δὲ
1147 2687 1255 2741 τῶν
1285 2683 1604 2757 κρασπέδων
1634 2680 1728 2734 τοῦ
1762 2679 1876 2750 βίου

296 2791 428 2852 τοὺς
465 2787 689 2858 νοητοὺς
723 2785 972 2856 ῥοΐσκους
1013 2798 1072 2834 τε
1102 2780 1196 2833 καὶ
1225 2779 1352 2841 τοὺς
1389 2773 1676 2836 κὼδωνας’
1709 2771 1880 2826 ταῦτα

300 2883 360 2934 δὲ
391 2879 614 2942 εἰκότως
643 2878 706 2932 ἄν
734 2893 816 2940 τις
842 2874 913 2928 τά
941 2872 1191 2943 προφανῆ
1213 2871 1312 2940 τῆς
1345 2867 1464 2921 κατ’
1493 2865 1693 2936 ἀρετὴν
1731 2861 1882 2915 πολι-

301 2974 458 3036 τείας
501 2972 776 3042 νοήσειεν,
825 2968 900 3030 ὠς
933 2966 999 3020 ἂν
1040 2963 1369 3032 έπίσημοςή
1422 2959 1564 3012 κατά
1591 2959 1690 3028 τὴν
1739 2953 1883 3025 ζωὴν

303 3067 511 3136 ταύτην
549 3062 743 3134 πορεία
771 3061 998 3129 γένοιτο.
1038 3055 1252 3109 Τούτων
1295 3048 1388 3106 οὖν
1427 3050 1534 3104 τῶν
1568 3047 1886 3121 κρασπέδων

308 3160 518 3228 ὲξάζας
555 3157 674 3210 ἀντὶ
713 3155 810 3226 μὲν
837 3151 932 3204 τοῦ
965 3149 1228 3212 κώδωνος,
1260 3146 1350 3198 τὸν
1379 3143 1574 3213 εὔηχον
1610 3142 1767 3208 λόγον
1788 3138 1889 3207 τῆς

307 3253 568 3313 πίστεωςο
602 3247 723 3301 ἀντὶ
754 3246 810 3298 δὲ
852 3243 945 3297 τοῦ
979 3243 1216 3314 ροἳσκου,
1244 3239 1343 3310 τὴν
1373 3235 1758 3307 κεκρυμμένην
1793 3236 1890 3302 τῆς
1917 3248 1959 3304 C

314 3341 617 3415 μελλούσης
658 3337 868 3400 ἐλπίδος
911 3333 1262 3406 ἑτοιμασίαν,
1291 3331 1391 3402 τὴν
1437 3329 1514 3400 τῷ
1557 3325 1891 3397 στιφροτέρῳ

314 3435 418 3506 βίῳ
450 3431 893 3502 κεκαλυμμένην,
924 3425 1067 3480 οὕτω
1097 3424 1333 3496 παράγει
1367 3421 1460 3474 ἐπὶ
1493 3420 1553 3473 τὸ
1580 3419 1767 3474 ἄδυτον
1797 3415 1891 3469 τοῦ

316 3525 468 3598 ἱεροῦ
499 3525 592 3577 καὶ
615 3521 914 3574 ὲνδὸτατον.
953 3517 1028 3570 Τὸ
1065 3516 1119 3568 δὲ
1148 3515 1339 3570 ἄδυτον
1362 3514 1522 3566 τοῦτο
1554 3511 1656 3564 ούκ
1687 3507 1894 3579 ἄψυχόν

316 3621 488 3699 ἐστιγ,
519 3615 643 3668 οὔτε
673 3612 1024 3684 χειρόδμητον
1047 3626 1060 3640 ·
1117 3607 1248 3662 ἀλλὰ
1280 3607 1340 3659 τὸ
1373 3604 1612 3676 κρυπτὸν
1638 3603 1736 3673 τῆς
1765 3618 1899 3668 καρ-

314 3711 442 3772 δίας
466 3707 623 3779 ἡμῶν
658 3706 908 3775 ταμεῖον,
946 3702 1040 3755 ἐὰν
1073 3699 1288 3771 ἀληθῶς
1316 3697 1505 3750 ἄδυτον
1608 3697 1672 3765 τῇ
1708 3693 1897 3762 κακία,

321 3803 418 3858 καλ⁸
448 3803 560 3864 τοῖς
605 3800 860 3868 πονηροῖς
905 3796 1184 3865 λογισμοῖς
1222 3790 1570 3846 ἀνεπίϐατον.
1606 3789 1818 3858 Κοσμεῖ
1843 3787 1900 3839 δὲ

321 3898 425 3967 τῆν
458 3891 698 3963 κεφαλὴν
733 3890 812 3960 τῷ
837 3887 1069 3959 οὐρανίῳ
1104 3886 1431 3957 φρονήματι,
1463 3884 1523 3935 οὐ
1557 3879 1902 3951 γραμμάτων

321 3988 494 4043 τύπον
551 3982 994 4056 ὲνσημηνάμενος
1035 3977 1253 4047 πετάλῳ
1299 3973 1515 4046 χρυσῷ,
1578 3971 1694 4026 ἁλλ’
1742 3969 1903 4022 αὐτὸν

324 4083 421 4137 τὸν
455 4080 586 4134 Θεὸν
609 4075 926 4137 ὲντυπώσας
961 4075 1018 4126 ὲν
1045 4070 1123 4143 τῷ
1151 4068 1462 4142 ἡγεμονικῷ
1491 4062 1753 4134 λογισμῷ.
1791 4061 1906 4115 Μύ-

332 4193 426 4244 ρον
449 4173 506 4226 δὲ
535 4163 929 4228 κατασκεδάζει
973 4163 1073 4234 τῆς
1118 4160 1316 4230 κόμης,
1347 4158 1408 4211 τὸ
1446 4156 1576 4226 παρ’
1608 4153 1779 4221 αὐτῆς
1825 4149 1909 4203 έν-

329 4243 484 4320 δοθεν
516 4263 617 4332 τῆς
645 4262 822 4331 ψυχῆς
845 4257 932 4312 διὰ
953 4256 1060 4309 τῶν
1083 4252 1296 4324 ἀρετῶν
1330 4248 1724 4323 μυρεψόμενον.
1752 4243 1911 4314 Θῦμα

333 4360 391 4414 δὲ
424 4359 520 4411 καὶ
553 4357 747 4428 ἱερεῖον
785 4351 1082 4425 προσάγειν
1109 4347 1269 4401 αὑτὸν
1303 4345 1381 4415 τῷ
1408 4341 1527 4412 Θεῷ
1561 4338 1913 4411 παρασκευά-

336 4451 442 4518 ζει,
497 4451 586 4503 διά
622 4447 724 4517 τῆς
783 4444 1049 4516 μυστικῆς
1094 4438 1435 4512 ἱερουργίας,
1487 4433 1585 4488 οὐκ
1630 4431 1757 4486 ἄλλο
1789 4447 1842 4482 τι
1879 4429 1912 4501 ἢ

338 4547 552 4599 ἑαυτὸν.
598 4543 656 4594 '0
702 4538 811 4610 γὰρ
861 4535 1034 4598 οὕτως
1079 4532 1230 4604 παρὰ
1269 4528 1362 4582 τοῦ
1395 4525 1600 4598 Κυρίου
1643 4523 1780 4592 πρὸς
1817 4521 1916 4590 τὴν

343 4633 641 4708 ἱερωσύνην
670 4631 874 4700 ταύτην
903 4627 1188 4696 ἀγόμενος,
1221 4622 1281 4675 τὸ
1309 4619 1558 4691 φρόνημα
1593 4617 1690 4686 τῆς
1718 4613 1917 4685 σαρκὸς

342 4726 623 4796 νεκρώσας
671 4725 726 4775 ἐν
774 4721 840 4790 τῇ
892 4716 1135 4789 μαχαίρᾳ
1176 4710 1270 4765 τοῦ
1328 4709 1659 4778 πνεύματος,
1718 4707 1745 4758 ὃ
1795 4707 1912 4757 ἐστι

349 4819 502 4890 ῥῆμα
537 4815 700 4879 Θεοῦ,
738 4812 908 4874 οὕτως
941 4807 1172 4861 ἱ).εοῦται
1198 4807 1288 4858 τὸν
1319 4803 1450 4856 Θεὸν
1483 4803 1540 4854 ἐν
1568 4803 1680 4862 τοῖς
1707 4796 1921 4858 ἀδύτοις

345 4911 662 4981 γενόμενος,
713 4906 902 4960 ἑαυτὸν
943 4903 1028 4956 διὰ
1057 4902 1156 4972 τῆς
1201 4897 1455 4965 τοιαύτης
1491 4894 1680 4955 θυσίας
1713 4893 1922 4962 ἱερουρ-

346 5009 552 5077 γήσας,
604 5003 698 5055 καὶ
755 4999 1110 5069 παραστήσας
1161 4993 1222 5046 τὸ
1255 4990 1448 5045 ἑαυτοῦ
1491 4988 1678 5057 σῶμα,
1733 4984 1922 5036 θυσίαν

350 5099 527 5166 ζῶσαν
554 5096 712 5165 ἁγίαν
744 5083 1146 5163 εὐάρεστον’τ‹ῖ›
1171 5086 1307 5154 Θεῷ.
1353 5082 1490 5136 Ἀλλ’
1514 5083 1630 5152 ἐρεῖ
1660 5096 1744 5142 τις
1769 5077 1919 5139 ἴσως,

353 5193 426 5264 μὴ
451 5188 621 5245 ταῦτα
643 5185 785 5242 κατά
810 5185 870 5238 τὸ
894 5183 1182 5255 πρόχειρον
1208 5177 1349 5247 ἔχειν
1371 5175 1466 5246 τὴν
1495 5175 1592 5244 τῆς
1617 5169 1924 5243 προσευχῆς

348 5287 587 5341 διάνοιαν
623 5281 722 5350 τῆς
768 5273 1137 5349 προκειμένης
1182 5271 1313 5340 ἡμῖν
1346 5271 1423 5330 εἰς
1452 5266 1738 5338 ἐξήγησιν·
1770 5279 1926 5332 περι-

349 5381 491 5434 νοεῖν
540 5376 597 5429 δὲ
641 5375 789 5444 ἡμᾶς
831 5371 958 5433 τοὺς
993 5367 1263 5429 τοιούτους
1318 5364 1540 5430 λόγους,
1570 5359 1669 5411 οὐκ
1715 5359 1778 5409 ἐκ
1818 5355 1926 5408 τῶν

350 5469 564 5525 οἰκείων
599 5469 710 5529 τοῖς
749 5462 1125 5532 ὑποκειμένοις
1171 5457 1531 5531 ἁρμόζοντας.
1574 5449 1780 5506 Οὐκοῦν
1822 5447 1926 5501 πά-

351 5564 434 5617 λιν
478 5558 878 5630 ὑπομνησθήτω
912 5555 1018 5608 τῶν
1051 5552 1281 5624 πρώτων
1315 5549 1414 5620 τῆς
1447 5546 1753 5619 προσευχῆς
1783 5542 1928 5594 διδα-

355 5656 600 5729 γμάτων.
645 5654 705 5705 Ὀ
739 5651 846 5722 γὰρ
876 5648 1046 5712 οὕτως
1086 5644 1276 5700 ἑαυτὸν
1309 5637 1750 5713 παρασκευάσας,
1788 5633 1929 5686 ὥστε

358 5728 415 5806 ὲν
446 5747 726 5821 παρρησία
758 5745 1022 5814 τολμῆσαι
1051 5740 1270 5811 Πατέρα
1309 5733 1502 5791 ἑαυτοῦ
1530 5732 1622 5786 τὸν
1657 5728 1788 5784 Θεὸν
1816 5728 1930 5780 ὀνοο

434 5929 478 5962 ⁸⁸
522 5926 695 5983 Levit.
731 5940 857 5989 vm,
904 5921 956 5987 7,
990 5935 1114 5990 sqq.

1937 650 2135 704 nabula
2163 661 2226 700 ex
2265 642 2496 698 ﬁmbriis
2530 655 2655 694 cum
2692 633 3082 706 malogranatis
3119 627 3511 700 suspenderit:

1938 753 2174 809 superne
2225 748 2440 807 quoque
2489 732 2727 785 tunicam
2773 725 3118 797 epomidibus
3165 720 3518 794 constrinxe-

1939 831 2051 894 rit,
2089 839 2142 883 et
2177 827 2484 882 diademate
2516 829 2683 891 caput
2724 817 3107 878 exornaverit,
3149 812 3522 884 capillumque

1941 924 2163 994 largiter
2189 922 2372 975 infuso
2403 925 2682 987 unguento
2712 912 2970 967 imbuerit
2997 929 3010 965 :
3043 911 3117 962 ita
3147 908 3366 962 demum
3393 917 3519 958 eum

1944 1016 2011 1070 ad
2042 1016 2262 1085 adytum
2291 1027 2494 1065 arcana
2514 1006 2780 1064 sacriﬁcia
2804 1009 3151 1074 peracturum
3179 995 3432 1070 producit
3450 994 3522 1049 ".

1945 1111 2016 1163 At
2042 1106 2340 1178 spiritualis
2369 1103 2654 1173 iegislator
2681 1098 2942 1153 Dominus
2969 1101 3156 1149 noster
3182 1091 3346 1148 Jesus
3368 1087 3525 1143 Chri-

1948 1210 2066 1258 stus
2087 1242 2102 1266 ,
2135 1197 2510 1268 corporalibus
2541 1196 2710 1263 legem
2742 1190 3064 1245 velamentis
3093 1185 3334 1255 spoliaus
3361 1191 3526 1250 atque

1950 1293 2273 1356 denudans,
2303 1299 2358 1344 et
2393 1289 2447 1342 in
2492 1297 2739 1357 apertum
2782 1281 3068 1354 proferens
3111 1277 3399 1346 aenigmata
3442 1282 3526 1326 at-

1950 1402 2057 1458 que
2104 1385 2385 1440 involucra
2441 1381 2789 1450 ﬁgurarum:
2841 1372 3078 1444 primum
3137 1367 3356 1438 quidem
3415 1379 3530 1419 non

1953 1495 2124 1534 unum
2161 1493 2226 1530 ex
2259 1475 2520 1530 universo
2543 1483 2778 1540 corpore
2804 1478 3138 1536 segregans,
3165 1461 3318 1514 illum
3350 1459 3530 1512 solum

1956 1571 2025 1626 ad
2059 1568 2390 1638 colloquium
2435 1564 2528 1620 Dei
2571 1560 2834 1616 adducit:
2881 1556 2976 1612 sed
3017 1566 3309 1608 commune
3339 1549 3532 1602 volen-

1957 1664 2105 1718 tibus
2135 1657 2428 1715 sacerdotii
2465 1653 2793 1712 beneﬁcium
2839 1663 2902 1702 ac
2935 1661 3136 1702 munus
3180 1655 3495 1714 proponens
3517 1679 3535 1705 ,

1959 1755 2182 1810 cuilibet
2215 1752 2356 1805 hanc
2383 1746 2704 1817 dignitatem
2736 1759 2803 1798 ex
2837 1754 2996 1810 a‘quo
3031 1738 3261 1806 largitur
3290 1754 3303 1789 :
3341 1733 3538 1788 deinde

1960 1862 2091 1902 vero
2137 1860 2244 1899 non
2295 1843 2472 1896 alieno
2508 1847 2743 1899 ornatu,
2775 1835 2868 1904 qui
2901 1848 2969 1888 ex
3012 1832 3255 1886 tinctura
3302 1825 3539 1897 quadam

1966 1949 2022 1998 et
2057 1937 2333 2010 superﬂuo
2362 1947 2527 2004 opere
2561 1927 2806 1985 textorio
2849 1924 3157 1994 exquisitus
3205 1919 3308 1983 sit,
3358 1917 3542 1970 ﬁctam

1966 2029 2432 2105 pulchritudinem
2462 2021 2764 2080 sacerdotis
2786 2023 3063 2074 ostentat:
3089 2011 3184 2069 sed
3215 2009 3435 2082 proprio
3458 2015 3544 2061 at-

1969 2141 2076 2197 que
2106 2124 2292 2178 nativo
2324 2134 2449 2175 eum
2493 2120 2816 2171 ornamento
2861 2103 3200 2168 circumdat,
3242 2117 3342 2173 pro
3391 2098 3546 2153 varia
3643 2152 3647 2162 ,

1970 2227 2121 2273 veste
2148 2225 2426 2286 purpurea
2455 2209 2722 2263 virtutum
2765 2201 2959 2274 gratiis
2996 2197 3276 2254 excolens.
3318 2191 3548 2248 Instruit

1972 2316 2155 2363 autem
2189 2305 2352 2362 etiam
2384 2308 2577 2372 pectus
2609 2312 2718 2351 non
2751 2303 2970 2348 terreno
3003 2303 3171 2350 auro,
3203 2284 3300 2341 sed
3334 2286 3550 2353 integra

1975 2413 2223 2471 puraque
2252 2391 2592 2450 conscientia
2636 2383 3104 2460 pulchritudinem
3153 2377 3342 2433 cordis
3391 2387 3556 2429 exor-

1979 2509 2152 2549 nans:
2195 2498 2358 2557 atque
2386 2485 2513 2540 huic
2544 2482 2719 2536 mitrae
2767 2478 3131 2548 pretiosorum
3167 2485 3383 2541 quoque
3402 2465 3556 2534 ~lapi-

1978 2584 2109 2639 dqu
2141 2580 2381 2649 fulgores
2423 2574 2644 2644 athptat
2687 2588 2700 2623 :
2743 2570 2798 2624 hi
2842 2575 3024 2621 autem
3053 2570 3372 2618 sanctorum
3401 2571 3558 2610 matt-

1980 2648 2244 2731 datorum
2295 2665 2616 2738 splendores
2672 2668 2831 2725 sunt,
2885 2669 2943 2711 ut
2995 2653 3258 2724 Apostolo
3316 2648 3557 2704 videtur.

1983 2765 2298 2833 Quinetiam
2325 2735 2688 2813 l‘emoralibus
2715 2750 2892 2805 munit
2921 2748 3070 2801 illam
3109 2752 3316 2814 partem
3337 2780 3354 2806 ,
3385 2738 3474 2793 cui
3505 2735 3561 2790 id

1984 2857 2289 2915 indumenti
2343 2867 2516 2923 genus
2565 2852 2889 2901 ornamento
2933 2847 3038 2895 est.
3092 2837 3331 2892 Prorsus
3378 2840 3562 2886 autem

1986 2969 2095 3007 non
2123 2951 2374 3019 ignoras,
2413 2942 2559 3013 quod
2590 2936 2869 3010 pudicitiae
2905 2931 3239 2991 amiculum,
3273 2939 3564 2981 ornamen-

1987 3053 2103 3097 tum
2135 3017 2253 3107 ejus
2289 3037 2460 3107 partis
2492 3033 2580 3087 sit.
2609 3029 2743 3083 Cum
2773 3022 3122 3096 appendisset
3151 3028 3332 3073 autem
3357 3031 3423 3070 ex
3447 3017 3569 3068 tim-

1990 3132 2130 3187 briis
2164 3103 2304 3182 tvitaav
2341 3122 2646 3195 spiritualia
2692 3117 3066 3184 tnalogranata
3106 3118 3160 3164 et
3201 3103 3570 3162 tintinnabula

1995 3227 2121 3295 (per
2145 3223 2260 3276 haec
2282 3227 2463 3273 autem
2493 3222 2639 3268 recte
2664 3211 2787 3278 quis
2820 3207 3078 3277 praeclara
3106 3215 3271 3271 Opera
3296 3200 3420 3252 vita:
3442 3210 3568 3249 cum

1994 3321 2195 3374 virtute
2224 3322 2359 3366 actae
2391 3303 2749 3366 intellexerit,
2779 3310 2840 3354 ut
2871 3297 3085 3365 insigne
3111 3309 3204 3364 per
3231 3292 3374 3345 hanc
3400 3290 3573 3341 vitam

1995 3416 2098 3469 iter
2127 3409 2262 3476 sit.)
2297 3405 2371 3458 Ex
2407 3403 2494 3457 his
2531 3400 2696 3470 igitur
2726 3393 2957 3448 ﬁmbriis
2983 3404 3109 3443 cum
3159 3401 3258 3457 pro
3302 3382 3574 3438 tintinna-

1995 3507 2125 3561 bulo
2152 3474 2372 3572 quidem
2406 3497 2544 3551 bene
2587 3496 2872 3545 sonantem
2924 3493 3246 3554 sermonem
3283 3474 3406 3530 ﬁdei
3459 3487 3581 3528 sus-

1997 3599 2313 3672 pendisset,
2347 3606 2446 3661 pro
2483 3585 2859 3654 malogranato
2892 3591 3022 3631 vero
3061 3573 3339 3628 occultam
3381 3567 3581 3621 futurae

2003 3662 2118 3760 spei
2152 3680 2630 3757 promptitudinem
2652 3716 2668 3741 ,
2700 3689 2820 3729 eam
2847 3713 2862 3737 ,
2897 3685 3018 3740 quae
3049 3663 3260 3720 duriori
3293 3662 3402 3716 vita
3440 3667 3582 3716 tecta

2003 3750 2116 3844 est,
2155 3750 2229 3834 ita
2258 3750 2476 3831 demum
2511 3769 2576 3824 ad
2613 3767 2836 3829 ἄδυτον,
2876 3769 2932 3816 ct
2967 3760 3223 3814 intimum
3271 3751 3457 3821 templi
3506 3750 3586 3803 lo-

2005 3891 2128 3930 cum
2168 3868 2436 3940 producit.
2485 3863 2711 3915 ·’Λδυτον
2750 3863 2932 3910 autem
2977 3853 3083 3904 hoc
3130 3863 3238 3903 non
3282 3844 3584 3899 inanimum
3662 3876 3670 3887 μ

2009 3982 2184 4036 neque
2218 3978 2379 4017 manu
2426 3957 2670 4019 factum,
2720 3950 2812 4005 sed
2863 3960 3125 4000 arcanum
3172 3941 3356 3995 cordis
3410 3935 3587 3992 nostri

2010 4057 2284 4131 penetrale
2337 4061 2500 4120 atque
2544 4045 2804 4100 conclave
2853 4047 2973 4104 est;
3009 4037 3056 4092 si
3113 4048 3238 4088 vere
3265 4031 3493 4092 ἄδυτον,
3529 4025 3588 4080 id

2009 4117 2126 4216 est,
2163 4117 2580 4214 impenetrabile
2617 4132 2905 4204 nequitiae,
2942 4136 2997 4184 et
3027 4126 3190 4181 malis
3235 4117 3590 4192 cogitationi-

2012 4246 2114 4299 bus
2147 4242 2490 4295 inaccessum
2522 4231 2616 4287 sit.
2649 4227 2824 4282 Ornat
2852 4224 2981 4277 item
3017 4227 3182 4288 caput
3218 4212 3429 4269 caalesti
3465 4225 3593 4265 sen-

2014 4351 2115 4399 su,
2152 4347 2261 4387 non
2299 4330 2606 4382 litterarum
2646 4321 2873 4390 ﬁguram
2908 4326 3086 4366 aureae
3139 4306 3356 4362 lamina:
3403 4301 3596 4372 impri-

2017 4441 2208 4488 mens,
2239 4421 2335 4478 sed
2370 4421 2547 4488 ipsum
2597 4413 2764 4467 Deum
2811 4409 2866 4461 in
2903 4401 3192 4476 principali
3239 4398 3454 4452 ratione
3509 4394 3597 4448 iu-

2019 4484 2296 4586 seulpeus.
2364 4484 2714 4578 lingueutum
2778 4505 2960 4551 autem
3022 4491 3219 4562 capillo
3279 4484 3595 4557 iuspergit,

1947 4597 1991 4651 Ῑ)
2021 4574 2166 4681 quod
2201 4608 2268 4661 ab
2302 4606 2419 4675 ipsa
2453 4574 2633 4655 anima
2669 4610 2768 4666 per
2798 4593 3031 4644 virtutes
3067 4584 3398 4660 intrinsecus
3426 4574 3598 4632 conﬁ-

2021 4672 2165 4760 citur
2194 4721 2209 4758 :
2243 4672 2405 4768 atque
2434 4695 2599 4750 etiam
2632 4691 2901 4760 praeparat
2945 4695 3068 4734 eum
3091 4720 3104 4744 ,
3143 4683 3202 4728 ut
3236 4672 3512 4727 victimam
3543 4674 3600 4722 et

2025 4797 2257 4852 hostiam
2290 4805 2386 4861 per
2415 4784 2705 4858 mysticum
2735 4773 3068 4835 sacriﬁcium
3095 4768 3291 4823 oll'erat
3320 4765 3452 4828 Deo,
3488 4775 3600 4814 non

2026 4889 2173 4946 aliud
2205 4853 2503 4956 quidquam
2535 4877 2639 4931 nisi
2687 4873 2954 4942 seipsum.
2989 4865 3093 4932 Qui
3141 4861 3288 4917 enim
3324 4859 3395 4913 ita
3429 4872 3458 4909 a
3495 4853 3602 4907 Do-

2026 4982 2176 5037 mino
2222 4949 2287 5030 ad
2348 4949 2450 5027 hoc
2499 4965 2830 5024 sacriﬁciutn
2888 4976 2985 5032 per
3044 4955 3285 5028 gladium
3335 4949 3599 5019 spiritus,

2024 5073 2168 5144 quod
2200 5079 2285 5124 cst
2317 5065 2542 5120 verbum
2585 5059 2714 5121 Dei,
2749 5069 2971 5111 sensum
3007 5047 3192 5106 carnis
3227 5040 3600 5100 ntortiﬁcans,

2027 5134 2270 5222 ducitur,
2303 5159 2349 5211 is
2382 5157 2524 5209 intra
2565 5151 2725 5222 adyta
2767 5146 2935 5200 Deum
2975 5143 3190 5212 placat,
3229 5134 3470 5202 seipsum
3507 5142 3604 5198 per

2027 5259 2134 5313 tale
2185 5231 2534 5310 sacriﬁcium!
2567 5242 2890 5301 immolatis,
2937 5245 3209 5299 suumque
3252 5238 3456 5294 corpus
3505 5220 3606 5274 ho-

2028 5351 2189 5406 stiam
2230 5345 2536 5401 viventem,
2583 5343 2862 5392 sanctam,
2908 5331 3185 5392 acceptam
3230 5317 3341 5370 Deo
3381 5313 3603 5368 sistens.

2035 5441 2142 5497 Sed
2180 5439 2413 5492 fortasse
2441 5431 2586 5485 dicet
2613 5423 2844 5494 aliquis,
2877 5433 2987 5474 non
3031 5417 3176 5477 hinc,
3228 5416 3388 5480 prout
3431 5406 3608 5475 pritna

2035 5533 2174 5590 facie
2205 5532 2498 5600 appareat,
2528 5517 2854 5578 sententiam
2897 5508 3198 5566 orationis,
3237 5516 3400 5572 quam
3434 5511 3609 5567 expo-

2035 5625 2273 5685 nendam
2307 5618 2681 5687 suscepimus,
2718 5607 3040 5664 continere:
3076 5599 3171 5656 scd
3206 5611 3308 5651 nos
3336 5588 3612 5664 ejusmodi

2040 5730 2351 5778 sermones,
2380 5682 2487 5784 qui
2506 5708 2583 5765 rei
2613 5701 2905 5777 proposita:
2928 5712 2993 5754 ex
3022 5691 3260 5767 propriis
3284 5688 3407 5758 ejus
3433 5682 3616 5742 verbis
