  <div class='ocr_page' id='page_1' title='image "/cluster/home/n/w/nwhite01/storage/ocr_20150623/44/hvd.32044012542270/585.png"; bbox 0 0 4004 6534; ppageno 0'>
   <div class='ocr_carea' id='block_1_1' title="bbox 487 445 616 500">
    <p class='ocr_par' dir='ltr' id='par_1_1' title="bbox 487 445 616 500">
     <span class='ocr_line' id='line_1_1' title="bbox 487 445 616 500; baseline -0.008 0"><span class='ocrx_word' id='word_1_1' title='bbox 487 445 616 500; x_wconf 66' lang='grc' dir='ltr'><strong>ιιει</strong></span> 
     </span>
    </p>
   </div>
   <div class='ocr_carea' id='block_1_2' title="bbox 1681 454 2430 525">
    <p class='ocr_par' dir='ltr' id='par_1_2' title="bbox 1681 454 2430 525">
     <span class='ocr_line' id='line_1_2' title="bbox 1681 454 2430 525; baseline 0.012 -17"><span class='ocrx_word' id='word_1_2' title='bbox 1681 454 1754 525; x_wconf 70' lang='grc'><strong>(3.</strong></span> <span class='ocrx_word' id='word_1_3' title='bbox 1786 455 2110 514; x_wconf 80' lang='lat' dir='ltr'><strong>GREGORII</strong></span> <span class='ocrx_word' id='word_1_4' title='bbox 2139 460 2184 516; x_wconf 85' lang='grc' dir='ltr'>Ν</span> <span class='ocrx_word' id='word_1_5' title='bbox 2191 461 2430 520; x_wconf 79' lang='lat' dir='ltr'><strong>YSSENI</strong></span> 
     </span>
    </p>
   </div>
   <div class='ocr_carea' id='block_1_3' title="bbox 3591 464 3726 521">
    <p class='ocr_par' dir='ltr' id='par_1_3' title="bbox 3591 464 3726 521">
     <span class='ocr_line' id='line_1_3' title="bbox 3591 464 3726 521; baseline 0.007 -1"><span class='ocrx_word' id='word_1_6' title='bbox 3591 464 3726 521; x_wconf 72' lang='lat'><strong>“52</strong></span> 
     </span>
    </p>
   </div>
   <div class='ocr_carea' id='block_1_4' title="bbox 485 558 2058 654">
    <p class='ocr_par' dir='ltr' id='par_1_4' title="bbox 485 558 2052 630">
     <span class='ocr_line' id='line_1_4' title="bbox 485 558 2052 630; baseline 0.01 -18"><span class='ocrx_word' id='word_1_7' title='bbox 485 558 700 614; x_wconf 77' lang='lat' dir='ltr'><strong>collecti</strong></span> <span class='ocrx_word' id='word_1_8' title='bbox 727 574 834 615; x_wconf 90' lang='lat' dir='ltr'><strong>non</strong></span> <span class='ocrx_word' id='word_1_9' title='bbox 859 563 1220 630; x_wconf 86' lang='lat' dir='ltr'><strong>conveniant,</strong></span> <span class='ocrx_word' id='word_1_10' title='bbox 1249 567 1617 624; x_wconf 86' lang='lat' dir='ltr'><strong>comminisci.</strong></span> <span class='ocrx_word' id='word_1_11' title='bbox 1643 568 2052 629; x_wconf 86' lang='lat' dir='ltr'><strong>Reminiscatur</strong></span> 
     </span>
    </p>
   </div>
   <div class='ocr_carea' id='block_1_5' title="bbox 2156 558 3722 654">
    <p class='ocr_par' dir='ltr' id='par_1_5' title="bbox 2160 576 3722 654">
     <span class='ocr_line' id='line_1_5' title="bbox 2160 576 3722 654; baseline -0.001 -20"><span class='ocrx_word' id='word_1_12' title='bbox 2160 581 2350 650; x_wconf 80' lang='grc' dir='ltr'><strong>μᾶσαι,</strong></span> <span class='ocrx_word' id='word_1_13' title='bbox 2377 576 2530 646; x_wconf 65' lang='grc' dir='ltr'><strong>οὗτος</strong></span> <span class='ocrx_word' id='word_1_14' title='bbox 2557 581 2796 654; x_wconf 75' lang='grc' dir='ltr'><strong>ἀκριϐῶς</strong></span> <span class='ocrx_word' id='word_1_15' title='bbox 2822 579 3125 652; x_wconf 81' lang='grc' dir='ltr'><strong>περίκειται</strong></span> <span class='ocrx_word' id='word_1_16' title='bbox 3149 580 3246 650; x_wconf 81' lang='grc' dir='ltr'><strong>τὴν</strong></span> <span class='ocrx_word' id='word_1_17' title='bbox 3273 580 3462 650; x_wconf 80' lang='grc' dir='ltr'><strong>στολὴν</strong></span> <span class='ocrx_word' id='word_1_18' title='bbox 3486 581 3722 650; x_wconf 76' lang='grc' dir='ltr'><strong>ἐκείνην,</strong></span> 
     </span>
    </p>
   </div>
   <div class='ocr_carea' id='block_1_6' title="bbox 486 651 2058 731">
    <p class='ocr_par' dir='ltr' id='par_1_6' title="bbox 486 651 2058 731">
     <span class='ocr_line' id='line_1_6' title="bbox 486 651 2058 731; baseline 0.014 -29"><span class='ocrx_word' id='word_1_19' title='bbox 486 663 617 719; x_wconf 76' lang='lat' dir='ltr'><strong>ergo</strong></span> <span class='ocrx_word' id='word_1_20' title='bbox 645 651 826 707; x_wconf 89' lang='lat' dir='ltr'><strong>denuo</strong></span> <span class='ocrx_word' id='word_1_21' title='bbox 851 664 1018 724; x_wconf 88' lang='lat' dir='ltr'><strong>atque</strong></span> <span class='ocrx_word' id='word_1_22' title='bbox 1047 657 1368 714; x_wconf 77' lang='lat' dir='ltr'><strong>recordetur</strong></span> <span class='ocrx_word' id='word_1_23' title='bbox 1394 662 1620 731; x_wconf 87' lang='lat' dir='ltr'><strong>primam</strong></span> <span class='ocrx_word' id='word_1_24' title='bbox 1659 668 1926 723; x_wconf 91' lang='lat' dir='ltr'><strong>orationis</strong></span> <span class='ocrx_word' id='word_1_25' title='bbox 1959 668 2058 723; x_wconf 89' lang='lat' dir='ltr'><strong>do-</strong></span> 
     </span>
    </p>
   </div>
   <div class='ocr_carea' id='block_1_7' title="bbox 487 742 2056 819">
    <p class='ocr_par' dir='ltr' id='par_1_7' title="bbox 487 742 2056 819">
     <span class='ocr_line' id='line_1_7' title="bbox 487 742 2056 819; baseline 0.012 -26"><span class='ocrx_word' id='word_1_26' title='bbox 487 742 720 795; x_wconf 85' lang='lat' dir='ltr'><strong>ctrinam</strong></span> <span class='ocrx_word' id='word_1_27' title='bbox 750 759 765 796; x_wconf 86' lang='lat'><strong>:</strong></span> <span class='ocrx_word' id='word_1_28' title='bbox 800 759 924 796; x_wconf 90' lang='lat' dir='ltr'><strong>nam</strong></span> <span class='ocrx_word' id='word_1_29' title='bbox 959 746 1054 815; x_wconf 87' lang='lat' dir='ltr'><strong>qui</strong></span> <span class='ocrx_word' id='word_1_30' title='bbox 1081 745 1154 800; x_wconf 89' lang='lat' dir='ltr'><strong>ita</strong></span> <span class='ocrx_word' id='word_1_31' title='bbox 1185 763 1307 804; x_wconf 89' lang='lat' dir='ltr'><strong>sese</strong></span> <span class='ocrx_word' id='word_1_32' title='bbox 1334 753 1544 819; x_wconf 84' lang='lat' dir='ltr'><strong>paravit</strong></span> <span class='ocrx_word' id='word_1_33' title='bbox 1569 794 1584 818; x_wconf 94' lang='lat'><strong>,</strong></span> <span class='ocrx_word' id='word_1_34' title='bbox 1613 763 1671 807; x_wconf 92' lang='lat' dir='ltr'><strong>ut</strong></span> <span class='ocrx_word' id='word_1_35' title='bbox 1695 756 1862 812; x_wconf 82' lang='lat' dir='ltr'><strong>libere</strong></span> <span class='ocrx_word' id='word_1_36' title='bbox 1888 757 2056 813; x_wconf 87' lang='lat' dir='ltr'><strong>Deum</strong></span> 
     </span>
    </p>
   </div>
   <div class='ocr_carea' id='block_1_8' title="bbox 488 838 2057 916">
    <p class='ocr_par' dir='ltr' id='par_1_8' title="bbox 488 838 2057 916">
     <span class='ocr_line' id='line_1_8' title="bbox 488 838 2057 916; baseline 0.013 -33"><span class='ocrx_word' id='word_1_37' title='bbox 488 840 698 901; x_wconf 88' lang='lat' dir='ltr'><strong>patrem</strong></span> <span class='ocrx_word' id='word_1_38' title='bbox 740 849 900 888; x_wconf 90' lang='lat' dir='ltr'><strong>suum</strong></span> <span class='ocrx_word' id='word_1_39' title='bbox 943 838 1230 895; x_wconf 89' lang='lat' dir='ltr'><strong>nominare</strong></span> <span class='ocrx_word' id='word_1_40' title='bbox 1264 843 1495 908; x_wconf 79' lang='lat' dir='ltr'><strong>audeat,</strong></span> <span class='ocrx_word' id='word_1_41' title='bbox 1538 845 1584 900; x_wconf 86' lang='lat' dir='ltr'><strong>is</strong></span> <span class='ocrx_word' id='word_1_42' title='bbox 1628 847 1788 916; x_wconf 83' lang='lat' dir='ltr'><strong>plane</strong></span> <span class='ocrx_word' id='word_1_43' title='bbox 1818 849 2057 904; x_wconf 75' lang='lat' dir='ltr'><strong>amictus</strong></span> 
     </span>
    </p>
   </div>
   <div class='ocr_carea' id='block_1_9' title="bbox 486 925 2058 1006">
    <p class='ocr_par' dir='ltr' id='par_1_9' title="bbox 486 925 2058 1006">
     <span class='ocr_line' id='line_1_9' title="bbox 486 925 2058 1006; baseline 0.011 -28"><span class='ocrx_word' id='word_1_44' title='bbox 486 932 571 980; x_wconf 85' lang='lat' dir='ltr'><strong>est</strong></span> <span class='ocrx_word' id='word_1_45' title='bbox 599 925 688 979; x_wconf 90' lang='lat' dir='ltr'><strong>illa</strong></span> <span class='ocrx_word' id='word_1_46' title='bbox 718 927 852 981; x_wconf 85' lang='lat' dir='ltr'><strong>stola</strong></span> <span class='ocrx_word' id='word_1_47' title='bbox 877 966 892 990; x_wconf 92' lang='lat'><strong>,</strong></span> <span class='ocrx_word' id='word_1_48' title='bbox 921 942 1084 997; x_wconf 86' lang='lat' dir='ltr'><strong>quam</strong></span> <span class='ocrx_word' id='word_1_49' title='bbox 1108 933 1286 987; x_wconf 83' lang='lat' dir='ltr'><strong>oratio</strong></span> <span class='ocrx_word' id='word_1_50' title='bbox 1315 933 1643 1006; x_wconf 85' lang='lat' dir='ltr'><strong>descripsit,</strong></span> <span class='ocrx_word' id='word_1_51' title='bbox 1673 939 2058 998; x_wconf 80' lang='lat' dir='ltr'><strong>tintinnabulis</strong></span> 
     </span>
    </p>
   </div>
   <div class='ocr_carea' id='block_1_10' title="bbox 489 1021 2058 1102">
    <p class='ocr_par' dir='ltr' id='par_1_10' title="bbox 489 1021 2058 1102">
     <span class='ocr_line' id='line_1_10' title="bbox 489 1021 2058 1102; baseline 0.01 -32"><span class='ocrx_word' id='word_1_52' title='bbox 489 1028 744 1084; x_wconf 85' lang='lat' dir='ltr'><strong>resonat,</strong></span> <span class='ocrx_word' id='word_1_53' title='bbox 777 1021 1053 1090; x_wconf 86' lang='lat' dir='ltr'><strong>corymbis</strong></span> <span class='ocrx_word' id='word_1_54' title='bbox 1080 1023 1396 1090; x_wconf 83' lang='lat' dir='ltr'><strong>decoratur,</strong></span> <span class='ocrx_word' id='word_1_55' title='bbox 1431 1028 1580 1083; x_wconf 86' lang='lat' dir='ltr'><strong>circa</strong></span> <span class='ocrx_word' id='word_1_56' title='bbox 1619 1040 1812 1100; x_wconf 88' lang='lat' dir='ltr'><strong>pectus</strong></span> <span class='ocrx_word' id='word_1_57' title='bbox 1857 1047 2058 1102; x_wconf 80' lang='lat' dir='ltr'><strong>praece-</strong></span> 
     </span>
    </p>
   </div>
   <div class='ocr_carea' id='block_1_11' title="bbox 487 1110 2059 1192">
    <p class='ocr_par' dir='ltr' id='par_1_11' title="bbox 487 1110 2059 1192">
     <span class='ocr_line' id='line_1_11' title="bbox 487 1110 2059 1192; baseline 0.01 -31"><span class='ocrx_word' id='word_1_58' title='bbox 487 1117 704 1178; x_wconf 91' lang='lat' dir='ltr'><strong>ptorum</strong></span> <span class='ocrx_word' id='word_1_59' title='bbox 746 1110 1050 1181; x_wconf 77' lang='lat' dir='ltr'><strong>fulgoribus</strong></span> <span class='ocrx_word' id='word_1_60' title='bbox 1087 1116 1431 1184; x_wconf 88' lang='lat' dir='ltr'><strong>resplendet,</strong></span> <span class='ocrx_word' id='word_1_61' title='bbox 1481 1127 1658 1188; x_wconf 82' lang='lat' dir='ltr'><strong>gestat</strong></span> <span class='ocrx_word' id='word_1_62' title='bbox 1685 1121 1928 1178; x_wconf 85' lang='lat' dir='ltr'><strong>humeris</strong></span> <span class='ocrx_word' id='word_1_63' title='bbox 1963 1137 2059 1192; x_wconf 84' lang='lat' dir='ltr'><strong>pa-</strong></span> 
     </span>
    </p>
   </div>
   <div class='ocr_carea' id='block_1_12' title="bbox 487 1203 2058 1274">
    <p class='ocr_par' dir='ltr' id='par_1_12' title="bbox 487 1203 2058 1274">
     <span class='ocr_line' id='line_1_12' title="bbox 487 1203 2058 1274; baseline 0.011 -20"><span class='ocrx_word' id='word_1_64' title='bbox 487 1203 759 1257; x_wconf 85' lang='lat' dir='ltr'><strong>triarchas</strong></span> <span class='ocrx_word' id='word_1_65' title='bbox 799 1213 855 1259; x_wconf 82' lang='lat' dir='ltr'><strong>et</strong></span> <span class='ocrx_word' id='word_1_66' title='bbox 893 1206 1220 1274; x_wconf 86' lang='lat' dir='ltr'><strong>prophetas.</strong></span> <span class='ocrx_word' id='word_1_67' title='bbox 1268 1209 1388 1263; x_wconf 93' lang='lat' dir='ltr'><strong>loco</strong></span> <span class='ocrx_word' id='word_1_68' title='bbox 1437 1211 1721 1266; x_wconf 86' lang='lat' dir='ltr'><strong>nominum</strong></span> <span class='ocrx_word' id='word_1_69' title='bbox 1763 1213 2058 1271; x_wconf 84' lang='lat' dir='ltr'><strong>virtutibus</strong></span> 
     </span>
    </p>
   </div>
   <div class='ocr_carea' id='block_1_13' title="bbox 488 1288 2058 1376">
    <p class='ocr_par' dir='ltr' id='par_1_13' title="bbox 488 1288 2058 1376">
     <span class='ocr_line' id='line_1_13' title="bbox 488 1288 2058 1376; baseline 0.007 -25"><span class='ocrx_word' id='word_1_70' title='bbox 488 1288 704 1351; x_wconf 83' lang='lat' dir='ltr'><strong>illorum</strong></span> <span class='ocrx_word' id='word_1_71' title='bbox 745 1298 810 1352; x_wconf 90' lang='lat' dir='ltr'><strong>ad</strong></span> <span class='ocrx_word' id='word_1_72' title='bbox 857 1299 942 1362; x_wconf 81' lang='lat' dir='ltr'><strong>sui</strong></span> <span class='ocrx_word' id='word_1_73' title='bbox 989 1309 1244 1354; x_wconf 87' lang='lat' dir='ltr'><strong>ornatum</strong></span> <span class='ocrx_word' id='word_1_74' title='bbox 1287 1303 1572 1358; x_wconf 88' lang='lat' dir='ltr'><strong>translatis</strong></span> <span class='ocrx_word' id='word_1_75' title='bbox 1605 1323 1618 1358; x_wconf 87' lang='lat'><strong>:</strong></span> <span class='ocrx_word' id='word_1_76' title='bbox 1657 1315 1822 1376; x_wconf 87' lang='lat' dir='ltr'><strong>caput</strong></span> <span class='ocrx_word' id='word_1_77' title='bbox 1853 1321 2058 1362; x_wconf 88' lang='lat' dir='ltr'><strong>corona</strong></span> 
     </span>
    </p>
   </div>
   <div class='ocr_carea' id='block_1_14' title="bbox 481 1389 2059 1466">
    <p class='ocr_par' dir='ltr' id='par_1_14' title="bbox 481 1389 2059 1466">
     <span class='ocr_line' id='line_1_14' title="bbox 481 1389 2059 1466; baseline 0.006 -23"><span class='ocrx_word' id='word_1_78' title='bbox 481 1389 708 1459; x_wconf 70' lang='lat' dir='ltr'><strong>iustitia:</strong></span> <span class='ocrx_word' id='word_1_79' title='bbox 734 1402 929 1455; x_wconf 89' lang='lat' dir='ltr'><strong>ornat,</strong></span> <span class='ocrx_word' id='word_1_80' title='bbox 980 1393 1239 1462; x_wconf 86' lang='lat' dir='ltr'><strong>capillum</strong></span> <span class='ocrx_word' id='word_1_81' title='bbox 1283 1397 1492 1450; x_wconf 71' lang='lat' dir='ltr'><strong>caslesti</strong></span> <span class='ocrx_word' id='word_1_82' title='bbox 1531 1406 1810 1466; x_wconf 88' lang='lat' dir='ltr'><strong>unguento</strong></span> <span class='ocrx_word' id='word_1_83' title='bbox 1841 1398 2059 1453; x_wconf 86' lang='lat' dir='ltr'><strong>delibu-</strong></span> 
     </span>
    </p>
   </div>
   <div class='ocr_carea' id='block_1_15' title="bbox 487 1482 2056 1561">
    <p class='ocr_par' dir='ltr' id='par_1_15' title="bbox 487 1482 2056 1561">
     <span class='ocr_line' id='line_1_15' title="bbox 487 1482 2056 1561; baseline 0.005 -27"><span class='ocrx_word' id='word_1_84' title='bbox 487 1490 604 1535; x_wconf 89' lang='lat' dir='ltr'><strong>tum</strong></span> <span class='ocrx_word' id='word_1_85' title='bbox 629 1482 821 1549; x_wconf 80' lang='lat' dir='ltr'><strong>habet,</strong></span> <span class='ocrx_word' id='word_1_86' title='bbox 869 1491 922 1537; x_wconf 87' lang='lat' dir='ltr'><strong>et</strong></span> <span class='ocrx_word' id='word_1_87' title='bbox 963 1484 1106 1538; x_wconf 88' lang='lat' dir='ltr'><strong>intra</strong></span> <span class='ocrx_word' id='word_1_88' title='bbox 1133 1488 1543 1555; x_wconf 73' lang='lat' dir='ltr'><strong>superccelestia</strong></span> <span class='ocrx_word' id='word_1_89' title='bbox 1573 1489 1736 1561; x_wconf 83' lang='lat' dir='ltr'><strong>adyta</strong></span> <span class='ocrx_word' id='word_1_90' title='bbox 1767 1499 2056 1546; x_wconf 84' lang='lat' dir='ltr'><strong>versatur:</strong></span> 
     </span>
    </p>
   </div>
   <div class='ocr_carea' id='block_1_16' title="bbox 485 1576 2058 1649">
    <p class='ocr_par' dir='ltr' id='par_1_16' title="bbox 485 1576 2058 1649">
     <span class='ocr_line' id='line_1_16' title="bbox 485 1576 2058 1649; baseline 0.006 -23"><span class='ocrx_word' id='word_1_91' title='bbox 485 1589 608 1643; x_wconf 71' lang='lat' dir='ltr'><strong>quae</strong></span> <span class='ocrx_word' id='word_1_92' title='bbox 651 1576 800 1629; x_wconf 92' lang='lat' dir='ltr'><strong>omni</strong></span> <span class='ocrx_word' id='word_1_93' title='bbox 849 1577 1166 1646; x_wconf 79' lang='lat' dir='ltr'><strong>cogitationi</strong></span> <span class='ocrx_word' id='word_1_94' title='bbox 1220 1579 1462 1649; x_wconf 83' lang='lat' dir='ltr'><strong>profanae</strong></span> <span class='ocrx_word' id='word_1_95' title='bbox 1517 1595 1705 1636; x_wconf 79' lang='lat' dir='ltr'><strong>revera</strong></span> <span class='ocrx_word' id='word_1_96' title='bbox 1751 1582 1951 1646; x_wconf 76' lang='grc' dir='ltr'><strong>ἄδυτα,</strong></span> <span class='ocrx_word' id='word_1_97' title='bbox 2004 1581 2058 1636; x_wconf 89' lang='lat' dir='ltr'><strong>id</strong></span> 
     </span>
    </p>
   </div>
   <div class='ocr_carea' id='block_1_17' title="bbox 484 1666 2060 1739">
    <p class='ocr_par' dir='ltr' id='par_1_17' title="bbox 484 1666 2060 1739">
     <span class='ocr_line' id='line_1_17' title="bbox 484 1666 2060 1739; baseline 0.005 -19"><span class='ocrx_word' id='word_1_98' title='bbox 484 1673 572 1720; x_wconf 85' lang='lat' dir='ltr'><strong>est</strong></span> <span class='ocrx_word' id='word_1_99' title='bbox 603 1666 1036 1736; x_wconf 88' lang='lat' dir='ltr'><strong>impenetrabilia</strong></span> <span class='ocrx_word' id='word_1_100' title='bbox 1069 1679 1234 1739; x_wconf 86' lang='lat' dir='ltr'><strong>atque</strong></span> <span class='ocrx_word' id='word_1_101' title='bbox 1267 1672 1544 1726; x_wconf 86' lang='lat' dir='ltr'><strong>inaccessa</strong></span> <span class='ocrx_word' id='word_1_102' title='bbox 1592 1682 1740 1728; x_wconf 87' lang='lat' dir='ltr'><strong>sunt.</strong></span> <span class='ocrx_word' id='word_1_103' title='bbox 1767 1673 2060 1730; x_wconf 80' lang='lat' dir='ltr'><strong>Enimvero</strong></span> 
     </span>
    </p>
   </div>
   <div class='ocr_carea' id='block_1_18' title="bbox 487 1758 2060 1824">
    <p class='ocr_par' dir='ltr' id='par_1_18' title="bbox 487 1758 2060 1824">
     <span class='ocr_line' id='line_1_18' title="bbox 487 1758 2060 1824; baseline 0.009 -16"><span class='ocrx_word' id='word_1_104' title='bbox 487 1758 762 1824; x_wconf 84' lang='lat' dir='ltr'><strong>quomodo</strong></span> <span class='ocrx_word' id='word_1_105' title='bbox 795 1767 849 1813; x_wconf 86' lang='lat' dir='ltr'><strong>et</strong></span> <span class='ocrx_word' id='word_1_106' title='bbox 880 1773 1202 1814; x_wconf 78' lang='lat' dir='ltr'><strong>exornatum</strong></span> <span class='ocrx_word' id='word_1_107' title='bbox 1235 1771 1288 1816; x_wconf 90' lang='lat' dir='ltr'><strong>et</strong></span> <span class='ocrx_word' id='word_1_108' title='bbox 1324 1763 1655 1819; x_wconf 88' lang='lat' dir='ltr'><strong>instructum</strong></span> <span class='ocrx_word' id='word_1_109' title='bbox 1698 1781 1821 1821; x_wconf 89' lang='lat' dir='ltr'><strong>esse</strong></span> <span class='ocrx_word' id='word_1_110' title='bbox 1862 1782 2060 1821; x_wconf 89' lang='lat' dir='ltr'><strong>conve-</strong></span> 
     </span>
    </p>
   </div>
   <div class='ocr_carea' id='block_1_19' title="bbox 485 1851 2059 1924">
    <p class='ocr_par' dir='ltr' id='par_1_19' title="bbox 485 1851 2059 1924">
     <span class='ocr_line' id='line_1_19' title="bbox 485 1851 2059 1924; baseline 0.006 -22"><span class='ocrx_word' id='word_1_111' title='bbox 485 1851 601 1902; x_wconf 88' lang='lat' dir='ltr'><strong>niat</strong></span> <span class='ocrx_word' id='word_1_112' title='bbox 632 1863 797 1912; x_wconf 90' lang='lat' dir='ltr'><strong>eum,</strong></span> <span class='ocrx_word' id='word_1_113' title='bbox 827 1853 918 1920; x_wconf 89' lang='lat' dir='ltr'><strong>qui</strong></span> <span class='ocrx_word' id='word_1_114' title='bbox 952 1853 1254 1908; x_wconf 86' lang='lat' dir='ltr'><strong>sacerdotis</strong></span> <span class='ocrx_word' id='word_1_115' title='bbox 1281 1855 1456 1910; x_wconf 75' lang='lat' dir='ltr'><strong>oliicio</strong></span> <span class='ocrx_word' id='word_1_116' title='bbox 1485 1856 1774 1912; x_wconf 89' lang='lat' dir='ltr'><strong>functurus</strong></span> <span class='ocrx_word' id='word_1_117' title='bbox 1806 1858 1912 1924; x_wconf 89' lang='lat' dir='ltr'><strong>sit,</strong></span> <span class='ocrx_word' id='word_1_118' title='bbox 1944 1873 2059 1912; x_wconf 83' lang='lat' dir='ltr'><strong>me-</strong></span> 
     </span>
    </p>
   </div>
   <div class='ocr_carea' id='block_1_20' title="bbox 485 1939 2052 2018">
    <p class='ocr_par' dir='ltr' id='par_1_20' title="bbox 485 1939 2052 2018">
     <span class='ocr_line' id='line_1_20' title="bbox 485 1939 2052 2018; baseline 0.004 -23"><span class='ocrx_word' id='word_1_119' title='bbox 485 1939 748 1996; x_wconf 84' lang='lat' dir='ltr'><strong>diocriter</strong></span> <span class='ocrx_word' id='word_1_120' title='bbox 777 1958 872 2012; x_wconf 88' lang='lat' dir='ltr'><strong>per</strong></span> <span class='ocrx_word' id='word_1_121' title='bbox 901 1958 965 1997; x_wconf 88' lang='lat' dir='ltr'><strong>ea</strong></span> <span class='ocrx_word' id='word_1_122' title='bbox 998 1959 1118 2014; x_wconf 67' lang='lat' dir='ltr'><strong>quae</strong></span> <span class='ocrx_word' id='word_1_123' title='bbox 1144 1953 1374 2000; x_wconf 81' lang='lat' dir='ltr'><strong>tractata</strong></span> <span class='ocrx_word' id='word_1_124' title='bbox 1403 1957 1566 2016; x_wconf 87' lang='lat' dir='ltr'><strong>atque</strong></span> <span class='ocrx_word' id='word_1_125' title='bbox 1595 1950 1864 2018; x_wconf 78' lang='lat' dir='ltr'><strong>explicata</strong></span> <span class='ocrx_word' id='word_1_126' title='bbox 1891 1957 2018 2004; x_wconf 85' lang='lat' dir='ltr'><strong>sunt</strong></span> <span class='ocrx_word' id='word_1_127' title='bbox 2037 1990 2052 2015; x_wconf 94' lang='lat'><strong>,</strong></span> 
     </span>
    </p>
   </div>
   <div class='ocr_carea' id='block_1_21' title="bbox 485 2035 2058 2111">
    <p class='ocr_par' dir='ltr' id='par_1_21' title="bbox 485 2035 2058 2111">
     <span class='ocr_line' id='line_1_21' title="bbox 485 2035 2058 2111; baseline 0.004 -24"><span class='ocrx_word' id='word_1_128' title='bbox 485 2035 662 2088; x_wconf 89' lang='lat' dir='ltr'><strong>oratio</strong></span> <span class='ocrx_word' id='word_1_129' title='bbox 695 2035 1120 2103; x_wconf 85' lang='lat' dir='ltr'><strong>demonstravit;</strong></span> <span class='ocrx_word' id='word_1_130' title='bbox 1148 2039 1414 2108; x_wconf 85' lang='lat' dir='ltr'><strong>reliquum</strong></span> <span class='ocrx_word' id='word_1_131' title='bbox 1448 2040 1613 2094; x_wconf 83' lang='lat' dir='ltr'><strong>fuerit</strong></span> <span class='ocrx_word' id='word_1_132' title='bbox 1657 2041 1829 2111; x_wconf 88' lang='lat' dir='ltr'><strong>ipsam</strong></span> <span class='ocrx_word' id='word_1_133' title='bbox 1874 2042 2058 2096; x_wconf 78' lang='lat' dir='ltr'><strong>consi-</strong></span> 
     </span>
    </p>
   </div>
   <div class='ocr_carea' id='block_1_22' title="bbox 2157 670 3726 744">
    <p class='ocr_par' dir='ltr' id='par_1_22' title="bbox 2157 670 3726 744">
     <span class='ocr_line' id='line_1_22' title="bbox 2157 670 3726 744; baseline 0 -20"><span class='ocrx_word' id='word_1_134' title='bbox 2157 673 2223 742; x_wconf 84' lang='grc' dir='ltr'><strong>ῆν</strong></span> <span class='ocrx_word' id='word_1_135' title='bbox 2257 675 2285 726; x_wconf 99' lang='lat'><strong>6</strong></span> <span class='ocrx_word' id='word_1_136' title='bbox 2330 673 2486 742; x_wconf 85' lang='grc' dir='ltr'><strong>λόγος</strong></span> <span class='ocrx_word' id='word_1_137' title='bbox 2516 673 2849 744; x_wconf 69' lang='grc' dir='ltr'><strong>ὑπέγραψεν,</strong></span> <span class='ocrx_word' id='word_1_138' title='bbox 2887 673 2981 724; x_wconf 76' lang='grc' dir='ltr'><strong>καὶ</strong></span> <span class='ocrx_word' id='word_1_139' title='bbox 3016 673 3141 742; x_wconf 75' lang='grc' dir='ltr'><strong>ἠχεῖ</strong></span> <span class='ocrx_word' id='word_1_140' title='bbox 3165 674 3278 735; x_wconf 80' lang='grc' dir='ltr'><strong>τοῖς</strong></span> <span class='ocrx_word' id='word_1_141' title='bbox 3307 670 3586 734; x_wconf 80' lang='grc' dir='ltr'><strong>κώδωσιν,</strong></span> <span class='ocrx_word' id='word_1_142' title='bbox 3634 677 3726 725; x_wconf 75' lang='grc' dir='ltr'><strong>καὶ</strong></span> 
     </span>
    </p>
   </div>
   <div class='ocr_carea' id='block_1_23' title="bbox 2157 763 3725 836">
    <p class='ocr_par' dir='ltr' id='par_1_23' title="bbox 2157 763 3725 836">
     <span class='ocr_line' id='line_1_23' title="bbox 2157 763 3725 836; baseline -0.001 -20"><span class='ocrx_word' id='word_1_143' title='bbox 2157 764 2371 828; x_wconf 81' lang='grc' dir='ltr'><strong>ἐξανθεῖ</strong></span> <span class='ocrx_word' id='word_1_144' title='bbox 2407 768 2516 828; x_wconf 84' lang='grc' dir='ltr'><strong>τοῖς</strong></span> <span class='ocrx_word' id='word_1_145' title='bbox 2565 767 2826 836; x_wconf 78' lang='grc' dir='ltr'><strong>ῥοΐσκοις·</strong></span> <span class='ocrx_word' id='word_1_146' title='bbox 2863 767 2957 818; x_wconf 73' lang='grc' dir='ltr'><strong>καὶ</strong></span> <span class='ocrx_word' id='word_1_147' title='bbox 2989 765 3190 835; x_wconf 85' lang='grc' dir='ltr'><strong>λάμπει</strong></span> <span class='ocrx_word' id='word_1_148' title='bbox 3253 764 3380 834; x_wconf 70' lang='grc' dir='ltr'><strong>περὶ</strong></span> <span class='ocrx_word' id='word_1_149' title='bbox 3420 764 3481 815; x_wconf 83' lang='grc' dir='ltr'><strong>τὸ</strong></span> <span class='ocrx_word' id='word_1_150' title='bbox 3534 763 3725 832; x_wconf 79' lang='grc' dir='ltr'><strong>στῆθος</strong></span> 
     </span>
    </p>
   </div>
   <div class='ocr_carea' id='block_1_24' title="bbox 2156 853 3727 927">
    <p class='ocr_par' dir='ltr' id='par_1_24' title="bbox 2156 853 3727 927">
     <span class='ocr_line' id='line_1_24' title="bbox 2156 853 3727 927; baseline 0.001 -20"><span class='ocrx_word' id='word_1_151' title='bbox 2156 857 2276 919; x_wconf 87' lang='grc' dir='ltr'><strong>ταῖς</strong></span> <span class='ocrx_word' id='word_1_152' title='bbox 2301 856 2407 910; x_wconf 90' lang='grc' dir='ltr'><strong>τῶν</strong></span> <span class='ocrx_word' id='word_1_153' title='bbox 2429 855 2657 910; x_wconf 84' lang='grc' dir='ltr'><strong>ἐντολῶν</strong></span> <span class='ocrx_word' id='word_1_154' title='bbox 2684 857 2876 924; x_wconf 82' lang='grc' dir='ltr'><strong>αὐγαῖς</strong></span> <span class='ocrx_word' id='word_1_155' title='bbox 2893 897 2907 919; x_wconf 92' lang='grc'><strong>,</strong></span> <span class='ocrx_word' id='word_1_156' title='bbox 2941 857 3033 909; x_wconf 77' lang='grc' dir='ltr'><strong>καὶ</strong></span> <span class='ocrx_word' id='word_1_157' title='bbox 3060 857 3214 927; x_wconf 82' lang='grc' dir='ltr'><strong>φέρει</strong></span> <span class='ocrx_word' id='word_1_158' title='bbox 3242 857 3355 919; x_wconf 82' lang='grc' dir='ltr'><strong>τοῖς</strong></span> <span class='ocrx_word' id='word_1_159' title='bbox 3387 853 3564 925; x_wconf 76' lang='grc' dir='ltr'><strong>ὤμοις</strong></span> <span class='ocrx_word' id='word_1_160' title='bbox 3601 857 3727 918; x_wconf 74' lang='grc' dir='ltr'><strong>τοὺς</strong></span> 
     </span>
    </p>
   </div>
   <div class='ocr_carea' id='block_1_25' title="bbox 2159 942 3727 1015">
    <p class='ocr_par' dir='ltr' id='par_1_25' title="bbox 2159 942 3727 1015">
     <span class='ocr_line' id='line_1_25' title="bbox 2159 942 3727 1015; baseline 0.003 -22"><span class='ocrx_word' id='word_1_161' title='bbox 2159 942 2502 1013; x_wconf 79' lang='grc' dir='ltr'>πατριάρχας</span> <span class='ocrx_word' id='word_1_162' title='bbox 2530 944 2626 996; x_wconf 73' lang='grc' dir='ltr'><strong>καὶ</strong></span> <span class='ocrx_word' id='word_1_163' title='bbox 2654 946 2955 1015; x_wconf 77' lang='grc' dir='ltr'><strong>προφήτας,</strong></span> <span class='ocrx_word' id='word_1_164' title='bbox 2985 945 3104 997; x_wconf 71' lang='grc' dir='ltr'><strong>ἀντὶ</strong></span> <span class='ocrx_word' id='word_1_165' title='bbox 3134 943 3242 996; x_wconf 85' lang='grc' dir='ltr'><strong>τῶν</strong></span> <span class='ocrx_word' id='word_1_166' title='bbox 3279 943 3595 1013; x_wconf 82' lang='grc' dir='ltr'><strong>ὀνομάτων,</strong></span> <span class='ocrx_word' id='word_1_167' title='bbox 3631 943 3727 1006; x_wconf 80' lang='grc' dir='ltr'><strong>τὰς</strong></span> 
     </span>
    </p>
   </div>
   <div class='ocr_carea' id='block_1_26' title="bbox 2159 1030 3725 1105">
    <p class='ocr_par' dir='ltr' id='par_1_26' title="bbox 2159 1030 3725 1105">
     <span class='ocr_line' id='line_1_26' title="bbox 2159 1030 3725 1105; baseline 0.003 -22"><span class='ocrx_word' id='word_1_168' title='bbox 2159 1030 2358 1100; x_wconf 77' lang='grc' dir='ltr'><strong>ἀρετὰς</strong></span> <span class='ocrx_word' id='word_1_169' title='bbox 2392 1032 2614 1085; x_wconf 81' lang='grc' dir='ltr'><strong>ἐκείνων</strong></span> <span class='ocrx_word' id='word_1_170' title='bbox 2645 1036 2722 1097; x_wconf 87' lang='grc' dir='ltr'><strong>εἰς</strong></span> <span class='ocrx_word' id='word_1_171' title='bbox 2755 1034 2846 1087; x_wconf 80' lang='grc' dir='ltr'><strong>τὸν</strong></span> <span class='ocrx_word' id='word_1_172' title='bbox 2885 1034 3014 1086; x_wconf 74' lang='grc' dir='ltr'><strong>ἴδιον</strong></span> <span class='ocrx_word' id='word_1_173' title='bbox 3037 1033 3238 1104; x_wconf 83' lang='grc' dir='ltr'><strong>κόσμον</strong></span> <span class='ocrx_word' id='word_1_174' title='bbox 3269 1035 3725 1105; x_wconf 77' lang='grc' dir='ltr'><strong>μετακοσμήσαςο</strong></span> 
     </span>
    </p>
   </div>
   <div class='ocr_carea' id='block_1_27' title="bbox 2159 1121 3726 1200">
    <p class='ocr_par' dir='ltr' id='par_1_27' title="bbox 2159 1121 3726 1200">
     <span class='ocr_line' id='line_1_27' title="bbox 2159 1121 3726 1200; baseline 0.005 -28"><span class='ocrx_word' id='word_1_175' title='bbox 2159 1121 2253 1173; x_wconf 76' lang='grc' dir='ltr'><strong>καὶ</strong></span> <span class='ocrx_word' id='word_1_176' title='bbox 2272 1121 2370 1192; x_wconf 79' lang='grc' dir='ltr'><strong>τὴν</strong></span> <span class='ocrx_word' id='word_1_177' title='bbox 2394 1122 2632 1196; x_wconf 81' lang='grc' dir='ltr'><strong>κεφαλὴν</strong></span> <span class='ocrx_word' id='word_1_178' title='bbox 2658 1127 2853 1194; x_wconf 85' lang='grc' dir='ltr'><strong>κοσμεῖ</strong></span> <span class='ocrx_word' id='word_1_179' title='bbox 2873 1125 2950 1194; x_wconf 83' lang='grc' dir='ltr'><strong>τῷ</strong></span> <span class='ocrx_word' id='word_1_180' title='bbox 2966 1125 3065 1195; x_wconf 83' lang='grc' dir='ltr'><strong>τῆς</strong></span> <span class='ocrx_word' id='word_1_181' title='bbox 3089 1125 3431 1196; x_wconf 80' lang='grc' dir='ltr'><strong>δικαιοσύνης</strong></span> <span class='ocrx_word' id='word_1_182' title='bbox 3452 1128 3726 1200; x_wconf 74' lang='grc' dir='ltr'><strong>στεφάνῳ,</strong></span> 
     </span>
    </p>
   </div>
   <div class='ocr_carea' id='block_1_28' title="bbox 2159 1211 3724 1287">
    <p class='ocr_par' dir='ltr' id='par_1_28' title="bbox 2159 1211 3724 1287">
     <span class='ocr_line' id='line_1_28' title="bbox 2159 1211 3724 1287; baseline 0.004 -24"><span class='ocrx_word' id='word_1_183' title='bbox 2159 1211 2254 1263; x_wconf 78' lang='grc' dir='ltr'><strong>καὶ</strong></span> <span class='ocrx_word' id='word_1_184' title='bbox 2301 1213 2401 1283; x_wconf 81' lang='grc' dir='ltr'><strong>τὴν</strong></span> <span class='ocrx_word' id='word_1_185' title='bbox 2455 1213 2629 1285; x_wconf 85' lang='grc' dir='ltr'><strong>κόμην</strong></span> <span class='ocrx_word' id='word_1_186' title='bbox 2673 1213 2784 1284; x_wconf 75' lang='grc' dir='ltr'><strong>ἔχει</strong></span> <span class='ocrx_word' id='word_1_187' title='bbox 2830 1215 2908 1285; x_wconf 86' lang='grc' dir='ltr'><strong>τῷ</strong></span> <span class='ocrx_word' id='word_1_188' title='bbox 2939 1213 3174 1286; x_wconf 76' lang='grc' dir='ltr'>οὐρανίῳ</span> <span class='ocrx_word' id='word_1_189' title='bbox 3211 1214 3365 1286; x_wconf 86' lang='grc' dir='ltr'><strong>μύρῳ</strong></span> <span class='ocrx_word' id='word_1_190' title='bbox 3403 1217 3724 1287; x_wconf 75' lang='grc' dir='ltr'><strong>διάϐροχον,</strong></span> 
     </span>
    </p>
   </div>
   <div class='ocr_carea' id='block_1_29' title="bbox 2158 1301 3728 1374">
    <p class='ocr_par' dir='ltr' id='par_1_29' title="bbox 2158 1301 3728 1374">
     <span class='ocr_line' id='line_1_29' title="bbox 2158 1301 3728 1374; baseline 0.001 -19"><span class='ocrx_word' id='word_1_191' title='bbox 2158 1301 2308 1366; x_wconf 84' lang='grc' dir='ltr'><strong>ἐντός</strong></span> <span class='ocrx_word' id='word_1_192' title='bbox 2350 1319 2409 1354; x_wconf 86' lang='grc' dir='ltr'><strong>τε</strong></span> <span class='ocrx_word' id='word_1_193' title='bbox 2444 1303 2653 1371; x_wconf 88' lang='grc' dir='ltr'><strong>γίνεται</strong></span> <span class='ocrx_word' id='word_1_194' title='bbox 2697 1302 2806 1355; x_wconf 86' lang='grc' dir='ltr'><strong>τῶν</strong></span> <span class='ocrx_word' id='word_1_195' title='bbox 2853 1302 3262 1373; x_wconf 80' lang='grc' dir='ltr'><strong>ὑπερουρανίων</strong></span> <span class='ocrx_word' id='word_1_196' title='bbox 3302 1301 3547 1356; x_wconf 85' lang='grc' dir='ltr'><strong>ἀδύτων’</strong></span> <span class='ocrx_word' id='word_1_197' title='bbox 3584 1304 3728 1374; x_wconf 69' lang='grc' dir='ltr'><strong>ἅπερ</strong></span> 
     </span>
    </p>
   </div>
   <div class='ocr_carea' id='block_1_30' title="bbox 2159 1393 3728 1464">
    <p class='ocr_par' dir='ltr' id='par_1_30' title="bbox 2159 1393 3728 1464">
     <span class='ocr_line' id='line_1_30' title="bbox 2159 1393 3728 1464; baseline 0 -18"><span class='ocrx_word' id='word_1_198' title='bbox 2159 1395 2320 1448; x_wconf 77' lang='grc' dir='ltr'><strong>παντὶ</strong></span> <span class='ocrx_word' id='word_1_199' title='bbox 2367 1393 2612 1464; x_wconf 82' lang='grc' dir='ltr'><strong>λογισμῷ</strong></span> <span class='ocrx_word' id='word_1_200' title='bbox 2661 1393 2870 1464; x_wconf 76' lang='grc' dir='ltr'><strong>βεϐήλῳ</strong></span> <span class='ocrx_word' id='word_1_201' title='bbox 2909 1394 3075 1448; x_wconf 79' lang='grc' dir='ltr'><strong>ἄδυτα</strong></span> <span class='ocrx_word' id='word_1_202' title='bbox 3124 1393 3200 1456; x_wconf 84' lang='grc' dir='ltr'><strong>ῶς</strong></span> <span class='ocrx_word' id='word_1_203' title='bbox 3231 1393 3447 1462; x_wconf 85' lang='grc' dir='ltr'><strong>ἀληθῶς</strong></span> <span class='ocrx_word' id='word_1_204' title='bbox 3487 1395 3605 1446; x_wconf 81' lang='grc' dir='ltr'><strong>ἐστι</strong></span> <span class='ocrx_word' id='word_1_205' title='bbox 3635 1398 3728 1447; x_wconf 81' lang='grc' dir='ltr'><strong>καὶ</strong></span> 
     </span>
    </p>
   </div>
   <div class='ocr_carea' id='block_1_31' title="bbox 2158 1483 3727 1556">
    <p class='ocr_par' dir='ltr' id='par_1_31' title="bbox 2158 1483 3727 1556">
     <span class='ocr_line' id='line_1_31' title="bbox 2158 1483 3727 1556; baseline -0.004 -17"><span class='ocrx_word' id='word_1_206' title='bbox 2158 1484 2475 1539; x_wconf 76' lang='grc' dir='ltr'><strong>ἀνεπίϐατα.</strong></span> <span class='ocrx_word' id='word_1_207' title='bbox 2521 1483 2658 1537; x_wconf 82' lang='grc' dir='ltr'><strong>Ἀλλ’</strong></span> <span class='ocrx_word' id='word_1_208' title='bbox 2685 1485 2832 1546; x_wconf 80' lang='grc' dir='ltr'><strong>ὅπως</strong></span> <span class='ocrx_word' id='word_1_209' title='bbox 2869 1484 3134 1556; x_wconf 85' lang='grc' dir='ltr'><strong>προσήκει</strong></span> <span class='ocrx_word' id='word_1_210' title='bbox 3167 1483 3613 1555; x_wconf 77' lang='grc' dir='ltr'><strong>παρεσκευάσθαι</strong></span> <span class='ocrx_word' id='word_1_211' title='bbox 3636 1484 3727 1537; x_wconf 81' lang='grc' dir='ltr'><strong>τὸν</strong></span> 
     </span>
    </p>
   </div>
   <div class='ocr_carea' id='block_1_32' title="bbox 2161 1575 3727 1649">
    <p class='ocr_par' dir='ltr' id='par_1_32' title="bbox 2161 1575 3727 1649">
     <span class='ocr_line' id='line_1_32' title="bbox 2161 1575 3727 1649; baseline -0.002 -19"><span class='ocrx_word' id='word_1_212' title='bbox 2161 1576 2486 1649; x_wconf 79' lang='grc' dir='ltr'><strong>ἱερωμένον,</strong></span> <span class='ocrx_word' id='word_1_213' title='bbox 2535 1576 2770 1647; x_wconf 80' lang='grc' dir='ltr'><strong>μετρίως</strong></span> <span class='ocrx_word' id='word_1_214' title='bbox 2819 1577 2876 1629; x_wconf 87' lang='grc' dir='ltr'><strong>ἐν</strong></span> <span class='ocrx_word' id='word_1_215' title='bbox 2914 1579 3026 1640; x_wconf 81' lang='grc' dir='ltr'><strong>τοῖς</strong></span> <span class='ocrx_word' id='word_1_216' title='bbox 3072 1575 3455 1646; x_wconf 81' lang='grc' dir='ltr'><strong>ὲξητασμένοις</strong></span> <span class='ocrx_word' id='word_1_217' title='bbox 3501 1576 3531 1627; x_wconf 92' lang='lat'><strong>6</strong></span> <span class='ocrx_word' id='word_1_218' title='bbox 3574 1575 3727 1642; x_wconf 87' lang='grc' dir='ltr'><strong>λόγος</strong></span> 
     </span>
    </p>
   </div>
   <div class='ocr_carea' id='block_1_33' title="bbox 2159 1665 3729 1738">
    <p class='ocr_par' dir='ltr' id='par_1_33' title="bbox 2159 1665 3729 1738">
     <span class='ocr_line' id='line_1_33' title="bbox 2159 1665 3729 1738; baseline -0.003 -17"><span class='ocrx_word' id='word_1_219' title='bbox 2159 1665 2459 1733; x_wconf 80' lang='grc' dir='ltr'><strong>ὑπέδειξεν·</strong></span> <span class='ocrx_word' id='word_1_220' title='bbox 2496 1666 2681 1720; x_wconf 80' lang='grc' dir='ltr'><strong>λοιπὸν</strong></span> <span class='ocrx_word' id='word_1_221' title='bbox 2712 1666 2756 1719; x_wconf 88' lang='grc' dir='ltr'><strong>δ’</strong></span> <span class='ocrx_word' id='word_1_222' title='bbox 2785 1667 2851 1720; x_wconf 84' lang='grc' dir='ltr'><strong>ἀν</strong></span> <span class='ocrx_word' id='word_1_223' title='bbox 2881 1667 2964 1738; x_wconf 87' lang='grc' dir='ltr'><strong>εῐη</strong></span> <span class='ocrx_word' id='word_1_224' title='bbox 2995 1669 3214 1720; x_wconf 81' lang='grc' dir='ltr'><strong>σκοπεῖν</strong></span> <span class='ocrx_word' id='word_1_225' title='bbox 3246 1667 3414 1738; x_wconf 78' lang='grc' dir='ltr'><strong>αὐτὴν</strong></span> <span class='ocrx_word' id='word_1_226' title='bbox 3446 1666 3545 1736; x_wconf 76' lang='grc' dir='ltr'><strong>τὴν</strong></span> <span class='ocrx_word' id='word_1_227' title='bbox 3573 1665 3729 1737; x_wconf 76' lang='grc' dir='ltr'><strong>αττη-</strong></span> 
     </span>
    </p>
   </div>
   <div class='ocr_carea' id='block_1_34' title="bbox 2159 1756 3728 1830">
    <p class='ocr_par' dir='ltr' id='par_1_34' title="bbox 2159 1756 3728 1830">
     <span class='ocr_line' id='line_1_34' title="bbox 2159 1756 3728 1830; baseline -0.003 -17"><span class='ocrx_word' id='word_1_228' title='bbox 2159 1777 2264 1823; x_wconf 87' lang='grc' dir='ltr'><strong>σιν,</strong></span> <span class='ocrx_word' id='word_1_229' title='bbox 2298 1761 2363 1830; x_wconf 75' lang='grc' dir='ltr'><strong>ἣν</strong></span> <span class='ocrx_word' id='word_1_230' title='bbox 2405 1759 2697 1830; x_wconf 81' lang='grc' dir='ltr'><strong>προσάγειν</strong></span> <span class='ocrx_word' id='word_1_231' title='bbox 2739 1759 2992 1812; x_wconf 85' lang='grc' dir='ltr'><strong>ἐκέλευσε</strong></span> <span class='ocrx_word' id='word_1_232' title='bbox 3029 1757 3109 1829; x_wconf 85' lang='grc' dir='ltr'><strong>τῷ</strong></span> <span class='ocrx_word' id='word_1_233' title='bbox 3135 1757 3279 1829; x_wconf 85' lang='grc' dir='ltr'><strong>Θεῷ,</strong></span> <span class='ocrx_word' id='word_1_234' title='bbox 3316 1758 3409 1812; x_wconf 78' lang='grc' dir='ltr'><strong>τὸν</strong></span> <span class='ocrx_word' id='word_1_235' title='bbox 3439 1757 3589 1821; x_wconf 81' lang='grc' dir='ltr'><strong>ἐντὸς</strong></span> <span class='ocrx_word' id='word_1_236' title='bbox 3622 1756 3728 1809; x_wconf 85' lang='grc' dir='ltr'><strong>τῶν</strong></span> 
     </span>
    </p>
   </div>
   <div class='ocr_carea' id='block_1_35' title="bbox 2159 1848 3727 1920">
    <p class='ocr_par' dir='ltr' id='par_1_35' title="bbox 2159 1848 3727 1920">
     <span class='ocr_line' id='line_1_35' title="bbox 2159 1848 3727 1920; baseline -0.003 -15"><span class='ocrx_word' id='word_1_237' title='bbox 2159 1852 2366 1906; x_wconf 81' lang='grc' dir='ltr'><strong>ἀδύτων</strong></span> <span class='ocrx_word' id='word_1_238' title='bbox 2402 1851 2708 1920; x_wconf 85' lang='grc' dir='ltr'><strong>γενόμενον.</strong></span> <span class='ocrx_word' id='word_1_239' title='bbox 2753 1851 2828 1903; x_wconf 80' lang='grc' dir='ltr'><strong>Ού</strong></span> <span class='ocrx_word' id='word_1_240' title='bbox 2869 1849 2978 1920; x_wconf 79' lang='grc' dir='ltr'><strong>γάρ</strong></span> <span class='ocrx_word' id='word_1_241' title='bbox 3008 1867 3098 1920; x_wconf 89' lang='grc' dir='ltr'><strong>μοι</strong></span> <span class='ocrx_word' id='word_1_242' title='bbox 3142 1849 3289 1902; x_wconf 86' lang='grc' dir='ltr'><strong>δοκεῖ</strong></span> <span class='ocrx_word' id='word_1_243' title='bbox 3327 1848 3470 1903; x_wconf 82' lang='grc' dir='ltr'><strong>κατά</strong></span> <span class='ocrx_word' id='word_1_244' title='bbox 3500 1848 3562 1902; x_wconf 84' lang='grc' dir='ltr'><strong>τὸ</strong></span> <span class='ocrx_word' id='word_1_245' title='bbox 3599 1851 3727 1919; x_wconf 72' lang='grc' dir='ltr'><strong>πρό·</strong></span> 
     </span>
    </p>
   </div>
   <div class='ocr_carea' id='block_1_36' title="bbox 2160 1941 3728 2015">
    <p class='ocr_par' dir='ltr' id='par_1_36' title="bbox 2160 1941 3728 2015">
     <span class='ocr_line' id='line_1_36' title="bbox 2160 1941 3728 2015; baseline -0.003 -17"><span class='ocrx_word' id='word_1_246' title='bbox 2160 1960 2362 2015; x_wconf 84' lang='grc' dir='ltr'><strong>χειρον,</strong></span> <span class='ocrx_word' id='word_1_247' title='bbox 2393 1941 2658 2013; x_wconf 75' lang='grc' dir='ltr'><strong>εὔληπτον</strong></span> <span class='ocrx_word' id='word_1_248' title='bbox 2692 1943 2950 2014; x_wconf 82' lang='grc' dir='ltr'><strong>παρέχειν</strong></span> <span class='ocrx_word' id='word_1_249' title='bbox 2983 1944 3114 2012; x_wconf 83' lang='grc' dir='ltr'><strong>ἡμῖν</strong></span> <span class='ocrx_word' id='word_1_250' title='bbox 3140 1942 3239 2013; x_wconf 80' lang='grc' dir='ltr'><strong>τὴν</strong></span> <span class='ocrx_word' id='word_1_251' title='bbox 3279 1941 3532 2009; x_wconf 81' lang='grc' dir='ltr'><strong>διάνοιαν,</strong></span> <span class='ocrx_word' id='word_1_252' title='bbox 3561 1942 3728 2011; x_wconf 75' lang='grc' dir='ltr'><strong>ψιλῶς</strong></span> 
     </span>
    </p>
   </div>
   <div class='ocr_carea' id='block_1_37' title="bbox 2161 2033 3279 2108">
    <p class='ocr_par' dir='ltr' id='par_1_37' title="bbox 2161 2033 3279 2108">
     <span class='ocr_line' id='line_1_37' title="bbox 2161 2033 3279 2108; baseline -0.002 -18"><span class='ocrx_word' id='word_1_253' title='bbox 2161 2037 2262 2107; x_wconf 77' lang='grc' dir='ltr'><strong>τῆς</strong></span> <span class='ocrx_word' id='word_1_254' title='bbox 2297 2036 2604 2108; x_wconf 80' lang='grc' dir='ltr'><strong>προσευχῆς</strong></span> <span class='ocrx_word' id='word_1_255' title='bbox 2633 2034 2921 2108; x_wconf 72' lang='grc' dir='ltr'><strong>ἐκτεθέντα</strong></span> <span class='ocrx_word' id='word_1_256' title='bbox 2947 2033 3018 2087; x_wconf 70' lang='grc' dir='ltr'><strong>τὰ</strong></span> <span class='ocrx_word' id='word_1_257' title='bbox 3040 2036 3279 2105; x_wconf 75' lang='grc' dir='ltr'><strong>ῥήματα.</strong></span> 
     </span>
    </p>
   </div>
   <div class='ocr_carea' id='block_1_38' title="bbox 483 2127 3728 2208">
    <p class='ocr_par' dir='ltr' id='par_1_38' title="bbox 483 2127 3728 2208">
     <span class='ocr_line' id='line_1_38' title="bbox 483 2127 3728 2208; baseline 0 -26"><span class='ocrx_word' id='word_1_258' title='bbox 483 2127 678 2183; x_wconf 87' lang='lat' dir='ltr'><strong>derare</strong></span> <span class='ocrx_word' id='word_1_259' title='bbox 709 2129 1022 2198; x_wconf 83' lang='lat' dir='ltr'><strong>petitionem</strong></span> <span class='ocrx_word' id='word_1_260' title='bbox 1044 2171 1059 2195; x_wconf 89' lang='lat'><strong>,</strong></span> <span class='ocrx_word' id='word_1_261' title='bbox 1094 2145 1448 2202; x_wconf 80' lang='lat' dir='ltr'><strong>quamcum,</strong></span> <span class='ocrx_word' id='word_1_262' title='bbox 1485 2135 1577 2205; x_wconf 87' lang='lat' dir='ltr'><strong>qui</strong></span> <span class='ocrx_word' id='word_1_263' title='bbox 1607 2136 1748 2192; x_wconf 88' lang='lat' dir='ltr'><strong>intra</strong></span> <span class='ocrx_word' id='word_1_264' title='bbox 1807 2136 2026 2208; x_wconf 85' lang='lat' dir='ltr'><strong>adytum</strong></span> <span class='ocrx_word' id='word_1_265' title='bbox 2085 2144 2357 2197; x_wconf 86' lang='lat' dir='ltr'><strong>versatur,</strong></span> <span class='ocrx_word' id='word_1_266' title='bbox 2413 2131 2524 2188; x_wconf 88' lang='lat' dir='ltr'><strong>Deo</strong></span> <span class='ocrx_word' id='word_1_267' title='bbox 2585 2130 2782 2186; x_wconf 73' lang='lat' dir='ltr'><strong>offerre</strong></span> <span class='ocrx_word' id='word_1_268' title='bbox 2835 2130 3003 2200; x_wconf 80' lang='lat' dir='ltr'><strong>jussit</strong></span> <span class='ocrx_word' id='word_1_269' title='bbox 3029 2147 3044 2184; x_wconf 89' lang='lat'><strong>:</strong></span> <span class='ocrx_word' id='word_1_270' title='bbox 3075 2145 3184 2184; x_wconf 90' lang='lat' dir='ltr'><strong>non</strong></span> <span class='ocrx_word' id='word_1_271' title='bbox 3218 2132 3362 2185; x_wconf 85' lang='lat' dir='ltr'><strong>enim</strong></span> <span class='ocrx_word' id='word_1_272' title='bbox 3389 2129 3529 2184; x_wconf 86' lang='lat' dir='ltr'><strong>mihi</strong></span> <span class='ocrx_word' id='word_1_273' title='bbox 3569 2131 3728 2186; x_wconf 78' lang='lat' dir='ltr'><strong>verba</strong></span> 
     </span>
    </p>
   </div>
   <div class='ocr_carea' id='block_1_39' title="bbox 482 2221 3410 2302">
    <p class='ocr_par' dir='ltr' id='par_1_39' title="bbox 482 2221 3410 2302">
     <span class='ocr_line' id='line_1_39' title="bbox 482 2221 3410 2302; baseline 0.002 -27"><span class='ocrx_word' id='word_1_274' title='bbox 482 2221 750 2277; x_wconf 86' lang='lat' dir='ltr'><strong>orationis</strong></span> <span class='ocrx_word' id='word_1_275' title='bbox 799 2224 944 2279; x_wconf 91' lang='lat' dir='ltr'><strong>nude</strong></span> <span class='ocrx_word' id='word_1_276' title='bbox 989 2227 1275 2296; x_wconf 80' lang='lat' dir='ltr'><strong>exposita,</strong></span> <span class='ocrx_word' id='word_1_277' title='bbox 1334 2229 1508 2297; x_wconf 90' lang='lat' dir='ltr'><strong>prima</strong></span> <span class='ocrx_word' id='word_1_278' title='bbox 1563 2231 1701 2286; x_wconf 86' lang='lat' dir='ltr'><strong>facie</strong></span> <span class='ocrx_word' id='word_1_279' title='bbox 1757 2241 2008 2302; x_wconf 88' lang='lat' dir='ltr'><strong>percepta</strong></span> <span class='ocrx_word' id='word_1_280' title='bbox 2035 2272 2050 2295; x_wconf 94' lang='lat'><strong>,</strong></span> <span class='ocrx_word' id='word_1_281' title='bbox 2093 2231 2305 2286; x_wconf 88' lang='lat' dir='ltr'><strong>facilem</strong></span> <span class='ocrx_word' id='word_1_282' title='bbox 2333 2228 2493 2283; x_wconf 87' lang='lat' dir='ltr'><strong>nobis</strong></span> <span class='ocrx_word' id='word_1_283' title='bbox 2520 2226 2845 2282; x_wconf 86' lang='lat' dir='ltr'><strong>sententiam</strong></span> <span class='ocrx_word' id='word_1_284' title='bbox 2874 2227 3116 2297; x_wconf 59' lang='lat' dir='ltr'><strong>praebere</strong></span> <span class='ocrx_word' id='word_1_285' title='bbox 3139 2224 3410 2280; x_wconf 89' lang='lat' dir='ltr'><strong>videntur.</strong></span> 
     </span>
    </p>
   </div>
   <div class='ocr_carea' id='block_1_40' title="bbox 553 2317 2129 2396">
    <p class='ocr_par' dir='ltr' id='par_1_40' title="bbox 553 2317 2129 2396">
     <span class='ocr_line' id='line_1_40' title="bbox 553 2317 2129 2396; baseline 0.007 -24"><span class='ocrx_word' id='word_1_286' title='bbox 553 2317 949 2388; x_wconf 73' lang='lat' dir='ltr'><strong>Sancti/imm,</strong></span> <span class='ocrx_word' id='word_1_287' title='bbox 983 2321 1195 2388; x_wconf 87' lang='lat' dir='ltr'><strong>inquit,</strong></span> <span class='ocrx_word' id='word_1_288' title='bbox 1227 2337 1418 2377; x_wconf 82' lang='lat' dir='ltr'><strong>nomen</strong></span> <span class='ocrx_word' id='word_1_289' title='bbox 1453 2335 1637 2388; x_wconf 79' lang='lat' dir='ltr'><strong>tuum;</strong></span> <span class='ocrx_word' id='word_1_290' title='bbox 1680 2326 1921 2381; x_wconf 82' lang='lat' dir='ltr'><strong>adveniat</strong></span> <span class='ocrx_word' id='word_1_291' title='bbox 1955 2344 2052 2382; x_wconf 70' lang='grc' dir='ltr'><strong>νδ-</strong></span> <span class='ocrx_word' id='word_1_292' title='bbox 2090 2342 2129 2396; x_wconf 79' lang='grc' dir='ltr'><strong><em>Β</em></strong></span> 
     </span>
    </p>
   </div>
   <div class='ocr_carea' id='block_1_41' title="bbox 2239 2316 3728 2394">
    <p class='ocr_par' dir='ltr' id='par_1_41' title="bbox 2239 2316 3728 2394">
     <span class='ocr_line' id='line_1_41' title="bbox 2239 2316 3728 2394; baseline -0.006 -15"><span class='ocrx_word' id='word_1_293' title='bbox 2239 2324 2622 2394; x_wconf 80' lang='grc' dir='ltr'><strong>Ἁγιασθήτω,</strong></span> <span class='ocrx_word' id='word_1_294' title='bbox 2676 2327 2836 2393; x_wconf 80' lang='grc' dir='ltr'><strong>φησὶ,</strong></span> <span class='ocrx_word' id='word_1_295' title='bbox 2895 2322 2961 2374; x_wconf 86' lang='grc' dir='ltr'><strong>τὸ</strong></span> <span class='ocrx_word' id='word_1_296' title='bbox 3000 2319 3188 2389; x_wconf 81' lang='grc' dir='ltr'><strong>ὄνομά</strong></span> <span class='ocrx_word' id='word_1_297' title='bbox 3229 2336 3347 2372; x_wconf 91' lang='grc' dir='ltr'><strong>σου</strong></span> <span class='ocrx_word' id='word_1_298' title='bbox 3371 2333 3383 2346; x_wconf 90' lang='grc'><strong>·</strong></span> <span class='ocrx_word' id='word_1_299' title='bbox 3428 2316 3649 2372; x_wconf 76' lang='grc' dir='ltr'><strong>ἐλθέτω</strong></span> <span class='ocrx_word' id='word_1_300' title='bbox 3691 2320 3728 2388; x_wconf 76' lang='grc' dir='ltr'><strong><em>ἡ</em></strong></span> 
     </span>
    </p>
   </div>
   <div class='ocr_carea' id='block_1_42' title="bbox 481 2410 2058 2488">
    <p class='ocr_par' dir='ltr' id='par_1_42' title="bbox 481 2410 2054 2488">
     <span class='ocr_line' id='line_1_42' title="bbox 481 2410 2054 2488; baseline 0.008 -28"><span class='ocrx_word' id='word_1_301' title='bbox 481 2425 644 2478; x_wconf 86' lang='lat' dir='ltr'><strong>gnum</strong></span> <span class='ocrx_word' id='word_1_302' title='bbox 679 2421 848 2464; x_wconf 75' lang='lat' dir='ltr'><strong>tuum.</strong></span> <span class='ocrx_word' id='word_1_303' title='bbox 882 2410 1023 2477; x_wconf 84' lang='lat' dir='ltr'><strong>Quid</strong></span> <span class='ocrx_word' id='word_1_304' title='bbox 1054 2413 1169 2467; x_wconf 68' lang='lat' dir='ltr'><strong>haec</strong></span> <span class='ocrx_word' id='word_1_305' title='bbox 1195 2414 1262 2468; x_wconf 90' lang='lat' dir='ltr'><strong>ad</strong></span> <span class='ocrx_word' id='word_1_306' title='bbox 1296 2413 1351 2468; x_wconf 90' lang='lat' dir='ltr'><strong>id</strong></span> <span class='ocrx_word' id='word_1_307' title='bbox 1372 2455 1388 2480; x_wconf 97' lang='lat'><strong>,</strong></span> <span class='ocrx_word' id='word_1_308' title='bbox 1418 2415 1564 2485; x_wconf 91' lang='lat' dir='ltr'><strong>quod</strong></span> <span class='ocrx_word' id='word_1_309' title='bbox 1597 2417 1728 2470; x_wconf 89' lang='lat' dir='ltr'><strong>mihi</strong></span> <span class='ocrx_word' id='word_1_310' title='bbox 1762 2433 1900 2488; x_wconf 88' lang='lat' dir='ltr'><strong>opus</strong></span> <span class='ocrx_word' id='word_1_311' title='bbox 1927 2419 2054 2473; x_wconf 81' lang='lat' dir='ltr'><strong>est?</strong></span> 
     </span>
    </p>
   </div>
   <div class='ocr_carea' id='block_1_43' title="bbox 2156 2410 3724 2488">
    <p class='ocr_par' dir='ltr' id='par_1_43' title="bbox 2156 2411 3724 2484">
     <span class='ocr_line' id='line_1_43' title="bbox 2156 2411 3724 2484; baseline -0.006 -11"><span class='ocrx_word' id='word_1_312' title='bbox 2156 2419 2440 2484; x_wconf 73' lang='grc' dir='ltr'><strong>βασιλεία</strong></span> <span class='ocrx_word' id='word_1_313' title='bbox 2459 2433 2595 2470; x_wconf 81' lang='grc' dir='ltr'><strong>σου.</strong></span> <span class='ocrx_word' id='word_1_314' title='bbox 2622 2415 2687 2468; x_wconf 87' lang='grc' dir='ltr'><strong>Τί</strong></span> <span class='ocrx_word' id='word_1_315' title='bbox 2705 2415 2871 2468; x_wconf 86' lang='grc' dir='ltr'><strong>ταῦτα</strong></span> <span class='ocrx_word' id='word_1_316' title='bbox 2896 2413 3031 2484; x_wconf 76' lang='grc' dir='ltr'><strong>πρὸς</strong></span> <span class='ocrx_word' id='word_1_317' title='bbox 3050 2414 3148 2482; x_wconf 80' lang='grc' dir='ltr'><strong>τὴν</strong></span> <span class='ocrx_word' id='word_1_318' title='bbox 3169 2411 3304 2483; x_wconf 82' lang='grc' dir='ltr'><strong>ἐμὴν</strong></span> <span class='ocrx_word' id='word_1_319' title='bbox 3335 2411 3525 2481; x_wconf 88' lang='grc' dir='ltr'><strong>χρείαν</strong></span> <span class='ocrx_word' id='word_1_320' title='bbox 3545 2428 3559 2475; x_wconf 88' lang='grc'><strong>;</strong></span> <span class='ocrx_word' id='word_1_321' title='bbox 3584 2412 3724 2464; x_wconf 80' lang='grc' dir='ltr'><strong>εἴποι</strong></span> 
     </span>
    </p>
   </div>
   <div class='ocr_carea' id='block_1_44' title="bbox 481 2499 2053 2579">
    <p class='ocr_par' dir='ltr' id='par_1_44' title="bbox 481 2499 2053 2579">
     <span class='ocr_line' id='line_1_44' title="bbox 481 2499 2053 2579; baseline 0.008 -27"><span class='ocrx_word' id='word_1_322' title='bbox 481 2499 687 2553; x_wconf 73' lang='lat' dir='ltr'><strong>dixerit</strong></span> <span class='ocrx_word' id='word_1_323' title='bbox 722 2501 922 2569; x_wconf 83' lang='lat' dir='ltr'><strong>aliquis</strong></span> <span class='ocrx_word' id='word_1_324' title='bbox 953 2501 1150 2565; x_wconf 85' lang='lat' dir='ltr'><strong>homo,</strong></span> <span class='ocrx_word' id='word_1_325' title='bbox 1181 2505 1262 2558; x_wconf 88' lang='lat' dir='ltr'><strong>vel</strong></span> <span class='ocrx_word' id='word_1_326' title='bbox 1303 2513 1525 2575; x_wconf 84' lang='lat' dir='ltr'><strong>propter</strong></span> <span class='ocrx_word' id='word_1_327' title='bbox 1553 2517 1777 2576; x_wconf 86' lang='lat' dir='ltr'><strong>peccata</strong></span> <span class='ocrx_word' id='word_1_328' title='bbox 1812 2510 2053 2579; x_wconf 88' lang='lat' dir='ltr'><strong>seipsum</strong></span> 
     </span>
    </p>
   </div>
   <div class='ocr_carea' id='block_1_45' title="bbox 481 2591 2054 2668">
    <p class='ocr_par' dir='ltr' id='par_1_45' title="bbox 481 2591 2054 2668">
     <span class='ocr_line' id='line_1_45' title="bbox 481 2591 2054 2668; baseline 0.009 -27"><span class='ocrx_word' id='word_1_329' title='bbox 481 2603 582 2660; x_wconf 82' lang='lat' dir='ltr'><strong>per</strong></span> <span class='ocrx_word' id='word_1_330' title='bbox 615 2591 988 2660; x_wconf 67' lang='lat' dir='ltr'><strong>paenitentiam</strong></span> <span class='ocrx_word' id='word_1_331' title='bbox 1021 2595 1327 2664; x_wconf 73' lang='lat' dir='ltr'><strong>castigans,</strong></span> <span class='ocrx_word' id='word_1_332' title='bbox 1371 2598 1454 2651; x_wconf 87' lang='lat' dir='ltr'><strong>vel</strong></span> <span class='ocrx_word' id='word_1_333' title='bbox 1494 2607 1554 2652; x_wconf 88' lang='lat' dir='ltr'><strong>ut</strong></span> <span class='ocrx_word' id='word_1_334' title='bbox 1588 2609 1868 2668; x_wconf 87' lang='lat' dir='ltr'><strong>peccatum</strong></span> <span class='ocrx_word' id='word_1_335' title='bbox 1900 2601 2054 2655; x_wconf 86' lang='lat' dir='ltr'><strong>inva-</strong></span> 
     </span>
    </p>
   </div>
   <div class='ocr_carea' id='block_1_46' title="bbox 484 2681 2057 2755">
    <p class='ocr_par' dir='ltr' id='par_1_46' title="bbox 484 2681 2057 2755">
     <span class='ocr_line' id='line_1_46' title="bbox 484 2681 2057 2755; baseline 0.008 -22"><span class='ocrx_word' id='word_1_336' title='bbox 484 2681 698 2737; x_wconf 86' lang='lat' dir='ltr'><strong>lescens</strong></span> <span class='ocrx_word' id='word_1_337' title='bbox 727 2682 983 2753; x_wconf 81' lang='lat' dir='ltr'><strong>effugiat,</strong></span> <span class='ocrx_word' id='word_1_338' title='bbox 1020 2683 1188 2739; x_wconf 89' lang='lat' dir='ltr'><strong>Deum</strong></span> <span class='ocrx_word' id='word_1_339' title='bbox 1237 2687 1294 2741; x_wconf 92' lang='lat' dir='ltr'><strong>in</strong></span> <span class='ocrx_word' id='word_1_340' title='bbox 1343 2688 1608 2752; x_wconf 80' lang='lat' dir='ltr'><strong>auxilium</strong></span> <span class='ocrx_word' id='word_1_341' title='bbox 1642 2705 1882 2755; x_wconf 90' lang='lat' dir='ltr'><strong>vocans,</strong></span> <span class='ocrx_word' id='word_1_342' title='bbox 1915 2707 2057 2746; x_wconf 82' lang='lat' dir='ltr'><strong>scm-</strong></span> 
     </span>
    </p>
   </div>
   <div class='ocr_carea' id='block_1_47' title="bbox 483 2773 2059 2850">
    <p class='ocr_par' dir='ltr' id='par_1_47' title="bbox 483 2773 2059 2850">
     <span class='ocr_line' id='line_1_47' title="bbox 483 2773 2059 2850; baseline 0.006 -24"><span class='ocrx_word' id='word_1_343' title='bbox 483 2788 586 2843; x_wconf 90' lang='lat' dir='ltr'><strong>per</strong></span> <span class='ocrx_word' id='word_1_344' title='bbox 615 2775 670 2828; x_wconf 92' lang='lat' dir='ltr'><strong>in</strong></span> <span class='ocrx_word' id='word_1_345' title='bbox 705 2773 879 2828; x_wconf 78' lang='lat' dir='ltr'><strong>oculis</strong></span> <span class='ocrx_word' id='word_1_346' title='bbox 910 2775 1117 2829; x_wconf 85' lang='lat' dir='ltr'><strong>habens</strong></span> <span class='ocrx_word' id='word_1_347' title='bbox 1147 2792 1270 2832; x_wconf 89' lang='lat' dir='ltr'><strong>eum</strong></span> <span class='ocrx_word' id='word_1_348' title='bbox 1296 2817 1311 2843; x_wconf 94' lang='lat'><strong>,</strong></span> <span class='ocrx_word' id='word_1_349' title='bbox 1340 2780 1436 2848; x_wconf 90' lang='lat' dir='ltr'><strong>qui</strong></span> <span class='ocrx_word' id='word_1_350' title='bbox 1467 2795 1566 2850; x_wconf 88' lang='lat' dir='ltr'><strong>per</strong></span> <span class='ocrx_word' id='word_1_351' title='bbox 1595 2783 1924 2837; x_wconf 88' lang='lat' dir='ltr'><strong>tentationes</strong></span> <span class='ocrx_word' id='word_1_352' title='bbox 1955 2783 2059 2836; x_wconf 81' lang='lat' dir='ltr'><strong>im-</strong></span> 
     </span>
    </p>
   </div>
   <div class='ocr_carea' id='block_1_48' title="bbox 485 2865 2059 2937">
    <p class='ocr_par' dir='ltr' id='par_1_48' title="bbox 485 2865 2059 2937">
     <span class='ocr_line' id='line_1_48' title="bbox 485 2865 2059 2937; baseline 0.007 -21"><span class='ocrx_word' id='word_1_353' title='bbox 485 2874 728 2934; x_wconf 81' lang='lat' dir='ltr'><strong>pugnat:</strong></span> <span class='ocrx_word' id='word_1_354' title='bbox 763 2865 890 2919; x_wconf 86' lang='lat' dir='ltr'><strong>hinc</strong></span> <span class='ocrx_word' id='word_1_355' title='bbox 923 2865 1003 2919; x_wconf 91' lang='lat' dir='ltr'><strong>ira</strong></span> <span class='ocrx_word' id='word_1_356' title='bbox 1034 2868 1304 2922; x_wconf 90' lang='lat' dir='ltr'><strong>rationem</strong></span> <span class='ocrx_word' id='word_1_357' title='bbox 1347 2885 1379 2922; x_wconf 87' lang='lat' dir='ltr'><strong>a</strong></span> <span class='ocrx_word' id='word_1_358' title='bbox 1427 2872 1737 2926; x_wconf 87' lang='lat' dir='ltr'><strong>constantia</strong></span> <span class='ocrx_word' id='word_1_359' title='bbox 1759 2912 1775 2937; x_wconf 93' lang='lat'><strong>,</strong></span> <span class='ocrx_word' id='word_1_360' title='bbox 1811 2873 2059 2927; x_wconf 84' lang='lat' dir='ltr'><strong>modera-</strong></span> 
     </span>
    </p>
   </div>
   <div class='ocr_carea' id='block_1_49' title="bbox 480 2955 2057 3026">
    <p class='ocr_par' dir='ltr' id='par_1_49' title="bbox 480 2955 2057 3026">
     <span class='ocr_line' id='line_1_49' title="bbox 480 2955 2057 3026; baseline 0.005 -18"><span class='ocrx_word' id='word_1_361' title='bbox 480 2955 636 3011; x_wconf 70' lang='lat' dir='ltr'><strong>tione</strong></span> <span class='ocrx_word' id='word_1_362' title='bbox 656 2996 673 3022; x_wconf 90' lang='lat'><strong>,</strong></span> <span class='ocrx_word' id='word_1_363' title='bbox 703 2967 865 3026; x_wconf 82' lang='lat' dir='ltr'><strong>atque</strong></span> <span class='ocrx_word' id='word_1_364' title='bbox 897 2956 1072 3012; x_wconf 78' lang='lat' dir='ltr'><strong>officio</strong></span> <span class='ocrx_word' id='word_1_365' title='bbox 1102 2957 1322 3013; x_wconf 88' lang='lat' dir='ltr'><strong>deducit</strong></span> <span class='ocrx_word' id='word_1_366' title='bbox 1348 2976 1363 3012; x_wconf 88' lang='lat'><strong>:</strong></span> <span class='ocrx_word' id='word_1_367' title='bbox 1397 2961 1548 3014; x_wconf 88' lang='lat' dir='ltr'><strong>illinc</strong></span> <span class='ocrx_word' id='word_1_368' title='bbox 1578 2977 1758 3016; x_wconf 90' lang='lat' dir='ltr'><strong>rerum</strong></span> <span class='ocrx_word' id='word_1_369' title='bbox 1789 2961 2057 3016; x_wconf 84' lang='lat' dir='ltr'><strong>absurda-</strong></span> 
     </span>
    </p>
   </div>
   <div class='ocr_carea' id='block_1_50' title="bbox 483 3049 2058 3121">
    <p class='ocr_par' dir='ltr' id='par_1_50' title="bbox 483 3049 2058 3121">
     <span class='ocr_line' id='line_1_50' title="bbox 483 3049 2058 3121; baseline 0.004 -19"><span class='ocrx_word' id='word_1_370' title='bbox 483 3061 606 3102; x_wconf 78' lang='lat' dir='ltr'><strong>rum</strong></span> <span class='ocrx_word' id='word_1_371' title='bbox 635 3049 960 3118; x_wconf 88' lang='lat' dir='ltr'><strong>cupiditates</strong></span> <span class='ocrx_word' id='word_1_372' title='bbox 991 3050 1158 3103; x_wconf 88' lang='lat' dir='ltr'><strong>animi</strong></span> <span class='ocrx_word' id='word_1_373' title='bbox 1187 3051 1429 3121; x_wconf 79' lang='lat' dir='ltr'><strong>vigorem</strong></span> <span class='ocrx_word' id='word_1_374' title='bbox 1457 3063 1721 3108; x_wconf 89' lang='lat' dir='ltr'><strong>enervant</strong></span> <span class='ocrx_word' id='word_1_375' title='bbox 1745 3069 1760 3105; x_wconf 90' lang='lat'><strong>:</strong></span> <span class='ocrx_word' id='word_1_376' title='bbox 1792 3054 1861 3108; x_wconf 89' lang='lat' dir='ltr'><strong>ab</strong></span> <span class='ocrx_word' id='word_1_377' title='bbox 1889 3055 2058 3109; x_wconf 86' lang='lat' dir='ltr'><strong>altera</strong></span> 
     </span>
    </p>
   </div>
   <div class='ocr_carea' id='block_1_51' title="bbox 478 3141 2059 3213">
    <p class='ocr_par' dir='ltr' id='par_1_51' title="bbox 478 3141 2059 3213">
     <span class='ocr_line' id='line_1_51' title="bbox 478 3141 2059 3213; baseline 0.004 -19"><span class='ocrx_word' id='word_1_378' title='bbox 478 3150 639 3209; x_wconf 83' lang='lat' dir='ltr'><strong>parte</strong></span> <span class='ocrx_word' id='word_1_379' title='bbox 669 3141 894 3195; x_wconf 87' lang='lat' dir='ltr'><strong>avaritia</strong></span> <span class='ocrx_word' id='word_1_380' title='bbox 923 3150 978 3195; x_wconf 91' lang='lat' dir='ltr'><strong>et</strong></span> <span class='ocrx_word' id='word_1_381' title='bbox 1006 3142 1083 3196; x_wconf 87' lang='lat' dir='ltr'><strong>rei</strong></span> <span class='ocrx_word' id='word_1_382' title='bbox 1115 3157 1228 3197; x_wconf 72' lang='lat' dir='ltr'><strong>suae</strong></span> <span class='ocrx_word' id='word_1_383' title='bbox 1253 3144 1446 3213; x_wconf 88' lang='lat' dir='ltr'><strong>quovis</strong></span> <span class='ocrx_word' id='word_1_384' title='bbox 1474 3145 1633 3199; x_wconf 90' lang='lat' dir='ltr'><strong>modo</strong></span> <span class='ocrx_word' id='word_1_385' title='bbox 1664 3146 1923 3213; x_wconf 70' lang='lat' dir='ltr'><strong>augenda:</strong></span> <span class='ocrx_word' id='word_1_386' title='bbox 1941 3155 2059 3200; x_wconf 80' lang='lat' dir='ltr'><strong>stu-</strong></span> 
     </span>
    </p>
   </div>
   <div class='ocr_carea' id='block_1_52' title="bbox 484 3232 2060 3303">
    <p class='ocr_par' dir='ltr' id='par_1_52' title="bbox 484 3232 2060 3303">
     <span class='ocr_line' id='line_1_52' title="bbox 484 3232 2060 3303; baseline 0.004 -18"><span class='ocrx_word' id='word_1_387' title='bbox 484 3232 634 3285; x_wconf 90' lang='lat' dir='ltr'><strong>diutn</strong></span> <span class='ocrx_word' id='word_1_388' title='bbox 671 3233 974 3302; x_wconf 88' lang='lat' dir='ltr'><strong>perspicaci</strong></span> <span class='ocrx_word' id='word_1_389' title='bbox 1011 3235 1154 3303; x_wconf 87' lang='lat' dir='ltr'><strong>parti</strong></span> <span class='ocrx_word' id='word_1_390' title='bbox 1187 3235 1371 3290; x_wconf 87' lang='lat' dir='ltr'><strong>cordis</strong></span> <span class='ocrx_word' id='word_1_391' title='bbox 1403 3235 1784 3290; x_wconf 86' lang='lat' dir='ltr'><strong>hebetudinem</strong></span> <span class='ocrx_word' id='word_1_392' title='bbox 1813 3244 1867 3291; x_wconf 91' lang='lat' dir='ltr'><strong>et</strong></span> <span class='ocrx_word' id='word_1_393' title='bbox 1900 3239 2060 3292; x_wconf 69' lang='lat' dir='ltr'><strong>caeci-</strong></span> 
     </span>
    </p>
   </div>
   <div class='ocr_carea' id='block_1_53' title="bbox 483 3325 2061 3400">
    <p class='ocr_par' dir='ltr' id='par_1_53' title="bbox 483 3325 2061 3400">
     <span class='ocr_line' id='line_1_53' title="bbox 483 3325 2061 3400; baseline 0.006 -25"><span class='ocrx_word' id='word_1_394' title='bbox 483 3331 652 3376; x_wconf 87' lang='lat' dir='ltr'><strong>tatem</strong></span> <span class='ocrx_word' id='word_1_395' title='bbox 686 3325 899 3379; x_wconf 90' lang='lat' dir='ltr'><strong>inducit</strong></span> <span class='ocrx_word' id='word_1_396' title='bbox 926 3345 940 3394; x_wconf 90' lang='lat'><strong>;</strong></span> <span class='ocrx_word' id='word_1_397' title='bbox 976 3326 1151 3381; x_wconf 89' lang='lat' dir='ltr'><strong>fastus</strong></span> <span class='ocrx_word' id='word_1_398' title='bbox 1173 3366 1187 3390; x_wconf 90' lang='lat'><strong>,</strong></span> <span class='ocrx_word' id='word_1_399' title='bbox 1217 3326 1475 3396; x_wconf 87' lang='lat' dir='ltr'><strong>superbia</strong></span> <span class='ocrx_word' id='word_1_400' title='bbox 1497 3367 1512 3392; x_wconf 92' lang='lat'><strong>,</strong></span> <span class='ocrx_word' id='word_1_401' title='bbox 1541 3328 1725 3382; x_wconf 80' lang='lat' dir='ltr'><strong>odium</strong></span> <span class='ocrx_word' id='word_1_402' title='bbox 1746 3370 1761 3395; x_wconf 88' lang='lat'><strong>,</strong></span> <span class='ocrx_word' id='word_1_403' title='bbox 1791 3331 2061 3400; x_wconf 88' lang='lat' dir='ltr'><strong>reliquus-</strong></span> 
     </span>
    </p>
   </div>
   <div class='ocr_carea' id='block_1_54' title="bbox 483 3415 2056 3488">
    <p class='ocr_par' dir='ltr' id='par_1_54' title="bbox 483 3415 2056 3488">
     <span class='ocr_line' id='line_1_54' title="bbox 483 3415 2056 3488; baseline 0.006 -21"><span class='ocrx_word' id='word_1_404' title='bbox 483 3430 591 3483; x_wconf 86' lang='lat' dir='ltr'><strong>que</strong></span> <span class='ocrx_word' id='word_1_405' title='bbox 609 3415 1048 3470; x_wconf 86' lang='lat' dir='ltr'><strong>adversariorum</strong></span> <span class='ocrx_word' id='word_1_406' title='bbox 1073 3425 1385 3471; x_wconf 87' lang='lat' dir='ltr'><strong>nostrorum</strong></span> <span class='ocrx_word' id='word_1_407' title='bbox 1404 3419 1684 3488; x_wconf 81' lang='lat' dir='ltr'><strong>catalogus</strong></span> <span class='ocrx_word' id='word_1_408' title='bbox 1704 3427 1758 3474; x_wconf 91' lang='lat' dir='ltr'><strong>et</strong></span> <span class='ocrx_word' id='word_1_409' title='bbox 1777 3436 2056 3486; x_wconf 90' lang='lat' dir='ltr'><strong>numerus,</strong></span> 
     </span>
    </p>
   </div>
   <div class='ocr_carea' id='block_1_55' title="bbox 483 3509 2059 3580">
    <p class='ocr_par' dir='ltr' id='par_1_55' title="bbox 483 3509 2059 3580">
     <span class='ocr_line' id='line_1_55' title="bbox 483 3509 2059 3580; baseline 0.005 -21"><span class='ocrx_word' id='word_1_410' title='bbox 483 3515 747 3577; x_wconf 83' lang='lat' dir='ltr'><strong>tanquam</strong></span> <span class='ocrx_word' id='word_1_411' title='bbox 779 3516 1001 3565; x_wconf 61' lang='lat' dir='ltr'><strong>caterva</strong></span> <span class='ocrx_word' id='word_1_412' title='bbox 1046 3509 1283 3563; x_wconf 89' lang='lat' dir='ltr'><strong>hostium</strong></span> <span class='ocrx_word' id='word_1_413' title='bbox 1327 3509 1570 3580; x_wconf 85' lang='lat' dir='ltr'><strong>undique</strong></span> <span class='ocrx_word' id='word_1_414' title='bbox 1611 3525 1672 3566; x_wconf 89' lang='lat' dir='ltr'><strong>se</strong></span> <span class='ocrx_word' id='word_1_415' title='bbox 1718 3513 2059 3568; x_wconf 85' lang='lat' dir='ltr'><strong>circumfun-</strong></span> 
     </span>
    </p>
   </div>
   <div class='ocr_carea' id='block_1_56' title="bbox 484 3597 2060 3673">
    <p class='ocr_par' dir='ltr' id='par_1_56' title="bbox 484 3597 2060 3673">
     <span class='ocr_line' id='line_1_56' title="bbox 484 3597 2060 3673; baseline 0.006 -22"><span class='ocrx_word' id='word_1_416' title='bbox 484 3597 622 3653; x_wconf 88' lang='lat' dir='ltr'><strong>dens</strong></span> <span class='ocrx_word' id='word_1_417' title='bbox 646 3639 660 3664; x_wconf 88' lang='lat'><strong>,</strong></span> <span class='ocrx_word' id='word_1_418' title='bbox 697 3609 1070 3654; x_wconf 81' lang='lat' dir='ltr'><strong>extremorum</strong></span> <span class='ocrx_word' id='word_1_419' title='bbox 1110 3602 1376 3654; x_wconf 89' lang='lat' dir='ltr'><strong>malorum</strong></span> <span class='ocrx_word' id='word_1_420' title='bbox 1412 3603 1608 3657; x_wconf 71' lang='lat' dir='ltr'><strong>anima:</strong></span> <span class='ocrx_word' id='word_1_421' title='bbox 1639 3605 1939 3673; x_wconf 90' lang='lat' dir='ltr'><strong>periculum</strong></span> <span class='ocrx_word' id='word_1_422' title='bbox 1975 3606 2060 3659; x_wconf 87' lang='lat' dir='ltr'><strong>in-</strong></span> 
     </span>
    </p>
   </div>
   <div class='ocr_carea' id='block_1_57' title="bbox 2154 2501 3729 2580">
    <p class='ocr_par' dir='ltr' id='par_1_57' title="bbox 2154 2501 3729 2580">
     <span class='ocr_line' id='line_1_57' title="bbox 2154 2501 3729 2580; baseline -0.006 -18"><span class='ocrx_word' id='word_1_423' title='bbox 2154 2525 2238 2572; x_wconf 89' lang='grc' dir='ltr'><strong>τις</strong></span> <span class='ocrx_word' id='word_1_424' title='bbox 2279 2507 2591 2580; x_wconf 80' lang='grc' dir='ltr'><strong>ἄνθρωπος,</strong></span> <span class='ocrx_word' id='word_1_425' title='bbox 2626 2506 2666 2576; x_wconf 71' lang='grc' dir='ltr'>ἢ</span> <span class='ocrx_word' id='word_1_426' title='bbox 2707 2506 2799 2559; x_wconf 74' lang='grc' dir='ltr'><strong>ἐπὶ</strong></span> <span class='ocrx_word' id='word_1_427' title='bbox 2847 2503 3142 2574; x_wconf 78' lang='grc' dir='ltr'><strong>ἁμαρτίαις</strong></span> <span class='ocrx_word' id='word_1_428' title='bbox 3192 2502 3382 2557; x_wconf 76' lang='grc' dir='ltr'><strong>ἑαυτὸν</strong></span> <span class='ocrx_word' id='word_1_429' title='bbox 3433 2501 3522 2554; x_wconf 83' lang='grc' dir='ltr'><strong>διὰ</strong></span> <span class='ocrx_word' id='word_1_430' title='bbox 3570 2517 3729 2571; x_wconf 77' lang='grc' dir='ltr'><strong>μετα-</strong></span> 
     </span>
    </p>
   </div>
   <div class='ocr_carea' id='block_1_58' title="bbox 2154 2591 3728 2668">
    <p class='ocr_par' dir='ltr' id='par_1_58' title="bbox 2154 2591 3728 2668">
     <span class='ocr_line' id='line_1_58' title="bbox 2154 2591 3728 2668; baseline -0.006 -16"><span class='ocrx_word' id='word_1_431' title='bbox 2154 2599 2302 2662; x_wconf 89' lang='grc' dir='ltr'><strong>νοίας</strong></span> <span class='ocrx_word' id='word_1_432' title='bbox 2349 2597 2657 2668; x_wconf 79' lang='grc' dir='ltr'><strong>μαστίζων,</strong></span> <span class='ocrx_word' id='word_1_433' title='bbox 2700 2597 2734 2667; x_wconf 80' lang='grc' dir='ltr'>ἢ</span> <span class='ocrx_word' id='word_1_434' title='bbox 2782 2597 2930 2658; x_wconf 80' lang='grc' dir='ltr'><strong>ὅπως</strong></span> <span class='ocrx_word' id='word_1_435' title='bbox 2976 2594 3042 2648; x_wconf 84' lang='grc' dir='ltr'><strong>ἂν</strong></span> <span class='ocrx_word' id='word_1_436' title='bbox 3071 2593 3230 2663; x_wconf 86' lang='grc' dir='ltr'><strong>φύγοι</strong></span> <span class='ocrx_word' id='word_1_437' title='bbox 3279 2591 3728 2664; x_wconf 84' lang='grc' dir='ltr'><strong>κατακρατοῦσαν</strong></span> 
     </span>
    </p>
   </div>
   <div class='ocr_carea' id='block_1_59' title="bbox 2154 2685 3730 2763">
    <p class='ocr_par' dir='ltr' id='par_1_59' title="bbox 2154 2685 3730 2763">
     <span class='ocr_line' id='line_1_59' title="bbox 2154 2685 3730 2763; baseline -0.003 -19"><span class='ocrx_word' id='word_1_438' title='bbox 2154 2691 2254 2763; x_wconf 84' lang='grc' dir='ltr'><strong>τὴν</strong></span> <span class='ocrx_word' id='word_1_439' title='bbox 2297 2690 2601 2762; x_wconf 81' lang='grc' dir='ltr'><strong>ἁμαρτίαν,</strong></span> <span class='ocrx_word' id='word_1_440' title='bbox 2638 2689 2730 2742; x_wconf 82' lang='grc' dir='ltr'><strong>τὸν</strong></span> <span class='ocrx_word' id='word_1_441' title='bbox 2770 2688 2900 2742; x_wconf 76' lang='grc' dir='ltr'><strong>Θεὸν</strong></span> <span class='ocrx_word' id='word_1_442' title='bbox 2943 2689 3024 2750; x_wconf 84' lang='grc' dir='ltr'><strong>είς</strong></span> <span class='ocrx_word' id='word_1_443' title='bbox 3076 2688 3387 2758; x_wconf 82' lang='grc' dir='ltr'><strong>συμμαχίαν</strong></span> <span class='ocrx_word' id='word_1_444' title='bbox 3432 2685 3644 2750; x_wconf 83' lang='grc' dir='ltr'><strong>καλῶν,</strong></span> <span class='ocrx_word' id='word_1_445' title='bbox 3676 2690 3730 2739; x_wconf 84' lang='grc' dir='ltr'><strong>ἐν</strong></span> 
     </span>
    </p>
   </div>
   <div class='ocr_carea' id='block_1_60' title="bbox 2155 2775 3730 2850">
    <p class='ocr_par' dir='ltr' id='par_1_60' title="bbox 2155 2775 3730 2850">
     <span class='ocr_line' id='line_1_60' title="bbox 2155 2775 3730 2850; baseline -0.002 -18"><span class='ocrx_word' id='word_1_446' title='bbox 2155 2780 2450 2850; x_wconf 81' lang='grc' dir='ltr'><strong>ὀφθαλμοῖς</strong></span> <span class='ocrx_word' id='word_1_447' title='bbox 2480 2779 2618 2850; x_wconf 73' lang='grc' dir='ltr'><strong>ἔχων</strong></span> <span class='ocrx_word' id='word_1_448' title='bbox 2646 2781 2734 2833; x_wconf 76' lang='grc' dir='ltr'><strong>ἀεὶ</strong></span> <span class='ocrx_word' id='word_1_449' title='bbox 2759 2780 2847 2832; x_wconf 79' lang='grc' dir='ltr'><strong>τὸν</strong></span> <span class='ocrx_word' id='word_1_450' title='bbox 2875 2778 2963 2832; x_wconf 86' lang='grc' dir='ltr'><strong>διά</strong></span> <span class='ocrx_word' id='word_1_451' title='bbox 2991 2777 3101 2831; x_wconf 82' lang='grc' dir='ltr'><strong>τῶν</strong></span> <span class='ocrx_word' id='word_1_452' title='bbox 3127 2775 3447 2848; x_wconf 82' lang='grc' dir='ltr'><strong>πειρασμῶν</strong></span> <span class='ocrx_word' id='word_1_453' title='bbox 3482 2793 3730 2846; x_wconf 82' lang='grc' dir='ltr'><strong>προσπα-</strong></span> 
     </span>
    </p>
   </div>
   <div class='ocr_carea' id='block_1_61' title="bbox 2156 2868 3730 2942">
    <p class='ocr_par' dir='ltr' id='par_1_61' title="bbox 2156 2868 3730 2942">
     <span class='ocr_line' id='line_1_61' title="bbox 2156 2868 3730 2942; baseline -0.002 -17"><span class='ocrx_word' id='word_1_454' title='bbox 2156 2872 2394 2926; x_wconf 85' lang='grc' dir='ltr'><strong>λαίοντα.</strong></span> <span class='ocrx_word' id='word_1_455' title='bbox 2443 2871 2634 2926; x_wconf 86' lang='grc' dir='ltr'><strong>Ἔνθεν</strong></span> <span class='ocrx_word' id='word_1_456' title='bbox 2659 2873 2707 2925; x_wconf 82' lang='grc' dir='ltr'><strong>οἱ</strong></span> <span class='ocrx_word' id='word_1_457' title='bbox 2738 2870 2899 2942; x_wconf 86' lang='grc' dir='ltr'><strong>θυμοὶ</strong></span> <span class='ocrx_word' id='word_1_458' title='bbox 2935 2871 3027 2923; x_wconf 82' lang='grc' dir='ltr'><strong>τὸν</strong></span> <span class='ocrx_word' id='word_1_459' title='bbox 3056 2869 3313 2939; x_wconf 81' lang='grc' dir='ltr'><strong>λογισμὸν</strong></span> <span class='ocrx_word' id='word_1_460' title='bbox 3345 2868 3440 2921; x_wconf 88' lang='grc' dir='ltr'><strong>τοῦ</strong></span> <span class='ocrx_word' id='word_1_461' title='bbox 3465 2868 3730 2938; x_wconf 72' lang='grc' dir='ltr'><strong>καθεστηο</strong></span> 
     </span>
    </p>
   </div>
   <div class='ocr_carea' id='block_1_62' title="bbox 2159 2961 3729 3036">
    <p class='ocr_par' dir='ltr' id='par_1_62' title="bbox 2159 2961 3729 3036">
     <span class='ocr_line' id='line_1_62' title="bbox 2159 2961 3729 3036; baseline -0.004 -16"><span class='ocrx_word' id='word_1_462' title='bbox 2159 2966 2314 3028; x_wconf 84' lang='grc' dir='ltr'><strong>κότος</strong></span> <span class='ocrx_word' id='word_1_463' title='bbox 2344 2965 2683 3036; x_wconf 84' lang='grc' dir='ltr'><strong>παράγουσιν</strong></span> <span class='ocrx_word' id='word_1_464' title='bbox 2700 2982 2712 2994; x_wconf 92' lang='grc'>·</span> <span class='ocrx_word' id='word_1_465' title='bbox 2751 2962 2958 3017; x_wconf 79' lang='grc' dir='ltr'><strong>ἐκεῖθεν</strong></span> <span class='ocrx_word' id='word_1_466' title='bbox 2984 2964 3039 3015; x_wconf 82' lang='grc' dir='ltr'><strong>αἱ</strong></span> <span class='ocrx_word' id='word_1_467' title='bbox 3068 2961 3177 3014; x_wconf 89' lang='grc' dir='ltr'><strong>τῶν</strong></span> <span class='ocrx_word' id='word_1_468' title='bbox 3204 2961 3420 3014; x_wconf 82' lang='grc' dir='ltr'><strong>ἀτόπων</strong></span> <span class='ocrx_word' id='word_1_469' title='bbox 3445 2961 3729 3032; x_wconf 75' lang='grc' dir='ltr'><strong>ἐπιθυμίαι</strong></span> 
     </span>
    </p>
   </div>
   <div class='ocr_carea' id='block_1_63' title="bbox 2157 3052 3730 3127">
    <p class='ocr_par' dir='ltr' id='par_1_63' title="bbox 2157 3052 3730 3127">
     <span class='ocr_line' id='line_1_63' title="bbox 2157 3052 3730 3127; baseline -0.004 -16"><span class='ocrx_word' id='word_1_470' title='bbox 2157 3059 2249 3111; x_wconf 82' lang='grc' dir='ltr'><strong>τὸν</strong></span> <span class='ocrx_word' id='word_1_471' title='bbox 2301 3058 2452 3110; x_wconf 86' lang='grc' dir='ltr'><strong>τόνον</strong></span> <span class='ocrx_word' id='word_1_472' title='bbox 2499 3057 2600 3127; x_wconf 79' lang='grc' dir='ltr'><strong>τῆς</strong></span> <span class='ocrx_word' id='word_1_473' title='bbox 2661 3055 2838 3125; x_wconf 75' lang='grc' dir='ltr'><strong>ψυχῆς</strong></span> <span class='ocrx_word' id='word_1_474' title='bbox 2898 3053 3330 3124; x_wconf 79' lang='grc' dir='ltr'><strong>ἐκνευρίζουσιν·</strong></span> <span class='ocrx_word' id='word_1_475' title='bbox 3385 3052 3653 3124; x_wconf 80' lang='grc' dir='ltr'><strong>ἑτέρωθεν</strong></span> <span class='ocrx_word' id='word_1_476' title='bbox 3697 3054 3730 3122; x_wconf 78' lang='grc' dir='ltr'><strong>ἡ</strong></span> 
     </span>
    </p>
   </div>
   <div class='ocr_carea' id='block_1_64' title="bbox 2158 3144 3728 3221">
    <p class='ocr_par' dir='ltr' id='par_1_64' title="bbox 2158 3144 3728 3221">
     <span class='ocr_line' id='line_1_64' title="bbox 2158 3144 3728 3221; baseline -0.003 -17"><span class='ocrx_word' id='word_1_477' title='bbox 2158 3150 2438 3217; x_wconf 78' lang='grc' dir='ltr'><strong>πλεονεξία</strong></span> <span class='ocrx_word' id='word_1_478' title='bbox 2466 3151 2711 3221; x_wconf 85' lang='grc' dir='ltr'><strong>πήρωσιν</strong></span> <span class='ocrx_word' id='word_1_479' title='bbox 2732 3147 2927 3216; x_wconf 78' lang='grc' dir='ltr'><strong>ἐπάγει</strong></span> <span class='ocrx_word' id='word_1_480' title='bbox 2952 3145 3031 3217; x_wconf 80' lang='grc' dir='ltr'><strong>τῶ</strong></span> <span class='ocrx_word' id='word_1_481' title='bbox 3051 3146 3339 3218; x_wconf 85' lang='grc' dir='ltr'><strong>διορατικῷ</strong></span> <span class='ocrx_word' id='word_1_482' title='bbox 3362 3147 3460 3216; x_wconf 79' lang='grc' dir='ltr'><strong>τῆς</strong></span> <span class='ocrx_word' id='word_1_483' title='bbox 3480 3144 3728 3216; x_wconf 79' lang='grc' dir='ltr'><strong>καρδίας,</strong></span> 
     </span>
    </p>
   </div>
   <div class='ocr_carea' id='block_1_65' title="bbox 2157 3235 3732 3311">
    <p class='ocr_par' dir='ltr' id='par_1_65' title="bbox 2157 3235 3732 3311">
     <span class='ocr_line' id='line_1_65' title="bbox 2157 3235 3732 3311; baseline -0.006 -15"><span class='ocrx_word' id='word_1_484' title='bbox 2157 3245 2187 3297; x_wconf 88' lang='grc' dir='ltr'><strong>ό</strong></span> <span class='ocrx_word' id='word_1_485' title='bbox 2209 3242 2399 3311; x_wconf 77' lang='grc' dir='ltr'><strong>τῦφος,</strong></span> <span class='ocrx_word' id='word_1_486' title='bbox 2431 3242 2464 3311; x_wconf 80' lang='grc' dir='ltr'>ἡ</span> <span class='ocrx_word' id='word_1_487' title='bbox 2500 3235 2866 3310; x_wconf 74' lang='grc' dir='ltr'><strong>ὑπερηφανία,</strong></span> <span class='ocrx_word' id='word_1_488' title='bbox 2891 3237 2952 3290; x_wconf 81' lang='grc' dir='ltr'><strong>τὸ</strong></span> <span class='ocrx_word' id='word_1_489' title='bbox 2985 3239 3161 3307; x_wconf 87' lang='grc' dir='ltr'><strong>μῖσος,</strong></span> <span class='ocrx_word' id='word_1_490' title='bbox 3194 3239 3222 3289; x_wconf 87' lang='lat'><strong>6</strong></span> <span class='ocrx_word' id='word_1_491' title='bbox 3249 3236 3432 3299; x_wconf 81' lang='grc' dir='ltr'><strong>λοιπὸς</strong></span> <span class='ocrx_word' id='word_1_492' title='bbox 3460 3235 3568 3288; x_wconf 84' lang='grc' dir='ltr'><strong>τῶν</strong></span> <span class='ocrx_word' id='word_1_493' title='bbox 3592 3236 3732 3288; x_wconf 78' lang='grc' dir='ltr'><strong>ἀντι-</strong></span> 
     </span>
    </p>
   </div>
   <div class='ocr_carea' id='block_1_66' title="bbox 2158 3319 3732 3398">
    <p class='ocr_par' dir='ltr' id='par_1_66' title="bbox 2158 3319 3732 3398">
     <span class='ocr_line' id='line_1_66' title="bbox 2158 3319 3732 3398; baseline -0.006 -13"><span class='ocrx_word' id='word_1_494' title='bbox 2158 3331 2496 3385; x_wconf 89' lang='grc' dir='ltr'><strong>παλαιόντων</strong></span> <span class='ocrx_word' id='word_1_495' title='bbox 2521 3329 2650 3398; x_wconf 77' lang='grc' dir='ltr'><strong>ἡμῖν</strong></span> <span class='ocrx_word' id='word_1_496' title='bbox 2682 3325 2999 3394; x_wconf 79' lang='grc' dir='ltr'><strong>κατάλογος.</strong></span> <span class='ocrx_word' id='word_1_497' title='bbox 3026 3319 3150 3378; x_wconf 75' lang='grc' dir='ltr'><strong>Οἷόν</strong></span> <span class='ocrx_word' id='word_1_498' title='bbox 3180 3343 3233 3378; x_wconf 89' lang='grc' dir='ltr'><strong>τι</strong></span> <span class='ocrx_word' id='word_1_499' title='bbox 3267 3327 3449 3392; x_wconf 86' lang='grc' dir='ltr'><strong>στῖφος</strong></span> <span class='ocrx_word' id='word_1_500' title='bbox 3476 3324 3732 3394; x_wconf 77' lang='grc' dir='ltr'><strong>πολέμιον</strong></span> 
     </span>
    </p>
   </div>
   <div class='ocr_carea' id='block_1_67' title="bbox 2159 3415 3732 3490">
    <p class='ocr_par' dir='ltr' id='par_1_67' title="bbox 2159 3415 3732 3490">
     <span class='ocr_line' id='line_1_67' title="bbox 2159 3415 3732 3490; baseline -0.004 -16"><span class='ocrx_word' id='word_1_501' title='bbox 2159 3422 2224 3474; x_wconf 86' lang='grc' dir='ltr'><strong>ἐκ</strong></span> <span class='ocrx_word' id='word_1_502' title='bbox 2249 3419 2431 3490; x_wconf 74' lang='grc' dir='ltr'><strong>κύκλῳ</strong></span> <span class='ocrx_word' id='word_1_503' title='bbox 2459 3417 3018 3490; x_wconf 86' lang='grc' dir='ltr'><strong>περιστοιχισάμενον,</strong></span> <span class='ocrx_word' id='word_1_504' title='bbox 3052 3417 3142 3469; x_wconf 81' lang='grc' dir='ltr'><strong>τὸν</strong></span> <span class='ocrx_word' id='word_1_505' title='bbox 3177 3417 3305 3487; x_wconf 74' lang='grc' dir='ltr'><strong>περὶ</strong></span> <span class='ocrx_word' id='word_1_506' title='bbox 3334 3415 3443 3469; x_wconf 85' lang='grc' dir='ltr'><strong>τῶν</strong></span> <span class='ocrx_word' id='word_1_507' title='bbox 3487 3416 3732 3485; x_wconf 74' lang='grc' dir='ltr'><strong>ἐσχάτων</strong></span> 
     </span>
    </p>
   </div>
   <div class='ocr_carea' id='block_1_68' title="bbox 2157 3502 3732 3579">
    <p class='ocr_par' dir='ltr' id='par_1_68' title="bbox 2157 3502 3732 3579">
     <span class='ocr_line' id='line_1_68' title="bbox 2157 3502 3732 3579; baseline -0.003 -16"><span class='ocrx_word' id='word_1_508' title='bbox 2157 3511 2354 3579; x_wconf 78' lang='grc' dir='ltr'><strong>ἐπάγει</strong></span> <span class='ocrx_word' id='word_1_509' title='bbox 2391 3511 2455 3579; x_wconf 81' lang='grc' dir='ltr'><strong>τῇ</strong></span> <span class='ocrx_word' id='word_1_510' title='bbox 2485 3509 2631 3579; x_wconf 78' lang='grc' dir='ltr'><strong>ψυχῇ</strong></span> <span class='ocrx_word' id='word_1_511' title='bbox 2667 3507 2926 3561; x_wconf 87' lang='grc' dir='ltr'><strong>κίνδυνον.</strong></span> <span class='ocrx_word' id='word_1_512' title='bbox 2959 3502 3091 3559; x_wconf 81' lang='grc' dir='ltr'><strong>Εἶτα</strong></span> <span class='ocrx_word' id='word_1_513' title='bbox 3121 3508 3150 3559; x_wconf 88' lang='lat'><strong>6</strong></span> <span class='ocrx_word' id='word_1_514' title='bbox 3187 3505 3405 3558; x_wconf 86' lang='grc' dir='ltr'><strong>ἐκδύναι</strong></span> <span class='ocrx_word' id='word_1_515' title='bbox 3434 3505 3608 3558; x_wconf 83' lang='grc' dir='ltr'><strong>ταῦτα</strong></span> <span class='ocrx_word' id='word_1_516' title='bbox 3646 3505 3732 3558; x_wconf 68' lang='grc' dir='ltr'><strong>διὰ</strong></span> 
     </span>
    </p>
   </div>
   <div class='ocr_carea' id='block_1_69' title="bbox 2155 3593 3732 3672">
    <p class='ocr_par' dir='ltr' id='par_1_69' title="bbox 2155 3593 3732 3672">
     <span class='ocr_line' id='line_1_69' title="bbox 2155 3593 3732 3672; baseline -0.004 -18"><span class='ocrx_word' id='word_1_517' title='bbox 2155 3602 2258 3672; x_wconf 85' lang='grc' dir='ltr'><strong>τῆς</strong></span> <span class='ocrx_word' id='word_1_518' title='bbox 2290 3599 2599 3672; x_wconf 84' lang='grc' dir='ltr'><strong>κρείττονος</strong></span> <span class='ocrx_word' id='word_1_519' title='bbox 2627 3593 2948 3668; x_wconf 72' lang='grc' dir='ltr'><strong>συμμαχίας</strong></span> <span class='ocrx_word' id='word_1_520' title='bbox 2981 3595 3316 3660; x_wconf 80' lang='grc' dir='ltr'><strong>σπουδάζων,</strong></span> <span class='ocrx_word' id='word_1_521' title='bbox 3345 3595 3522 3658; x_wconf 81' lang='grc' dir='ltr'><strong>ποίοις</strong></span> <span class='ocrx_word' id='word_1_522' title='bbox 3547 3595 3616 3648; x_wconf 81' lang='grc' dir='ltr'><strong>ἂν</strong></span> <span class='ocrx_word' id='word_1_523' title='bbox 3638 3612 3732 3647; x_wconf 78' lang='grc' dir='ltr'><strong>κυ-</strong></span> 
     </span>
    </p>
   </div>
   <div class='ocr_carea' id='block_1_70' title="bbox 485 3677 2058 3766">
    <p class='ocr_par' dir='ltr' id='par_1_70' title="bbox 485 3689 2057 3766">
     <span class='ocr_line' id='line_1_70' title="bbox 485 3689 2057 3766; baseline 0.006 -23"><span class='ocrx_word' id='word_1_524' title='bbox 485 3689 676 3744; x_wconf 82' lang='lat' dir='ltr'><strong>ducit:</strong></span> <span class='ocrx_word' id='word_1_525' title='bbox 715 3701 769 3745; x_wconf 92' lang='lat' dir='ltr'><strong>et</strong></span> <span class='ocrx_word' id='word_1_526' title='bbox 797 3691 889 3760; x_wconf 90' lang='lat' dir='ltr'><strong>qui</strong></span> <span class='ocrx_word' id='word_1_527' title='bbox 923 3692 1039 3746; x_wconf 80' lang='lat' dir='ltr'><strong>haec</strong></span> <span class='ocrx_word' id='word_1_528' title='bbox 1069 3691 1300 3745; x_wconf 84' lang='lat' dir='ltr'><strong>firmiori</strong></span> <span class='ocrx_word' id='word_1_529' title='bbox 1334 3694 1542 3748; x_wconf 81' lang='lat' dir='ltr'><strong>auxilio</strong></span> <span class='ocrx_word' id='word_1_530' title='bbox 1572 3696 1791 3750; x_wconf 89' lang='lat' dir='ltr'><strong>studeat</strong></span> <span class='ocrx_word' id='word_1_531' title='bbox 1820 3695 2057 3766; x_wconf 81' lang='lat' dir='ltr'><strong>eﬂ‘ugere</strong></span> 
     </span>
    </p>
   </div>
   <div class='ocr_carea' id='block_1_71' title="bbox 2156 3677 3731 3766">
    <p class='ocr_par' dir='ltr' id='par_1_71' title="bbox 2159 3682 3731 3763">
     <span class='ocr_line' id='line_1_71' title="bbox 2159 3682 3731 3763; baseline -0.003 -19"><span class='ocrx_word' id='word_1_532' title='bbox 2159 3691 2419 3763; x_wconf 84' lang='grc' dir='ltr'><strong>ριώτερον</strong></span> <span class='ocrx_word' id='word_1_533' title='bbox 2452 3690 2716 3760; x_wconf 88' lang='grc' dir='ltr'><strong>χρήσαιτο</strong></span> <span class='ocrx_word' id='word_1_534' title='bbox 2761 3687 2971 3757; x_wconf 89' lang='grc' dir='ltr'><strong>λόγοις;</strong></span> <span class='ocrx_word' id='word_1_535' title='bbox 3019 3688 3118 3757; x_wconf 75' lang='grc' dir='ltr'><strong>οὐχ</strong></span> <span class='ocrx_word' id='word_1_536' title='bbox 3163 3682 3246 3749; x_wconf 83' lang='grc' dir='ltr'><strong>οἷς</strong></span> <span class='ocrx_word' id='word_1_537' title='bbox 3273 3688 3302 3740; x_wconf 92' lang='lat'><strong>6</strong></span> <span class='ocrx_word' id='word_1_538' title='bbox 3331 3686 3505 3756; x_wconf 80' lang='grc' dir='ltr'><strong>μέγας</strong></span> <span class='ocrx_word' id='word_1_539' title='bbox 3537 3685 3731 3751; x_wconf 77' lang='grc' dir='ltr'><strong>Δαϐὶδ,</strong></span> 
     </span>
    </p>
   </div>
   <div class='ocr_carea' id='block_1_72' title="bbox 486 3783 2044 3857">
    <p class='ocr_par' dir='ltr' id='par_1_72' title="bbox 486 3783 2044 3857">
     <span class='ocr_line' id='line_1_72' title="bbox 486 3783 2044 3857; baseline 0.005 -22"><span class='ocrx_word' id='word_1_540' title='bbox 486 3789 652 3851; x_wconf 83' lang='lat' dir='ltr'><strong>atque</strong></span> <span class='ocrx_word' id='word_1_541' title='bbox 681 3784 888 3838; x_wconf 80' lang='lat' dir='ltr'><strong>evitare</strong></span> <span class='ocrx_word' id='word_1_542' title='bbox 911 3823 925 3847; x_wconf 89' lang='lat'><strong>,</strong></span> <span class='ocrx_word' id='word_1_543' title='bbox 958 3783 1157 3853; x_wconf 81' lang='lat' dir='ltr'><strong>quibus</strong></span> <span class='ocrx_word' id='word_1_544' title='bbox 1190 3785 1375 3840; x_wconf 87' lang='lat' dir='ltr'><strong>verbis</strong></span> <span class='ocrx_word' id='word_1_545' title='bbox 1408 3789 1580 3857; x_wconf 84' lang='lat' dir='ltr'><strong>magis</strong></span> <span class='ocrx_word' id='word_1_546' title='bbox 1609 3788 1846 3856; x_wconf 89' lang='lat' dir='ltr'><strong>propriis</strong></span> <span class='ocrx_word' id='word_1_547' title='bbox 1877 3797 2044 3844; x_wconf 87' lang='lat' dir='ltr'><strong>utere-</strong></span> 
     </span>
    </p>
   </div>
   <div class='ocr_carea' id='block_1_73' title="bbox 485 3873 2056 3947">
    <p class='ocr_par' dir='ltr' id='par_1_73' title="bbox 485 3873 2056 3947">
     <span class='ocr_line' id='line_1_73' title="bbox 485 3873 2056 3947; baseline 0.005 -21"><span class='ocrx_word' id='word_1_548' title='bbox 485 3873 618 3927; x_wconf 83' lang='lat' dir='ltr'><strong>tur?</strong></span> <span class='ocrx_word' id='word_1_549' title='bbox 666 3889 846 3928; x_wconf 78' lang='lat' dir='ltr'><strong>annon</strong></span> <span class='ocrx_word' id='word_1_550' title='bbox 893 3875 1093 3944; x_wconf 88' lang='lat' dir='ltr'><strong>quibus</strong></span> <span class='ocrx_word' id='word_1_551' title='bbox 1137 3875 1304 3931; x_wconf 84' lang='lat' dir='ltr'><strong>David</strong></span> <span class='ocrx_word' id='word_1_552' title='bbox 1340 3892 1472 3932; x_wconf 89' lang='lat' dir='ltr'><strong>usus</strong></span> <span class='ocrx_word' id='word_1_553' title='bbox 1515 3878 1644 3933; x_wconf 87' lang='lat' dir='ltr'><strong>est?</strong></span> <span class='ocrx_word' id='word_1_554' title='bbox 1688 3879 1938 3947; x_wconf 79' lang='lat' dir='ltr'><strong>Eripiar,</strong></span> <span class='ocrx_word' id='word_1_555' title='bbox 1972 3880 2056 3934; x_wconf 89' lang='lat' dir='ltr'><strong>in-</strong></span> 
     </span>
    </p>
   </div>
   <div class='ocr_carea' id='block_1_74' title="bbox 484 3967 2058 4039">
    <p class='ocr_par' dir='ltr' id='par_1_74' title="bbox 484 3967 2058 4039">
     <span class='ocr_line' id='line_1_74' title="bbox 484 3967 2058 4039; baseline 0.007 -23"><span class='ocrx_word' id='word_1_556' title='bbox 484 3967 714 4036; x_wconf 80' lang='lat' dir='ltr'><strong>quiens,</strong></span> <span class='ocrx_word' id='word_1_557' title='bbox 768 3983 833 4021; x_wconf 79' lang='lat' dir='ltr'><strong>ea:</strong></span> <span class='ocrx_word' id='word_1_558' title='bbox 878 3969 999 4023; x_wconf 85' lang='lat' dir='ltr'><strong>odio</strong></span> <span class='ocrx_word' id='word_1_559' title='bbox 1050 3968 1486 4039; x_wconf 77' lang='lat' dir='ltr'><strong>prosequentibus</strong></span> <span class='ocrx_word' id='word_1_560' title='bbox 1537 3986 1618 4024; x_wconf 83' lang='lat' dir='ltr'><strong>me</strong></span> <span class='ocrx_word' id='word_1_561' title='bbox 1645 3971 1734 4035; x_wconf 81' lang='lat'><strong>&quot;;</strong></span> <span class='ocrx_word' id='word_1_562' title='bbox 1769 3979 1863 4036; x_wconf 89' lang='lat' dir='ltr'><strong>et,</strong></span> <span class='ocrx_word' id='word_1_563' title='bbox 1897 3975 2058 4027; x_wconf 81' lang='lat' dir='ltr'><strong>Aver-</strong></span> 
     </span>
    </p>
   </div>
   <div class='ocr_carea' id='block_1_75' title="bbox 470 4056 2058 4130">
    <p class='ocr_par' dir='ltr' id='par_1_75' title="bbox 470 4056 2058 4130">
     <span class='ocr_line' id='line_1_75' title="bbox 470 4056 2058 4130; baseline 0.007 -20"><span class='ocrx_word' id='word_1_564' title='bbox 470 4063 669 4110; x_wconf 10' lang='lat' dir='ltr'><strong>etantur</strong></span> <span class='ocrx_word' id='word_1_565' title='bbox 700 4056 903 4110; x_wconf 75' lang='lat' dir='ltr'><strong>inimici</strong></span> <span class='ocrx_word' id='word_1_566' title='bbox 937 4059 1038 4112; x_wconf 80' lang='lat' dir='ltr'><strong>mei</strong></span> <span class='ocrx_word' id='word_1_567' title='bbox 1073 4068 1364 4114; x_wconf 70' lang='lat' dir='ltr'><strong>retrorsum</strong></span> <span class='ocrx_word' id='word_1_568' title='bbox 1397 4063 1485 4130; x_wconf 80' lang='grc'><strong>⁸³;</strong></span> <span class='ocrx_word' id='word_1_569' title='bbox 1523 4072 1608 4130; x_wconf 88' lang='lat' dir='ltr'><strong>et,</strong></span> <span class='ocrx_word' id='word_1_570' title='bbox 1661 4063 1742 4118; x_wconf 88' lang='lat' dir='ltr'><strong>Da</strong></span> <span class='ocrx_word' id='word_1_571' title='bbox 1780 4067 1927 4121; x_wconf 81' lang='lat' dir='ltr'><strong>nobis</strong></span> <span class='ocrx_word' id='word_1_572' title='bbox 1961 4083 2058 4120; x_wconf 85' lang='lat' dir='ltr'><strong>au-</strong></span> 
     </span>
    </p>
   </div>
   <div class='ocr_carea' id='block_1_76' title="bbox 482 4150 2059 4229">
    <p class='ocr_par' dir='ltr' id='par_1_76' title="bbox 482 4150 2059 4229">
     <span class='ocr_line' id='line_1_76' title="bbox 482 4150 2059 4229; baseline 0.007 -26"><span class='ocrx_word' id='word_1_573' title='bbox 482 4150 671 4203; x_wconf 73' lang='lat' dir='ltr'><strong>xilium</strong></span> <span class='ocrx_word' id='word_1_574' title='bbox 695 4166 760 4204; x_wconf 70' lang='lat' dir='ltr'><strong>ex</strong></span> <span class='ocrx_word' id='word_1_575' title='bbox 788 4151 1125 4221; x_wconf 72' lang='lat' dir='ltr'><strong>amictione“</strong></span> <span class='ocrx_word' id='word_1_576' title='bbox 1149 4172 1162 4208; x_wconf 90' lang='lat'><strong>:</strong></span> <span class='ocrx_word' id='word_1_577' title='bbox 1188 4161 1242 4207; x_wconf 90' lang='lat' dir='ltr'><strong>et</strong></span> <span class='ocrx_word' id='word_1_578' title='bbox 1265 4169 1602 4226; x_wconf 74' lang='lat' dir='ltr'><strong>quaecunque</strong></span> <span class='ocrx_word' id='word_1_579' title='bbox 1629 4157 1755 4210; x_wconf 89' lang='lat' dir='ltr'><strong>talia</strong></span> <span class='ocrx_word' id='word_1_580' title='bbox 1784 4167 1932 4223; x_wconf 91' lang='lat' dir='ltr'><strong>sunt,</strong></span> <span class='ocrx_word' id='word_1_581' title='bbox 1963 4175 2059 4229; x_wconf 90' lang='lat' dir='ltr'><strong>per</strong></span> 
     </span>
    </p>
   </div>
   <div class='ocr_carea' id='block_1_77' title="bbox 487 4241 2053 4310">
    <p class='ocr_par' dir='ltr' id='par_1_77' title="bbox 487 4241 2053 4310">
     <span class='ocr_line' id='line_1_77' title="bbox 487 4241 2053 4310; baseline 0.005 -16"><span class='ocrx_word' id='word_1_582' title='bbox 487 4256 606 4310; x_wconf 66' lang='lat' dir='ltr'><strong>quae</strong></span> <span class='ocrx_word' id='word_1_583' title='bbox 628 4242 889 4295; x_wconf 81' lang='lat' dir='ltr'><strong>auxilium</strong></span> <span class='ocrx_word' id='word_1_584' title='bbox 919 4241 1010 4297; x_wconf 86' lang='lat' dir='ltr'><strong>Dei</strong></span> <span class='ocrx_word' id='word_1_585' title='bbox 1051 4250 1240 4297; x_wconf 88' lang='lat' dir='ltr'><strong>contra</strong></span> <span class='ocrx_word' id='word_1_586' title='bbox 1274 4245 1616 4300; x_wconf 82' lang='lat' dir='ltr'><strong>adversarios</strong></span> <span class='ocrx_word' id='word_1_587' title='bbox 1641 4247 1883 4303; x_wconf 80' lang='lat' dir='ltr'><strong>excitare</strong></span> <span class='ocrx_word' id='word_1_588' title='bbox 1908 4249 2053 4303; x_wconf 89' lang='lat' dir='ltr'><strong>licet.</strong></span> 
     </span>
    </p>
   </div>
   <div class='ocr_carea' id='block_1_78' title="bbox 487 4333 2055 4408">
    <p class='ocr_par' dir='ltr' id='par_1_78' title="bbox 487 4333 2055 4408">
     <span class='ocr_line' id='line_1_78' title="bbox 487 4333 2055 4408; baseline 0.004 -22"><span class='ocrx_word' id='word_1_589' title='bbox 487 4333 643 4387; x_wconf 81' lang='lat' dir='ltr'><strong>Nunc</strong></span> <span class='ocrx_word' id='word_1_590' title='bbox 685 4349 814 4388; x_wconf 81' lang='lat' dir='ltr'><strong>vero</strong></span> <span class='ocrx_word' id='word_1_591' title='bbox 855 4333 1050 4388; x_wconf 90' lang='lat' dir='ltr'><strong>modus</strong></span> <span class='ocrx_word' id='word_1_592' title='bbox 1078 4335 1275 4389; x_wconf 88' lang='lat' dir='ltr'><strong>orandi</strong></span> <span class='ocrx_word' id='word_1_593' title='bbox 1310 4336 1444 4405; x_wconf 81' lang='lat' dir='ltr'><strong>quid</strong></span> <span class='ocrx_word' id='word_1_594' title='bbox 1473 4338 1762 4392; x_wconf 85' lang='lat' dir='ltr'><strong>continet?</strong></span> <span class='ocrx_word' id='word_1_595' title='bbox 1797 4337 2055 4408; x_wconf 77' lang='lat' dir='ltr'><strong>Sanctiﬁ-</strong></span> 
     </span>
    </p>
   </div>
   <div class='ocr_carea' id='block_1_79' title="bbox 485 4425 2053 4497">
    <p class='ocr_par' dir='ltr' id='par_1_79' title="bbox 485 4425 2053 4497">
     <span class='ocr_line' id='line_1_79' title="bbox 485 4425 2053 4497; baseline 0.004 -19"><span class='ocrx_word' id='word_1_596' title='bbox 485 4435 632 4478; x_wconf 79' lang='lat' dir='ltr'><strong>cetur</strong></span> <span class='ocrx_word' id='word_1_597' title='bbox 666 4439 853 4478; x_wconf 81' lang='lat' dir='ltr'><strong>nomen</strong></span> <span class='ocrx_word' id='word_1_598' title='bbox 888 4435 1055 4480; x_wconf 83' lang='lat' dir='ltr'><strong>tuum.</strong></span> <span class='ocrx_word' id='word_1_599' title='bbox 1091 4425 1146 4480; x_wconf 91' lang='lat' dir='ltr'><strong>Si</strong></span> <span class='ocrx_word' id='word_1_600' title='bbox 1180 4427 1326 4481; x_wconf 91' lang='lat' dir='ltr'><strong>enim</strong></span> <span class='ocrx_word' id='word_1_601' title='bbox 1357 4427 1460 4484; x_wconf 83' lang='lat' dir='ltr'><strong>hoc</strong></span> <span class='ocrx_word' id='word_1_602' title='bbox 1487 4445 1519 4483; x_wconf 91' lang='lat' dir='ltr'><strong>a</strong></span> <span class='ocrx_word' id='word_1_603' title='bbox 1553 4444 1638 4484; x_wconf 90' lang='lat' dir='ltr'><strong>me</strong></span> <span class='ocrx_word' id='word_1_604' title='bbox 1671 4446 1781 4484; x_wconf 92' lang='lat' dir='ltr'><strong>non</strong></span> <span class='ocrx_word' id='word_1_605' title='bbox 1816 4431 2053 4497; x_wconf 86' lang='lat' dir='ltr'><strong>dicatur,</strong></span> 
     </span>
    </p>
   </div>
   <div class='ocr_carea' id='block_1_80' title="bbox 485 4513 2055 4584">
    <p class='ocr_par' dir='ltr' id='par_1_80' title="bbox 485 4513 2055 4584">
     <span class='ocr_line' id='line_1_80' title="bbox 485 4513 2055 4584; baseline 0.004 -15"><span class='ocrx_word' id='word_1_606' title='bbox 485 4513 730 4583; x_wconf 82' lang='lat' dir='ltr'><strong>nunquid</strong></span> <span class='ocrx_word' id='word_1_607' title='bbox 774 4514 890 4569; x_wconf 87' lang='lat' dir='ltr'><strong>fieri</strong></span> <span class='ocrx_word' id='word_1_608' title='bbox 942 4525 1151 4584; x_wconf 90' lang='lat' dir='ltr'><strong>potest,</strong></span> <span class='ocrx_word' id='word_1_609' title='bbox 1189 4526 1249 4571; x_wconf 89' lang='lat' dir='ltr'><strong>ut</strong></span> <span class='ocrx_word' id='word_1_610' title='bbox 1287 4517 1486 4575; x_wconf 84' lang='lat' dir='ltr'><strong>nomen</strong></span> <span class='ocrx_word' id='word_1_611' title='bbox 1527 4521 1620 4575; x_wconf 90' lang='lat' dir='ltr'><strong>Dei</strong></span> <span class='ocrx_word' id='word_1_612' title='bbox 1662 4531 1910 4575; x_wconf 86' lang='lat' dir='ltr'><strong>sanctum</strong></span> <span class='ocrx_word' id='word_1_613' title='bbox 1945 4536 2055 4576; x_wconf 91' lang='lat' dir='ltr'><strong>non</strong></span> 
     </span>
    </p>
   </div>
   <div class='ocr_carea' id='block_1_81' title="bbox 485 4603 2057 4679">
    <p class='ocr_par' dir='ltr' id='par_1_81' title="bbox 485 4603 2057 4679">
     <span class='ocr_line' id='line_1_81' title="bbox 485 4603 2057 4679; baseline 0.006 -20"><span class='ocrx_word' id='word_1_614' title='bbox 485 4604 602 4659; x_wconf 82' lang='lat' dir='ltr'><strong>sit?</strong></span> <span class='ocrx_word' id='word_1_615' title='bbox 631 4603 885 4658; x_wconf 81' lang='lat' dir='ltr'><strong>Adveniat</strong></span> <span class='ocrx_word' id='word_1_616' title='bbox 918 4619 1134 4674; x_wconf 83' lang='lat' dir='ltr'><strong>regnum</strong></span> <span class='ocrx_word' id='word_1_617' title='bbox 1164 4614 1336 4660; x_wconf 85' lang='lat' dir='ltr'><strong>tuum.</strong></span> <span class='ocrx_word' id='word_1_618' title='bbox 1376 4607 1518 4674; x_wconf 85' lang='lat' dir='ltr'><strong>Quid</strong></span> <span class='ocrx_word' id='word_1_619' title='bbox 1547 4611 1694 4664; x_wconf 90' lang='lat' dir='ltr'><strong>enim</strong></span> <span class='ocrx_word' id='word_1_620' title='bbox 1726 4626 1757 4663; x_wconf 91' lang='lat' dir='ltr'><strong>a</strong></span> <span class='ocrx_word' id='word_1_621' title='bbox 1790 4619 2057 4679; x_wconf 85' lang='lat' dir='ltr'><strong>potestate</strong></span> 
     </span>
    </p>
   </div>
   <div class='ocr_carea' id='block_1_82' title="bbox 484 4694 2053 4769">
    <p class='ocr_par' dir='ltr' id='par_1_82' title="bbox 484 4694 2053 4769">
     <span class='ocr_line' id='line_1_82' title="bbox 484 4694 2053 4769; baseline 0.005 -21"><span class='ocrx_word' id='word_1_622' title='bbox 484 4694 580 4750; x_wconf 79' lang='lat' dir='ltr'><strong>Dei</strong></span> <span class='ocrx_word' id='word_1_623' title='bbox 618 4695 855 4750; x_wconf 89' lang='lat' dir='ltr'><strong>alienum</strong></span> <span class='ocrx_word' id='word_1_624' title='bbox 886 4704 972 4751; x_wconf 89' lang='lat' dir='ltr'><strong>est</strong></span> <span class='ocrx_word' id='word_1_625' title='bbox 1002 4734 1018 4760; x_wconf 94' lang='lat'><strong>,</strong></span> <span class='ocrx_word' id='word_1_626' title='bbox 1059 4697 1190 4766; x_wconf 91' lang='lat' dir='ltr'><strong>qui,</strong></span> <span class='ocrx_word' id='word_1_627' title='bbox 1231 4705 1291 4751; x_wconf 86' lang='lat' dir='ltr'><strong>ut</strong></span> <span class='ocrx_word' id='word_1_628' title='bbox 1331 4699 1506 4769; x_wconf 88' lang='lat' dir='ltr'><strong>inquit</strong></span> <span class='ocrx_word' id='word_1_629' title='bbox 1546 4700 1714 4755; x_wconf 89' lang='lat' dir='ltr'><strong>lsaias</strong></span> <span class='ocrx_word' id='word_1_630' title='bbox 1748 4701 1836 4765; x_wconf 82' lang='lat'><strong>&quot;,</strong></span> <span class='ocrx_word' id='word_1_631' title='bbox 1877 4709 2053 4756; x_wconf 88' lang='lat' dir='ltr'><strong>totum</strong></span> 
     </span>
    </p>
   </div>
   <div class='ocr_carea' id='block_1_83' title="bbox 484 4786 2056 4861">
    <p class='ocr_par' dir='ltr' id='par_1_83' title="bbox 484 4786 2056 4861">
     <span class='ocr_line' id='line_1_83' title="bbox 484 4786 2056 4861; baseline 0.004 -22"><span class='ocrx_word' id='word_1_632' title='bbox 484 4786 683 4839; x_wconf 74' lang='lat' dir='ltr'><strong>caelum</strong></span> <span class='ocrx_word' id='word_1_633' title='bbox 715 4786 896 4855; x_wconf 87' lang='lat' dir='ltr'><strong>palmo</strong></span> <span class='ocrx_word' id='word_1_634' title='bbox 931 4786 1386 4854; x_wconf 86' lang='lat' dir='ltr'><strong>comprehendit,</strong></span> <span class='ocrx_word' id='word_1_635' title='bbox 1417 4789 1511 4858; x_wconf 88' lang='lat' dir='ltr'><strong>qui</strong></span> <span class='ocrx_word' id='word_1_636' title='bbox 1560 4792 1905 4861; x_wconf 89' lang='lat' dir='ltr'><strong>amplectitur</strong></span> <span class='ocrx_word' id='word_1_637' title='bbox 1945 4801 2056 4848; x_wconf 87' lang='lat' dir='ltr'><strong>ter-</strong></span> 
     </span>
    </p>
   </div>
   <div class='ocr_carea' id='block_1_84' title="bbox 483 4874 2055 4944">
    <p class='ocr_par' dir='ltr' id='par_1_84' title="bbox 483 4874 2055 4944">
     <span class='ocr_line' id='line_1_84' title="bbox 483 4874 2055 4944; baseline 0.007 -18"><span class='ocrx_word' id='word_1_638' title='bbox 483 4888 601 4927; x_wconf 85' lang='lat' dir='ltr'><strong>ram</strong></span> <span class='ocrx_word' id='word_1_639' title='bbox 629 4914 644 4937; x_wconf 89' lang='lat'><strong>,</strong></span> <span class='ocrx_word' id='word_1_640' title='bbox 684 4875 779 4944; x_wconf 89' lang='lat' dir='ltr'><strong>qui</strong></span> <span class='ocrx_word' id='word_1_641' title='bbox 821 4874 1098 4929; x_wconf 84' lang='lat' dir='ltr'><strong>humidam</strong></span> <span class='ocrx_word' id='word_1_642' title='bbox 1135 4885 1390 4932; x_wconf 85' lang='lat' dir='ltr'><strong>naturam</strong></span> <span class='ocrx_word' id='word_1_643' title='bbox 1422 4880 1476 4932; x_wconf 90' lang='lat' dir='ltr'><strong>in</strong></span> <span class='ocrx_word' id='word_1_644' title='bbox 1519 4895 1683 4935; x_wconf 89' lang='lat' dir='ltr'><strong>manu</strong></span> <span class='ocrx_word' id='word_1_645' title='bbox 1725 4883 1967 4938; x_wconf 87' lang='lat' dir='ltr'><strong>continet</strong></span> <span class='ocrx_word' id='word_1_646' title='bbox 1999 4891 2055 4938; x_wconf 90' lang='lat' dir='ltr'><strong>et</strong></span> 
     </span>
    </p>
   </div>
   <div class='ocr_carea' id='block_1_85' title="bbox 483 4966 2127 5064">
    <p class='ocr_par' dir='ltr' id='par_1_85' title="bbox 483 4966 2127 5064">
     <span class='ocr_line' id='line_1_85' title="bbox 483 4966 2127 5064; baseline 0.005 -44"><span class='ocrx_word' id='word_1_647' title='bbox 483 4966 941 5036; x_wconf 81' lang='lat' dir='ltr'><strong>comprehendit,</strong></span> <span class='ocrx_word' id='word_1_648' title='bbox 997 4967 1091 5036; x_wconf 88' lang='lat' dir='ltr'><strong>qui</strong></span> <span class='ocrx_word' id='word_1_649' title='bbox 1142 4983 1361 5023; x_wconf 87' lang='lat' dir='ltr'><strong>onmem</strong></span> <span class='ocrx_word' id='word_1_650' title='bbox 1414 4971 1744 5026; x_wconf 88' lang='lat' dir='ltr'><strong>mundanam</strong></span> <span class='ocrx_word' id='word_1_651' title='bbox 1794 4973 1958 5029; x_wconf 88' lang='lat' dir='ltr'><strong>simul</strong></span> <span class='ocrx_word' id='word_1_652' title='bbox 1998 4983 2053 5031; x_wconf 90' lang='lat' dir='ltr'><strong>et</strong></span> <span class='ocrx_word' id='word_1_653' title='bbox 2084 5010 2127 5064; x_wconf 68' lang='grc' dir='ltr'>ο</span> 
     </span>
    </p>
   </div>
   <div class='ocr_carea' id='block_1_86' title="bbox 486 5058 2051 5134">
    <p class='ocr_par' dir='ltr' id='par_1_86' title="bbox 486 5058 2051 5134">
     <span class='ocr_line' id='line_1_86' title="bbox 486 5058 2051 5134; baseline 0.004 -20"><span class='ocrx_word' id='word_1_654' title='bbox 486 5058 986 5129; x_wconf 85' lang='lat' dir='ltr'><strong>supramundanam</strong></span> <span class='ocrx_word' id='word_1_655' title='bbox 1015 5068 1267 5113; x_wconf 91' lang='lat' dir='ltr'><strong>naturam</strong></span> <span class='ocrx_word' id='word_1_656' title='bbox 1294 5062 1451 5130; x_wconf 91' lang='lat' dir='ltr'><strong>quasi</strong></span> <span class='ocrx_word' id='word_1_657' title='bbox 1483 5063 1537 5116; x_wconf 91' lang='lat' dir='ltr'><strong>in</strong></span> <span class='ocrx_word' id='word_1_658' title='bbox 1571 5064 1715 5118; x_wconf 90' lang='lat' dir='ltr'><strong>ulnis</strong></span> <span class='ocrx_word' id='word_1_659' title='bbox 1742 5067 1962 5134; x_wconf 82' lang='lat' dir='ltr'><strong>gestat?</strong></span> <span class='ocrx_word' id='word_1_660' title='bbox 1992 5065 2051 5121; x_wconf 89' lang='lat' dir='ltr'><strong>Si</strong></span> 
     </span>
    </p>
   </div>
   <div class='ocr_carea' id='block_1_87' title="bbox 481 5145 2052 5218">
    <p class='ocr_par' dir='ltr' id='par_1_87' title="bbox 481 5145 2052 5218">
     <span class='ocr_line' id='line_1_87' title="bbox 481 5145 2052 5218; baseline 0.006 -18"><span class='ocrx_word' id='word_1_661' title='bbox 481 5147 649 5216; x_wconf 84' lang='lat' dir='ltr'><strong>igitur</strong></span> <span class='ocrx_word' id='word_1_662' title='bbox 673 5161 872 5200; x_wconf 89' lang='lat' dir='ltr'><strong>nomen</strong></span> <span class='ocrx_word' id='word_1_663' title='bbox 900 5145 996 5200; x_wconf 82' lang='lat' dir='ltr'><strong>Dei</strong></span> <span class='ocrx_word' id='word_1_664' title='bbox 1023 5162 1239 5218; x_wconf 89' lang='lat' dir='ltr'><strong>semper</strong></span> <span class='ocrx_word' id='word_1_665' title='bbox 1270 5159 1520 5207; x_wconf 87' lang='lat' dir='ltr'><strong>sanctum</strong></span> <span class='ocrx_word' id='word_1_666' title='bbox 1550 5161 1666 5216; x_wconf 89' lang='lat' dir='ltr'><strong>est,</strong></span> <span class='ocrx_word' id='word_1_667' title='bbox 1698 5168 1762 5208; x_wconf 92' lang='lat' dir='ltr'><strong>ac</strong></span> <span class='ocrx_word' id='word_1_668' title='bbox 1789 5155 1924 5210; x_wconf 89' lang='lat' dir='ltr'><strong>nihil</strong></span> <span class='ocrx_word' id='word_1_669' title='bbox 1969 5156 2052 5212; x_wconf 87' lang='lat' dir='ltr'><strong>ef-</strong></span> 
     </span>
    </p>
   </div>
   <div class='ocr_carea' id='block_1_88' title="bbox 480 5238 2048 5308">
    <p class='ocr_par' dir='ltr' id='par_1_88' title="bbox 480 5238 2048 5308">
     <span class='ocr_line' id='line_1_88' title="bbox 480 5238 2048 5308; baseline 0.008 -18"><span class='ocrx_word' id='word_1_670' title='bbox 480 5238 619 5308; x_wconf 84' lang='lat' dir='ltr'><strong>l&#39;ngit</strong></span> <span class='ocrx_word' id='word_1_671' title='bbox 646 5239 754 5292; x_wconf 89' lang='lat' dir='ltr'><strong>vim</strong></span> <span class='ocrx_word' id='word_1_672' title='bbox 783 5238 1175 5295; x_wconf 87' lang='lat' dir='ltr'><strong>dominationis</strong></span> <span class='ocrx_word' id='word_1_673' title='bbox 1202 5239 1334 5306; x_wconf 90' lang='lat' dir='ltr'><strong>Dei,</strong></span> <span class='ocrx_word' id='word_1_674' title='bbox 1387 5243 1483 5298; x_wconf 88' lang='lat' dir='ltr'><strong>sed</strong></span> <span class='ocrx_word' id='word_1_675' title='bbox 1511 5253 1567 5298; x_wconf 92' lang='lat' dir='ltr'><strong>ct</strong></span> <span class='ocrx_word' id='word_1_676' title='bbox 1594 5245 1839 5300; x_wconf 89' lang='lat' dir='ltr'><strong>omnium</strong></span> <span class='ocrx_word' id='word_1_677' title='bbox 1867 5263 2048 5302; x_wconf 84' lang='lat' dir='ltr'><strong>rerum</strong></span> 
     </span>
    </p>
   </div>
   <div class='ocr_carea' id='block_1_89' title="bbox 481 5329 2050 5409">
    <p class='ocr_par' dir='ltr' id='par_1_89' title="bbox 481 5329 2050 5409">
     <span class='ocr_line' id='line_1_89' title="bbox 481 5329 2050 5409; baseline 0.008 -26"><span class='ocrx_word' id='word_1_678' title='bbox 481 5329 706 5398; x_wconf 84' lang='lat' dir='ltr'><strong>potitur,</strong></span> <span class='ocrx_word' id='word_1_679' title='bbox 743 5337 797 5384; x_wconf 90' lang='lat' dir='ltr'><strong>et</strong></span> <span class='ocrx_word' id='word_1_680' title='bbox 829 5331 978 5400; x_wconf 89' lang='lat' dir='ltr'><strong>quod</strong></span> <span class='ocrx_word' id='word_1_681' title='bbox 1012 5332 1080 5385; x_wconf 86' lang='lat' dir='ltr'><strong>ad</strong></span> <span class='ocrx_word' id='word_1_682' title='bbox 1108 5332 1601 5391; x_wconf 83' lang='lat' dir='ltr'><strong>sanctificationem</strong></span> <span class='ocrx_word' id='word_1_683' title='bbox 1635 5339 1832 5392; x_wconf 88' lang='lat' dir='ltr'><strong>attinet</strong></span> <span class='ocrx_word' id='word_1_684' title='bbox 1857 5377 1872 5403; x_wconf 91' lang='lat'><strong>,</strong></span> <span class='ocrx_word' id='word_1_685' title='bbox 1903 5340 2050 5409; x_wconf 85' lang='lat' dir='ltr'><strong>adje-</strong></span> 
     </span>
    </p>
   </div>
   <div class='ocr_carea' id='block_1_90' title="bbox 478 5417 2050 5496">
    <p class='ocr_par' dir='ltr' id='par_1_90' title="bbox 478 5417 2050 5496">
     <span class='ocr_line' id='line_1_90' title="bbox 478 5417 2050 5496; baseline 0.009 -27"><span class='ocrx_word' id='word_1_686' title='bbox 478 5417 660 5470; x_wconf 90' lang='lat' dir='ltr'><strong>ctione</strong></span> <span class='ocrx_word' id='word_1_687' title='bbox 687 5418 920 5486; x_wconf 89' lang='lat' dir='ltr'><strong>amplius</strong></span> <span class='ocrx_word' id='word_1_688' title='bbox 943 5434 1084 5489; x_wconf 81' lang='lat' dir='ltr'><strong>Opus</strong></span> <span class='ocrx_word' id='word_1_689' title='bbox 1113 5435 1221 5474; x_wconf 91' lang='lat' dir='ltr'><strong>non</strong></span> <span class='ocrx_word' id='word_1_690' title='bbox 1253 5421 1448 5485; x_wconf 85' lang='lat' dir='ltr'><strong>habet,</strong></span> <span class='ocrx_word' id='word_1_691' title='bbox 1475 5426 1675 5495; x_wconf 90' lang='lat' dir='ltr'><strong>quippe</strong></span> <span class='ocrx_word' id='word_1_692' title='bbox 1697 5427 1784 5482; x_wconf 89' lang='lat' dir='ltr'><strong>cui</strong></span> <span class='ocrx_word' id='word_1_693' title='bbox 1813 5443 1909 5496; x_wconf 86' lang='lat' dir='ltr'><strong>per</strong></span> <span class='ocrx_word' id='word_1_694' title='bbox 1931 5443 2050 5482; x_wconf 84' lang='lat' dir='ltr'><strong>om-</strong></span> 
     </span>
    </p>
   </div>
   <div class='ocr_carea' id='block_1_91' title="bbox 479 5507 2050 5589">
    <p class='ocr_par' dir='ltr' id='par_1_91' title="bbox 479 5507 2050 5589">
     <span class='ocr_line' id='line_1_91' title="bbox 479 5507 2050 5589; baseline 0.011 -30"><span class='ocrx_word' id='word_1_695' title='bbox 479 5507 569 5560; x_wconf 84' lang='lat' dir='ltr'><strong>nia</strong></span> <span class='ocrx_word' id='word_1_696' title='bbox 601 5508 736 5562; x_wconf 80' lang='lat' dir='ltr'><strong>nihil</strong></span> <span class='ocrx_word' id='word_1_697' title='bbox 767 5508 954 5574; x_wconf 86' lang='lat' dir='ltr'><strong>deest,</strong></span> <span class='ocrx_word' id='word_1_698' title='bbox 990 5511 1087 5566; x_wconf 88' lang='lat' dir='ltr'><strong>sed</strong></span> <span class='ocrx_word' id='word_1_699' title='bbox 1133 5513 1407 5582; x_wconf 86' lang='lat' dir='ltr'><strong>perfectus</strong></span> <span class='ocrx_word' id='word_1_700' title='bbox 1437 5524 1561 5572; x_wconf 88' lang='lat' dir='ltr'><strong>est:</strong></span> <span class='ocrx_word' id='word_1_701' title='bbox 1605 5518 1741 5589; x_wconf 89' lang='lat' dir='ltr'><strong>quid</strong></span> <span class='ocrx_word' id='word_1_702' title='bbox 1783 5520 1886 5575; x_wconf 87' lang='lat' dir='ltr'><strong>sibi</strong></span> <span class='ocrx_word' id='word_1_703' title='bbox 1935 5522 2050 5576; x_wconf 91' lang='lat' dir='ltr'><strong>vult</strong></span> 
     </span>
    </p>
   </div>
   <div class='ocr_carea' id='block_1_92' title="bbox 480 5598 2047 5673">
    <p class='ocr_par' dir='ltr' id='par_1_92' title="bbox 480 5598 2047 5673">
     <span class='ocr_line' id='line_1_92' title="bbox 480 5598 2047 5673; baseline 0.008 -21"><span class='ocrx_word' id='word_1_704' title='bbox 480 5598 585 5654; x_wconf 85' lang='lat' dir='ltr'><strong>hoc</strong></span> <span class='ocrx_word' id='word_1_705' title='bbox 614 5609 890 5670; x_wconf 89' lang='lat' dir='ltr'><strong>optatum,</strong></span> <span class='ocrx_word' id='word_1_706' title='bbox 923 5601 1298 5673; x_wconf 82' lang='lat' dir='ltr'><strong>Sanctiﬁcetur</strong></span> <span class='ocrx_word' id='word_1_707' title='bbox 1327 5623 1515 5663; x_wconf 77' lang='lat' dir='ltr'><strong>nomen</strong></span> <span class='ocrx_word' id='word_1_708' title='bbox 1562 5617 1750 5662; x_wconf 80' lang='lat' dir='ltr'><strong>tuum:</strong></span> <span class='ocrx_word' id='word_1_709' title='bbox 1800 5609 2047 5666; x_wconf 76' lang='lat' dir='ltr'><strong>adveniat</strong></span> 
     </span>
    </p>
   </div>
   <div class='ocr_carea' id='block_1_93' title="bbox 457 5695 2042 5772">
    <p class='ocr_par' dir='ltr' id='par_1_93' title="bbox 457 5695 2042 5772">
     <span class='ocr_line' id='line_1_93' title="bbox 457 5695 2042 5772; baseline 0.008 -29"><span class='ocrx_word' id='word_1_710' title='bbox 457 5705 700 5760; x_wconf 66' lang='grc' dir='ltr'><strong>,νεανικοί</strong></span> <span class='ocrx_word' id='word_1_711' title='bbox 730 5701 879 5745; x_wconf 86' lang='lat' dir='ltr'><strong>tuum</strong></span> <span class='ocrx_word' id='word_1_712' title='bbox 905 5695 931 5748; x_wconf 73' lang='lat'><strong>1&#39;</strong></span> <span class='ocrx_word' id='word_1_713' title='bbox 957 5695 1041 5748; x_wconf 82' lang='lat' dir='ltr'><strong>An</strong></span> <span class='ocrx_word' id='word_1_714' title='bbox 1069 5695 1300 5753; x_wconf 81' lang='lat' dir='ltr'><strong>forsitan</strong></span> <span class='ocrx_word' id='word_1_715' title='bbox 1328 5698 1434 5754; x_wconf 91' lang='lat' dir='ltr'><strong>tale</strong></span> <span class='ocrx_word' id='word_1_716' title='bbox 1465 5700 1741 5772; x_wconf 89' lang='lat' dir='ltr'><strong>quidpiam</strong></span> <span class='ocrx_word' id='word_1_717' title='bbox 1772 5699 2006 5758; x_wconf 84' lang='lat' dir='ltr'><strong>Verbum</strong></span> <span class='ocrx_word' id='word_1_718' title='bbox 2026 5741 2042 5767; x_wconf 86' lang='lat'><strong>,</strong></span> 
     </span>
    </p>
   </div>
   <div class='ocr_carea' id='block_1_94' title="bbox 2169 3777 3731 3850">
    <p class='ocr_par' dir='ltr' id='par_1_94' title="bbox 2169 3777 3731 3850">
     <span class='ocr_line' id='line_1_94' title="bbox 2169 3777 3731 3850; baseline -0.004 -13"><span class='ocrx_word' id='word_1_719' title='bbox 2169 3782 2484 3849; x_wconf 78' lang='grc' dir='ltr'><strong>Ῥυσθείην</strong></span> <span class='ocrx_word' id='word_1_720' title='bbox 2525 3781 2594 3834; x_wconf 77' lang='grc' dir='ltr'><strong>ἐκ</strong></span> <span class='ocrx_word' id='word_1_721' title='bbox 2646 3779 2766 3834; x_wconf 79' lang='grc' dir='ltr'><strong>τῶν</strong></span> <span class='ocrx_word' id='word_1_722' title='bbox 2809 3780 3152 3850; x_wconf 76' lang='grc' dir='ltr'><strong>μισούντων</strong></span> <span class='ocrx_word' id='word_1_723' title='bbox 3195 3794 3275 3848; x_wconf 81' lang='grc' dir='ltr'><strong>με</strong></span> <span class='ocrx_word' id='word_1_724' title='bbox 3292 3819 3308 3843; x_wconf 95' lang='grc'><strong>,</strong></span> <span class='ocrx_word' id='word_1_725' title='bbox 3363 3777 3566 3845; x_wconf 82' lang='grc' dir='ltr'><strong>λέγων’</strong></span> <span class='ocrx_word' id='word_1_726' title='bbox 3601 3779 3697 3831; x_wconf 75' lang='grc' dir='ltr'><strong>καὶ</strong></span> <span class='ocrx_word' id='word_1_727' title='bbox 3716 3817 3731 3843; x_wconf 85' lang='grc'><strong>,</strong></span> 
     </span>
    </p>
   </div>
   <div class='ocr_carea' id='block_1_95' title="bbox 2169 3870 3730 3942">
    <p class='ocr_par' dir='ltr' id='par_1_95' title="bbox 2169 3870 3730 3942">
     <span class='ocr_line' id='line_1_95' title="bbox 2169 3870 3730 3942; baseline -0.003 -14"><span class='ocrx_word' id='word_1_728' title='bbox 2169 3873 2728 3942; x_wconf 69' lang='grc' dir='ltr'><strong>Ἀποστραφείησαν</strong></span> <span class='ocrx_word' id='word_1_729' title='bbox 2772 3874 2826 3924; x_wconf 79' lang='grc' dir='ltr'><strong>οἱ</strong></span> <span class='ocrx_word' id='word_1_730' title='bbox 2861 3871 3063 3940; x_wconf 81' lang='grc' dir='ltr'><strong>ἐχθροί</strong></span> <span class='ocrx_word' id='word_1_731' title='bbox 3100 3889 3221 3940; x_wconf 78' lang='grc' dir='ltr'><strong>μου</strong></span> <span class='ocrx_word' id='word_1_732' title='bbox 3262 3873 3350 3937; x_wconf 83' lang='grc' dir='ltr'><strong>εἰς</strong></span> <span class='ocrx_word' id='word_1_733' title='bbox 3395 3873 3470 3926; x_wconf 83' lang='grc' dir='ltr'><strong>τὰ</strong></span> <span class='ocrx_word' id='word_1_734' title='bbox 3503 3870 3730 3924; x_wconf 71' lang='grc' dir='ltr'><strong>ὀπίσωο</strong></span> 
     </span>
    </p>
   </div>
   <div class='ocr_carea' id='block_1_96' title="bbox 2157 3961 3731 4033">
    <p class='ocr_par' dir='ltr' id='par_1_96' title="bbox 2157 3961 3731 4033">
     <span class='ocr_line' id='line_1_96' title="bbox 2157 3961 3731 4033; baseline -0.003 -14"><span class='ocrx_word' id='word_1_735' title='bbox 2157 3966 2284 4031; x_wconf 76' lang='grc' dir='ltr'><strong>καὶ,</strong></span> <span class='ocrx_word' id='word_1_736' title='bbox 2338 3965 2450 4030; x_wconf 86' lang='grc' dir='ltr'><strong>Δὸς</strong></span> <span class='ocrx_word' id='word_1_737' title='bbox 2503 3964 2649 4033; x_wconf 71' lang='grc' dir='ltr'><strong>ἡμῖν</strong></span> <span class='ocrx_word' id='word_1_738' title='bbox 2693 3961 2986 4028; x_wconf 80' lang='grc' dir='ltr'><strong>,βοήθειαν</strong></span> <span class='ocrx_word' id='word_1_739' title='bbox 3031 3963 3098 4015; x_wconf 75' lang='grc' dir='ltr'><strong>ἐκ</strong></span> <span class='ocrx_word' id='word_1_740' title='bbox 3146 3965 3428 4030; x_wconf 69' lang='grc' dir='ltr'><strong>θλίψεως,</strong></span> <span class='ocrx_word' id='word_1_741' title='bbox 3485 3962 3582 4015; x_wconf 78' lang='grc' dir='ltr'><strong>καὶ</strong></span> <span class='ocrx_word' id='word_1_742' title='bbox 3630 3962 3731 4014; x_wconf 75' lang='grc' dir='ltr'><strong>ὅσα</strong></span> 
     </span>
    </p>
   </div>
   <div class='ocr_carea' id='block_1_97' title="bbox 2155 4047 3729 4122">
    <p class='ocr_par' dir='ltr' id='par_1_97' title="bbox 2155 4047 3729 4122">
     <span class='ocr_line' id='line_1_97' title="bbox 2155 4047 3729 4122; baseline -0.003 -13"><span class='ocrx_word' id='word_1_743' title='bbox 2155 4055 2407 4118; x_wconf 86' lang='grc' dir='ltr'><strong>τοιαῦτα,</strong></span> <span class='ocrx_word' id='word_1_744' title='bbox 2452 4055 2519 4107; x_wconf 91' lang='grc' dir='ltr'><strong>δι’</strong></span> <span class='ocrx_word' id='word_1_745' title='bbox 2549 4047 2624 4107; x_wconf 81' lang='grc' dir='ltr'><strong>ὧν</strong></span> <span class='ocrx_word' id='word_1_746' title='bbox 2662 4053 2775 4106; x_wconf 71' lang='grc' dir='ltr'><strong>ἔστι</strong></span> <span class='ocrx_word' id='word_1_747' title='bbox 2821 4051 2914 4104; x_wconf 89' lang='grc' dir='ltr'><strong>τοῦ</strong></span> <span class='ocrx_word' id='word_1_748' title='bbox 2949 4050 3082 4104; x_wconf 81' lang='grc' dir='ltr'><strong>Θεοῦ</strong></span> <span class='ocrx_word' id='word_1_749' title='bbox 3112 4050 3213 4122; x_wconf 76' lang='grc' dir='ltr'><strong>τὴν</strong></span> <span class='ocrx_word' id='word_1_750' title='bbox 3243 4051 3559 4122; x_wconf 79' lang='grc' dir='ltr'><strong>συμμαχίαν</strong></span> <span class='ocrx_word' id='word_1_751' title='bbox 3591 4051 3729 4104; x_wconf 84' lang='grc' dir='ltr'><strong>κατά</strong></span> 
     </span>
    </p>
   </div>
   <div class='ocr_carea' id='block_1_98' title="bbox 2155 4143 3728 4213">
    <p class='ocr_par' dir='ltr' id='par_1_98' title="bbox 2155 4143 3728 4213">
     <span class='ocr_line' id='line_1_98' title="bbox 2155 4143 3728 4213; baseline -0.004 -13"><span class='ocrx_word' id='word_1_752' title='bbox 2155 4146 2262 4200; x_wconf 88' lang='grc' dir='ltr'><strong>τῶν</strong></span> <span class='ocrx_word' id='word_1_753' title='bbox 2310 4145 2564 4200; x_wconf 82' lang='grc' dir='ltr'><strong>ἐναντίων</strong></span> <span class='ocrx_word' id='word_1_754' title='bbox 2611 4143 2993 4213; x_wconf 70' lang='grc' dir='ltr'><strong>διαναστῆσαις</strong></span> <span class='ocrx_word' id='word_1_755' title='bbox 3029 4143 3166 4196; x_wconf 75' lang='grc' dir='ltr'><strong>Νυνὶ</strong></span> <span class='ocrx_word' id='word_1_756' title='bbox 3190 4143 3247 4196; x_wconf 87' lang='grc' dir='ltr'><strong>δὲ</strong></span> <span class='ocrx_word' id='word_1_757' title='bbox 3275 4143 3327 4195; x_wconf 83' lang='grc' dir='ltr'><strong>τί</strong></span> <span class='ocrx_word' id='word_1_758' title='bbox 3369 4160 3532 4213; x_wconf 85' lang='grc' dir='ltr'><strong>φησιν</strong></span> <span class='ocrx_word' id='word_1_759' title='bbox 3563 4145 3594 4196; x_wconf 91' lang='lat'><strong>6</strong></span> <span class='ocrx_word' id='word_1_760' title='bbox 3633 4143 3728 4212; x_wconf 82' lang='grc' dir='ltr'><strong>τῆς</strong></span> 
     </span>
    </p>
   </div>
   <div class='ocr_carea' id='block_1_99' title="bbox 2157 4232 3727 4310">
    <p class='ocr_par' dir='ltr' id='par_1_99' title="bbox 2157 4232 3727 4310">
     <span class='ocr_line' id='line_1_99' title="bbox 2157 4232 3727 4310; baseline -0.003 -19"><span class='ocrx_word' id='word_1_761' title='bbox 2157 4239 2464 4310; x_wconf 83' lang='grc' dir='ltr'><strong>προσευχῆς</strong></span> <span class='ocrx_word' id='word_1_762' title='bbox 2497 4237 2693 4307; x_wconf 86' lang='grc' dir='ltr'><strong>νόμος;</strong></span> <span class='ocrx_word' id='word_1_763' title='bbox 2749 4234 3104 4305; x_wconf 73' lang='grc' dir='ltr'><strong>Ἁγιασθήτω</strong></span> <span class='ocrx_word' id='word_1_764' title='bbox 3153 4234 3218 4288; x_wconf 79' lang='grc' dir='ltr'><strong>τὸ</strong></span> <span class='ocrx_word' id='word_1_765' title='bbox 3269 4234 3459 4304; x_wconf 73' lang='grc' dir='ltr'><strong>ὄνομά</strong></span> <span class='ocrx_word' id='word_1_766' title='bbox 3487 4251 3624 4288; x_wconf 87' lang='grc' dir='ltr'><strong>σου.</strong></span> <span class='ocrx_word' id='word_1_767' title='bbox 3665 4232 3727 4286; x_wconf 76' lang='grc' dir='ltr'><strong>ει</strong></span> 
     </span>
    </p>
   </div>
   <div class='ocr_carea' id='block_1_100' title="bbox 2155 4322 3725 4402">
    <p class='ocr_par' dir='ltr' id='par_1_100' title="bbox 2155 4322 3725 4402">
     <span class='ocr_line' id='line_1_100' title="bbox 2155 4322 3725 4402; baseline -0.004 -17"><span class='ocrx_word' id='word_1_768' title='bbox 2155 4332 2264 4402; x_wconf 79' lang='grc' dir='ltr'><strong>γὰρ</strong></span> <span class='ocrx_word' id='word_1_769' title='bbox 2299 4331 2373 4401; x_wconf 84' lang='grc' dir='ltr'><strong>μὴ</strong></span> <span class='ocrx_word' id='word_1_770' title='bbox 2417 4329 2624 4397; x_wconf 78' lang='grc' dir='ltr'><strong>λέγοιτο</strong></span> <span class='ocrx_word' id='word_1_771' title='bbox 2665 4327 2793 4397; x_wconf 89' lang='grc' dir='ltr'><strong>παρ’</strong></span> <span class='ocrx_word' id='word_1_772' title='bbox 2845 4326 2980 4398; x_wconf 84' lang='grc' dir='ltr'><strong>ἐμοῦ</strong></span> <span class='ocrx_word' id='word_1_773' title='bbox 3003 4327 3197 4391; x_wconf 89' lang='grc' dir='ltr'><strong>τοῦτο,</strong></span> <span class='ocrx_word' id='word_1_774' title='bbox 3225 4322 3334 4397; x_wconf 83' lang='grc' dir='ltr'><strong>ἆρα</strong></span> <span class='ocrx_word' id='word_1_775' title='bbox 3363 4327 3585 4380; x_wconf 88' lang='grc' dir='ltr'><strong>δυνατόν</strong></span> <span class='ocrx_word' id='word_1_776' title='bbox 3614 4328 3725 4378; x_wconf 86' lang='grc' dir='ltr'><strong>ἐστι</strong></span> 
     </span>
    </p>
   </div>
   <div class='ocr_carea' id='block_1_101' title="bbox 2159 4413 3723 4491">
    <p class='ocr_par' dir='ltr' id='par_1_101' title="bbox 2159 4413 3723 4491">
     <span class='ocr_line' id='line_1_101' title="bbox 2159 4413 3723 4491; baseline -0.004 -17"><span class='ocrx_word' id='word_1_777' title='bbox 2159 4423 2241 4491; x_wconf 75' lang='grc' dir='ltr'><strong>μὴ</strong></span> <span class='ocrx_word' id='word_1_778' title='bbox 2268 4421 2418 4488; x_wconf 76' lang='grc' dir='ltr'><strong>ἀγιον</strong></span> <span class='ocrx_word' id='word_1_779' title='bbox 2446 4414 2583 4472; x_wconf 74' lang='grc' dir='ltr'><strong>εἶναι</strong></span> <span class='ocrx_word' id='word_1_780' title='bbox 2614 4417 2708 4470; x_wconf 88' lang='grc' dir='ltr'><strong>τοῦ</strong></span> <span class='ocrx_word' id='word_1_781' title='bbox 2749 4416 2884 4470; x_wconf 85' lang='grc' dir='ltr'><strong>Θεοῦ</strong></span> <span class='ocrx_word' id='word_1_782' title='bbox 2924 4416 2984 4469; x_wconf 77' lang='grc' dir='ltr'><strong>τὺ</strong></span> <span class='ocrx_word' id='word_1_783' title='bbox 3027 4415 3226 4486; x_wconf 84' lang='grc' dir='ltr'><strong>δνομα;</strong></span> <span class='ocrx_word' id='word_1_784' title='bbox 3269 4413 3520 4470; x_wconf 78' lang='grc' dir='ltr'><strong>Ἐλθέτω</strong></span> <span class='ocrx_word' id='word_1_785' title='bbox 3548 4414 3588 4479; x_wconf 82' lang='grc' dir='ltr'><strong><em>ή</em></strong></span> <span class='ocrx_word' id='word_1_786' title='bbox 3616 4415 3723 4478; x_wconf 77' lang='grc' dir='ltr'><strong>βα-</strong></span> 
     </span>
    </p>
   </div>
   <div class='ocr_carea' id='block_1_102' title="bbox 2155 4502 3722 4577">
    <p class='ocr_par' dir='ltr' id='par_1_102' title="bbox 2155 4502 3722 4577">
     <span class='ocr_line' id='line_1_102' title="bbox 2155 4502 3722 4577; baseline -0.006 -14"><span class='ocrx_word' id='word_1_787' title='bbox 2155 4509 2356 4563; x_wconf 76' lang='grc' dir='ltr'><strong>σιλεία</strong></span> <span class='ocrx_word' id='word_1_788' title='bbox 2385 4524 2523 4562; x_wconf 89' lang='grc' dir='ltr'><strong>σου.</strong></span> <span class='ocrx_word' id='word_1_789' title='bbox 2567 4506 2632 4558; x_wconf 85' lang='grc' dir='ltr'><strong>Τί</strong></span> <span class='ocrx_word' id='word_1_790' title='bbox 2660 4505 2768 4576; x_wconf 87' lang='grc' dir='ltr'><strong>γὰρ</strong></span> <span class='ocrx_word' id='word_1_791' title='bbox 2817 4507 2916 4577; x_wconf 84' lang='grc' dir='ltr'><strong>τῆς</strong></span> <span class='ocrx_word' id='word_1_792' title='bbox 2967 4503 3212 4570; x_wconf 79' lang='grc' dir='ltr'><strong>ἐξουσίας</strong></span> <span class='ocrx_word' id='word_1_793' title='bbox 3263 4502 3358 4556; x_wconf 89' lang='grc' dir='ltr'><strong>τοῦ</strong></span> <span class='ocrx_word' id='word_1_794' title='bbox 3402 4503 3536 4556; x_wconf 87' lang='grc' dir='ltr'><strong>Θεοῦ</strong></span> <span class='ocrx_word' id='word_1_795' title='bbox 3569 4503 3722 4573; x_wconf 71' lang='grc' dir='ltr'><strong>ὴλλο·</strong></span> 
     </span>
    </p>
   </div>
   <div class='ocr_carea' id='block_1_103' title="bbox 2155 4594 3721 4670">
    <p class='ocr_par' dir='ltr' id='par_1_103' title="bbox 2155 4594 3721 4670">
     <span class='ocr_line' id='line_1_103' title="bbox 2155 4594 3721 4670; baseline -0.004 -19"><span class='ocrx_word' id='word_1_796' title='bbox 2155 4599 2409 4670; x_wconf 85' lang='grc' dir='ltr'><strong>τρίωται,</strong></span> <span class='ocrx_word' id='word_1_797' title='bbox 2455 4596 2550 4650; x_wconf 86' lang='grc' dir='ltr'><strong>τοῦ</strong></span> <span class='ocrx_word' id='word_1_798' title='bbox 2589 4595 2921 4668; x_wconf 78' lang='grc' dir='ltr'><strong>διειληφότος</strong></span> <span class='ocrx_word' id='word_1_799' title='bbox 2958 4598 3025 4666; x_wconf 79' lang='grc' dir='ltr'><strong>τῇ</strong></span> <span class='ocrx_word' id='word_1_800' title='bbox 3068 4595 3312 4666; x_wconf 83' lang='grc' dir='ltr'><strong>σπιθαμῇ</strong></span> <span class='ocrx_word' id='word_1_801' title='bbox 3361 4594 3448 4648; x_wconf 83' lang='grc' dir='ltr'><strong>τὸν</strong></span> <span class='ocrx_word' id='word_1_802' title='bbox 3501 4594 3721 4666; x_wconf 80' lang='grc' dir='ltr'><strong>οὐρανὸν</strong></span> 
     </span>
    </p>
   </div>
   <div class='ocr_carea' id='block_1_104' title="bbox 2155 4685 3720 4760">
    <p class='ocr_par' dir='ltr' id='par_1_104' title="bbox 2155 4685 3720 4760">
     <span class='ocr_line' id='line_1_104' title="bbox 2155 4685 3720 4760; baseline -0.006 -15"><span class='ocrx_word' id='word_1_803' title='bbox 2155 4692 2306 4758; x_wconf 86' lang='grc' dir='ltr'><strong>ὅλον,</strong></span> <span class='ocrx_word' id='word_1_804' title='bbox 2358 4687 2538 4752; x_wconf 86' lang='grc' dir='ltr'><strong>καθώς</strong></span> <span class='ocrx_word' id='word_1_805' title='bbox 2577 4705 2740 4760; x_wconf 79' lang='grc' dir='ltr'><strong>φησιν</strong></span> <span class='ocrx_word' id='word_1_806' title='bbox 2799 4686 3051 4752; x_wconf 65' lang='grc' dir='ltr'><strong>Ἠσαίας,</strong></span> <span class='ocrx_word' id='word_1_807' title='bbox 3092 4685 3186 4739; x_wconf 86' lang='grc' dir='ltr'><strong>τοῦ</strong></span> <span class='ocrx_word' id='word_1_808' title='bbox 3235 4685 3720 4756; x_wconf 83' lang='grc' dir='ltr'><strong>περιδεδραγμένου</strong></span> 
     </span>
    </p>
   </div>
   <div class='ocr_carea' id='block_1_105' title="bbox 2153 4777 3721 4856">
    <p class='ocr_par' dir='ltr' id='par_1_105' title="bbox 2153 4777 3721 4856">
     <span class='ocr_line' id='line_1_105' title="bbox 2153 4777 3721 4856; baseline -0.005 -19"><span class='ocrx_word' id='word_1_809' title='bbox 2153 4784 2253 4856; x_wconf 83' lang='grc' dir='ltr'><strong>τὴν</strong></span> <span class='ocrx_word' id='word_1_810' title='bbox 2281 4783 2405 4854; x_wconf 83' lang='grc' dir='ltr'><strong>γῆν,</strong></span> <span class='ocrx_word' id='word_1_811' title='bbox 2449 4780 2543 4835; x_wconf 85' lang='grc' dir='ltr'><strong>τοῦ</strong></span> <span class='ocrx_word' id='word_1_812' title='bbox 2571 4779 3030 4852; x_wconf 86' lang='grc' dir='ltr'><strong>περικρατοῦντος</strong></span> <span class='ocrx_word' id='word_1_813' title='bbox 3060 4779 3118 4831; x_wconf 88' lang='grc' dir='ltr'><strong>ἐν</strong></span> <span class='ocrx_word' id='word_1_814' title='bbox 3155 4780 3221 4849; x_wconf 79' lang='grc' dir='ltr'><strong>τῇ</strong></span> <span class='ocrx_word' id='word_1_815' title='bbox 3257 4779 3398 4848; x_wconf 74' lang='grc' dir='ltr'><strong>χειρὶ</strong></span> <span class='ocrx_word' id='word_1_816' title='bbox 3421 4777 3518 4848; x_wconf 83' lang='grc' dir='ltr'><strong>τὴν</strong></span> <span class='ocrx_word' id='word_1_817' title='bbox 3552 4777 3721 4847; x_wconf 72' lang='grc' dir='ltr'><strong>ὑγρὰν</strong></span> 
     </span>
    </p>
   </div>
   <div class='ocr_carea' id='block_1_106' title="bbox 2156 4869 3722 4944">
    <p class='ocr_par' dir='ltr' id='par_1_106' title="bbox 2156 4869 3722 4944">
     <span class='ocr_line' id='line_1_106' title="bbox 2156 4869 3722 4944; baseline -0.005 -16"><span class='ocrx_word' id='word_1_818' title='bbox 2156 4875 2354 4944; x_wconf 87' lang='grc' dir='ltr'><strong>φύσιν,</strong></span> <span class='ocrx_word' id='word_1_819' title='bbox 2415 4872 2476 4936; x_wconf 81' lang='grc' dir='ltr'><strong>ὃς</strong></span> <span class='ocrx_word' id='word_1_820' title='bbox 2537 4873 2718 4925; x_wconf 81' lang='grc' dir='ltr'><strong>πᾶσαν</strong></span> <span class='ocrx_word' id='word_1_821' title='bbox 2781 4869 3074 4940; x_wconf 87' lang='grc' dir='ltr'><strong>ἐγκόσμιόν</strong></span> <span class='ocrx_word' id='word_1_822' title='bbox 3114 4885 3174 4920; x_wconf 87' lang='grc' dir='ltr'><strong>τε</strong></span> <span class='ocrx_word' id='word_1_823' title='bbox 3221 4870 3317 4922; x_wconf 73' lang='grc' dir='ltr'><strong>καὶ</strong></span> <span class='ocrx_word' id='word_1_824' title='bbox 3359 4870 3722 4940; x_wconf 85' lang='grc' dir='ltr'><strong>ὑπερκόσμιον</strong></span> 
     </span>
    </p>
   </div>
   <div class='ocr_carea' id='block_1_107' title="bbox 2155 4957 3722 5036">
    <p class='ocr_par' dir='ltr' id='par_1_107' title="bbox 2155 4957 3722 5036">
     <span class='ocr_line' id='line_1_107' title="bbox 2155 4957 3722 5036; baseline -0.004 -17"><span class='ocrx_word' id='word_1_825' title='bbox 2155 4964 2544 5036; x_wconf 81' lang='grc' dir='ltr'><strong>ἐνηγκάλισται</strong></span> <span class='ocrx_word' id='word_1_826' title='bbox 2584 4962 2790 5028; x_wconf 89' lang='grc' dir='ltr'><strong>κτίσιν;</strong></span> <span class='ocrx_word' id='word_1_827' title='bbox 2826 4961 2892 5014; x_wconf 80' lang='lat' dir='ltr'><strong>El</strong></span> <span class='ocrx_word' id='word_1_828' title='bbox 2927 4957 3020 5013; x_wconf 78' lang='grc' dir='ltr'><strong>οὖν</strong></span> <span class='ocrx_word' id='word_1_829' title='bbox 3051 4959 3204 5028; x_wconf 74' lang='grc' dir='ltr'><strong>ἅγιον</strong></span> <span class='ocrx_word' id='word_1_830' title='bbox 3242 4960 3330 5013; x_wconf 78' lang='grc' dir='ltr'><strong>ἀεὶ</strong></span> <span class='ocrx_word' id='word_1_831' title='bbox 3375 4959 3468 5012; x_wconf 88' lang='grc' dir='ltr'><strong>τοῦ</strong></span> <span class='ocrx_word' id='word_1_832' title='bbox 3501 4959 3633 5013; x_wconf 87' lang='grc' dir='ltr'><strong>Θεοῦ</strong></span> <span class='ocrx_word' id='word_1_833' title='bbox 3663 4961 3722 5013; x_wconf 83' lang='grc' dir='ltr'><strong>τὸ</strong></span> 
     </span>
    </p>
   </div>
   <div class='ocr_carea' id='block_1_108' title="bbox 2155 5051 3716 5129">
    <p class='ocr_par' dir='ltr' id='par_1_108' title="bbox 2155 5051 3716 5129">
     <span class='ocr_line' id='line_1_108' title="bbox 2155 5051 3716 5129; baseline -0.003 -18"><span class='ocrx_word' id='word_1_834' title='bbox 2155 5057 2372 5129; x_wconf 82' lang='grc' dir='ltr'><strong>κράτος,</strong></span> <span class='ocrx_word' id='word_1_835' title='bbox 2400 5056 2495 5110; x_wconf 77' lang='grc' dir='ltr'><strong>καὶ</strong></span> <span class='ocrx_word' id='word_1_836' title='bbox 2519 5054 2673 5108; x_wconf 79' lang='grc' dir='ltr'><strong>οὐδὲν</strong></span> <span class='ocrx_word' id='word_1_837' title='bbox 2695 5051 3000 5120; x_wconf 77' lang='grc' dir='ltr'><strong>ἐκπέφευγε</strong></span> <span class='ocrx_word' id='word_1_838' title='bbox 3029 5051 3090 5104; x_wconf 88' lang='grc' dir='ltr'><strong>τὸ</strong></span> <span class='ocrx_word' id='word_1_839' title='bbox 3117 5051 3314 5123; x_wconf 81' lang='grc' dir='ltr'><strong>κράτος</strong></span> <span class='ocrx_word' id='word_1_840' title='bbox 3337 5051 3437 5121; x_wconf 81' lang='grc' dir='ltr'><strong>τῆς</strong></span> <span class='ocrx_word' id='word_1_841' title='bbox 3459 5051 3554 5105; x_wconf 88' lang='grc' dir='ltr'><strong>τοῦ</strong></span> <span class='ocrx_word' id='word_1_842' title='bbox 3584 5052 3716 5107; x_wconf 88' lang='grc' dir='ltr'><strong>Θεοῦ</strong></span> 
     </span>
    </p>
   </div>
   <div class='ocr_carea' id='block_1_109' title="bbox 2115 5142 3718 5213">
    <p class='ocr_par' dir='ltr' id='par_1_109' title="bbox 2115 5142 3718 5213">
     <span class='ocr_line' id='line_1_109' title="bbox 2115 5142 3718 5213; baseline -0.003 -12"><span class='ocrx_word' id='word_1_843' title='bbox 2115 5180 2129 5195; x_wconf 78' lang='grc' dir='ltr'><strong>ο</strong></span> <span class='ocrx_word' id='word_1_844' title='bbox 2155 5149 2496 5211; x_wconf 85' lang='grc' dir='ltr'><strong>δεσποτείας,</strong></span> <span class='ocrx_word' id='word_1_845' title='bbox 2531 5145 2667 5199; x_wconf 85' lang='grc' dir='ltr'><strong>ἀλλὰ</strong></span> <span class='ocrx_word' id='word_1_846' title='bbox 2704 5144 2799 5198; x_wconf 76' lang='grc' dir='ltr'><strong>καὶ</strong></span> <span class='ocrx_word' id='word_1_847' title='bbox 2830 5145 3021 5213; x_wconf 85' lang='grc' dir='ltr'><strong>κρατεῖ</strong></span> <span class='ocrx_word' id='word_1_848' title='bbox 3053 5142 3288 5208; x_wconf 80' lang='grc' dir='ltr'><strong>πάντων,</strong></span> <span class='ocrx_word' id='word_1_849' title='bbox 3337 5144 3431 5196; x_wconf 77' lang='grc' dir='ltr'><strong>καὶ</strong></span> <span class='ocrx_word' id='word_1_850' title='bbox 3461 5144 3605 5198; x_wconf 83' lang='grc' dir='ltr'><strong>κατὰ</strong></span> <span class='ocrx_word' id='word_1_851' title='bbox 3630 5147 3718 5198; x_wconf 82' lang='grc' dir='ltr'><strong>τὸν</strong></span> 
     </span>
    </p>
   </div>
   <div class='ocr_carea' id='block_1_110' title="bbox 2155 5234 3716 5310">
    <p class='ocr_par' dir='ltr' id='par_1_110' title="bbox 2155 5234 3716 5310">
     <span class='ocr_line' id='line_1_110' title="bbox 2155 5234 3716 5310; baseline -0.004 -16"><span class='ocrx_word' id='word_1_852' title='bbox 2155 5239 2423 5310; x_wconf 75' lang='grc' dir='ltr'><strong>ἀγιασμδν</strong></span> <span class='ocrx_word' id='word_1_853' title='bbox 2472 5238 2787 5309; x_wconf 86' lang='grc' dir='ltr'><strong>προσθήκης</strong></span> <span class='ocrx_word' id='word_1_854' title='bbox 2831 5236 2931 5289; x_wconf 81' lang='grc' dir='ltr'><strong>οὐκ</strong></span> <span class='ocrx_word' id='word_1_855' title='bbox 2956 5234 3289 5306; x_wconf 82' lang='grc' dir='ltr'><strong>ἐπιδέχεται,</strong></span> <span class='ocrx_word' id='word_1_856' title='bbox 3312 5236 3340 5287; x_wconf 86' lang='grc' dir='ltr'>ὁ</span> <span class='ocrx_word' id='word_1_857' title='bbox 3373 5235 3459 5288; x_wconf 81' lang='grc' dir='ltr'><strong>διὰ</strong></span> <span class='ocrx_word' id='word_1_858' title='bbox 3505 5237 3716 5288; x_wconf 75' lang='grc' dir='ltr'><strong>πάντων</strong></span> 
     </span>
    </p>
   </div>
   <div class='ocr_carea' id='block_1_111' title="bbox 2155 5326 3716 5400">
    <p class='ocr_par' dir='ltr' id='par_1_111' title="bbox 2155 5326 3716 5400">
     <span class='ocr_line' id='line_1_111' title="bbox 2155 5326 3716 5400; baseline -0.005 -14"><span class='ocrx_word' id='word_1_859' title='bbox 2155 5331 2446 5400; x_wconf 82' lang='grc' dir='ltr'><strong>ἀνελλιπὴς</strong></span> <span class='ocrx_word' id='word_1_860' title='bbox 2486 5329 2580 5382; x_wconf 71' lang='grc' dir='ltr'><strong>καὶ</strong></span> <span class='ocrx_word' id='word_1_861' title='bbox 2622 5327 2856 5390; x_wconf 83' lang='grc' dir='ltr'><strong>τέλειος·</strong></span> <span class='ocrx_word' id='word_1_862' title='bbox 2899 5326 2952 5380; x_wconf 87' lang='grc' dir='ltr'><strong>τί</strong></span> <span class='ocrx_word' id='word_1_863' title='bbox 2981 5327 3224 5396; x_wconf 79' lang='grc' dir='ltr'><strong>βούλεται</strong></span> <span class='ocrx_word' id='word_1_864' title='bbox 3261 5328 3293 5396; x_wconf 84' lang='grc' dir='ltr'><strong>ἡ</strong></span> <span class='ocrx_word' id='word_1_865' title='bbox 3325 5326 3479 5397; x_wconf 82' lang='grc' dir='ltr'><strong>εὐχὴ,</strong></span> <span class='ocrx_word' id='word_1_866' title='bbox 3537 5327 3716 5396; x_wconf 78' lang='grc' dir='ltr'><strong>Ἀγια-</strong></span> 
     </span>
    </p>
   </div>
   <div class='ocr_carea' id='block_1_112' title="bbox 2156 5416 3714 5488">
    <p class='ocr_par' dir='ltr' id='par_1_112' title="bbox 2156 5416 3714 5488">
     <span class='ocr_line' id='line_1_112' title="bbox 2156 5416 3714 5488; baseline -0.005 -10"><span class='ocrx_word' id='word_1_867' title='bbox 2156 5421 2356 5488; x_wconf 83' lang='grc' dir='ltr'><strong>σθήτω</strong></span> <span class='ocrx_word' id='word_1_868' title='bbox 2397 5419 2463 5473; x_wconf 85' lang='grc' dir='ltr'><strong>τὸ</strong></span> <span class='ocrx_word' id='word_1_869' title='bbox 2505 5416 2692 5488; x_wconf 79' lang='grc' dir='ltr'><strong>ὄνομά</strong></span> <span class='ocrx_word' id='word_1_870' title='bbox 2727 5432 2862 5472; x_wconf 80' lang='grc' dir='ltr'><strong>σου’</strong></span> <span class='ocrx_word' id='word_1_871' title='bbox 2904 5419 3126 5474; x_wconf 80' lang='grc' dir='ltr'><strong>ἐλθέτω</strong></span> <span class='ocrx_word' id='word_1_872' title='bbox 3181 5418 3220 5486; x_wconf 74' lang='grc' dir='ltr'><strong><em>ἠ</em></strong></span> <span class='ocrx_word' id='word_1_873' title='bbox 3243 5417 3536 5481; x_wconf 71' lang='grc' dir='ltr'><strong>,βασιλεία</strong></span> <span class='ocrx_word' id='word_1_874' title='bbox 3564 5435 3714 5483; x_wconf 83' lang='grc' dir='ltr'><strong>σου;</strong></span> 
     </span>
    </p>
   </div>
   <div class='ocr_carea' id='block_1_113' title="bbox 2155 5507 3713 5586">
    <p class='ocr_par' dir='ltr' id='par_1_113' title="bbox 2155 5507 3713 5586">
     <span class='ocr_line' id='line_1_113' title="bbox 2155 5507 3713 5586; baseline -0.006 -15"><span class='ocrx_word' id='word_1_875' title='bbox 2155 5518 2220 5572; x_wconf 80' lang='lat' dir='ltr'><strong>Ei</strong></span> <span class='ocrx_word' id='word_1_876' title='bbox 2245 5514 2387 5586; x_wconf 79' lang='grc' dir='ltr'><strong>τάχα</strong></span> <span class='ocrx_word' id='word_1_877' title='bbox 2411 5529 2464 5566; x_wconf 89' lang='grc' dir='ltr'><strong>τι</strong></span> <span class='ocrx_word' id='word_1_878' title='bbox 2492 5510 2729 5564; x_wconf 85' lang='grc' dir='ltr'><strong>τοιοῦτον</strong></span> <span class='ocrx_word' id='word_1_879' title='bbox 2756 5511 2784 5562; x_wconf 89' lang='lat'><strong>6</strong></span> <span class='ocrx_word' id='word_1_880' title='bbox 2808 5507 2982 5577; x_wconf 88' lang='grc' dir='ltr'><strong>Λόγος</strong></span> <span class='ocrx_word' id='word_1_881' title='bbox 3005 5509 3062 5560; x_wconf 90' lang='grc' dir='ltr'><strong>ἐν</strong></span> <span class='ocrx_word' id='word_1_882' title='bbox 3088 5507 3163 5579; x_wconf 79' lang='grc' dir='ltr'><strong>τῷ</strong></span> <span class='ocrx_word' id='word_1_883' title='bbox 3192 5509 3323 5561; x_wconf 81' lang='grc' dir='ltr'><strong>εἴδει</strong></span> <span class='ocrx_word' id='word_1_884' title='bbox 3359 5510 3458 5579; x_wconf 80' lang='grc' dir='ltr'><strong>τῆς</strong></span> <span class='ocrx_word' id='word_1_885' title='bbox 3489 5527 3713 5580; x_wconf 82' lang='grc' dir='ltr'><strong>προσευ-</strong></span> 
     </span>
    </p>
   </div>
   <div class='ocr_carea' id='block_1_114' title="bbox 2154 5600 3708 5680">
    <p class='ocr_par' dir='ltr' id='par_1_114' title="bbox 2154 5600 3708 5680">
     <span class='ocr_line' id='line_1_114' title="bbox 2154 5600 3708 5680; baseline -0.001 -24"><span class='ocrx_word' id='word_1_886' title='bbox 2154 5609 2254 5680; x_wconf 83' lang='grc' dir='ltr'><strong>χῆς</strong></span> <span class='ocrx_word' id='word_1_887' title='bbox 2281 5605 2624 5678; x_wconf 76' lang='grc' dir='ltr'><strong>δογματίζει,</strong></span> <span class='ocrx_word' id='word_1_888' title='bbox 2653 5603 2734 5656; x_wconf 87' lang='grc' dir='ltr'><strong>ὃτι</strong></span> <span class='ocrx_word' id='word_1_889' title='bbox 2769 5601 2997 5672; x_wconf 80' lang='grc' dir='ltr'><strong>ἀσθενής</strong></span> <span class='ocrx_word' id='word_1_890' title='bbox 3034 5601 3150 5653; x_wconf 85' lang='grc' dir='ltr'><strong>ἐστι</strong></span> <span class='ocrx_word' id='word_1_891' title='bbox 3181 5600 3314 5672; x_wconf 78' lang='grc' dir='ltr'><strong>πρὸς</strong></span> <span class='ocrx_word' id='word_1_892' title='bbox 3343 5600 3545 5670; x_wconf 80' lang='grc' dir='ltr'><strong>ἀγαθοῦ</strong></span> <span class='ocrx_word' id='word_1_893' title='bbox 3573 5617 3708 5664; x_wconf 84' lang='grc' dir='ltr'><strong>τινος</strong></span> 
     </span>
    </p>
   </div>
   <div class='ocr_carea' id='block_1_115' title="bbox 2151 5691 3706 5770">
    <p class='ocr_par' dir='ltr' id='par_1_115' title="bbox 2151 5691 3706 5770">
     <span class='ocr_line' id='line_1_115' title="bbox 2151 5691 3706 5770; baseline -0.006 -14"><span class='ocrx_word' id='word_1_894' title='bbox 2151 5700 2342 5770; x_wconf 85' lang='grc' dir='ltr'><strong>κτῆσιν</strong></span> <span class='ocrx_word' id='word_1_895' title='bbox 2369 5701 2404 5770; x_wconf 85' lang='grc' dir='ltr'><strong>ἠ</strong></span> <span class='ocrx_word' id='word_1_896' title='bbox 2451 5694 2764 5767; x_wconf 84' lang='grc' dir='ltr'><strong>ἀνθρωπίνη</strong></span> <span class='ocrx_word' id='word_1_897' title='bbox 2809 5694 2987 5764; x_wconf 80' lang='grc' dir='ltr'><strong>φύσις,</strong></span> <span class='ocrx_word' id='word_1_898' title='bbox 3019 5693 3113 5748; x_wconf 80' lang='grc' dir='ltr'><strong>καὶ</strong></span> <span class='ocrx_word' id='word_1_899' title='bbox 3140 5691 3228 5747; x_wconf 69' lang='grc' dir='ltr'><strong>διὰ</strong></span> <span class='ocrx_word' id='word_1_900' title='bbox 3252 5692 3408 5748; x_wconf 84' lang='grc' dir='ltr'><strong>τοῦτο</strong></span> <span class='ocrx_word' id='word_1_901' title='bbox 3433 5694 3533 5749; x_wconf 75' lang='grc' dir='ltr'><strong>οὐκ</strong></span> <span class='ocrx_word' id='word_1_902' title='bbox 3564 5694 3630 5751; x_wconf 69' lang='grc' dir='ltr'><strong>ἀν</strong></span> <span class='ocrx_word' id='word_1_903' title='bbox 3654 5708 3706 5748; x_wconf 76' lang='grc' dir='ltr'><strong>τι</strong></span> 
     </span>
    </p>
   </div>
   <div class='ocr_carea' id='block_1_116' title="bbox 547 5874 2058 5948">
    <p class='ocr_par' dir='ltr' id='par_1_116' title="bbox 547 5874 2053 5948">
     <span class='ocr_line' id='line_1_116' title="bbox 547 5874 2053 5948; baseline 0.005 -19"><span class='ocrx_word' id='word_1_904' title='bbox 547 5876 594 5908; x_wconf 80' lang='grc'><em>³³</em></span> <span class='ocrx_word' id='word_1_905' title='bbox 634 5874 778 5932; x_wconf 84' lang='lat' dir='ltr'><strong>Psal.</strong></span> <span class='ocrx_word' id='word_1_906' title='bbox 807 5893 935 5946; x_wconf 76' lang='lat' dir='ltr'><strong>xxx,</strong></span> <span class='ocrx_word' id='word_1_907' title='bbox 973 5877 1054 5934; x_wconf 86' lang='grc'><strong>16.</strong></span> <span class='ocrx_word' id='word_1_908' title='bbox 1132 5879 1176 5912; x_wconf 81' lang='grc'><strong>⁵³</strong></span> <span class='ocrx_word' id='word_1_909' title='bbox 1213 5877 1357 5938; x_wconf 86' lang='lat' dir='ltr'><strong>Psal.</strong></span> <span class='ocrx_word' id='word_1_910' title='bbox 1390 5895 1478 5948; x_wconf 80' lang='lat' dir='ltr'><strong>LV,</strong></span> <span class='ocrx_word' id='word_1_911' title='bbox 1520 5880 1602 5938; x_wconf 79' lang='grc'><strong>10.</strong></span> <span class='ocrx_word' id='word_1_912' title='bbox 1677 5879 1724 5912; x_wconf 68' lang='grc'>⁸⁸</span> <span class='ocrx_word' id='word_1_913' title='bbox 1764 5878 1909 5937; x_wconf 88' lang='lat' dir='ltr'><strong>Psal.</strong></span> <span class='ocrx_word' id='word_1_914' title='bbox 1945 5894 2053 5945; x_wconf 72' lang='lat' dir='ltr'><strong>LIX,</strong></span> 
     </span>
    </p>
   </div>
   <div class='ocr_carea' id='block_1_117' title="bbox 2156 5874 2681 5948">
    <p class='ocr_par' dir='ltr' id='par_1_117' title="bbox 2162 5877 2681 5934">
     <span class='ocr_line' id='line_1_117' title="bbox 2162 5877 2681 5934; baseline -0.004 0"><span class='ocrx_word' id='word_1_915' title='bbox 2162 5917 2178 5934; x_wconf 93' lang='lat'><strong><em>.</em></strong></span> <span class='ocrx_word' id='word_1_916' title='bbox 2251 5880 2296 5912; x_wconf 68' lang='grc' dir='ltr'><strong>εδ</strong></span> <span class='ocrx_word' id='word_1_917' title='bbox 2335 5877 2414 5932; x_wconf 56' lang='lat' dir='ltr'><strong>lc&quot;</strong></span> <span class='ocrx_word' id='word_1_918' title='bbox 2599 5880 2681 5934; x_wconf 71' lang='grc' dir='ltr'><strong>ιε.</strong></span> 
     </span>
    </p>
   </div>
  </div>
