4004 6524
296 436 434 493 1155

1246 429 1335 486 DE
1367 425 1718 485 ORATIONIS
1758 422 2113 479 DOMINICA.
2156 454 2223 466 -—
2263 422 2522 479 ORATIO
2561 424 2649 481 111.

3405 422 3545 477 1154

289 555 499 622 γένοιτο
524 550 635 604 τῶν
660 549 1108 620 σπουδαζομένων
1136 550 1291 618 ἡμῖν,
1329 546 1406 617 μὴ
1429 547 1529 618 τῆς
1552 544 1701 609 θείας
1736 563 1860 616 συμ-

1977 558 2071 612 per
2100 542 2334 598 formam
2362 541 2552 596 orandi
2576 541 2756 606 tradit,
2774 544 2918 615 quod
2942 559 3068 601 cum
3088 542 3303 599 inﬁrma
3320 546 3386 601 ad
3414 544 3548 599 boni

288 644 493 717 μαχίας
540 643 603 696 τὸ
647 639 849 711 ἀγαθὸν
881 642 939 695 ὲν
964 643 1093 712 ἡμῖν
1123 638 1527 710 κατορθούσηςῖ
1560 637 1779 706 ἀγαθῶν
1810 638 1865 691 δὲ

283 738 507 791 πάντων
552 735 669 788 ἔστι
698 735 757 788 τὸ
799 734 1113 803 κεφάλαιον,
1148 732 1208 785 τὸ
1244 730 1322 802 τῷ
1349 730 1466 801 ἐμῷ
1498 730 1595 801 βίῳ
1618 730 1677 783 τὸ
1698 730 1867 800 ὄνομα

280 831 379 883 τοῦ
432 827 567 882 Θεοῦ
620 826 1018 891 ἑνδοξάζεσθαι.
1065 826 1278 878 Γένοιτο
1318 823 1363 876 δ’
1400 823 1465 877 ἂν
1500 825 1645 893 ἡμῖν,
1662 824 1726 875 ὲκ
1771 822 1864 875 τοῦ

281 920 531 974 ἐναντίου
568 916 935 988 προτιμοτέρα
959 918 991 986 ή
1018 917 1216 967 ἔννοια.

1975 634 2209 704 alicujus
2240 634 2662 706 acquisitionem
2694 635 2933 691 humana
2961 643 3159 691 natura
3189 635 3261 691 sit
3281 622 3307 703 ,’
3342 634 3551 690 idcirco

1976 728 2112 782 nihil
2145 727 2305 783 nobis
2350 727 2670 799 contingere
2699 730 2875 799 possit
2905 743 3129 794 eorum,
3165 743 3287 799 quae
3330 727 3552 782 allecta-

1974 836 2129 881 miis,
2165 819 2270 875 nisi
2302 815 2552 874 divinum
2584 821 2850 876 auxilium
2890 821 3097 877 bonum
3128 822 3182 876 in
3215 820 3376 876 nobis
3420 834 3554 873 con-

1974 911 2164 966 ﬁciat?
2202 910 2373 965 Porro
2403 920 2567 981 caput
2600 913 2844 967 omnium
2886 913 3155 968 honorum
3204 919 3318 975 est,
3364 909 3410 966 si
3456 924 3553 980 per

281 1028 465 1068 meam
498 1013 662 1064 vitam
693 1025 890 1063 nomen
925 1009 1015 1063 Dei
1053 1009 1409 1079 glorilieetur.
1440 1006 1649 1063 Poterit
1680 1016 1859 1061 autem
1901 1006 2059 1062 nobis
2088 1022 2151 1061 ex
2187 1007 2469 1061 contrario
2504 1007 2720 1076 planior
2753 1007 2870 1062 ﬁeri
2900 1006 3231 1062 intellectus.

359 1193 611 1247 Ἦκουσά
653 1210 754 1245 που
806 1191 905 1260 τῆς
959 1190 1120 1259 ἁγίας
1164 1190 1388 1262 Γραφῆς
1438 1188 1871 1259 κατακρινούσης

279 1287 561 1349 ἐκείνους,
599 1285 648 1339 οἳ
696 1284 796 1354 τῆς
825 1283 965 1336 κατά
1012 1283 1106 1335 τοῦ
1140 1282 1276 1335 Θεοῦ
1320 1282 1667 1353 βλασφημίας
1702 1282 1869 1335 αἴτιοι

280 1380 547 1447 γίνονται.
594 1376 738 1427 Οὐαὶ
789 1375 919 1445 γὰρ,
955 1375 1119 1443 φησὶ,
1165 1373 1251 1426 δι’
1301 1373 1409 1438 οὓς
1436 1374 1502 1425 τὸ
1540 1373 1725 1443 ὄνομά
1750 1391 1869 1441 μου

274 1467 729 1537 βλασφημεῖται
771 1466 841 1519 ἐν
884 1466 1011 1531 τοῖς
1054 1466 1294 1519 Mrem!
1327 1465 1496 1519 Τοῦτο
1534 1467 1592 1519 δὲ
1628 1465 1865 1520 τοιοῦτόν

276 1564 450 1615 ἐστιν·
492 1561 553 1612 Οἱ
611 1560 777 1629 μήπω
831 1557 1358 1629 πεπιστευκότεςτῷ
1397 1558 1541 1628 λόγῳ
1596 1558 1695 1627 τῆς
1732 1557 1865 1627 ἀλη-

277 1654 455 1716 θείας,
509 1653 644 1722 πρὸς
688 1652 780 1705 τὸν
832 1651 944 1721 βίον
976 1650 1085 1704 τῶν
1118 1652 1605 1723 παραδεδεγμένων
1637 1652 1737 1721 τὴν
1764 1650 1859 1704 τοῦ

282 1742 591 1813 μυστηρίου
623 1739 805 1793 πίστιν
829 1740 1250 1794 ἀποσκοποῦσιν.
1281 1741 1449 1793 Ὅταν
1470 1740 1648 1793 τοίνυν
1674 1741 1734 1792 τὸ
1766 1740 1863 1810 μὲν

273 1836 451 1905 ὃνομα
496 1834 593 1903 τῆς
642 1833 873 1895 πίστεως
922 1832 979 1884 ἐν
1006 1848 1146 1885 τισιν
1180 1826 1238 1904 ᾗ,
1268 1832 1296 1884 ὁ
1326 1830 1381 1883 δὲ
1418 1829 1531 1899 βίος
1570 1828 1863 1899 ἀντιφθέγ-

275 1944 445 1996 γηται
484 1924 563 1995 τῷ
605 1924 861 1994 ὀνόματι,
905 1923 938 1995 ἢ
982 1923 1071 1977 διὰ
1100 1920 1414 1986 πλεονεξίας
1441 1919 1860 1991 είδωλολατρῶν,

272 2018 311 2089 ἢ
342 2022 401 2073 ὲν
429 2017 619 2088 μέθαις
645 2018 739 2070 καὶ
768 2014 977 2086 κώμοις
1005 2014 1354 2085 ἀσχημονῶν,
1395 2015 1492 2066 καὶ
1519 2014 1595 2084 τῷ
1618 2014 1863 2083 βορϐόρῳ

272 2110 378 2179 τῆς
421 2109 659 2173 ἀσωτίας
704 2108 794 2172 ὑὸς
837 2108 992 2178 δίκην
1036 2106 1549 2176 ὲγκαλινδούμενοςσ
1579 2104 1865 2176 πρόχειρος

273 2202 443 2265 εὐθὺς
465 2202 616 2269 παρά
662 2200 771 2253 τῶν
808 2200 1051 2255 ἀπίστων
1082 2202 1110 2252 ό
1136 2199 1325 2267 λόγος,
1357 2200 1456 2251 οὐκ
1493 2199 1574 2261 εἰς
1603 2200 1703 2268 τὴν
1732 2214 1865 2267 προ-

272 2292 494 2363 αίρεσιν
525 2284 635 2343 τῶν
670 2290 857 2353 κακῶς
884 2289 961 2361 τῷ
992 2290 1091 2361 βίῳ
1117 2289 1474 2361 κεχρημένων
1499 2289 1597 2359 τὴν
1628 2305 1864 2358 κατηγοο

274 2384 403 2455 ρίαν
426 2383 667 2453 τρέπων,
703 2382 818 2436 ἀλλ’
862 2382 937 2445 ὡς
965 2381 1191 2434 τοιαῦτα
1235 2381 1493 2452 πράττειν
1523 2381 1618 2433 τοῦ
1661 2397 1865 2450 μυστη-

279 2473 401 2543 ρίου
430 2470 775 2535 διδάσκοντος
795 2490 809 2502 ·
842 2473 917 2543 μὴ
961 2471 1069 2543 γὰρ
1101 2472 1166 2524 ἂν
1200 2470 1448 2539 γενέσθαι
1478 2472 1569 2523 τὸν
1599 2470 1743 2522 δεῖνα
1771 2469 1862 2523 τὸν

270 2565 345 2619 τά
377 2565 495 2619 θεῖα
526 2565 879 2635 μεμυημένον
919 2565 1214 2635 μυστήρια,
1250 2564 1283 2634 ἢ
1310 2563 1567 2634 λοίδορον,
1610 2555 1643 2633 ἢ
1674 2562 1864 2615 πλεον-

272 2658 464 2727 έκτην,
501 2657 534 2726 ἢ
571 2656 826 2727 ἅρπαγα,
874 2655 907 2725 ἢ
943 2654 1071 2707 ἄλλο
1113 2672 1165 2707 τι
1198 2654 1440 2707 τοιοῦτον
1467 2654 1664 2719 κακὸν,
1708 2655 1755 2706 εί
1789 2652 1863 2725 μὴ

274 2749 505 2819 ἔννομον
528 2749 711 2811 αὐτοῖς
738 2748 796 2801 τὸ
832 2749 1164 2817 ἁμαρτάνειν
1204 2743 1293 2817 ἦν,
1320 2747 1407 2801 διά
1434 2746 1593 2799 τοῦτο
1622 2746 1864 2818 χαλεπὴν

279 2842 397 2902 τοῖς
427 2838 689 2902 τοιούτοις
715 2839 944 2910 ἀπειλὴν
968 2841 996 2892 ό
1021 2839 1191 2906 Λόγος
1214 2839 1627 2893 ὲπανατείνεται
1691 2836 1868 2907 λέγων

272 2930 508 2992 ἐκείνοις
577 2924 717 2982 εἶναι
781 2929 873 2989 τὸ,
896 2929 1039 2983 Οὐαί
1095 2928 1171 2980 δι’
1220 2928 1327 2994 οὓς
1392 2928 1459 2981 τὸ
1510 2926 1699 2996 ὄνομά
1742 2943 1863 2996 μου

268 3022 727 3091 ,βλασφημεῖται
770 3022 839 3075 ἐν
867 3021 990 3088 τοῖς
1013 3021 1278 3076 ἔθνεσιν.
1306 3022 1367 3075 Εἰ
1389 3020 1452 3090 δὴ
1482 3019 1642 3073 τοῦτο
1680 3020 1863 3092 νενόη-

270 3132 398 3178 ται,
450 3115 641 3184 καιρὸς
681 3114 748 3167 ἂν
799 3114 915 3183 εἴη,
956 3113 1018 3166 τὸ
1055 3114 1120 3166 ὲκ
1150 3112 1245 3166 τοῦ
1291 3111 1535 3167 ἐναντίου
1574 3111 1863 3181 λεγόμενον

2039 1192 2233 1246 Audivi
2260 1192 2459 1247 alicubi
2485 1207 2698 1245 sacram
2721 1190 3062 1260 Scripturam
3089 1188 3548 1243 condemnantem

1967 1283 2111 1349 illos,
2157 1286 2249 1354 qui
2301 1285 2356 1338 in
2396 1300 2563 1340 causa
2597 1291 2748 1347 sunt,
2802 1293 2861 1336 ut
2891 1282 3002 1336 Deo
3036 1282 3392 1336 obtrectetur.
3439 1278 3551 1343 νω.

1966 1374 2165 1445 inquit,
2194 1385 2406 1444 propter
2442 1392 2571 1445 quos
2618 1392 2805 1429 nomen
2840 1390 3012 1428 meum
3046 1376 3186 1427 male
3215 1374 3363 1425 audit
3410 1375 3552 1429 inter

1966 1478 2142 1537 gentes
2167 1470 2245 1521 "!
2279 1468 2392 1523 Hoc
2426 1476 2606 1522 autem
2641 1468 2748 1523 tale
2763 1466 3005 1533 estzQui
3036 1467 3276 1521 nonduin
3309 1467 3551 1523 sermoni

1966 1563 2213 1617 veritatis
2261 1562 2647 1625 crediderunt,
2698 1576 2891 1615 eorum
2943 1560 3037 1631 qui
3088 1558 3248 1613 ﬁdem
3306 1559 3552 1629 mysterii

1967 1661 2320 1722 acceperunt,
2372 1654 2537 1707 vitam
2578 1652 2902 1721 inspiciunt,
2948 1660 3004 1706 et
3049 1650 3363 1705 observant.
3412 1648 3551 1702 Cum

1966 1744 2134 1813 igitur
2164 1760 2362 1799 nomen
2396 1744 2616 1814 quidem
2647 1743 2767 1799 ﬁdei
2810 1743 2863 1797 in
2904 1743 3182 1812 aliquibus
3222 1740 3407 1802 fuerit,
3440 1741 3551 1793 vita

1965 1852 2095 1891 vero
2114 1838 2320 1891 nomini
2341 1838 2497 1907 quasi
2516 1837 2677 1905 obloq
2688 1844 2848 1889 uatur
2865 1844 3029 1905 atque
3046 1842 3330 1904 repugnet,
3347 1835 3551 1902 quippe

1965 1928 2048 1983 vel
2083 1945 2181 1998 per
2224 1929 2512 1983 avaritiam
2560 1929 2986 1983 simulacrorum
3025 1927 3194 1980 cultui
3227 1925 3430 1987 dedita,
3467 1926 3551 1979 vel

1963 2019 2292 2074 ebrietatum
2341 2027 2393 2073 et
2444 2011 2911 2074 comessationum
2942 2015 3284 2085 turpitudine
3320 2015 3549 2076 foedata,

1964 2118 2019 2166 et
2046 2127 2195 2165 more
2246 2111 2366 2166 suis
2402 2110 2454 2163 in
2487 2110 2604 2165 luto
2635 2110 2867 2164 luxuriae
2914 2109 3214 2164 immersa:
3268 2108 3456 2162 statim
3494 2108 3552 2161 in

1964 2210 2219 2273 promptu
2265 2202 2569 2257 inﬁdelium
2622 2215 2807 2257 sermo
2833 2206 2939 2261 est,
2976 2214 3084 2253 non
3116 2198 3172 2253 in
3213 2199 3549 2252 voluntatem

1964 2300 2018 2348 et
2047 2293 2359 2355 institutum
2404 2307 2618 2354 eorum,
2654 2290 2747 2360 qui
2782 2291 2884 2344 hoc
2922 2289 3130 2347 smculo
3164 2288 3552 2344 facultatibus-

1966 2400 2072 2455 que
2117 2386 2258 2439 male
2296 2391 2549 2448 utuntur,
2583 2381 2678 2438 sed
2712 2382 2765 2435 in
2816 2381 3159 2452 mysterium,
3203 2380 3364 2452 quasi
3419 2380 3552 2434 talia

1966 2475 2147 2531 facere
2188 2475 2402 2538 doceat,
2452 2472 2896 2526 criminationem
2929 2483 3182 2527 vertens:
3241 2486 3349 2525 non
3402 2472 3551 2526 enim

1965 2568 2117 2622 illum
2158 2574 2213 2622 et
2259 2567 2434 2629 illiilli,
2470 2564 2562 2634 qui
2605 2564 2810 2618 divinis
2843 2564 3123 2634 mysteriis
3164 2564 3416 2619 initiatus
3452 2565 3549 2627 sit,

1969 2659 2050 2713 vel
2077 2657 2518 2722 convitiatorem,
2555 2656 2637 2709 vel
2668 2654 3040 2709 fraudatorem
3090 2661 3140 2708 cl
3174 2669 3424 2717 avarum,
3459 2655 3547 2709 vel

1964 2758 2261 2821 raptorem,
2298 2751 2383 2804 vel
2423 2749 2608 2818 aliquo
2638 2748 2747 2803 alio
2775 2748 2868 2803 tali
2900 2747 3034 2801 vitio
3073 2747 3373 2802 obnoxium
3405 2749 3554 2802 lutu-

1963 2857 2084 2895 rum
2118 2841 2308 2906 fuisse,
2350 2841 2455 2896 nisi
2498 2856 2730 2910 peccare
2762 2841 2971 2895 licitum
3005 2841 3085 2894 eis
3110 2849 3278 2903 esset,
3298 2849 3553 2909 propter-

1963 2946 2026 2987 ca
2055 2948 2248 3002 graves
2288 2937 2465 2988 minas
2514 2933 2717 2986 talibus
2770 2932 3056 3001 Scriptura
3107 2932 3379 2998 intentat,
3419 2933 3549 2987 dum

1965 3023 2133 3077 dicit:
2166 3050 2167 3053 η
2197 3022 2287 3078 Va:
2325 3025 2460 3085 illis,
2492 3040 2585 3092 per
2617 3040 2748 3093 quos
2790 3040 2977 3077 nomen
3008 3039 3179 3076 meum
3224 3024 3365 3077 male
3402 3026 3553 3077 audit

1965 3116 2101 3170 inter
2127 3126 2323 3186 gentes.
2361 3116 2417 3170 Si
2470 3116 2633 3187 igitur
2672 3116 2775 3169 hoc
2816 3116 3151 3171 intellectum
3196 3125 3301 3177 est,
3333 3124 3553 3187 tempus

271 3205 631 3273 κατανοῆσαι.
689 3201 957 3273 Εὔχεσθαι
997 3202 1103 3275 γὰρ
1140 3205 1247 3272 πρό
1287 3222 1352 3273 γε
1411 3204 1628 3257 πάντων
1697 3199 1852 3274 οἶμαι

1966 3208 2148 3270 fuerit.
2198 3208 2252 3262 id
2299 3209 2445 3279 quod
2489 3225 2554 3264 ex
2588 3209 2868 3264 contrario
2899 3207 3122 3269 dicitur,
3174 3208 3548 3263 considerare.

271 3295 508 3363 χρῆναι,
567 3295 659 3346 καὶ
702 3292 861 3345 τοῦτο
900 3294 1169 3347 ποιεῖσθαι
1206 3295 1306 3365 τῆς
1347 3296 1657 3366 προσευχῆς
1687 3295 1747 3348 τὸ
1773 3313 1863 3347 κε-

272 3385 541 3453 φάλαιον,
578 3385 639 3438 τὸ
686 3386 759 3456 μὴ
794 3386 1231 3457 βλασφημεῖσθαι
1276 3390 1334 3440 ὲν
1383 3387 1459 3456 τῷ
1500 3386 1617 3457 ὲμῴ
1649 3388 1745 3458 βίῳ
1783 3386 1864 3457 τῷ

273 3477 507 3546 ὀνόματι
547 3476 641 3529 τοῦ
691 3477 847 3540 Θεοῦ,
883 3478 1018 3531 ἀλλά
1046 3478 1363 3543 δοξάζεσθαι
1394 3480 1488 3532 καὶ
1518 3478 1858 3546 ἀγιάζεσθαι.

290 3571 382 3622 Ἐν
416 3570 539 3640 ἐμοὶ
572 3564 686 3635 οὖν,
741 3572 927 3640 φησὶν,
972 3570 1288 3640 ἁγιασθήτω
1325 3571 1386 3624 τὸ
1438 3571 1731 3641 ἐπικληθὲν
1769 3588 1858 3641 μοι

271 3661 367 3713 ὖνο
374 3678 451 3729 μα
467 3662 563 3731 τῆς
584 3660 680 3730 σῆς
706 3660 760 3712 δε
769 3662 1043 3725 σποτείας,
1064 3663 1256 3727 Ὅπως
1275 3661 1485 3715 ἴδωσιν
1499 3665 1551 3715 οι
1569 3663 1863 3730 ἄνθρωποι

275 3752 350 3805 τὰ
381 3752 538 3804 καλὰ
568 3753 742 3821 ἔργα,
772 3755 868 3805 καὶ
911 3753 1215 3818 δοξάσωσι
1260 3754 1366 3806 τὸν
1407 3752 1635 3821 Πατέρα
1663 3754 1768 3806 τὸν
1793 3754 1863 3806 ἐν

274 3842 401 3907 τοῖς
429 3842 728 3910 οὐρανοῖς.
773 3842 869 3907 Τίς
918 3844 975 3895 δὲ
1020 3843 1165 3896 οὓτω
1202 3844 1472 3915 θηριώδης
1514 3845 1607 3897 καὶ
1646 3844 1857 3912 ἄλογος,

270 3934 419 3986 ὥστε
453 3934 593 4005 ὀρῶν
617 3937 674 3986 ὲν
696 3937 808 3997 τοῖς
833 3936 1220 3988 πεπιστευκόσι
1240 3935 1358 4004 Θεῷ
1386 3936 1499 4005 βίον
1529 3935 1767 4005 καθαρὸν
1793 3935 1860 3988 δι’

276 4027 485 4097 ἀρετῆς
517 4028 969 4099 κατωρθωμένον,
1006 4029 1219 4082 πάντων
1244 4029 1350 4081 τῶν
1376 4029 1434 4093 ἐξ
1458 4030 1730 4099 ἁμαρτίας
1766 4046 1862 4099 μο-

273 4117 567 4187 λυσμάτων
611 4118 1013 4190 καθαρεύοντα,
1048 4119 1230 4188 πάσης
1264 4119 1361 4189 τῆς
1415 4119 1549 4190 πρὸς
1592 4118 1651 4170 τὸ
1679 4120 1860 4189 χεῖρον

274 4208 537 4271 ὑπονοίας
583 4208 1049 4279 ἀλλοτριούμενον,
1090 4209 1342 4281 λαμπρὸν
1387 4213 1453 4281 τῇ
1472 4209 1857 4286 ,σωφροσύνῃ

274 4300 477 4370 σεμνὸν
520 4304 586 4371 τῇ
630 4302 920 4372 φρονήσει,
952 4302 1206 4374 ἀνδρείας
1233 4303 1428 4373 ἔχοντα
1459 4303 1593 4373 πρὸς
1624 4303 1723 4367 τὰς
1751 4304 1859 4357 τῶν

272 4391 469 4444 παθῶν
515 4391 839 4463 προσϐολὰς,
869 4393 1117 4463 μηδαμοῦ
1148 4398 1266 4458 ταῖς
1289 4397 1625 4465 σωματικαῖς
1652 4395 1859 4465 ἡδυπα-

274 4482 452 4544 θείαις
506 4483 966 4554 μαλακιζόμενον,
1029 4486 1238 4556 τρυφῆς
1314 4487 1409 4538 καὶ
1457 4485 1711 4554 βλακείας
1762 4487 1857 4540 καὶ

1965 3296 2166 3365 Optare
2205 3298 2348 3353 enim
2383 3309 2547 3362 atque
2579 3299 2793 3368 precari
2825 3306 2952 3352 ante
2977 3298 3159 3351 omnia
3196 3300 3417 3365 Opinor,
3467 3309 3552 3353 at-

1964 3402 2071 3457 que
2099 3389 2203 3443 hoc
2232 3390 2498 3445 orationis
2526 3390 2786 3445 constitui
2818 3398 2984 3459 caput
3010 3400 3287 3459 oportere,
3321 3406 3391 3444 ne
3423 3407 3549 3461 pro-

1965 3487 2086 3549 pter
2117 3494 2292 3533 meam
2327 3481 2493 3535 vitam
2531 3495 2729 3535 nomen
2764 3480 2857 3565 pei
2892 3480 3030 3533 male
3059 3480 3266 3545 audiat,
3300 3481 3397 3535 sed
3428 3483 3550 3551 glo-

1963 3571 2211 3627 rificetur
2237 3579 2289 3627 et
2318 3573 2713 3627 sanctiticetur.
2747 3571 2804 3627 In
2834 3588 2919 3628 me
2948 3572 3115 3642 igitur
3149 3573 3547 3637 sanctiﬁcctur,

1964 3662 2163 3732 inquit,
2196 3677 2393 3717 nomen
2432 3672 2539 3717 tute
2567 3662 2983 3723 dominationis,
3020 3662 3165 3731 quod
3203 3679 3233 3715 a
3274 3679 3360 3717 me
3388 3664 3548 3719 invo-

1962 3764 2138 3818 catur,
2169 3765 2229 3807 ut
2258 3754 2465 3808 videant
2496 3755 2732 3807 homines
2772 3754 2909 3807 bona
2948 3771 3125 3822 opera,
3167 3765 3216 3808 et
3247 3756 3551 3825 gloriﬁcent

1964 3838 2201 3903 Patrem,
2219 3841 2402 3910 quiest
2428 3842 2481 3893 in
2503 3840 2645 3894 caelis
2664 3841 2730 3894 ³⁷.
2757 3840 2894 3906 Quis
2917 3850 3098 3895 autem
3122 3852 3205 3897 est
3234 3844 3371 3897 adeo
3399 3845 3549 3899 feriis

1961 3937 2016 3983 et
2050 3931 2276 3984 rationis
2306 3945 2524 3999 expers,
2560 3930 2651 3999 qui
2686 3930 2730 3984 si
2767 3930 2911 3983 inter
2936 3946 3053 3992 eos,
3100 3934 3191 3999 qui
3230 3930 3341 3985 Deo
3367 3935 3549 3988 credi—

1961 4022 2180 4081 derunt.
2215 4021 2395 4074 videat
2427 4021 2588 4074 vitam
2626 4037 2836 4090 puram,
2866 4037 2987 4089 quae
3015 4037 3112 4091 per
3140 4023 3398 4079 virtutem
3431 4028 3549 4080 exi—

1962 4119 2144 4181 gatur,
2181 4113 2249 4163 ah
2280 4112 2536 4166 omnibus
2580 4112 2789 4180 peccati
2842 4112 3275 4180 inquinamentis
3314 4129 3544 4171 vacuam

1961 4212 2123 4271 atque
2162 4216 2377 4272 puram,
2433 4202 2502 4255 ab
2541 4203 2691 4256 omni
2739 4203 3057 4272 suspicione
3108 4204 3251 4258 mala
3283 4205 3544 4271 alienam,

1962 4295 2317 4364 temperantia
2360 4294 2585 4357 claram,
2636 4294 2924 4363 prudentia
2973 4310 3218 4365 gravem,
3257 4295 3456 4353 fortem
3489 4309 3547 4354 et

1964 4387 2175 4442 ﬁrmam
2202 4387 2466 4442 adversus
2495 4385 2790 4442 aﬂectuum
2821 4402 2887 4441 ac
2923 4388 3403 4456 perturbationum
3436 4389 3547 4443 iiii-

1918 4508 1923 4513 -
1961 4488 2119 4551 pctus
2147 4487 2202 4533 et
2227 4479 2503 4542 incursus,
2530 4477 2780 4548 corporis
2801 4477 3177 4546 voluptatibus
3200 4478 3351 4531 nullo
3378 4478 3546 4534 modo

271 4576 374 4645 τῆς
406 4551 546 4627 κατά
566 4574 655 4627 τὸν
684 4551 853 4643 τῦιρον
876 4551 1205 4647 χαυνότητος
1218 4576 1293 4639 ώς
1319 4577 1399 4629 ὅτι
1425 4551 1657 4646 μάλιστα
1678 4594 1852 4648 κεχω-

1963 4573 2179 4627 mollem
2236 4579 2291 4627 et
2351 4571 2742 4632 eﬂeininatam,
2805 4584 2836 4624 a
2876 4569 3112 4631 deliciis,
3167 4584 3198 4623 a
3244 4578 3463 4641 torpore
3491 4583 3548 4627 et

274 4668 556 4740 ρισμένον,
597 4666 849 4721 τοσοῦτον
889 4668 1181 4738 μετέχοντα
1220 4668 1313 4721 τοῦ
1342 4668 1477 4737 βίου,
1498 4669 1620 4721 ὅσον
1651 4669 1853 4722 ἐπάναο

270 4781 429 4832 γκες,
464 4764 617 4835 ἄκρῳ
662 4761 739 4832 τῷ
792 4761 908 4815 ποδὶ
942 4761 1040 4830 τῆς
1081 4764 1182 4832 γῆς
1238 4759 1592 4830 ὲπιψαύοντα,
1636 4761 1696 4812 οὐ
1735 4765 1852 4824 ταῖς

270 4855 395 4909 καθ’
445 4854 635 4924 ἡδονὴν
666 4852 997 4905 ἀπολαύσεσι
1037 4852 1113 4923 τῷ
1150 4852 1323 4922 γηΐνῳ
1351 4851 1526 4922 τούτῳ
1548 4850 1647 4922 βίῳ
1678 4867 1851 4909 κατα-

271 4947 647 5017 χωννύμενον,
705 4945 819 4999 ἀλλ’
880 4945 1300 5015 ὑπερανεστῶτα
1365 4945 1542 5013 πάσης
1592 4944 1689 5013 τῆς
1733 4944 1852 4995 κατ’

272 5038 525 5107 αἴσθησιν
554 5037 852 5108 γενομένης
881 5037 1119 5107 ἀπάτης,
1158 5036 1410 5106 καὶπρὸς
1434 5036 1533 5107 τὴν
1567 5034 1853 5106 ἀσώματον

272 5131 422 5201 ζωὴν
466 5130 555 5183 διὰ
590 5129 793 5200 σαρκὸς
842 5129 1251 5201 ἁμιλλώμενον,
1308 5130 1403 5183 ἕνα
1433 5129 1664 5182 πλοῦτον
1705 5129 1855 5199 νομί-

271 5222 437 5287 ζοντα
480 5223 580 5289 τὴν
624 5221 724 5290 τῆς
764 5221 967 5291 ἀρετῆς
1003 5222 1215 5292 κτῆσιν,
1261 5222 1389 5292 μίαν
1430 5223 1708 5291 εὐγένειαν
1751 5223 1851 5291 τὴν

272 5313 415 5383 πρὸς
440 5312 532 5364 τὸν
559 5313 691 5363 Θεὸν
715 5312 1040 5382 οἰκειότητα,
1074 5312 1200 5383 μίαν
1240 5312 1394 5378 ἀξίαν
1422 5314 1516 5366 καὶ
1538 5313 1851 5367 δυναστείαν

274 5403 435 5473 μίαν,
487 5400 547 5454 τὸ
590 5405 807 5472 κρατεῖν
849 5402 1074 5466 ἑαυτοῦ,
1107 5403 1198 5455 καὶ
1237 5402 1533 5457 ἀδούλωτον
1573 5399 1710 5457 εἶναι
1739 5406 1852 5467 τοῖς

270 5490 635 5564 ἀνθρωπίνοις
685 5493 1031 5565 παθήμασιν,
1081 5494 1380 5566 ἀχθόμενον
1423 5498 1488 5566 τῇ
1544 5496 1849 5567 παρατάσει

270 5586 368 5653 τῆς
401 5583 494 5637 τοῦ
524 5584 708 5637 ύλικοῦ
753 5585 867 5655 βίου
908 5585 1080 5655 ζωῆς·
1119 5586 1412 5661 σπεύδοντα
1438 5588 1494 5640 δὲ
1518 5587 1771 5658 καθάπερ
1798 5588 1849 5640 ot

268 5674 360 5729 διὰ
389 5675 656 5742 πελάγους
695 5676 1133 5741 κακοπαθοῦντες
1160 5676 1294 5749 πρὸς
1327 5676 1415 5733 τὸν
1438 5676 1630 5748 λιμένα
1652 5694 1851 5731 καταν-

342 5854 391 5890 ⁸⁶
435 5854 539 5911 lsa.
573 5872 665 5923 ιιι,
697 5855 750 5912 5.
827 5856 869 5887 ⁸⁷
913 5854 1098 5910 Matth.
1131 5871 1182 5923 ν,
1214 5854 1298 5908 16.

1962 4667 2195 4737 ignavia,
2248 4680 2278 4720 a
2310 4673 2524 4719 tumore
2559 4664 2734 4718 fastus
2764 4678 2929 4732 quam
2970 4661 3206 4717 maxime
3253 4671 3543 4728 remotam,

1958 4758 2351 4829 temporalibus
2375 4754 2730 4811 facultatibus
2761 4762 2813 4808 et
2841 4753 3051 4823 reliquo
3078 4754 3331 4808 saeculari
3363 4756 3541 4819 cultu.

1958 4860 2219 4922 quantum
2276 4848 2578 4902 necessitas
2635 4846 2933 4907 desideret,
3007 4854 3272 4911 utentem,
3325 4862 3542 4902 summo

1950 4943 2087 5015 pede
2118 4950 2318 4995 terram
2347 4947 2681 5007 tangentem,
2712 4953 2836 5007 qua:
2866 4937 3113 4991 fruendis
3146 4938 3542 5007 percipiendis-

1951 5050 2058 5104 que
2103 5031 2475 5101 voluptatibus
2515 5032 2619 5084 hoc
2651 5039 2829 5085 tei'reo
2859 5031 3064 5084 saeculo
3103 5045 3210 5084 non
3244 5029 3534 5091 obruatur,

1953 5123 2046 5179 sed
2081 5130 2300 5194 superet
2330 5136 2545 5175 omnem
2575 5136 2669 5189 per
2698 5136 2896 5175 seiisus
2932 5120 3232 5175 adhibitam
3262 5118 3535 5183 fraudem,

1954 5232 2049 5286 per
2089 5231 2309 5270 carnem
2340 5228 2464 5267 cum
2500 5215 2823 5282 incorporea
2852 5214 2962 5266 vita
2992 5221 3186 5275 certet,
3221 5227 3361 5266 unas
3394 5210 3539 5265 divi-

1953 5308 2056 5361 tias
2087 5306 2308 5361 virtutis
2340 5321 2473 5377 Opes
2507 5305 2808 5368 existimet,
2841 5320 3003 5359 unam
3039 5303 3407 5368 nobilitatem,
3441 5318 3537 5357 iic-

1952 5399 2345 5454 cessitudinoiii
2402 5413 2525 5452 cum
2573 5397 2702 5459 Deo,
2761 5411 2924 5450 unam
2966 5394 3307 5463 dignitatem,
3365 5409 3533 5448 unum

1952 5498 2312 5561 potentatiim,
2343 5490 2583 5560 seipsum
2615 5490 2669 5544 iii
2699 5496 2971 5559 potestate
3003 5486 3226 5549 habere,
3260 5491 3314 5539 et
3349 5485 3534 5538 huma-

1954 5585 2040 5640 nis
2070 5582 2356 5639 affectibus
2389 5598 2496 5637 non
2544 5583 2773 5643 servire,
2806 5594 2928 5650 quae
2960 5578 3323 5650 productione
3358 5585 3534 5631 mate-

1955 5676 2108 5733 rialis
2144 5676 2306 5737 huius
2346 5673 2530 5731 saeculi
2560 5674 2683 5727 vita?
2712 5672 2891 5725 doleat
2934 5681 2988 5726 et
3029 5677 3283 5741 angatur,
3318 5669 3534 5725 stuileat
