4004 6484
611 409 750 466 1155

1831 415 1892 472 s.
1921 413 2246 472 GREGORII
2303 415 2594 472 NYSSENI
3643 439 3735 500 μεθ

611 537 792 577 autem
841 529 1006 594 atque
1051 525 1278 589 nitatur,
1325 527 1780 596 quemadmodum
1815 531 1912 596 illi,
1973 533 2064 602 qui
2121 534 2178 587 in

2281 536 2442 604 τῆσαι
2464 535 2565 606 τῆς
2579 535 2960 599 ἀναπαύσεως.
2983 535 3079 599 Τίς
3103 535 3279 588 τοίνυν
3303 538 3386 591 τὸν
3404 539 3604 598 τοιοῦτον
3627 550 3742 620 δρᾶη,

611 612 748 665 mari
801 619 1068 667 vexantur
1119 621 1284 684 atque
1331 617 1664 688 afﬂiguntur,
1711 635 1908 691 capere
1961 631 2179 692 portum

609 702 898 773 requietis.
927 702 1060 769 Quis
1091 705 1256 775 igitur
1279 707 1325 762 si
1357 707 1520 762 talem
1547 709 1748 781 videat,
1779 725 2000 774 nomen,
2037 712 2179 781 quod

611 795 680 848 ab
706 794 976 864 ejusmodi
1016 795 1122 849 vita
1177 798 1483 862 invocetur,
1527 779 1636 854 non
1667 801 1974 870 glorificet?
2031 779 2182 868 Quo-

605 887 758 942 circa
807 889 900 956 qui
951 889 1006 943 in
1051 893 1300 946 oratione
1360 893 1516 958 dicit,
1573 893 1946 962 Sanctiﬁcetur
1993 914 2182 950 nomen

610 987 779 1044 tuum,
812 981 864 1034 vi
895 981 1184 1036 verborum
1219 983 1334 1038 haec
1371 993 1530 1038 orat:
1579 987 1782 1040 Auxilii
1821 987 1894 1040 tui
1931 989 2182 1056 praesidio

609 1077 774 1138 atque
802 1071 1116 1140 adjumento
1147 1073 1269 1128 fiam
1311 1077 1806 1146 irreprehensibilis
1840 1089 1894 1134 et
1935 1079 2180 1150 inculpa-

609 1171 717 1225 tus,
738 1163 942 1232 justus,
965 1165 1089 1235 pius
1113 1185 1126 1222 :
1156 1169 1458 1223 abstineam
1478 1171 1546 1224 ab
1569 1173 1715 1226 omni
1739 1173 1882 1227 malo
1905 1173 2174 1230 facinore:

604 1254 840 1325 loquens
887 1257 942 1310 id
985 1260 1132 1328 quod
1159 1276 1371 1329 verum,
1404 1262 1610 1319 faciens
1657 1266 1802 1335 quod
1827 1265 2036 1334 justum
2073 1267 2178 1322 sit:

607 1345 664 1400 in
693 1350 1019 1407 rectitudine
1053 1353 1360 1417 ambulans,
1415 1357 1770 1426 temperantia
1805 1359 2058 1420 illustris.
2093 1360 2180 1414 in.

603 1440 863 1509 tegritate
893 1443 1200 1508 decoratus,
1229 1448 1494 1518 sapientia
1523 1457 1686 1517 atque
1705 1449 1989 1520 prudentia
2018 1468 2182 1507 orna-

562 1537 570 1546 '
603 1539 732 1612 tus,
763 1535 828 1588 ad
862 1553 1058 1607 supera
1098 1539 1370 1608 aspirans,
1405 1548 1618 1596 terrena
1651 1541 1984 1612 despiciens,
2019 1544 2180 1600 insti-

604 1607 744 1680 tutis
794 1627 1052 1695 angelicae
1089 1629 1211 1683 vitae
1265 1631 1598 1686 clarescens.
1652 1631 1777 1687 Haec
1818 1645 1870 1688 et
1911 1634 2180 1700 ejusmodi

605 1713 792 1770 brevis
821 1716 936 1770 haec
987 1719 1178 1786 petitio
1204 1721 1472 1785 continet,
1505 1737 1628 1792 quae
1661 1737 1756 1792 per
1783 1724 2084 1778 orationem
2115 1725 2182 1780 ad

605 1802 776 1858 Deum
813 1805 986 1860 dicit:
1040 1807 1417 1879 Sancti/iretur
1456 1829 1640 1866 nomen
1671 1823 1838 1866 tuum.
1889 1813 2006 1868 Non
2035 1816 2178 1869 enim

2281 626 2340 678 ού
2389 625 2585 701 δοξάξῃ
2620 628 2680 680 τὸ
2717 627 2886 699 ὄνομα
2936 627 2998 680 τὸ
3037 627 3442 698 ὲπικεκλημένον
3482 633 3548 704 τῷ
3581 641 3746 712 τοιούτῳ

2285 720 2414 790 βίῳ;
2450 717 2658 772 Οὐκοῦν
2701 719 2759 771 ὲν
2807 719 2872 790 τῇ
2919 720 3191 791 προσευχῇ
3230 717 3412 785 λέγων,
3465 720 3750 792 Ἁγιασθήτω

2281 811 2349 866 τὸ
2387 811 2574 882 ὄνομά
2599 827 2738 875 σου,
2769 811 2827 865 ὲν
2849 813 2972 882 ἐμοὶ
2999 811 3173 864 ταῦτα
3207 813 3272 881 τῇ
3297 811 3499 884 δυνάμει
3521 817 3610 868 τῶν
3639 819 3750 890 λεγο-

2287 904 2462 972 μένων
2508 901 2892 972 προσεύχεται·
2929 901 3192 972 Γενοίμην
3236 903 3298 971 τῇ
3336 904 3568 976 συνεργίᾳ
3585 907 3662 976 τῆς
3681 911 3750 981 σῆς

2285 991 2565 1063 βοηθείας,
2598 992 2904 1063 ἄμεμπτος,
2947 991 3168 1053 δίκαιος,
3205 989 3464 1063 θεοσεϐὴς,
3496 995 3752 1065 ἀπεχόμενος

2282 1081 2390 1134 ἀπὸ
2436 1080 2634 1144 παντὸς
2680 1079 2915 1152 πονηροῦ
2967 1080 3318 1150 πράγματος,
3360 1079 3516 1134 λαλῶν
3542 1084 3751 1154 ἀλήθειαν,

2281 1173 2644 1244 ἐργαζόμενος
2679 1173 3047 1244 δικαιοσύνην·
3087 1175 3144 1224 ὲν
3177 1170 3422 1243 εύθύτητι
3452 1177 3751 1246 πορευόμενος,

2281 1271 2348 1338 τῇ
2381 1267 2697 1338 σωφροσύνῃ
2745 1267 2996 1336 λάμπων,
3034 1267 3098 1335 τῇ
3132 1263 3398 1336 ἀφθαρσίᾳ
3432 1267 3752 1338 κοσμούμενος,

2281 1361 2348 1429 τῇ
2380 1359 2539 1428 σοφίᾳ
2567 1358 2660 1412 καὶ
2679 1361 2742 1428 τῇ
2777 1358 3031 1428 φρονήσει
3058 1355 3536 1426 καλλωπιζόμενος,
3587 1359 3642 1412 τὰ
3678 1363 3756 1416 ἀνω

2281 1450 2515 1523 φρονῶν,
2545 1449 2652 1504 τῶν
2686 1451 2890 1520 γηΐνων
2929 1447 3232 1521 ὑπερορῶν,
3261 1451 3375 1512 ταῖς
3399 1449 3666 1517 manu;
3688 1470 3756 1506 πο-

2281 1543 2508 1608 λιτείαις
2563 1541 3090 1612 ὲλλαμπρυνόμενος.
3143 1539 3327 1593 Ταῦτα
3375 1541 3460 1592 καὶ
3499 1542 3558 1594 τὰ
3594 1545 3756 1598 τοιαῦτα

2283 1633 2526 1707 περιέχει
2573 1635 2606 1705 ἡ
2656 1633 2882 1705 βραχεῖα
2927 1632 3140 1703 αἴτησις
3185 1631 3353 1701 αῦτη,
3396 1633 3426 1700 ἡ
3473 1631 3665 1699 λέγουσα
3699 1633 3759 1686 διὰ

2282 1729 2586 1799 προσευχῆς
2615 1727 2690 1798 τῷ
2719 1727 2866 1796 Θεῷ.
2903 1727 2982 1778 ὅτι
3007 1725 3064 1776 Ἀ
3075 1721 3365 1794 γιασθήτω
3389 1722 3451 1776 τὸ
3479 1722 3636 1792 ὄνομά
3660 1739 3757 1780 σου.

2283 1820 2360 1876 Οὐ
2386 1819 2494 1891 γάρ
2522 1821 2666 1872 ἐστιν
2693 1818 2869 1882 άλλως
2895 1816 3116 1872 δυνατὸν
3149 1817 3206 1868 ὲν
3237 1813 3494 1884 ἀνθρώπῳ
3515 1814 3760 1885 δοξασθῆνοι

605 1895 768 1948 aliter
821 1911 918 1965 per
969 1897 1246 1954 hominem
1290 1899 1433 1956 Deus
1479 1901 1768 1972 glurilicari
1821 1910 2019 1972 potest,
2075 1903 2178 1958 nisi

2283 1912 2432 1974 Θεὸν,
2460 1890 2534 1983 μὴ
2560 1911 2662 1980 τῆς
2694 1912 2811 1964 κατ’
2839 1909 2998 1964 αὐτὸν
3027 1907 3224 1978 ἀρετῆς
3252 1908 3318 1978 τῇ
3341 1903 3454 1977 θείᾳ
3479 1906 3668 1977 δυνάμει
3693 1907 3762 1978 τὴν

603 1986 784 2043 virtus
819 1989 938 2058 ejus
971 1997 1222 2054 testetur,
1263 1991 1503 2047 divinam
1539 1993 1834 2062 potentiam
1881 2001 2044 2064 atque
2071 1995 2183 2048 vir-

601 2087 776 2134 tutem
807 2096 932 2136 esse
961 2097 1183 2136 causam
1221 2083 1512 2140 bonorum.

676 2170 808 2237 Quae
839 2172 1098 2244 deinceps
1124 2177 1372 2246 sequitur
1403 2177 1616 2246 petitio,
1645 2193 1874 2248 regnum
1905 2177 2000 2233 Dei
2030 2185 2184 2248 optat

605 2263 890 2318 advenire.
927 2265 1190 2336 Nunquid
1235 2282 1384 2322 nunc
1411 2283 1594 2338 regem
1629 2269 1744 2324 fieri
1778 2271 1896 2324 vult
1941 2270 2180 2324 universi

603 2369 812 2424 regem,
862 2359 955 2426 qui
991 2373 1206 2430 semper
1249 2369 1354 2422 est,
1401 2359 1545 2429 quod
1578 2361 1700 2416 est?
1745 2362 1837 2438 qui
1866 2361 1931 2415 ad
1963 2375 2180 2414 onmem

607 2450 970 2505 mutationem
1007 2451 1196 2507 firmus
1223 2459 1277 2506 et
1325 2452 1618 2507 immobilis
1651 2455 1775 2508 est?
1806 2455 1898 2524 qui
1936 2469 2044 2508 non
2085 2469 2174 2523 po-

601 2547 716 2594 test
755 2545 992 2610 reperire
1031 2544 1224 2599 melius
1270 2545 1589 2614 quidquam,
1627 2546 1680 2599 in
1724 2546 1868 2615 quod
1901 2549 2182 2602 transeat?

605 2630 750 2696 Quid
783 2633 951 2702 igitur
983 2633 1089 2688 sibi
1125 2635 1241 2687 vult
1269 2636 1501 2704 optatio,
1530 2651 1650 2706 quae
1679 2652 1904 2706 regnum
1933 2637 2026 2690 Dei
2060 2651 2182 2690 evo-

603 2721 732 2775 cat?
759 2724 838 2775 Ac
862 2737 1046 2776 veram
1075 2724 1294 2790 quidem
1329 2725 1493 2794 hujus
1523 2727 1600 2779 rei
1635 2727 1900 2780 rationem
1930 2728 2182 2782 noverint

575 2813 682 2866 illi
715 2814 918 2882 quibus
949 2815 1176 2883 spiritus
1207 2817 1456 2872 veritatis
1499 2819 1714 2872 occulta
1746 2823 1998 2890 mysteria
2031 2835 2180 2875 reve-

605 2902 682 2957 lat
712 2919 726 2956 :
757 2917 858 2958 nos
893 2915 1072 2958 autem
1122 2905 1389 2974 ejusmodi
1427 2908 1496 2962 de
1529 2907 1631 2962 hoc
1674 2908 1820 2964 dicto
1867 2910 2178 2978 opinionem

603 3004 772 3066 atque
805 2997 1134 3052 sententiam
1193 2997 1456 3052 habemus
1489 3016 1505 3052 :
1533 2998 1650 3053 Una
1693 3000 1856 3052 rebus
1911 2999 2180 3054 universis

605 3088 1029 3158 superimposita
1066 3097 1150 3142 est
1176 3103 1239 3142 ac
1269 3091 1523 3160 prtesidet
1553 3107 1678 3147 vera
1713 3101 1956 3162 potestas
1988 3101 2042 3149 et
2071 3094 2180 3148 vir-

571 3213 574 3216 -
601 3189 718 3242 tus,
745 3195 870 3251 (μιαί
897 3182 1271 3236 universitatis
1296 3184 1538 3253 suscepit
1563 3183 1876 3254 imperium,
1908 3196 1962 3241 et
1990 3195 2181 3257 regnat

603 3285 717 3328 non
767 3273 1008 3326 violento
1057 3273 1292 3342 quodam
1329 3284 1496 3343 atque
1550 3277 1833 3345 tyrannico
1871 3287 2178 3346 potentatu.

607 3369 669 3416 ut
695 3377 818 3432 quae
851 3375 996 3418 metu
1023 3379 1088 3418 ac
1115 3363 1520 3418 necessitudine
1556 3365 1658 3418 sub
1685 3365 1971 3436 imperium
2001 3383 2065 3422 ac
2097 3369 2181 3422 di-

603 3455 812 3511 tionem
859 3469 1014 3508 suam
1057 3455 1328 3510 obnoxios
1357 3456 1723 3521 subjunxerit.
1755 3454 2004 3512 Liberam
2034 3459 2177 3512 enim

607 3559 674 3600 ac
703 3559 930 3598 vacuam
963 3545 1032 3598 ab
1057 3544 1206 3598 omni
1231 3556 1376 3600 metu
1409 3546 1722 3616 uulliusque
1739 3546 1983 3603 dominio
2005 3549 2181 3617 subje-

603 3645 750 3690 ctam
775 3636 1032 3690 convenit
1060 3651 1183 3692 esse
1205 3635 1485 3700 virtutem,
1519 3638 1725 3691 lubenti
1754 3637 1939 3692 animo
1977 3639 2178 3694 bonum

603 3727 893 3798 eligentem
945 3734 1110 3797 atque
1161 3735 1503 3782 sumentem:
1567 3735 1732 3799 caput
1779 3739 1958 3785 autem
2001 3731 2179 3786 omnis

603 3821 735 3878 boni
765 3828 872 3882 est,
901 3819 1130 3874 vivillcze
1155 3819 1408 3890 potestati
1440 3819 1716 3874 subditum
1740 3835 1884 3876 esse.
1909 3821 2179 3887 Quoniam

605 3913 776 3984 igitur
797 3913 1033 3966 htunana
1059 3919 1256 3966 natura
1286 3926 1316 3965 a
1342 3911 1470 3966 boni
1499 3911 1710 3980 judicio
1741 3913 1930 3968 fraude
1959 3915 2180 3968 inducta

605 4005 899 4067 aberravit,
933 4012 988 4060 et
1028 4004 1094 4058 ad
1121 4005 1461 4060 contrarium
1497 4015 1744 4061 nostrum
1782 4006 2067 4061 arbitrium
2101 4009 2183 4062 iu-

605 4099 853 4162 clinavit,
909 4109 964 4152 et
1011 4113 1173 4152 omne
1205 4099 1406 4152 malum
1441 4099 1722 4153 hominum
1755 4100 1920 4153 vitam
1957 4100 2178 4164 invasit,

603 4200 661 4247 et
713 4193 769 4246 in
817 4199 1140 4261 potestatem
1182 4205 1337 4246 suam
1381 4189 1620 4261 redegit:
1663 4191 1965 4248 innumeris
2007 4191 2180 4248 modis

605 4293 782 4339 morte
814 4291 1024 4337 natura:
1061 4283 1300 4336 itnmista
1341 4282 1548 4352 (omnis
1588 4283 1732 4338 enim
1767 4283 1986 4338 malitiae
2017 4285 2179 4339 vitio-

609 4378 898 4443 sitatisque
941 4374 1115 4428 forma
1149 4383 1411 4444 tanquam
1465 4377 1547 4429 via
1597 4377 1842 4445 quaedam
1892 4384 1946 4432 et
2001 4377 2180 4434 aditus

605 4467 766 4522 morti
801 4468 1090 4520 adversum
1123 4481 1224 4520 nos
1257 4466 1516 4538 exsistit).
1542 4468 1808 4534 Quoniam
1837 4470 1998 4539 igitur
2029 4470 2179 4540 ejus-

2281 2004 2459 2058 αἰτίαν
2487 2003 2594 2058 τῶν
2617 2001 2832 2072 ἀγαθῶν
2858 1997 3256 2072 μαρτυρούσης.

2361 2187 2420 2240 ’0
2446 2185 2504 2240 δὲ
2532 2184 2726 2256 ἐφεξῆς
2743 2183 2896 2252 λόγος
2923 2181 3020 2254 τὴν
3047 2181 3324 2254 βασιλείαν
3346 2179 3435 2234 τοῦ
3459 2179 3579 2234 Θεοῦ
3605 2181 3763 2252 εὔχεται

2284 2277 2475 2331 ἐλθεῖν.
2499 2273 2645 2348 Ἀρα
2672 2276 2766 2329 νῦν
2791 2275 2930 2340 ἀξιοῖ
2950 2273 3200 2342 γενέσθαι
3231 2271 3452 2342 βασιλέα
3472 2259 3554 2324 τὸν
3576 2271 3654 2324 τοῦ
3672 2289 3768 2324 πον.

2281 2371 2372 2433 τὸς
2398 2369 2647 2440 βασιλέα,
2673 2369 2764 2422 τὸν
2805 2367 2891 2421 ἀεὶ
2933 2366 3060 2420 ὅντα
3089 2367 3226 2435 ὅπερ
3257 2364 3402 2417 ἐστὶν
3420 2403 3434 2426 ,
3457 2363 3540 2416 τὸν
3567 2363 3680 2432 πρὸς
3697 2366 3765 2414 πᾶ-

2285 2480 2384 2515 σαν
2437 2460 2734 2532 μεταϐολὴν
2775 2459 3135 2530 ἀμετάθετον,
3183 2455 3276 2510 τὸν
3315 2457 3410 2510 οὐκ
3441 2455 3609 2526 ἔχοντα
3639 2457 3766 2525 εὑρεῖν

2281 2555 2528 2624 κρεῖττον
2557 2555 2638 2615 εἰς
2659 2553 2686 2604 ὃ
2712 2551 3105 2623 μεταϐήσεται;
3143 2549 3208 2601 Τί
3235 2545 3329 2602 οῦν
3369 2548 3592 2619 βούλεται
3619 2549 3647 2616 ἡ
3674 2547 3766 2616 εὐχὴ

2279 2645 2374 2697 τοῦ
2426 2643 2560 2697 Θεοῦ
2607 2644 2880 2713 βασιλείαν
2925 2642 3332 2712 ὲκκαλουμένη;
3394 2639 3543 2693 Ἀλλὰ
3585 2639 3660 2692 τὸν
3703 2639 3767 2709 μὲν

2279 2735 2454 2806 ἀληθῆ
2495 2755 2560 2788 πε
2571 2738 2621 2808 ρὶ
2651 2736 2840 2789 τούτου
2879 2735 3034 2804 λόγον
3081 2737 3256 2803 γνοῖεν
3299 2733 3382 2797 ἂν,
3429 2729 3504 2797 οἷς
3531 2733 3585 2786 τὸ
3612 2731 3768 2798 πνεῦμα

2278 2829 2378 2898 τῆς
2403 2827 2659 2898 ἀληθείας
2687 2827 3058 2880 ἀνακαλύπτει
3079 2827 3146 2879 τὰ
3168 2826 3516 2898 κεκρυμμένα
3535 2825 3767 2894 μυστήρια’

2279 2920 2446 2990 ἡμεῖς
2497 2919 2555 2972 δὲ
2597 2918 2848 2989 τοιαύτην
2895 2918 3085 2989 ἔχομεν
3124 2919 3252 2990 περὶ
3285 2918 3376 2970 τοῦ
3409 2917 3560 2988 ῥητοῦ
3583 2915 3664 2984 τὴν
3691 2914 3770 2965 διὰ·

2279 3027 2454 3063 νοιαν·
2487 3009 2600 3063 Μία
2620 3008 2726 3061 τῶν
2755 3007 2970 3062 πάντων
2999 3007 3320 3078 ὑπέρκειται
3352 3009 3385 3077 ἡ
3415 3005 3598 3076 ἀληθὴς
3615 3003 3771 3067 ἐξουσία

2280 3102 2376 3154 καὶ¹
2410 3100 2636 3169 δύναμις
2657 3141 2672 3164 ,
2707 3101 2741 3170 ἡ
2767 3100 2858 3153 τοῦ
2889 3099 3088 3162 παντδς
3113 3097 3504 3167 ἀναδεδεγμένη
3535 3094 3588 3147 τὺ
3609 3095 3771 3162 κράτος.

2281 3196 2376 3248 καὶ
2423 3193 2808 3264 βασιλεύουσα,
2853 3193 2914 3246 ού
2955 3191 3045 3263 βίᾳ
3087 3194 3192 3246 τινὶ
3229 3191 3329 3244 καὶ
3369 3191 3637 3260 τυραννικῇ
3664 3187 3774 3239 δυναο

2285 3286 2466 3358 στείᾳ,
2501 3285 2684 3356 φόϐοις
2713 3286 2808 3339 καὶ
2849 3285 3112 3353 ἀνάγκαις
3149 3283 3488 3348 ὑποζεύξασα
3511 3284 3568 3352 τῇ
3590 3281 3772 3346 ὑποταγῇ

2279 3378 2340 3433 τὸ
2367 3378 2625 3448 ὑπήκοον.
2668 3375 2986 3447 Ἐλευθέραν
3025 3375 3133 3446 γὰρ
3170 3369 3310 3428 εἷναι
3341 3375 3590 3444 προσήκει
3629 3367 3774 3428 παντὸς

2281 3469 2446 3538 φόϐου
2488 3469 2588 3538 τὴν
2617 3469 2818 3540 ἀρετὴν
2851 3467 2945 3520 καὶ
2971 3467 3286 3530 ἀδέσποτον,
3325 3467 3536 3536 ἑκουσίᾳ
3561 3461 3715 3533 γνώμῃ
3735 3462 3774 3512 τὸ

2281 3560 2482 3629 ἀγαθὸν
2509 3559 2838 3632 αἱρουμένην
2857 3575 2870 3590 ·
2911 3558 3114 3628 ἀγαθοῦ
3141 3558 3198 3611 δὲ
3223 3557 3420 3621 παντὸς
3448 3557 3505 3610 τὸ
3529 3553 3772 3623 κεφάλαιον.

2279 3653 2341 3706 τὸ
2391 3651 2495 3706 ὑπὸ
2535 3652 2634 3722 τὴν
2687 3650 2946 3716 ζωοποιδν
2997 3649 3242 3715 ἐξουσίαν
3291 3649 3559 3720 τετάχθαι.
3615 3641 3774 3708 Ἐπειδῆ

2279 3741 2458 3797 τοίνυν
2475 3742 2576 3813 τῆς
2593 3741 2687 3796 τοῦ
2713 3743 2878 3796 καλοῦ
2905 3741 3138 3813 κρίσεως
3167 3739 3516 3812 ἀπεπλανήθη
3537 3737 3598 3790 δι’
3619 3733 3777 3801 ἀπάτης

2280 3837 2314 3906 ὴ
2342 3834 2650 3906 ἀνθρωπίνη
2684 3833 2864 3904 φύσις,
2894 3833 2989 3887 καὶ
3017 3833 3154 3905 πρὸς
3179 3832 3244 3886 τὺ
3269 3832 3502 3886 ἐναντίον
3527 3829 3688 3897 γέγονε
3710 3824 3779 3890 τῆς

2281 3927 2656 3999 προαιρέσεως
2699 3927 2856 3998 ἡμῶν
2883 3929 2915 3997 ἡ
2953 3925 3125 3997 ῥοπὴ,
3158 3926 3254 3979 καὶ
3290 3925 3451 3978 παντὶ
3478 3923 3550 3994 τῷ
3573 3916 3776 3992 χείρονιή

2281 4018 2394 4090 ζωὴ
2419 4019 2528 4072 τῶν
2553 4019 2649 4072 ἀνθ
2659 4018 2852 4091 ρώπων
2883 4017 3262 4090 κατεκρατήθη
3283 4059 3298 4081 ,
3338 4016 3548 4086 μυρίαις
3571 4013 3688 4072 ὁδοῖς
3715 4004 3778 4059 τοῦ

2282 4110 2510 4164 θανάτου
2555 4109 2972 4181 κατακριθέντος
3001 4113 3067 4180 τῇ
3107 4108 3264 4178 φύσει
3287 4125 3300 4138 ·
3331 4109 3477 4160 πᾶσα
3503 4105 3600 4174 γάρ
3633 4097 3780 4156 κακῖας

2285 4202 2398 4255 ἰδέα
2437 4197 2548 4255 οἷόν
2591 4220 2674 4266 τις
2721 4201 2840 4264 ὁδὸς
2879 4201 2957 4271 τῷ
3001 4201 3212 4270 θανάτῳ
3263 4201 3387 4255 καθ’
3431 4198 3578 4270 ἡμῶν
3607 4195 3778 4263 γίνεται.

2294 4295 2508 4365 Ἐπειδὴ
2538 4294 2713 4347 τοίνυν
2743 4297 2809 4364 τῇ
2839 4291 3060 4364 τοιαύτῃ
3097 4293 3369 4364 τυραννίδι
3399 4285 3778 4362 περιεσχέθημεν.

2281 4387 2531 4456 καθάπερ
2559 4387 2775 4456 δημίοις
2813 4387 2952 4439 τισὶν
2993 4387 3026 4453 ἢ
3057 4385 3354 4454 πολεμίοις,
3383 4386 3498 4446 ταῖς
3526 4375 3780 4452 προσϐολαῖς

2282 4480 2391 4532 τῶν
2443 4478 2780 4549 παθημάτων
2829 4479 2906 4549 τῷ
2947 4477 3160 4546 θανάτῳ
3208 4476 3614 4545 δεδουλωμένοι·
3651 4465 3781 4523 καλῶς

603 4557 750 4612 modi
781 4558 1051 4626 tyrannidi
1092 4558 1452 4613 circumventi
1496 4567 1659 4629 atque
1699 4561 1924 4616 obnoxii
1951 4561 2177 4624 fuimus,

2284 4571 2574 4642 εὐχόμεθα,
2617 4571 2708 4624 τοῦ
2756 4571 2891 4624 Θεοῦ
2919 4571 3016 4641 τὴν
3047 4569 3321 4640 βασιλείαν
3361 4568 3446 4636 ἐφ’
3474 4567 3610 4638 ἡμᾶς
3639 4559 3779 4616 ἐλθεῖν.

601 4660 861 4721 tanquam
893 4667 989 4721 per
1028 4649 1313 4706 carniﬁces
1343 4653 1607 4721 quosdam
1642 4655 1723 4708 vel
1752 4654 1954 4718 hostes,
1994 4655 2178 4708 incur-

602 4745 757 4798 sibus
785 4743 1074 4797 affectuum
1100 4755 1262 4815 atque
1281 4746 1752 4815 perturbationum
1779 4747 1832 4800 in
1857 4747 2174 4802 servitutem

601 4849 632 4887 a
663 4842 836 4888 morte
859 4833 1063 4888 redacti
1093 4851 1106 4888 :
1143 4842 1290 4890 recte
1319 4851 1608 4903 precamur
1633 4851 1860 4904 regnum
1887 4835 1976 4890 Dei
2012 4851 2178 4905 super

599 4943 704 4982 nos
739 4929 943 4980 venire.
995 4925 1112 4980 Non
1151 4927 1298 4982 enim
1339 4928 1498 4982 aliter
1538 4943 1760 4998 pravam
1804 4930 2176 5000 corruptionis

601 5027 926 5090 potestatem
979 5033 1180 5073 exuere
1211 5027 1373 5088 atquc
1421 5018 1658 5089 ellugere
1691 5021 2012 5089 poterimus,
2069 5021 2174 5076 nisi

602 5115 816 5169 vivifica
855 5113 1030 5168 virtus
1076 5113 1309 5167 invicem
1352 5113 1406 5166 iu
1446 5113 1602 5168 nobis
1657 5115 1945 5183 imperium
1984 5131 2177 5172 susce-

601 5214 761 5283 perit.
831 5211 888 5266 Si
949 5211 1118 5282 igitur
1180 5227 1403 5280 regnum
1463 5209 1553 5264 Dei
1621 5225 1787 5279 super
1837 5227 1939 5266 nos
1989 5213 2178 5266 venire

601 5305 991 5376 petiverimns,
1049 5303 1164 5357 haec
1201 5303 1253 5356 vi
1297 5301 1586 5357 verborum
1628 5303 1794 5358 Deum
1849 5317 2172 5372 precamur:

598 5399 948 5468 Corruptioni
979 5407 1263 5468 exemptus
1294 5397 1419 5461 sim,
1452 5412 1480 5450 a
1535 5405 1711 5451 morte
1753 5395 2019 5450 liberatus
2048 5396 2174 5458 sim,

599 5491 782 5546 solvar
822 5505 852 5542 a
889 5491 1124 5544 vinculis
1171 5489 1378 5560 peccati
1411 5508 1424 5544 :
1455 5505 1523 5544 ne
1559 5490 1787 5560 posthac
1829 5497 2021 5560 regnet
2056 5505 2175 5543 am-

601 5581 743 5652 plius
779 5581 833 5635 in
876 5597 962 5636 tne
991 5589 1142 5634 mors
1175 5599 1189 5635 :
1223 5597 1292 5636 ne
1327 5582 1567 5651 amplius
1600 5582 1892 5637 adversum
1935 5597 2036 5636 nos
2063 5579 2176 5634 elli-

596 5691 697 5733 cax
735 5675 807 5731 sit
834 5676 1063 5730 malitia:
1087 5675 1517 5744 vitiositatisque
1547 5674 1817 5746 tyrannis,
1865 5689 1933 5728 ne
1968 5689 2176 5744 praeva-

597 5777 706 5824 ,θοι
735 5769 1024 5826 adversmn
1065 5783 1153 5822 me
1187 5767 1382 5834 hostis,
1415 5785 1518 5823 neu
1552 5785 1648 5838 per
1679 5777 1963 5838 peccatum
2000 5768 2177 5837 capti-

595 5875 724 5920 Vum
792 5879 876 5917 me
931 5863 1096 5918 ducat
1139 5880 1152 5915 :
1193 5861 1286 5916 sed
1337 5863 1517 5918 veniat
1573 5877 1736 5932 super
1789 5878 1876 5916 me
1945 5877 2173 5929 regnum

2285 4667 2359 4719 Ού
2381 4666 2490 4737 γὰρ
2517 4665 2660 4720 ἐστιν
2691 4665 2864 4728 ἄλλως
2887 4663 3104 4718 ὲκδύναι
3129 4663 3228 4732 τὴν
3256 4661 3497 4732 πονηρὰν
3522 4659 3611 4728 τῆς
3630 4652 3782 4724 φθορὶς

2281 4757 2618 4814 δυναστείαν.
2673 4757 2746 4827 μὴ
2797 4755 2893 4826 τῆς
2946 4755 3207 4818 ζωοποιοῦ
3251 4754 3530 4825 δυνάμεως
3560 4746 3637 4816 ἐφ’
3670 4739 3784 4815 ἡμῶν

2281 4847 2816 4918 ἀντιμεταλαϐούσης
2867 4847 2928 4899 τὸ
2955 4845 3175 4917 κράτος.
3233 4845 3361 4899 Ἐὰν
3403 4840 3496 4898 οῦν
3539 4839 3688 4893 ἐλθεῖν
3725 4829 3782 4898 ἐφ’

2285 4940 2432 5010 ἡμᾶς
2455 4939 2553 5010 τὴν
2589 4937 2859 5008 βασιλείαν
2907 4935 2998 4990 τοῦ
3045 4936 3178 4989 Θεοῦ
3207 4937 3532 5006 αἰτήσωμεν.
3562 4929 3706 4984 ταῦτα
3739 4923 3784 4990 τῇ

2281 5031 2506 5103 δυνάμει
2530 5031 2621 5084 τὸν
2647 5031 2778 5084 Θεὸν
2809 5029 3136 5100 ἱκετεύομεν·
3186 5026 3573 5096 Ἀπαλλαγείην
3588 5025 3672 5092 τῆς
3696 5016 3786 5084 iis”

2288 5127 2418 5196 ρᾶς,
2455 5123 2875 5195 ἐλευθερωθείην
2918 5123 3010 5176 τοῦ
3061 5123 3290 5176 θανάτου
3312 5161 3326 5185 ,
3361 5122 3542 5182 ἄνετος
3583 5110 3785 5182 γενοίμην

2281 5216 2390 5268 τῶν
2436 5216 2536 5286 τῆς
2579 5215 2848 5286 ἁμαρτίας
2882 5212 3092 5284 δεσμῶν
3112 5230 3126 5244 ·
3157 5212 3349 5284 μηκέτι
3381 5209 3682 5282 βασιλευέτω
3701 5199 3786 5252 κατ’

2283 5305 2416 5380 ἐμοῦ
2455 5309 2484 5360 ὁ
2531 5307 2756 5370 θάνατος
2775 5325 2789 5338 ·
2827 5306 3022 5378 μηκέτι
3049 5305 3267 5376 ἐνεργὸς
3303 5304 3447 5356 ἔστω
3475 5301 3588 5354 καθ’
3611 5293 3737 5368 ἡμῶν

2281 5399 2536 5472 τυραννὶς
2571 5399 2672 5469 τῆς
2719 5401 2947 5462 κακίας,
2995 5399 3088 5451 καὶ
3131 5397 3205 5466 μὴ
3239 5391 3636 5465 κατακρατείτω
3671 5395 3786 5454 μουο

2285 5491 2519 5561 πόλεμος
2537 5535 2550 5554 ,
2589 5491 2726 5561 μηδὲ
2758 5491 2936 5557 ἀγέτω
2989 5506 3052 5558 με
3082 5489 3148 5540 δι’
3177 5485 3446 5558 ἁμαρτίας
3475 5479 3783 5552 αίχμάλωτον·

2284 5585 2397 5638 ἀλλ’
2427 5584 2625 5637 ἐλθέτω
2652 5583 2737 5636 ἐπ’
2767 5583 2864 5653 ἐμὲ
2890 5583 2922 5650 ἡ
2953 5581 3194 5652 βασιλεία
3229 5597 3344 5644 σου,
3384 5579 3472 5630 ἵνα
3517 5567 3782 5664 ὑποχωρήσξῖ

2282 5677 2376 5730 ἀπ’
2424 5675 2588 5747 ἐμοῦ,
2645 5673 2841 5746 μᾶλλον
2879 5675 2936 5728 δὲ
2981 5676 3060 5738 είς
3093 5673 3152 5726 τὸ
3191 5673 3263 5744 μὴ
3293 5671 3352 5730 δν
3387 5663 3712 5740 μεταχωρήσῃ
3735 5667 3781 5752 f1

2283 5768 2376 5822 νῦν
2415 5767 2810 5839 ἐπικρατοῦντα
2855 5767 2948 5819 καὶ
2989 5763 3334 5836 βασιλεύοντα
3390 5760 3550 5828 πάθη.
3602 5755 3675 5813 Ὠς
3705 5755 3782 5814 Υ²Ρ

2283 5857 2521 5911 ἐκλείπει
2545 5857 2749 5920 καπνὸς
2771 5897 2784 5918 ο
2816 5855 2987 5916 οὕτως
3015 5853 3318 5922 ἑκλείψουσι
3340 5869 3354 5884 ·
3397 5851 3488 5904 καὶ
3515 5847 3582 5904 ὡς
3611 5843 3782 5906 τήκεται
