4004 6482
218 412 228 426 ⁸
285 403 418 455 1ιῖὶῖ

1238 392 1323 446 DE
1357 388 1707 447 ORATIONE
1746 386 2091 445 DOMINICA.
2134 417 2206 427 —
2240 385 2502 441 ORATIO
2543 384 2625 442 ΙΙΙ.

3407 374 3541 442 125‘s

278 515 445 586 κηρὸς
470 510 578 563 ἀπὸ
602 510 894 583 προσώπου
926 508 1117 579 πυρὸς,
1145 507 1318 571 οὕτως
1347 509 1695 564 ἀπολοῦνται.
1720 506 1857 562 Οὔτε

1972 514 2141 569 tuum,
2177 514 2237 559 ut
2278 506 2536 560 recedant
2568 514 2622 560 et
2650 511 3034 559 removeantur
3073 518 3102 557 a
3135 519 3243 567 me,
3272 505 3383 561 imo
3409 521 3544 561 vero

278 604 483 665 καπνὸς
511 602 794 671 ἀναχεθεὶς
820 603 899 663 εἰς
926 601 1016 653 τὸν
1045 601 1204 671 ἀέρα,
1245 601 1470 672 σημεῖόν
1506 619 1558 655 τι
1597 604 1696 672 τῆς
1720 601 1857 663 ἰδίας

275 693 632 746 ὑπολείπεται
660 690 904 758 φύσεως,
951 689 1073 742 οὔτε
1113 690 1281 761 κηρὸς
1314 692 1370 742 ἐν
1401 691 1534 760 πυρὶ
1571 690 1857 758 γενόμενος

276 784 359 837 ἔτι
390 784 703 854 εὑρίσκεται
722 797 735 810 ·
768 780 903 835 ἀλλά
935 782 1026 834 καὶ
1058 776 1212 845 οὗτος
1240 782 1338 852 τὴν
1366 782 1537 850 φλόγα
1562 782 1630 834 δι’
1665 781 1857 835 ἑαυτοῦ

278 873 505 944 θρέψας,
535 876 614 936 είς
635 871 803 943 ἀτμὸν
834 872 926 925 καὶ
950 872 1086 942 ἀέρα
1116 872 1468 943 μετεποιήθη,
1496 873 1589 924 καὶ
1613 872 1859 935 ὁκαπνὸς

278 968 361 1029 είς
392 965 629 1035 παντελῆ
668 965 972 1035 ἀφανισμὸν
1016 963 1431 1036 μετεχώρησεν·
1488 965 1659 1030 οὕτως
1692 966 1785 1019 ὲάν
1823 967 1857 1036 ἡ

282 1056 528 1127 βασιλεία.
555 1058 648 1110 τοῦ
680 1057 815 1109 Θεοῦ
848 1055 932 1124 ἐφ’
963 1057 1109 1126 ἡμᾶς
1145 1056 1294 1128 ἔλθῃ,
1324 1058 1503 1111 πάντα
1531 1058 1597 1111 τά
1621 1057 1715 1111 νῦν
1746 1058 1864 1110 ἐπι-

281 1149 619 1221 κρατοῦντα,
673 1148 753 1210 είς
801 1148 1111 1217 ἀφανισμὸν
1172 1149 1578 1219 περιστήσεται.
1634 1150 1708 1202 Ού
1754 1148 1862 1220 γὰρ

284 1241 548 1311 ὑπομένει
592 1240 652 1292 τὸ
690 1236 878 1299 σκότος
913 1237 1011 1308 τὴν
1059 1237 1152 1290 τοῦ
1200 1239 1377 1304 φωτὸς
1427 1238 1761 1310 παρουσίαν·
1800 1240 1860 1291 ού

281 1333 437 1395 νόσος
486 1330 670 1399 ὑγείας
715 1328 1080 1400 ἐπιλαϐούσης
1110 1330 1342 1381 ῖσταται’
1392 1330 1492 1383 οὐκ
1542 1332 1754 1401 ἐνεργεῖ
1795 1330 1862 1383 τά

280 1426 431 1495 πάθη
478 1423 582 1491 τῆς
630 1420 895 1484 ἀπαθείας
939 1421 1240 1492 παρούσης,
1287 1421 1513 1494 φροῦδος
1543 1425 1572 1475 6
1605 1423 1861 1487 θάνατος,

280 1518 494 1587 ἀφανὴς
527 1517 559 1585 ἠ
607 1513 802 1585 φθορὰ,
842 1515 969 1567 ὅταν
1002 1515 1035 1585 ἡ
1060 1514 1171 1584 ζωὴ
1196 1516 1254 1567 ὲν
1292 1517 1422 1585 ημῖν
1450 1514 1740 1588 βασιλεύῃ,
1770 1515 1865 1568 καὶ

280 1608 565 1680 ἀφθαρσία
593 1608 654 1660 τὸ
686 1608 886 1678 κράτος
914 1607 1033 1681 ἔχῃ.
1076 1608 1322 1662 Ἐλθέτω
1346 1610 1383 1677 ἠ
1410 1610 1699 1673 ,ϐασιλεία
1723 1625 1861 1664 σου.

292 1702 353 1755 Ἥ
380 1700 604 1768 γλυκεῖα
634 1700 782 1769 φωνή
805 1715 819 1727 ·
849 1697 915 1749 δι’
953 1691 1021 1768 ἦς
1060 1696 1262 1767 ταύτην
1292 1697 1549 1768 ἄντικρυς
1593 1696 1866 1767 προσάγο-

282 1808 382 1859 μεν
423 1789 499 1860 τῷ
537 1787 655 1857 Θεῷ
685 1787 780 1858 τὴν
808 1786 991 1855 δέησιν
1012 1802 1023 1813 ’
1057 1786 1484 1857 Καταλυθήτωὴ
1513 1788 1860 1857 ἀντικειμένη

280 1881 620 1954 παράταξιςο
660 1878 1011 1949 ἁφανισθήτω
1046 1876 1153 1929 τῶν
1193 1876 1505 1946 ἀλλοφύλων
1542 1880 1575 1949 ἡ
1614 1877 1855 1947 φάλαγξ,
1895 1859 1936 1913 Β

274 1972 625 2044 ἀναιρεθήτω
658 1970 759 2040 τῆς
790 1969 995 2041 σαρκὸς
1038 1971 1066 2022 6
1106 1969 1250 2023 κατά
1293 1970 1386 2023 τοῦ
1421 1970 1729 2041 πνεύματος
1766 1970 1860 2024 πό-

278 2071 476 2142 λεμης.
523 2069 596 2139 μὴ
642 2066 782 2120 ἔστω
822 2066 883 2118 τὸ
923 2065 1080 2137 σῶμα
1119 2065 1211 2119 τοῦ
1255 2065 1509 2137 πολεμίου
1544 2068 1643 2137 τῆς
1682 2066 1860 2137 ψυχῆς

272 2163 651 2235 -ῦρμητήριον,
693 2160 1009 2229 ἐπιφανήτω
1044 2176 1132 2229 μοι
1167 2159 1417 2230 βασιλικὴ
1459 2159 1776 2221 δυναστεία,
1823 2162 1856 2231 ἡ

283 2254 553 2324 ἀγγελικὴ
582 2252 724 2323 χεὶρ,
747 2253 800 2304 αί
832 2251 1069 2321 χιλιάδες
1088 2250 1195 2303 τῶν
1222 2250 1569 2312 εὐθυνόντων,
1606 2252 1638 2321 ἡ
1663 2252 1863 2322 μυριὰς

280 2348 393 2401 τῶν
431 2345 571 2399 κατὰ
608 2344 669 2397 τὸ
700 2343 871 2409 δεξιὸν
900 2342 1347 2412 παρισταμένων,
1390 2343 1475 2395 ἵνα
1507 2342 1650 2415 πέσῃ
1676 2345 1741 2396 ὲκ
1769 2341 1862 2396 τοῦ

283 2436 671 2506 ἀντικειμένου
719 2433 934 2497 κλίτους
974 2437 1006 2503 ἡ
1058 2432 1236 2504 χιλιὰς
1283 2434 1391 2486 τῶν
1448 2434 1860 2504 πολεμούντων·

279 2532 452 2594 πολὺς
478 2533 505 2582 6
529 2528 821 2591 ἀντίπαλος
841 2566 855 2589 ,
889 2527 1025 2579 ἀλλά
1058 2530 1169 2588 τοῖς
1204 2527 1432 2596 ἐρήμοις
1456 2526 1557 2595 τῆς
1601 2526 1700 2595 σῆς
1729 2543 1866 2596 συμ-

284 2623 488 2695 μαχίας
502 2619 671 2683 δεινός
694 2636 752 2671 τε
776 2619 867 2672 καὶ
890 2618 1332 2689 ἁκαταμάχητος,
1357 2616 1469 2670 ἀλλ’
1497 2617 1601 2679 ’έως
1617 2616 1682 2669 ἂν
1707 2616 1864 2684 μόνος

276 2718 308 2769 ὁ
354 2712 761 2783 πολεμούμενος
901 2710 1121 2763 ἐπειδὰν
1151 2710 1207 2763 δὲ
1235 2712 1267 2781 ἡ
1299 2709 1365 2780 σὴ
1397 2709 1642 2779 βασιλεία
1683 2711 1823 2778 φανῇ
1846 2751 1860 2774 ν

278 2805 498 2874 ἀπέδρα
539 2801 683 2873 λύπη
727 2802 822 2855 καὶ
848 2800 1149 2871 στεναγμός
1170 2799 1616 2870 ’κάντεισέρχεται
1645 2799 1699 2852 δὲ
1727 2798 1859 2869 ζωὴ,

280 2896 377 2949 καὶ
400 2893 612 2964 εἰρήνη,
637 2892 729 2944 καὶ
755 2890 1088 2960 ἀγαλλίαμα.

1959 599 2028 654 ad
2071 597 2302 651 nihilum
2334 597 2677 668 redigantur,
2706 614 2829 667 quae
2852 612 2999 651 nunc
3030 596 3319 667 imperium
3354 605 3543 652 tenent

1955 698 2011 745 et.
2045 697 2279 758 regnant
2327 690 2482 750 vitia,
2532 696 2697 759 atque
2742 687 2993 743 affectus.
3048 686 3116 741 Ut
3165 689 3311 743 enim
3359 687 3545 742 delicit

1959 783 2164 843 fumus,
2216 782 2290 835 ita
2341 780 2621 841 delicient,
2669 790 2722 834 et
2768 788 2826 833 ut
2874 781 3131 850 liquescit
3182 795 3308 835 cera
3354 795 3542 834 coram

1960 873 2106 943 igne,
2147 873 2222 927 ita
2272 872 2555 941 peribunt.
2592 871 2778 941 Neque
2809 874 2955 927 enim
3004 872 3189 928 fumus
3232 872 3453 927 refusus
3486 873 3543 926 in

1961 980 2143 1021 aerem
2198 966 2414 1037 signum
2448 965 2670 1033 aliquod
2720 981 2832 1018 sure
2863 966 3123 1034 relinquit
3171 974 3404 1028 natura,
3448 982 3544 1020 ne-

1960 1073 2068 1128 que
2098 1072 2249 1119 cera,
2282 1073 2405 1127 qua:
2435 1057 2488 1110 in
2519 1058 2644 1126 igne
2684 1056 2809 1121 fuit,
2843 1058 3078 1126 amplius
3102 1057 3414 1128 reperitur:
3445 1056 3543 1113 sed

1961 1157 2015 1201 et
2054 1148 2167 1201 hare
2204 1163 2330 1201 cum
2382 1147 2655 1202 ﬂammam
2706 1164 2807 1202 suo
2856 1149 3195 1203 nutrimento
3225 1151 3442 1215 aluerit,
3485 1149 3544 1206 in

1963 1252 2218 1308 vaporem
2262 1246 2315 1292 et
2346 1253 2524 1293 aerem
2555 1237 2986 1302 transfunditur,
3036 1246 3093 1292 et
3114 1238 3297 1295 iunius
3331 1244 3396 1294 ad
3433 1240 3547 1310 ple-

1964 1346 2088 1385 nam
2134 1330 2490 1385 abolitionem
2551 1329 2817 1399 redigitur
2852 1330 2966 1383 :ita
3016 1332 3059 1384 si
3112 1347 3277 1400 super
3311 1348 3411 1387 nos
3459 1349 3546 1387 rc-

1963 1439 2128 1494 gnum
2176 1421 2271 1476 Dei
2312 1421 2546 1482 venerit,
2601 1421 2809 1482 omnia,
2852 1437 2973 1491 qua:
3007 1437 3153 1477 nunc
3186 1423 3546 1479 dominantur

1965 1530 2031 1568 ac
2079 1512 2446 1583 principatum
2492 1520 2698 1578 tenent,
2750 1514 2816 1566 ad
2871 1513 3151 1568 interitum
3204 1517 3542 1586 redigentur.

1965 1605 2084 1660 Non
2105 1605 2256 1659 ‘enim
2284 1604 2525 1659 tenebrae
2556 1605 2902 1674 praesentiam
2931 1605 3070 1660 lucis
3103 1608 3413 1665 sustinent:
3437 1625 3546 1665 non

1966 1697 2195 1751 morbus
2238 1696 2475 1750 sanitate
2510 1696 2929 1765 superveniente
2968 1698 3224 1753 consistit
3254 1713 3401 1754 :non
3436 1702 3547 1755 vim

1971 1805 2126 1843 suam
2159 1788 2387 1842 all‘cctus
2424 1796 2479 1842 et
2516 1788 2963 1856 perturbationes
3002 1801 3281 1856 exercent,
3306 1793 3547 1862 ‘impati-

1967 1882 2175 1935 bilitate
2228 1889 2282 1934 et
2334 1881 2529 1933 horum
2579 1880 2850 1934 malormn
2904 1883 3180 1937 vacuitate
3230 1894 3546 1954 praesente:

1967 1987 2105 2025 vana
2151 1981 2317 2041 atque
2357 1972 2574 2026 deserta
2627 1986 2777 2027 mors
2825 1982 2933 2035 est,
2971 1991 3001 2028 e
3037 1975 3220 2029 medio
3267 1979 3549 2049 corruptio

1966 2065 2225 2127 excessit,
2267 2080 2393 2118 cum
2438 2064 2545 2118 vita
2585 2064 2639 2118 in
2688 2066 2847 2120 nobis
2882 2050 3093 2135 regnat,
3130 2078 3184 2122 et
3216 2068 3549 2140 incorrupti-

1966 2156 2155 2215 bilitas
2218 2156 2505 2226 imperium
2565 2165 2734 2210 tenet.
2799 2157 3050 2211 Adveniet
3105 2177 3318 2229 regnum
3378 2172 3547 2217 tuum.

1973 2248 2157 2302 Dulcis
2185 2263 2286 2301 vox
2316 2267 2327 2303 :
2360 2264 2457 2317 per
2481 2263 2645 2318 quam
2686 2249 2828 2303 hanc
2861 2251 3019 2320 plane
3042 2253 3412 2320 precationem
3440 2253 3551 2310 Deo

1971 2339 2250 2395 oll'erimns
2304 2359 2318 2393 :
2376 2339 2680 2410 Rumpatur
2748 2342 2895 2397 acies
2949 2344 3198 2413 Opposita
3240 2363 3253 2398 :
3302 2346 3552 2403 deleatur

1972 2432 2403 2499 alienigenarum
2460 2433 2722 2501 phalanx,
2775 2434 3070 2489 dirimatur
3116 2436 3315 2491 bellum
3365 2441 3551 2493 carnis

1972 2524 2238 2579 adversus
2271 2525 2522 2593 spiritum
2557 2543 2571 2580 :
2600 2542 2668 2580 ne
2708 2541 2911 2596 corpus
2943 2528 3139 2582 anima:
3165 2529 3342 2585 hostis
3375 2548 3470 2584 arx
3498 2542 3554 2586 et

1972 2615 2380 2682 receptaculum
2409 2616 2514 2678 sit;
2544 2627 2805 2686 appareat
2828 2619 2959 2671 mihi
2992 2621 3178 2689 regius
3203 2631 3544 2691 potentatus,

1971 2706 2213 2775 angelica
2279 2721 2515 2765 manus,
2566 2706 2822 2763 cohortes
2887 2712 3191 2780 regentium
3251 2730 3265 2766 :
3322 2713 3465 2784 legio
3520 2730 3554 2769 a

1970 2796 2184 2850 dextris
2218 2797 2619 2863 assistentium,
2670 2808 2728 2852 ut
2767 2799 2965 2854 cadant
2994 2817 3059 2855 cx
3096 2806 3346 2872 opposita
3400 2816 3556 2878 parte

1980 2889 2339 2959 pugnantium
2388 2890 2575 2944 decem
2632 2892 2847 2945 millia:
2882 2910 3113 2949 numero
3143 2897 3307 2965 pollet
3353 2914 3417 2953 ac
3460 2917 3556 2955 ve-

282 2988 510 3041 hemens
542 2992 625 3040 est
659 2982 1030 3044 adversarius,
1078 2982 1170 3037 sed
1206 2989 1302 3036 tuo
1344 2980 1548 3036 auxilio
1580 2981 1857 3037 destitutis
1895 2996 2021 3036 acer
2064 2993 2117 3037 et
2173 2983 2435 3049 invictus,
2474 2984 2569 3039 sed
2636 2986 2879 3055 quandiu
2936 2989 3087 3043 solus
3142 2991 3305 3047 fuerit
3340 2994 3408 3059 is,
3459 2994 3555 3065 qui

282 3079 427 3133 bello
458 3084 714 3147 petatur:
748 3090 871 3130 cum
947 3083 1128 3128 autem
1202 3084 1354 3128 tuum
1416 3088 1644 3144 regnum
1712 3074 2048 3142 apparuerit,
2100 3074 2308 3129 recedit
2350 3074 2531 3142 dolor,
2580 3078 2827 3142 tristitia,
2870 3087 2926 3133 et
2957 3082 3194 3150 gemitus
3230 3100 3243 3135 :
3280 3092 3446 3153 atque
3495 3086 3552 3139 in

276 3189 474 3232 eorum
516 3173 693 3226 locum
724 3171 855 3233 vita,
886 3186 1016 3241 pax,
1056 3177 1111 3225 et
1149 3170 1443 3225 exsultatio
1471 3168 1796 3226 succedunt.

351 3261 428 3321 Ἦ
461 3264 641 3328 καθὼς
679 3266 812 3335 ἡμῖν
844 3264 948 3317 ὑπὸ
976 3263 1070 3317 τοῦ
1110 3265 1294 3318 Λουκᾶ
1324 3264 1383 3316 τὸ
1408 3264 1541 3316 αὐτὸ
1564 3263 1739 3334 νόημα
1761 3264 1865 3316 ’σα-

2036 3262 2119 3316 An
2166 3260 2424 3326 forsitan,
2461 3268 2522 3315 ut
2560 3276 2589 3314 a
2635 3260 2782 3316 Luca
2828 3262 2990 3317 nobis
3040 3263 3181 3319 idem
3241 3266 3556 3326 intellectus

280 3360 549 3431 φέστερον
585 3356 965 3431 ἑρμηνεύεται,
995 3360 1023 3411 6
1049 3357 1146 3429 τὴν
1176 3356 1451 3428 βασιλείαν
1479 3355 1652 3409 ἐλθεῖν
1679 3355 1867 3421 ἀξιῶν,

276 3454 387 3523 τὴν
438 3450 534 3504 τοῦ
584 3450 741 3519 ἁγίου
801 3448 1114 3520 Πνεύματος
1187 3448 1503 3520 συμμαχίαν
1551 3448 1869 3513 ἐπιϐοᾶταις

280 3544 478 3607 υῦτως
524 3542 632 3613 γὰρ
670 3533 728 3594 ἐν
769 3542 962 3613 ἐκείνῳ
1019 3541 1337 3613 Εὑαγγελίῳ
1388 3542 1573 3614 φησὶν,
1605 3543 1727 3597 ἀντὶ
1776 3540 1869 3595 τοῦ

288 3634 552 3690 Ἕλθέτω
573 3636 610 3703 ἡ
629 3635 916 3699 ,ϐασιλεία
944 3650 1087 3699 σου,
1120 3633 1392 3698 Ἔλθέτω,
1433 3634 1586 3705 φησὶ,
1610 3634 1675 3687 τὸ
1700 3632 1873 3703 ἅγιον

281 3728 531 3798 Πνεῦμά
564 3742 682 3782 σου
708 3728 799 3796 ἐφ’
832 3726 1010 3797 ἡμᾶς,
1040 3728 1137 3781 καὶ
1178 3728 1552 3798 ωθαρισάτω
1588 3727 1765 3797 ἡμᾶς.
1806 3727 1872 3780 Τί

284 3820 506 3888 ἐροῦσιν
552 3822 600 3872 οἱ
630 3818 1133 3890 θρασυστομοῦντες
1188 3820 1326 3889 πρὸς
1374 3819 1545 3872 ταῦτα
1593 3819 1734 3873 κατά
1776 3818 1870 3872 τοῦ

282 3911 608 3982 Πνεύματος
633 3909 727 3963 τοῦ
760 3909 943 3978 ἀγίου;
975 3910 1093 3962 Τίνι
1125 3911 1329 3981 διανοίᾳ
1351 3910 1449 3981 τὴν
1470 3911 1569 3980 τῆς
1600 3911 1873 3981 βασιλείας

286 4002 449 4068 ἀξίαν
498 4003 575 4064 εἰς
625 3990 986 4071 ταπεινότητα
1040 4000 1281 4064 δουλείας
1332 4000 1869 4072 μετασκευάζουσιν;

291 4095 362 4147 Ὃ
391 4093 500 4163 γὰρ
530 4093 741 4153 Λουκᾶς
791 4091 889 4162 μὲν
921 4092 1146 4163 Πνεῦμα
1184 4091 1338 4161 ἅγιον
1386 4092 1556 4161 λέγει,
1595 4093 1874 4156 Ματθαῖος

283 4184 344 4238 δὲ
376 4184 649 4254 βασιλείαν
675 4182 947 4253 ὠνόμασε.
980 4184 1095 4246 πῶς
1126 4185 1204 4246 είς
1229 4184 1328 4254 τὴν
1357 4184 1665 4255 ὑποχείριον
1698 4184 1874 4237 κτίσιν

286 4272 648 4325 κατασπῶσιν
680 4272 727 4323 οἱ
772 4269 1052 4341 θεομάχοι,
1096 4273 1214 4325 ἀντὶ
1250 4273 1349 4343 τῆς
1386 4272 1773 4345 βασιλευούσης
1805 4276 1872 4345 τῇ

290 4361 683 4434 βασιλευομένῃ
740 4363 1275 4429 συγκατατάσσοντες
1331 4364 1522 4434 φύσει;
1586 4366 1650 4419 Ἦ
1701 4366 1875 4430 κτίσις

282 4451 553 4514 δουλεύει,
602 4454 634 4520 ἡ
683 4450 739 4503 δὲ
792 4450 1002 4504 δουλεία
1064 4450 1308 4520 βασιλεία
1341 4453 1441 4506 οὐκ
1487 4452 1653 4508 ἐστιν.
1700 4453 1773 4506 Τὸ
1817 4452 1874 4506 δὲ

289 4544 520 4614 Πνεῦμα
546 4544 608 4596 τὸ
655 4544 808 4613 ἆγιον
856 4544 1105 4615 βασιλεία
1130 4546 1293 4601 ἐστίν.
1333 4545 1542 4599 Οὐκοῦν
1586 4545 1689 4614 τῆς
1735 4546 1876 4598 κατά

1972 3352 2190 3424 planius
2234 3351 2561 3423 explicatur,
2614 3352 2661 3407 is
2699 3354 2792 3423 qui
2839 3362 2980 3415 orat.
3021 3363 3081 3409 ut
3128 3373 3354 3429 regnum
3393 3362 3555 3417 adve-

1973 3446 2107 3507 niat,
2145 3444 2410 3499 auxilium
2461 3446 2637 3500 sancti
2672 3443 2913 3516 Spiritus
2953 3447 3248 3517 implorat?
3308 3450 3444 3507 Nam
3507 3458 3555 3511 is

1972 3533 2028 3588 in
2070 3533 2166 3588 illo
2201 3532 2516 3604 Evangelia,
2557 3549 2654 3604 pro
2681 3548 2769 3598 eo,
2811 3534 2957 3604 quod
2989 3545 3094 3596 est.
3122 3532 3309 3592 Veniat
3332 3557 3551 3611 regnum

1974 3637 2119 3681 tuum
2142 3667 2158 3692 ,
2198 3625 2458 3681 Adveniat
2480 3669 2495 3693 ,
2530 3627 2747 3697 inquit,
2798 3638 3009 3682 sanctus
3041 3626 3276 3697 Spiritus
3314 3641 3434 3687 tuus
3464 3651 3555 3688 su-

1971 3734 2063 3786 per
2103 3735 2227 3784 nos,
2274 3728 2322 3771 et
2352 3719 2595 3787 puriﬁcet
2643 3734 2758 3771 nos.
2815 3717 2954 3785 Quid
3003 3724 3307 3778 temerariae
3356 3726 3556 3796 linguae

1976 3811 2227 3865 homines
2277 3809 2345 3863 ad
2396 3812 2512 3865 haec
2570 3809 2758 3864 dicent
2810 3816 2878 3866 de
2927 3811 3134 3881 Spiritu
3190 3820 3554 3889 sancto?qua

1974 3912 2175 3967 mente,
2207 3919 2315 3972 qua
2355 3904 2648 3964 sententia,
2676 3918 2855 3972 quove
2900 3905 3180 3960 intellectu
3228 3911 3431 3979 regiam
3470 3913 3555 3965 tli-

1974 3997 2233 4064 gnitatetn
2271 3995 2338 4048 ad
2374 3995 2737 4049 humilitatem
2763 3997 3014 4051 servilem
3045 3999 3377 4056 traducunt?
3418 4003 3551 4059 Nam

1974 4086 2251 4156 quomodo
2280 4086 2469 4141 hostes
2499 4084 2595 4141 Dei
2620 4086 2699 4150 id,
2729 4088 2877 4157 quod
2914 4087 3094 4145 Lucas
3120 4092 3342 4161 quidem
3381 4095 3557 4165 Spiri-

1975 4190 2091 4234 tum
2133 4191 2384 4235 sanctum
2426 4181 2578 4246 dicit,
2628 4182 2914 4240 Matthazus
2945 4194 3128 4242 autem
3180 4203 3409 4259 regnum
3451 4208 3557 4246 no~

1976 4273 2222 4336 minavit,
2258 4273 2325 4325 ad
2364 4274 2640 4328 subditam
2673 4284 2925 4329 naturam
2970 4277 3287 4346 detrahunt,
3322 4283 3441 4338 vice
3468 4299 3555 4338 re-

1975 4367 2197 4437 gnantis
2255 4382 2379 4420 cum
2435 4383 2517 4431 ea,
2570 4383 2692 4436 qua:
2745 4386 2917 4439 regno
2968 4371 3187 4425 subdita
3237 4382 3321 4429 est
3359 4385 3557 4431 natura

1976 4458 2349 4513 eollocantes?
2385 4459 2650 4514 Creatura
2699 4463 2892 4524 servit,
2920 4472 2994 4539 .at
3037 4466 3277 4522 servitus
3324 4483 3555 4539 regnum

1979 4566 2083 4603 nou
2135 4559 2237 4605 est.
2296 4550 2537 4621 Spiritus
2586 4562 2767 4608 autem
2816 4565 3044 4611 sanctus
3084 4574 3311 4629 regnum
3357 4571 3465 4616 est.
3512 4566 3558 4618 A

288 4633 390 4705 τὴν
424 4634 599 4686 κτίσιν
630 4635 912 4698 κοινωνίας
955 4634 1300 4706 κεχώρισται.
1343 4639 1408 4689 ὐ
1443 4636 1551 4709 γὰρ
1576 4637 1867 4707 βασιλεύει,

1984 4643 2371 4698 communione
2408 4645 2575 4711 igitur
2604 4655 2769 4715 atque
2801 4650 3065 4704 societate
3100 4663 3366 4707 creatura:
3398 4670 3560 4725 sepa-

248 4724 352 4778 ‘oz'a
404 4724 774 4795 βασιλεύεται·
806 4726 833 4779 ὃ
878 4726 933 4779 δὲ
985 4727 1058 4797 μὴ
1113 4727 1476 4795 βασιλεύεται,
1527 4729 1647 4782 οὐδὲ
1695 4730 1870 4793 κτίσις

290 4818 462 4873 ἐστίν.
497 4818 655 4870 ’Ῑδιον
690 4818 797 4889 γὰρ
826 4819 924 4888 τῆς
956 4819 1187 4883 κτίσεως
1214 4820 1275 4871 τὸ
1302 4820 1571 4873 δουλεύειν
1611 4822 1781 4877 ἐστίν.
1810 4824 1873 4876 El

290 4909 387 4965 οὖν
414 4910 659 4981 βασιλεία
690 4910 750 4965 τὸ
782 4913 1027 4981 Πνεῦμα,
1074 4913 1191 4976 πῶς
1226 4914 1324 4983 οὐχ
1361 4915 1751 4985 ὁμολογήσουσι
1775 4917 1873 4986 τὴν

291 5003 631 5069 δεσποτείαν,
660 5006 706 5057 οἱ
741 5004 875 5075 μηδὲ
921 5005 1316 5075 προσεύχεσθαι
1362 5005 1580 5060 πώποτε
1624 5008 1872 5078 μεμαθη⁶

294 5094 483 5160 κότες;
508 5097 569 5148 Οἱ
604 5096 740 5166 μηδὲ
773 5096 991 5159 εἰδότες,
1021 5098 1103 5161 τίς
1132 5098 1161 5150 6
1199 5098 1509 5169 καθαρίζων
1528 5100 1587 5152 τὸ
1621 5117 1875 5153 κεκοινω-

298 5189 496 5260 μένονς
527 5188 622 5249 Τίς
644 5188 700 5241 δὲ
731 5188 759 5239 6
787 5188 886 5259 τῆς
915 5188 1187 5259 βασιλείας
1214 5191 1581 5262 ἐξηρτημένος
1602 5192 1698 5264 τὴν
1726 5194 1875 5261 ἐξου-

296 5274 450 5340 σίαν;
486 5276 738 5330 Ἔλθέτω
758 5277 823 5330 τὸ
848 5277 1020 5347 ἅγιον
1039 5278 1280 5347 Πνεῦμὰ
1301 5296 1436 5342 σου,
1468 5282 1619 5349 φησὶ.
1650 5281 1748 5335 καὶ
1779 5299 1878 5336 κα·

295 5369 593 5438 θαρισάτω
628 5369 801 5440 ἡμᾶς.
839 5370 1048 5424 Οὐκοῦν
1086 5373 1189 5425 ίδία
1222 5390 1280 5424 τε
1330 5374 1424 5426 καὶ
1466 5374 1743 5446 ἐξαίρετος
1784 5375 1878 5429 τοῦ

294 5464 453 5532 ἀγῖου
494 5461 809 5533 Πνεύματος
832 5462 1058 5534 δύναμίς
1079 5482 1139 5516 τε
1180 5465 1274 5519 καὶ
1312 5466 1583 5536 ἐνέργεια,
1606 5469 1666 5521 τὸ
1690 5469 1880 5523 καθαί-

300 5570 414 5625 ρειν
441 5570 500 5605 τε
532 5554 626 5606 καὶ
658 5554 875 5622 ἀφιέναι
907 5555 1006 5618 τὰς
1038 5556 1332 5627 ἁμαρτίας.
1361 5557 1437 5620 ὡς
1465 5560 1493 5611 6
1528 5558 1878 5627 εὐαγγελικὸς

297 5645 455 5712 λόγος
484 5645 836 5716 μαρτύρεται.
864 5646 1069 5700 Οὐκοῦν
1098 5650 1126 5701 6
1144 5647 1240 5719 τὴν
1262 5649 1490 5719 δύναμιν
1511 5650 1609 5721 τῆς
1634 5651 1879 5718 ἀφέσεως

298 5737 450 5809 αὐτῷ
501 5739 608 5791 τῶν
659 5739 941 5811 ἁμαρτιῶν
988 5744 1374 5813 μαρτυρήσας,
1430 5742 1877 5813 συνεμαρτύρησε

300 5831 519 5895 πάντως
545 5830 693 5903 αὐτῷ
719 5832 820 5901 τὴν
842 5830 1086 5902 θεότητα.
1118 5833 1191 5885 T6
1208 5832 1264 5886 δὲ
1297 5834 1425 5887 αὐτὸ
1452 5834 1606 5889 τοῦτο
1633 5835 1726 5888 καὶ
1751 5835 1877 5905 περὶ

1980 4741 2134 4785 ratus
2162 4742 2267 4787 est.
2304 4731 2457 4798 Quod
2494 4734 2637 4788 enim
2680 4744 2891 4805 regnat,
2925 4753 3093 4807 regno
3122 4740 3402 4796 subditum
3446 4759 3558 4800 non

1979 4835 2063 4879 est
2101 4842 2114 4878 :
2151 4823 2297 4893 quod
2355 4835 2536 4879 autem
2600 4842 2769 4895 regno
2817 4829 3099 4884 subditum
3156 4850 3263 4887 non
3326 4846 3431 4901 est,
3490 4853 3560 4894 ne

1980 4926 2233 4971 creatura
2289 4917 2504 4985 quidem
2555 4928 2658 4972 est.
2697 4918 2831 4974 Nam
2873 4924 3091 4979 servire
3133 4935 3398 4983 creaturae
3431 4944 3561 4998 pro-

1982 5006 2162 5074 prium
2192 5015 2296 5061 est.
2335 5006 2391 5060 Si
2432 5008 2598 5077 igitur
2634 5007 2877 5078 Spiritus
2920 5021 3146 5071 sanctus
3179 5032 3404 5087 regnum
3451 5028 3559 5083 est,

1981 5098 2074 5168 qui
2113 5097 2189 5161 lit,
2222 5110 2281 5152 ut
2329 5114 2437 5153 non
2471 5102 2839 5156 conﬁteantur
2867 5104 3318 5171 dominationem,
3348 5110 3441 5179 qui
3488 5126 3558 5166 ne

1983 5206 2140 5245 orare
2169 5190 2392 5261 quidem
2429 5208 2669 5262 unquam
2720 5192 3065 5251 didicerunt?
3096 5199 3190 5267 qui
3242 5214 3309 5253 ne
3359 5214 3560 5257 norunt

1983 5281 2203 5351 quidem
2252 5280 2378 5350 quis
2429 5282 2501 5361 sit
2556 5283 2650 5350 qui
2709 5285 2960 5352 purilicet
3014 5288 3393 5355 inquinatum?
3436 5294 3561 5360 quis

1985 5372 2116 5426 item
2165 5371 2211 5425 is
2253 5386 2283 5424 a
2334 5388 2444 5441 quo
2497 5374 2728 5442 pendeat
2766 5376 2921 5446 regni
2971 5379 3255 5445 potestas?
3300 5379 3560 5438 Adreniat

1985 5473 2197 5518 sanctus
2229 5465 2462 5533 Spiritus
2494 5477 2636 5529 tuus,
2667 5467 2865 5536 inquit,
2902 5479 2951 5522 et
2989 5471 3234 5538 puriﬁcet
3269 5488 3382 5527 nos.
3418 5474 3562 5545 Ergo

1986 5559 2205 5627 pmpria
2272 5560 2477 5628 pariter
2538 5569 2592 5614 et
2660 5560 2862 5613 eximia
2924 5562 3328 5631 peculiarisque
3385 5570 3560 5621 sant'li

1987 5650 2228 5720 Spiritus
2275 5652 2452 5706 virtus
2487 5659 2539 5707 et
2588 5651 2827 5706 eliicaeia
2865 5662 2966 5711 est.
3010 5663 3069 5707 ut
3114 5663 3168 5709 ct
3203 5656 3472 5725 purilieet,
3509 5668 3562 5712 et

1985 5743 2232 5798 remittat
2255 5753 2506 5813 peccata:
2528 5743 2988 5812 quemadmodum
3007 5750 3354 5819 evangelit'us
3381 5767 3503 5804 sern
3529 5767 3562 5805 ο

1985 5842 2238 5890 testatur.
2278 5834 2546 5901 Quocirca
2588 5837 2678 5909 qui
2728 5845 2957 5892 testatur
2997 5854 3121 5893 eum
3164 5840 3364 5897 habere
3405 5856 3563 5913 poto-
