4004 6510
477 407 534 462 1!.
545 406 615 463 59

1701 399 1759 470 s_.
1791 399 2113 456 cnsconu
2150 400 2436 456 NYSSENI
2475 478 2477 480 η

3543 413 3680 470 ιιεο

471 527 666 574 statam
720 515 1029 572 remittendi
1081 522 1337 584 peccata,
1383 511 1544 567 simul
1587 516 1747 567 ctiam
1802 532 2024 583 prorsus

2140 515 2214 568 τοῦ
2247 516 2579 579 Μονογενοῦς
2606 532 2767 586 φησιν
2795 517 2824 570 ό
2868 517 3202 583 ’Δπόστολος,
3231 520 3314 572 ὅτι
3341 519 3684 591 καθαρισμὸν

469 624 594 664 eum
625 608 879 662 deitatem
928 608 1130 660 habere
1173 613 1426 660 testatur.
1477 606 1652 673 Atque
1697 605 1799 658 hoc
1845 607 2020 675 ipsqu

470 699 635 753 etiam
660 699 726 752 de
755 696 1042 764 Unigenito
1059 696 1134 749 ait
1159 697 1474 766 Apostolus,
1501 695 1643 764 quod
1677 695 2022 765 posteaquam

473 788 908 858 puriﬁcationem
961 797 1303 856 peccatorum
1360 786 1676 850 confecerit,
1723 786 1909 840 sedeat
1956 787 2022 840 ad

472 881 745 935 dexteram
786 879 1088 947 maiestatis
1111 876 1309 930 Patris.
1344 875 1520 930 Unum
1552 877 1717 945 igitur
1740 876 2023 930 amborum

473 981 556 1024 est
610 985 748 1038 opus
807 978 862 1022 et
916 964 1253 1036 puriﬁcantis
1300 971 1582 1033 peccatum
1646 960 1910 1031 Spiritus,
1972 971 2026 1016 et

475 1061 699 1121 Christi.
747 1059 836 1126 qui
890 1066 1232 1127 peccatorum
1279 1054 1704 1124 purificationem
1757 1055 2021 1123 praestitit.

483 1150 603 1222 [(a)
650 1149 898 1215 Quorum
951 1155 1132 1202 autem
1185 1160 1290 1198 una
1337 1144 1622 1200 ellicientia
1669 1153 1781 1205 est,
1838 1161 2023 1199 eorum

481 1245 642 1298 etiam
683 1252 872 1296 natura
910 1255 1133 1308 prorsus
1161 1238 1346 1292 eadem
1375 1246 1477 1290 est.
1502 1233 1689 1291 Omnis
1717 1236 1860 1290 enim
1887 1237 2027 1290 actio

479 1332 758 1386 facultatis
787 1329 1009 1383 eﬂ‘ectus
1046 1334 1148 1382 est.
1184 1325 1543 1392 Quamobrem
1581 1325 1626 1379 si
1677 1327 1822 1378 actio
1867 1332 1920 1378 et
1949 1324 2029 1377 fa-

478 1425 658 1478 cultas
685 1429 768 1476 est
794 1435 922 1484 una,
956 1418 1227 1488 quomodo
1255 1426 1462 1471 natura?
1481 1415 1769 1469 diversitas
1801 1414 2026 1484 intelligi

475 1519 653 1582 potest
696 1513 749 1564 in
797 1512 927 1576 illis,
959 1511 1010 1564 in
1057 1509 1256 1578 quibus
1299 1507 1505 1560 nullum
1545 1505 1822 1560 facultatis
1863 1507 2030 1558 actio-

479 1605 672 1672 nisque
724 1601 1016 1655 discrimen
1075 1596 1569 1667 deprehendimus?
1641 1594 1704 1651 Ut
1761 1596 1907 1650 enim
1963 1611 2025 1648 ex

479 1695 623 1764 ignis
649 1692 1088 1762 proprietatibus.
1136 1704 1259 1742 cum
1307 1687 1428 1740 dua:
1471 1686 1604 1746 sint,
1651 1684 1795 1754 quod
1830 1685 2028 1738 illumi—

477 1795 590 1846 net,
623 1793 676 1838 et
723 1783 864 1852 quod
899 1779 1172 1842 incendat,
1215 1793 1324 1832 non
1375 1777 1499 1829 licet
1536 1775 1766 1843 subjecti
1805 1775 2030 1828 diversi-

2127 607 2233 660 τῶν
2260 607 2539 678 ἁμαρτιῶν
2579 609 2962 677 ποιησάμενος,
3011 609 3259 663 ἐκάθισεν
3311 613 3368 664 ὲν
3397 611 3546 681 δεξιᾷ
3586 613 3688 680 τῆς

2132 697 2497 766 μεγαλοσύνης
2547 695 2642 749 τοῦ
2689 697 2917 767 Πατρός.
2953 699 3048 751 Ἕν
3088 700 3265 752 τοίνυν
3298 701 3572 771 ἑκατέρων
3627 703 3693 754 τὺ

2127 789 2306 859 ἔργον,
2335 787 2427 840 τοῦ
2472 805 2531 840 τε
2577 788 2954 858 καθαρίζοντος
2987 791 3082 860 τὴν
3121 793 3392 862 ἁμαρτίαν
3430 792 3691 860 Πνεῦμα-

2127 896 2236 943 τος,
2261 881 2353 933 καί⁵
2377 878 2470 931 τοῦ
2497 879 2586 931 τὸν
2610 879 2945 951 καθαρισμὸν
2963 882 3070 934 τῶν
3093 883 3373 952 ἁμαρτιῶν
3401 884 3698 953 πεποιηκό-

2128 984 2218 1030 τος
2262 965 2517 1036 Χριστοῦ.
2549 961 2650 1019 Ὧν
2684 967 2739 1020 δὲ
2781 969 2814 1038 ὴ
2851 969 3100 1038 ἐνέργεια
3158 972 3274 1039 μία,
3316 974 3408 1024 καὶ
3460 974 3488 1042 ὴ
3526 972 3695 1039 φύσις

2129 1058 2410 1126 πάντωςή
2459 1057 2596 1127 αὐτὴ
2639 1057 2840 1111 τούτων
2895 1045 3249 1136 utimini.”
3279 1062 3385 1131 γὰρ
3438 1062 3697 1131 ἐνέργεια.

2129 1145 2405 1216 δυνάμεώς
2436 1148 2580 1199 ἐστιν
2611 1148 2971 1219 ἀποτέλεσμα..
2997 1151 3059 1202 Ei
3087 1147 3178 1203 οὖν
3208 1153 3298 1203 καὶ
3319 1153 3564 1220 ἐνέργεια
3590 1154 3696 1204 καὶ

2128 1237 2354 1306 δύναμις
2385 1237 2503 1307 μία,
2532 1237 2648 1300 πῶς
2670 1238 2813 1293 ἐστιν
2842 1240 3129 1310 ἑτερότητα
3152 1239 3358 1306 φύσεως
3384 1241 3592 1309 νοῆσαι,
3627 1243 3697 1292 ὲν

2131 1324 2211 1390 οἷς
2242 1327 2495 1397 οὐδεμίαν
2526 1331 2667 1380 κατὰ
2694 1329 2792 1398 τὴν
2823 1329 3046 1399 δύναμίν
3068 1348 3123 1382 τε
3155 1331 3247 1382 καὶ
3275 1333 3551 1400 ἐνέργειαν
3572 1333 3698 1384 δια-

2132 1418 2300 1488 φορὰν
2333 1418 2745 1489 ἐξευρίσκομεν;
2790 1420 2874 1482 Ὠς
2914 1421 3020 1487 γὰρ
3050 1421 3148 1473 οὐκ
3179 1420 3322 1471 ἔστιν
3351 1424 3411 1470 ὲν
3445 1425 3554 1483 τοῖς
3586 1421 3698 1473 τοῦ

2131 1508 2301 1578 πυρὸς
2341 1507 2642 1577 ἰδιώμασιν,
2689 1509 2816 1562 ὅταν
2842 1508 2954 1572 δύο,
2998 1508 3059 1561 τὸ
3107 1509 3334 1577 φωτίζον
3379 1527 3438 1562 τε
3481 1513 3572 1563 καὶ
3624 1511 3702 1562 τὸ

2132 1597 2283 1650 καῖόν
2327 1599 2462 1662 ἐστι,
2501 1597 2561 1650 τὸ
2609 1599 2882 1650 κοινωνεῖν
2932 1598 3147 1667 νομίσαι
3192 1597 3286 1650 τοῦ
3326 1601 3702 1668 προκειμένου

2133 1686 2475 1754 ὑπαλλαγὴν·
2506 1684 2678 1747 οὕτως
2721 1685 2820 1737 οὐκ
2847 1685 2909 1736 άν
2939 1702 3022 1748 τις
3063 1684 3335 1753 εῦφρονῶν
3381 1686 3505 1753 μίαν
3533 1686 3702 1737 ἐνεο-

2133 1793 2286 1844 γειαν
2323 1778 2387 1829 ὲκ
2427 1775 2527 1844 τῆς
2567 1776 2789 1846 Γραφῆς
2838 1776 3102 1845 διδαχθεὶς
3149 1774 3240 1828 τοῦ
3285 1775 3413 1827 Υἱοῦ
3453 1773 3546 1826 καὶ
3585 1773 3702 1827 τοῦ

479 1884 637 1927 tatem
667 1873 868 1926 inferre
896 1888 909 1924 :
939 1871 1009 1923 ita
1041 1883 1140 1922 nec
1179 1869 1344 1928 ullus,
1376 1866 1468 1935 qui
1495 1865 1735 1934 prudens
1780 1864 1874 1926 sit,
1905 1879 2027 1917 cum

2140 1865 2462 1935 Πνεύματος,
2492 1866 2751 1937 διαφοράν
2781 1882 2901 1918 τινα
2934 1864 3143 1934 φύσεως
3181 1866 3414 1918 ὑπονοεῖ.

489 1981 553 2020 ex
571 1982 632 2020 ea
657 1964 1382 2036 Scripturadidiceritunam
1405 1977 1527 2017 esse
1567 1959 1690 2014 Filii
1735 1965 1791 2014 et
1844 1957 2080 2028 Spiritus
2131 1960 2469 2016 cﬂicientiam
2496 1999 2511 2025 ,
2575 1971 2783 2014 naturae
2827 1961 3117 2016 discrimen
3180 1961 3398 2030 aliquod
3441 1958 3711 2028 suspica-

480 2055 674 2128 bitur.]

546 2147 662 2201 1am
697 2161 824 2200 vero
862 2145 1290 2200 demonstratum
1345 2151 1427 2198 est
1462 2153 1619 2197 antea
1653 2143 1864 2212 piorum
1901 2159 2030 2202 sen-

479 2237 680 2295 tentiis.
716 2235 956 2291 eamdem
987 2251 1108 2291 esse
1153 2234 1206 2289 in
1258 2234 1416 2289 Patre
1456 2243 1510 2288 et
1564 2233 1700 2288 Filio
1758 2243 2031 2298 naturam,

481 2342 653 2395 neque
691 2325 803 2380 lieri
835 2341 1013 2392 posse,
1046 2333 1105 2378 ut
1133 2340 1252 2394 quae
1280 2323 1480 2377 diversi
1509 2334 1636 2378 sunt
1666 2325 1906 2394 generis.
1941 2323 2031 2378 Dei

480 2414 701 2467 nomine
725 2413 1574 2483 appellentur:quemadmodum
1632 2413 1765 2466 l‘ahri
1824 2413 2034 2483 lignarii

480 2505 621 2558 ﬁlius
650 2521 755 2558 non
786 2504 985 2558 dicitur
1015 2519 1317 2566 scamnum,
1375 2519 1549 2573 neque
1599 2504 1839 2573 prudens
1894 2504 2036 2558 ullus

480 2595 676 2647 dixerit
711 2593 778 2647 ab
817 2594 1115 2647 architecto
1141 2595 1306 2646 tilium
1341 2609 1461 2648 esse
1503 2603 1900 2655 constructum,
1941 2592 2035 2647 sed

486 2683 603 2750 ipsa
637 2682 729 2735 lilii
754 2692 806 2735 et
834 2683 1001 2750 patris
1027 2683 1385 2752 appellatione
1413 2681 1560 2751 quod
1609 2683 1907 2737 secundum
1937 2698 2037 2738 na-

483 2781 660 2825 turam
717 2772 1065 2842 coniunctum
1123 2782 1227 2835 est,
1287 2773 1639 2844 designatur;
1677 2789 1904 2829 necesse
1953 2782 2038 2830 est

485 2863 638 2931 plane
664 2877 787 2916 cum
821 2862 928 2915 duo
960 2871 1087 2917 sunt
1113 2862 1512 2917 necessitudine
1533 2864 1724 2933 juncta
1757 2879 1876 2919 cum
1907 2880 2034 2930 uno,

483 2967 656 3020 neque
689 2951 828 3004 inter
853 2967 911 3006 se
937 2951 1212 3016 diﬂ‘crunt,
1247 2953 1292 3006 si
1317 2969 1439 3006 cum
1470 2951 1628 3007 Patre
1656 2953 1826 3010 Filius
1847 2965 2038 3011 natura

485 3043 668 3096 nnitus
696 3049 799 3104 est,
842 3043 1084 3096 eamdem
1128 3058 1288 3112 porro
1343 3041 1607 3112 Spiritum
1648 3053 1898 3098 sanctum
1939 3046 2037 3098 ha-

484 3137 612 3191 bere
646 3153 767 3192 cum
805 3135 945 3191 Filio
971 3145 1221 3191 naturam
1273 3153 1337 3192 ex
1379 3138 1786 3206 operationibus
1818 3144 2038 3193 demon-
2068 3165 2112 3224 ο

467 3235 712 3282 stratum
746 3236 827 3282 est
855 3246 867 3280 :
905 3229 1178 3298 colligitur
1201 3228 1322 3282 inde
1357 3244 1520 3281 unam
1574 3236 1776 3284 sancta:
1805 3229 2041 3283 Trinita-

487 3319 554 3372 tis
583 3318 1009 3372 demoustratam
1045 3334 1165 3372 esse
1202 3327 1450 3370 naturam
1495 3317 1702 3387 alisque
1732 3319 2038 3388 proprieta-

486 3415 600 3461 tum
629 3407 970 3467 conl'usione,
994 3424 1111 3480 quae
1139 3408 1405 3477 przecipue
1429 3407 1482 3460 in
1513 3408 1740 3476 singulis
1795 3419 2042 3476 spectan-

485 3505 577 3548 tur
602 3496 869 3564 personis,
898 3511 998 3549 nec
1047 3496 1346 3549 immutatis
1379 3495 1593 3549 indiciis
1645 3495 1844 3565 quibus
1899 3512 1928 3550 a
1986 3513 2044 3552 se

491 3585 720 3636 invicem
750 3584 1155 3636 discernuntur.
1187 3583 1319 3647 Quis
1349 3583 1512 3652 igitur
1549 3582 1701 3635 furor
1729 3592 2041 3650 esteorum,

486 3673 578 3742 qui
602 3670 864 3741 Spiritum
897 3680 1140 3726 sanctum
1165 3681 1494 3741 oppugnant,
1520 3675 1724 3728 servire
1760 3673 2042 3729 Dominum

487 3764 861 3817 tradentium?
889 3764 1086 3833 quibus
1122 3779 1187 3818 ne
1216 3763 1414 3819 Paulus
1465 3765 1703 3834 quidem,
1758 3766 1846 3819 cui
1888 3767 2042 3820 fidem

492 3854 748 3914 habeant,
777 3854 909 3907 satis
941 3854 1171 3908 idoneus
1203 3855 1355 3907 testis
1385 3861 1488 3916 est,
1521 3855 1612 3923 qui
1641 3855 1715 3907 ait
1742 3875 1753 3908 :
1793 3855 2044 3910 Dominus

491 3949 663 3996 autem
709 3942 942 4006 Spiritus
982 3942 1152 3995 est“.
1215 3943 1297 3996 An
1336 3942 1562 3998 forsitan
1590 3943 1900 4011 dictionem,
1935 3947 2046 3998 Ad-

489 4032 684 4090 veniet.
713 4033 816 4084 vim
858 4031 1077 4084 tollendi
1113 4031 1430 4101 dignitatem
1465 4033 1664 4089 habere
1693 4038 2047 4092 existimant?

488 4128 544 4173 et
573 4135 678 4174 non
707 4119 934 4174 audiunt
965 4135 1214 4188 magnum
1249 4119 1500 4176 Davidem
1527 4125 1688 4177 etiam
1723 4123 1938 4180 Patrem
1979 4125 2043 4180 ad

491 4227 552 4266 se
579 4214 879 4267 trahentem
905 4233 920 4267 :
948 4223 1022 4275 et,
1065 4213 1192 4266 Veni
1219 4214 1286 4266 ad
1331 4217 1641 4270 seruandum
1664 4234 1780 4285 nos,
1808 4219 2046 4272 claman-

491 4303 638 4357 tem?
671 4302 730 4355 Si
765 4304 928 4372 igitur
966 4305 1016 4356 in
1048 4302 1206 4357 Patre
1237 4306 1422 4358 venire
1481 4305 1718 4361 salutare
1749 4316 1861 4372 est,
1907 4325 2045 4378 quo—

494 4393 654 4446 modo
680 4392 734 4445 in
767 4392 969 4461 Spiritu
1009 4392 1194 4446 venire
1241 4395 1564 4462 probrosum
1598 4403 1652 4449 et
1692 4397 2048 4450 contumelio-

2215 2139 2376 2194 Ἀλλὰ
2410 2140 2506 2192 νῦν
2543 2137 3012 2209 προαποδέδεικται
3050 2141 3169 2201 ταῖς
3192 2139 3298 2191 τῶν
3333 2141 3566 2196 εὐσεϐῶν
3588 2146 3705 2198 δό-

2137 2229 2386 2302 ξαις,τὴν
2401 2227 2566 2298 αὐτὴν
2595 2229 2684 2282 ἐπὶ
2713 2231 2924 2300 Πατρός
2957 2230 3048 2282 καὶ
3072 2228 3199 2283 Υἰοῦ
3225 2231 3381 2297 φύσιν
3415 2232 3570 2298 εἶναι,
3605 2239 3703 2307 μὴ

2135 2315 2274 2373 εἶναι
2293 2317 2512 2371 δυνατὸν
2540 2317 2607 2370 τὰ
2633 2318 2916 2388 ἑτερογενῆ
2943 2321 3007 2389 τῇ
3043 2320 3134 2371 τοῦ
3174 2319 3306 2372 Θεοῦ
3337 2321 3520 2392 κλήσει
3549 2343 3669 2379 κατ
3689 2359 3706 2369 -

2136 2408 2515 2478 ονομάζεσθαι·
2556 2407 2629 2471 ὡς
2660 2409 2718 2460 οὐ
2747 2408 2967 2477 ,λέγεται
3021 2409 3216 2479 βάθρον
3251 2411 3362 2474 υἱὸς
3415 2414 3704 2479 τέκτονος,

2143 2499 2263 2571 μηδ’
2307 2501 2372 2554 ἂν
2405 2517 2488 2563 τις
2522 2501 2662 2554 εἴποι
2694 2501 2802 2554 τῶν
2854 2500 3254 2571 εὐφρονούντων
3288 2505 3369 2557 ὅτι
3410 2505 3617 2572 οίκοδόμ
3631 2524 3710 2569 ος

2137 2590 2249 2643 υἱὸν
2307 2591 2769 2657 κατεσκευάσατο,
2816 2591 2952 2647 ἀλλὰ
3001 2596 3068 2666 τῇ
3126 2592 3220 2646 τοῦ
3287 2592 3401 2645 υἱοῦ
3451 2594 3542 2645 καὶ
3587 2595 3708 2649 τοῦ

2140 2678 2345 2748 πατρὸς
2405 2679 2747 2751 ιιιροιτηγορία⁸
2809 2676 2872 2732 τὸ
2922 2679 3068 2736 κατὰ
3106 2677 3203 2749 τὴν
3230 2679 3386 2747 φύσιν
3415 2684 3710 2753 συνημμέ-

2139 2785 2226 2821 νον
2256 2766 2669 2836 ἐπισημαίνεται
2689 2783 2703 2798 ο
2732 2766 2941 2838 ἀνάγκη
2973 2769 3142 2830 πᾶσα,
3169 2769 3295 2822 ὅταν
3331 2769 3399 2823 τὰ
3433 2771 3522 2824 δύο
3551 2773 3709 2841 πρὸς

2138 2857 2198 2910 τὸ
2237 2857 2294 2910 ἒν
2321 2857 2531 2920 οἰκείως
2559 2856 2675 2927 ἔχῃ,
2709 2857 2803 2908 καὶ
2839 2857 2971 2927 μηδὲ
3013 2857 3146 2927 πρὸς
3186 2858 3384 2928 ἄλληλα
3419 2861 3709 2932 διαφόρως

2139 2948 2269 3019 ἔχει,
2295 2946 2369 3017 τῷ
2408 2946 2580 3016 Πατρὶ
2615 2945 2757 2998 κατὰ
2791 2946 2887 3016 τὴν
2920 2946 3076 3012 φύσιν
3112 2949 3139 2999 ὁ
3180 2947 3305 3011 Υἱὸς
3329 2951 3553 3018 ἥνωται’
3587 2956 3708 3023 τῆς

2139 3040 2195 3093 δὲ
2225 3039 2316 3093 τοῦ
2352 3037 2478 3090 Υίοῦ
2527 3036 2738 3106 φύσεως
2772 3036 2857 3089 διὰ
2895 3036 3000 3089 τῶν
3035 3039 3322 3108 ἐνεργειῶν
3368 3042 3712 3112 ταυτότητος

2140 3131 2238 3184 οὐκ
2274 3129 2547 3199 ἀλλότριον
2597 3127 2884 3196 ἀπεδείχθη
2917 3128 2975 3180 τὸ
3013 3127 3234 3199 Πνεῦμα
3265 3130 3324 3182 τὸ
3370 3131 3517 3199 ἅγιον
3539 3150 3552 3161 ·
3590 3133 3710 3200 μία

2141 3222 2280 3276 κατὰ
2315 3223 2375 3274 τὸ
2422 3219 2709 3273 ἀκόλουθον
2742 3219 3109 3273 ἀποδέδεικται
3146 3221 3244 3288 τῆς
3275 3222 3429 3288 ἁγίας
3463 3223 3712 3293 Τριάδος

2140 3316 2173 3382 ἡ
2212 3312 2392 3380 φύσις,
2448 3311 2506 3363 οῦ
2541 3309 2872 3380 συγχεομένη
2905 3311 2988 3379 ἐφ’
3024 3311 3258 3381 ἑκάστης
3302 3312 3398 3382 τῆς
3449 3313 3588 3366 κατὰ
3636 3316 3712 3367 τὸ

2142 3402 2414 3474 ἐξαίρετον
2461 3401 2930 3472 ὲπιθεωρουμένης
2990 3401 3180 3464 αὑταῖς
3241 3401 3514 3472 ἰδιότητος,
3569 3406 3714 3458 οὐδὲ.

2142 3494 2248 3546 τῶν
2294 3493 2682 3564 γνωρισμάτων
2727 3494 2783 3544 ὲν
2833 3490 3078 3561 ἀλλήλοις
3122 3490 3715 3564 ἁλλασσομέεθων.ΙΤές

2143 3579 2232 3637 οῦν
2264 3584 2296 3653 ἡ
2330 3582 2493 3652 μανία
2520 3582 2626 3634 τῶν
2671 3579 3279 3650 πνευματομαχούντων,
3308 3581 3575 3634 δουλεύειν
3602 3584 3715 3636 τὸν

2143 3673 2345 3743 Κύριον
2373 3672 2827 3741 δογματιζὸντων;
2859 3664 2953 3733 Οἷς
2991 3670 3112 3722 οὐδὲ
3148 3670 3354 3734 Παῦλος
3394 3671 3712 3743 διαμαρτυ-

2149 3765 2368 3836 ρόμενος
2404 3767 2547 3816 ἐστιν
2590 3763 2917 3828 ἀξιόπιστος,
2950 3762 3008 3824 ὃς
3040 3779 3232 3832 φησιν’
3277 3763 3336 3815 Ὀ
3380 3762 3446 3815 δὲ
3480 3766 3717 3833 Κύριος

2145 3855 2210 3908 τὸ
2237 3847 2478 3918 Πνεῦμά
2498 3853 2682 3903 ἐστιν.
2719 3851 2790 3904 Ἦ
2830 3850 2969 3920 τάχα
2997 3851 3076 3914 τὸ,
3109 3851 3366 3914 Ἐλθέτω,
3390 3851 3720 3922 καθαιρετιε

2145 3946 2238 3998 κδν
2264 3945 2362 4013 τῆς
2395 3943 2548 4008 ἀξίας
2590 3939 2932 4012 νομίζουσιη
2977 3940 3106 3996 Εἶτα
3150 3943 3248 3996 οὐκ
3287 3943 3569 3996 ἁκούουσιν
3601 3945 3712 3997 τοῦ

2149 4033 2378 4104 μεγάλου
2410 4031 2592 4092 Δαὸὶδ,
2622 4032 2714 4084 καὶ
2751 4031 2839 4084 τὸν
2877 4031 3095 4102 Πατέρα
3121 4032 3254 4102 πρὸς
3289 4033 3474 4085 ἑαυτὸν
3507 4033 3712 4085 ἕλκον-

2144 4141 2254 4186 τος,
2286 4123 2400 4185 καὶ,
2434 4121 2602 4175 Ἐλθὲ
2623 4125 2706 4187 εις
2729 4121 2794 4174 τὸ
2813 4120 3010 4175 σῶσαι
3040 4120 3211 4191 ἡμᾶς,
3234 4121 3484 4192 ﬂorum-0;;
3514 4125 3579 4176 ΕΞ
3603 4121 3712 4177 οὖν

2148 4215 2240 4266 ὲπὶ
2279 4213 2373 4266 τοῦ
2412 4212 2621 4282 Πατρὸς
2668 4212 2726 4264 τὸ
2781 4211 2951 4264 ἐλθεῖν
2978 4213 3262 4283 σωτήριον,
3303 4213 3416 4276 πῶς
3470 4214 3563 4266 ἐπὶ
3603 4213 3709 4267 τοῦ

2149 4305 2460 4374 Πνεύματος
2491 4304 2549 4355 τὸ
2590 4301 2760 4354 ἐλθεῖν
2806 4303 3194 4365 ὲπονείδιστονς
3221 4304 3287 4354 Ἢ
3321 4303 3378 4353 τδ
3421 4302 3710 4373 καθαίρειν

2147 4393 2253 4446 τῶν
2281 4394 2580 4464 ἁμαρτιῶν,
2606 4393 2826 4460 σημεῖον
2848 4391 3122 4444 ποιοῦνται
3146 4392 3242 4460 τῆς
3262 4391 3398 4444 κατὰ
3420 4393 3514 4462 τὴν
3542 4393 3711 4459 ἀξίαν

493 4498 614 4536 sum
635 4482 764 4535 est?
793 4496 860 4534 an
894 4495 923 4532 a
959 4484 1196 4549 peccatis
1228 4498 1459 4551 purgare
1489 4485 1703 4554 signum
1728 4501 1851 4540 esse
1882 4487 2038 4540 dimi-

2147 4485 2418 4554 ὑφέσεως;
2469 4482 2578 4535 Καὶ
2633 4481 2735 4552 μὴν
2791 4482 2950 4534 ἄκουε
2993 4482 3102 4534 τῶν
3143 4483 3383 4535 ἀπίστων
3437 4484 3710 4537 Ἰουδαίων

494 4581 636 4625 nuta:
663 4569 941 4638 dignitatis
964 4569 1320 4624 existimant?
1347 4572 1508 4641 Atqui
1550 4572 1672 4625 audi
1740 4574 2046 4630 incredulos

492 4659 707 4715 Judaaos
738 4662 1063 4720 clamantes,
1105 4661 1250 4730 quod
1290 4663 1562 4717 remittere
1604 4673 1824 4731 peccata
1878 4666 2046 4720 solius

497 4751 569 4804 sit
597 4749 709 4810 Dei,
748 4764 869 4801 cum
901 4749 968 4803 de
996 4748 1155 4804 Patre
1189 4752 1288 4806 hoc
1327 4753 1548 4804 verbum
1593 4752 1834 4807 dicerent
1861 4773 1874 4808 :
1907 4754 2046 4819 Quid

497 4840 600 4902 hic,
652 4839 924 4907 inquiunt,
981 4840 1216 4908 loquitur
1283 4842 1674 4909 blasphemias?
1714 4846 1828 4912 quis
1879 4856 2046 4914 potest

497 4931 761 4983 remittere
784 4941 1016 4996 peccata,
1050 4932 1150 4984 nisi
1200 4934 1343 4985 solus
1384 4931 1516 4986 Deus
1540 4933 1584 4966 ”
1608 4933 1631 4985 ?
1657 4934 1712 4988 Si
1747 4934 1906 5005 igitur
1945 4936 2045 4990 Pa-

499 5031 581 5076 ter
607 5022 824 5089 quidem
855 5031 1070 5092 peccata
1105 5024 1348 5082 remittit,
1387 5023 1556 5079 Filius
1603 5041 1734 5079 vero
1767 5035 2046 5096 peccatum

501 5113 686 5167 mimdi
721 5114 894 5167 tollit:
917 5114 1167 5183 puriﬁeat
1198 5114 1320 5169 item
1351 5114 1586 5183 Spiritus
1617 5125 1838 5172 sanctus
1866 5134 1897 5172 a
1919 5133 2048 5188 pec-

498 5205 601 5257 cati
632 5205 1053 5274 inquinamentis
1083 5220 1200 5267 eos,
1243 5206 1294 5258 in
1327 5206 1526 5274 quibus
1557 5207 1718 5260 fuerit
1748 5223 1761 5259 :
1798 5209 1926 5278 quid
1963 5211 2048 5263 di-

498 5301 642 5352 cent.
671 5295 760 5362 qui
788 5309 941 5348 suam
965 5295 1129 5348 vitam
1156 5296 1503 5365 oppugnant?
1541 5295 1645 5350 Sed
1681 5300 1858 5352 veniat
1883 5315 2049 5370 super

501 5398 604 5437 nos
651 5383 882 5453 Spiritus
935 5395 1176 5452 sanctus,
1207 5397 1261 5440 et
1294 5385 1543 5454 puriﬂcet
1575 5401 1693 5449 nos.
1727 5396 1781 5443 et
1822 5404 2049 5460 capaces

573 5521 622 5553 "
661 5521 702 5574 ll
731 5489 859 5578 Cur.
891 5538 984 5588 ιιι,
1019 5521 1104 5579 17.
1179 5521 1430 5582 "Marc.
1465 5537 1537 5588 ιι,
1571 5523 1625 5578 7.

2149 4575 2407 4645 βοώντων,
2437 4576 2517 4626 ὅτι
2542 4574 2601 4626 τὸ
2639 4573 2894 4641 Ἀφιέναι
2924 4573 3206 4641 ἁμαρτίας
3222 4575 3410 4643 μόνου
3437 4574 3568 4627 ἐστι
3596 4577 3709 4630 τοῦ

2149 4663 2327 4718 Θεοῦ’
2367 4665 2492 4734 περὶ
2531 4664 2622 4716 τοῦ
2653 4665 2862 4734 Πατρὸς
2909 4663 3184 4730 λέγοντες·
3228 4665 3288 4716 Τί
3318 4660 3509 4729 οὗτος,
3547 4667 3706 4733 φησὶ,

2144 4757 2754 4825 λαίεῖβλασρημίαα
2781 4758 2874 4821 Τίς
2895 4757 3138 4808 δύναται
3164 4755 3396 4824 ἀφιέναι
3418 4756 3712 4823 ἁμαρτίας

2146 4851 2197 4901 εὶ
2224 4849 2309 4916 μὴ
2330 4848 2514 4916 μόνος
2541 4850 2573 4900 ό
2602 4849 2774 4910 Θεός;
2802 4847 2862 4898 Εἰ
2895 4842 2986 4898 οὖν
3023 4847 3210 4914 ἀφίησι
3247 4845 3344 4915 μὲν
3380 4845 3649 4914 ἁμαρτίας
3680 4849 3712 4898 ὀ

2149 4939 2354 5009 Πατὴρ,
2395 4940 2535 5008 αἴρει
2569 4938 2626 4990 δὲ
2669 4941 2696 4990 ὁ
2729 4938 2851 5000 Υἱὸς
2885 4937 2974 4990 τοῦ
3009 4938 3211 5004 κόσμου
3254 4938 3369 5004 τὴν
3391 4937 3665 5004 ἁμαρτίαν
3689 4976 3710 4999 ,

2149 5029 2429 5100 καθαρίζει
2449 5031 2504 5082 δὲ
2524 5028 2584 5081 τὸ
2606 5027 2826 5098 Πνεῦμα
2844 5028 2904 5080 τὺ
2926 5027 3075 5091 ἅγιον
3095 5028 3158 5078 ὲκ
3179 5027 3284 5078 τῶν
3306 5026 3404 5094 τῆς
3430 5027 3708 5095 ἁμαρτίας

2153 5119 2505 5190 μολυσμάτων
2543 5115 2622 5181 οἷς
2658 5119 2721 5172 ἂν
2749 5119 3068 5188 ἐγγένηται·
3095 5118 3147 5169 τί
3187 5115 3401 5186 ἐροῦσιν
3422 5118 3469 5167 οἱ
3501 5119 3565 5184 τῇ
3602 5116 3710 5185 ἰδία

2152 5212 2647 5284 προσπολεμοῦντες
2706 5209 2854 5281 ζωῇς
2912 5209 3046 5260 Ἀλλ’
3085 5207 3281 5259 ὲλθέτω
3329 5207 3414 5273 ἐφ’
3450 5207 3594 5274 ἡμᾶς
3641 5206 3710 5258 τὸ

2150 5304 2372 5372 Πνεῦμα
2410 5306 2468 5356 τὸ
2508 5306 2680 5370 ἅγιον,
2720 5303 2813 5354 καὶ
2850 5299 3192 5369 καθαρισάτω
3228 5298 3396 5368 ἡμᾶς,
3432 5297 3522 5348 καὶ
3553 5296 3710 5364 ποιή-

2155 5410 2261 5445 σειε
2290 5394 2567 5456 δεκτικοὺς
2591 5393 2695 5445 τῶν
2725 5392 2940 5461 ὑψηλῶν
2964 5407 3021 5442 τε
3053 5390 3146 5443 καὶ
3167 5387 3479 5459 Θεοπρεπῶν
3503 5387 3708 5456 νοημά-

574 5672 650 5748 (ο)
691 5673 810 5728 lla‘c
865 5676 1021 5730 uncis
1055 5674 1257 5730 inclusa
1291 5674 1359 5729 ab
1388 5675 1680 5744 intsrprete
1713 5675 1939 5739 omissa,
2002 5689 2122 5744 qua:
2162 5673 2403 5729 citantur
2440 5675 2508 5731 ab
2547 5673 2862 5746 Euthymio,
2901 5677 2955 5732 in
2999 5676 3287 5748 Pauoplia,
3323 5678 3404 5734 tit.
3443 5679 3524 5747 12,
3558 5691 3702 5733 nunc

507 5742 774 5797 addimus.
