3824 6532
150 441 248 494 “si
982 439 1070 493 ns
1113 436 1464 494 ()RATIONE
1503 436 1851 493 DOHINICA.
1891 467 1963 482 —
1990 437 2248 498 omne
2305 442 2395 498 ιν.
3154 451 3294 508 ηδε

140 575 242 618 των.
266 557 344 611 τῶν
367 556 442 611 διὰ
460 558 561 628 τῆς
587 561 890 628 προσευχῆς
923 559 1053 629 ἡμῖν
1083 561 1232 630 παρὰ
1262 560 1361 630 τῆς
1388 559 1480 612 τοῦ
1509 560 1624 613 Ero-

1777 560 1896 614 lciat
1917 561 2232 616 sublimium
2258 563 2460 631 pariter
2475 577 2537 618 ac
2555 563 2867 620 divinorum
2891 566 3287 630 ittlellectumn.

137 653 267 720 τῆρος
303 647 730 718 ὑποδεικνυμένων
783 649 987 720 φωνῆς,
1025 644 1070 718 ᾧ
1114 653 1146 721 ὴ
1195 651 1320 716 δόξα
1375 653 1454 714 εἰς
1501 651 1622 714 τοὺς

1781 653 1822 704 ιιί
1851 667 1948 720 per
1973 652 2272 706 orationem
2327 653 2486 708 nobis
2527 655 2894 710 ostenduntur
2935 671 2963 710 a
2995 673 3126 712 voce
3161 659 3291 712 Ser-

136 743 292 804 αξὼνας
314 741 398 794 τῶν
422 738 650 795 αἰώνων.
698 739 891 811 Ἀμήν.

1727 745 1956 806 vatoris,
1997 743 2085 797 cui
2118 744 2290 814 gloria
2321 745 2373 798 in
2403 746 2599 799 steeula
2621 749 2967 802 stimulorum.
2997 751 3185 804 Amen.

676 853 893 907 ΛΟΓΟΣ
929 851 1005 906 Δ’.

2305 853 2563 912 ORATIO
2591 857 2677 912 ιν.

131 967 378 1044 Γενηθήτω
406 964 724 1044 τιζβέλῃμά
755 980 894 1044 σοι),
913 965 1007 1044 ’ὡς
1133 963 1366 1044 οὐρανῷ
1404 965 1502 1020 καὶ
1527 967 1624 1044 ἐπὶ

1783 966 1861 1019 iat
1890 965 2134 1020 voluntas
2166 975 2278 1031 tua,
2309 969 2444 1044 sicut
2485 970 2536 1021 in
2565 970 2692 1044 εωίο
2722 980 2768 1023 et
2800 973 2860 1044 in
2897 981 3058 1044 terra.
3098 972 3292 1028 Panem

189 1035 271 1107 τῆξ
300 1037 402 1108 γῆς,
447 1036 558 1090 Τὸν
595 1036 777 1104 ἄρτον
816 1035 985 1104 ἡμῶν
1029 1036 1135 1089 τὸν·
1176 1038 1487 1091 ἐπιούσιον
1523 1035 1627 1102 δὸς

190 1109 297 1176 ἡμῖν
317 1106 578 1176 σήμερον-

1552 1039 1627 1102 Γύς
1962 1047 2200 1090 nostrum
2229 1038 2595 1107 quotidianum
2621 1039 2688 1092 du
2721 1041 2868 1095 nobis
2891 1043 3062 1097 hodie.

190 1129 297 1177 ημιν
317 1129 578 1176 σημερον.

187 1202 380 1254 Ἥκουσά
425 1215 566 1262 τινος
622 1197 864 1269 ἰατρικοῦ
910 1196 1171 1268 τεχνικῶς
1215 1200 1314 1268 τῆς
1358 1197 1498 1251 κατὰ
1527 1201 1625 1267 τὴν

1799 1189 1996 1244 Audivi
2026 1192 2312 1261 quemdam
2357 1192 2638 1247 medicin-ae
2671 1195 2903 1263 peritum
2953 1201 3294 1256 naturalibus

120 1294 273 1362 ὑγείαν
295 1293 431 1356 ἕξεως
461 1287 1061 1360 φυσιολογοῦντος,ῐσως
1105 1287 1149 1343 δ’
1173 1289 1239 1342 ἂν
1261 1289 1471 1357 γένοιτο
1497 1289 1626 1357 ἡμῖν

1785 1283 2036 1338 itionibus
2061 1283 2338 1350 adductis,
2367 1285 2641 1354 quomodo
2668 1303 2789 1348 sese
2815 1291 3023 1344 sanitas
3049 1273 3295 1363 corporis

117 1390 199 1442 mi
230 1387 339 1459 πρὸς
361 1386 449 1454 τὴν
487 1383 584 1455 τῆς
613 1383 791 1455 ψυχῆς
818 1383 1030 1447 εὐεξίαν
1057 1381 1156 1435 οὑκ
1194 1382 1302 1434 ἀπὸ
1327 1380 1530 1433 σκοποῦ
1566 1379 1627 1432 τὸ

1781 1389 1871 1427 ene
1897 1373 1980 1428 vel
2006 1389 2166 1428 secus
2197 1374 2441 1435 haberet.
2476 1377 2773 1432 artiﬁciose
2799 1381 3253 1436 sermocinantem
3279 1398 3291 1437 :

114 1481 366 1550 λεγόμενον.
389 1477 496 1549 Τὴν
525 1475 632 1548 γὰρ
661 1479 726 1530 ἐκ
749 1475 844 1530 τοῦ
882 1475 1096 1548 μετρίου
1131 1474 1488 1545 παρατροπὴν
1519 1473 1624 1524 τῶν

1784 1465 2068 1520 :l‘ortassis
2103 1467 2157 1520 id
2188 1468 2330 1536 quod
2361 1467 2561 1522 dicitur
2589 1471 2752 1522 etiam
2787 1470 2946 1524 nobis
3000 1472 3064 1525 ad
3101 1474 3294 1527 bonam

111 1575 161 1624 ἐν
189 1574 294 1641 ἡμῖν
327 1568 588 1638 στοιχείων
614 1567 780 1631 τινὸς,
816 1568 990 1639 ἀρχὴν
1025 1566 1120 1620 καὶ
1142 1565 1321 1619 αἰτίαν
1349 1566 1448 1634 τῆς
1484 1564 1621 1616 κατὰ

1778 1557 1924 1612 mima:
1955 1557 2322 1614 valetudinem
2359 1559 2616 1613 tuendam
2649 1560 2789 1614 haud
2825 1562 3058 1615 alienum
3109 1564 3288 1617 luerit.

112 1663 162 1716 τὸ
190 1661 329 1724 πάθος
354 1660 654 1721 συστάσεως
682 1657 962 1729 διωρίζετο
980 1675 993 1688 ·
1023 1656 1116 1709 καὶ
1149 1658 1213 1709 ἐκ
1257 1654 1348 1708 τοῦ
1383 1655 1622 1708 ἐναντίου

1783 1664 1928 1701 orum
1963 1648 2108 1702 enim
2153 1663 2273 1718 quae
2304 1648 2358 1702 in
2401 1649 2558 1704 nobis
2603 1661 2730 1705 sunt
2761 1652 3150 1706 elementorum
3191 1654 3293 1707 ali-

105 1757 262 1818 πάλιν,
281 1754 363 1824 τὴν
381 1753 470 1805 ἐπὶ
487 1752 546 1806 τὸ
565 1752 762 1805 οἰκεῖόν
781 1767 840 1803 τε
862 1752 954 1804 καὶ
977 1749 1119 1802 κατά
1141 1747 1300 1817 φύσιν
1321 1749 1428 1801 τῶν
1450 1748 1556 1817 πλη
1564 1765 1615 1817 μ·

1784 1739 1887 1806 ijus
1922 1754 1950 1791 a
1983 1739 2327 1794 convenienli
2363 1741 2528 1794 modo
2558 1740 2918 1797 deﬂexionem
2971 1745 3293 1815 principium

104 1847 259 1918 μελῶς
291 1844 754 1916 παρακινηθὲντων
793 1841 1292 1903 ἀποκαταστασίαν,
1329 1839 1614 1910 θεραπείαι

1827 1846 2054 1886 causam
2088 1848 2210 1888 esse
2239 1834 2533 1898 statuebat,
2565 1849 2633 1890 ex
2673 1850 2778 1905 qua
2829 1837 3051 1891 morbus
3097 1837 3298 1892 conﬂao

98 1897 304 2005 ἔφασκεν
349 1897 440 2004 τῆς
471 1897 733 1996 νοσώδους
775 1933 952 1994 αἰτίας
999 1927 1156 1986 εἶναι.
1199 1932 1308 1985 Καὶ
1336 1929 1424 1984 διὰ
1469 1929 1626 1983 τοῦτο
1657 1897 1698 1953 Β
1728 1932 1920 1988 1‘0"";
1965 1931 2019 1979 et
2053 1941 2121 1979 εἰ
2169 1926 2447 1980 θοῑὶῑνπίο
2503 1941 2698 1982 Υυτδιιε
2743 1942 2931 1982 Comm
2986 1944 3107 1996 (μιῖὲ
3160 1930 3301 1999 male

96 2029 292 2080 σκοπεῖν
318 2025 441 2097 ᾤετο
475 2025 602 2087 δεῖν,
623 2027 705 2079 ὅτι
739 2024 972 2096 μάλιστα
1010 2025 1118 2076 τῶν
1140 2026 1197 2076 ἐν
1233 2025 1366 2094 ἡμῖν
1408 2025 1465 2076 ὲν
1497 2024 1606 2075 ἀτα·

1788 2017 1953 2070 :vitio
1979 2025 2126 2070 mota
2170 2027 2332 2088 atque
2386 2026 2592 2071 mutata
2640 2029 2826 2074 essent
2869 2019 2922 2074 in
2973 2021 3298 2075 convenien-

93 2119 177 2191 ξίᾳ
209 2119 516 2188 κινουμένων
536 2118 622 2171 διὰ
657 2117 755 2187 τῆς
805 2116 940 2181 ἰδίας
975 2117 1383 2188 ὲπικρατήσεως
1440 2115 1603 2170 ἄτονο¹

1887 2115 1941 2162 et
1995 2107 2309 2164 naturalem
2356 2109 2578 2163 modum
2631 2110 3072 2171 restitutionem,
3126 2111 3298 2164 morbi
3369 2181 3375 2188 ‘

88 2215 246 2265 ποιεῖν
268 2211 350 2264 τοῦ
380 2208 859 2280 άντιστοιχοῦντος,
880 2210 978 2280 τὴν
1009 2211 1144 2281 πρὸς
1167 2210 1265 2282 τὴν
1287 2210 1473 2278 ὑγείαν
1502 2227 1598 2262 συν

1786 2214 1910 2254 lusa:
1958 2200 2304 2255 curationem
2342 2210 2505 2270 atque
2549 2202 2943 2256 correctionem
2973 2217 3098 2256 esse
3150 2201 3296 2256 dice-

84 2305 351 2376 εισφοράν·
401 2303 476 2364 ὡς
516 2304 565 2356 εί
617 2303 714 2374 μὲν
746 2301 805 2355 τὸ
847 2301 1046 2372 θερμὸν
1089 2302 1379 2372 ἐπικρατῇ,
1408 2303 1594 2371 σὺμμα

1785 2299 1820 2342 ιι
1847 2308 1861 2343 :
1889 2297 2054 2360 atque
2083 2290 2290 2345 idcirco
2319 2290 2671 2347 considerare
2703 2300 2866 2361 atque
2899 2291 3166 2362 dispicere
3199 2310 3295 2360 pu-

80 2395 199 2467 χίαν
235 2394 320 2449 καὶ
349 2393 424 2466 τῷ
471 2393 913 2464 δυναπευομὲνῳ
947 2397 1264 2464 παρασχεῖν,
1303 2393 1396 2445 καί⁹
1435 2392 1590 2444 ὑπονο

1778 2381 1880 2435 ibat
1910 2389 2183 2451 oportere,
2214 2383 2343 2452 quid
2375 2385 2610 2439 maxime
2641 2385 2696 2438 in
2725 2384 2816 2448 iis,
2853 2398 2975 2453 qua:
3009 2399 3288 2453 perperam

74 2485 236 2551 τίζειν
259 2483 316 2537 τὸ
342 2482 746 2555 ξηραινόμενον.
779 2481 870 2551 Μή
914 2498 1015 2534 που
1042 2480 1142 2550 τῆς
1168 2479 1300 2551 ὕλης
1334 2481 1584 2534 ὑπολιποί

1775 2491 1786 2527 ι
1820 2474 1978 2528 nobis
2009 2481 2064 2530 et
2095 2475 2400 2530 inordinate
2429 2486 2799 2542 moverentur,
2825 2479 2908 2532 sui
2943 2479 3285 2548 przevalentia

75 2594 194 2648 σης,
235 2573 522 2646 μαρανθείη
571 2573 790 2637 τελείως
834 2575 926 2626 καὶ
958 2573 1321 2643 ἀποσϐεσθείη
1366 2575 1423 2624 ὲν
1457 2574 1583 2625 ἐαυτ

1775 2566 1966 2635 ppositi
1999 2566 2253 2622 elementi
2290 2569 2418 2628 vim.
2464 2585 2624 2638 quam
2660 2570 2724 2622 ad
2776 2572 3066 2625 sanitatem
3127 2572 3285 2627 simul

67 2671 130 2722 τὸ
162 2667 370 2738 θερμὸν,
396 2662 527 2720 αὐτὸ
553 2665 682 2737 περὶ
715 2665 893 2735 ἐαυτῷ
925 2663 1309 2735 δαπανώμενον
1332 2680 1344 2693 ·
1373 2664 1577 2716 ὡσαύτω

1782 2659 1976 2720 ιΓθιτοι,
2025 2658 2341 2728 infringeret
2397 2671 2560 2730 atque
2593 2662 2939 2718 debilitaret:
2975 2672 3035 2716 ut
3063 2664 3108 2718 si
3168 2665 3292 2734 qui-

64 2759 160 2813 καὶ
206 2759 258 2812 εί
292 2776 343 2811 τι
383 2756 488 2811 τῶν
514 2757 688 2811 ἄλλων
715 2756 823 2809 τῶν
868 2756 1008 2809 κατὰ
1051 2755 1113 2808 τὸ
1146 2756 1383 2808 ἐναντίον
1411 2755 1469 2807 ἐν
1501 2757 1574 2826 ὴμ

1783 2763 1853 2802 2m
1888 2749 2037 2802 calor
2061 2750 2394 2818 praevaleret,
2433 2751 2694 2805 auxilium
2749 2752 2796 2806 ei
2845 2753 2991 2821 quod
3020 2754 3293 2823 opprimeo

60 2856 446 2927 θεωρουμένων
486 2853 725 2907 ἐκϐαίνοι
764 2852 855 2905 τὸν
886 2853 1029 2923 ὅρον,
1061 2850 1197 2922 πρὸς
1237 2851 1296 2903 τὸ
1331 2833 1570 2912 ’πλεονάζ

1795 2848 1882 2893 tur
1923 2841 2247 2909 praebeatur,
2275 2850 2328 2895 et
2357 2842 2610 2912 irrigetur
2649 2844 2699 2898 id
2730 2845 2874 2914 quod
2903 2845 3211 2900 exsiccetur
3246 2854 3299 2901 et

57 2947 331 3012 ἵστασθαι,
359 2947 437 3017 τῷ
476 2944 850 3016 ἐλαττουμένῳ
880 2942 976 3014 τὴν
1007 2943 1112 2997 ἀπὸ
1144 2943 1244 3012 τῆς
1269 2943 1472 3012 τέχνης,
1493 2959 1567 3009 cu;

1790 2946 1973 3000 'escat,
2009 2951 2079 2990 ne
2117 2935 2256 2992 forte
2300 2939 2526 2994 materia
2573 2939 2790 2994 tandem
2821 2939 3130 3006 deﬁciente,
3171 2957 3300 2996 eva-

53 3039 261 3110 μαχίαν
299 3038 623 3107 ἐπάγοντας.
656 3035 872 3089 Τούτων
903 3034 961 3088 δὲ
989 3034 1313 3103 γενομένων,
1353 3034 1445 3086 καὶ
1477 3033 1563 3103 μηί

1953 3027 2168 3095 penitus
2193 3035 2249 3079 et
2278 3027 2660 3098 exstinguatur
2689 3030 2742 3083 in
2781 3045 2903 3086 sese
2961 3031 3133 3090 calor.
3170 3032 3298 3085 dum
3379 3063 3386 3068 -
3449 3063 3460 3081 .

45 3130 145 3193 νὸς
175 3129 274 3192 τῆς
319 3127 428 3180 τῶν
470 3126 748 3196 στοιχείων
782 3123 1056 3195 ἰσονομίας
1108 3122 1502 3194 ἐμποδίζοντος,
1536 3123 1555 3174 ὲ

1785 3131 1852 3172 βο
1881 3117 2028 3171 circa
2063 3133 2184 3174 sese
2220 3119 2567 3175 absumitur:
2599 3121 2850 3177 similiter
2887 3122 3050 3178 etiam
3084 3123 3128 3178 si
3165 3123 3295 3192 quid

40 3220 352 3288 ανάγεσθαι
377 3217 476 3289 τὴν
503 3217 690 3286 ὑγείαν
713 3214 790 3287 τῷ
817 3216 1048 3285 σώματι,
1085 3215 1278 3284 μηκέτι
1299 3216 1396 3284 τῆς
1423 3213 1550 3280 φὺσε

1794 3223 1800 3259 :
1847 3209 1968 3264 aliis
2007 3226 2127 3278 quae
2173 3228 2267 3280 per
2299 3215 2632 3289 contrarium
2672 3215 2724 3268 in
2755 3215 2912 3270 nobis
2948 3215 3304 3271 considerano

37 3287 196 3368 κατά
226 3313 327 3383 τὴν
377 3287 573 3384 κρᾶσιν
612 3307 1022 3386 ἀνωμαλούσης.
1058 3306 1124 3358 Τί
1151 3307 1214 3376 δή
1256 3322 1344 3373 μοι
1393 3303 1544 3373 βοὺλε

1795 3316 1832 3352 ιι·
1861 3303 2080 3358 modum
2114 3307 2180 3358 ad
2209 3287 2626 3360 redundantiam
2665 3307 2936 3376 vergendo
2960 3309 3207 3372 excellat,
3245 3316 3305 3361 ut

32 3407 105 3457 τὸ
141 3404 364 3476 μακρὸν
390 3402 549 3456 τοῦτο
575 3399 668 3455 τοῦ
702 3399 861 3468 λόγου
890 3398 1169 3468 προοίμιον
1193 3415 1207 3463 ;
1237 3397 1386 3466 Τάχα
1407 3395 1505 3447 οὐκ
1530 3398 1542 3447 ι

1820 3396 2078 3450 auxilium
2110 3397 2178 3450 ab
2215 3405 2330 3450 arte
2361 3399 2501 3467 parti
2536 3413 2657 3467 qua:
2701 3400 3024 3454 succumbat
3058 3399 3303 3465 ferendo,

35 3494 260 3549 σκοποῦ
292 3495 358 3548 τὸ
394 3492 678 3565 θεώρημα,
713 3489 831 3544 οὑδὲ
862 3490 1049 3561 πόῤῥω
1085 3505 1188 3541 που
1217 3487 1317 3553 τῆς
1346 3503 1536 3558 προκει

1797 3495 1970 3543 statur
1995 3503 2060 3542 ac
2103 3488 2450 3557 reprimatur.
2504 3490 2637 3556 Qua:
2687 3491 2732 3545 si
2799 3491 2942 3545 facta
2999 3491 3220 3557 fuerint,
3253 3502 3307 3550 ct

25 3604 142 3654 νης
199 3584 523 3645 ὑποθέσεως
573 3581 998 3650 ἀπεσχοίνισται.
1048 3577 1342 3648 Πρόκειται
1400 3576 1509 3647 γὰρ

1803 3580 1878 3634 hil
1928 3580 2179 3650 aequabili
2246 3581 2640 3637 elementorum
2719 3583 3091 3640 distributioni
3144 3593 3307 3656 atque

22 3675 284 3746 θεωρίαν
316 3677 454 3744 ἡμῖν
483 3670 904 3739 τὸνΓενηθήτω
937 3670 1002 3722 τὸ
1036 3667 1262 3737 θέλημά
1301 3683 1435 3720 σου.
1475 3668 1532 3720 ’⁸0

1796 3671 2108 3742 quilihritati
2143 3674 2364 3739 oliiciat,
2398 3678 2582 3732 reduci
2642 3686 2806 3747 atque
2838 3679 3052 3733 restitui
3091 3681 3306 3750 corpori

21 3768 82 3822 δὲ
115 3766 293 3838 χάριν
327 3765 687 3836 ἐμνήσθημεν
715 3761 810 3815 τοῦ
842 3761 983 3815 κατὰ
1017 3760 1113 3829 τὴν
1145 3758 1393 3829 ἰατρικὴν
1429 3757 1531 3810 θεω

1799 3764 2052 3824 nitatem,
2082 3765 2173 3819 ubi
2199 3774 2694 3837 natura,quantum
2721 3769 2914 3822 attinet
2939 3772 3005 3824 ad
3040 3777 3309 3841 tempera-

21 3875 235 3930 ματος,
273 3858 372 3911 διὰ
405 3857 513 3910 τῶν
537 3854 732 3924 ἐφεξῆς
763 3852 1144 3922 σαφηνίσομεν.

1800 3861 2008 3914 cntum,
2070 3871 2178 3909 non
2213 3857 2447 3926 amplius
2477 3859 2638 3913 fuerit
2686 3860 2988 3928 inrequalis.
3035 3859 3305 3925 Quorsum

21 3960 208 4028 igitur
240 3961 470 4024 spectat
524 3950 655 4005 mihi
708 3951 811 4004 hoc
860 3947 1076 4017 longum
1117 3944 1382 3998 orationis
1431 3943 1806 4014 principium?
1865 3947 2119 4004 Fortasse
2153 3967 2259 4004 non
2299 3952 2471 4005 aliena
2538 3953 2855 4022 speculatio,
2916 3969 3090 4022 neque
3152 3953 3310 4022 longe

22 4070 40 4104 ι
75 4047 403 4120 proposito
441 4049 761 4113 argumento
799 4039 1045 4106 seiuncta
1070 4043 1233 4106 atque
1262 4036 1477 4089 diversa
1509 4042 1630 4100 est;
1673 4039 2009 4106 propositum
2038 4040 2181 4094 enim
2218 4043 2376 4097 nobis
2435 4050 2519 4096 est
2575 4043 2641 4097 ad
2671 4041 3301 4112 considerandum,quid

21 4143 132 4197 sibi
176 4139 351 4201 velit,
383 4135 529 4207 quod
561 4133 795 4188 dicitur:
845 4128 972 4184 Fiat
999 4129 1240 4184 voluntas
1291 4136 1404 4180 tua.
1451 4125 1623 4194 Cujus
1661 4136 1841 4182 autem
1909 4133 1987 4185 rei
2059 4133 2236 4202 gratia
2291 4135 2489 4189 medici
2547 4136 2942 4206 speculamenti
2992 4137 3308 4192 memineri-

22 4245 172 4294 mts,
220 4227 504 4296 deinceps
540 4220 940 4278 declarabimus
979 4226 1031 4274 et
1063 4220 1391 4287 aperiemus.

84 4315 216 4372 Ἠν
247 4320 316 4370 ὲν
350 4315 516 4386 ὑγεία
542 4313 670 4366 ποτέ
705 4311 764 4364 τὺ
796 4310 982 4381 νοητὸν
1027 4309 1382 4381 ἀνθρώπινον,
1416 4304 1525 4362 οἷόν
1553 4323 1594 4358 τι

1812 4304 1941 4360 Erat
1968 4308 2264 4378 aliquando
2317 4312 2370 4365 in
2413 4313 2646 4369 sanitate
2683 4321 2863 4369 mente
2901 4319 3309 4388 comprehensi-

21 4431 126 4466 ιων
157 4409 496 4480 στοιχείων,
519 4406 628 4459 τῶν
653 4405 748 4475 τῆς
766 4403 942 4474 ψυχῆς
967 4403 1108 4472 λέγω
1132 4403 1465 4474 κινημάτων,
1495 4419 1528 4454 κ

1803 4400 2036 4462 legentis
2068 4402 2392 4466 humanum,
2427 4411 2685 4475 tanquam
2729 4407 3026 4464 ‘elementis
3073 4412 3305 4480 quibus-

26 4503 102 4556 ὸν
138 4504 259 4572 τῆς
290 4499 510 4571 ἀρετῆς
550 4498 705 4566 λόγον
757 4496 1054 4569 ίσοκρατῶς
1092 4497 1152 4548 ἐν
1182 4498 1313 4566 ἡμῖν
1361 4511 1534 4564 κεκρα

1795 4508 1886 4553 im,
1913 4494 2125 4558 animae,
2160 4495 2404 4565 inquam.
2456 4499 2698 4553 motibus
2727 4499 3030 4554 secundum
3087 4506 3305 4561 virtutis

23 4612 144 4650 ων.
202 4595 390 4647 Ἐπεὶ
431 4592 486 4644 δὲ
533 4589 628 4643 τοῦ
674 4587 1069 4659 ἐπιθυμητικοῦ
1113 4586 1533 4656 κατισχύσαντος

1793 4585 2006 4639 itionem
2060 4587 2404 4656 aequabiliter
2463 4590 2516 4642 in
2580 4590 2740 4643 nobis
2803 4595 3141 4660 temperatis.
3200 4598 3303 4651 Sed

29 4681 191 4736 ὑτοῦ
233 4680 508 4734 ἐναντίου
536 4678 794 4749 νοουμένη
835 4676 1130 4747 διάθεσιςὴ
1171 4677 1464 4748 ἐγκράτεια
1507 4695 1539 4730 κ

1799 4686 2092 4745 »ειειιιιυιιω
2147 4677 2471 4746 praevalente
2525 4678 2574 4731 vi
2628 4683 2998 4751 concupitiva,
3056 4701 3177 4756 qua:
3242 4703 3309 4741 ex

21 4773 332 4846 κρατήθη
378 4771 462 4841 τῷ
489 4768 849 4834 πλεονάζοντι,
883 4769 975 4823 καὶ
1005 4769 1105 4834 τὴν
1133 4767 1367 4840 ἄμετρον
1403 4769 1531 4838 τῆςί

1793 4768 2021 4823 mtrario
2049 4769 2394 4839 intelligitur,
2422 4769 2656 4835 all’ectio,
2698 4775 3038 4830 continentia
3087 4794 3303 4847 nempe.

21 4865 235 4935 υμίας
270 4863 382 4916 ἐπὶ
411 4862 478 4914 τὰ
508 4861 582 4932 μὴ
614 4861 798 4915 δέοντα
841 4861 1054 4931 κίνησιν
1086 4861 1147 4912 τὸ
1174 4859 1378 4912 κωλὺον
1407 4860 1506 4912 οὑκ

1797 4875 1808 4912 ι
1834 4875 1900 4915 eo
1930 4860 2076 4930 quod
2107 4861 2336 4914 nimium
2360 4869 2415 4915 et
2437 4862 2748 4916 redundans
2769 4873 2909 4927 erat,
2941 4867 3164 4920 subacta
3187 4877 3272 4922 est
3295 4887 3307 4929 ;

21 4970 52 5003 κ
91 4950 332 5002 τούτου
382 4949 448 5002 τὸ
479 4949 822 5002 ἐπιθανάτιον
863 4949 1072 5018 νόσημα
1113 4949 1144 5019 ἡ
1176 4948 1418 5020 ἁμαρτία
1449 4951 1516 5019 τῇ

1797 4971 1864 5008 Im
1896 4969 2006 5008 non
2042 4961 2188 5010 esset
2216 4955 2358 5024 quod
2398 4956 2808 5011 immoderatam
2849 4960 3202 5028 cupiditatem
3257 4961 3307 5012 in

25 5043 306 5114 ρωπίνῃ
369 5042 606 5112 συνέστη
647 5040 825 5110 φύσει.
883 5042 938 5094 Ὁ
985 5041 1162 5093 τοίνυν
1210 5041 1391 5112 ίατρδς
1435 5041 1535 5111 ἀλη

1794 5061 1828 5100 :s
1856 5046 2232 5101 incommodas
2271 5053 2326 5099 et
2357 5046 2645 5103 indecoras
2685 5059 2933 5105 ruentem
2964 5053 3304 5119 reprimeret,

21 5136 110 5187 ὒν
139 5137 269 5204 τῆς
307 5134 503 5204 ψυχῆς
551 5133 904 5202 παθημάτων,
940 5136 968 5185 ὁ
1000 5132 1088 5185 διὰ
1115 5135 1238 5196 τοὺς
1278 5132 1460 5196 κακῶς
1491 5133 1531 5202 ἒ]

1794 5176 1796 5184 ,
1835 5136 2128 5200 inhiberet;
2165 5137 2361 5190 eximie
2400 5137 2579 5192 letalis
2611 5141 2835 5194 morbus
2862 5150 3142 5211 peccatum
3202 5143 3304 5195 hu-

21 5246 90 5290 τις
131 5229 205 5278 ὲν
250 5229 332 5295 τῇ
376 5225 493 5296 ζωῇ
527 5226 634 5277 τῶν
669 5225 972 5294 ἀνθρώπων
999 5224 1304 5294 γενόμενος,
1336 5227 1448 5287 τοῖς
1487 5226 1531 5278 ἐι

1799 5240 1913 5278 ana:
1952 5233 2161 5278 natura:
2185 5227 2474 5280 conﬂatum
2515 5236 2616 5282 est.
2664 5227 2838 5284 Verus
2897 5232 3062 5298 igitur
3113 5232 3307 5284 animae

21 5321 323 5392 ροσευχῇ
387 5321 675 5389 νοήμασιν,
710 5317 771 5369 τὸ
810 5315 1086 5370 νοσοποιὸν
1119 5317 1286 5369 αἴτιον
1336 5316 1531 5369 ὑπεκλὺ

1800 5316 1998 5369 tiorum
2035 5325 2087 5370 et
2129 5317 2442 5371 morborum
2480 5320 2750 5383 medicus,
2780 5321 2872 5388 qui
2910 5329 3131 5390 propter
3170 5323 3308 5375 male

21 5413 307 5478 τοινάγει
371 5413 527 5480 ἡμᾶς
560 5411 651 5462 ἐπὶ
688 5409 787 5479 τὴν
833 5409 1026 5479 νοητὴν
1081 5409 1306 5476 ὑγίειαν.
1352 5409 1531 5477 Ὑγεία

1828 5413 2008 5463 bentes
2039 5411 2092 5461 in
2126 5411 2234 5462 vita
2266 5409 2546 5463 hominum
2582 5419 2830 5466 versatus
2863 5423 2965 5476 est,
2999 5413 3308 5466 rationib-us
3335 5459 3338 5461 _

21 5519 108 5554 ττι
145 5503 274 5571 τῆς
302 5501 524 5570 ψυχῆς,
548 5503 580 5570 ἡ
605 5499 697 5551 τοῦ
720 5498 863 5552 θείου
888 5499 1187 5568 θελήματος
1211 5499 1389 5552 εὑοδία
1411 5516 1422 5528 ·
1453 5498 1531 5550 ὥσ

1795 5519 1811 5557 5
1839 5517 1958 5570 mue
1996 5502 2049 5556 in
2081 5503 2327 5556 oratione
2355 5501 2854 5570 deprehenduntur,
2878 5518 3100 5559 causam
3134 5505 3305 5558 morbi

21 5619 25 5662 ι
79 5594 295 5650 πάλιν
335 5594 414 5646 τὸ
461 5595 709 5645 ἐκπεσεῖν
754 5592 844 5646 τοῦ
887 5588 1090 5659 ἀγαθοῦ
1143 5591 1441 5660 θελήματος
1489 5607 1531 5644 ν(

1799 5591 2058 5645 Iicientem
2089 5592 2304 5654 tollens,
2331 5592 2564 5646 restituit
2600 5608 2700 5648 nos
2733 5594 2784 5646 in
2819 5609 2938 5648 eam
2970 5610 3089 5664 quae
3129 5604 3309 5650 mente

21 5687 106 5739 τὶ
149 5686 387 5758 ψυχῆς
422 5684 760 5755 τελευτώσης
792 5686 870 5746 εἰς
903 5684 1146 5736 θάνατον.
1185 5677 1452 5741 Ἐπεὶοῦν
1483 5684 1531 5751 ηε

1798 5683 2042 5752 srcipitur
2099 5683 2406 5737 sanitatem.
2472 5683 2693 5738 Sanitas
2750 5695 2930 5740 autem
2988 5687 3181 5740 animae
3226 5694 3308 5741 cst

35 5796 127 5830 σοι
139 5779 435 5847 μεν,τὴν
465 5776 675 5847 ἀγαθὴν
703 5777 760 5827 ἐν
792 5775 870 5844 τῷ
899 5775 1207 5843 παραδείσῳ
1241 5773 1447 5825 δίαιταν
1475 5790 1543 5825 κα

1805 5776 1941 5828 vina:
1972 5774 2270 5828 voluntatis
2304 5789 2530 5843 prosper
2586 5790 2900 5838 successus,
2953 5778 3308 5847 quemadmo-

21 5869 310 5930 πόντες,
357 5870 458 5920 ὅτε
491 5867 584 5920 τοῦ
624 5867 950 5936 δηλητηρίου
1008 5867 1104 5937 τῆς
1157 5867 1438 5938 παρακοῆς
1472 5869 1531 5938 ἄρ

1795 5884 1876 5922 mu
1907 5866 2071 5920 etiam
2104 5882 2165 5920 ex
2201 5865 2503 5928 contrario,
2535 5867 2804 5922 excidisse
2837 5868 2979 5921 bona
3013 5867 3305 5926 voluntate,

269 5965 576 6024 PATROL.
617 5965 731 6024 (in.
777 5963 995 6022 XLIV.
2879 5966 2955 6026 37
