4004 6468
647 373 786 428 H63

1919 373 1974 428 S.
2017 371 2344 428 GBEGORII
2379 374 2426 430 Ν
2433 374 2664 432 YSSENI

3689 401 3780 459 ιιθι

647 509 876 548 moruus
911 492 1104 546 animae
1129 499 1214 546 est
1247 491 1300 544 in
1329 501 1560 546 mortem
1593 491 1911 548 desinentis.
1945 493 2193 558 Quonian

2286 545 2288 554 λ
2319 493 2748 566 ἐνεφορήθημεν,
2789 495 2884 550 καὶ
2923 495 3011 550 διὰ
3041 495 3197 550 τοῦτο
3235 499 3308 568 τῷ
3343 507 3540 577 πονηρῷ
3561 510 3694 577 τούτῳ
3719 525 3783 574 καὶ

649 589 816 657 igitur
845 587 984 640 bona
1019 585 1197 640 victus
1235 583 1446 639 ratione
1471 593 1634 654 atque
1679 585 2000 640 habitudine
2033 585 2085 638 in
2117 599 2214 654 pa-

642 680 828 735 radiso
859 677 1046 730 relicta
1085 677 1494 746 aegrotavimus,
1549 691 1671 730 cum
1712 675 1778 730 de
1833 674 2214 730 inobedientiae

641 785 854 824 veneno
889 769 1114 838 largiter
1155 769 1518 837 sumpsimus,
1557 776 1612 820 et
1656 767 1861 822 idcirco
1916 766 2018 820 hoc
2057 766 2208 837 gravi

639 868 804 929 atque
839 859 983 912 letali
1024 857 1218 912 morbo
1243 863 1432 910 natura
1461 856 1752 910 succubuit
1795 863 1960 923 atque
1991 853 2207 907 devicta

635 962 740 1013 est,
775 951 924 1004 venit
959 950 1204 1004 medicus
1253 965 1438 1008 verus.
1487 948 1642 1016 juxta
1681 947 2054 1016 praescriptum
2095 959 2207 998 me-

634 1043 772 1096 dicae
801 1043 938 1096 artis
969 1057 1065 1112 per
1095 1041 1371 1095 contraria
1397 1041 1597 1092 malum
1630 1053 1834 1092 sanans
1863 1055 1876 1102 ;
1907 1046 2071 1106 atque
2111 1051 2208 1090 eos

633 1133 726 1204 qni
765 1133 968 1188 idcirco
1017 1133 1074 1186 in
1117 1131 1365 1186 morbum
1425 1130 1750 1190 inciderant,
1783 1131 1926 1198 quod
1960 1144 1988 1182 a
2023 1128 2207 1182 divina

631 1227 917 1280 voluntate
967 1231 1329 1286 recesserant,
1393 1237 1586 1274 rursus
1637 1220 2026 1286 conjunctione
2081 1235 2204 1272 cum

633 1322 913 1375 voluntate
947 1319 1128 1372 divina
1161 1334 1188 1370 a
1221 1317 1411 1370 morbo
1443 1317 1658 1370 liberat.
1695 1313 1826 1368 Nam
1877 1314 2040 1366 verba
2077 1327 2204 1364 ora-

635 1415 802 1468 tionis
839 1411 1012 1465 morbi
1046 1410 1242 1464 animm
1271 1409 1586 1464 inlucrentis
1614 1407 1824 1463 curatio
1872 1416 2018 1462 sunt.
2075 1405 2207 1460 Pre-

633 1515 790 1560 catur
847 1504 990 1558 enim
1055 1503 1210 1570 quasi
1274 1501 1602 1570 quibusdam
1659 1499 1944 1570 doloribus
2010 1499 2205 1552 anima:

631 1609 876 1664 pressus.
911 1593 1002 1662 qui
1037 1569 1188 1650 dicit,
1219 1569 1340 1642 Fiat
1365 1589 1606 1642 voluntas
1648 1599 1758 1640 tua.
1809 1569 2072 1640 Voluntas
2107 1600 2226 1638 att-'

631 1691 740 1738 teni
799 1683 892 1735 Dei
943 1682 1094 1734 salus
1151 1679 1432 1732 hominum
1486 1688 1589 1732 est.
1647 1675 1780 1730 Cum
1812 1677 1976 1746 igitur
2008 1675 2060 1728 in
2099 1677 2203 1728 hoc

631 1773 1010 1834 consistimus,
1049 1780 1104 1824 ut
1139 1773 1204 1824 ad
1257 1772 1424 1822 Deum
1451 1770 1724 1834 dicamus,
1769 1768 1888 1822 Fiat
1943 1767 2104 1822 etiam
2147 1769 2202 1822 in

631 1883 716 1921 me
745 1867 998 1921 voluntas
1033 1873 1147 1926 tua,
1183 1868 1409 1917 omnino
1447 1877 1674 1916 necesse
1721 1869 1807 1914 cst
1861 1861 2012 1929 prius
2057 1860 2204 1913 illam
2239 1865 2279 1918 Β

630 1959 794 2010 vitam
849 1958 1100 2010 incusare
1157 1971 1276 2024 quze
1329 1955 1566 2008 divinatn
1627 1953 1958 2006 voluntatem
2023 1961 2201 2005 trans-

543 2105 546 2108 .
629 2066 814 2122 gressa
845 2057 984 2114 erat,
1017 2057 1178 2116 atque
1211 2048 1325 2101 haec
1371 2063 1464 2116 per
1515 2045 1918 2100 confessionem
1963 2059 2201 2099 comme-

629 2141 1164 2208 morarezQuoniam
1199 2157 1294 2209 per
1339 2141 1678 2209 superiorent
1735 2139 1898 2192 vitam
1951 2137 2090 2192 male
2143 2139 2198 2190 in

627 2249 714 2289 me
748 2243 970 2304 operata
1003 2241 1086 2288 cst
1113 2233 1364 2302 Opposita
1399 2232 1788 2300 contrariaque
1813 2231 2090 2290 voluntas,
2143 2237 2198 2283 et

627 2327 860 2397 improbi
901 2327 1114 2397 tyranni
1169 2325 1419 2380 minister
1471 2323 1569 2386 fui,
1630 2331 1888 2392 tanquam
1949 2319 2193 2376 carnifex

629 2421 846 2490 quidam
873 2433 1178 2488 exsequens
1222 2417 1485 2471 adversus
1536 2416 1804 2485 meipsum
1865 2414 2192 2468 sententiam

628 2514 853 2574 inimici,
881 2513 1108 2576 idcirco,
1139 2525 1269 2563 mea:
1298 2509 1614 2578 perditionis
1651 2509 1930 2568 misertus,
1957 2505 2195 2560 concede

627 2613 684 2657 ut
717 2601 934 2657 tandem
967 2600 1259 2670 aliquando
1291 2600 1454 2652 ctiam
1489 2599 1542 2651 in
1572 2613 1656 2650 me
1685 2597 1775 2650 fiat
1803 2597 2058 2650 voluntas
2075 2603 2191 2648 tua.

629 2692 696 2747 υι
723 2692 866 2747 enim
897 2692 950 2744 in
985 2690 1260 2760 speluncis
1291 2689 1542 2742 obscuris
1597 2688 1748 2741 illato
1801 2685 2006 2740 lumine
2044 2694 2193 2740 tcne—

623 2785 734 2838 brae
761 2791 1116 2846 evanescunt,
1171 2788 1224 2835 et
1255 2781 1430 2848 caligo
1491 2779 1724 2832 recedit:
1751 2779 1822 2830 ita
1864 2778 1907 2832 si
1969 2785 2062 2829 tua
2097 2792 2192 2830 vo-

623 2875 806 2929 luntas
843 2873 898 2926 in
931 2889 1016 2926 me
1057 2872 1238 2936 fuerit,
1293 2871 1472 2924 omnis
1511 2884 1710 2938 pravus
1745 2877 1801 2924 ct
1847 2869 2192 2936 importunus

623 2966 788 3020 animi
830 2965 1091 3036 propositi
1129 2973 1310 3018 motus
1351 2963 1416 3016 ad
1459 2963 1686 3016 nihilum
1721 2961 2014 3030 redigetur.
2059 2959 2188 3012 Nam

623 3060 892 3116 sobrietas
923 3065 976 3112 et
1011 3054 1274 3108 modestia
1309 3054 1568 3107 lascivum
1604 3063 1656 3106 et
1685 3051 1944 3104 vitiosum
1994 3049 2191 3104 mentis

623 3151 919 3222 appetitum
955 3149 1284 3216 exstinguet,
1324 3145 1490 3199 animi
1533 3143 1792 3200 demissio
1837 3143 2039 3198 fastum
2096 3141 2190 3194 ab—

2323 583 2654 654 ἐπιθανατίῳ
2685 587 2948 656 νοσήματι
2979 589 3354 659 κατεκρατήθη
3381 595 3411 662 ή
3437 596 3600 662 φύσις·
3629 599 3783 674 ἦλθενό

2321 675 2574 746 ἀληθινὸς
2625 677 2826 749 ἰατρὸς,
2857 677 2998 731 κατὰ
3033 677 3132 730 ’τὸν
3177 679 3332 750 νόμον
3374 683 3465 752 τῆς
3495 689 3692 764 ἰατρικῆς
3725 698 3784 754 δή

2318 765 2428 818 τῶν
2450 767 2705 820 ἐναντίων
2731 767 2790 820 τὸ
2811 767 2978 820 κακὸν
3012 767 3302 840 ἐξιώμενος
3322 789 3333 802 ·
3361 776 3447 826 καὶ
3465 779 3572 840 τοὺς
3590 781 3659 836 διὰ
3677 788 3784 842 τοῦτο

2317 859 2384 926 τῇ
2419 859 2701 928 ἀρρωστίᾳ
2727 859 3160 930 συνενεχθέντας,
3200 861 3278 914 ὄτι
3299 863 3386 915 τοῦ
3415 865 3543 922 θείου
3563 871 3782 944 θελήματος

2317 948 2716 1042 ἐχωρίσθησαν,
2761 949 2922 1003 πάλιν
2968 951 3242 1042 ἐλευθεροῖ
3295 955 3385 1006 τοῦ
3437 963 3705 1030 νοσήματας,
3743 977 3782 1042 τῇ

2318 1041 2452 1109 πρὸς
2491 1041 2549 1092 τὸ
2597 1041 2843 1112 βούλημα
2897 1041 2992 1094 τοῦ
3029 1042 3164 1094 Θεοῦ
3217 1047 3481 1118 συναφεία.
3511 1051 3581 1104 Τὰ
3605 1056 3689 1126 γὰρ

2315 1134 2624 1202 προσευχῆς
2665 1133 2905 1202 ῥήματα,
2939 1133 3204 1202 θεραπεία
3237 1138 3350 1188 ἐστὶ
3393 1139 3483 1206 τῆς
3521 1143 3787 1218 ἐγγινομένης

2313 1225 2379 1292 τῇ
2407 1221 2552 1292 ψυχῇ
2581 1223 2913 1294 ἀρρωστίας.
2945 1223 3178 1294 Εὖχεται
3216 1226 3324 1297 γὰρ
3363 1225 3466 1282 οἷόν
3491 1249 3610 1285 τισιν
3640 1237 3792 1302 ὀδύναις

2312 1311 2410 1382 τὴν
2441 1312 2618 1382 ψυχὴν
2653 1314 3004 1383 συνεχόμενος
3033 1316 3061 1366 ὁ
3105 1315 3276 1384 λέγων
3295 1333 3308 1346 ·
3339 1321 3622 1386 Γενηθήτω
3660 1328 3708 1378 τὸ
3728 1329 3788 1381 θὲ.

2311 1404 2475 1472 λημὰ
2519 1419 2656 1460 σου.
2685 1405 2908 1477 Θέλημα
2932 1407 2988 1460 δὲ
3027 1407 3161 1460 Θεοῦ
3193 1410 3225 1478 ή
3261 1411 3491 1480 σωτηρία
3519 1413 3612 1465 τῶν
3645 1417 3790 1490 ἀνθρὼ-

2311 1513 2429 1550 πων
2462 1498 2628 1551 ἐστίν.
2668 1499 2916 1552 Ἐπειδὰν
2955 1501 3132 1552 τοίνυν
3172 1503 3253 1564 εἰς
3287 1501 3439 1555 τοῦτο
3477 1504 3674 1574 στῶμεν,
3697 1509 3791 1564 dim

2311 1587 2483 1638 εἰπεῖν
2509 1586 2588 1656 τῷ
2619 1587 2758 1658 Θεῷ,
2785 1589 2866 1640 ὅτι
2905 1589 3192 1660 Γενηθήτω
3221 1592 3314 1644 καὶ
3337 1593 3392 1643 ὲν
3435 1595 3548 1662 ἐμοὶ
3571 1597 3622 1648 τὸ
3643 1597 3792 1670 θέλημά

2313 1693 2406 1728 σου
2430 1715 2446 1738 ,
2480 1677 2690 1748 ἀνάγκη
2733 1681 2882 1732 πᾶσα
2919 1681 3186 1752 πρότερον
3228 1687 3500 1736 κατειπεῖν
3540 1687 3710 1741 ἐκείνου
3730 1693 3794 1744 τοῦ

2312 1765 2449 1833 βίου,
2479 1766 2539 1830 ὃς
2571 1767 2676 1831 ἔξω
2703 1768 2796 1820 τοῦ
2839 1768 2984 1822 θείου
3019 1769 3353 1841 βουλήματος
3381 1769 3464 1842 ἦν,
3497 1776 3732 1832 καὶταῦτα
3757 1782 3794 1832 ἐν

2307 1859 2373 1926 τῇ
2402 1857 2750 1930 ἐξαγορεύσει
2783 1860 3098 1924 διεξελθείν⁸
3121 1864 3200 1918 ὅτι
3224 1863 3436 1938 Ἐπειδὴ
3505 1867 3662 1931 κακῶς
3684 1872 3794 1942 ὲνῂρ.

2309 1963 2477 2017 γησεν
2499 1950 2558 2002 ὲν
2593 1951 2716 2020 ἐμοὶ
2757 1951 2842 2004 διὰ
2872 1951 2964 2004 τοῦ
2995 1953 3296 2020 φθάσαντος
3331 1955 3444 2024 βίου
3481 1957 3535 2009 τὸ
3561 1959 3795 2030 ἀντικείμε-

2307 2055 2395 2092 νον
2421 2037 2648 2111 θέλημα,
2676 2043 2770 2094 καὶ
2799 2042 3078 2114 ὑπηρέτης
3111 2045 3378 2118 ἐγενόμην
3406 2047 3494 2100 τοῦ
3526 2051 3720 2119 πονηροῦ
3741 2069 3796 2104 ιν-

2308 2130 2522 2200 ράννου,
2563 2128 2672 2184 οἷόν
2723 2149 2806 2196 τις
2849 2134 3040 2204 δήμιος
3079 2135 3177 2206 τὴν
3215 2137 3310 2188 τοῦ
3357 2139 3542 2208 ἐχθροῦ
3585 2141 3728 2210 ψῆφον
3745 2145 3796 2206 είς

2305 2221 2478 2292 πέρας
2509 2225 2628 2276 κατ’
2661 2225 2896 2294 ἐμαυτοῦ
2931 2227 3140 2296 φέρων·
3171 2228 3365 2282 τούτου
3395 2231 3543 2301 χάριν
3569 2229 3714 2286 οἶκτον
3731 2233 3794 2289 λι-

2305 2311 2413 2364 ϐὼν
2451 2313 2546 2382 τῆς
2589 2315 2861 2377 ἀπωλείας
2896 2332 3018 2386 μου,
3053 2317 3142 2380 δός
3183 2336 3314 2371 ποτε
3342 2321 3519 2374 καὶτὸ
3545 2322 3625 2376 σὺν
3647 2323 3796 2395 θέλημα

2303 2405 2555 2474 γενέσθαι
2583 2409 2638 2460 ἐν
2679 2405 2826 2476 ἐμοί.
2856 2407 3064 2480 Ὥσπερ
3093 2407 3200 2478 γὰρ
3231 2410 3290 2462 ἐν
3335 2413 3444 2472 τοῖς
3471 2409 3699 2480 ζοφώδεσι
3725 2414 3794 2464 τῶν

2303 2497 2580 2568 σπηλαίων
2611 2498 2786 2566 φωτὸς
2818 2499 3253 2570 είσκομισθέντος
3281 2503 3312 2554 ὁ
3335 2501 3494 2572 ζόφος
3517 2505 3794 2572 ἀφανίζεται·

2299 2585 2442 2640 οὕτω
2481 2588 2574 2641 τοῦ
2622 2589 2716 2642 σοῦ
2763 2589 3065 2662 θελήματος
3105 2593 3164 2645 ἐν
3211 2593 3338 2662 ἐμοὶ
3376 2595 3664 2662 γενομένου,
3697 2598 3795 2648 πᾶσι

2301 2679 2509 2750 πονηρὰ
2541 2682 2632 2734 καὶ
2671 2681 2870 2746 ἄτοπος
2907 2683 3008 2753 τῆς
3043 2685 3420 2756 προαιρέσεως
3467 2686 3656 2757 κίνησις
3681 2691 3740 2750 είς
3761 2689 3798 2740 τὸ

2303 2771 2376 2844 μὴ
2421 2772 2481 2825 ὃν
2513 2773 2878 2843 περιΐσταται.
2923 2773 2986 2828 Ἦ
3033 2775 3140 2847 γὰρ
3193 2776 3516 2848 σωφροσύνη
3557 2778 3708 2831 σϐέσει
3735 2780 3796 2850 τὴν

2299 2863 2590 2918 ἀκόλαστον
2611 2865 2703 2918 καὶ
2717 2864 2938 2935 ἐμπαθῆ
2962 2867 3061 2936 τῆς
3087 2867 3322 2932 διανοίας
3349 2871 3524 2942 ὁρμήν
3541 2887 3553 2900 ⁸
3578 2872 3800 2942 ήταπεινο-

2300 2957 2538 3025 φροσύνη
2568 2956 2932 3010 καταναλὼσει
2957 2959 3046 3011 τὸν
3063 2959 3256 3027 τῦφον·
3352 2963 3625 3034 μετριότης
3651 2963 3800 3016 ἰάσεται

2297 3046 2396 3115 τῆς
2423 3047 2794 3118 ὑπερηφανίας
2833 3049 2930 3118 τὴν
2958 3049 3110 3103 νόσον
3133 3067 3144 3078 ·
3177 3051 3238 3104 τὸ
3267 3052 3326 3104 δὲ
3354 3054 3450 3124 τῆς
3498 3055 3690 3124 ἀγάπης
3709 3056 3802 3122 ἁγε-

2299 3137 2389 3190 θὸν
2420 3139 2585 3192 πολὺν
2632 3141 2928 3209 κατάλογον
2959 3141 3066 3194 τῶν
3119 3143 3512 3214 ἀντικειμένων
3557 3147 3710 3198 κακῶν
3735 3147 3802 3215 τῆς

621 3217 834 3300 sumet:
865 3240 1170 3297 moderatio
1207 3239 1478 3308 superbia:
1525 3238 1773 3290 morbum
1827 3237 2076 3290 sanabit:
2116 3235 2191 3289 di-

2295 3227 2472 3297 ψυχῆς
2531 3229 2823 3283 ἀπελάσει·
2872 3231 3074 3302 ταύτην
3115 3233 3223 3304 γὰρ
3277 3235 3553 3307 ὑποχωρεῖ
3579 3237 3634 3290 τὸ
3678 3241 3801 3306 μῖσος,

621 3332 874 3387 lectionis
903 3345 1035 3384 vero
1063 3330 1264 3384 bonum
1294 3341 1548 3397 magnum
1581 3341 1867 3380 numerum
1919 3325 2193 3396 0pp0sito-

623 3441 743 3480 rum
778 3423 1051 3477 malorum
1093 3437 1157 3473 ex
1187 3419 1368 3472 anima
1402 3418 1674 3486 expellet:
1707 3417 1834 3470 huic
1865 3417 2010 3470 enim
2047 3418 2192 3472 cedit

621 3517 831 3577 odium,
867 3511 1090 3571 invidia,
1125 3509 1396 3570 simultas,
1431 3509 1524 3561 irae
1573 3515 1786 3568 motus,
1821 3507 2066 3562 animosa
2111 3506 2192 3560 af-

621 3603 804 3668 fectio,
839 3600 1069 3662 insidiae,
1103 3598 1400 3658 simulatio,
1450 3597 1824 3652 molestiarum
1872 3607 1926 3652 et
1959 3598 2190 3666 injuria-

619 3707 744 3748 rum
772 3691 1054 3752 memoria,
1085 3687 1338 3742 vindicta:
1368 3686 1586 3756 cupido,
1623 3685 2030 3741 eli’ervescentia
2061 3702 2188 3741 san-

617 3783 800 3856 guinis
834 3782 977 3836 circa
1030 3795 1151 3844 cor,
1190 3779 1422 3833 acerbus
1473 3788 1526 3834 et
1581 3779 1922 3832 truculentus
1974 3779 2188 3843 oculus,

618 3875 798 3932 omnis
827 3874 1016 3928 talium
1055 3871 1310 3926 vitiorum
1347 3885 1476 3940 grex
1528 3869 1840 3925 dilectionis
1898 3869 2188 3924 affectione

619 3969 876 4040 pellitur:
915 3967 988 4020 ita
1021 3964 1291 4035 duplicem
1331 3963 1748 4018 simulacrorum
1778 3963 1982 4016 cultum
2039 3961 2188 4030 ejicit

617 4058 854 4116 ellicacia
881 4057 1078 4112 divina:
1105 4055 1402 4109 voluntatis
1429 4073 1443 4120 ;
1479 4055 1774 4124 duplicem,
1799 4053 2037 4120 inquam,
2071 4060 2184 4106 tum

617 4151 764 4204 circa
803 4148 1118 4208 simulacra,
1163 4153 1275 4198 tum
1337 4144 1484 4196 circa
1539 4153 1820 4212 argentum
1860 4149 1914 4195 et
1969 4156 2182 4202 aurum,

617 4240 888 4296 insaniam
919 4245 1080 4306 atque
1107 4235 1390 4290 furorem:
1439 4249 1558 4302 quae
1598 4249 1777 4287 sermo
1837 4233 2185 4302 propheticus

619 4333 913 4389 simulacra
943 4329 1184 4398 gentium
1229 4325 1531 4379 nominavit
1553 4325 1616 4378 “.
1643 4323 1761 4376 Fiat
1793 4325 1956 4394 igitur
1993 4325 2185 4378 volun-

615 4433 698 4477 tas
719 4433 833 4485 tua,
859 4427 918 4474 ut
949 4417 1150 4472 diaboli
1179 4416 1432 4469 voluntas
1452 4415 1846 4482 exstinguatur.
1879 4413 1982 4468 Sed
2015 4429 2185 4483 quare

613 4525 903 4584 precamur
935 4517 993 4562 ut
1027 4523 1057 4562 a
1104 4507 1210 4562 Dco
1269 4507 1469 4568 bonum
1513 4505 1672 4562 nobis
1707 4505 1874 4558 animi
1935 4505 2182 4574 proposi-

613 4613 728 4658 tum
754 4601 1078 4671 contingat?
1103 4599 1230 4670 quia
1253 4599 1466 4652 infirma
1495 4597 1560 4650 ad
1595 4597 1795 4650 bonum
1825 4606 1909 4652 est
1941 4599 2176 4652 humana

611 4705 826 4758 natura,
845 4701 1198 4765 posteaquam
1229 4691 1396 4746 semel
1424 4707 1518 4760 per
1549 4689 1898 4744 vitiositatcm
1917 4697 2178 4742 enervata

611 4795 728 4842 est:
757 4801 865 4840 non
899 4785 1043 4840 enim
1075 4785 1150 4838 ita
1187 4783 1346 4838 facile
1385 4799 1416 4836 a
1451 4783 1592 4836 malo
1626 4797 1820 4836 rursus
1857 4781 1924 4836 ad
1975 4781 2176 4836 bonum

607 4877 776 4932 homo
809 4877 1123 4939 revertitur,
1169 4885 1294 4928 uta
1331 4875 1476 4928 bono
1534 4874 1600 4928 ad
1647 4873 1848 4928 malum
1908 4873 2174 4937 accessit;

608 4967 1064 5038 quemadmodum
1125 4967 1288 5020 etiam
1355 4967 1408 5018 in
1470 4967 1793 5035 corporibus
1852 4967 1974 5021 talis
2038 4966 2176 5020 ratio

609 5059 966 5116 animadverti
997 5065 1194 5128 potest,
1237 5058 1379 5126 quod
1413 5073 1520 5110 non
1571 5059 1763 5120 simili.
1804 5075 1979 5128 neque
2023 5073 2177 5128 :eque

605 5151 894 5208 commoda
953 5166 1016 5204 ac
1074 5149 1216 5202 facili
1287 5149 1498 5202 ratione
1565 5158 1676 5202 tum
1721 5165 1912 5204 sanum
1975 5165 2174 5220 corpus

607 5245 802 5298 morbo
831 5241 1128 5296 obnoxium
1161 5241 1240 5306 fit,
1269 5249 1381 5293 tum
1409 5239 1552 5308 quod
1588 5240 1777 5294 morbo
1807 5241 2136 5296 laboraverit
2155 5280 2170 5304 ,

606 5345 850 5389 sanatur.
883 5331 1016 5386 Nam
1049 5331 1140 5402 qui
1173 5331 1335 5401 paulo
1371 5339 1498 5385 ante
1531 5331 1584 5384 in
1635 5332 1868 5386 sanitate
1919 5331 2168 5402 degebat,

603 5429 690 5484 vel
725 5443 820 5496 per
855 5443 1024 5480 unum
1072 5425 1276 5479 vulnus
1315 5425 1463 5477 venit
1501 5423 1555 5476 in
1595 5423 1894 5492 periculum
1939 5424 2168 5478 mortis:

611 5527 779 5587 atque
811 5532 955 5571 unus
985 5515 1224 5570 ambitus
1261 5523 1355 5566 attt
1387 5513 1630 5568 accessio
1673 5511 1839 5567 febris
1885 5512 2169 5566 firmitudi-

2293 3321 2322 3372 ὁ
2351 3319 2560 3388 φθόνος,
2589 3324 2622 3391 ἡ
2656 3322 2892 3393 μῆνις,ή
2925 3325 3045 3377 κατ’
3079 3325 3244 3395 ὀργὴν
3279 3327 3518 3398 κίνησις,
3549 3331 3578 3398 ἡ
3613 3328 3802 3397 θυμώδης

2293 3411 2551 3478 διάθεσις,
2583 3417 2616 3483 ή
2667 3415 2946 3486 ἐπιϐουλὴ,
2977 3419 3012 3486 ἡ
3058 3417 3370 3487 ὑπόκρισις,
3401 3422 3434 3492 ή
3479 3421 3581 3474 τῶν
3609 3419 3803 3490 λυπηρῶν

2295 3509 2501 3576 μνήμη.
2533 3509 2565 3574 ἡ
2609 3509 2704 3577 τῆς
2748 3509 3152 3578 ἀντιλυπήσεως
3201 3511 3407 3580 ὄρεξις,
3447 3515 3479 3584 ή
3525 3513 3804 3584 περικάρδιος

2289 3597 2383 3650 τοῦ
2410 3597 2638 3666 αἵματος
2671 3598 2838 3662 ζέσις,
2873 3601 2900 3650 ὁ
2939 3589 3132 3669 πικρὸς
3157 3601 3460 3672 ὀφθαλμός.
3487 3602 3658 3656 Ταῦτα
3681 3603 3709 3670 ἡ
3729 3617 3802 3652 τοι·

2289 3689 2460 3742 ούτων
2493 3690 2678 3744 κακῶν
2706 3691 2874 3762 ἀγέλη
2907 3695 2970 3762 τῇ
3007 3693 3322 3764 ἁγαπητικῇ
3357 3695 3591 3748 διαθέσει
3615 3693 3804 3761 ἐξαφανί-

2291 3780 2459 3844 ζεται.
2497 3779 2680 3844 Οὕτως
2708 3781 2956 3836 ἐκϐάλλει
2991 3781 3085 3852 τὴν
3111 3782 3528 3856 εἰδωλολατρίαν
3558 3787 3590 3855 ἡ
3615 3785 3805 3854 ἐνέργεια

2288 3871 2382 3925 τοῦ
2414 3871 2548 3924 Θεοῦ
2585 3871 2918 3944 βουλήματος
2942 3887 2955 3900 ·
2989 3873 3180 3943 διπλῆν
3208 3874 3264 3927 δέ
3309 3893 3480 3945 φημι,
3509 3877 3604 3946 τήν
3642 3892 3689 3926 τε
3719 3873 3806 3940 περὶ

2287 3963 2355 4016 τὰ
2399 3963 2611 4026 εἴδωλα,
2663 3963 2756 4016 καὶ
2806 3963 2904 4034 τὴν
2947 3965 3074 4032 περὶ
3105 3963 3164 4016 τὸ
3195 3964 3462 4035 ἀργύριον
3515 3965 3602 4018 καὶ
3641 3961 3805 4036 χρυσίον

2291 4055 2508 4126 μανίαν,
2543 4055 2684 4124 ἅπερ
2733 4055 2925 4108 εἴδωλα
2967 4055 3074 4108 τῶν
3120 4055 3288 4110 ἐθνῶν
3329 4058 3359 4108 ὁ
3393 4061 3494 4129 τῆς
3535 4057 3806 4128 προφητείας

2287 4145 2538 4214 ὠνόμασε
2562 4145 2736 4214 λόγος.
2771 4145 3056 4216 Γενηθήτω
3083 4145 3261 4198 τοίνυν
3297 4147 3362 4200 τὸ
3399 4148 3608 4218 θέλημά
3635 4165 3730 4210 σου,
3749 4147 3806 4198 ἵνα

2289 4235 2488 4306 σϐεσθῇ
2520 4234 2613 4288 τοῦ
2643 4235 2887 4288 διαϐόλου
2921 4235 2980 4288 τὸ
3009 4235 3238 4306 θέλημα.
3273 4237 3378 4290 Διὰ
3407 4239 3460 4290 τί
3507 4239 3562 4290 δὲ
3589 4237 3675 4307 τὴν
3700 4233 3810 4302 παρὰ

2285 4327 2378 4380 τοῦ
2403 4326 2535 4380 Θεοῦ
2565 4327 2814 4394 γενέσθαι
2833 4327 2928 4398 τὴν
2954 4327 3162 4398 ἀγαθὴν
3197 4331 3330 4399 ἡμῖν
3353 4331 3664 4402 προαίρεσιν
3687 4331 3804 4378 ἐπευ-

2285 4420 2522 4490 χόμεθα;
2565 4420 2686 4473 Ὅτι
2729 4419 2960 4489 ἀσθενὴς
2998 4424 3030 4490 ή
3069 4421 3382 4492 ἀνθρωπίνη
3440 4423 3598 4491 φύσις
3639 4423 3748 4492 πρὸς
3769 4419 3808 4468 τὸ

2285 4511 2486 4579 ἀγαθόν
2533 4513 2700 4575 ἐστιν,
2751 4511 2900 4576 ἅπαξ
2943 4511 3031 4565 διὰ
3071 4512 3269 4575 κακίας
3305 4515 3718 4584 ἐκνευρισθεῖσα.
3753 4509 3806 4560 0-}

2284 4603 2392 4674 γὰρ
2424 4603 2562 4672 μετὰ
2591 4604 2686 4673 τῆς
2723 4603 2892 4674 αὐτῆς
2939 4604 3206 4667 εὐκολίας,
3241 4599 3308 4675 ἦς
3348 4607 3490 4676 πρὸς
3535 4607 3595 4659 τὸ
3630 4603 3807 4658 κακὺνό

2283 4693 2564 4765 ἄνθρωπος
2595 4693 2832 4764 ἔρχεται,
2866 4697 2958 4748 καὶ
2989 4696 3095 4748 ἀπὸ
3117 4697 3306 4748 τούτου
3341 4699 3510 4750 πάλιν
3541 4699 3628 4750 ἐπὶ
3649 4697 3698 4748 τὸ
3717 4697 3808 4760 ἁγε-

2283 4785 2374 4838 θὺν
2409 4785 2800 4855 ἐπανέρχεται·
2829 4785 3018 4857 ὥσπερ
3055 4787 3148 4839 καὶ
3181 4785 3408 4840 ἐπὶτῶν
3447 4791 3700 4860 σωμάτων
3732 4786 3808 4839 ἐστι

2283 4877 2610 4946 κατανοῆσαι
2639 4877 2730 4930 τὸν
2759 4877 2999 4930 τοιοῦτον
3032 4879 3205 4947 λόγον,
3235 4881 3314 4932 ὅτι
3348 4881 3452 4950 οὐχ
3491 4881 3699 4950 ὁμοίως,
3723 4875 3807 4928 οὐδὲ

2284 4966 2421 5038 μετὰ
2447 4967 2546 5036 τῆς
2575 4968 2695 5038 ἴσης
2727 4967 3027 5040 ῥαστώνης,
3062 4969 3123 5022 τό
3159 4988 3216 5023 τε
3242 4972 3490 5038 ὑγιαῖνον
3523 4973 3580 5024 ἐν
3604 4971 3727 5038 νόσῳ
3749 4969 3809 5035 τε.

2283 5077 2452 5124 νεται,
2489 5060 2584 5112 καὶ
2610 5059 2669 5112 τὸ
2701 5061 2986 5131 νενοσηκὸς
3029 5061 3326 5129 ὑγιάζεται.
3371 5064 3432 5116 Ὁ
3472 5065 3579 5134 γὰρ
3607 5065 3660 5115 ἐν
3690 5059 3808 5126 ὑγεία

2281 5151 2415 5214 τέως
2443 5151 2660 5219 διάγων,
2691 5153 2784 5205 καὶ
2807 5152 2874 5204 δι’
2905 5153 3020 5216 ἐνὸς
3047 5155 3299 5218 πολλάκις
3323 5155 3640 5227 τραύματος
3661 5155 3726 5215 εἰς
3746 5150 3810 5203 τὸν

2281 5243 2407 5312 περὶ
2437 5243 2546 5294 τῶν
2571 5243 2814 5312 ἐσχάτων
2845 5243 3084 5298 κίνδυνον
3127 5241 3258 5315 ἦλθε
3287 5263 3301 5277 ·
3337 5247 3432 5299 καὶ
3471 5249 3570 5318 μία
3613 5243 3808 5316 περίοδος

2278 5331 2311 5402 ἢ
2351 5331 2621 5401 καταϐολὴ
2659 5333 2891 5402 πυρετοῦ
2934 5333 3108 5386 πάντα
3139 5334 3230 5386 τὸν
3275 5335 3366 5388 τοῦ
3415 5337 3666 5408 σώματος
3697 5333 3810 5388 τόνον

2276 5422 2538 5486 διέλυσεν,
2567 5422 2662 5474 καὶ
2700 5421 2922 5493 βραχεῖα
2973 5423 3296 5495 δηλητηρίου
3345 5425 3560 5492 γεῦσις,
3597 5427 3626 5494 ἢ
3659 5438 3810 5476 παντε-

2275 5513 2380 5578 λῶς
2415 5512 2736 5585 διέφθειρεν,
2769 5514 2800 5584 ἣ
2849 5515 2978 5585 παρ’
3013 5515 3188 5586 ὀλίγον
3237 5517 3395 5570 τοῦτο
3443 5517 3716 5588 ἐποίησεν·
3741 5510 3810 5564 καὶ

607 5625 730 5665 net
777 5623 993 5664 omnem
1041 5605 1290 5676 corporis
1341 5620 1404 5661 ac
1433 5605 1671 5676 vigorem
1723 5603 1923 5660 solvit:
1957 5613 2010 5660 et
2054 5606 2169 5660 exi-

2286 5607 2508 5676 Ξήγματι
2539 5604 2790 5679 ἑρπετοῦ,
2817 5605 2849 5677 ἢ
2887 5607 3095 5680 κέντρῳ
3127 5611 3232 5664 τινὶ
3261 5609 3367 5664 τῶν
3397 5609 3640 5672 ἰοϐόλων,
3677 5600 3810 5676 ἣόλι·

591 5825 596 5836 .
677 5787 718 5816 ⁸⁸
759 5785 902 5843 Psal.
941 5801 1108 5852 cxiii,
1145 5783 1198 5840 ιί.
