3824 6532
140 462 258 520 Ηθὸ

1034 464 1120 520 DE
1146 455 1495 522 ORATlONE
1534 451 1880 518 DUMINICA.
1902 485 1974 504 -‘-
1998 453 2255 518 ORATIO
2288 461 2376 518 IV.

3191 457 3329 516 nos

136 585 364 654 σθήματι,
404 580 938 653 ῆκαταπτώματι,ἢ
987 576 1190 634 πλείονι
1245 583 1338 650 τῆς
1381 583 1659 652 δυνάμεως

1767 596 1924 650 gnum
1960 595 2022 635 ac
2048 595 2272 649 parvum
2308 579 2497 633 veneni
2530 586 2830 649 gustatum,
2869 579 2952 634 vel
2992 579 3210 648 penitus
3235 581 3322 633 in:

131 670 398 744 ἀδηφαγίᾳ,
424 673 454 742 ἢ
481 673 623 744 ἄλλῳ
656 673 760 725 τιν)⁵
788 669 1033 743 τοιούτῳ,
1071 674 1272 737 εὐθέως
1301 673 1670 744 ἐπηκολούθη-

133 763 276 834 σενῆ
316 763 486 825 νόσος,
539 761 571 831 ἢ
625 759 876 823 θάνατος’
913 764 945 830 ἡ
994 761 1050 815 δὲ
1101 762 1194 815 τοῦ
1244 764 1669 834 ἀρρωστήματος

129 851 409 924 ἀπαλλαγὴ,
440 852 656 914 πολλαῖς
684 852 945 916 ἐπινοίαις
969 854 1194 921 γίνεται,
1228 856 1321 907 καὶ
1342 855 1664 916 δυσκολίαις.

127 945 216 997 καὶ
242 944 443 1013 τέχναις
491 945 781 1012 ἰατρικαῖς,
830 943 925 997 ἐὰν
976 945 1083 1015 ἄρα
1136 946 1229 999 καὶ
1281 947 1521 1016 γένηται.
1575 948 1667 1001 Διά

127 1039 268 1090 τοῦτο
293 1038 424 1108 πρὸς
459 1037 556 1106 μὲν
588 1037 646 1089 τὸ
671 1039 838 1091 κακον
868 1041 995 1110 ἡμῖν
1023 1040 1117 1109 τῆς
1148 1040 1324 1110 ὁρμῆς
1355 1041 1664 1110 γενομένης,

128 1130 186 1181 ού
209 1129 348 1198 χρεία
393 1127 483 1180 τοῦ
518 1129 923 1199 συνεργοῦντος,
971 1130 1288 1200 αὐτομάτως
1319 1133 1376 1183 ἐν
1408 1131 1484 1202 τῷ
1512 1131 1667 1202 θελήο

131 1237 244 1290 ματι
269 1220 414 1290 ἡμῶν
442 1223 538 1290 τῆς
560 1220 758 1284 κακίας
789 1222 986 1293 ἑαυτὴν
1009 1221 1316 1293 τελειούσης
1337 1241 1350 1253 ·
1383 1224 1430 1274 εί
1453 1223 1507 1275 δὲ
1535 1223 1666 1293 πρὸς

123 1313 183 1365 τὸ
216 1315 442 1384 κρεῖττον
465 1313 670 1380 γένοιτο
699 1317 731 1383 ἡ
768 1313 924 1384 ῥοπὴ,
959 1314 1050 1367 τοῦ
1096 1315 1228 1367 Θεοῦ
1259 1317 1414 1385 χρεία
1443 1315 1536 1368 τοῦ
1570 1316 1665 1386 τὴν

123 1404 393 1474 ἐπιθυμίαν
420 1407 499 1466 είς
528 1404 686 1473 ἔργον
728 1408 972 1474 ἄγοντος.
1005 1406 1104 1458 Διὰ
1143 1406 1299 1460 τοῦτό
1341 1424 1549 1478 φαμενι
1586 1409 1665 1461 ὅτι

124 1495 320 1566 Ἐπειδὴ
345 1495 550 1567 θέλημά
577 1497 673 1567 ήου
696 1498 843 1552 ἐστὶν
871 1501 900 1566 ἡ
933 1500 1268 1570 σωφροσύνη,
1303 1499 1411 1567 ἐγὼ
1451 1501 1505 1554 δὲ
1539 1501 1667 1573 σάρ-

123 1587 260 1648 κινός
306 1587 418 1655 είμι
469 1588 816 1657 πεπραμένος
847 1584 950 1642 ὑπὸ
991 1589 1087 1661 τὴν
1136 1591 1434 1662 ἁμαρτίαν·
1477 1595 1542 1662 τῇ
1600 1590 1663 1662 σῇ

120 1673 329 1744 δυνάμει
381 1674 743 1746 κατορθωθείη
781 1692 869 1746 μοι
914 1677 974 1731 τὸ
1007 1679 1208 1748 ἀγαθὸν
1231 1679 1388 1733 τοῦτο
1419 1677 1626 1750 θέλημα
1650 1699 1663 1712 ο

119 1761 336 1832 οὕτωςὴ
376 1764 710 1833 δικαιοσύνη,
752 1767 785 1833 ἡ
833 1766 1097 1832 εὐσέϐεια,
1128 1771 1160 1839 ἡ
1196 1768 1302 1822 τῶν
1346 1769 1531 1823 παθῶν
1570 1770 1666 1822 ἁλ-

118 1853 399 1924 λοτρίωσις.
442 1855 507 1906 Ἠ
533 1855 643 1926 γάρ
674 1855 767 1908 τοῦ
794 1855 1096 1928 θελήματος
1126 1859 1295 1929 φωνὴ,
1327 1860 1504 1924 πάσας
1525 1878 1665 1928 γενι-

116 1942 224 2006 κῶς
265 1942 720 2014 ἐμπεριλαμϐάνει
765 1945 865 2008 τὰς
898 1947 1116 2018 ἀρετάς,
1150 1951 1241 2002 καὶ
1283 1949 1352 2003 τὰ
1393 1951 1512 2003 καθ’
1534 1952 1663 2004 ἐκα-

116 2053 236 2088 στον
263 2034 365 2088 τῶν
400 2037 457 2088 ἐν
493 2035 570 2105 τῷ
607 2037 794 2107 ἁγαθῷ
838 2040 1158 2110 νοουμένων,
1197 2044 1254 2095 ἐν
1286 2043 1364 2113 τῷ
1401 2041 1664 2114 θελήματι

110 2126 204 2180 τοῦ
235 2127 359 2180 Θεοῦ
392 2128 692 2196 θεωρεῖται.

1770 668 1988 730 terﬁcit,
2021 669 2103 723 vel
2129 669 2259 738 quin
2286 669 2337 722 id
2361 668 2545 734 faciat,
2570 686 2762 740 parum
2786 671 2940 725 abest
2964 686 2978 724 :
3003 677 3056 725 et
3083 684 3324 722 morsum

1767 761 2059 831 serpentis,
2100 769 2193 814 aut
2235 761 2483 814 aculeum
2505 763 2756 816 venenati
2783 762 3014 831 alicujus
3049 761 3322 822 animalis,

1769 860 1861 906 aut
1890 853 2122 923 lapsum,
2159 860 2252 906 aut
2293 853 2541 918 ruinam,
2581 861 2673 906 aut
2736 854 2935 924 largius
2972 869 3133 924 quam
3179 853 3324 906 vires

1768 942 1909 1000 ferre
1958 946 2166 1016 possint
2215 953 2487 1014 sumptum
2536 946 2736 1006 cibum,
2777 955 2871 998 aut
2934 945 3134 1016 aliquid
3178 943 3321 1000 aliud

1767 1037 2063 1106 ejusmodi,
2094 1036 2274 1090 statim
2307 1037 2386 1089 vel
2414 1035 2635 1089 morbus
2675 1036 2940 1103 sequitur,
2995 1035 3076 1090 vel
3129 1048 3275 1089 mors
3308 1048 3322 1088 ι

1769 1135 1824 1182 at
1863 1128 2038 1181 morbi
2095 1127 2402 1197 proﬂigatio
2447 1127 2633 1181 multis
2673 1127 2966 1180 solertibus
3001 1126 3237 1181 inventis
3271 1132 3326 1178 et

1768 1219 2077 1274 rationibus
2124 1218 2468 1288 excogitatis,
2501 1217 2665 1270 multa
2704 1234 2824 1271 cum
2886 1217 3217 1280 dilIlcultate,
3271 1223 3336 1281 et,

1768 1312 1978 1366 artibus
2019 1310 2247 1365 medicis
2292 1308 2600 1370 conﬁcitur,
2665 1309 2708 1362 si
2743 1308 2882 1361 forte
2915 1310 3075 1362 etiam
3134 1307 3327 1362 conﬁci

1767 1404 1964 1475 possit.
1992 1402 2202 1458 Idcirco
2228 1417 2349 1456 cum
2380 1400 2447 1453 ad
2480 1399 2680 1452 malum
2719 1399 2938 1468 quidem
2970 1414 3032 1451 ac
3059 1399 3244 1452 vitium
3270 1399 3327 1451 in

1769 1495 1928 1548 nobis
1959 1493 2068 1546 ruit
2095 1493 2383 1563 appetitus,
2411 1506 2516 1544 non
2552 1504 2692 1559 opus
2716 1498 2800 1545 est
2827 1489 3096 1559 adiutore,
3128 1489 3327 1558 quippe

1769 1587 1822 1638 in
1856 1586 2136 1638 voluntate
2165 1591 2348 1638 nostra
2378 1583 2675 1637 vitiositate
2704 1582 2937 1650 seipsam
2991 1582 3134 1634 ultro
3164 1579 3326 1651 perlia

1769 1679 1984 1741 ciente;
2015 1677 2158 1746 quod
2194 1677 2236 1731 si
2267 1677 2320 1729 in
2351 1675 2545 1729 melius
2587 1674 2865 1728 inclinatio
2895 1673 3001 1731 fiat,
3030 1672 3139 1726 Deo
3190 1687 3327 1740 opus

1766 1779 1871 1832 est,
1915 1770 2010 1839 qui
2045 1768 2284 1823 studium
2315 1775 2367 1822 et
2397 1767 2728 1822 desiderium
2761 1767 2826 1820 ad
2863 1782 3000 1834 opus
3047 1765 3323 1834 perducat,

1767 1859 2059 1928 Propterea
2089 1858 2359 1913 dicimus:
2392 1857 2657 1924 Quoniam
2706 1857 2961 1912 voluntas
2999 1864 3088 1910 tua
3126 1864 3328 1924 tempea

1770 1952 1943 2004 rantia
1981 1959 2087 2012 est,
2135 1964 2234 2019 ego
2280 1965 2409 2004 vero
2454 1964 2686 2003 carneus
2735 1963 2878 2012 sum,
2937 1945 3191 2001 venditus
3226 1944 3329 1998 sub

1774 2054 2078 2114 peccaturo,
2129 2043 2329 2096 virtute
2375 2050 2466 2094 tua
2525 2043 2640 2096 hzec
2694 2040 2836 2095 bona
2891 2039 3024 2093 mihi
3075 2039 3328 2091 voluntas

1778 2135 2106 2202 contingat:
2141 2133 2216 2186 ita
2262 2132 2496 2201 jnstitia,
2541 2133 2734 2202 pietas,
2787 2147 2816 2184 a
2848 2131 2996 2185 vitiis
3051 2129 3326 2183 alienatio.

111 2219 239 2274 Nam
303 2223 592 2277 voluntatis
653 2223 974 2277 vocabulum
1027 2227 1352 2296 generaliter
1419 2243 1604 2283 omnes
1657 2230 1884 2283 virtutes
1937 2229 1990 2281 in
2031 2243 2089 2284 se
2140 2228 2583 2298 comprehendit,
2635 2241 2699 2281 ac
2731 2241 2852 2296 qua:
2898 2225 3205 2295 singulatim
3272 2223 3329 2278 in

111 2315 249 2370 bono
274 2315 659 2385 intelliguntur,
698 2317 751 2370 in
793 2319 1071 2374 voluntate
1110 2319 1201 2374 Dei
1238 2322 1418 2375 omnia
1448 2322 1974 2377 animadvertuntur.

194 2405 342 2457 Ἀλλά
367 2405 424 2456 τί
457 2404 700 2474 βούλεται
735 2409 766 2475 ἡ
803 2408 1083 2478 προσθήκη
1124 2409 1216 2461 τοῦ
1261 2409 1440 2478 λόγου,
1482 2412 1572 2476 Ὡς
1593 2413 1661 2465 ἐν

107 2494 330 2564 οὐρανῷ
357 2495 454 2548 καί
481 2496 579 2549 ἐπὶ
604 2498 710 2563 τῆς
728 2498 873 2566 γῆς
903 2499 1055 2568 Τάχα
1083 2517 1172 2569 μοι
1198 2501 1343 2553 δοκεῖ
1367 2502 1471 2554 τῶν
1499 2502 1662 2570 βαθυ-

105 2589 163 2642 τέ
174 2605 272 2658 ρων
293 2606 342 2640 τι
361 2587 641 2657 δογμάτων
661 2590 1049 2660 ὑποσημαίνειν
1071 2594 1098 2643 ὁ
1113 2592 1287 2660 λόγος,
1306 2593 1397 2646 καί
1411 2612 1529 2647 τινα
1548 2609 1663 2648 ποι-

104 2679 277 2732 εῖσθαι
320 2679 660 2733 διδασκαλίαν
685 2680 1017 2752 θεοπρεποῦς
1039 2683 1272 2748 διανοίας
1295 2687 1350 2736 ἐν
1371 2688 1436 2756 τῇ
1465 2685 1664 2758 θεωρίᾳ

102 2772 203 2841 τῆς
215 2772 454 2834 κτίσεως.
469 2775 532 2825 '0
543 2772 599 2824 δὲ
611 2772 754 2840 λέγω
764 2774 1001 2828 τοιοῦτόν
1017 2778 1150 2829 ἐστι’
1165 2777 1244 2829 Με
1255 2777 1501 2848 μέρισται
1516 2781 1662 2833 πᾶσα

100 2868 134 2936 ἡ
163 2865 346 2936 λογικὴ
379 2868 572 2928 κτίσις,
598 2866 676 2928 εἷς
703 2884 762 2918 τε
793 2867 890 2935 τὴν
916 2867 1202 2937 ἀσώματον
1247 2871 1336 2921 καὶ
1373 2869 1469 2939 τὴν
1499 2869 1662 2923 ἐνσώ-

105 2957 463 3028 ματονφύσιν.
491 2959 644 3010 Ἔστι
666 2958 722 3009 δέ
743 2958 1002 3028 άγγελικὴ
1026 2959 1120 3028 μὲν
1142 2961 1172 3028 ἠ
1198 2959 1478 3029 ἀσώματος
1497 2979 1509 2992 ο
1533 2961 1590 3012 τὸ
1609 2963 1663 3014 δὲ

99 3045 284 3117 ἕτερον
307 3044 443 3110 εἶδος
465 3049 622 3118 ἡμεῖς
652 3049 699 3100 oi
724 3047 1014 3118 ἄνθρωποι.
1051 3047 1108 3100 'H
1133 3048 1230 3116 μὲν
1252 3045 1342 3102 οῦν
1361 3051 1543 3118 νοητὴ,
1568 3053 1662 3104 ἆτε

97 3140 162 3210 δὴ
188 3139 279 3191 τοῦ
313 3139 598 3210 βαροῦντος
619 3141 989 3210 κεχωρισμένη
1021 3139 1266 3210 σώματος
1284 3142 1490 3211 (τούτου
1522 3143 1663 3211 λέγω

95 3229 194 3282 τοῦ
232 3230 522 3283 ἀντιτύπου
561 3247 618 3282 τε
665 3231 758 3284 καὶ
799 3232 876 3294 εἰς
920 3233 1018 3301 γῆν
1057 3231 1361 3302 βρίθοντος)
1411 3234 1506 3304 τὴν
1553 3235 1662 3287 ἄνω

1837 2413 1942 2468 Sed
1975 2412 2105 2482 quid
2137 2411 2240 2467 sibi
2267 2412 2380 2465 Vult
2409 2410 2642 2479 adiectio
2673 2411 2842 2476 verbi,
2885 2408 3034 2464 Sicut
3092 2410 3146 2462 in
3200 2419 3328 2464 εαιισ

1765 2516 1812 2560 et
1844 2507 1894 2559 in
1927 2507 2106 2560 terra?
2139 2503 2362 2558 Videtur
2390 2504 2518 2557 mihi
2568 2519 2746 2558 sermo
2801 2502 3038 2571 aliquam
3099 2501 3328 2558 fortasse

1766 2597 2174 2668 profundiorem
2200 2597 2441 2650 indicare
2468 2594 2811 2654 sententiam,
2839 2602 2892 2648 et
2922 2595 3207 2662 quamdam
3235 2603 3330 2663 per

1767 2687 2276 2757 contemplationem
2309 2693 2572 2740 creatura:
2604 2685 2772 2739 divini
2811 2685 3117 2740 intellectus
3147 2685 3328 2738 tradea

1765 2796 1824 2835 re
1883 2779 2206 2834 doetrinam.
2261 2777 2413 2845 Quod
2470 2788 2647 2832 autem
2696 2777 2839 2839 dico,
2875 2777 2980 2831 tale
3007 2775 3328 2831 estzOmnis

1767 2877 2014 2923 creatura
2051 2870 2330 2924 rationalis
2361 2869 2556 2938 partim
2591 2868 2646 2921 in
2677 2868 3069 2937 incorpoream,
3129 2868 3324 2936 partim

1771 2962 1823 3016 in
1859 2977 2177 3030 corpoream
2203 2970 2452 3015 naturam
2485 2961 2656 3015 divisa
2682 2971 2782 3015 est.
2813 2961 2908 3016 Est
2935 2970 3113 3015 autem
3161 2975 3327 3029 ange-

1769 3052 1874 3106 lica
1899 3051 2114 3121 quidem
2172 3053 2542 3121 incorporea:
2599 3053 2767 3106 altera
2814 3067 2941 3107 vero
2997 3053 3176 3122 specie
3227 3067 3328 3105 nos

1769 3143 2016 3198 homines
2045 3159 2252 3199 sumus.
2281 3145 2456 3213 Atque
2481 3144 2571 3197 illa
2599 3144 2814 3213 quidem
2837 3159 2976 3214 qua},
3011 3145 3325 3212 incorporea

1769 3252 1888 3290 cum
1924 3237 2013 3300 sit,
2044 3237 2156 3290 sola
2186 3244 2363 3290 mente
2390 3237 2882 3306 comprehenditur,
2918 3247 2976 3291 ut
3019 3253 3136 3304 qua:
3164 3237 3323 3290 nimia

95 3320 250 3390 λῆξιν
291 3321 690 3392 ἐπιπορεύεται,
735 3325 846 3382 τοῖς
885 3323 1104 3390 κούφοις
1131 3339 1186 3374 τε
1213 3325 1301 3375 καὶ
1331 3324 1663 3395 αίθεριώδεσι

1769 3344 1942 3381 ruma
1976 3337 2232 3398 gravante
2253 3343 2477 3398 corpore
2512 3338 2716 3382 remota
2771 3337 2930 3398 atque
2973 3329 3214 3397 seiuncta
3258 3331 3326 3381 sit

93 3417 283 3478 τόποις
304 3415 730 3486 ἐνδιατρίϐουσα,
758 3415 814 3467 ἐν
844 3411 1054 3486 ἐλαφρᾷ
1085 3433 1143 3467 τε
1185 3419 1274 3469 καὶ
1307 3419 1570 3489 εύκινήτῳ
1598 3422 1661 3490 τῇ

93 3505 259 3573 φύσει
283 3522 295 3535 ο
329 3506 362 3578 ἡ
387 3507 442 3559 δέ
467 3506 626 3576 ἑτέρα
653 3506 739 3559 διὰ
766 3507 862 3559 τὴν
886 3507 977 3559 τοῦ
1004 3507 1249 3578 σώματος
1279 3510 1432 3580 ἡμῶν
1455 3512 1586 3583 πρὸς
1606 3513 1665 3564 τὸ

91 3596 299 3664 γεῶδες
328 3598 665 3666 συγγένειαν,
692 3593 801 3652 οἶόν
827 3618 944 3653 τινα
982 3595 1122 3664 ἰλύος
1153 3598 1522 3672 ὑποστάθμην,
1545 3604 1662 3658 κατ’

89 3693 342 3764 ἀνάγκην
371 3694 459 3747 τὸν
493 3695 766 3765 περίγειον
793 3697 980 3749 τοῦτον
1012 3697 1191 3768 εἴληχε
1229 3698 1359 3767 βίον.
1411 3700 1522 3751 υύκ
1548 3695 1664 3752 οἶδα

89 3785 198 3856 μὲν
223 3787 250 3838 ὅ
269 3801 320 3839 τι
341 3780 432 3838 τοῦ
458 3780 599 3842 θείου
634 3789 789 3855 βουλή
802 3801 967 3857 ματος
986 3789 1072 3841 διὰ
1095 3790 1298 3843 τούτων
1326 3791 1665 3861 οἰκονομοῦν-

82 3890 205 3938 τος,
247 3874 358 3927 εἴτε
391 3878 565 3926 πᾶσαν
596 3876 727 3944 πρὸς
753 3878 953 3947 ἑαυτὴν
985 3880 1306 3941 οίκειοῦντος
1342 3880 1438 3950 τὴν
1468 3882 1660 3942 κτίσιν,

81 3967 168 4028 ὡς
203 3968 273 4020 ἂν
319 3968 452 4037 μήτε
482 3967 590 4018 τῶν
622 3968 880 4038 οὐρανίων
931 3969 1233 4038 ύψωμάτων
1263 3973 1294 4039 ἡ
1341 3972 1489 4024 κάτω
1515 3972 1664 4041 λῆξις

77 4060 439 4130 ἀμοιρήσειε,
487 4049 621 4130 μήτε
665 4061 692 4110 ὁ
718 4060 941 4130 οὐρανὸς
993 4061 1216 4114 καθόλου
1247 4062 1355 4114 τῶν
1396 4063 1535 4116 κατά
1566 4063 1664 4135 τὴν

77 4149 197 4217 γῆν
236 4147 606 4218 ἀμοιρήσειεν,
649 4149 724 4211 ὡς
767 4149 831 4201 ἂν
875 4150 1077 4218 γένοιτό
1110 4170 1189 4214 τις
1216 4153 1301 4206 διὰ
1331 4152 1422 4205 τοῦ
1454 4155 1662 4226 ἀνθρω-

77 4239 251 4291 πίνου
287 4239 604 4308 πλάσματος
643 4238 884 4310 ἐκατέρῳ
932 4241 1038 4292 τῶν
1081 4242 1354 4311 στοιχείων
1409 4245 1663 4312 μετουσία

71 4328 198 4381 τῶν
239 4330 298 4380 ἐν
331 4328 541 4399 θατέρῳ
568 4330 890 4399 νοουμένων,
921 4330 1013 4383 τοῦ
1043 4349 1099 4382 τε
1135 4333 1320 4401 νοεροῦ
1342 4333 1438 4403 τῆς
1464 4334 1659 4404 ψυχῆς,

70 4420 227 4490 ὅπερ
256 4420 406 4472 δοκεῖ
435 4421 696 4489 συγγενές
723 4439 781 4474 τε
814 4422 905 4475 καὶ
933 4422 1197 4492 ὁμόφυλον
1219 4423 1325 4476 τῶν
1353 4426 1470 4477 κατ’
1497 4426 1661 4494 ούραέ

68 4513 193 4565 νῶν
237 4509 377 4564 εἶναι
410 4513 707 4582 δυνάμεων,
735 4517 844 4579 τοῖς
878 4517 1084 4583 γηΐνοις
1115 4515 1359 4585 σώμασιν
1393 4516 1659 4568 ἐνοικοῦν-

64 4620 198 4664 τος,
235 4603 339 4671 τῆς
381 4603 436 4654 δὲ
464 4605 668 4672 γεηρᾶς
708 4604 907 4673 ταύτης
940 4605 1138 4675 σαρκὸς
1188 4607 1244 4657 ἐν
1289 4609 1350 4674 τῇ
1386 4607 1661 4660 ἀποκατασ-

67 4693 284 4746 στάσει
325 4694 429 4746 τῶν
460 4696 675 4748 πάντων
716 4698 795 4759 είς
827 4697 914 4748 τὸν
943 4697 1191 4765 οὐράνιον
1218 4697 1390 4768 χῶρον
1419 4702 1480 4769 τῇ
1515 4698 1657 4771 ψυχῇ

64 4786 677 4858 συμμετοικιζομένης.
748 4789 1233 4858 Ἀρπαγησόμεθα
1283 4793 1423 4862 γὰρ,
1483 4791 1664 4856 καθώς

63 4897 150 4947 φη
165 4894 257 4928 σιν
292 4874 320 4929 ὁ
369 4878 701 4940 Ἀπόστολος,
749 4881 818 4933 ἐν
855 4882 1155 4949 νεφέλαις,
1196 4885 1282 4948 εἰς
1326 4883 1664 4950 ἀπάντησιν

55 4967 192 5021 τοῦ
241 4969 501 5035 Κυρίου,
548 4973 634 5036 εἰς
665 4971 836 5038 ἀέρα,
872 4974 964 5026 καὶ
1023 4974 1203 5038 οὕτως
1249 4973 1504 5027 πάντοτε
1541 4973 1662 5027 σὺν

57 5058 290 5130 Κυρίῳ
318 5060 593 5128 ἐσόμεθα.
634 5060 757 5114 Εἴτε
780 5056 872 5114 οὖν
897 5063 1068 5126 τοῦτο,
1099 5064 1205 5116 εἴτε
1226 5083 1276 5117 τι
1309 5063 1493 5132 ἕτερον
1514 5063 1662 5132 παρὰ

52 5152 248 5203 τοῦτο
281 5153 384 5221 τῆς
415 5151 506 5205 τοῦ
539 5152 673 5206 Θεοῦ
721 5156 910 5222 σοφίας
949 5156 1349 5225 οἰκονομούσης,
1394 5159 1451 5208 ἐν
1477 5158 1540 5226 τῇ
1587 5155 1664 5207 δι-

53 5242 188 5310 πλῇ
232 5242 410 5312 ταύτῃ
442 5243 550 5312 ζωῇ
595 5245 906 5314 μερισθεῖσα
939 5248 1087 5298 πᾶσα
1121 5248 1154 5317 ἠ
1189 5246 1377 5317 λογικὴ
1412 5247 1661 5318 διῄρηται

51 5332 144 5402 φῦ
158 5349 274 5395 σις,
308 5335 343 5402 ἡ
376 5334 470 5402 μὲν
501 5333 788 5404 ἀσώματος
811 5335 908 5407 τὴν
940 5337 1186 5406 οὐράνιον
1219 5337 1453 5406 λαχοῦσα
1486 5353 1662 5408 μακα-

56 5421 320 5491 ριότητα
349 5438 362 5451 ·
410 5424 441 5492 ἡ
465 5422 520 5475 δέ
545 5423 632 5476 διὰ
655 5425 853 5495 σαρκὸς
873 5428 951 5489 εἰς
973 5427 1074 5495 γῆν
1103 5427 1554 5498 ἐπιστρεφομένη,
1577 5426 1664 5479 διὰ

49 5510 175 5580 τὴν
210 5509 358 5578 πρὸς
400 5511 566 5581 αὐτὴν
596 5514 918 5582 οἰκειότητα.
964 5515 1028 5566 Ἦ
1055 5515 1151 5583 μέν
1173 5531 1254 5567 τοι
1284 5515 1375 5568 τοῦ
1403 5515 1566 5569 καλοῦ
1598 5529 1654 5567 τε

46 5601 168 5653 καὶ
198 5601 426 5668 ἀγαθοῦ,
448 5603 723 5673 ἐπιθυμία,
756 5605 1029 5674 ὁμοτίμως
1062 5608 1295 5677 ἑκατέρᾳ
1327 5605 1656 5676 συνουσιώθη

43 5693 127 5762 τῇ
163 5691 364 5759 φύσει,
398 5692 493 5746 καὶ
517 5693 576 5746 τὸ
607 5695 934 5768 αὐτοκρατές
957 5715 1015 5751 τε
1054 5699 1147 5753 γαί
1176 5697 1537 5765 αὐτεξούσιον,
1565 5700 1657 5752 καὶ

117 5872 192 5928 ,⁸³
242 5871 263 5924 Ι
309 5869 508 5930 Thess.
539 5887 614 5938 tv,
654 5874 741 5930 16.

1767 3423 1854 3482 (de
1878 3421 1978 3475 hoc
2009 3422 2199 3490 loquor
2221 3422 2377 3486 duro,
2431 3423 2704 3482 renitenti.
2737 3437 2799 3476 ac
2833 3423 3068 3492 pondere
3115 3436 3216 3476 suo
3259 3423 3323 3473 ad

1766 3521 1965 3566 terram
1997 3520 2248 3581 vergente
2280 3515 2653 3583 corpore),per
2696 3529 2944 3584 superam
2980 3522 3185 3582 partem
3226 3515 3322 3567 ul):

1766 3613 2013 3660 versatur
2039 3605 2092 3659 in
2120 3605 2326 3660 levibus
2349 3613 2402 3658 et
2429 3606 2676 3662 aathcreis
2722 3607 2875 3663 locis.
2933 3606 3226 3659 immorans
3270 3606 3325 3658 in

1767 3696 1889 3766 agili
1908 3705 1960 3751 et
1982 3697 2228 3767 expedita
2250 3706 2476 3763 natura;
2497 3700 2662 3752 altera
2685 3712 2810 3750 vero
2839 3704 3061 3766 prepter
3077 3697 3323 3766 corporis

1764 3789 1937 3843 nostri
1967 3803 2088 3841 cum
2133 3794 2306 3843 terrea
2360 3797 2550 3842 natura
2611 3787 3007 3857 cognationem,
3067 3795 3322 3856 tanquam

1765 3880 1878 3932 limi
1910 3888 1962 3932 et
2003 3878 2147 3932 faecis
2196 3879 2465 3947 quoddam
2531 3878 2912 3937 sedimentnm,
2960 3877 3097 3930 hanc
3155 3885 3324 3930 terres

1767 3981 1930 4025 strem
1957 3971 2118 4023 vitam
2148 3971 2472 4023 necessitate
2502 3969 2693 4023 sortita
2735 3975 2835 4023 est.
2890 3967 3037 4020 Hand
3072 3969 3320 4038 equidem

1766 4061 1877 4114 scio
1935 4058 2065 4128 quid
2111 4074 2206 4128 per
2241 4058 2353 4113 lucc
2393 4059 2571 4113 divina
2606 4060 2854 4112 voluntas
2892 4059 3222 4128 disposuerit
3260 4075 3322 4112 ac

1765 4152 2132 4214 destinaverit,
2168 4153 2281 4208 sive
2306 4167 2518 4206 omnem
2544 4152 2645 4204 sibi
2676 4160 2979 4205 creaturam
3007 4153 3322 4205 consociare

1763 4251 1923 4313 atque
1943 4243 2234 4297 conciliare
2266 4243 2552 4302 studuerit,
2580 4249 2637 4295 ut
2663 4256 2838 4310 neque
2869 4239 3078 4295 inferna
3129 4251 3321 4295 natura

1764 4336 2064 4391 cmlestinm
2099 4336 2464 4400 altitudinum,
2499 4346 2672 4402 neque
2729 4333 2924 4386 caalum
2985 4342 3320 4386 terrenarum

1762 4442 1945 4481 rerum
1980 4427 2192 4495 penitus
2219 4441 2410 4495 expers
2440 4431 2602 4487 esset,
2631 4431 2689 4476 ut
2720 4438 2816 4491 per
2848 4423 3082 4477 hominis
3122 4423 3322 4478 formas

1765 4515 1964 4569 tionem
1997 4522 2158 4583 atque
2186 4513 2546 4567 conditionem
2581 4512 2794 4581 utrique
2847 4513 3111 4568 elemento
3169 4515 3321 4568 lieret

1694 4639 1738 4697 ο
1764 4605 1945 4675 aliqua
1979 4605 2317 4674 participatio
2357 4618 2544 4658 eorum
2575 4619 2694 4672 qua:
2732 4603 2783 4656 in
2831 4604 3093 4658 alterutro
3124 4605 3323 4659 intelli-

1763 4702 1999 4764 guntur;
2037 4707 2157 4747 cum
2189 4699 2241 4745 et
2272 4691 2471 4751 anima,
2515 4706 2635 4759 quae
2688 4699 2866 4745 mente
2907 4699 3142 4754 constat,
3200 4707 3321 4761 quae

1759 4795 1916 4835 mens
1965 4779 2142 4833 aiiinis
2173 4787 2228 4832 et
2276 4788 2502 4847 cognata
2536 4779 2833 4832 cmlestinm
2897 4781 3156 4834 virtutum
3203 4796 3322 4836 esse

1760 4870 1994 4930 videtur,
2050 4869 2281 4924 terrenis
2336 4870 2658 4938 corporibus
2731 4871 3014 4936 inhabitet,
3083 4882 3135 4928 et
3206 4874 3318 4928 haec

1762 4969 1940 5015 terrea
1960 4973 2085 5014 caro
2116 4961 2167 5014 in
2195 4963 2536 5016 restitutione
2555 4962 2928 5016 universorum
2959 4965 3009 5017 in
3043 4966 3316 5020 coelestem

1761 5054 1941 5107 locum
2007 5068 2112 5106 una
2169 5069 2291 5105 cum
2343 5053 2523 5104 anima
2583 5055 2948 5122 transmigret.
3003 5055 3319 5125 (Rapiemur

1760 5145 1926 5206 enim,
1967 5153 2026 5198 ut
2056 5145 2231 5214 inquit
2259 5143 2568 5213 Apostolus,
2596 5147 2648 5197 in
2679 5145 2921 5209 nubibus,
2954 5147 3007 5198 in
3044 5162 3317 5199 occursum

1761 5237 1997 5294 Domini,
2014 5239 2065 5290 in
2083 5253 2273 5298 aerem,
2287 5246 2336 5289 et
2357 5237 2432 5289 sic
2449 5252 2647 5300 semper
2661 5253 2776 5289 cum
2791 5237 2946 5290 Domi
2953 5255 3015 5290 no
3031 5237 3315 5304 erimus”,)

1763 5329 1888 5384 Sive
1920 5329 2087 5398 igitur
2108 5329 2228 5390 hoc,
2264 5327 2378 5381 sive
2405 5328 2606 5396 aliquid
2651 5328 2794 5382 aliud
2825 5341 3018 5397 praeter
3047 5329 3149 5382 hoc
3174 5327 3315 5380 divi-

1762 5437 1828 5474 na
1858 5420 2126 5489 sapientia
2178 5420 2514 5490 disponente,
2560 5422 2612 5474 in
2643 5423 2781 5476 hanc
2833 5421 3100 5489 duplicem
3152 5421 3316 5472 vitam

1764 5524 1908 5568 secta
1937 5514 2118 5568 omnis
2150 5521 2336 5567 natura
2365 5513 2646 5568 rationalis
2677 5522 2839 5582 atque
2877 5513 3047 5566 divisa
3079 5519 3182 5576 est,
3211 5527 3318 5565 una

1763 5607 1978 5674 quidem
2034 5607 2378 5674 incorporea,
2424 5621 2544 5674 quae
2602 5606 2876 5659 coalestem
2938 5604 3319 5657 beatitudinem

1764 5697 1952 5753 sortita
1989 5708 2071 5754 est
2147 5697 2312 5752 altera
2367 5711 2520 5761 vero,
2568 5711 2686 5765 qua:
2742 5703 2960 5765 propter
3011 5694 3323 5750 aliinitatem

1773 5909 1818 5931 Δ-
