4004 6486
603 389 758 444 ’1267

1882 385 1938 442 S.
1982 384 2310 448 GBEGORII
2347 386 2638 444 NYSSENI

3669 409 3767 466 “68

611 524 780 590 quam
811 522 934 562 cum
969 522 1032 562 ea
1067 507 1249 570 habet,
1284 507 1336 562 in
1365 515 1510 562 terra
1543 524 1638 577 per
1672 524 1892 564 carnem
1932 519 2179 580 occupat:

2298 510 2476 582 πάσης
2489 513 2736 584 ἀνάγκης
2753 509 3034 584 ἐλεύθερον
3053 511 3164 564 ἴσον
3185 512 3270 564 ἐπ’
3283 514 3470 586 ἀμφοῖν
3485 517 3512 569 ό
3527 517 3605 574 τοῦ
3624 527 3770 591 παντὸς

617 606 736 654 est:
766 605 1133 658 verumtamen
1161 599 1284 654 boni
1317 607 1372 654 et
1396 599 1606 662 honesti
1641 601 1881 664 studium
1911 601 2192 672 {equaliter

619 693 906 762 utriusque
938 699 1148 748 natura
1175 693 1429 748 essentia
1457 694 1621 748 simul
1653 694 1876 752 insitum
1921 704 1976 750 et
2033 695 2192 748 attri-

621 785 808 838 butum
837 791 940 846 est,
958 783 1280 854 plenamque
1307 785 1432 840 item
1465 799 1528 842 ac
1557 799 1823 844 summam
1859 786 1914 840 in
1938 801 2059 842 sese
2091 800 2190 855 po-

617 883 892 940 testatem,
912 883 965 932 et
997 875 1063 928 ab
1081 876 1228 930 omni
1263 877 1588 934 necessitate
1607 876 1832 936 liberam
1854 877 2188 932 voluntatem

613 967 667 1018 in
702 966 954 1036 utrisque
983 981 1166 1036 parem
1196 983 1379 1024 rerum
1416 967 1794 1028 universarum
1825 984 2026 1038 praises
2057 967 2190 1028 eﬂ‘ev

614 1057 709 1116 cit,
765 1065 824 1110 ut
855 1057 1020 1112 animi
1071 1057 1243 1112 libero
1274 1057 1506 1126 quodam
1539 1059 1762 1120 arbitrio
1793 1067 1956 1128 atque
1989 1074 2190 1128 propo—

615 1149 724 1203 sito
752 1155 970 1217 regatur
1001 1148 1266 1218 quidquid
1299 1149 1511 1204 ratione
1554 1149 1756 1218 pariter
1788 1163 1850 1202 ac
1879 1157 2058 1210 mente
2091 1150 2188 1206 hoc

613 1251 866 1295 novatum
909 1247 1014 1294 est.
1049 1237 1151 1294 Sed
1182 1255 1418 1310 superna
1454 1239 1670 1310 quidem
1718 1240 1825 1294 vita
1885 1241 2108 1312 penitus
2155 1257 2186 1298 a

613 1331 858 1400 nequitia
889 1337 1054 1400 atque
1091 1331 1389 1386 vitiositate
1416 1347 1554 1399 pura
1583 1341 1684 1395 est,
1733 1346 1797 1385 ac
1850 1332 1986 1386 nihil
2027 1333 2190 1403 quid-

613 1437 774 1492 quam
808 1421 973 1476 exiis
1023 1437 1145 1491 qute
1195 1437 1260 1476 ex
1296 1422 1575 1480 contrario
1626 1422 2001 1494 intelliguntur
2059 1439 2185 1478 cum

611 1515 702 1568 illa
725 1513 836 1568 vita
865 1521 1224 1568 conversatur
1279 1521 1442 1582 atque
1511 1514 1950 1572 communionem
1999 1513 2184 1580 habet,

611 1607 706 1662 sed
739 1607 920 1662 omnis
967 1607 1199 1662 vitiosus
1241 1606 1698 1676 perturbatusque
1733 1616 1914 1662 motus
1959 1617 2014 1663 et
2057 1607 2187 1664 affe—

611 1711 752 1765 ctus,
782 1699 982 1770 quibus
1011 1700 1174 1754 rebus
1204 1714 1375 1770 genus
1408 1699 1702 1758 humanum
1738 1699 2032 1756 obnoxium
2077 1709 2182 1764 est,

609 1810 706 1865 per
759 1793 1026 1848 infernam
1077 1793 1242 1847 vitam
1299 1801 1528 1862 vagatur
1577 1799 1630 1848 et
1688 1792 1926 1850 oberrat.
1983 1794 2182 1860 Quam.

607 1887 794 1940 obrem
827 1900 944 1939 eam
977 1901 1098 1954 qme
1141 1885 1196 1938 in
1232 1884 1386 1938 caelis
1432 1891 1517 1938 est
1557 1893 1868 1940 sanctarum
1911 1885 2178 1942 virtutum

606 1979 770 2032 vitam
823 1992 853 2030 a
901 1977 1140 2047 nequitia
1173 1985 1334 2046 atque
1381 1978 1682 2032 vitiositate
1726 1993 1952 2032 vacuam
1999 1986 2053 2034 et
2113 1979 2181 2034 ab

607 2070 754 2123 omni
787 2076 1136 2140 peccatorum
1163 2069 1378 2124 macula
1413 2071 1680 2140 integram
1715 2085 1777 2124 ac
1817 2085 2008 2140 puram
2057 2085 2182 2126 esse

606 2165 758 2218 novit
785 2163 1046 2218 divinitus
1075 2161 1330 2232 praedicta
1357 2159 1660 2232 Scriptura.
1692 2160 1966 2231 Quidquid
1995 2169 2179 2216 autem

605 2266 756 2312 extra
784 2257 986 2310 bonum
1011 2269 1106 2324 per
1137 2255 1309 2323 ipsam
1343 2254 1411 2308 ab
1452 2268 1518 2308 eo
1563 2253 1928 2309 secessionem
1973 2253 2178 2306 malum

605 2349 770 2404 subiit
799 2357 960 2415 atque
982 2346 1243 2414 suscepit,
1277 2345 1422 2400 circa
1445 2359 1741 2400 concavam
1769 2355 1930 2414 atque
1963 2345 2180 2412 depres-

605 2459 718 2496 sam
751 2441 892 2494 hanc
911 2438 1103 2500 vitam,
1141 2436 1302 2490 sicuti
1332 2435 1582 2504 quaedam
1616 2434 1717 2490 faex
1765 2441 1819 2490 et
1853 2435 2016 2490 limus
2048 2449 2182 2488 con-

604 2531 781 2596 fluxit,
840 2545 948 2600 qua
1003 2528 1216 2582 ratione
1268 2526 1584 2596 inquinatur
1641 2541 1812 2596 genus
1857 2525 2176 2590 humanum,

604 2639 712 2693 quo
739 2623 917 2677 minus
946 2621 1194 2676 divinum
1229 2619 1410 2672 lumen
1443 2617 1691 2674 veritatis
1733 2617 2032 2680 intueatur,
2085 2631 2180 2686 per

603 2713 874 2782 ejusmodi
926 2711 1180 2766 tenebras
1228 2708 1567 2778 impeditum.
1627 2705 1683 2762 Si
1740 2707 1907 2777 igitur
1941 2721 2178 2776 superna

603 2805 820 2876 quidem
851 2805 960 2857 vita
991 2804 1060 2857 ab
1083 2802 1368 2857 affectibus
1415 2811 1470 2856 et
1521 2799 1670 2856 vitiis
1719 2815 1914 2866 vacua,
1967 2801 2178 2870 integra

605 2909 764 2968 atque
795 2898 1108 2968 incorrupta
1157 2905 1279 2962 est;
1329 2893 1496 2948 variis
1557 2900 1738 2948 autem
1779 2892 2066 2950 affectibus
2123 2900 2178 2950 et

603 2987 863 3043 aerumnis
919 2987 1166 3042 demersa
1197 2995 1280 3040 est
1309 2985 1472 3054 hujus
1501 2993 1732 3040 terrenae
1763 2984 1886 3038 vitae
1931 2983 2174 3048 miseria,

605 3079 952 3136 manifestum
994 3079 1158 3136 fuerit
1193 3079 1336 3149 quod
1369 3091 1604 3148 superna
1645 3077 1864 3148 quidem
1917 3079 2050 3140 vita,
2086 3085 2176 3132 ut-

604 3177 730 3239 pote
759 3171 828 3223 ab
867 3169 1015 3223 omni
1052 3169 1196 3222 malo
1239 3183 1395 3238 pura,
1437 3183 1532 3238 per
1585 3167 1782 3222 bonam
1839 3167 2171 3221 voluntatem
2203 3188 2245 3244 ο

603 3257 698 3312 Dei
753 3273 1012 3329 prospere
1061 3258 1311 3328 exigatur
1354 3269 1514 3327 atque
1585 3265 1820 3326 regatur.
1879 3255 1980 3312 Ubi
2029 3259 2172 3312 enim

603 3352 804 3404 malum
831 3366 937 3404 non
966 3359 1072 3412 est,
1103 3350 1302 3406 bonum
1355 3365 1580 3419 prorsus
1609 3364 1732 3406 esse
1781 3365 2008 3406 necesse
2055 3359 2172 3404 est:

603 3455 790 3499 nostra
819 3451 998 3500 autem
1030 3443 1159 3506 vita,
1185 3457 1306 3496 eum
1341 3443 1724 3498 commuuimie
1756 3449 1808 3496 et
1844 3459 1946 3498 usu
2005 3443 2177 3496 bono-

605 3552 726 3589 rum
754 3535 1036 3598 exciderit,
1062 3533 1224 3587 simul
1247 3533 1410 3586 etiam
1433 3531 1636 3586 excidit
1669 3533 1850 3588 divina
1873 3533 2173 3592 voluntate.

605 3626 816 3678 Idcirco
845 3640 939 3694 per
967 3623 1266 3678 orationem
1294 3623 1577 3685 docemur,
1627 3623 1700 3675 ita
1733 3639 1762 3675 a
1813 3623 1956 3677 malo
2015 3623 2173 3676 vitam

607 3727 850 3771 nostram
874 3731 1198 3786 expurgare,
1236 3725 1294 3768 ut
1351 3713 1418 3768 ad
1469 3714 1882 3774 similitudinem
1935 3715 2176 3770 ccelestis

605 3809 732 3864 vita:
779 3807 1036 3873 instituti,
1069 3809 1232 3862 etiam
1266 3809 1320 3862 in
1350 3807 1508 3862 nobis
1530 3807 1736 3876 absque
1787 3808 1896 3861 ullo
1947 3807 2176 3877 impedi-

604 3915 788 3956 mento
821 3900 1070 3954 voluntas
1103 3898 1194 3952 Dei
1228 3907 1568 3960 exerceatur.
1615 3896 1838 3967 perinde
1867 3913 1930 3952 ac
1957 3899 2004 3953 si
2051 3897 2174 3966 quis

603 3991 777 4045 dicat:
811 3988 1276 4056 Quemadmodum
1311 3989 1366 4048 in
1425 3987 1638 4042 thronis
1665 3995 1718 4042 et
1753 3987 2171 4058 principatibus,

603 4091 657 4140 et
679 4084 1062 4154 potestatibus,
1107 4091 1162 4136 et
1183 4079 1670 4142 dominationibus,
1698 4087 1753 4134 et
1801 4081 1948 4134 omni
1979 4094 2174 4150 supra-

603 4175 880 4229 mundano
901 4174 1142 4230 exercitu
1175 4175 1232 4226 lit
1261 4173 1510 4230 voluntas
1533 4179 1644 4235 tua,
1672 4170 1876 4224 malitia
1907 4179 2068 4239 atque
2099 4172 2174 4226 vi-

603 4269 844 4322 tiositate
889 4279 1158 4336 nusquam
1187 4265 1315 4319 boni
1369 4263 1640 4322 actionem
1691 4263 2053 4332 impediente:
2092 4264 2172 4328 ita

2293 601 2588 672 ἐπιστάτης
2630 603 2904 671 ἐποίησεν,
2947 601 3023 664 ὡς
3071 603 3344 674 αὐτονόμῳ
3387 607 3484 659 τινὶ
3529 615 3771 682 πρθαιρέσει

2291 691 2688 761 οἰκονομεῖσθαι
2727 695 2837 746 πᾶν
2868 693 2990 746 ὅσον
3019 691 3160 762 λόγῳ
3187 709 3246 746 τε
3275 694 3366 746 καὶ
3398 693 3584 770 διανοίᾳ
3605 703 3774 776 τετίμη.

2289 799 2382 836 ται
2407 801 2422 814 ·
2463 784 2572 838 ἀλλ’
2607 787 2643 856 ἠ
2669 785 2768 856 μὲν
2799 783 2910 838 ἄνω
2941 784 3076 856 ζωὴ,
3111 784 3398 856 καθαρεύει
3429 789 3584 861 πάντη
3610 795 3772 858 κακίας,

2291 875 2384 928 καὶ
2410 875 2528 928 οὐδὲ
2573 875 2631 929 ἓν
2660 876 2843 948 ἐκείνῃ
2889 875 2996 930 τῶν
3038 877 3102 928 ὲκ
3149 874 3243 928 τοῦ
3289 878 3514 932 ἐναντίου
3541 885 3772 952 νοουμένων

2292 967 2776 1036 συμπολιτεύεται·
2827 970 2978 1022 πᾶσα
3023 969 3080 1022 δὲ
3119 968 3366 1039 ἐμπαθὴς
3409 971 3598 1042 κίνησίς
3631 993 3678 1030 τε
3711 981 3775 1032 καὶ

2288 1058 2549 1122 διάθεσις,
2591 1060 2690 1130 τὴν
2725 1059 2876 1112 κάτω
2908 1058 3051 1130 ζωὴν
3095 1060 3391 1130 περιπολεῖ,
3439 1063 3492 1114 ὲν
3517 1058 3588 1126 οἷς
3611 1068 3702 1120 ἐστι
3733 1071 3774 1124 ιδ

2289 1151 2644 1222 ἀνθρώπινον.
2698 1151 2798 1204 Διά
2829 1151 2985 1204 τοῦτο
3011 1151 3111 1222 τὴν
3147 1155 3203 1204 ἐν
3247 1153 3484 1222 οὐρανοῖς
3525 1155 3618 1208 τῶν
3653 1159 3776 1226 ἁγίων

2287 1240 2567 1312 δυνάμεων
2601 1241 2870 1295 πολιτείαν
2907 1242 3082 1312 ἀμιγῆ
3126 1240 3342 1305 κακίας,
3389 1242 3478 1295 καὶ
3520 1245 3688 1306 παντὸς
3711 1249 3775 1302 τοῦ

2287 1333 2348 1398 ἐξ
2379 1333 2652 1404 ἁμαρτίας
2692 1333 2968 1404 μολυσμοῦ
2997 1332 3421 1403 καθαρεύουσαν,
3445 1336 3471 1388 ό
3501 1333 3778 1404 θεόπνευστος

2289 1424 2571 1478 ἐπίσταται
2604 1424 2781 1494 λόγος.
2847 1425 2960 1478 Πᾶν
2988 1423 3044 1478 δὲ
3073 1425 3196 1478 ὅσον
3234 1423 3389 1487 ἐκτὸς
3431 1424 3522 1478 τοῦ
3547 1427 3712 1494 ἀγαθοῦ
3731 1430 3777 1482 δι’

2287 1514 2458 1585 αὐτῆς
2497 1515 2596 1588 τῆς
2641 1517 3036 1588 ἀναχωρήσεως
3077 1515 3240 1570 αὐτοῦ
3291 1517 3598 1588 παρυπέστη
3641 1523 3778 1588 κακὸν,

2287 1608 2416 1678 περ)⁴
2448 1608 2548 1680 τὴν
2579 1608 2764 1678 κοίλην
2787 1609 2990 1679 ταύτην
3017 1607 3182 1678 ζωὴν,
3205 1602 3318 1662 οἷόν
3343 1626 3426 1672 τις
3456 1611 3632 1680 τρυγία
3649 1630 3697 1666 τε
3713 1615 3780 1666 καί

2290 1699 2404 1762 ἰλὺς
2440 1700 2732 1771 συνερρύη,
2829 1700 3114 1770 μολύνεται
3147 1701 3208 1754 τὺ
3231 1701 3576 1774 ἀνθρώπινον,
3610 1707 3718 1778 πρὸς
3740 1709 3782 1762 τὸ

2285 1791 2519 1844 κατιδεῖν
2553 1791 2614 1844 τὸ
2643 1791 2782 1846 θεῖον
2817 1791 2916 1862 τῆς
2945 1791 3202 1860 ἀληθείας
3231 1792 3346 1861 φῶς
3375 1793 3459 1847 διὰ
3487 1795 3572 1846 τοῦ
3595 1798 3779 1851 τοιούτου

2287 1883 2508 1946 σκότους
2529 1883 2968 1954 ὲμποδιζόμενον.
2997 1885 3057 1938 El
3079 1885 3254 1939 τοίνυν
3278 1887 3488 1956 ἀπαθὴς
3513 1889 3598 1958 μὲν
3617 1889 3644 1958 ἡ
3665 1891 3781 1961 ὑπερ-

2283 1977 2511 2048 κειμένη
2549 1976 2662 2047 (rei)
2692 1979 2785 2032 καὶ
2819 1979 3114 2049 ἀκήρατος,
3142 1980 3417 2042 παντοίοις
3441 1979 3494 2032 δὲ
3533 1980 3698 2034 πάθεσι
3717 1985 3782 2034 καὶ

2280 2067 2672 2138 ταλαιπωρίαις
2705 2069 3202 2122 καταϐεϐἀπτισται
3240 2071 3274 2141 ὴ
3325 2069 3566 2141 ἀθλιότης
3593 2071 3674 2140 τῆς
3711 2065 3782 2125 ὧδε

2283 2161 2454 2230 ζωῆς
2487 2159 2644 2229 δῆλον
2673 2161 2739 2214 ἂν
2787 2160 2894 2231 εἴη,
2939 2162 3020 2214 ὅτι
3053 2162 3086 2231 ἡ
3115 2161 3214 2230 μὲν
3258 2161 3374 2216 ἄνω
3417 2160 3651 2221 πολιτεία,
3716 2163 3780 2215 ἅτε

2282 2253 2480 2317 παντὸς
2511 2252 2684 2306 κακοῦ
2713 2252 3122 2325 καθαρεύουσα,
3159 2255 3216 2305 ὲν
3259 2251 3340 2324 τῷ
3371 2252 3550 2322 ἀγαθῷ
3575 2253 3778 2322 θελήματι

2279 2343 2374 2398 τοῦ
2411 2343 2546 2398 Θεοῦ
2593 2344 2984 2415 κατορθοῦται·
3035 2345 3163 2399 ἔνθα
3199 2345 3306 2416 γὰρ
3359 2345 3522 2398 κακὸν
3553 2346 3638 2398 οὐκ
3662 2345 3779 2406 ἔστιν,

2279 2435 2492 2506 ἀνάγκη
2527 2437 2676 2489 πᾶσα
2702 2435 2903 2504 ἀγαθὸν
2927 2432 3063 2490 εῖναι
3084 2452 3096 2463 ·
3149 2437 3182 2507 ἡ
3215 2436 3272 2489 δὲ
3295 2435 3419 2490 καθ’
3441 2436 3578 2506 ἡμᾶς
3607 2435 3698 2506 ζωὴ
3714 2435 3782 2504 τῆς

2279 2527 2387 2582 τῶν
2416 2526 2634 2596 ἀγαθῶν
2661 2529 2948 2595 μετουσίας
2965 2531 3372 2592 ὲκπεπτωκυῖα,
3405 2527 3781 2580 συνεκπέπτωκεν

2280 2621 2374 2673 καὶ
2399 2621 2491 2672 τοῦ
2513 2620 2655 2673 θείου
2687 2619 2850 2690 βουλή
2860 2638 3044 2690 ματος.
3097 2622 3196 2676 Διά
3217 2621 3378 2674 τοῦτο
3399 2622 3455 2674 ὲν
3481 2623 3546 2691 τῇ
3571 2623 3779 2690 προσευχῇ

2277 2711 2671 2782 διδασκόμεθα,
2713 2711 2886 2776 οὕτως
2925 2713 3082 2784 ἡμῶν
3121 2713 3216 2766 τοῦ
3257 2711 3432 2766 κακοῦ
3467 2713 3562 2783 τὴν
3587 2713 3782 2783 ζωὴνὲκ-

2279 2803 2646 2876 καθαρθῆναι,
2703 2803 2779 2866 ὡς
2833 2803 2952 2857 καθ’
2998 2804 3288 2875 ὁμοιότητα
3335 2804 3437 2873 τῆς
3474 2801 3692 2873 οὐρανίου
3722 2803 3778 2854 δι-

2277 2895 2531 2964 αγωγῆς,
2564 2896 2656 2948 καὶ
2699 2897 2758 2948 ὲν
2797 2897 2928 2965 ἡμῖν
2969 2895 3384 2965 ἀνεμποδίστως
3410 2894 3469 2947 τὸ
3505 2894 3688 2964 θέλημα
3719 2892 3782 2946 τοῦ

2277 2985 2412 3040 Θεοῦ
2462 2985 2905 3048 πολιτεύσασθαι,
2946 2985 3020 3050 ὡς
3044 2986 3109 3040 ἄν
3139 3003 3222 3045 τις
3249 2985 3399 3054 λέγοι
3427 3003 3440 3014 ·
3483 2983 3782 3052 ὃτιΚαθάπρ

2277 3079 2334 3130 ὲν
2389 3078 2596 3149 θρόνοις
2645 3078 2736 3132 καὶ
2785 3079 3011 3150 ἀρχαῖς,
3070 3079 3164 3132 καὶ
3194 3078 3496 3142 ἐξουσίαις,
3547 3077 3628 3130 καὶ
3653 3079 3787 3142 κυριό-

2276 3185 2422 3238 τησι,
2461 3168 2554 3222 καὶ
2581 3169 2728 3240 πάσῃ
2759 3171 2824 3239 τῇ
2869 3169 3220 3239 ὑπερκοσμίῳ
3256 3169 3484 3238 δυνάμει
3519 3167 3699 3234 γίνεταί
3719 3165 3784 3218 σύ)

2279 3261 2340 3314 τὸ
2406 3260 2636 3332 θέλημα,
2689 3259 2936 3330 μηδαμοῦ
2987 3260 3186 3324 κακίας
3233 3258 3686 3331 παραποδιζούσης
3721 3254 3786 3308 τοῦ

2282 3351 2486 3420 ἀγαθοῦ
2515 3353 2612 3421 τὴν
2649 3352 2925 3422 ἐνέργειαν
2947 3367 2959 3380 ·
3015 3351 3156 3406 οὓτω
3183 3351 3276 3404 καὶ
3315 3352 3376 3405 ὲν
3401 3354 3530 3422 ἡμῖν
3562 3348 3786 3416 τὸάγαθὸν

2279 3444 2609 3514 τελειωθείη,
2651 3446 2735 3498 ἵνα
2776 3445 2954 3513 πάσης
3003 3445 3200 3506 κακίας
3243 3443 3488 3498 ἐκποδὼν
3529 3443 3786 3513 γενομένης,

2280 3537 2370 3590 διὰ
2399 3537 2612 3590 πάντων
2705 3537 2764 3590 τὸ
2794 3536 3006 3608 θέλημά
3038 3553 3134 3589 σου,
3155 3539 3276 3606 ταῖς
3306 3536 3508 3606 ψυχαῖς
3539 3533 3676 3606 ἡμῶν
3697 3549 3790 3586 κατ·

2280 3626 2650 3697 ευοδούμενον.
2727 3626 2863 3678 Ἀλλ’
2907 3626 2982 3690 ὡς
3027 3626 3519 3694 ἀνθυπενεγκόντος
3545 3621 3792 3688 τινός·Κοὶ

2281 3719 2397 3780 πῶς
2443 3721 2558 3772 ἐστι
2594 3718 2816 3772 δυνατὸν
2849 3719 2947 3790 τὴν
2982 3721 3040 3772 ἐν
3073 3721 3193 3784 ταῖς
3245 3721 3558 3790 ἀσωμάτοις
3587 3718 3789 3790 δυνάμει

2279 3809 2645 3881 καθαρότητα,
2675 3813 2786 3874 τοῖς
2817 3810 2904 3863 διὰ
2933 3810 3144 3882 σαρκὸς,
3161 3809 3255 3882 τὴν
3285 3810 3431 3883 ζωὴν
3465 3811 3684 3882 είληχόσι
3707 3824 3792 3860 κατ-

2277 3902 2600 3972 ορθωθῆναι.
2641 3904 2699 3962 ἐν
2737 3903 2955 3974 μυρίαις
2987 3902 3232 3973 φροντίσι
3277 3903 3370 3956 διὰ
3407 3903 3506 3968 τὰς
3535 3899 3792 3971 σωματικὰς

2277 3995 2464 4065 χρείας
2483 3994 2582 4063 τῆς
2608 3994 2784 4064 ψυχῆς
2805 3994 3246 4065 ἐμϐαθυνούσηςς
3267 3995 3368 4048 Διά
3397 3995 3554 4048 τοῦτὸ
3571 4011 3650 4065 μοι
3667 3991 3792 4052 δοκεῖ,

2279 4079 2522 4151 καθάπερ
2551 4079 2692 4134 λύων
2713 4081 2808 4152 τὴν
2833 4081 3086 4152 τοιαύτην
3106 4084 3440 4154 ἀμηχανίαν,
3463 4083 3539 4153 τῷ
3559 4083 3670 4151 ἑξῆς
3689 4079 3792 4146 λόγῳ

2275 4173 2336 4225 τὸ
2381 4173 2566 4226 δοκοῦν
2599 4173 2854 4246 δυσχερὲς
2901 4173 3036 4247 πρὸς
3085 4177 3182 4246 τὴν
3217 4176 3584 4248 προκειμένην
3610 4168 3793 4240 σπουδὴν

2279 4263 2482 4318 ὑπεκλύ
2491 4283 2596 4318 σαι.

603 4361 806 4415 bonum
829 4362 990 4414 etiam
1025 4361 1076 4413 in
1107 4359 1264 4414 llOblS
1297 4356 1615 4427 perficiatur
1639 4365 1693 4411 et
1742 4356 2076 4420 absolvatur,
2148 4366 2208 4412 ut
2245 4373 2276 4412 e
2299 4358 2478 4414 medio
2510 4359 2721 4414 sublata
2753 4359 2902 4412 omni
2956 4347 3164 4414 malitia
3213 4369 3380 4429 atque
3440 4359 3690 4429 nequitia,
3727 4367 3795 4406 vo-

603 4457 784 4509 luntas
813 4463 904 4507 tua
929 4456 982 4507 in
1013 4453 1210 4507 animis
1265 4451 1469 4506 nostris
1528 4465 1623 4519 per
1672 4450 1858 4504 omnia
1911 4465 2170 4520 prospere
2211 4452 2490 4506 succedat.
2525 4451 2630 4506 Sed
2659 4453 2816 4520 quasi
2841 4451 3042 4520 aliquis
3083 4467 3150 4508 ex
3216 4452 3452 4506 adverso
3509 4443 3796 4518 subjicienda

603 4557 764 4619 atque
817 4545 1138 4616 opponendo
1174 4543 1436 4597 dixisset:
1493 4540 1558 4594 Et
1595 4541 1686 4610 qui
1732 4540 1872 4594 [ierit
1924 4549 2104 4610 potest
2154 4553 2214 4596 ut
2255 4542 2328 4595 illi
2364 4542 2565 4612 quibus
2617 4557 2684 4596 ea
2725 4557 2844 4596 sors
2873 4541 3086 4612 obtigit,
3117 4551 3200 4595 ‘ut
3252 4541 3426 4595 vitam
3479 4555 3574 4610 per
3623 4546 3795 4590 urbem

601 4646 851 4714 exigant,
903 4653 1021 4694 eam
1067 4652 1188 4706 quae
1235 4637 1288 4690 in
1329 4631 1664 4705 incorporeis
1712 4635 2008 4690 virtutibus
2060 4645 2143 4690 est
2201 4635 2494 4705 puritatem
2538 4645 2920 4706 assequamur,
2969 4651 3116 4696 cum,
3171 4643 3394 4703 prepter
3449 4631 3686 4702 corporis
3729 4641 3796 4680 ne-

601 4736 871 4790 cessarios
903 4747 1036 4786 usus
1075 4731 1254 4783 anima
1283 4729 1585 4784 innumeris
1615 4729 1762 4783 curis
1831 4729 2076 4783 demersa
2149 4730 2265 4784 sit?
2299 4728 2505 4782 Idcirco
2534 4729 2665 4782 mihi
2697 4727 2904 4782 videtur
2955 4737 3211 4797 tanquam
3242 4728 3551 4782 discutiens
3577 4719 3794 4794 ejusmodi

601 4826 1032 4900 perplexitatem,
1060 4822 1110 4875 id
1141 4822 1281 4890 quod
1311 4821 1375 4873 ad
1407 4821 1741 4890 prepositum
1769 4819 2005 4874 studium
2034 4819 2251 4874 ditlicile
2275 4818 2578 4882 videbatur,
2609 4819 2855 4888 sequenti
2879 4819 3126 4873 oratione
3153 4819 3493 4874 dissolvisse.

669 4919 887 4972 Certam
913 4915 1056 4970 enim
1089 4914 1446 4980 stabilemque
1474 4911 1800 4966 sententiam
1831 4912 2027 4980 opinor
2050 4926 2173 4964 eum

2349 4912 2534 4982 Δόγμα
2556 4911 2663 4981 γὰρ
2689 4907 2839 4981 οἶμαι
2860 4909 2948 4964 διὰ
2968 4909 3169 4963 τούτων
3191 4909 3298 4963 τῶν
3314 4909 3492 4977 λόγων
3514 4911 3638 4978 ἡμῖν
3657 4901 3796 4958 ὑποτί-

601 5011 759 5067 nnbis
804 5026 900 5080 per
933 5009 1049 5063 tunc
1079 5007 1241 5061 verba
1287 5005 1520 5069 tradere,
1559 5006 1758 5074 quibus
1799 5003 2172 5074 quotidianmn

603 5121 795 5174 panem
835 5113 1017 5173 petere
1048 5117 1149 5155 nos
1180 5101 1370 5168 jubet:
1403 5100 1544 5168 quod
1593 5099 1848 5151 nimirum
1893 5095 2173 5164 frugalitas

601 5203 654 5248 et
703 5193 1076 5254 mediocritas,
1129 5197 1392 5260 quantum
1431 5191 1624 5241 attinet
1659 5187 1724 5241 ad
1763 5186 2030 5238 rationem
2079 5198 2174 5234 va-

601 5285 823 5340 cuitatis
869 5283 1160 5339 affectuum
1211 5290 1264 5334 et.
1305 5283 1578 5341 vitiorum,
1623 5279 1956 5346 obsequetur
2002 5277 2048 5330 ei
2101 5274 2174 5327 fa-

601 5377 788 5429 cultati
831 5376 916 5428 cui
967 5383 1162 5427 natura
1209 5371 1338 5426 nihil
1391 5372 1562 5425 deest.
1605 5369 1724 5422 Non
1765 5368 1908 5422 enim
1947 5367 2170 5436 angelus

602 5470 658 5521 in
710 5467 1067 5522 orationibus
1100 5481 1129 5519 a
1181 5465 1290 5518 Deo
1329 5465 1459 5534 petit
1510 5463 1612 5519 sibi
1667 5476 1858 5532 panem
1901 5461 2169 5515 submini-

603 5561 788 5622 strari,
815 5560 1068 5629 quoniam
1101 5557 1360 5628 przeditus
1389 5565 1470 5610 est
1514 5561 1704 5608 natura
1747 5567 1866 5623 qua:
1909 5553 2044 5606 nihil
2079 5567 2170 5606 ea-

602 5667 722 5705 rum
761 5668 939 5704 rerum
973 5651 1202 5720 amplius
1235 5667 1372 5719 opus
1405 5650 1622 5711 haheat,
1671 5647 1762 5701 sed
1797 5647 1958 5700 homo
1989 5653 2170 5716 petere

599 5743 841 5812 jubetur,
890 5753 1174 5811 propterea
1231 5742 1372 5810 quod
1436 5741 1488 5794 id
1547 5740 1692 5809 quod
1753 5746 2050 5793 evacuatur
2103 5753 2168 5792 eo

605 5835 748 5900 quod
797 5835 995 5899 repleat
1031 5833 1254 5886 cumino
1294 5851 1430 5901 opus
1471 5832 1704 5898 habeat;
1738 5847 1863 5885 nam
1906 5831 2048 5884 fluam
2084 5837 2168 5883 at-

2273 5003 2479 5066 θεσθαι,
2501 5003 2644 5073 ἐντῷ
2663 5004 2750 5056 τὸν
2767 5005 3038 5074 ἐφήμερον
3061 5002 3221 5072 ἄρτον
3240 5004 3410 5054 αἰτεῖν
3429 4999 3726 5072 προστάξαι,
3741 4995 3796 5046 ὅτι

2272 5093 2348 5164 τῷ
2371 5093 2603 5148 ἁνενδεεῖ
2630 5093 2769 5146 κατά
2792 5093 2889 5162 τὴν
2911 5093 3090 5160 φύσιν,
3121 5091 3184 5144 τὸ
3212 5091 3502 5161 ὀλιγαρκὲς
3528 5107 3584 5142 τε
3619 5088 3698 5140 καὶ

2269 5203 2419 5256 τριον
2457 5185 2598 5240 κατά
2624 5186 2715 5238 τὸν
2741 5185 2838 5254 τῆς
2867 5183 3130 5246 ἀπαθείας
3157 5183 3310 5251 λόγον
3339 5180 3712 5246 magme
3743 5177 3794 5229 Οὐ

2271 5279 2380 5348 γὰρ
2403 5280 2540 5330 αἰτεῖ
2567 5277 2656 5330 τὸν
2685 5277 2814 5330 Θεὸν
2854 5280 2910 5330 ἐν
2939 5279 3058 5340 ταῖς
3091 5277 3416 5347 προσευχαῖς
3447 5278 3476 5328 ὁ
3503 5274 3711 5342 ἄγγελος
3727 5270 3796 5336 τὴν

2277 5369 2536 5439 χορηγίαν
2559 5370 2648 5422 τοῦ
2677 5369 2859 5439 ἄρτου,
2899 5369 2979 5422 ὅτι
3011 5369 3282 5439 ἀπροσδεῆ
3312 5368 3571 5440 κέκτηται
3601 5365 3694 5417 τῶν
3719 5378 3796 5414 τοι·

2275 5459 2447 5512 ούτων
2474 5457 2568 5529 τὴν
2603 5457 2762 5526 φύσιν
2781 5476 2794 5488 ·
2838 5461 3006 5511 αἰτεῖν
3034 5457 3088 5510 δὲ
3113 5457 3452 5528 προσετάχθη
3487 5459 3515 5510 ὁ
3537 5453 3794 5524 ἄνθρωπος.

2275 5551 2408 5604 διότι
2439 5551 2498 5604 τὸ
2537 5551 2856 5620 κενούμενον
2887 5551 3092 5614 ὲπιδεὲς
3129 5550 3220 5602 τοῦ
3255 5548 3678 5621 ἀναπληροῦντας
3701 5541 3796 5594 πόν-

2275 5661 2383 5708 τως
2411 5643 2542 5695 ἐστί.
2593 5641 2824 5708 Ῥοώδης
2863 5642 2918 5694 δὲ
2958 5641 3050 5694 καὶ
3085 5639 3350 5713 παροδικὴ
3373 5639 3476 5710 τῆς
3505 5631 3796 5705 ἀνθρωπίνης

2278 5732 2424 5802 ζωῆς
2444 5735 2587 5784 ἐστιν
2611 5735 2642 5802 ἡ
2671 5731 2950 5794 σύστασις,
2967 5732 3086 5784 ἀντὶ
3109 5731 3202 5784 τοῦ
3227 5730 3601 5799 ἐκποιηθέντος
3623 5725 3675 5778 τὸ
3701 5722 3796 5774 ἀπ’

2278 5827 2465 5890 νεάζον
2495 5825 2842 5897 ἐπιζητοῦσα.
2881 5826 2938 5880 '0
2968 5821 3061 5880 οὖν
3096 5826 3231 5897 πρὸς
3255 5825 3350 5896 τὴν
3369 5823 3473 5892 τῆς
3507 5821 3699 5892 φύσεως
3723 5815 3795 5866 ὑπ’
