4004 6524
287 399 426 467 non

1257 416 1340 470 DE
1373 415 1722 472 ORATIONE
1758 418 2102 476 DOMINICA.
2144 450 2213 461 —
2236 418 2496 479 ORATIO
2534 423 2620 478 IV.

282 528 510 598 ηρεσίαν
555 527 784 598 βλέπων,
837 532 930 584 καὶ
964 532 1126 601 μηδὲν
1171 533 1276 596 ἔξω
1309 533 1404 586 τοῦ
1436 535 1729 602 ἀναγκαίου
1756 534 1831 588 διὸ

1945 551 2052 606 que
2093 538 2405 592 transitoria
2441 540 2564 593 vitae
2609 540 2856 594 humana:
2887 539 3124 596 conditio
3165 547 3268 605 est,
3303 555 3399 609 pro
3437 556 3504 593 eo

281 621 389 672 τῶν
430 622 673 691 ματαίων
699 617 989 693 φροντίδων
1031 626 1440 695 ἐπισυρόμενος,
1481 627 1542 679 οὺ
1587 628 1718 682 πολὺ
1745 631 1843 700 τῆς

278 713 580 785 ἀγγελικῆς
600 715 871 777 πολιτείας
887 715 1336 789 ἐλαττωθήσεται,
1366 719 1426 772 τὸ
1450 721 1688 784 ἁνενδεὲς
1707 723 1847 774 ἑκεί-

280 821 387 857 νων
423 805 542 858 καθ’
573 807 760 861 ἑαυτὸν
781 811 844 878 τῇ
873 807 1159 879 ὀλιγαρχία]⁴
1182 810 1531 881 μιμούμενος.
1563 811 1662 865 Διά
1688 813 1846 865 τοῦτο

277 894 464 966 ζητεῖν
493 898 940 969 προσετάχθημεν
981 900 1042 952 τδ
1071 900 1205 970 πρὸς
1251 903 1347 969 τὴν
1397 906 1722 974 συντήρησιν
1760 903 1845 969 ἐξ.

274 988 482 1058 αρκοῦν
507 991 603 1059 τῆς
627 991 942 1060 σωματικῆς
979 991 1192 1054 οὐσίας·
1255 994 1364 1046 Τὸν
1391 993 1572 1062 ἄρτον
1607 995 1734 1061 δὸς,
1766 996 1845 1067 τῷ

273 1077 396 1148 θεῷ
423 1080 689 1147 λέγοντες,
725 1083 786 1134 οὐ
820 1077 1028 1153 τρυφὴν
1057 1084 1174 1136 οὐδὲ
1202 1083 1446 1151 πλοῦτον,
1477 1087 1574 1139 οὐκ
1601 1080 1841 1151 εὐανθεῖς

269 1169 616 1242 ἁλουργίδας,
651 1176 710 1227 οὐ
756 1173 844 1228 τὸν
873 1180 936 1229 ὲκ
968 1178 1190 1248 χρυσίου
1224 1179 1454 1248 κόσμον,
1495 1180 1556 1232 οὺ
1588 1180 1687 1243 τὰς
1736 1181 1843 1235 τῶν

269 1263 438 1316 λίθων
470 1263 664 1332 αὐγάς,
693 1267 752 1319 ού
778 1267 847 1320 τὰ
868 1267 926 1332 ἐξ
954 1269 1213 1339 ἀργυρίου
1239 1270 1430 1340 σκεύη,
1459 1271 1519 1324 οὐ
1555 1273 1657 1342 γῆς
1686 1289 1842 1344 περι-

267 1356 482 1418 ουσίαν,
525 1359 586 1409 οὐ
619 1359 990 1429 στρατοπέδων
1041 1360 1236 1431 ἀρχὴν,
1283 1362 1344 1414 οὐ
1374 1362 1624 1432 πολέμων
1652 1380 1711 1415 τε
1750 1365 1840 1417 καὶ

265 1445 444 1499 ἐθνῶν
492 1449 804 1518 ἡγεμονίαν,
856 1451 954 1520 οὐχ
999 1451 1180 1506 ἵππων
1233 1469 1290 1506 τε
1329 1453 1588 1524 καὶβοῶν
1619 1456 1837 1524 ἀγέλας,

266 1537 368 1590 καὶ
395 1537 503 1589 τῶν
518 1539 692 1592 ἄλλων
716 1540 1076 1612 βοσκημάτων
1099 1544 1276 1616 πλήθη
1301 1545 1487 1607 πολλά,
1514 1547 1612 1599 οὐκ
1645 1547 1838 1618 ἀνδρα-

264 1631 448 1684 πόδων
487 1632 833 1701 περιουσίαν,
867 1636 926 1686 οὐ
960 1635 1059 1706 τὴν
1098 1636 1156 1688 ὲν
1185 1636 1412 1706 ἀγοραῖς
1459 1639 1835 1708 περιφάνειαν,

261 1723 332 1775 οὐ
369 1722 589 1794 στήλας,
623 1725 722 1778 οὐκ
750 1727 981 1792 εἰκόνας,
1015 1729 1076 1780 οὐ
1110 1728 1177 1781 τά
1212 1729 1276 1781 ἐκ
1305 1729 1484 1800 σηρῶν
1521 1732 1834 1802 ὑφάσματα,

260 1814 330 1865 ού
362 1814 432 1866 τὰ
457 1815 521 1867 ἐκ
543 1817 805 1886 μουσικῆς
826 1818 1166 1889 ἀκροάματα,
1185 1819 1305 1872 οὐδέ
1330 1837 1381 1872 τι
1401 1821 1637 1874 τοιοῦτον
1663 1823 1834 1886 οὐδὲν,

1946 630 2092 696 quod
2124 638 2506 700 consumptum
2541 639 2594 684 et
2629 641 2906 686 excretum
2945 641 3047 692 est,
3077 632 3128 686 ld
3165 635 3305 704 quod
3341 648 3499 686 reno-

1944 730 2032 773 vet
2074 723 2378 790 requirens.
2425 722 2529 787 Qui
2575 723 2740 791 igitur
2776 723 2841 775 ad
2882 731 3090 777 natura:
3137 723 3502 778 ministerium

1945 812 2181 879 respicit,
2219 822 2272 866 et
2301 813 2436 866 nihil
2471 822 2826 882 prieterquam
2855 815 2999 884 quod
3040 830 3261 870 necesse
3291 824 3373 869 est
3411 829 3504 884 per

1944 917 2113 958 vanas
2148 919 2308 960 curas
2338 906 2613 961 desiderat
2640 917 2802 972 atque
2835 909 3084 976 requirit,
3125 923 3233 962 non
3273 909 3500 961 multum

1944 994 2085 1048 infra
2137 997 2302 1049 vitam
2348 998 2645 1067 angelicam
2697 999 2821 1062 erit,
2875 997 3002 1050 dum
3045 1014 3142 1051 sua
3194 998 3503 1066 frugalitate

1943 1087 2158 1140 illorum
2195 1088 2406 1156 copiam
2445 1087 2595 1142 nulla
2646 1105 2705 1142 re
2733 1090 2964 1158 amplius
3010 1091 3282 1158 egentium
3327 1090 3504 1143 imita-

1943 1185 2050 1230 tur.
2093 1175 2296 1232 ldcirco
2337 1191 2580 1246 qumrere
2604 1179 2859 1247 jubemur
2896 1179 2947 1232 id
2978 1180 3121 1248 quod
3160 1179 3295 1232 satis
3333 1178 3403 1230 sit
3432 1179 3500 1230 ad

1942 1283 2190 1324 naturam
2242 1271 2488 1340 corporis
2539 1268 2984 1324 conservandam.
3041 1269 3237 1322 Panem
3275 1271 3378 1332 da,
3430 1268 3498 1322 ad

1940 1355 2109 1412 Deum
2157 1358 2424 1422 dicentes,
2475 1373 2585 1412 non
2632 1359 2838 1421 luxum,
2886 1373 2994 1412 non
3053 1358 3275 1412 delicias
3324 1370 3500 1424 neque

1940 1449 2180 1515 divitias,
2215 1463 2324 1502 non
2367 1447 2585 1502 floridas
2612 1455 2788 1502 vestes
2833 1461 3155 1517 purpureas,
3198 1463 3304 1499 non
3335 1461 3500 1498 orna-

1940 1551 2122 1596 menta
2157 1555 2345 1603 aurea,
2382 1555 2489 1593 non
2532 1540 2769 1608 lapidum
2803 1539 3066 1608 fulgores,
3099 1551 3206 1589 non
3242 1549 3368 1589 vasa
3408 1550 3496 1586 ar-

1940 1640 2156 1701 gentea,
2195 1647 2301 1686 non
2341 1631 2456 1702 agri
2490 1632 2701 1701 copiam
2743 1643 2807 1684 ac
2848 1629 3209 1692 latitudinem,
3251 1642 3358 1680 non
3394 1626 3496 1678 im-

1938 1724 2146 1795 perium
2175 1724 2533 1787 exercituum,
2565 1738 2675 1775 non
2714 1722 2978 1776 bellorum
3011 1728 3065 1775 et
3096 1720 3337 1789 gentium
3363 1732 3494 1786 prae.

1941 1817 2196 1880 fecturas,
2224 1831 2331 1869 non
2366 1827 2629 1884 equorum
2672 1828 2881 1886 greges,
2916 1829 3025 1867 non
3060 1814 3220 1867 boum
3251 1818 3494 1864 armenta

259 1902 335 1954 δι’
357 1896 433 1955 ὧν
462 1905 725 1975 ἀφέληται
758 1909 791 1977 ἡ
825 1906 969 1979 ψυχὴ
1001 1909 1100 1979 τῆς
1131 1909 1280 1973 θείας
1307 1927 1365 1965 τε
1397 1912 1490 1966 καὶ
1512 1916 1831 1984 προτιμοτέ-

1940 1909 2384 1980 reliquorumque
2439 1923 2696 1978 pecorum
2747 1922 2997 1978 magnam
3056 1903 3492 1966 multitudinem,

262 2009 369 2062 ρας
398 1995 706 2064 φροντίδος,
745 1997 880 2052 ἀλλὰ
903 2000 994 2053 τὸν
1023 2001 1203 2071 ἄρτον.
1246 2002 1406 2074 Ὁρᾷς
1429 2003 1489 2054 τὸ
1514 2005 1711 2068 πλάτος
1737 2007 1833 2076 τῆς

261 2085 585 2154 φιλοσοφίας
613 2104 627 2151 ;
721 2087 818 2142 ὅσα
858 2090 1100 2161 δόγματα
1127 2097 1193 2164 τῇ
1223 2094 1446 2166 βραχείᾳ
1476 2095 1649 2168 ταύτῃ
1681 2100 1830 2169 φωνῇ

258 2177 648 2246 περιείληπται
673 2195 688 2243 ;
718 2183 996 2250 μονονουχὶ
1018 2183 1261 2254 φανερῶς
1279 2185 1452 2254 ἐμϐοᾷ
1465 2185 1550 2238 διὰ
1564 2187 1657 2238 τοῦ
1676 2185 1832 2254 λόγου

257 2268 378 2327 τοῖς
413 2268 726 2320 ἐπαΐουσινο
767 2270 848 2322 ὅτι
894 2270 1262 2335 Παύσασθε,οί
1296 2274 1586 2344 ἀνθρωττοι,
1609 2271 1737 2344 περὶ
1764 2279 1832 2330 τά

263 2358 477 2426 μάταια
514 2363 634 2422 ταῖς
661 2362 973 2432 ἐπιθυμίαις
1005 2363 1368 2434 διαχεόμενοι·
1417 2367 1693 2421 παύσασθε
1735 2370 1832 2435 τὰς

255 2449 375 2500 τῶν
405 2450 582 2502 πόνων
609 2453 861 2522 ἀφορμὰς
890 2453 1010 2505 καθ’
1045 2455 1196 2525 ὑμῶν
1229 2455 1405 2510 αὐτῶν
1428 2459 1828 2526 πλεονάζοντες,

261 2540 465 2610 μικρόν
493 2543 606 2594 ἐστί
626 2559 707 2594 σοι
727 2543 786 2596 τὸ
806 2543 905 2612 τῆς
932 2545 1144 2614 φύσεως
1163 2547 1380 2618 ὄφλημα
1401 2566 1413 2578 ·
1437 2551 1640 2621 τροφὴν
1661 2569 1833 2622 χρεω-

260 2635 414 2692 στεῖς
439 2634 517 2704 τῷ
551 2636 758 2706 σαρκίῳ
792 2653 904 2702 σου,
940 2641 1172 2710 πρᾶγμα
1199 2640 1415 2711 μέτριόν
1447 2659 1507 2694 τε
1555 2648 1647 2697 καὶ
1671 2646 1832 2698 εὐπό-

260 2740 470 2794 ριστον,
505 2727 552 2777 εί
575 2725 708 2794 πρὸς
740 2727 838 2798 τὴν
872 2729 1058 2797 χρείαν
1097 2728 1330 2798 βλέπεις.
1358 2731 1454 2784 Διά
1479 2733 1530 2785 τί
1561 2735 1830 2789 πολυπλα-

257 2816 472 2880 σιάζεις
490 2816 630 2870 κατά
655 2819 877 2870 σεαυτοῦ
892 2822 1015 2883 τοὺς
1038 2820 1232 2890 φόρους
1247 2840 1261 2886 ;
1279 2823 1450 2894 ’Υπὲρ
1470 2825 1618 2889 τίνος
1647 2828 1831 2880 τοσού-

251 2925 373 2970 τοις
418 2909 694 2980 ὀφλήμασι
733 2911 953 2964 σεαυτὸν
1000 2914 1177 2983 φέρων
1220 2915 1553 2983 ὑπέζευξας;
1595 2917 1831 2990 ἄργυρον

257 3002 628 3072 μεταλλεύων,
646 3003 740 3055 καὶ
759 3004 957 3074 χρυσὸν
985 3005 1247 3076 ὀρύσσων,
1276 3009 1369 3060 καὶ
1394 3009 1492 3079 τὴν
1520 3010 1824 3078 διαφαίνου-

254 3111 364 3148 σαν
396 3093 528 3165 ὕλην
560 3094 871 3164 άναζητῶν;
936 3095 1022 3159 Ὠς
1049 3097 1114 3150 ἄν
1145 3115 1226 3150 σοι
1263 3100 1350 3154 διὰ
1379 3101 1490 3153 τῶν
1521 3101 1774 3155 τοιούτων
1800 3106 1829 3158 ό

1937 2019 2043 2058 non
2090 2004 2479 2074 mancipiorum
2508 2003 2740 2072 copiam,
2782 2018 2889 2055 non
2925 1999 3303 2054 claritudinem
3334 2005 3494 2063 atque

1934 2097 2279 2164 splendorem
2336 2096 2389 2149 in
2441 2095 2580 2155 foro,
2628 2110 2736 2148 non
2770 2094 3074 2155 columnas,
3111 2106 3218 2145 non
3259 2097 3489 2150 statuas,

1935 2199 2043 2238 non
2071 2201 2279 2255 pannos
2316 2186 2541 2250 sericos,
2579 2200 2685 2238 non
2721 2185 2926 2237 musica
2960 2188 3285 2247 acroamata,
3323 2192 3494 2247 neque

1934 2279 2232 2347 quidquam
2263 2279 2390 2343 tale,
2433 2293 2528 2347 per
2553 2291 2672 2346 quae
2700 2278 2878 2329 anima
2905 2289 2934 2326 a
2970 2273 3148 2326 divina
3195 2287 3257 2324 ac
3295 2271 3490 2339 potiori

1933 2383 2065 2422 cura
2101 2369 2459 2432 abstrahitur,
2503 2368 2600 2423 sed
2628 2381 2838 2437 panem.
2878 2366 3037 2419 Vides
3069 2363 3406 2416 latitudinem
3440 2370 3494 2416 et

1934 2460 2237 2515 ubertatem
2284 2458 2680 2529 philosophiae?
2718 2464 2852 2526 quot
2885 2455 3168 2510 sententia:
3203 2455 3350 2508 brevi
3391 2452 3493 2505 hac

1933 2570 2067 2611 voce
2118 2549 2684 2621 comprehendantur?
2739 2557 2947 2602 tantum
2998 2561 3104 2599 non
3161 2554 3344 2614 aperte
3398 2560 3494 2613 per

1934 2646 2076 2701 hanc
2129 2644 2431 2698 orationem
2473 2642 2671 2695 clamat
2713 2638 3180 2708 intelligentihus:
3226 2636 3490 2699 Desinite,

1933 2757 1966 2796 ο
2002 2739 2270 2800 homines,
2301 2738 2444 2790 circa
2482 2749 2568 2790 res
2609 2749 2776 2789 vanas
2826 2732 3216 2803 cupiditatibus
3263 2729 3490 2783 diffundi

1932 2847 1996 2886 ac
2026 2830 2274 2885 distineri
2311 2847 2322 2883 :
2357 2826 2590 2882 desinite
2645 2827 2888 2879 laborum
2933 2823 3197 2877 adversus
3252 2827 3494 2874 vosmet-

1930 2925 2078 2996 ipsos
2130 2936 2328 2976 causas
2374 2929 2430 2975 et
2493 2921 2748 2974 materias
2799 2917 3176 2980 acCumulare,
3239 2915 3488 2983 exiguum

1930 3025 2035 3078 est,
2070 3016 2214 3083 quod
2275 3021 2480 3066 naturae
2521 3011 2708 3075 debes,
2753 3010 2935 3063 cibum
2981 3008 3145 3062 debes
3177 3006 3488 3060 carunculze

1929 3119 2057 3170 tuae,
2099 3123 2212 3162 rem
2239 3120 2292 3160 et
2331 3106 2597 3159 modicam
2628 3114 2681 3158 et
2724 3111 2913 3171 paratu
2965 3101 3197 3163 facilem,
3246 3101 3291 3155 si
3328 3114 3486 3152 usum

248 3185 513 3286 διηνεκὴς
551 3181 702 3249 οὗτος
727 3181 1018 3257 φορολόγος
1052 3191 1086 3259 ὴ
1116 3190 1325 3260 γαστὴρ
1361 3192 1583 3264 τρυφῴη
1603 3209 1615 3223 ·
1673 3188 1740 3263 ἧς
1767 3195 1828 3248 τὸ

1934 3210 1984 3257 et
2014 3199 2388 3254 necessitatem
2427 3195 2690 3257 intueris;
2725 3208 2824 3248 cur
2849 3191 3110 3246 adversus
3143 3189 3488 3258 temetipsum

250 3277 420 3347 χρέος
441 3278 602 3348 άρτος
628 3277 796 3342 ἐστὶν,
819 3279 848 3329 ό
871 3279 1195 3350 ἀναπληρῶν
1211 3281 1272 3334 τὸ
1290 3282 1465 3336 ἐνδέον
1485 3283 1564 3352 τῷ
1593 3283 1824 3354 σώματι.

252 3369 332 3421 Σὺ
363 3368 418 3420 δὲ
446 3371 525 3431 είς
569 3368 761 3431 Ἰνδοὺς
803 3369 1116 3440 ἐμπορεύῃ,
1158 3372 1252 3424 καὶ
1302 3371 1607 3444 βαρϐαρικῇ
1650 3391 1828 3446 παρα-

251 3458 589 3521 κινδυνεύεις
619 3459 881 3530 θαλάσσῃ,
910 3462 1004 3512 καὶ
1032 3460 1313 3525 ἐνιαυσίοις
1343 3462 1636 3526 ναυτιλίαις
1672 3479 1830 3516 σεαυ-

251 3553 355 3604 τῖιν
373 3551 548 3614 δίδως,
569 3551 653 3603 ἵνα
672 3552 782 3613 τοῖς
803 3552 1010 3606 ἐκεῖθεν
1033 3553 1207 3621 άγωγί
1213 3570 1332 3622 μοις
1355 3554 1451 3626 τὴν
1478 3557 1685 3628 τροφὴν
1701 3557 1830 3629 ἡδύ-

252 3661 380 3714 νῃς,
410 3643 471 3696 ού
506 3642 721 3695 σκοπῶν
742 3643 821 3695 ὅτι
841 3643 1000 3714 μέχρι
1018 3644 1115 3715 τῆς
1131 3645 1382 3716 ὑπερῴας
1401 3648 1434 3716 ή
1457 3647 1563 3700 τῶν
1590 3649 1829 3720 ἡδυσμά-

253 3754 372 3789 των
403 3734 652 3805 αἴσθησις
688 3735 778 3788 τὸν
805 3736 928 3806 ὅρον
948 3736 1077 3805 ἔχει.
1104 3736 1374 3801 Ὡσαύτως
1399 3738 1456 3791 δὲ
1483 3739 1545 3791 τὸ
1577 3741 1826 3808 εύφανὲς,

255 3828 321 3882 τὸ
352 3827 604 3892 εὔπνουν,
655 3827 716 3879 τὸ
744 3825 1036 3896 εὔστομον,
1079 3828 1364 3900 ὠκύμορον
1407 3847 1529 3884 τινα
1576 3834 1668 3884 καὶ
1695 3833 1829 3887 ἀκα-

261 3921 446 3995 ριαίαν
470 3921 762 3992 παρέχεται
793 3923 856 3992 τῇ
885 3919 1129 3990 αἰσθήσει
1154 3922 1251 3992 τὴν
1282 3923 1441 3992 χάριν
1460 3937 1474 3950 ·
1507 3924 1614 3976 ἀπὸ
1642 3925 1698 3976 δὲ
1731 3927 1828 3995 τῆς

258 4012 519 4083 ὑπερῴας
557 4012 866 4082 ἀδιάκριτος
910 4010 1017 4063 τῶν
1047 4012 1459 4082 ἐμϐαλλομένων
1502 4017 1534 4084 ἡ
1577 4015 1824 4086 διαφορὰ,

255 4105 540 4174 ὁμοτίμως
569 4103 638 4156 τὰ
684 4104 855 4156 πάντα
879 4102 976 4170 τῆς
1012 4102 1223 4171 φύσεως
1261 4102 1395 4172 πρὸς
1434 4103 1693 4157 δυσωδίαν
1735 4105 1828 4158 άλ-

257 4197 530 4269 λοιούσης.
588 4197 748 4266 Ὁρᾷς
776 4196 838 4247 τὸ
869 4195 1039 4264 πέρας
1072 4195 1170 4265 τῆς
1199 4194 1512 4264 ὀψοποιῖαςς
1560 4197 1721 4266 Ὀρᾷς
1768 4196 1828 4248 τό

259 4289 611 4356 ἀποτέλεσμα
635 4286 732 4355 τῆς
754 4285 1116 4356 ὀψαρτυτικῆς
1140 4285 1468 4355 μαγγανείας
1493 4302 1507 4350 ;
1534 4286 1636 4338 Τὸν
1667 4287 1827 4357 ἄρτον

256 4383 402 4435 αἴτει
442 4379 531 4432 διὰ
568 4378 666 4450 τὴν
693 4381 790 4447 τῆς
813 4375 955 4446 ζωῆς
997 4378 1200 4446 χρείαν,
1236 4377 1424 4429 τούτου
1455 4394 1514 4430 σε
1543 4377 1825 4447 ὀφειλέτην

255 4472 517 4542 ἐποίησεν
543 4473 576 4540 ή
610 4469 766 4538 φύσις
797 4467 874 4538 τῷ
898 4467 1122 4537 σώματι.
1165 4468 1245 4520 Τὰ
1276 4468 1320 4520 δ’
1353 4471 1451 4522 ὅσα
1485 4470 1826 4540 παρεύρηται

256 4569 382 4628 ταῖς
415 4563 523 4616 τῶν
565 4560 892 4634 τρυφώντων
921 4562 1203 4626 ἐπινοίαις,
1238 4560 1409 4613 ταῦτα
1437 4563 1542 4615 τῶν
1577 4561 1828 4626 ζιζανίων

258 4657 381 4710 ἐστὶ
400 4655 778 4725 παρασπορᾶς.
817 4652 874 4706 Ὀ
900 4653 1095 4723 σπόρος
1126 4651 1218 4704 τοῦ
1236 4653 1608 4707 οἰκοδεσπότου
1635 4658 1662 4708 ό
1686 4657 1828 4719 σίτος

256 4754 434 4815 ἐστὶν,
467 4750 530 4800 ὲκ
557 4748 613 4800 δὲ
646 4747 740 4800 τοῦ
772 4746 917 4798 σίτου
953 4748 981 4798 ὁ
1008 4746 1168 4815 ἄρτος
1207 4747 1412 4813 γίνεται
1438 4762 1451 4775 ·
1506 4749 1538 4817 ή
1567 4746 1622 4799 δὲ
1649 4750 1826 4821 τρυφὴ

252 4842 322 4893 τὸ
355 4839 588 4904 ζιζάνιον
612 4838 640 4890 ὃ
672 4835 996 4907 παρεσπάρη
1032 4836 1180 4907 παρὰ
1211 4834 1304 4888 τοῦ
1338 4835 1530 4907 ἐχθροῦ
1561 4837 1638 4907 τῷ
1672 4839 1821 4909 σίτῳ.

270 4932 416 4986 Ἀλλ’
448 4931 676 5000 ἀφέντες
715 4930 764 4981 οἱ
803 4928 1075 4998 ἄνθρωποι
1114 4928 1200 4980 διὰ
1238 4927 1343 4981 τῶν
1377 4930 1685 4999 ἀναγκαίων
1715 4933 1823 4985 λει-

254 5025 511 5094 τουργεῖν
539 5025 604 5092 τῇ
640 5019 821 5090 φύσει,
849 5021 1016 5083 ὅντως
1056 5021 1464 5090 συμπνίγονται,
1494 5023 1674 5085 καθώς
1695 5024 1827 5095 φησί

259 5134 368 5168 που
401 5115 431 5167 ό
456 5113 647 5182 Λόγος,
669 5115 784 5174 ταῖς
808 5113 936 5182 περὶ
964 5112 1031 5164 τὰ
1053 5113 1254 5181 μάταια
1280 5113 1552 5179 σπουδαῖς,
1581 5116 1673 5167 καὶ
1706 5115 1827 5168 ἀτε-

258 5204 585 5274 λεσφόρητοι
635 5203 870 5273 μένουσι,
909 5202 1043 5272 πρὸς
1077 5201 1245 5254 ταῦτα
1284 5203 1382 5273 τῆς
1429 5205 1604 5274 ψυχῆς
1632 5206 1826 5277 ἑαυτὴν

261 5299 346 5359 εἰς
375 5297 436 5349 τὸ
463 5296 704 5364 διηνεκὲς
737 5293 1087 5364 άσχολούσης.

1931 3290 2262 3359 multiplicas
2307 3285 2543 3339 tributa?
2593 3284 2762 3352 Cujus
2809 3283 2887 3337 rei
2935 3282 3109 3352 gratia
3161 3287 3241 3334 tot
3290 3280 3489 3334 debitis

1930 3384 2164 3450 teipsum
2209 3379 2506 3449 obligatum
2554 3385 2716 3445 atque
2748 3375 3054 3444 subjectum
3099 3374 3169 3435 is,
3201 3380 3487 3442 argentum

1931 3483 2206 3532 scrutans,
2251 3483 2444 3523 aurum
2495 3466 2721 3532 fodiens,
2774 3475 2827 3522 et
2875 3465 3166 3535 fulgentem
3205 3462 3485 3517 materiam

1930 3563 2254 3634 requirens?
2291 3573 2348 3615 ut
2379 3561 2477 3615 tibi
2516 3573 2612 3630 per
2639 3544 2906 3628 ejusmodi
2948 3571 3036 3612 res
3076 3565 3369 3626 perpetuus
3401 3557 3488 3608 hic

1930 3657 2258 3712 tributorum
2285 3662 2526 3717 exactor,
2561 3661 2746 3706 venter
2781 3651 2906 3704 luxu
2943 3657 3104 3718 atque
3141 3648 3348 3702 deliciis
3379 3646 3486 3700 dif-

1930 3747 2086 3812 fluat,
2125 3747 2213 3801 cui
2269 3747 2444 3816 panis,
2483 3745 2574 3814 qui
2618 3743 2672 3798 id
2726 3741 2872 3811 quod
2908 3740 3061 3796 deest
3093 3740 3309 3808 corpori
3348 3753 3490 3805 sup-

1931 3844 2095 3912 pleat,
2132 3841 2381 3894 debetur.
2416 3837 2496 3891 Tu
2533 3852 2663 3890 vero
2697 3837 2762 3888 ad
2795 3834 2956 3888 Indos
2986 3831 3294 3902 negotiandi
3324 3845 3489 3884 causa

1929 3927 2316 3998 proﬁcisceris,
2348 3934 2403 3979 et
2447 3927 2500 3978 in
2553 3923 2836 3977 barbarico
2883 3923 3020 3974 mari
3055 3922 3401 3990 pericliteris,
3439 3929 3491 3971 ct

1930 4019 2319 4073 anniversariis
2346 4015 2780 4084 navigationibus
2814 4014 3046 4082 teipsum
3082 4012 3402 4072 committis,
3433 4019 3490 4062 ut

1931 4114 2094 4167 rebus
2128 4111 2278 4164 illinc
2303 4107 2612 4178 importatis
2637 4115 2690 4161 et
2731 4106 2995 4166 advectis,
3026 4105 3206 4157 cibum
3240 4103 3486 4167 condias,

1931 4221 2038 4258 non
2091 4201 2446 4256 considerans
2489 4198 2633 4268 quod
2676 4213 2783 4250 non
2827 4197 2968 4249 ultra
3011 4197 3248 4264 palatum
3295 4209 3487 4248 sensus
3535 4251 3538 4254 ,

1928 4295 2403 4351 condimentorum
2446 4290 2812 4360 progreditur.
2860 4285 3121 4340 Similiter
3167 4284 3293 4339 item
3342 4284 3488 4353 quod

1929 4391 2048 4442 visu
2085 4395 2137 4442 et
2173 4391 2395 4454 aspectu
2438 4394 2647 4454 gratum
2679 4389 2782 4444 est,
2819 4377 2962 4448 quod
2995 4378 3184 4440 odore,
3215 4376 3361 4446 quod
3395 4392 3491 4430 ore

1928 4489 1982 4534 et
2032 4480 2169 4534 facie
2219 4479 2413 4548 placet,
2472 4484 2903 4529 tuomentancam
2938 4471 3231 4541 quamdam
3287 4479 3340 4523 et
3382 4470 3492 4524 cito

1935 4572 2228 4642 perituram
2261 4569 2490 4639 gratiam
2520 4581 2584 4620 ac
2618 4566 2943 4634 voluptatem
2984 4565 3168 4619 sensui
3200 4565 3422 4634 praebet,
3462 4581 3492 4617 a

1935 4665 2116 4734 palato
2172 4677 2301 4716 vero
2348 4660 2655 4730 promiscua
2715 4671 2876 4725 atque
2930 4654 3255 4710 indistincta
3304 4670 3489 4709 earum

1933 4771 2115 4811 rerum
2156 4770 2276 4824 qua:
2320 4753 2689 4806 immittuntur
2729 4749 3032 4803 differentia
3070 4761 3172 4813 εει,
3209 4749 3493 4816 mqualiter

1933 4845 2117 4900 omnia
2163 4845 2217 4896 in
2263 4840 2658 4895 maleolentiam
2708 4848 2763 4892 et
2810 4837 3035 4892 fetorem
3069 4845 3264 4891 natura
3309 4846 3492 4891 trans-

1935 4942 2198 4989 mutante.
2234 4931 2396 4986 Vides
2431 4931 2585 4984 finem
2615 4929 2970 4982 obsoniorum
3001 4929 3378 4997 apparationis
3405 4937 3489 4980 at-

1930 5042 2036 5095 que
2094 5022 2495 5077 confectionis?
2546 5019 2710 5074 Vides
2752 5020 3000 5074 effectum
3049 5021 3361 5085 imposturae
3413 5020 3488 5072 rei

1929 5118 2233 5181 culinariae,
2295 5114 2648 5183 ciborumque
2692 5113 3065 5166 conditionis?
3117 5112 3316 5165 Panem
3371 5117 3491 5177 pete

1931 5218 2154 5278 propter
2196 5207 2316 5260 vitae
2363 5207 2726 5260 necessarium
2772 5215 2951 5266 usum,
2991 5202 3156 5270 liujus
3192 5211 3243 5255 te
3270 5199 3486 5268 corpori

1930 5299 2228 5353 debitorem
2261 5306 2456 5351 natura
2507 5297 2655 5350 fecit.
2713 5295 2921 5348 Cretera
2969 5308 3089 5363 qua:
3138 5302 3329 5360 prazter
3375 5292 3490 5344 haec

262 5389 510 5452 solertia,
542 5388 752 5442 deliciis
793 5401 856 5441 ac
891 5387 1040 5440 luxui
1081 5386 1386 5441 deditorum
1455 5390 1758 5458 excogitata
1804 5397 1858 5444 et
1935 5391 2152 5445 inventa
2203 5399 2353 5446 sunt.
2405 5404 2467 5443 ea
2527 5388 2593 5442 de
2637 5387 2976 5440 zizaniorum
3025 5383 3183 5452 juxta
3245 5386 3488 5434 satorum

263 5483 475 5540 semine
505 5492 652 5538 sunt.
696 5480 893 5536 Semen
925 5481 1366 5550 patrisfamilias,
1400 5482 1729 5537 frumentum
1766 5492 1852 5539 est
1899 5484 2037 5550 ⁸³³⁸⁸,
2071 5493 2126 5540 et
2155 5500 2220 5539 cx
2257 5484 2530 5538 frumento
2560 5484 2714 5553 panis
2740 5479 3068 5542 conficitur;
3109 5484 3165 5529 at
3211 5475 3370 5528 luxus
3406 5483 3490 5526 at-

263 5595 374 5652 que
411 5577 620 5632 deliciae
669 5577 940 5630 zizanium
971 5581 1076 5641 est,
1124 5576 1268 5646 quod
1345 5577 1413 5631 ab
1483 5577 1704 5632 inimico
1739 5578 1893 5648 juxta
1934 5579 2265 5631 frumentum
2296 5587 2468 5632 satum
2514 5584 2618 5630 est.
2655 5574 2760 5628 Sed
2796 5569 3046 5625 homines
3074 5569 3281 5622 omisso
3327 5567 3480 5620 mini-

263 5673 435 5728 sterio
486 5680 696 5725 natura:
741 5671 1069 5733 necessario,
1119 5686 1310 5726 revera
1355 5669 1693 5726 sull‘ocautur
1741 5676 1822 5742 (ut
1897 5672 2092 5727 alicubi
2145 5671 2336 5725 Sermo
2393 5669 2546 5735 dicit)
2592 5681 2851 5722 vanarum
2904 5678 3083 5716 reruni
3138 5661 3355 5719 studiis,
3439 5672 3486 5714 ct

266 5766 570 5837 iufrugiferi
603 5772 842 5830 manent,
873 5763 1002 5816 dum
1053 5765 1107 5818 in
1140 5764 1224 5821 his
1259 5763 1441 5820 anima
1477 5781 1597 5823 sese
1621 5776 1879 5837 perpetuo
1905 5773 2120 5822 exercet
2146 5776 2197 5820 et
2224 5772 2484 5834 occupata
2515 5769 2620 5817 est.

341 5884 464 5923 "-5‘
507 5881 694 5938 Matth.
729 5895 863 5947 xm,
893 5883 926 5936 5
956 5896 1074 5950 sqq.

3368 427 3508 482 “70

3623 827 3634 852 Ι
