4004 6538
593 389 722 448 H7!

1827 387 1883 441 S.
1939 383 2265 442 GREGORII
2313 385 2600 454 NYSSENI

3637 393 3736 450 lli!

665 501 920 562 Forsitan
965 501 1234 572 ejusmodi
1275 501 1554 572 quidpiam
1601 503 1763 558 etiam
1807 503 2020 574 Moyses
2069 519 2163 572 per

2201 509 2238 566 Α
2337 503 2490 574 Τάχα
2520 521 2608 574 μοι
2629 503 2774 556 δοκεῖ
2799 500 3040 556 τοιοῦτόν
3067 519 3120 554 τι
3146 501 3237 553 καὶ
3270 503 3296 553 ὁ
3321 501 3536 573 Μωῡσῆς
3569 505 3620 558 δι’
3641 511 3738 562 αίνι-

591 597 882 667 aenigmata
919 601 1082 664 atque
1131 595 1410 648 involucra
1461 596 1752 650 verborum
1789 595 2164 666 philosophari

595 691 727 744 mihi
759 689 997 751 videtur,
1041 689 1137 756 qui
1167 688 1484 757 voluptatis,
1522 704 1644 758 quae
1675 697 1896 758 gustatu
1931 689 2164 758 percipin

597 791 708 848 tur,
755 788 1062 850 serpentem
1113 779 1237 836 Evae
1279 795 1560 837 suasorem
1617 781 1946 836 adhibuerit.
1997 782 2164 836 Aiunt

595 875 738 928 enim
788 874 929 927 hanc
964 872 1214 940 bestiam,
1265 883 1596 944 serpentem,
1645 874 1890 942 inquam,
1937 875 1980 928 si
2015 889 2165 928 com,

597 966 723 1036 pagi
747 973 910 1036 atque
942 966 1342 1030 commissurae,
1375 982 1470 1036 per
1501 981 1663 1036 quam
1695 981 1888 1036 repere
1913 975 2162 1033 conetur,

599 1066 764 1126 caput
809 1056 1130 1112 subduxerit
1176 1065 1340 1126 atque
1392 1058 1711 1127 perpulerit,
1745 1055 1890 1112 haud
1943 1057 2098 1111 facile
2133 1073 2164 1112 a

599 1147 888 1217 posteriori
936 1158 1090 1218 parte
1120 1148 1188 1202 ab
1221 1149 1594 1202 obnitentibus
1631 1163 1792 1218 posse
1837 1149 2038 1202 retrahi
2070 1163 2166 1218 per

598 1241 845 1303 dorsum,
882 1254 1108 1310 squama
1155 1241 1479 1296 naturaliter
1509 1240 1562 1293 in
1595 1240 1932 1293 contrarium
1973 1239 2165 1294 adver-

599 1349 694 1394 sus
725 1334 832 1386 vim
859 1333 1246 1388 attrahentium
1279 1333 1568 1388 resistente
1595 1349 1610 1385 :
1643 1333 1789 1402 quod
1843 1333 2022 1386 facere
2055 1347 2163 1386 non

600 1426 919 1500 prohibetur
945 1427 1012 1480 ab
1039 1426 1310 1480 anteriore
1333 1434 1485 1494 parte
1515 1425 1656 1479 elabi
1689 1435 1855 1495 atque
1879 1432 2167 1494 penetrare

599 1520 799 1584 nitens,
855 1520 1074 1574 levitate
1127 1533 1367 1588 squamae
1399 1517 1636 1584 labente,
1687 1519 1739 1572 id
1791 1532 1822 1570 a
1867 1516 2168 1586 posteriore

601 1619 756 1680 parte
785 1611 1059 1667 resolvere
1099 1619 1262 1680 atque
1293 1609 1570 1664 retrahere
1619 1617 1858 1674 tentans,
1885 1607 2168 1662 obnitente

603 1701 656 1753 vi
721 1715 1095 1771 squamarum,
1142 1701 1356 1769 assequi
1405 1716 1514 1754 non
1563 1707 1784 1770 potest:
1819 1698 2162 1762 ostendente,

600 1793 817 1862 opinor,
853 1791 1154 1862 Scriptura,
1203 1792 1348 1862 quod
1393 1787 1724 1862 voluptatem
1774 1790 2164 1852 introeuntem,

603 1893 657 1936 ul.
707 1885 902 1938 animae
956 1883 1122 1938 dorso
1177 1884 1528 1952 obrepentem
1581 1897 1774 1938 cavere
1828 1891 2062 1953 oportet,
2113 1895 2166 1938 et

605 1990 774 2044 quam
821 1975 1052 2029 maxime
1101 1975 1216 2028 fieri
1267 1981 1466 2044 potest,
1494 1975 1619 2030 vita:
1669 1989 1960 2045 compages
2003 1974 2165 2028 obtu-

604 2083 763 2133 rare;
793 2067 864 2120 ita
897 2067 1038 2120 enim
1087 2082 1116 2119 a
1163 2069 1558 2122 consuetudine
1587 2068 1883 2124 bestiarqu
1927 2066 2032 2120 vita
2067 2067 2168 2124 1111-.

607 2175 766 2216 mana
797 2175 928 2230 pura
955 2161 1158 2214 servari
1191 2159 1385 2228 possit.
1421 2159 1573 2225 Quod
1607 2161 1652 2214 si
1688 2160 1924 2229 aliquem
1961 2159 2166 2214 aditum

604 2252 894 2308 adversmn
928 2267 1026 2306 nos
1063 2259 1255 2305 nactus
1289 2250 1472 2316 fuerit,
1527 2251 1634 2305 vita
1671 2251 1976 2320 composita
2011 2252 2169 2305 nimi~

603 2359 724 2396 rum
755 2345 809 2396 in
839 2343 996 2397 nobis
1022 2342 1311 2404 dissoluta,
1343 2341 1577 2396 latitabit
1609 2357 1705 2412 per
1745 2342 1844 2396 has
1878 2357 2168 2410 compages

603 2433 898 2489 dissolutas
941 2449 1164 2503 serpens
1213 2434 1530 2504 voluptatis,
1582 2449 1682 2488 nec
1737 2443 1955 2503 propter
2005 2449 2170 2504 squa-

605 2539 720 2577 mas
753 2539 818 2576 ex
867 2525 1063 2578 mentis
1109 2523 1416 2578 recessibus
1464 2539 1528 2578 ac
1569 2524 1791 2579 latebris
1842 2523 2000 2580 facile
2043 2526 2166 2594 ejici

603 2613 822 2681 poterit.
859 2612 1030 2664 Porro
1077 2630 1334 2682 squamas
1365 2629 1488 2669 cum
1520 2615 1698 2680 audis,
1731 2615 2058 2684 multiplices
2106 2631 2170 2670 ac

601 2701 783 2758 varias
813 2703 1146 2770 voluptatum
1179 2707 1438 2760 materias
1477 2714 1530 2760 et
1560 2707 1880 2764 occasiones
1911 2723 2006 2776 per
2039 2709 2168 2762 auii-

603 2809 724 2862 gma
768 2804 930 2862 atque
983 2796 1324 2852 involucrum
1358 2799 1509 2853 verbi
1555 2800 1818 2870 intellige.
1859 2799 1976 2854 Una
2024 2802 2168 2856 enim

604 2888 844 2954 generali
897 2889 1064 2944 verbo
1105 2889 1280 2944 bestia
1319 2898 1402 2946 est
1434 2891 1730 2962 voluptatis
1777 2891 2004 2948 aﬂ'ectus
2031 2912 2044 2948 :
2075 2893 2169 2952 scd

603 2979 770 3032 varia:
815 2981 1250 3050 multiplicesque
1298 2984 1638 3054 voluptatum
1670 2983 1874 3048 formae,
1910 2986 2032 3040 vitae
2068 2986 2171 3040 ltu-

607 3087 780 3127 manae
839 3088 932 3142 per
976 3089 1170 3129 sensus
1203 3075 1458 3131 i’mmistaa
1507 3085 1673 3148 atque
1727 3078 2167 3143 inhaerescentes,

2264 595 2490 664 γμάτων
2521 595 2848 665 φιλοσοφεῖν,
2865 594 2966 664 τῆς
2993 593 3132 655 κατὰ
3159 591 3253 663 τὴν
3272 593 3444 660 γεῦσιν
3461 595 3620 666 ἡδονῆς
3643 601 3740 670 σύμ.

2265 688 2451 740 ϐουλον
2465 688 2556 740 τὸν
2566 687 2688 756 ὅφιν
2705 687 3061 758 παραστήσας
3075 687 3140 756 τῇ
3155 683 3286 754 Εὕα..
3300 686 3426 738 Φασὶ
3440 687 3533 756 γὰρ
3545 689 3596 742 τὸ
3609 690 3742 763 θηρίον

2263 779 2422 834 τοῦτο
2449 779 2538 832 τὸν
2557 778 2699 849 ὅφιν,
2722 780 2770 832 εί
2815 779 2914 848 τὴν
2941 776 3178 848 κεφαλὴν
3199 778 3448 848 ἀπαγάγῃ
3469 783 3526 850 τῇ
3541 783 3742 857 ἁρμονίᾳ,

2265 874 2344 935 εἰς
2363 871 2429 942 ἣν
2457 869 2812 938 παραδύεται,
2843 870 2917 940 μὴ
2937 870 3002 924 ἂν
3029 872 3093 924 ὲκ
3107 868 3200 922 τοῦ
3215 869 3425 940 οὐραίου
3456 873 3622 943 ῥαδίως
3639 881 3746 948 παρὰ

2263 963 2373 1020 τῶν
2413 962 2792 1018 ἀντισπώντων
2809 961 3221 1032 ἀνελκυσθῆναι,
3247 963 3342 1032 τῆς
3369 964 3542 1033 ῥαχίας
3565 971 3744 1035 φυσικῶς

2265 1057 2363 1126 τῆς
2383 1055 2592 1125 φολίδος
2623 1057 2702 1118 είς
2717 1055 2776 1108 τὸ
2797 1055 3028 1126 ἔμπαλιν
3047 1055 3181 1127 πρὸς
3201 1056 3298 1126 τὴν
3313 1056 3415 1109 τῶν
3447 1056 3744 1129 ἐφελκομένων

2269 1147 2388 1218 βίαν
2414 1146 2822 1216 ἁντιόαινούσης
2841 1164 2854 1178 ’
2889 1147 2982 1200 καὶ
3007 1141 3068 1202 οὗ
3089 1147 3234 1202 κατὰ
3263 1148 3324 1201 τὸ
3347 1147 3620 1220 ἔμπροσθεν
3641 1153 3746 1206 ἀκώ-

2267 1239 2423 1302 λυτός
2455 1242 2599 1296 ἐστιν
2622 1243 2654 1310 ἡ
2689 1240 2948 1304 διάδοσις,
2977 1239 3057 1310 τῷ
3084 1239 3210 1309 λείῳ
3237 1241 3333 1311 τῆς
3361 1241 3550 1310 φολίδος
3571 1243 3748 1298 ὀλισθαι-

2267 1331 2482 1402 νούσης,
2507 1331 2696 1386 τούτου
2728 1333 3004 1404 ἀμήχανος
3023 1335 3056 1403 ἡ
3082 1334 3146 1386 ἐκ
3171 1333 3276 1385 τῶν
3299 1333 3510 1388 κατόπιν
3533 1336 3743 1402 ἀνάλυσις,

2267 1426 2385 1486 ταῖς
2409 1423 2516 1476 τῶν
2540 1422 2768 1478 λεπίδων
2789 1424 3113 1494 προσϐολαῖς
3141 1425 3508 1496 ἁντισπωμένη
3533 1443 3546 1457 ·
3573 1427 3748 1482 δεικνύν-

2266 1531 2380 1578 τος,
2412 1511 2584 1585 οἶμαι,
2615 1514 2708 1568 τοῦ
2760 1512 2942 1584 λόγου,
2989 1515 3072 1570 ὅτι
3093 1515 3192 1586 τὴν
3227 1515 3413 1587 ἡδονὴν
3437 1517 3668 1572 εἰσιοῦσαν
3687 1524 3752 1576 καὶ

2270 1604 2685 1676 παραδυομένην
2699 1606 2765 1676 τῇ
2793 1607 2890 1676 τῆς
2917 1605 3096 1676 ψυχῆς
3117 1605 3300 1677 ῥαχίᾳ,
3319 1607 3640 1675 φυλάττεσθαι
3661 1613 3750 1682 χρὴ,

2271 1699 2364 1750 καὶ
2389 1698 2757 1769 ἀποφράττειν
2791 1698 2868 1761 ὼς
2909 1697 2987 1752 ἔνι
3029 1697 3264 1768 μάλιστα
3295 1699 3394 1762 τὰς
3431 1701 3656 1771 ἁρμονίας
3689 1706 3752 1757 τοῦ

2273 1788 2407 1858 βίου.
2463 1787 2617 1844 Οὕτω
2655 1789 2764 1860 γὰρ
2787 1789 2852 1848 ἂν
2899 1787 3112 1860 καθαρὰ
3145 1790 3437 1862 φυλαχθείη
3463 1793 3552 1863 τῆς
3575 1793 3660 1846 τῶν
3689 1795 3754 1864 itq-

2201 1857 2242 1916 Β
2273 1857 2402 1950 ρίων
2432 1857 2709 1951 ἐπιμιξίας
2797 1857 3106 1954 ἀνθρωπίνη
3131 1857 3266 1953 ζωή.
3291 1857 3362 1936 fit
3453 1857 3562 1939 τινα
3585 1857 3754 1958 πάροδον

2271 1970 2392 2024 καθ’
2423 1971 2580 2042 ἡμῶν
2604 1971 2776 2036 λάϐοι,
2801 1971 3146 2044 διαλυθείσης
3159 1974 3218 2025 ὲν
3241 1973 3369 2043 ἡμῖν
3397 1975 3489 2044 τῆς
3511 1975 3755 2046 ἐναρμονίου

2271 2063 2439 2133 ζωῆς,
2469 2063 2807 2132 ὲμφωλεύσει
2831 2063 2919 2116 διὰ
2943 2063 3147 2120 τούτων
3166 2067 3194 2117 ὁ
3222 2067 3321 2136 τῆς
3343 2065 3524 2138 ἡδονῆς
3547 2067 3660 2135 ίιφις,
3679 2071 3756 2133 rei;

2269 2157 2368 2224 τῆς
2400 2154 2635 2218 διανοίας
2656 2157 2802 2226 χωρὴ
2811 2171 2942 2225 μασι
2967 2153 3330 2228 δυσέκκλητος
3355 2157 3438 2212 διὰ
3463 2157 3560 2212 τῶν
3589 2160 3756 2226 φολίδων

2270 2245 2571 2316 γινόμενος.
2619 2247 2838 2310 Φολίδας
2862 2247 2916 2304 δὲ
2949 2249 3182 2313 ἀκούων,
3217 2250 3317 2313 τὰς
3341 2251 3668 2321 πολυτρόπους
3683 2254 3756 2307 τῶν

2271 2339 2470 2409 ἡδονῶν
2497 2340 2748 2410 ἀφορμὰς
2769 2341 2856 2394 διὰ
2885 2341 2979 2394 τοῦ
3013 2341 3333 2412 αἰνίγματος
3361 2343 3556 2413 νόησον.
3594 2346 3669 2398 Ἔν
3685 2347 3757 2418 γὰρ

2271 2431 2456 2501 θηρίον
2481 2431 2557 2501 τῷ
2585 2432 2784 2502 γενικῷ
2813 2433 2977 2503 λόγῳ,
3011 2434 3072 2488 τὸ
3105 2433 3226 2488 καθ’
3263 2435 3453 2506 ἡδονήν
3479 2438 3580 2490 ἐστι
3609 2437 3754 2501 πάθος·

2270 2523 2407 2576 αἰδὲ
2449 2524 2690 2576 ποικίλαι
2729 2525 2821 2578 καὶ
2865 2526 3186 2596 πολύτροποι
3225 2528 3335 2579 τῶν
3367 2527 3555 2598 ἡδονῶν
3581 2528 3702 2588 ἰδέαι,
3719 2533 3754 2582 αἱ

2271 2615 2357 2668 διὰ
2382 2614 2490 2669 τῶν
2523 2615 2824 2687 αἰσθήσεων
2860 2617 3207 2688 ἐμμιχθεῖσαι
3239 2622 3308 2690 τῇ
3349 2621 3630 2692 ἀνθρωπίνη
3667 2621 3756 2692 ζωῇ,

2273 2699 2430 2758 αὗταί
2476 2709 2610 2760 είσιν
2641 2709 2696 2760 at
2732 2710 2860 2779 περὶ
2897 2709 2989 2764 τὸν
3035 2710 3158 2778 ὅφιν
3197 2712 3427 2780 φολίδες,
3477 2715 3539 2784 τῇ
3587 2707 3759 2783 ποικιλίᾳ

2269 2799 2376 2851 τῶν
2395 2799 2728 2870 παθημάτων
2756 2802 3122 2856 κατάστικτοι.
3152 2804 3216 2856 Εἰ
3246 2801 3340 2858 οὗν
3369 2805 3572 2874 φεύγεις
3602 2806 3680 2875 τὴν
3696 2807 3758 2858 τοῦ

2272 2892 2458 2965 θηρίου
2502 2895 2830 2965 συνοίκησιν,
2859 2896 3086 2965 φύλαξαι
3135 2898 3236 2967 τὴν
3283 2897 3532 2967 κεφαλὴν,
3553 2898 3755 2960 τουτέστι,

2267 2985 2366 3055 τὴν
2397 2983 2617 3055 πρώτην
2645 2985 2740 3038 τοῦ
2763 2985 2928 3042 κακοῦ
2955 2987 3262 3058 προσϐολήν
3285 3005 3298 3018 ο
3325 2990 3402 3052 είς
3421 2987 3568 3040 τοῦτο
3593 2987 3679 3058 γὰρ
3699 2987 3762 3056 φέ-

2275 3095 2357 3148 ρει
2401 3077 2499 3141 τῆς
2523 3076 2740 3148 ἐντολῆς
2790 3077 2881 3131 τοῦ
2910 3078 3114 3149 Κυρίου
3139 3077 3200 3130 τὸ
3232 3078 3476 3148 αἴνιγμα·
3506 3079 3669 3142 Αὐτός
3683 3094 3762 3130 σου

605 3165 688 3218 lue
744 3180 984 3234 squama:
1037 3170 1305 3236 serpentis
1355 3176 1504 3234 sunt,
1556 3170 1819 3226 varietate
1877 3169 2166 3224 affectuum

2201 3200 2238 3258 ε
2273 3167 2516 3236 τηρήσει
2532 3167 2810 3236 πτέρναν,
2833 3169 3023 3222 καὶσὺ
3039 3168 3324 3236 τηρήσεις
3336 3169 3512 3222 αὑτοῦ
3537 3168 3761 3238 κεφαλήν·

605 3259 764 3327 quasi
819 3259 1046 3314 maculis
1098 3260 1388 3316 distinctae.
1449 3261 1508 3316 Si
1561 3262 1726 3333 igitur
1789 3263 1929 3333 fugis
1985 3262 2172 3318 bestia:

606 3350 1023 3408 contubernium
1073 3361 1238 3422 atque
1280 3353 1761 3422 cohabitationem,
1806 3371 1939 3409 cave
1983 3363 2170 3426 caput,

608 3441 713 3498 hoc
747 3451 851 3504 est,
899 3443 1128 3510 primmn
1182 3444 1306 3498 mali
1335 3445 1598 3514 impetum
1643 3455 1698 3500 ct.
1743 3447 2026 3501 incursum
2059 3465 2071 3502 :
2105 3450 2171 3502 ad

607 3533 710 3588 hoc
739 3533 882 3587 enim
918 3535 1170 3602 praecepti
1221 3535 1433 3590 Domini
1469 3538 1704 3606 pertinet
1739 3538 2084 3594 involucrum
2120 3550 2174 3594 et

607 3622 868 3692 senigma:
891 3621 1012 3692 Ipse
1045 3623 1336 3678 obscrvabit
1371 3627 1676 3682 calcaneum
1706 3639 1876 3692 tuum,
1909 3641 1957 3684 et
1988 3641 2044 3683 tu
2084 3632 2174 3685 ob-

607 3711 842 3765 servabis
888 3723 1042 3779 caput
1083 3713 1195 3782 ejus
1219 3716 1285 3768 εδ.
1323 3715 1400 3770 Ne
1454 3719 1552 3772 des
1595 3718 1800 3774 aditum
1838 3723 2074 3790 serpenti
2106 3722 2172 3776 ad

609 3804 866 3858 interiora
916 3806 1199 3874 irrepenti,
1251 3815 1304 3860 et
1356 3825 1385 3862 a
1432 3811 1607 3879 primo
1633 3811 1786 3869 initio
1817 3829 1977 3868 omne
2013 3830 2171 3868 suum

607 3896 864 3950 volumen
895 3898 1056 3950 simul
1105 3897 1360 3952 inferenti
1393 3919 1406 3954 :
1439 3915 1599 3956 mane
1634 3911 1798 3972 atque
1839 3905 2084 3960 consiste
2120 3907 2174 3959 in

609 4003 712 4048 usu
745 3988 1052 4042 necessario
1079 4008 1093 4043 :
1123 3989 1388 4044 terminus
1429 3999 1550 4048 esto
1579 3993 1674 4048 tibi
1705 3996 1828 4052 vitae
1850 3997 2176 4051 sollicitudi-

609 4081 720 4142 nis,
767 4095 864 4150 per
915 4095 1004 4136 res
1043 4082 1235 4137 obvias
1265 4091 1318 4136 ct
1371 4084 1640 4154 parabiles
1690 4088 1988 4144 necessarii
2043 4104 2175 4144 usus

608 4182 772 4244 atque
828 4175 1076 4230 defectus
1124 4177 1383 4246 expletio.
1427 4177 1582 4244 Quod
1628 4179 1673 4235 si
1725 4187 1903 4235 tecum
1959 4198 2176 4252 quoque

607 4267 958 4324 consiliarius
990 4266 1112 4322 Evae
1137 4269 1537 4324 sermocinetur
1577 4270 1646 4325 de
1683 4285 1749 4324 eo
1785 4272 1927 4340 quod
1949 4282 2175 4344 aspectu

607 4353 918 4426 pulchrum,
965 4363 1186 4424 gustatu
1213 4370 1381 4410 suave
1413 4357 1504 4419 sit,
1539 4365 1594 4411 et
1625 4367 1821 4427 prater
1845 4375 2040 4429 panem
2071 4362 2176 4416 tale

607 4445 895 4498 obsonium
955 4445 1268 4514 talibusque
1319 4446 1682 4502 condimentis
1727 4458 1978 4518 paratum
2025 4467 2176 4522 qua)-

2277 3263 2350 3331 μὴ
2395 3259 2498 3330 δῷς
2523 3261 2752 3331 πάροδον
2791 3261 2866 3330 τῷ
2893 3261 3130 3331 ἐρπυστῇ
3175 3260 3314 3332 πρὸς
3343 3261 3402 3312 τὸ
3429 3259 3668 3330 ἐνδότερον
3687 3263 3763 3311 εἰσ-

2275 3353 2510 3422 έρποντι,
2555 3353 2648 3405 καί
2675 3351 2780 3404 ἀπὸ
2802 3351 2899 3422 τῆς
2933 3351 3154 3423 πρώτης
3179 3352 3358 3424 ἀρχῆς
3388 3351 3500 3405 ὅλον
3523 3350 3682 3405 ἑαυτοῦ
3705 3349 3764 3402 τὸν

2273 3443 2426 3496 ὁλκὸν
2467 3441 2888 3513 συνεισφέροντι.
2937 3443 3135 3494 Μεῖνον
3165 3441 3260 3494 ἐπὶ
3303 3445 3400 3512 τῆς
3437 3441 3639 3512 χρείαςο
3679 3439 3763 3508 ὅρος

2274 3536 2411 3588 ἔστω
2456 3551 2536 3598 σοι
2579 3533 2679 3600 τῆς
2725 3531 2816 3585 τοῦ
2849 3531 2946 3602 ζῇν
2973 3533 3280 3604 φροντίδος,
3333 3536 3366 3604 ἡ
3394 3533 3478 3586 διὰ
3507 3531 3602 3587 τῶν
3637 3535 3766 3584 ἔπιτον

2275 3630 2473 3700 χόντων
2521 3625 2614 3678 τοῦ
2665 3625 2934 3688 ἐνδέοντος
2979 3624 3278 3695 πλήρωσις.
3344 3627 3407 3678 Ei
3447 3625 3498 3677 δὲ
3545 3624 3624 3677 καί
3661 3623 3766 3675 σοιό

2273 3723 2370 3792 τῆς
2405 3717 2548 3781 Εὔας
2577 3717 2876 3788 σύμϐουλος
2915 3717 3214 3784 διαλέγοιτο
3257 3719 3386 3790 περὶ
3430 3717 3518 3771 τοῦ
3560 3715 3675 3769 κατὰ
3701 3713 3766 3781 τὴν

2273 3812 2395 3880 δψιν
2449 3809 2612 3862 καλοῦ
2636 3849 2650 3872 ,
2713 3809 2806 3862 καὶ
2858 3807 2956 3878 τὴν
3003 3805 3188 3875 γεῦσιν
3233 3808 3392 3878 ἡδέος
3411 3847 3426 3870 ,
3491 3807 3574 3860 καὶ
3610 3803 3768 3875 ζητοίης

2275 3905 2366 3958 ἐπὶ
2403 3903 2480 3974 τῷ
2525 3903 2673 3972 ἄρτῳ
2718 3901 2778 3954 τὸ
2823 3900 2952 3969 ὄψον
2993 3900 3054 3952 τὸ
3107 3900 3338 3964 τοιόνδε,
3395 3901 3482 3953 καὶ
3523 3900 3576 3950 τὺ
3605 3893 3767 3950 suum

2275 3995 2490 4049 τοιῶνδε
2538 3993 2862 4064 ἡδυσμάτων
2909 3991 3330 4062 ὀψοποιούμενον
3354 4035 3367 4058 ,
3419 3989 3530 4045 εἶτα
3568 3990 3642 4044 διὰ
3675 3986 3765 4040 τού-

2275 4106 2380 4141 των
2412 4087 2516 4152 ἔξω
2558 4087 2665 4139 τῶν
2695 4085 3006 4153 ἀναγκαίων
3035 4085 3175 4154 ὅρων
3207 4085 3308 4156 τὴν
3341 4084 3614 4155 ἐπιθυμίαν
3639 4081 3766 4147 ἄγοις.

2275 4180 2394 4232 τότε
2448 4178 2566 4248 ὕψει
2621 4178 2710 4232 τὸν
2763 4175 3038 4248 ἑρπυστὴν
3093 4175 3234 4228 κατὰ
3292 4176 3353 4228 τὸ
3419 4173 3621 4244 λεληθὸς
3673 4169 3768 4239 πρὸς

2276 4269 2587 4334 πλεονεξίαν
2628 4266 2934 4331 ἀκολούθως
2985 4265 3348 4338 μεθέρποντα.
3410 4266 3534 4318 Ἀπὸ
3573 4264 3662 4335 γὰρ
3701 4259 3769 4326 τῆς

2276 4364 2576 4432 ἀναγκαίας
2612 4361 2838 4434 τροφῆς,
2877 4359 2968 4412 ἐπὶ
3005 4357 3101 4428 τὴν
3139 4358 3438 4428 ὀψοφαγίαν
3463 4354 3638 4427 ego“,
3673 4349 3767 4419 πρὸς

2275 4457 2337 4509 τὸ
2386 4457 2442 4507 ὲν
2484 4452 2779 4523 ὀφθαλμοῖς
2813 4451 2910 4522 ἡδὺ
2960 4449 3344 4520 μεταϐήσεται,
3399 4449 3555 4518 σκεύη
3603 4443 3770 4512 λαμπρὰ

607 4551 734 4602 ras;
774 4535 972 4590 deinde
1003 4551 1097 4605 per
1129 4536 1243 4590 haec
1277 4537 1586 4607 cupidinem
1616 4546 1670 4593 et
1689 4542 1987 4610 appetitum
2018 4553 2169 4598 extra

2203 4540 2251 4598 D
2277 4547 2477 4618 ζητῶν,
2520 4547 2614 4600 καὶ
2649 4543 2926 4614 ὑπηρέτας
2977 4539 3178 4612 ἁδροὺς
3223 4541 3316 4594 καὶ
3351 4541 3532 4602 κλίνας
3569 4533 3770 4606 ἀργυρᾶς.

607 4629 906 4684 necessarii
963 4645 1096 4684 usus
1150 4631 1412 4685 terminos
1469 4631 1710 4696 educas,
1779 4640 1909 4686 tunc
1959 4633 2171 4690 videbis

609 4731 917 4791 serpentem
959 4723 1190 4776 latenter
1243 4723 1310 4776 ad
1345 4723 1632 4776 avaritiam
1665 4723 1922 4794 deinceps
1957 4740 2174 4795 proser-

609 4822 844 4882 pentem.
873 4815 1010 4868 Cum
1038 4815 1184 4870 enim
1218 4831 1246 4868 a
1277 4818 1592 4871 necessario
1628 4819 1750 4873 cibo
1780 4817 1844 4872 ad
1881 4819 2173 4889 ingluviem

609 4907 890 4974 serpserit,
927 4908 994 4961 ad
1025 4908 1079 4962 id
1109 4907 1256 4978 quod
1286 4917 1508 4979 aspectu
1547 4910 1849 4980 jucundum
1877 4921 1960 4966 est
1995 4921 2177 4968 trans-

609 4997 729 5059 ibit,
761 5013 888 5054 vasa
925 5000 1210 5068 splendida
1246 5009 1408 5070 atque
1451 5003 1719 5074 elegantia
1752 5019 2022 5073 quarens,
2071 5005 2174 5060 mi-

609 5090 814 5146 nistros
865 5092 994 5145 item
1023 5100 1286 5148 venustos
1331 5109 1396 5148 ac
1429 5095 1711 5162 delicatos,
1765 5096 1936 5152 lectos
1979 5111 2172 5167 argen-

609 5191 752 5249 teos,
795 5189 983 5240 'strata
1049 5186 1254 5250 mollia,
1317 5194 1628 5258 tegumenta
1689 5188 1956 5258 pellucida
2009 5199 2172 5258 atque

607 5293 746 5332 auro
785 5279 1101 5341 intertexta,
1145 5279 1302 5342 solia,
1366 5280 1642 5349 tripodas,
1701 5280 1922 5334 balneas
1959 5290 2014 5334 et
2043 5297 2171 5335 vasa

608 5373 674 5424 ad
711 5372 1024 5437 lavandum,
1059 5371 1231 5438 labra,
1263 5383 1528 5438 crateras,
1557 5374 1805 5436 haustra,
1839 5381 2003 5444 atque
2032 5385 2173 5445 ryta,

609 5471 887 5534 psycteras
945 5475 1000 5519 et
1065 5465 1493 5536 refrigeratoria,
1561 5467 1810 5535 cyathos,
1873 5469 2174 5537 gutturnia,

609 5555 958 5618 candelabra,
1011 5571 1254 5618 accrras,
1307 5565 1469 5624 atque
1527 5556 1798 5624 ejusmodi
1860 5573 1946 5612 res
1995 5558 2178 5627 requi-

611 5661 734 5718 rens
767 5666 779 5700 :
817 5663 913 5718 per
967 5649 1080 5704 haec
1129 5649 1273 5702 enim
1323 5665 1435 5704 rem
1489 5663 1640 5706 suam
1692 5651 1932 5720 qualibet
1972 5661 2178 5707 ratione

707 5827 750 5888 εἴ
788 5827 922 5898 Gen.
967 5842 1060 5892 ιιι,
1105 5831 1182 5884 ib.

2283 4637 2568 4710 στρωμνὰς
2607 4635 2869 4706 μαλακὰς,
2906 4631 3236 4702 καλύμματα
3259 4633 3486 4702 διαφανῆ
3517 4631 3602 4684 καὶ
3634 4623 3772 4698 χρυσό-

2282 4747 2481 4794 παστα,
2507 4729 2747 4801 θρόνους,
2769 4725 3044 4797 τρίποδας,
3075 4723 3330 4789 πλυνοὺς,
3355 4725 3638 4794 κρατῆρας,
3663 4713 3771 4789 ῥυτά.

2280 4823 2586 4893 ψυκτῆρας,
2631 4817 2890 4890 οίνοχοὰς,
2935 4816 3181 4888 χέρνιϐα,
3225 4816 3463 4887 λυχνίας,
3513 4811 3774 4882 θυμιατήρια

2282 4916 2375 4968 καὶ
2409 4915 2477 4967 τὰ
2503 4912 2726 4967 τοιαῦτα
2755 4911 3046 4982 ἐπιζητῶν..
3079 4909 3178 4962 Διὰ
3203 4909 3362 4962 τοῦτο
3389 4908 3492 4978 γὰρ
3520 4909 3549 4979 ἡ
3575 4897 3774 4969 ἐπιθυμία

2279 5007 2378 5076 τῆς
2395 5003 2701 5070 πλεονεξίας
2721 5002 3041 5072 εἰσέρχεται.
3069 5002 3184 5055 Ἵνα
3205 4998 3313 5070 γὰρ
3335 4999 3368 5070 ἡ
3385 4996 3516 5068 πρὸς
3531 4995 3593 5046 τὰ
3611 4987 3774 5043 τοιαῦτα

2283 5098 2355 5168 μὴ
2375 5097 2520 5150 λίποι
2545 5095 2888 5166 παρασκευὴ,
2902 5092 3176 5164 προσόδων
3199 5090 3375 5162 χρεία,
3397 5088 3464 5142 δι’
3484 5081 3553 5141 ὧν
3575 5094 3774 5148 συμπορι-

2280 5191 2379 5260 σθή
2389 5207 2533 5243 σεται
2551 5189 2620 5242 τὰ
2637 5186 2958 5258 ζητούμενα.
2977 5183 3184 5240 Οὐκοῦν
3201 5181 3430 5237 κλαῦσαι
3447 5179 3544 5252 χρὴ
3561 5193 3638 5230 ἐν
3651 5175 3772 5225 δεῖνι

2278 5281 2372 5334 καὶ
2395 5281 2625 5351 οἰμῶξαι
2648 5280 2738 5332 τὸν
2763 5277 3026 5338 σύνοικον,
3051 5277 3144 5338 καὶ
3165 5276 3390 5338 πολλοὺς
3409 5269 3649 5328 ἐλεεινοὺς
3664 5260 3774 5351 γενέ·

2277 5372 2399 5425 σθαι
2416 5349 2522 5424 τῶν
2546 5369 2688 5423 ἰδίων
2710 5367 3090 5430 ἐκπίπτοντας,
3113 5366 3200 5419 ἵνα
3217 5365 3302 5418 διὰ
3316 5364 3423 5417 τῶν
3437 5358 3656 5430 δακρύων
3674 5349 3774 5404 tuai-

2275 5467 2424 5534 νωνὴ
2443 5481 2508 5516 πε
2517 5464 2568 5534 ρί
2586 5462 2684 5532 τὴν
2699 5457 2974 5533 τράπεζαν
2987 5457 3157 5527 τούτῳ
3171 5455 3441 5528 τραγῳδία
3455 5446 3772 5522 λαμπρύνων)-

2287 5557 2533 5612 Ἐπειδὰν
2571 5556 2628 5610 δὲ
2677 5555 2769 5608 καὶ
2793 5553 3002 5615 τούτοις
3033 5554 3061 5604 ὁ
3098 5551 3222 5622 ὄφις
3263 5547 3448 5604 ἑαυτὸν
3485 5541 3670 5609 ἐπιλίζῃ
3709 5548 3773 5588 και

2275 5651 2380 5720 πλῆ
2389 5665 2455 5722 σῃ
2474 5649 2570 5720 τὴν
2586 5646 2824 5718 γαστέρα
2841 5647 2950 5702 τῶν
2967 5645 3104 5714 κατὰ
3121 5643 3362 5716 γνώμην,
3381 5636 3656 5696 ἀκολούθως
3673 5621 3771 5698 μετὰ

3887 3992 3892 4158 ›
