4004 6502
219 389 360 442 “75

1125 393 1212 446 DF.
1241 392 1595 450 ORATIONE
1637 395 1981 456 DOMINICA.
2020 428 2093 440 --
2123 399 2382 457 ORATIO
2420 401 2501 456 IV.

3333 405 3471 460 ιιτι

215 507 317 568 τας
355 505 672 576 πλησμονὰς
713 508 804 560 ἐπὶ
847 507 944 578 τὴν
981 508 1278 564 ἀκόλαστον
1308 511 1513 565 λύσσαν
1553 513 1788 566 ίλυσπώ-

1902 515 2125 586 tugendi
2183 515 2460 586 cupiditas
2508 516 2836 587 ingreditur.
2908 517 3043 572 Nam
3096 533 3164 572 ne
3217 525 3472 586 sumptus

218 613 382 664 μενος
416 597 802 668 κατασύρεται,
831 598 987 652 τοῦτο
1012 600 1068 652 δέ
1097 603 1212 654 ἐστι
1238 602 1299 655 τὸ
1323 601 1546 673 ἔσχατον
1575 604 1684 657 τῶν
1704 607 1794 659 ἀν-

212 686 505 756 θρωπίνων
527 689 732 743 κακῶν.
761 691 848 752 Ὠς
869 691 935 744 ἂν
955 687 1047 744 οὖν
1073 692 1239 762 μηδὲν
1266 693 1474 762 γένοιτο
1489 696 1790 768 τούτων,τῇ

211 777 448 848 εὐπορίᾳ
475 777 570 830 τοῦ
601 779 766 848 ἄρτου
801 781 899 850 τὴν
939 780 1084 852 ζωὴν
1117 783 1508 854 περιορίζεται,
1538 785 1668 854 ὄψον
1697 786 1792 858 ζη-

208 868 322 920 τῶν
357 870 418 921 τὸ
464 873 591 940 παρ’
631 871 801 940 αύτῆς
837 871 1254 944 ὀψοποιούμενόν
1302 891 1382 928 σοι
1408 877 1506 946 τῆς
1556 876 1792 944 φύσεως.

212 959 390 1013 Τοῦτο
431 962 488 1014 δέ
521 964 656 1025 ἐστι,
691 963 927 1032 μάλιστα
960 965 1057 1035 μὲν
1102 967 1134 1034 ἡ
1169 966 1348 1037 ἀγαθὴ
1382 968 1705 1037 συνείδησις,
1731 971 1798 1038 τῇ

207 1052 402 1124 δικαίᾳ
443 1054 738 1124 μεταλήψει
768 1055 858 1107 τὸν
888 1051 1048 1126 ἄρτον
1078 1055 1362 1125 ἡδύνουσα.
1401 1059 1462 1109 Ei
1496 1058 1552 1110 δὲ
1581 1059 1674 1110 καὶ
1704 1058 1799 1129 τὴν

210 1143 356 1196 κατὰ
402 1148 492 1197 τὸν
535 1145 726 1214 λαιμὸν
755 1145 1004 1213 αἴσθησιν
1042 1145 1266 1215 ἥδεσθαι
1313 1146 1506 1210 θέλοις,
1557 1147 1685 1214 ὄψον
1713 1164 1796 1200 σοι

209 1234 457 1299 γενέσθω
488 1236 520 1303 ἡ
549 1235 747 1295 ἔνδεια,
781 1236 874 1287 καὶ
896 1235 958 1286 τὸ
987 1235 1062 1306 μὴ
1093 1237 1370 1289 ἐπιϐαλεῖν
1404 1239 1564 1309 κόρον
1594 1238 1670 1308 τῷ
1703 1240 1795 1290 κό-

210 1341 314 1395 ρῳ,
352 1327 488 1395 μηδὲ
529 1325 883 1395 ἁπαμϐλῦναι
903 1329 969 1397 τῇ
1001 1329 1278 1400 κραιπάλῃ
1297 1329 1395 1399 τὴν
1414 1329 1591 1398 ὄρεξιν
1611 1347 1625 1360 ’
1655 1331 1788 1384 ἀλλὰ

209 1416 666 1486 προηγείσθωσὰν
701 1435 780 1470 σοι
803 1420 902 1488 τῆς
925 1421 1130 1489 τροφῆς
1159 1419 1267 1471 τῶν
1299 1419 1524 1472 ἐντολῶν
1545 1423 1594 1472 οἰ
1631 1422 1789 1492 ἱδρῶ-

207 1523 321 1568 τες.
381 1508 475 1559 Ἐν
508 1507 702 1575 ἱδρῶτι
737 1511 834 1578 καί
873 1513 1038 1576 πόνῳ
1081 1513 1243 1578 φάγῃ
1281 1510 1387 1563 τὸν
1429 1510 1613 1578 ἄρτον
1647 1527 1783 1566 σου.

220 1597 390 1668 Ὀρᾷς
417 1597 516 1667 τὴν
549 1597 769 1668 πρώτην
807 1573 1090 1666 όψοποιΐαν
1120 1598 1214 1650 τοῦ
1252 1598 1448 1664 Λόγου.

1898 605 2207 660 subsidium
2251 615 2306 662 et
2355 616 2652 676 apparatus
2715 610 2781 662 ad
2840 609 3110 678 ejusmodi
3164 623 3255 663 res
3307 607 3471 671 desit,

1899 695 2164 751 reditibus
2207 711 2346 766 opus
2387 707 2490 762 est,
2521 713 2621 770 per
2651 714 2791 768 quos
2836 699 3198 754 conficiantur
3235 708 3289 753 et
3323 713 3473 752 com-

1901 795 2162 854 parentur
2186 804 2247 841 ea
2283 804 2404 857 qua:
2430 789 2812 844 desiderantur
2841 798 2895 844 et
2925 791 3299 860 requiruntur.
3332 789 3474 857 Ergo

1900 877 2028 931 ﬂere
2058 877 2212 931 illum
2243 887 2298 934 et
2333 880 2484 932 illum
2517 889 2755 950 oportet,
2784 890 2838 935 et
2869 883 3083 950 plorare
3113 882 3474 936 contuberna-

1899 965 2026 1029 lem,
2057 969 2386 1037 ntultosque,
2419 969 2511 1038 qui
2561 971 2676 1025 suis
2721 971 2886 1025 rebus
2915 971 3199 1033 excidunt,
3237 973 3466 1024 misera-

1898 1056 2036 1110 biles
2107 1058 2245 1120 fieri,
2284 1066 2343 1112 ut
2377 1075 2473 1127 per
2503 1059 2723 1112 illorum
2775 1060 3045 1130 lacrymas
3087 1061 3215 1113 huic
3253 1061 3466 1128 magni-

1897 1147 2110 1199 ficentia
2147 1159 2309 1216 atque
2351 1151 2645 1202 ostentatio
2679 1163 2882 1203 mensa:
2932 1149 3300 1218 splendescat.
3336 1151 3471 1202 Cum

1893 1248 2072 1291 autent
2098 1238 2258 1291 etiam
2294 1239 2378 1291 his
2409 1255 2468 1294 se
2513 1255 2740 1308 serpens
2770 1240 3059 1293 involverit
3092 1249 3255 1309 atque
3289 1240 3472 1308 impli-

1895 1330 2088 1393 cuerit,
2149 1337 2204 1383 et
2248 1339 2492 1384 ventrem
2549 1332 2675 1384 cibo
2729 1341 2969 1400 potuque
3013 1331 3079 1384 ad
3137 1332 3471 1384 voluntatem

1895 1420 2168 1489 exquisito
2209 1421 2533 1490 impleverit,
2576 1430 2699 1491 post
2750 1422 3230 1492 iugurgitationem
3287 1436 3351 1475 ac
3384 1436 3472 1474 re-

1896 1511 2211 1578 pletionem,
2252 1512 2514 1581 deinceps
2558 1513 2624 1566 ad
2665 1512 3011 1567 libidinosam
3045 1512 3248 1566 rabiem
3291 1509 3470 1564 invol-

1898 1601 2069 1655 vendo
2095 1619 2215 1657 sese
2258 1603 2564 1658 delabetur.
2597 1604 2648 1657 ld
2689 1610 2870 1657 autent
2909 1614 3211 1658 extremum
3243 1610 3328 1656 est
3361 1602 3460 1654 hu-

207 1703 502 1742 manorum
537 1690 828 1744 malorum.
862 1688 932 1744 Ut
967 1691 1130 1758 igitur
1197 1690 1332 1743 nihil
1401 1689 1592 1741 horum
1616 1690 1849 1755 accidat,
1893 1690 2150 1747 facultate
2209 1698 2364 1764 panis
2425 1696 2587 1748 vitam
2659 1695 3100 1759 circumscribit,
3173 1694 3462 1748 obsonium

207 1796 464 1846 quaerens
503 1784 646 1851 quod
691 1785 759 1838 ab
829 1783 946 1852 ipsa
990 1793 1184 1837 natura
1255 1783 1354 1836 tibi
1419 1790 1662 1852 paratur.
1732 1784 1790 1836 ιιι
1840 1793 2020 1840 autem
2088 1789 2434 1858 potissimum
2491 1789 2710 1858 quidem
2768 1789 2909 1842 bona
2959 1789 3295 1843 conscientia
3352 1796 3471 1850 est,

207 1872 361 1939 justo
402 1889 502 1928 usu
542 1888 734 1943 panem
805 1875 1078 1929 condiens.
1151 1872 1307 1939 Quod
1337 1875 1384 1926 si
1424 1873 1587 1927 etiam
1621 1889 1842 1928 sensum
1881 1878 2020 1946 gulae
2055 1879 2352 1934 demulceri
2380 1880 2482 1945 vis,
2511 1880 2804 1934 obsonium
2837 1879 2932 1933 tibi
2963 1887 3083 1934 esto
3151 1875 3470 1947 indigentia.

207 1979 288 2030 et,
341 1976 402 2021 ut
444 1984 512 2022 ne
555 1967 778 2022 satietas
825 1967 1063 2021 satietati
1102 1967 1356 2027 addatur,
1413 1983 1518 2020 neu
1601 1969 1824 2036 crapula
1901 1970 2235 2038 infringatur
2259 1982 2312 2025 et
2341 1973 2627 2026 hebetetur
2654 1971 2951 2040 appetitus,
2981 1971 3075 2026 sed
3109 1969 3289 2024 cibum
3319 1979 3471 2024 tuum

211 2059 526 2132 praecedant
572 2067 964 2128 praeceptorum
997 2059 1245 2114 sudores.
1326 2057 1392 2111 In
1435 2058 1627 2112 sudore
1699 2071 1747 2112 et
1811 2057 1997 2115 labore
2067 2065 2286 2116 vesceris
2333 2079 2466 2131 pane
2510 2072 2599 2115 tuo
2621 2063 2685 2117 ⁸⁵.
2727 2061 2891 2116 Vides
2925 2061 3206 2116 Sermonis
3240 2061 3470 2131 primam

207 2155 430 2210 obsonii
467 2153 905 2208 coniectionem?

298 2249 485 2317 ’Λρκεῖ
533 2262 614 2299 σοι
648 2245 708 2298 τὸ
753 2245 913 2316 μέχρι
952 2246 1052 2315 τῆς
1074 2245 1262 2316 χρείας
1295 2247 1499 2318 ταύτης
1539 2247 1791 2317 ἀσχολεῖν
1827 2255 1867 2309 Β

208 2336 311 2406 τὴν
347 2336 588 2390 διάνοιαν
608 2351 621 2364 ο
652 2335 850 2404 μᾶλλον
873 2335 931 2387 δὲ
957 2335 1117 2406 μέχρι
1132 2335 1323 2387 τούτου
1354 2337 1451 2406 τὴν
1481 2336 1658 2406 ψυχὴν
1677 2343 1794 2402 ταῖς

211 2427 460 2498 περὶτοῦ
494 2426 660 2495 ἄρτου
689 2425 982 2496 μερίμναις
1009 2426 1236 2496 ὲνδήσῃς
1262 2441 1274 2453 ·
1309 2427 1421 2480 ἀλλ’
1455 2427 1576 2478 εἰπὲ
1604 2427 1681 2496 τῷ
1707 2427 1797 2479 τὸν

210 2517 383 2588 ἄρτον
411 2518 476 2568 ὲκ
502 2516 608 2584 γῆς
641 2514 886 2584 ὲξὰγοντι
913 2533 925 2544 ·
976 2517 1098 2570 εἰπὲ
1127 2516 1205 2587 τῷ
1242 2519 1368 2580 τοὺς
1408 2518 1649 2587 κόρακας
1677 2518 1800 2589 τρέ-

210 2625 395 2676 φοντι,
434 2606 514 2676 τῷ
538 2606 731 2659 διδόντι
770 2607 974 2678 τροφὴν
1011 2608 1158 2679 πάσῃ
1192 2610 1375 2678 σαρκὶ,
1421 2609 1499 2678 τῷ
1530 2610 1797 2676 ἀνοίγοντι

210 2702 315 2770 τὴν
367 2703 542 2770 χεῖρα,
589 2700 683 2751 καὶ
734 2699 1028 2770 πληροῦντι
1084 2702 1190 2753 πᾶν
1222 2700 1358 2763 ζῶον
1388 2701 1668 2763 εὐδοκίας·
1717 2703 1798 2754 ὅτι

215 2793 376 2864 Παρά
399 2791 491 2844 σοῦ
520 2792 656 2861 μοιὴ
712 2790 822 2860 ζωή
850 2808 862 2820 ο
911 2791 1063 2862 παρὰ
1087 2792 1180 2844 σοῦ
1209 2792 1450 2860 γενέσθω
1477 2793 1571 2844 καὶ
1598 2796 1629 2861 ή
1669 2793 1799 2862 πρὸς

210 2884 315 2951 τὴν
348 2883 492 2953 ζωὴν
515 2884 771 2954 ἀφορμή·
798 2883 882 2936 σὺ
912 2884 1018 2949 δὸς
1039 2884 1144 2936 τὸν
1167 2884 1370 2951 ἄρτον,
1405 2887 1700 2950 τουτέστιν,
1735 2889 1799 2938 ἐκ

211 2975 443 3027 δικαίων
473 2976 648 3027 πόνων
690 2975 788 3045 τὴν
817 2976 1023 3044 τροφὴν
1058 2977 1266 3046 σχοίην.
1316 2978 1378 3028 Ei
1402 2977 1508 3048 γὰρ
1552 2980 1579 3029 ὁ
1603 2978 1733 3041 Θεὸς
1764 2981 1796 3048 ὴ

211 3067 534 3135 δικαιοσύνη
567 3068 741 3131 ἐστὶν,
784 3069 882 3120 οὐκ
918 3067 1031 3138 ἔχει
1071 3069 1224 3139 παρὰ
1260 3069 1396 3122 Θεοῦ
1422 3071 1512 3122 τὸν
1543 3072 1727 3140 ἄρτον,
1769 3073 1797 3122 ὁ

213 3162 284 3211 ἐκ
313 3158 627 3224 πλεονεξίας
661 3160 758 3228 τὴν
787 3162 992 3230 τροφὴν
1020 3161 1185 3230 ἔχων·
1219 3162 1377 3225 αὐτὸς
1407 3163 1592 3233 κύριος
1620 3161 1668 3215 εἷ
1692 3163 1795 3234 τῆς

212 3251 406 3320 εὐχῆς,
448 3252 495 3302 εί
525 3250 598 3319 μὴ
624 3250 684 3314 ἐξ
711 3252 1003 3323 ἀλλοτρίων
1034 3256 1066 3323 ὴ
1099 3255 1329 3324 εὐπορία
1349 3295 1362 3316 ,
1400 3257 1447 3306 εί
1479 3253 1552 3325 μὴ
1599 3257 1664 3307 ἐκ
1689 3249 1797 3306 ’δα-

215 3343 404 3414 κρύων
445 3345 480 3414 ἡ
515 3344 794 3412 πρόσοδος.
833 3347 882 3397 εί
909 3346 1079 3408 οὐδεὶς
1111 3347 1202 3397 ἐπὶ
1247 3345 1325 3416 τῷ
1355 3346 1433 3415 σῷ
1471 3346 1618 3417 κόρῳ
1651 3347 1799 3398 ἐπεί-

212 3451 400 3496 νασεν,
429 3437 478 3486 εί
507 3434 679 3497 οὐδεὶς
705 3436 799 3487 ἐπὶ
821 3440 887 3508 τῇ
915 3436 1197 3507 πλησμονῇ
1232 3454 1323 3489 σου
1346 3437 1645 3502 ἐστέναξεν,
1663 3437 1798 3491 Θεοῦ

213 3526 387 3596 ἄρτος
422 3525 657 3595 μάλιστα
690 3528 718 3579 ό
745 3527 983 3590 τοιοῦτός
1019 3529 1156 3592 ἐστι,
1189 3526 1533 3597 δικαιοσύνης
1563 3528 1796 3597 καρπὸς,

1979 2245 2186 2299 Suﬂicit
2221 2246 2320 2298 tibi
2363 2245 2430 2297 ad
2460 2246 2605 2299 hunc
2636 2261 2794 2300 usum
2826 2260 3000 2312 usque
3030 2251 3209 2297 mente
3234 2257 3471 2311 occupa-

1901 2339 1969 2398 ri,
2002 2337 2113 2389 imo
2139 2351 2269 2390 vero
2296 2336 2404 2391 huc
2430 2351 2602 2404 usque
2625 2338 2861 2388 animam
2894 2333 3358 2388 sollicitudinibus
3377 2349 3470 2404 pa-

1898 2430 1985 2481 nis
2015 2429 2190 2496 illiges
2233 2447 2245 2481 :
2281 2444 2344 2482 ac
2373 2429 2462 2483 die
2504 2429 2552 2482 ei
2600 2429 2692 2498 qui
2728 2429 2913 2482 educit
2946 2443 3140 2497 panem
3173 2429 3240 2482 de
3271 2437 3417 2482 terra
3453 2445 3468 2482 :

1897 2517 1986 2568 die
2027 2531 2222 2570 corvos
2267 2519 2531 2585 pascenti,
2585 2519 2676 2586 qui
2731 2520 2890 2572 omni
2917 2519 3070 2571 carni
3119 2518 3300 2572 cibum
3349 2518 3464 2582 dat,

1897 2606 1988 2676 qui
2019 2621 2238 2660 ntanum
2266 2608 2468 2677 operit,
2503 2616 2557 2662 et
2583 2625 2744 2663 omne
2784 2611 2990 2662 animal
3019 2611 3156 2662 bona
3192 2612 3472 2665 voluntate

1900 2695 2070 2764 replet
2102 2695 2145 2724 ⁸⁷
2173 2717 2187 2753 :
2214 2699 2329 2752 Ate
2369 2699 2500 2750 mihi
2536 2697 2643 2751 vita
2668 2708 2772 2762 est,
2805 2714 2833 2751 a
2867 2709 3160 2770 tequoque
3191 2702 3322 2756 mibi
3348 2703 3473 2758 vita

1901 2786 2201 2866 subsidium
2235 2788 2514 2856 contingat
2543 2808 2555 2842 :
2612 2799 2666 2841 tu
2696 2791 2763 2844 da
2791 2809 2977 2860 panem
3057 2793 3109 2846 id
3145 2802 3258 2856 est,
3293 2811 3356 2849 ex
3385 2795 3476 2864 ju-

1901 2877 2002 2931 stis
2036 2876 2317 2929 laboribus
2343 2878 2523 2960 cibum
2556 2878 2854 2947 adipiscar.
2893 2878 3026 2933 Nam
3068 2888 3115 2935 si
3140 2880 3280 2938 Deus
3305 2885 3469 2952 justi-

1899 2971 1974 3023 tia
2002 2980 2104 3034 est,
2139 2986 2245 3022 non
2273 2969 2433 3024 habet
2467 2986 2495 3020 a
2529 2968 2636 3025 Deo
2663 2987 2878 3039 panem,
2919 2973 3011 3042 qui
3046 2990 3112 3028 ex
3150 2991 3206 3030 re
3241 2975 3470 3030 fraudu-

1899 3061 2073 3114 lenter
2101 3067 2156 3114 et
2188 3058 2390 3128 injuste
2421 3067 2571 3128 parta
2619 3061 2799 3113 cibum
2832 3062 2994 3116 habet
3025 3080 3040 3126 ;
3085 3065 3200 3132 ipse
3238 3079 3468 3135 compos

1896 3151 2006 3204 voti
2034 3167 2115 3214 es,
2141 3151 2249 3203 nisi
2307 3165 2371 3203 ex
2413 3150 2606 3204 alienis
2643 3153 2796 3219 copia
2836 3160 3002 3222 atque
3054 3153 3308 3218 facultas,
3355 3157 3466 3210 nisi

1897 3260 1960 3298 ex
1995 3244 2248 3314 laerymis
2280 3243 2506 3309 reditus,
2531 3245 2575 3298 si
2612 3259 2775 3298 nemo
2807 3253 3028 3313 propter
3068 3254 3215 3298 tuam
3248 3247 3471 3300 satieta-

1898 3343 2006 3390 tem
2044 3336 2257 3398 esuriit,
2303 3335 2347 3388 si
2404 3336 2588 3390 nullus
2629 3335 2700 3388 ob
2742 3343 2890 3387 tuam
2935 3337 3289 3404 repletionem
3320 3337 3472 3405 inge-

1900 3430 2057 3492 muit,
2103 3426 2194 3482 Dei
2223 3428 2381 3497 panis
2411 3429 2644 3481 maxime
2680 3427 2804 3480 talis
2838 3436 2943 3490 est,
2980 3428 3212 3495 justitiaa
3235 3428 3468 3491 fructus,

1907 3523 2058 3590 pacis
2096 3522 2270 3589 spica,
2306 3537 2414 3573 non
2455 3521 2714 3588 permista
2745 3537 2922 3590 neque
2959 3522 3241 3590 inquinata
3275 3521 3472 3576 zizanii

217 3620 451 3688 είρήνης
485 3621 513 3672 ὁ
543 3619 801 3689 ἄσταχυς,
844 3620 1076 3687 ἄμικτος
1101 3623 1194 3674 καὶ
1239 3621 1533 3689 ἀμόλυντος
1561 3621 1668 3672 τῶν
1707 3620 1798 3673 τοῦ

1905 3613 2226 3667 seminibus.
2261 3612 2417 3677 Quod
2446 3613 2490 3664 si
2523 3628 2684 3668 arans
2707 3621 2760 3667 et
2801 3613 2989 3668 colens
3018 3614 3214 3678 aliena,
3243 3621 3297 3670 et
3322 3615 3468 3684 inju-

219 3710 467 3774 ζιζανίου
513 3712 862 3782 σπερμάτων.
922 3714 983 3765 Ei
1027 3713 1083 3765 δὲ
1128 3713 1385 3783 γεωργῶν
1422 3713 1488 3764 τὰ
1528 3712 1798 3782 ἀλλότρια,

219 3803 321 3854 καὶ
344 3803 400 3853 ἐν
423 3801 717 3870 ὀφθαλμοῖς
739 3801 875 3870 ἔχων
910 3802 1008 3872 τὴν
1035 3802 1267 3864 ἀδικίαν,
1293 3805 1383 3855 καὶ
1404 3803 1800 3874 γραμματείοις

219 3892 500 3961 κρατύνας
526 3895 624 3961 τὴν
654 3893 834 3946 ἄδικον
865 3894 1054 3962 κτῆσιν
1077 3911 1090 3924 ·
1122 3894 1312 3947 ἔπειτα
1349 3895 1424 3964 τῷ
1451 3896 1569 3964 Θεῷ
1600 3895 1800 3962 λέγοις,

218 3981 337 4046 Δὸς
363 3982 470 4034 τὸν
493 3981 677 4050 ἄρτον
710 3999 719 4010 '
755 3983 911 4046 ἄλλος
939 3985 966 4035 ὁ
987 3984 1198 4036 ἀκούων
1225 3985 1322 4053 τῆς
1347 3987 1530 4052 φωνῆς
1553 4002 1644 4036 σου
1670 3986 1800 4037 ταύ-

216 4092 326 4145 της
357 4075 524 4137 ὲστὶν,
556 4075 652 4142 ούχ
691 4076 718 4126 ό
741 4075 890 4133 Θεός.
949 4074 1050 4126 Τὸν
1096 4075 1205 4144 γὰρ
1236 4076 1296 4139 ἐξ
1331 4075 1542 4137 ἀδικίας
1597 4076 1803 4146 καρπὸν

218 4171 258 4236 ἠ
289 4167 637 4236 ἀντικειμένη
681 4168 1020 4236 καρποφορεί
1061 4166 1220 4233 φύσις
1247 4183 1258 4195 ·
1313 4169 1341 4217 ὁ
1365 4166 1679 4229 σπουδάζων
1709 4165 1804 4234 τὴν

219 4257 608 4326 δικαιοσύνην,
659 4257 841 4309 θεόθεν
874 4257 964 4308 τὸν
1015 4258 1178 4326 ἄρτον
1229 4257 1439 4326 δέχεται
1471 4275 1483 4287 ο
1536 4260 1563 4309 ὁ
1613 4256 1666 4308 δὲ
1709 4256 1806 4326 τὴν

221 4346 440 4398 ἀδικίαν
478 4345 758 4414 γεωργῶν,
810 4344 957 4414 παρὰ
1006 4344 1098 4396 τοῦ
1142 4345 1428 4415 εὐεργέτου
1465 4345 1564 4414 τῆς
1597 4345 1806 4408 ἀδικίας

223 4438 512 4499 σιτίςεται.
561 4437 703 4507 Πρὸς
727 4432 819 4489 οὖν
856 4437 954 4506 τὴν
992 4436 1292 4506 συνείδησιν
1321 4437 1420 4505 τὴν
1449 4437 1641 4490 ἑαυτοῦ
1683 4436 1804 4505 βλέ-

222 4546 368 4587 πων.
401 4529 643 4598 πρόσαγε
681 4528 778 4598 τὴν
808 4529 902 4581 τοῦ
935 4530 1098 4598 ἄρτου
1139 4530 1352 4596 αἴτησιν
1386 4527 1462 4597 τῷ
1490 4528 1628 4598 Θεῷ,
1652 4528 1807 4592 εἰδὼς

219 4623 310 4674 ὅτι
339 4621 437 4672 οὐκ
461 4620 574 4672 ἔστι
604 4620 854 4674 κοινωνία
882 4619 1102 4691 Χριστῷ
1133 4621 1265 4689 πρὸς
1294 4620 1504 4674 Βελιάλ,
1552 4621 1671 4674 Κᾶν
1699 4622 1802 4674 δω-

225 4715 471 4784 ροφορῇς
508 4712 566 4777 ἐξ
619 4712 852 4776 ἀδικίας,
899 4712 1151 4782 ἄλλαγμα
1200 4711 1358 4774 κυνὸς
1403 4712 1496 4764 καὶ
1552 4712 1808 4782 μίσθωμα

221 4804 434 4874 πόρνης
462 4803 522 4855 τὸ
553 4802 723 4872 δῶρόν
757 4804 871 4854 ἐστι
893 4819 907 4835 ο
942 4802 1042 4856 κᾶν
1083 4803 1404 4874 λαμπρύνῃς
1431 4806 1496 4874 τῇ
1531 4805 1807 4875 φιλοτιμία

219 4896 328 4956 τὰς
355 4893 643 4956 ἐπιδόσεις,
685 4892 892 4963 ἀκούσῃ
937 4891 1032 4944 τοῦ
1067 4893 1354 4963 Προφήτου
1384 4893 1801 4964 βδελυσσομένου

221 4988 327 5059 τὴν
352 4987 460 5039 ἀπὸ
485 4986 594 5040 τῶν
625 4984 878 5038 τοιούτων
916 4985 1292 5053 συνεισφοράν.
1348 4987 1408 5038 Τί
1427 5003 1528 5053 μοι
1571 4987 1803 5055 πλῆθος

219 5078 351 5132 τῶν
375 5077 636 5140 θυσιῶν;
671 5075 830 5144 λέγει
853 5077 1093 5143 Κύριος-ο
1111 5077 1347 5144 πλήρης
1375 5079 1490 5145 εἰμὶ
1547 5082 1802 5133 ὁλοκαυ-

221 5170 512 5238 τωμάτων
525 5167 723 5236 κριῶν,
739 5167 1030 5234 καὶστέαρ
1051 5166 1270 5234 ἀρνῶν,
1300 5169 1396 5220 καί
1410 5160 1556 5238 αἷμα
1573 5171 1805 5238 ταύρων

224 5263 331 5315 καὶ
356 5260 584 5329 τράγων
605 5262 676 5313 οὐ
686 5261 1004 5328 βούλομαι·
1021 5260 1302 5328 θυμίαμα,
1318 5264 1476 5329 φησὶ,
1489 5260 1804 5332 βδέλυγμὰ

218 5355 332 5426 μοί
363 5355 550 5407 ἐστιν.
596 5353 852 5425 Ἐτέρωθι
878 5353 966 5406 τὸν
987 5353 1181 5406 θύοντα
1208 5355 1403 5423 μόσχον
1431 5357 1551 5408 ἀντὶ
1587 5356 1678 5408 τοῦ
1705 5358 1799 5408 ἀν-

226 5443 514 5516 αιροῦντος
552 5444 689 5496 κύνα
722 5439 1045 5512 λελόγισται.
1108 5435 1232 5496 Ἐἀν
1277 5441 1369 5498 οὖν
1418 5446 1567 5517 παρὰ
1597 5448 1799 5517 Κυρίου

227 5534 326 5586 τὸν
352 5534 514 5603 ἄρτον
547 5533 698 5604 ἔχῃς,
726 5534 1020 5598 τουτέστιν,
1051 5536 1115 5587 ὲκ
1141 5535 1364 5589 δικαίων
1398 5536 1594 5600 πόνων,
1626 5537 1800 5602 ἔξεστί

232 5643 318 5678 σοι
347 5625 442 5678 καὶ
486 5625 817 5696 ἀπέρχεσθαι
850 5627 996 5698 αὐτῷ
1030 5628 1137 5682 ἀπὸ
1169 5629 1277 5682 τῶν
1323 5630 1552 5699 καρπῶν
1583 5630 1683 5699 τῆς
1727 5629 1804 5682 δι-

232 5716 551 5786 καιοσύνης.

309 5831 356 5864 “
393 5831 526 5885 Gen.
561 5847 654 5896 tu,
695 5833 776 5887 19.
855 5833 900 5865 ⁸⁷
925 5831 1070 5888 Psal.
1110 5848 1286 5898 CXLVI,
1322 5834 1406 5888 16.
1484 5834 1527 5865 ⁵⁸
1565 5831 1669 5888 lsa.
1706 5849 1743 5899 ι,
1782 5834 1865 5888 Η.

1906 3705 2110 3758 stitiam
2159 3703 2214 3756 in
2254 3703 2428 3757 oculis
2467 3704 2694 3763 habens.
2733 3704 2936 3757 tabulis
2977 3704 3201 3772 insuper
3246 3704 3471 3773 scriptis

1906 3795 2160 3863 injustam
2190 3795 2604 3864 acquisitionem
2637 3795 2982 3848 roboraveris
3025 3803 3079 3847 et
3108 3794 3469 3850 confirmave-

1906 3888 2002 3947 ris.
2046 3886 2240 3940 deinde
2273 3886 2338 3938 ad
2384 3885 2551 3939 Deum
2580 3885 2753 3949 dicas,
2794 3886 2878 3938 Da
2908 3902 3094 3954 panem
3126 3901 3144 3938 :
3188 3886 3329 3941 alius
3370 3888 3476 3940 erit

1905 3979 1999 4045 qui
2021 3977 2159 4030 hanc
2182 3991 2369 4029 vocem
2403 3983 2551 4028 tuam
2584 3976 2789 4038 audiat,
2836 3991 2943 4029 non
2983 3975 3144 4031 Deus.
3193 3975 3328 4028 Nam
3356 3974 3471 4029 fru-

1907 4077 2053 4121 ctum
2090 4068 2182 4136 qui
2216 4084 2283 4122 ex
2320 4068 2590 4135 injustitia
2623 4068 2923 4137 percipitur
2959 4066 3235 4121 contraria
3278 4073 3472 4120 natura

1906 4158 2157 4226 producit
2184 4175 2198 4223 ;
2231 4158 2320 4227 qui
2347 4158 2530 4212 studet
2552 4157 2797 4225 justitiae,
2827 4172 2856 4209 a
2881 4156 2988 4211 Deo
3020 4172 3210 4226 panem
3229 4156 3469 4225 accipit:

1908 4263 1959 4306 at
1975 4253 2065 4321 qui
2093 4253 2223 4306 colit
2240 4253 2584 4321 iujustitiam,
2605 4251 2673 4304 ab
2699 4251 2980 4320 injustitiae
2999 4252 3279 4305 inventore
3299 4253 3473 4304 nutri-

1909 4353 1995 4397 tur
2019 4351 2180 4412 atque
2197 4343 2429 4398 cibatur.
2447 4341 2856 4396 Conseientiam
2879 4343 3044 4413 igitur
3061 4352 3209 4396 tuam
3230 4342 3472 4406 intuens,

1909 4436 1980 4488 ita
2027 4435 2181 4504 panis
2231 4435 2546 4503 petitionem
2579 4432 2688 4488 Deo
2735 4432 2888 4497 oﬂ‘er,
2949 4433 3152 4493 sciens,
3186 4433 3330 4503 quod
3365 4419 3473 4488 non

1907 4538 1992 4582 est
2019 4529 2259 4582 societas
2291 4525 2514 4580 Christo
2554 4540 2677 4580 eum
2709 4525 2894 4579 Belial.
2931 4523 2994 4576 Et
3033 4526 3076 4578 si
3103 4525 3244 4578 dona
3277 4523 3474 4578 offeras

1907 4635 1970 4674 ex
1999 4619 2288 4688 injustitia,
2314 4616 2696 4686 compensatio
2715 4624 2878 4684 atque
2908 4616 3277 4669 remuneratio
3297 4617 3472 4677 canis,

1907 4720 1961 4766 et
1997 4726 2206 4765 merces
2241 4710 2776 4764 meretricisdonum
2805 4716 2926 4762 est:
2980 4709 3190 4762 etiamsi
3234 4708 3475 4777 splendi—

1909 4803 2028 4864 das,
2060 4801 2385 4854 ambitiosas
2441 4807 2495 4852 et
2545 4797 2860 4866 magnificas
2913 4798 3230 4868 largitiones
3281 4795 3474 4860 facias,

1911 4892 2098 4946 audies
2127 4891 2452 4960 Prophetam
2479 4898 2533 4944 et
2557 4889 2963 4943 ahominantem
2991 4905 3055 4944 ex
3083 4889 3282 4944 talibus
3313 4888 3476 4944 bonis

1911 4984 2254 5036 collationem
2286 4989 2340 5036 et
2371 4981 2856 5036 contributionem.
2896 4979 2979 5033 Ad
3022 4982 3146 5049 quid
3181 4981 3310 5033 mihi
3341 4979 3474 5032 mul-

1911 5076 2081 5128 titudo
2144 5076 2476 5128 victimarum
2547 5076 2891 5129 vestrarum?
2963 5073 3091 5149 dicit
3168 5073 3472 5126 Durnium:

1907 5169 2089 5236 plenus
2127 5184 2245 5221 sum
2292 5167 2612 5220 holocaustis
2659 5167 2908 5227 arietum,
2957 5175 3006 5218 et
3056 5163 3258 5230 adipem
3306 5177 3471 5231 agno-

1909 5277 2027 5312 runt
2069 5269 2118 5313 ει
2163 5259 2471 5328 sanguinem
2508 5269 2783 5312 taurorum
2811 5267 2860 5311 et
2896 5258 3166 5310 hircorum
3187 5269 3288 5306 non
3314 5252 3469 5306 uolo:

1906 5354 2213 5417 incensum,
2270 5353 2464 5421 inquit,
2519 5352 2838 5406 abominalio
2895 5350 3022 5402 mihi
3076 5359 3152 5402 est
3186 5347 3260 5399 “.
3323 5345 3468 5399 Alibi

1908 5446 2275 5499 immolantem
2296 5445 2520 5499 vituluut
2540 5460 2640 5513 pro
2661 5458 2849 5498 canent
2879 5447 3150 5495 mactante
3167 5444 3380 5506 reputat
3398 5436 3466 5491 ".

1909 5537 1964 5590 Si
1991 5537 2152 5606 igitur
2181 5553 2209 5589 a
2243 5535 2470 5590 Domino
2495 5551 2689 5605 panem
2717 5533 2992 5596 habueris,
3021 5531 3072 5584 id
3094 5540 3199 5594 est,
3219 5544 3281 5583 ex
3301 5529 3468 5596 justis

1909 5627 2210 5688 laboribus,
2251 5628 2376 5681 licet
2406 5629 2503 5682 tibi
2537 5627 2698 5682 etiam
2729 5625 2780 5680 ei
2825 5623 3097 5694 primitias
3127 5621 3195 5676 de
3241 5619 3464 5689 justiti-.1:

1916 5721 2184 5774 fructibus
2215 5720 2429 5776 offerre.

1941 5835 1986 5867 ⁶⁹
2025 5833 2127 5888 lsa.
2167 5850 2320 5898 wa,
2355 5835 2406 5887 3.
