4004 6506
553 378 696 436 “75

1819 385 1876 440 S.
1903 383 2228 442 GREGORII
2269 386 2566 442 NYSSENI

3665 387 3795 440 “76

632 501 868 562 Pulchra
896 511 1076 558 autent
1103 510 1186 558 est
1217 503 1344 558 item
1382 503 1617 573 adiectio
1647 505 1906 562 dictionis
1938 509 2113 563 hodie.

2294 510 2449 580 Καλὴ
2477 510 2533 563 δὲ
2554 510 2648 563 καὶ
2675 511 2706 580 ἡ
2730 509 3010 582 προσθήκη
3035 509 3128 562 τοῦ
3159 509 3443 577 σήμερον.
3481 507 3594 562 Τὸν
3621 507 3794 572 ἀρτίτ-

562 594 763 652 Panem
797 593 964 655 enim,
1017 593 1216 663 inquit,
1271 596 1640 663 quotidianum
1699 599 1771 652 da
1825 599 1972 653 nobis
2029 601 2122 654 ho-

553 688 638 744 die
667 726 680 740 .
735 686 851 738 Alia
894 685 1240 755 philosophia
1294 687 1382 740 hic
1444 704 1625 744 sermo
1667 701 1784 756 est,
1838 703 1898 746 ut
1939 693 2122 749 discas

556 792 651 846 per
685 791 748 831 ea
780 791 902 846 quae
943 777 1082 832 dicis
1106 816 1121 842 ,
1173 779 1319 848 quod
1352 779 1527 833 diaria
1567 796 1634 835 ac
1686 784 2007 850 quotidiana
2050 786 2122 839 sit

554 869 665 923 vita
714 868 973 923 humana.
1025 868 1081 922 ld
1131 871 1279 939 quod
1327 886 1568 940 praesens
1616 881 1702 928 est
1741 875 1944 944 cuique
1994 891 2122 944 pro-

486 1029 503 1036 ‘
556 961 733 1026 prium
767 958 1035 1014 duntaxat
1064 969 1188 1027 est;
1235 961 1404 1014 futuri
1455 978 1758 1033 vero’spes
1807 966 1861 1017 in
1912 967 2122 1020 incerto

555 1061 776 1117 manet;
812 1053 1087 1106 nescimus
1112 1052 1257 1106 enim
1291 1053 1421 1120 quid
1455 1055 1698 1122 paritura
1723 1056 1794 1109 sit
1823 1055 2120 1125 insequens

551 1141 670 1194 dies
691 1142 760 1191 ⁷ο.
782 1141 894 1195 Cur
925 1143 1124 1197 misere
1149 1144 1367 1198 solliciti
1397 1160 1587 1199 sumus
1617 1145 1684 1200 de
1726 1147 1993 1202 incertis?
2024 1163 2123 1202 cur

552 1232 702 1285 euris
735 1232 1044 1288 futurarum
1083 1249 1267 1288 rerum
1299 1235 1589 1304 afﬂigimur
1626 1245 1792 1306 atque
1820 1241 2124 1295 vexamur?

513 1321 775 1390 ,δαμείς
833 1323 1046 1392 inquit,
1097 1325 1202 1379 diei
1242 1343 1342 1380 sua
1392 1327 1648 1397 afﬂictio:
1703 1330 1898 1384 κακίαν
1938 1332 2120 1402 (quod

553 1422 732 1479 sonat,
765 1415 1078 1487 malitiam),
1121 1417 1389 1470 malorum
1441 1419 1754 1486 passionem
1805 1423 2117 1478 nominans.

550 1505 694 1571 Quid
742 1507 965 1561 solliciti
998 1523 1188 1563 sumus
1234 1508 1301 1563 de
1345 1503 1628 1568 ciastino‘l
1671 1511 1876 1568 idcirco
1923 1529 2020 1584 per
2066 1515 2118 1568 id

551 1595 702 1665 quod
734 1597 896 1652 hodie
924 1597 1106 1667 jubet,
1139 1598 1420 1654 interdicit
1454 1601 1553 1654 tibi
1587 1616 1720 1656 cura
1756 1603 1824 1657 de
1852 1605 2117 1669 crastino,

554 1688 948 1757 propemodum
1005 1690 1117 1744 haec
1160 1689 1258 1745 tibi
1308 1705 1405 1760 per
1457 1691 1558 1745 hoc
1599 1693 1826 1747 verbum
1881 1694 2116 1750 dicens:

551 1778 655 1846 Qui
681 1780 826 1834 diem
851 1781 946 1834 tibi
975 1782 1088 1844 dat,
1118 1783 1281 1843 etiam
1308 1797 1373 1836 ea
1408 1797 1527 1852 quae
1567 1783 1633 1837 ad
1673 1784 1815 1838 diem
1843 1786 2119 1854 pertinent

2222 601 2350 672 γὰρ,
2379 603 2530 672 φησὶ,
2552 603 2658 656 τὸν
2681 602 2994 656 ἐπιούσιον
3012 602 3117 666 δὸς
3140 601 3285 669 ἡμῖν
3303 599 3590 668 σήμερον.
3631 599 3794 666 Ἄλλη

2224 690 2510 758 φιλοσοφία
2540 685 2694 754 οὗτος
2719 693 2748 744 ό
2782 691 2937 759 λόγος
2985 690 3163 754 ἐστὶν,
3203 689 3277 750 ὼς
3317 687 3383 741 ἂν
3405 688 3602 758 μάθοις
3625 686 3694 739 δι’
3726 679 3794 738 ὧν

2221 783 2421 852 λέγοις,
2467 784 2549 836 ὃτι
2594 784 2869 854 ἐφήμερός
2906 785 3053 835 ἐστιν
3091 783 3125 852 ὴ
3169 781 3482 852 ἀνθρωπίνη
3525 782 3667 850 ζωή.
3727 782 3795 832 Τὸ

2196 875 2394 945 παρὸν
2425 874 2552 928 ι’διον
2579 875 2793 944 ἑκάστῳ
2827 873 2984 944 μόνον
3008 888 3024 901 ’
3053 874 3086 943 ἠ
3116 872 3172 925 δὲ
3208 870 3302 924 τοῦ
3333 871 3622 941 μέλλοντος
3644 871 3793 932 ἐλπὶς

2221 967 2278 1017 ἐν
2295 966 2471 1036 ἀδήλῳ
2492 966 2668 1035 μένεν
2691 967 2790 1018 οὐκ
2806 965 3024 1035 οίδαμεν
3043 964 3113 1031 γά
3121 981 3151 1035 ρ
3174 963 3228 1016 τί
3248 963 3457 1029 τέξεται
3478 965 3510 1032 ἡ
3543 960 3786 1014 ἐπιοῦσα.

2222 1056 2286 1110 Τί
2328 1055 2914 1126 προσταλαιπωροῦμεν
2956 1054 3098 1124 ὑπὲρ
3144 1052 3253 1105 τῶν
3300 1051 3604 1122 μελλόντων
3636 1067 3794 1120 φρον-

2221 1145 2362 1198 τίσιν
2383 1162 2397 1209 ;
2431 1145 2641 1214 Ὰρκεῒ,
2665 1147 2848 1214 φησὶν,
2882 1143 2956 1211 τῇ
2984 1145 3171 1214 ἡμέρᾳ
3193 1145 3230 1210 ἡ
3251 1142 3428 1196 κακία
3449 1139 3663 1207 αὐτῆς,
3695 1157 3790 1191 κα-

2223 1235 2346 1287 κίαν
2385 1235 2481 1305 τὴν
2518 1236 2886 1288 κακοπάθειαν
2924 1234 3114 1302 λέγων.
3170 1234 3234 1285 Τί
3273 1231 3630 1306 μεμμνῶμεν
3666 1230 3792 1298 περὶ

2219 1327 2320 1396 τῆς
2351 1325 2574 1397 αὖριον;
2610 1327 2709 1380 Διά
2749 1326 2927 1392 τοῦτο,
2969 1326 3036 1378 δι’
3063 1319 3138 1378 ὧν
3174 1326 3236 1378 τὸ
3275 1327 3512 1396 σήμερον
3559 1322 3792 1382 κελεύει,

2220 1418 2550 1488 ἀπαγορεύει
2591 1434 2672 1470 σοι
2713 1416 2811 1486 τὴν
2838 1418 2967 1488 περὶ
3005 1417 3098 1470 τοῦ
3147 1415 3330 1488 αὔριον
3361 1415 3648 1487 φροντίδα.
3703 1430 3795 1482 μο-

2219 1510 2430 1578 νονουχὶ
2456 1508 2622 1562 ταῦτά
2651 1526 2730 1562 σοι
2757 1508 2845 1562 διὰ
2877 1508 2969 1562 τοῦ
3005 1508 3246 1579 ῥήματος
3276 1506 3476 1574 λέγων’
3503 1508 3587 1560 δτι
3619 1505 3677 1558 Ὀ
3700 1505 3795 1572 τὴν

2217 1598 2430 1668 ἡμέραν
2456 1617 2535 1652 σοι
2567 1600 2761 1662 διδοὺς,
2791 1601 2884 1652 καὶ
2910 1599 2977 1652 τά
3009 1601 3089 1662 είς
3109 1599 3208 1668 τὴν
3232 1598 3442 1669 ἡμέραν
3468 1614 3550 1648 σοι
3575 1596 3796 1659 δίδωσις

2219 1690 2316 1751 Τίς
2353 1690 2630 1742 ἀνατέλλει
2670 1694 2760 1744 τὸν
2785 1689 2964 1760 ﬁlio»;
3006 1690 3102 1752 Τίς
3122 1687 3432 1757 ἐξαφανίζει
3464 1687 3568 1756 τῆς
3598 1687 3801 1747 νυκτὸς

2218 1779 2279 1832 τὸ
2317 1781 2501 1843 σκότος
2529 1796 2542 1846 ;
2598 1781 2694 1844 Τίς
2723 1797 2803 1833 σοι
2833 1779 3068 1832 δείκνυσι
3095 1779 3190 1831 τοῦ
3228 1777 3403 1846 φωτὸς
3428 1776 3525 1846 τὴν
3555 1776 3800 1837 ἀκτῖνας

551 1874 667 1926 dat.
703 1870 839 1938 Quis
864 1871 1045 1936 eﬂicit,
1095 1881 1154 1927 ut
1201 1874 1282 1928 sol
1317 1875 1572 1928 oriatur?
1618 1878 1745 1944 quis
1791 1891 2113 1932 evanescere

2218 1871 2313 1935 Τίς
2331 1873 2582 1940 περιάγει
2603 1871 2689 1924 τὸν
2711 1870 2956 1942 οὐρανὸν,
2971 1865 3111 1922 ὥστε
3140 1868 3283 1939 ὑπὲρ
3302 1868 3402 1938 γῆς
3415 1866 3508 1919 τὸν
3525 1866 3805 1935 φωστῆρα

559 1964 690 2017 facit
720 1971 774 2017 et
796 1962 948 2034 fugat
979 1963 1232 2022 tenebras
1283 1965 1504 2018 noctis?
1551 1966 1677 2034 quis
1731 1967 1974 2020 ostendit
2024 1966 2118 2020 tibi

553 2052 766 2106 radium
798 2053 983 2108 lucis?
1021 2054 1145 2122 quis
1191 2053 1516 2122 circumagit
1562 2061 1618 2109 et
1670 2066 1852 2109 versat
1894 2055 2116 2120 coelum,

549 2157 610 2203 ut
640 2161 805 2216 supra
851 2157 1052 2200 terram
1119 2146 1389 2201 luminare
1445 2147 1564 2201 sit?
1616 2148 1720 2213 Qui
1774 2150 1887 2203 haec
1937 2149 2034 2203 tibi
2065 2157 2120 2203 et

551 2251 702 2300 tanta
757 2239 870 2305 dat,
906 2238 1173 2308 numquid
1227 2248 1322 2292 tuo
1369 2254 1508 2308 opus
1558 2239 1724 2294 habet
1779 2239 2004 2303 auxilio,
2059 2250 2119 2294 ut

549 2337 770 2399 praestet
807 2330 959 2383 carni
1009 2337 1116 2383 tua:
1167 2327 1221 2383 id
1273 2329 1420 2399 quod
1472 2332 1780 2385 necessitas
1843 2331 2120 2400 requirit?

551 2421 700 2491 quod
739 2421 894 2476 aﬂ‘ert
921 2422 1162 2477 studium
1207 2422 1418 2476 ratione
1464 2423 1764 2476 carentium
1800 2437 1864 2476 ac
1913 2424 2119 2478 bruto-

549 2527 671 2566 rum
704 2513 1022 2566 animalium
1055 2520 1250 2566 natura
1282 2513 1347 2564 ad
1384 2527 1540 2566 suam
1566 2512 1778 2566 vitam?
1822 2529 1945 2582 quae
1991 2529 2116 2567 cor-

548 2619 744 2657 vorum
778 2618 906 2656 arva
937 2604 1112 2658 sunt?
1139 2619 1262 2674 quae
1289 2603 1596 2672 aquilarum
1656 2605 1849 2659 horrea
1872 2607 1896 2659 ?
1922 2607 2115 2660 Annon

547 2709 659 2748 una
690 2695 944 2755 omnibus
971 2695 1179 2750 victum
1237 2696 1549 2765 suppeditat
1601 2695 1784 2750 divina
1835 2698 2116 2758 voluntas.

544 2801 672 2856 quin
725 2800 812 2840 res
857 2786 1146 2842 universas
1190 2787 1438 2840 continet
1485 2794 1650 2856 atque
1696 2788 2118 2857 complectitur?

547 2875 614 2930 Et
649 2877 748 2931 bos
776 2876 996 2945 quidem
1029 2885 1084 2931 et
1111 2878 1322 2941 asinus,
1357 2886 1452 2932 aut
1486 2877 1706 2946 aliquod
1734 2879 1882 2933 aliud
1913 2880 2116 2933 animal

546 2967 891 3035 irrationale,
922 2979 1118 3040 suapte
1151 2980 1349 3025 natura
1384 2970 1789 3041 philosophiam
1838 2971 2113 3040 cognitam

546 3059 711 3116 habet
752 3069 914 3127 atque
945 3058 1198 3113 edoctum
1256 3067 1381 3124 est;
1439 3066 1602 3127 atque
1662 3059 1714 3113 id
1761 3057 1911 3128 quod
1960 3057 2116 3114 adest

545 3148 674 3204 boni
702 3150 960 3211 consulit,
1016 3151 1362 3220 insequentia
1394 3165 1526 3206 vero
1576 3150 1710 3204 nihil
1756 3157 1956 3204 curat:
2012 3165 2114 3206 nos

545 3249 729 3296 autem
758 3242 1091 3296 consiliariis
1121 3256 1261 3311 opus
1312 3242 1600 3304 habemus,
1633 3251 1692 3295 ut
1740 3241 2114 3312 intelligamus

543 3331 790 3402 fragilem
822 3343 992 3402 atque
1015 3333 1280 3387 caducam
1307 3333 1447 3386 hanc
1474 3340 1528 3386 et
1555 3332 1790 3386 diariam
1819 3333 1963 3397 vitae,
1994 3347 2115 3402 qua:

543 3437 638 3491 per
665 3437 884 3476 carnem
921 3422 1266 3492 transigitur,
1297 3419 1710 3475 conditionem?
1759 3435 1830 3476 an
1869 3435 1978 3476 non
2015 3420 2114 3474 do~

542 3527 733 3567 ceumr
755 3513 987 3566 aliorum
1019 3513 1242 3565 casibus
1263 3511 1286 3564 ?
1307 3525 1377 3564 an
1407 3525 1518 3564 non
1547 3511 1612 3564 ad
1637 3511 1917 3580 pmpriam
1943 3511 2110 3565 vitam

541 3601 949 3658 emendem-ur?
985 3601 1126 3668 Quid
1163 3601 1318 3655 diviti
1353 3602 1429 3654 illi
1464 3601 1671 3670 profuit
1725 3602 1930 3658 multus
1961 3618 2114 3657 com-

540 3702 758 3750 meatus
791 3702 846 3748 et
885 3694 1229 3763 apparatus?
1255 3693 1352 3762 qui
1379 3708 1533 3746 vana:
1565 3694 1680 3762 spei
1714 3693 1915 3748 frustra
1943 3693 2113 3748 inhae-

544 3786 816 3850 rescebat,
850 3793 905 3840 et
936 3784 1208 3849 inhiabat,
1237 3785 1486 3851 diruens,
1529 3785 1844 3839 adificans:
1884 3800 2112 3856 congre-

540 3894 700 3950 gans,
744 3878 907 3948 genio
948 3879 1255 3949 indulgens,
1306 3880 1499 3948 longos
1547 3893 1820 3932 annorum
1873 3879 2111 3933 ambitus

540 3971 658 4041 spei
685 3971 926 4026 vanitate
955 3971 1009 4024 in
1042 3971 1258 4026 horreis
1292 3972 1455 4027 simul
1493 3972 1830 4027 concludens
1857 3973 1881 4024 ?
1927 3988 2110 4027 annon

537 4079 654 4118 una
677 4079 785 4118 nox
821 4064 972 4118 illam
1011 4066 1340 4119 somniatam
1378 4081 1528 4134 spem
1571 4065 1904 4128 confutavit,
1950 4067 2108 4134 quasi

537 4170 738 4210 vanum
775 4154 1050 4224 quoddam
1097 4154 1432 4210 insomnium
1473 4169 1640 4223 super
1674 4170 1732 4209 re
1775 4170 1913 4208 vana
1941 4155 2111 4208 conﬁ-

2221 1964 2506 2032 γενέσθαι;
2551 1967 2579 2018 ὁ
2605 1963 2777 2018 ταῦτά
2811 1980 2893 2016 σοι
2918 1964 3011 2016 καὶ
3031 1961 3100 2015 τὰ
3131 1961 3430 2030 τηλικαῦτα
3457 1959 3655 2021 διδοὺς,
3695 1957 3805 2026 τῆς

2224 2061 2322 2130 σῆς
2353 2059 2459 2130 ἄρα
2503 2057 2693 2129 χρῄζει
2735 2057 3082 2127 συνεργείας⁹
3133 2055 3269 2126 πρὸς
3310 2055 3370 2106 τὸ
3398 2052 3692 2124 πληρῶσαι
3730 2056 3802 2123 τῇ

2223 2153 2384 2225 σαρκί
2424 2168 2517 2204 σου
2551 2151 2612 2201 τὸ
2657 2148 2831 2202 ἐνδέον
2875 2149 2971 2219 τῆς
2994 2138 3215 2219 χρείας;
3277 2147 3440 2200 Ποίαν
3473 2146 3802 2216 εἰσφέρεται

2222 2243 2456 2314 σπουδὴν
2489 2243 2522 2309 ἠ
2561 2241 2669 2294 τῶν
2693 2241 2900 2307 ἀλόγων
2945 2239 3105 2308 φύσις
3145 2238 3279 2309 πρὸς
3303 2237 3404 2308 τὴν
3436 2236 3570 2291 ἰδίαν
3602 2237 3799 2306 ζωήν;

2219 2337 2376 2389 Horat
2403 2333 2512 2387 τῶν
2542 2332 2791 2401 κοράκων
2831 2329 3064 2401 ἄρουραι
3090 2346 3104 2394 ;
3137 2331 3292 2382 Ποίαι
3319 2327 3426 2380 τῶν
3453 2326 3623 2381 ἀετῶν
3649 2328 3802 2379 εἰσιν

2219 2430 2275 2480 αἱ
2304 2425 2612 2494 ἀποθῆκαις
2649 2424 2710 2476 οὐ
2743 2422 2838 2493 μία
2868 2420 3030 2474 πᾶσιν
3057 2423 3203 2474 ἐστιν
3242 2423 3276 2490 ἡ
3308 2420 3401 2472 τοῦ
3430 2417 3527 2485 ζῇν
3549 2419 3802 2489 χορηγία

2221 2520 2280 2572 τὸ
2309 2517 2450 2571 θεῖον
2483 2516 2748 2586 βούλημα,
2779 2507 2826 2582 ᾧ
2850 2515 3260 2584 περικρατεῖται
3289 2511 3356 2564 τά
3392 2510 3564 2563 πάντα
3592 2528 3606 2576 ;
3657 2505 3800 2562 Εἶτα

2221 2611 2344 2683 βοῦς
2375 2611 2492 2682 μὲν,
2522 2610 2555 2679 ἣ
2589 2609 2727 2672 ὄνος,
2759 2608 2791 2678 ἢ
2821 2607 2950 2661 ἀλλο
2963 2623 3015 2659 τι
3043 2606 3154 2658 τῶν·
3173 2604 3382 2672 ἀλόγων
3404 2602 3801 2655 αὐτοδίδακτον

2217 2703 2313 2772 τὴν
2343 2702 2406 2754 ἐκ
2429 2689 2641 2768 φύσεως
2662 2698 2774 2767 ἔχει
2807 2695 3146 2766 φιλοσοφίαψ
3174 2695 3269 2748 καὶ
3301 2694 3362 2746 τὸ
3381 2693 3550 2762 παρὸν
3577 2688 3635 2745 εὖ
3671 2692 3800 2745 δια-

2216 2793 2441 2854 τίθεται,
2485 2789 2592 2843 τῶν
2630 2789 2687 2841 δὲ
2713 2791 2794 2852 είς
2830 2787 2891 2840 τὸ
2935 2787 3061 2857 ἐξῆς
3100 2785 3248 2856 αὐτῷ
3280 2785 3494 2856 φροντὶς
3522 2783 3794 2852 οὐδεμία·

2216 2889 2374 2958 ἡμεῖς
2412 2885 2466 2936 δὲ
2492 2881 2807 2952 συμϐούλων
2835 2881 3063 2950 δεόμεθα
3089 2880 3222 2950 πρὸς
3237 2878 3297 2931 τὸ
3330 2877 3562 2931 συνιέναι
3584 2877 3648 2929 τὸ
3671 2878 3802 2929 ἐπί-

2217 2994 2386 3047 κηρον
2417 2974 2574 3026 τοῦτο
2611 2973 2704 3026 καὶ
2744 2973 3015 3040 ἐφήμερον
3065 2969 3164 3039 τῆς
3204 2966 3346 3022 κατὰ
3385 2969 3559 3037 σάρκα
3602 2966 3797 3035 ζωῆςς

2218 3071 2294 3123 Οὐ
2333 3066 2702 3137 παιδευόμεθα
2737 3067 2848 3127 τοῖς
2883 3062 3182 3132 ἀλλοτρίοις
3219 3059 3655 3130 συμπτώμασινς
3717 3060 3798 3112 Οὐ

2219 3160 2354 3232 πρὸς
2381 3159 2472 3212 τὸν
2497 3157 2623 3210 ῑδιον
2647 3153 3089 3226 σωφρονιζόμεθα
3114 3153 3226 3223 βίον
3252 3169 3266 3217 ;
3303 3153 3366 3205 Τί
3395 3151 3654 3205 ἀπώνατο
3689 3152 3798 3220 τῆς

2221 3252 2419 3322 πολλῆς
2450 3250 2798 3320 παρασκευῆς
2838 3249 3042 3308 ἐκεῖνος
3076 3246 3104 3297 ό
3139 3243 3418 3306 πλούσιος,
3465 3244 3493 3296 ὁ
3521 3247 3642 3306 mi;
3693 3245 3800 3298 ἀν-

2216 3343 2537 3403 υποστάτοις
2576 3339 2785 3393 ἐλπίσιν
2839 3334 3248 3408 ἐμματαιάζων,
3295 3334 3586 3400 καθαιρῶν,
3635 3337 3800 3388 οἰκο-

2214 3433 2412 3504 δομῶν,
2466 3429 2734 3498 συνάγων,
2784 3425 3022 3496 τρυφῶν,
3067 3425 3280 3494 μακρὰς
3326 3425 3460 3477 ἐτῶν
3499 3423 3800 3491 περιόδους

2216 3530 2274 3580 ἐν
2306 3523 2624 3596 ματαιότητι
2655 3519 2760 3573 τῶν
2800 3517 3028 3571 ἐλπίδων
3054 3517 3175 3595 ταῖς
3206 3515 3507 3586 ἀποθήκαις
3543 3531 3797 3568 συναπο-

2215 3619 2406 3671 κλείων
2434 3633 2448 3680 ;
2481 3615 2614 3682 Οὐχὶ
2645 3612 2742 3681 μία
2773 3608 2870 3673 νὺξ
2899 3610 3076 3661 πᾶσαν
3110 3607 3324 3676 ἐκείνην
3353 3608 3456 3675 τὴν.
3499 3608 3793 3676 ὀνειροπο-

2214 3704 2478 3773 λουμένην
2523 3699 2711 3753 ἐλπίδα
2744 3696 3040 3768 διήλεγξεν,
3085 3697 3161 3760 ὡς
3198 3697 3420 3767 μάταιόν
3448 3714 3501 3749 τι
3527 3697 3796 3750 ἐνύπνιον

2215 3797 2306 3851 ἐπὶ
2339 3793 2551 3865 ματαίῳ
2582 3790 3104 3861 συμπεπλασμένον;
3131 3790 3192 3842 'ii
3215 3788 3354 3842 κατά
3376 3788 3436 3840 τὸ
3463 3787 3620 3858 σῶμα
3639 3788 3792 3859 ζωὴ,

2211 3889 2302 3944 τοῦ
2325 3888 2609 3950 ἐνεστῶτός
2631 3887 2746 3938 ἐστι
2765 3885 2942 3955 μόνου·
2979 3882 3086 3953 ἡδὲ
3110 3883 3175 3935 δι’
3193 3881 3401 3944 ἐλπίδος
3417 3882 3789 3950 ἀποκειμένη,

2211 3983 2310 4051 τῆς
2332 3980 2508 4051 ψυχῆς
2541 3980 2686 4031 ἐστιν
2729 3977 2832 4030 ίδία
2861 3993 2876 4009 ⁸
2933 3975 3045 4030 ἀλλ’
3088 3976 3121 4045 ὴ
3163 3973 3269 4028 τῶν
3295 3971 3596 4040 ἀνθρώπων
3624 3972 3792 4028 ἄνοια

2210 4069 2562 4139 διαμαρτάνει
2595 4066 2722 4135 περὶ
2757 4064 2854 4135 τὴν
2887 4064 3146 4136 ἐκατέρου
3181 4063 3392 4134 χρῆσιν,
3421 4062 3519 4133 τὴν
3551 4063 3649 4131 μὲν
3679 4079 3790 4116 σω-

2214 4160 2446 4231 ματικὴν
2474 4159 2616 4230 ζωὴν
2639 4161 2758 4222 ταῖς
2787 4157 2964 4211 ἐλπίσι
3001 4155 3394 4226 παρατείνουσα
3418 4173 3432 4185 ο
3465 4155 3565 4225 τὴν
3596 4155 3652 4208 δὲ
3685 4155 3791 4225 τῆς

538 4247 729 4301 ctum?
756 4246 1035 4316 Corporea
1085 4248 1198 4299 vita
1231 4246 1514 4314 prmsentis
1541 4246 1809 4300 duntaxat
1844 4248 2108 4316 temporis

2215 4250 2384 4319 ψυχῆς
2426 4249 2560 4320 πρὸς
2595 4248 2693 4319 τὴν
2729 4247 2836 4300 τῶν
2884 4247 3164 4317 παρόντων
3211 4245 3506 4300 ἀπόλαυσιν
3550 4245 3792 4313 scabro-
3828 4315 3834 4320 .

538 4347 660 4394 est:
693 4348 750 4392 at
781 4353 904 4408 quae
938 4353 1035 4407 per
1064 4354 1212 4407 spem
1247 4341 1487 4408 reposita
1520 4347 1625 4400 est,
1661 4341 1854 4392 anima:
1886 4340 2106 4409 propria

2215 4342 2381 4412 μένη·
2434 4340 2520 4393 διὰ
2566 4339 2720 4392 τοῦτο
2763 4339 2880 4391 κατ’
2923 4338 3170 4408 ἀνάγκην
3216 4337 3313 4407 τῆς
3351 4335 3522 4405 οὔσης
3574 4353 3633 4388 τε
3689 4337 3788 4388 καὶ

539 4439 624 4484 cst
647 4449 660 4484 :
681 4431 777 4485 sed
800 4431 1084 4483 hominum
1103 4432 1340 4484 amentia
1367 4431 1794 4499 circajudicium
1820 4433 2107 4501 utriusque

2215 4430 2526 4502 ὑφεστώσης
2555 4430 2765 4492 ἐλπίδος
2790 4431 2824 4499 ἡ
2849 4428 2994 4500 ψυχὴ
3020 4430 3147 4499 περὶ
3177 4428 3240 4480 τὸ
3265 4427 3588 4497 φαινόμενον
3611 4429 3787 4499 ἀσχος

538 4523 764 4586 fallitur,
801 4536 1121 4592 corpoream
1153 4521 1378 4590 quidem
1421 4523 1587 4575 vitam
1623 4538 1722 4591 spe
1771 4523 2100 4590 producens,

2215 4522 2439 4593 λουμένη
2465 4519 2836 4592 ἀλλοτριοῦται
2855 4535 2869 4550 ο
2892 4521 3004 4581 τοῖς
3027 4519 3082 4570 δὲ
3103 4518 3353 4579 ἀστάτοις
3375 4516 3464 4568 διὰ
3490 4518 3600 4568 τῶν
3624 4517 3786 4569 ἐλπί-

2215 4616 2237 4625 -
2351 4617 2362 4625 .
2539 4613 2562 4625 ..
2650 4612 2661 4625 .
2819 4609 2840 4625 .
3026 4609 3038 4624 .
3311 4624 3334 4625 η
3357 4624 3364 4625 ,
3403 4624 3408 4625 ί
3452 4607 3470 4625 κ
3546 4624 3553 4625 ί
3588 4607 3599 4620 .
3643 4624 3650 4625 ί

536 4615 731 4667 animae
770 4628 902 4668 vero
932 4613 1098 4667 vitam
1132 4612 1200 4666 ad
1232 4614 1580 4682 praesenti-um
1632 4614 1914 4668 attraheus
1947 4629 2102 4668 usum

2215 4616 2315 4668 δων
2347 4612 2752 4682 ἐπερειδομένη,
2785 4609 2910 4663 οὕτε
2949 4609 3135 4662 τούτου
3179 4607 3513 4677 περικρατὴς
3541 4607 3778 4671 γίνεται,

534 4717 699 4775 atque
730 4704 1042 4762 fruitiouem
1071 4723 1083 4759 :
1125 4714 1409 4776 propterea
1459 4706 1639 4759 anima
1693 4707 2005 4761 necessario
2034 4707 2104 4762 ab

2215 4709 2305 4761 καὶ
2331 4709 2504 4759 ἐκεῖνο
2527 4706 2627 4757 οὐκ
2656 4705 2788 4773 ἔχει.
2817 4701 3160 4773 Διδαχθῶμεν
3196 4701 3372 4753 τοίνυν
3393 4699 3480 4751 διὰ
3506 4699 3608 4767 τῆς
3633 4716 3780 4769 παρ-

533 4815 596 4849 σιιι
648 4812 769 4865 quae
825 4804 878 4849 et
927 4804 1013 4850 est
1057 4805 1112 4850 et
1169 4797 1426 4850 subsistit
1474 4812 1590 4866 spe,
1643 4798 1792 4850 circa
1849 4798 1898 4850 id
1953 4798 2098 4866 quod

2215 4799 2372 4869 ούσης
2401 4796 2725 4868 συμϐουλῆς,
2766 4795 2817 4847 τί
2850 4795 2946 4865 μὲν
2989 4795 3222 4863 σήμερον
3257 4793 3424 4843 αἰτεῖν
3471 4790 3600 4860 χρὴ.
3629 4792 3683 4842 τί
3720 4791 3778 4842 δὲ

531 4896 759 4958 apparet
809 4896 1079 4957 occupata
1139 4891 1450 4942 alienatur:
1507 4890 1854 4946 instabilibus
1917 4901 2097 4942 autem

2215 4895 2283 4955 si;
2314 4892 2556 4962 ὕστερον.
2619 4891 2677 4940 '0
2713 4887 2873 4957 ἄρτος
2910 4887 3008 4956 τῆς
3042 4883 3339 4955 σημερινῆς
3362 4882 3547 4952 χρείας
3577 4885 3728 4935 ἐστίν
3757 4901 3772 4914 ο

532 4995 628 5050 per
657 4994 806 5048 spem
826 4981 1088 5045 innitens,
1117 4996 1299 5049 neque
1327 4982 1491 5050 hujus
1523 4996 1750 5050 compos
1783 4981 1861 5044 fit,
1885 4993 1938 5035 et
1960 4980 2092 5034 illud

531 5087 640 5125 non
672 5071 852 5125 habet.
886 5071 1186 5127 Doceamur
1207 5072 1382 5142 igitur
1400 5089 1496 5143 per
1518 5089 1758 5143 praesens
1780 5073 2094 5138 consilium,

530 5163 662 5232 quid
699 5163 860 5218 hodie
889 5163 1131 5233 quidem,
1161 5167 1293 5236 quid
1322 5168 1450 5222 item
1493 5168 1548 5221 in
1589 5177 1867 5237 posterum
1913 5178 2119 5237 pet-ere

529 5266 801 5324 oporteat.
833 5257 1002 5310 Panis
1040 5257 1318 5312 hodierna!
1349 5260 1697 5313 necessitatis
1723 5264 1778 5314 et
1811 5275 1944 5313 usus
1969 5267 2054 5313 est
2081 5277 2095 5324 ;

530 5363 777 5418 regnum,
811 5347 1167 5404 beatitudinis
1207 5365 1329 5418 quae
1377 5358 1646 5418 speratur.
1676 5349 1878 5404 Panem
1918 5360 2098 5405 autem

528 5453 653 5491 eum
693 5439 848 5504 dicit,
904 5440 1114 5502 onmia,
1163 5455 1284 5511 qua:
1332 5441 1547 5510 corpori
1603 5441 1918 5496 necessaria
1947 5450 2095 5505 sunt,

527 5531 961 5598 comprehendit.
999 5530 1055 5584 Si
1086 5532 1198 5586 haec
1228 5542 1498 5603 petamus,
1532 5536 1879 5603 perspicuum
1920 5535 2088 5590 menti

525 5616 738 5667 orantis
774 5617 878 5671 erit
914 5619 1060 5686 quod
1095 5620 1250 5675 circa,
1276 5636 1392 5675 rem
1427 5621 1804 5692 quotidianam
1845 5640 2086 5695 occupa-

592 5794 636 5825 το
678 5792 836 5847 Prov.
876 5812 1054 5859 χχιιι,
1089 5799 1136 5851 1.

2204 4987 2238 5056 ἡ
2274 4983 2516 5054 βασιλεία
2545 4982 2640 5051 τῆς
2669 4978 3026 5048 ἐλπιζομένης
3063 4975 3458 5047 μακαριότητος
3476 4991 3490 5003 ·
3525 4973 3690 5043 ἄρτον
3716 4976 3774 5027 δὲ

2203 5075 2393 5140 εἰπὼν,
2426 5076 2602 5127 πᾶσαν
2635 5071 2732 5142 τὴν
2775 5067 3086 5139 σωματικὴν
3121 5065 3511 5137 περιλαμϐάνει
3557 5065 3768 5135 χρείαν.

2215 5169 2338 5220 Ἐὰν
2358 5167 2528 5219 ταῦτα
2555 5161 2976 5232 αἰτῶμεν,δῆλον
2994 5160 3146 5211 ἔσται
3170 5161 3234 5229 τῇ
3259 5157 3466 5227 διανοίᾳ
3485 5157 3579 5210 τοῦ
3603 5175 3774 5228 προσ-

2199 5259 2516 5328 ευχομένου,
2548 5257 2628 5308 ὅτι
2677 5253 2807 5323 περὶ
2853 5252 2912 5304 τὸ
2953 5250 3226 5320 ἐφήμερόν
3255 5251 3399 5302 ἐστιν
3439 5251 3472 5317 ὴ
3501 5249 3729 5318 ἀσχολία
3752 5268 3765 5276 ⁵

2200 5350 2294 5402 ἐὰν
2321 5349 2375 5402 δέ
2398 5365 2450 5400 τι
2486 5346 2592 5399 τῶν
2629 5345 2729 5412 τῆς
2761 5343 2937 5413 ψυχῆς
2965 5340 3204 5409 ἀγαθῶν,
3234 5340 3316 5392 ὅτι
3343 5339 3478 5410 πρὸς
3502 5340 3563 5392 τὸ
3590 5341 3768 5408 διηνεο

2199 5440 2292 5502 κές
2313 5457 2372 5491 τε
2406 5439 2498 5491 καὶ
2525 5435 2876 5506 ἀτελεύτητον
2904 5436 2936 5501 ἡ
2969 5433 3180 5502 αἰτησις
3209 5431 3420 5501 βλέπει,
3446 5431 3582 5501 πρὸς
3607 5432 3638 5482 ὃ
3658 5432 3765 5500 μά-

2197 5534 2352 5587 λιστσ.
2384 5529 2592 5583 κελεύει
2622 5530 2748 5591 τοὺς
2774 5525 3107 5597 εὐχομένους.
3130 5525 3258 5595 όρᾷν
3277 5539 3292 5553 ⁸
3343 5523 3418 5588 ὼς
3446 5523 3524 5592 τῷ
3555 5522 3760 5594 μείζονι

2198 5625 2289 5679 καὶ
2327 5624 2424 5693 τῆς
2454 5620 2673 5692 πρώτης
2708 5615 3246 5688 συγκατορθουμένης
3270 5613 3473 5686 χρείας.
3525 5612 3760 5671 Αιτεῖτιι·,
