4004 6476
271 410 413 466 “T7

1195 405 1284 459 DE
1321 401 1670 460 ORATIONE
1705 397 2057 455 DOMINICA.
2087 431 2155 439 —
2193 399 2449 455 ORATIO
2490 397 2551 452 ν.

2409 0 2926 20 ν-ῄ-ππε-τντ
3041 0 3088 2 -ν
3201 7 3312 20 ᾳῌ-

3358 393 3499 447 H78

267 525 428 595 (mat,
462 521 572 591 τὴν
617 521 955 586 βασιλείαν,
1007 519 1102 572 καὶ
1140 517 1241 586 τὴ)
1298 516 1708 580 δικαιοσύνην,
1742 513 1838 566 καὶ

1962 513 2019 567 io
2043 514 2156 568 sit:
2184 513 2272 568 sin
2303 519 2486 567 autem
2515 509 2734 580 aliquod
2765 509 2961 562 anima!
2992 507 3215 566 bonum,
3234 505 3504 576 intellige-

269 615 455 668 ταῦτα
500 613 698 668 πάντα
758 607 1228 679 προστεθήσεται
1273 606 1450 676 ὑμῖν,
1515 607 1572 658 ὲν
1619 603 1838 674 Χριστῷ

269 706 450 775 Ἰησοῦ
477 704 555 776 τῷ
583 701 772 773 Κυρίῳ
802 701 978 772 ἡμῶν,
1017 694 1060 768 ᾧ
1094 702 1128 770 ή
1156 699 1282 763 δόξα
1307 699 1400 751 καὶ
1426 697 1486 750 τὸ
1518 695 1736 767 κράτος,
1760 696 1838 759 είς

268 794 396 858 τοὺς
425 793 626 854 αἰῶνας
652 790 760 844 τῶν
785 787 1014 843 αἰώνων.
1057 787 1250 856 Ἀμήν.

1946 613 2036 658 tur
2083 603 2232 674 quod
2274 603 2466 673 petitio
2493 603 2768 672 pertineat
2812 601 2880 655 ad
2925 615 3038 656 rem
3089 607 3404 667 perpetuam
3450 607 3507 651 et

1943 694 2255 753 inﬁnitam:
2319 715 2432 769 quo
2491 702 2840 771 potissimum
2906 708 3155 770 spectare
3216 707 3506 768 precantes

1937 786 2092 856 jubet
2124 807 2140 843 :
2171 793 2327 858 quasi
2355 808 2462 847 una
2487 809 2610 849 cum
2642 795 2833 865 majori
2867 796 3041 864 prima
3067 807 3284 862 quoque
3315 803 3507 844 neces-

271 889 408 940 sitas
455 892 511 938 et
561 898 695 938 usus
762 878 1102 936 conﬁciatur.
1162 876 1351 940 Petita,
1398 873 1597 943 inquit,
1645 887 1861 941 regnum
1897 885 1948 930 et
1997 878 2296 944 justitiam,
2327 893 2378 937 et
2399 885 2520 938 'htec
2560 886 2736 938 omnia
2767 885 3087 954 adjicientur
3114 884 3256 938 vobis
3288 882 3357 946 ",
3411 895 3507 949 per

271 977 551 1032 Christum
581 969 767 1028 Iesum
804 968 1093 1024 Dominum
1125 976 1391 1029 nostrum,
1421 963 1511 1017 cui
1563 961 1740 1032 gloria
1787 971 1841 1015 et
1877 963 2188 1035 imperium,
2221 970 2278 1024 in
2304 972 2502 1028 saecula
2526 975 2871 1029 saeculorum,
2898 974 3091 1027 Amen,

895 1107 1112 1164 ΛΟῙὊΣ
1154 1107 1228 1160 E'.

279 1232 456 1298 Ἄφες
478 1221 628 1297 ἡμῖν
648 1223 717 1279 τὰ
742 1223 1106 1293 ὀφειλήματα
1127 1223 1314 1286 ἡμῶν.
1340 1216 1532 1282 καθὼς
1552 1203 1653 1268 καῖ
1676 1212 1844 1281 ἡμεῖς

348 1299 601 1352 ἀφίεμεν
655 1294 780 1352 τοῖς
828 1291 1158 1352 ὀφειλέταις
1200 1287 1389 1352 ἡμῶν.
1436 1287 1546 1340 Καὶ
1591 1285 1675 1352 μὴ
1710 1287 1842 1336 εισ-

347 1285 601 1366 ξίφίειῖεν
655 1285 793 1360 τοῖςῖ
828 1285 1178 1361 ὀφεῖλέταιςί
1200 1287 1389 1356 ἡμῶν.
1436 1287 1546 1340 Καὶ
1591 1285 1675 1354 μὴ
1710 1287 1842 1336 εισ-

347 1367 602 1437 ενέγκῃς
626 1362 784 1433 ἡμᾶς
806 1365 900 1437 εἰς
917 1359 1266 1428 πειρασμόν.
1283 1360 1469 1411 Ἀλλὰ
1478 1355 1665 1424 ῥῦσαι
1687 1353 1844 1422 ἡμᾶς

349 1432 470 1492 ἀπό
502 1432 606 1490 τοῦ
639 1432 926 1501 πονηροῦ.

349 1523 519 1582 Ἦλθε
541 1526 741 1597 προῖὼν
762 1527 790 1577 ό
821 1523 975 1592 λόγος
996 1521 1080 1576 ἐπ’
1106 1520 1238 1575 αὐτὸ
1252 1519 1352 1590 τῆς
1374 1517 1573 1590 ἀρετῆς
1591 1515 1652 1569 τὸ
1679 1514 1847 1585 ἀκρό-

278 1637 440 1674 τατον
462 1636 474 1649 ·
504 1617 810 1688 ὑπογράφει
835 1615 943 1686 γάρ
969 1613 1057 1666 διὰ
1083 1610 1190 1663 τῶν
1216 1609 1314 1680 τῆς
1343 1605 1649 1678 προσευχῆς
1674 1602 1850 1674 ῥημάς

277 1728 409 1775 των,
441 1705 550 1763 οἷον
578 1704 715 1761 εἶναι
747 1705 992 1776 βούλεται
1025 1702 1116 1756 τὸν
1142 1699 1221 1770 τῷ
1254 1699 1372 1770 Θεῷ
1395 1696 1847 1768 προσερχόμενον,

279 1803 372 1855 τὸν
419 1800 602 1855 οὐκέτι
629 1797 810 1868 σχεδὸν
843 1798 898 1850 ὲν
931 1791 1276 1863 ἀνθρωπίνης
1315 1789 1525 1857 φύσεως
1561 1788 1708 1858 ὅροις
1737 1785 1848 1837 δει-

2541 1109 2800 1166 ORATIO
2844 1109 2912 1164 ν.

1945 1214 2167 1272 Remitte
2191 1219 2336 1273 nobis
2367 1219 2544 1274 debita
2572 1230 2754 1274 nostra
2773 1261 2788 1287 ,
2817 1221 2954 1274 sicut
2986 1229 3034 1273 et
3063 1236 3158 1273 nos
3189 1219 3504 1274 remittimus

2013 1287 2332 1342 debitoribus
2368 1293 2582 1344 nostris.
2612 1289 2678 1343 Et
2705 1308 2766 1343 ne
2795 1308 2888 1344 nos
2920 1290 3136 1344 inducas
3168 1291 3223 1342 in
3258 1289 3505 1342 tentatio-
3575 1313 3590 1334 ε.

2017 1373 2152 1411 nent.
2192 1356 2294 1412 Sed
2323 1360 2488 1414 libera
2520 1377 2613 1414 nos
2644 1378 2675 1413 a
2709 1362 2872 1415 malo.

2017 1511 2383 1584 Progredicns
2439 1531 2617 1571 sermo
2662 1517 2811 1571 venit
2858 1515 2926 1570 ad
2981 1516 3158 1585 ipsum
3202 1521 3502 1569 extremum

1948 1615 2209 1674 punctum
2243 1607 2499 1668 virtutis;
2537 1609 2840 1678 praescribit
2871 1609 3019 1663 enim
3055 1622 3150 1676 per
3183 1608 3345 1661 verba
3377 1621 3504 1659 ora-

1948 1698 2112 1754 tionis
2143 1700 2358 1768 qualem
2405 1701 2535 1754 velit
2574 1714 2701 1755 esse
2746 1715 2870 1754 eum
2912 1699 3005 1767 qui
3032 1698 3100 1752 ad
3131 1697 3294 1753 Deum
3326 1713 3509 1753 acces-

1949 1803 2112 1844 surus
2133 1791 2232 1852 sit,
2252 1792 2343 1861 qui
2368 1793 2754 1862 propemodum
2778 1805 2888 1845 non
2913 1789 3146 1859 amplius
3172 1789 3309 1842 intra
3332 1793 3510 1842 termi-

283 1894 567 1963 κνύμενον,
594 1865 708 1944 ἀλλ’
738 1886 884 1957 αὐτῷ
913 1884 989 1955 τῷ
1014 1881 1134 1953 Θεῷ
1166 1880 1255 1935 διὰ
1282 1881 1379 1950 τῆς
1408 1879 1605 1949 ἀρετῆς
1635 1874 1851 1946 ὁμοιού-

1962 1898 2054 1937 nos
2085 1883 2336 1937 liumanae
2366 1893 2578 1938 natura:
2603 1882 2998 1951 conspiciatur,
3024 1879 3118 1935 sed
3148 1879 3250 1948 ipsi
3277 1877 3384 1932 Deo
3415 1891 3511 1947 per

285 2001 448 2056 μενον
472 1999 485 2014 ο
515 1982 654 2036 ὥστε
686 1980 861 2033 δοκεῖν
883 1977 1038 2031 ἄλλον
1085 1975 1290 2027 ἐκεῖνον
1317 1967 1456 2024 εἶναι
1481 1971 1539 2021 ὲν
1579 1966 1657 2037 τῷ
1681 1966 1852 2020 ταῦτα

280 2076 456 2128 ποιεῖν
481 2112 498 2136 ,
530 2071 566 2126 ἃ
600 2070 693 2124 τοῦ
722 2069 856 2124 Θεοῦ
891 2068 1052 2138 μόνου
1098 2063 1215 2118 ἐστὶ
1251 2064 1441 2116 ποιεῖν.
1477 2059 1543 2113 Ἦ
1586 2059 1694 2130 γάρ
1743 2055 1854 2111 τῶν

280 2164 612 2236 ὀφλημάτων
636 2164 827 2231 ἄφεσις
848 2203 864 2228 ,
893 2160 1019 2213 ἴδιόν
1047 2160 1162 2210 ἐστι
1195 2155 1291 2208 τοῦ
1331 2153 1464 2208 Θεοῦ
1507 2152 1600 2206 καὶ
1647 2150 1854 2221 ἐξαίρε-

281 2273 376 2310 τον
407 2271 421 2284 ·
475 2253 690 2327 εἴρηται
741 2253 887 2324 γάρ,
943 2251 1023 2303 ὅτι
1079 2246 1287 2312 Οὐδείς
1323 2243 1570 2298 δύναται
1619 2241 1855 2310 ἀφιέναι

282 2346 573 2417 ἁμαρτίας
598 2387 613 2411 ,
647 2346 699 2398 εί
742 2344 828 2414 μὴ
855 2343 1044 2412 μόνος
1075 2343 1107 2394 ὁ
1155 2340 1317 2404 Θεός.
1365 2337 1429 2390 Ei
1477 2335 1651 2388 τοίνυν
1682 2351 1764 2397 τις
1796 2333 1854 2383 ὲν

282 2439 365 2509 τῷ
397 2439 513 2509 ίδίῳ
541 2437 640 2508 βίῳ
667 2437 971 2506 μιμήσαιτο
1005 2436 1103 2503 τῆς
1137 2431 1282 2494 θείας
1319 2428 1532 2498 φύσεως
1561 2427 1628 2479 τά
1660 2425 1856 2495 γνωρί-

286 2547 470 2601 σματα
492 2568 508 2592 ,
535 2530 708 2581 ἐκεῖνο
747 2527 951 2595 γίνεται
995 2523 1194 2596 τρόπον
1221 2521 1342 2574 τινὰ
1366 2561 1380 2579 .
1406 2513 1466 2572 οὗ
1498 2517 1593 2588 τὴν
1626 2517 1855 2587 μίμησιν

283 2621 536 2694 ἐναργῶς
560 2619 874 2684 ἐνεδείξατο.
907 2618 973 2670 Τί
1005 2613 1096 2670 οὖν
1126 2614 1364 2668 διδάσκει
1399 2615 1428 2666 6
1453 2611 1660 2679 Λόγος;
1696 2609 1856 2680 Πρῶ-

284 2732 378 2767 τον
405 2714 494 2766 διὰ
513 2711 622 2765 τῶν
653 2711 827 2781 ἔργων
855 2709 951 2780 τὴν
980 2706 1288 2780 παρρησίαν
1319 2704 1501 2758 λαϐεῖν
1521 2743 1536 2768 ,
1573 2703 1666 2756 καὶ
1687 2700 1857 2765 οὕτως

287 2805 624 2875 άμνηστείαν
660 2803 748 2856 διὰ
773 2801 882 2856 τῶν
931 2817 1060 2854 ποτε
1102 2796 1582 2870 πλημμελημάτων
1631 2795 1854 2864 αἰτήσα-

290 2895 436 2950 σθαι.
465 2892 650 2947 Ταῦτα
693 2891 802 2963 γάρ
829 2891 1084 2961 ἄντικρυς
1133 2889 1262 2958 ἡμῖν
1289 2886 1592 2954 διαλέγεται
1621 2887 1688 2954 τῇ
1720 2899 1859 2952 παρ-

285 2986 426 3057 ούσῃ
473 2986 622 3054 φωνῇ
643 3023 658 3047 ,
700 2983 780 3036 ὅτι
808 2983 836 3034 6
861 2979 942 3052 τῷ
966 2979 1230 3050 εὐεργέτῃ
1262 2975 1502 3048 προσιὼν
1521 3015 1536 3040 ,
1563 2974 1859 3044 εὐεργέτης

289 3079 465 3131 Eatur
500 3079 529 3130 6
557 3076 636 3146 τῷ
663 3073 881 3144 ἀγαθῷ,
911 3072 1110 3141 ἁγαθός
1128 3086 1141 3098 '
1181 3072 1211 3122 6
1241 3070 1319 3140 τῷ
1364 3067 1555 3138 δικαίῳ
1575 3107 1590 3130 ,
1618 3067 1820 3128 δίκαιος
1840 3079 1855 3095 ⁶

1952 1973 2206 2027 virtutem
2251 1973 2606 2037 assimiletur,
2645 1983 2699 2026 ut
2740 1973 2884 2026 alius
2923 1970 3017 2024 ille
3054 1970 3168 2038 ipse
3211 1968 3346 2022 deus
3387 1983 3510 2022 esse

1952 2061 2219 2126 videntur,
2250 2061 2379 2116 dum
2425 2062 2555 2117 facit
2596 2077 2658 2116 ea
2696 2076 2818 2132 qua
2856 2060 2948 2115 Dei
2985 2061 3157 2114 solius
3185 2066 3270 2113 est
3308 2057 3510 2110 facere.

1955 2151 2272 2208 Debitorem
2311 2155 2459 2208 enim
2507 2153 2756 2209 remissio
2801 2152 3080 2221 proprium
3133 2162 3197 2203 ac
3242 2147 3515 2218 peculiare

1955 2240 2048 2298 Dei
2081 2259 2280 2298 munus
2308 2251 2362 2298 et
2391 2243 2625 2298 cilicium
2654 2252 2738 2298 est
2763 2260 2776 2297 :
2809 2241 3018 2295 dictum
3041 2247 3126 2295 est
3158 2239 3303 2294 enim
3322 2277 3336 2302 ,
3369 2237 3515 2307 quod

1957 2334 2124 2389 Nemo
2153 2345 2319 2404 potest
2350 2324 2609 2389 remittere
2635 2345 2868 2404 peccata,
2896 2333 3001 2387 nisi
3026 2333 3170 2386 solus
3198 2331 3338 2385 Deus
3363 2332 3429 2384 ".
3457 2329 3519 2383 Si

1955 2429 2079 2495 quis
2107 2426 2271 2495 igitur
2305 2427 2358 2479 in
2392 2441 2493 2479 sua
2528 2427 2634 2478 vita
2664 2424 2860 2477 divinae
2886 2433 3098 2476 naturae
3121 2419 3357 2490 insignia
3390 2419 3516 2472 imi-

1958 2527 2122 2582 tetnr,
2161 2518 2295 2572 illud
2327 2520 2503 2588 ipsum
2545 2515 2948 2587 quodammodo
2999 2513 3094 2578 ﬁt,
3144 2512 3303 2581 cujus
3350 2511 3405 2564 in
3459 2523 3518 2564 se

1957 2608 2224 2663 evidentia
2259 2609 2549 2663 simulacra
2598 2615 2765 2676 atque
2805 2605 3141 2658 imitamenta
3190 2600 3518 2656 ostenderit.

1958 2699 2098 2767 Quid
2129 2701 2291 2771 igitur
2323 2698 2511 2754 Sermo
2544 2696 2745 2752 docet?
2774 2703 2832 2749 ut
2866 2695 3100 2764 primum
3132 2707 3226 2764 per
3259 2707 3424 2763 opera
3454 2692 3522 2744 tl-

1957 2794 2172 2848 duciam
2223 2807 2506 2846 sumamus
2526 2829 2545 2854 ,_
2588 2799 2751 2860 atque
2802 2788 2882 2840 ita
2924 2785 3272 2839 abolitionem
3317 2792 3372 2839 et
3418 2783 3518 2836 im-

1959 2887 2257 2957 punitatem
2327 2897 2515 2948 eorum
2577 2897 2698 2952 quae
2755 2879 3048 2950 aliquando
3110 2876 3525 2948 peccaverimus

1923 3029 1930 3040 ι
1961 2988 2226 3048 petamus.
2265 2975 2387 3029 llaec
2414 2975 2561 3029 enim
2594 2975 2754 3043 piane
2782 2973 3068 3026 nobiscum
3105 2967 3361 3039 praesenti
3389 2981 3525 3020 vote

1961 3071 2222 3140 loquitur,
2272 3069 2529 3122 nimirum
2565 3067 2661 3136 qui
2708 3065 2772 3120 ad
2824 3063 3226 3119 benefactorem
3275 3057 3522 3118 accedit,

291 3168 615 3235 άνεξίκακός
649 3183 710 3218 τε
752 3164 830 3235 τῷ
877 3163 1210 3232 ἀνεξικάκῳ·
1242 3161 1336 3214 καὶ
1375 3158 1455 3229 τῷ
1495 3155 1859 3228 φιλανθρώπῳ

1963 3160 2279 3216 benefactor
2310 3168 2475 3215 esto:
2514 3159 2609 3227 qui
2655 3156 2720 3211 ad
2770 3156 3006 3218 bonum,
3055 3154 3265 3214 bonus,
3313 3148 3406 3218 qui
3456 3147 3529 3201 ad

292 3258 486 3329 φιλάνο
496 3273 674 3330 ρωπος
697 3273 709 3287 ·
743 3257 835 3309 καὶ
859 3254 930 3308 τά
953 3253 1085 3308 ἄλλα
1114 3252 1290 3306 πάντα
1311 3251 1587 3314 ὡσαύτως,
1622 3249 1700 3320 τῷ
1727 3266 1861 3318 χρη-

294 3351 407 3423 στῷ
446 3368 506 3403 τε
553 3350 648 3405 καὶ
690 3350 920 3402 ἐπιεικεῖ
967 3346 1061 3400 καὶ
1120 3342 1452 3416 μεταδοτικῷ
1483 3342 1592 3395 τῶν
1617 3341 1858 3408 ἀγαθῶν,

292 3446 391 3499 καὶ
423 3445 587 3496 παντὶ
619 3442 709 3495 τὸν
731 3441 878 3494 ἔλεον
911 3439 1159 3510 νέμοντι,
1189 3437 1284 3491 καὶ
1312 3435 1366 3488 ei
1391 3453 1444 3489 τι
1472 3433 1602 3506 περὶ¹
1629 3433 1690 3485 τὸ
1711 3431 1862 3484 Θεῖον

292 3540 510 3610 ὁρᾶται,
539 3535 674 3606 πρὸς
701 3534 928 3587 ἕκαστον
951 3530 1038 3585 διὰ
1064 3532 1162 3600 τῆς
1187 3526 1557 3598 προαιρέσεως
1579 3522 1862 3594 ὁμοιούμε-

294 3647 428 3696 νος,
476 3628 648 3690 οὕτως
685 3624 861 3695 ἐαυτῷ
910 3623 1008 3695 τὴν
1058 3626 1159 3693 τῆς,
1203 3620 1505 3692 προσευχῆς
1554 3615 1863 3687 παρρησίαν

299 3718 705 3794 περιποιείσθω.
736 3718 824 3780 Ὠς
849 3712 940 3769 οὖν
970 3715 1070 3768 οὐκ
1095 3715 1238 3766 ἔστιν
1261 3711 1384 3765 οὔτε
1415 3709 1648 3780 πονηρὸν
1677 3707 1865 3776 ἀγαθῷ

297 3811 816 3886 προσοικειωθῆναι,
854 3805 976 3859 οὔτε
1002 3807 1093 3859 τὸν
1123 3808 1180 3858 ὲν
1223 3804 1549 3873 ἀκαθάρτοις
1592 3800 1866 3869 λογισμοῖς

298 3904 712 3974 κυλινδούμενον
754 3899 890 3970 πρὸς
919 3899 1012 3951 τὸν
1043 3895 1280 3966 καθαρὸν
1319 3894 1412 3948 καὶ
1451 3894 1722 3963 ἀκήρατον
1755 3908 1868 3943 κοι-

297 3999 498 4053 νωνίαν
534 3997 676 4068 ἔχειν
699 4011 715 4028 ⁸
761 3995 903 4048 οὕτω
927 3993 1149 4064 χωρίζει
1185 3991 1284 4060 τῆς
1325 3985 1729 4056 φιλανθρωπίας
1771 3983 1866 4037 τοῦ

298 4091 441 4146 θεοῦ
469 4130 485 4153 ,
508 4090 602 4143 τοῦ
648 4087 963 4159 προσιόντος
982 4085 1222 4154 άπήνεια
1252 4081 1467 4150 ἑαυτήν.
1513 4079 1570 4132 '0
1591 4077 1767 4130 τοίνυν
1811 4077 1868 4127 ὲν

302 4183 502 4253 πικρία⁴
537 4181 780 4251 κατέχων
807 4179 948 4249 ὑπὲρ
980 4176 1086 4229 τῶν
1122 4171 1499 4243 ὀφειλημάτων
1522 4169 1613 4222 τὸν
1651 4168 1870 4238 ὑποχεί-

304 4295 421 4349 ριον
440 4315 459 4338 ι
487 4275 577 4328 διὰ
617 4268 717 4326 τοῦ·
745 4272 876 4325 ίδίου
907 4271 1104 4342 τρόπον
1144 4269 1244 4337 τῆς
1285 4264 1438 4326 θείας
1464 4261 1870 4333 φιλανθρωπίας

301 4367 496 4423 ἑαυτὸν
525 4363 887 4434 άπεσχοίνισε.
923 4361 1018 4422 Τίς
1066 4358 1174 4429 γάρ
1202 4354 1454 4411 κοινωνία
1497 4352 1872 4424 φιλανθρωπίᾳ

301 4476 363 4514 τε
399 4458 496 4512 καλ⁸
518 4457 780 4528 ὠμότητι,
802 4454 896 4507 καὶ
922 4453 1232 4521 ἀγαπητικῇ
1261 4450 1496 4503 διαθέσει
1526 4449 1662 4520 πρὸς
1681 4448 1870 4518 ἀγριό-

1955 3253 2202 3323 justum,
2228 3253 2410 3321 justus
2430 3291 2446 3314 ,
2476 3251 2688 3321 patiens
2717 3249 2844 3303 item
2877 3262 2941 3302 ac
2973 3246 3148 3306 tenis.
3197 3243 3292 3312 qui
3336 3243 3400 3295 ad
3451 3241 3532 3293 lc-

1960 3360 2084 3399 nem
2129 3358 2192 3397 ac
2240 3343 2534 3413 patientem
2576 3354 2901 3395 accessurus
2947 3337 3062 3402 sit;
3109 3333 3179 3388 ad
3227 3334 3528 3388 humanum

1961 3439 2234 3492 humanus
2262 3455 2274 3491 :
2305 3445 2360 3490 et
2391 3435 2576 3488 itidem
2613 3433 2666 3486 in
2697 3431 2912 3487 caeteris
2944 3429 3235 3492 omnibus,
3271 3425 3338 3478 ad
3374 3424 3530 3478 beni-

1961 3545 2127 3599 gnum
2149 3569 2164 3592 ,
2195 3528 2260 3582 ad
2293 3527 2526 3597 probum
2551 3525 2929 3580 et-Itumannm
2950 3561 2965 3584 ,
2996 3533 3209 3589 aequum
3232 3557 3248 3583 ,
3279 3516 3534 3570 lubenter

1963 3621 2092 3675 item
2121 3620 2260 3672 bona
2285 3617 2774 3672 mmmanicantem
2801 3621 2856 3668 et
2878 3611 3278 3682 impartientem
3298 3646 3312 3671 ,
3339 3615 3396 3661 et
3415 3606 3532 3658 cui-

1967 3711 2094 3765 libet
2141 3708 2573 3764 misericordiam
2621 3707 2984 3769 tribuentem,
3024 3711 3078 3757 et
3118 3702 3164 3756 si
3206 3700 3334 3770 quid
3382 3696 3532 3750 aliud

1966 3804 2113 3857 circa
2144 3800 2352 3856 Numen
2388 3800 2633 3855 divinum
2667 3798 2934 3858 cernitur,
2969 3793 3034 3848 ad
3068 3807 3238 3847 unum
3271 3790 3534 3861 quodque

1967 3896 2134 3949 animi
2165 3894 2249 3948 sui
2283 3893 2564 3963 proposito
2605 3906 2728 3945 sese
2774 3887 3086 3942 assimilatas
3128 3892 3184 3938 et
3221 3895 3534 3937 aeeotmuo-

1967 3986 2144 4048 dans,
2174 3985 2247 4038 ita
2279 3983 2382 4038 sibi
2409 3981 2620 4035 aditum
2641 3990 2804 4050 atque
2833 3977 3086 4031 ﬁduciam
3115 3973 3386 4028 orationis
3409 3986 3536 4025 con-

1968 4079 2135 4135 ﬁciat.
2171 4077 2238 4132 Ut
2262 4077 2428 4146 igitur
2457 4075 2573 4128 ﬁeri
2604 4088 2712 4126 non
2740 4077 2916 4142 potest
2951 4077 3011 4122 ut
3051 4067 3134 4121 vel
3182 4066 3360 4120 malus
3390 4065 3540 4118 bono

1969 4167 2416 4231 concilietur,vel
2441 4169 2488 4221 is
2515 4166 2606 4236 qui
2641 4165 2695 4218 in
2726 4162 2954 4232 impuris
2975 4156 3394 4230 cogitationibus
3416 4169 3538 4208 ver-

1971 4271 2124 4317 satur
2159 4275 2281 4314 cum
2321 4273 2458 4329 puro
2505 4267 2666 4325 atque
2701 4256 2912 4323 integro
2941 4247 3392 4306 consuetudinem
3439 4245 3540 4300 ha-

1972 4355 2096 4409 beat
2120 4371 2132 4406 :
2167 4353 2240 4406 ita
2271 4351 2479 4406 saevitia
2504 4348 2812 4403 accedent-is
2838 4347 3072 4415 seipsam
3101 4343 3170 4396 ab
3200 4339 3538 4395 humanitate

1975 4445 2070 4501 Dei
2094 4445 2350 4515 seiungit.
2379 4443 2483 4510 Qui
2513 4458 2642 4512 ergo
2668 4442 2971 4496 debitorum
2997 4436 3216 4491 nomine
3241 4431 3538 4488 obnoxium

301 4568 443 4622 τητα
469 4567 486 4615 ;
509 4522 602 4602 καὶ
626 4522 701 4602 τά⁷
732 4545 893 4600 λοιπά
919 4547 1020 4599 ὅσα
1049 4546 1112 4598 ὲκ
1139 4545 1232 4596 τοῦ
1269 4543 1509 4596 ἐναντίου
1548 4545 1614 4613 τῇ
1651 4543 1785 4613 πρὸς
1813 4541 1862 4594 τὲ

1974 4546 2030 4593 et
2054 4537 2355 4605 obligatum
2380 4534 2575 4587 acerbe
2617 4530 2858 4592 detinet,
2891 4526 3010 4582 suis
3055 4522 3298 4577 moribus
3340 4534 3405 4573 ac
3447 4533 3538 4572 ra-

303 4641 475 4695 κακὸν
517 4639 784 4694 ἀντιθέσει
815 4639 1011 4691 νοεῖται
1037 4674 1052 4699 ,
1084 4629 1160 4688 ὧν
1197 4635 1424 4705 ἄμικτος
1455 4635 1486 4704 ἡ
1516 4633 1820 4701 ἐναντιότης
1853 4647 1868 4662 ο

302 4734 391 4801 ἐφ’
415 4726 490 4786 ὧν
513 4732 541 4783 ό
562 4730 638 4801 τῷ
671 4730 751 4782 ἐνὶ
775 4703 1248 4798 κατειλημμένος
1278 4725 1372 4778 τοῦ
1389 4703 1634 4778 όναντίου
1656 4726 1874 4787 πάντως

303 4825 631 4894 ἀφώρισται.
675 4821 763 4883 Ὡς
809 4820 917 4889 γάρ
947 4822 984 4872 ό·
1007 4823 1066 4871 ὲν
1097 4817 1175 4887 τῷ
1210 4816 1422 4886 θανάτῳ
1461 4815 1748 4885 γενόμενος
1768 4856 1783 4877 ,
1813 4816 1872 4868 ὲν

303 4916 418 4985 ζωῇ
445 4913 545 4967 οὐκ
572 4911 719 4964 ἔστιν
742 4926 756 4939 ·
786 4911 879 4962 καὶ
899 4910 932 4961 6.
953 4908 1053 4977 τῆς
1085 4907 1230 4977 ζωῆς
1261 4906 1502 4977 μετέχων
1526 4904 1619 4958 τοῦ
1642 4904 1871 4957 θανάτου

304 5007 635 5078 κεχώρισται
657 5020 672 5034 ⁸
701 5002 873 5064 οὕτως
902 5001 1111 5070 ἀνάγκη
1159 5001 1308 5052 πᾶσα
1332 4999 1424 5051 τὸν
1462 4999 1528 5068 τῇ
1574 4995 1876 5068 φιλανθρω-

305 5101 408 5170 πίᾳ
435 5096 527 5150 τοῦ
558 5095 691 5150 Θεοῦ
727 5095 1038 5168 προσιόντα,
1074 5092 1255 5161 πάσης
1283 5091 1545 5159 ἀπηνείας
1578 5089 1733 5151 ἐκτὸς
1779 5105 1876 5156 γε-

304 5191 513 5244 νέσθαι.
557 5189 614 5242 '0
658 5187 714 5241 δὲ
761 5187 917 5250 ὲκτὸς
950 5185 1166 5238 πάντων
1194 5183 1302 5236 τῶν
1356 5185 1414 5235 ὲν
1446 5181 1614 5252 κακίᾳ
1657 5180 1880 5250 νοουμέ-

306 5299 415 5337 νων
449 5280 738 5349 γενόμενος
764 5317 780 5343 ,
811 5277 944 5342 Θεὸς
990 5277 1189 5347 τρόπον
1219 5275 1338 5328 τινά
1375 5274 1462 5328 διὰ
1487 5275 1585 5343 τῆς
1625 5271 1879 5342 τοιαύτης

304 5370 472 5436 ἕξεως
505 5370 732 5438 γίνεται,
761 5370 936 5421 ὲκεῖνο
957 5365 1304 5437 κατορθώσας
1327 5363 1526 5434 ἐαυτῷ,
1560 5363 1589 5416 ὃ
1617 5362 1745 5436 περ).
1776 5362 1877 5432 τὴν

230 5491 237 5500 -
306 5463 460 5516 θείαν
486 5460 649 5529 φύσιν
675 5461 705 5512 6
750 5459 906 5528 λόγος
953 5457 1157 5529 βλέπει.
1198 5457 1361 5527 Ὁρᾷς
1387 5457 1468 5520 εἰς
1494 5456 1617 5508 ὅσον
1652 5453 1877 5522 μέγεθος
1982 5461 1994 5514 i

306 5555 434 5625 ὑψοί
456 5557 582 5618 τοὺς
607 5553 902 5615 ἀκούοντας
925 5553 1013 5608 διὰ
1036 5553 1143 5606 τῶν
1164 5552 1265 5622 τῆς
1287 5550 1591 5622 προσευχῆς
1619 5547 1880 5620 ῥημάτων

305 5652 336 5702 6
371 5647 606 5718 Κύριος,
642 5645 959 5699 μεταϐαλὼν
1001 5645 1202 5698 τοόπον
1241 5644 1362 5698 τινὰ
1391 5643 1491 5697 τὶν
1528 5639 1871 5711 ἀνθρωπίνην

382 5827 423 5856 ⁷⁸
471 5823 659 5879 Matth.
699 5841 787 5892 vl,
825 5825 934 5889 33;
970 5821 1100 5878 an.
1137 5839 1244 5887 xu,
1279 5822 1366 5876 51.
1445 5822 1486 5852 ⁷²
1529 5820 1660 5875 an.
1696 5837 1745 5885 ν,
1779 5820 1865 5872 2|.

1972 4631 2119 4685 tione
2166 4628 2293 4682 iacti
2331 4626 2452 4689 sui,
2483 4625 2552 4678 ab
2585 4621 2920 4677 humanitate
2949 4618 3131 4672 divina
3171 4615 3412 4682 seipsum
3444 4626 3534 4664 se-

1973 4732 2132 4795 parat
2153 4731 2315 4792 atque
2338 4718 2593 4789 seiungit.
2616 4715 2746 4782 Quae
2768 4715 2912 4768 enim
2943 4711 3186 4766 societas
3206 4700 3535 4760 hunmnitstii

1974 4833 2096 4872 cum
2128 4814 2484 4874 crudelitate,
2515 4819 2568 4864 et
2598 4806 2908 4863 dilectionis
2942 4798 3217 4857 aﬂ‘ectioni
3250 4813 3373 4852 cum
3410 4795 3538 4848 fori-

1971 4908 2127 4975 tate?
2154 4908 2281 4961 item
2314 4907 2366 4958 in
2398 4902 2620 4971 reliquis
2645 4939 2658 4961 ,
2691 4912 2811 4967 qua?
2855 4912 2921 4952 ex
2963 4891 3245 4949 contrario
3268 4929 3282 4951 ,
3327 4885 3542 4956 opposi-

1974 5002 2122 5055 tione
2175 4997 2301 5051 mali
2354 4995 2531 5058 facta,
2585 4991 3005 5060 intelliguntur:
3059 4995 3292 5054 quarunt
3351 4991 3534 5031 rerum

1975 5092 2335 5149 contrarietas
2385 5085 2722 5142 insociabilis
2769 5091 2886 5145 est,
2916 5093 3148 5150 quarum
3195 5089 3302 5128 una
3353 5069 3534 5136 aliqua

1974 5191 2258 5252 correptus
2299 5194 2332 5232 a
2377 5177 2649 5233 contra-ria
2693 5188 2920 5244 promus
2960 5174 3274 5238 segregatus
3316 5169 3423 5214 est.
3470 5155 3539 5211 Ut

1976 5247 2256 5330 enim-ilic
2296 5269 2389 5342 qui
2429 5276 2657 5324 mortem
2689 5265 2824 5319 obiit
2852 5265 2907 5316 ιιι
2937 5262 3047 5313 vita
3075 5271 3183 5310 non
3208 5260 3290 5307 est
3316 5269 3328 5304 :
3359 5255 3413 5303 et
3441 5247 3538 5315 qui

1985 5551 2076 5606 vei
2103 5563 2427 5606 accessurus
2453 5546 2558 5609 sit,
2587 5543 2656 5598 ab
2685 5539 2836 5596 omni
2871 5534 3076 5592 saevitia
3108 5531 3346 5584 alienum
3392 5538 3534 5577 esse.

1979 5643 2046 5698 At
2071 5643 2161 5713 qui
2189 5640 2430 5697 omnium
2455 5649 2640 5691 carum
2673 5645 2850 5686 rerum
2887 5639 3006 5697 (pun
3045 5635 3136 5692 per
3171 5617 3444 5690 malitiam
3475 5628 3540 5669 ac
