  <div class='ocr_page' id='page_1' title='image "/cluster/home/n/w/nwhite01/storage/ocr_20150623/44/hvd.32044012542270/599.png"; bbox 0 0 4004 6522; ppageno 0'>
   <div class='ocr_carea' id='block_1_1' title="bbox 561 383 698 440">
    <p class='ocr_par' dir='ltr' id='par_1_1' title="bbox 561 383 698 440">
     <span class='ocr_line' id='line_1_1' title="bbox 561 383 698 440; baseline -0.015 0"><span class='ocrx_word' id='word_1_1' title='bbox 561 383 698 440; x_wconf 77' lang='lat' dir='ltr'><strong>H79</strong></span> 
     </span>
    </p>
   </div>
   <div class='ocr_carea' id='block_1_2' title="bbox 1919 393 3718 482">
    <p class='ocr_par' dir='ltr' id='par_1_2' title="bbox 1919 393 3718 482">
     <span class='ocr_line' id='line_1_2' title="bbox 1919 393 3718 482; baseline 0.005 -32"><span class='ocrx_word' id='word_1_2' title='bbox 1919 393 2244 452; x_wconf 70' lang='lat' dir='ltr'><strong>cnsoonn</strong></span> <span class='ocrx_word' id='word_1_3' title='bbox 2283 396 2570 482; x_wconf 67' lang='lat' dir='ltr'><strong>NYSSENI</strong></span> <span class='ocrx_word' id='word_1_4' title='bbox 3615 408 3718 460; x_wconf 77' lang='lat' dir='ltr'><strong>ttsu</strong></span> 
     </span>
    </p>
   </div>
   <div class='ocr_carea' id='block_1_3' title="bbox 557 495 2131 586">
    <p class='ocr_par' dir='ltr' id='par_1_3' title="bbox 557 500 2120 579">
     <span class='ocr_line' id='line_1_3' title="bbox 557 500 2120 579; baseline 0.006 -24"><span class='ocrx_word' id='word_1_5' title='bbox 557 500 906 556; x_wconf 85' lang='lat' dir='ltr'><strong>vitiositatem</strong></span> <span class='ocrx_word' id='word_1_6' title='bbox 946 502 1323 574; x_wconf 87' lang='lat' dir='ltr'><strong>mtediguntur</strong></span> <span class='ocrx_word' id='word_1_7' title='bbox 1351 519 1548 574; x_wconf 80' lang='lat' dir='ltr'><strong>expers</strong></span> <span class='ocrx_word' id='word_1_8' title='bbox 1571 505 1747 561; x_wconf 80' lang='lat' dir='ltr'><strong>&#39;iuerit</strong></span> <span class='ocrx_word' id='word_1_9' title='bbox 1766 548 1780 572; x_wconf 90' lang='lat'><strong>,</strong></span> <span class='ocrx_word' id='word_1_10' title='bbox 1813 507 1948 563; x_wconf 87' lang='lat' dir='ltr'><strong>deus</strong></span> <span class='ocrx_word' id='word_1_11' title='bbox 1979 523 2120 579; x_wconf 91' lang='lat' dir='ltr'><strong>quo-</strong></span> 
     </span>
    </p>
   </div>
   <div class='ocr_carea' id='block_1_4' title="bbox 2238 495 3723 586">
    <p class='ocr_par' dir='ltr' id='par_1_4' title="bbox 2238 495 3723 586">
     <span class='ocr_line' id='line_1_4' title="bbox 2238 495 3723 586; baseline 0.006 -22"><span class='ocrx_word' id='word_1_12' title='bbox 2238 495 2393 581; x_wconf 70' lang='grc' dir='ltr'>ρύσιν</span> <span class='ocrx_word' id='word_1_13' title='bbox 2420 514 2555 584; x_wconf 80' lang='grc' dir='ltr'>πρὸς</span> <span class='ocrx_word' id='word_1_14' title='bbox 2585 529 2646 566; x_wconf 90' lang='grc' dir='ltr'><strong>το</strong></span> <span class='ocrx_word' id='word_1_15' title='bbox 2697 513 2998 584; x_wconf 79' lang='grc' dir='ltr'>θειότερον,</span> <span class='ocrx_word' id='word_1_16' title='bbox 3035 513 3127 567; x_wconf 79' lang='grc' dir='ltr'>καὶ</span> <span class='ocrx_word' id='word_1_17' title='bbox 3183 513 3333 577; x_wconf 75' lang='grc' dir='ltr'>θεοὺς</span> <span class='ocrx_word' id='word_1_18' title='bbox 3378 515 3598 582; x_wconf 84' lang='grc' dir='ltr'>γίνεσθαι</span> <span class='ocrx_word' id='word_1_19' title='bbox 3627 523 3723 586; x_wconf 69' lang='grc' dir='ltr'>τοὺς</span> 
     </span>
    </p>
   </div>
   <div class='ocr_carea' id='block_1_5' title="bbox 557 589 2120 669">
    <p class='ocr_par' dir='ltr' id='par_1_5' title="bbox 557 589 2120 669">
     <span class='ocr_line' id='line_1_5' title="bbox 557 589 2120 669; baseline 0.009 -29"><span class='ocrx_word' id='word_1_20' title='bbox 557 589 850 643; x_wconf 87' lang='lat' dir='ltr'><strong>dammodo</strong></span> <span class='ocrx_word' id='word_1_21' title='bbox 899 605 996 660; x_wconf 86' lang='lat' dir='ltr'><strong>per</strong></span> <span class='ocrx_word' id='word_1_22' title='bbox 1040 591 1312 660; x_wconf 82' lang='lat' dir='ltr'><strong>ejusmodi</strong></span> <span class='ocrx_word' id='word_1_23' title='bbox 1363 595 1613 648; x_wconf 88' lang='lat' dir='ltr'><strong>habitum</strong></span> <span class='ocrx_word' id='word_1_24' title='bbox 1665 597 1886 652; x_wconf 92' lang='lat' dir='ltr'><strong>evadit:</strong></span> <span class='ocrx_word' id='word_1_25' title='bbox 1920 599 2120 669; x_wconf 84' lang='lat' dir='ltr'><strong>quippe</strong></span> 
     </span>
    </p>
   </div>
   <div class='ocr_carea' id='block_1_6' title="bbox 558 679 2120 754">
    <p class='ocr_par' dir='ltr' id='par_1_6' title="bbox 558 679 2120 754">
     <span class='ocr_line' id='line_1_6' title="bbox 558 679 2120 754; baseline 0.007 -21"><span class='ocrx_word' id='word_1_26' title='bbox 558 693 684 733; x_wconf 89' lang='lat' dir='ltr'><strong>cum</strong></span> <span class='ocrx_word' id='word_1_27' title='bbox 717 679 848 734; x_wconf 90' lang='lat' dir='ltr'><strong>illud</strong></span> <span class='ocrx_word' id='word_1_28' title='bbox 881 680 984 734; x_wconf 87' lang='lat' dir='ltr'><strong>sibi</strong></span> <span class='ocrx_word' id='word_1_29' title='bbox 1024 681 1355 748; x_wconf 75' lang='lat' dir='ltr'><strong>confecerit,</strong></span> <span class='ocrx_word' id='word_1_30' title='bbox 1388 685 1534 754; x_wconf 89' lang='lat' dir='ltr'><strong>quod</strong></span> <span class='ocrx_word' id='word_1_31' title='bbox 1577 685 1724 740; x_wconf 83' lang='lat' dir='ltr'><strong>circa</strong></span> <span class='ocrx_word' id='word_1_32' title='bbox 1757 697 2006 742; x_wconf 85' lang='lat' dir='ltr'><strong>naturam</strong></span> <span class='ocrx_word' id='word_1_33' title='bbox 2037 691 2120 744; x_wconf 90' lang='lat' dir='ltr'><strong>di-</strong></span> 
     </span>
    </p>
   </div>
   <div class='ocr_carea' id='block_1_7' title="bbox 559 770 2120 847">
    <p class='ocr_par' dir='ltr' id='par_1_7' title="bbox 559 770 2120 847">
     <span class='ocr_line' id='line_1_7' title="bbox 559 770 2120 847; baseline 0.006 -25"><span class='ocrx_word' id='word_1_34' title='bbox 559 770 742 824; x_wconf 88' lang='lat' dir='ltr'><strong>vinam</strong></span> <span class='ocrx_word' id='word_1_35' title='bbox 787 772 927 826; x_wconf 92' lang='lat' dir='ltr'><strong>ratio</strong></span> <span class='ocrx_word' id='word_1_36' title='bbox 969 773 1166 825; x_wconf 87' lang='lat' dir='ltr'><strong>cernit.</strong></span> <span class='ocrx_word' id='word_1_37' title='bbox 1221 771 1386 828; x_wconf 80' lang='lat' dir='ltr'><strong>Vides</strong></span> <span class='ocrx_word' id='word_1_38' title='bbox 1420 774 1488 828; x_wconf 88' lang='lat' dir='ltr'><strong>ad</strong></span> <span class='ocrx_word' id='word_1_39' title='bbox 1519 783 1777 844; x_wconf 83' lang='lat' dir='ltr'><strong>quantam</strong></span> <span class='ocrx_word' id='word_1_40' title='bbox 1808 778 2120 847; x_wconf 88' lang='lat' dir='ltr'><strong>amplitudi-</strong></span> 
     </span>
    </p>
   </div>
   <div class='ocr_carea' id='block_1_8' title="bbox 560 862 2116 937">
    <p class='ocr_par' dir='ltr' id='par_1_8' title="bbox 560 862 2116 937">
     <span class='ocr_line' id='line_1_8' title="bbox 560 862 2116 937; baseline 0.005 -21"><span class='ocrx_word' id='word_1_41' title='bbox 560 877 684 916; x_wconf 85' lang='lat' dir='ltr'><strong>nem</strong></span> <span class='ocrx_word' id='word_1_42' title='bbox 739 876 834 929; x_wconf 91' lang='lat' dir='ltr'><strong>per</strong></span> <span class='ocrx_word' id='word_1_43' title='bbox 891 862 1051 914; x_wconf 86' lang='lat' dir='ltr'><strong>verba</strong></span> <span class='ocrx_word' id='word_1_44' title='bbox 1103 864 1370 918; x_wconf 85' lang='lat' dir='ltr'><strong>orationis</strong></span> <span class='ocrx_word' id='word_1_45' title='bbox 1431 863 1692 921; x_wconf 87' lang='lat' dir='ltr'><strong>Dominus</strong></span> <span class='ocrx_word' id='word_1_46' title='bbox 1754 867 2116 937; x_wconf 87' lang='lat' dir='ltr'><strong>intelligentes</strong></span> 
     </span>
    </p>
   </div>
   <div class='ocr_carea' id='block_1_9' title="bbox 559 951 2119 1028">
    <p class='ocr_par' dir='ltr' id='par_1_9' title="bbox 559 951 2119 1028">
     <span class='ocr_line' id='line_1_9' title="bbox 559 951 2119 1028; baseline 0.006 -24"><span class='ocrx_word' id='word_1_47' title='bbox 559 952 768 1014; x_wconf 77' lang='lat' dir='ltr'><strong>evehat,</strong></span> <span class='ocrx_word' id='word_1_48' title='bbox 802 951 1094 1004; x_wconf 81' lang='lat' dir='ltr'><strong>humanam</strong></span> <span class='ocrx_word' id='word_1_49' title='bbox 1127 963 1377 1008; x_wconf 88' lang='lat' dir='ltr'><strong>naturam</strong></span> <span class='ocrx_word' id='word_1_50' title='bbox 1403 955 1714 1010; x_wconf 79' lang='lat' dir='ltr'><strong>conditione</strong></span> <span class='ocrx_word' id='word_1_51' title='bbox 1755 956 1936 1011; x_wconf 87' lang='lat' dir='ltr'><strong>divina</strong></span> <span class='ocrx_word' id='word_1_52' title='bbox 1981 973 2119 1028; x_wconf 88' lang='lat' dir='ltr'><strong>quo-</strong></span> 
     </span>
    </p>
   </div>
   <div class='ocr_carea' id='block_1_10' title="bbox 559 1040 2118 1116">
    <p class='ocr_par' dir='ltr' id='par_1_10' title="bbox 559 1040 2118 1116">
     <span class='ocr_line' id='line_1_10' title="bbox 559 1040 2118 1116; baseline 0.006 -22"><span class='ocrx_word' id='word_1_53' title='bbox 559 1040 848 1094; x_wconf 83' lang='lat' dir='ltr'><strong>dammodo</strong></span> <span class='ocrx_word' id='word_1_54' title='bbox 896 1052 1143 1107; x_wconf 87' lang='lat' dir='ltr'><strong>mutans,</strong></span> <span class='ocrx_word' id='word_1_55' title='bbox 1180 1053 1234 1098; x_wconf 88' lang='lat' dir='ltr'><strong>et</strong></span> <span class='ocrx_word' id='word_1_56' title='bbox 1277 1053 1336 1100; x_wconf 88' lang='lat' dir='ltr'><strong>ut</strong></span> <span class='ocrx_word' id='word_1_57' title='bbox 1380 1047 1456 1100; x_wconf 92' lang='lat' dir='ltr'><strong>dii</strong></span> <span class='ocrx_word' id='word_1_58' title='bbox 1501 1047 1664 1110; x_wconf 83' lang='lat' dir='ltr'><strong>fiant,</strong></span> <span class='ocrx_word' id='word_1_59' title='bbox 1705 1047 1796 1116; x_wconf 89' lang='lat' dir='ltr'><strong>qui</strong></span> <span class='ocrx_word' id='word_1_60' title='bbox 1841 1048 1905 1102; x_wconf 91' lang='lat' dir='ltr'><strong>ad</strong></span> <span class='ocrx_word' id='word_1_61' title='bbox 1952 1047 2118 1104; x_wconf 88' lang='lat' dir='ltr'><strong>Deum</strong></span> 
     </span>
    </p>
   </div>
   <div class='ocr_carea' id='block_1_11' title="bbox 559 1131 2118 1208">
    <p class='ocr_par' dir='ltr' id='par_1_11' title="bbox 559 1131 2118 1208">
     <span class='ocr_line' id='line_1_11' title="bbox 559 1131 2118 1208; baseline 0.007 -25"><span class='ocrx_word' id='word_1_62' title='bbox 559 1131 830 1186; x_wconf 87' lang='lat' dir='ltr'><strong>accessuri</strong></span> <span class='ocrx_word' id='word_1_63' title='bbox 864 1133 1006 1198; x_wconf 88' lang='lat' dir='ltr'><strong>sint,</strong></span> <span class='ocrx_word' id='word_1_64' title='bbox 1042 1135 1336 1190; x_wconf 86' lang='lat' dir='ltr'><strong>sanciens?</strong></span> <span class='ocrx_word' id='word_1_65' title='bbox 1363 1141 1497 1199; x_wconf 88' lang='lat' dir='ltr'><strong>Cur.</strong></span> <span class='ocrx_word' id='word_1_66' title='bbox 1541 1139 1750 1208; x_wconf 89' lang='lat' dir='ltr'><strong>inquit,</strong></span> <span class='ocrx_word' id='word_1_67' title='bbox 1785 1141 2030 1194; x_wconf 86' lang='lat' dir='ltr'><strong>servilem</strong></span> <span class='ocrx_word' id='word_1_68' title='bbox 2064 1142 2118 1194; x_wconf 89' lang='lat' dir='ltr'><strong>in</strong></span> 
     </span>
    </p>
   </div>
   <div class='ocr_carea' id='block_1_12' title="bbox 560 1223 2122 1294">
    <p class='ocr_par' dir='ltr' id='par_1_12' title="bbox 560 1223 2122 1294">
     <span class='ocr_line' id='line_1_12' title="bbox 560 1223 2122 1294; baseline 0.007 -18"><span class='ocrx_word' id='word_1_69' title='bbox 560 1223 779 1277; x_wconf 90' lang='lat' dir='ltr'><strong>modum</strong></span> <span class='ocrx_word' id='word_1_70' title='bbox 825 1233 968 1280; x_wconf 89' lang='lat' dir='ltr'><strong>metu</strong></span> <span class='ocrx_word' id='word_1_71' title='bbox 1029 1226 1305 1294; x_wconf 86' lang='lat' dir='ltr'><strong>trepidans</strong></span> <span class='ocrx_word' id='word_1_72' title='bbox 1351 1238 1406 1282; x_wconf 89' lang='lat' dir='ltr'><strong>et</strong></span> <span class='ocrx_word' id='word_1_73' title='bbox 1461 1231 1794 1284; x_wconf 86' lang='lat' dir='ltr'><strong>conscientia</strong></span> <span class='ocrx_word' id='word_1_74' title='bbox 1837 1239 1926 1283; x_wconf 88' lang='lat' dir='ltr'><strong>tua</strong></span> <span class='ocrx_word' id='word_1_75' title='bbox 1981 1231 2122 1288; x_wconf 85' lang='lat' dir='ltr'><strong>ictus</strong></span> 
     </span>
    </p>
   </div>
   <div class='ocr_carea' id='block_1_13' title="bbox 559 1313 2122 1384">
    <p class='ocr_par' dir='ltr' id='par_1_13' title="bbox 559 1313 2122 1384">
     <span class='ocr_line' id='line_1_13' title="bbox 559 1313 2122 1384; baseline 0.008 -18"><span class='ocrx_word' id='word_1_76' title='bbox 559 1329 621 1368; x_wconf 92' lang='lat' dir='ltr'><strong>ac</strong></span> <span class='ocrx_word' id='word_1_77' title='bbox 659 1313 952 1384; x_wconf 81' lang='lat' dir='ltr'><strong>ilagellatus</strong></span> <span class='ocrx_word' id='word_1_78' title='bbox 991 1319 1056 1372; x_wconf 88' lang='lat' dir='ltr'><strong>ad</strong></span> <span class='ocrx_word' id='word_1_79' title='bbox 1091 1318 1256 1373; x_wconf 88' lang='lat' dir='ltr'><strong>Deum</strong></span> <span class='ocrx_word' id='word_1_80' title='bbox 1303 1321 1558 1374; x_wconf 84' lang='lat' dir='ltr'><strong>accedis?</strong></span> <span class='ocrx_word' id='word_1_81' title='bbox 1598 1335 1698 1374; x_wconf 85' lang='lat' dir='ltr'><strong>cur</strong></span> <span class='ocrx_word' id='word_1_82' title='bbox 1737 1322 1980 1378; x_wconf 75' lang='lat' dir='ltr'><strong>excludis</strong></span> <span class='ocrx_word' id='word_1_83' title='bbox 2027 1323 2122 1378; x_wconf 85' lang='lat' dir='ltr'><strong>tibi</strong></span> 
     </span>
    </p>
   </div>
   <div class='ocr_carea' id='block_1_14' title="bbox 557 1405 2124 1482">
    <p class='ocr_par' dir='ltr' id='par_1_14' title="bbox 557 1405 2124 1482">
     <span class='ocr_line' id='line_1_14' title="bbox 557 1405 2124 1482; baseline 0.007 -24"><span class='ocrx_word' id='word_1_84' title='bbox 557 1405 808 1460; x_wconf 85' lang='lat' dir='ltr'><strong>ﬁduciam</strong></span> <span class='ocrx_word' id='word_1_85' title='bbox 847 1409 898 1462; x_wconf 91' lang='lat' dir='ltr'><strong>in</strong></span> <span class='ocrx_word' id='word_1_86' title='bbox 937 1409 1184 1464; x_wconf 85' lang='lat' dir='ltr'><strong>libertate</strong></span> <span class='ocrx_word' id='word_1_87' title='bbox 1220 1412 1414 1464; x_wconf 68' lang='lat' dir='ltr'><strong>animae</strong></span> <span class='ocrx_word' id='word_1_88' title='bbox 1452 1412 1866 1476; x_wconf 82' lang='lat' dir='ltr'><strong>consistentem,</strong></span> <span class='ocrx_word' id='word_1_89' title='bbox 1902 1429 2022 1482; x_wconf 68' lang='lat' dir='ltr'><strong>qua:</strong></span> <span class='ocrx_word' id='word_1_90' title='bbox 2055 1416 2124 1469; x_wconf 87' lang='lat' dir='ltr'><strong>ab</strong></span> 
     </span>
    </p>
   </div>
   <div class='ocr_carea' id='block_1_15' title="bbox 559 1496 2122 1574">
    <p class='ocr_par' dir='ltr' id='par_1_15' title="bbox 559 1496 2122 1574">
     <span class='ocr_line' id='line_1_15' title="bbox 559 1496 2122 1574; baseline 0.006 -25"><span class='ocrx_word' id='word_1_91' title='bbox 559 1496 715 1552; x_wconf 87' lang='lat' dir='ltr'><strong>initio</strong></span> <span class='ocrx_word' id='word_1_92' title='bbox 741 1498 904 1552; x_wconf 87' lang='lat' dir='ltr'><strong>simul</strong></span> <span class='ocrx_word' id='word_1_93' title='bbox 933 1515 1056 1553; x_wconf 92' lang='lat' dir='ltr'><strong>cum</strong></span> <span class='ocrx_word' id='word_1_94' title='bbox 1090 1511 1284 1554; x_wconf 84' lang='lat' dir='ltr'><strong>natura</strong></span> <span class='ocrx_word' id='word_1_95' title='bbox 1315 1501 1368 1554; x_wconf 91' lang='lat' dir='ltr'><strong>in</strong></span> <span class='ocrx_word' id='word_1_96' title='bbox 1401 1517 1526 1556; x_wconf 89' lang='lat' dir='ltr'><strong>esse</strong></span> <span class='ocrx_word' id='word_1_97' title='bbox 1559 1502 1819 1572; x_wconf 90' lang='lat' dir='ltr'><strong>producta</strong></span> <span class='ocrx_word' id='word_1_98' title='bbox 1842 1505 1966 1558; x_wconf 88' lang='lat' dir='ltr'><strong>est?</strong></span> <span class='ocrx_word' id='word_1_99' title='bbox 1989 1506 2122 1574; x_wconf 89' lang='lat' dir='ltr'><strong>quid</strong></span> 
     </span>
    </p>
   </div>
   <div class='ocr_carea' id='block_1_16' title="bbox 559 1587 2120 1666">
    <p class='ocr_par' dir='ltr' id='par_1_16' title="bbox 559 1587 2120 1666">
     <span class='ocr_line' id='line_1_16' title="bbox 559 1587 2120 1666; baseline 0.008 -28"><span class='ocrx_word' id='word_1_100' title='bbox 559 1587 800 1642; x_wconf 86' lang='lat' dir='ltr'><strong>adularis</strong></span> <span class='ocrx_word' id='word_1_101' title='bbox 829 1591 1004 1644; x_wconf 86' lang='lat' dir='ltr'><strong>verbis</strong></span> <span class='ocrx_word' id='word_1_102' title='bbox 1045 1592 1092 1646; x_wconf 90' lang='lat' dir='ltr'><strong>ei</strong></span> <span class='ocrx_word' id='word_1_103' title='bbox 1133 1591 1224 1661; x_wconf 93' lang='lat' dir='ltr'><strong>qui</strong></span> <span class='ocrx_word' id='word_1_104' title='bbox 1270 1593 1730 1650; x_wconf 86' lang='lat' dir='ltr'><strong>assentationibus</strong></span> <span class='ocrx_word' id='word_1_105' title='bbox 1767 1594 1880 1648; x_wconf 89' lang='lat' dir='ltr'><strong>falli</strong></span> <span class='ocrx_word' id='word_1_106' title='bbox 1913 1597 2120 1666; x_wconf 87' lang='lat' dir='ltr'><strong>nequit,</strong></span> 
     </span>
    </p>
   </div>
   <div class='ocr_carea' id='block_1_17' title="bbox 560 1681 2122 1756">
    <p class='ocr_par' dir='ltr' id='par_1_17' title="bbox 560 1681 2122 1756">
     <span class='ocr_line' id='line_1_17' title="bbox 560 1681 2122 1756; baseline 0.007 -26"><span class='ocrx_word' id='word_1_107' title='bbox 560 1689 724 1748; x_wconf 86' lang='lat' dir='ltr'><strong>atque</strong></span> <span class='ocrx_word' id='word_1_108' title='bbox 756 1681 936 1735; x_wconf 90' lang='lat' dir='ltr'><strong>deludi</strong></span> <span class='ocrx_word' id='word_1_109' title='bbox 969 1697 1074 1736; x_wconf 85' lang='lat' dir='ltr'><strong>non</strong></span> <span class='ocrx_word' id='word_1_110' title='bbox 1105 1683 1262 1738; x_wconf 83' lang='lat' dir='ltr'><strong>vult?</strong></span> <span class='ocrx_word' id='word_1_111' title='bbox 1289 1699 1387 1738; x_wconf 93' lang='lat' dir='ltr'><strong>cur</strong></span> <span class='ocrx_word' id='word_1_112' title='bbox 1415 1683 1652 1740; x_wconf 75' lang='lat' dir='ltr'><strong>ofﬁciosa</strong></span> <span class='ocrx_word' id='word_1_113' title='bbox 1681 1694 1845 1756; x_wconf 88' lang='lat' dir='ltr'><strong>atque</strong></span> <span class='ocrx_word' id='word_1_114' title='bbox 1874 1699 2122 1743; x_wconf 88' lang='lat' dir='ltr'><strong>assenta-</strong></span> 
     </span>
    </p>
   </div>
   <div class='ocr_carea' id='block_1_18' title="bbox 561 1773 2126 1846">
    <p class='ocr_par' dir='ltr' id='par_1_18' title="bbox 561 1773 2126 1846">
     <span class='ocr_line' id='line_1_18' title="bbox 561 1773 2126 1846; baseline 0.007 -23"><span class='ocrx_word' id='word_1_115' title='bbox 561 1773 702 1826; x_wconf 88' lang='lat' dir='ltr'><strong>toria</strong></span> <span class='ocrx_word' id='word_1_116' title='bbox 723 1777 886 1826; x_wconf 85' lang='lat' dir='ltr'><strong>verba</strong></span> <span class='ocrx_word' id='word_1_117' title='bbox 911 1775 1069 1830; x_wconf 83' lang='lat' dir='ltr'><strong>aﬂ‘ers</strong></span> <span class='ocrx_word' id='word_1_118' title='bbox 1103 1776 1168 1828; x_wconf 88' lang='lat' dir='ltr'><strong>ad</strong></span> <span class='ocrx_word' id='word_1_119' title='bbox 1212 1791 1334 1830; x_wconf 89' lang='lat' dir='ltr'><strong>eum</strong></span> <span class='ocrx_word' id='word_1_120' title='bbox 1369 1777 1459 1845; x_wconf 90' lang='lat' dir='ltr'><strong>qui</strong></span> <span class='ocrx_word' id='word_1_121' title='bbox 1485 1791 1650 1846; x_wconf 86' lang='lat' dir='ltr'><strong>opera</strong></span> <span class='ocrx_word' id='word_1_122' title='bbox 1689 1777 1962 1832; x_wconf 84' lang='lat' dir='ltr'><strong>intuetur?</strong></span> <span class='ocrx_word' id='word_1_123' title='bbox 2000 1779 2126 1834; x_wconf 89' lang='lat' dir='ltr'><strong>licet</strong></span> 
     </span>
    </p>
   </div>
   <div class='ocr_carea' id='block_1_19' title="bbox 2219 604 3725 678">
    <p class='ocr_par' dir='ltr' id='par_1_19' title="bbox 2219 604 3725 678">
     <span class='ocr_line' id='line_1_19' title="bbox 2219 604 3725 678; baseline 0.016 -38"><span class='ocrx_word' id='word_1_124' title='bbox 2219 604 2296 674; x_wconf 78' lang='grc' dir='ltr'><strong>τῷ</strong></span> <span class='ocrx_word' id='word_1_125' title='bbox 2343 605 2464 675; x_wconf 75' lang='grc' dir='ltr'>Θεῷ</span> <span class='ocrx_word' id='word_1_126' title='bbox 2519 605 2838 675; x_wconf 79' lang='grc' dir='ltr'><strong>προσιόντας</strong></span> <span class='ocrx_word' id='word_1_127' title='bbox 2877 604 3220 676; x_wconf 86' lang='grc' dir='ltr'>νομοθετῶν;</span> <span class='ocrx_word' id='word_1_128' title='bbox 3273 605 3334 656; x_wconf 88' lang='grc' dir='ltr'>Τί</span> <span class='ocrx_word' id='word_1_129' title='bbox 3381 606 3725 678; x_wconf 78' lang='grc' dir='ltr'>δουλοπρεπῶς,</span> 
     </span>
    </p>
   </div>
   <div class='ocr_carea' id='block_1_20' title="bbox 2221 695 3728 774">
    <p class='ocr_par' dir='ltr' id='par_1_20' title="bbox 2221 695 3728 774">
     <span class='ocr_line' id='line_1_20' title="bbox 2221 695 3728 774; baseline 0.005 -26"><span class='ocrx_word' id='word_1_130' title='bbox 2221 697 2403 765; x_wconf 77' lang='grc' dir='ltr'>φησὶν,</span> <span class='ocrx_word' id='word_1_131' title='bbox 2438 698 2495 748; x_wconf 81' lang='grc' dir='ltr'>ὲν</span> <span class='ocrx_word' id='word_1_132' title='bbox 2523 695 2672 766; x_wconf 79' lang='grc' dir='ltr'>φόϐῳ</span> <span class='ocrx_word' id='word_1_133' title='bbox 2701 695 3058 767; x_wconf 81' lang='grc' dir='ltr'>κατεπτηχὼς</span> <span class='ocrx_word' id='word_1_134' title='bbox 3081 737 3094 760; x_wconf 96' lang='grc'><strong>,</strong></span> <span class='ocrx_word' id='word_1_135' title='bbox 3132 699 3226 749; x_wconf 73' lang='grc' dir='ltr'>καὶ</span> <span class='ocrx_word' id='word_1_136' title='bbox 3270 697 3344 766; x_wconf 81' lang='grc' dir='ltr'><strong>τῷ</strong></span> <span class='ocrx_word' id='word_1_137' title='bbox 3396 701 3631 754; x_wconf 72' lang='grc' dir='ltr'><strong>συνειδότι</strong></span> <span class='ocrx_word' id='word_1_138' title='bbox 3669 703 3728 774; x_wconf 76' lang='grc' dir='ltr'>τῷ</span> 
     </span>
    </p>
   </div>
   <div class='ocr_carea' id='block_1_21' title="bbox 2222 787 3728 861">
    <p class='ocr_par' dir='ltr' id='par_1_21' title="bbox 2222 787 3728 861">
     <span class='ocr_line' id='line_1_21' title="bbox 2222 787 3728 861; baseline 0.005 -21"><span class='ocrx_word' id='word_1_139' title='bbox 2222 787 2414 840; x_wconf 78' lang='grc' dir='ltr'>ἑαυτοῦ</span> <span class='ocrx_word' id='word_1_140' title='bbox 2462 787 2849 858; x_wconf 78' lang='grc' dir='ltr'>μαστιζόμενος</span> <span class='ocrx_word' id='word_1_141' title='bbox 2879 789 3158 861; x_wconf 79' lang='grc' dir='ltr'><strong>προσέρχῃ</strong></span> <span class='ocrx_word' id='word_1_142' title='bbox 3183 790 3332 860; x_wconf 72' lang='grc' dir='ltr'>Θεῷς</span> <span class='ocrx_word' id='word_1_143' title='bbox 3367 791 3428 842; x_wconf 88' lang='grc' dir='ltr'>Τί</span> <span class='ocrx_word' id='word_1_144' title='bbox 3475 793 3728 859; x_wconf 84' lang='grc' dir='ltr'>ἀποκλείεις</span> 
     </span>
    </p>
   </div>
   <div class='ocr_carea' id='block_1_22' title="bbox 2224 879 3728 956">
    <p class='ocr_par' dir='ltr' id='par_1_22' title="bbox 2224 879 3728 956">
     <span class='ocr_line' id='line_1_22' title="bbox 2224 879 3728 956; baseline -0.001 -24"><span class='ocrx_word' id='word_1_145' title='bbox 2224 879 2433 950; x_wconf 83' lang='grc' dir='ltr'>σεαυτῷ</span> <span class='ocrx_word' id='word_1_146' title='bbox 2466 879 2562 951; x_wconf 84' lang='grc' dir='ltr'><strong>τὴν</strong></span> <span class='ocrx_word' id='word_1_147' title='bbox 2597 880 2902 952; x_wconf 78' lang='grc' dir='ltr'>παρρησίαν</span> <span class='ocrx_word' id='word_1_148' title='bbox 2925 920 2939 943; x_wconf 94' lang='grc'><strong>,</strong></span> <span class='ocrx_word' id='word_1_149' title='bbox 2971 881 3070 952; x_wconf 85' lang='grc' dir='ltr'>τὴν</span> <span class='ocrx_word' id='word_1_150' title='bbox 3115 885 3180 952; x_wconf 84' lang='grc' dir='ltr'>τῇ</span> <span class='ocrx_word' id='word_1_151' title='bbox 3216 881 3486 952; x_wconf 67' lang='grc' dir='ltr'>ἐλευθερίᾳ</span> <span class='ocrx_word' id='word_1_152' title='bbox 3527 886 3612 956; x_wconf 82' lang='grc' dir='ltr'>τῆς</span> <span class='ocrx_word' id='word_1_153' title='bbox 3649 887 3728 956; x_wconf 55' lang='lat' dir='ltr'><strong>qm-</strong></span> 
     </span>
    </p>
   </div>
   <div class='ocr_carea' id='block_1_23' title="bbox 2222 971 3728 1052">
    <p class='ocr_par' dir='ltr' id='par_1_23' title="bbox 2222 971 3728 1052">
     <span class='ocr_line' id='line_1_23' title="bbox 2222 971 3728 1052; baseline 0.005 -30"><span class='ocrx_word' id='word_1_154' title='bbox 2222 971 2324 1041; x_wconf 82' lang='grc' dir='ltr'>χῆς</span> <span class='ocrx_word' id='word_1_155' title='bbox 2348 971 2756 1044; x_wconf 77' lang='grc' dir='ltr'><strong>ἐνυπάρχουσαν</strong></span> <span class='ocrx_word' id='word_1_156' title='bbox 2775 1013 2788 1037; x_wconf 93' lang='grc'><strong>,</strong></span> <span class='ocrx_word' id='word_1_157' title='bbox 2829 973 2926 1043; x_wconf 84' lang='grc' dir='ltr'><strong>τὴν</strong></span> <span class='ocrx_word' id='word_1_158' title='bbox 2955 973 3015 1037; x_wconf 77' lang='grc' dir='ltr'>ἐξ</span> <span class='ocrx_word' id='word_1_159' title='bbox 3039 973 3211 1044; x_wconf 81' lang='grc' dir='ltr'>ἀρχῆς</span> <span class='ocrx_word' id='word_1_160' title='bbox 3241 975 3643 1048; x_wconf 83' lang='grc' dir='ltr'>συνουσιωμένην</span> <span class='ocrx_word' id='word_1_161' title='bbox 3679 985 3728 1052; x_wconf 83' lang='grc' dir='ltr'>τῇ</span> 
     </span>
    </p>
   </div>
   <div class='ocr_carea' id='block_1_24' title="bbox 2224 1061 3732 1135">
    <p class='ocr_par' dir='ltr' id='par_1_24' title="bbox 2224 1061 3732 1135">
     <span class='ocr_line' id='line_1_24' title="bbox 2224 1061 3732 1135; baseline 0.007 -21"><span class='ocrx_word' id='word_1_162' title='bbox 2224 1061 2422 1130; x_wconf 74' lang='grc' dir='ltr'>φύσεις</span> <span class='ocrx_word' id='word_1_163' title='bbox 2454 1063 2518 1114; x_wconf 84' lang='grc' dir='ltr'><strong>Τί</strong></span> <span class='ocrx_word' id='word_1_164' title='bbox 2544 1063 2858 1126; x_wconf 86' lang='grc' dir='ltr'>κολακεύεις</span> <span class='ocrx_word' id='word_1_165' title='bbox 2891 1066 2947 1116; x_wconf 83' lang='grc' dir='ltr'>ὲν</span> <span class='ocrx_word' id='word_1_166' title='bbox 2980 1064 3186 1133; x_wconf 77' lang='grc' dir='ltr'>ῥήμασι</span> <span class='ocrx_word' id='word_1_167' title='bbox 3217 1066 3305 1117; x_wconf 87' lang='grc' dir='ltr'><strong>τὸν</strong></span> <span class='ocrx_word' id='word_1_168' title='bbox 3346 1065 3660 1135; x_wconf 82' lang='grc' dir='ltr'>ἀθώπευτον;</span> <span class='ocrx_word' id='word_1_169' title='bbox 3683 1071 3732 1125; x_wconf 85' lang='grc' dir='ltr'>Τί</span> 
     </span>
    </p>
   </div>
   <div class='ocr_carea' id='block_1_25' title="bbox 2223 1154 3732 1226">
    <p class='ocr_par' dir='ltr' id='par_1_25' title="bbox 2223 1154 3732 1226">
     <span class='ocr_line' id='line_1_25' title="bbox 2223 1154 3732 1226; baseline 0.005 -19"><span class='ocrx_word' id='word_1_170' title='bbox 2223 1155 2518 1224; x_wconf 80' lang='grc' dir='ltr'><strong>προσάγεις</strong></span> <span class='ocrx_word' id='word_1_171' title='bbox 2546 1155 2671 1218; x_wconf 81' lang='grc' dir='ltr'>τοὺς</span> <span class='ocrx_word' id='word_1_172' title='bbox 2719 1154 3142 1226; x_wconf 83' lang='grc' dir='ltr'>θεραπευτικούς</span> <span class='ocrx_word' id='word_1_173' title='bbox 3189 1174 3248 1209; x_wconf 89' lang='grc' dir='ltr'><strong>τε</strong></span> <span class='ocrx_word' id='word_1_174' title='bbox 3293 1159 3385 1211; x_wconf 76' lang='grc' dir='ltr'><strong>καὶ</strong></span> <span class='ocrx_word' id='word_1_175' title='bbox 3421 1158 3732 1226; x_wconf 77' lang='grc' dir='ltr'>θωπευτικοὺς</span> 
     </span>
    </p>
   </div>
   <div class='ocr_carea' id='block_1_26' title="bbox 2221 1241 3734 1314">
    <p class='ocr_par' dir='ltr' id='par_1_26' title="bbox 2221 1241 3734 1314">
     <span class='ocr_line' id='line_1_26' title="bbox 2221 1241 3734 1314; baseline 0.007 -21"><span class='ocrx_word' id='word_1_176' title='bbox 2221 1241 2410 1310; x_wconf 85' lang='grc' dir='ltr'>λόγους</span> <span class='ocrx_word' id='word_1_177' title='bbox 2445 1241 2522 1312; x_wconf 81' lang='grc' dir='ltr'>τῷ</span> <span class='ocrx_word' id='word_1_178' title='bbox 2570 1243 2703 1312; x_wconf 84' lang='grc' dir='ltr'>πρὸς</span> <span class='ocrx_word' id='word_1_179' title='bbox 2734 1245 2800 1295; x_wconf 80' lang='grc' dir='ltr'>τὰ</span> <span class='ocrx_word' id='word_1_180' title='bbox 2828 1242 2962 1314; x_wconf 74' lang='grc' dir='ltr'>ἔργα</span> <span class='ocrx_word' id='word_1_181' title='bbox 2999 1243 3244 1313; x_wconf 83' lang='grc' dir='ltr'><strong>βλέποντι</strong></span> <span class='ocrx_word' id='word_1_182' title='bbox 3272 1263 3286 1312; x_wconf 91' lang='grc'><strong>;</strong></span> <span class='ocrx_word' id='word_1_183' title='bbox 3315 1247 3522 1311; x_wconf 78' lang='grc' dir='ltr'>Ἔξεστί</span> <span class='ocrx_word' id='word_1_184' title='bbox 3549 1265 3620 1302; x_wconf 87' lang='grc' dir='ltr'><strong>σοι</strong></span> <span class='ocrx_word' id='word_1_185' title='bbox 3651 1253 3734 1304; x_wconf 71' lang='grc' dir='ltr'>πᾶν</span> 
     </span>
    </p>
   </div>
   <div class='ocr_carea' id='block_1_27' title="bbox 2222 1333 3735 1410">
    <p class='ocr_par' dir='ltr' id='par_1_27' title="bbox 2222 1333 3735 1410">
     <span class='ocr_line' id='line_1_27' title="bbox 2222 1333 3735 1410; baseline 0.006 -24"><span class='ocrx_word' id='word_1_186' title='bbox 2222 1333 2303 1386; x_wconf 82' lang='grc' dir='ltr'>ὅτι</span> <span class='ocrx_word' id='word_1_187' title='bbox 2339 1333 2441 1403; x_wconf 83' lang='grc' dir='ltr'><strong>πέρ</strong></span> <span class='ocrx_word' id='word_1_188' title='bbox 2474 1336 2620 1386; x_wconf 74' lang='grc' dir='ltr'>ἐστιν</span> <span class='ocrx_word' id='word_1_189' title='bbox 2665 1337 2730 1388; x_wconf 82' lang='grc' dir='ltr'>ἐκ</span> <span class='ocrx_word' id='word_1_190' title='bbox 2765 1336 2898 1388; x_wconf 82' lang='grc' dir='ltr'>Θεοῦ</span> <span class='ocrx_word' id='word_1_191' title='bbox 2930 1337 3184 1407; x_wconf 75' lang='grc' dir='ltr'>χρηστὸν,</span> <span class='ocrx_word' id='word_1_192' title='bbox 3215 1340 3333 1390; x_wconf 84' lang='grc' dir='ltr'>κατ’</span> <span class='ocrx_word' id='word_1_193' title='bbox 3365 1338 3594 1404; x_wconf 74' lang='grc' dir='ltr'>ἐξουσίαν</span> <span class='ocrx_word' id='word_1_194' title='bbox 3625 1341 3735 1410; x_wconf 77' lang='grc' dir='ltr'>ἔχειν</span> 
     </span>
    </p>
   </div>
   <div class='ocr_carea' id='block_1_28' title="bbox 2223 1424 3736 1502">
    <p class='ocr_par' dir='ltr' id='par_1_28' title="bbox 2223 1424 3736 1502">
     <span class='ocr_line' id='line_1_28' title="bbox 2223 1424 3736 1502; baseline 0.005 -26"><span class='ocrx_word' id='word_1_195' title='bbox 2223 1424 2650 1495; x_wconf 60' lang='grc' dir='ltr'>ὲλευθεριάζονιτι</span> <span class='ocrx_word' id='word_1_196' title='bbox 2685 1426 2762 1496; x_wconf 85' lang='grc' dir='ltr'>τῷ</span> <span class='ocrx_word' id='word_1_197' title='bbox 2807 1431 3111 1498; x_wconf 76' lang='grc' dir='ltr'>φρονήματι</span> <span class='ocrx_word' id='word_1_198' title='bbox 3135 1445 3148 1458; x_wconf 91' lang='grc'><strong>·</strong></span> <span class='ocrx_word' id='word_1_199' title='bbox 3181 1429 3340 1493; x_wconf 75' lang='grc' dir='ltr'>αὐτὸς</span> <span class='ocrx_word' id='word_1_200' title='bbox 3379 1431 3530 1497; x_wconf 80' lang='grc' dir='ltr'>γενοῦ</span> <span class='ocrx_word' id='word_1_201' title='bbox 3572 1433 3736 1502; x_wconf 78' lang='grc' dir='ltr'>σεαυτῷ</span> 
     </span>
    </p>
   </div>
   <div class='ocr_carea' id='block_1_29' title="bbox 2224 1516 3736 1594">
    <p class='ocr_par' dir='ltr' id='par_1_29' title="bbox 2224 1516 3736 1594">
     <span class='ocr_line' id='line_1_29' title="bbox 2224 1516 3736 1594; baseline 0.001 -27"><span class='ocrx_word' id='word_1_202' title='bbox 2224 1516 2481 1586; x_wconf 86' lang='grc' dir='ltr'>δικαστής</span> <span class='ocrx_word' id='word_1_203' title='bbox 2503 1533 2516 1546; x_wconf 76' lang='grc' dir='ltr'><strong>ο</strong></span> <span class='ocrx_word' id='word_1_204' title='bbox 2547 1517 2636 1578; x_wconf 80' lang='grc' dir='ltr'>δὸς</span> <span class='ocrx_word' id='word_1_205' title='bbox 2665 1519 2874 1588; x_wconf 82' lang='grc' dir='ltr'>σεαυτῷ</span> <span class='ocrx_word' id='word_1_206' title='bbox 2899 1519 2996 1590; x_wconf 81' lang='grc' dir='ltr'><strong>τὴν</strong></span> <span class='ocrx_word' id='word_1_207' title='bbox 3028 1519 3304 1584; x_wconf 78' lang='grc' dir='ltr'>σώζουσαν</span> <span class='ocrx_word' id='word_1_208' title='bbox 3333 1519 3503 1590; x_wconf 73' lang='grc' dir='ltr'>ψῆφον</span> <span class='ocrx_word' id='word_1_209' title='bbox 3521 1539 3534 1552; x_wconf 88' lang='grc'><strong>·</strong></span> <span class='ocrx_word' id='word_1_210' title='bbox 3573 1523 3736 1594; x_wconf 73' lang='grc' dir='ltr'>ἀφεθῇ-</span> 
     </span>
    </p>
   </div>
   <div class='ocr_carea' id='block_1_30' title="bbox 2225 1605 3736 1680">
    <p class='ocr_par' dir='ltr' id='par_1_30' title="bbox 2225 1605 3736 1680">
     <span class='ocr_line' id='line_1_30' title="bbox 2225 1605 3736 1680; baseline 0.005 -23"><span class='ocrx_word' id='word_1_211' title='bbox 2225 1605 2314 1658; x_wconf 84' lang='grc' dir='ltr'><strong>ναί</strong></span> <span class='ocrx_word' id='word_1_212' title='bbox 2341 1622 2421 1657; x_wconf 84' lang='grc' dir='ltr'><strong>σοι</strong></span> <span class='ocrx_word' id='word_1_213' title='bbox 2439 1605 2623 1676; x_wconf 76' lang='grc' dir='ltr'>ζητεῖς</span> <span class='ocrx_word' id='word_1_214' title='bbox 2647 1607 2798 1679; x_wconf 75' lang='grc' dir='ltr'>παρὰ</span> <span class='ocrx_word' id='word_1_215' title='bbox 2826 1608 2918 1661; x_wconf 83' lang='grc' dir='ltr'>τοῦ</span> <span class='ocrx_word' id='word_1_216' title='bbox 2931 1609 3064 1661; x_wconf 80' lang='grc' dir='ltr'>Θεοῦ</span> <span class='ocrx_word' id='word_1_217' title='bbox 3093 1609 3160 1662; x_wconf 75' lang='grc' dir='ltr'>τὰ</span> <span class='ocrx_word' id='word_1_218' title='bbox 3189 1609 3507 1680; x_wconf 75' lang='grc' dir='ltr'>ὀφλήματαξ</span> <span class='ocrx_word' id='word_1_219' title='bbox 3544 1611 3597 1666; x_wconf 73' lang='grc' dir='ltr'><strong>σὺ</strong></span> <span class='ocrx_word' id='word_1_220' title='bbox 3616 1612 3736 1680; x_wconf 72' lang='grc' dir='ltr'>ἄφες,</span> 
     </span>
    </p>
   </div>
   <div class='ocr_carea' id='block_1_31' title="bbox 2225 1697 3794 1771">
    <p class='ocr_par' dir='ltr' id='par_1_31' title="bbox 2225 1697 3794 1771">
     <span class='ocr_line' id='line_1_31' title="bbox 2225 1697 3794 1771; baseline 0.003 -21"><span class='ocrx_word' id='word_1_221' title='bbox 2225 1699 2317 1750; x_wconf 80' lang='grc' dir='ltr'><strong>καὶ</strong></span> <span class='ocrx_word' id='word_1_222' title='bbox 2370 1697 2554 1762; x_wconf 82' lang='grc' dir='ltr'>ὁΘεδς</span> <span class='ocrx_word' id='word_1_223' title='bbox 2608 1701 2888 1769; x_wconf 74' lang='grc' dir='ltr'>ὲψήφισεν,</span> <span class='ocrx_word' id='word_1_224' title='bbox 2937 1701 3000 1752; x_wconf 87' lang='grc' dir='ltr'>Ἡ</span> <span class='ocrx_word' id='word_1_225' title='bbox 3039 1701 3148 1770; x_wconf 86' lang='grc' dir='ltr'>γὰρ</span> <span class='ocrx_word' id='word_1_226' title='bbox 3197 1701 3337 1771; x_wconf 82' lang='grc' dir='ltr'>ὑπὲρ</span> <span class='ocrx_word' id='word_1_227' title='bbox 3376 1701 3463 1753; x_wconf 79' lang='grc' dir='ltr'>τοῦ</span> <span class='ocrx_word' id='word_1_228' title='bbox 3515 1703 3738 1771; x_wconf 73' lang='grc' dir='ltr'>ὁμοφύλου</span> <span class='ocrx_word' id='word_1_229' title='bbox 3791 1719 3794 1724; x_wconf 83' lang='lat'>&#39;</span> 
     </span>
    </p>
   </div>
   <div class='ocr_carea' id='block_1_32' title="bbox 2227 1787 3738 1867">
    <p class='ocr_par' dir='ltr' id='par_1_32' title="bbox 2227 1787 3738 1867">
     <span class='ocr_line' id='line_1_32' title="bbox 2227 1787 3738 1867; baseline 0.003 -28"><span class='ocrx_word' id='word_1_230' title='bbox 2227 1787 2427 1858; x_wconf 86' lang='grc' dir='ltr'>κρίσις,</span> <span class='ocrx_word' id='word_1_231' title='bbox 2465 1789 2528 1841; x_wconf 80' lang='grc' dir='ltr'><strong>σὺ</strong></span> <span class='ocrx_word' id='word_1_232' title='bbox 2559 1790 2746 1862; x_wconf 85' lang='grc' dir='ltr'>κύριος</span> <span class='ocrx_word' id='word_1_233' title='bbox 2767 1831 2780 1854; x_wconf 97' lang='grc'><strong>,</strong></span> <span class='ocrx_word' id='word_1_234' title='bbox 2817 1790 2904 1861; x_wconf 85' lang='grc' dir='ltr'><strong>ἴση</strong></span> <span class='ocrx_word' id='word_1_235' title='bbox 2937 1791 3146 1859; x_wconf 84' lang='grc' dir='ltr'>γίνεται</span> <span class='ocrx_word' id='word_1_236' title='bbox 3177 1793 3358 1862; x_wconf 71' lang='grc' dir='ltr'>ψῆφος</span> <span class='ocrx_word' id='word_1_237' title='bbox 3379 1831 3392 1852; x_wconf 95' lang='grc'><strong>,</strong></span> <span class='ocrx_word' id='word_1_238' title='bbox 3425 1792 3504 1845; x_wconf 80' lang='grc' dir='ltr'>οἶα</span> <span class='ocrx_word' id='word_1_239' title='bbox 3529 1793 3572 1844; x_wconf 83' lang='grc' dir='ltr'><strong>δ’</strong></span> <span class='ocrx_word' id='word_1_240' title='bbox 3602 1793 3657 1846; x_wconf 81' lang='grc' dir='ltr'>ἂν</span> 
     </span>
    </p>
   </div>
   <div class='ocr_carea' id='block_1_33' title="bbox 560 1863 2131 1956">
    <p class='ocr_par' dir='ltr' id='par_1_33' title="bbox 560 1863 2128 1940">
     <span class='ocr_line' id='line_1_33' title="bbox 560 1863 2128 1940; baseline 0.006 -24"><span class='ocrx_word' id='word_1_241' title='bbox 560 1863 658 1918; x_wconf 88' lang='lat' dir='ltr'><strong>tibi</strong></span> <span class='ocrx_word' id='word_1_242' title='bbox 689 1865 950 1934; x_wconf 85' lang='lat' dir='ltr'><strong>quidquid</strong></span> <span class='ocrx_word' id='word_1_243' title='bbox 980 1881 1045 1920; x_wconf 79' lang='lat' dir='ltr'><strong>ex</strong></span> <span class='ocrx_word' id='word_1_244' title='bbox 1094 1865 1202 1921; x_wconf 90' lang='lat' dir='ltr'><strong>Deo</strong></span> <span class='ocrx_word' id='word_1_245' title='bbox 1243 1868 1592 1924; x_wconf 87' lang='lat' dir='ltr'><strong>commodum</strong></span> <span class='ocrx_word' id='word_1_246' title='bbox 1631 1877 1715 1923; x_wconf 88' lang='lat' dir='ltr'><strong>est</strong></span> <span class='ocrx_word' id='word_1_247' title='bbox 1757 1873 1940 1924; x_wconf 88' lang='lat' dir='ltr'><strong>animo</strong></span> <span class='ocrx_word' id='word_1_248' title='bbox 1981 1871 2128 1940; x_wconf 84' lang='lat' dir='ltr'><strong>inge-</strong></span> 
     </span>
    </p>
   </div>
   <div class='ocr_carea' id='block_1_34' title="bbox 2238 1863 3742 1956">
    <p class='ocr_par' dir='ltr' id='par_1_34' title="bbox 2238 1863 3742 1956">
     <span class='ocr_line' id='line_1_34' title="bbox 2238 1863 3742 1956; baseline 0.006 -26"><span class='ocrx_word' id='word_1_249' title='bbox 2238 1877 2261 1931; x_wconf 68' lang='grc' dir='ltr'><strong>λ</strong></span> <span class='ocrx_word' id='word_1_250' title='bbox 2293 1878 2401 1950; x_wconf 80' lang='grc' dir='ltr'><strong>γὰρ</strong></span> <span class='ocrx_word' id='word_1_251' title='bbox 2453 1880 2545 1932; x_wconf 73' lang='grc' dir='ltr'>ἐπὶ</span> <span class='ocrx_word' id='word_1_252' title='bbox 2597 1883 2824 1934; x_wconf 88' lang='grc' dir='ltr'>σεαυτοῦ</span> <span class='ocrx_word' id='word_1_253' title='bbox 2859 1883 3035 1956; x_wconf 80' lang='grc' dir='ltr'>γνῷς,</span> <span class='ocrx_word' id='word_1_254' title='bbox 3067 1883 3239 1938; x_wconf 82' lang='grc' dir='ltr'><strong>ταῦτά</strong></span> <span class='ocrx_word' id='word_1_255' title='bbox 3269 1901 3353 1937; x_wconf 87' lang='grc' dir='ltr'><strong>σοι</strong></span> <span class='ocrx_word' id='word_1_256' title='bbox 3403 1884 3488 1938; x_wconf 86' lang='grc' dir='ltr'><strong>διὰ</strong></span> <span class='ocrx_word' id='word_1_257' title='bbox 3510 1887 3598 1956; x_wconf 80' lang='grc' dir='ltr'>τῆς</span> <span class='ocrx_word' id='word_1_258' title='bbox 3626 1863 3742 1950; x_wconf 67' lang='grc' dir='ltr'>θείας</span> 
     </span>
    </p>
   </div>
   <div class='ocr_carea' id='block_1_35' title="bbox 559 1959 2131 2041">
    <p class='ocr_par' dir='ltr' id='par_1_35' title="bbox 559 1959 2118 2030">
     <span class='ocr_line' id='line_1_35' title="bbox 559 1959 2118 2030; baseline 0.006 -22"><span class='ocrx_word' id='word_1_259' title='bbox 559 1970 669 2010; x_wconf 87' lang='lat' dir='ltr'><strong>nuo</strong></span> <span class='ocrx_word' id='word_1_260' title='bbox 699 1965 862 2026; x_wconf 91' lang='lat' dir='ltr'><strong>atque</strong></span> <span class='ocrx_word' id='word_1_261' title='bbox 891 1959 1062 2013; x_wconf 90' lang='lat' dir='ltr'><strong>libero</strong></span> <span class='ocrx_word' id='word_1_262' title='bbox 1092 1959 1158 2014; x_wconf 87' lang='lat' dir='ltr'><strong>ad</strong></span> <span class='ocrx_word' id='word_1_263' title='bbox 1185 1961 1468 2014; x_wconf 86' lang='lat' dir='ltr'><strong>arbitrium</strong></span> <span class='ocrx_word' id='word_1_264' title='bbox 1497 1960 1736 2014; x_wconf 88' lang='lat' dir='ltr'><strong>habere:</strong></span> <span class='ocrx_word' id='word_1_265' title='bbox 1770 1961 1882 2030; x_wconf 82' lang='lat' dir='ltr'><strong>ipse</strong></span> <span class='ocrx_word' id='word_1_266' title='bbox 1911 1963 2006 2016; x_wconf 89' lang='lat' dir='ltr'><strong>tibi</strong></span> <span class='ocrx_word' id='word_1_267' title='bbox 2041 1964 2118 2018; x_wconf 90' lang='lat' dir='ltr'><strong>sis</strong></span> 
     </span>
    </p>
   </div>
   <div class='ocr_carea' id='block_1_36' title="bbox 2238 1959 2836 2041">
    <p class='ocr_par' dir='ltr' id='par_1_36' title="bbox 2238 1968 2836 2041">
     <span class='ocr_line' id='line_1_36' title="bbox 2238 1968 2836 2041; baseline 0.012 -23"><span class='ocrx_word' id='word_1_268' title='bbox 2238 1968 2458 2037; x_wconf 65' lang='grc' dir='ltr'>κρίσεως</span> <span class='ocrx_word' id='word_1_269' title='bbox 2492 1970 2836 2041; x_wconf 75' lang='grc' dir='ltr'>ὲπεκυρώθη.</span> 
     </span>
    </p>
   </div>
   <div class='ocr_carea' id='block_1_37' title="bbox 556 2050 3742 2130">
    <p class='ocr_par' dir='ltr' id='par_1_37' title="bbox 556 2050 3742 2130">
     <span class='ocr_line' id='line_1_37' title="bbox 556 2050 3742 2130; baseline 0.006 -28"><span class='ocrx_word' id='word_1_270' title='bbox 556 2050 760 2121; x_wconf 73' lang='lat' dir='ltr'><strong>iudex,</strong></span> <span class='ocrx_word' id='word_1_271' title='bbox 797 2051 910 2120; x_wconf 83' lang='lat' dir='ltr'><strong>ipse</strong></span> <span class='ocrx_word' id='word_1_272' title='bbox 942 2061 992 2105; x_wconf 91' lang='lat' dir='ltr'><strong>te</strong></span> <span class='ocrx_word' id='word_1_273' title='bbox 1025 2059 1116 2105; x_wconf 90' lang='lat' dir='ltr'><strong>tua</strong></span> <span class='ocrx_word' id='word_1_274' title='bbox 1146 2052 1414 2106; x_wconf 88' lang='lat' dir='ltr'><strong>sententia</strong></span> <span class='ocrx_word' id='word_1_275' title='bbox 1445 2051 1665 2106; x_wconf 89' lang='lat' dir='ltr'><strong>absolve</strong></span> <span class='ocrx_word' id='word_1_276' title='bbox 1703 2067 1767 2106; x_wconf 88' lang='lat' dir='ltr'><strong>ac</strong></span> <span class='ocrx_word' id='word_1_277' title='bbox 1807 2067 2000 2107; x_wconf 79' lang='lat' dir='ltr'><strong>serva:</strong></span> <span class='ocrx_word' id='word_1_278' title='bbox 2033 2054 2232 2108; x_wconf 87' lang='lat' dir='ltr'><strong>remitti</strong></span> <span class='ocrx_word' id='word_1_279' title='bbox 2263 2057 2362 2110; x_wconf 90' lang='lat' dir='ltr'><strong>tibi</strong></span> <span class='ocrx_word' id='word_1_280' title='bbox 2409 2073 2436 2112; x_wconf 88' lang='lat' dir='ltr'><strong>a</strong></span> <span class='ocrx_word' id='word_1_281' title='bbox 2487 2058 2594 2114; x_wconf 89' lang='lat' dir='ltr'><strong>Deo</strong></span> <span class='ocrx_word' id='word_1_282' title='bbox 2655 2061 2836 2116; x_wconf 88' lang='lat' dir='ltr'><strong>debita</strong></span> <span class='ocrx_word' id='word_1_283' title='bbox 2901 2061 3214 2119; x_wconf 83' lang='lat' dir='ltr'><strong>desiderans</strong></span> <span class='ocrx_word' id='word_1_284' title='bbox 3237 2104 3254 2127; x_wconf 91' lang='lat'><strong>,</strong></span> <span class='ocrx_word' id='word_1_285' title='bbox 3323 2073 3382 2118; x_wconf 87' lang='lat' dir='ltr'><strong>tu</strong></span> <span class='ocrx_word' id='word_1_286' title='bbox 3429 2065 3654 2130; x_wconf 88' lang='lat' dir='ltr'><strong>dimitte,</strong></span> <span class='ocrx_word' id='word_1_287' title='bbox 3703 2078 3742 2123; x_wconf 86' lang='lat' dir='ltr'><strong>ct</strong></span> 
     </span>
    </p>
   </div>
   <div class='ocr_carea' id='block_1_38' title="bbox 561 2142 3745 2226">
    <p class='ocr_par' dir='ltr' id='par_1_38' title="bbox 561 2142 3745 2226">
     <span class='ocr_line' id='line_1_38' title="bbox 561 2142 3745 2226; baseline 0.005 -30"><span class='ocrx_word' id='word_1_288' title='bbox 561 2142 706 2198; x_wconf 89' lang='lat' dir='ltr'><strong>Deus</strong></span> <span class='ocrx_word' id='word_1_289' title='bbox 735 2143 1036 2198; x_wconf 87' lang='lat' dir='ltr'><strong>decreverit</strong></span> <span class='ocrx_word' id='word_1_290' title='bbox 1063 2155 1224 2213; x_wconf 86' lang='lat' dir='ltr'><strong>atque</strong></span> <span class='ocrx_word' id='word_1_291' title='bbox 1257 2145 1579 2198; x_wconf 87' lang='lat' dir='ltr'><strong>sententiam</strong></span> <span class='ocrx_word' id='word_1_292' title='bbox 1613 2145 1816 2200; x_wconf 85' lang='lat' dir='ltr'><strong>tulerit.</strong></span> <span class='ocrx_word' id='word_1_293' title='bbox 1847 2143 1981 2198; x_wconf 84' lang='lat' dir='ltr'><strong>Nam</strong></span> <span class='ocrx_word' id='word_1_294' title='bbox 2009 2147 2216 2214; x_wconf 89' lang='lat' dir='ltr'><strong>judicio</strong></span> <span class='ocrx_word' id='word_1_295' title='bbox 2242 2149 2309 2204; x_wconf 91' lang='lat' dir='ltr'><strong>de</strong></span> <span class='ocrx_word' id='word_1_296' title='bbox 2338 2153 2614 2220; x_wconf 83' lang='lat' dir='ltr'><strong>proximo,</strong></span> <span class='ocrx_word' id='word_1_297' title='bbox 2654 2153 2800 2224; x_wconf 90' lang='lat' dir='ltr'><strong>quod</strong></span> <span class='ocrx_word' id='word_1_298' title='bbox 2871 2155 2926 2208; x_wconf 89' lang='lat' dir='ltr'><strong>in</strong></span> <span class='ocrx_word' id='word_1_299' title='bbox 2993 2166 3084 2208; x_wconf 91' lang='lat' dir='ltr'><strong>tua</strong></span> <span class='ocrx_word' id='word_1_300' title='bbox 3149 2166 3418 2225; x_wconf 87' lang='lat' dir='ltr'><strong>potestate</strong></span> <span class='ocrx_word' id='word_1_301' title='bbox 3459 2167 3567 2220; x_wconf 78' lang='lat' dir='ltr'><strong>est,</strong></span> <span class='ocrx_word' id='word_1_302' title='bbox 3604 2161 3745 2226; x_wconf 81' lang='lat' dir='ltr'><strong>quale-</strong></span> 
     </span>
    </p>
   </div>
   <div class='ocr_carea' id='block_1_39' title="bbox 561 2233 3742 2320">
    <p class='ocr_par' dir='ltr' id='par_1_39' title="bbox 561 2233 3742 2320">
     <span class='ocr_line' id='line_1_39' title="bbox 561 2233 3742 2320; baseline 0.005 -31"><span class='ocrx_word' id='word_1_303' title='bbox 561 2249 779 2306; x_wconf 85' lang='lat' dir='ltr'><strong>cunque</strong></span> <span class='ocrx_word' id='word_1_304' title='bbox 809 2233 1004 2300; x_wconf 83' lang='lat' dir='ltr'><strong>fuerit,</strong></span> <span class='ocrx_word' id='word_1_305' title='bbox 1045 2237 1312 2290; x_wconf 88' lang='lat' dir='ltr'><strong>sententia</strong></span> <span class='ocrx_word' id='word_1_306' title='bbox 1344 2251 1443 2306; x_wconf 88' lang='lat' dir='ltr'><strong>par</strong></span> <span class='ocrx_word' id='word_1_307' title='bbox 1487 2237 1592 2290; x_wconf 90' lang='lat' dir='ltr'><strong>erit</strong></span> <span class='ocrx_word' id='word_1_308' title='bbox 1631 2245 1686 2290; x_wconf 90' lang='lat' dir='ltr'><strong>et</strong></span> <span class='ocrx_word' id='word_1_309' title='bbox 1734 2238 2120 2308; x_wconf 81' lang='lat' dir='ltr'><strong>respondebit:</strong></span> <span class='ocrx_word' id='word_1_310' title='bbox 2164 2257 2284 2310; x_wconf 79' lang='lat' dir='ltr'><strong>qua:</strong></span> <span class='ocrx_word' id='word_1_311' title='bbox 2313 2246 2456 2298; x_wconf 87' lang='lat' dir='ltr'><strong>enim</strong></span> <span class='ocrx_word' id='word_1_312' title='bbox 2489 2248 2630 2316; x_wconf 89' lang='lat' dir='ltr'><strong>apud</strong></span> <span class='ocrx_word' id='word_1_313' title='bbox 2663 2256 2716 2302; x_wconf 90' lang='lat' dir='ltr'><strong>te</strong></span> <span class='ocrx_word' id='word_1_314' title='bbox 2748 2249 3038 2314; x_wconf 88' lang='lat' dir='ltr'><strong>statueris,</strong></span> <span class='ocrx_word' id='word_1_315' title='bbox 3073 2250 3186 2304; x_wconf 65' lang='lat' dir='ltr'><strong>haec</strong></span> <span class='ocrx_word' id='word_1_316' title='bbox 3219 2250 3318 2304; x_wconf 87' lang='lat' dir='ltr'><strong>tibi</strong></span> <span class='ocrx_word' id='word_1_317' title='bbox 3393 2267 3486 2320; x_wconf 88' lang='lat' dir='ltr'><strong>per</strong></span> <span class='ocrx_word' id='word_1_318' title='bbox 3544 2251 3742 2306; x_wconf 81' lang='lat' dir='ltr'><strong>divinum</strong></span> 
     </span>
    </p>
   </div>
   <div class='ocr_carea' id='block_1_40' title="bbox 557 2323 1334 2393">
    <p class='ocr_par' dir='ltr' id='par_1_40' title="bbox 557 2323 1334 2393">
     <span class='ocr_line' id='line_1_40' title="bbox 557 2323 1334 2393; baseline 0.003 -17"><span class='ocrx_word' id='word_1_319' title='bbox 557 2323 825 2393; x_wconf 86' lang='lat' dir='ltr'><strong>judicium</strong></span> <span class='ocrx_word' id='word_1_320' title='bbox 854 2323 1334 2380; x_wconf 69' lang='lat' dir='ltr'><strong>continuabuntur.</strong></span> 
     </span>
    </p>
   </div>
   <div class='ocr_carea' id='block_1_41' title="bbox 633 2415 2128 2491">
    <p class='ocr_par' dir='ltr' id='par_1_41' title="bbox 633 2415 2128 2491">
     <span class='ocr_line' id='line_1_41' title="bbox 633 2415 2128 2491; baseline 0.003 -19"><span class='ocrx_word' id='word_1_321' title='bbox 633 2415 738 2472; x_wconf 86' lang='lat' dir='ltr'><strong>Sed</strong></span> <span class='ocrx_word' id='word_1_322' title='bbox 769 2417 864 2486; x_wconf 92' lang='lat' dir='ltr'><strong>qui</strong></span> <span class='ocrx_word' id='word_1_323' title='bbox 895 2419 1068 2486; x_wconf 88' lang='lat' dir='ltr'><strong>possit</strong></span> <span class='ocrx_word' id='word_1_324' title='bbox 1094 2418 1293 2487; x_wconf 86' lang='lat' dir='ltr'><strong>aliquis</strong></span> <span class='ocrx_word' id='word_1_325' title='bbox 1321 2432 1418 2488; x_wconf 90' lang='lat' dir='ltr'><strong>pro</strong></span> <span class='ocrx_word' id='word_1_326' title='bbox 1449 2418 1714 2488; x_wconf 79' lang='lat' dir='ltr'><strong>dignitate</strong></span> <span class='ocrx_word' id='word_1_327' title='bbox 1743 2423 2016 2491; x_wconf 78' lang='lat' dir='ltr'><strong>explicare</strong></span> <span class='ocrx_word' id='word_1_328' title='bbox 2045 2423 2128 2478; x_wconf 91' lang='lat' dir='ltr'><strong>di-</strong></span> 
     </span>
    </p>
   </div>
   <div class='ocr_carea' id='block_1_42' title="bbox 559 2511 2128 2582">
    <p class='ocr_par' dir='ltr' id='par_1_42' title="bbox 559 2511 2128 2582">
     <span class='ocr_line' id='line_1_42' title="bbox 559 2511 2128 2582; baseline -0.001 -14"><span class='ocrx_word' id='word_1_329' title='bbox 559 2515 704 2568; x_wconf 68' lang='lat' dir='ltr'><strong>vinae</strong></span> <span class='ocrx_word' id='word_1_330' title='bbox 729 2515 878 2568; x_wconf 90' lang='lat' dir='ltr'><strong>vocis</strong></span> <span class='ocrx_word' id='word_1_331' title='bbox 928 2513 1383 2582; x_wconf 84' lang='lat' dir='ltr'><strong>amplitudinem?</strong></span> <span class='ocrx_word' id='word_1_332' title='bbox 1413 2511 1643 2581; x_wconf 89' lang='lat' dir='ltr'><strong>Superat</strong></span> <span class='ocrx_word' id='word_1_333' title='bbox 1687 2513 1740 2568; x_wconf 91' lang='lat' dir='ltr'><strong>id</strong></span> <span class='ocrx_word' id='word_1_334' title='bbox 1787 2514 1932 2582; x_wconf 91' lang='lat' dir='ltr'><strong>quod</strong></span> <span class='ocrx_word' id='word_1_335' title='bbox 1967 2515 2128 2568; x_wconf 89' lang='lat' dir='ltr'><strong>intel—</strong></span> 
     </span>
    </p>
   </div>
   <div class='ocr_carea' id='block_1_43' title="bbox 560 2605 2131 2677">
    <p class='ocr_par' dir='ltr' id='par_1_43' title="bbox 560 2605 2131 2677">
     <span class='ocr_line' id='line_1_43' title="bbox 560 2605 2131 2677; baseline -0.001 -17"><span class='ocrx_word' id='word_1_336' title='bbox 560 2607 742 2677; x_wconf 85' lang='lat' dir='ltr'><strong>ligitur</strong></span> <span class='ocrx_word' id='word_1_337' title='bbox 791 2620 910 2660; x_wconf 91' lang='lat' dir='ltr'><strong>eam</strong></span> <span class='ocrx_word' id='word_1_338' title='bbox 975 2619 1096 2672; x_wconf 70' lang='lat' dir='ltr'><strong>quae</strong></span> <span class='ocrx_word' id='word_1_339' title='bbox 1147 2605 1329 2659; x_wconf 87' lang='lat' dir='ltr'><strong>verbis</strong></span> <span class='ocrx_word' id='word_1_340' title='bbox 1393 2605 1510 2658; x_wconf 84' lang='lat' dir='ltr'><strong>ﬁeri</strong></span> <span class='ocrx_word' id='word_1_341' title='bbox 1573 2605 1748 2673; x_wconf 89' lang='lat' dir='ltr'><strong>possit</strong></span> <span class='ocrx_word' id='word_1_342' title='bbox 1811 2606 2131 2674; x_wconf 84' lang='lat' dir='ltr'><strong>explicatio-</strong></span> 
     </span>
    </p>
   </div>
   <div class='ocr_carea' id='block_1_44' title="bbox 560 2695 2128 2752">
    <p class='ocr_par' dir='ltr' id='par_1_44' title="bbox 560 2695 2128 2752">
     <span class='ocr_line' id='line_1_44' title="bbox 560 2695 2128 2752; baseline -0.003 0"><span class='ocrx_word' id='word_1_343' title='bbox 560 2712 707 2752; x_wconf 87' lang='lat' dir='ltr'><strong>nem.</strong></span> <span class='ocrx_word' id='word_1_344' title='bbox 734 2695 956 2748; x_wconf 77' lang='lat' dir='ltr'><strong>liemitte</strong></span> <span class='ocrx_word' id='word_1_345' title='bbox 987 2695 1136 2747; x_wconf 80' lang='lat' dir='ltr'><strong>nobis</strong></span> <span class='ocrx_word' id='word_1_346' title='bbox 1162 2695 1338 2748; x_wconf 84' lang='lat' dir='ltr'><strong>debita</strong></span> <span class='ocrx_word' id='word_1_347' title='bbox 1364 2704 1544 2748; x_wconf 84' lang='lat' dir='ltr'><strong>nostra</strong></span> <span class='ocrx_word' id='word_1_348' title='bbox 1575 2697 1712 2749; x_wconf 78' lang='lat' dir='ltr'><strong>sicut</strong></span> <span class='ocrx_word' id='word_1_349' title='bbox 1739 2705 1788 2748; x_wconf 83' lang='lat' dir='ltr'><strong>et</strong></span> <span class='ocrx_word' id='word_1_350' title='bbox 1821 2713 1914 2748; x_wconf 85' lang='lat' dir='ltr'><strong>nos</strong></span> <span class='ocrx_word' id='word_1_351' title='bbox 1947 2696 2128 2749; x_wconf 87' lang='lat' dir='ltr'><strong>remit-</strong></span> 
     </span>
    </p>
   </div>
   <div class='ocr_carea' id='block_1_45' title="bbox 563 2784 2130 2856">
    <p class='ocr_par' dir='ltr' id='par_1_45' title="bbox 563 2784 2130 2856">
     <span class='ocr_line' id='line_1_45' title="bbox 563 2784 2130 2856; baseline -0.002 -16"><span class='ocrx_word' id='word_1_352' title='bbox 563 2789 724 2840; x_wconf 76' lang='lat' dir='ltr'><strong>timus</strong></span> <span class='ocrx_word' id='word_1_353' title='bbox 747 2786 1072 2840; x_wconf 76' lang='lat' dir='ltr'><strong>debitoribus</strong></span> <span class='ocrx_word' id='word_1_354' title='bbox 1101 2786 1316 2840; x_wconf 76' lang='lat' dir='ltr'><strong>nostris.</strong></span> <span class='ocrx_word' id='word_1_355' title='bbox 1347 2784 1482 2839; x_wconf 84' lang='lat' dir='ltr'><strong>Nam</strong></span> <span class='ocrx_word' id='word_1_356' title='bbox 1521 2799 1642 2856; x_wconf 73' lang='lat' dir='ltr'><strong>quae</strong></span> <span class='ocrx_word' id='word_1_357' title='bbox 1667 2785 1734 2840; x_wconf 90' lang='lat' dir='ltr'><strong>de</strong></span> <span class='ocrx_word' id='word_1_358' title='bbox 1762 2787 1864 2839; x_wconf 93' lang='lat' dir='ltr'><strong>hoc</strong></span> <span class='ocrx_word' id='word_1_359' title='bbox 1889 2786 2130 2838; x_wconf 85' lang='lat' dir='ltr'><strong>animum</strong></span> 
     </span>
    </p>
   </div>
   <div class='ocr_carea' id='block_1_46' title="bbox 561 2877 2132 2948">
    <p class='ocr_par' dir='ltr' id='par_1_46' title="bbox 561 2877 2132 2948">
     <span class='ocr_line' id='line_1_46' title="bbox 561 2877 2132 2948; baseline -0.003 -14"><span class='ocrx_word' id='word_1_360' title='bbox 561 2895 741 2935; x_wconf 88' lang='lat' dir='ltr'><strong>meum</strong></span> <span class='ocrx_word' id='word_1_361' title='bbox 775 2880 922 2935; x_wconf 90' lang='lat' dir='ltr'><strong>subit</strong></span> <span class='ocrx_word' id='word_1_362' title='bbox 955 2878 1219 2948; x_wconf 82' lang='lat' dir='ltr'><strong>cogitare,</strong></span> <span class='ocrx_word' id='word_1_363' title='bbox 1269 2878 1614 2932; x_wconf 87' lang='lat' dir='ltr'><strong>temerarium</strong></span> <span class='ocrx_word' id='word_1_364' title='bbox 1660 2877 1877 2946; x_wconf 86' lang='lat' dir='ltr'><strong>quidem</strong></span> <span class='ocrx_word' id='word_1_365' title='bbox 1917 2885 2002 2932; x_wconf 88' lang='lat' dir='ltr'><strong>est</strong></span> <span class='ocrx_word' id='word_1_366' title='bbox 2047 2877 2132 2931; x_wconf 88' lang='lat' dir='ltr'><strong>vel</strong></span> 
     </span>
    </p>
   </div>
   <div class='ocr_carea' id='block_1_47' title="bbox 563 2970 2134 3040">
    <p class='ocr_par' dir='ltr' id='par_1_47' title="bbox 563 2970 2134 3040">
     <span class='ocr_line' id='line_1_47' title="bbox 563 2970 2134 3040; baseline -0.002 -14"><span class='ocrx_word' id='word_1_367' title='bbox 563 2981 746 3026; x_wconf 89' lang='lat' dir='ltr'><strong>mente</strong></span> <span class='ocrx_word' id='word_1_368' title='bbox 793 2971 1122 3040; x_wconf 87' lang='lat' dir='ltr'><strong>concipere,</strong></span> <span class='ocrx_word' id='word_1_369' title='bbox 1176 2971 1528 3024; x_wconf 88' lang='lat' dir='ltr'><strong>temerarium</strong></span> <span class='ocrx_word' id='word_1_370' title='bbox 1573 2971 1702 3024; x_wconf 88' lang='lat' dir='ltr'><strong>item</strong></span> <span class='ocrx_word' id='word_1_371' title='bbox 1758 2971 1840 3024; x_wconf 87' lang='lat' dir='ltr'><strong>vel</strong></span> <span class='ocrx_word' id='word_1_372' title='bbox 1885 2970 2134 3023; x_wconf 82' lang='lat' dir='ltr'><strong>oratione</strong></span> 
     </span>
    </p>
   </div>
   <div class='ocr_carea' id='block_1_48' title="bbox 560 3058 2132 3131">
    <p class='ocr_par' dir='ltr' id='par_1_48' title="bbox 560 3058 2132 3131">
     <span class='ocr_line' id='line_1_48' title="bbox 560 3058 2132 3131; baseline -0.002 -15"><span class='ocrx_word' id='word_1_373' title='bbox 560 3061 942 3131; x_wconf 77' lang='lat' dir='ltr'><strong>cogitationem</strong></span> <span class='ocrx_word' id='word_1_374' title='bbox 969 3067 1022 3114; x_wconf 90' lang='lat' dir='ltr'><strong>et</strong></span> <span class='ocrx_word' id='word_1_375' title='bbox 1049 3061 1248 3114; x_wconf 87' lang='lat' dir='ltr'><strong>mentis</strong></span> <span class='ocrx_word' id='word_1_376' title='bbox 1273 3067 1600 3128; x_wconf 89' lang='lat' dir='ltr'><strong>conceptum</strong></span> <span class='ocrx_word' id='word_1_377' title='bbox 1629 3058 1938 3128; x_wconf 79' lang='lat' dir='ltr'><strong>patefacere</strong></span> <span class='ocrx_word' id='word_1_378' title='bbox 1969 3067 2132 3128; x_wconf 83' lang='lat' dir='ltr'><strong>atque</strong></span> 
     </span>
    </p>
   </div>
   <div class='ocr_carea' id='block_1_49' title="bbox 561 3150 2139 3222">
    <p class='ocr_par' dir='ltr' id='par_1_49' title="bbox 561 3150 2139 3222">
     <span class='ocr_line' id='line_1_49' title="bbox 561 3150 2139 3222; baseline -0.001 -16"><span class='ocrx_word' id='word_1_379' title='bbox 561 3155 793 3222; x_wconf 86' lang='lat' dir='ltr'><strong>aperire.</strong></span> <span class='ocrx_word' id='word_1_380' title='bbox 837 3151 980 3218; x_wconf 86' lang='lat' dir='ltr'><strong>Quid</strong></span> <span class='ocrx_word' id='word_1_381' title='bbox 1006 3153 1148 3206; x_wconf 90' lang='lat' dir='ltr'><strong>enim</strong></span> <span class='ocrx_word' id='word_1_382' title='bbox 1181 3152 1440 3222; x_wconf 82' lang='lat' dir='ltr'><strong>estquod</strong></span> <span class='ocrx_word' id='word_1_383' title='bbox 1482 3152 1726 3206; x_wconf 87' lang='lat' dir='ltr'><strong>dicitur?</strong></span> <span class='ocrx_word' id='word_1_384' title='bbox 1773 3150 2139 3216; x_wconf 81' lang='lat' dir='ltr'><strong>Quemadmo-</strong></span> 
     </span>
    </p>
   </div>
   <div class='ocr_carea' id='block_1_50' title="bbox 2316 2401 3842 2496">
    <p class='ocr_par' dir='ltr' id='par_1_50' title="bbox 2316 2401 3842 2496">
     <span class='ocr_line' id='line_1_50' title="bbox 2316 2401 3842 2496; baseline 0.011 -22"><span class='ocrx_word' id='word_1_385' title='bbox 2316 2421 2473 2475; x_wconf 78' lang='grc' dir='ltr'>Ἀλλὰ</span> <span class='ocrx_word' id='word_1_386' title='bbox 2511 2423 2624 2486; x_wconf 81' lang='grc' dir='ltr'><strong>πῶς</strong></span> <span class='ocrx_word' id='word_1_387' title='bbox 2651 2423 2716 2476; x_wconf 84' lang='grc' dir='ltr'>ἄν</span> <span class='ocrx_word' id='word_1_388' title='bbox 2749 2441 2832 2487; x_wconf 87' lang='grc' dir='ltr'><strong>τις</strong></span> <span class='ocrx_word' id='word_1_389' title='bbox 2863 2425 2996 2495; x_wconf 77' lang='grc' dir='ltr'>πρὸς</span> <span class='ocrx_word' id='word_1_390' title='bbox 3019 2423 3175 2489; x_wconf 84' lang='grc' dir='ltr'>ἀξίαν</span> <span class='ocrx_word' id='word_1_391' title='bbox 3218 2425 3278 2477; x_wconf 78' lang='grc' dir='ltr'><strong>τὸ</strong></span> <span class='ocrx_word' id='word_1_392' title='bbox 3334 2425 3645 2494; x_wconf 79' lang='grc' dir='ltr'>μεγαλοφυὲς</span> <span class='ocrx_word' id='word_1_393' title='bbox 3671 2429 3744 2496; x_wconf 67' lang='grc' dir='ltr'><strong>τῆς</strong></span> <span class='ocrx_word' id='word_1_394' title='bbox 3832 2401 3842 2418; x_wconf 38' lang='grc'><strong>1</strong></span> 
     </span>
    </p>
   </div>
   <div class='ocr_carea' id='block_1_51' title="bbox 2233 2511 3744 2584">
    <p class='ocr_par' dir='ltr' id='par_1_51' title="bbox 2233 2511 3744 2584">
     <span class='ocr_line' id='line_1_51' title="bbox 2233 2511 3744 2584; baseline 0.003 -21"><span class='ocrx_word' id='word_1_395' title='bbox 2233 2511 2379 2574; x_wconf 80' lang='grc' dir='ltr'>θείας</span> <span class='ocrx_word' id='word_1_396' title='bbox 2417 2515 2598 2582; x_wconf 78' lang='grc' dir='ltr'>φωνῆς</span> <span class='ocrx_word' id='word_1_397' title='bbox 2633 2511 3020 2582; x_wconf 54' lang='grc' dir='ltr'>ἐκκαλύψειειη</span> <span class='ocrx_word' id='word_1_398' title='bbox 3063 2513 3413 2583; x_wconf 72' lang='grc' dir='ltr'>’Υπερϐαίνει</span> <span class='ocrx_word' id='word_1_399' title='bbox 3459 2515 3551 2584; x_wconf 77' lang='grc' dir='ltr'><strong>τὴν</strong></span> <span class='ocrx_word' id='word_1_400' title='bbox 3587 2517 3640 2567; x_wconf 77' lang='grc' dir='ltr'>ἐκ</span> <span class='ocrx_word' id='word_1_401' title='bbox 3666 2517 3744 2568; x_wconf 74' lang='grc' dir='ltr'><strong>τῶν</strong></span> 
     </span>
    </p>
   </div>
   <div class='ocr_carea' id='block_1_52' title="bbox 2233 2603 3744 2674">
    <p class='ocr_par' dir='ltr' id='par_1_52' title="bbox 2233 2603 3744 2674">
     <span class='ocr_line' id='line_1_52' title="bbox 2233 2603 3744 2674; baseline 0.001 -20"><span class='ocrx_word' id='word_1_402' title='bbox 2233 2603 2403 2670; x_wconf 80' lang='grc' dir='ltr'>λόγοιν</span> <span class='ocrx_word' id='word_1_403' title='bbox 2441 2603 2734 2673; x_wconf 77' lang='grc' dir='ltr'>ἑρμηνείαν</span> <span class='ocrx_word' id='word_1_404' title='bbox 2781 2605 2840 2655; x_wconf 76' lang='grc' dir='ltr'><strong>τὸ</strong></span> <span class='ocrx_word' id='word_1_405' title='bbox 2879 2604 3072 2672; x_wconf 76' lang='grc' dir='ltr'>ὄνομα·</span> <span class='ocrx_word' id='word_1_406' title='bbox 3113 2607 3294 2673; x_wconf 59' lang='grc' dir='ltr'>’Ἄφες</span> <span class='ocrx_word' id='word_1_407' title='bbox 3345 2604 3487 2673; x_wconf 72' lang='grc' dir='ltr'><strong>ἡμῖν</strong></span> <span class='ocrx_word' id='word_1_408' title='bbox 3537 2605 3600 2658; x_wconf 85' lang='grc' dir='ltr'>τὰ</span> <span class='ocrx_word' id='word_1_409' title='bbox 3623 2607 3744 2674; x_wconf 58' lang='grc' dir='ltr'>ὀρει-</span> 
     </span>
    </p>
   </div>
   <div class='ocr_carea' id='block_1_53' title="bbox 2235 2693 3746 2766">
    <p class='ocr_par' dir='ltr' id='par_1_53' title="bbox 2235 2693 3746 2766">
     <span class='ocr_line' id='line_1_53' title="bbox 2235 2693 3746 2766; baseline -0.001 -17"><span class='ocrx_word' id='word_1_410' title='bbox 2235 2695 2470 2763; x_wconf 74' lang='grc' dir='ltr'>λήματα</span> <span class='ocrx_word' id='word_1_411' title='bbox 2501 2693 2687 2764; x_wconf 79' lang='grc' dir='ltr'>ήμῶν,</span> <span class='ocrx_word' id='word_1_412' title='bbox 2718 2696 2798 2760; x_wconf 88' lang='grc' dir='ltr'>ὡς</span> <span class='ocrx_word' id='word_1_413' title='bbox 2827 2695 2924 2748; x_wconf 80' lang='grc' dir='ltr'>καὶ</span> <span class='ocrx_word' id='word_1_414' title='bbox 2957 2695 3124 2764; x_wconf 76' lang='grc' dir='ltr'>ἡμεῖς</span> <span class='ocrx_word' id='word_1_415' title='bbox 3153 2695 3468 2766; x_wconf 65' lang='grc' dir='ltr'>ἀφήκαμεν</span> <span class='ocrx_word' id='word_1_416' title='bbox 3493 2697 3606 2760; x_wconf 76' lang='grc' dir='ltr'>τοῖς</span> <span class='ocrx_word' id='word_1_417' title='bbox 3627 2697 3746 2764; x_wconf 73' lang='grc' dir='ltr'>ὀφεί-</span> 
     </span>
    </p>
   </div>
   <div class='ocr_carea' id='block_1_54' title="bbox 2237 2784 3744 2856">
    <p class='ocr_par' dir='ltr' id='par_1_54' title="bbox 2237 2784 3744 2856">
     <span class='ocr_line' id='line_1_54' title="bbox 2237 2784 3744 2856; baseline 0.001 -19"><span class='ocrx_word' id='word_1_418' title='bbox 2237 2788 2456 2838; x_wconf 68' lang='grc' dir='ltr'>λουσιν</span> <span class='ocrx_word' id='word_1_419' title='bbox 2491 2784 2650 2852; x_wconf 71' lang='grc' dir='ltr'><strong>ἡμῖν.</strong></span> <span class='ocrx_word' id='word_1_420' title='bbox 2693 2786 2759 2835; x_wconf 82' lang='lat' dir='ltr'><strong>&quot;A</strong></span> <span class='ocrx_word' id='word_1_421' title='bbox 2802 2785 2910 2854; x_wconf 80' lang='grc' dir='ltr'>γὰρ</span> <span class='ocrx_word' id='word_1_422' title='bbox 2961 2785 3247 2856; x_wconf 82' lang='grc' dir='ltr'>ἐπέρχεταί</span> <span class='ocrx_word' id='word_1_423' title='bbox 3281 2804 3372 2856; x_wconf 90' lang='grc' dir='ltr'><strong>μοι</strong></span> <span class='ocrx_word' id='word_1_424' title='bbox 3433 2787 3552 2856; x_wconf 75' lang='grc' dir='ltr'>περὶ</span> <span class='ocrx_word' id='word_1_425' title='bbox 3599 2785 3744 2838; x_wconf 77' lang='grc' dir='ltr'>τούτου</span> 
     </span>
    </p>
   </div>
   <div class='ocr_carea' id='block_1_55' title="bbox 2239 2873 3746 2944">
    <p class='ocr_par' dir='ltr' id='par_1_55' title="bbox 2239 2873 3746 2944">
     <span class='ocr_line' id='line_1_55' title="bbox 2239 2873 3746 2944; baseline 0 -19"><span class='ocrx_word' id='word_1_426' title='bbox 2239 2876 2374 2925; x_wconf 82' lang='grc' dir='ltr'>νοεῖν</span> <span class='ocrx_word' id='word_1_427' title='bbox 2393 2915 2408 2938; x_wconf 91' lang='grc'><strong>,</strong></span> <span class='ocrx_word' id='word_1_428' title='bbox 2451 2873 2716 2942; x_wconf 82' lang='grc' dir='ltr'>τολμηρὸν</span> <span class='ocrx_word' id='word_1_429' title='bbox 2741 2873 2839 2942; x_wconf 88' lang='grc' dir='ltr'><strong>μέν</strong></span> <span class='ocrx_word' id='word_1_430' title='bbox 2868 2876 2982 2926; x_wconf 78' lang='grc' dir='ltr'>ἐστι</span> <span class='ocrx_word' id='word_1_431' title='bbox 3011 2875 3104 2926; x_wconf 73' lang='grc' dir='ltr'>καὶ</span> <span class='ocrx_word' id='word_1_432' title='bbox 3135 2875 3210 2944; x_wconf 82' lang='grc' dir='ltr'><strong>τῷ</strong></span> <span class='ocrx_word' id='word_1_433' title='bbox 3243 2875 3318 2944; x_wconf 85' lang='grc' dir='ltr'>νῷ</span> <span class='ocrx_word' id='word_1_434' title='bbox 3353 2875 3530 2927; x_wconf 78' lang='grc' dir='ltr'>λαϐεῖν</span> <span class='ocrx_word' id='word_1_435' title='bbox 3549 2915 3562 2938; x_wconf 84' lang='grc'><strong>,</strong></span> <span class='ocrx_word' id='word_1_436' title='bbox 3588 2876 3746 2944; x_wconf 82' lang='grc' dir='ltr'>τολμη-</span> 
     </span>
    </p>
   </div>
   <div class='ocr_carea' id='block_1_56' title="bbox 2245 2961 3749 3035">
    <p class='ocr_par' dir='ltr' id='par_1_56' title="bbox 2245 2961 3749 3035">
     <span class='ocr_line' id='line_1_56' title="bbox 2245 2961 3749 3035; baseline 0.002 -23"><span class='ocrx_word' id='word_1_437' title='bbox 2245 2961 2333 3032; x_wconf 79' lang='grc' dir='ltr'><strong>ρὸν</strong></span> <span class='ocrx_word' id='word_1_438' title='bbox 2359 2961 2416 3013; x_wconf 80' lang='grc' dir='ltr'>δὲ</span> <span class='ocrx_word' id='word_1_439' title='bbox 2443 2963 2534 3014; x_wconf 71' lang='grc' dir='ltr'><strong>καὶ</strong></span> <span class='ocrx_word' id='word_1_440' title='bbox 2567 2962 2707 3032; x_wconf 82' lang='grc' dir='ltr'>λόγῳ</span> <span class='ocrx_word' id='word_1_441' title='bbox 2748 2963 3072 3030; x_wconf 66' lang='grc' dir='ltr'>διακαλύψαι</span> <span class='ocrx_word' id='word_1_442' title='bbox 3103 2964 3166 3016; x_wconf 86' lang='grc' dir='ltr'><strong>τὸ</strong></span> <span class='ocrx_word' id='word_1_443' title='bbox 3200 2965 3396 3035; x_wconf 84' lang='grc' dir='ltr'>νόημα.</span> <span class='ocrx_word' id='word_1_444' title='bbox 3441 2964 3502 3017; x_wconf 87' lang='grc' dir='ltr'>Τί</span> <span class='ocrx_word' id='word_1_445' title='bbox 3545 2965 3640 3034; x_wconf 77' lang='grc' dir='ltr'><strong>γάρ</strong></span> <span class='ocrx_word' id='word_1_446' title='bbox 3663 2967 3749 3016; x_wconf 76' lang='grc' dir='ltr'>ἐστι</span> 
     </span>
    </p>
   </div>
   <div class='ocr_carea' id='block_1_57' title="bbox 2240 3049 3744 3124">
    <p class='ocr_par' dir='ltr' id='par_1_57' title="bbox 2240 3049 3744 3124">
     <span class='ocr_line' id='line_1_57' title="bbox 2240 3049 3744 3124; baseline 0.004 -22"><span class='ocrx_word' id='word_1_447' title='bbox 2240 3051 2302 3102; x_wconf 84' lang='grc' dir='ltr'><strong>τὸ</strong></span> <span class='ocrx_word' id='word_1_448' title='bbox 2323 3049 2606 3120; x_wconf 85' lang='grc' dir='ltr'>λεγόμενον</span> <span class='ocrx_word' id='word_1_449' title='bbox 2632 3067 2648 3114; x_wconf 84' lang='grc'><strong>;</strong></span> <span class='ocrx_word' id='word_1_450' title='bbox 2679 3051 2890 3121; x_wconf 72' lang='grc' dir='ltr'>Ὥσπερ</span> <span class='ocrx_word' id='word_1_451' title='bbox 2915 3053 2942 3103; x_wconf 97' lang='lat'><strong>6</strong></span> <span class='ocrx_word' id='word_1_452' title='bbox 2968 3053 3097 3116; x_wconf 75' lang='grc' dir='ltr'>Θεὸς</span> <span class='ocrx_word' id='word_1_453' title='bbox 3126 3055 3414 3124; x_wconf 84' lang='grc' dir='ltr'>πρόκειται</span> <span class='ocrx_word' id='word_1_454' title='bbox 3441 3057 3544 3119; x_wconf 83' lang='grc' dir='ltr'>τοῖς</span> <span class='ocrx_word' id='word_1_455' title='bbox 3567 3057 3620 3106; x_wconf 80' lang='grc' dir='ltr'><strong>τὸ</strong></span> <span class='ocrx_word' id='word_1_456' title='bbox 3641 3057 3744 3121; x_wconf 82' lang='grc' dir='ltr'>ἁγα-</span> 
     </span>
    </p>
   </div>
   <div class='ocr_carea' id='block_1_58' title="bbox 2243 3142 3750 3214">
    <p class='ocr_par' dir='ltr' id='par_1_58' title="bbox 2243 3142 3750 3214">
     <span class='ocr_line' id='line_1_58' title="bbox 2243 3142 3750 3214; baseline 0.002 -19"><span class='ocrx_word' id='word_1_457' title='bbox 2243 3142 2332 3195; x_wconf 85' lang='grc' dir='ltr'><strong>θὺν</strong></span> <span class='ocrx_word' id='word_1_458' title='bbox 2363 3142 2715 3212; x_wconf 77' lang='grc' dir='ltr'>κατορθοῦσιν</span> <span class='ocrx_word' id='word_1_459' title='bbox 2749 3145 2828 3206; x_wconf 82' lang='grc' dir='ltr'><strong>εἰς</strong></span> <span class='ocrx_word' id='word_1_460' title='bbox 2865 3144 3092 3214; x_wconf 83' lang='grc' dir='ltr'>μίμησιν</span> <span class='ocrx_word' id='word_1_461' title='bbox 3115 3185 3130 3208; x_wconf 89' lang='lat'><strong>,</strong></span> <span class='ocrx_word' id='word_1_462' title='bbox 3181 3145 3362 3209; x_wconf 83' lang='grc' dir='ltr'>καθὼς</span> <span class='ocrx_word' id='word_1_463' title='bbox 3397 3143 3540 3201; x_wconf 75' lang='grc' dir='ltr'>εἶπεν</span> <span class='ocrx_word' id='word_1_464' title='bbox 3573 3149 3598 3199; x_wconf 89' lang='grc' dir='ltr'>ὁ</span> <span class='ocrx_word' id='word_1_465' title='bbox 3632 3149 3750 3199; x_wconf 64' lang='grc' dir='ltr'>Ἀπί-</span> 
     </span>
    </p>
   </div>
   <div class='ocr_carea' id='block_1_59' title="bbox 559 3234 2131 3330">
    <p class='ocr_par' dir='ltr' id='par_1_59' title="bbox 559 3243 2131 3314">
     <span class='ocr_line' id='line_1_59' title="bbox 559 3243 2131 3314; baseline -0.003 -14"><span class='ocrx_word' id='word_1_466' title='bbox 559 3245 690 3300; x_wconf 88' lang='lat' dir='ltr'><strong>dum</strong></span> <span class='ocrx_word' id='word_1_467' title='bbox 725 3245 868 3300; x_wconf 90' lang='lat' dir='ltr'><strong>Deus</strong></span> <span class='ocrx_word' id='word_1_468' title='bbox 897 3245 1035 3300; x_wconf 90' lang='lat' dir='ltr'><strong>bene</strong></span> <span class='ocrx_word' id='word_1_469' title='bbox 1063 3259 1128 3298; x_wconf 89' lang='lat' dir='ltr'><strong>ac</strong></span> <span class='ocrx_word' id='word_1_470' title='bbox 1168 3251 1316 3299; x_wconf 87' lang='lat' dir='ltr'><strong>recte</strong></span> <span class='ocrx_word' id='word_1_471' title='bbox 1360 3243 1648 3314; x_wconf 81' lang='lat' dir='ltr'><strong>agentibus</strong></span> <span class='ocrx_word' id='word_1_472' title='bbox 1698 3244 1764 3297; x_wconf 86' lang='lat' dir='ltr'><strong>ad</strong></span> <span class='ocrx_word' id='word_1_473' title='bbox 1809 3243 2131 3297; x_wconf 87' lang='lat' dir='ltr'><strong>imitandum</strong></span> 
     </span>
    </p>
   </div>
   <div class='ocr_carea' id='block_1_60' title="bbox 2238 3234 3751 3330">
    <p class='ocr_par' dir='ltr' id='par_1_60' title="bbox 2247 3234 3751 3306">
     <span class='ocr_line' id='line_1_60' title="bbox 2247 3234 3751 3306; baseline 0.003 -20"><span class='ocrx_word' id='word_1_474' title='bbox 2247 3234 2424 3298; x_wconf 86' lang='grc' dir='ltr'>στολος</span> <span class='ocrx_word' id='word_1_475' title='bbox 2445 3251 2458 3262; x_wconf 88' lang='grc'><strong>·</strong></span> <span class='ocrx_word' id='word_1_476' title='bbox 2493 3235 2752 3303; x_wconf 63' lang='lat' dir='ltr'><strong>Mummi</strong></span> <span class='ocrx_word' id='word_1_477' title='bbox 2795 3253 2914 3303; x_wconf 84' lang='grc' dir='ltr'><strong>μου</strong></span> <span class='ocrx_word' id='word_1_478' title='bbox 2953 3239 3190 3304; x_wconf 74' lang='grc' dir='ltr'>γίνεσθε</span> <span class='ocrx_word' id='word_1_479' title='bbox 3215 3275 3228 3298; x_wconf 90' lang='grc'><strong>,</strong></span> <span class='ocrx_word' id='word_1_480' title='bbox 3263 3237 3457 3304; x_wconf 80' lang='grc' dir='ltr'>καθὼς</span> <span class='ocrx_word' id='word_1_481' title='bbox 3483 3239 3629 3306; x_wconf 78' lang='grc' dir='ltr'><strong>κάγὼ</strong></span> <span class='ocrx_word' id='word_1_482' title='bbox 3655 3241 3751 3306; x_wconf 78' lang='grc' dir='ltr'>Χρι-</span> 
     </span>
    </p>
   </div>
   <div class='ocr_carea' id='block_1_61' title="bbox 561 3333 2134 3409">
    <p class='ocr_par' dir='ltr' id='par_1_61' title="bbox 561 3333 2134 3409">
     <span class='ocr_line' id='line_1_61' title="bbox 561 3333 2134 3409; baseline -0.002 -17"><span class='ocrx_word' id='word_1_483' title='bbox 561 3341 874 3409; x_wconf 86' lang='lat' dir='ltr'><strong>propositus</strong></span> <span class='ocrx_word' id='word_1_484' title='bbox 899 3345 1020 3400; x_wconf 87' lang='lat' dir='ltr'><strong>est,</strong></span> <span class='ocrx_word' id='word_1_485' title='bbox 1071 3338 1212 3392; x_wconf 85' lang='lat' dir='ltr'><strong>sicut</strong></span> <span class='ocrx_word' id='word_1_486' title='bbox 1245 3337 1380 3390; x_wconf 77' lang='lat' dir='ltr'><strong>dixit</strong></span> <span class='ocrx_word' id='word_1_487' title='bbox 1421 3337 1716 3406; x_wconf 86' lang='lat' dir='ltr'><strong>Apostolus</strong></span> <span class='ocrx_word' id='word_1_488' title='bbox 1760 3355 1774 3388; x_wconf 93' lang='lat'><strong>:</strong></span> <span class='ocrx_word' id='word_1_489' title='bbox 1823 3333 2134 3389; x_wconf 78' lang='lat' dir='ltr'><strong>Imitatores</strong></span> 
     </span>
    </p>
   </div>
   <div class='ocr_carea' id='block_1_62' title="bbox 562 3427 2134 3498">
    <p class='ocr_par' dir='ltr' id='par_1_62' title="bbox 562 3427 2134 3498">
     <span class='ocr_line' id='line_1_62' title="bbox 562 3427 2134 3498; baseline -0.001 -16"><span class='ocrx_word' id='word_1_490' title='bbox 562 3431 664 3482; x_wconf 80' lang='lat' dir='ltr'><strong>mei</strong></span> <span class='ocrx_word' id='word_1_491' title='bbox 695 3439 892 3492; x_wconf 84' lang='lat' dir='ltr'><strong>estote,</strong></span> <span class='ocrx_word' id='word_1_492' title='bbox 929 3431 1064 3481; x_wconf 80' lang='lat' dir='ltr'><strong>sicut</strong></span> <span class='ocrx_word' id='word_1_493' title='bbox 1090 3437 1138 3482; x_wconf 90' lang='lat' dir='ltr'><strong>et</strong></span> <span class='ocrx_word' id='word_1_494' title='bbox 1168 3445 1259 3498; x_wconf 90' lang='lat' dir='ltr'><strong>ego</strong></span> <span class='ocrx_word' id='word_1_495' title='bbox 1290 3427 1490 3482; x_wconf 80' lang='lat' dir='ltr'><strong>Christi</strong></span> <span class='ocrx_word' id='word_1_496' title='bbox 1524 3429 1570 3458; x_wconf 76' lang='grc'><strong>’⁷³</strong></span> <span class='ocrx_word' id='word_1_497' title='bbox 1602 3447 1614 3481; x_wconf 94' lang='lat'><strong>:</strong></span> <span class='ocrx_word' id='word_1_498' title='bbox 1667 3429 1738 3480; x_wconf 89' lang='lat' dir='ltr'><strong>ita</strong></span> <span class='ocrx_word' id='word_1_499' title='bbox 1769 3429 1890 3482; x_wconf 90' lang='lat' dir='ltr'><strong>vice</strong></span> <span class='ocrx_word' id='word_1_500' title='bbox 1939 3443 2096 3482; x_wconf 87' lang='lat' dir='ltr'><strong>versa</strong></span> <span class='ocrx_word' id='word_1_501' title='bbox 2120 3469 2134 3491; x_wconf 90' lang='lat'><strong>,</strong></span> 
     </span>
    </p>
   </div>
   <div class='ocr_carea' id='block_1_63' title="bbox 562 3517 2139 3589">
    <p class='ocr_par' dir='ltr' id='par_1_63' title="bbox 562 3517 2139 3589">
     <span class='ocr_line' id='line_1_63' title="bbox 562 3517 2139 3589; baseline 0.002 -16"><span class='ocrx_word' id='word_1_502' title='bbox 562 3529 711 3573; x_wconf 89' lang='lat' dir='ltr'><strong>tuam</strong></span> <span class='ocrx_word' id='word_1_503' title='bbox 757 3518 1096 3572; x_wconf 81' lang='lat' dir='ltr'><strong>aﬂ‘ectionem</strong></span> <span class='ocrx_word' id='word_1_504' title='bbox 1145 3517 1256 3573; x_wconf 90' lang='lat' dir='ltr'><strong>Deo</strong></span> <span class='ocrx_word' id='word_1_505' title='bbox 1286 3519 1352 3572; x_wconf 90' lang='lat' dir='ltr'><strong>ad</strong></span> <span class='ocrx_word' id='word_1_506' title='bbox 1381 3519 1582 3572; x_wconf 90' lang='lat' dir='ltr'><strong>bonum</strong></span> <span class='ocrx_word' id='word_1_507' title='bbox 1611 3534 1710 3588; x_wconf 88' lang='lat' dir='ltr'><strong>pro</strong></span> <span class='ocrx_word' id='word_1_508' title='bbox 1739 3523 1985 3589; x_wconf 84' lang='lat' dir='ltr'><strong>exemplo</strong></span> <span class='ocrx_word' id='word_1_509' title='bbox 2019 3537 2139 3576; x_wconf 84' lang='lat' dir='ltr'><strong>esse</strong></span> 
     </span>
    </p>
   </div>
   <div class='ocr_carea' id='block_1_64' title="bbox 563 3607 2138 3676">
    <p class='ocr_par' dir='ltr' id='par_1_64' title="bbox 563 3607 2138 3676">
     <span class='ocr_line' id='line_1_64' title="bbox 563 3607 2138 3676; baseline 0.001 -15"><span class='ocrx_word' id='word_1_510' title='bbox 563 3609 714 3673; x_wconf 85' lang='lat' dir='ltr'><strong>vult,</strong></span> <span class='ocrx_word' id='word_1_511' title='bbox 745 3617 909 3676; x_wconf 87' lang='lat' dir='ltr'><strong>atque</strong></span> <span class='ocrx_word' id='word_1_512' title='bbox 937 3607 1072 3661; x_wconf 90' lang='lat' dir='ltr'><strong>ordo</strong></span> <span class='ocrx_word' id='word_1_513' title='bbox 1093 3609 1496 3676; x_wconf 87' lang='lat' dir='ltr'><strong>quodammodo</strong></span> <span class='ocrx_word' id='word_1_514' title='bbox 1524 3609 1830 3672; x_wconf 80' lang='lat' dir='ltr'><strong>invenitur,</strong></span> <span class='ocrx_word' id='word_1_515' title='bbox 1859 3619 1917 3662; x_wconf 93' lang='lat' dir='ltr'><strong>ut</strong></span> <span class='ocrx_word' id='word_1_516' title='bbox 1940 3611 2138 3664; x_wconf 86' lang='lat' dir='ltr'><strong>audea-</strong></span> 
     </span>
    </p>
   </div>
   <div class='ocr_carea' id='block_1_65' title="bbox 562 3698 2140 3768">
    <p class='ocr_par' dir='ltr' id='par_1_65' title="bbox 562 3698 2140 3768">
     <span class='ocr_line' id='line_1_65' title="bbox 562 3698 2140 3768; baseline 0.001 -13"><span class='ocrx_word' id='word_1_517' title='bbox 562 3715 720 3760; x_wconf 84' lang='lat' dir='ltr'><strong>mus,</strong></span> <span class='ocrx_word' id='word_1_518' title='bbox 771 3698 1228 3768; x_wconf 88' lang='lat' dir='ltr'><strong>quemadmodum</strong></span> <span class='ocrx_word' id='word_1_519' title='bbox 1277 3699 1479 3761; x_wconf 84' lang='lat' dir='ltr'><strong>bonum</strong></span> <span class='ocrx_word' id='word_1_520' title='bbox 1531 3700 1586 3754; x_wconf 91' lang='lat' dir='ltr'><strong>in</strong></span> <span class='ocrx_word' id='word_1_521' title='bbox 1635 3701 1794 3754; x_wconf 86' lang='lat' dir='ltr'><strong>nobis</strong></span> <span class='ocrx_word' id='word_1_522' title='bbox 1837 3701 2140 3756; x_wconf 86' lang='lat' dir='ltr'><strong>imitatione</strong></span> 
     </span>
    </p>
   </div>
   <div class='ocr_carea' id='block_1_66' title="bbox 563 3789 2140 3860">
    <p class='ocr_par' dir='ltr' id='par_1_66' title="bbox 563 3789 2140 3860">
     <span class='ocr_line' id='line_1_66' title="bbox 563 3789 2140 3860; baseline 0 -16"><span class='ocrx_word' id='word_1_523' title='bbox 563 3789 736 3844; x_wconf 87' lang='lat' dir='ltr'><strong>divini</strong></span> <span class='ocrx_word' id='word_1_524' title='bbox 773 3790 1011 3844; x_wconf 85' lang='lat' dir='ltr'><strong>numinis</strong></span> <span class='ocrx_word' id='word_1_525' title='bbox 1052 3790 1355 3859; x_wconf 87' lang='lat' dir='ltr'><strong>perficitur,</strong></span> <span class='ocrx_word' id='word_1_526' title='bbox 1401 3791 1474 3844; x_wconf 90' lang='lat' dir='ltr'><strong>ita</strong></span> <span class='ocrx_word' id='word_1_527' title='bbox 1517 3807 1736 3860; x_wconf 81' lang='lat' dir='ltr'><strong>sperare</strong></span> <span class='ocrx_word' id='word_1_528' title='bbox 1772 3791 2050 3856; x_wconf 89' lang='lat' dir='ltr'><strong>futurum,</strong></span> <span class='ocrx_word' id='word_1_529' title='bbox 2083 3800 2140 3844; x_wconf 89' lang='lat' dir='ltr'><strong>ut</strong></span> 
     </span>
    </p>
   </div>
   <div class='ocr_carea' id='block_1_67' title="bbox 565 3879 2141 3951">
    <p class='ocr_par' dir='ltr' id='par_1_67' title="bbox 565 3879 2141 3951">
     <span class='ocr_line' id='line_1_67' title="bbox 565 3879 2141 3951; baseline 0 -18"><span class='ocrx_word' id='word_1_530' title='bbox 565 3879 713 3935; x_wconf 86' lang='lat' dir='ltr'><strong>Dens</strong></span> <span class='ocrx_word' id='word_1_531' title='bbox 741 3887 934 3934; x_wconf 89' lang='lat' dir='ltr'><strong>nostra</strong></span> <span class='ocrx_word' id='word_1_532' title='bbox 961 3879 1108 3934; x_wconf 82' lang='lat' dir='ltr'><strong>facta</strong></span> <span class='ocrx_word' id='word_1_533' title='bbox 1152 3881 1420 3945; x_wconf 87' lang='lat' dir='ltr'><strong>imitetur,</strong></span> <span class='ocrx_word' id='word_1_534' title='bbox 1467 3896 1588 3935; x_wconf 90' lang='lat' dir='ltr'><strong>cum</strong></span> <span class='ocrx_word' id='word_1_535' title='bbox 1621 3881 1824 3951; x_wconf 88' lang='lat' dir='ltr'><strong>aliquid</strong></span> <span class='ocrx_word' id='word_1_536' title='bbox 1853 3881 1980 3935; x_wconf 87' lang='lat' dir='ltr'><strong>boni</strong></span> <span class='ocrx_word' id='word_1_537' title='bbox 2009 3897 2141 3935; x_wconf 89' lang='lat' dir='ltr'><strong>con-</strong></span> 
     </span>
    </p>
   </div>
   <div class='ocr_carea' id='block_1_68' title="bbox 567 3971 2140 4043">
    <p class='ocr_par' dir='ltr' id='par_1_68' title="bbox 567 3971 2140 4043">
     <span class='ocr_line' id='line_1_68' title="bbox 567 3971 2140 4043; baseline 0.001 -17"><span class='ocrx_word' id='word_1_538' title='bbox 567 3972 893 4039; x_wconf 76' lang='lat' dir='ltr'><strong>fecerimus,</strong></span> <span class='ocrx_word' id='word_1_539' title='bbox 926 3980 986 4027; x_wconf 92' lang='lat' dir='ltr'><strong>ut</strong></span> <span class='ocrx_word' id='word_1_540' title='bbox 1033 3981 1090 4028; x_wconf 91' lang='lat' dir='ltr'><strong>tu</strong></span> <span class='ocrx_word' id='word_1_541' title='bbox 1142 3974 1272 4028; x_wconf 90' lang='lat' dir='ltr'><strong>item</strong></span> <span class='ocrx_word' id='word_1_542' title='bbox 1319 3974 1386 4028; x_wconf 92' lang='lat' dir='ltr'><strong>ad</strong></span> <span class='ocrx_word' id='word_1_543' title='bbox 1439 3971 1606 4028; x_wconf 79' lang='lat' dir='ltr'><strong>Deum</strong></span> <span class='ocrx_word' id='word_1_544' title='bbox 1640 3974 1824 4040; x_wconf 86' lang='lat' dir='ltr'><strong>dicas,</strong></span> <span class='ocrx_word' id='word_1_545' title='bbox 1855 3973 2010 4040; x_wconf 87' lang='lat' dir='ltr'><strong>Quod</strong></span> <span class='ocrx_word' id='word_1_546' title='bbox 2039 3989 2140 4043; x_wconf 88' lang='lat' dir='ltr'><strong>ego</strong></span> 
     </span>
    </p>
   </div>
   <div class='ocr_carea' id='block_1_69' title="bbox 565 4063 2137 4134">
    <p class='ocr_par' dir='ltr' id='par_1_69' title="bbox 565 4063 2137 4134">
     <span class='ocr_line' id='line_1_69' title="bbox 565 4063 2137 4134; baseline 0 -16"><span class='ocrx_word' id='word_1_547' title='bbox 565 4063 691 4130; x_wconf 88' lang='lat' dir='ltr'><strong>feci,</strong></span> <span class='ocrx_word' id='word_1_548' title='bbox 727 4065 848 4130; x_wconf 86' lang='lat' dir='ltr'><strong>fac;</strong></span> <span class='ocrx_word' id='word_1_549' title='bbox 885 4066 1098 4121; x_wconf 90' lang='lat' dir='ltr'><strong>imitare</strong></span> <span class='ocrx_word' id='word_1_550' title='bbox 1137 4082 1354 4122; x_wconf 88' lang='lat' dir='ltr'><strong>servum</strong></span> <span class='ocrx_word' id='word_1_551' title='bbox 1397 4075 1577 4132; x_wconf 88' lang='lat' dir='ltr'><strong>tuum,</strong></span> <span class='ocrx_word' id='word_1_552' title='bbox 1617 4075 1674 4121; x_wconf 92' lang='lat' dir='ltr'><strong>tu</strong></span> <span class='ocrx_word' id='word_1_553' title='bbox 1711 4067 1968 4129; x_wconf 87' lang='lat' dir='ltr'><strong>Domine,</strong></span> <span class='ocrx_word' id='word_1_554' title='bbox 2003 4081 2137 4134; x_wconf 87' lang='lat' dir='ltr'><strong>pau-</strong></span> 
     </span>
    </p>
   </div>
   <div class='ocr_carea' id='block_1_70' title="bbox 566 4159 2138 4228">
    <p class='ocr_par' dir='ltr' id='par_1_70' title="bbox 566 4159 2138 4228">
     <span class='ocr_line' id='line_1_70' title="bbox 566 4159 2138 4228; baseline -0.001 -18"><span class='ocrx_word' id='word_1_555' title='bbox 566 4171 754 4226; x_wconf 87' lang='lat' dir='ltr'><strong>perem</strong></span> <span class='ocrx_word' id='word_1_556' title='bbox 783 4167 837 4211; x_wconf 93' lang='lat' dir='ltr'><strong>et</strong></span> <span class='ocrx_word' id='word_1_557' title='bbox 868 4173 1098 4227; x_wconf 85' lang='lat' dir='ltr'><strong>egenum</strong></span> <span class='ocrx_word' id='word_1_558' title='bbox 1121 4199 1135 4224; x_wconf 88' lang='lat'><strong>,</strong></span> <span class='ocrx_word' id='word_1_559' title='bbox 1161 4160 1258 4227; x_wconf 89' lang='lat' dir='ltr'><strong>qui</strong></span> <span class='ocrx_word' id='word_1_560' title='bbox 1295 4173 1524 4228; x_wconf 80' lang='lat' dir='ltr'><strong>regnum</strong></span> <span class='ocrx_word' id='word_1_561' title='bbox 1549 4159 1928 4213; x_wconf 85' lang='lat' dir='ltr'><strong>universarum</strong></span> <span class='ocrx_word' id='word_1_562' title='bbox 1959 4171 2138 4210; x_wconf 90' lang='lat' dir='ltr'><strong>rerum</strong></span> 
     </span>
    </p>
   </div>
   <div class='ocr_carea' id='block_1_71' title="bbox 567 4247 2142 4320">
    <p class='ocr_par' dir='ltr' id='par_1_71' title="bbox 567 4247 2142 4320">
     <span class='ocr_line' id='line_1_71' title="bbox 567 4247 2142 4320; baseline -0.001 -19"><span class='ocrx_word' id='word_1_563' title='bbox 567 4247 784 4302; x_wconf 89' lang='lat' dir='ltr'><strong>obtines</strong></span> <span class='ocrx_word' id='word_1_564' title='bbox 809 4263 826 4300; x_wconf 90' lang='lat'><strong>:</strong></span> <span class='ocrx_word' id='word_1_565' title='bbox 857 4249 1042 4302; x_wconf 87' lang='lat' dir='ltr'><strong>remisi</strong></span> <span class='ocrx_word' id='word_1_566' title='bbox 1073 4249 1254 4304; x_wconf 89' lang='lat' dir='ltr'><strong>debita</strong></span> <span class='ocrx_word' id='word_1_567' title='bbox 1285 4248 1394 4320; x_wconf 90' lang='lat' dir='ltr'><strong>[ne</strong></span> <span class='ocrx_word' id='word_1_568' title='bbox 1421 4258 1478 4303; x_wconf 93' lang='lat' dir='ltr'><strong>tu</strong></span> <span class='ocrx_word' id='word_1_569' title='bbox 1508 4251 1728 4320; x_wconf 88' lang='lat' dir='ltr'><strong>quidem</strong></span> <span class='ocrx_word' id='word_1_570' title='bbox 1755 4249 1942 4320; x_wconf 75' lang='lat' dir='ltr'><strong>exigas</strong></span> <span class='ocrx_word' id='word_1_571' title='bbox 1969 4269 1980 4302; x_wconf 93' lang='lat'><strong>:</strong></span> <span class='ocrx_word' id='word_1_572' title='bbox 2013 4265 2142 4318; x_wconf 88' lang='lat' dir='ltr'><strong>snp-</strong></span> 
     </span>
    </p>
   </div>
   <div class='ocr_carea' id='block_1_72' title="bbox 565 4339 2140 4412">
    <p class='ocr_par' dir='ltr' id='par_1_72' title="bbox 565 4339 2140 4412">
     <span class='ocr_line' id='line_1_72' title="bbox 565 4339 2140 4412; baseline 0.001 -20"><span class='ocrx_word' id='word_1_573' title='bbox 565 4339 762 4408; x_wconf 91' lang='lat' dir='ltr'><strong>plicem</strong></span> <span class='ocrx_word' id='word_1_574' title='bbox 797 4340 1060 4408; x_wconf 87' lang='lat' dir='ltr'><strong>repellere</strong></span> <span class='ocrx_word' id='word_1_575' title='bbox 1092 4341 1300 4394; x_wconf 89' lang='lat' dir='ltr'><strong>veritus</strong></span> <span class='ocrx_word' id='word_1_576' title='bbox 1333 4341 1535 4412; x_wconf 90' lang='lat' dir='ltr'><strong>sum],</strong></span> <span class='ocrx_word' id='word_1_577' title='bbox 1573 4357 1642 4395; x_wconf 90' lang='lat' dir='ltr'><strong>ne</strong></span> <span class='ocrx_word' id='word_1_578' title='bbox 1672 4350 1728 4394; x_wconf 90' lang='lat' dir='ltr'><strong>tu</strong></span> <span class='ocrx_word' id='word_1_579' title='bbox 1759 4342 1976 4410; x_wconf 91' lang='lat' dir='ltr'><strong>quidem</strong></span> <span class='ocrx_word' id='word_1_580' title='bbox 2009 4357 2140 4410; x_wconf 83' lang='lat' dir='ltr'><strong>sup-</strong></span> 
     </span>
    </p>
   </div>
   <div class='ocr_carea' id='block_1_73' title="bbox 568 4429 2142 4500">
    <p class='ocr_par' dir='ltr' id='par_1_73' title="bbox 568 4429 2142 4500">
     <span class='ocr_line' id='line_1_73' title="bbox 568 4429 2142 4500; baseline 0.003 -20"><span class='ocrx_word' id='word_1_581' title='bbox 568 4429 858 4498; x_wconf 87' lang='lat' dir='ltr'><strong>plicantem</strong></span> <span class='ocrx_word' id='word_1_582' title='bbox 887 4429 1210 4484; x_wconf 86' lang='lat' dir='ltr'><strong>suhmoveas</strong></span> <span class='ocrx_word' id='word_1_583' title='bbox 1237 4438 1400 4500; x_wconf 88' lang='lat' dir='ltr'><strong>atque</strong></span> <span class='ocrx_word' id='word_1_584' title='bbox 1427 4432 1694 4500; x_wconf 87' lang='lat' dir='ltr'><strong>repellas:</strong></span> <span class='ocrx_word' id='word_1_585' title='bbox 1735 4431 1914 4485; x_wconf 63' lang='lat' dir='ltr'><strong>laetum</strong></span> <span class='ocrx_word' id='word_1_586' title='bbox 1943 4440 1998 4486; x_wconf 90' lang='lat' dir='ltr'><strong>et</strong></span> <span class='ocrx_word' id='word_1_587' title='bbox 2029 4433 2142 4485; x_wconf 83' lang='lat' dir='ltr'><strong>ala-</strong></span> 
     </span>
    </p>
   </div>
   <div class='ocr_carea' id='block_1_74' title="bbox 569 4521 2138 4588">
    <p class='ocr_par' dir='ltr' id='par_1_74' title="bbox 569 4521 2138 4588">
     <span class='ocr_line' id='line_1_74' title="bbox 569 4521 2138 4588; baseline 0 -12"><span class='ocrx_word' id='word_1_588' title='bbox 569 4537 716 4576; x_wconf 84' lang='lat' dir='ltr'><strong>crem</strong></span> <span class='ocrx_word' id='word_1_589' title='bbox 747 4521 932 4576; x_wconf 85' lang='lat' dir='ltr'><strong>dimisi</strong></span> <span class='ocrx_word' id='word_1_590' title='bbox 965 4537 1144 4576; x_wconf 86' lang='lat' dir='ltr'><strong>meum</strong></span> <span class='ocrx_word' id='word_1_591' title='bbox 1173 4524 1474 4579; x_wconf 88' lang='lat' dir='ltr'><strong>debitorem</strong></span> <span class='ocrx_word' id='word_1_592' title='bbox 1499 4563 1514 4588; x_wconf 87' lang='lat'><strong>,</strong></span> <span class='ocrx_word' id='word_1_593' title='bbox 1547 4525 1672 4579; x_wconf 78' lang='lat' dir='ltr'><strong>talis</strong></span> <span class='ocrx_word' id='word_1_594' title='bbox 1699 4525 1827 4578; x_wconf 89' lang='lat' dir='ltr'><strong>item</strong></span> <span class='ocrx_word' id='word_1_595' title='bbox 1859 4535 1984 4578; x_wconf 89' lang='lat' dir='ltr'><strong>tuus</strong></span> <span class='ocrx_word' id='word_1_596' title='bbox 2009 4525 2102 4578; x_wconf 84' lang='lat' dir='ltr'><strong>tiat</strong></span> <span class='ocrx_word' id='word_1_597' title='bbox 2124 4563 2138 4586; x_wconf 91' lang='lat'><strong>,</strong></span> 
     </span>
    </p>
   </div>
   <div class='ocr_carea' id='block_1_75' title="bbox 2239 3325 3752 3398">
    <p class='ocr_par' dir='ltr' id='par_1_75' title="bbox 2239 3325 3752 3398">
     <span class='ocr_line' id='line_1_75' title="bbox 2239 3325 3752 3398; baseline 0.001 -20"><span class='ocrx_word' id='word_1_598' title='bbox 2239 3326 2414 3378; x_wconf 84' lang='grc' dir='ltr'>στοῦ·</span> <span class='ocrx_word' id='word_1_599' title='bbox 2453 3325 2621 3388; x_wconf 74' lang='grc' dir='ltr'>οὕτως</span> <span class='ocrx_word' id='word_1_600' title='bbox 2642 3327 2702 3378; x_wconf 80' lang='grc' dir='ltr'>τὸ</span> <span class='ocrx_word' id='word_1_601' title='bbox 2731 3326 2961 3396; x_wconf 79' lang='grc' dir='ltr'>ἔμπαλιν</span> <span class='ocrx_word' id='word_1_602' title='bbox 2995 3327 3090 3398; x_wconf 81' lang='grc' dir='ltr'>τὴν</span> <span class='ocrx_word' id='word_1_603' title='bbox 3117 3328 3215 3398; x_wconf 85' lang='grc' dir='ltr'>σὴν</span> <span class='ocrx_word' id='word_1_604' title='bbox 3245 3329 3480 3382; x_wconf 84' lang='grc' dir='ltr'>διάθεσιν</span> <span class='ocrx_word' id='word_1_605' title='bbox 3504 3331 3752 3398; x_wconf 69' lang='grc' dir='ltr'>ὑπόδειγμα</span> 
     </span>
    </p>
   </div>
   <div class='ocr_carea' id='block_1_76' title="bbox 2237 3416 3752 3492">
    <p class='ocr_par' dir='ltr' id='par_1_76' title="bbox 2237 3416 3752 3492">
     <span class='ocr_line' id='line_1_76' title="bbox 2237 3416 3752 3492; baseline 0.003 -23"><span class='ocrx_word' id='word_1_606' title='bbox 2237 3416 2312 3486; x_wconf 82' lang='grc' dir='ltr'>τῷ</span> <span class='ocrx_word' id='word_1_607' title='bbox 2334 3417 2450 3488; x_wconf 77' lang='grc' dir='ltr'><strong>Θεῷ</strong></span> <span class='ocrx_word' id='word_1_608' title='bbox 2483 3417 2618 3486; x_wconf 81' lang='grc' dir='ltr'>πρὸς</span> <span class='ocrx_word' id='word_1_609' title='bbox 2645 3418 2704 3470; x_wconf 86' lang='grc' dir='ltr'><strong>τὸ</strong></span> <span class='ocrx_word' id='word_1_610' title='bbox 2731 3419 2930 3486; x_wconf 83' lang='grc' dir='ltr'>ἀγαθὸν</span> <span class='ocrx_word' id='word_1_611' title='bbox 2951 3420 3196 3486; x_wconf 84' lang='grc' dir='ltr'>γενέσθαι</span> <span class='ocrx_word' id='word_1_612' title='bbox 3243 3421 3518 3490; x_wconf 75' lang='grc' dir='ltr'>βούλεται,</span> <span class='ocrx_word' id='word_1_613' title='bbox 3545 3423 3752 3492; x_wconf 81' lang='grc' dir='ltr'>ἀντιμεθ-</span> 
     </span>
    </p>
   </div>
   <div class='ocr_carea' id='block_1_77' title="bbox 2241 3506 3756 3581">
    <p class='ocr_par' dir='ltr' id='par_1_77' title="bbox 2241 3506 3756 3581">
     <span class='ocr_line' id='line_1_77' title="bbox 2241 3506 3756 3581; baseline 0.003 -23"><span class='ocrx_word' id='word_1_614' title='bbox 2241 3506 2446 3560; x_wconf 87' lang='grc' dir='ltr'>ίσταται</span> <span class='ocrx_word' id='word_1_615' title='bbox 2484 3509 2682 3578; x_wconf 87' lang='grc' dir='ltr'>τρόπον</span> <span class='ocrx_word' id='word_1_616' title='bbox 2711 3507 2830 3561; x_wconf 80' lang='grc' dir='ltr'>τινὰ</span> <span class='ocrx_word' id='word_1_617' title='bbox 2869 3510 2900 3579; x_wconf 82' lang='grc' dir='ltr'>ἡ</span> <span class='ocrx_word' id='word_1_618' title='bbox 2939 3509 3090 3573; x_wconf 78' lang='grc' dir='ltr'>τάξις</span> <span class='ocrx_word' id='word_1_619' title='bbox 3117 3548 3133 3571; x_wconf 91' lang='grc'><strong>,</strong></span> <span class='ocrx_word' id='word_1_620' title='bbox 3172 3509 3312 3562; x_wconf 80' lang='grc' dir='ltr'>ὥστε</span> <span class='ocrx_word' id='word_1_621' title='bbox 3369 3511 3651 3581; x_wconf 74' lang='grc' dir='ltr'>τολμῆσαι,</span> <span class='ocrx_word' id='word_1_622' title='bbox 3683 3527 3756 3562; x_wconf 82' lang='grc' dir='ltr'>κα-</span> 
     </span>
    </p>
   </div>
   <div class='ocr_carea' id='block_1_78' title="bbox 2239 3599 3756 3673">
    <p class='ocr_par' dir='ltr' id='par_1_78' title="bbox 2239 3599 3756 3673">
     <span class='ocr_line' id='line_1_78' title="bbox 2239 3599 3756 3673; baseline 0 -21"><span class='ocrx_word' id='word_1_623' title='bbox 2239 3599 2413 3667; x_wconf 70' lang='grc' dir='ltr'>θάπερ</span> <span class='ocrx_word' id='word_1_624' title='bbox 2449 3602 2506 3652; x_wconf 83' lang='grc' dir='ltr'>ἐν</span> <span class='ocrx_word' id='word_1_625' title='bbox 2556 3601 2684 3670; x_wconf 79' lang='grc' dir='ltr'>ἡμῖν</span> <span class='ocrx_word' id='word_1_626' title='bbox 2727 3600 2788 3652; x_wconf 76' lang='grc' dir='ltr'>τὸ</span> <span class='ocrx_word' id='word_1_627' title='bbox 2844 3600 3046 3668; x_wconf 78' lang='grc' dir='ltr'>ἀγαθὸν</span> <span class='ocrx_word' id='word_1_628' title='bbox 3091 3601 3420 3656; x_wconf 74' lang='grc' dir='ltr'>ἐπιτελεῖται</span> <span class='ocrx_word' id='word_1_629' title='bbox 3449 3607 3512 3673; x_wconf 85' lang='grc' dir='ltr'>τῇ</span> <span class='ocrx_word' id='word_1_630' title='bbox 3555 3603 3672 3672; x_wconf 75' lang='grc' dir='ltr'>πρὸς</span> <span class='ocrx_word' id='word_1_631' title='bbox 3711 3601 3756 3653; x_wconf 68' lang='grc' dir='ltr'>τὸ</span> 
     </span>
    </p>
   </div>
   <div class='ocr_carea' id='block_1_79' title="bbox 2242 3690 3758 3764">
    <p class='ocr_par' dir='ltr' id='par_1_79' title="bbox 2242 3690 3758 3764">
     <span class='ocr_line' id='line_1_79' title="bbox 2242 3690 3758 3764; baseline -0.003 -18"><span class='ocrx_word' id='word_1_632' title='bbox 2242 3693 2392 3746; x_wconf 87' lang='grc' dir='ltr'>Θείον</span> <span class='ocrx_word' id='word_1_633' title='bbox 2429 3693 2688 3762; x_wconf 82' lang='grc' dir='ltr'>μιμήσει,</span> <span class='ocrx_word' id='word_1_634' title='bbox 2739 3690 2912 3755; x_wconf 73' lang='grc' dir='ltr'>οὕτως</span> <span class='ocrx_word' id='word_1_635' title='bbox 2965 3693 3181 3745; x_wconf 79' lang='grc' dir='ltr'>ἐλπίσαι</span> <span class='ocrx_word' id='word_1_636' title='bbox 3235 3695 3514 3764; x_wconf 86' lang='grc' dir='ltr'>μιμεῖσθαι</span> <span class='ocrx_word' id='word_1_637' title='bbox 3550 3695 3630 3746; x_wconf 84' lang='grc' dir='ltr'><strong>τὸν</strong></span> <span class='ocrx_word' id='word_1_638' title='bbox 3657 3693 3758 3746; x_wconf 79' lang='grc' dir='ltr'>Θεὸν</span> 
     </span>
    </p>
   </div>
   <div class='ocr_carea' id='block_1_80' title="bbox 2239 3782 3758 3855">
    <p class='ocr_par' dir='ltr' id='par_1_80' title="bbox 2239 3782 3758 3855">
     <span class='ocr_line' id='line_1_80' title="bbox 2239 3782 3758 3855; baseline -0.002 -21"><span class='ocrx_word' id='word_1_639' title='bbox 2239 3782 2306 3834; x_wconf 76' lang='grc' dir='ltr'><strong>τὰ</strong></span> <span class='ocrx_word' id='word_1_640' title='bbox 2335 3783 2596 3852; x_wconf 84' lang='grc' dir='ltr'>ἡμέτερα,</span> <span class='ocrx_word' id='word_1_641' title='bbox 2621 3783 2748 3834; x_wconf 80' lang='grc' dir='ltr'>ὅταν</span> <span class='ocrx_word' id='word_1_642' title='bbox 2774 3799 2826 3834; x_wconf 87' lang='grc' dir='ltr'><strong>τι</strong></span> <span class='ocrx_word' id='word_1_643' title='bbox 2857 3782 2964 3834; x_wconf 84' lang='grc' dir='ltr'>τῶν</span> <span class='ocrx_word' id='word_1_644' title='bbox 2991 3783 3210 3850; x_wconf 83' lang='grc' dir='ltr'>ἀγαθῶν</span> <span class='ocrx_word' id='word_1_645' title='bbox 3243 3784 3674 3855; x_wconf 81' lang='grc' dir='ltr'>κατορθώσωμεν,</span> <span class='ocrx_word' id='word_1_646' title='bbox 3694 3782 3758 3832; x_wconf 78' lang='grc' dir='ltr'><strong>ἵνα</strong></span> 
     </span>
    </p>
   </div>
   <div class='ocr_carea' id='block_1_81' title="bbox 2240 3873 3760 3946">
    <p class='ocr_par' dir='ltr' id='par_1_81' title="bbox 2240 3873 3760 3946">
     <span class='ocr_line' id='line_1_81' title="bbox 2240 3873 3760 3946; baseline -0.001 -20"><span class='ocrx_word' id='word_1_647' title='bbox 2240 3875 2397 3946; x_wconf 77' lang='grc' dir='ltr'>εἴπῃς</span> <span class='ocrx_word' id='word_1_648' title='bbox 2449 3875 2540 3928; x_wconf 77' lang='grc' dir='ltr'><strong>καὶ</strong></span> <span class='ocrx_word' id='word_1_649' title='bbox 2568 3877 2630 3926; x_wconf 71' lang='grc' dir='ltr'><strong>σὺ</strong></span> <span class='ocrx_word' id='word_1_650' title='bbox 2663 3876 2738 3946; x_wconf 80' lang='grc' dir='ltr'>τῷ</span> <span class='ocrx_word' id='word_1_651' title='bbox 2767 3874 2906 3944; x_wconf 78' lang='grc' dir='ltr'>Θεῷ,</span> <span class='ocrx_word' id='word_1_652' title='bbox 2939 3875 3019 3926; x_wconf 82' lang='grc' dir='ltr'>ὅτι</span> <span class='ocrx_word' id='word_1_653' title='bbox 3053 3877 3116 3928; x_wconf 83' lang='grc' dir='ltr'><em>Ὃ</em></span> <span class='ocrx_word' id='word_1_654' title='bbox 3149 3875 3257 3943; x_wconf 75' lang='grc' dir='ltr'><strong>ἐγὼ</strong></span> <span class='ocrx_word' id='word_1_655' title='bbox 3305 3877 3609 3946; x_wconf 85' lang='grc' dir='ltr'>πεποίηκα,</span> <span class='ocrx_word' id='word_1_656' title='bbox 3641 3873 3760 3942; x_wconf 75' lang='grc' dir='ltr'>ποίη-</span> 
     </span>
    </p>
   </div>
   <div class='ocr_carea' id='block_1_82' title="bbox 2242 3951 3758 4038">
    <p class='ocr_par' dir='ltr' id='par_1_82' title="bbox 2242 3951 3758 4038">
     <span class='ocr_line' id='line_1_82' title="bbox 2242 3951 3758 4038; baseline -0.009 -19"><span class='ocrx_word' id='word_1_657' title='bbox 2242 3951 2370 4020; x_wconf 67' lang='grc' dir='ltr'>σον·</span> <span class='ocrx_word' id='word_1_658' title='bbox 2409 3968 2642 4036; x_wconf 84' lang='grc' dir='ltr'>μίμησαι</span> <span class='ocrx_word' id='word_1_659' title='bbox 2669 3968 2760 4018; x_wconf 82' lang='grc' dir='ltr'><strong>τὸν</strong></span> <span class='ocrx_word' id='word_1_660' title='bbox 2797 3965 2979 4019; x_wconf 79' lang='grc' dir='ltr'>δοῦλόν</span> <span class='ocrx_word' id='word_1_661' title='bbox 3008 3981 3125 4030; x_wconf 87' lang='grc' dir='ltr'>σου,</span> <span class='ocrx_word' id='word_1_662' title='bbox 3159 3970 3188 4020; x_wconf 86' lang='grc' dir='ltr'>ὁ</span> <span class='ocrx_word' id='word_1_663' title='bbox 3215 3966 3442 4038; x_wconf 79' lang='grc' dir='ltr'>Κύριος,</span> <span class='ocrx_word' id='word_1_664' title='bbox 3473 3968 3558 4018; x_wconf 59' lang='grc' dir='ltr'>τὴν</span> <span class='ocrx_word' id='word_1_665' title='bbox 3590 3964 3758 4034; x_wconf 65' lang='grc' dir='ltr'>πτωχὸν</span> 
     </span>
    </p>
   </div>
   <div class='ocr_carea' id='block_1_83' title="bbox 2243 4053 3761 4127">
    <p class='ocr_par' dir='ltr' id='par_1_83' title="bbox 2243 4053 3761 4127">
     <span class='ocr_line' id='line_1_83' title="bbox 2243 4053 3761 4127; baseline -0.003 -17"><span class='ocrx_word' id='word_1_666' title='bbox 2243 4059 2334 4110; x_wconf 74' lang='grc' dir='ltr'><strong>καὶ</strong></span> <span class='ocrx_word' id='word_1_667' title='bbox 2381 4057 2588 4126; x_wconf 84' lang='grc' dir='ltr'>πένητα</span> <span class='ocrx_word' id='word_1_668' title='bbox 2613 4099 2626 4122; x_wconf 95' lang='grc'><strong>,</strong></span> <span class='ocrx_word' id='word_1_669' title='bbox 2658 4059 2685 4108; x_wconf 88' lang='lat'><strong>6</strong></span> <span class='ocrx_word' id='word_1_670' title='bbox 2737 4056 2830 4109; x_wconf 78' lang='grc' dir='ltr'><strong>τοῦ</strong></span> <span class='ocrx_word' id='word_1_671' title='bbox 2875 4057 3074 4120; x_wconf 80' lang='grc' dir='ltr'>παντὸς</span> <span class='ocrx_word' id='word_1_672' title='bbox 3117 4057 3458 4127; x_wconf 68' lang='grc' dir='ltr'>βασιλεύων,</span> <span class='ocrx_word' id='word_1_673' title='bbox 3509 4059 3674 4126; x_wconf 80' lang='grc' dir='ltr'>ἀφῆκα</span> <span class='ocrx_word' id='word_1_674' title='bbox 3711 4053 3761 4107; x_wconf 70' lang='grc' dir='ltr'>τὲ</span> 
     </span>
    </p>
   </div>
   <div class='ocr_carea' id='block_1_84' title="bbox 2241 4150 3760 4222">
    <p class='ocr_par' dir='ltr' id='par_1_84' title="bbox 2241 4150 3760 4222">
     <span class='ocr_line' id='line_1_84' title="bbox 2241 4150 3760 4222; baseline -0.003 -20"><span class='ocrx_word' id='word_1_675' title='bbox 2241 4150 2598 4219; x_wconf 78' lang='grc' dir='ltr'>ὀφειλήματα,</span> <span class='ocrx_word' id='word_1_676' title='bbox 2645 4150 2778 4220; x_wconf 80' lang='grc' dir='ltr'>μηδὲ</span> <span class='ocrx_word' id='word_1_677' title='bbox 2817 4151 2881 4202; x_wconf 84' lang='grc' dir='ltr'><strong>σὺ</strong></span> <span class='ocrx_word' id='word_1_678' title='bbox 2921 4150 3116 4222; x_wconf 85' lang='grc' dir='ltr'>ἁπώσῃ</span> <span class='ocrx_word' id='word_1_679' title='bbox 3163 4151 3250 4203; x_wconf 79' lang='grc' dir='ltr'><strong>τὸν</strong></span> <span class='ocrx_word' id='word_1_680' title='bbox 3283 4151 3587 4204; x_wconf 80' lang='grc' dir='ltr'>ἱκετεύοντα</span> <span class='ocrx_word' id='word_1_681' title='bbox 3615 4167 3626 4180; x_wconf 90' lang='grc'>·</span> <span class='ocrx_word' id='word_1_682' title='bbox 3667 4163 3760 4215; x_wconf 75' lang='grc' dir='ltr'>φαι-</span> 
     </span>
    </p>
   </div>
   <div class='ocr_carea' id='block_1_85' title="bbox 2240 4237 3760 4320">
    <p class='ocr_par' dir='ltr' id='par_1_85' title="bbox 2240 4237 3760 4320">
     <span class='ocr_line' id='line_1_85' title="bbox 2240 4237 3760 4320; baseline -0.003 -26"><span class='ocrx_word' id='word_1_683' title='bbox 2240 4243 2364 4313; x_wconf 80' lang='grc' dir='ltr'>δρὸν</span> <span class='ocrx_word' id='word_1_684' title='bbox 2391 4241 2688 4312; x_wconf 77' lang='grc' dir='ltr'>ἀπέπεμψα</span> <span class='ocrx_word' id='word_1_685' title='bbox 2725 4241 2814 4294; x_wconf 74' lang='grc' dir='ltr'><strong>τὸν</strong></span> <span class='ocrx_word' id='word_1_686' title='bbox 2853 4244 2982 4312; x_wconf 75' lang='grc' dir='ltr'>ἐμὸν</span> <span class='ocrx_word' id='word_1_687' title='bbox 3015 4243 3294 4312; x_wconf 81' lang='grc' dir='ltr'>ὀφειλέτην</span> <span class='ocrx_word' id='word_1_688' title='bbox 3319 4286 3333 4310; x_wconf 87' lang='grc'><strong>,</strong></span> <span class='ocrx_word' id='word_1_689' title='bbox 3375 4243 3604 4304; x_wconf 83' lang='grc' dir='ltr'>τοιοῦτος</span> <span class='ocrx_word' id='word_1_690' title='bbox 3636 4241 3710 4320; x_wconf 65' lang='grc' dir='ltr'>καὶ</span> <span class='ocrx_word' id='word_1_691' title='bbox 3740 4237 3760 4286; x_wconf 81' lang='grc' dir='ltr'><strong>ό</strong></span> 
     </span>
    </p>
   </div>
   <div class='ocr_carea' id='block_1_86' title="bbox 2244 4327 3760 4406">
    <p class='ocr_par' dir='ltr' id='par_1_86' title="bbox 2244 4327 3760 4406">
     <span class='ocr_line' id='line_1_86' title="bbox 2244 4327 3760 4406; baseline -0.006 -18"><span class='ocrx_word' id='word_1_692' title='bbox 2244 4337 2335 4398; x_wconf 82' lang='grc' dir='ltr'><strong>σὸς</strong></span> <span class='ocrx_word' id='word_1_693' title='bbox 2353 4335 2591 4404; x_wconf 84' lang='grc' dir='ltr'>γενέσθω</span> <span class='ocrx_word' id='word_1_694' title='bbox 2615 4353 2628 4365; x_wconf 74' lang='grc' dir='ltr'><strong><em>ο</em></strong></span> <span class='ocrx_word' id='word_1_695' title='bbox 2658 4335 2731 4406; x_wconf 84' lang='grc' dir='ltr'>μὴ</span> <span class='ocrx_word' id='word_1_696' title='bbox 2761 4336 2990 4405; x_wconf 82' lang='grc' dir='ltr'>ποιήσῃς</span> <span class='ocrx_word' id='word_1_697' title='bbox 3011 4335 3102 4388; x_wconf 85' lang='grc' dir='ltr'><strong>τὸν</strong></span> <span class='ocrx_word' id='word_1_698' title='bbox 3132 4335 3222 4386; x_wconf 80' lang='grc' dir='ltr'><strong>σὸν</strong></span> <span class='ocrx_word' id='word_1_699' title='bbox 3249 4335 3530 4404; x_wconf 79' lang='grc' dir='ltr'>χρεώστην</span> <span class='ocrx_word' id='word_1_700' title='bbox 3551 4331 3635 4384; x_wconf 82' lang='grc' dir='ltr'>τοῦ</span> <span class='ocrx_word' id='word_1_701' title='bbox 3659 4327 3760 4400; x_wconf 73' lang='grc' dir='ltr'>ἐμοῦ</span> 
     </span>
    </p>
   </div>
   <div class='ocr_carea' id='block_1_87' title="bbox 2245 4426 3762 4499">
    <p class='ocr_par' dir='ltr' id='par_1_87' title="bbox 2245 4426 3762 4499">
     <span class='ocr_line' id='line_1_87' title="bbox 2245 4426 3762 4499; baseline -0.005 -19"><span class='ocrx_word' id='word_1_702' title='bbox 2245 4429 2720 4499; x_wconf 71' lang='grc' dir='ltr'>σκυθρωπότερονο</span> <span class='ocrx_word' id='word_1_703' title='bbox 2753 4429 2880 4491; x_wconf 83' lang='grc' dir='ltr'>ἴσως</span> <span class='ocrx_word' id='word_1_704' title='bbox 2911 4430 2959 4480; x_wconf 78' lang='grc' dir='ltr'>οἱ</span> <span class='ocrx_word' id='word_1_705' title='bbox 2985 4428 3076 4480; x_wconf 81' lang='grc' dir='ltr'><strong>δύο</strong></span> <span class='ocrx_word' id='word_1_706' title='bbox 3105 4430 3216 4491; x_wconf 88' lang='grc' dir='ltr'>τοῖς</span> <span class='ocrx_word' id='word_1_707' title='bbox 3241 4427 3556 4482; x_wconf 80' lang='grc' dir='ltr'>ἀπαιτοῦσιν</span> <span class='ocrx_word' id='word_1_708' title='bbox 3591 4426 3762 4493; x_wconf 78' lang='grc' dir='ltr'>εὐχαρι-</span> 
     </span>
    </p>
   </div>
   <div class='ocr_carea' id='block_1_88' title="bbox 2247 4519 3762 4591">
    <p class='ocr_par' dir='ltr' id='par_1_88' title="bbox 2247 4519 3762 4591">
     <span class='ocr_line' id='line_1_88' title="bbox 2247 4519 3762 4591; baseline -0.003 -18"><span class='ocrx_word' id='word_1_709' title='bbox 2247 4521 2538 4574; x_wconf 81' lang='grc' dir='ltr'>στείτωσαν</span> <span class='ocrx_word' id='word_1_710' title='bbox 2561 4539 2574 4551; x_wconf 92' lang='grc'><strong>·</strong></span> <span class='ocrx_word' id='word_1_711' title='bbox 2611 4521 2697 4591; x_wconf 81' lang='grc' dir='ltr'><strong>ἴση</strong></span> <span class='ocrx_word' id='word_1_712' title='bbox 2729 4525 2857 4591; x_wconf 85' lang='grc' dir='ltr'>παρ’</span> <span class='ocrx_word' id='word_1_713' title='bbox 2887 4521 3206 4590; x_wconf 72' lang='grc' dir='ltr'>ἀμφοτέρων</span> <span class='ocrx_word' id='word_1_714' title='bbox 3229 4521 3530 4590; x_wconf 85' lang='grc' dir='ltr'>κυρωθήτω</span> <span class='ocrx_word' id='word_1_715' title='bbox 3553 4519 3652 4578; x_wconf 81' lang='grc' dir='ltr'>τοῖς</span> <span class='ocrx_word' id='word_1_716' title='bbox 3673 4531 3762 4566; x_wconf 60' lang='grc' dir='ltr'>σιν·</span> 
     </span>
    </p>
   </div>
   <div class='ocr_carea' id='block_1_89' title="bbox 567 4605 2131 4684">
    <p class='ocr_par' dir='ltr' id='par_1_89' title="bbox 567 4610 2131 4668">
     <span class='ocr_line' id='line_1_89' title="bbox 567 4610 2131 4668; baseline -0.001 -3"><span class='ocrx_word' id='word_1_717' title='bbox 567 4626 637 4666; x_wconf 87' lang='lat' dir='ltr'><strong>ne</strong></span> <span class='ocrx_word' id='word_1_718' title='bbox 661 4619 813 4665; x_wconf 90' lang='lat' dir='ltr'><strong>tuum</strong></span> <span class='ocrx_word' id='word_1_719' title='bbox 835 4610 1138 4666; x_wconf 88' lang='lat' dir='ltr'><strong>debitorem</strong></span> <span class='ocrx_word' id='word_1_720' title='bbox 1163 4628 1282 4668; x_wconf 86' lang='lat' dir='ltr'><strong>meo</strong></span> <span class='ocrx_word' id='word_1_721' title='bbox 1301 4612 1546 4668; x_wconf 88' lang='lat' dir='ltr'><strong>debitore</strong></span> <span class='ocrx_word' id='word_1_722' title='bbox 1577 4615 1872 4668; x_wconf 87' lang='lat' dir='ltr'><strong>tristiorem</strong></span> <span class='ocrx_word' id='word_1_723' title='bbox 1901 4611 2096 4668; x_wconf 87' lang='lat' dir='ltr'><strong>reddas</strong></span> <span class='ocrx_word' id='word_1_724' title='bbox 2123 4630 2131 4664; x_wconf 91' lang='lat'><strong><em>:</em></strong></span> 
     </span>
    </p>
   </div>
   <div class='ocr_carea' id='block_1_90' title="bbox 2238 4605 3763 4684">
    <p class='ocr_par' dir='ltr' id='par_1_90' title="bbox 2243 4605 3763 4684">
     <span class='ocr_line' id='line_1_90' title="bbox 2243 4605 3763 4684; baseline 0 -18"><span class='ocrx_word' id='word_1_725' title='bbox 2243 4614 2537 4677; x_wconf 83' lang='grc' dir='ltr'>αλλὰκταις</span> <span class='ocrx_word' id='word_1_726' title='bbox 2592 4615 2624 4683; x_wconf 88' lang='grc' dir='ltr'><strong>ή</strong></span> <span class='ocrx_word' id='word_1_727' title='bbox 2662 4613 2851 4684; x_wconf 74' lang='grc' dir='ltr'>ἄφεσις</span> <span class='ocrx_word' id='word_1_728' title='bbox 2877 4656 2892 4678; x_wconf 88' lang='grc'><strong>,</strong></span> <span class='ocrx_word' id='word_1_729' title='bbox 2941 4613 3016 4684; x_wconf 79' lang='grc' dir='ltr'><strong>τῷ</strong></span> <span class='ocrx_word' id='word_1_730' title='bbox 3059 4613 3178 4683; x_wconf 79' lang='grc' dir='ltr'><strong>ἐμῷ</strong></span> <span class='ocrx_word' id='word_1_731' title='bbox 3212 4612 3407 4681; x_wconf 77' lang='grc' dir='ltr'>καὶτῷ</span> <span class='ocrx_word' id='word_1_732' title='bbox 3449 4611 3542 4681; x_wconf 77' lang='grc' dir='ltr'>σῷ.</span> <span class='ocrx_word' id='word_1_733' title='bbox 3586 4611 3635 4662; x_wconf 80' lang='grc' dir='ltr'>ὐ</span> <span class='ocrx_word' id='word_1_734' title='bbox 3665 4605 3763 4675; x_wconf 73' lang='grc' dir='ltr'><strong>ὲμδς</strong></span> 
     </span>
    </p>
   </div>
   <div class='ocr_carea' id='block_1_91' title="bbox 567 4702 2132 4775">
    <p class='ocr_par' dir='ltr' id='par_1_91' title="bbox 567 4702 2132 4775">
     <span class='ocr_line' id='line_1_91' title="bbox 567 4702 2132 4775; baseline 0.001 -19"><span class='ocrx_word' id='word_1_735' title='bbox 567 4703 727 4758; x_wconf 88' lang='lat' dir='ltr'><strong>ambo</strong></span> <span class='ocrx_word' id='word_1_736' title='bbox 753 4702 955 4771; x_wconf 90' lang='lat' dir='ltr'><strong>pariter</strong></span> <span class='ocrx_word' id='word_1_737' title='bbox 975 4712 1028 4757; x_wconf 92' lang='lat' dir='ltr'><strong>et</strong></span> <span class='ocrx_word' id='word_1_738' title='bbox 1047 4704 1328 4772; x_wconf 71' lang='lat' dir='ltr'><strong>aequaliter</strong></span> <span class='ocrx_word' id='word_1_739' title='bbox 1349 4703 1690 4775; x_wconf 79' lang='lat' dir='ltr'><strong>exigentibus</strong></span> <span class='ocrx_word' id='word_1_740' title='bbox 1713 4705 1916 4774; x_wconf 84' lang='lat' dir='ltr'><strong>gratias</strong></span> <span class='ocrx_word' id='word_1_741' title='bbox 1939 4711 2132 4773; x_wconf 81' lang='lat' dir='ltr'><strong>agant:</strong></span> 
     </span>
    </p>
   </div>
   <div class='ocr_carea' id='block_1_92' title="bbox 566 4794 2139 4864">
    <p class='ocr_par' dir='ltr' id='par_1_92' title="bbox 566 4794 2139 4864">
     <span class='ocr_line' id='line_1_92' title="bbox 566 4794 2139 4864; baseline 0.003 -18"><span class='ocrx_word' id='word_1_742' title='bbox 566 4808 668 4864; x_wconf 88' lang='lat' dir='ltr'><strong>par</strong></span> <span class='ocrx_word' id='word_1_743' title='bbox 696 4794 964 4850; x_wconf 88' lang='lat' dir='ltr'><strong>ambobus</strong></span> <span class='ocrx_word' id='word_1_744' title='bbox 988 4794 1240 4850; x_wconf 88' lang='lat' dir='ltr'><strong>remissio</strong></span> <span class='ocrx_word' id='word_1_745' title='bbox 1265 4795 1610 4858; x_wconf 85' lang='lat' dir='ltr'><strong>decernatur,</strong></span> <span class='ocrx_word' id='word_1_746' title='bbox 1633 4802 1726 4848; x_wconf 89' lang='lat' dir='ltr'><strong>tuo</strong></span> <span class='ocrx_word' id='word_1_747' title='bbox 1747 4795 1912 4848; x_wconf 89' lang='lat' dir='ltr'><strong>simul</strong></span> <span class='ocrx_word' id='word_1_748' title='bbox 1939 4803 1994 4849; x_wconf 88' lang='lat' dir='ltr'><strong>et</strong></span> <span class='ocrx_word' id='word_1_749' title='bbox 2019 4810 2139 4850; x_wconf 91' lang='lat' dir='ltr'><strong>meo</strong></span> 
     </span>
    </p>
   </div>
   <div class='ocr_carea' id='block_1_93' title="bbox 567 4885 2138 4957">
    <p class='ocr_par' dir='ltr' id='par_1_93' title="bbox 567 4885 2138 4957">
     <span class='ocr_line' id='line_1_93' title="bbox 567 4885 2138 4957; baseline 0.003 -19"><span class='ocrx_word' id='word_1_750' title='bbox 567 4885 833 4940; x_wconf 87' lang='lat' dir='ltr'><strong>debitori:</strong></span> <span class='ocrx_word' id='word_1_751' title='bbox 863 4885 952 4940; x_wconf 91' lang='lat' dir='ltr'><strong>ille</strong></span> <span class='ocrx_word' id='word_1_752' title='bbox 973 4901 1126 4941; x_wconf 87' lang='lat' dir='ltr'><strong>meus</strong></span> <span class='ocrx_word' id='word_1_753' title='bbox 1149 4895 1233 4942; x_wconf 89' lang='lat' dir='ltr'><strong>est</strong></span> <span class='ocrx_word' id='word_1_754' title='bbox 1257 4886 1490 4952; x_wconf 89' lang='lat' dir='ltr'><strong>debitor,</strong></span> <span class='ocrx_word' id='word_1_755' title='bbox 1520 4896 1650 4943; x_wconf 84' lang='lat' dir='ltr'><strong>tuus</strong></span> <span class='ocrx_word' id='word_1_756' title='bbox 1675 4896 1854 4942; x_wconf 88' lang='lat' dir='ltr'><strong>autem</strong></span> <span class='ocrx_word' id='word_1_757' title='bbox 1877 4901 2006 4957; x_wconf 78' lang='lat' dir='ltr'><strong>ego:</strong></span> <span class='ocrx_word' id='word_1_758' title='bbox 2031 4903 2138 4957; x_wconf 87' lang='lat' dir='ltr'><strong>quo</strong></span> 
     </span>
    </p>
   </div>
   <div class='ocr_carea' id='block_1_94' title="bbox 569 4973 2138 5048">
    <p class='ocr_par' dir='ltr' id='par_1_94' title="bbox 569 4973 2138 5048">
     <span class='ocr_line' id='line_1_94' title="bbox 569 4973 2138 5048; baseline 0.003 -21"><span class='ocrx_word' id='word_1_759' title='bbox 569 4975 754 5028; x_wconf 88' lang='lat' dir='ltr'><strong>animo</strong></span> <span class='ocrx_word' id='word_1_760' title='bbox 779 4989 880 5045; x_wconf 87' lang='lat' dir='ltr'><strong>ego</strong></span> <span class='ocrx_word' id='word_1_761' title='bbox 907 4973 986 5028; x_wconf 90' lang='lat' dir='ltr'><strong>fui</strong></span> <span class='ocrx_word' id='word_1_762' title='bbox 1013 4977 1278 5036; x_wconf 87' lang='lat' dir='ltr'><strong>adversus</strong></span> <span class='ocrx_word' id='word_1_763' title='bbox 1307 4976 1484 5042; x_wconf 90' lang='lat' dir='ltr'><strong>hunc,</strong></span> <span class='ocrx_word' id='word_1_764' title='bbox 1516 4992 1788 5048; x_wconf 87' lang='lat' dir='ltr'><strong>quamque</strong></span> <span class='ocrx_word' id='word_1_765' title='bbox 1813 4975 1882 5031; x_wconf 86' lang='lat' dir='ltr'><strong>de</strong></span> <span class='ocrx_word' id='word_1_766' title='bbox 1912 4992 1979 5032; x_wconf 93' lang='lat' dir='ltr'><strong>eo</strong></span> <span class='ocrx_word' id='word_1_767' title='bbox 2009 4993 2138 5032; x_wconf 89' lang='lat' dir='ltr'><strong>sen-</strong></span> 
     </span>
    </p>
   </div>
   <div class='ocr_carea' id='block_1_95' title="bbox 567 5065 2135 5138">
    <p class='ocr_par' dir='ltr' id='par_1_95' title="bbox 567 5065 2135 5138">
     <span class='ocr_line' id='line_1_95' title="bbox 567 5065 2135 5138; baseline 0.003 -20"><span class='ocrx_word' id='word_1_768' title='bbox 567 5065 794 5119; x_wconf 88' lang='lat' dir='ltr'><strong>tentiam</strong></span> <span class='ocrx_word' id='word_1_769' title='bbox 831 5073 1056 5122; x_wconf 87' lang='lat' dir='ltr'><strong>secutus</strong></span> <span class='ocrx_word' id='word_1_770' title='bbox 1099 5083 1220 5122; x_wconf 86' lang='lat' dir='ltr'><strong>sum</strong></span> <span class='ocrx_word' id='word_1_771' title='bbox 1241 5108 1257 5134; x_wconf 94' lang='lat'><strong>,</strong></span> <span class='ocrx_word' id='word_1_772' title='bbox 1291 5069 1404 5122; x_wconf 58' lang='lat' dir='ltr'><strong>haec</strong></span> <span class='ocrx_word' id='word_1_773' title='bbox 1433 5069 1562 5124; x_wconf 91' lang='lat' dir='ltr'><strong>item</strong></span> <span class='ocrx_word' id='word_1_774' title='bbox 1593 5069 1735 5138; x_wconf 89' lang='lat' dir='ltr'><strong>apud</strong></span> <span class='ocrx_word' id='word_1_775' title='bbox 1771 5077 1822 5124; x_wconf 91' lang='lat' dir='ltr'><strong>te</strong></span> <span class='ocrx_word' id='word_1_776' title='bbox 1851 5069 2135 5123; x_wconf 87' lang='lat' dir='ltr'><strong>obtineat:</strong></span> 
     </span>
    </p>
   </div>
   <div class='ocr_carea' id='block_1_96' title="bbox 567 5158 2137 5232">
    <p class='ocr_par' dir='ltr' id='par_1_96' title="bbox 567 5158 2137 5232">
     <span class='ocr_line' id='line_1_96' title="bbox 567 5158 2137 5232; baseline 0.003 -21"><span class='ocrx_word' id='word_1_777' title='bbox 567 5158 726 5220; x_wconf 84' lang='lat' dir='ltr'><strong>solvi,</strong></span> <span class='ocrx_word' id='word_1_778' title='bbox 757 5159 942 5214; x_wconf 87' lang='lat' dir='ltr'><strong>solve:</strong></span> <span class='ocrx_word' id='word_1_779' title='bbox 973 5160 1178 5225; x_wconf 84' lang='lat' dir='ltr'><strong>dimisi,</strong></span> <span class='ocrx_word' id='word_1_780' title='bbox 1209 5162 1454 5216; x_wconf 83' lang='lat' dir='ltr'><strong>dimitte:</strong></span> <span class='ocrx_word' id='word_1_781' title='bbox 1485 5177 1732 5232; x_wconf 84' lang='lat' dir='ltr'><strong>magnam</strong></span> <span class='ocrx_word' id='word_1_782' title='bbox 1758 5178 1857 5231; x_wconf 82' lang='lat' dir='ltr'><strong>ego</strong></span> <span class='ocrx_word' id='word_1_783' title='bbox 1885 5163 2137 5230; x_wconf 79' lang='lat' dir='ltr'><strong>proximo</strong></span> 
     </span>
    </p>
   </div>
   <div class='ocr_carea' id='block_1_97' title="bbox 566 5235 2138 5320">
    <p class='ocr_par' dir='ltr' id='par_1_97' title="bbox 566 5235 2138 5320">
     <span class='ocr_line' id='line_1_97' title="bbox 566 5235 2138 5320; baseline 0.004 -19"><span class='ocrx_word' id='word_1_784' title='bbox 566 5249 790 5303; x_wconf 80' lang='lat' dir='ltr'><strong>exhibui</strong></span> <span class='ocrx_word' id='word_1_785' title='bbox 809 5235 1270 5308; x_wconf 79' lang='lat' dir='ltr'><strong>misericordiam:</strong></span> <span class='ocrx_word' id='word_1_786' title='bbox 1295 5253 1527 5320; x_wconf 88' lang='lat' dir='ltr'><strong>imitare,</strong></span> <span class='ocrx_word' id='word_1_787' title='bbox 1549 5263 1608 5308; x_wconf 90' lang='lat' dir='ltr'><strong>tu</strong></span> <span class='ocrx_word' id='word_1_788' title='bbox 1627 5255 1870 5320; x_wconf 88' lang='lat' dir='ltr'><strong>Domine,</strong></span> <span class='ocrx_word' id='word_1_789' title='bbox 1890 5255 2036 5309; x_wconf 85' lang='lat' dir='ltr'><strong>servi</strong></span> <span class='ocrx_word' id='word_1_790' title='bbox 2059 5256 2138 5308; x_wconf 90' lang='lat' dir='ltr'><strong>tui</strong></span> 
     </span>
    </p>
   </div>
   <div class='ocr_carea' id='block_1_98' title="bbox 569 5341 2138 5416">
    <p class='ocr_par' dir='ltr' id='par_1_98' title="bbox 569 5341 2138 5416">
     <span class='ocr_line' id='line_1_98' title="bbox 569 5341 2138 5416; baseline 0.004 -21"><span class='ocrx_word' id='word_1_791' title='bbox 569 5341 988 5400; x_wconf 84' lang='lat' dir='ltr'><strong>humanitatem.</strong></span> <span class='ocrx_word' id='word_1_792' title='bbox 1019 5347 1088 5400; x_wconf 89' lang='lat' dir='ltr'><strong>At</strong></span> <span class='ocrx_word' id='word_1_793' title='bbox 1113 5346 1364 5416; x_wconf 84' lang='lat' dir='ltr'><strong>graviora</strong></span> <span class='ocrx_word' id='word_1_794' title='bbox 1395 5362 1511 5401; x_wconf 89' lang='lat' dir='ltr'><strong>mea</strong></span> <span class='ocrx_word' id='word_1_795' title='bbox 1537 5347 1594 5400; x_wconf 90' lang='lat' dir='ltr'><strong>in</strong></span> <span class='ocrx_word' id='word_1_796' title='bbox 1621 5357 1672 5402; x_wconf 94' lang='lat' dir='ltr'><strong>te</strong></span> <span class='ocrx_word' id='word_1_797' title='bbox 1699 5356 1942 5416; x_wconf 88' lang='lat' dir='ltr'><strong>peccata,</strong></span> <span class='ocrx_word' id='word_1_798' title='bbox 1973 5363 2138 5416; x_wconf 87' lang='lat' dir='ltr'><strong>quam</strong></span> 
     </span>
    </p>
   </div>
   <div class='ocr_carea' id='block_1_99' title="bbox 570 5436 2139 5511">
    <p class='ocr_par' dir='ltr' id='par_1_99' title="bbox 570 5436 2139 5511">
     <span class='ocr_line' id='line_1_99' title="bbox 570 5436 2139 5511; baseline 0.005 -23"><span class='ocrx_word' id='word_1_799' title='bbox 570 5450 692 5505; x_wconf 68' lang='lat' dir='ltr'><strong>quae</strong></span> <span class='ocrx_word' id='word_1_800' title='bbox 719 5436 810 5490; x_wconf 89' lang='lat' dir='ltr'><strong>hic</strong></span> <span class='ocrx_word' id='word_1_801' title='bbox 837 5439 1124 5493; x_wconf 87' lang='lat' dir='ltr'><strong>adversum</strong></span> <span class='ocrx_word' id='word_1_802' title='bbox 1157 5455 1243 5494; x_wconf 91' lang='lat' dir='ltr'><strong>me</strong></span> <span class='ocrx_word' id='word_1_803' title='bbox 1271 5441 1542 5494; x_wconf 90' lang='lat' dir='ltr'><strong>commisit</strong></span> <span class='ocrx_word' id='word_1_804' title='bbox 1575 5457 1588 5492; x_wconf 86' lang='lat'><strong>:</strong></span> <span class='ocrx_word' id='word_1_805' title='bbox 1625 5439 1678 5493; x_wconf 91' lang='lat' dir='ltr'><strong>id</strong></span> <span class='ocrx_word' id='word_1_806' title='bbox 1710 5455 1809 5510; x_wconf 86' lang='lat' dir='ltr'><strong>ego</strong></span> <span class='ocrx_word' id='word_1_807' title='bbox 1835 5455 1946 5494; x_wconf 89' lang='lat' dir='ltr'><strong>non</strong></span> <span class='ocrx_word' id='word_1_808' title='bbox 1979 5456 2139 5511; x_wconf 81' lang='lat' dir='ltr'><strong>nego,</strong></span> 
     </span>
    </p>
   </div>
   <div class='ocr_carea' id='block_1_100' title="bbox 571 5529 2137 5601">
    <p class='ocr_par' dir='ltr' id='par_1_100' title="bbox 571 5529 2137 5601">
     <span class='ocr_line' id='line_1_100' title="bbox 571 5529 2137 5601; baseline 0.001 -19"><span class='ocrx_word' id='word_1_809' title='bbox 571 5537 738 5597; x_wconf 84' lang='lat' dir='ltr'><strong>atque</strong></span> <span class='ocrx_word' id='word_1_810' title='bbox 765 5529 868 5583; x_wconf 87' lang='lat' dir='ltr'><strong>hoc</strong></span> <span class='ocrx_word' id='word_1_811' title='bbox 897 5541 1086 5599; x_wconf 88' lang='lat' dir='ltr'><strong>reputa</strong></span> <span class='ocrx_word' id='word_1_812' title='bbox 1105 5571 1118 5594; x_wconf 86' lang='lat'><strong>,</strong></span> <span class='ocrx_word' id='word_1_813' title='bbox 1145 5543 1414 5601; x_wconf 88' lang='lat' dir='ltr'><strong>quantum</strong></span> <span class='ocrx_word' id='word_1_814' title='bbox 1439 5533 1674 5588; x_wconf 67' lang='lat' dir='ltr'><strong>excellas</strong></span> <span class='ocrx_word' id='word_1_815' title='bbox 1705 5532 1758 5586; x_wconf 91' lang='lat' dir='ltr'><strong>in</strong></span> <span class='ocrx_word' id='word_1_816' title='bbox 1784 5534 1930 5586; x_wconf 87' lang='lat' dir='ltr'><strong>omni</strong></span> <span class='ocrx_word' id='word_1_817' title='bbox 1959 5534 2137 5588; x_wconf 86' lang='lat' dir='ltr'><strong>bono:</strong></span> 
     </span>
    </p>
   </div>
   <div class='ocr_carea' id='block_1_101' title="bbox 573 5625 2141 5690">
    <p class='ocr_par' dir='ltr' id='par_1_101' title="bbox 573 5625 2141 5690">
     <span class='ocr_line' id='line_1_101' title="bbox 573 5625 2141 5690; baseline 0.004 -14"><span class='ocrx_word' id='word_1_818' title='bbox 573 5637 789 5690; x_wconf 69' lang='lat' dir='ltr'><strong>atquum</strong></span> <span class='ocrx_word' id='word_1_819' title='bbox 843 5631 928 5678; x_wconf 90' lang='lat' dir='ltr'><strong>est</strong></span> <span class='ocrx_word' id='word_1_820' title='bbox 969 5625 1114 5680; x_wconf 87' lang='lat' dir='ltr'><strong>enim</strong></span> <span class='ocrx_word' id='word_1_821' title='bbox 1171 5635 1230 5680; x_wconf 88' lang='lat' dir='ltr'><strong>ut</strong></span> <span class='ocrx_word' id='word_1_822' title='bbox 1287 5627 1481 5682; x_wconf 89' lang='lat' dir='ltr'><strong>virium</strong></span> <span class='ocrx_word' id='word_1_823' title='bbox 1537 5634 1754 5682; x_wconf 89' lang='lat' dir='ltr'><strong>tuarum</strong></span> <span class='ocrx_word' id='word_1_824' title='bbox 1803 5627 2141 5684; x_wconf 65' lang='lat' dir='ltr'><strong>excellentiae</strong></span> 
     </span>
    </p>
   </div>
   <div class='ocr_carea' id='block_1_102' title="bbox 657 5801 1139 5868">
    <p class='ocr_par' dir='ltr' id='par_1_102' title="bbox 657 5801 1139 5868">
     <span class='ocr_line' id='line_1_102' title="bbox 657 5801 1139 5868; baseline 0.006 -14"><span class='ocrx_word' id='word_1_825' title='bbox 657 5801 746 5854; x_wconf 78' lang='grc'><strong>⁷³1</strong></span> <span class='ocrx_word' id='word_1_826' title='bbox 787 5803 907 5858; x_wconf 69' lang='lat' dir='ltr'><strong>(lor.</strong></span> <span class='ocrx_word' id='word_1_827' title='bbox 947 5819 1018 5868; x_wconf 87' lang='lat' dir='ltr'><strong>tv,</strong></span> <span class='ocrx_word' id='word_1_828' title='bbox 1055 5804 1139 5857; x_wconf 73' lang='lat'><strong>16.</strong></span> 
     </span>
    </p>
   </div>
   <div class='ocr_carea' id='block_1_103' title="bbox 2242 4697 3764 4774">
    <p class='ocr_par' dir='ltr' id='par_1_103' title="bbox 2242 4697 3764 4774">
     <span class='ocr_line' id='line_1_103' title="bbox 2242 4697 3764 4774; baseline -0.005 -19"><span class='ocrx_word' id='word_1_829' title='bbox 2242 4703 2522 4774; x_wconf 79' lang='grc' dir='ltr'>ὀφειλέτης</span> <span class='ocrx_word' id='word_1_830' title='bbox 2553 4706 2582 4756; x_wconf 84' lang='grc' dir='ltr'>ὁ</span> <span class='ocrx_word' id='word_1_831' title='bbox 2609 4703 2774 4766; x_wconf 84' lang='grc' dir='ltr'>δεῖνα,</span> <span class='ocrx_word' id='word_1_832' title='bbox 2813 4705 2841 4756; x_wconf 87' lang='lat'><strong>6</strong></span> <span class='ocrx_word' id='word_1_833' title='bbox 2869 4703 2958 4766; x_wconf 82' lang='grc' dir='ltr'><strong>σὸς</strong></span> <span class='ocrx_word' id='word_1_834' title='bbox 2987 4705 3045 4756; x_wconf 83' lang='grc' dir='ltr'><strong>δὲ</strong></span> <span class='ocrx_word' id='word_1_835' title='bbox 3097 4703 3241 4772; x_wconf 76' lang='grc' dir='ltr'>ἐγώ·</span> <span class='ocrx_word' id='word_1_836' title='bbox 3283 4705 3350 4774; x_wconf 83' lang='grc' dir='ltr'>ἦν</span> <span class='ocrx_word' id='word_1_837' title='bbox 3383 4704 3535 4772; x_wconf 76' lang='grc' dir='ltr'>ἔσχον</span> <span class='ocrx_word' id='word_1_838' title='bbox 3567 4701 3647 4753; x_wconf 75' lang='grc' dir='ltr'><strong>ἐπὶ</strong></span> <span class='ocrx_word' id='word_1_839' title='bbox 3673 4697 3764 4749; x_wconf 67' lang='lat'><strong>10&#39;3-</strong></span> 
     </span>
    </p>
   </div>
   <div class='ocr_carea' id='block_1_104' title="bbox 2241 4789 3762 4864">
    <p class='ocr_par' dir='ltr' id='par_1_104' title="bbox 2241 4789 3762 4864">
     <span class='ocr_line' id='line_1_104' title="bbox 2241 4789 3762 4864; baseline -0.003 -17"><span class='ocrx_word' id='word_1_840' title='bbox 2241 4813 2335 4847; x_wconf 89' lang='grc' dir='ltr'><strong>του</strong></span> <span class='ocrx_word' id='word_1_841' title='bbox 2365 4793 2586 4864; x_wconf 80' lang='grc' dir='ltr'>γνώμην</span> <span class='ocrx_word' id='word_1_842' title='bbox 2613 4794 2741 4862; x_wconf 76' lang='grc' dir='ltr'>ἐγὼ,</span> <span class='ocrx_word' id='word_1_843' title='bbox 2783 4793 2918 4864; x_wconf 77' lang='grc' dir='ltr'>αὕτη</span> <span class='ocrx_word' id='word_1_844' title='bbox 2951 4794 3100 4864; x_wconf 67' lang='grc' dir='ltr'>παρὰ</span> <span class='ocrx_word' id='word_1_845' title='bbox 3123 4795 3206 4846; x_wconf 79' lang='grc' dir='ltr'><strong>σοὶ</strong></span> <span class='ocrx_word' id='word_1_846' title='bbox 3235 4795 3555 4864; x_wconf 73' lang='grc' dir='ltr'>κρατησάτω</span> <span class='ocrx_word' id='word_1_847' title='bbox 3573 4809 3585 4820; x_wconf 90' lang='grc'><strong>·</strong></span> <span class='ocrx_word' id='word_1_848' title='bbox 3617 4789 3762 4842; x_wconf 71' lang='grc' dir='ltr'>ἔλυσα.</span> 
     </span>
    </p>
   </div>
   <div class='ocr_carea' id='block_1_105' title="bbox 2243 4881 3762 4956">
    <p class='ocr_par' dir='ltr' id='par_1_105' title="bbox 2243 4881 3762 4956">
     <span class='ocr_line' id='line_1_105' title="bbox 2243 4881 3762 4956; baseline -0.007 -17"><span class='ocrx_word' id='word_1_849' title='bbox 2243 4885 2401 4939; x_wconf 81' lang='grc' dir='ltr'>λῦσον</span> <span class='ocrx_word' id='word_1_850' title='bbox 2422 4903 2434 4916; x_wconf 95' lang='grc'><strong>·</strong></span> <span class='ocrx_word' id='word_1_851' title='bbox 2485 4886 2671 4956; x_wconf 81' lang='grc' dir='ltr'>ἀφῆκα</span> <span class='ocrx_word' id='word_1_852' title='bbox 2699 4928 2712 4951; x_wconf 91' lang='grc'><strong>,</strong></span> <span class='ocrx_word' id='word_1_853' title='bbox 2753 4887 2887 4953; x_wconf 86' lang='grc' dir='ltr'>ἄφες</span> <span class='ocrx_word' id='word_1_854' title='bbox 2913 4902 2926 4914; x_wconf 85' lang='grc'><strong>·</strong></span> <span class='ocrx_word' id='word_1_855' title='bbox 2957 4885 3121 4938; x_wconf 81' lang='grc' dir='ltr'>πολὺν</span> <span class='ocrx_word' id='word_1_856' title='bbox 3176 4885 3532 4954; x_wconf 75' lang='grc' dir='ltr'>ἐπεδειξάμην</span> <span class='ocrx_word' id='word_1_857' title='bbox 3575 4881 3671 4948; x_wconf 82' lang='grc' dir='ltr'><strong>ἐγὼ</strong></span> <span class='ocrx_word' id='word_1_858' title='bbox 3705 4881 3762 4945; x_wconf 77' lang='grc' dir='ltr'>τῷ</span> 
     </span>
    </p>
   </div>
   <div class='ocr_carea' id='block_1_106' title="bbox 2241 4967 3762 5051">
    <p class='ocr_par' dir='ltr' id='par_1_106' title="bbox 2241 4967 3762 5051">
     <span class='ocr_line' id='line_1_106' title="bbox 2241 4967 3762 5051; baseline -0.01 -16"><span class='ocrx_word' id='word_1_859' title='bbox 2241 4980 2496 5051; x_wconf 75' lang='grc' dir='ltr'>ὁμοφύλῳ</span> <span class='ocrx_word' id='word_1_860' title='bbox 2517 4981 2608 5032; x_wconf 79' lang='grc' dir='ltr'><strong>τὸν</strong></span> <span class='ocrx_word' id='word_1_861' title='bbox 2633 4979 2778 5032; x_wconf 79' lang='grc' dir='ltr'>ἔλεον</span> <span class='ocrx_word' id='word_1_862' title='bbox 2799 4999 2812 5011; x_wconf 88' lang='grc'>·</span> <span class='ocrx_word' id='word_1_863' title='bbox 2840 4980 3072 5049; x_wconf 85' lang='grc' dir='ltr'>μίμησαι</span> <span class='ocrx_word' id='word_1_864' title='bbox 3101 4977 3198 5047; x_wconf 82' lang='grc' dir='ltr'>τὴν</span> <span class='ocrx_word' id='word_1_865' title='bbox 3223 4976 3316 5030; x_wconf 81' lang='grc' dir='ltr'>τοῦ</span> <span class='ocrx_word' id='word_1_866' title='bbox 3341 4977 3525 5030; x_wconf 79' lang='grc' dir='ltr'>δούλου</span> <span class='ocrx_word' id='word_1_867' title='bbox 3557 4991 3637 5026; x_wconf 82' lang='grc' dir='ltr'><strong>σου</strong></span> <span class='ocrx_word' id='word_1_868' title='bbox 3667 4967 3762 5038; x_wconf 78' lang='grc' dir='ltr'>φιλ-</span> 
     </span>
    </p>
   </div>
   <div class='ocr_carea' id='block_1_107' title="bbox 2247 5061 3760 5141">
    <p class='ocr_par' dir='ltr' id='par_1_107' title="bbox 2247 5061 3760 5141">
     <span class='ocr_line' id='line_1_107' title="bbox 2247 5061 3760 5141; baseline -0.003 -17"><span class='ocrx_word' id='word_1_869' title='bbox 2247 5071 2626 5140; x_wconf 85' lang='grc' dir='ltr'>ανθρωπίαν,ὁ</span> <span class='ocrx_word' id='word_1_870' title='bbox 2679 5071 2900 5141; x_wconf 82' lang='grc' dir='ltr'>Κύριος.</span> <span class='ocrx_word' id='word_1_871' title='bbox 2949 5069 3106 5122; x_wconf 82' lang='grc' dir='ltr'>Ἀλλὰ</span> <span class='ocrx_word' id='word_1_872' title='bbox 3141 5067 3414 5140; x_wconf 73' lang='grc' dir='ltr'>βαρύτερα</span> <span class='ocrx_word' id='word_1_873' title='bbox 3473 5084 3568 5138; x_wconf 88' lang='grc' dir='ltr'><strong>μου</strong></span> <span class='ocrx_word' id='word_1_874' title='bbox 3611 5064 3670 5115; x_wconf 79' lang='grc' dir='ltr'>τὰ</span> <span class='ocrx_word' id='word_1_875' title='bbox 3701 5061 3760 5120; x_wconf 77' lang='grc' dir='ltr'>εἰς</span> 
     </span>
    </p>
   </div>
   <div class='ocr_carea' id='block_1_108' title="bbox 2249 5159 3760 5234">
    <p class='ocr_par' dir='ltr' id='par_1_108' title="bbox 2249 5159 3760 5234">
     <span class='ocr_line' id='line_1_108' title="bbox 2249 5159 3760 5234; baseline -0.008 -17"><span class='ocrx_word' id='word_1_876' title='bbox 2249 5164 2308 5217; x_wconf 84' lang='grc' dir='ltr'>σὲ</span> <span class='ocrx_word' id='word_1_877' title='bbox 2337 5163 2776 5234; x_wconf 81' lang='grc' dir='ltr'>πλημμελήματα</span> <span class='ocrx_word' id='word_1_878' title='bbox 2803 5162 2912 5214; x_wconf 86' lang='grc' dir='ltr'>τῶν</span> <span class='ocrx_word' id='word_1_879' title='bbox 2949 5164 3028 5225; x_wconf 77' lang='grc' dir='ltr'><strong>εἰς</strong></span> <span class='ocrx_word' id='word_1_880' title='bbox 3051 5161 3150 5231; x_wconf 78' lang='grc' dir='ltr'>ἐμὲ</span> <span class='ocrx_word' id='word_1_881' title='bbox 3179 5160 3331 5230; x_wconf 80' lang='grc' dir='ltr'>παρὰ</span> <span class='ocrx_word' id='word_1_882' title='bbox 3359 5159 3544 5212; x_wconf 81' lang='grc' dir='ltr'>τούτου</span> <span class='ocrx_word' id='word_1_883' title='bbox 3573 5169 3760 5224; x_wconf 79' lang='grc' dir='ltr'>γεγενη-</span> 
     </span>
    </p>
   </div>
   <div class='ocr_carea' id='block_1_109' title="bbox 2251 5248 3760 5328">
    <p class='ocr_par' dir='ltr' id='par_1_109' title="bbox 2251 5248 3760 5328">
     <span class='ocr_line' id='line_1_109' title="bbox 2251 5248 3760 5328; baseline -0.011 -18"><span class='ocrx_word' id='word_1_884' title='bbox 2251 5257 2424 5328; x_wconf 84' lang='grc' dir='ltr'>μένων</span> <span class='ocrx_word' id='word_1_885' title='bbox 2448 5273 2463 5287; x_wconf 90' lang='grc'><strong>·</strong></span> <span class='ocrx_word' id='word_1_886' title='bbox 2497 5256 2640 5325; x_wconf 75' lang='grc' dir='ltr'>φημὶ</span> <span class='ocrx_word' id='word_1_887' title='bbox 2677 5253 2834 5322; x_wconf 79' lang='grc' dir='ltr'><strong>κάγὼ</strong></span> <span class='ocrx_word' id='word_1_888' title='bbox 2857 5295 2870 5316; x_wconf 88' lang='grc'><strong>,</strong></span> <span class='ocrx_word' id='word_1_889' title='bbox 2908 5255 3000 5306; x_wconf 74' lang='grc' dir='ltr'><strong>καὶ</strong></span> <span class='ocrx_word' id='word_1_890' title='bbox 3053 5252 3210 5305; x_wconf 79' lang='grc' dir='ltr'>τοῦτο</span> <span class='ocrx_word' id='word_1_891' title='bbox 3247 5253 3455 5320; x_wconf 83' lang='grc' dir='ltr'>λόγισαι</span> <span class='ocrx_word' id='word_1_892' title='bbox 3493 5253 3606 5302; x_wconf 79' lang='grc' dir='ltr'>ὅσον</span> <span class='ocrx_word' id='word_1_893' title='bbox 3631 5248 3760 5312; x_wconf 77' lang='grc' dir='ltr'>ὑπερ-</span> 
     </span>
    </p>
   </div>
   <div class='ocr_carea' id='block_1_110' title="bbox 2247 5331 3754 5416">
    <p class='ocr_par' dir='ltr' id='par_1_110' title="bbox 2247 5331 3754 5416">
     <span class='ocr_line' id='line_1_110' title="bbox 2247 5331 3754 5416; baseline -0.009 -17"><span class='ocrx_word' id='word_1_894' title='bbox 2247 5348 2388 5416; x_wconf 85' lang='grc' dir='ltr'>έχεις</span> <span class='ocrx_word' id='word_1_895' title='bbox 2435 5348 2491 5398; x_wconf 81' lang='grc' dir='ltr'>ὲν</span> <span class='ocrx_word' id='word_1_896' title='bbox 2525 5345 2685 5398; x_wconf 77' lang='grc' dir='ltr'>παντὶ</span> <span class='ocrx_word' id='word_1_897' title='bbox 2715 5342 2907 5413; x_wconf 81' lang='grc' dir='ltr'>ἀγαθῷ</span> <span class='ocrx_word' id='word_1_898' title='bbox 2933 5359 2945 5370; x_wconf 92' lang='grc'>·</span> <span class='ocrx_word' id='word_1_899' title='bbox 2979 5342 3178 5404; x_wconf 85' lang='grc' dir='ltr'>δίκαιος</span> <span class='ocrx_word' id='word_1_900' title='bbox 3215 5343 3325 5412; x_wconf 82' lang='grc' dir='ltr'><strong>γὰρ</strong></span> <span class='ocrx_word' id='word_1_901' title='bbox 3357 5339 3404 5392; x_wconf 77' lang='grc' dir='ltr'>εἷ</span> <span class='ocrx_word' id='word_1_902' title='bbox 3443 5342 3504 5409; x_wconf 80' lang='grc' dir='ltr'>τῇ</span> <span class='ocrx_word' id='word_1_903' title='bbox 3533 5331 3754 5406; x_wconf 72' lang='grc' dir='ltr'>ὑπερϐολῇ</span> 
     </span>
    </p>
   </div>
   <div class='ocr_carea' id='block_1_111' title="bbox 2246 5431 3754 5509">
    <p class='ocr_par' dir='ltr' id='par_1_111' title="bbox 2246 5431 3754 5509">
     <span class='ocr_line' id='line_1_111' title="bbox 2246 5431 3754 5509; baseline -0.009 -19"><span class='ocrx_word' id='word_1_904' title='bbox 2246 5439 2342 5509; x_wconf 82' lang='grc' dir='ltr'>τῆς</span> <span class='ocrx_word' id='word_1_905' title='bbox 2375 5439 2472 5508; x_wconf 83' lang='grc' dir='ltr'>σῆς</span> <span class='ocrx_word' id='word_1_906' title='bbox 2513 5435 2792 5506; x_wconf 84' lang='grc' dir='ltr'>δυνάμεως</span> <span class='ocrx_word' id='word_1_907' title='bbox 2827 5433 3189 5502; x_wconf 76' lang='grc' dir='ltr'>ἀναλογοῦντα</span> <span class='ocrx_word' id='word_1_908' title='bbox 3237 5435 3367 5502; x_wconf 78' lang='grc' dir='ltr'>ἡμῖν</span> <span class='ocrx_word' id='word_1_909' title='bbox 3413 5433 3518 5493; x_wconf 84' lang='grc' dir='ltr'>τοῖς</span> <span class='ocrx_word' id='word_1_910' title='bbox 3547 5431 3754 5498; x_wconf 76' lang='grc' dir='ltr'>ἡμαρτηο</span> 
     </span>
    </p>
   </div>
   <div class='ocr_carea' id='block_1_112' title="bbox 2249 5517 3754 5598">
    <p class='ocr_par' dir='ltr' id='par_1_112' title="bbox 2249 5517 3754 5598">
     <span class='ocr_line' id='line_1_112' title="bbox 2249 5517 3754 5598; baseline -0.013 -13"><span class='ocrx_word' id='word_1_911' title='bbox 2249 5533 2368 5585; x_wconf 75' lang='grc' dir='ltr'>κόσι</span> <span class='ocrx_word' id='word_1_912' title='bbox 2391 5530 2481 5584; x_wconf 76' lang='grc' dir='ltr'><strong>τὸν</strong></span> <span class='ocrx_word' id='word_1_913' title='bbox 2513 5529 2658 5582; x_wconf 74' lang='grc' dir='ltr'>ἔλεον</span> <span class='ocrx_word' id='word_1_914' title='bbox 2685 5526 3008 5598; x_wconf 84' lang='grc' dir='ltr'>δωρεῖσθαι·</span> <span class='ocrx_word' id='word_1_915' title='bbox 3039 5525 3223 5593; x_wconf 85' lang='grc' dir='ltr'>ὀλίγην</span> <span class='ocrx_word' id='word_1_916' title='bbox 3266 5525 3365 5596; x_wconf 81' lang='grc' dir='ltr'><strong>τὴν</strong></span> <span class='ocrx_word' id='word_1_917' title='bbox 3402 5517 3754 5592; x_wconf 75' lang='grc' dir='ltr'>φιλανθρωπίαν</span> 
     </span>
    </p>
   </div>
   <div class='ocr_carea' id='block_1_113' title="bbox 2249 5612 3750 5693">
    <p class='ocr_par' dir='ltr' id='par_1_113' title="bbox 2249 5612 3750 5693">
     <span class='ocr_line' id='line_1_113' title="bbox 2249 5612 3750 5693; baseline -0.006 -15"><span class='ocrx_word' id='word_1_918' title='bbox 2249 5621 2608 5693; x_wconf 76' lang='grc' dir='ltr'>ἐπεδειξάμην</span> <span class='ocrx_word' id='word_1_919' title='bbox 2659 5619 2766 5692; x_wconf 79' lang='grc' dir='ltr'>ἐγώ</span> <span class='ocrx_word' id='word_1_920' title='bbox 2789 5637 2800 5650; x_wconf 75' lang='grc'><em>’</em></span> <span class='ocrx_word' id='word_1_921' title='bbox 2833 5620 2894 5672; x_wconf 79' lang='grc' dir='ltr'><strong>οὐ</strong></span> <span class='ocrx_word' id='word_1_922' title='bbox 2925 5618 3032 5689; x_wconf 79' lang='grc' dir='ltr'>γὰρ</span> <span class='ocrx_word' id='word_1_923' title='bbox 3057 5616 3249 5688; x_wconf 79' lang='grc' dir='ltr'>ἐχώρει</span> <span class='ocrx_word' id='word_1_924' title='bbox 3277 5618 3339 5671; x_wconf 85' lang='grc' dir='ltr'><strong>τὸ</strong></span> <span class='ocrx_word' id='word_1_925' title='bbox 3375 5617 3529 5670; x_wconf 80' lang='grc' dir='ltr'>πλέον</span> <span class='ocrx_word' id='word_1_926' title='bbox 3559 5612 3750 5685; x_wconf 69' lang='grc' dir='ltr'>ἡφύσις·</span> 
     </span>
    </p>
   </div>
  </div>
