3824 6518
166 411 263 463 ilbi

162 524 211 575 σὺ
234 523 275 575 δὲ
296 524 399 577 ὅσον
432 527 636 593 ἐθέλεις
661 569 675 592 ,
711 530 771 587 ού
801 533 996 586 κωλύει
1043 536 1140 606 τὴν
1171 524 1580 610 μεγαλοδωρεὸω
1629 542 1662 609 ἡ

157 611 347 684 δύναμις.
407 618 562 675 Ἀλλά
617 622 1117 697 φιλανθρωπότερον
1153 627 1250 700 τὴν
1302 633 1664 703 προκειμένην

156 703 234 771 τῆς
265 710 542 777 προσευχῆς
577 709 732 779 ῥῆσιν
761 714 1202 785 κατανοήσωμεν,
1240 716 1293 769 εἴ
1317 736 1432 782 πως
1458 722 1663 787 γένοιτό

155 809 222 856 τις
245 797 317 848 καὶ
338 799 460 867 ἡμῖν
498 800 583 856 διὰ
609 805 711 872 τῆς
737 802 830 858 τοῦ
870 809 1136 876 νοήματος
1158 809 1388 881 θεωρίας
1414 812 1548 883 πρὸς
1573 814 1662 867 τὸν

154 886 314 954 ὑψηλὸν
362 887 474 958 βίον
505 895 860 962 χειραγωγία.
915 898 1285 970 Ἐξετάσωμεν
1313 903 1491 956 τοίνυν
1535 908 1660 957 ποῖα

155 977 235 1045 μέν
259 979 382 1032 ἐστιν
412 975 492 1043 οἷς
521 984 797 1056 ὑπόχρεως
821 988 852 1057 ἡ
881 988 1190 1062 ἀνθρωπίνη
1226 991 1385 1061 φύσις
1405 1009 1421 1023 ⁸
1456 999 1580 1048 ποῖα
1608 996 1664 1048 δὲ

150 1069 281 1122 πάλιν
304 1073 472 1126 ἐκεῖνα
497 1113 512 1136 ,
559 1068 633 1128 ὧν
676 1079 832 1146 ἡμεῖς
857 1083 1023 1149 ἐσμεν
1071 1086 1166 1153 τῆς
1195 1085 1436 1152 ἀφέσεως
1464 1086 1663 1157 κύριοι.

159 1159 236 1212 Ἐκ
276 1160 362 1233 γὰρ
391 1163 483 1216 τοῦ
525 1165 696 1226 ταῦτα
747 1169 982 1237 γνῶναι,
1043 1174 1238 1240 γένοιτ’
1275 1175 1340 1228 ἂν
1394 1177 1522 1246 ἡμῖν
1566 1178 1665 1248 τῆς

147 1251 400 1324 ⁴ὅπερίίολῆς
429 1256 536 1308 τῶν
569 1257 724 1312 θείων
777 1261 994 1328 ἀγαθῶν
1035 1266 1230 1335 μετρία
1275 1283 1357 1328 τις
1410 1268 1665 1337 κατανόη-

143 1357 231 1404 σις.
262 1344 446 1397 Οὐκοῦν
485 1347 729 1406 ἐντεῦθεν
783 1351 1132 1421 ποιησώμεθα
1175 1352 1280 1406 τῶν
1310 1355 1660 1426 ἀνθρωπίνων

140 1434 256 1504 πρὸς
277 1435 352 1486 τὸν
379 1436 508 1489 Θεὸν
543 1439 1026 1510 πλημμελημάτων
1063 1443 1159 1514 τὴν
1188 1445 1585 1518 ἀπαρίθμησιν.

1013 417 1102 472 ΒΕ
1147 418 1504 520 ΟΒΑΤΙΟΝΕ⁸
1532 421 1877 477 DOMl-NICA.
1918 452 1985 464 -—
2026 422 2285 478 ORATIO
2321 423 2386 477 V.

3195 426 3330 480 “82

1693 549 1740 604 Α
1766 541 2174 595 convenientem
2206 539 2636 595 misericordiam
2664 539 2822 596 nobis
2851 539 3203 610 peccantibus
3229 543 3331 594 tri-

1771 630 1935 696 buas;
1959 632 2210 700 exiguam
2234 631 2622 686 humanitatem
2647 645 2747 701 ego
2768 631 3024 695 exhibui,
3049 646 3155 684 non
3184 633 3330 686 enim

1769 722 2003 788 amplius
2058 722 2306 790 capiebat
2368 731 2595 784 natura,
2649 730 2739 776 tua
2790 738 2918 777 vero
2962 722 3328 776 muniﬁcentia

1768 812 2060 880 exiguitate
2093 814 2346 882 potentia:
2388 829 2495 867 non
2541 814 2857 882 prohibetur
2896 817 3026 884 quin
3067 824 3329 884 quantum

1768 903 1924 969 velis,
1952 912 2158 957 tantum
2184 904 2448 974 largiaris.
2478 903 2673 959 Verum
2699 905 3011 976 diligentius
3034 905 3333 976 perpenda-

1770 1010 1891 1048 mus
1927 995 2259 1065 propositam
2291 997 2555 1052 orationis
2587 996 2915 1063 dictionem,
2948 1000 2996 1052 si
3028 1013 3137 1067 quo
3170 997 3333 1051 modo

1769 1087 1927 1142 nobis
1961 1088 2122 1141 etiam
2167 1102 2265 1157 per
2299 1089 2581 1142 sententia:
2613 1089 3138 1152 considerationem,
3173 1089 3331 1158 quasi

1768 1177 2116 1233 manuductis
2147 1179 2213 1232 ad
2253 1179 2537 1233 sublimem
2580 1180 2747 1232 vitam
2789 1179 3007 1248 aliquod
3047 1179 3332 1249 adiumen-

1769 1275 1881 1320 tum
1916 1268 2229 1334 contingere
2261 1267 2448 1337 possit.
2500 1266 2819 1321 Scrutemur
2861 1269 3024 1338 igitur
3055 1283 3175 1337 qua:
3222 1267 3334 1321 sint

1767 1372 1829 1410 ea
1882 1357 2100 1426 quidem
2162 1358 2360 1427 quibus
2419 1357 2804 1422 praestantibus
2863 1358 3095 1410 humana
3141 1366 3331 1410 natura

1763 1449 1997 1502 obnoxia
2032 1450 2102 1503 sit
2127 1429 2158 1502 ἐ
2188 1464 2308 1518 quae
2341 1449 2468 1502 item
2517 1449 2608 1502 illa
2652 1458 2860 1505 contra.
2885 1463 3115 1519 quorum
3147 1449 3335 1503 remit-

137 1525 385 1579 tendorum
425 1542 526 1581 nos
561 1538 883 1598 potestatem
929 1531 1209 1589 habemus.
1251 1534 1383 1590 Nam
1442 1551 1509 1590 ex
1569 1536 1760 1591 harum
1814 1554 1993 1592 rerum
2049 1538 2517 1593 animadversione
2557 1539 2847 1592 mediocris
2897 1539 3141 1607 quaedam
3178 1536 3334 1589 nobis

132 1615 430 1671 excellentiae
452 1618 758 1672 divinorum
787 1621 1055 1677 bonorum
1119 1626 1358 1695 cognitio
1415 1627 1729 1698 contingere
1770 1631 1966 1698 possit.
2018 1631 2349 1698 Incipiamus
2395 1629 2558 1699 igitur
2603 1629 2732 1683 hinc
2785 1640 3004 1699 peccata
3051 1627 3332 1682 hominum

130 1705 361 1761 adversus
391 1706 558 1762 Deum
591 1713 881 1767 commissa
909 1729 1254 1770 enumerare.

189 1803 393 1874 Πρὼτην
420 1803 666 1876 ὤφλησεν
709 1807 786 1878 τῷ
815 1809 932 1880 θεῷ
967 1811 1232 1884 τιμωρίαν
1280 1814 1308 1864 6
1357 1812 1658 1883 ἄνθρωπος,

1839 1807 2078 1862 Primum
2111 1805 2218 1860 Deo
2239 1804 2565 1874 supplicium
2599 1804 2760 1858 homo
2777 1803 2982 1869 debuit,
3005 1807 3149 1876 quod
3171 1808 3240 1862 ab
3265 1820 3324 1863 ec

123 1895 198 1948 ὅτι
221 1896 506 1966 ἀπέστησεν
548 1899 736 1956 ἑαυτὸν
763 1900 855 1954 τοῦ
885 1904 1236 1971 ποιήσαντος,
1269 1905 1361 1957 καὶ
1389 1905 1523 1976 πρὸς
1566 1905 1656 1959 τὸν

121 1987 336 2040 ἐναντίον
365 1989 833 2060 ἀπηυτομόλησεν,
872 1993 1144 2062 δραπέτης
1170 1993 1263 2047 τοῦ
1313 1996 1453 2048 κατά
1497 1994 1658 2064 φύσιν

117 2077 352 2130 δεσπότου
379 2079 471 2130 καὶ
496 2081 803 2151 ἀποστάτης
831 2085 1119 2155 γενόμενος
1143 2104 1155 2117 ο
1188 2085 1437 2158 δεύτερον
1459 2089 1539 2141 ὅτι
1560 2089 1659 2159 τὴν

117 2168 339 2236 πονηρὰν
358 2169 453 2238 τῆς
473 2169 742 2240 ἁμαρτίας
765 2173 1026 2237 δουλείαν,
1045 2176 1164 2228 ἀντὶ
1191 2176 1291 2246 τῆς
1315 2177 1658 2244 αὑτεξουσίου

115 2259 403 2332 ἐλευθερίας
459 2261 721 2330 ἠλλάξατο
743 2303 758 2326 ,
795 2266 887 2317 καὶ
921 2268 1251 2338 προετίμησε
1297 2268 1389 2322 τοῦ
1424 2273 1660 2324 συνεῖναι

111 2351 261 2423 Θεῷ,
306 2353 364 2405 τὸ
415 2355 790 2424 τυραννεῖσθαι
835 2359 985 2428 παρὰ
1038 2359 1137 2428 τῆς
1196 2361 1662 2433 καταφθειρούσης

110 2443 393 2514 δυνάμεως.
443 2445 601 2498 Ἀλλά
633 2447 809 2502 καὶτὸ
853 2449 926 2518 μὴ
959 2449 1093 2519 πρὸς
1121 2449 1180 2502 τὸ
1213 2451 1405 2512 κάλλος
1430 2452 1522 2504 τοῦ
1563 2470 1661 2505 πε-

108 2536 386 2604 ποιηκότος
416 2536 629 2604 βλέπειν
656 2579 670 2601 ,
704 2538 838 2608 πρὸς
868 2539 923 2591 δὲ
957 2541 1018 2592 τὸ
1048 2537 1233 2609 αἶσχος
1263 2545 1364 2612 τῆς
1392 2544 1663 2614 ἁμαρτίας

105 2627 415 2698 ἐπιστρέψαι
446 2627 505 2680 τὸ
528 2628 812 2698 πρόσωπον
837 2670 852 2693 ,
894 2631 1035 2694 τίνος
1059 2631 1124 2686 ἂν
1154 2633 1402 2704 δεύτερον
1430 2635 1536 2687 τῶν
1565 2652 1663 2689 κα-

107 2717 216 2774 κῶν
244 2719 490 2788 κριθείη;
528 2719 598 2770 Ἤ
638 2737 694 2771 τε
718 2718 823 2774 τῶν
865 2721 1023 2776 θείων
1089 2724 1308 2791 ἀγαθῶν
1370 2725 1662 2797 ὑπεροψία,

103 2811 194 2861 καὶ
226 2809 328 2861 τῶν
357 2809 447 2860 τοῦ
495 2810 730 2880 πονηροῦ
773 2810 1150 2881 δελεασμάτων
1193 2815 1552 2886 προτίμησις,
1586 2819 1665 2880 είς

103 2900 252 2951 ποῖον
289 2898 450 2968 μέρος
493 2899 760 2968 τιμωρίας
787 2901 1047 2972 ταχθείη;
1085 2905 1152 2957 Ὅ
1201 2923 1259 2957 τε
1313 2907 1413 2975 τῆς
1461 2908 1666 2970 εἰκόνος

99 2987 404 3056 ἀφανισμδς
428 3031 442 3052 ,
473 2989 564 3041 καὶ
590 2991 622 3059 ἡ
652 2989 795 3061 λύμη
835 2991 928 3044 τοῦ
963 2992 1107 3048 θείου
1152 2999 1495 3068 χαρακτῆρος
1520 3040 1534 3064 ,
1570 2998 1664 3052 τοῦ

97 3076 251 3147 παρὰ
279 3077 376 3148 τὴν
405 3075 624 3149 πρώτην
663 3082 836 3134 κτίσιν
874 3084 930 3134 ὲν
961 3085 1090 3154 ἡμῖν
1119 3086 1494 3156 μορφωθέντος
1519 3129 1534 3152 ,
1571 3089 1664 3143 καὶ⁵

91 3169 126 3235 ή
178 3169 278 3238 τῆς
307 3168 557 3240 δραχμῆς
591 3171 832 3226 ἀπώλεια
861 3215 875 3237 ,
911 3177 1004 3229 καὶ
1051 3179 1083 3246 ἠ
1119 3177 1219 3247 τῆς
1266 3169 1540 3251 τραπέζης
1571 3182 1663 3234 τοῦ

91 3260 299 3330 πατρὸς
346 3261 724 3332 ἀναχώρησις,
774 3268 868 3319 καὶ
919 3269 950 3336 ἠ
999 3267 1132 3338 πρὸς
1172 3269 1264 3322 τὸν
1304 3271 1509 3342 δυσώδη
1556 3273 1663 3326 τῶν

86 3351 292 3423 χοίρων
334 3352 448 3422 βίον
496 3355 798 3420 οἰκείωσις,
831 3359 922 3411 καὶ
970 3360 1004 3428 ἡ
1059 3359 1152 3412 τοῦ
1201 3361 1382 3430 τιμίου
1431 3363 1661 3415 πλούτου

81 3439 388 3513 διαφθορὰ,
421 3443 512 3496 καὶ
551 3444 649 3496 ὅσα
678 3447 897 3498 τοιαῦτα
941 3446 1030 3500 διὰ
1070 3465 1128 3501 τε
1176 3453 1273 3520 τῆς
1304 3451 1523 3523 Γραφῆς
1571 3454 1664 3507 καὶ

79 3531 195 3586 τῶν
224 3533 501 3605 λογισμῶν
543 3537 666 3589 ίδεῖν
705 3535 816 3591 ἔστι
848 3540 1308 3612 πλημμελήματα,
1344 3544 1426 3605 τίς
1471 3545 1534 3597 ἂν
1573 3545 1660 3611 ea.

78 3625 459 3696 αριθμήσαιτο
505 3627 654 3695 λόγος
685 3645 699 3693 ;
742 3631 954 3701 Ἐπειδὴ
971 3633 1144 3685 τοίνυν
1171 3637 1227 3686 ἐν
1249 3634 1502 3697 τοιούτοις
1527 3636 1660 3689 ὑπό-

76 3715 234 3769 δικόν
260 3718 378 3769 ἐστι
412 3717 545 3786 πρὸς
571 3721 836 3788 τιμωρίας
862 3721 1066 3774 ἔκτισιν
1101 3723 1161 3776 τὸ
1208 3724 1545 3795 ἀνθρώπινον
1584 3727 1661 3796 τῷ

72 3805 225 3876 Θεῷ,
253 3806 348 3859 διὰ
377 3807 533 3860 τοῦτό
562 3826 650 3878 μοι
671 3809 815 3862 δοκεῖ
841 3813 1110 3865 παιδεύειν
1136 3817 1280 3884 ἡμᾶς
1314 3819 1377 3886 τῇ
1410 3816 1662 3870 διδασκα-

70 3896 169 3967 λία
191 3897 298 3965 τῆς
329 3899 634 3969 προσευχῆς
659 3901 686 3951 6
724 3898 896 3968 λόγος,
932 3905 1192 3974 μηδαμῶς
1214 3909 1270 3958 ὲν
1291 3910 1356 3977 τῇ
1381 3911 1512 3979 πρὸς
1531 3910 1661 3962 Θεὸν

67 3989 328 4054 ἐντεύξει
355 4031 369 4052 ,
401 3990 474 4054 ὡς
497 3992 589 4042 ἐπὶ
637 3992 858 4065 καθαρῷ
885 3995 962 4066 τῷ
1008 3999 1263 4051 συνειδότι
1294 4001 1662 4070 παρρησιάζε-

69 4080 232 4141 σθαι,
268 4081 381 4134 xiv
420 4083 501 4134 ὅτι
555 4083 787 4153 μάλιστα
831 4087 938 4140 τῶν
967 4087 1318 4159 ἀνθρωπίνων
1347 4092 1662 4164 πλημμελη-

67 4173 275 4243 μάτων
310 4175 716 4245 κεχωρισμένος
748 4195 829 4238 τις
957 4180 1116 4242 Ἴσως
1141 4181 1248 4250 γάρ
1280 4199 1365 4245 τις
1404 4185 1543 4236 κατὰ
1571 4185 1660 4237 τὸν

61 4264 306 4316 νεανίαν
354 4266 560 4318 ἐκεῖνον
605 4267 696 4318 τὸν
745 4268 1123 4341 πολυκτήμονα
1155 4275 1274 4335 ταῖς
1300 4274 1536 4338 ἐντολαῖς
1561 4277 1659 4345 τὴν

61 4355 226 4426 ζωὴν
283 4356 482 4410 ἑαυτοῦ
535 4358 988 4430 παιδαγωγήσας,
1032 4361 1142 4432 ἔχει
1201 4365 1262 4416 τὸ
1289 4365 1528 4419 τοιοῦτον
1567 4369 1658 4420 ἐπὶ

57 4445 165 4502 τοῦ
195 4446 339 4499 ίδίου
371 4447 746 4518 καυχήσασθαι
789 4449 922 4519 βίου,
955 4453 1048 4504 καὶ
1076 4455 1250 4506 εἰπεῖν
1268 4454 1344 4526 τῷ
1375 4455 1511 4525 Θεῷ,
1571 4456 1652 4508 ὅτι

64 4535 280 4588 Ταῦτα
301 4533 503 4591 πάντα
542 4539 933 4608 ἐφυλαξάμην
969 4544 1036 4596 ἐκ
1080 4545 1357 4612 νεότητός
1387 4564 1541 4615 μου,
1566 4550 1658 4601 καὶ

56 4623 448 4691 ύπηλειφέναι
501 4626 680 4696 αύτῷ,
732 4628 818 4681 διὰ
858 4629 918 4682 τὸ
974 4631 1136 4700 μηδὲν
1179 4634 1256 4695 εἰς
1301 4633 1398 4697 τάς
1442 4636 1658 4700 ἐντολὰς

53 4715 505 4786 πλημμελῆσαι,
534 4719 606 4788 μὴ
628 4718 746 4779 λίαν
770 4721 1028 4791 ἁρμόζειν
1064 4722 1160 4793 τὴν
1189 4724 1328 4795 ὑπὲρ
1355 4725 1461 4778 τῶν
1489 4726 1655 4798 ὀφλη-

53 4806 270 4878 μάτων
297 4807 653 4879 παραίτησιν,
671 4810 746 4871 ὡς
770 4812 949 4880 μόνοις
973 4816 1084 4876 τοῖς
1112 4814 1544 4886 ἐξημαρτηκόσιν
1566 4821 1658 4890 ἀρ·

52 4895 385 4965 μόζουσαν.
417 4897 524 4950 Καί
554 4916 684 4969 φησι
717 4900 794 4970 τῷ
825 4901 1132 4971 μολυνθέντι
1161 4905 1246 4958 διὰ
1277 4908 1527 4976 πορνείας
1559 4911 1656 4980 τὴν

45 4984 344 5056 τοιαύτην
376 4987 605 5057 πρέπειν
631 4989 810 5062 φωνήν
835 5031 848 5054 ,
881 4991 914 5062 ἢ
943 4993 1020 5063 τῷ
1049 4993 1134 5050 διὰ
1173 4996 1480 5064 πλεονεξίας
1511 5001 1660 5054 είδως

44 5078 518 5149 λολατρήσαντι,
570 5081 868 5148 ἀναγκαίαν
906 5084 1002 5154 τὴν
1035 5087 1248 5157 αἴτησιν
1280 5089 1377 5160 τῆς
1417 5092 1659 5160 συγγνώ-

46 5191 176 5244 μης
203 5169 386 5239 εἶναι,
418 5177 513 5230 καὶ
553 5177 712 5230 παντὶ
739 5176 873 5241 ὅλως
899 5177 976 5248 τῷ
1007 5179 1096 5234 διά
1117 5197 1259 5243 τινος
1287 5183 1661 5254 πλημμελείας

40 5267 113 5320 τὸ
146 5267 416 5331 συνειδὸς
435 5269 532 5338 τῆς
555 5267 731 5338 ψυχῆς
755 5269 1154 5336 καταστίξαντι,
1178 5272 1338 5326 καλὸν
1361 5275 1452 5330 καὶ
1485 5277 1658 5346 ἁρμό-

38 5358 172 5412 διον
221 5353 382 5410 εἶναι
424 5358 482 5412 τὸ
531 5362 860 5425 καταφυγεῖν
902 5360 1034 5430 πρὸς
1070 5361 1234 5416 ἔλεον.
1280 5364 1341 5416 Εἰ
1382 5364 1436 5416 δὲ
1481 5365 1661 5431 Ἠλίας

35 5446 289 5508 ἐκεῖνος
339 5446 370 5498 6
409 5447 571 5508 πολὺς
613 5447 732 5517 εἴη,
836 5450 864 5500 6
904 5449 961 5500 ἐν
1005 5449 1281 5521 πνεύματι·
1313 5453 1404 5507 καὶ
1437 5453 1662 5526 δυνάμει

51 5538 275 5590 Ἠλίου
317 5538 348 5590 ὁ
402 5537 499 5607 μὲν
544 5539 601 5591 ἐν
645 5542 920 5610 γεννητοῖς
953 5543 1317 5615 γυναικῶγ,ἢ
1357 5547 1589 5617 Πέτρος,
1625 5548 1658 5618 ἢ

34 5628 297 5691 Παῦλος
319 5671 334 5694 ,
371 5629 405 5698 ἢ
434 5629 708 5700 Ἰωάννης,
742 5632 775 5702 ή
801 5649 880 5696 τις
918 5634 1072 5698 ἄλλος
1097 5635 1204 5690 τῶν
1236 5638 1369 5708 πρὸς
1393 5640 1452 5691 τὸ
1483 5643 1663 5711 κρεῖτ-

119 5807 175 5839 7‘
231 5803 383 5858 Luc.
429 5819 591 5866 xvm,
623 5802 712 5858 “2|.

1757 1897 2007 1962 descivit,
2031 1912 2060 1950 a
2093 1913 2202 1967 quo
2232 1897 2409 1950 factus
2437 1906 2552 1950 erat
2574 1907 2625 1950 et
2655 1896 2722 1949 ad
2756 1897 3123 1951 adversarium
3155 1907 3333 1956 trans-

1758 1991 1842 2050 iit,
1883 1988 2143 2042 naturalis
2189 1985 2393 2041 domini
2441 1985 2700 2055 fugitivus
2741 1994 2794 2040 et
2828 1986 3074 2042 desertor
3111 1988 3328 2046 factus:

1763 2083 1959 2137 deinde
1989 2081 2132 2151 quod
2163 2081 2470 2134 libertatem
2511 2081 2706 2148 suique
2743 2089 3065 2150 potestatem
3112 2098 3174 2136 ac
3206 2099 3326 2149 pro-

1759 2172 1934 2242 priam
1975 2173 2306 2225 voluntatem
2363 2185 2486 2224 cum
2540 2171 2688 2239 gravi
2744 2185 2808 2224 ac
2860 2172 3022 2224 noxia
3071 2174 3332 2227 servitute

1761 2264 1967 2332 peccati
1994 2262 2386 2326 commutavit,
2439 2271 2492 2314 et
2531 2263 2633 2317 sub
2664 2264 3060 2330 corrumpentis
3093 2271 3331 2332 potesta-

1761 2357 1831 2409 tis
1877 2355 2162 2425 tyrannide
2210 2369 2372 2423 quam
2412 2369 2535 2407 cum
2591 2352 2699 2407 Deo
2760 2369 2883 2408 esse
2924 2354 3136 2408 maluit.
3186 2353 3329 2420 Quin

1761 2445 1922 2500 etiam
1954 2443 2098 2512 quod
2130 2458 2238 2497 non
2274 2443 2504 2496 intuitus
2534 2453 2618 2496 est
2662 2442 3121 2512 pulchritudinem
3155 2445 3328 2498 factu—

1760 2536 1859 2598 ris,
1893 2533 1987 2588 sed
2029 2534 2094 2587 ad
2127 2534 2516 2602 turpitudinem
2548 2534 2756 2602 peccati
2809 2534 3000 2588 faciem
3033 2537 3326 2598 convertit,

1762 2629 1849 2680 cui
1892 2626 2032 2679 malo
2066 2625 2367 2680 secundum
2397 2624 2782 2693 iudicabitur?
2834 2626 3143 2681 divinormn
3191 2630 3321 2682 item

1762 2717 2026 2770 bonorqu
2075 2714 2452 2784 despicientia,
2500 2723 2554 2767 et
2603 2714 2835 2783 improbi
2888 2716 3033 2771 illius
3077 2730 3327 2770 escarum

1763 2807 2125 2877 praeit-rentia.
2174 2807 2227 2858 in
2281 2820 2388 2874 qua
2437 2812 2589 2876 parte
2639 2806 2890 2876 supplicii
2929 2807 3328 2862 collocabitur?

1767 2898 2019 2966 imaginis
2052 2899 2180 2952 item
2213 2897 2457 2959 abolitio,
2505 2896 2783 2966 divinique
2812 2897 2976 2967 signi,
3017 2898 3162 2968 quod
3193 2909 3327 2954 tem-

1765 3007 1894 3061 pore
1923 2993 2108 3061 prima:
2129 2991 2426 3044 creationis
2458 2989 2512 3042 in
2533 2990 2693 3044 nobis
2723 2991 3047 3060 impressum
3077 2998 3180 3054 est,
3203 3006 3326 3045 cor-

1767 3082 1984 3150 ruptio;
2019 3080 2085 3134 ad
2121 3081 2234 3134 haec
2263 3081 2537 3134 drachma:
2569 3081 2814 3144 amissio,
2851 3088 2906 3134 et
2948 3095 2978 3133 a
3024 3097 3209 3134 mensa
3232 3097 3328 3151 pa-

1693 3167 1737 3228 C
1771 3173 1874 3226 tris
1900 3187 2168 3236 recessus,
2201 3180 2255 3225 et
2289 3173 2354 3224 ad
2385 3171 2601 3224 fetidam
2632 3186 2919 3240 porcorum
2950 3171 3114 3225 vitam
3143 3187 3329 3226 acces-

1767 3279 1881 3326 sus,
1911 3271 1964 3317 et
1989 3262 2416 3332 expetendarum
2436 3262 2752 3317 divitiarum
2784 3263 3158 3332 corruptio,et
3189 3279 3327 3332 qute-

1763 3371 1976 3424 cuuque
2009 3356 2143 3409 talia
2173 3354 2529 3417 delicta,tum
2563 3371 2657 3423 per
2692 3353 3054 3423 Scripturam,
3086 3365 3195 3406 tum
3231 3369 3326 3423 per

1763 3445 2127 3514 cogitationes
2188 3458 2413 3498 cernere
2481 3444 2626 3504 licet,
2677 3458 2925 3512 quaenam
2999 3458 3323 3498 enumerare

1762 3538 1937 3591 oratio
1969 3535 2184 3605 possit?
2229 3534 2499 3599 Quoniam
2557 3536 2719 3600 igitur
2756 3535 2826 3589 ob
2859 3543 2940 3588 tot
2974 3542 3028 3589 et
3059 3537 3184 3588 talia
3223 3536 3320 3589 de-

1762 3627 1887 3681 licta
1919 3627 2138 3680 nomine
2189 3640 2358 3693 paenae
2417 3625 2714 3694 pendendae
2761 3625 2868 3680 Deo
2902 3627 3197 3681 obnoxium
3243 3637 3330 3682 est

1761 3734 1932 3787 genus
1972 3719 2294 3779 humanum,
2329 3715 2535 3770 idcirco
2591 3717 2723 3770 mihi
2772 3733 2951 3770 sermo
2981 3733 3079 3786 per
3122 3718 3322 3774 doctri-

1762 3826 1886 3863 nam
1920 3809 2184 3862 orationis
2221 3824 2321 3862 nos
2376 3810 2596 3864 erudire
2640 3820 2803 3879 atque
2842 3811 3133 3864 instituere
3179 3809 3324 3864 vide-

1763 3912 1869 3963 tur,
1919 3908 1974 3952 ut
2019 3915 2363 3968 nequaquam
2418 3901 2544 3954 dum
2603 3916 2725 3954 cum
2775 3899 2882 3954 Deo
2936 3900 3321 3969 colloquimur,

1760 3992 1915 4061 quasi
1946 4006 2078 4060 pura
2111 3993 2445 4045 conscientia
2490 3991 2696 4060 prtediti
2727 3991 3060 4044 conﬁdenter
3089 4000 3142 4044 et
3165 4006 3324 4043 arro-

1761 4093 1950 4153 ganter
2001 4085 2304 4151 loquamur,
2352 4083 2566 4136 etiamsi
2621 4097 2783 4150 quam
2825 4081 3058 4134 maxime
3092 4081 3215 4149 quis
3257 4081 3330 4134 ab

1760 4177 2014 4232 humanis
2067 4176 2282 4230 delictis
2347 4174 2536 4243 procul
2585 4174 2750 4227 absit.
2795 4171 3047 4226 Forsitan
3084 4172 3228 4226 enim
3279 4175 3325 4228 si

1759 4267 1903 4336 quis,
1967 4265 2107 4319 sicut
2146 4265 2461 4318 adolescens
2510 4264 2598 4318 ille
2653 4264 2980 4333 locuples“,
3038 4266 3329 4335 praeceptis

1759 4359 1922 4412 vitam
1949 4373 2101 4414 suam
2132 4357 2443 4411 moderatus
2475 4356 2545 4409 sit
2565 4397 2578 4414 .
2613 4355 2817 4424 aliquid
2849 4358 2954 4410 tale
2981 4356 3048 4410 de
3086 4358 3192 4411 vita
3226 4373 3324 4412 sua

1762 4451 2004 4519 gloriari,
2039 4457 2116 4512 et,
2143 4447 2270 4500 ch
2302 4449 2480 4500 onmia
2509 4451 2710 4500 servavi
2742 4465 2774 4500 a
2795 4447 3066 4516 jureutule
3099 4465 3234 4514 mea,
3257 4451 3325 4504 ad

1694 4498 1732 4554 D
1765 4543 1932 4598 Deum
1972 4542 2151 4596 dicere
2175 4549 2372 4610 potest,
2396 4550 2449 4594 et
2481 4555 2801 4609 persuasum
2825 4540 3044 4604 habere,
3066 4541 3324 4609 quoniam

1763 4636 1898 4694 nihil
1937 4636 1988 4688 in
2046 4642 2310 4703 pra-cepta
2359 4633 2669 4702 deliquerit,
2725 4631 2828 4686 sibi
2871 4647 2977 4685 non
3031 4633 3322 4687 admodum

1763 4727 2051 4781 convenire
2112 4725 2418 4780 debitorum
2469 4724 2690 4778 nomine
2742 4723 3204 4793 deprecationem,
3267 4735 3326 4780 ut

1761 4836 1881 4890 qua:
1909 4819 2042 4874 solis
2080 4820 2146 4872 iis
2184 4819 2274 4887 qui
2312 4817 2656 4888 peccaverint
2698 4825 2993 4888 congruat;
3024 4827 3076 4872 et
3101 4819 3175 4873 ait
3200 4835 3328 4876 eum.

1759 4914 1850 4984 qui
1883 4929 1980 4982 per
2015 4916 2401 4968 scortationcm
2449 4910 2767 4980 inquinatus
2805 4911 2897 4976 sit,
2921 4910 3189 4980 ejusmodi
3231 4928 3326 4965 vo-

1757 5022 1874 5061 cem
1909 5007 2136 5069 decere;
2189 5004 2274 5057 vel
2324 5004 2372 5058 ei
2427 5003 2519 5072 qui
2566 5018 2662 5072 per
2697 5003 2980 5058 avaritiam
3034 5005 3323 5058 simulacra

1758 5096 2008 5157 coluerit,
2029 5093 2394 5148 necessariam
2421 5107 2544 5148 esse
2575 5092 2742 5146 venia:
2759 5092 3096 5160 petitionem,
3119 5101 3170 5146 et
3199 5093 3321 5145 cui-

1756 5186 1860 5249 vis,
1888 5187 1941 5238 in
1973 5199 2206 5247 summa,
2223 5185 2314 5253 qui
2338 5199 2433 5253 per
2454 5183 2669 5252 aliquod
2692 5183 2948 5238 delictum
2971 5183 3163 5236 anima:
3188 5198 3320 5237 con-

1763 5277 2045 5330 scientiam
2084 5275 2583 5339 commaculaverit,
2630 5274 2832 5328 bonum
2881 5283 2934 5328 et
2977 5277 3320 5331 cmumodum

1762 5384 1891 5424 esse
1938 5367 2004 5421 ad
2048 5366 2476 5421 misericordiam
2524 5366 2817 5436 confugere
2852 5383 2867 5432 ;
2898 5367 3044 5435 quod
3094 5369 3138 5422 si
3174 5367 3326 5424 Elias

1765 5458 2072 5530 praeclarus
2123 5455 2306 5518 fuerit,
2348 5465 2442 5509 aut
2497 5457 2549 5509 in
2598 5456 2792 5524 spiritu
2852 5465 2906 5510 et
2954 5458 3155 5510 virtute
3192 5457 3323 5513 Elia).

1765 5561 1995 5616 magnus
2044 5544 2133 5600 ille
2171 5544 2312 5599 inter
2345 5545 2485 5600 ﬁlios
2517 5546 2828 5616 mulierum,
2851 5552 2944 5598 aut
2985 5545 3197 5610 Petrus,
3227 5557 3323 5604 aut

1765 5637 1996 5702 Paulus,
2055 5647 2147 5693 aut
2177 5636 2445 5705 Joannes,
2485 5645 2578 5692 aut
2622 5639 2817 5708 aliquis
2863 5641 3002 5696 alius
3048 5658 3111 5697 ex
3150 5644 3216 5698 iis
3255 5644 3326 5700 de
