4004 6524
571 403 704 458 1185

1787 396 2147 469 sgcnacon

2252 396 2534 452 NYSSENI
3611 410 3709 466 lilii

565 521 767 590 quibus
799 520 1004 576 bonum
1043 519 1243 574 divina
1291 517 1586 588 Scriptum
1627 517 2000 574 testimonium
2037 533 2137 570 ex-

2252 531 2331 568 ιον
2399 515 2900 586 μεμαρτυρημένων
2941 515 3046 568 ὑπὸ
3081 519 3178 586 τῆς
3223 517 3364 582 θείας
3409 519 3625 591 Γραφῆς,
3658 539 3714 592 είς

568 622 680 667 stat
721 631 734 666 :
771 629 872 668 cur
909 613 956 667 is
1013 611 1286 681 ejusmodi
1315 627 1449 667 voce
1487 621 1691 674 utatur,
1747 626 1868 680 (iure
1895 611 2072 678 ipsum
2107 623 2138 660 a

572 704 775 759 debitis
803 705 1049 760 eximat?
1101 705 1190 758 cui
1215 704 1423 757 nullum
1463 705 1601 758 adeo
1633 703 1878 756 debitum
1909 717 1977 756 ex
2010 717 2138 771 pec-

570 801 697 848 cato
731 793 847 848 sit?
897 809 1002 848 neu
1029 794 1154 862 quis
1188 791 1256 846 ad
1281 793 1395 848 haac
1437 793 1740 860 respiciens
1785 791 2138 846 contumaci-

573 893 656 940 ter
689 893 744 938 et
777 892 1102 952 arroganter
1129 885 1405 954 loquatur,
1439 887 1583 937 sicut
1615 885 1704 938 ille
1743 883 2134 945 Pbarisams",

573 978 666 1046 qui
695 991 762 1030 ne
791 977 1126 1046 agnoscebat
1149 975 1366 1045 quidem
1399 992 1518 1045 qua:
1549 986 1692 1030 esset
1730 976 1904 1044 ipsius
1941 984 2138 1030 natura

573 1073 722 1137 (nam
751 1068 797 1122 si
830 1067 1308 1122 animadvertisset
1335 1068 1480 1136 quod
1521 1069 1684 1120 homo
1707 1075 1872 1129 esset,
1905 1081 2138 1135 prorsus

571 1167 824 1212 naturam
853 1174 882 1212 a
917 1159 1175 1213 sordibus
1205 1159 1470 1230 integram
1507 1173 1570 1212 ac
1604 1173 1798 1228 puram
1851 1173 1960 1212 non
1991 1174 2136 1220 esse,

572 1251 800 1305 edoctus
831 1250 1024 1305 fuisset
1045 1265 1074 1303 a
1113 1257 1306 1305 sancta
1343 1249 1646 1318 Scriptura,
1679 1264 1800 1319 quae
1823 1249 2140 1319 dicit,quod

574 1355 682 1392 non
711 1341 882 1408 possit
908 1339 1146 1394 inveniri
1181 1340 1326 1394 inter
1357 1341 1628 1399 homines.
1661 1343 1756 1409 qui
1793 1357 1958 1393 unum
1995 1341 2138 1394 diem

575 1431 784 1498 absque
815 1431 1026 1484 macula
1045 1433 1191 1483 vivat
1213 1431 1316 1500 7°);
1350 1446 1416 1484 ne
1446 1433 1570 1499 quis
1592 1431 1758 1499 igitur
1778 1433 1904 1484 talis
1936 1431 1990 1482 in
2021 1431 2140 1484 ani-

576 1537 664 1574 mo
691 1521 810 1589 ejus
833 1521 926 1590 qui
969 1536 1066 1590 per
1086 1521 1390 1576 orationem
1415 1537 1746 1576 accessurus
1778 1523 1850 1574 sit
1871 1523 1938 1574 ad
1971 1521 2140 1576 Deum

575 1611 802 1666 alfectus
831 1613 1200 1682 ingeneretur,
1233 1628 1338 1666 non
1363 1613 1428 1666 ad
1465 1611 1750 1668 benefacta
1778 1630 1841 1667 ac
1873 1629 1960 1669 res
1997 1616 2135 1670 bene

576 1711 758 1772 gestas
791 1704 1068 1772 respicere
1109 1719 1290 1758 sermo
1317 1705 1494 1773 jubet,
1531 1707 1626 1760 sed
1663 1707 1942 1762 recordari
1985 1723 2140 1762 com-

577 1798 824 1849 munium
871 1797 1122 1850 humanae
1144 1805 1352 1851 natura:
1383 1797 1713 1858 debitorum,
1753 1813 1986 1866 quorum
2018 1800 2140 1868 qui-

575 1891 660 1945 vis
697 1903 924 1958 prorsus
951 1891 1114 1946 etiam
1141 1892 1257 1960 ipse
1285 1892 1557 1960 particeps
1586 1900 1692 1955 est,
1719 1901 1776 1944 ut
1811 1893 1902 1960 qui
1935 1901 2142 1948 natura;

583 1985 896 2040 communis
944 1986 1221 2054 particeps
1271 1986 1370 2050 sit;
1415 1991 1470 2039 et
1523 1999 1718 2055 rogare
1756 1985 2018 2054 judiecm,
2087 1994 2144 2040 ut

577 2075 933 2128 abolitionem
967 2081 1022 2129 et
1057 2074 1434 2144 impunitatem
1477 2074 1806 2130 delictorum
1855 2076 2140 2144 largiatur.

577 2165 742 2231 Quasi
779 2167 923 2220 enim
981 2167 1194 2221 vivente
1247 2167 1301 2219 in
1343 2167 1504 2222 nobis
1542 2167 1771 2232 Adamo,
1822 2165 2143 2236 singulatim

576 2271 772 2312 omnes
828 2257 1080 2313 homines
1143 2257 1384 2327 quandiu
1451 2257 1706 2326 pelliccas
1767 2259 1864 2312 has
1911 2260 2148 2314 tunicas

579 2350 727 2403 circa
785 2359 1040 2403 naturam
1097 2355 1343 2404 nostram
1393 2349 1662 2413 videmus,
1703 2360 1757 2404 et
1817 2352 2146 2420 temporaria

579 2441 707 2493 folia
737 2439 1034 2494 materialis
1087 2439 1252 2509 hujus
1307 2439 1450 2502 vita},
1511 2457 1634 2510 quae
1669 2441 1858 2494 nudati
1906 2443 2146 2512 propriis

577 2531 760 2599 iisque
787 2529 1085 2600 splendidis
1115 2531 1451 2586 indumentis
1481 2533 1622 2586 male
1657 2533 1816 2587 nobis
1847 2534 1982 2603 ipsis
2010 2549 2146 2588 con-

581 2622 817 2682 animus,
847 2635 971 2675 cum
1003 2621 1237 2684 deliciis,
1269 2621 1480 2690 gloriis,
1519 2623 1711 2678 diariis
1733 2625 2058 2690 honoribus,
2094 2631 2148 2680 ct

581 2713 733 2768 brevi
767 2711 1094 2766 durantibus
1121 2713 1308 2767 carnis
1336 2713 1744 2782 expletionibus
1764 2715 1982 2771 divinos
2010 2721 2148 2772 ami-

581 2813 704 2860 ctus
733 2804 1164 2873 permutavimus
1195 2823 1210 2870 ;
1243 2805 1417 2858 donec
1445 2805 1574 2860 item
1609 2807 1918 2863 alilictionis
1943 2809 2146 2876 locum,

581 2895 648 2950 ad
678 2911 836 2965 quem
863 2897 1203 2950 incolendum
1231 2897 1578 2951 condemnati
1600 2913 1812 2959 sumus.
1837 2899 2144 2956 intuemur:

580 2989 798 3058 quando
827 2989 894 3042 ad
925 2989 1190 3043 orientem
1227 3003 1327 3044 nos
1357 2991 1790 3047 converterinms
1821 2992 1952 3060 (non
1991 2993 2137 3062 quod

580 3080 726 3136 Deus
759 3081 872 3134 illic
913 3079 1179 3134 duntaxat
1211 3081 1496 3136 videatur:
1525 3084 1618 3152 qui
1645 3083 1790 3136 enim
1819 3086 2020 3153 ubique
2041 3093 2145 3149 est,

2239 604 2291 658 τί
2319 608 2580 674 χρήσαιτο
2605 608 2670 675 τῇ
2705 605 2925 678 τοιαύτῃ
2953 610 3138 678 φωνῇ,
3171 605 3233 679 τῇ
3265 615 3623 686 παραιτουμένῃ
3645 621 3716 668 αύ-

2239 695 2330 748 τὸν
2355 697 2461 749 ἀπὸ
2503 697 2608 750 τῶν
2657 697 3022 768 όφλημὰτων;
3053 693 3122 770 Ἶμ
3171 713 3232 770 γε
3253 701 3393 754 οὐδὲν
3416 699 3468 764 ἐξ
3506 705 3717 775 ἁμαρτίας

2240 787 2488 858 etplane;
2530 790 2616 851 Ὠς
2652 791 2720 842 ἂν
2752 791 2824 859 μή
2875 807 2957 852 τις
3010 787 3143 860 πρὸς
3189 789 3256 842 τὰ
3307 793 3511 846 τοιαῦτα
3561 796 3718 864 βλέπων

2241 881 2694 945 ἀπαυθαδιὰζοιτο
2729 887 2868 939 κατὰ
2897 885 2985 938 τὸν
3013 886 3295 954 Φαρισαῖον
3322 887 3526 952 ἐκεῖνον,
3549 890 3623 942 τδν
3643 893 3719 946 οὐδ’

2240 973 2268 1024 ὅ
2287 991 2338 1028 τι
2357 969 2424 1044 ἦν
2445 972 2584 1026 κατὰ
2603 973 2698 1046 τὴν
2719 975 2876 1044 φύσιν
2903 975 3346 1044 ὲπιγινώσκοντα,
3365 980 3410 1029 εἰ
3433 981 3529 1048 γὰρ
3547 981 3721 1048 ἐγνώκει

2240 1067 2320 1119 ὅτι
2345 1067 2629 1138 ἄνθρωπος
2655 1063 2746 1138 ἦν,
2781 1069 2998 1130 πάντως
3033 1064 3100 1120 ἂν
3149 1067 3207 1120 τὺ
3239 1069 3310 1139 μὴ
3343 1069 3622 1140 καθαρεύειν
3643 1075 3720 1126 ἀπὸ

2245 1159 2414 1228 ῥύπου
2447 1160 2545 1228 τὴν
2583 1159 2741 1226 φύσιν
2772 1160 2921 1230 παρὰ
2959 1161 3058 1230 τῆς
3085 1161 3245 1226 ἁγίας
3274 1143 3501 1232 ἐδιδάχθη
3534 1163 3720 1244 Γραφῆίι

2241 1251 2276 1320 ἥ
2307 1267 2461 1320 φησι·
2493 1250 2794 1318 Μηδεμιᾶς
2820 1251 3045 1320 ἡμέρας
3071 1249 3180 1318 ζῇν
3205 1251 3452 1304 δυνατὸν
3471 1250 3600 1307 εῖναι
3621 1255 3724 1324 δίχα

2241 1341 2488 1408 κηλίόος
2519 1343 2611 1394 ἐπ’
2655 1339 2942 1409 ἀνθρώπῳ
2985 1342 3200 1409 εὑρεῖν.
3243 1341 3328 1404 Ὠς
3375 1345 3434 1396 ἂν
3480 1341 3560 1397 οὖν
3605 1349 3724 1416 μηδὲν

2239 1433 2478 1485 τοιοῦτον
2509 1435 2634 1503 περὶ
2675 1435 2775 1502 τὴν
2801 1432 2980 1502 ψυχὴν
3015 1433 3107 1486 τοῦ
3135 1433 3222 1486 διὰ
3253 1435 3537 1504 προσευχῆς
3639 1439 3725 1511 Θεῷ

2242 1524 2554 1594 προσιόντος
2605 1523 2875 1592 ἐγγένοιτο
2899 1563 2913 1588 ,
2975 1524 3048 1594 μὴ
3102 1523 3236 1594 πρὸς
3288 1524 3355 1577 τὰ
3403 1527 3726 1598 κατορθώματα

2244 1613 2460 1683 βλέπειν
2485 1617 2513 1666 ὀ
2537 1614 2690 1682 λόγος
2715 1617 3016 1686 παρεγγυᾷ,
3039 1615 3152 1668 ἀλλ’
3185 1616 3618 1686 ἐπαναλαμϐάνειν
3657 1622 3727 1692 τὴν

2247 1710 2464 1777 μνήμην
2489 1708 2594 1760 τῶν
2630 1708 2820 1761 κοινῶν
2867 1709 2967 1778 τῆς
3010 1707 3348 1779 ἀνθρωπίνης
3379 1709 3572 1777 φύσεως
3607 1713 3728 1784 ὀφλη-

2248 1801 2429 1868 μάτων
2455 1839 2470 1860 ,
2503 1791 2576 1851 ὧν
2609 1800 2824 1862 πάντως
2850 1815 2933 1862 τις
2963 1800 3054 1852 καὶ
3079 1801 3238 1862 αὐτὸς
3274 1801 3505 1871 μετέχει,
3533 1803 3586 1854 τὸ
3609 1805 3729 1875 μέρος

2247 1891 2602 1960 συμμετέχων
2625 1891 2724 1960 τῆς
2755 1891 2968 1959 φύσεως
2991 1909 3004 1922 ο
3046 1893 3139 1946 καὶ
3183 1893 3502 1963 παρακαλεῖν
3533 1894 3610 1947 τὸν
3643 1912 3730 1965 κρι·

2245 1982 2341 2051 τὴν
2366 1982 2664 2050 ἀμνηστίαν
2691 1982 2794 2034 τῶν
2821 1983 2926 2052 πλη
2935 1983 3111 2054 μμελη
3121 1985 3304 2054 μάτων
3330 1984 3638 2055 χαρίσασθαι.
3667 1985 3732 2049 Ὦς

2246 2075 2353 2142 γὰρ
2391 2071 2592 2136 ζῶντος
2619 2075 2676 2126 ὲν
2707 2075 2835 2144 ἡμῖν
2861 2075 2953 2128 τοῦ
3003 2075 3173 2146 Ἀδὰμ
3205 2075 3400 2138 πάντες
3421 2078 3466 2128 οί
3503 2076 3605 2128 καθ’
3635 2077 3733 2130 ἔκο-

2248 2181 2370 2216 στον
2409 2164 2680 2234 ἄνθρωποι
2710 2166 2814 2229 ἓως
2859 2169 2982 2230 τοὺς
3011 2167 3363 2238 δερματίνους
3391 2167 3588 2231 τούτους
3615 2169 3734 2238 χιτῶ-

2247 2268 2338 2314 νας
2375 2251 2502 2322 περὶ
2529 2253 2624 2323 τὴν
2669 2253 2874 2307 ἑαυτῶν
2905 2254 3187 2326 βλέπωμεν
3217 2257 3396 2325 φύσιν,
3413 2259 3498 2310 καλ¹
3525 2259 3583 2310 τὰ
3609 2261 3734 2331 προσ·

2248 2360 2414 2413 καιρα
2460 2343 2630 2412 φύλλα
2683 2348 2778 2416 τῆς
2808 2347 2998 2417 ὑλικῆς
3029 2347 3233 2418 ταύτης
3281 2348 3455 2419 ζωῆς,
3505 2351 3626 2420 ἅπερ
3658 2351 3734 2403 τῶν

2252 2433 2394 2486 ἰδίων
2416 2451 2471 2486 τε
2497 2435 2590 2488 καὶ
2616 2433 2882 2507 λαμπρῶν
2917 2438 3230 2508 ἐνδυμάτων
3257 2437 3638 2508 γυμνωθέντες,
3665 2457 3737 2494 κα·

2247 2524 2358 2586 κῶς
2390 2525 2600 2589 ἑαυτοῖς
2646 2526 3086 2598 ωνερρἁαμεν,
3119 2533 3332 2600 τρυφὰς
3375 2533 3458 2584 καὶ
3487 2532 3646 2598 δόξας,
3671 2535 3736 2584 καὶ

2246 2615 2345 2678 τὰς
2373 2615 2684 2686 ἐφημέρους
2713 2617 2879 2686 τιμὰς
2906 2657 2920 2680 ,
2951 2621 3044 2672 καὶ
3069 2621 3166 2684 τὰς
3205 2622 3514 2692 ὠκυμόρους
3546 2623 3627 2691 τῆς
3651 2637 3740 2692 σαρ-

2247 2708 2343 2771 κὸς
2375 2708 2744 2779 πληροφορίας
2768 2749 2782 2772 ,
2811 2710 2932 2762 ἀντὶ
2959 2711 3063 2763 τῶν
3103 2711 3264 2764 θείων
3291 2711 3572 2782 περιϐολῶν
3607 2729 3740 2782 μετεν-

2248 2800 2536 2870 δυσάμενοι
2561 2819 2574 2831 ·
2607 2803 2698 2854 καὶ
2731 2801 2918 2872 μέχρις
2949 2803 3011 2855 ἂν
3057 2801 3146 2856 τὸν
3191 2804 3292 2872 τῆς
3341 2803 3633 2874 σαρκώσεως
3655 2803 3739 2874 βλέ-

2249 2909 2440 2964 πωμεν
2461 2893 2642 2955 τόπον,
2669 2894 2726 2944 ὲν
2749 2887 2794 2960 ᾧ
2832 2893 3295 2964 κατεδικάσθημεν
3323 2898 3610 2967 παροικεῖν·
3637 2897 3740 2947 ἐπει·

2249 2982 2344 3040 δὰν
2379 2987 2512 3056 πρὸς
2535 2985 2795 3055 ἀνατολὴν
2825 2986 3046 3050 ἑαυτοὺς
3075 2988 3391 3058 τρέφωμεν·
3419 2989 3508 3057 οὐχ
3533 2987 3598 3049 ὡς
3625 2987 3739 3057 μόνον

2253 3079 2368 3130 ἐκεῖ
2391 3078 2484 3131 τοῦ
2517 3078 2650 3130 Θεοῦ
2673 3077 3042 3150 θεωρουμένου
3059 3093 3072 3106 ⁸
3097 3081 3124 3131 ὁ
3149 3078 3258 3150 γὰρ
3287 3079 3544 3148 πανταχοῦ
3567 3077 3630 3130 ὣν
3655 3077 3740 3130 κατ’

581 3175 637 3226 in
671 3173 818 3225 nulla
846 3179 996 3242 parte
1046 3173 1396 3242 peculiariter
1445 3187 1506 3227 ac
1547 3175 1845 3244 separatim
1897 3189 2147 3246 compre-

2252 3171 2398 3223 οὐδὲν
2424 3171 2582 3241 μέρος
2610 3171 2916 3235 ἰδιαζόντως
2944 3171 3417 3241 καταλαμϐάνεται
3439 3187 3452 3202 ·
3481 3171 3648 3240 ἐπίσης
3666 3169 3742 3239 γὰρ

581 3265 860 3328 henditur,
913 3275 1035 3316 nam
1072 3279 1137 3318 ex
1191 3279 1349 3332 aequo
1395 3266 1638 3320 continet
1697 3281 1784 3320 res
1817 3267 2142 3324 universas:

581 3357 676 3411 sed
703 3357 847 3426 quod
880 3357 934 3409 in
977 3355 1336 3411 orientalibus
1373 3357 1621 3425 partibus
1659 3358 1830 3426 prima
1871 3359 2028 3413 nobis
2059 3373 2147 3428 pa-

580 3449 685 3500 tria
727 3447 840 3500 sit:
885 3446 1008 3500 dico
1059 3455 1238 3500 autem
1279 3447 1344 3500 de
1375 3463 1437 3500 ea
1467 3463 1630 3516 quam
1663 3449 1716 3500 in
1765 3450 2018 3516 paradiso
2052 3453 2149 3503 lia-

583 3537 823 3599 buimus,
851 3537 1202 3598 habitatione,
1227 3551 1292 3590 ex
1333 3553 1436 3605 qua
1469 3537 1626 3604 ejecti
1663 3553 1854 3593 sumus
1885 3557 1897 3593 :
1925 3539 2153 3594 Planta-

581 3627 654 3681 οᾶι
683 3627 826 3679 enim
858 3625 996 3679 Deus
1031 3625 1338 3693 paradisum
1369 3627 1422 3678 in
1447 3625 1590 3680 Eden
1621 3632 1674 3680 in
1707 3631 1947 3697 partibus
1977 3631 2148 3684 orien-

587 3718 780 3770 talibus
801 3717 891 3785 ""),
924 3729 1048 3770 ιτιιιη
1080 3717 1243 3786 igitur
1274 3717 1340 3770 ad
1384 3717 1678 3774 orientales
1705 3729 1886 3788 partes
1920 3724 2150 3790 respici-

583 3821 741 3872 mus,
778 3814 832 3861 et
883 3807 1236 3860 recordamur
1277 3808 1736 3876 quemadmodum
1779 3825 1808 3864 e
1859 3811 2055 3867 lucidis
2097 3822 2150 3868 ct

583 3899 942 3954 orientalibus
969 3897 1326 3952 beatitudinis
1358 3899 1494 3953 locis
1523 3901 1682 3970 ejecti
1718 3917 1931 3964 sumus,
1949 3905 2148 3958 merito

585 3992 750 4044 talem
781 4005 966 4046 vocem
1000 3987 1348 4058 proferiums,
1392 3992 1482 4059 qui
1517 4006 1546 4044 a
1580 3992 1719 4045 mala
1766 3995 1890 4047 vita:
1917 3994 2018 4048 ficu
2050 3997 2152 4050 ob-

583 4083 925 4142 umbrantur,
965 4081 1056 4151 qui
1093 4097 1156 4136 ex-
1194 4083 1370 4137 oculis
1403 4083 1493 4136 Dei
1531 4085 1759 4153 projecti
1795 4100 2017 4152 sumus,
2059 4089 2152 4157 qui

584 4173 985 4244 transfugimus
1019 4174 1086 4227 ad
1131 4183 1441 4239 serpentem
1479 4177 1568 4244 qui
1604 4179 1842 4231 vescitur
1887 4189 2052 4243 terra,
2099 4189 2155 4235 et

585 4269 640 4321 in
672 4275 815 4320 terra
863 4279 982 4320 sese
1027 4266 1272 4330 involvit,
1319 4276 1372 4319 et
1415 4282 1582 4335 super
1609 4277 1798 4335 pectus
1825 4279 1878 4322 et
1901 4281 2148 4325 ventrem

587 4375 746 4412 suum
802 4357 1194 4418 inambuiat",
1249 4363 1304 4410 et
1357 4357 1512 4410 nobis
1546 4367 1600 4410 ut
1629 4357 1816 4413 eadem
1865 4359 2148 4426 faciamus,

586 4452 848 4515 consulit,
875 4465 1068 4518 nempe
1092 4457 1151 4501 ut
1172 4448 1318 4502 circa
1340 4455 1679 4502 terrenarum
1709 4466 1889 4504 rerum
1913 4453 2148 4506 fructum

587 4555 650 4597 ac
677 4543 1009 4612 voluptatem
1043 4541 1292 4610 occupati
1329 4541 1522 4603 simus,
1565 4549 1618 4594 et
1670 4543 1977 4598 hmnilibus
2008 4545 2153 4612 abjc-
2185 4523 2232 4584 D

587 4637 800 4704 rtisque
823 4633 1258 4704 cogitationibus
1293 4647 1388 4686 eor
1411 4641 1658 4686 nostrum
1705 4635 2067 4702 implicemus,
2103 4645 2154 4690 et

586 4733 778 4779 ventre
835 4723 1262 4786 inambulemus,
1301 4723 1354 4777 id
1379 4731 1481 4788 est,
1529 4725 1848 4792 voluptaria:
1881 4723 2001 4777 vita:
2037 4735 2156 4778 stu-

588 4819 816 4872 deamus
868 4825 921 4871 et
967 4831 1188 4885 operam
1225 4816 1416 4869 demus
1451 4833 1464 4868 :
1505 4815 1558 4868 iu
1595 4815 1680 4869 his
1728 4815 1894 4884 igitur
1937 4831 2159 4870 versano

589 4921 692 4974 tes,
718 4907 1172 4979 quemadmodum
1195 4907 1282 4960 ille
1309 4905 1565 4975 prodigus
1587 4917 1706 4975 post
1732 4907 1942 4975 longam
1960 4921 2158 4960 terum-

585 5020 734 5066 nam,
773 5017 880 5073 qua
915 5015 1108 5071 porcos
1149 5015 1379 5069 pascens
1409 4999 1846 5060 conﬂictabatur,
1906 5001 1992 5052 ubi
2043 5001 2154 5053 sic-

587 5105 646 5151 ut
676 5105 729 5149 et
762 5097 852 5149 ille
879 5095 944 5148 ad
979 5093 1345 5162 nosmetipsos
1379 5092 1725 5154 redierimus,
1757 5101 1804 5146 et
1831 5092 1896 5146 de
1942 5093 2156 5146 caelesti

590 5187 748 5240 l‘atre
789 5187 1028 5256 cogitare
1079 5171 1430 5252 coeperimus,
1489 5195 1636 5240 recte
1673 5184 1874 5238 talibus
1925 5186 2155 5238 vocibus

587 5289 822 5345 utentur,
859 5277 1082 5332 Remitte
1107 5279 1254 5332 nobis
1293 5276 1468 5331 debita
1511 5286 1715 5340 nostra,
1764 5275 2008 5332 dicentes
2043 5297 2055 5330 :
2095 5285 2153 5328 ut

585 5373 800 5426 etiamsi
835 5373 1042 5442 Moyses
1072 5371 1340 5442 quispiam
1371 5371 1462 5432 sit,
1495 5375 1548 5424 et
1581 5368 1822 5431 Samuel,
1859 5376 1914 5421 et
1955 5369 2152 5438 aliquis

587 5467 728 5520 alius
754 5467 952 5520 virtute
970 5466 1266 5526 excellens.
1295 5462 1674 5528 nihilominus,
1693 5471 1966 5530 quatenus
1989 5461 2152 5516 homo

588 5567 693 5620 est,
729 5558 868 5610 hanc
893 5571 1079 5611 vocem
1109 5557 1210 5611 sibi
1243 5554 1538 5609 convenire
1573 5560 1746 5623 putet,
1793 5561 1849 5606 ut
1879 5553 1970 5622 qui
2003 5569 2152 5607 com-

591 5665 809 5703 munem
827 5649 1022 5703 habeat
1047 5665 1168 5701 cum
1196 5649 1406 5703 Adamo
1425 5655 1700 5710 naturam,
1727 5645 2000 5717 particeps
2025 5647 2152 5700 item

587 5739 872 5808 ejectionis
901 5755 1117 5808 quoque
1155 5739 1244 5794 sit.

662 5859 706 5890 '“‘
747 5857 881 5912 Luc.
916 5873 1083 5925 xviii,
1125 5857 1187 5912 lO
1215 5873 1332 5922 sqq.
1410 5859 1454 5890 ⁷⁸
1493 5857 1654 5911 Prov.
1689 5873 1835 5919 “iv,
1871 5855 1956 5910 l6.

2036 5857 2079 5888 ⁷⁷
2121 5855 2258 5911 Gen.
2295 5871 2359 5914 ll.
2394 5861 2444 5908 ό.

2253 3262 2492 3332 περιέχει
2523 3262 2580 3314 τὸ
2607 3263 2713 3315 πᾶν
2743 3279 2756 3292 ·
2793 3261 2904 3316 ἀλλ’
2939 3261 3014 3325 ὡς
3045 3263 3104 3314 έν
3147 3263 3428 3325 ἀνατολαῖς
3463 3264 3552 3332 τῆς
3576 3257 3742 3330 πρώτης

2255 3354 2386 3422 ἡμῖν
2417 3353 2672 3424 πατρίδος
2718 3351 2884 3423 οὔσης
2909 3371 2921 3384 ·
2967 3352 3109 3420 λέγω
3153 3353 3208 3405 δὲ
3253 3353 3353 3422 τῆς
3383 3353 3458 3405 ·ὲν
3496 3351 3744 3422 παραδείσῳ

2250 3445 2540 3514 διαγωγῆς,
2597 3437 2662 3514 ἦς
2707 3443 3160 3512 ἐκπεπτώκαμεν
3214 3444 3613 3512 Ἐ’φύτευσενό
3641 3441 3744 3505 Θεὸς

2252 3535 2620 3604 παράδεισον
2641 3537 2712 3590 ἐν
2751 3535 2924 3604 Ἐδέμ
2945 3536 3092 3588 κατὰ
3122 3535 3424 3601 ἀνατολάς
3447 3553 3459 3566 ·
3477 3539 3592 3589 ὅταν
3615 3533 3747 3587 τοίνυν

2235 3631 2386 3702 ,πρὸς
2405 3629 2502 3689 τὰς
2527 3628 2784 3691 ἀνατολὰς
2803 3629 3104 3698 βλέπωμεν,
3125 3629 3216 3681 καὶ
3239 3629 3340 3698 τῆς
3361 3627 3655 3689 ἐκπτώσεως
3668 3623 3744 3677 τῶν

2254 3721 2529 3791 φωτεινῶν
2567 3737 2626 3773 τε
2663 3722 2754 3773 καὶ
2787 3719 3118 3774 ἀνατολικῶν
3155 3721 3255 3789 τῆς
3305 3719 3666 3791 μακαριότητος
3693 3715 3750 3768 τό·

2255 3832 2390 3872 πων,
2415 3815 2479 3884 τῇ
2515 3811 2720 3882 διανοίᾳ
2747 3814 2846 3882 τὴν
2881 3813 3100 3882 μνήμην
3135 3811 3391 3882 λάϐωμεν
3411 3853 3424 3875 ,
3454 3813 3651 3874 εἰκότως
3679 3807 3751 3878 τὴν

2255 3906 2506 3974 τοιαύτην
2541 3903 2720 3973 φωνὴν
2750 3903 3215 3974 προσϐαλλόμεθα,
3253 3905 3301 3956 οἱ
3331 3903 3432 3957 ὑπὸ
3455 3903 3544 3972 τῆς
3567 3897 3751 3968 πονηρᾶς

2254 3995 2350 4047 τοῦ
2401 3995 2515 4064 βίου
2559 3993 2732 4063 συκῆς
2787 3991 3128 4063 σκιαζόμενοι
3156 4033 3170 4056 ,
3205 3995 3254 4046 οἱ
3303 3995 3363 4060 eg
3399 3989 3660 4062 ὀφθαλμῶν
3686 3987 3751 4041 τοῦ

2253 4086 2388 4139 Θεοῦ
2432 4086 2679 4157 ῥιφέντες
2705 4127 2720 4149 ,
2761 4089 2808 4138 οἱ
2859 4086 2992 4155 πρὸς
3039 4086 3128 4138 τὸν
3173 4086 3298 4154 ὅφιν
3333 4087 3749 4156 αὐτομολήσαντες,

2255 4178 2497 4232 ἐσθίοντα
2534 4179 2624 4230 καὶ
2652 4179 2732 4239 εἰς
2763 4177 2866 4247 γῆν
2903 4177 3270 4248 ἰλυσπώμενον
3289 4219 3304 4240 ,
3343 4177 3436 4231 καὶ¹
3470 4177 3554 4230 ἐπὶ
3581 4177 3634 4228 τὸ
3661 4173 3753 4242 στῆ-

2255 4271 2347 4333 θος
2371 4272 2464 4324 καὶ
2497 4271 2592 4341 τὴν
2623 4269 2828 4322 κοιλίαν
2876 4269 3066 4322 ἑαυτοῦ
3107 4269 3465 4341 πορευόμενον
3487 4308 3500 4334 ,
3542 4269 3622 4321 καὶ
3659 4265 3754 4335 ἡμῖν

2253 4364 2320 4414 τὰ
2349 4363 2436 4415 ἴσα
2465 4365 2639 4414 ποιεῖν
2673 4360 3123 4431 συμϐουλεύοντα,
3165 4361 3292 4432 περὶ
3333 4359 3430 4432 τὴν
3460 4359 3633 4429 γηῖνην
3659 4351 3754 4408 ἁπό-

2255 4454 2444 4506 λαυσιν
2490 4451 2652 4521 ἔχειν,
2709 4453 2801 4504 καὶ
2835 4453 2946 4515 τοῖς
2985 4451 3341 4522 χαμαιζήλοις
3379 4453 3471 4505 καὶ
3509 4447 3753 4522 χαμερπέσι

2255 4545 2352 4616 τὴν
2411 4544 2636 4612 καρδίαν
2676 4541 2880 4595 ἑαυτῶν
2936 4543 3212 4614 ἐπισύρειν
3268 4545 3539 4613 νοήμασι,
3585 4538 3663 4592 καὶ
3691 4533 3754 4587 ἐπὶ

2255 4637 2458 4688 κοιλίαν
2489 4633 2835 4705 πορεύεσθαι,
2870 4633 3132 4700 τουτέστι,
3165 4635 3290 4705 περὶ
3314 4635 3404 4686 τὸν
3429 4625 3755 4687 ἀπολαυστικὺν

2255 4726 2597 4796 ἀσχολεῖσθαι
2649 4725 2786 4796 βίον·
2831 4727 2888 4779 ὲν
2926 4725 3130 4788 τούτοις
3181 4721 3273 4779 οὖν
3329 4727 3478 4790 ὄντες
3529 4723 3652 4778 κατὰ
3689 4718 3755 4771 τὸν

2254 4818 2462 4871 ἄσωτον
2510 4817 2712 4870 ἐκεῖνον
2739 4859 2752 4882 ,
2793 4817 2930 4886 μετὰ
2960 4817 3056 4890 τὴν
3097 4817 3310 4888 μακρὰν
3357 4814 3690 4884 ταλαιπωρίαν
3711 4810 3758 4877 ἦν

2255 4913 2378 4975 τοὺς
2417 4911 2628 4982 χοίρους
2666 4909 2964 4980 ποιμαίνων
3002 4911 3310 4979 ὑπέμεινεν,
3347 4907 3554 4962 ἐπειδὰν
3577 4907 3645 4968 εἰς
3668 4903 3758 4956 ἑαν-

2259 5005 2383 5066 τοὺς
2421 5001 2799 5070 ἐπανέλθωμεν
2841 4999 3027 5071 ὥσπερ
3065 5003 3313 5064 κάκεῖνος
3335 5043 3352 5068 ,
3389 5003 3480 5055 καὶ
3515 4997 3600 5052 τοῦ
3642 4996 3760 5062 ούρα-

2260 5096 2370 5148 νίου
2395 5095 2602 5164 Πατρὸς
2631 5095 2834 5147 ἔννοιαν
2859 5093 3131 5162 λάὸωμεν,
3170 5091 3347 5155 καλῶς
3371 5087 3661 5161 κεχρήμεθα
3675 5085 3758 5142 ταῖς

2259 5187 2534 5248 τοιαύταις
2562 5188 2762 5252 φωναῖς
2783 5225 2797 5248 ,
2830 5185 2911 5237 ὅτι
2955 5189 3136 5253 Ἀφες
3169 5183 3311 5253 ἡμῖν
3347 5188 3420 5238 τὰ
3455 5179 3760 5252 ὀφειλήματα

2264 5275 2430 5345 ἡμῶν
2453 5293 2465 5305 ⁸
2497 5275 2636 5327 ὥστε
2673 5274 2774 5328 κᾶν
2805 5275 3042 5342 Μωῦσῆς
3071 5291 3153 5336 τις
3242 5313 3254 5336 ,
3287 5273 3382 5326 καὶ
3415 5269 3661 5340 Σαμουὴλ,
3684 5263 3759 5317 κᾶν

2260 5367 2444 5438 ἕτερός
2472 5384 2554 5431 τις
2596 5365 2703 5420 τῶν
2739 5365 2805 5418 δι’
2844 5365 3046 5436 ἀρετῆς
3091 5365 3382 5436 ὲξεχόντων
3405 5405 3419 5428 ,
3465 5364 3604 5416 οὐδὲν
3639 5354 3758 5430 ἧττον

2260 5459 2600 5529 ἁρμόζουσαν
2632 5459 2842 5528 ἡγεῖται
2878 5457 3081 5528 ταύτην
3107 5497 3120 5520 ,
3155 5455 3293 5509 καθὰ
3331 5455 3599 5526 ἄνθρωπός
3631 5453 3756 5503 ἐστιν.

2261 5551 2438 5620 ἑαυτῷ
2491 5550 2587 5620 τὴν
2639 5551 2820 5620 φωνὴν
2846 5589 2860 5612 ,
2922 5553 2952 5602 ὁ
2994 5549 3262 5602 κοινωνῶν
3317 5549 3416 5618 τῆς
3469 5547 3658 5617 φύσεως
3689 5535 3756 5591 τοῦ

2275 5643 2461 5713 Ἀδὰμ,
2503 5643 2768 5696 κοινωνῶν
2795 5641 2848 5695 δὲ
2884 5643 2976 5695 καὶ
3009 5641 3109 5712 τῆς
3135 5643 3474 5704 ἐκπτώσεως.

2531 5857 2569 5884 ’³
2603 5856 2736 5906 ben.
2779 5865 2858 5914 ιιι,
2902 5849 2982 5904 Η.
