4004 6522
261 444 403 501 1185

1215 443 1304 500 DE
1351 441 1703 500 ORATIONE
1740 439 2086 500 DOMINICA.
2131 471 2200 482 ——
2263 442 2520 497 ORATIO
2577 443 2637 498 ν.

3389 441 3529 498 H86

346 560 568 630 Ἐπειδὴ
595 559 734 630 γὰρ,
767 559 952 625 καθώς
977 578 1143 633 φησιν
1176 564 1204 614 ὁ
1249 561 1600 627 Ἀπόστολος,
1637 563 1706 614 ἐν
1739 549 1841 625 ’τῷ

2015 556 2286 623 Quoniam
2319 559 2487 621 enim,
2539 569 2598 612 ut
2635 560 2812 629 inquit
2867 556 3181 628 Apostolus,
3233 573 3412 611 omnes
3437 573 3528 626 per

272 655 460 724 Ἀδὰμ
491 653 718 719 πάντες
749 653 1218 723 ἀποθνήσκομεν
1243 695 1258 718 ,
1305 650 1442 708 εἶναι
1472 657 1734 726 προσήκει
1771 653 1848 723 τῷ

273 749 450 818 Ἀδὰμ
482 749 573 801 ἐπὶ
618 749 683 818 τῇ
727 748 988 819 μετανοίᾳ
1046 748 1360 818 πρέπουσαν
1411 747 1594 817 φωνὴν
1633 748 1848 800 πάντων

256 841 372 893 τῶν
420 841 618 911 ἐκείνῳ
650 840 1087 912 συντεθνηκότων
1112 880 1126 902 ,
1166 840 1239 904 ὡς
1295 841 1361 894 ἂν
1406 843 1507 910 τῆς
1543 840 1847 911 ἀμνηστίας

259 934 400 1000 ἡμῖν
433 933 541 986 τῶν
589 933 1075 1004 πλημμελημάτων
1109 933 1385 1004 δοθείσης,
1446 934 1626 1005 χάριτι
1688 933 1847 988 πάλιν

261 1025 376 1077 ὑπὸ
397 1025 490 1078 τοῦ
523 1026 730 1096 Κυρίου
768 1025 1093 1095 σωθείημεν,
1123 1024 1303 1088 καθώς
1332 1043 1494 1095 φησιν
1525 1026 1555 1078 ό
1593 1027 1848 1080 Ἀπόστο-

262 1114 378 1179 λος.
415 1116 574 1170 Ἀλλά
609 1117 780 1171 ταῦτα
808 1117 906 1187 μὲν
952 1118 1199 1188 εἴρηται,
1232 1117 1308 1179 ὡς
1344 1117 1410 1170 ἄν
1431 1135 1513 1181 τις
1551 1117 1642 1170 τὸν
1675 1118 1849 1171 κοινό-

262 1223 425 1277 τερον
455 1207 771 1260 ἐπισκοπῶν
803 1208 960 1276 λόγον
979 1249 992 1272 ,
1020 1208 1082 1260 τὸ
1119 1207 1478 1278 προκείμενον
1501 1206 1845 1278 θεωρήσειεν.

263 1300 331 1353 Et
355 1299 412 1352 δέ
443 1317 529 1363 τις
557 1299 656 1370 τὴν
693 1299 864 1370 ἀληθῆ
910 1299 1003 1353 τοῦ
1057 1301 1300 1370 ῥήματος
1349 1297 1536 1369 ζητοίη
1572 1299 1844 1352 διάνοιαν·

261 1391 367 1443 οὐκ
393 1387 546 1460 οἶμαι
576 1390 766 1461 χρείαν
797 1392 882 1461 ἐφ’
913 1393 1045 1462 ἡμῖν
1074 1388 1213 1445 εἶναι
1237 1433 1251 1457 ,
1292 1392 1428 1462 πρὸς
1458 1393 1519 1445 τὸ
1547 1392 1723 1444 κοινὸν
1752 1394 1849 1462 τῆς

264 1481 484 1549 φύσεως
517 1482 808 1552 ἀναφέρειν
852 1483 950 1552 τὴν
990 1482 1198 1537 ἔννοιαν
1221 1501 1235 1518 ο
1270 1483 1426 1553 ἱκανὴ
1458 1483 1567 1552 γὰρ
1600 1483 1632 1552 ή
1670 1482 1850 1534 συνεί-

261 1575 423 1643 δησις
461 1577 524 1628 ὲκ
552 1576 663 1628 τῶν
709 1575 923 1646 ἑκάστῳ
973 1575 1318 1647 βεϐιωμένων
1355 1576 1658 1645 ἀναγκαίαν
1696 1577 1851 1645 ποιή-

265 1667 468 1720 σασθαι
498 1666 593 1720 τοῦ
637 1667 788 1720 ὲλέου
816 1669 914 1739 τὴν
941 1667 1176 1738 αἴτησιν.
1225 1668 1525 1731 Πολυειδῶς
1560 1667 1667 1740 γάρ
1708 1669 1849 1721 κατά

262 1759 360 1811 τὸν
405 1759 520 1829 βίον
551 1757 740 1812 τοῦτον
772 1761 870 1829 τῆς
909 1758 1054 1830 ζωῆς
1099 1761 1232 1834 ἡμῖν
1268 1762 1668 1832 ἐνεργουμένης
1694 1778 1708 1793 ·
1751 1762 1852 1831 τῆς

269 1851 372 1920 μὲν
400 1850 542 1903 κατά
562 1850 738 1926 ψυχὴν
768 1852 860 1904 καὶ
881 1851 1140 1913 διάνοιαν,
1162 1853 1260 1923 τῆς
1285 1851 1341 1905 δὲ
1363 1852 1504 1906 κατά
1534 1853 1633 1917 τὰς
1655 1856 1848 1924 αἰσθή-

269 1959 385 2005 σεις
440 1943 532 1995 τοῦ
584 1943 835 2013 σώματος
866 1959 880 1972 ·
935 1943 1210 2010 δύσκολον,
1271 1945 1304 2016 ἢ
1361 1946 1456 1998 καὶ
1502 1947 1847 2000 παντάπασιν

265 2037 551 2107 ἀμήχανον
592 2032 768 2098 εἶναι,
808 2036 884 2106 μὴ
933 2035 1012 2090 ἐνί
1049 2055 1154 2090 τινι
1198 2037 1334 2107 πρὸς
1379 2039 1651 2109 ἁμαρτίαν
1687 2039 1846 2093 πάθει

267 2127 677 2196 συνενεχθῆναι,
704 2122 814 2178 οἷόν
847 2145 898 2179 τι
935 2126 1077 2194 λέγω
1097 2144 1110 2156 ·
1142 2126 1252 2199 Τῆς
1282 2127 1685 2200 ἀπολαυστικῆς
1721 2131 1849 2183 ταύ-

263 2233 369 2287 της
407 2216 508 2286 τῆς
540 2218 682 2269 κατά
715 2217 772 2270 τὸ
809 2217 965 2286 σῶμα
1001 2217 1145 2288 ζωῆς
1190 2217 1648 2292 ἐπιμεριζομένης
1690 2221 1848 2291 ἡμῶν

265 2314 390 2375 ταῖς
419 2311 724 2382 αίσθήσεσι,
767 2314 867 2382 τῆς
897 2312 954 2365 δὲ
982 2313 1123 2365 κατά
1153 2312 1352 2384 ψυχήν,
1395 2315 1452 2367 ἐν
1487 2318 1549 2387 τῇ
1599 2317 1698 2386 τῆς
1734 2317 1848 2370 δια-

266 2403 419 2465 νοίας
453 2405 596 2474 ὁρμῇ
642 2402 1057 2474 θεωρουμένης,
1097 2405 1190 2457 καὶ
1247 2407 1304 2457 ἐν
1354 2409 1419 2478 τῇ
1487 2408 1699 2478 κινήσει
1750 2410 1848 2480 τῆς

269 2497 682 2567 προαιρέσεως*
715 2497 799 2560 τίς
850 2490 1006 2562 οὗτος
1033 2498 1234 2568 ὑψηλός
1271 2516 1328 2551 τε
1373 2502 1464 2553 καὶ
1505 2502 1850 2573 μεγαλοφυής

267 2585 348 2656 τῷ
381 2586 710 2656 φρονήματι,
756 2585 832 2648 ὡς
875 2586 940 2639 δι’
979 2587 1304 2658 ἀμφοτέροιν
1339 2588 1444 2655 ἔξω
1475 2591 1724 2662 γενέσθαι
1753 2592 1847 2646 τοῦ

268 2677 413 2730 κατὰ
462 2675 660 2730 κακίαν
697 2675 1078 2747 μολύσματος;
1126 2679 1220 2743 Τίς
1264 2680 1404 2732 κατὰ
1453 2681 1542 2734 τὸν
1573 2682 1849 2753 ὀφθαλμὸν

268 2767 654 2838 ἀναμάρτητος
674 2783 688 2831 ;
708 2767 798 2832 Τίς
829 2769 970 2822 κατά
997 2771 1095 2840 τὴν
1129 2770 1298 2840 ἀκοὴν
1320 2772 1722 2839 ἀνυπεύθυνος;
1754 2776 1797 2826 Τ
1803 2775 1850 2836 ίς

268 2862 368 2931 τῆς
397 2859 853 2932 βοσκηματὼδους
883 2863 1087 2933 ταύτης
1132 2865 1272 2918 κατά
1307 2864 1396 2918 τὸν
1435 2865 1628 2936 λαιμὸν
1656 2869 1850 2940 ἡδονῆς

269 2954 584 3024 ἀλλότριος;
618 2954 714 3015 Τίς
752 2956 817 3023 τῇ
853 2955 964 3025 ἁφῇ
993 2956 1091 3025 τῆς
1141 2957 1281 3010 κατὰ
1305 2956 1402 3026 τήν
1450 2960 1721 3030 ἁμαρτίαν
1753 2961 1850 3013 λα-

271 3045 376 3114 ϐῆς
407 3044 739 3116 καθαρεύει;
773 3045 869 3109 Τίς
910 3047 1009 3098 οὐκ
1039 3043 1178 3098 οἶδεν
1213 3047 1274 3099 τὸ
1311 3048 1536 3118 αἴνιγμα
1567 3051 1664 3120 τῆς
1712 3051 1852 3121 Γρασ-

271 3137 382 3206 φῆς
401 3136 667 3205 λεγούσης
684 3154 699 3168 ⁸
719 3137 821 3190 Διά
841 3136 959 3190 τῶν
985 3137 1242 3206 θυρίδων
1261 3140 1722 3208 εἰσεληλυθέναι
1746 3143 1852 3195 τὸν

1956 651 2219 705 Adamum
2274 654 2533 706 morimur
2561 654 2630 716 7’,
2666 652 2924 709 convenit
2982 663 3102 706 eam
3159 664 3348 706 vocem
3406 666 3531 720 qua:

1950 739 2222 795 Adamum
2266 741 2491 799 nomine
2548 742 2884 812 poenitentiae
2937 741 3117 804 decet,
3167 753 3525 796 communem

1951 847 2074 888 esse
2105 833 2351 892 omnium
2379 834 2472 902 qui
2509 848 2632 887 cum
2663 832 2756 885 illo
2787 832 2990 888 mortui
3023 839 3190 896 sunt,
3221 839 3302 894 ut,
3331 846 3528 902 quem-

1951 924 2246 982 admodum
2293 926 2369 980 ait
2402 925 2722 995 Apostolus.
2775 924 3072 980 abolitione
3111 932 3166 980 et
3203 923 3526 993 impunitate

1951 1016 2276 1071 delictorum
2317 1019 2476 1074 nobis
2507 1033 2791 1081 concessa,
2840 1031 2936 1087 per
2968 1014 3198 1086 gratiam
3256 1032 3451 1074 rursus
3493 1031 3523 1074 a

1959 1108 2189 1163 Domino
2219 1126 2518 1165 servemur.
2565 1110 2672 1166 Sed
2707 1110 2821 1164 haec
2855 1111 3074 1180 quidem
3117 1108 3342 1180 perinde
3379 1109 3526 1164 dicta

1952 1210 2104 1268 sunt,
2131 1217 2195 1256 ac
2224 1203 2268 1256 si
2300 1203 2425 1272 quis
2452 1203 2716 1258 rationem
2752 1204 2926 1272 magis
2968 1217 3315 1258 communem
3349 1201 3521 1271 inspi-

1951 1293 2121 1360 ciens,
2145 1297 2482 1364 propositam
2505 1310 2618 1349 retn
2642 1294 2954 1351 consideret
2987 1311 3000 1350 :
3029 1292 3174 1363 quod
3217 1292 3264 1346 si
3293 1292 3418 1362 quis
3433 1307 3528 1348 ve-

1952 1401 2068 1440 ram
2101 1386 2253 1440 verbi
2273 1387 2602 1440 sententiam
2637 1386 2858 1455 quaerit,
2883 1400 2995 1439 non
3021 1385 3218 1455 opinor
3246 1398 3380 1454 opus
3403 1398 3526 1438 esse

1950 1479 2006 1532 in
2037 1478 2192 1533 nobis
2222 1478 2287 1532 ad
2319 1493 2664 1532 communem
2698 1487 2949 1532 naturam
2985 1474 3192 1532 referre
3241 1474 3528 1544 cogitatio-

1955 1578 2328 1639 nem:potest
2349 1570 2496 1624 enim
2544 1586 2642 1626 sua
2694 1571 2965 1640 cujusque
3011 1568 3137 1624 vitae
3187 1567 3527 1622 conscientia

1955 1663 2325 1717 necessariam
2366 1660 2546 1718 facere
2582 1663 2974 1720 misericordia:
3005 1667 3343 1736 petitionem.
3389 1665 3527 1722 Cum

1953 1752 2100 1808 enim
2132 1753 2240 1806 vita
2264 1767 2294 1806 a
2328 1752 2499 1808 nobis
2522 1753 2578 1806 in
2607 1754 2710 1809 hoc
2745 1757 2948 1810 saeculo
2970 1755 3122 1810 varie
3165 1753 3527 1812 multiformi-

1955 1850 2149 1911 terque
2202 1844 2485 1913 exigatur;
2545 1845 2650 1899 alia
2705 1845 2923 1916 quidem
2976 1846 3131 1915 juxta
3186 1848 3429 1902 animum
3473 1855 3529 1903 et

1955 1944 2212 1997 mentem,
2236 1937 2342 1989 alia
2363 1951 2492 1991 vero
2523 1939 2826 1992 secundum
2866 1955 3064 1995 sensus
3098 1942 3386 2010 corporis:
3412 1939 3523 1995 dif-

1954 2027 2287 2090 ficulter,aut
2309 2030 2470 2083 etiam
2499 2031 2722 2084 omnino
2742 2030 2856 2085 fieri
2889 2046 2995 2085 non
3021 2033 3530 2102 possearbitror,ut

1954 2135 2063 2174 non
2084 2137 2207 2174 cum
2241 2136 2352 2175 uno
2376 2122 2557 2192 aliquo
2577 2121 2768 2178 affectu
2789 2124 2909 2194 quis
2927 2125 2981 2178 in
3002 2131 3278 2194 peccatmn
3301 2126 3528 2186 labatur.

1954 2213 2116 2282 quale
2143 2214 2272 2282 quid
2303 2215 2537 2284 exempli
2571 2216 2746 2284 gratia
2796 2215 2963 2270 aﬂ‘ero
3003 2217 3055 2270 in
3088 2217 3326 2272 medium
3357 2215 3528 2270 :Cum

1955 2305 2071 2360 hate
2116 2309 2225 2361 vita
2272 2323 2378 2377 qua
2426 2324 2520 2375 per
2558 2323 2758 2378 corpus
2802 2309 3038 2362 fruimur
3088 2311 3143 2364 in
3199 2325 3396 2364 sensus
3440 2326 3532 2362 no-

1955 2407 2103 2454 stros
2156 2398 2452 2462 dividatur,
2507 2414 2570 2454 ea
2617 2415 2748 2455 vero
2781 2416 2903 2470 quae
2938 2401 3239 2456 secundum
3284 2403 3527 2456 animum

1955 2491 2195 2560 exigitur
2233 2492 2287 2544 in
2331 2492 2533 2546 mentis
2572 2493 2778 2562 impetu
2812 2501 2865 2547 et
2901 2502 3052 2547 motu
3099 2493 3288 2548 liberae
3329 2493 3528 2547 volun-

1957 2583 2088 2635 tatis
2118 2581 2526 2644 consideretur,
2570 2582 2698 2650 quis
2728 2580 2866 2635 adeu
2902 2597 3098 2652 magno
3125 2591 3288 2653 atque
3313 2585 3533 2638 excelso

1955 2671 2160 2732 animo,
2187 2670 2312 2740 quis
2345 2681 2496 2725 tanta
2547 2673 2838 2740 prudentia
2893 2673 3176 2742 praditus,
3224 2675 3350 2742 quis
3393 2674 3531 2729 tanti

1957 2764 2185 2834 spiritus
2215 2771 2322 2825 est,
2381 2771 2440 2816 ut
2475 2779 2572 2833 per
2605 2775 2894 2834 utramque
2919 2765 3043 2819 vitze
3065 2766 3334 2820 rationem
3375 2765 3533 2822 vitio-

1958 2856 2137 2909 silatis
2193 2870 2258 2909 ac
2303 2855 2524 2910 malitiae
2565 2857 2948 2925 contagionem
2993 2867 3048 2911 et
3101 2857 3532 2928 inquinationem

1957 2949 2209 3018 effugiat?
2243 2949 2386 3013 quis,
2422 2947 2567 3017 quod
2591 2949 2658 3002 ad
2687 2949 2907 3002 oculum
2935 2949 3150 3015 attinet,
3179 2965 3378 3020 expers
3407 2966 3534 3021 pec-

1958 3043 2064 3094 eati
2105 3041 2384 3111 est?quis,
2405 3041 2548 3108 quod
2578 3041 2643 3094 ad
2675 3041 2924 3096 auditum
2971 3042 3187 3106 attinet,
3232 3043 3534 3099 innoxius?

1959 3135 2082 3206 quis
2107 3136 2174 3188 ab
2211 3134 2313 3188 hac
2361 3134 2578 3188 bestiali
2627 3134 2766 3202 gulae
2800 3134 3076 3204 voluptate
3109 3135 3362 3190 alienus?
3410 3137 3537 3205 quis

272 3231 571 3292 0draro—r;
605 3228 716 3292 Τὰς
753 3229 862 3300 γὰρ
889 3229 1169 3300 αἰσθήσεις
1194 3272 1208 3296 ,
1237 3231 1303 3284 δι’
1344 3225 1419 3285 ὧν
1450 3233 1787 3288 ἐκπίπτουσα
1816 3237 1848 3305 ἡ

1961 3237 2106 3281 tactu
2142 3243 2313 3297 purus
2342 3237 2394 3280 et
2426 3241 2636 3280 vacuus
2671 3226 2741 3280 ab
2774 3227 3066 3281 occasione
3103 3227 3348 3296 peccati?
3399 3226 3536 3294 Quis

269 3322 420 3392 ψυχὴ
452 3321 587 3393 πρὸς
612 3320 680 3374 τὰ
709 3321 907 3386 ἔξωθεν
935 3322 1235 3392 πράγματα
1288 3324 1395 3376 τῶν
1442 3325 1582 3379 κατά
1629 3325 1854 3399 γνώμην

272 3411 762 3482 ἀντιλαμϐάνεται,
804 3411 1022 3482 θυρίδας
1077 3414 1111 3484 ή
1160 3414 1349 3485 Γραφὴ
1391 3421 1850 3486 προσηγόρευσεν,

271 3507 341 3568 ἃς
370 3506 633 3559 ὁδοποιεῖν
658 3504 735 3575 τῷ
780 3504 994 3575 θανάτῳ
1042 3505 1141 3575 τήν
1180 3502 1386 3559 εἴσοδον
1427 3508 1660 3576 όἊόγος
1699 3509 1851 3578 φησί.

272 3599 366 3669 Τῷ
397 3599 512 3652 ὄντι
544 3597 652 3667 γάρ
676 3596 882 3652 πολλῶν
917 3597 1161 3652 θανάτων
1188 3599 1390 3662 εἴσοδος
1410 3601 1616 3668 γίνεται
1659 3604 1856 3657 πολλά-

273 3711 364 3756 κις
391 3693 420 3744 ὁ
444 3691 718 3763 ὀφθαλμὸς
738 3733 752 3756 ,
781 3694 808 3745 ό
849 3691 1188 3763 θυμούμενον
1216 3694 1428 3764 βλέπων
1452 3738 1466 3756 ,
1504 3699 1596 3751 καὶ
1633 3699 1765 3769 πρὸς
1794 3700 1854 3753 τὸ

277 3784 393 3836 ἴσον
449 3780 622 3846 πάθος
677 3782 1156 3852 ἁντεγειρόμενος·
1218 3785 1251 3855 ἢ
1294 3786 1671 3858 εὐημεροῦντα
1723 3792 1854 3861 παρ’

273 3874 455 3940 ἀξίαν,
485 3872 578 3925 καὶ
603 3873 682 3935 εἰς
716 3869 908 3939 φθόνον
938 3871 1265 3942 φλεγόμενος
1293 3889 1306 3903 ·
1401 3876 1854 3948 ύπερηφανούμε-

275 3985 388 4031 νον,
427 3967 520 4020 καὶ
568 3963 703 4036 πρὸς
751 3966 904 4037 μῖσος
948 3965 1325 4038 ἐκπίπτωΨῆ
1372 3985 1495 4022 τινα
1527 3971 1856 4041 εὐχροοῦσαν

277 4061 447 4132 ὕλην,
487 4059 520 4130 ἢ
564 4058 655 4112 ἐπὶ
701 4057 916 4128 μορφῆς
963 4057 1330 4130 εὐφυεστέραν
1381 4060 1705 4126 διάπλασιν,
1762 4065 1856 4116 καὶ

275 4154 397 4215 ὅλος
427 4151 563 4222 πρὸς
598 4149 698 4222 τὴν
731 4147 825 4202 τοῦ
858 4149 1152 4220 ἁρέσαντος
1182 4150 1474 4221 ἐπιθυμίαν
1511 4153 1854 4208 κατολισθαί-

275 4262 406 4298 νων.
443 4242 630 4304 Οὕτως
657 4241 862 4309 ἀνοίγει
900 4239 977 4311 τῷ
1011 4239 1224 4311 θανάτῳ
1253 4242 1349 4306 τὰς
1381 4243 1598 4315 θυρίδας
1635 4246 1697 4298 τὸ
1741 4243 1853 4311 οὖς,

275 4337 347 4391 δι’
373 4329 448 4388 ὧν
477 4333 697 4399 ἀκούει,
721 4331 893 4385 πολλὰ
933 4332 1079 4404 πάθη
1105 4333 1196 4388 ἐπὶ
1221 4334 1318 4406 τὴν
1355 4333 1531 4407 ψυχήν
1562 4339 1859 4409 παραδέχε-

277 4447 371 4482 ται
392 4467 406 4490 ,
431 4426 594 4496 φόϐον
619 4467 632 4491 ,
669 4425 866 4495 λύπην,
890 4423 1059 4494 θυμὸν
1085 4465 1098 4489 ,
1128 4425 1340 4496 ἡδονὴν,
1371 4427 1664 4498 ἐπιθυμίαν
1691 4469 1705 4494 ,
1739 4431 1857 4486 διά-

280 4539 438 4592 χυσιν
470 4519 703 4588 γέλωτος
724 4557 738 4578 ,
768 4518 861 4570 καὶ
886 4517 954 4570 τὰ
984 4517 1225 4572 τοιαῦτα,
1264 4518 1328 4570 Ἦ
1364 4519 1419 4572 δὲ
1449 4521 1592 4574 κατὰ
1614 4522 1710 4595 τήν
1739 4525 1860 4593 γεῦ-

1958 3323 2132 3375 nescit
2163 3320 2506 3374 involucrum
2541 3326 2595 3373 et
2647 3320 2879 3389 aenigma
2940 3319 3236 3389 Scriptura:
3273 3320 3533 3390 dicentis,

1957 3414 2102 3486 quod
2150 3430 2246 3484 per
2300 3412 2568 3467 fenestras
2617 3428 2765 3468 mors
2826 3413 3075 3483 ingressa
3109 3415 3284 3469 sit”?
3330 3415 3538 3472 Sensus

1956 3509 2124 3570 enim,
2155 3523 2250 3577 per
2283 3522 2422 3576 quos
2452 3506 2670 3559 animus
2725 3504 2975 3560 eminens
3003 3515 3056 3559 et
3109 3506 3177 3560 ad
3211 3522 3301 3562 res
3355 3515 3538 3562 exter-

1957 3618 2058 3658 nas
2095 3617 2218 3655 sese
2259 3615 2522 3655 exercens
2567 3614 2629 3652 ea
2680 3614 2802 3668 quae
2850 3599 3072 3668 placent
3111 3600 3306 3669 arripit
3351 3609 3406 3656 et
3440 3617 3538 3671 ap-

1956 3691 2260 3762 prehendit,
2339 3691 2608 3746 fenestras
2671 3686 2954 3758 Scriptura
3011 3692 3322 3760 appellavit,
3397 3708 3538 3762 quas

1960 3785 2153 3840 Sermo
2165 3785 2323 3839 morti
2339 3784 2542 3837 aditum
2561 3781 3175 3852 patefaceredicitﬁam
3191 3800 3380 3840 revera
3401 3787 3539 3840 mul-

1957 3879 2030 3934 tis
2059 3895 2200 3948 szepe
2232 3877 2501 3930 mortibus
2527 3875 2840 3929 introeundi
2886 3877 3041 3930 loc-us
3069 3877 3267 3932 oculus
3297 3877 3537 3938 exsistit,

1957 3972 2085 4026 dum
2111 3971 2547 4024 velirasccntem
2599 3969 2769 4033 videt,
2831 3976 2885 4023 et
2937 3969 3003 4022 ad
3046 3969 3296 4024 eamdem
3348 3980 3538 4024 contra

1957 4064 2422 4135 perturbationem
2484 4061 2768 4124 incitatur,
2848 4061 2928 4113 vel
2993 4076 3254 4130 prospera
3321 4061 3539 4118 fortuna

1959 4163 2153 4228 praeter
2183 4155 2433 4209 meritum
2486 4161 2748 4217 utentem,
2803 4161 2856 4207 et
2896 4153 2951 4207 in
3007 4153 3267 4206 invidiam
3307 4153 3542 4208 exarde-

1959 4249 2063 4303 scit
2097 4267 2108 4302 :
2137 4247 2218 4302 vel
2253 4247 2675 4316 superbientem,
2712 4256 2766 4301 et
2791 4246 2844 4300 in
2869 4245 3056 4300 odium
3093 4246 3237 4307 ruit;
3292 4246 3375 4300 vel
3434 4247 3539 4300 ali-

1958 4357 2123 4411 quam
2183 4339 2464 4394 materiam
2498 4338 2628 4393 boni
2664 4339 2888 4405 coloris,
2945 4337 3378 4394 dexterioremve
3423 4339 3542 4394 oris

1960 4448 2023 4486 ac
2059 4431 2244 4485 forma:
2275 4431 2525 4500 figuram,
2566 4437 2620 4484 et
2670 4439 2817 4486 totus
2853 4430 2918 4485 ad
2944 4432 3447 4501 concupiscendum
3487 4431 3540 4486 id

1963 4523 2106 4593 quod
2135 4523 2399 4592 placuerit
2433 4521 2726 4577 delabitur.
2760 4521 2835 4576 Ita
2877 4521 3026 4576 auris
3072 4523 3236 4575 morti
3270 4521 3542 4577 fenestras

285 4631 372 4666 σιν
406 4610 707 4671 ἀπόλαυσις
731 4651 745 4674 ,
784 4610 965 4680 μήτηρ
987 4649 1002 4672 ,
1042 4609 1116 4673 ὼς
1148 4609 1213 4664 ἂν
1243 4610 1384 4663 εἴποι
1427 4629 1545 4676 τις,
1586 4614 1693 4678 τῷν
1735 4618 1853 4672 καθ’

1967 4617 2162 4688 aperit,
2195 4625 2247 4671 et
2277 4632 2371 4687 per
2404 4631 2466 4670 ea
2502 4631 2624 4687 qum
2655 4615 2807 4669 audit
2835 4615 3038 4670 multos
3071 4612 3298 4670 allectus
3325 4614 3391 4668 ad
3422 4615 3543 4668 ani-

284 4703 517 4759 ἓκαστόν
545 4705 659 4756 ἐστι
681 4703 866 4754 κακῶν
890 4719 902 4732 ·
931 4701 1014 4765 τίς
1036 4701 1144 4771 γάρ
1171 4703 1269 4757 ούκ
1298 4699 1456 4769 οἶδεν,
1479 4707 1558 4760 ὅτι
1584 4708 1707 4779 ῥίζα
1738 4729 1859 4781 σχε-

282 4800 373 4853 δόν
405 4800 518 4850 ἐστι
547 4796 653 4849 τῶν
679 4796 806 4866 περὶ
830 4795 920 4848 τὸν
962 4796 1074 4864 βίον
1103 4795 1586 4870 πλημμελημάτων
1611 4842 1625 4864 ,
1653 4805 1684 4874 ἡ
1733 4807 1859 4877 περὶ

282 4891 374 4944 τὸν
401 4888 594 4960 λαιμὸν
617 4887 876 4958 ἀσχολία;
905 4888 947 4938 Τ
952 4887 1120 4958 αύτης
1149 4887 1256 4960 γάρ
1281 4889 1625 4965 ὲξήρτηταιή
1655 4899 1855 4969 τρυφὴ,

284 4983 319 5049 ἡ
369 4978 538 5049 μέθης
567 4979 600 5048 ἡ
635 4976 1046 5047 γαστριμαργία
1068 5017 1081 5041 ν
1116 4979 1148 5047 ἡ
1180 4979 1306 5050 περὶ
1335 4981 1434 5050 τὴν
1463 4982 1669 5036 δίαιταν
1712 4988 1856 5040 ἀσω-

283 5071 411 5134 τία,
456 5072 492 5140 ἡ
540 5067 802 5139 πληθώρα
826 5108 842 5132 ,
881 5067 910 5118 ὁ
950 5068 1143 5137 κόρος,
1184 5071 1211 5121 ό
1240 5071 1423 5142 κῶμος
1447 5112 1460 5134 ,
1523 5076 1554 5143 ἡ
1586 5077 1864 5150 κτηνώδης

289 5162 384 5214 καὶ
430 5159 622 5228 ἄλογος
656 5160 785 5230 περὶ
840 5158 907 5210 τὰ
957 5158 1104 5228 πάθη
1157 5161 1253 5229 τῆς
1301 5161 1526 5231 ἀτιμίας
1561 5170 1862 5240 καταφορὰ.

301 5253 534 5322 Ὁμοίως
558 5254 591 5322 ἡ
619 5251 760 5304 κατά
788 5250 887 5321 τὴν
908 5251 1052 5322 ἁφὴν
1088 5251 1335 5323 αἴσθησις
1357 5295 1369 5316 ,
1396 5255 1610 5310 πάντων
1641 5259 1865 5330 ἔσχατον

286 5345 396 5398 τῶν
431 5343 892 5414 ἁμαρτανομένων
927 5342 1040 5395 ὲστί
1065 5359 1077 5371 ·
1116 5345 1292 5397 πάντα
1330 5345 1438 5417 γάρ
1490 5349 1589 5401 ὅσα
1637 5351 1713 5421 τῷ
1764 5353 1865 5405 ad).

292 5456 424 5508 ματι
463 5436 612 5506 παρά
644 5435 751 5488 τῶν
782 5435 1078 5504 φιληδόνων
1113 5437 1524 5507 ἐπιτηδεύεται,
1576 5443 1675 5513 τῆς
1718 5446 1866 5498 ἀντι-

289 5530 504 5598 λήψεως
537 5528 634 5597 τῆς
689 5529 924 5598 ἁπτικῆς
970 5530 1114 5580 ἐστιν
1176 5530 1620 5601 ἀρρωστήματα,
1673 5529 1748 5588 ὧν
1797 5538 1865 5592 τὰ

293 5621 416 5674 καθ’
449 5621 677 5673 ἕκαστον
723 5620 1023 5689 διηγεῖσθαι
1063 5620 1272 5690 μακρὸν
1325 5621 1392 5675 ἄν
1434 5623 1546 5691 εἴη’
1601 5627 1691 5679 καὶ
1743 5629 1865 5682 οὐδὲ

295 5715 504 5784 πρέπον
558 5713 676 5782 ἅμα
729 5715 842 5775 τοῖς
901 5715 1242 5786 σεμνοτέροις
1292 5712 1401 5766 τῶν
1457 5714 1629 5784 λόγων
1689 5737 1865 5791 παρα-

298 5804 567 5874 μιγνύειν,
597 5805 696 5857 ὅσα
718 5804 816 5874 τῆς
849 5805 991 5874 ἁφῆς
1027 5807 1141 5858 ἐστι
1169 5809 1616 5879 κατηγορήματα.

368 5922 411 5952 ⁷⁹
454 5920 470 5972 1
512 5920 635 5974 Cor.
675 5937 758 5978 xv.
793 5921 882 5974 9.9..
960 5919 1007 5951 ⁸⁸
1044 5918 1150 5972 Jcr.
1190 5936 1237 5970 IX
1265 5959 1278 5982 ν
1307 5920 1396 5973 Ἧι

1967 4725 2114 4764 mum
2143 4708 2482 4772 transmittit,
2522 4715 2747 4772 metum,
2779 4706 3081 4772 tristitiam,
3108 4706 3264 4769 iram,
3294 4707 3544 4776 volupta-

1965 4811 2098 4866 tem,
2159 4799 2532 4864 cupiditatem,
2591 4798 2762 4852 risum
2817 4797 3074 4862 eﬂ'usum,
3143 4808 3197 4853 et
3253 4799 3540 4866 ejusmodi.

1968 4893 2138 4947 Porro
2164 4903 2413 4962 gustatus
2450 4892 2720 4958 voluptas,
2761 4900 2952 4954 mater,
2998 4899 3057 4944 ut
3085 4891 3285 4946 dixerit
3316 4893 3540 4962 aliquis,

1967 4985 2302 5054 singulorum
2324 4982 2589 5034 malorum
2616 4989 2698 5034 est
2733 4981 2896 5049 :quis
2950 4982 3095 5036 enim
3138 4981 3349 5052 ignorat
3396 4983 3542 5052 quod

1963 5077 2100 5145 gula:
2129 5075 2370 5129 studium
2399 5072 2550 5126 radix
2574 5073 2964 5143 propemodum
2999 5074 3072 5128 sit
3115 5089 3304 5128 eorum
3346 5089 3543 5143 pecca-

1960 5176 2140 5222 torum
2181 5183 2301 5236 quze
2340 5167 2394 5220 in
2445 5166 2551 5220 vita
2597 5166 3056 5220 committuntur?
3105 5166 3189 5221 Ab
3250 5166 3352 5219 hac
3394 5167 3540 5219 enim

1966 5253 2215 5331 pcndcnt'
2260 5259 2420 5313 luxus
2451 5268 2615 5328 atque
2661 5259 2888 5321 deliciae,
2934 5259 3195 5320 ebrietas,
3251 5258 3541 5327 ingluvies,

1967 5353 2020 5407 in
2056 5353 2198 5405 victu
2251 5351 2604 5420 prodigalitas
2653 5359 2817 5420 atque
2849 5350 3117 5420 profusio,
3187 5349 3540 5413 abundantia,

1971 5445 2214 5506 satietas,
2273 5444 2622 5506 comessatio,
2671 5443 2918 5497 bestialis
2974 5449 3027 5496 et
3082 5441 3295 5495 ratione
3345 5455 3542 5496 carens

1972 5538 2205 5606 impetus
2258 5536 2324 5590 ad
2353 5537 2483 5590 vitia
2539 5535 2916 5605 ignominiosa.
2977 5532 3241 5588 Similiter
3287 5535 3542 5604 tangendi

1970 5644 2166 5684 sensus
2195 5629 2437 5682 omnium
2465 5635 2809 5698 peccatorum
2838 5634 3139 5680 extremum
3187 5635 3272 5679 est
3310 5646 3322 5680 :
3361 5627 3544 5679 omnia

1970 5721 2113 5774 enim
2148 5735 2270 5790 quae
2299 5735 2530 5789 corpore
2553 5726 2880 5773 exercentur
2918 5731 2948 5770 a
2989 5717 3358 5772 sectatoribus
3399 5717 3545 5772 volu-

1974 5813 2170 5882 ptatis,
2205 5812 2657 5886 apprchensionis
2701 5827 2822 5883 qua:
2868 5817 3015 5866 tactu
3065 5810 3123 5864 fit
3158 5810 3334 5866 morbi
3379 5818 3546 5878 sunt,
