4004 6474
601 409 736 465 “Si

1821 419 1878 474 S.
1911 415 2238 477 GREGORII
2263 417 2559 475 NYSSENI
2595 444 2598 446 ·

3649 444 3744 497 Η88

597 539 719 592 qua:
743 521 1054 593 singulatim
1080 535 1352 592 exponere
1395 523 1611 594 longum
1647 528 1810 582 tuerit
1841 549 1853 584 :
1893 529 2056 584 simul
2104 544 2173 584 ne
2211 519 2468 584 decor‘um
2500 531 2716 599 quidem
2775 539 2860 586 est
2897 525 3204 584 immiscere
3237 536 3546 604 gravioribus
3603 563 3740 608 serui»

597 618 759 672 nibus
788 631 1126 688 qtuecunque
1159 625 1336 673 tactus
1365 620 1594 673 crimina
1628 634 1776 676 sunt.

665 709 835 763 Porro
875 709 1270 764 multitudinem
1313 722 1657 780 peccatorum
1699 731 1818 785 quae
1855 717 2036 770 animo
2075 731 2136 785 pa

2339 713 2461 808 Τῶν
2494 712 2554 808 δὲ
2591 713 2732 808 κατὰ
2766 713 2863 808 τὴν
2883 711 3082 808 *ψυχήν
3104 729 3169 808 τε
3195 717 3300 808 καὶ
3323 724 3602 808 προαίρεσιν
3620 734 3751 808 πλημ.

593 800 730 853 riter
757 813 820 852 ac
869 797 1144 852 destinata
1203 800 1488 856 voluntate
1525 806 1960 868 committuntur,
2020 821 2168 874 quae-

599 907 724 944 nam
752 891 926 945 oratio
956 907 1280 947 enumerare
1311 895 1524 962 possit?
1554 896 1628 950 Ex
1675 898 2050 964 interioribus,
2084 899 2166 951 in~

593 985 732 1052 quit,
777 983 1196 1052 proﬁciscuntur
1247 985 1504 1055 improbm
1548 990 1946 1058 cogitationes:
2003 999 2165 1059 atque

589 1072 782 1140 adjecit
857 1089 1048 1129 earum
1109 1078 1496 1146 cogitationum
1555 1081 1756 1148 quibus
1815 1081 2164 1151 inquinamur

593 1165 1084 1220 enumerationem.
1117 1166 1172 1221 Si
1211 1169 1374 1238 igitur
1411 1171 1477 1224 ab
1507 1173 1762 1226 omnibus
1814 1173 1948 1226 adeo
1997 1173 2164 1241 parti-

587 1255 690 1310 bus
723 1265 1070 1325 peccatorum
1116 1259 1250 1312 retia
1305 1259 1465 1314 nobis
1522 1260 1856 1316 circumfusa
1886 1271 2035 1324 sunt,
2068 1279 2163 1331 per

584 1348 770 1402 omnia
800 1363 1060 1404 sensuum
1091 1349 1479 1415 instrumenta,
1511 1368 1606 1422 per
1633 1352 1860 1407 intimos
1891 1362 1946 1406 et
1979 1356 2161 1408 occul-

585 1445 691 1501 tos,
725 1453 788 1491 ac
817 1439 972 1509 quasi
1007 1437 1062 1491 in
1097 1440 1260 1493 corde
1295 1441 1524 1496 latentes
1555 1443 1722 1495 animi
1777 1451 1979 1506 motus,
2037 1446 2159 1513 quis

582 1531 928 1600 gloriabitur,
959 1541 1015 1586 ιιι
1047 1531 1228 1600 inquit
1263 1531 1565 1602 Sapientia,
1597 1550 1655 1588 se
1705 1551 1902 1603 purum
1959 1535 2160 1590 habere

581 1636 678 1676 cor
705 1622 749 1654 ⁸¹
773 1622 796 1675 ?
822 1623 946 1690 quis
997 1637 1024 1674 a
1055 1622 1313 1678 sordibus
1347 1635 1684 1696 expurgatus
1731 1628 1859 1682 est?
1891 1628 2156 1698 quemad-

582 1713 800 1766 modum
828 1711 929 1767 Job
953 1722 1188 1769 testatur
1209 1715 1254 1748 ⁸⁸
1283 1733 1294 1768 :
1334 1715 1538 1771 Sordes
1582 1727 1712 1772 sunt
1757 1719 1951 1773 animae
2009 1719 2158 1790 puri-

581 1802 708 1857 tatis
746 1801 1012 1871 voluptas,
1067 1819 1187 1873 quae
1224 1805 1580 1860 multifariam
1639 1809 1933 1880 multisque
1981 1811 2155 1864 modis

581 1893 832 1947 humanm
861 1893 986 1947 vitae
1021 1895 1432 1960 commiscetur,
1469 1913 1565 1966 per
1588 1899 1832 1953 animum
1861 1901 2062 1969 pariter
2090 1916 2154 1954 ac

578 1997 798 2050 corpus,
825 1997 920 2051 per
946 1983 1325 2052 cogitationes,
1363 2001 1457 2054 per
1490 2001 1706 2052 sensus,
1743 2004 1837 2058 per
1877 1997 2054 2045 motus
2087 2006 2150 2045 ex

579 2074 860 2142 proposito
906 2075 1262 2142 procedentes
1292 2116 1306 2136 ,
1360 2091 1456 2146 per
1510 2077 1758 2147 corporis
1811 2081 2151 2149 operationcs

575 2173 630 2218 et
663 2163 908 2220 eﬂ'ectus.
941 2165 1076 2231 Quis
1108 2181 1236 2234 ergo
1286 2183 1477 2236 puram
1529 2167 1600 2221 ab
1653 2168 1754 2222 hac
1793 2171 2002 2224 macula
2035 2172 2153 2224 aui-

575 2272 718 2311 mam
755 2257 956 2312 habet?
982 2258 1076 2328 qui
1141 2259 1258 2314 ﬁeri
1293 2260 1496 2329 potuit,
1563 2270 1621 2314 ut
1676 2261 1820 2314 fastu
1861 2277 2152 2330 percussus

573 2365 685 2406 non
715 2351 788 2404 sit
813 2351 835 2404 ?
861 2351 954 2420 qui
985 2352 1164 2420 potuit
1199 2369 1306 2406 non
1345 2368 1468 2408 esse
1512 2353 1780 2422 superbiae
1809 2353 1942 2422 pede
1971 2355 2149 2408 calca-

573 2442 706 2498 tus?
733 2457 893 2512 quem
928 2456 1124 2498 manus
1161 2443 1436 2512 peccatrix
1469 2459 1576 2498 non
1621 2444 1954 2496 commovit?
1993 2445 2150 2513 cujus

571 2549 669 2603 pes
700 2532 766 2586 ad
815 2535 1114 2604 nequitiam
1145 2543 1198 2588 et
1229 2536 1488 2588 malitiam
1527 2552 1635 2590 non
1659 2539 1946 2590 cucurrit?
1991 2555 2148 2606 quem

571 2626 772 2680 oculus
829 2625 1190 2680 immodestus
1267 2641 1374 2680 non
1447 2627 1753 2695 inquinavit
1814 2635 1868 2680 et
1928 2630 2149 2685 auditus

571 2715 806 2771 stolidus
825 2723 880 2771 et
912 2716 1200 2786 imperitus
1233 2731 1338 2770 non
1363 2719 1779 2782 contaminavit,
1807 2727 1861 2772 et
1895 2731 2146 2788 gustatus

573 2807 642 2862 ad
702 2823 825 2864 sese
875 2824 984 2862 non
1049 2809 1346 2872 convertit,
1406 2817 1459 2864 et
1513 2817 1840 2878 occupatum
1875 2810 2150 2866 detinuit?

570 2900 731 2970 cujus
765 2914 862 2954 cor
890 2899 956 2952 ad
989 2915 1162 2954 vanos
1206 2909 1386 2954 motus
1437 2899 1570 2954 rude
1627 2908 1681 2955 et
1733 2903 2146 2956 inexercitatum

569 2990 810 3044 mansit?
842 2987 1109 3054 Quoniam
1145 2989 1458 3060 igitur-haec
1489 2990 1638 3043 circa
1670 3005 1772 3045 nos
1803 3000 1932 3045 sunt
1962 2993 2146 3062 pejora

567 3079 788 3151 quidem
818 3089 982 3148 atque
1021 3079 1294 3134 atrociora
1333 3080 1398 3135 iis
1437 3081 1528 3149 qui
1567 3082 1622 3135 in
1663 3081 1944 3138 bestialem
1977 3084 2147 3154 magis

571 3180 823 3226 naturam
859 3173 1212 3241 degenerant,
1245 3170 1628 3248 [moderatiore
1659 3181 1837 3228 autem
1873 3183 2034 3243 atque
2065 3183 2148 3228 to-

569 3265 878 3320 lerabiliora
910 3263 1340 3338 attentioribus,]
1376 3267 1590 3335 penitus
1629 3277 1809 3340 autem
1845 3276 1899 3322 et
1923 3285 2146 3338 prorsus

567 3363 844 3420 omnibus,
873 3361 1076 3429 quibus
1122 3361 1430 3414 communis
1460 3369 1542 3415 est
1579 3369 1796 3424 natura,
1834 3363 2142 3417 communia

565 3466 787 3522 quoque
813 3452 1008 3505 delicta
1051 3460 1259 3505 naturae
1311 3461 1474 3506 sunt:
1524 3453 1728 3506 idcirco
1768 3451 1876 3506 Deo
1906 3469 1998 3522 per
2026 3469 2143 3506 ora-

567 3545 774 3598 tionem
804 3544 1198 3612 supplicantes,
1241 3552 1300 3598 ut
1357 3543 1701 3597 dimittantur
1751 3545 1907 3598 nobis
1961 3545 2138 3598 debita

565 3649 807 3689 oramus.
833 3634 936 3688 Sed
973 3634 1124 3688 irrita
1156 3643 1319 3703 atque
1345 3635 1587 3688 ineilicax
1612 3643 1695 3689 est
1719 3635 1988 3704 ejusmodi
2013 3651 2137 3699 vox,

565 3735 618 3782 et
646 3725 713 3780 ad
753 3741 916 3783 aures
952 3727 1167 3782 divinas
1202 3742 1310 3780 non
1342 3729 1578 3797 pertinet
1606 3743 1669 3782 ac
1711 3737 1976 3798 penetrat,
2035 3730 2138 3785 nisi

564 3819 906 3876 conscientia
945 3835 1054 3872 una
1099 3820 1384 3874 nobiscum
1435 3821 1654 3882 clamet,
1711 3820 1853 3889 quod
1906 3830 2136 3886 rectum,

566 3914 796 3974 bonum.
844 3921 898 3967 et
931 3913 1188 3967 decorum
1231 3911 1302 3966 sit
1353 3911 1784 3966 misericordiam
1847 3913 2134 3982 impertiri.

561 4002 696 4058 Nam
737 4003 830 4073 qui
861 4002 1073 4072 judicat
1125 4001 1516 4056 humanitatem
1551 4003 1716 4058 Deum
1769 4005 1961 4058 decere
1992 4005 2137 4074 (nisi

559 4095 705 4151 enim
740 4095 933 4150 decere
965 4103 1200 4165 putaret,
1243 4109 1360 4148 rem
1417 4094 1728 4149 indecoram
1772 4107 1826 4150 et
1861 4113 1970 4150 non
2005 4113 2138 4152 con-

563 4188 868 4242 venientem
899 4187 1116 4258 aggredi
1136 4203 1258 4242 eum
1283 4197 1442 4256 atque
1469 4189 1749 4257 suscipere
1793 4203 1898 4243 non
1916 4193 2136 4260 oraret),

558 4289 682 4328 eum
735 4289 948 4342 aequum
983 4273 1144 4328 fuerit
1200 4277 1315 4330 suis
1363 4277 1522 4330 factis
1569 4277 1840 4344 judicium
1895 4280 1962 4334 de
1989 4281 2134 4334 bono

559 4371 724 4432 atque
763 4363 965 4418 decoro
1005 4363 1248 4419 stabilire
1277 4375 1440 4435 atque
1459 4365 1805 4428 confirmare,
1840 4382 1910 4420 ne
1939 4367 2132 4436 ajusto

551 4454 736 4523 judice
765 4453 1032 4523 ejusmodi
1053 4455 1182 4522 quid
1210 4457 1395 4509 audiat
1423 4473 1436 4508 :
1473 4455 1696 4518 Medica,
1730 4473 1858 4509 cura
1887 4457 2128 4526 teipsum,

559 4563 646 4602 me
680 4548 746 4602 ad
783 4547 1178 4602 humanitatem
1223 4549 1480 4612 hortaris,
1519 4565 1680 4618 quam
1741 4559 1798 4603 tu
1866 4547 2130 4620 proximis

557 4655 665 4692 non
701 4640 1036 4710 impertiris:
1080 4641 1458 4696 remissionem
1497 4641 1802 4696 debitorum
1837 4642 1998 4710 petis,
2034 4641 2126 4709 qui

2187 2069 2226 2122 Β
2251 2093 2352 2146 της
2383 2077 2481 2148 τὴν
2524 2078 2700 2150 ψυχὴν
2733 2081 2881 2151 ἔχεις
2933 2082 3059 2146 Πῶς
3109 2085 3208 2138 οὐκ
3253 2085 3461 2158 ἐπλήγη
3505 2087 3576 2158 τῷ
3617 2089 3755 2160 adeo;

2273 802 2616 872 μελουμένων
2649 802 2742 855 τὸν
2771 803 2958 872 ἐσμὸν,
2983 799 3072 866 τίς
3099 801 3164 854 ἄν
3189 803 3580 879 ἐξαριθμήσαιτο
3607 799 3748 889 My};

2273 892 2537 960 Ἔσωθεν,
2569 893 2754 963 φησὶν,
2782 896 3170 966 ἐκπορεύονται
3205 895 3518 970 διαλογισμοὶ
3544 917 3748 981 πονηροί·

2267 985 2360 1037 καὶ
2386 985 2692 1056 προσέθηκε
2711 985 2818 1038 τῶν
2845 985 3198 1055 ἐνθυμήσεων
3222 986 3326 1038 τῶν
3351 994 3629 1050 κοινούντων
3645 1004 3750 1071 ἡμᾶς

2264 1075 2356 1128 τὸν
2384 1076 2702 1144 κατάλογον.
2735 1078 2798 1130 Εἰ
2831 1078 3010 1130 τοίνυν
3041 1077 3182 1132 οὕτω
3229 1083 3538 1150 πανταχόθεν
3571 1091 3677 1158 ἡμῖν
3703 1098 3750 1150 τά

2263 1167 2370 1220 τῶν
2397 1168 2684 1238 ἁμαρτιῶν
2716 1169 2907 1222 δίκτυα
2951 1171 3343 1240 περικέχυται,
3375 1171 3454 1226 διὰ
3479 1176 3660 1234 πάντων
3676 1185 3750 1238 τῶν

2263 1259 2650 1330 αἰσθητηρίων,
2681 1260 2768 1314 διὰ
2793 1261 2902 1314 τῶν
2931 1263 3233 1332 ὲγκαρδίων
3263 1264 3362 1333 τῆς
3391 1265 3552 1337 ψυχῆς
3575 1277 3752 1344 κινημά.

2261 1367 2367 1402 των
2393 1367 2405 1380 ·
2435 1351 2516 1413 τίς
2545 1353 2906 1420 καυχήσεται,
2949 1353 3129 1418 καθὼς
3155 1357 3189 1424 ή
3231 1354 3396 1422 Σοφία
3431 1361 3603 1428 φησὶν,
3627 1365 3750 1437 ἁγνήν

2261 1440 2404 1510 ἔχειν
2433 1442 2697 1512 καρδίαν;
2732 1446 2828 1507 Τίς
2857 1446 3248 1516 κεκαθάρισται
3292 1449 3396 1501 ἀπὺ
3427 1450 3615 1520 ptimo;
3653 1460 3752 1520 ὡςὸ

2273 1529 2392 1582 Ἰὼό
2412 1531 2474 1584 τὸ
2500 1531 2738 1586 τοιοῦτον
2769 1536 3127 1606 μαρτύρεται.
3185 1537 3376 1603 Ῥύπος
3405 1542 3513 1594 ἐστὶ
3543 1545 3623 1614 τῆς
3653 1553 3752 1604 uti

2258 1617 2435 1690 ψυχὴν
2463 1623 2828 1694 καθαρότητος
2860 1627 2892 1696 ἡ
2921 1625 3078 1696 ἡδονὴ
3121 1630 3156 1698 ἡ
3186 1629 3495 1702 πολυμερῶς
3525 1636 3606 1686 καὶ
3635 1637 3752 1690 πολυ-

2258 1712 2474 1780 τρόπως
2496 1713 2572 1783 τῷ
2602 1714 2927 1786 ἀνθρωπίνῳ
2951 1720 3395 1792 καταμιγνυμένη
3437 1723 3528 1794 βίῳ
3552 1767 3565 1788 ,
3592 1726 3662 1780 διὰ
3683 1729 3754 1797 ψυ-

2257 1802 2359 1871 χῆς
2387 1821 2446 1856 τε
2478 1804 2570 1857 καὶ
2602 1804 2880 1876 σώματος,
2903 1807 2968 1860 δι’
3005 1809 3375 1880 ἐνθυμήσεων,
3403 1813 3464 1866 δι’
3491 1815 3752 1887 αἰσθήσεων,

2254 1891 2342 1944 διὰ
2364 1894 2472 1946 τῶν
2501 1897 2641 1948 κατὰ
2665 1897 2921 1966 πρόθεσιν
2955 1902 3302 1970 κινημάτων,
3335 1901 3420 1956 διὰ
3453 1905 3553 1958 τῶν
3577 1925 3756 1978 σωματιο

2254 1983 2367 2038 κῶν
2397 1987 2480 2038 ἐνε
2491 1987 2805 2056 ργημάτων.
2832 1989 2930 2052 Τίς
2953 1985 3046 2042 οὖν
3066 1991 3312 2062 καθαράν
3345 1996 3440 2063 τῆς
3463 1996 3650 2067 κηλῖδος
3667 2001 3755 2052 stui-

2252 2169 2377 2232 Πῶς
2425 2171 2523 2224 οὐκ
2552 2172 2798 2243 ἐπατήθη
2838 2173 2916 2242 τῷ
2959 2175 3077 2226 ποδὶ
3101 2176 3198 2246 τῆς
3247 2177 3602 2248 ὑπερηφανίας
3621 2220 3634 2242 ,
3665 2182 3756 2252 avi;

2253 2263 2547 2336 ἀμαρτωλὴ
2593 2267 2714 2336 χεὶρ
2747 2267 2847 2318 οὐκ
2885 2267 3212 2332 ὲσάλευσεν;
3249 2262 3324 2322 0⁵5
3357 2271 3384 2321 ὁ
3426 2271 3551 2334 ποῦς
3599 2272 3663 2336 εἰς
3693 2290 3760 2324 κσ-

2252 2356 2376 2408 κίαν
2405 2355 2504 2410 οὐκ
2536 2355 2803 2428 ἕδραμενς
2841 2357 2934 2412 Ὃν
2966 2359 3242 2431 ὀφθαλμὸς
3293 2362 3532 2414 ἀτακτῶν
3560 2364 3644 2416 οὐκ
3672 2364 3759 2434 ἐμό-

2249 2445 2404 2498 λυνεν
2429 2487 2443 2511 ,
2475 2449 2566 2502 καὶ
2607 2451 2926 2514 ἀπαίδευτος
2957 2452 3092 2522 ἀκοὴ
3142 2453 3243 2506 οὐκ
3273 2454 3578 2525 ἑῤῥύπωσεν
3599 2495 3611 2518 ,
3641 2457 3758 2524 καὶὴ

2249 2537 2437 2604 γεῦσις
2486 2539 2621 2610 πρὸς
2665 2540 2863 2612 ἑαυτὴν
2906 2541 3005 2594 οὐκ
3041 2542 3377 2612 ὴσχόλησεν,
3421 2541 3509 2596 καὶ
3554 2542 3759 2613 ἡκαρδία

2255 2629 2390 2696 πρὸς
2443 2629 2675 2699 ματαίας
2716 2634 2958 2702 κινήσεις
3007 2632 3366 2704 ἀνενέργητος
3403 2633 3618 2704 ἔμεινεν.
3643 2633 3761 2687 Ἐπεὶ

2252 2717 2344 2773 οὖν
2388 2720 2456 2774 τὰ
2496 2723 2624 2792 περὶ
2665 2724 2814 2792 ἡμᾶς
2869 2724 3035 2793 χείρω
3081 2723 3178 2792 μὲν
3227 2724 3324 2777 καὶ
3379 2724 3760 2794 χαλεπωδέστερα

2259 2769 2276 2773 '
2296 2769 2307 2773 ’
2328 2769 2335 2771 “
2401 2769 2455 2774 ”“⁷
2503 2769 2623 2792 "'r‘
2671 2769 2812 2792 17"“
2869 2769 3033 2793 Λ““Γ“⁷
3081 2769 3173 2792 l""
3230 2769 3324 2777 ""'
3379 2769 3760 2794 I.‘"'""‘""‘t"'

2249 2813 2360 2872 τοῖς
2385 2812 2862 2882 κτηνωδεστέροις·
2906 2813 3080 2882 πάντη
3109 2812 3166 2864 δὲ
3197 2813 3293 2866 καὶ
3326 2815 3536 2876 πάντως
3579 2815 3630 2865 ἐν
3663 2815 3760 2865 πᾶσι
3901 2769 3903 2888 j

2247 2907 2360 2966 τοῖς
2383 2903 2695 2957 κοινωνοῦσι
2719 2904 2820 2972 τῆς
2852 2902 3062 2972 φύσεώς
3085 2893 3198 2957 ἐστι
3239 2906 3336 2958 καὶ
3368 2907 3400 2976 ή
3431 2905 3660 2958 κοινωνία
3684 2904 3762 2956 τῶν
3901 2897 3903 3044 Ι

2249 2993 2732 3044 πλημμελημάτων
2759 2995 2858 3044 τῆς
2887 2994 3126 3044 (δύσεως-
3157 2995 3243 3044 διὰ
3271 2996 3431 3044 τοῦτο
3457 2997 3762 3044 προσπίπτον·

2249 2993 2732 3066 πλημμελημάτων
2759 2995 2858 3064 τῆς
2887 2994 3126 3062 φύσεως·
3157 2995 3243 3048 διὰ
3271 2996 3431 3049 τοῦτο
3457 2997 3762 3064 προσπίπτον·

2248 3100 2341 3148 τες
2373 3083 2460 3136 διὰ
2481 3085 2786 3155 προσευχῆς
2810 3083 2887 3154 τῷ
2911 3083 3028 3153 Θεῷ
3050 3084 3318 3154 ἀφεθῆναι
3349 3088 3481 3157 ἡμῖν
3504 3086 3568 3138 τὰ
3599 3085 3764 3154 ὀφειλή-

2251 3175 2862 3246 ματαῖπαρακαλοῦμεν.
2901 3176 3039 3229 Ἀλλ’
3065 3177 3346 3247 ἄπρακτὸς
3369 3180 3514 3232 ἐστιν
3542 3177 3764 3248 ἡτοιαύτη

2248 3265 2419 3336 φωνὴ,
2451 3267 2544 3318 καὶ
2582 3268 2659 3330 εἰς
2692 3265 2858 3330 ἀκοὰς
2886 3267 3036 3330 θείας
3069 3267 3347 3336 φθάνουσα
3367 3309 3383 3332 ,
3419 3269 3491 3340 μὴ
3519 3269 3609 3338 τῆς
3637 3284 3767 3320 συνει-

2245 3357 2450 3428 δήσεως
2481 3359 2611 3428 ἡμῖν
2638 3357 2978 3429 συμὸοὼσης,
3001 3359 3082 3412 ὅτι
3103 3359 3267 3412 καλόν
3287 3363 3434 3413 ἐστιν
3460 3362 3492 3431 ή
3516 3359 3602 3412 τοῦ
3625 3357 3764 3422 ἐλέους

2249 3449 2552 3518 μετάδοσις.
2591 3449 2649 3501 '0
2678 3449 2784 3521 γὰρ
2821 3448 2940 3520 Θεῷ
2988 3453 3216 3520 πρέπειν
3259 3452 3360 3522 τὴν
3413 3451 3766 3524 φιλανθρωπίαν

2244 3542 2476 3612 κρίνων·
2509 3541 2567 3592 οὐ
2622 3540 2729 3610 γὰρ
2773 3541 2838 3593 ἂν
2883 3544 2932 3594 εί
2978 3541 3052 3612 μὴ
3109 3541 3343 3611 πρέπειν
3391 3543 3556 3613 ᾤετο,
3587 3543 3700 3614 πρὸς
3723 3539 3765 3591 τὸ

2243 3631 2487 3702 ἀπρεπές
2514 3649 2572 3683 τε
2599 3633 2692 3686 καὶ
2725 3633 3062 3702 ἀνάρμοστον
3093 3632 3266 3685 ἐλθεῖν
3297 3633 3453 3702 ἠξίου
3474 3650 3487 3662 ·
3521 3634 3701 3693 δίκαιος
3721 3631 3766 3682 ἂν

2243 3725 2324 3792 εἴη
2355 3725 2466 3786 τοῖς
2496 3721 2644 3786 ἰδίοις
2671 3721 2850 3794 ἔργοις
2875 3725 2972 3793 τὴν
2999 3723 3128 3794 περὶ
3170 3724 3266 3777 τοῦ
3323 3724 3490 3777 καλοῦ
3523 3722 3767 3792 βεϐαιῶσαι

2242 3815 2421 3885 κρίσιν
2446 3856 2461 3882 ,
2497 3816 2571 3878 ὡς
2609 3815 2675 3869 ἂν
2713 3815 2786 3886 μὴ
2823 3815 2884 3867 τὸ
2907 3815 3145 3868 τοιοῦτον
3187 3817 3481 3870 ἀκούσειεν
3527 3815 3663 3885 παρὰ
3701 3809 3768 3864 τοῦ

2240 3907 2448 3977 κριτοῦ,
2483 3907 2564 3960 ὅτι
2596 3907 2792 3974 Ἰατρέ,
2825 3907 3200 3974 θεράπευσον
3227 3909 3522 3962 σεαυτόν·
3553 3905 3641 3976 ἐμὲ
3667 3903 3768 3973 πρὸς

2240 3998 2647 4069 φιλανθρωπίαν
2692 3998 3055 4066 παρακαλεῖς,
3103 3990 3170 4068 ἦς
3211 4001 3325 4062 τοῖς
3349 3982 3536 4063 ’πέλας
3563 3998 3701 4060 αὐτὸς
3723 3993 3768 4046 οὐ

2243 4087 2586 4158 μετέδωκαςς
2634 4089 2859 4154 Ἀφεσιν
2919 4086 3246 4156 ὀιρλημάτων
3300 4089 3510 4150 αἱτείςο
3560 4085 3666 4147 πῶς
3700 4079 3768 4134 οὖν

2238 4182 2530 4250 κατάγχεις
2557 4180 2620 4232 σὺ
2653 4179 2740 4232 τὸν
2769 4179 3086 4249 ὑπόχρεωνς
3131 4178 3552 4248 Ἐξαλειιρθῆναι
3583 4177 3639 4228 τὸ
3663 4171 3768 4226 κατᾶ

2240 4271 2332 4322 σοῦ
2357 4271 2712 4342 χειρόγραφον
2735 4269 2868 4341 εὔχῃ
2891 4309 2906 4332 ,
2935 4271 2964 4322 δ
2988 4267 3052 4321 δι’
3081 4264 3402 4336 ἐπιμελείας
3434 4269 3700 4335 φυλάσσων
3719 4263 3766 4314 τὰ

2234 4362 2343 4414 τῶν
2373 4360 2680 4414 ὑπευθύνων
2712 4357 3014 4429 συμϐόλαια
3037 4376 3050 4390 ·
3083 4359 3258 4428 χρεῶν
3287 4361 3466 4423 αἰτεῖς
3507 4355 3767 4413 ἀποκοπὰς,

2235 4457 2262 4507 ὁ
2287 4453 2496 4524 τρέφων
2528 4453 2615 4505 διὰ
2658 4451 2764 4504 τῶν
2788 4451 2960 4504 τόκων
2987 4447 3047 4503 τὸ
3077 4451 3282 4503 δάνειον
3304 4468 3318 4480 ’
3351 4453 3382 4504 ὁ
3415 4452 3507 4512 σος
3532 4449 3769 4516 ὀφειλέτης

2235 4545 2291 4597 ἐν
2335 4545 2688 4614 δεσμωτηρίῳ
2711 4583 2725 4604 ,
2777 4543 2871 4596 καὶ
2925 4544 2988 4595 σὺ
3023 4545 3079 4595 ὲν
3111 4543 3390 4613 εύκτηρίῳ
3420 4561 3432 4572 ·
3473 4544 3665 4602 ἐκεῖνος
3703 4536 3769 4588 ἐπὶ

2233 4639 2345 4700 τοῖς
2395 4633 2700 4704 ὀφλήμασιν
2743 4633 3025 4686 ὀδυνᾶταγ
3056 4633 3150 4686 καὶ
3189 4633 3253 4684 σὺ
3286 4631 3564 4702 ἀφεθῆναί
3607 4647 3675 4682 σοι
3699 4627 3770 4694 τὴν

557 4738 614 4784 tit
639 4747 768 4800 ergo
813 4741 873 4784 ut
916 4743 970 4786 tu
1001 4732 1232 4786 suiloces
1279 4733 1627 4808 obaeratum?
1659 4733 1826 4786 deleri
1863 4733 1959 4786 tibi
2005 4733 2126 4784 chi-

2242 4726 2450 4796 Ξφειλὴν
2479 4727 2676 4791 ἀξιοῖς·
2722 4726 2950 4794 ὰνήκώς
2979 4723 3093 4776 ἐστί
3129 4741 3221 4776 σου
3260 4725 3290 4793 ή
3327 4721 3770 4794 προσευχὴ,ύπερ-

553 4826 883 4894 rographum
916 4825 1176 4880 adversus
1205 4835 1258 4878 te
1300 4825 1563 4889 scriptum
1597 4824 1858 4892 precaris,
1916 4823 2007 4892 qui
2041 4824 2126 4878 di-

555 4917 780 4980 ligenter
810 4918 1372 4972 scrvasobnnxinrum
1407 4924 1564 4984 pacta
1583 4924 1746 4984 atque
1774 4924 2116 4968 contractus:

551 5008 764 5062 tabulas
799 5024 968 5062 novas
1018 5017 1070 5062 ct
1119 5007 1467 5062 abolitionem
1523 5014 1685 5076 atque
1737 5006 2114 5060 remissionem

548 5099 854 5154 debitorum
889 5099 1046 5169 petis,
1078 5099 1170 5166 qui
1207 5114 1302 5167 per
1331 5111 1527 5152 usuras
1555 5111 1629 5150 aes
1660 5094 1894 5148 alienum
1943 5093 2122 5148 nutris

547 5203 602 5244 ct
630 5207 834 5261 auges;
867 5198 994 5245 tuus
1044 5189 1258 5243 debitor
1317 5188 1490 5242 estin
1555 5201 1796 5250 carcere,
1835 5193 1889 5240 et
1947 5193 2006 5238 tu
2067 5185 2116 5236 in

2231 4821 2355 4890 ηχΞῖ
2385 4819 2544 4888 γὰρὴ
2582 4817 2674 4870 τοῦ
2697 4817 3036 4886 ὀδυνωμένου
3068 4817 3216 4884 φωνή
3244 4833 3256 4846 ο
3297 4816 3400 4866 ἐὰν
3431 4815 3599 4884 λύσῃς
3619 4813 3669 4864 τὸ
3695 4829 3772 4860 σω-

2235 4909 2460 4977 ματικὸν
2487 4907 2644 4978 χρέος
2666 4947 2679 4970 ,
2709 4905 2994 4976 λυθήσεταί
3029 4921 3110 4957 σοι
3151 4904 3250 4972 τῆς
3282 4903 3472 4974 ψυχῆς
3503 4907 3569 4956 τὰ
3593 4899 3768 4969 δεσμά*

2228 5001 2322 5053 ἐὰν
2350 4999 2727 5069 συγχωρήσῃς,
2762 4995 3244 5068 συγχωρηθήσεται
3261 5013 3274 5026 ·
3301 4996 3527 5064 σεαυτῷ
3552 4995 3770 5051 δικάσεις,

2227 5093 2436 5162 σεαυτῷ
2478 5091 2896 5160 νομοθετήσεις,
2961 5091 3025 5159 τῇ
3089 5085 3225 5158 πρὸς
3277 5089 3378 5141 τὸν
3449 5087 3768 5156 ὑποκείμενον

2222 5181 2457 5236 διαθέσει
2503 5183 2601 5252 τὴν
2634 5181 2835 5234 ἄνωθεν
2859 5181 3035 5251 ψῆφον
3067 5181 3158 5232 ἐπὶ
3194 5179 3436 5234 σεαυτοῦ
3466 5182 3660 5250 φέρων.

545 5285 828 5349 oratorio;
861 5283 951 5335 ille
977 5293 1048 5335 on
1078 5282 1260 5336 debita
1291 5281 1590 5340 cruciatur,
1620 5289 1672 5332 et
1699 5286 1756 5331 tu
1787 5277 1992 5331 remitti
2023 5277 2116 5330 tibi
2157 5275 2397 5330 debitmn
2427 5273 2511 5328 vis
2538 5290 2550 5325 :
2593 5275 2838 5328 exaudiri
2871 5273 3048 5326 oratio
3084 5281 3176 5326 tua
3237 5286 3352 5326 non
3382 5283 3588 5342 potest,
3645 5284 3772 5338 supc-

545 5389 630 5430 rat
669 5379 814 5432 enim
851 5393 1022 5433 sonus
1061 5384 1115 5430 et
1150 5378 1413 5446 strepitus
1459 5377 1613 5430 vocis
1650 5375 1770 5444 ejus
1815 5375 1907 5444 qui
1953 5375 2234 5429 cruciatur
2284 5393 2296 5426 :

2353 5374 2398 5428 si
2447 5381 2505 5427 tu
2545 5373 2831 5442 corporale
2865 5369 3104 5428 debitum
3151 5371 3464 5434 dimiseris,
3531 5370 3774 5424 solventur

545 5471 643 5524 tibi
676 5473 871 5524 animae
906 5471 1154 5524 vincula:
1185 5471 1230 5524 si
1267 5469 1692 5531 condonaveris,
1717 5467 2119 5522 condonabitur
2159 5467 2294 5522 tibi:
2333 5467 2452 5537 ipse
2517 5466 2684 5535 judex
2725 5467 2856 5530 eris,
2933 5466 3048 5534 ipse
3090 5465 3190 5520 tibi
3245 5465 3428 5536 legem
3476 5463 3637 5527 feres,
3671 5457 3772 5510 atie-

545 5562 748 5624 ctione,
777 5577 883 5630 qua
917 5569 974 5615 tu
1005 5564 1302 5617 obnoxium
1355 5571 1678 5632 prosccutus
1712 5561 1902 5626 fueris,
1946 5578 2200 5632 superam
2232 5563 2560 5619 sententiam
2589 5577 2686 5632 per
2725 5570 2778 5617 te
2805 5559 3004 5615 ferens.

616 5649 746 5706 Tale
785 5651 1068 5720 quidpiam
1111 5652 1242 5706 mihi
1275 5651 1493 5708 videtur
1525 5651 1788 5708 Dominus
1832 5651 1998 5710 etiam
2059 5652 2114 5707 in

717 5777 736 5808 ν

627 5825 666 5857 ⁶¹
711 5825 870 5882 Prov.
903 5843 968 5880 ξιτ
993 5871 1005 5886 ,
1037 5828 1090 5882 9.
1165 5831 1206 5862 "
1245 5826 1344 5883 Job
1376 5845 1484 5894 xw,
1516 5829 1544 5882 .’t
1579 5829 1724 5888 iuxta
1755 5827 1906 5881 LXX.

2290 5652 2542 5706 Τοιοῦτόν
2565 5652 2616 5706 τί
2649 5669 2737 5724 μοι
2769 5652 2915 5706 δοκεῖ
2945 5653 3036 5705 καὶ
3065 5651 3124 5706 ὲν
3149 5649 3226 5722 τῷ
3257 5645 3442 5722 ἑτέρῳ
3483 5648 3624 5717 λόγῳ
3651 5641 3772 5696 διξὲυ
