4004 6474
243 445 382 500 “89

1210 437 1299 492 DE
1336 433 1691 492 ORATIO-NE
1725 424 2077 485 DOMINICA.
2108 451 2177 462 -—
2212 420 2471 476 ORATIO
2507 419 2572 473 ν.

3360 409 3498 460 “"9

243 581 395 616 σκειν
424 565 452 615 ὁ
483 561 684 634 Κύριος
711 558 1119 632 διηγηματικῶς
1155 558 1215 612 τδ
1245 559 1423 627 δόγμα
1461 554 1620 608 τοῦτο
1645 569 1822 624 παρα-

1945 545 2035 598 ilio
2070 557 2324 596 sermone
2353 541 2571 601 docere,
2604 552 2698 608 per
2725 534 2943 588 modum
2987 525 3319 585 narrationis
3354 527 3498 578 hanc

2297 631 2305 634 ,
2487 630 2519 634 --
2691 626 2728 634 ..
3023 622 3034 634 .
3061 621 3071 632 .
3281 613 3494 634 μιγμμ

236 655 553 740 τιθέμενος,
576 655 704 708 ἔνθα
739 653 988 725 βασιλεύς
1027 653 1107 715 τίς
1133 654 1279 705 ἐστιν
1308 652 1364 703 ὲν
1387 649 1466 719 τῷ
1501 648 1816 717 διηγήματι,

237 750 492 820 φοϐερῶς
531 749 948 820 προκαθήμενος
970 764 982 776 ⁸
1013 749 1107 801 καὶ
1135 748 1260 810 τοὺς
1293 745 1509 808 οἰκέτας
1535 745 1613 806 εἰς
1640 743 1820 813 κρίσιν

237 844 392 910 ἄγων
417 886 429 905 ,
493 843 588 894 καὶ
637 841 745 894 τῶν
789 839 1252 910 οἰκονομηθέντων
1281 840 1409 908 παρ’
1453 837 1678 890 ἑκάστου
1722 833 1821 902 τὴν

238 935 445 1002 γνῶσιν
500 932 792 1004 ἐπιζητῶν.
821 931 1229 1001 Προσαχθέντος
1264 931 1321 983 δέ
1357 947 1499 990 τινος
1551 928 1658 981 τῶν
1697 941 1824 998 χρε-

240 1025 554 1094 ωφειλετῶν
581 1067 596 1090 ,
645 1027 740 1078 καὶ
780 1023 1186 1093 φιλανθρωπίας
1216 1021 1570 1092 τετυχηκότος
1593 1061 1609 1086 ,
1636 1019 1821 1090 ἐπειδὴ

242 1119 574 1191 προσπεσὼν
629 1120 749 1173 ἀντὶ
777 1121 874 1188 τῆς
919 1116 1027 1170 τῶν
1077 1117 1372 1188 χρημάτων
1423 1114 1681 1177 ὲκτίσεως
1725 1113 1822 1184 τὴν

245 1214 397 1283 ίκετη
408 1212 523 1283 ρίαν
551 1211 920 1280 προσήγαγεν,
949 1203 1066 1260 εἶτα
1092 1206 1235 1260 κατά
1261 1205 1354 1262 τοῦ
1389 1205 1674 1276 ὁμοδούλου
1707 1205 1825 1255 ἐπι-

247 1305 454 1375 μετρίῳ
479 1303 748 1372 ὀφλήματι
771 1300 978 1368 πικρῶς
1009 1316 1067 1352 τε
1101 1301 1194 1350 καὶ
1221 1293 1443 1368 ἀπηνῶς
1469 1293 1821 1357 διατεθέντος,

245 1395 600 1466 ὀργιζόμενον
633 1394 853 1462 ἐποίησε
889 1394 955 1462 τῇ
990 1391 1125 1461 πρὸς
1155 1391 1245 1443 τὸν
1276 1388 1558 1459 ὁμόδουλον
1589 1385 1825 1457 ἀπηνεία

245 1490 339 1541 τὸν
374 1487 620 1558 βασιλέαο
663 1487 754 1538 καὶ
791 1484 1090 1556 προσέταξε
1118 1485 1229 1544 τοῖς
1259 1480 1606 1550 βασανισταῖς
1643 1478 1823 1547 πάγχυ

248 1581 414 1634 αὐτὸν
442 1580 539 1648 τῆς
569 1577 660 1631 τοῦ
695 1577 957 1646 βασιλέως
982 1574 1158 1637 οἰκίας
1208 1571 1587 1642 ἀλλοτριῶσαι,
1620 1570 1711 1623 ἐπὶ
1738 1586 1826 1622 το-

251 1674 440 1728 σοῦτόν
465 1690 522 1725 τε
550 1673 868 1742 παρατεῖναι
894 1668 993 1739 τὴν
1027 1666 1264 1729 κόλασιν,
1304 1665 1407 1727 ἓως
1445 1663 1511 1716 ἂν
1543 1661 1640 1731 τὴν
1670 1659 1826 1724 ἀξίαν

250 1765 522 1838 τιμωρίαν
550 1760 1007 1832 ἀναποπληρὼσῃ.
1051 1756 1288 1827 Ἀληθῶς
1339 1753 1447 1826 γὰρ
1479 1752 1652 1807 ὀϐολοί
1685 1751 1827 1813 τινές

252 1864 388 1914 εἰσιν
424 1858 633 1920 ἀτελεῖς
670 1874 727 1909 τε
766 1856 858 1909 καὶ
887 1852 1241 1925 εὐαρίθμητοι
1271 1849 1405 1919 πρὸς
1438 1846 1703 1918 μυριάδας
1733 1861 1828 1897 τα-

251 1953 460 2005 λάντων
511 1947 949 2021 παρατιθέμενοι,
1000 1944 1069 1997 τὰ
1107 1942 1213 1995 τῶν
1263 1938 1505 2008 ἀδελφῶν
1544 1935 1697 2008 ἡμῶν
1751 1935 1828 1996 εἰς

255 2048 403 2117 ἡμᾶς
441 2043 731 2113 ὀφλήματα
779 2037 1060 2109 συγκρίσει
1088 2036 1179 2088 τὸν
1223 2035 1352 2087 Θεὸν
1399 2032 1507 2085 τῶν
1551 2027 1830 2101 ἡμετέρων

255 2135 764 2208 πλημμελημάτων.
829 2130 1008 2200 Ζημία
1070 2128 1286 2189 πάντως
1342 2125 1490 2178 ἐστὶν
1538 2124 1570 2190 ἡ
1623 2120 1832 2188 ὕϐρεως

255 2229 481 2301 ἀφορμὴ
517 2227 668 2296 παρά
698 2242 841 2286 τινος
872 2221 1210 2291 γεγενημένη
1234 2257 1248 2279 ,
1275 2217 1309 2287 ἦ
1340 2215 1553 2269 οἰκέτου
1581 2212 1766 2271 κακία,
1797 2210 1830 2281 ἢ

258 2323 352 2376 καὶ
391 2323 469 2382 εἰς
521 2316 832 2387 σωματικὸν
875 2315 1100 2368 θάνατον
1133 2309 1418 2380 ἐπιϐουλή·
1451 2303 1568 2361 εἶτα
1601 2307 1664 2358 σὺ
1700 2303 1835 2374 πρὸς

258 2416 356 2486 τὴν
392 2415 600 2484 ἄμυναν
634 2410 836 2464 τούτων
872 2411 929 2461 ὲν
963 2407 1236 2476 φλεγμονῇ
1272 2402 1494 2473 καρδίας
1521 2398 1831 2469 ὲξερεθίζῃ,

260 2507 353 2560 καὶ
402 2507 582 2557 πᾶσαν
623 2503 720 2572 τὴν
763 2499 1004 2553 ἐπίνοιαν
1063 2497 1139 2557 εἰς
1192 2494 1289 2564 τὴν
1327 2491 1434 2545 τῶν
1489 2487 1834 2559 προλελυπη-

260 2594 433 2646 κότων
463 2591 732 2662 τιμωρίαν
762 2588 1066 2657 ἀναζητεῖς,
1106 2585 1166 2637 ού
1201 2582 1410 2653 λογίζῃο
1464 2580 1512 2632 εἰ
1560 2579 1656 2648 μὲν
1703 2575 1839 2646 πρὸς

259 2686 478 2754 οἰκέτην
519 2686 557 2746 ,ό
609 2681 777 2750 θυμὸς
810 2677 1164 2748 φλεγμαίνοι⁸
1215 2676 1295 2728 ὅτι
1345 2675 1402 2726 ού
1452 2673 1643 2741 φύσις,
1701 2667 1837 2721 ἀλλά

261 2775 545 2831 δυναστεία
590 2773 723 2843 πρὸς
767 2769 1010 2823 δουλείαν
1060 2785 1118 2820 τε
1156 2768 1249 2820 καὶ
1291 2765 1584 2835 κυριότητα
1638 2759 1698 2813 τὸ
1742 2761 1837 2812 ἀν-

263 2867 535 2939 θρώπινον
584 2864 832 2932 gnto-sv;
875 2859 964 2930 Τῷ
1015 2858 1120 2928 γὰρ
1175 2853 1442 2926 ἀνθρώπῳ
1493 2849 1762 2905 δουλεύειν
1812 2849 1840 2900 ό

262 2958 357 3012 τοῦ
393 2956 592 3018 παντὸς
620 2953 897 3022 οἰκονόμος
925 2950 1022 3019 τὴν
1050 2949 1239 3016 ἄγονον
1267 2945 1426 3014 φύσιν
1453 2944 1617 3014 μόνην
1651 2943 1840 3009 ἐνομο-

265 3047 482 3116 θέτησε,
507 3043 686 3105 καθώς
715 3058 877 3110 φησιν
902 3041 929 3091 ὁ
958 3037 1267 3107 Προφήτης,
1297 3036 1377 3088 ὅτι
1407 3031 1609 3086 Πάντα
1634 3027 1842 3084 ὑπέτα-

266 3141 378 3205 ξας
407 3135 682 3192 ὑποκάτω
705 3133 823 3187 τῶν
843 3122 1042 3184 abeam
1062 3128 1266 3186 αὐτοῦ.
1292 3126 1554 3193 πρόϐατα
1572 3122 1666 3175 καὶ
1686 3121 1842 3184 ,Βόας

266 3233 510 3296 ἁπάσας
533 3269 548 3293 ,
581 3229 678 3281 καὶ
721 3224 794 3278 τὰ
821 3224 1059 3276 πετεινὰ
1092 3219 1187 3274 καί
1231 3219 1300 3272 τὰ
1333 3215 1544 3282 κτήνη,
1576 3212 1674 3269 καὶ
1701 3211 1841 3276 τοὺς

267 3325 500 3395 ὶχθύας.
541 3318 726 3373 Ταῦτά
754 3334 813 3368 τε
846 3316 936 3367 καὶ
963 3312 1124 3366 δοῦλα
1156 3306 1567 3380 προσαγορεύει,
1597 3303 1844 3374 φησάσης

270 3392 497 3484 ἑτέρωθι
511 3411 610 3480 τῆς
626 3402 1205 3480 προφητείαςοδιδόντι
1223 3399 1343 3464 τοῖς
1360 3398 1604 3464 κτήνεσι
1622 3392 1850 3462 τροφὴν

271 3505 492 3561 αὐτῶν.
513 3502 604 3555 καὶ
627 3501 821 3570 χλόην
839 3495 912 3564 τῇ
933 3495 1179 3562 δουλείᾳ
1199 3491 1315 3545 τῶν
1329 3487 1778 3558 ἁνθρώπων.Τὸν
1793 3485 1848 3537 δὲ

273 3598 560 3667 ἄνθρωπον
589 3596 653 3662 τῇ
679 3588 998 3658 αὐτεξουσία
1019 3587 1200 3657 χάριτι
1228 3581 1656 3651 κατεκόσμησεν.
1689 3578 1849 3629 Ὥστε

281 3689 346 3741 τὸ
378 3687 490 3739 ἴσον
517 3685 629 3755 ἔχει
664 3699 746 3735 σοι
772 3679 848 3750 τῷ
875 3679 973 3749 τῆς
1007 3677 1218 3746 φύσεως
1251 3673 1537 3742 ἀξιώματι,
1569 3673 1597 3723 ὁ
1623 3669 1850 3732 ὑπεζευ-

274 3780 475 3850 γμένος
516 3773 771 3844 συνηθείᾳ
797 3772 891 3824 καὶ⁸
921 3770 1090 3840 νόμῳ,
1121 3768 1244 3820 οὕτε
1291 3765 1439 3834 παρά
1487 3762 1578 3815 σοῦ
1604 3761 1848 3830 γέγονεν,

275 3872 402 3928 οὔτε
423 3872 479 3922 ὲν
508 3869 590 3922 σοὶ
611 3868 700 3937 ζῇ,
729 3865 854 3919 οὔτε
868 3861 968 3923 τὰς
985 3856 1299 3930 σωματικάς
1315 3872 1373 3906 τε
1389 3854 1483 3906 καὶ
1511 3853 1606 3915 τὰς
1619 3850 1854 3920 ψυχικὰς

275 3968 379 4038 τῆς
396 3964 570 4034 ψυχῆς
595 3957 871 4030 ἐνεργείας
900 3953 1049 4024 παρά
1079 3950 1171 4004 σοῦ
1188 3947 1369 4003 λαϐὼν
1399 3947 1530 4016 ἔχει.
1561 3945 1626 3997 Τί
1651 3940 1744 3997 οὖν
1775 3959 1857 3994 τοο

281 4059 471 4113 σοῦτον
493 4054 730 4118 ὲπιζέεις
751 4051 868 4104 κατ’
893 4045 1056 4100 αὐτοῦ
1071 4043 1145 4114 τῷ
1160 4041 1337 4112 θυμῷ,
1353 4036 1766 4110 ρᾳθυμήσαντός
1783 4051 1858 4086 τιο

279 4167 391 4214 νος,
414 4148 448 4218 ἢ
473 4145 898 4214 ἀποστήσαντος,
923 4138 1110 4208 ἦτάχα
1133 4131 1534 4202 καταφρόνησιν
1560 4124 1856 4195 ἐνδειξαμέ-

279 4260 376 4297 νου
399 4257 480 4293 σοι
501 4236 642 4290 κατά
664 4233 974 4304 πρόσωπον;
998 4227 1124 4280 Δέον
1141 4225 1274 4296 πρὸς
1292 4223 1480 4276 ἑαυτὸν
1501 4219 1736 4290 βλέπειν,
1750 4211 1859 4279 οἷος

281 4337 349 4389 σὺ
399 4332 627 4400 γέγονας
672 4324 750 4395 τῷ
794 4321 1038 4394 Δεσπότῃ
1065 4317 1141 4388 τῷ
1181 4314 1444 4370 πλάσαντί
1487 4330 1546 4366 σε
1591 4312 1683 4365 καὶ
1721 4325 1860 4380 παρ-

283 4424 547 4494 αγαγόντι
590 4421 678 4474 διὰ.
717 4414 984 4485 γενέσεως
1003 4453 1017 4478 ,
1068 4412 1164 4466 καλ⁸
1193 4407 1444 4462 κοινωνόν
1475 4421 1534 4458 σε
1560 4403 1666 4457 τῶν
1700 4405 1758 4455 ὲν
1782 4399 1861 4471 τῷ

283 4521 477 4589 κόσμῳ
509 4513 800 4583 θαυμάτων
837 4511 1158 4578 ποιήσαντις
1189 4502 1278 4572 Τῷ
1309 4499 1562 4572 προθέντι
1593 4496 1683 4550 τὸν
1712 4495 1862 4565 ἥλιον

284 4615 367 4676 είς
412 4608 730 4668 ἀπόλαυσιν,
779 4604 874 4657 καὶ
921 4601 1096 4660 πάσας
1131 4596 1228 4657 τὰς
1254 4592 1346 4646 τοῦ
1392 4591 1490 4662 ζῇν
1518 4589 1768 4660 ἀφορμὰς
1799 4589 1861 4640 ἐκ

284 4705 395 4759 τῶν
448 4699 723 4770 στοιχείων
772 4691 1146 4766 χαρισαμένῳ,
1193 4689 1257 4740 ἐκ
1289 4686 1390 4755 γῆς
1423 4701 1480 4736 τε
1530 4683 1622 4736 καὶ
1665 4680 1861 4752 πυρὸς,

286 4800 385 4853 καὶ
413 4797 593 4867 ἀέρος,
618 4792 710 4846 καὶ
740 4789 956 4851 ὓδατος
985 4783 1074 4853 Τῷ
1101 4778 1497 4852 παρασχομένῳ
1525 4775 1621 4845 τὴν
1649 4775 1864 4840 διανοη-

285 4891 448 4960 τικὴν
477 4889 655 4959 χάριν,
688 4883 786 4952 τὴν
818 4875 1210 4948 ἀντιληπτικὴν
1242 4871 1511 4940 αἴσθησιν,
1542 4868 1636 4937 τὴν
1661 4867 1867 4934 διακρι.

286 4982 450 5051 τικὴν
474 4976 639 5031 καλοῦ
664 4992 723 5028 τε
752 4973 843 5026 καὶ
868 4970 1108 5042 χείρονος
1135 4964 1470 5034 ἐπιστήμην;
1498 4959 1621 5020 Πῶς
1646 4958 1708 5009 σὺ
1732 4954 1868 5026 πρὸς

287 5073 382 5125 τὸν
435 5068 674 5122 τοιοῦτον
717 5061 991 5130 Δεσπότην
1040 5057 1137 5126 έση
1175 5050 1511 5119 καταπειθὴς
1560 5049 1651 5101 καὶ
1691 5044 1864 5115 ἀπρό-

291 5179 527 5225 σκοπτος
551 5177 565 5224 ;
593 5158 704 5211 Οὐκ
725 5155 965 5221 ἀπέστης
990 5151 1087 5218 τῆς
1109 5145 1422 5205 δεσποτείας
1445 5159 1458 5203 ;
1493 5143 1605 5192 Οὐκ
1639 5135 1868 5208 ἐδραπέο

288 5271 490 5317 τευσας
519 5251 652 5322 πρὸς
693 5248 790 5319 τὴν
819 5243 1122 5315 ἁμαρτίαν;
1156 5239 1269 5292 Οὐκ
1298 5231 1609 5304 ἀντηλλάξω
1637 5230 1733 5299 τὴν
1773 5245 1869 5279 ποι

290 5315 483 5416 νηρὰνῖ
503 5315 857 5399 δεσποτείανς
894 5335 967 5386 Οὐ
999 5331 1060 5384 τό
1087 5347 1149 5398 γε
1184 5328 1275 5381 ἐπὶ
1306 5325 1386 5379 σοὶ
1418 5324 1620 5395 ἔρημον
1647 5319 1742 5389 τὴν
1775 5315 1868 5370 τοῦ

292 5407 568 5491 Δεσπότου
599 5428 885 5489 κατέλιπες
908 5423 1103 5483 οἰκίαν,
1136 5422 1193 5472 ὲν
1286 5415 1516 5486 ἐτάχθης
1545 5407 1872 5483 ἐργάζεσθαι

293 5531 390 5583 καὶ
422 5524 736 5594 φυλάσσειν,
761 5519 952 5572 τούτου
985 5511 1388 5582 ἀποφοίτησας;
1431 5506 1512 5559 Τά
1543 5505 1600 5557 δὲ
1643 5499 1872 5556 καταλε-

291 5591 539 5690 λεγμένα
587 5611 1061 5684 πλημμελήματα,
1093 5605 1191 5674 οὐχ
1229 5602 1335 5654 ὑπὸ
1370 5600 1605 5670 μάρτυρι
1646 5593 1723 5664 τῷ
1755 5591 1874 5661 Θεῷ

291 5710 378 5782 τῷ
409 5705 681 5777 πανταχοῦ
715 5705 850 5769 ὄντι,
884 5703 979 5756 καὶ
1007 5701 1184 5754 πάντα
1213 5693 1498 5766 ἐφορῶντι,
1527 5689 1560 5760 ἢ
1592 5687 1874 5758 πράττεις,

375 5893 420 5923 ⁸³
462 5891 651 5944 Marto.
686 5902 796 5942 \vu

1926 636 2254 691 sententiam
2295 631 2349 685 in
2381 630 2617 684 medium
2650 626 2882 682 aﬂ‘erens
2918 642 2930 678 :
2983 621 3074 676 ubi
3126 634 3220 673 rex
3273 613 3498 684 quidam

1927 728 1983 782 in
2025 726 2342 781 narratione
2373 721 2742 777 introducitur
2771 716 3086 772 terribiliter
3111 726 3208 782 pro
3236 704 3498 762 tribunali

1925 819 2153 883 sedens,
2193 826 2247 870 et
2291 830 2480 870 servos
2515 813 2582 867 ad
2622 810 2888 882 judicium
2941 820 3164 876 cogens,
3209 809 3264 856 et
3307 811 3499 853 eorum

1924 927 2045 980 quae
2104 907 2482 976 unusquisque
2535 903 2978 958 administrasset
3024 897 3395 968 cognitionem
3445 897 3500 945 et

1926 1004 2282 1074 quaastionem
2316 999 2614 1053 instituens
2637 996 2702 1049 ⁸³.
2735 995 2870 1049 Cum
2905 1002 3084 1046 autem
3120 987 3340 1058 quidam
3399 983 3499 1038 de-

1927 1097 2074 1150 bllOl‘
2103 1093 2390 1152 adductus.
2426 1103 2490 1143 ac
2512 1088 2770 1157 quoniam
2803 1085 2869 1139 ad
2898 1096 3073 1154 genua
3095 1080 3351 1134 accidens
3377 1079 3500 1131 loco

1926 1185 2318 1260 persolutionis
2353 1183 2727 1253 pecuniarum,
2763 1177 3060 1246 supplicem
3110 1173 3350 1227 libellum
3399 1170 3500 1224 ob-

1927 1281 2148 1343 tulerat,
2196 1277 2590 1331 humanitatem
2627 1277 2960 1325 consecutus
3009 1273 3175 1327 esset.
3209 1263 3404 1317 deinde
3433 1261 3504 1315 ob

1929 1371 2202 1426 modicum
2233 1368 2477 1423 debitum
2504 1366 2766 1419 adversus
2797 1373 3124 1414 conservum
3149 1355 3347 1410 acerbe
3383 1368 3504 1408 sese

1928 1472 1981 1519 et
2020 1460 2391 1517 inhumaniter
2416 1457 2698 1525 gessisset,
2736 1470 2804 1508 ex
2845 1450 3247 1506 inhumanitate
3312 1445 3505 1498 adver—

1927 1572 2021 1612 sus
2054 1567 2379 1608 conservum
2401 1552 2534 1603 iram
2566 1548 2708 1617 regis
2745 1545 3058 1614 provocavit
3089 1557 3100 1591 :
3127 1539 3220 1609 qui
3248 1538 3505 1608 quaasito-

1929 1646 2080 1700 ribus
2123 1651 2176 1698 et
2240 1641 2538 1697 tortoribus
2598 1634 2857 1707 praecepit
2911 1643 2970 1686 ut
3021 1646 3147 1686 eum
3204 1628 3422 1698 penitus
3475 1641 3506 1677 a

1924 1737 2093 1808 domo
2121 1734 2265 1805 regis
2292 1733 2614 1792 alienarent,
2644 1736 2805 1796 atque
2830 1740 2895 1780 eo
2950 1737 3126 1792 usque
3181 1716 3504 1788 supplicium

1931 1833 2304 1896 prorogarent,
2339 1821 2517 1892 quoad
2553 1819 2775 1873 meritas
2826 1829 3016 1884 pmnas
3073 1810 3336 1866 dedisset.
3368 1806 3504 1861 Nam

1930 1919 2076 1972 oboli
2105 1917 2324 1986 quidem
2354 1929 2546 1968 revera
2583 1911 2717 1965 viles
2738 1919 2792 1964 et
2821 1913 3109 1962 numeratu
3136 1903 3320 1956 faciles
3357 1907 3508 1963 sunt,

1931 2025 2054 2063 cum
2085 2005 2388 2062 innumeris
2420 2001 2639 2056 talentis
2693 1995 3018 2066 comparati,
3055 1992 3346 2045 adversum
3406 2000 3510 2039 nos

1932 2101 2112 2157 debita
2154 2098 2405 2158 fratrum,
2443 2095 2489 2150 si
2520 2109 2644 2147 cum
2679 2089 2886 2145 nostris
2915 2086 3183 2140 adversus
3216 2080 3382 2133 Deum
3416 2077 3512 2129 dc-

1934 2192 2078 2246 lictis
2106 2189 2482 2245 conl‘erantur.
2521 2184 2794 2237 Damnosa
2823 2192 3050 2250 prorsus
3080 2183 3163 2229 est
3187 2173 3269 2226 vel
3297 2170 3512 2238 injuriae

1933 2284 2152 2338 occasio
2173 2283 2248 2335 ab
2279 2281 2464 2348 aliquo
2509 2276 2756 2348 praebita,
2811 2273 2891 2326 vel
2947 2270 3088 2323 servi
3118 2264 3387 2335 nequitia,
3425 2262 3512 2313 Vri

1934 2376 2095 2428 etiam
2126 2373 2338 2428 insidiae
2370 2373 2492 2424 vitae
2525 2366 2798 2437 corporali
2866 2369 3108 2422 structae,
3140 2366 3194 2412 et
3226 2366 3285 2410 tu
3321 2355 3386 2407 ad
3431 2354 3514 2406 ul-

1936 2466 2252 2524 ciscendum
2281 2461 2550 2532 ejusmodi
2595 2454 2939 2513 incommoda
2980 2467 3074 2521 per
3127 2444 3514 2503 inflammatio.

1938 2575 2060 2616 nem
2093 2557 2276 2614 cordis
2316 2551 2633 2608 ascenderis
2694 2558 2748 2603 et
2811 2545 3065 2605 irritaris,
3106 2549 3159 2596 et
3217 2538 3352 2593 nihil
3405 2550 3515 2590 non

1938 2649 2374 2708 comminisceris
2415 2653 2468 2700 et
2498 2643 2799 2711 excogitas,
2842 2653 2951 2707 quo
2996 2631 3281 2688 ulciscaris
3337 2642 3432 2683 eos
3486 2641 3516 2678 a

1939 2743 2140 2812 quibus
2169 2739 2369 2808 injuria
2401 2735 2690 2791 lacessitus
2722 2732 2800 2786 sis
2821 2771 2835 2792 ,
2879 2743 2985 2782 non
3038 2725 3248 2795 cogitas
3283 2721 3370 2790 (si
3424 2718 3518 2772 ad-

1941 2851 2133 2890 versus
2158 2847 2374 2887 servum
2416 2829 2672 2884 nimirum
2718 2827 2792 2878 ita
2833 2817 3148 2884 exarseris)
3202 2813 3348 2885 quod
3406 2825 3516 2864 non

1946 3111 2146 3165 homini
2196 3107 2402 3162 servire
2437 3117 2598 3157 unam
2662 3097 2894 3152 rationis
2929 3101 3205 3162 expertem
3243 3096 3520 3146 naturam,

1951 3215 2131 3254 rerum
2185 3197 2563 3250 universarum
2621 3187 3036 3241 administrator
3089 3181 3204 3247 lege
3237 3174 3524 3230 constituit

1951 3302 2004 3349 et
2025 3291 2228 3351 sanxit,
2260 3287 2319 3342 ut
2347 3285 2523 3354 inquit
2550 3281 2819 3349 Propheta
2849 3293 2861 3327 :
2889 3274 3082 3330 Omnia
3105 3268 3375 3337 subjeciin
3401 3264 3526 3318 sub-

1955 3397 2034 3438 ter
2073 3381 2227 3451 pedes
2257 3379 2392 3448 ejus,
2430 3392 2545 3430 oves
2591 3383 2639 3427 et
2674 3371 2821 3423 boves
2856 3371 3163 3422 universas,
3205 3360 3439 3413 volucres
3473 3363 3524 3409 et

1948 3478 2208 3547 iumenta,
2229 3483 2276 3526 et
2314 3470 2480 3537 pisces
2504 3465 2572 3519 “.
2613 3465 2784 3532 Atque
2853 3459 2964 3511 haec
3003 3455 3171 3509 etiam
3229 3464 3390 3504 serva
3428 3461 3526 3513 ap-

1954 3535 2132 3638 pellat,
2172 3535 2402 3617 eumvin
2471 3556 2578 3609 alio
2635 3555 2757 3607 loco
2810 3549 3081 3618 Propheta
3123 3543 3305 3597 dicat:
3365 3535 3529 3590 Danli

1962 3655 2234 3727 pecoribus
2267 3653 2576 3706 alimentum
2632 3646 2889 3714 ipsorum,
2952 3647 3000 3692 et
3059 3633 3274 3688 herbam
3317 3629 3527 3684 servitio

1954 3749 2223 3801 hominum
2258 3745 2326 3809 ἠς
2363 3741 2637 3812 hominem
2679 3749 2806 3790 vero
2851 3730 3086 3800 propriae
3119 3742 3183 3781 ac
3214 3725 3396 3778 libera!
3431 3736 3529 3772 v0-

1955 3841 2180 3896 luntatis
2206 3836 2376 3907 gratia
2425 3849 2486 3886 ac
2522 3832 2667 3885 dono
2692 3825 2990 3882 decoravit.
3037 3821 3224 3889 itaque
3265 3823 3528 3888 quantum

1955 3931 2025 3985 ad
2049 3903 2258 3984 natura:
2287 3925 2603 3994 dignitatem
2623 3917 2838 3974 attinet,
2859 3910 3104 3981 ejusdem
3135 3916 3314 3960 tecum
3339 3903 3530 3956 condi-

1950 4022 2124 4076 tionis
2153 4021 2199 4075 is
2225 4025 2331 4077 est,
2371 4017 2464 4084 qui
2493 4015 2608 4081 lege
2631 4018 2794 4078 atque
2818 4001 3216 4060 consuetudine
3269 3995 3366 4049 tibi
3399 3994 3531 4048 sub-

1959 4114 2110 4169 ditus
2145 4119 2249 4171 est,
2275 4123 2449 4176 neque
2474 4120 2503 4158 a
2533 4113 2584 4157 te
2615 4102 2793 4155 factus
2818 4105 2921 4157 est,
2950 4108 3126 4162 neque
3158 4105 3252 4159 per
3277 4097 3328 4142 te
3361 4086 3535 4150 vivit;

1958 4221 2137 4275 neque
2171 4200 2419 4270 corporis
2448 4198 2654 4267 pariter
2706 4199 2760 4245 et
2794 4186 2960 4242 animi
3017 4181 3284 4237 efficacias
3331 4177 3429 4231 abs
3481 4183 3538 4228 te

1959 4269 2124 4352 habet
2155 4269 2428 4361 acceptas.
2460 4285 2602 4353 Quid
2635 4283 2801 4352 igitur
2837 4277 3103 4332 adversus
3151 4286 3274 4326 eum
3312 4269 3536 4322 iracun-

1960 4392 2050 4446 dia
2083 4395 2368 4456 tantopere
2411 4377 2747 4439 elfervescis,
2775 4401 2782 4407 -
2809 4373 2854 4428 si
2888 4371 3012 4440 quis
3079 4362 3442 4436 negligentior
3483 4366 3539 4414 et

1962 4453 2272 4538 demissiori
2306 4477 2512 4537 animo,
2570 4478 2664 4525 aut
2703 4466 2967 4537 fugitivus
2999 4460 3182 4520 fuerit,
3215 4456 3298 4510 vel
3359 4453 3538 4524 palam

1893 4588 1936 4641 1)
1967 4574 2218 4631 fortassis
2251 4571 2516 4625 adversus
2539 4575 2588 4619 te
2613 4557 3072 4617 contumaciorem
3106 4566 3165 4606 se
3193 4545 3540 4606 exhibuerit,

1967 4685 2090 4723 cum
2123 4675 2176 4721 te
2207 4667 2385 4734 ipsum
2419 4658 2693 4728 inspicere
2726 4655 3007 4721 oporteat,
3039 4644 3218 4714 qualis
3248 4648 3307 4694 tu
3353 4637 3543 4690 adver-

1965 4775 2059 4815 sus
2092 4730 2380 4811 Dominum
2418 4747 2620 4804 fueris,
2654 4743 2744 4812 qui
2779 4751 2830 4795 te
2885 4735 3158 4796 formavit,
3216 4730 3307 4800 qui
3339 4735 3392 4781 te
3448 4740 3544 4794 per

1966 4852 2306 4909 nativitatem
2344 4841 2625 4915 produxit,
2663 4844 2716 4892 et
2761 4831 3152 4888 miraculorum
3197 4820 3386 4877 mundi
3419 4833 3545 4888 par-

1966 4945 2185 5012 ticipem
2218 4910 2384 5000 fecit;
2432 4935 2526 5004 qui
2575 4931 2742 4985 solem
2787 4925 2853 4979 ad
2901 4922 3193 4977 fruendum
3260 4910 3545 4985 proposuit

1968 5046 2022 5089 et
2059 5049 2125 5088 ex
2157 5029 2444 5087 elementis
2475 5023 2657 5076 omnia
2704 5017 2918 5072 vivendi
2976 5009 3223 5069 subsidia
3291 5001 3542 5074 praabuit,

1969 5142 2032 5182 ex
2077 5135 2242 5181 terra.
2275 5136 2342 5175 ex
2380 5117 2516 5187 igni,
2551 5131 2617 5169 ex
2673 5127 2820 5173 acre,
2856 5117 2908 5160 et
2944 5119 3120 5173 aqua;
3192 5101 3286 5168 qui
3341 5095 3544 5148 donum

1971 5215 2270 5288 cogitandi,
2307 5185 2776 5266 animadvertendi
2807 5195 3259 5264 intelligendique
3285 5185 3545 5257 praebuit;

1973 5278 2070 5381 qui
2104 5302 2542 5379 apprehendendi
2575 5310 2630 5356 et
2672 5292 2999 5353 defendendi
3042 5300 3287 5346 sensum,
3321 5280 3412 5349 qui
3455 5278 3549 5330 bo-

1972 5421 2103 5458 num
2135 5419 2165 5455 a
2199 5399 2342 5453 malo
2374 5391 2718 5450 discernendi
2749 5386 3032 5443 scientiam
3073 5373 3264 5433 dedit?
3290 5371 3382 5442 qui
3432 5367 3547 5422 fieri

1974 5495 2140 5567 igitur
2172 5497 2353 5562 potest
2397 5497 2456 5540 ut
2500 5496 2556 5538 tu
2598 5478 2870 5551 ejusmodi
2912 5471 3143 5528 Domino
3181 5463 3427 5522 obedias,
3495 5466 3551 5511 ut

1975 5604 2098 5645 cum
2134 5601 2242 5641 non
2269 5578 2557 5638 offendas?
2587 5591 2654 5630 an
2687 5588 2794 5627 non
2846 5585 2874 5622 a
2907 5565 3189 5622 dominatu
3231 5553 3554 5613 descivisti?

1978 5697 2046 5736 an
2081 5695 2192 5736 non
2225 5675 2292 5731 ad
2326 5679 2608 5734 peccatum
2639 5660 2975 5743 profugisti?
3009 5674 3075 5712 an
3111 5670 3219 5711 non
3246 5649 3554 5707 improbum

896 5884 942 5915 "
980 5881 1128 5938 Psal.
1159 5894 1255 5934 vni
1279 5915 1294 5932 .
1326 5875 1379 5930 8.
1439 5873 1484 5906 “
1529 5869 1672 5926 Psal.
1706 5879 1902 5923 cxnvnt
1925 5902 1940 5930 ,
1970 5865 2020 5928 8.
