4004 6474
603 387 732 446 “3|

597 599 654 654 in
687 609 740 655 te
776 601 900 663 fuit,
931 601 1207 658 desertam
1241 603 1454 659 Domini
1479 605 1700 660 domum
1731 607 2022 677 reliquisti,
2046 625 2172 668 cum

597 692 690 747 ubi
717 695 1022 750 collocatus
1042 709 1168 751 eras
1190 695 1256 750 ad
1285 697 1622 768 operandum
1645 707 1698 754 et
1727 701 2170 768 custodiendum,

595 785 726 838 inde
751 785 1059 842 discessisti
1085 787 1110 841 ἲ
1139 794 1304 858 atque
1331 799 1652 846 enumerata
1685 793 1906 858 delicta,
1959 809 2028 848 an
2061 809 2172 850 non

599 875 714 932 Deo
746 889 902 942 teste,
944 882 1038 952 qui
1071 882 1275 953 ubique
1307 891 1412 948 est,
1449 895 1501 939 et
1527 887 1711 940 omnia
1777 886 2038 952 intuetur,
2077 895 2172 941 aut

597 973 920 1038 committis,
958 985 1052 1029 aut
1091 975 1250 1038 dicis.
1288 985 1384 1030 aut
1429 979 1640 1050 cogitas
1687 995 1752 1034 ea
1808 995 1930 1049 qua:
1985 980 2171 1034 animo

595 1065 888 1135 concipere
920 1083 1030 1122 non
1073 1071 1332 1139 oportet?
1361 1069 1427 1124 Et
1477 1073 1600 1126 talis
1651 1087 1776 1126 cum
1838 1072 1938 1134 sis,
1972 1079 2028 1125 et
2089 1079 2167 1126 tot

591 1156 914 1214 nominibus
972 1160 1279 1224 obnoxius,
1333 1177 1586 1232 magnum
1639 1163 1846 1232 aliquid
1897 1179 2164 1219 conservo

591 1247 780 1320 largiri
811 1261 864 1308 te
891 1265 1070 1322 putas.
1109 1255 1152 1310 si
1193 1256 1260 1310 ad
1289 1257 1512 1326 aliquod
1544 1257 1662 1326 ejus
1693 1257 1749 1310 in
1797 1263 2159 1326 te.peccatnm

1834 397 1891 454 S.
1917 397 2246 456 GREGOBII
2283 404 2572 462 NYSSENI

597 509 882 562 dominum
913 511 1010 578 pro
1039 511 1184 565 bono
1205 524 1490 581 amplexus
1521 513 1618 568 es?
1647 528 1714 568 an
1746 529 1876 582 non,
1907 524 2154 590 quantun

2277 521 2310 620 η
2343 522 2547 620 λέγεις,
2591 525 2624 594 ἢ
2660 527 2882 620 Ῠφρονεῖς
2925 528 2994 580 τὰ
3047 528 3124 600 μὴ
3167 529 3386 601 δέοντας
3429 533 3544 594 Εἶτα
3579 551 3754 620 τοιοῦτος

3655 437 3750 494 ll-‘ﬂ

2278 613 2378 678 ὣν,
2396 617 2500 718 ,και
2511 619 2791 718 τοσούτοις
2813 620 3116 718 ὑπόχρεως.
3133 623 3288 718 ’μέγα
3313 643 3361 679 τι
3379 627 3458 702 οῐῃ
3472 633 3538 704 τῷ
3551 613 3754 718 ὁμοδοξελῷ

2279 707 2599 808 {epici-260m
2619 753 2636 775 ,
2677 713 2731 766 εἴ
2756 728 2810 764 τι
2837 713 2946 767 τῶν
2978 717 3058 778 εἰς
3097 715 3158 768 σὲ
3189 717 3636 791 πλημμεληθέντων
3659 707 3757 808 mp.

2281 800 2440 900 ibotg;
2487 804 2551 900 Ei
2577 805 2768 900 Viro-tvm
2811 807 3099 876 μέλλοιμεν
3149 811 3435 879 προσάγειν
3475 817 3542 886 τῷ
3572 821 3666 895 Θεῷ
3689 800 3758 900 τὴν

2279 896 2419 968 ὑπὲρ
2449 896 2544 950 τοῦ
2570 897 2752 963 ἐλέους
2773 900 2866 952 καὶ
2888 901 2986 971 τῆς
3010 903 3339 975 συγγνώμης
3365 909 3671 985 παράκλησιν,
3688 896 3761 976 τά.

2269 991 2699 1061 ρασκευάσωμεν
2743 992 2822 1064 τῷ
2865 994 3127 1048 συνειδότι
3173 996 3272 1067 τὴν
3299 1001 3595 1072 παρρησίαν,
3617 1009 3760 1072 ὼςτὸν

2267 1077 2383 1147 βίον
2435 1081 2736 1154 συνήγορον
2781 1085 2883 1154 τῆς
2929 1087 3112 1156 φωνῆς
3157 1089 3360 1158 ταύτης
3401 1097 3759 1166 προστήσασθαι,

2265 1167 2361 1256 καὶ
2411 1169 2589 1222 εἰπεῖν
2635 1171 2870 1244 ἀληθῶς·
2920 1177 3002 1230 ὄτι
3041 1181 3153 1234 Καὶ
3191 1183 3353 1252 ἡμεῖς
3399 1183 3650 1256 ἀφήκαμεν
3685 1194 3762 1254 τοῖς

2263 1255 2571 1324 ὀφεῖλουσιν
2603 1263 2760 1334 ἡμῖν.

588 1355 654 1395 ex
688 1343 854 1398 animi
905 1346 1128 1400 lenitate
1184 1349 1525 1404 conniveas?
1585 1347 1640 1402 Si
1675 1349 1839 1416 igitur
1899 1347 2005 1403 Deo
2071 1361 2170 1416 pro
2211 1347 2592 1405 misericordia
2667 1363 2828 1426 atque
2877 1363 3032 1414 venia
3106 1380 3296 1434 preces
3357 1368 3574 1426 oblaturi
3621 1373 3763 1440 simus,

590 1437 932 1492 conscientia
963 1439 1218 1492 ﬁduciam
1250 1441 1410 1495 nobis
1450 1455 1725 1511 paremus,
1763 1449 1822 1495 ut
1849 1441 2016 1494 vitam
2073 1449 2314 1492 nostram
2348 1442 2670 1500 advocatam
2729 1458 2786 1504 et
2825 1462 3113 1520 patronam
3191 1459 3322 1515 huic
3393 1464 3502 1518 voci
3567 1437 3766 1534 praeﬁcit;

589 1545 734 1590 mus.
771 1537 825 1586 et
851 1547 979 1586 vere
1007 1531 1292 1589 dicamus:
1335 1533 1402 1589 Et
1442 1551 1544 1590 nos
1579 1536 1889 1592 remisimus
1918 1534 2241 1590 debentibus
2269 1535 2448 1592 nobis.

663 1620 768 1678 Sed
801 1621 930 1692 quid
961 1623 1064 1678 sibi
1109 1625 1223 1678 vult
1264 1625 1316 1680 id
1354 1627 1500 1696 quod
1557 1627 1718 1682 modo
1757 1628 1920 1684 dictis
1977 1629 2163 1684 statim

589 1713 864 1783 adjectum
902 1715 1031 1768 est?
1061 1718 1436 1772 necessarium
1475 1719 1732 1774 existimo
1771 1735 1840 1774 ne
1887 1720 1995 1774 hoc
2041 1719 2164 1790 qui-

2341 1632 2408 1686 Τί
2439 1633 2690 1726 βούλεται
2727 1639 2787 1692 τὸ
2821 1642 3017 1726 ἐφεξῆς
3042 1647 3156 1708 τοῖς
3183 1647 3482 1718 εερημένοις
3501 1655 3762 1726 προσκείμε-

2267 1739 2392 1787 νον;
2437 1725 2775 1794 Ἀναγκαίως
2819 1725 2998 1800 οἶμαι,
3051 1734 3186 1804 μηδὲ
3258 1735 3416 1788 τοῦτο
3465 1725 3767 1810 παραδραμεῖν

589 1805 712 1859 dem
775 1805 1052 1874 przeterire
1109 1807 1460 1864 inexcussum
1521 1819 1574 1864 et
1621 1789 2069 1879 inexplieatum,
2107 1819 2154 1864 ul

2267 1789 2601 1888 dOeu’upqrov,
2631 1819 2707 1884 ὡς
2733 1789 2798 1874 αν
2821 1789 3083 1892 εἰδότεςῷ
3113 1789 3766 1902 προσευχόμεθαίᾷυῇτκαι

589 1899 828 1954 scientes
863 1899 1126 1969 quidnam
1155 1917 1398 1966 oremus,
1431 1917 1538 1957 non
1571 1917 1820 1972 corpore,
1852 1902 1948 1958 sed
1979 1903 2161 1956 animo

588 1991 1044 2060 supplicationem
1089 1991 1384 2049 offeramus
1415 2012 1427 2048 :
1473 1993 1555 2048 Ne
1582 2012 1674 2048 nos
1721 1993 1944 2048 inducas
1977 1994 2030 2046 in
2057 2003 2168 2047 ten-

589 2081 862 2144 tationem,
892 2082 980 2135 sed
1012 2081 1180 2134 libera
1218 2098 1312 2136 nos
1355 2101 1388 2136 a
1418 2083 1580 2138 malo.
1622 2083 1904 2150 Quaenam,
1943 2083 2162 2147 fratres,

585 2171 784 2226 borum
825 2173 1116 2226 verborum
1161 2173 1244 2228 vis
1274 2174 1406 2228 est?
1444 2173 1670 2230 Videtur
1705 2175 1839 2229 mihi
1903 2173 2165 2228 Dominus

585 2264 771 2320 multis
795 2279 860 2318 ac
881 2263 1116 2320 diversis
1139 2265 1424 2323 vocabulis
1451 2267 1653 2320 malum
1683 2267 1832 2321 illum
1857 2268 2162 2330 nominare,

585 2357 737 2422 dum,
763 2357 920 2426 juxta
951 2357 1310 2412 diﬁ‘crentiam
1349 2374 1638 2430 pravarum
1669 2359 2078 2416 elﬁcientiarum
2109 2369 2164 2416 et

585 2447 968 2517 improborum
995 2448 1409 2512 exercitiorum,
1443 2450 1632 2504 multis
1669 2450 1984 2506 nominibus
2037 2465 2161 2504 eum

585 2541 845 2609 appellat,
879 2537 1187 2603 Diabolum,
1219 2538 1528 2604 Beelzebul,
1572 2539 1961 2604 Mammonam,
2011 2541 2163 2611 prin-

582 2635 759 2702 cipem
795 2631 1006 2695 mundi,
1033 2631 1381 2694 homicidam,
1415 2633 1749 2702 improbum,
1779 2640 1990 2701 patrem
2015 2648 2164 2686 men-

581 2723 746 2788 dacii,
779 2723 1014 2794 aliisque
1042 2723 1338 2778 similibus.
1377 2723 1630 2779 Forsitan
1662 2725 1828 2796 igitur
1859 2741 2028 2779 unum
2062 2725 2160 2778 ali-

583 2811 730 2883 quod
769 2829 835 2866 ex
879 2815 946 2868 iis
981 2829 1102 2884 qua:
1143 2813 1294 2868 circa
1337 2829 1460 2868 eum
1499 2813 1886 2883 intelliguntur
1925 2812 2160 2866 nomini-

580 2903 686 2958 bus
715 2911 800 2958 est
831 2905 995 2958 etiam
1023 2905 1274 2967 tentatio,
1309 2918 1373 2958 ac
1393 2903 1680 2958 conﬁrmat
1709 2903 1867 2958 nobis
1889 2903 2156 2972 ejusmodi

581 2995 898 3064 opinionem
929 2995 1323 3050 concordantia
1361 3005 1527 3064 atque
1555 2995 1936 3050 convenientia
1977 2994 2155 3048 dicto-

582 3103 726 3142 rum.
763 3088 897 3142 Cum
938 3088 1172 3142 dixisset
1203 3089 1374 3148 enim,
1414 3086 1497 3143 Ne
1519 3087 1741 3142 inducas
1770 3105 1864 3142 nos
1887 3089 1942 3141 in
1982 3095 2150 3142 tenta-

581 3179 776 3233 tionem
797 3195 815 3232 :
840 3179 1148 3248 snbjnnxit,
1169 3177 1407 3233 Liberari
1433 3195 1465 3232 a
1488 3179 1630 3233 malo
1645 3195 1664 3242 ;
1681 3179 1837 3248 quasi
1860 3193 1946 3234 res
1967 3177 2153 3232 eadem

579 3285 676 3340 per
707 3280 1000 3340 utrumque
1036 3286 1234 3325 nomen
1291 3271 1651 3340 signiﬁcetur.
1711 3269 1845 3324 Nam
1891 3270 1934 3324 si
1976 3271 2024 3325 is
2059 3268 2154 3339 qui

581 3379 689 3415 non
735 3363 1019 3432 ingressus
1067 3373 1152 3415 est
1207 3362 1261 3415 in
1315 3364 1671 3417 tentationem
1734 3375 1966 3429 prorsus
1997 3367 2154 3414 extra

577 3453 784 3506 malum
815 3462 940 3518 est,
999 3463 1160 3522 atque
1207 3454 1252 3507 is
1305 3454 1398 3522 qui
1449 3453 1503 3506 in
1561 3453 1916 3507 tcntationem
1963 3449 2156 3504 incidit

580 3541 635 3594 in
705 3541 848 3594 malo
912 3543 1228 3597 necessario
1293 3550 1585 3607 versatur,
1658 3545 1843 3612 utique
1921 3541 2155 3596 tentatio

575 3639 632 3687 ct
708 3633 886 3686 malus
967 3633 1365 3704 signiﬁcatione
1453 3649 1617 3687 unum
1704 3633 1922 3704 quidem
2001 3640 2153 3688 sunt.

575 3723 657 3778 Ad
701 3724 830 3792 quid
877 3724 1045 3794 igitur
1101 3741 1200 3780 nos
1245 3725 1514 3795 ejusmodi
1577 3726 1843 3781 orationis
1901 3725 2154 3781 doctrina

573 3815 871 3870 hortatur?
927 3814 998 3884 Ut
1078 3818 1345 3872 evitemus
1411 3832 1474 3872 ac
1547 3817 1819 3886 lugiamns
1897 3833 1992 3873 eas
2063 3832 2152 3873 res

573 3920 697 3976 qua:
791 3921 887 3976 per
968 3907 1114 3960 hunc
1203 3907 1467 3961 mundum
1550 3918 1902 3976 spectantur,
1967 3921 2154 3975 quem-

573 3996 872 4050 admodum
914 3996 1040 4050 alibi
1078 3995 1212 4050 dicit
1239 3996 1306 4049 ad
1345 3997 1682 4067 discipulos:
1721 3996 1879 4050 Totus
1923 3994 2146 4048 urendus

571 4090 626 4141 in
648 4089 789 4142 malo
809 4089 946 4142 silua
974 4099 1048 4142 est
1069 4088 1137 4142 ⁸⁸.
1167 4087 1308 4158 Ergo
1337 4087 1428 4158 qui
1457 4097 1613 4144 extra
1646 4092 1846 4142 malum
1867 4105 1992 4143 esse
2009 4089 2148 4149 vult,

573 4181 891 4236 necessario
924 4196 1044 4236 sese
1075 4195 1104 4252 a
1137 4180 1342 4234 mundo
1365 4181 1694 4252 segregabit.
1723 4179 1840 4234 Non
1889 4181 2034 4235 enim
2071 4180 2148 4234 lo-

571 4289 696 4328 cum
730 4275 892 4329 habet
919 4251 1149 4329 tentatio
1191 4273 1428 4326 animam
1487 4274 1808 4343 attingendi,
1867 4275 1971 4329 nisi
2028 4281 2148 4327 tan-

569 4381 734 4435 quam
763 4379 945 4420 escam
973 4363 1263 4434 quamdam
1290 4364 1432 4418 hanc
1464 4366 1800 4420 mundanam
1830 4367 2149 4436 occupatio-

2269 1909 2347 1981 μὴ
2395 1911 2606 1982 σώματι
2653 1913 2857 1968 ἱκεσίαν
2901 1919 3266 1987 προσάγωμεν
3355 1919 3448 1988 Μὴ
3491 1922 3770 1994 εἰσενέγκῃς

2265 1999 2430 2070 ἡμᾶς
2482 2005 2568 2070 εἰς
2606 2007 2958 2074 πειρασμόν·
3001 2009 3162 2064 ἀλλὰ
3183 2011 3372 2077 ῥῦσαι
3412 2011 3549 2080 ἡμᾶς
3581 2015 3676 2068 ἀπὸ
3693 2017 3768 2070 τοῦ

2265 2095 2558 2164 πονηροῦ.
2593 2097 2710 2162 Τίς,
2746 2099 2986 2168 ἀδελφοὶ,
3022 2101 3131 2157 τῶν
3181 2104 3481 2174 εἰρημένων
3509 2109 3540 2177 ἡ
3565 2107 3768 2178 δύναμιςς

2267 2189 2426 2242 Δοκεῖ
2467 2206 2558 2259 μοι
2609 2191 2962 2262 πολυτρόπως
3007 2211 3066 2246 τε
3106 2196 3199 2250 καὶ
3243 2197 3512 2270 διαφόρως
3551 2201 3576 2252 6
3617 2201 3770 2271 Κύριος

2263 2278 2356 2331 τὸν
2388 2280 2554 2334 κακὸν
2587 2281 2892 2352 ὀνομάζειν,
2941 2285 3076 2340 κατὰ
3115 2287 3213 2349 τὰς
3249 2289 3360 2340 τῶν
3393 2289 3624 2361 πονηρῶν
3659 2293 3772 2362 ἐνερ-

2263 2372 2428 2438 γειῶν
2463 2373 2723 2444 διαφορὰς
2761 2375 3133 2448 πολυωνύμως
3177 2381 3340 2434 αὑτὸν
3377 2384 3662 2449 ἀποκαλῶν,
3691 2385 3770 2439 διά·

2264 2461 2440 2524 ϐολον,
2472 2463 2819 2529 Βεελζεὸοὺλ,
2849 2468 3197 2538 Μαμμωνὰν,
3221 2471 3455 2543 ἄρχοντα
3483 2474 3570 2528 τοῦ
3594 2475 3769 2545 κόσμω,

2263 2552 2726 2624 ἀνθρωποκτόνον,
2761 2559 3018 2630 πονηρὴν,
3055 2563 3270 2632 πατέρα
3299 2563 3541 2633 ψεύδους,
3569 2565 3650 2618 καὶ
3674 2566 3770 2619 ἄλλα

2261 2642 2506 2700 τοιαῦτα.
2549 2645 2702 2716 Τάχα
2735 2648 2914 2704 τοίνυν
2944 2650 3001 2703 ἓν
3033 2653 3144 2704 τῶν
3171 2655 3297 2725 περὶ
3331 2655 3489 2708 αὑτὸν
3529 2656 3770 2727 νοουμένων

2259 2733 2432 2804 ὄνομα
2487 2737 2538 2790 τί
2595 2739 2712 2793 ἐστι
2759 2741 2853 2794 καὶ
2899 2743 2928 2793 6
2967 2745 3306 2814 πειρασμὸς..
3357 2747 3450 2798 καὶ
3489 2745 3672 2816 βεϐαιοῖ
3703 2745 3770 2816 τὴν

2258 2823 2512 2892 τοιαύτην
2563 2827 2694 2897 ἡμῖν
2738 2829 2991 2884 ὑπόνοιαν
3035 2834 3066 2901 ἡ
3126 2833 3232 2886 τῶν
3279 2835 3578 2906 εἰρημένων
3621 2835 3768 2888 σύστα-

2262 2933 2364 2981 σις.
2417 2917 2600 2971 Εἰπὼν
2671 2920 2802 2990 γὰρ,
2855 2921 2952 2988 Μὴ
2995 2925 3347 2993 εἰσενέγκῃς
3389 2925 3543 2996 ἡμᾶς
3573 2929 3650 2992 εἰς
3681 2941 3771 2979 πει-

2250 3007 2511 3077 ρασμὸν,
2535 3011 2813 3080 ἐπήγαγεν
2841 3013 2901 3066 τὸ
2938 3014 3264 3083 Ῥυσθῆναι
3283 3017 3406 3070 ἀπὸ
3421 3019 3523 3072 τοῦ
3543 3019 3770 3086 πονηροῦ.

2272 3101 2358 3166 Ὠς
2380 3101 2474 3156 τοῦ
2497 3103 2662 3157 αὐτοῦ
2703 3105 2770 3158 δι’
2803 3107 3080 3177 ἑκατέρων
3109 3099 3217 3162 τῶν
3248 3110 3527 3182 ὀνομάτων
3573 3129 3774 3182 σημαινο·

2264 3193 2444 3263 μένου.
2479 3193 2542 3250 El
2573 3195 2681 3268 γὰρ
2719 3198 2747 3248 6
2815 3197 2888 3268 μὴ
2939 3197 3194 3252 εἰσελθὼν
3227 3203 3308 3264 εἰς
3351 3201 3656 3272 πειρασμὸν.
3699 3200 3773 3267 ἔξω

2260 3287 2480 3352 πάντως
2507 3289 2624 3342 ἐστὶ
2653 3289 2746 3344 τοῦ
2780 3290 3038 3362 πονηροῦ·
3068 3293 3162 3346 καὶ
3183 3295 3213 3346 6
3243 3295 3397 3365 ἐντῷ
3421 3295 3689 3366 πειρασμῷ
3709 3311 3775 3361 γε·

2257 3379 2513 3449 νόμενος,
2542 3381 2600 3432 ὲν
2634 3379 2712 3451 τῷ
2748 3383 2968 3452 πονηρῷ
2998 3385 3114 3436 κατ’
3155 3385 3402 3456 ἀνάγκην
3433 3386 3628 3456 γίνεται
3659 3398 3672 3412 ⁸
3701 3385 3772 3455 ἄρα

2256 3471 2284 3522 6
2313 3470 2612 3540 πειρασμός
2635 3487 2694 3524 τε
2721 3472 2816 3524 καὶ
2852 3473 2880 3524 6
2906 3473 3144 3544 πονηρὸς
3169 3473 3229 3527 ἓν
3252 3491 3307 3528 τι
3339 3477 3482 3529 κατᾶ
3513 3477 3605 3547 τὴν
3640 3491 3774 3544 σημα-

2258 3560 2378 3613 σίαν
2400 3560 2535 3614 ἐστι.
2559 3561 2623 3612 Τί
2645 3557 2736 3616 οὖν
2763 3564 2894 3632 ἡμῖν
2915 3564 2948 3633 ἡ
2969 3567 3188 3635 τοιαύτη
3205 3563 3519 3621 διδασκαλία
3543 3566 3633 3636 τῆς
3652 3581 3774 3634 προσ-

2257 3651 2422 3722 ευχῆς
2469 3651 2848 3720 ὲγκελεύεται;
2882 3653 2956 3706 Τὸ
2995 3653 3098 3720 ἐξω
3129 3657 3378 3724 γίνεσθαι
3419 3658 3528 3712 τῶν
3567 3657 3689 3712 κατὰ
3713 3657 3778 3708 τὸν

2255 3745 2460 3816 κόσμον
2501 3744 2690 3798 τοῦτον
2722 3743 3128 3816 θεωρουμένων,
3180 3747 3364 3813 καθώς
3407 3766 3569 3820 φησιν
3599 3745 3776 3818 ἑτέρωθι

2255 3838 2390 3908 πρὸς
2413 3837 2540 3900 τοὺς
2577 3835 2840 3906 μαθητάς·
2878 3836 2960 3890 ὅτι
2998 3837 3182 3901 Ὅλος
3209 3842 3242 3892 ό
3265 3842 3500 3911 κόσμος
3533 3831 3684 3904 ὲνίτῷ
3704 3853 3779 3892 10-

2251 3926 2414 3997 νηρῷ
2441 3927 2646 3981 κεῖται.
2687 3927 2892 3982 Οὐκοῦν
2920 3931 2948 3982 ὁ
2989 3931 3146 3994 ὲκτὺς
3177 3932 3436 4000 γενέσθαι
3473 3932 3563 3986 τοῦ
3587 3926 3778 4001 πονηροῦ

2253 4019 2439 4083 Θέλων,
2482 4017 2541 4084 ἐξ
2590 4021 2834 4090 ἀνάγκης
2884 4021 2978 4074 τοῦ
3021 4022 3226 4092 κόσμου
3279 4023 3476 4078 ἑαυτὸν
3529 4023 3775 4077 ἀποικίσει.

2252 4113 2328 4165 Οὐ
2355 4111 2466 4182 γὰρ
2493 4111 2604 4182 ἔχει
2639 4110 2821 4183 χώραν
2852 4114 2880 4165 6
2904 4112 3208 4184 πειρασμὸς
3236 4113 3339 4184 τῆς
3365 4115 3544 4185 ψυχῆς
3567 4111 3778 4183 ἅψασθαι,

2251 4207 2298 4258 εἰ
2331 4203 2406 4278 μὴ
2435 4203 2688 4276 καθάπερ
2711 4222 2764 4257 τι
2796 4203 2984 4275 δέλεαρ
3017 4206 3115 4274 τὴν
3142 4208 3417 4278 κοσμικὴν
3439 4207 3638 4277 ταύτην
3657 4205 3782 4272 ἀσχο-

2249 4297 2369 4350 λίαν
2407 4297 2486 4368 τῷ
2524 4295 2746 4367 πονηρῷ
2794 4296 3072 4369 ἀγκίστρῳ
3091 4301 3202 4364 τοῖς
3217 4299 3556 4370 λιχνοτέροις
3581 4297 3782 4368 προέτει-

2251 4407 2362 4444 νεν.
2408 4391 2623 4444 Μᾶλλον
2664 4391 2721 4443 δὲ
2767 4390 3092 4461 σαφέστερον
3127 4389 3193 4444 ἂν
3221 4391 3358 4459 ἡμῖν
3377 4390 3448 4444 δι’
3479 4388 3668 4460 ἑτέρων
3683 4386 3780 4438 ὑπι-

549 4473 695 4544 'nem
746 4471 914 4526 pravo
947 4456 1107 4510 hamo
1129 4456 1468 4512 avidioribus
1499 4457 1820 4528 porrigeret.
1863 4457 1978 4512 lino
2019 4475 2146 4513 vero

2253 4481 2556 4552 δειγμάτων
2591 4481 2652 4533 τὸ
2689 4456 2868 4551 νόημα
2905 4456 3134 4548 γένοιτο.
3179 4456 3408 4552 Χαλεπὴ
3461 4456 3701 4538 πολλάκις
3733 4475 3782 4526 ἐκ

570 4555 744 4625 magis
777 4563 964 4624 aperta
1005 4554 1163 4610 nobis
1201 4553 1472 4609 sententia
1503 4570 1600 4624 per
1641 4555 1777 4609 alias
1831 4553 2144 4610 similitudi—

569 4663 668 4700 nos
705 4647 816 4701 ﬁeri
853 4647 1068 4716 poterit.
1113 4645 1325 4700 Saevum
1349 4657 1404 4700 et
1430 4646 1689 4702 infestum
1721 4661 1784 4702 ex
1821 4656 2166 4714 tempestate

569 4749 735 4808 atque
769 4739 1021 4804 procellis
1053 4753 1427 4808 smpenumero
1456 4754 1606 4792 mare
1628 4747 1712 4794 est
1739 4757 1753 4806 ;
1788 4745 1842 4792 at
1875 4755 1984 4792 non
2024 4755 2144 4807 pro-

567 4835 653 4888 cul
679 4833 748 4885 ab
778 4848 844 4886 eo
872 4835 1118 4888 remotis.
1149 4832 1264 4886 Vim
1299 4832 1722 4903 ahsumptricem
1763 4833 1924 4888 habet
1963 4833 2139 4904 ignis,

566 4925 660 4980 sed
703 4923 962 4992 subjectae
992 4927 1250 4979 materiae.
1289 4925 1476 4980 Dirum
1511 4937 1564 4980 et
1601 4935 1757 4981 atrox
1787 4927 1986 4981 bellum
2019 4937 2136 4982 est:

566 5015 660 5070 sed
696 5017 830 5072 solis
871 5017 939 5070 iis
982 5018 1072 5084 qni
1135 5017 1304 5087 praelii
1361 5019 1654 5088 participes
1686 5029 1833 5074 sunt.
1867 5017 2142 5085 Quemad-

565 5107 789 5161 modum
827 5108 992 5178 igitur
1023 5109 1067 5163 is
1096 5110 1188 5178 qni
1212 5107 1552 5165 calamitates
1603 5110 1920 5164 bellicorum
1963 5112 2136 5165 malo-

563 5213 684 5251 rum
723 5195 880 5264 fugit,
924 5206 1180 5267 precatur
1229 5213 1298 5251 ne
1325 5198 1528 5252 incidat
1570 5200 1622 5253 in
1665 5201 1909 5266 bellum;
1957 5209 2010 5255 et
2041 5201 2132 5270 qni

563 5291 742 5360 ignem
773 5290 945 5354 timet,
971 5307 1039 5345 ne
1068 5291 1129 5348 in,
1150 5291 1274 5360 igne
1303 5299 1586 5357 versetur;
1623 5301 1674 5344 et
1695 5293 1785 5361 qui
1834 5307 1982 5346 mare
2007 5293 2134 5347 hor-

561 5381 749 5446 rescit,
789 5397 858 5434 ne
895 5381 1182 5452 navigandi
1237 5384 1540 5438 necessitas
1571 5383 1887 5438 incumbat:
1926 5383 2000 5436 ita
2040 5385 2135 5454 qui

561 5473 690 5526 mali
717 5473 974 5542 impetum
1011 5481 1066 5528 et
1115 5473 1393 5530 incursum
1434 5479 1644 5538 metuit,
1677 5483 1929 5544 precetur
1967 5493 2036 5532 ne
2081 5479 2136 5532 in
2171 5489 2174 5492 '

561 5582 685 5620 eum
716 5564 940 5618 incidat.
977 5565 1244 5631 Quoniam
1277 5577 1480 5628 autem,
1518 5580 1574 5621 ut
1605 5579 1730 5622 ante
1757 5569 2018 5634 diximus,
2079 5572 2134 5625 in

561 5658 708 5710 malo
738 5658 901 5712 situm
934 5673 1056 5712 esse
1098 5659 1358 5712 mundum
1412 5659 1604 5714 Sermo
1642 5659 1812 5722 dicit,
1867 5671 2028 5731 atque
2081 5661 2134 5716 in

633 5829 677 5856 ’π
717 5827 733 5879 l
765 5827 918 5883 Joan.
955 5846 1004 5893 v,
1035 5827 1120 5883 19.

2247 4573 2540 4644 τρικυμίας
2576 4573 2720 4626 ἐστὶν
2758 4575 2791 4642 ή
2827 4572 3090 4628 Θάλασσα·
3121 4572 3234 4626 ἀλλ’
3264 4574 3390 4643 οὐχὶ
3423 4573 3518 4626 καὶ
3547 4573 3650 4632 τοῖς

2251 4664 2421 4737 ῥωθεν
2444 4663 2878 4733 ἀποικιζομένοις
2903 4664 3088 4734 αὐτῆς.
3119 4663 3422 4735 Φθαρτικὸν
3452 4664 3516 4716 τὸ
3535 4661 3657 4731 πῦρ,

2245 4757 2345 4826 τῆς
2371 4758 2748 4824 ὑποπεσούσης
2778 4755 2930 4826 ὕλης.
2971 4755 3150 4817 Δεινὸς
3174 4757 3202 4806 6
3235 4754 3474 4824 πόλεμος
3493 4795 3508 4822 ,
3541 4751 3670 4806 ἀλλὰ
3715 4746 3784 4818 μό-

2247 4865 2358 4912 νοις
2397 4850 2511 4912 τοῖς
2551 4847 2864 4901 κοινωνοῦσι
2900 4847 3000 4917 τῆς
3041 4846 3418 4917 παρατάξεως.
3475 4846 3676 4915 Ὠσπερ
3700 4839 3784 4892 δὲό

2247 4941 2346 5004 τὰς
2381 4940 2662 5012 συμφορὰς
2695 4938 2806 4992 τῶν
2837 4939 2915 4998 ,ὲκ
2960 4936 3054 4992 τοῦ
3086 4938 3320 5008 πολέμου
3363 4935 3588 5006 φεύγων
3613 4929 3783 4988 κακῶν.

2248 5030 2466 5100 εὔχεται
2501 5029 2574 5100 μὴ
2603 5029 2856 5082 ἐκπεσεῖν
2883 5027 3120 5097 πολέμῳο
3149 5028 3243 5080 καὶ
3286 5025 3312 5076 6
3339 5025 3406 5077 τὸ
3436 5023 3550 5095 πῦρ
3575 5017 3786 5076 δεδοικὼς

2185 5163 2192 5170 ι
2245 5123 2307 5177 τὸ
2341 5123 2413 5194 μὴ
2443 5124 2499 5175 ἐν
2535 5121 2683 5192 αὐτῴ
2717 5118 3001 5189 γενέσθαι·
3043 5119 3135 5172 καὶ
3163 5120 3192 5170 ὁ
3219 5118 3462 5188 φρίττων
3501 5115 3596 5186 τὴν
3620 5111 3784 5165 θάλασ-

2244 5231 2363 5274 σαν,
2395 5213 2457 5266 τὸ
2485 5211 2556 5283 μὴ
2587 5213 2666 5274 εἰς
2691 5211 2933 5280 ἀνάγκην
2959 5208 3232 5268 ναυτιλίας
3260 5207 3461 5261 ὲλθείψ
3499 5205 3640 5258 οὕτω
3671 5199 3786 5254 καὶὸ

2243 5306 2334 5358 τοῦ
2359 5303 2592 5375 πονηροῦ
2617 5304 2717 5372 τὴν
2753 5301 3056 5374 προσϐολὴν
3083 5298 3347 5362 δεδοικὼς,
3385 5297 3629 5368 εὐχέσθω
3653 5293 3706 5345 τὺ
3727 5289 3783 5360 μὴ

2245 5397 2302 5448 ὲν
2334 5393 2481 5463 αὐτῷ
2502 5391 2772 5460 γενέσθαι.
2819 5390 3035 5460 Ἐπειδὴ
3064 5389 3140 5449 δὲ,
3170 5387 3346 5450 καθὼς
3381 5387 3782 5458 προειρήκαμεν.

2247 5487 2304 5537 ὲν
2338 5482 2414 5552 τῷ
2445 5480 2666 5552 πονηρῷ
2699 5481 2910 5534 κεῖσθαι
2929 5479 3020 5532 τὸν
3056 5479 3254 5549 κόσμον
3295 5479 3526 5553 ὁ,λὸγος
3551 5473 3782 5546 φησὶν,ἑν

2234 5572 2291 5624 δὲ
2315 5571 2428 5632 τοῖς
2447 5570 2728 5638 κωμικοῖς
2751 5568 3070 5638 πράγμασιν
3088 5570 3142 5620 αἱ
3163 5567 3270 5620 τῶν
3297 5566 3630 5640 πειρασμῶν
3648 5566 3783 5632 deop-

2240 5662 2356 5716 ααὶ·
2393 5660 2572 5724 καλῶς
2597 5659 2690 5716 καὶ
2723 5657 3008 5732 προσηνῶς
3035 5661 3062 5712 ὁ
3089 5659 3344 5732 όυσθῆναι
3379 5659 3496 5714 ἀπὸ
3527 5658 3620 5713 τοῦ
3647 5670 3776 5720 τωνη-
