4004 6506
630 409 768 467 H95

1883 405 1944 463 S.
1982 403 2312 463 GREGORII
2350 403 2641 461 NYSSENI

3660 426 3757 482 H96

631 540 694 580 ac
741 537 1096 596 quaecumque
1141 522 1248 576 alia
1299 529 1560 594 praeterea
1602 522 1810 594 siquis
1859 537 1927 580 ex
1969 523 2189 580 sublimi

2292 521 2500 593 ὑψηλῆς
2563 521 2791 586 σκοπιᾶς
2844 520 2930 575 διὰ
2986 521 3093 576 τῶν
3139 522 3359 577 ἐλπίδων
3397 527 3763 604 ἀποϐλεπόμενον.

631 616 850 686 specula
880 628 974 686 per
1009 625 1161 685 spem
1191 614 1480 686 despiciat,
1513 630 1750 687 superne
1782 615 1854 672 de
1886 625 2074 672 monte
2111 615 2196 670 di-

629 713 739 778 gito
786 715 1121 763 monstrante
1170 705 1367 776 Verbo,
1426 707 1482 762 in
1531 716 1790 779 promptu
1845 716 1932 764 est
1983 707 2194 763 videre.

628 799 896 866 Quoniam
930 797 1097 869 igitur
1127 798 1372 854 ascendit
1398 797 1661 855 Dominus
1696 799 1752 854 in
1782 808 2042 863 montem,
2097 814 2196 854 au-

628 889 845 943 diamus
878 889 1068 942 Isaiam
1120 889 1480 944 clamantem:
1527 887 1724 952 Venite,
1767 889 2111 944 accendamus
2142 890 2198 943 in

627 985 852 1030 montem
883 976 1090 1028 Domini
1110 977 1187 1039 ⁸⁸,
1221 985 1385 1047 atque
1412 979 1625 1035 etiamsi
1650 978 1958 1034 laboramus
1986 994 2050 1033 ex
2073 993 2199 1049 pec-

631 1077 776 1129 calo,
820 1067 1191 1122 confortemus
1214 1075 1268 1123 et
1305 1069 1712 1135 confirmemus,
1741 1069 2197 1140 quemadmodum

628 1157 908 1228 prophetia
958 1157 1281 1227 praescribit,
1339 1174 1537 1216 manus
1573 1159 1862 1232 languidas
1910 1175 1973 1216 ac
2021 1176 2198 1233 genua

627 1248 912 1305 dissoluta.
946 1246 1080 1301 Nam
1117 1248 1164 1305 si
1204 1249 1258 1304 in
1299 1264 1573 1305 summum
1616 1249 1808 1322 jugum
1837 1251 2196 1315 evaserimus,

627 1341 969 1397 inveniemus
1011 1341 1103 1411 qui
1154 1339 1439 1396 medeatur
1480 1342 1628 1396 omni
1677 1344 1890 1409 morbo,
1941 1344 2200 1414 omnique

628 1433 913 1504 languori,
981 1446 1175 1502 nempe
1226 1447 1350 1488 eum
1414 1433 1508 1504 qui
1566 1433 1913 1492 infirmitates
1977 1448 2198 1494 nostras

629 1524 886 1594 suscipit,-
919 1531 972 1577 et
1014 1521 1236 1577 morbos
1287 1529 1468 1592 portat
1489 1523 1554 1576 ⁸⁸.
1611 1522 1878 1589 Quocirca
1915 1539 2200 1582 curramus

628 1618 791 1672 etiam
843 1603 944 1678 ιὼς
991 1613 1058 1669 ad
1100 1628 1412 1677 ascensum,
1443 1621 1503 1667 ut
1534 1629 1658 1669 cum
1702 1614 1842 1671 Isaia
1887 1616 1942 1672 in
1988 1632 2201 1673 summo

625 1707 756 1779 jugo
782 1708 894 1778 spei
924 1706 1206 1761 constituti
1237 1706 1669 1779 contemplemur
1718 1723 1781 1762 ex
1812 1710 2032 1778 specula
2061 1711 2199 1764 bona

631 1799 720 1853 illa
753 1813 875 1868 quae
929 1798 1134 1853 secutis
1179 1797 1236 1852 in
1289 1795 1631 1852 altitudinem
1662 1795 1898 1855 Verbum
1927 1801 2198 1869 ostendit;

2309 611 2526 682 Ἐπειδὴ
2542 608 2636 666 οὖν
2653 612 2927 666 ἀναϐαίνει
2953 612 3031 675 εἰς
3046 613 3105 665 τὺ
3121 613 3241 683 ὅρος
3265 617 3292 667 ὁ
3310 614 3510 687 Κύριοςν
3525 623 3766 698 animum

2307 701 2527 756 Ἡσαΐου
2564 702 2812 772 βοῶντος·
2836 701 3030 767 Δεῦτε,
3052 702 3355 772 ἀναδῶμεν
3381 710 3459 774 εὶς
3483 712 3538 764 τὸ
3563 711 3673 779 ὄρος
3694 720 3768 772 τοῦ

2294 794 2538 862 Κυρίουο
2572 794 2674 848 κᾶν
2714 793 3026 864 ἀσθενῶμεν
3072 793 3131 858 ἐξ
3162 795 3439 865 ἁμαρτίας.
3465 800 3767 874 ἐνισχύσωμεν,

2296 882 2476 948 καθὼς
2497 884 2780 953 ὑφηγεῖται
2802 884 2835 952 ἡ
2857 879 3186 955 προφητεία,
3210 881 3388 956 χεῖρας
3410 891 3690 959 παρειμένας
3705 899 3769 950 ul

2297 974 2498 1042 γόνατα
2527 972 2962 1044 παραλελυμένα.
2997 974 3060 1027 Et
3097 973 3205 1046 γάρ
3241 975 3332 1026 ἐπὶ
3361 975 3448 1028 τοῦ
3481 978 3624 1062 dyon
3645 983 3769 1048 γενοί.

2301 1063 2471 1136 μεθα,
2511 1063 2812 1136 εὑρήσομεν
2839 1064 2932 1118 τδν
2969 1064 3194 1136 ἰώμενον
3225 1067 3399 1120 πᾶσαν
3433 1069 3567 1124 νόσον
3597 1073 3671 1125 καί
3695 1078 3769 1129 πᾶ.

2298 1173 2398 1210 σαν
2453 1155 2738 1228 μαλακίαν,
2775 1155 2864 1210 τὸν
2900 1155 2998 1220 τὰς
3039 1156 3322 1220 ἀσθενείας
3358 1159 3500 1228 ἡμῶν
3536 1162 3771 1234 ἀναλαμϐά-

2297 1266 2492 1315 νοντα,
2542 1250 2636 1304 καὶ
2682 1249 2780 1313 τάς
2826 1249 3015 1311 νόσους
3058 1247 3409 1319 βαστάζοντα.
3462 1250 3638 1304 Οὐκοῦν
3681 1254 3772 1325 δρά-

2301 1357 2488 1412 μωμεν
2513 1341 2606 1394 καὶ
2630 1341 2790 1412 ἡμεῖς
2827 1337 2963 1412 πρὸς
2990 1339 3090 1411 τὴν
3125 1339 3326 1404 ἄνοδον,
3361 1340 3442 1393 ἵνα
3472 1342 3592 1411 μετὰ
3615 1343 3772 1398 Ἡσαΐου

2298 1432 2439 1486 κατά
2471 1435 2571 1504 τὴν
2602 1431 2911 1504 ἀκρώρειαν
2941 1429 3042 1501 τῆς
3067 1431 3281 1495 ὲλπίδος
3323 1431 3601 1502 γενόμενοι,
3633 1434 3772 1505 ἴδωμεν

2298 1525 2361 1578 ὲκ
2394 1526 2676 1596 περιωπῆς
2707 1525 2776 1578 τὰ
2822 1523 3003 1592 ἀγαθά
3041 1524 3259 1587 ἐκεῖνα,
3285 1524 3385 1579 ὅσα
3419 1527 3521 1587 τοῖς
3557 1525 3776 1600 ἀκολουθή-

2301 1633 2454 1670 σασιν
2488 1618 2579 1670 ἐπὶ
2613 1617 2672 1670 τὸ
2701 1615 2833 1686 ὕψος
2854 1617 2882 1669 ό
2909 1615 3078 1685 Λόγος
3108 1615 3394 1671 δείκνυσιν.
3436 1617 3559 1670 Ἀλλ’
3584 1618 3777 1683 ἀωιξὰτω

2302 1711 2396 1763 καὶ
2426 1711 2556 1781 ἡμῖν
2585 1711 2612 1762 ὁ
2636 1707 2766 1771 Θεὸς
2799 1706 2968 1775 Λόγος
2995 1706 3057 1760 τὸ
3091 1706 3278 1777 στόμα,
3322 1707 3413 1760 καὶ
3436 1703 3660 1771 διδαξάτω
3677 1707 3779 1778 ἡμᾶς

2299 1803 2509 1863 ἐκεῖνα.
2552 1795 2628 1854 ὧν
2675 1801 2708 1872 ή
2753 1799 3014 1870 ἀκρόασις
3058 1797 3392 1871 μακαριότης
3430 1799 3582 1853 ἐστίν·
3607 1800 3779 1868 γενέσθω

628 1905 814 1945 verum
865 1887 1030 1944 etiam
1082 1886 1242 1942 nobis
1272 1885 1414 1942 Deus
1457 1884 1693 1942 Verbum
1745 1874 1808 1945 os
1847 1893 2076 1962 aperiat,
2135 1907 2194 1945 ac

2299 1894 2356 1946 δὲ
2399 1892 2558 1964 ἡμῶν
2595 1893 2738 1963 ἀρχὴ
2783 1891 2884 1960 τῆς
2926 1889 3182 1960 θεωρίας.
3221 1891 3254 1961 ή
3286 1889 3391 1943 τῶν
3429 1890 3689 1962 εἰρημένων
3713 1891 3780 1960 τῆς

626 1982 818 2036 doceat
855 1995 957 2035 nos
1002 1995 1066 2036 ea
1110 1994 1340 2051 quorum
1399 1979 1606 2034 auditio
1645 1980 1922 2036 beatitudo
1953 1994 2056 2038 est.
2092 1982 2198 2038 Su-

2303 1984 2648 2046 διδασκαλίας
2670 1983 2833 2052 ἀρχή.

625 2078 806 2124 matur
852 2077 1030 2125 autem
1064 2085 1096 2125 a
1126 2071 1284 2126 nobis
1334 2069 1546 2125 initium
1597 2075 2095 2141 contemplationis,
2136 2082 2192 2130 et
2228 2077 2724 2140 conunentatiouis,
2781 2075 2924 2130 unde
2995 2072 3258 2128 doctrinae
3333 2071 3582 2129 dictorum
3622 2072 3782 2126 initium

627 2165 811 2237 coepit.

696 2257 874 2324 Beati,
913 2253 1110 2326 inquit,
1158 2269 1410 2324 pauperes
1461 2256 1673 2325 spiritu,
1727 2256 1976 2326 quoniam
2015 2273 2195 2311 eorum

625 2357 702 2404 est
732 2362 944 2418 regnum
979 2346 1249 2400 caelorum.
1294 2343 1351 2400 Si
1383 2345 1508 2416 quis
1536 2360 1734 2400 avarus
1763 2344 1970 2400 incidat
2010 2347 2064 2400 in
2112 2357 2195 2400 ta-

627 2440 783 2495 bulas
826 2437 1140 2493 thesaurum
1201 2436 1401 2492 alicubi
1447 2435 1826 2491 absconditum
1867 2436 2192 2499 iudicantes,

626 2532 674 2585 is
703 2537 886 2584 autem
929 2528 1105 2588 locus,
1151 2526 1244 2596 qui
1279 2528 1594 2581 thesaurum
1627 2528 1922 2590 contineat,
1962 2527 2192 2581 multum

625 2621 879 2677 sudorem
939 2626 993 2674 et
1055 2617 1295 2674 laborem
1357 2616 1732 2688 aspirantibus
1796 2616 1864 2670 ad
1918 2632 2012 2672 eas
2063 2632 2194 2687 opes

625 2711 918 2776 ostendat,
971 2710 1218 2780 nunquid
1247 2709 1317 2764 ad
1355 2709 1571 2766 labores
1605 2709 2013 2780 oblanguescet,
2052 2720 2106 2764 et
2140 2709 2196 2762 in

627 2804 780 2858 lucro
810 2802 1102 2872 quaerendo
1132 2801 1317 2872 segnis
1345 2803 1472 2862 erit,
1511 2802 1833 2874 nullumque
1871 2818 1981 2873 pra:
2013 2801 2197 2858 studio

627 2894 865 2948 laborem
914 2908 1129 2948 sumere
1159 2903 1320 2963 atque
1352 2891 1795 2962 defatigationem
1843 2893 2030 2949 subire
2057 2894 2198 2948 divi-

626 2984 717 3039 tiis
747 2983 965 3037 dulcius
1007 2991 1063 3038 et
1095 2983 1395 3052 jucundius
1441 2983 1820 3039 existimabit?
1855 2981 1976 3038 Non
2021 2984 2099 3038 ita
2138 2998 2198 3038 se

627 3089 715 3128 res
745 3073 935 3127 habet:
967 3087 1077 3126 non
1111 3074 1184 3127 ita
1214 3079 1332 3140 est;
1376 3073 1470 3128 sed
1511 3087 1700 3128 omnes
1740 3073 1959 3143 quidem
1997 3073 2064 3128 ad
2095 3074 2198 3127 hoc

625 3163 911 3217 advocabit
941 3163 1179 3231 amicos;
1231 3179 1292 3219 ex
1335 3165 1592 3220 omnibus
1625 3165 1752 3219 item
1805 3165 2074 3236 partibus,
2128 3181 2194 3220 ex

624 3254 824 3321 quibus
878 3253 1098 3323 poterit,
1151 3255 1372 3309 auxiliis
1426 3254 1530 3310 sibi
1581 3255 1900 3318 contractis,
1951 3255 2265 3348 multitu-C

623 3343 750 3401 dine
782 3359 1074 3413 operarum
1109 3359 1242 3414 opes
1273 3345 1398 3401 illas‘
1432 3344 1782 3401 absconditas
1841 3359 1970 3399 suas
2016 3344 2193 3399 factu-

627 3449 719 3487 rus
773 3433 864 3488 sit.
932 3431 1032 3487 Hic
1095 3442 1180 3489 est
1243 3434 1335 3489 ille
1392 3435 1702 3499 thesaurus,
1759 3433 1976 3500 fratres,
2033 3450 2192 3504 quem

624 3525 890 3594 scriptum
922 3524 1146 3587 indicat,
1178 3525 1510 3581 abscondita:
1558 3536 1737 3581 autem
1773 3542 1868 3598 per
1891 3529 2195 3584 obscurita-

622 3626 734 3672 tem
761 3618 964 3672 divitize
991 3627 1139 3672 sunt.
1176 3619 1345 3690 igitur
1375 3635 1476 3674 nos
1501 3635 1717 3690 quoque
1753 3620 1847 3690 qui
1887 3621 2191 3692 incorrupti

623 3709 742 3762 auri
785 3709 967 3778 cupidi
999 3724 1209 3774 sumus,
1251 3725 1474 3780 precum
1509 3711 1667 3782 quasi
1705 3726 1964 3766 manuum
2012 3714 2194 3768 multi-

621 3801 810 3857 tudine
845 3809 1084 3866 utamur,
1141 3809 1201 3859 ut
1245 3801 1447 3857 divitiae
1491 3803 1650 3859 nobis
1702 3804 1981 3874 pateﬁant,
2032 3814 2193 3875 atque

621 3907 811 3946 omnes
849 3906 914 3946 ex
967 3907 1126 3962 aequo
1164 3891 1480 3947 thesaurum
1534 3893 1864 3958 dividamus,
1915 3901 1970 3949 et
2017 3901 2189 3950 totum

619 4000 742 4037 eum
777 3985 1010 4054 quisque
1060 3986 1331 4055 acquirat.
1376 3983 1528 4042 Talis
1570 3988 1715 4041 enim
1753 3986 1950 4042 divisio
1977 3987 2223 4074 virtutisI

617 4084 730 4139 est,
793 4083 853 4129 ut
905 4083 958 4130 et
1010 4076 1066 4130 in
1112 4091 1330 4136 omnes.
1384 4078 1477 4147 qui
1523 4093 1642 4133 eam
1692 4078 2092 4148 amplectuntur
2138 4087 2191 4133 et

619 4162 893 4230 affectant,
933 4164 1228 4230 dividatur,
1260 4173 1316 4220 et
1340 4167 1540 4235 cuique
1583 4166 1728 4222 adsit
1756 4167 2009 4221 universa
2051 4167 2192 4220 inter

619 4255 1032 4325 participantes,
1061 4270 1166 4309 non
1221 4256 1508 4310 diminuta.
1559 4255 1692 4310 Nam
1749 4258 1804 4311 in
1854 4266 2188 4312 terrenarum

619 4347 838 4416 quidem
873 4346 1184 4399 divitiarum
1219 4344 1628 4413 distributione,
1660 4347 1752 4416 qui
1793 4349 1914 4418 plus
1945 4349 2096 4417 justo
2125 4351 2189 4404 ad

618 4456 679 4496 se
715 4439 962 4494 traxerit.
997 4438 1250 4507 injuriam
1299 4439 1425 4492 facit
1462 4439 1543 4494 his
1581 4440 1673 4509 qui
1710 4454 1776 4494 ex
1820 4442 1990 4508 aequis
2023 4443 2190 4511 parti-

630 4531 732 4585 bus
761 4529 895 4583 socii
924 4536 1052 4583 sunt
1100 4527 1269 4596 (socii
1302 4528 1446 4583 enim
1489 4537 1696 4599 partem
1734 4547 1961 4599 prorsus
1997 4534 2190 4587 minuit

2367 2253 2674 2324 Μακάριοι,
2718 2255 2914 2325 φησὶν,
2953 2256 3009 2307 οἱ
3053 2252 3274 2323 πτωχοὶ
3314 2249 3392 2316 τῷ
3429 2243 3782 2316 att-supertth

2297 2345 2498 2401 αὐτῶν
2529 2347 2698 2400 ἐστιν
2726 2347 2765 2414 ὴ
2791 2345 3079 2410 ,βασιλεία
3107 2343 3224 2398 τῶν
3247 2340 3526 2411 οὐρανῶν.
3549 2341 3606 2392 Ei
3625 2355 3689 2400 τις
3711 2336 3782 2389 τῶν

2297 2438 2635 2511 φιλοχρύσων
2687 2438 3007 2509 γράμμασιν
3058 2436 3265 2506 ἐντύχοι
3299 2432 3554 2505 θησαυρὸν
3594 2432 3644 2483 ὲν
3681 2429 3783 2498 τόπῳ

2297 2529 2734 2600 καταμηνύουσιν
2765 2544 2778 2557 ⁶
2814 2531 2842 2581 ό
2875 2527 2931 2579 δὲ
2971 2526 3236 2597 περιέχων
3260 2524 3356 2577 τὸν
3392 2520 3636 2592 θησαυρὸν
3655 2518 3781 2582 τόπος,

2297 2622 2464 2676 πολὺν
2521 2620 2719 2689 ἱδρῶτα
2774 2621 2866 2672 καὶ
2922 2619 3082 2672 πόνον
3124 2613 3462 2668 ὑποδεικνύοι
3511 2614 3608 2674 τοῖς
3655 2608 3784 2662 ἐπιθυ-

2303 2713 2462 2785 μοῦσι
2497 2711 2590 2764 τοῦ
2621 2712 2924 2780 κτήματος·
2952 2703 3062 2779 ἆρα
3089 2705 3546 2779 μαλακισθήσεται
3571 2701 3682 2772 πρὸς
3703 2700 3784 2761 τοὺς

2277 2789 2512 2866 πόνους,
2541 2799 2636 2855 καὶ
2655 2797 3102 2870 καταραθυμήσει
3140 2795 3233 2854 τοῦ
3265 2793 3508 2866 κέρδους,
3534 2792 3616 2845 καὶ
3649 2791 3695 2844 τὸ
3715 2806 3784 2860 μη-

2297 2895 2423 2949 δένα
2451 2893 2694 2964 κάματον
2723 2891 2828 2943 ὑπὸ
2856 2891 2955 2961 τῆς
3001 2889 3236 2960 σπουδῆς
3281 2884 3680 2954 εἰσενέγκασθαι,
3700 2883 3786 2950 γλυ-

2299 2985 2526 3056 κύτερον
2574 2982 2669 3037 τοῦ
2714 2981 2942 3036 πλούτου
2993 2984 3319 3051 ποιήσεται;
3363 2980 3472 3033 Οὐκ
3509 2978 3612 3030 ἐστι
3652 2975 3785 3034 ταῦτα,

2301 3080 2402 3132 οὐκ
2429 3079 2572 3130 ἐστιν
2596 3093 2610 3108 ·
2638 3074 2773 3130 ἀλλά
2793 3074 3003 3137 πάντας
3026 3075 3121 3144 μὲν
3149 3072 3286 3145 πρὸς
3317 3071 3472 3125 τοῦτο
3499 3067 3788 3141 παρακαλέσει
3898 3087 3899 3118 ;

2298 3168 2426 3232 τοὺς
2452 3167 2655 3231 φίλους,
2678 3166 3011 3237 πανταχόθεν
3035 3164 3092 3218 δὲ
3121 3164 3195 3229 ώς
3225 3164 3293 3217 ἂν
3317 3158 3426 3226 οἷός
3451 3180 3510 3214 τε
3599 3161 3679 3229 τὴν
3697 3157 3786 3228 πρὸς

2298 3257 2456 3312 τοῦτο
2513 3257 2762 3330 βοήθειαν
2812 3256 2990 3327 ἑαυτῷ
3043 3255 3366 3327 συναγείρας
3414 3253 3489 3324 τῷ
3528 3251 3691 3322 πλήθει
3724 3249 3789 3316 τῆς
3898 3307 3899 3330 1

2295 3350 2501 3420 χειρὸς,
2528 3350 2656 3404 ἴδιον
2695 3351 2926 3402 ποιεῖται
2963 3348 3054 3401 τὸν
3085 3347 3318 3401 πλοῦτον
3353 3345 3441 3398 τὸν
3468 3343 3786 3416 κεκρυμμένον.

2295 3434 2462 3504 Οὗτος
2514 3440 2718 3501 ἐκεῖνός
2753 3443 2896 3493 ἐστιν
2926 3441 2953 3493 ό
2983 3439 3286 3511 θησαυρὸς,
3322 3438 3561 3507 ἀδελφοὶ,
3585 3436 3636 3489 δν
3675 3449 3791 3486 κατα-

2298 3533 2490 3605 μηνύει
2521 3532 2582 3586 τδ
2614 3524 2874 3605 Ῠράμμασ
2893 3531 3194 3602 κέκρυπται
3217 3530 3274 3583 δὲ
3304 3530 3520 3600 ὑπὸτῆς
3549 3525 3791 3595 ἀσαφείαςό
3898 3527 3899 3564 1

2295 3623 2765 3686 π).οὖτος.οὐκοῦν
2799 3620 3126 3694 χρησώμεθα
3158 3621 3250 3674 καὶ
3278 3622 3441 3692 ἡμεῖς
3467 3621 3512 3672 οἱ
3537 3615 3792 3688 ἐπιθυμηταὶ

2292 3712 2388 3767 τοῦ
2432 3715 2707 3784 ἀκηράτου
2753 3712 3009 3784 χρυσίου,
3039 3714 3104 3783 τῇ
3139 3711 3247 3764 τῶν
3295 3711 3472 3782 εὐχῶν
3519 3706 3790 3777 πολυχειρίᾳ.

2293 3802 2434 3857 ὥστε
2468 3805 2601 3874 ἡμῖν
2633 3805 2713 3866 εἰς
2750 3804 2812 3857 τὸ
2861 3802 3098 3874 ἐμφανὲς
3141 3803 3232 3855 τὸν
3282 3801 3508 3855 πλοῦτον
3540 3796 3794 3863 ὲλθεῖν,ιισὶ

2293 3897 2500 3960 πάντας
2551 3897 2608 3963 ἐξ
2657 3896 2772 3951 [σου
2824 3897 3091 3951 διελέσθαι
3136 3897 3226 3950 τὸν
3279 3897 3579 3967 θησαυρὸν,
3606 3894 3684 3946 καὶ
3714 3890 3793 3942 ὅλον

2295 3988 2521 4043 ἕκαστον
2547 3989 2872 4061 κτήσασθαι.
2907 3989 3140 4060 Τοιαύτη
3179 3989 3286 4059 γὰρ
3315 3989 3416 4059 τῆς
3445 3986 3630 4058 ἀρετῆς
3653 3986 3680 4056 ἡ
3703 3982 3795 4036 διαξ-

2297 4097 2476 4152 ρεσις,
2515 4079 2652 4134 ὥστε
2692 4083 2786 4134 καὶ
2826 4084 2906 4146 εἰς
2956 4083 3164 4144 πάντας
3215 4082 3345 4146 τοὺς
3397 4077 3796 4147 ἀντιποιουμένους

2292 4171 2733 4244 διαμερίζεσθαι,
2785 4173 2880 4227 καὶ
2938 4175 3118 4226 πᾶσαν
3166 4173 3384 4243 ἑκάστῳ
3446 4172 3708 4242 παρεῖναι,
3748 4162 3796 4232 μὴ

2291 4262 2683 4334 ἑλαττουμένην
2723 4266 2779 4318 ὲν
2815 4267 2926 4329 τοῖς
2951 4264 3404 4336 συμμετέχουσιν.
3431 4264 3516 4316 Ἐν
3547 4263 3632 4332 μὲν
3661 4256 3793 4328 rapti

2288 4355 2382 4409 τοῦ
2425 4355 2610 4427 γηῖνου
2643 4354 2872 4410 πλούτου
2905 4356 3132 4428 διανομῇ
3167 4356 3344 4409 ἀδικεῖ
3369 4355 3494 4418 τοὺς
3535 4345 3795 4422 ίσομοιροῦν·

2290 4463 2388 4510 τας
2431 4449 2460 4501 ό
2486 4448 2546 4501 τὸ
2584 4447 2744 4501 πλέον
2777 4449 3275 4520 παρασπασάμενος
3311 4465 3324 4478 ·
3352 4447 3560 4500 ἐλαττοῖ
3585 4444 3676 4514 γὰρ
3702 4439 3795 4491 πᾶν·

2288 4553 2398 4601 τως
2433 4537 2496 4591 τὸ
2524 4537 2690 4610 μέρος
2714 4537 2809 4591 τοῦ
2842 4536 3294 4609 συμμετέχοντος,
3323 4537 3354 4590 ό
3384 4536 3446 4589 τὸ
3484 4531 3660 4588 ἑαυτοῦ
3687 4528 3796 4582 πλεο-

619 4624 664 4677 is
701 4621 792 4691 qui
831 4635 986 4675 suam
1033 4621 1160 4689 plus
1192 4621 1342 4688 justo
1368 4622 1632 4691 auxerit);
1671 4625 1983 4693 spirituales
2010 4635 2186 4683 autem

2296 4629 2465 4693 νάσας
2498 4647 2512 4660 ο
2574 4633 2602 4684 ό
2663 4631 2721 4684 δὲ
2770 4628 3416 4710 πνευματικὸςηῖτλρῦἶος
3463 4628 3523 4681 τδ
3576 4623 3660 4678 τοῦ
3692 4620 3794 4710 ήλίοῖ

617 4713 818 4767 divitiae
873 4712 1014 4766 idem
1079 4711 1286 4765 faciunt
1345 4714 1488 4782 quod
1527 4714 1630 4777 sol,
1690 4716 1781 4784 qui
1836 4722 1887 4770 et
1934 4717 2188 4772 omnibus

618 4803 927 4859 videntibus
966 4819 1024 4858 se
1061 4803 1325 4873 impertit,
1363 4815 1417 4860 et
1451 4812 1600 4860 totus
1632 4807 1929 4877 unicuique
1958 4809 2185 4864 accedit.

617 4894 886 4959 Quoniam
927 4895 1090 4964 igitur
1143 4910 1242 4964 par
1282 4895 1348 4948 ab
1385 4911 1718 4967 unoquoque
1769 4898 1980 4953 lucrum
2011 4915 2077 4955 ex
2109 4901 2189 4954 la-

617 4987 749 5040 bore
797 4994 1074 5055 speratur,
1143 5001 1237 5054 par
1284 4985 1352 5040 ab
1401 4989 1658 5043 omnibus
1706 4988 1963 5046 afl‘eratur
2015 4991 2084 5046 ad
2133 4993 2188 5047 id

614 5075 761 5144 quod
799 5090 830 5129 a
874 5076 1036 5132 nobis
1073 5077 1356 5146 quaeritur,
1408 5094 1628 5148 precqu
1680 5081 2074 5149 adiumentum.
2107 5085 2186 5139 Ac

616 5166 850 5236 primum
883 5167 1104 5236 quidem
1149 5169 1392 5223 omnium
1424 5170 1665 5225 arbitror
1703 5182 1956 5242 oportere
1999 5177 2183 5231 consi-

614 5257 810 5312 derare
837 5258 1011 5328 ipsam
1037 5257 1453 5324 beatitudinem,
1485 5270 1539 5316 et
1569 5261 1870 5335 intelligere
1924 5265 2184 5334 quidnam

613 5349 834 5405 tandem
868 5365 932 5405 ea
969 5349 1064 5404 sit.
1100 5349 1404 5412 Beatitudo.
1468 5359 1527 5404 ut
1577 5367 1692 5408 mea
1741 5353 1959 5423 quidem
2002 5357 2186 5426 opinio

616 5441 742 5503 fert,
801 5441 1218 5512 comprehensio
1269 5441 1514 5511 quaedam
1565 5451 1649 5498 est
1699 5445 1942 5499 omnium
1995 5462 2184 5504 earum

615 5546 797 5586 rerum
823 5548 944 5602 quae
977 5533 1198 5588 nomine
1233 5533 1361 5586 boni
1405 5532 1806 5603 intelliguntur:
1843 5551 1872 5589 a
1910 5553 2017 5607 qua
2048 5539 2185 5595 nihil

616 5622 770 5677 abest
806 5637 993 5678 eorum
1025 5639 1145 5694 qum
1171 5625 1442 5694 pertinent
1471 5623 1537 5677 ad
1564 5623 1828 5680 bonorum
1858 5627 2183 5686 desiderium

684 5800 732 5834 ⁸⁸
772 5800 872 5855 lsa.
913 5817 948 5854 ιι
1146 5803 1189 5832 ⁸⁸
1235 5803 1338 5855 lsa.
1385 5818 1546 5864 xxxv,
1578 5800 1632 5854 4.

2296 4723 2457 4788 ποιεῖ,
2487 4720 2583 4774 καὶ
2613 4707 3235 4792 σῖἄσΐτόῗς-’ξλέπουσιν
3265 4707 3460 4774 ἑαυτὸν
3484 4717 3710 4790 μερίζων,
3735 4707 3796 4763 καὶ

2295 4811 2414 4876 ὅλος
2451 4813 2666 4884 ἑκάστῳ
2707 4814 3158 4884 παραγινόμενος.
3193 4812 3346 4865 Ἐπεὶ
3380 4807 3475 4866 οὖν
3515 4811 3619 4864 ἴσον
3644 4806 3797 4869 ἑκάστῳ

2292 4903 2354 4955 τὸ
2371 4903 2436 4956 έκ
2465 4901 2558 4956 τοῦ
2591 4903 2753 4958 πόνου
2785 4902 2976 4975 κέρδος
2998 4900 3294 4964 ὲλπίζεται,
3312 4902 3404 4972 ἴση
3438 4897 3660 4970 γενέσθω
3684 4896 3795 4947 πᾶσιν

2292 4992 2380 5046 διὰ
2405 4991 2511 5046 τῶν
2544 4993 2717 5064 εύχῶν
2743 4993 2878 5066 πρὸς
2897 4996 2957 5047 τὸ
2974 4991 3302 5064 ζητούμενον
3328 4995 3466 5062 ἡμῖν
3487 4994 3520 5062 ὴ
3555 4988 3795 5057 συνέργεια.

2294 5083 2515 5154 Πρῶτον
2563 5086 2660 5155 μὲν
2687 5081 2780 5140 οὖν
2819 5085 2980 5138 αὐτόν
3016 5101 3157 5154 φημι
3203 5083 3312 5152 ἐγὼ
3338 5084 3454 5138 δεῖν
3497 5082 3582 5136 τὸν
3617 5091 3794 5149 paup...

2291 5175 2557 5245 σμὸν,ὃτί
2585 5176 2714 5230 ποτέ
2742 5178 2911 5244 ἐστιν,
2933 5177 3201 5246 ἐννοῆσαι.
3226 5173 3584 5245 Μακαριότης
3614 5170 3685 5231 τίς
3704 5171 3798 5219 ἐστε.

2288 5265 2431 5320 κατά
2458 5283 2521 5335 γε
2549 5266 2640 5320 τὸν
2666 5267 2795 5338 ὲμδν
2823 5267 2999 5337 λόγον,
3023 5284 3088 5319 πε
3096 5265 3310 5338 ρίληψις
3343 5266 3560 5318 πάντων
3585 5261 3677 5313 τῶν
3703 5257 3798 5308 κατὰ

2285 5359 2347 5412 τὸ
2391 5358 2593 5428 ἀγαθὸν
2630 5358 2964 5431 νοουμένωνο
3003 5354 3072 5432 ἧς
3119 5357 3313 5412 ἀπεστι
3361 5354 3476 5408 τῶν
3519 5355 3594 5415 εἰς
3644 5347 3800 5416 ἀγαθὴν

2288 5447 2582 5518 ἐπιθυμίαν
2614 5450 2853 5520 ἡκόντων
2885 5449 3059 5504 οὐδέν.
3097 5449 3307 5503 Γένοιτο
3334 5446 3381 5499 δ’
3424 5445 3491 5500 ἂν
3517 5444 3638 5514 ἡμῖν
3668 5441 3741 5492 καὶ
3760 5438 3798 5484 ἐκ

2291 5540 2391 5610 τῆς
2418 5539 2513 5594 τοῦ
2559 5542 2801 5596 ἐναντίου
2850 5542 3203 5613 παραθέσεως
3244 5536 3656 5611 γνωριμώτερον
3681 5529 3730 5584 τδ
3761 5529 3800 5577 ὲκ

2291 5633 2383 5687 τοῦ
2423 5635 2774 5708 μακαρισμοῦ
2825 5636 3220 5707 σημαινόμενον
3240 5649 3256 5664 ·
3285 5631 3527 5685 ἐναντίον
3557 5627 3608 5680 δὲ
3729 5635 3800 5690 μα·
