  <div class='ocr_page' id='page_1' title='image "/cluster/home/n/w/nwhite01/storage/ocr_20150623/44/hvd.32044012542270/608.png"; bbox 0 0 4004 6468; ppageno 0'>
   <div class='ocr_carea' id='block_1_1' title="bbox 218 414 360 474">
    <p class='ocr_par' dir='ltr' id='par_1_1' title="bbox 218 414 360 474">
     <span class='ocr_line' id='line_1_1' title="bbox 218 414 360 474; baseline -0.014 -2"><span class='ocrx_word' id='word_1_1' title='bbox 218 420 244 472; x_wconf 65' lang='lat'>!</span> <span class='ocrx_word' id='word_1_2' title='bbox 261 414 360 474; x_wconf 69' lang='grc'><strong>19⁸1</strong></span> 
     </span>
    </p>
   </div>
   <div class='ocr_carea' id='block_1_2' title="bbox 221 614 1792 695">
    <p class='ocr_par' dir='ltr' id='par_1_2' title="bbox 221 614 1792 695">
     <span class='ocr_line' id='line_1_2' title="bbox 221 614 1792 695; baseline -0.01 -16"><span class='ocrx_word' id='word_1_3' title='bbox 221 628 420 695; x_wconf 80' lang='grc' dir='ltr'>πηροῑς</span> <span class='ocrx_word' id='word_1_4' title='bbox 460 642 516 677; x_wconf 87' lang='grc' dir='ltr'><strong>τε</strong></span> <span class='ocrx_word' id='word_1_5' title='bbox 564 624 657 677; x_wconf 76' lang='grc' dir='ltr'>καὶ</span> <span class='ocrx_word' id='word_1_6' title='bbox 689 623 1004 692; x_wconf 78' lang='grc' dir='ltr'>ἀϐουλήτοις</span> <span class='ocrx_word' id='word_1_7' title='bbox 1044 620 1239 673; x_wconf 84' lang='grc' dir='ltr'>πάθεσι</span> <span class='ocrx_word' id='word_1_8' title='bbox 1282 616 1646 686; x_wconf 86' lang='grc' dir='ltr'>ταλαιπωρία.</span> <span class='ocrx_word' id='word_1_9' title='bbox 1677 614 1792 667; x_wconf 87' lang='grc' dir='ltr'><strong>Με-</strong></span> 
     </span>
    </p>
   </div>
   <div class='ocr_carea' id='block_1_3' title="bbox 223 706 1793 789">
    <p class='ocr_par' dir='ltr' id='par_1_3' title="bbox 223 706 1793 789">
     <span class='ocr_line' id='line_1_3' title="bbox 223 706 1793 789; baseline -0.01 -18"><span class='ocrx_word' id='word_1_10' title='bbox 223 718 476 789; x_wconf 81' lang='grc' dir='ltr'>μέρισται</span> <span class='ocrx_word' id='word_1_11' title='bbox 505 717 561 770; x_wconf 81' lang='grc' dir='ltr'>δὲ</span> <span class='ocrx_word' id='word_1_12' title='bbox 612 719 674 770; x_wconf 76' lang='grc' dir='ltr'>ὲκ</span> <span class='ocrx_word' id='word_1_13' title='bbox 722 715 815 769; x_wconf 83' lang='grc' dir='ltr'>τοῦ</span> <span class='ocrx_word' id='word_1_14' title='bbox 851 714 1088 767; x_wconf 79' lang='grc' dir='ltr'><strong>ἐναντίου</strong></span> <span class='ocrx_word' id='word_1_15' title='bbox 1125 714 1158 782; x_wconf 84' lang='grc' dir='ltr'><strong>ἡ</strong></span> <span class='ocrx_word' id='word_1_16' title='bbox 1188 714 1272 781; x_wconf 74' lang='grc' dir='ltr'><strong>ἐφ’</strong></span> <span class='ocrx_word' id='word_1_17' title='bbox 1297 710 1555 779; x_wconf 76' lang='grc' dir='ltr'>ἑκατέρου</span> <span class='ocrx_word' id='word_1_18' title='bbox 1595 706 1702 758; x_wconf 86' lang='grc' dir='ltr'><strong>τῶν</strong></span> <span class='ocrx_word' id='word_1_19' title='bbox 1735 706 1793 756; x_wconf 82' lang='grc' dir='ltr'>ὲν</span> 
     </span>
    </p>
   </div>
   <div class='ocr_carea' id='block_1_4' title="bbox 221 796 1795 879">
    <p class='ocr_par' dir='ltr' id='par_1_4' title="bbox 221 796 1795 879">
     <span class='ocr_line' id='line_1_4' title="bbox 221 796 1795 879; baseline -0.011 -16"><span class='ocrx_word' id='word_1_20' title='bbox 221 812 408 872; x_wconf 79' lang='grc' dir='ltr'>αὐτοῖς</span> <span class='ocrx_word' id='word_1_21' title='bbox 427 806 726 879; x_wconf 82' lang='grc' dir='ltr'><strong>γινομένων</strong></span> <span class='ocrx_word' id='word_1_22' title='bbox 746 805 1001 868; x_wconf 86' lang='grc' dir='ltr'>διάθεσις.</span> <span class='ocrx_word' id='word_1_23' title='bbox 1042 802 1301 873; x_wconf 82' lang='grc' dir='ltr'>’Υπάρχει</span> <span class='ocrx_word' id='word_1_24' title='bbox 1324 799 1431 870; x_wconf 89' lang='grc' dir='ltr'><strong>γάρ</strong></span> <span class='ocrx_word' id='word_1_25' title='bbox 1454 798 1531 867; x_wconf 84' lang='grc' dir='ltr'>τῷ</span> <span class='ocrx_word' id='word_1_26' title='bbox 1564 796 1660 867; x_wconf 80' lang='grc' dir='ltr'>μὲν</span> <span class='ocrx_word' id='word_1_27' title='bbox 1692 810 1795 865; x_wconf 88' lang='grc' dir='ltr'>μα-</span> 
     </span>
    </p>
   </div>
   <div class='ocr_carea' id='block_1_5' title="bbox 223 885 1795 971">
    <p class='ocr_par' dir='ltr' id='par_1_5' title="bbox 223 885 1795 971">
     <span class='ocr_line' id='line_1_5' title="bbox 223 885 1795 971; baseline -0.011 -18"><span class='ocrx_word' id='word_1_28' title='bbox 223 899 570 971; x_wconf 75' lang='grc' dir='ltr'>καριζομένῳ</span> <span class='ocrx_word' id='word_1_29' title='bbox 599 897 662 950; x_wconf 85' lang='grc' dir='ltr'>τὸ</span> <span class='ocrx_word' id='word_1_30' title='bbox 711 893 1090 967; x_wconf 73' lang='grc' dir='ltr'>εὐφραίνεσθαι</span> <span class='ocrx_word' id='word_1_31' title='bbox 1137 895 1249 956; x_wconf 83' lang='grc' dir='ltr'>τοῖς</span> <span class='ocrx_word' id='word_1_32' title='bbox 1299 887 1675 961; x_wconf 78' lang='grc' dir='ltr'><strong>προκειμένοις</strong></span> <span class='ocrx_word' id='word_1_33' title='bbox 1715 885 1795 945; x_wconf 88' lang='grc' dir='ltr'><strong>είς</strong></span> 
     </span>
    </p>
   </div>
   <div class='ocr_carea' id='block_1_6' title="bbox 224 976 1793 1059">
    <p class='ocr_par' dir='ltr' id='par_1_6' title="bbox 224 976 1793 1059">
     <span class='ocr_line' id='line_1_6' title="bbox 224 976 1793 1059; baseline -0.011 -14"><span class='ocrx_word' id='word_1_34' title='bbox 224 992 555 1059; x_wconf 68' lang='grc' dir='ltr'>ἀπόλαυσ.</span> <span class='ocrx_word' id='word_1_35' title='bbox 574 988 722 1059; x_wconf 79' lang='grc' dir='ltr'>αὑτῷ</span> <span class='ocrx_word' id='word_1_36' title='bbox 765 989 858 1041; x_wconf 82' lang='grc' dir='ltr'><strong>καὶ</strong></span> <span class='ocrx_word' id='word_1_37' title='bbox 908 984 1232 1056; x_wconf 84' lang='grc' dir='ltr'>ἀγάλλεσθαι</span> <span class='ocrx_word' id='word_1_38' title='bbox 1261 1000 1274 1014; x_wconf 78' lang='grc'><em>”</em></span> <span class='ocrx_word' id='word_1_39' title='bbox 1314 982 1394 1052; x_wconf 81' lang='grc' dir='ltr'>τῷ</span> <span class='ocrx_word' id='word_1_40' title='bbox 1427 982 1483 1033; x_wconf 82' lang='grc' dir='ltr'>δὲ</span> <span class='ocrx_word' id='word_1_41' title='bbox 1514 976 1793 1040; x_wconf 73' lang='grc' dir='ltr'>ταλανιζο-</span> 
     </span>
    </p>
   </div>
   <div class='ocr_carea' id='block_1_7' title="bbox 227 1067 1791 1154">
    <p class='ocr_par' dir='ltr' id='par_1_7' title="bbox 227 1067 1791 1154">
     <span class='ocr_line' id='line_1_7' title="bbox 227 1067 1791 1154; baseline -0.012 -18"><span class='ocrx_word' id='word_1_42' title='bbox 227 1083 376 1154; x_wconf 83' lang='grc' dir='ltr'>μένῳ</span> <span class='ocrx_word' id='word_1_43' title='bbox 395 1082 455 1135; x_wconf 83' lang='grc' dir='ltr'>τὸ</span> <span class='ocrx_word' id='word_1_44' title='bbox 481 1067 730 1135; x_wconf 40' lang='lat' dir='ltr'><strong>dimicent</strong></span> <span class='ocrx_word' id='word_1_45' title='bbox 749 1083 859 1142; x_wconf 80' lang='grc' dir='ltr'>τοῖς</span> <span class='ocrx_word' id='word_1_46' title='bbox 875 1078 1139 1149; x_wconf 79' lang='grc' dir='ltr'>παροῦσιν</span> <span class='ocrx_word' id='word_1_47' title='bbox 1163 1073 1309 1145; x_wconf 85' lang='grc' dir='ltr'>αὑτῷ</span> <span class='ocrx_word' id='word_1_48' title='bbox 1333 1074 1426 1127; x_wconf 79' lang='grc' dir='ltr'><strong>καὶ</strong></span> <span class='ocrx_word' id='word_1_49' title='bbox 1446 1067 1791 1139; x_wconf 78' lang='grc' dir='ltr'>ἀλγύνεσθαι.</span> 
     </span>
    </p>
   </div>
   <div class='ocr_carea' id='block_1_8' title="bbox 222 1157 1792 1241">
    <p class='ocr_par' dir='ltr' id='par_1_8' title="bbox 222 1157 1792 1241">
     <span class='ocr_line' id='line_1_8' title="bbox 222 1157 1792 1241; baseline -0.01 -18"><span class='ocrx_word' id='word_1_50' title='bbox 222 1173 300 1225; x_wconf 85' lang='grc' dir='ltr'>Τὸ</span> <span class='ocrx_word' id='word_1_51' title='bbox 333 1173 431 1241; x_wconf 84' lang='grc' dir='ltr'>μὲν</span> <span class='ocrx_word' id='word_1_52' title='bbox 462 1165 553 1223; x_wconf 78' lang='grc' dir='ltr'><strong>οὖν</strong></span> <span class='ocrx_word' id='word_1_53' title='bbox 584 1167 916 1239; x_wconf 85' lang='grc' dir='ltr'>μακαριστὸν</span> <span class='ocrx_word' id='word_1_54' title='bbox 948 1165 1179 1236; x_wconf 84' lang='grc' dir='ltr'>ἀληθῶς,</span> <span class='ocrx_word' id='word_1_55' title='bbox 1201 1162 1333 1218; x_wconf 78' lang='grc' dir='ltr'>αὐτὸ</span> <span class='ocrx_word' id='word_1_56' title='bbox 1362 1162 1422 1213; x_wconf 81' lang='grc' dir='ltr'><strong>τὸ</strong></span> <span class='ocrx_word' id='word_1_57' title='bbox 1444 1157 1596 1213; x_wconf 87' lang='grc' dir='ltr'>Θεῖόν</span> <span class='ocrx_word' id='word_1_58' title='bbox 1626 1160 1792 1211; x_wconf 79' lang='grc' dir='ltr'>ἐστιν.</span> 
     </span>
    </p>
   </div>
   <div class='ocr_carea' id='block_1_9' title="bbox 226 1251 1796 1331">
    <p class='ocr_par' dir='ltr' id='par_1_9' title="bbox 226 1251 1796 1331">
     <span class='ocr_line' id='line_1_9' title="bbox 226 1251 1796 1331; baseline -0.008 -15"><span class='ocrx_word' id='word_1_59' title='bbox 226 1266 298 1316; x_wconf 77' lang='lat'><strong>&#39;0</strong></span> <span class='ocrx_word' id='word_1_60' title='bbox 323 1263 376 1315; x_wconf 86' lang='grc' dir='ltr'><strong>τί</strong></span> <span class='ocrx_word' id='word_1_61' title='bbox 421 1278 550 1314; x_wconf 83' lang='grc' dir='ltr'>ποτε</span> <span class='ocrx_word' id='word_1_62' title='bbox 589 1260 696 1331; x_wconf 79' lang='grc' dir='ltr'>γὰρ</span> <span class='ocrx_word' id='word_1_63' title='bbox 725 1260 856 1313; x_wconf 85' lang='grc' dir='ltr'>αὑτὸ</span> <span class='ocrx_word' id='word_1_64' title='bbox 906 1255 1041 1312; x_wconf 76' lang='grc' dir='ltr'>εἶναι</span> <span class='ocrx_word' id='word_1_65' title='bbox 1076 1254 1424 1326; x_wconf 84' lang='grc' dir='ltr'>ὑποθώμεθα.</span> <span class='ocrx_word' id='word_1_66' title='bbox 1460 1251 1796 1323; x_wconf 87' lang='grc' dir='ltr'>μακαριότης</span> 
     </span>
    </p>
   </div>
   <div class='ocr_carea' id='block_1_10' title="bbox 223 1340 1800 1422">
    <p class='ocr_par' dir='ltr' id='par_1_10' title="bbox 223 1340 1800 1422">
     <span class='ocr_line' id='line_1_10' title="bbox 223 1340 1800 1422; baseline -0.01 -15"><span class='ocrx_word' id='word_1_67' title='bbox 223 1356 375 1408; x_wconf 77' lang='grc' dir='ltr'>ἐστὶν</span> <span class='ocrx_word' id='word_1_68' title='bbox 424 1356 457 1422; x_wconf 80' lang='grc' dir='ltr'>ἡ</span> <span class='ocrx_word' id='word_1_69' title='bbox 509 1353 780 1422; x_wconf 79' lang='grc' dir='ltr'><strong>ἀκήρατος</strong></span> <span class='ocrx_word' id='word_1_70' title='bbox 826 1350 1006 1419; x_wconf 80' lang='grc' dir='ltr'>ἐκείνη</span> <span class='ocrx_word' id='word_1_71' title='bbox 1050 1346 1183 1419; x_wconf 79' lang='grc' dir='ltr'>ζωὴ,</span> <span class='ocrx_word' id='word_1_72' title='bbox 1232 1346 1293 1399; x_wconf 80' lang='grc' dir='ltr'><strong>τὸ</strong></span> <span class='ocrx_word' id='word_1_73' title='bbox 1340 1345 1574 1416; x_wconf 78' lang='grc' dir='ltr'>ἀρῤητόν</span> <span class='ocrx_word' id='word_1_74' title='bbox 1613 1359 1673 1394; x_wconf 88' lang='grc' dir='ltr'><strong>τε</strong></span> <span class='ocrx_word' id='word_1_75' title='bbox 1707 1340 1800 1393; x_wconf 79' lang='grc' dir='ltr'><strong>καὶ</strong></span> 
     </span>
    </p>
   </div>
   <div class='ocr_carea' id='block_1_11' title="bbox 224 1433 1800 1515">
    <p class='ocr_par' dir='ltr' id='par_1_11' title="bbox 224 1433 1800 1515">
     <span class='ocr_line' id='line_1_11' title="bbox 224 1433 1800 1515; baseline -0.011 -14"><span class='ocrx_word' id='word_1_76' title='bbox 224 1445 596 1515; x_wconf 81' lang='grc' dir='ltr'>ἀκατανόητον</span> <span class='ocrx_word' id='word_1_77' title='bbox 631 1442 855 1511; x_wconf 85' lang='grc' dir='ltr'>ἀγαθὸν,</span> <span class='ocrx_word' id='word_1_78' title='bbox 878 1442 938 1494; x_wconf 85' lang='grc' dir='ltr'><strong>τὸ</strong></span> <span class='ocrx_word' id='word_1_79' title='bbox 966 1440 1337 1510; x_wconf 83' lang='grc' dir='ltr'>ἀνέκφραστον</span> <span class='ocrx_word' id='word_1_80' title='bbox 1357 1436 1566 1497; x_wconf 84' lang='grc' dir='ltr'>κάλλος,</span> <span class='ocrx_word' id='word_1_81' title='bbox 1588 1436 1621 1503; x_wconf 83' lang='grc' dir='ltr'>ἡ</span> <span class='ocrx_word' id='word_1_82' title='bbox 1649 1433 1800 1487; x_wconf 79' lang='grc' dir='ltr'>αύτο-</span> 
     </span>
    </p>
   </div>
   <div class='ocr_carea' id='block_1_12' title="bbox 224 1527 1793 1611">
    <p class='ocr_par' dir='ltr' id='par_1_12' title="bbox 224 1527 1793 1611">
     <span class='ocr_line' id='line_1_12' title="bbox 224 1527 1793 1611; baseline -0.025 2"><span class='ocrx_word' id='word_1_83' title='bbox 224 1540 411 1611; x_wconf 73' lang='grc' dir='ltr'>χάρις,</span> <span class='ocrx_word' id='word_1_84' title='bbox 445 1538 537 1590; x_wconf 81' lang='grc' dir='ltr'><strong>καὶ</strong></span> <span class='ocrx_word' id='word_1_85' title='bbox 572 1536 764 1605; x_wconf 83' lang='grc' dir='ltr'>σοφία,</span> <span class='ocrx_word' id='word_1_86' title='bbox 797 1536 889 1588; x_wconf 77' lang='grc' dir='ltr'><strong>καὶ</strong></span> <span class='ocrx_word' id='word_1_87' title='bbox 939 1534 1200 1603; x_wconf 87' lang='grc' dir='ltr'>δύναμις·</span> <span class='ocrx_word' id='word_1_88' title='bbox 1230 1533 1291 1585; x_wconf 84' lang='grc' dir='ltr'><strong>τὸ</strong></span> <span class='ocrx_word' id='word_1_89' title='bbox 1345 1529 1595 1600; x_wconf 82' lang='grc' dir='ltr'>ἀληθινὸν</span> <span class='ocrx_word' id='word_1_90' title='bbox 1645 1527 1793 1597; x_wconf 48' lang='grc' dir='ltr'>φῶς)</span> 
     </span>
    </p>
   </div>
   <div class='ocr_carea' id='block_1_13' title="bbox 225 1617 1802 1699">
    <p class='ocr_par' dir='ltr' id='par_1_13' title="bbox 225 1617 1802 1699">
     <span class='ocr_line' id='line_1_13' title="bbox 225 1617 1802 1699; baseline -0.014 -10"><span class='ocrx_word' id='word_1_91' title='bbox 225 1631 261 1699; x_wconf 78' lang='grc' dir='ltr'>ἡ</span> <span class='ocrx_word' id='word_1_92' title='bbox 293 1628 447 1698; x_wconf 86' lang='grc' dir='ltr'>πηγὴ</span> <span class='ocrx_word' id='word_1_93' title='bbox 496 1628 675 1696; x_wconf 84' lang='grc' dir='ltr'>πάσης</span> <span class='ocrx_word' id='word_1_94' title='bbox 703 1625 1031 1694; x_wconf 83' lang='grc' dir='ltr'>ἀγαθότητος</span> <span class='ocrx_word' id='word_1_95' title='bbox 1053 1641 1067 1654; x_wconf 71' lang='grc' dir='ltr'><strong>υ</strong></span> <span class='ocrx_word' id='word_1_96' title='bbox 1092 1624 1124 1693; x_wconf 82' lang='grc' dir='ltr'>ἡ</span> <span class='ocrx_word' id='word_1_97' title='bbox 1149 1620 1513 1692; x_wconf 80' lang='grc' dir='ltr'>ὑπερκειμένη</span> <span class='ocrx_word' id='word_1_98' title='bbox 1543 1617 1634 1671; x_wconf 76' lang='grc' dir='ltr'><strong>τοῦ</strong></span> <span class='ocrx_word' id='word_1_99' title='bbox 1667 1633 1802 1669; x_wconf 88' lang='grc' dir='ltr'>παν-</span> 
     </span>
    </p>
   </div>
   <div class='ocr_carea' id='block_1_14' title="bbox 220 1709 1795 1789">
    <p class='ocr_par' dir='ltr' id='par_1_14' title="bbox 220 1709 1795 1789">
     <span class='ocr_line' id='line_1_14' title="bbox 220 1709 1795 1789; baseline -0.01 -13"><span class='ocrx_word' id='word_1_100' title='bbox 220 1723 321 1785; x_wconf 64' lang='grc' dir='ltr'>τὸς</span> <span class='ocrx_word' id='word_1_101' title='bbox 343 1720 561 1785; x_wconf 72' lang='grc' dir='ltr'>ἐξουσία</span> <span class='ocrx_word' id='word_1_102' title='bbox 586 1736 600 1750; x_wconf 78' lang='lat'><strong><em>°</em></strong></span> <span class='ocrx_word' id='word_1_103' title='bbox 618 1718 680 1772; x_wconf 86' lang='grc' dir='ltr'><strong>τὸ</strong></span> <span class='ocrx_word' id='word_1_104' title='bbox 704 1719 860 1787; x_wconf 86' lang='grc' dir='ltr'>μόνον</span> <span class='ocrx_word' id='word_1_105' title='bbox 887 1717 1168 1789; x_wconf 78' lang='grc' dir='ltr'>ἐράσμιον,</span> <span class='ocrx_word' id='word_1_106' title='bbox 1195 1715 1254 1767; x_wconf 81' lang='grc' dir='ltr'>τὸ</span> <span class='ocrx_word' id='word_1_107' title='bbox 1276 1714 1360 1766; x_wconf 79' lang='grc' dir='ltr'><strong>ἀεὶ</strong></span> <span class='ocrx_word' id='word_1_108' title='bbox 1377 1711 1635 1774; x_wconf 84' lang='grc' dir='ltr'>ὡσαύτως</span> <span class='ocrx_word' id='word_1_109' title='bbox 1654 1709 1795 1780; x_wconf 78' lang='grc' dir='ltr'>ἕχον,</span> 
     </span>
    </p>
   </div>
   <div class='ocr_carea' id='block_1_15' title="bbox 224 1794 1801 1879">
    <p class='ocr_par' dir='ltr' id='par_1_15' title="bbox 224 1794 1801 1879">
     <span class='ocr_line' id='line_1_15' title="bbox 224 1794 1801 1879; baseline -0.006 -18"><span class='ocrx_word' id='word_1_110' title='bbox 224 1811 289 1862; x_wconf 80' lang='grc' dir='ltr'><strong>τὸ</strong></span> <span class='ocrx_word' id='word_1_111' title='bbox 328 1808 572 1879; x_wconf 82' lang='grc' dir='ltr'>διηνεκὲς</span> <span class='ocrx_word' id='word_1_112' title='bbox 600 1806 908 1876; x_wconf 89' lang='grc' dir='ltr'>ἀγαλλίαμα</span> <span class='ocrx_word' id='word_1_113' title='bbox 930 1819 945 1834; x_wconf 80' lang='lat'><strong>&#39;</strong></span> <span class='ocrx_word' id='word_1_114' title='bbox 966 1806 1000 1873; x_wconf 84' lang='grc' dir='ltr'><strong>ἡ</strong></span> <span class='ocrx_word' id='word_1_115' title='bbox 1039 1803 1203 1866; x_wconf 81' lang='grc' dir='ltr'>ἀΐδιος</span> <span class='ocrx_word' id='word_1_116' title='bbox 1224 1802 1526 1871; x_wconf 80' lang='grc' dir='ltr'>εὐφροσύνη</span> <span class='ocrx_word' id='word_1_117' title='bbox 1544 1819 1559 1833; x_wconf 77' lang='grc' dir='ltr'><strong><em>ο</em></strong></span> <span class='ocrx_word' id='word_1_118' title='bbox 1585 1800 1709 1871; x_wconf 87' lang='grc' dir='ltr'><strong>περί</strong></span> <span class='ocrx_word' id='word_1_119' title='bbox 1731 1794 1801 1869; x_wconf 83' lang='grc' dir='ltr'>ἧς</span> 
     </span>
    </p>
   </div>
   <div class='ocr_carea' id='block_1_16' title="bbox 228 1890 1799 1964">
    <p class='ocr_par' dir='ltr' id='par_1_16' title="bbox 228 1890 1799 1964">
     <span class='ocr_line' id='line_1_16' title="bbox 228 1890 1799 1964; baseline -0.006 -12"><span class='ocrx_word' id='word_1_120' title='bbox 228 1902 413 1954; x_wconf 84' lang='grc' dir='ltr'>πάντα</span> <span class='ocrx_word' id='word_1_121' title='bbox 448 1916 531 1962; x_wconf 88' lang='grc' dir='ltr'><strong>τις</strong></span> <span class='ocrx_word' id='word_1_122' title='bbox 562 1898 597 1953; x_wconf 82' lang='grc' dir='ltr'><strong>δι</strong></span> <span class='ocrx_word' id='word_1_123' title='bbox 646 1896 869 1951; x_wconf 84' lang='grc' dir='ltr'>δύναται</span> <span class='ocrx_word' id='word_1_124' title='bbox 898 1896 1074 1964; x_wconf 82' lang='grc' dir='ltr'>λέγων</span> <span class='ocrx_word' id='word_1_125' title='bbox 1096 1934 1111 1959; x_wconf 95' lang='grc'><strong>,</strong></span> <span class='ocrx_word' id='word_1_126' title='bbox 1141 1894 1288 1962; x_wconf 78' lang='grc' dir='ltr'>λέγει</span> <span class='ocrx_word' id='word_1_127' title='bbox 1336 1893 1445 1945; x_wconf 84' lang='grc' dir='ltr'><strong>τῶν</strong></span> <span class='ocrx_word' id='word_1_128' title='bbox 1493 1892 1610 1945; x_wconf 78' lang='grc' dir='ltr'>κατ’</span> <span class='ocrx_word' id='word_1_129' title='bbox 1643 1890 1799 1954; x_wconf 77' lang='grc' dir='ltr'>ἀξίαν</span> 
     </span>
    </p>
   </div>
   <div class='ocr_carea' id='block_1_17' title="bbox 126 1980 1802 2071">
    <p class='ocr_par' dir='ltr' id='par_1_17' title="bbox 126 1980 1802 2071">
     <span class='ocr_line' id='line_1_17' title="bbox 126 1980 1802 2071; baseline -0.008 -26"><span class='ocrx_word' id='word_1_130' title='bbox 126 2008 131 2013; x_wconf 69' lang='lat'>‘</span> <span class='ocrx_word' id='word_1_131' title='bbox 228 1992 405 2046; x_wconf 77' lang='grc' dir='ltr'>οὐδέν.</span> <span class='ocrx_word' id='word_1_132' title='bbox 439 1988 576 2042; x_wconf 79' lang='grc' dir='ltr'>Οῠτε</span> <span class='ocrx_word' id='word_1_133' title='bbox 627 1988 736 2071; x_wconf 78' lang='grc' dir='ltr'><strong>γὰρ</strong></span> <span class='ocrx_word' id='word_1_134' title='bbox 772 1990 805 2059; x_wconf 80' lang='grc' dir='ltr'>ἡ</span> <span class='ocrx_word' id='word_1_135' title='bbox 848 1986 1053 2041; x_wconf 79' lang='grc' dir='ltr'>διάνοια</span> <span class='ocrx_word' id='word_1_136' title='bbox 1100 1984 1432 2037; x_wconf 80' lang='grc' dir='ltr'>καθικνεῖται</span> <span class='ocrx_word' id='word_1_137' title='bbox 1469 1981 1563 2035; x_wconf 79' lang='grc' dir='ltr'>τοῦ</span> <span class='ocrx_word' id='word_1_138' title='bbox 1610 1980 1762 2044; x_wconf 75' lang='grc' dir='ltr'>ὄντος</span> <span class='ocrx_word' id='word_1_139' title='bbox 1787 2018 1802 2043; x_wconf 91' lang='grc'><strong>,</strong></span> 
     </span>
    </p>
   </div>
   <div class='ocr_carea' id='block_1_18' title="bbox 229 2074 1807 2153">
    <p class='ocr_par' dir='ltr' id='par_1_18' title="bbox 229 2074 1807 2153">
     <span class='ocr_line' id='line_1_18' title="bbox 229 2074 1807 2153; baseline -0.009 -16"><span class='ocrx_word' id='word_1_140' title='bbox 229 2084 338 2137; x_wconf 74' lang='grc' dir='ltr'>κᾶν</span> <span class='ocrx_word' id='word_1_141' title='bbox 373 2100 426 2136; x_wconf 87' lang='grc' dir='ltr'><strong>τι</strong></span> <span class='ocrx_word' id='word_1_142' title='bbox 460 2080 586 2153; x_wconf 82' lang='grc' dir='ltr'>περὶ</span> <span class='ocrx_word' id='word_1_143' title='bbox 619 2079 781 2134; x_wconf 81' lang='grc' dir='ltr'>αὑτοῦ</span> <span class='ocrx_word' id='word_1_144' title='bbox 806 2078 913 2133; x_wconf 84' lang='grc' dir='ltr'><strong>τῶν</strong></span> <span class='ocrx_word' id='word_1_145' title='bbox 946 2075 1289 2149; x_wconf 73' lang='grc' dir='ltr'>ὑψηλοτέρων</span> <span class='ocrx_word' id='word_1_146' title='bbox 1327 2076 1513 2143; x_wconf 79' lang='grc' dir='ltr'>νοῆσαι</span> <span class='ocrx_word' id='word_1_147' title='bbox 1549 2074 1807 2143; x_wconf 84' lang='grc' dir='ltr'>χωρήσω-</span> 
     </span>
    </p>
   </div>
   <div class='ocr_carea' id='block_1_19' title="bbox 235 2160 1808 2245">
    <p class='ocr_par' dir='ltr' id='par_1_19' title="bbox 235 2160 1808 2245">
     <span class='ocr_line' id='line_1_19' title="bbox 235 2160 1808 2245; baseline -0.01 -18"><span class='ocrx_word' id='word_1_148' title='bbox 235 2192 358 2245; x_wconf 82' lang='grc' dir='ltr'>μεν,</span> <span class='ocrx_word' id='word_1_149' title='bbox 396 2173 569 2226; x_wconf 80' lang='grc' dir='ltr'>οὐδενὶ</span> <span class='ocrx_word' id='word_1_150' title='bbox 600 2171 743 2241; x_wconf 85' lang='grc' dir='ltr'>λόγῳ</span> <span class='ocrx_word' id='word_1_151' title='bbox 769 2169 829 2222; x_wconf 83' lang='grc' dir='ltr'><strong>τὸ</strong></span> <span class='ocrx_word' id='word_1_152' title='bbox 856 2168 1047 2240; x_wconf 81' lang='grc' dir='ltr'>νοηθὲν</span> <span class='ocrx_word' id='word_1_153' title='bbox 1074 2164 1472 2234; x_wconf 78' lang='grc' dir='ltr'>ἐξαγγέλλεται.</span> <span class='ocrx_word' id='word_1_154' title='bbox 1517 2162 1672 2217; x_wconf 76' lang='grc' dir='ltr'>Ἐπεὶ</span> <span class='ocrx_word' id='word_1_155' title='bbox 1702 2160 1759 2213; x_wconf 75' lang='grc' dir='ltr'>δὲ</span> <span class='ocrx_word' id='word_1_156' title='bbox 1779 2162 1808 2212; x_wconf 88' lang='grc' dir='ltr'><strong>ό</strong></span> 
     </span>
    </p>
   </div>
   <div class='ocr_carea' id='block_1_20' title="bbox 235 2252 1808 2333">
    <p class='ocr_par' dir='ltr' id='par_1_20' title="bbox 235 2252 1808 2333">
     <span class='ocr_line' id='line_1_20' title="bbox 235 2252 1808 2333; baseline -0.01 -14"><span class='ocrx_word' id='word_1_157' title='bbox 235 2260 452 2328; x_wconf 74' lang='grc' dir='ltr'>πλάσας</span> <span class='ocrx_word' id='word_1_158' title='bbox 497 2264 587 2317; x_wconf 87' lang='grc' dir='ltr'><strong>τὸν</strong></span> <span class='ocrx_word' id='word_1_159' title='bbox 633 2261 952 2333; x_wconf 81' lang='grc' dir='ltr'>ἄνθρωπον,</span> <span class='ocrx_word' id='word_1_160' title='bbox 987 2259 1107 2312; x_wconf 86' lang='grc' dir='ltr'>κατ’</span> <span class='ocrx_word' id='word_1_161' title='bbox 1160 2256 1342 2310; x_wconf 88' lang='grc' dir='ltr'>εἰκόνα</span> <span class='ocrx_word' id='word_1_162' title='bbox 1383 2253 1519 2307; x_wconf 81' lang='grc' dir='ltr'>Θεοῦ</span> <span class='ocrx_word' id='word_1_163' title='bbox 1553 2252 1808 2323; x_wconf 76' lang='grc' dir='ltr'>ἐποίησεν</span> 
     </span>
    </p>
   </div>
   <div class='ocr_carea' id='block_1_21' title="bbox 232 2344 1811 2424">
    <p class='ocr_par' dir='ltr' id='par_1_21' title="bbox 232 2344 1811 2424">
     <span class='ocr_line' id='line_1_21' title="bbox 232 2344 1811 2424; baseline -0.011 -12"><span class='ocrx_word' id='word_1_164' title='bbox 232 2358 433 2414; x_wconf 88' lang='grc' dir='ltr'>αὑτόν·</span> <span class='ocrx_word' id='word_1_165' title='bbox 474 2354 740 2424; x_wconf 79' lang='grc' dir='ltr'>δευτέρως</span> <span class='ocrx_word' id='word_1_166' title='bbox 768 2353 835 2407; x_wconf 83' lang='grc' dir='ltr'><strong>ἂν</strong></span> <span class='ocrx_word' id='word_1_167' title='bbox 865 2350 949 2422; x_wconf 72' lang='grc' dir='ltr'><strong>εἴη</strong></span> <span class='ocrx_word' id='word_1_168' title='bbox 989 2348 1321 2421; x_wconf 84' lang='grc' dir='ltr'>μακαριστὸν</span> <span class='ocrx_word' id='word_1_169' title='bbox 1350 2347 1412 2399; x_wconf 87' lang='grc' dir='ltr'>τὸ</span> <span class='ocrx_word' id='word_1_170' title='bbox 1449 2344 1586 2398; x_wconf 77' lang='grc' dir='ltr'>κατὰ</span> <span class='ocrx_word' id='word_1_171' title='bbox 1621 2356 1811 2414; x_wconf 89' lang='grc' dir='ltr'>μετου-</span> 
     </span>
    </p>
   </div>
   <div class='ocr_carea' id='block_1_22' title="bbox 235 2435 1811 2520">
    <p class='ocr_par' dir='ltr' id='par_1_22' title="bbox 235 2435 1811 2520">
     <span class='ocr_line' id='line_1_22' title="bbox 235 2435 1811 2520; baseline -0.011 -15"><span class='ocrx_word' id='word_1_172' title='bbox 235 2452 359 2505; x_wconf 87' lang='grc' dir='ltr'>σίαν</span> <span class='ocrx_word' id='word_1_173' title='bbox 391 2450 488 2520; x_wconf 86' lang='grc' dir='ltr'><strong>τῆς</strong></span> <span class='ocrx_word' id='word_1_174' title='bbox 528 2449 694 2510; x_wconf 79' lang='grc' dir='ltr'>ὄντως</span> <span class='ocrx_word' id='word_1_175' title='bbox 741 2442 1134 2517; x_wconf 82' lang='grc' dir='ltr'>μακαριότητος</span> <span class='ocrx_word' id='word_1_176' title='bbox 1177 2442 1235 2494; x_wconf 82' lang='grc' dir='ltr'>ὲν</span> <span class='ocrx_word' id='word_1_177' title='bbox 1275 2438 1350 2509; x_wconf 88' lang='grc' dir='ltr'>τῷ</span> <span class='ocrx_word' id='word_1_178' title='bbox 1386 2438 1609 2508; x_wconf 81' lang='grc' dir='ltr'>ὀνόματι</span> <span class='ocrx_word' id='word_1_179' title='bbox 1641 2435 1811 2503; x_wconf 85' lang='grc' dir='ltr'>τούτῳ</span> 
     </span>
    </p>
   </div>
   <div class='ocr_carea' id='block_1_23' title="bbox 236 2525 1812 2610">
    <p class='ocr_par' dir='ltr' id='par_1_23' title="bbox 236 2525 1812 2610">
     <span class='ocr_line' id='line_1_23' title="bbox 236 2525 1812 2610; baseline -0.011 -16"><span class='ocrx_word' id='word_1_180' title='bbox 236 2541 544 2610; x_wconf 88' lang='grc' dir='ltr'>γινόμενον.</span> <span class='ocrx_word' id='word_1_181' title='bbox 565 2538 774 2606; x_wconf 81' lang='grc' dir='ltr'>Ὥσπερ</span> <span class='ocrx_word' id='word_1_182' title='bbox 796 2535 903 2605; x_wconf 79' lang='grc' dir='ltr'><strong>γάρ</strong></span> <span class='ocrx_word' id='word_1_183' title='bbox 920 2533 1011 2585; x_wconf 75' lang='grc' dir='ltr'><strong>ἐπὶ</strong></span> <span class='ocrx_word' id='word_1_184' title='bbox 1025 2532 1123 2601; x_wconf 82' lang='grc' dir='ltr'>τῆς</span> <span class='ocrx_word' id='word_1_185' title='bbox 1154 2528 1470 2600; x_wconf 81' lang='grc' dir='ltr'>σωματικῆς</span> <span class='ocrx_word' id='word_1_186' title='bbox 1486 2529 1542 2579; x_wconf 89' lang='grc' dir='ltr'><strong>εὑ</strong></span> <span class='ocrx_word' id='word_1_187' title='bbox 1552 2525 1812 2598; x_wconf 83' lang='grc' dir='ltr'>μορφίας,</span> 
     </span>
    </p>
   </div>
   <div class='ocr_carea' id='block_1_24' title="bbox 234 2615 1812 2702">
    <p class='ocr_par' dir='ltr' id='par_1_24' title="bbox 234 2615 1812 2702">
     <span class='ocr_line' id='line_1_24' title="bbox 234 2615 1812 2702; baseline -0.013 -15"><span class='ocrx_word' id='word_1_188' title='bbox 234 2634 299 2687; x_wconf 80' lang='grc' dir='ltr'>τὸ</span> <span class='ocrx_word' id='word_1_189' title='bbox 334 2633 432 2702; x_wconf 84' lang='grc' dir='ltr'><strong>μὲν</strong></span> <span class='ocrx_word' id='word_1_190' title='bbox 479 2629 830 2702; x_wconf 85' lang='grc' dir='ltr'>πρωτὸτυπον</span> <span class='ocrx_word' id='word_1_191' title='bbox 878 2625 1071 2687; x_wconf 88' lang='grc' dir='ltr'>κάλλος</span> <span class='ocrx_word' id='word_1_192' title='bbox 1108 2625 1165 2676; x_wconf 82' lang='grc' dir='ltr'>ὲν</span> <span class='ocrx_word' id='word_1_193' title='bbox 1206 2621 1283 2692; x_wconf 82' lang='grc' dir='ltr'><strong>τῷ</strong></span> <span class='ocrx_word' id='word_1_194' title='bbox 1331 2620 1493 2685; x_wconf 80' lang='grc' dir='ltr'>ζῶντι</span> <span class='ocrx_word' id='word_1_195' title='bbox 1536 2615 1812 2689; x_wconf 82' lang='grc' dir='ltr'>προσώπῳ</span> 
     </span>
    </p>
   </div>
   <div class='ocr_carea' id='block_1_25' title="bbox 238 2706 1815 2788">
    <p class='ocr_par' dir='ltr' id='par_1_25' title="bbox 238 2706 1815 2788">
     <span class='ocr_line' id='line_1_25' title="bbox 238 2706 1815 2788; baseline -0.011 -12"><span class='ocrx_word' id='word_1_196' title='bbox 238 2723 362 2775; x_wconf 77' lang='grc' dir='ltr'>ἐστὶ</span> <span class='ocrx_word' id='word_1_197' title='bbox 413 2722 504 2775; x_wconf 74' lang='grc' dir='ltr'>καὶ</span> <span class='ocrx_word' id='word_1_198' title='bbox 557 2718 861 2788; x_wconf 83' lang='grc' dir='ltr'>ὑφεστῶτι,</span> <span class='ocrx_word' id='word_1_199' title='bbox 906 2713 1209 2786; x_wconf 83' lang='grc' dir='ltr'>δευτερεύει</span> <span class='ocrx_word' id='word_1_200' title='bbox 1236 2711 1293 2766; x_wconf 82' lang='grc' dir='ltr'>δὲ</span> <span class='ocrx_word' id='word_1_201' title='bbox 1339 2709 1529 2764; x_wconf 86' lang='grc' dir='ltr'>τούτου</span> <span class='ocrx_word' id='word_1_202' title='bbox 1573 2707 1633 2761; x_wconf 80' lang='grc' dir='ltr'>τὸ</span> <span class='ocrx_word' id='word_1_203' title='bbox 1673 2706 1815 2761; x_wconf 80' lang='grc' dir='ltr'>κατὰ</span> 
     </span>
    </p>
   </div>
   <div class='ocr_carea' id='block_1_26' title="bbox 246 2800 1813 2885">
    <p class='ocr_par' dir='ltr' id='par_1_26' title="bbox 246 2800 1813 2885">
     <span class='ocr_line' id='line_1_26' title="bbox 246 2800 1813 2885; baseline -0.011 -17"><span class='ocrx_word' id='word_1_204' title='bbox 246 2814 479 2885; x_wconf 84' lang='grc' dir='ltr'>μίμησιν</span> <span class='ocrx_word' id='word_1_205' title='bbox 525 2812 617 2864; x_wconf 69' lang='grc' dir='ltr'>ἐπὶ</span> <span class='ocrx_word' id='word_1_206' title='bbox 648 2812 746 2881; x_wconf 87' lang='grc' dir='ltr'><strong>τῆς</strong></span> <span class='ocrx_word' id='word_1_207' title='bbox 792 2810 999 2871; x_wconf 78' lang='grc' dir='ltr'>εἰκόνος</span> <span class='ocrx_word' id='word_1_208' title='bbox 1029 2806 1376 2875; x_wconf 84' lang='grc' dir='ltr'>δεικνύμενον</span> <span class='ocrx_word' id='word_1_209' title='bbox 1408 2820 1422 2833; x_wconf 90' lang='grc'><strong>·</strong></span> <span class='ocrx_word' id='word_1_210' title='bbox 1453 2800 1626 2864; x_wconf 77' lang='grc' dir='ltr'>οὕτως</span> <span class='ocrx_word' id='word_1_211' title='bbox 1657 2800 1752 2853; x_wconf 74' lang='grc' dir='ltr'><strong>καὶ</strong></span> <span class='ocrx_word' id='word_1_212' title='bbox 1779 2800 1813 2869; x_wconf 83' lang='grc' dir='ltr'>ἡ</span> 
     </span>
    </p>
   </div>
   <div class='ocr_carea' id='block_1_27' title="bbox 240 2892 1817 2976">
    <p class='ocr_par' dir='ltr' id='par_1_27' title="bbox 240 2892 1817 2976">
     <span class='ocr_line' id='line_1_27' title="bbox 240 2892 1817 2976; baseline -0.011 -16"><span class='ocrx_word' id='word_1_213' title='bbox 240 2904 558 2976; x_wconf 75' lang='grc' dir='ltr'>ἀνθρωπίνη</span> <span class='ocrx_word' id='word_1_214' title='bbox 585 2902 745 2971; x_wconf 80' lang='grc' dir='ltr'>φύσις</span> <span class='ocrx_word' id='word_1_215' title='bbox 764 2941 777 2960; x_wconf 82' lang='grc'><strong>.</strong></span> <span class='ocrx_word' id='word_1_216' title='bbox 805 2900 966 2955; x_wconf 82' lang='grc' dir='ltr'>εἰκὼν</span> <span class='ocrx_word' id='word_1_217' title='bbox 992 2894 1125 2952; x_wconf 80' lang='grc' dir='ltr'>οὖσα</span> <span class='ocrx_word' id='word_1_218' title='bbox 1148 2897 1248 2966; x_wconf 80' lang='grc' dir='ltr'>τῆς</span> <span class='ocrx_word' id='word_1_219' title='bbox 1285 2892 1684 2966; x_wconf 83' lang='grc' dir='ltr'>ὑπερκειμένης</span> <span class='ocrx_word' id='word_1_220' title='bbox 1715 2907 1817 2962; x_wconf 85' lang='grc' dir='ltr'>μα-</span> 
     </span>
    </p>
   </div>
   <div class='ocr_carea' id='block_1_28' title="bbox 241 2980 1815 3066">
    <p class='ocr_par' dir='ltr' id='par_1_28' title="bbox 241 2980 1815 3066">
     <span class='ocr_line' id='line_1_28' title="bbox 241 2980 1815 3066; baseline -0.011 -16"><span class='ocrx_word' id='word_1_221' title='bbox 241 2997 589 3066; x_wconf 81' lang='grc' dir='ltr'>καριότητος,</span> <span class='ocrx_word' id='word_1_222' title='bbox 616 2995 708 3047; x_wconf 74' lang='grc' dir='ltr'><strong>καὶ</strong></span> <span class='ocrx_word' id='word_1_223' title='bbox 731 2991 867 3063; x_wconf 81' lang='grc' dir='ltr'>αὑτὴ</span> <span class='ocrx_word' id='word_1_224' title='bbox 891 2990 967 3061; x_wconf 80' lang='grc' dir='ltr'>τῷ</span> <span class='ocrx_word' id='word_1_225' title='bbox 993 2987 1181 3059; x_wconf 84' lang='grc' dir='ltr'>ἀγαθῷ</span> <span class='ocrx_word' id='word_1_226' title='bbox 1204 2986 1389 3041; x_wconf 86' lang='grc' dir='ltr'>κάλλει</span> <span class='ocrx_word' id='word_1_227' title='bbox 1417 3001 1664 3055; x_wconf 85' lang='grc' dir='ltr'>χαρακτη</span> <span class='ocrx_word' id='word_1_228' title='bbox 1674 2980 1815 3053; x_wconf 76' lang='grc' dir='ltr'>ρίζε-</span> 
     </span>
    </p>
   </div>
   <div class='ocr_carea' id='block_1_29' title="bbox 240 3074 1817 3155">
    <p class='ocr_par' dir='ltr' id='par_1_29' title="bbox 240 3074 1817 3155">
     <span class='ocr_line' id='line_1_29' title="bbox 240 3074 1817 3155; baseline -0.009 -14"><span class='ocrx_word' id='word_1_229' title='bbox 240 3106 358 3151; x_wconf 85' lang='grc' dir='ltr'>ται,</span> <span class='ocrx_word' id='word_1_230' title='bbox 393 3088 519 3140; x_wconf 84' lang='grc' dir='ltr'>ὃταν</span> <span class='ocrx_word' id='word_1_231' title='bbox 567 3086 651 3154; x_wconf 78' lang='grc' dir='ltr'><strong>ἐφ’</strong></span> <span class='ocrx_word' id='word_1_232' title='bbox 699 3086 894 3155; x_wconf 74' lang='grc' dir='ltr'>ἑαυτῆς</span> <span class='ocrx_word' id='word_1_233' title='bbox 941 3081 1171 3135; x_wconf 87' lang='grc' dir='ltr'>δεικνύει</span> <span class='ocrx_word' id='word_1_234' title='bbox 1225 3080 1323 3142; x_wconf 83' lang='grc' dir='ltr'><strong>τὰς</strong></span> <span class='ocrx_word' id='word_1_235' title='bbox 1370 3078 1477 3130; x_wconf 82' lang='grc' dir='ltr'><strong>τῶν</strong></span> <span class='ocrx_word' id='word_1_236' title='bbox 1535 3074 1817 3145; x_wconf 86' lang='grc' dir='ltr'>μακαρίων</span> 
     </span>
    </p>
   </div>
   <div class='ocr_carea' id='block_1_30' title="bbox 242 3165 1817 3250">
    <p class='ocr_par' dir='ltr' id='par_1_30' title="bbox 242 3165 1817 3250">
     <span class='ocr_line' id='line_1_30' title="bbox 242 3165 1817 3250; baseline -0.01 -18"><span class='ocrx_word' id='word_1_237' title='bbox 242 3178 612 3250; x_wconf 78' lang='grc' dir='ltr'>χαρακτήρων</span> <span class='ocrx_word' id='word_1_238' title='bbox 658 3175 940 3246; x_wconf 82' lang='grc' dir='ltr'>ἐμφάσεις.</span> <span class='ocrx_word' id='word_1_239' title='bbox 986 3172 1124 3225; x_wconf 79' lang='grc' dir='ltr'>Ἀλλ’</span> <span class='ocrx_word' id='word_1_240' title='bbox 1158 3169 1344 3239; x_wconf 75' lang='grc' dir='ltr'>ἐπειδὴ</span> <span class='ocrx_word' id='word_1_241' title='bbox 1369 3171 1397 3221; x_wconf 84' lang='grc' dir='ltr'>ὁ</span> <span class='ocrx_word' id='word_1_242' title='bbox 1418 3167 1516 3237; x_wconf 81' lang='grc' dir='ltr'>τῆς</span> <span class='ocrx_word' id='word_1_243' title='bbox 1544 3165 1817 3236; x_wconf 84' lang='grc' dir='ltr'>ἁμαρτίας</span> 
     </span>
    </p>
   </div>
   <div class='ocr_carea' id='block_1_31' title="bbox 246 3254 1821 3341">
    <p class='ocr_par' dir='ltr' id='par_1_31' title="bbox 246 3254 1821 3341">
     <span class='ocr_line' id='line_1_31' title="bbox 246 3254 1821 3341; baseline -0.01 -18"><span class='ocrx_word' id='word_1_244' title='bbox 246 3270 422 3341; x_wconf 78' lang='grc' dir='ltr'>ῥύπος</span> <span class='ocrx_word' id='word_1_245' title='bbox 444 3268 506 3322; x_wconf 82' lang='grc' dir='ltr'><strong>τὸ</strong></span> <span class='ocrx_word' id='word_1_246' title='bbox 532 3267 623 3320; x_wconf 77' lang='grc' dir='ltr'><strong>ἐπὶ</strong></span> <span class='ocrx_word' id='word_1_247' title='bbox 674 3266 875 3327; x_wconf 82' lang='grc' dir='ltr'>εἰκόνος</span> <span class='ocrx_word' id='word_1_248' title='bbox 898 3262 1090 3324; x_wconf 89' lang='grc' dir='ltr'>κάλλος</span> <span class='ocrx_word' id='word_1_249' title='bbox 1117 3261 1413 3331; x_wconf 76' lang='grc' dir='ltr'>ἠχρείωσεν</span> <span class='ocrx_word' id='word_1_250' title='bbox 1430 3276 1442 3287; x_wconf 92' lang='grc'>·</span> <span class='ocrx_word' id='word_1_251' title='bbox 1474 3254 1635 3328; x_wconf 82' lang='grc' dir='ltr'>ἦλθεν</span> <span class='ocrx_word' id='word_1_252' title='bbox 1670 3258 1698 3309; x_wconf 88' lang='grc' dir='ltr'>ὁ</span> <span class='ocrx_word' id='word_1_253' title='bbox 1727 3257 1821 3308; x_wconf 80' lang='grc' dir='ltr'><strong>ὲκ-</strong></span> 
     </span>
    </p>
   </div>
   <div class='ocr_carea' id='block_1_32' title="bbox 245 3347 1823 3430">
    <p class='ocr_par' dir='ltr' id='par_1_32' title="bbox 245 3347 1823 3430">
     <span class='ocr_line' id='line_1_32' title="bbox 245 3347 1823 3430; baseline -0.01 -16"><span class='ocrx_word' id='word_1_254' title='bbox 245 3364 456 3414; x_wconf 87' lang='grc' dir='ltr'>νίπτων</span> <span class='ocrx_word' id='word_1_255' title='bbox 502 3360 648 3430; x_wconf 78' lang='grc' dir='ltr'>ἡμᾶς</span> <span class='ocrx_word' id='word_1_256' title='bbox 680 3357 759 3428; x_wconf 85' lang='grc' dir='ltr'>τῷ</span> <span class='ocrx_word' id='word_1_257' title='bbox 787 3357 901 3426; x_wconf 85' lang='grc' dir='ltr'>ἰδίῳ</span> <span class='ocrx_word' id='word_1_258' title='bbox 933 3355 1086 3408; x_wconf 79' lang='grc' dir='ltr'>ὕδατι</span> <span class='ocrx_word' id='word_1_259' title='bbox 1106 3396 1120 3419; x_wconf 91' lang='grc'><strong>,</strong></span> <span class='ocrx_word' id='word_1_260' title='bbox 1149 3352 1227 3422; x_wconf 82' lang='grc' dir='ltr'><strong>τῷ</strong></span> <span class='ocrx_word' id='word_1_261' title='bbox 1256 3350 1414 3415; x_wconf 77' lang='grc' dir='ltr'>ζῶντί</span> <span class='ocrx_word' id='word_1_262' title='bbox 1453 3366 1511 3401; x_wconf 88' lang='grc' dir='ltr'><strong>τε</strong></span> <span class='ocrx_word' id='word_1_263' title='bbox 1548 3349 1641 3401; x_wconf 70' lang='grc' dir='ltr'><strong>καὶ</strong></span> <span class='ocrx_word' id='word_1_264' title='bbox 1672 3347 1823 3399; x_wconf 82' lang='grc' dir='ltr'>ἁλλο-</span> 
     </span>
    </p>
   </div>
   <div class='ocr_carea' id='block_1_33' title="bbox 248 3435 1825 3522">
    <p class='ocr_par' dir='ltr' id='par_1_33' title="bbox 248 3435 1825 3522">
     <span class='ocr_line' id='line_1_33' title="bbox 248 3435 1825 3522; baseline -0.01 -18"><span class='ocrx_word' id='word_1_265' title='bbox 248 3453 401 3522; x_wconf 78' lang='grc' dir='ltr'>μένῳ</span> <span class='ocrx_word' id='word_1_266' title='bbox 440 3452 518 3513; x_wconf 90' lang='grc' dir='ltr'><strong>είς</strong></span> <span class='ocrx_word' id='word_1_267' title='bbox 548 3448 692 3519; x_wconf 80' lang='grc' dir='ltr'>ζωὴν</span> <span class='ocrx_word' id='word_1_268' title='bbox 727 3446 959 3506; x_wconf 85' lang='grc' dir='ltr'>αἰώνιον,</span> <span class='ocrx_word' id='word_1_269' title='bbox 993 3443 1133 3497; x_wconf 81' lang='grc' dir='ltr'>ὥστε</span> <span class='ocrx_word' id='word_1_270' title='bbox 1182 3442 1329 3513; x_wconf 79' lang='grc' dir='ltr'>ἡμᾶς</span> <span class='ocrx_word' id='word_1_271' title='bbox 1366 3437 1728 3508; x_wconf 77' lang='grc' dir='ltr'>ἀποθεμένους</span> <span class='ocrx_word' id='word_1_272' title='bbox 1765 3435 1825 3489; x_wconf 84' lang='grc' dir='ltr'><strong>τὸ</strong></span> 
     </span>
    </p>
   </div>
   <div class='ocr_carea' id='block_1_34' title="bbox 244 3528 1827 3612">
    <p class='ocr_par' dir='ltr' id='par_1_34' title="bbox 244 3528 1827 3612">
     <span class='ocr_line' id='line_1_34' title="bbox 244 3528 1827 3612; baseline -0.011 -16"><span class='ocrx_word' id='word_1_273' title='bbox 244 3541 313 3607; x_wconf 80' lang='grc' dir='ltr'><strong>ἐξ</strong></span> <span class='ocrx_word' id='word_1_274' title='bbox 344 3540 615 3612; x_wconf 85' lang='grc' dir='ltr'>ἁμαρτίας</span> <span class='ocrx_word' id='word_1_275' title='bbox 647 3534 851 3608; x_wconf 73' lang='grc' dir='ltr'>αἶσχος,</span> <span class='ocrx_word' id='word_1_276' title='bbox 891 3536 1052 3588; x_wconf 86' lang='grc' dir='ltr'>πάλιν</span> <span class='ocrx_word' id='word_1_277' title='bbox 1091 3533 1230 3588; x_wconf 87' lang='grc' dir='ltr'><strong>κατά</strong></span> <span class='ocrx_word' id='word_1_278' title='bbox 1259 3533 1355 3592; x_wconf 81' lang='grc' dir='ltr'>τὴν</span> <span class='ocrx_word' id='word_1_279' title='bbox 1388 3528 1662 3601; x_wconf 87' lang='grc' dir='ltr'>μακαρίαν</span> <span class='ocrx_word' id='word_1_280' title='bbox 1694 3529 1827 3581; x_wconf 87' lang='grc' dir='ltr'>ἀνα-</span> 
     </span>
    </p>
   </div>
   <div class='ocr_carea' id='block_1_35' title="bbox 251 3619 1827 3703">
    <p class='ocr_par' dir='ltr' id='par_1_35' title="bbox 251 3619 1827 3703">
     <span class='ocr_line' id='line_1_35' title="bbox 251 3619 1827 3703; baseline -0.011 -16"><span class='ocrx_word' id='word_1_281' title='bbox 251 3632 600 3703; x_wconf 78' lang='grc' dir='ltr'>καινισθῆναι</span> <span class='ocrx_word' id='word_1_282' title='bbox 637 3631 869 3701; x_wconf 83' lang='grc' dir='ltr'>μορφήν.</span> <span class='ocrx_word' id='word_1_283' title='bbox 906 3628 1015 3681; x_wconf 75' lang='grc' dir='ltr'>Καὶ</span> <span class='ocrx_word' id='word_1_284' title='bbox 1064 3623 1312 3693; x_wconf 83' lang='grc' dir='ltr'>καθάπερ</span> <span class='ocrx_word' id='word_1_285' title='bbox 1346 3622 1439 3674; x_wconf 80' lang='grc' dir='ltr'>ἐπὶ</span> <span class='ocrx_word' id='word_1_286' title='bbox 1474 3620 1574 3690; x_wconf 84' lang='grc' dir='ltr'>τῆς</span> <span class='ocrx_word' id='word_1_287' title='bbox 1612 3619 1827 3689; x_wconf 77' lang='grc' dir='ltr'>ζωγρα-</span> 
     </span>
    </p>
   </div>
   <div class='ocr_carea' id='block_1_36' title="bbox 250 3714 1827 3801">
    <p class='ocr_par' dir='ltr' id='par_1_36' title="bbox 250 3714 1827 3801">
     <span class='ocr_line' id='line_1_36' title="bbox 250 3714 1827 3801; baseline -0.015 -15"><span class='ocrx_word' id='word_1_288' title='bbox 250 3727 427 3801; x_wconf 75' lang='grc' dir='ltr'>φικῆς</span> <span class='ocrx_word' id='word_1_289' title='bbox 448 3726 640 3795; x_wconf 78' lang='grc' dir='ltr'>τέχνης</span> <span class='ocrx_word' id='word_1_290' title='bbox 664 3725 805 3776; x_wconf 81' lang='grc' dir='ltr'>εἴποι</span> <span class='ocrx_word' id='word_1_291' title='bbox 834 3722 897 3775; x_wconf 82' lang='grc' dir='ltr'>ἄν</span> <span class='ocrx_word' id='word_1_292' title='bbox 925 3738 1006 3783; x_wconf 89' lang='grc' dir='ltr'><strong>τις</strong></span> <span class='ocrx_word' id='word_1_293' title='bbox 1043 3719 1179 3791; x_wconf 74' lang='grc' dir='ltr'>πρὸς</span> <span class='ocrx_word' id='word_1_294' title='bbox 1211 3717 1336 3780; x_wconf 76' lang='grc' dir='ltr'>τοὺς</span> <span class='ocrx_word' id='word_1_295' title='bbox 1370 3715 1627 3785; x_wconf 86' lang='grc' dir='ltr'>ἀπείρους</span> <span class='ocrx_word' id='word_1_296' title='bbox 1650 3715 1678 3765; x_wconf 85' lang='grc' dir='ltr'>ὁ</span> <span class='ocrx_word' id='word_1_297' title='bbox 1706 3714 1827 3764; x_wconf 78' lang='grc' dir='ltr'>ἐπι·-</span> 
     </span>
    </p>
   </div>
   <div class='ocr_carea' id='block_1_37' title="bbox 249 3803 1828 3892">
    <p class='ocr_par' dir='ltr' id='par_1_37' title="bbox 249 3803 1828 3892">
     <span class='ocr_line' id='line_1_37' title="bbox 249 3803 1828 3892; baseline -0.014 -17"><span class='ocrx_word' id='word_1_298' title='bbox 249 3824 518 3892; x_wconf 72' lang='grc' dir='ltr'>στήμων,</span> <span class='ocrx_word' id='word_1_299' title='bbox 553 3820 726 3870; x_wconf 77' lang='grc' dir='ltr'>ἐκεῖνο</span> <span class='ocrx_word' id='word_1_300' title='bbox 781 3813 941 3866; x_wconf 75' lang='grc' dir='ltr'>καλὸν</span> <span class='ocrx_word' id='word_1_301' title='bbox 995 3806 1133 3864; x_wconf 74' lang='grc' dir='ltr'>εἶναι</span> <span class='ocrx_word' id='word_1_302' title='bbox 1184 3810 1245 3862; x_wconf 78' lang='grc' dir='ltr'>τὸ</span> <span class='ocrx_word' id='word_1_303' title='bbox 1290 3808 1618 3879; x_wconf 82' lang='grc' dir='ltr'>πρόσωπον,</span> <span class='ocrx_word' id='word_1_304' title='bbox 1653 3803 1713 3855; x_wconf 87' lang='grc' dir='ltr'>τὺ</span> <span class='ocrx_word' id='word_1_305' title='bbox 1765 3804 1828 3854; x_wconf 81' lang='grc' dir='ltr'>ὲκ</span> 
     </span>
    </p>
   </div>
   <div class='ocr_carea' id='block_1_38' title="bbox 248 3887 1830 3973">
    <p class='ocr_par' dir='ltr' id='par_1_38' title="bbox 248 3887 1830 3973">
     <span class='ocr_line' id='line_1_38' title="bbox 248 3887 1830 3973; baseline -0.015 -6"><span class='ocrx_word' id='word_1_306' title='bbox 248 3912 476 3968; x_wconf 83' lang='grc' dir='ltr'>τοιῶνδε</span> <span class='ocrx_word' id='word_1_307' title='bbox 517 3909 625 3962; x_wconf 79' lang='grc' dir='ltr'><strong>τῶν</strong></span> <span class='ocrx_word' id='word_1_308' title='bbox 671 3905 766 3959; x_wconf 81' lang='grc' dir='ltr'>τοῦ</span> <span class='ocrx_word' id='word_1_309' title='bbox 810 3904 1059 3973; x_wconf 84' lang='grc' dir='ltr'>σώματος</span> <span class='ocrx_word' id='word_1_310' title='bbox 1116 3900 1318 3973; x_wconf 84' lang='grc' dir='ltr'>μορίων</span> <span class='ocrx_word' id='word_1_311' title='bbox 1371 3897 1755 3965; x_wconf 76' lang='grc' dir='ltr'>συγκείμενονο</span> <span class='ocrx_word' id='word_1_312' title='bbox 1786 3887 1830 3959; x_wconf 86' lang='grc' dir='ltr'>ᾧ</span> 
     </span>
    </p>
   </div>
   <div class='ocr_carea' id='block_1_39' title="bbox 249 3983 1830 4075">
    <p class='ocr_par' dir='ltr' id='par_1_39' title="bbox 249 3983 1830 4075">
     <span class='ocr_line' id='line_1_39' title="bbox 249 3983 1830 4075; baseline -0.015 -17"><span class='ocrx_word' id='word_1_313' title='bbox 249 4004 406 4075; x_wconf 84' lang='grc' dir='ltr'>κόμη</span> <span class='ocrx_word' id='word_1_314' title='bbox 443 4018 501 4054; x_wconf 87' lang='grc' dir='ltr'><strong>τε</strong></span> <span class='ocrx_word' id='word_1_315' title='bbox 535 3999 709 4052; x_wconf 86' lang='grc' dir='ltr'>τοιάδε</span> <span class='ocrx_word' id='word_1_316' title='bbox 730 4037 744 4056; x_wconf 94' lang='grc'><strong>,</strong></span> <span class='ocrx_word' id='word_1_317' title='bbox 776 3996 869 4048; x_wconf 73' lang='lat' dir='ltr'><strong>ml.</strong></span> <span class='ocrx_word' id='word_1_318' title='bbox 913 3992 1205 4063; x_wconf 81' lang='grc' dir='ltr'>ὀφθαλμῶν</span> <span class='ocrx_word' id='word_1_319' title='bbox 1234 3989 1442 4049; x_wconf 88' lang='grc' dir='ltr'>κύκλοι,</span> <span class='ocrx_word' id='word_1_320' title='bbox 1476 3987 1569 4039; x_wconf 73' lang='grc' dir='ltr'><strong>καὶ</strong></span> <span class='ocrx_word' id='word_1_321' title='bbox 1612 3983 1830 4054; x_wconf 80' lang='grc' dir='ltr'>ὀφρύων</span> 
     </span>
    </p>
   </div>
   <div class='ocr_carea' id='block_1_40' title="bbox 253 4076 1829 4167">
    <p class='ocr_par' dir='ltr' id='par_1_40' title="bbox 253 4076 1829 4167">
     <span class='ocr_line' id='line_1_40' title="bbox 253 4076 1829 4167; baseline -0.015 -17"><span class='ocrx_word' id='word_1_322' title='bbox 253 4090 618 4167; x_wconf 72' lang='grc' dir='ltr'>περιγραφαὶ,</span> <span class='ocrx_word' id='word_1_323' title='bbox 643 4088 737 4141; x_wconf 73' lang='grc' dir='ltr'><strong>καὶ</strong></span> <span class='ocrx_word' id='word_1_324' title='bbox 762 4085 1000 4156; x_wconf 84' lang='grc' dir='ltr'>παρειῶν</span> <span class='ocrx_word' id='word_1_325' title='bbox 1039 4083 1205 4145; x_wconf 83' lang='grc' dir='ltr'>θέσις,</span> <span class='ocrx_word' id='word_1_326' title='bbox 1239 4082 1332 4133; x_wconf 73' lang='grc' dir='ltr'><strong>καὶ</strong></span> <span class='ocrx_word' id='word_1_327' title='bbox 1359 4078 1428 4132; x_wconf 82' lang='grc' dir='ltr'>τὰ</span> <span class='ocrx_word' id='word_1_328' title='bbox 1460 4077 1580 4131; x_wconf 80' lang='grc' dir='ltr'>καθ’</span> <span class='ocrx_word' id='word_1_329' title='bbox 1602 4076 1829 4129; x_wconf 83' lang='grc' dir='ltr'>’ἑκαστον</span> 
     </span>
    </p>
   </div>
   <div class='ocr_carea' id='block_1_41' title="bbox 252 4167 1831 4249">
    <p class='ocr_par' dir='ltr' id='par_1_41' title="bbox 252 4167 1831 4249">
     <span class='ocr_line' id='line_1_41' title="bbox 252 4167 1831 4249; baseline -0.015 -7"><span class='ocrx_word' id='word_1_330' title='bbox 252 4188 442 4243; x_wconf 79' lang='grc' dir='ltr'>πάντα</span> <span class='ocrx_word' id='word_1_331' title='bbox 472 4185 537 4237; x_wconf 81' lang='grc' dir='ltr'>δι’</span> <span class='ocrx_word' id='word_1_332' title='bbox 569 4176 643 4235; x_wconf 82' lang='grc' dir='ltr'>ὧν</span> <span class='ocrx_word' id='word_1_333' title='bbox 689 4175 1100 4249; x_wconf 81' lang='grc' dir='ltr'>συμπληροῦται</span> <span class='ocrx_word' id='word_1_334' title='bbox 1127 4175 1161 4244; x_wconf 82' lang='grc' dir='ltr'>ἡ</span> <span class='ocrx_word' id='word_1_335' title='bbox 1196 4170 1465 4243; x_wconf 78' lang='grc' dir='ltr'>εὐμορφία</span> <span class='ocrx_word' id='word_1_336' title='bbox 1489 4186 1502 4200; x_wconf 88' lang='grc'><strong>·</strong></span> <span class='ocrx_word' id='word_1_337' title='bbox 1532 4168 1702 4232; x_wconf 78' lang='grc' dir='ltr'>οὑτως</span> <span class='ocrx_word' id='word_1_338' title='bbox 1738 4167 1831 4220; x_wconf 72' lang='grc' dir='ltr'><strong>καὶ</strong></span> 
     </span>
    </p>
   </div>
   <div class='ocr_carea' id='block_1_42' title="bbox 254 4258 1833 4346">
    <p class='ocr_par' dir='ltr' id='par_1_42' title="bbox 254 4258 1833 4346">
     <span class='ocr_line' id='line_1_42' title="bbox 254 4258 1833 4346; baseline -0.016 -14"><span class='ocrx_word' id='word_1_339' title='bbox 254 4282 289 4333; x_wconf 85' lang='grc' dir='ltr'>ὁ</span> <span class='ocrx_word' id='word_1_340' title='bbox 306 4277 409 4346; x_wconf 78' lang='grc' dir='ltr'>τὴν</span> <span class='ocrx_word' id='word_1_341' title='bbox 430 4273 701 4344; x_wconf 74' lang='grc' dir='ltr'>ἡμετέραν</span> <span class='ocrx_word' id='word_1_342' title='bbox 727 4268 862 4339; x_wconf 87' lang='grc' dir='ltr'>πρὸς</span> <span class='ocrx_word' id='word_1_343' title='bbox 884 4265 980 4337; x_wconf 80' lang='grc' dir='ltr'>τὴν</span> <span class='ocrx_word' id='word_1_344' title='bbox 1004 4264 1096 4319; x_wconf 73' lang='grc' dir='ltr'>τοῦ</span> <span class='ocrx_word' id='word_1_345' title='bbox 1123 4262 1282 4335; x_wconf 87' lang='grc' dir='ltr'>μόνου</span> <span class='ocrx_word' id='word_1_346' title='bbox 1312 4259 1577 4332; x_wconf 87' lang='grc' dir='ltr'>μακαρίου</span> <span class='ocrx_word' id='word_1_347' title='bbox 1605 4258 1833 4327; x_wconf 85' lang='grc' dir='ltr'>μίμησιν</span> 
     </span>
    </p>
   </div>
   <div class='ocr_carea' id='block_1_43' title="bbox 230 4348 1833 4433">
    <p class='ocr_par' dir='ltr' id='par_1_43' title="bbox 230 4348 1833 4433">
     <span class='ocr_line' id='line_1_43' title="bbox 230 4348 1833 4433; baseline -0.014 -13"><span class='ocrx_word' id='word_1_348' title='bbox 230 4360 675 4433; x_wconf 28' lang='grc' dir='ltr'>κάναζωγραφῶν</span> <span class='ocrx_word' id='word_1_349' title='bbox 720 4358 903 4428; x_wconf 66' lang='grc' dir='ltr'>ψυχὴ,</span> <span class='ocrx_word' id='word_1_350' title='bbox 936 4356 1003 4408; x_wconf 81' lang='grc' dir='ltr'>τὰ</span> <span class='ocrx_word' id='word_1_351' title='bbox 1040 4354 1161 4408; x_wconf 85' lang='grc' dir='ltr'>καθ’</span> <span class='ocrx_word' id='word_1_352' title='bbox 1202 4352 1428 4405; x_wconf 76' lang='grc' dir='ltr'>ἕκαστον</span> <span class='ocrx_word' id='word_1_353' title='bbox 1472 4348 1578 4402; x_wconf 83' lang='grc' dir='ltr'><strong>τῶν</strong></span> <span class='ocrx_word' id='word_1_354' title='bbox 1616 4351 1694 4411; x_wconf 87' lang='grc' dir='ltr'><strong>εἰς</strong></span> <span class='ocrx_word' id='word_1_355' title='bbox 1732 4366 1833 4419; x_wconf 83' lang='grc' dir='ltr'>μα-</span> 
     </span>
    </p>
   </div>
   <div class='ocr_carea' id='block_1_44' title="bbox 1292 401 2355 464">
    <p class='ocr_par' dir='ltr' id='par_1_44' title="bbox 1292 401 2355 464">
     <span class='ocr_line' id='line_1_44' title="bbox 1292 401 2355 464; baseline -0.005 0"><span class='ocrx_word' id='word_1_356' title='bbox 1292 408 1377 464; x_wconf 81' lang='lat' dir='ltr'><strong>DE</strong></span> <span class='ocrx_word' id='word_1_357' title='bbox 1416 401 2012 463; x_wconf 73' lang='lat' dir='ltr'><strong>BEATITUDINIBUS.</strong></span> <span class='ocrx_word' id='word_1_358' title='bbox 2032 401 2286 457; x_wconf 63' lang='lat' dir='ltr'><strong>ORATIO</strong></span> <span class='ocrx_word' id='word_1_359' title='bbox 2314 402 2355 459; x_wconf 90' lang='grc'><strong>1.</strong></span> 
     </span>
    </p>
   </div>
   <div class='ocr_carea' id='block_1_45' title="bbox 218 514 1813 601">
    <p class='ocr_par' dir='ltr' id='par_1_45' title="bbox 218 520 1792 601">
     <span class='ocr_line' id='line_1_45' title="bbox 218 520 1792 601; baseline -0.008 -16"><span class='ocrx_word' id='word_1_360' title='bbox 218 530 400 601; x_wconf 80' lang='grc' dir='ltr'>καρίῳ</span> <span class='ocrx_word' id='word_1_361' title='bbox 426 531 486 585; x_wconf 61' lang='grc' dir='ltr'>τὸ</span> <span class='ocrx_word' id='word_1_362' title='bbox 513 531 714 585; x_wconf 75' lang='grc' dir='ltr'>ἄθλιον.</span> <span class='ocrx_word' id='word_1_363' title='bbox 762 526 1037 599; x_wconf 77' lang='grc' dir='ltr'>Ἀθλιότης</span> <span class='ocrx_word' id='word_1_364' title='bbox 1087 521 1179 581; x_wconf 80' lang='grc' dir='ltr'><strong>οὖν</strong></span> <span class='ocrx_word' id='word_1_365' title='bbox 1212 526 1382 587; x_wconf 74' lang='grc' dir='ltr'>ἐστιν,</span> <span class='ocrx_word' id='word_1_366' title='bbox 1415 526 1447 595; x_wconf 79' lang='grc' dir='ltr'>ἡ</span> <span class='ocrx_word' id='word_1_367' title='bbox 1478 526 1535 576; x_wconf 83' lang='grc' dir='ltr'>ὲν</span> <span class='ocrx_word' id='word_1_368' title='bbox 1563 524 1675 585; x_wconf 84' lang='grc' dir='ltr'>τοῖς</span> <span class='ocrx_word' id='word_1_369' title='bbox 1698 520 1792 573; x_wconf 82' lang='grc' dir='ltr'>λυ-</span> 
     </span>
    </p>
   </div>
   <div class='ocr_carea' id='block_1_46' title="bbox 1916 514 3558 601">
    <p class='ocr_par' dir='ltr' id='par_1_46' title="bbox 1916 514 3558 591">
     <span class='ocr_line' id='line_1_46' title="bbox 1916 514 3558 591; baseline -0.007 -16"><span class='ocrx_word' id='word_1_370' title='bbox 1916 533 2053 591; x_wconf 77' lang='grc' dir='ltr'>ιιιιιιε</span> <span class='ocrx_word' id='word_1_371' title='bbox 2076 521 2445 591; x_wconf 68' lang='lat' dir='ltr'><strong>cupiditatem.</strong></span> <span class='ocrx_word' id='word_1_372' title='bbox 2482 518 2688 574; x_wconf 87' lang='lat' dir='ltr'><strong>Poterit</strong></span> <span class='ocrx_word' id='word_1_373' title='bbox 2725 526 2903 571; x_wconf 82' lang='lat' dir='ltr'><strong>autem</strong></span> <span class='ocrx_word' id='word_1_374' title='bbox 2936 514 3093 569; x_wconf 90' lang='lat' dir='ltr'><strong>nobis</strong></span> <span class='ocrx_word' id='word_1_375' title='bbox 3128 524 3194 567; x_wconf 77' lang='lat' dir='ltr'><strong>cx</strong></span> <span class='ocrx_word' id='word_1_376' title='bbox 3226 523 3451 581; x_wconf 59' lang='lat' dir='ltr'><strong>compta</strong></span> <span class='ocrx_word' id='word_1_377' title='bbox 3552 538 3558 549; x_wconf 84' lang='lat'><strong>-</strong></span> 
     </span>
    </p>
   </div>
   <div class='ocr_carea' id='block_1_47' title="bbox 3314 384 3449 440">
    <p class='ocr_par' dir='ltr' id='par_1_47' title="bbox 3314 384 3449 440">
     <span class='ocr_line' id='line_1_47' title="bbox 3314 384 3449 440; baseline -0.015 -1"><span class='ocrx_word' id='word_1_378' title='bbox 3314 384 3449 440; x_wconf 62' lang='grc' dir='ltr'><strong>ΗΜ</strong></span> 
     </span>
    </p>
   </div>
   <div class='ocr_carea' id='block_1_48' title="bbox 1896 604 3451 679">
    <p class='ocr_par' dir='ltr' id='par_1_48' title="bbox 1896 604 3451 679">
     <span class='ocr_line' id='line_1_48' title="bbox 1896 604 3451 679; baseline -0.003 -16"><span class='ocrx_word' id='word_1_379' title='bbox 1896 613 2103 666; x_wconf 91' lang='lat' dir='ltr'><strong>ratione</strong></span> <span class='ocrx_word' id='word_1_380' title='bbox 2129 610 2388 665; x_wconf 78' lang='lat' dir='ltr'><strong>contrarii</strong></span> <span class='ocrx_word' id='word_1_381' title='bbox 2434 610 2647 679; x_wconf 82' lang='lat' dir='ltr'><strong>planius</strong></span> <span class='ocrx_word' id='word_1_382' title='bbox 2685 608 2799 664; x_wconf 86' lang='lat' dir='ltr'><strong>ﬁeri</strong></span> <span class='ocrx_word' id='word_1_383' title='bbox 2862 608 2991 678; x_wconf 90' lang='lat' dir='ltr'><strong>quid</strong></span> <span class='ocrx_word' id='word_1_384' title='bbox 3025 621 3123 677; x_wconf 85' lang='lat' dir='ltr'><strong>per</strong></span> <span class='ocrx_word' id='word_1_385' title='bbox 3158 604 3451 660; x_wconf 64' lang='lat' dir='ltr'><strong>beatitudia-</strong></span> 
     </span>
    </p>
   </div>
   <div class='ocr_carea' id='block_1_49' title="bbox 1896 698 3453 774">
    <p class='ocr_par' dir='ltr' id='par_1_49' title="bbox 1896 698 3453 774">
     <span class='ocr_line' id='line_1_49' title="bbox 1896 698 3453 774; baseline -0.004 -17"><span class='ocrx_word' id='word_1_386' title='bbox 1896 718 2019 757; x_wconf 90' lang='lat' dir='ltr'><strong>nem</strong></span> <span class='ocrx_word' id='word_1_387' title='bbox 2064 702 2433 774; x_wconf 89' lang='lat' dir='ltr'><strong>signiﬁcetur;</strong></span> <span class='ocrx_word' id='word_1_388' title='bbox 2477 702 2752 756; x_wconf 88' lang='lat' dir='ltr'><strong>contraria</strong></span> <span class='ocrx_word' id='word_1_389' title='bbox 2784 708 2959 755; x_wconf 87' lang='lat' dir='ltr'><strong>autem</strong></span> <span class='ocrx_word' id='word_1_390' title='bbox 2996 698 3317 754; x_wconf 90' lang='lat' dir='ltr'><strong>beatitudini</strong></span> <span class='ocrx_word' id='word_1_391' title='bbox 3348 698 3453 752; x_wconf 87' lang='lat' dir='ltr'><strong>mi-</strong></span> 
     </span>
    </p>
   </div>
   <div class='ocr_carea' id='block_1_50' title="bbox 1897 789 3455 865">
    <p class='ocr_par' dir='ltr' id='par_1_50' title="bbox 1897 789 3455 865">
     <span class='ocr_line' id='line_1_50' title="bbox 1897 789 3455 865; baseline -0.004 -15"><span class='ocrx_word' id='word_1_392' title='bbox 1897 796 2039 850; x_wconf 86' lang='lat' dir='ltr'><strong>seria</strong></span> <span class='ocrx_word' id='word_1_393' title='bbox 2074 806 2179 851; x_wconf 90' lang='lat' dir='ltr'><strong>est.</strong></span> <span class='ocrx_word' id='word_1_394' title='bbox 2208 794 2426 851; x_wconf 85' lang='lat' dir='ltr'><strong>Miseria</strong></span> <span class='ocrx_word' id='word_1_395' title='bbox 2452 796 2615 865; x_wconf 82' lang='lat' dir='ltr'><strong>igitur</strong></span> <span class='ocrx_word' id='word_1_396' title='bbox 2643 802 2726 849; x_wconf 91' lang='lat' dir='ltr'><strong>est</strong></span> <span class='ocrx_word' id='word_1_397' title='bbox 2753 794 2807 848; x_wconf 92' lang='lat' dir='ltr'><strong>in</strong></span> <span class='ocrx_word' id='word_1_398' title='bbox 2851 793 3062 847; x_wconf 86' lang='lat' dir='ltr'><strong>acerbis</strong></span> <span class='ocrx_word' id='word_1_399' title='bbox 3113 807 3177 845; x_wconf 88' lang='lat' dir='ltr'><strong>ac</strong></span> <span class='ocrx_word' id='word_1_400' title='bbox 3205 789 3455 845; x_wconf 80' lang='lat' dir='ltr'><strong>tristibus</strong></span> 
     </span>
    </p>
   </div>
   <div class='ocr_carea' id='block_1_51' title="bbox 1896 884 3460 957">
    <p class='ocr_par' dir='ltr' id='par_1_51' title="bbox 1896 884 3460 957">
     <span class='ocr_line' id='line_1_51' title="bbox 1896 884 3460 957; baseline -0.003 -17"><span class='ocrx_word' id='word_1_401' title='bbox 1896 894 2198 957; x_wconf 89' lang='lat' dir='ltr'><strong>nostraque</strong></span> <span class='ocrx_word' id='word_1_402' title='bbox 2242 888 2523 942; x_wconf 78' lang='lat' dir='ltr'><strong>voluntate</strong></span> <span class='ocrx_word' id='word_1_403' title='bbox 2564 902 2675 940; x_wconf 89' lang='lat' dir='ltr'><strong>non</strong></span> <span class='ocrx_word' id='word_1_404' title='bbox 2732 885 3105 941; x_wconf 87' lang='lat' dir='ltr'><strong>accidentibus</strong></span> <span class='ocrx_word' id='word_1_405' title='bbox 3150 884 3370 940; x_wconf 82' lang='lat' dir='ltr'><strong>casibus</strong></span> <span class='ocrx_word' id='word_1_406' title='bbox 3402 886 3460 936; x_wconf 84' lang='lat' dir='ltr'><strong>et</strong></span> 
     </span>
    </p>
   </div>
   <div class='ocr_carea' id='block_1_52' title="bbox 1897 975 3458 1045">
    <p class='ocr_par' dir='ltr' id='par_1_52' title="bbox 1897 975 3458 1045">
     <span class='ocr_line' id='line_1_52' title="bbox 1897 975 3458 1045; baseline -0.003 -13"><span class='ocrx_word' id='word_1_407' title='bbox 1897 978 2299 1033; x_wconf 81' lang='lat' dir='ltr'><strong>calamitatibus</strong></span> <span class='ocrx_word' id='word_1_408' title='bbox 2336 992 2596 1033; x_wconf 67' lang='lat' dir='ltr'><strong>aerumna.</strong></span> <span class='ocrx_word' id='word_1_409' title='bbox 2644 975 2870 1031; x_wconf 81' lang='lat' dir='ltr'><strong>Aﬁ&#39;ectio</strong></span> <span class='ocrx_word' id='word_1_410' title='bbox 2908 977 3034 1031; x_wconf 84' lang='lat' dir='ltr'><strong>item</strong></span> <span class='ocrx_word' id='word_1_411' title='bbox 3098 990 3288 1030; x_wconf 86' lang='lat' dir='ltr'><strong>eorum</strong></span> <span class='ocrx_word' id='word_1_412' title='bbox 3334 985 3458 1045; x_wconf 68' lang='lat' dir='ltr'><strong>qua:</strong></span> 
     </span>
    </p>
   </div>
   <div class='ocr_carea' id='block_1_53' title="bbox 1896 1066 3455 1141">
    <p class='ocr_par' dir='ltr' id='par_1_53' title="bbox 1896 1066 3455 1141">
     <span class='ocr_line' id='line_1_53' title="bbox 1896 1066 3455 1141; baseline -0.003 -16"><span class='ocrx_word' id='word_1_413' title='bbox 1896 1072 1951 1125; x_wconf 91' lang='lat' dir='ltr'><strong>in</strong></span> <span class='ocrx_word' id='word_1_414' title='bbox 1985 1072 2121 1141; x_wconf 85' lang='lat' dir='ltr'><strong>ipsis</strong></span> <span class='ocrx_word' id='word_1_415' title='bbox 2155 1072 2310 1135; x_wconf 87' lang='lat' dir='ltr'><strong>ﬁunt,</strong></span> <span class='ocrx_word' id='word_1_416' title='bbox 2377 1072 2431 1125; x_wconf 88' lang='lat' dir='ltr'><strong>in</strong></span> <span class='ocrx_word' id='word_1_417' title='bbox 2480 1078 2714 1139; x_wconf 85' lang='lat' dir='ltr'><strong>utroque</strong></span> <span class='ocrx_word' id='word_1_418' title='bbox 2760 1070 2814 1122; x_wconf 91' lang='lat' dir='ltr'><strong>in</strong></span> <span class='ocrx_word' id='word_1_419' title='bbox 2858 1069 3190 1123; x_wconf 88' lang='lat' dir='ltr'><strong>contrarium</strong></span> <span class='ocrx_word' id='word_1_420' title='bbox 3224 1066 3455 1122; x_wconf 72' lang='lat' dir='ltr'><strong>deduua</strong></span> 
     </span>
    </p>
   </div>
   <div class='ocr_carea' id='block_1_54' title="bbox 1897 1159 3456 1232">
    <p class='ocr_par' dir='ltr' id='par_1_54' title="bbox 1897 1159 3456 1232">
     <span class='ocr_line' id='line_1_54' title="bbox 1897 1159 3456 1232; baseline 0.001 -19"><span class='ocrx_word' id='word_1_421' title='bbox 1897 1169 2059 1229; x_wconf 85' lang='lat' dir='ltr'><strong>atque</strong></span> <span class='ocrx_word' id='word_1_422' title='bbox 2092 1161 2265 1217; x_wconf 90' lang='lat' dir='ltr'><strong>divisa</strong></span> <span class='ocrx_word' id='word_1_423' title='bbox 2302 1168 2404 1216; x_wconf 86' lang='lat' dir='ltr'><strong>est.</strong></span> <span class='ocrx_word' id='word_1_424' title='bbox 2435 1159 2566 1214; x_wconf 84' lang='lat' dir='ltr'><strong>Nam</strong></span> <span class='ocrx_word' id='word_1_425' title='bbox 2594 1161 2643 1215; x_wconf 92' lang='lat' dir='ltr'><strong>ei</strong></span> <span class='ocrx_word' id='word_1_426' title='bbox 2697 1161 2788 1232; x_wconf 88' lang='lat' dir='ltr'><strong>qui</strong></span> <span class='ocrx_word' id='word_1_427' title='bbox 2817 1160 3034 1229; x_wconf 88' lang='lat' dir='ltr'><strong>quidem</strong></span> <span class='ocrx_word' id='word_1_428' title='bbox 3064 1159 3256 1215; x_wconf 85' lang='lat' dir='ltr'><strong>beatus</strong></span> <span class='ocrx_word' id='word_1_429' title='bbox 3285 1159 3456 1214; x_wconf 86' lang='lat' dir='ltr'><strong>habe-</strong></span> 
     </span>
    </p>
   </div>
   <div class='ocr_carea' id='block_1_55' title="bbox 1898 1247 3456 1317">
    <p class='ocr_par' dir='ltr' id='par_1_55' title="bbox 1898 1247 3456 1317">
     <span class='ocr_line' id='line_1_55' title="bbox 1898 1247 3456 1317; baseline 0.003 -18"><span class='ocrx_word' id='word_1_430' title='bbox 1898 1255 2008 1311; x_wconf 87' lang='lat' dir='ltr'><strong>tur,</strong></span> <span class='ocrx_word' id='word_1_431' title='bbox 2066 1248 2137 1301; x_wconf 91' lang='lat' dir='ltr'><strong>ob</strong></span> <span class='ocrx_word' id='word_1_432' title='bbox 2177 1264 2265 1303; x_wconf 89' lang='lat' dir='ltr'><strong>res</strong></span> <span class='ocrx_word' id='word_1_433' title='bbox 2302 1248 2370 1302; x_wconf 88' lang='lat' dir='ltr'><strong>ad</strong></span> <span class='ocrx_word' id='word_1_434' title='bbox 2420 1247 2703 1302; x_wconf 79' lang='lat' dir='ltr'><strong>fruendum</strong></span> <span class='ocrx_word' id='word_1_435' title='bbox 2760 1248 2864 1303; x_wconf 88' lang='lat' dir='ltr'><strong>sibi</strong></span> <span class='ocrx_word' id='word_1_436' title='bbox 2914 1248 3219 1317; x_wconf 89' lang='lat' dir='ltr'><strong>propositas</strong></span> <span class='ocrx_word' id='word_1_437' title='bbox 3263 1248 3456 1313; x_wconf 66' lang='lat' dir='ltr'><strong>laetari,</strong></span> 
     </span>
    </p>
   </div>
   <div class='ocr_carea' id='block_1_56' title="bbox 1900 1334 3461 1405">
    <p class='ocr_par' dir='ltr' id='par_1_56' title="bbox 1900 1334 3461 1405">
     <span class='ocr_line' id='line_1_56' title="bbox 1900 1334 3461 1405; baseline -0.001 -16"><span class='ocrx_word' id='word_1_438' title='bbox 1900 1335 2000 1389; x_wconf 88' lang='lat' dir='ltr'><strong>sibi</strong></span> <span class='ocrx_word' id='word_1_439' title='bbox 2034 1336 2249 1405; x_wconf 83' lang='lat' dir='ltr'><strong>placere</strong></span> <span class='ocrx_word' id='word_1_440' title='bbox 2284 1344 2339 1391; x_wconf 91' lang='lat' dir='ltr'><strong>et</strong></span> <span class='ocrx_word' id='word_1_441' title='bbox 2371 1336 2647 1390; x_wconf 80' lang='lat' dir='ltr'><strong>exsultare</strong></span> <span class='ocrx_word' id='word_1_442' title='bbox 2679 1336 2845 1400; x_wconf 89' lang='lat' dir='ltr'><strong>licet;</strong></span> <span class='ocrx_word' id='word_1_443' title='bbox 2887 1336 2936 1389; x_wconf 91' lang='lat' dir='ltr'><strong>ei</strong></span> <span class='ocrx_word' id='word_1_444' title='bbox 2984 1345 3114 1388; x_wconf 88' lang='lat' dir='ltr'><strong>vero</strong></span> <span class='ocrx_word' id='word_1_445' title='bbox 3159 1334 3251 1404; x_wconf 74' lang='lat' dir='ltr'><strong>Qui</strong></span> <span class='ocrx_word' id='word_1_446' title='bbox 3294 1334 3461 1389; x_wconf 85' lang='lat' dir='ltr'><strong>miser</strong></span> 
     </span>
    </p>
   </div>
   <div class='ocr_carea' id='block_1_57' title="bbox 1900 1425 3462 1496">
    <p class='ocr_par' dir='ltr' id='par_1_57' title="bbox 1900 1425 3462 1496">
     <span class='ocr_line' id='line_1_57' title="bbox 1900 1425 3462 1496; baseline 0.001 -17"><span class='ocrx_word' id='word_1_447' title='bbox 1900 1426 2261 1492; x_wconf 84' lang='lat' dir='ltr'><strong>existimatur,</strong></span> <span class='ocrx_word' id='word_1_448' title='bbox 2293 1427 2456 1482; x_wconf 83' lang='lat' dir='ltr'><strong>rebus</strong></span> <span class='ocrx_word' id='word_1_449' title='bbox 2493 1428 2596 1482; x_wconf 89' lang='lat' dir='ltr'><strong>sibi</strong></span> <span class='ocrx_word' id='word_1_450' title='bbox 2624 1425 2984 1493; x_wconf 64' lang='lat' dir='ltr'><strong>prtesentibus</strong></span> <span class='ocrx_word' id='word_1_451' title='bbox 3024 1426 3146 1495; x_wconf 90' lang='lat' dir='ltr'><strong>angi</strong></span> <span class='ocrx_word' id='word_1_452' title='bbox 3180 1434 3343 1496; x_wconf 89' lang='lat' dir='ltr'><strong>atque</strong></span> <span class='ocrx_word' id='word_1_453' title='bbox 3368 1425 3462 1481; x_wconf 63' lang='lat' dir='ltr'><strong>dm</strong></span> 
     </span>
    </p>
   </div>
   <div class='ocr_carea' id='block_1_58' title="bbox 1900 1516 3459 1589">
    <p class='ocr_par' dir='ltr' id='par_1_58' title="bbox 1900 1516 3459 1589">
     <span class='ocr_line' id='line_1_58' title="bbox 1900 1516 3459 1589; baseline 0 -18"><span class='ocrx_word' id='word_1_454' title='bbox 1900 1519 2011 1574; x_wconf 89' lang='lat' dir='ltr'><strong>lere</strong></span> <span class='ocrx_word' id='word_1_455' title='bbox 2048 1518 2334 1589; x_wconf 86' lang='lat' dir='ltr'><strong>contingit.</strong></span> <span class='ocrx_word' id='word_1_456' title='bbox 2372 1517 2544 1573; x_wconf 88' lang='lat' dir='ltr'><strong>Porro</strong></span> <span class='ocrx_word' id='word_1_457' title='bbox 2581 1519 2727 1588; x_wconf 91' lang='lat' dir='ltr'><strong>quod</strong></span> <span class='ocrx_word' id='word_1_458' title='bbox 2758 1534 2883 1573; x_wconf 85' lang='lat' dir='ltr'><strong>vere</strong></span> <span class='ocrx_word' id='word_1_459' title='bbox 2911 1518 3127 1572; x_wconf 87' lang='lat' dir='ltr'><strong>beatum</strong></span> <span class='ocrx_word' id='word_1_460' title='bbox 3153 1516 3459 1572; x_wconf 89' lang='lat' dir='ltr'><strong>habendum</strong></span> 
     </span>
    </p>
   </div>
   <div class='ocr_carea' id='block_1_59' title="bbox 1900 1605 3463 1679">
    <p class='ocr_par' dir='ltr' id='par_1_59' title="bbox 1900 1605 3463 1679">
     <span class='ocr_line' id='line_1_59' title="bbox 1900 1605 3463 1679; baseline -0.003 -13"><span class='ocrx_word' id='word_1_461' title='bbox 1900 1611 1990 1673; x_wconf 88' lang='lat' dir='ltr'><strong>sit,</strong></span> <span class='ocrx_word' id='word_1_462' title='bbox 2039 1609 2214 1679; x_wconf 90' lang='lat' dir='ltr'><strong>ipsum</strong></span> <span class='ocrx_word' id='word_1_463' title='bbox 2266 1609 2509 1664; x_wconf 90' lang='lat' dir='ltr'><strong>divinum</strong></span> <span class='ocrx_word' id='word_1_464' title='bbox 2550 1624 2749 1664; x_wconf 83' lang='lat' dir='ltr'><strong>numen</strong></span> <span class='ocrx_word' id='word_1_465' title='bbox 2790 1616 2891 1663; x_wconf 89' lang='lat' dir='ltr'><strong>est.</strong></span> <span class='ocrx_word' id='word_1_466' title='bbox 2927 1606 3060 1661; x_wconf 86' lang='lat' dir='ltr'><strong>Nam</strong></span> <span class='ocrx_word' id='word_1_467' title='bbox 3111 1607 3373 1678; x_wconf 87' lang='lat' dir='ltr'><strong>quidquid</strong></span> <span class='ocrx_word' id='word_1_468' title='bbox 3407 1605 3463 1661; x_wconf 91' lang='lat' dir='ltr'><strong>id</strong></span> 
     </span>
    </p>
   </div>
   <div class='ocr_carea' id='block_1_60' title="bbox 1901 1700 3467 1772">
    <p class='ocr_par' dir='ltr' id='par_1_60' title="bbox 1901 1700 3467 1772">
     <span class='ocr_line' id='line_1_60' title="bbox 1901 1700 3467 1772; baseline -0.001 -17"><span class='ocrx_word' id='word_1_469' title='bbox 1901 1703 2115 1756; x_wconf 83' lang='lat' dir='ltr'><strong>tandem</strong></span> <span class='ocrx_word' id='word_1_470' title='bbox 2144 1718 2266 1758; x_wconf 91' lang='lat' dir='ltr'><strong>esse</strong></span> <span class='ocrx_word' id='word_1_471' title='bbox 2296 1716 2594 1772; x_wconf 89' lang='lat' dir='ltr'><strong>ponamus,</strong></span> <span class='ocrx_word' id='word_1_472' title='bbox 2638 1700 2913 1756; x_wconf 85' lang='lat' dir='ltr'><strong>beatitudo</strong></span> <span class='ocrx_word' id='word_1_473' title='bbox 2944 1708 3028 1755; x_wconf 92' lang='lat' dir='ltr'><strong>est</strong></span> <span class='ocrx_word' id='word_1_474' title='bbox 3059 1701 3148 1754; x_wconf 89' lang='lat' dir='ltr'><strong>illa</strong></span> <span class='ocrx_word' id='word_1_475' title='bbox 3183 1700 3467 1755; x_wconf 86' lang='lat' dir='ltr'><strong>immorta-</strong></span> 
     </span>
    </p>
   </div>
   <div class='ocr_carea' id='block_1_61' title="bbox 1905 1791 3459 1863">
    <p class='ocr_par' dir='ltr' id='par_1_61' title="bbox 1905 1791 3459 1863">
     <span class='ocr_line' id='line_1_61' title="bbox 1905 1791 3459 1863; baseline -0.001 -17"><span class='ocrx_word' id='word_1_476' title='bbox 1905 1794 1971 1848; x_wconf 93' lang='lat' dir='ltr'><strong>lis</strong></span> <span class='ocrx_word' id='word_1_477' title='bbox 2005 1801 2059 1848; x_wconf 90' lang='lat' dir='ltr'><strong>et</strong></span> <span class='ocrx_word' id='word_1_478' title='bbox 2089 1793 2403 1861; x_wconf 89' lang='lat' dir='ltr'><strong>incorrupta</strong></span> <span class='ocrx_word' id='word_1_479' title='bbox 2444 1794 2572 1859; x_wconf 88' lang='lat' dir='ltr'><strong>vita,</strong></span> <span class='ocrx_word' id='word_1_480' title='bbox 2613 1792 2881 1847; x_wconf 74' lang='lat' dir='ltr'><strong>inelfabile</strong></span> <span class='ocrx_word' id='word_1_481' title='bbox 2904 1793 3105 1863; x_wconf 85' lang='lat' dir='ltr'><strong>pariter</strong></span> <span class='ocrx_word' id='word_1_482' title='bbox 3136 1800 3189 1847; x_wconf 79' lang='lat' dir='ltr'><strong>et</strong></span> <span class='ocrx_word' id='word_1_483' title='bbox 3222 1791 3459 1845; x_wconf 86' lang='lat' dir='ltr'><strong>inanim-</strong></span> 
     </span>
    </p>
   </div>
   <div class='ocr_carea' id='block_1_62' title="bbox 1830 1871 3463 1955">
    <p class='ocr_par' dir='ltr' id='par_1_62' title="bbox 1830 1871 3463 1955">
     <span class='ocr_line' id='line_1_62' title="bbox 1830 1871 3463 1955; baseline -0.001 -19"><span class='ocrx_word' id='word_1_484' title='bbox 1830 1871 1873 1925; x_wconf 79' lang='grc' dir='ltr'><strong><em>Β</em></strong></span> <span class='ocrx_word' id='word_1_485' title='bbox 1904 1884 2224 1939; x_wconf 89' lang='lat' dir='ltr'><strong>adversibile</strong></span> <span class='ocrx_word' id='word_1_486' title='bbox 2278 1892 2442 1955; x_wconf 90' lang='lat' dir='ltr'><strong>atque</strong></span> <span class='ocrx_word' id='word_1_487' title='bbox 2491 1884 2907 1953; x_wconf 77' lang='lat' dir='ltr'><strong>inexcogitabile</strong></span> <span class='ocrx_word' id='word_1_488' title='bbox 2947 1885 3172 1945; x_wconf 88' lang='lat' dir='ltr'><strong>bonum,</strong></span> <span class='ocrx_word' id='word_1_489' title='bbox 3242 1882 3463 1937; x_wconf 89' lang='lat' dir='ltr'><strong>inenar-</strong></span> 
     </span>
    </p>
   </div>
   <div class='ocr_carea' id='block_1_63' title="bbox 1904 1972 3467 2044">
    <p class='ocr_par' dir='ltr' id='par_1_63' title="bbox 1904 1972 3467 2044">
     <span class='ocr_line' id='line_1_63' title="bbox 1904 1972 3467 2044; baseline -0.001 -17"><span class='ocrx_word' id='word_1_490' title='bbox 1904 1975 2092 2029; x_wconf 86' lang='lat' dir='ltr'><strong>rabilis</strong></span> <span class='ocrx_word' id='word_1_491' title='bbox 2124 1972 2629 2043; x_wconf 77' lang='lat' dir='ltr'><strong>inexplicabilisque</strong></span> <span class='ocrx_word' id='word_1_492' title='bbox 2660 1972 3032 2044; x_wconf 81' lang='lat' dir='ltr'><strong>pulchritudo,</strong></span> <span class='ocrx_word' id='word_1_493' title='bbox 3066 1988 3094 2026; x_wconf 93' lang='lat' dir='ltr'><strong>a</strong></span> <span class='ocrx_word' id='word_1_494' title='bbox 3128 1972 3305 2042; x_wconf 89' lang='lat' dir='ltr'><strong>seipsa</strong></span> <span class='ocrx_word' id='word_1_495' title='bbox 3339 1987 3467 2043; x_wconf 52' lang='lat' dir='ltr'><strong>pro.</strong></span> 
     </span>
    </p>
   </div>
   <div class='ocr_carea' id='block_1_64' title="bbox 1908 2062 3471 2134">
    <p class='ocr_par' dir='ltr' id='par_1_64' title="bbox 1908 2062 3471 2134">
     <span class='ocr_line' id='line_1_64' title="bbox 1908 2062 3471 2134; baseline -0.001 -18"><span class='ocrx_word' id='word_1_496' title='bbox 1908 2064 2067 2124; x_wconf 75' lang='lat' dir='ltr'><strong>tecta.</strong></span> <span class='ocrx_word' id='word_1_497' title='bbox 2104 2079 2134 2117; x_wconf 91' lang='lat' dir='ltr'><strong>a</strong></span> <span class='ocrx_word' id='word_1_498' title='bbox 2166 2064 2343 2134; x_wconf 87' lang='lat' dir='ltr'><strong>seipsa</strong></span> <span class='ocrx_word' id='word_1_499' title='bbox 2374 2064 2518 2125; x_wconf 90' lang='lat' dir='ltr'><strong>data,</strong></span> <span class='ocrx_word' id='word_1_500' title='bbox 2550 2072 2604 2117; x_wconf 90' lang='lat' dir='ltr'><strong>et</strong></span> <span class='ocrx_word' id='word_1_501' title='bbox 2640 2062 2833 2131; x_wconf 86' lang='lat' dir='ltr'><strong>gratia,</strong></span> <span class='ocrx_word' id='word_1_502' title='bbox 2863 2068 2917 2116; x_wconf 87' lang='lat' dir='ltr'><strong>et</strong></span> <span class='ocrx_word' id='word_1_503' title='bbox 2958 2062 3243 2131; x_wconf 85' lang='lat' dir='ltr'><strong>sapientia,</strong></span> <span class='ocrx_word' id='word_1_504' title='bbox 3281 2070 3335 2115; x_wconf 89' lang='lat' dir='ltr'><strong>et</strong></span> <span class='ocrx_word' id='word_1_505' title='bbox 3372 2074 3471 2131; x_wconf 57' lang='grc' dir='ltr'>ρο*</span> 
     </span>
    </p>
   </div>
   <div class='ocr_carea' id='block_1_65' title="bbox 1908 2152 3471 2218">
    <p class='ocr_par' dir='ltr' id='par_1_65' title="bbox 1908 2152 3471 2218">
     <span class='ocr_line' id='line_1_65' title="bbox 1908 2152 3471 2218; baseline 0 -11"><span class='ocrx_word' id='word_1_506' title='bbox 1908 2155 2094 2218; x_wconf 89' lang='lat' dir='ltr'><strong>tentia,</strong></span> <span class='ocrx_word' id='word_1_507' title='bbox 2143 2169 2270 2208; x_wconf 86' lang='lat' dir='ltr'><strong>vera</strong></span> <span class='ocrx_word' id='word_1_508' title='bbox 2306 2155 2419 2218; x_wconf 85' lang='lat' dir='ltr'><strong>lux,</strong></span> <span class='ocrx_word' id='word_1_509' title='bbox 2470 2152 2593 2209; x_wconf 79' lang='lat' dir='ltr'><strong>fons</strong></span> <span class='ocrx_word' id='word_1_510' title='bbox 2626 2154 2805 2209; x_wconf 90' lang='lat' dir='ltr'><strong>omnis</strong></span> <span class='ocrx_word' id='word_1_511' title='bbox 2833 2153 3109 2217; x_wconf 84' lang='lat' dir='ltr'><strong>bonitatis,</strong></span> <span class='ocrx_word' id='word_1_512' title='bbox 3147 2154 3312 2209; x_wconf 85' lang='lat' dir='ltr'><strong>rebus</strong></span> <span class='ocrx_word' id='word_1_513' title='bbox 3349 2155 3471 2208; x_wconf 81' lang='lat' dir='ltr'><strong>uni-</strong></span> 
     </span>
    </p>
   </div>
   <div class='ocr_carea' id='block_1_66' title="bbox 1909 2245 3469 2315">
    <p class='ocr_par' dir='ltr' id='par_1_66' title="bbox 1909 2245 3469 2315">
     <span class='ocr_line' id='line_1_66' title="bbox 1909 2245 3469 2315; baseline 0.001 -19"><span class='ocrx_word' id='word_1_514' title='bbox 1909 2248 2082 2300; x_wconf 77' lang='lat' dir='ltr'><strong>versis</strong></span> <span class='ocrx_word' id='word_1_515' title='bbox 2134 2245 2432 2314; x_wconf 74' lang='lat' dir='ltr'><strong>prmsidens</strong></span> <span class='ocrx_word' id='word_1_516' title='bbox 2481 2259 2545 2299; x_wconf 91' lang='lat' dir='ltr'><strong>ac</strong></span> <span class='ocrx_word' id='word_1_517' title='bbox 2579 2245 2998 2315; x_wconf 86' lang='lat' dir='ltr'><strong>superimposita</strong></span> <span class='ocrx_word' id='word_1_518' title='bbox 3048 2255 3310 2315; x_wconf 79' lang='lat' dir='ltr'><strong>potestas,</strong></span> <span class='ocrx_word' id='word_1_519' title='bbox 3353 2246 3469 2300; x_wconf 86' lang='lat' dir='ltr'><strong>sola</strong></span> 
     </span>
    </p>
   </div>
   <div class='ocr_carea' id='block_1_67' title="bbox 1909 2334 3472 2407">
    <p class='ocr_par' dir='ltr' id='par_1_67' title="bbox 1909 2334 3472 2407">
     <span class='ocr_line' id='line_1_67' title="bbox 1909 2334 3472 2407; baseline 0.002 -20"><span class='ocrx_word' id='word_1_520' title='bbox 1909 2336 2179 2398; x_wconf 87' lang='lat' dir='ltr'><strong>amabilis,</strong></span> <span class='ocrx_word' id='word_1_521' title='bbox 2216 2350 2430 2405; x_wconf 87' lang='lat' dir='ltr'><strong>semper</strong></span> <span class='ocrx_word' id='word_1_522' title='bbox 2460 2334 2647 2390; x_wconf 88' lang='lat' dir='ltr'><strong>eodem</strong></span> <span class='ocrx_word' id='word_1_523' title='bbox 2674 2336 2836 2390; x_wconf 91' lang='lat' dir='ltr'><strong>modo</strong></span> <span class='ocrx_word' id='word_1_524' title='bbox 2877 2352 2996 2392; x_wconf 86' lang='lat' dir='ltr'><strong>sese</strong></span> <span class='ocrx_word' id='word_1_525' title='bbox 3022 2336 3248 2401; x_wconf 86' lang='lat' dir='ltr'><strong>habens,</strong></span> <span class='ocrx_word' id='word_1_526' title='bbox 3276 2352 3472 2407; x_wconf 86' lang='lat' dir='ltr'><strong>perpe-</strong></span> 
     </span>
    </p>
   </div>
   <div class='ocr_carea' id='block_1_68' title="bbox 1911 2428 3473 2499">
    <p class='ocr_par' dir='ltr' id='par_1_68' title="bbox 1911 2428 3473 2499">
     <span class='ocr_line' id='line_1_68' title="bbox 1911 2428 3473 2499; baseline 0.003 -19"><span class='ocrx_word' id='word_1_527' title='bbox 1911 2436 1999 2481; x_wconf 84' lang='lat' dir='ltr'><strong>tua</strong></span> <span class='ocrx_word' id='word_1_528' title='bbox 2040 2428 2352 2492; x_wconf 79' lang='lat' dir='ltr'><strong>exsultatio,</strong></span> <span class='ocrx_word' id='word_1_529' title='bbox 2408 2428 2739 2498; x_wconf 88' lang='lat' dir='ltr'><strong>sempiterna</strong></span> <span class='ocrx_word' id='word_1_530' title='bbox 2786 2428 2992 2494; x_wconf 73' lang='lat' dir='ltr'><strong>laetitia,</strong></span> <span class='ocrx_word' id='word_1_531' title='bbox 3042 2428 3110 2484; x_wconf 90' lang='lat' dir='ltr'><strong>de</strong></span> <span class='ocrx_word' id='word_1_532' title='bbox 3133 2445 3241 2499; x_wconf 91' lang='lat' dir='ltr'><strong>qua</strong></span> <span class='ocrx_word' id='word_1_533' title='bbox 3273 2431 3473 2499; x_wconf 81' lang='lat' dir='ltr'><strong>siquis</strong></span> 
     </span>
    </p>
   </div>
   <div class='ocr_carea' id='block_1_69' title="bbox 1910 2519 3474 2593">
    <p class='ocr_par' dir='ltr' id='par_1_69' title="bbox 1910 2519 3474 2593">
     <span class='ocr_line' id='line_1_69' title="bbox 1910 2519 3474 2593; baseline 0.003 -20"><span class='ocrx_word' id='word_1_534' title='bbox 1910 2522 2055 2575; x_wconf 85' lang='lat' dir='ltr'><strong>dicat</strong></span> <span class='ocrx_word' id='word_1_535' title='bbox 2089 2520 2269 2574; x_wconf 90' lang='lat' dir='ltr'><strong>omnia</strong></span> <span class='ocrx_word' id='word_1_536' title='bbox 2304 2535 2423 2590; x_wconf 69' lang='lat' dir='ltr'><strong>quae</strong></span> <span class='ocrx_word' id='word_1_537' title='bbox 2453 2519 2647 2589; x_wconf 88' lang='lat' dir='ltr'><strong>possit,</strong></span> <span class='ocrx_word' id='word_1_538' title='bbox 2677 2520 2811 2575; x_wconf 90' lang='lat' dir='ltr'><strong>nihil</strong></span> <span class='ocrx_word' id='word_1_539' title='bbox 2840 2521 2973 2575; x_wconf 87' lang='lat' dir='ltr'><strong>dicit</strong></span> <span class='ocrx_word' id='word_1_540' title='bbox 2998 2532 3187 2575; x_wconf 90' lang='lat' dir='ltr'><strong>eorum</strong></span> <span class='ocrx_word' id='word_1_541' title='bbox 3246 2537 3367 2593; x_wconf 74' lang='lat' dir='ltr'><strong>quae</strong></span> <span class='ocrx_word' id='word_1_542' title='bbox 3396 2523 3474 2577; x_wconf 85' lang='lat' dir='ltr'><strong>rei</strong></span> 
     </span>
    </p>
   </div>
   <div class='ocr_carea' id='block_1_70' title="bbox 1912 2610 3477 2681">
    <p class='ocr_par' dir='ltr' id='par_1_70' title="bbox 1912 2610 3477 2681">
     <span class='ocr_line' id='line_1_70' title="bbox 1912 2610 3477 2681; baseline 0.002 -19"><span class='ocrx_word' id='word_1_543' title='bbox 1912 2610 2150 2679; x_wconf 80' lang='lat' dir='ltr'><strong>dignitas</strong></span> <span class='ocrx_word' id='word_1_544' title='bbox 2183 2610 2422 2680; x_wconf 87' lang='lat' dir='ltr'><strong>postulat</strong></span> <span class='ocrx_word' id='word_1_545' title='bbox 2455 2616 2616 2679; x_wconf 90' lang='lat' dir='ltr'><strong>atque</strong></span> <span class='ocrx_word' id='word_1_546' title='bbox 2654 2610 2903 2679; x_wconf 88' lang='lat' dir='ltr'><strong>requirit.</strong></span> <span class='ocrx_word' id='word_1_547' title='bbox 2937 2610 3122 2681; x_wconf 88' lang='lat' dir='ltr'><strong>Neque</strong></span> <span class='ocrx_word' id='word_1_548' title='bbox 3147 2612 3291 2666; x_wconf 89' lang='lat' dir='ltr'><strong>enim</strong></span> <span class='ocrx_word' id='word_1_549' title='bbox 3324 2612 3477 2667; x_wconf 87' lang='lat' dir='ltr'><strong>intel-</strong></span> 
     </span>
    </p>
   </div>
   <div class='ocr_carea' id='block_1_71' title="bbox 1913 2701 3479 2775">
    <p class='ocr_par' dir='ltr' id='par_1_71' title="bbox 1913 2701 3479 2775">
     <span class='ocr_line' id='line_1_71' title="bbox 1913 2701 3479 2775; baseline 0.002 -21"><span class='ocrx_word' id='word_1_550' title='bbox 1913 2701 2133 2771; x_wconf 87' lang='lat' dir='ltr'><strong>ligentia</strong></span> <span class='ocrx_word' id='word_1_551' title='bbox 2181 2702 2487 2771; x_wconf 87' lang='lat' dir='ltr'><strong>mentisque</strong></span> <span class='ocrx_word' id='word_1_552' title='bbox 2541 2711 2595 2757; x_wconf 91' lang='lat' dir='ltr'><strong>et</strong></span> <span class='ocrx_word' id='word_1_553' title='bbox 2642 2704 2845 2775; x_wconf 81' lang='lat' dir='ltr'><strong>ingenii</strong></span> <span class='ocrx_word' id='word_1_554' title='bbox 2884 2703 3109 2770; x_wconf 83' lang='lat' dir='ltr'><strong>agitatio</strong></span> <span class='ocrx_word' id='word_1_555' title='bbox 3157 2703 3374 2772; x_wconf 87' lang='lat' dir='ltr'><strong>attingit</strong></span> <span class='ocrx_word' id='word_1_556' title='bbox 3422 2711 3479 2757; x_wconf 82' lang='lat' dir='ltr'><strong>et</strong></span> 
     </span>
    </p>
   </div>
   <div class='ocr_carea' id='block_1_72' title="bbox 1915 2789 3480 2862">
    <p class='ocr_par' dir='ltr' id='par_1_72' title="bbox 1915 2789 3480 2862">
     <span class='ocr_line' id='line_1_72' title="bbox 1915 2789 3480 2862; baseline 0.001 -18"><span class='ocrx_word' id='word_1_557' title='bbox 1915 2793 2229 2861; x_wconf 86' lang='lat' dir='ltr'><strong>assequitur</strong></span> <span class='ocrx_word' id='word_1_558' title='bbox 2257 2792 2309 2845; x_wconf 90' lang='lat' dir='ltr'><strong>id</strong></span> <span class='ocrx_word' id='word_1_559' title='bbox 2335 2792 2479 2861; x_wconf 94' lang='lat' dir='ltr'><strong>quod</strong></span> <span class='ocrx_word' id='word_1_560' title='bbox 2506 2802 2613 2857; x_wconf 90' lang='lat' dir='ltr'><strong>est,</strong></span> <span class='ocrx_word' id='word_1_561' title='bbox 2647 2802 2809 2862; x_wconf 86' lang='lat' dir='ltr'><strong>atque</strong></span> <span class='ocrx_word' id='word_1_562' title='bbox 2844 2794 3003 2848; x_wconf 90' lang='lat' dir='ltr'><strong>etiam</strong></span> <span class='ocrx_word' id='word_1_563' title='bbox 3045 2789 3088 2847; x_wconf 88' lang='lat' dir='ltr'><strong>si</strong></span> <span class='ocrx_word' id='word_1_564' title='bbox 3126 2792 3256 2861; x_wconf 92' lang='lat' dir='ltr'><strong>quid</strong></span> <span class='ocrx_word' id='word_1_565' title='bbox 3286 2792 3354 2846; x_wconf 88' lang='lat' dir='ltr'><strong>de</strong></span> <span class='ocrx_word' id='word_1_566' title='bbox 3388 2794 3480 2847; x_wconf 87' lang='lat' dir='ltr'><strong>illo</strong></span> 
     </span>
    </p>
   </div>
   <div class='ocr_carea' id='block_1_73' title="bbox 1915 2882 3482 2953">
    <p class='ocr_par' dir='ltr' id='par_1_73' title="bbox 1915 2882 3482 2953">
     <span class='ocr_line' id='line_1_73' title="bbox 1915 2882 3482 2953; baseline -0.001 -16"><span class='ocrx_word' id='word_1_567' title='bbox 1915 2883 2059 2937; x_wconf 81' lang='lat' dir='ltr'><strong>bono</strong></span> <span class='ocrx_word' id='word_1_568' title='bbox 2097 2883 2182 2937; x_wconf 88' lang='lat' dir='ltr'><strong>vel</strong></span> <span class='ocrx_word' id='word_1_569' title='bbox 2220 2883 2509 2938; x_wconf 87' lang='lat' dir='ltr'><strong>sublimius</strong></span> <span class='ocrx_word' id='word_1_570' title='bbox 2538 2890 2591 2938; x_wconf 92' lang='lat' dir='ltr'><strong>et</strong></span> <span class='ocrx_word' id='word_1_571' title='bbox 2621 2884 2787 2937; x_wconf 89' lang='lat' dir='ltr'><strong>altius</strong></span> <span class='ocrx_word' id='word_1_572' title='bbox 2818 2883 3057 2952; x_wconf 89' lang='lat' dir='ltr'><strong>cogitare</strong></span> <span class='ocrx_word' id='word_1_573' title='bbox 3078 2890 3138 2937; x_wconf 82' lang='lat' dir='ltr'><strong>et</strong></span> <span class='ocrx_word' id='word_1_574' title='bbox 3183 2882 3482 2953; x_wconf 82' lang='lat' dir='ltr'><strong>intelligere</strong></span> 
     </span>
    </p>
   </div>
   <div class='ocr_carea' id='block_1_74' title="bbox 1918 2961 3480 3042">
    <p class='ocr_par' dir='ltr' id='par_1_74' title="bbox 1918 2961 3480 3042">
     <span class='ocr_line' id='line_1_74' title="bbox 1918 2961 3480 3042; baseline 0.001 -16"><span class='ocrx_word' id='word_1_575' title='bbox 1918 2972 2212 3037; x_wconf 85' lang='lat' dir='ltr'><strong>valeamus,</strong></span> <span class='ocrx_word' id='word_1_576' title='bbox 2267 2961 2415 3025; x_wconf 83' lang='lat' dir='ltr'><strong>nulla</strong></span> <span class='ocrx_word' id='word_1_577' title='bbox 2461 2981 2644 3027; x_wconf 84' lang='lat' dir='ltr'><strong>tamen</strong></span> <span class='ocrx_word' id='word_1_578' title='bbox 2693 2973 2905 3026; x_wconf 89' lang='lat' dir='ltr'><strong>ratione</strong></span> <span class='ocrx_word' id='word_1_579' title='bbox 2934 2972 3015 3026; x_wconf 87' lang='lat' dir='ltr'><strong>vel</strong></span> <span class='ocrx_word' id='word_1_580' title='bbox 3048 2973 3299 3027; x_wconf 88' lang='lat' dir='ltr'><strong>oratione</strong></span> <span class='ocrx_word' id='word_1_581' title='bbox 3337 2973 3480 3042; x_wconf 89' lang='lat' dir='ltr'><strong>quod</strong></span> 
     </span>
    </p>
   </div>
   <div class='ocr_carea' id='block_1_75' title="bbox 1917 3063 3484 3133">
    <p class='ocr_par' dir='ltr' id='par_1_75' title="bbox 1917 3063 3484 3133">
     <span class='ocr_line' id='line_1_75' title="bbox 1917 3063 3484 3133; baseline 0 -16"><span class='ocrx_word' id='word_1_582' title='bbox 1917 3066 2187 3133; x_wconf 85' lang='lat' dir='ltr'><strong>cogitatur</strong></span> <span class='ocrx_word' id='word_1_583' title='bbox 2224 3071 2278 3117; x_wconf 91' lang='lat' dir='ltr'><strong>et</strong></span> <span class='ocrx_word' id='word_1_584' title='bbox 2316 3063 2636 3133; x_wconf 87' lang='lat' dir='ltr'><strong>intelligitur</strong></span> <span class='ocrx_word' id='word_1_585' title='bbox 2695 3064 3030 3118; x_wconf 87' lang='lat' dir='ltr'><strong>enuntiatur.</strong></span> <span class='ocrx_word' id='word_1_586' title='bbox 3070 3063 3337 3128; x_wconf 84' lang='lat' dir='ltr'><strong>Quoniam</strong></span> <span class='ocrx_word' id='word_1_587' title='bbox 3381 3078 3484 3117; x_wconf 60' lang='lat' dir='ltr'><strong>aua</strong></span> 
     </span>
    </p>
   </div>
   <div class='ocr_carea' id='block_1_76' title="bbox 1925 3154 3482 3225">
    <p class='ocr_par' dir='ltr' id='par_1_76' title="bbox 1925 3154 3482 3225">
     <span class='ocr_line' id='line_1_76' title="bbox 1925 3154 3482 3225; baseline 0.001 -17"><span class='ocrx_word' id='word_1_588' title='bbox 1925 3164 2029 3209; x_wconf 92' lang='lat' dir='ltr'><strong>tem</strong></span> <span class='ocrx_word' id='word_1_589' title='bbox 2076 3155 2123 3209; x_wconf 90' lang='lat' dir='ltr'><strong>is</strong></span> <span class='ocrx_word' id='word_1_590' title='bbox 2159 3155 2253 3224; x_wconf 87' lang='lat' dir='ltr'><strong>qui</strong></span> <span class='ocrx_word' id='word_1_591' title='bbox 2308 3155 2462 3209; x_wconf 81' lang='lat' dir='ltr'><strong>ﬁnxit</strong></span> <span class='ocrx_word' id='word_1_592' title='bbox 2498 3155 2793 3218; x_wconf 88' lang='lat' dir='ltr'><strong>hominem,</strong></span> <span class='ocrx_word' id='word_1_593' title='bbox 2847 3154 3144 3210; x_wconf 89' lang='lat' dir='ltr'><strong>secundum</strong></span> <span class='ocrx_word' id='word_1_594' title='bbox 3194 3155 3482 3225; x_wconf 88' lang='lat' dir='ltr'><strong>imaginem</strong></span> 
     </span>
    </p>
   </div>
   <div class='ocr_carea' id='block_1_77' title="bbox 1929 3243 3485 3313">
    <p class='ocr_par' dir='ltr' id='par_1_77' title="bbox 1929 3243 3485 3313">
     <span class='ocr_line' id='line_1_77' title="bbox 1929 3243 3485 3313; baseline 0.001 -16"><span class='ocrx_word' id='word_1_595' title='bbox 1929 3243 2021 3298; x_wconf 86' lang='lat' dir='ltr'><strong>Dei</strong></span> <span class='ocrx_word' id='word_1_596' title='bbox 2060 3244 2188 3299; x_wconf 79' lang='lat' dir='ltr'><strong>fecit</strong></span> <span class='ocrx_word' id='word_1_597' title='bbox 2225 3259 2347 3299; x_wconf 90' lang='lat' dir='ltr'><strong>eum</strong></span> <span class='ocrx_word' id='word_1_598' title='bbox 2370 3283 2388 3308; x_wconf 93' lang='lat'><strong>,</strong></span> <span class='ocrx_word' id='word_1_599' title='bbox 2425 3244 2665 3299; x_wconf 92' lang='lat' dir='ltr'><strong>secundo</strong></span> <span class='ocrx_word' id='word_1_600' title='bbox 2710 3245 2829 3298; x_wconf 91' lang='lat' dir='ltr'><strong>loco</strong></span> <span class='ocrx_word' id='word_1_601' title='bbox 2873 3248 3087 3298; x_wconf 84' lang='lat' dir='ltr'><strong>beatum</strong></span> <span class='ocrx_word' id='word_1_602' title='bbox 3129 3244 3485 3313; x_wconf 91' lang='lat' dir='ltr'><strong>judicandum</strong></span> 
     </span>
    </p>
   </div>
   <div class='ocr_carea' id='block_1_78' title="bbox 1929 3334 3490 3407">
    <p class='ocr_par' dir='ltr' id='par_1_78' title="bbox 1929 3334 3490 3407">
     <span class='ocr_line' id='line_1_78' title="bbox 1929 3334 3490 3407; baseline -0.001 -17"><span class='ocrx_word' id='word_1_603' title='bbox 1929 3335 2089 3391; x_wconf 83' lang='lat' dir='ltr'><strong>fuerit</strong></span> <span class='ocrx_word' id='word_1_604' title='bbox 2117 3335 2171 3390; x_wconf 90' lang='lat' dir='ltr'><strong>id</strong></span> <span class='ocrx_word' id='word_1_605' title='bbox 2210 3334 2356 3405; x_wconf 89' lang='lat' dir='ltr'><strong>quod</strong></span> <span class='ocrx_word' id='word_1_606' title='bbox 2386 3350 2480 3405; x_wconf 88' lang='lat' dir='ltr'><strong>per</strong></span> <span class='ocrx_word' id='word_1_607' title='bbox 2509 3334 3054 3390; x_wconf 86' lang='lat' dir='ltr'><strong>communicationem</strong></span> <span class='ocrx_word' id='word_1_608' title='bbox 3099 3343 3155 3389; x_wconf 89' lang='lat' dir='ltr'><strong>et</strong></span> <span class='ocrx_word' id='word_1_609' title='bbox 3191 3336 3490 3407; x_wconf 84' lang='lat' dir='ltr'><strong>participa-</strong></span> 
     </span>
    </p>
   </div>
   <div class='ocr_carea' id='block_1_79' title="bbox 1927 3426 3490 3498">
    <p class='ocr_par' dir='ltr' id='par_1_79' title="bbox 1927 3426 3490 3498">
     <span class='ocr_line' id='line_1_79' title="bbox 1927 3426 3490 3498; baseline -0.001 -16"><span class='ocrx_word' id='word_1_610' title='bbox 1927 3428 2126 3483; x_wconf 88' lang='lat' dir='ltr'><strong>tionem</strong></span> <span class='ocrx_word' id='word_1_611' title='bbox 2152 3426 2271 3496; x_wconf 87' lang='lat' dir='ltr'><strong>ejus</strong></span> <span class='ocrx_word' id='word_1_612' title='bbox 2300 3442 2420 3496; x_wconf 74' lang='lat' dir='ltr'><strong>quaa</strong></span> <span class='ocrx_word' id='word_1_613' title='bbox 2448 3442 2574 3481; x_wconf 86' lang='lat' dir='ltr'><strong>vere</strong></span> <span class='ocrx_word' id='word_1_614' title='bbox 2624 3427 2854 3481; x_wconf 87' lang='lat' dir='ltr'><strong>beatitas</strong></span> <span class='ocrx_word' id='word_1_615' title='bbox 2880 3436 2982 3488; x_wconf 90' lang='lat' dir='ltr'><strong>est,</strong></span> <span class='ocrx_word' id='word_1_616' title='bbox 3013 3426 3117 3480; x_wconf 89' lang='lat' dir='ltr'><strong>hoc</strong></span> <span class='ocrx_word' id='word_1_617' title='bbox 3151 3427 3368 3482; x_wconf 90' lang='lat' dir='ltr'><strong>nomine</strong></span> <span class='ocrx_word' id='word_1_618' title='bbox 3393 3442 3490 3498; x_wconf 86' lang='lat' dir='ltr'><strong>ap-</strong></span> 
     </span>
    </p>
   </div>
   <div class='ocr_carea' id='block_1_80' title="bbox 1928 3517 3491 3590">
    <p class='ocr_par' dir='ltr' id='par_1_80' title="bbox 1928 3517 3491 3590">
     <span class='ocr_line' id='line_1_80' title="bbox 1928 3517 3491 3590; baseline 0.002 -19"><span class='ocrx_word' id='word_1_619' title='bbox 1928 3519 2177 3587; x_wconf 90' lang='lat' dir='ltr'><strong>pellatur.</strong></span> <span class='ocrx_word' id='word_1_620' title='bbox 2205 3517 2667 3584; x_wconf 84' lang='lat' dir='ltr'><strong>Quemadmodum</strong></span> <span class='ocrx_word' id='word_1_621' title='bbox 2689 3520 2839 3572; x_wconf 85' lang='lat' dir='ltr'><strong>enim-</strong></span> <span class='ocrx_word' id='word_1_622' title='bbox 2860 3518 2913 3571; x_wconf 91' lang='lat' dir='ltr'><strong>in</strong></span> <span class='ocrx_word' id='word_1_623' title='bbox 2943 3519 3216 3587; x_wconf 64' lang='lat' dir='ltr'><strong>prmstanti</strong></span> <span class='ocrx_word' id='word_1_624' title='bbox 3244 3519 3491 3590; x_wconf 84' lang='lat' dir='ltr'><strong>corporis</strong></span> 
     </span>
    </p>
   </div>
   <div class='ocr_carea' id='block_1_81' title="bbox 1931 3605 3493 3678">
    <p class='ocr_par' dir='ltr' id='par_1_81' title="bbox 1931 3605 3493 3678">
     <span class='ocr_line' id='line_1_81' title="bbox 1931 3605 3493 3678; baseline 0 -17"><span class='ocrx_word' id='word_1_625' title='bbox 1931 3607 2124 3669; x_wconf 78' lang='lat' dir='ltr'><strong>forma,</strong></span> <span class='ocrx_word' id='word_1_626' title='bbox 2152 3606 2470 3676; x_wconf 89' lang='lat' dir='ltr'><strong>principalis</strong></span> <span class='ocrx_word' id='word_1_627' title='bbox 2500 3605 2715 3675; x_wconf 88' lang='lat' dir='ltr'><strong>quidem</strong></span> <span class='ocrx_word' id='word_1_628' title='bbox 2756 3622 2820 3660; x_wconf 92' lang='lat' dir='ltr'><strong>ac</strong></span> <span class='ocrx_word' id='word_1_629' title='bbox 2850 3608 3109 3675; x_wconf 88' lang='lat' dir='ltr'><strong>primaria</strong></span> <span class='ocrx_word' id='word_1_630' title='bbox 3142 3608 3493 3678; x_wconf 85' lang='lat' dir='ltr'><strong>pulchritudo</strong></span> 
     </span>
    </p>
   </div>
   <div class='ocr_carea' id='block_1_82' title="bbox 1930 3699 3491 3768">
    <p class='ocr_par' dir='ltr' id='par_1_82' title="bbox 1930 3699 3491 3768">
     <span class='ocr_line' id='line_1_82' title="bbox 1930 3699 3491 3768; baseline 0.002 -15"><span class='ocrx_word' id='word_1_631' title='bbox 1930 3700 1983 3753; x_wconf 90' lang='lat' dir='ltr'><strong>in</strong></span> <span class='ocrx_word' id='word_1_632' title='bbox 2012 3700 2208 3753; x_wconf 87' lang='lat' dir='ltr'><strong>viventi</strong></span> <span class='ocrx_word' id='word_1_633' title='bbox 2240 3715 2474 3768; x_wconf 79' lang='lat' dir='ltr'><strong>vereque</strong></span> <span class='ocrx_word' id='word_1_634' title='bbox 2515 3699 2835 3754; x_wconf 87' lang='lat' dir='ltr'><strong>subsisteuti</strong></span> <span class='ocrx_word' id='word_1_635' title='bbox 2872 3700 3006 3755; x_wconf 82' lang='lat' dir='ltr'><strong>facie</strong></span> <span class='ocrx_word' id='word_1_636' title='bbox 3037 3708 3155 3765; x_wconf 89' lang='lat' dir='ltr'><strong>est,</strong></span> <span class='ocrx_word' id='word_1_637' title='bbox 3193 3700 3491 3757; x_wconf 86' lang='lat' dir='ltr'><strong>secundum</strong></span> 
     </span>
    </p>
   </div>
   <div class='ocr_carea' id='block_1_83' title="bbox 1930 3778 3493 3862">
    <p class='ocr_par' dir='ltr' id='par_1_83' title="bbox 1930 3778 3493 3862">
     <span class='ocr_line' id='line_1_83' title="bbox 1930 3778 3493 3862; baseline 0.003 -19"><span class='ocrx_word' id='word_1_638' title='bbox 1930 3806 2059 3844; x_wconf 89' lang='lat' dir='ltr'><strong>vero</strong></span> <span class='ocrx_word' id='word_1_639' title='bbox 2091 3792 2270 3845; x_wconf 90' lang='lat' dir='ltr'><strong>locum</strong></span> <span class='ocrx_word' id='word_1_640' title='bbox 2303 3791 2372 3845; x_wconf 92' lang='lat' dir='ltr'><strong>ab</strong></span> <span class='ocrx_word' id='word_1_641' title='bbox 2402 3791 2503 3844; x_wconf 89' lang='lat' dir='ltr'><strong>hac</strong></span> <span class='ocrx_word' id='word_1_642' title='bbox 2532 3792 2740 3847; x_wconf 92' lang='lat' dir='ltr'><strong>obtinet</strong></span> <span class='ocrx_word' id='word_1_643' title='bbox 2771 3792 2822 3845; x_wconf 92' lang='lat' dir='ltr'><strong>id</strong></span> <span class='ocrx_word' id='word_1_644' title='bbox 2875 3793 3015 3862; x_wconf 89' lang='lat' dir='ltr'><strong>quod</strong></span> <span class='ocrx_word' id='word_1_645' title='bbox 3046 3794 3113 3847; x_wconf 88' lang='lat' dir='ltr'><strong>ad</strong></span> <span class='ocrx_word' id='word_1_646' title='bbox 3136 3778 3493 3850; x_wconf 86' lang='lat' dir='ltr'><strong>imitationem</strong></span> 
     </span>
    </p>
   </div>
   <div class='ocr_carea' id='block_1_84' title="bbox 1932 3884 3595 3953">
    <p class='ocr_par' dir='ltr' id='par_1_84' title="bbox 1932 3884 3595 3953">
     <span class='ocr_line' id='line_1_84' title="bbox 1932 3884 3595 3953; baseline 0.001 -15"><span class='ocrx_word' id='word_1_647' title='bbox 1932 3884 2050 3953; x_wconf 84' lang='lat' dir='ltr'><strong>ejus</strong></span> <span class='ocrx_word' id='word_1_648' title='bbox 2101 3884 2155 3937; x_wconf 91' lang='lat' dir='ltr'><strong>in</strong></span> <span class='ocrx_word' id='word_1_649' title='bbox 2196 3884 2431 3953; x_wconf 85' lang='lat' dir='ltr'><strong>imagine</strong></span> <span class='ocrx_word' id='word_1_650' title='bbox 2478 3892 2640 3953; x_wconf 84' lang='lat' dir='ltr'><strong>atque</strong></span> <span class='ocrx_word' id='word_1_651' title='bbox 2694 3884 2988 3938; x_wconf 86' lang='lat' dir='ltr'><strong>simulacro</strong></span> <span class='ocrx_word' id='word_1_652' title='bbox 3035 3885 3377 3942; x_wconf 87' lang='lat' dir='ltr'><strong>ostenditur:</strong></span> <span class='ocrx_word' id='word_1_653' title='bbox 3420 3888 3494 3939; x_wconf 88' lang='lat' dir='ltr'><strong>ita</strong></span> <span class='ocrx_word' id='word_1_654' title='bbox 3585 3941 3595 3952; x_wconf 67' lang='grc'><em>,</em></span> 
     </span>
    </p>
   </div>
   <div class='ocr_carea' id='block_1_85' title="bbox 1934 3974 3496 4047">
    <p class='ocr_par' dir='ltr' id='par_1_85' title="bbox 1934 3974 3496 4047">
     <span class='ocr_line' id='line_1_85' title="bbox 1934 3974 3496 4047; baseline 0.001 -19"><span class='ocrx_word' id='word_1_655' title='bbox 1934 3983 2126 4029; x_wconf 88' lang='lat' dir='ltr'><strong>natura</strong></span> <span class='ocrx_word' id='word_1_656' title='bbox 2162 3990 2380 4044; x_wconf 86' lang='lat' dir='ltr'><strong>quoque</strong></span> <span class='ocrx_word' id='word_1_657' title='bbox 2418 3975 2678 4036; x_wconf 86' lang='lat' dir='ltr'><strong>humana,</strong></span> <span class='ocrx_word' id='word_1_658' title='bbox 2719 3990 2842 4045; x_wconf 60' lang='lat' dir='ltr'><strong>quae</strong></span> <span class='ocrx_word' id='word_1_659' title='bbox 2872 3984 2956 4029; x_wconf 88' lang='lat' dir='ltr'><strong>est</strong></span> <span class='ocrx_word' id='word_1_660' title='bbox 2990 3974 3192 4047; x_wconf 76' lang='lat' dir='ltr'><strong>efﬁgies</strong></span> <span class='ocrx_word' id='word_1_661' title='bbox 3229 3985 3282 4030; x_wconf 89' lang='lat' dir='ltr'><strong>et</strong></span> <span class='ocrx_word' id='word_1_662' title='bbox 3318 3979 3496 4047; x_wconf 88' lang='lat' dir='ltr'><strong>imago</strong></span> 
     </span>
    </p>
   </div>
   <div class='ocr_carea' id='block_1_86' title="bbox 1936 4066 3499 4138">
    <p class='ocr_par' dir='ltr' id='par_1_86' title="bbox 1936 4066 3499 4138">
     <span class='ocr_line' id='line_1_86' title="bbox 1936 4066 3499 4138; baseline 0.002 -18"><span class='ocrx_word' id='word_1_663' title='bbox 1936 4080 2183 4134; x_wconf 62' lang='lat' dir='ltr'><strong>supernae</strong></span> <span class='ocrx_word' id='word_1_664' title='bbox 2224 4066 2601 4129; x_wconf 85' lang='lat' dir='ltr'><strong>beatitudinis,</strong></span> <span class='ocrx_word' id='word_1_665' title='bbox 2643 4067 2808 4121; x_wconf 88' lang='lat' dir='ltr'><strong>etiam</strong></span> <span class='ocrx_word' id='word_1_666' title='bbox 2859 4066 2974 4135; x_wconf 88' lang='lat' dir='ltr'><strong>ipsa</strong></span> <span class='ocrx_word' id='word_1_667' title='bbox 3009 4068 3149 4122; x_wconf 89' lang='lat' dir='ltr'><strong>bona</strong></span> <span class='ocrx_word' id='word_1_668' title='bbox 3188 4068 3499 4138; x_wconf 87' lang='lat' dir='ltr'><strong>pulchritu-</strong></span> 
     </span>
    </p>
   </div>
   <div class='ocr_carea' id='block_1_87' title="bbox 1935 4156 3501 4225">
    <p class='ocr_par' dir='ltr' id='par_1_87' title="bbox 1935 4156 3501 4225">
     <span class='ocr_line' id='line_1_87' title="bbox 1935 4156 3501 4225; baseline 0.001 -13"><span class='ocrx_word' id='word_1_669' title='bbox 1935 4159 2062 4213; x_wconf 90' lang='lat' dir='ltr'><strong>dine</strong></span> <span class='ocrx_word' id='word_1_670' title='bbox 2089 4156 2427 4225; x_wconf 84' lang='lat' dir='ltr'><strong>designatur.</strong></span> <span class='ocrx_word' id='word_1_671' title='bbox 2469 4172 2592 4210; x_wconf 91' lang='lat' dir='ltr'><strong>cum</strong></span> <span class='ocrx_word' id='word_1_672' title='bbox 2634 4158 2688 4211; x_wconf 91' lang='lat' dir='ltr'><strong>in</strong></span> <span class='ocrx_word' id='word_1_673' title='bbox 2715 4173 2841 4213; x_wconf 86' lang='lat' dir='ltr'><strong>sese</strong></span> <span class='ocrx_word' id='word_1_674' title='bbox 2875 4158 3157 4213; x_wconf 88' lang='lat' dir='ltr'><strong>beatorum</strong></span> <span class='ocrx_word' id='word_1_675' title='bbox 3198 4158 3501 4214; x_wconf 82' lang='lat' dir='ltr'><strong>ostenderit</strong></span> 
     </span>
    </p>
   </div>
   <div class='ocr_carea' id='block_1_88' title="bbox 1938 4250 3501 4321">
    <p class='ocr_par' dir='ltr' id='par_1_88' title="bbox 1938 4250 3501 4321">
     <span class='ocr_line' id='line_1_88' title="bbox 1938 4250 3501 4321; baseline -0.001 -15"><span class='ocrx_word' id='word_1_676' title='bbox 1938 4250 2227 4321; x_wconf 91' lang='lat' dir='ltr'><strong>insignium</strong></span> <span class='ocrx_word' id='word_1_677' title='bbox 2260 4250 2686 4321; x_wconf 86' lang='lat' dir='ltr'><strong>signiﬁcationes</strong></span> <span class='ocrx_word' id='word_1_678' title='bbox 2723 4257 2776 4305; x_wconf 89' lang='lat' dir='ltr'><strong>et</strong></span> <span class='ocrx_word' id='word_1_679' title='bbox 2806 4250 3335 4320; x_wconf 71' lang='lat' dir='ltr'><strong>reprzesentationes.</strong></span> <span class='ocrx_word' id='word_1_680' title='bbox 3391 4251 3501 4306; x_wconf 86' lang='lat' dir='ltr'><strong>Sed</strong></span> 
     </span>
    </p>
   </div>
   <div class='ocr_carea' id='block_1_89' title="bbox 1939 4340 3500 4412">
    <p class='ocr_par' dir='ltr' id='par_1_89' title="bbox 1939 4340 3500 4412">
     <span class='ocr_line' id='line_1_89' title="bbox 1939 4340 3500 4412; baseline 0.001 -16"><span class='ocrx_word' id='word_1_681' title='bbox 1939 4344 2065 4412; x_wconf 91' lang='lat' dir='ltr'><strong>quia</strong></span> <span class='ocrx_word' id='word_1_682' title='bbox 2099 4342 2303 4412; x_wconf 89' lang='lat' dir='ltr'><strong>peccati</strong></span> <span class='ocrx_word' id='word_1_683' title='bbox 2344 4342 2536 4397; x_wconf 83' lang='lat' dir='ltr'><strong>sordes</strong></span> <span class='ocrx_word' id='word_1_684' title='bbox 2565 4340 3027 4412; x_wconf 87' lang='lat' dir='ltr'><strong>pulchritudinem</strong></span> <span class='ocrx_word' id='word_1_685' title='bbox 3069 4342 3322 4411; x_wconf 85' lang='lat' dir='ltr'><strong>imaginis</strong></span> <span class='ocrx_word' id='word_1_686' title='bbox 3349 4342 3500 4398; x_wconf 80' lang='lat' dir='ltr'><strong>labe-</strong></span> 
     </span>
    </p>
   </div>
   <div class='ocr_carea' id='block_1_90' title="bbox 254 4432 1813 4525">
    <p class='ocr_par' dir='ltr' id='par_1_90' title="bbox 254 4441 1813 4525">
     <span class='ocr_line' id='line_1_90' title="bbox 254 4441 1813 4525; baseline -0.012 -16"><span class='ocrx_word' id='word_1_687' title='bbox 254 4454 532 4525; x_wconf 81' lang='grc' dir='ltr'>καρισμὸν</span> <span class='ocrx_word' id='word_1_688' title='bbox 572 4448 989 4511; x_wconf 85' lang='grc' dir='ltr'>συντεινόντων,</span> <span class='ocrx_word' id='word_1_689' title='bbox 1046 4444 1349 4516; x_wconf 83' lang='grc' dir='ltr'>ὑπογράφει</span> <span class='ocrx_word' id='word_1_690' title='bbox 1396 4441 1473 4512; x_wconf 85' lang='grc' dir='ltr'>τῷ</span> <span class='ocrx_word' id='word_1_691' title='bbox 1522 4442 1693 4510; x_wconf 82' lang='grc' dir='ltr'>λόγῳ,</span> <span class='ocrx_word' id='word_1_692' title='bbox 1744 4457 1813 4492; x_wconf 89' lang='grc' dir='ltr'><strong>κα</strong></span> 
     </span>
    </p>
   </div>
   <div class='ocr_carea' id='block_1_91' title="bbox 1916 4432 3504 4525">
    <p class='ocr_par' dir='ltr' id='par_1_91' title="bbox 1940 4432 3504 4504">
     <span class='ocr_line' id='line_1_91' title="bbox 1940 4432 3504 4504; baseline 0.001 -16"><span class='ocrx_word' id='word_1_693' title='bbox 1940 4433 2215 4488; x_wconf 78' lang='lat' dir='ltr'><strong>factarunt</strong></span> <span class='ocrx_word' id='word_1_694' title='bbox 2243 4441 2295 4486; x_wconf 89' lang='lat' dir='ltr'><strong>et</strong></span> <span class='ocrx_word' id='word_1_695' title='bbox 2323 4432 2565 4486; x_wconf 89' lang='lat' dir='ltr'><strong>inutilem</strong></span> <span class='ocrx_word' id='word_1_696' title='bbox 2612 4432 2983 4495; x_wconf 86' lang='lat' dir='ltr'><strong>reddiderunt,</strong></span> <span class='ocrx_word' id='word_1_697' title='bbox 3013 4433 3156 4487; x_wconf 87' lang='lat' dir='ltr'><strong>venit</strong></span> <span class='ocrx_word' id='word_1_698' title='bbox 3186 4433 3232 4488; x_wconf 86' lang='lat' dir='ltr'><strong>is</strong></span> <span class='ocrx_word' id='word_1_699' title='bbox 3266 4434 3359 4504; x_wconf 90' lang='lat' dir='ltr'><strong>qui</strong></span> <span class='ocrx_word' id='word_1_700' title='bbox 3402 4448 3504 4489; x_wconf 88' lang='lat' dir='ltr'><strong>nos</strong></span> 
     </span>
    </p>
   </div>
   <div class='ocr_carea' id='block_1_92' title="bbox 256 4525 1813 4617">
    <p class='ocr_par' dir='ltr' id='par_1_92' title="bbox 256 4532 1813 4617">
     <span class='ocr_line' id='line_1_92' title="bbox 256 4532 1813 4617; baseline -0.01 -19"><span class='ocrx_word' id='word_1_701' title='bbox 256 4562 431 4617; x_wconf 80' lang='grc' dir='ltr'>φησιν</span> <span class='ocrx_word' id='word_1_702' title='bbox 453 4545 511 4595; x_wconf 81' lang='grc' dir='ltr'>ἐν</span> <span class='ocrx_word' id='word_1_703' title='bbox 540 4539 792 4612; x_wconf 75' lang='grc' dir='ltr'>πρώτοιςο</span> <span class='ocrx_word' id='word_1_704' title='bbox 819 4537 1105 4604; x_wconf 81' lang='grc' dir='ltr'>Μακάριοι</span> <span class='ocrx_word' id='word_1_705' title='bbox 1132 4539 1183 4591; x_wconf 82' lang='grc' dir='ltr'><strong>οἰ</strong></span> <span class='ocrx_word' id='word_1_706' title='bbox 1199 4533 1417 4603; x_wconf 75' lang='grc' dir='ltr'>πτωχοὶ</span> <span class='ocrx_word' id='word_1_707' title='bbox 1435 4532 1511 4597; x_wconf 83' lang='grc' dir='ltr'>τῷ</span> <span class='ocrx_word' id='word_1_708' title='bbox 1532 4532 1813 4601; x_wconf 79' lang='grc' dir='ltr'>πνεύματι</span> 
     </span>
    </p>
   </div>
   <div class='ocr_carea' id='block_1_93' title="bbox 1916 4525 3509 4617">
    <p class='ocr_par' dir='ltr' id='par_1_93' title="bbox 1916 4525 3509 4595">
     <span class='ocr_line' id='line_1_93' title="bbox 1916 4525 3509 4595; baseline 0.003 -20"><span class='ocrx_word' id='word_1_709' title='bbox 1916 4528 2148 4581; x_wconf 87' lang='lat' dir='ltr'><strong>elueret</strong></span> <span class='ocrx_word' id='word_1_710' title='bbox 2179 4540 2275 4578; x_wconf 90' lang='lat' dir='ltr'><strong>sua</strong></span> <span class='ocrx_word' id='word_1_711' title='bbox 2308 4540 2470 4595; x_wconf 88' lang='lat' dir='ltr'><strong>aqua,</strong></span> <span class='ocrx_word' id='word_1_712' title='bbox 2506 4526 2708 4579; x_wconf 88' lang='lat' dir='ltr'><strong>viventi</strong></span> <span class='ocrx_word' id='word_1_713' title='bbox 2744 4526 2950 4594; x_wconf 86' lang='lat' dir='ltr'><strong>pariter</strong></span> <span class='ocrx_word' id='word_1_714' title='bbox 2981 4539 3044 4578; x_wconf 91' lang='lat' dir='ltr'><strong>ac</strong></span> <span class='ocrx_word' id='word_1_715' title='bbox 3087 4525 3304 4580; x_wconf 89' lang='lat' dir='ltr'><strong>salienti</strong></span> <span class='ocrx_word' id='word_1_716' title='bbox 3339 4526 3393 4579; x_wconf 92' lang='lat' dir='ltr'><strong>in</strong></span> <span class='ocrx_word' id='word_1_717' title='bbox 3422 4525 3509 4579; x_wconf 84' lang='lat' dir='ltr'><strong>vi-</strong></span> 
     </span>
    </p>
   </div>
   <div class='ocr_carea' id='block_1_94' title="bbox 265 4615 1813 4696">
    <p class='ocr_par' dir='ltr' id='par_1_94' title="bbox 265 4615 1644 4696">
     <span class='ocr_line' id='line_1_94' title="bbox 265 4615 1644 4696; baseline -0.011 -7"><span class='ocrx_word' id='word_1_718' title='bbox 265 4615 364 4691; x_wconf 64' lang='grc' dir='ltr'><strong>δτι</strong></span> <span class='ocrx_word' id='word_1_719' title='bbox 399 4632 595 4687; x_wconf 81' lang='grc' dir='ltr'>αὐτῶν</span> <span class='ocrx_word' id='word_1_720' title='bbox 631 4633 799 4685; x_wconf 81' lang='grc' dir='ltr'>ἐστιν</span> <span class='ocrx_word' id='word_1_721' title='bbox 827 4630 865 4696; x_wconf 82' lang='grc' dir='ltr'><em>ὴ</em></span> <span class='ocrx_word' id='word_1_722' title='bbox 891 4628 1178 4693; x_wconf 75' lang='grc' dir='ltr'>,Βασιλεία</span> <span class='ocrx_word' id='word_1_723' title='bbox 1212 4624 1331 4679; x_wconf 77' lang='grc' dir='ltr'><strong>τῶν</strong></span> <span class='ocrx_word' id='word_1_724' title='bbox 1356 4621 1644 4691; x_wconf 77' lang='grc' dir='ltr'>οὐρανῶν.</span> 
     </span>
    </p>
   </div>
   <div class='ocr_carea' id='block_1_95' title="bbox 1916 4615 3507 4696">
    <p class='ocr_par' dir='ltr' id='par_1_95' title="bbox 1949 4615 3507 4687">
     <span class='ocr_line' id='line_1_95' title="bbox 1949 4615 3507 4687; baseline 0 -15"><span class='ocrx_word' id='word_1_725' title='bbox 1949 4630 2057 4672; x_wconf 84' lang='lat' dir='ltr'><strong>tam</strong></span> <span class='ocrx_word' id='word_1_726' title='bbox 2088 4627 2370 4679; x_wconf 66' lang='lat' dir='ltr'><strong>aeternam,</strong></span> <span class='ocrx_word' id='word_1_727' title='bbox 2403 4627 2481 4677; x_wconf 85' lang='lat' dir='ltr'><strong>ut,</strong></span> <span class='ocrx_word' id='word_1_728' title='bbox 2522 4616 2765 4687; x_wconf 82' lang='lat' dir='ltr'><strong>deposita</strong></span> <span class='ocrx_word' id='word_1_729' title='bbox 2818 4615 3150 4685; x_wconf 84' lang='lat' dir='ltr'><strong>turpitudine</strong></span> <span class='ocrx_word' id='word_1_730' title='bbox 3178 4632 3245 4672; x_wconf 81' lang='lat' dir='ltr'><strong>ex</strong></span> <span class='ocrx_word' id='word_1_731' title='bbox 3282 4625 3507 4686; x_wconf 84' lang='lat' dir='ltr'><strong>peccato</strong></span> 
     </span>
    </p>
   </div>
   <div class='ocr_carea' id='block_1_96' title="bbox 260 4708 3511 4789">
    <p class='ocr_par' dir='ltr' id='par_1_96' title="bbox 260 4708 3511 4789">
     <span class='ocr_line' id='line_1_96' title="bbox 260 4708 3511 4789; baseline -0.005 -10"><span class='ocrx_word' id='word_1_732' title='bbox 260 4736 569 4789; x_wconf 71' lang='lat' dir='ltr'><strong>contracta,</strong></span> <span class='ocrx_word' id='word_1_733' title='bbox 599 4727 667 4778; x_wconf 91' lang='lat' dir='ltr'><strong>ad</strong></span> <span class='ocrx_word' id='word_1_734' title='bbox 697 4726 909 4779; x_wconf 87' lang='lat' dir='ltr'><strong>beatam</strong></span> <span class='ocrx_word' id='word_1_735' title='bbox 938 4721 1166 4776; x_wconf 77' lang='lat' dir='ltr'><strong>formam</strong></span> <span class='ocrx_word' id='word_1_736' title='bbox 1196 4732 1539 4774; x_wconf 75' lang='lat' dir='ltr'><strong>renoventur.</strong></span> <span class='ocrx_word' id='word_1_737' title='bbox 1588 4716 1666 4769; x_wconf 81' lang='lat' dir='ltr'><strong>Ac</strong></span> <span class='ocrx_word' id='word_1_738' title='bbox 1698 4711 2153 4783; x_wconf 82' lang='lat' dir='ltr'><strong>quemadmodum</strong></span> <span class='ocrx_word' id='word_1_739' title='bbox 2194 4712 2247 4763; x_wconf 92' lang='lat' dir='ltr'><strong>in</strong></span> <span class='ocrx_word' id='word_1_740' title='bbox 2313 4719 2430 4763; x_wconf 89' lang='lat' dir='ltr'><strong>arte</strong></span> <span class='ocrx_word' id='word_1_741' title='bbox 2490 4709 2745 4779; x_wconf 85' lang='lat' dir='ltr'><strong>pingendi</strong></span> <span class='ocrx_word' id='word_1_742' title='bbox 2796 4710 2841 4763; x_wconf 92' lang='lat' dir='ltr'><strong>si</strong></span> <span class='ocrx_word' id='word_1_743' title='bbox 2892 4709 3016 4778; x_wconf 91' lang='lat' dir='ltr'><strong>quis</strong></span> <span class='ocrx_word' id='word_1_744' title='bbox 3064 4708 3185 4778; x_wconf 84' lang='lat' dir='ltr'><strong>ejus</strong></span> <span class='ocrx_word' id='word_1_745' title='bbox 3250 4709 3331 4764; x_wconf 89' lang='lat' dir='ltr'><strong>rei</strong></span> <span class='ocrx_word' id='word_1_746' title='bbox 3396 4724 3511 4765; x_wconf 89' lang='lat' dir='ltr'><strong>non</strong></span> 
     </span>
    </p>
   </div>
   <div class='ocr_carea' id='block_1_97' title="bbox 261 4803 3511 4894">
    <p class='ocr_par' dir='ltr' id='par_1_97' title="bbox 261 4803 3511 4894">
     <span class='ocr_line' id='line_1_97' title="bbox 261 4803 3511 4894; baseline -0.008 -13"><span class='ocrx_word' id='word_1_747' title='bbox 261 4828 494 4894; x_wconf 78' lang='lat' dir='ltr'><strong>ignarus</strong></span> <span class='ocrx_word' id='word_1_748' title='bbox 543 4821 727 4883; x_wconf 83' lang='lat' dir='ltr'><strong>fuerit,</strong></span> <span class='ocrx_word' id='word_1_749' title='bbox 785 4820 850 4873; x_wconf 89' lang='lat' dir='ltr'><strong>ad</strong></span> <span class='ocrx_word' id='word_1_750' title='bbox 887 4817 1168 4887; x_wconf 89' lang='lat' dir='ltr'><strong>imperitos</strong></span> <span class='ocrx_word' id='word_1_751' title='bbox 1198 4815 1377 4869; x_wconf 72' lang='lat' dir='ltr'><strong>dicere</strong></span> <span class='ocrx_word' id='word_1_752' title='bbox 1428 4813 1621 4882; x_wconf 89' lang='lat' dir='ltr'><strong>possit,</strong></span> <span class='ocrx_word' id='word_1_753' title='bbox 1678 4811 1823 4863; x_wconf 89' lang='lat' dir='ltr'><strong>illam</strong></span> <span class='ocrx_word' id='word_1_754' title='bbox 1864 4808 2144 4879; x_wconf 88' lang='lat' dir='ltr'><strong>pulchram</strong></span> <span class='ocrx_word' id='word_1_755' title='bbox 2174 4820 2302 4861; x_wconf 83' lang='lat' dir='ltr'><strong>esse</strong></span> <span class='ocrx_word' id='word_1_756' title='bbox 2336 4805 2553 4867; x_wconf 80' lang='lat' dir='ltr'><strong>faciem,</strong></span> <span class='ocrx_word' id='word_1_757' title='bbox 2584 4817 2703 4872; x_wconf 76' lang='lat' dir='ltr'><strong>quae</strong></span> <span class='ocrx_word' id='word_1_758' title='bbox 2724 4818 2789 4894; x_wconf 76' lang='lat' dir='ltr'><strong>ex</strong></span> <span class='ocrx_word' id='word_1_759' title='bbox 2819 4803 3023 4857; x_wconf 86' lang='lat' dir='ltr'><strong>talibus</strong></span> <span class='ocrx_word' id='word_1_760' title='bbox 3084 4804 3332 4873; x_wconf 89' lang='lat' dir='ltr'><strong>corporis</strong></span> <span class='ocrx_word' id='word_1_761' title='bbox 3391 4817 3511 4873; x_wconf 83' lang='lat' dir='ltr'><strong>par-</strong></span> 
     </span>
    </p>
   </div>
   <div class='ocr_carea' id='block_1_98' title="bbox 260 4885 3510 4981">
    <p class='ocr_par' dir='ltr' id='par_1_98' title="bbox 260 4885 3510 4981">
     <span class='ocr_line' id='line_1_98' title="bbox 260 4885 3510 4981; baseline -0.006 -9"><span class='ocrx_word' id='word_1_762' title='bbox 260 4885 418 4972; x_wconf 70' lang='lat' dir='ltr'><strong>tibus</strong></span> <span class='ocrx_word' id='word_1_763' title='bbox 443 4924 678 4981; x_wconf 86' lang='lat' dir='ltr'><strong>constet,</strong></span> <span class='ocrx_word' id='word_1_764' title='bbox 724 4915 812 4968; x_wconf 90' lang='lat' dir='ltr'><strong>cui</strong></span> <span class='ocrx_word' id='word_1_765' title='bbox 842 4922 895 4969; x_wconf 85' lang='lat' dir='ltr'><strong>et</strong></span> <span class='ocrx_word' id='word_1_766' title='bbox 935 4912 1164 4981; x_wconf 89' lang='lat' dir='ltr'><strong>capillus</strong></span> <span class='ocrx_word' id='word_1_767' title='bbox 1194 4910 1341 4975; x_wconf 89' lang='lat' dir='ltr'><strong>talis,</strong></span> <span class='ocrx_word' id='word_1_768' title='bbox 1399 4918 1452 4963; x_wconf 91' lang='lat' dir='ltr'><strong>et</strong></span> <span class='ocrx_word' id='word_1_769' title='bbox 1521 4906 1801 4962; x_wconf 84' lang='lat' dir='ltr'><strong>oculorum</strong></span> <span class='ocrx_word' id='word_1_770' title='bbox 1879 4904 2062 4965; x_wconf 88' lang='lat' dir='ltr'><strong>orbes,</strong></span> <span class='ocrx_word' id='word_1_771' title='bbox 2115 4909 2169 4956; x_wconf 91' lang='lat' dir='ltr'><strong>et</strong></span> <span class='ocrx_word' id='word_1_772' title='bbox 2218 4901 2634 4969; x_wconf 86' lang='lat' dir='ltr'><strong>superciliorum</strong></span> <span class='ocrx_word' id='word_1_773' title='bbox 2684 4885 3102 4968; x_wconf 77' lang='lat' dir='ltr'><strong>descriptiones,</strong></span> <span class='ocrx_word' id='word_1_774' title='bbox 3141 4907 3195 4954; x_wconf 90' lang='lat' dir='ltr'><strong>et</strong></span> <span class='ocrx_word' id='word_1_775' title='bbox 3247 4912 3510 4969; x_wconf 91' lang='lat' dir='ltr'><strong>genarum</strong></span> 
     </span>
    </p>
   </div>
   <div class='ocr_carea' id='block_1_99' title="bbox 264 4991 3513 5085">
    <p class='ocr_par' dir='ltr' id='par_1_99' title="bbox 264 4991 3513 5085">
     <span class='ocr_line' id='line_1_99' title="bbox 264 4991 3513 5085; baseline -0.006 -18"><span class='ocrx_word' id='word_1_776' title='bbox 264 5013 593 5085; x_wconf 77' lang='lat' dir='ltr'><strong>positiones,</strong></span> <span class='ocrx_word' id='word_1_777' title='bbox 625 5018 678 5065; x_wconf 88' lang='lat' dir='ltr'><strong>et</strong></span> <span class='ocrx_word' id='word_1_778' title='bbox 709 5008 1021 5079; x_wconf 89' lang='lat' dir='ltr'><strong>singulatim</strong></span> <span class='ocrx_word' id='word_1_779' title='bbox 1052 5006 1234 5059; x_wconf 90' lang='lat' dir='ltr'><strong>omnia</strong></span> <span class='ocrx_word' id='word_1_780' title='bbox 1265 5004 1464 5074; x_wconf 90' lang='lat' dir='ltr'><strong>quibus</strong></span> <span class='ocrx_word' id='word_1_781' title='bbox 1498 5001 1684 5057; x_wconf 69' lang='lat' dir='ltr'><strong>forma:</strong></span> <span class='ocrx_word' id='word_1_782' title='bbox 1712 4997 2026 5070; x_wconf 76' lang='lat' dir='ltr'><strong>praestantia</strong></span> <span class='ocrx_word' id='word_1_783' title='bbox 2061 4999 2386 5066; x_wconf 86' lang='lat' dir='ltr'><strong>completur,</strong></span> <span class='ocrx_word' id='word_1_784' title='bbox 2451 4994 2653 5055; x_wconf 85' lang='lat' dir='ltr'><strong>adsint,</strong></span> <span class='ocrx_word' id='word_1_785' title='bbox 2700 4995 2887 5049; x_wconf 91' lang='lat' dir='ltr'><strong>eodem</strong></span> <span class='ocrx_word' id='word_1_786' title='bbox 2938 4994 3100 5049; x_wconf 89' lang='lat' dir='ltr'><strong>modo</strong></span> <span class='ocrx_word' id='word_1_787' title='bbox 3167 4995 3213 5048; x_wconf 84' lang='lat' dir='ltr'><strong>is</strong></span> <span class='ocrx_word' id='word_1_788' title='bbox 3287 4995 3380 5063; x_wconf 89' lang='lat' dir='ltr'><strong>qui</strong></span> <span class='ocrx_word' id='word_1_789' title='bbox 3445 4991 3513 5047; x_wconf 89' lang='lat' dir='ltr'><strong>ad</strong></span> 
     </span>
    </p>
   </div>
   <div class='ocr_carea' id='block_1_100' title="bbox 266 5086 3517 5171">
    <p class='ocr_par' dir='ltr' id='par_1_100' title="bbox 266 5086 3517 5171">
     <span class='ocr_line' id='line_1_100' title="bbox 266 5086 3517 5171; baseline -0.007 -8"><span class='ocrx_word' id='word_1_790' title='bbox 266 5105 633 5163; x_wconf 84' lang='lat' dir='ltr'><strong>imitationem</strong></span> <span class='ocrx_word' id='word_1_791' title='bbox 668 5102 809 5171; x_wconf 88' lang='lat' dir='ltr'><strong>ejus,</strong></span> <span class='ocrx_word' id='word_1_792' title='bbox 852 5099 994 5170; x_wconf 91' lang='lat' dir='ltr'><strong>quod</strong></span> <span class='ocrx_word' id='word_1_793' title='bbox 1026 5099 1200 5153; x_wconf 90' lang='lat' dir='ltr'><strong>solum</strong></span> <span class='ocrx_word' id='word_1_794' title='bbox 1228 5097 1442 5151; x_wconf 90' lang='lat' dir='ltr'><strong>beatum</strong></span> <span class='ocrx_word' id='word_1_795' title='bbox 1477 5102 1581 5158; x_wconf 82' lang='lat' dir='ltr'><strong>est,</strong></span> <span class='ocrx_word' id='word_1_796' title='bbox 1644 5094 1877 5147; x_wconf 87' lang='lat' dir='ltr'><strong>animam</strong></span> <span class='ocrx_word' id='word_1_797' title='bbox 1937 5103 2178 5147; x_wconf 87' lang='lat' dir='ltr'><strong>nostram</strong></span> <span class='ocrx_word' id='word_1_798' title='bbox 2212 5089 2367 5159; x_wconf 90' lang='lat' dir='ltr'><strong>quasi</strong></span> <span class='ocrx_word' id='word_1_799' title='bbox 2422 5086 2688 5157; x_wconf 87' lang='lat' dir='ltr'><strong>pingendo</strong></span> <span class='ocrx_word' id='word_1_800' title='bbox 2723 5086 3097 5148; x_wconf 87' lang='lat' dir='ltr'><strong>reconcinnat,</strong></span> <span class='ocrx_word' id='word_1_801' title='bbox 3142 5086 3354 5155; x_wconf 87' lang='lat' dir='ltr'><strong>singula</strong></span> <span class='ocrx_word' id='word_1_802' title='bbox 3395 5101 3517 5155; x_wconf 75' lang='lat' dir='ltr'><strong>quze</strong></span> 
     </span>
    </p>
   </div>
   <div class='ocr_carea' id='block_1_101' title="bbox 269 5180 3519 5274">
    <p class='ocr_par' dir='ltr' id='par_1_101' title="bbox 269 5180 3519 5274">
     <span class='ocr_line' id='line_1_101' title="bbox 269 5180 3519 5274; baseline -0.007 -18"><span class='ocrx_word' id='word_1_803' title='bbox 269 5204 582 5274; x_wconf 80' lang='lat' dir='ltr'><strong>pertineant</strong></span> <span class='ocrx_word' id='word_1_804' title='bbox 617 5197 684 5253; x_wconf 89' lang='lat' dir='ltr'><strong>ad</strong></span> <span class='ocrx_word' id='word_1_805' title='bbox 725 5197 1115 5252; x_wconf 87' lang='lat' dir='ltr'><strong>beatitudinem</strong></span> <span class='ocrx_word' id='word_1_806' title='bbox 1171 5208 1421 5249; x_wconf 89' lang='lat' dir='ltr'><strong>sermone</strong></span> <span class='ocrx_word' id='word_1_807' title='bbox 1468 5188 1750 5251; x_wconf 85' lang='lat' dir='ltr'><strong>describit,</strong></span> <span class='ocrx_word' id='word_1_808' title='bbox 1790 5195 1843 5243; x_wconf 93' lang='lat' dir='ltr'><strong>et</strong></span> <span class='ocrx_word' id='word_1_809' title='bbox 1882 5191 1955 5241; x_wconf 90' lang='lat' dir='ltr'><strong>ait</strong></span> <span class='ocrx_word' id='word_1_810' title='bbox 1987 5190 2040 5241; x_wconf 93' lang='lat' dir='ltr'><strong>in</strong></span> <span class='ocrx_word' id='word_1_811' title='bbox 2068 5188 2280 5256; x_wconf 88' lang='lat' dir='ltr'><strong>primis,</strong></span> <span class='ocrx_word' id='word_1_812' title='bbox 2308 5180 2456 5239; x_wconf 86' lang='lat' dir='ltr'><strong>Beati</strong></span> <span class='ocrx_word' id='word_1_813' title='bbox 2482 5199 2729 5252; x_wconf 83' lang='lat' dir='ltr'><strong>pauperes</strong></span> <span class='ocrx_word' id='word_1_814' title='bbox 2758 5183 2965 5250; x_wconf 76' lang='lat' dir='ltr'><strong>spiritu,</strong></span> <span class='ocrx_word' id='word_1_815' title='bbox 3027 5182 3275 5251; x_wconf 78' lang='lat' dir='ltr'><strong>quoniam</strong></span> <span class='ocrx_word' id='word_1_816' title='bbox 3335 5190 3519 5234; x_wconf 80' lang='lat' dir='ltr'><strong>eorum</strong></span> 
     </span>
    </p>
   </div>
   <div class='ocr_carea' id='block_1_102' title="bbox 268 5275 3161 5366">
    <p class='ocr_par' dir='ltr' id='par_1_102' title="bbox 268 5275 3161 5366">
     <span class='ocr_line' id='line_1_102' title="bbox 268 5275 3161 5366; baseline 0.003 -16"><span class='ocrx_word' id='word_1_817' title='bbox 268 5307 353 5353; x_wconf 76' lang='lat' dir='ltr'><strong>est</strong></span> <span class='ocrx_word' id='word_1_818' title='bbox 380 5312 595 5366; x_wconf 83' lang='lat' dir='ltr'><strong>regnum</strong></span> <span class='ocrx_word' id='word_1_819' title='bbox 624 5293 893 5347; x_wconf 59' lang='lat' dir='ltr'><strong>cartorum.</strong></span> <span class='ocrx_word' id='word_1_820' title='bbox 2354 5362 2400 5366; x_wconf 86' lang='lat'><strong>__</strong></span> <span class='ocrx_word' id='word_1_821' title='bbox 2444 5362 2455 5366; x_wconf 83' lang='lat'><strong><em>_</em></strong></span> <span class='ocrx_word' id='word_1_822' title='bbox 2566 5361 2577 5366; x_wconf 91' lang='lat'><strong>_</strong></span> <span class='ocrx_word' id='word_1_823' title='bbox 2991 5355 3041 5366; x_wconf 80' lang='grc'><strong>,,,</strong></span> 
     </span>
    </p>
   </div>
   <div class='ocr_carea' id='block_1_103' title="bbox 336 5371 1850 5455">
    <p class='ocr_par' dir='ltr' id='par_1_103' title="bbox 336 5371 1850 5455">
     <span class='ocr_line' id='line_1_103' title="bbox 336 5371 1850 5455; baseline -0.011 -15"><span class='ocrx_word' id='word_1_824' title='bbox 336 5386 497 5441; x_wconf 81' lang='grc' dir='ltr'>Ἀλλά</span> <span class='ocrx_word' id='word_1_825' title='bbox 520 5384 570 5438; x_wconf 89' lang='grc' dir='ltr'><strong>τί</strong></span> <span class='ocrx_word' id='word_1_826' title='bbox 592 5384 779 5455; x_wconf 82' lang='grc' dir='ltr'>κέρδος</span> <span class='ocrx_word' id='word_1_827' title='bbox 803 5386 866 5435; x_wconf 83' lang='grc' dir='ltr'>ὲκ</span> <span class='ocrx_word' id='word_1_828' title='bbox 891 5382 988 5452; x_wconf 83' lang='grc' dir='ltr'><strong>τῆς</strong></span> <span class='ocrx_word' id='word_1_829' title='bbox 1015 5378 1423 5451; x_wconf 59' lang='grc' dir='ltr'>μεγαλοὼρεᾶς</span> <span class='ocrx_word' id='word_1_830' title='bbox 1446 5374 1750 5443; x_wconf 83' lang='grc' dir='ltr'>γενήσεται,</span> <span class='ocrx_word' id='word_1_831' title='bbox 1775 5371 1850 5443; x_wconf 85' lang='grc' dir='ltr'>μὴ</span> 
     </span>
    </p>
   </div>
   <div class='ocr_carea' id='block_1_104' title="bbox 271 5463 1849 5550">
    <p class='ocr_par' dir='ltr' id='par_1_104' title="bbox 271 5463 1849 5550">
     <span class='ocr_line' id='line_1_104' title="bbox 271 5463 1849 5550; baseline -0.013 -17"><span class='ocrx_word' id='word_1_832' title='bbox 271 5476 679 5550; x_wconf 71' lang='grc' dir='ltr'>φανερωθείσης</span> <span class='ocrx_word' id='word_1_833' title='bbox 711 5476 839 5544; x_wconf 76' lang='grc' dir='ltr'>ἡμῖν</span> <span class='ocrx_word' id='word_1_834' title='bbox 862 5473 959 5543; x_wconf 84' lang='grc' dir='ltr'>τῆς</span> <span class='ocrx_word' id='word_1_835' title='bbox 977 5469 1297 5540; x_wconf 77' lang='grc' dir='ltr'>ἐγκειμένης</span> <span class='ocrx_word' id='word_1_836' title='bbox 1318 5466 1555 5527; x_wconf 80' lang='grc' dir='ltr'>διανοίας</span> <span class='ocrx_word' id='word_1_837' title='bbox 1576 5463 1651 5533; x_wconf 81' lang='grc' dir='ltr'>τῷ</span> <span class='ocrx_word' id='word_1_838' title='bbox 1679 5464 1849 5532; x_wconf 76' lang='grc' dir='ltr'>λόγως</span> 
     </span>
    </p>
   </div>
   <div class='ocr_carea' id='block_1_105' title="bbox 272 5554 3269 5641">
    <p class='ocr_par' dir='ltr' id='par_1_105' title="bbox 272 5554 3269 5641">
     <span class='ocr_line' id='line_1_105' title="bbox 272 5554 3269 5641; baseline -0.012 -17"><span class='ocrx_word' id='word_1_839' title='bbox 272 5572 388 5626; x_wconf 68' lang='grc' dir='ltr'>Καὶ</span> <span class='ocrx_word' id='word_1_840' title='bbox 412 5570 517 5641; x_wconf 84' lang='grc' dir='ltr'>γὰρ</span> <span class='ocrx_word' id='word_1_841' title='bbox 548 5568 638 5620; x_wconf 67' lang='grc' dir='ltr'><strong>ἐπὶ</strong></span> <span class='ocrx_word' id='word_1_842' title='bbox 655 5567 751 5636; x_wconf 84' lang='grc' dir='ltr'>τῆς</span> <span class='ocrx_word' id='word_1_843' title='bbox 784 5564 1052 5635; x_wconf 78' lang='grc' dir='ltr'>ἰατρικῆς,</span> <span class='ocrx_word' id='word_1_844' title='bbox 1082 5561 1250 5614; x_wconf 80' lang='grc' dir='ltr'>πολλὰ.</span> <span class='ocrx_word' id='word_1_845' title='bbox 1270 5558 1375 5612; x_wconf 83' lang='grc' dir='ltr'><strong>τῶν</strong></span> <span class='ocrx_word' id='word_1_846' title='bbox 1394 5557 1587 5627; x_wconf 88' lang='grc' dir='ltr'>τιμίων</span> <span class='ocrx_word' id='word_1_847' title='bbox 1615 5554 1705 5608; x_wconf 72' lang='grc' dir='ltr'><strong>καὶ</strong></span> <span class='ocrx_word' id='word_1_848' title='bbox 1725 5556 1853 5607; x_wconf 83' lang='grc' dir='ltr'>δυσ-</span> <span class='ocrx_word' id='word_1_849' title='bbox 1957 5554 2227 5607; x_wconf 85' lang='lat' dir='ltr'><strong>declarata</strong></span> <span class='ocrx_word' id='word_1_850' title='bbox 2267 5564 2374 5601; x_wconf 87' lang='lat' dir='ltr'><strong>non</strong></span> <span class='ocrx_word' id='word_1_851' title='bbox 2409 5554 2522 5601; x_wconf 74' lang='lat' dir='ltr'><strong>sit?</strong></span> <span class='ocrx_word' id='word_1_852' title='bbox 2548 5554 2757 5597; x_wconf 69' lang='lat' dir='ltr'><strong>Etenim</strong></span> <span class='ocrx_word' id='word_1_853' title='bbox 2795 5554 2846 5592; x_wconf 83' lang='lat' dir='ltr'><strong>In</strong></span> <span class='ocrx_word' id='word_1_854' title='bbox 2886 5554 3176 5641; x_wconf 55' lang='lat' dir='ltr'><strong>medicin:</strong></span> 
     </span>
    </p>
   </div>
   <div class='ocr_carea' id='block_1_106' title="bbox 276 5624 1813 5731">
    <p class='ocr_par' dir='ltr' id='par_1_106' title="bbox 276 5639 1813 5731">
     <span class='ocr_line' id='line_1_106' title="bbox 276 5639 1813 5731; baseline -0.011 -16"><span class='ocrx_word' id='word_1_855' title='bbox 276 5663 553 5731; x_wconf 62' lang='grc' dir='ltr'>περίστιυν</span> <span class='ocrx_word' id='word_1_856' title='bbox 587 5658 890 5728; x_wconf 64' lang='grc' dir='ltr'>φαρμάκων</span> <span class='ocrx_word' id='word_1_857' title='bbox 922 5639 1168 5725; x_wconf 69' lang='grc' dir='ltr'>ἄχρηστα</span> <span class='ocrx_word' id='word_1_858' title='bbox 1193 5655 1304 5715; x_wconf 87' lang='grc' dir='ltr'>τοῖς</span> <span class='ocrx_word' id='word_1_859' title='bbox 1335 5649 1584 5719; x_wconf 77' lang='grc' dir='ltr'>ἀγνοοῦσι</span> <span class='ocrx_word' id='word_1_860' title='bbox 1614 5646 1707 5700; x_wconf 75' lang='grc' dir='ltr'><strong>καὶ</strong></span> <span class='ocrx_word' id='word_1_861' title='bbox 1730 5648 1813 5699; x_wconf 73' lang='grc' dir='ltr'><strong>ἀνί</strong></span> 
     </span>
    </p>
   </div>
   <div class='ocr_carea' id='block_1_107' title="bbox 1916 5624 3525 5731">
    <p class='ocr_par' dir='ltr' id='par_1_107' title="bbox 1957 5624 3525 5706">
     <span class='ocr_line' id='line_1_107' title="bbox 1957 5624 3525 5706; baseline -0.011 -11"><span class='ocrx_word' id='word_1_862' title='bbox 1957 5643 2094 5695; x_wconf 89' lang='lat' dir='ltr'><strong>tiosa</strong></span> <span class='ocrx_word' id='word_1_863' title='bbox 2134 5643 2563 5706; x_wconf 86' lang='lat' dir='ltr'><strong>comparatuque</strong></span> <span class='ocrx_word' id='word_1_864' title='bbox 2608 5639 2769 5698; x_wconf 85' lang='lat' dir='ltr'><strong>atque</strong></span> <span class='ocrx_word' id='word_1_865' title='bbox 2805 5629 3028 5681; x_wconf 86' lang='lat' dir='ltr'><strong>inventu</strong></span> <span class='ocrx_word' id='word_1_866' title='bbox 3071 5624 3306 5679; x_wconf 71' lang='lat' dir='ltr'><strong>difﬁcilia</strong></span> <span class='ocrx_word' id='word_1_867' title='bbox 3356 5625 3525 5679; x_wconf 34' lang='lat' dir='ltr'><strong>medie</strong></span> 
     </span>
    </p>
   </div>
   <div class='ocr_carea' id='block_1_108' title="bbox 277 5718 1813 5821">
    <p class='ocr_par' dir='ltr' id='par_1_108' title="bbox 277 5739 1813 5821">
     <span class='ocr_line' id='line_1_108' title="bbox 277 5739 1813 5821; baseline -0.012 -14"><span class='ocrx_word' id='word_1_868' title='bbox 277 5772 413 5821; x_wconf 77' lang='grc' dir='ltr'>νητα</span> <span class='ocrx_word' id='word_1_869' title='bbox 442 5752 611 5821; x_wconf 79' lang='grc' dir='ltr'>μένει,</span> <span class='ocrx_word' id='word_1_870' title='bbox 635 5751 737 5813; x_wconf 78' lang='grc' dir='ltr'>ἓως</span> <span class='ocrx_word' id='word_1_871' title='bbox 769 5749 835 5801; x_wconf 83' lang='grc' dir='ltr'>ἂν</span> <span class='ocrx_word' id='word_1_872' title='bbox 865 5749 943 5809; x_wconf 82' lang='grc' dir='ltr'><strong>εἰς</strong></span> <span class='ocrx_word' id='word_1_873' title='bbox 972 5747 1001 5799; x_wconf 82' lang='lat' dir='ltr'><strong>&#39;o&#39;</strong></span> <span class='ocrx_word' id='word_1_874' title='bbox 1036 5763 1087 5797; x_wconf 84' lang='grc' dir='ltr'><strong>τι</strong></span> <span class='ocrx_word' id='word_1_875' title='bbox 1110 5745 1373 5815; x_wconf 83' lang='grc' dir='ltr'>χρήσιμον</span> <span class='ocrx_word' id='word_1_876' title='bbox 1403 5743 1630 5794; x_wconf 77' lang='grc' dir='ltr'>’ἑκαστον</span> <span class='ocrx_word' id='word_1_877' title='bbox 1652 5739 1813 5791; x_wconf 72' lang='grc' dir='ltr'>τούτω</span> 
     </span>
    </p>
   </div>
   <div class='ocr_carea' id='block_1_109' title="bbox 1916 5718 3524 5821">
    <p class='ocr_par' dir='ltr' id='par_1_109' title="bbox 1961 5718 3524 5795">
     <span class='ocr_line' id='line_1_109' title="bbox 1961 5718 3524 5795; baseline -0.012 -9"><span class='ocrx_word' id='word_1_878' title='bbox 1961 5736 2209 5786; x_wconf 88' lang='lat' dir='ltr'><strong>camenta</strong></span> <span class='ocrx_word' id='word_1_879' title='bbox 2253 5724 2575 5795; x_wconf 74' lang='lat' dir='ltr'><strong>infrugil‘era</strong></span> <span class='ocrx_word' id='word_1_880' title='bbox 2620 5720 2942 5787; x_wconf 86' lang='lat' dir='ltr'><strong>inutiliaque</strong></span> <span class='ocrx_word' id='word_1_881' title='bbox 2983 5718 3361 5787; x_wconf 86' lang='lat' dir='ltr'><strong>ignorantibus</strong></span> <span class='ocrx_word' id='word_1_882' title='bbox 3405 5729 3524 5768; x_wconf 57' lang='lat' dir='ltr'><strong>ma-</strong></span> 
     </span>
    </p>
   </div>
   <div class='ocr_carea' id='block_1_110' title="bbox 280 5809 1813 5911">
    <p class='ocr_par' dir='ltr' id='par_1_110' title="bbox 280 5826 1813 5911">
     <span class='ocr_line' id='line_1_110' title="bbox 280 5826 1813 5911; baseline -0.011 -13"><span class='ocrx_word' id='word_1_883' title='bbox 280 5842 429 5899; x_wconf 66' lang='grc' dir='ltr'>δστὶν</span> <span class='ocrx_word' id='word_1_884' title='bbox 464 5839 611 5911; x_wconf 75' lang='grc' dir='ltr'>παρὰ</span> <span class='ocrx_word' id='word_1_885' title='bbox 652 5839 749 5908; x_wconf 83' lang='grc' dir='ltr'>τῆς</span> <span class='ocrx_word' id='word_1_886' title='bbox 796 5837 990 5906; x_wconf 74' lang='grc' dir='ltr'>τέχνης</span> <span class='ocrx_word' id='word_1_887' title='bbox 1042 5832 1378 5904; x_wconf 81' lang='grc' dir='ltr'>ἀκούσωμεν.</span> <span class='ocrx_word' id='word_1_888' title='bbox 1423 5832 1487 5883; x_wconf 87' lang='grc' dir='ltr'>Τί</span> <span class='ocrx_word' id='word_1_889' title='bbox 1519 5826 1612 5882; x_wconf 72' lang='grc' dir='ltr'><strong>οὖν</strong></span> <span class='ocrx_word' id='word_1_890' title='bbox 1646 5832 1758 5882; x_wconf 69' lang='grc' dir='ltr'>ἐστι</span> <span class='ocrx_word' id='word_1_891' title='bbox 1792 5845 1813 5880; x_wconf 85' lang='grc' dir='ltr'><strong>τ</strong></span> 
     </span>
    </p>
   </div>
   <div class='ocr_carea' id='block_1_111' title="bbox 1916 5809 3526 5911">
    <p class='ocr_par' dir='ltr' id='par_1_111' title="bbox 1961 5809 3526 5888">
     <span class='ocr_line' id='line_1_111' title="bbox 1961 5809 3526 5888; baseline -0.011 -10"><span class='ocrx_word' id='word_1_892' title='bbox 1961 5830 2112 5888; x_wconf 85' lang='lat' dir='ltr'><strong>nent,</strong></span> <span class='ocrx_word' id='word_1_893' title='bbox 2152 5821 2325 5875; x_wconf 90' lang='lat' dir='ltr'><strong>donec</strong></span> <span class='ocrx_word' id='word_1_894' title='bbox 2371 5819 2438 5871; x_wconf 84' lang='lat' dir='ltr'><strong>ab</strong></span> <span class='ocrx_word' id='word_1_895' title='bbox 2481 5824 2595 5871; x_wconf 89' lang='lat' dir='ltr'><strong>arte</strong></span> <span class='ocrx_word' id='word_1_896' title='bbox 2641 5812 3006 5867; x_wconf 83' lang='lat' dir='ltr'><strong>audiverimus</strong></span> <span class='ocrx_word' id='word_1_897' title='bbox 3065 5810 3131 5865; x_wconf 90' lang='lat' dir='ltr'><strong>ad</strong></span> <span class='ocrx_word' id='word_1_898' title='bbox 3171 5810 3297 5882; x_wconf 86' lang='lat' dir='ltr'><strong>quid</strong></span> <span class='ocrx_word' id='word_1_899' title='bbox 3332 5809 3526 5863; x_wconf 86' lang='lat' dir='ltr'><strong>horum</strong></span> 
     </span>
    </p>
   </div>
   <div class='ocr_carea' id='block_1_112' title="bbox 2023 5340 3555 5433">
    <p class='ocr_par' dir='ltr' id='par_1_112' title="bbox 2023 5340 3555 5433">
     <span class='ocr_line' id='line_1_112' title="bbox 2023 5340 3555 5433; baseline -0.009 -14"><span class='ocrx_word' id='word_1_900' title='bbox 2023 5366 2225 5421; x_wconf 78' lang='lat' dir='ltr'><strong>Verum</strong></span> <span class='ocrx_word' id='word_1_901' title='bbox 2274 5362 2403 5433; x_wconf 91' lang='lat' dir='ltr'><strong>quid</strong></span> <span class='ocrx_word' id='word_1_902' title='bbox 2444 5361 2580 5415; x_wconf 85' lang='lat' dir='ltr'><strong>lucri</strong></span> <span class='ocrx_word' id='word_1_903' title='bbox 2632 5375 2698 5414; x_wconf 74' lang='lat' dir='ltr'><strong>ex</strong></span> <span class='ocrx_word' id='word_1_904' title='bbox 2739 5373 2803 5411; x_wconf 84' lang='lat' dir='ltr'><strong>ea</strong></span> <span class='ocrx_word' id='word_1_905' title='bbox 2855 5354 3225 5410; x_wconf 87' lang='lat' dir='ltr'><strong>muniﬁcentia</strong></span> <span class='ocrx_word' id='word_1_906' title='bbox 3274 5340 3555 5414; x_wconf 26' lang='lat' dir='ltr'><strong>accedet,‘</strong></span> 
     </span>
    </p>
   </div>
   <div class='ocr_carea' id='block_1_113' title="bbox 1955 5444 3553 5524">
    <p class='ocr_par' dir='ltr' id='par_1_113' title="bbox 1955 5444 3553 5524">
     <span class='ocr_line' id='line_1_113' title="bbox 1955 5444 3553 5524; baseline -0.011 -10"><span class='ocrx_word' id='word_1_907' title='bbox 1955 5475 2076 5514; x_wconf 87' lang='lat' dir='ltr'><strong>cum</strong></span> <span class='ocrx_word' id='word_1_908' title='bbox 2110 5457 2377 5513; x_wconf 86' lang='lat' dir='ltr'><strong>sententia</strong></span> <span class='ocrx_word' id='word_1_909' title='bbox 2411 5468 2532 5524; x_wconf 71' lang='lat' dir='ltr'><strong>qua:</strong></span> <span class='ocrx_word' id='word_1_910' title='bbox 2566 5452 2619 5505; x_wconf 90' lang='lat' dir='ltr'><strong>in</strong></span> <span class='ocrx_word' id='word_1_911' title='bbox 2661 5451 2729 5504; x_wconf 91' lang='lat' dir='ltr'><strong>iis</strong></span> <span class='ocrx_word' id='word_1_912' title='bbox 2764 5449 2942 5503; x_wconf 83' lang='lat' dir='ltr'><strong>verbis</strong></span> <span class='ocrx_word' id='word_1_913' title='bbox 2995 5446 3304 5501; x_wconf 89' lang='lat' dir='ltr'><strong>continetur</strong></span> <span class='ocrx_word' id='word_1_914' title='bbox 3360 5444 3553 5499; x_wconf 82' lang='lat' dir='ltr'><strong>nobis‘</strong></span> 
     </span>
    </p>
   </div>
   <div class='ocr_carea' id='block_1_114' title="bbox 1957 5536 3525 5607">
    <p class='ocr_par' dir='ltr' id='par_1_114' title="bbox 1957 5536 3525 5607">
     <span class='ocr_line' id='line_1_114' title="bbox 1957 5536 3525 5607; baseline -0.012 0"><span class='ocrx_word' id='word_1_915' title='bbox 1957 5552 2227 5607; x_wconf 85' lang='lat' dir='ltr'><strong>declarata</strong></span> <span class='ocrx_word' id='word_1_916' title='bbox 2267 5564 2374 5601; x_wconf 87' lang='lat' dir='ltr'><strong>non</strong></span> <span class='ocrx_word' id='word_1_917' title='bbox 2409 5545 2522 5601; x_wconf 84' lang='lat' dir='ltr'><strong>sit?</strong></span> <span class='ocrx_word' id='word_1_918' title='bbox 2547 5543 2757 5597; x_wconf 85' lang='lat' dir='ltr'><strong>Etenim</strong></span> <span class='ocrx_word' id='word_1_919' title='bbox 2794 5540 2846 5592; x_wconf 91' lang='lat' dir='ltr'><strong>in</strong></span> <span class='ocrx_word' id='word_1_920' title='bbox 2886 5537 3157 5592; x_wconf 89' lang='lat' dir='ltr'><strong>medicina</strong></span> <span class='ocrx_word' id='word_1_921' title='bbox 3200 5536 3366 5589; x_wconf 91' lang='lat' dir='ltr'><strong>multa</strong></span> <span class='ocrx_word' id='word_1_922' title='bbox 3401 5550 3525 5604; x_wconf 87' lang='lat' dir='ltr'><strong>pre-</strong></span> 
     </span>
    </p>
   </div>
  </div>
