4004 6522
2205 185 2230 212 Ὁ

575 390 724 448 “99
1779 393 1836 447 ε.
1879 391 2203 450 GBEGORI!
2239 391 2530 448 NYSSENI
3622 403 3724 460 uno

483 551 486 554 -
585 507 840 580 quodque
871 507 1002 564 utile
1033 509 1125 564 sit.
1159 507 1302 574 Quid
1353 507 1517 578 igitur
1563 517 1668 576 est,
1698 524 1988 580 pauperem
2025 525 2064 566 ea

2145 530 2150 561 ι
2177 519 2222 574 Α
2249 507 2560 577 πτωχεῦσαι
2593 505 2672 576 τῷ
2705 505 2994 576 πνεύματι,
3029 503 3096 556 δι’
3135 496 3194 556 οὗ
3239 505 3540 576 περιγίνεται
3577 515 3624 568 τὸ
3655 522 3726 590 τῆς

587 602 805 672 spiritu,
845 617 940 671 per
969 601 1116 671 quod
1145 617 1312 670 regno
1349 603 1612 658 caelorum
1646 603 1812 673 potiri
1845 602 2148 672 contingit?

2146 609 2148 626 '
2251 599 2525 671 βασιλείας
2547 600 2654 654 τῶν
2688 598 2932 668 οὐρανῶν
2951 597 3189 667 ἐγκρατῆ
3211 599 3472 666 γενέσθαις
3497 604 3582 658 Δύο
3606 611 3727 665 πλού-

587 690 704 746 Duo
733 691 1049 746 divitiarum
1075 707 1198 748 esse
1225 709 1422 762 genera
1451 709 1480 748 a
1515 693 1800 764 Scriptura
1829 694 2143 756 didicimus,

2247 709 2376 754 τους
2413 691 2564 762 παρὰ
2593 691 2690 760 τῆς
2737 689 2960 762 Γραφῆς
2997 688 3516 758 μεμαθήκαμεν-ἕνα
3557 701 3729 755 suam.

587 797 753 836 unum
805 783 945 851 quod
989 784 1247 850 probetur
1292 793 1346 838 et
1377 792 1682 855 expetatur,
1733 787 1964 840 alterum
2000 785 2146 856 quod

2248 782 2491 852 ζόμενον,
2525 782 2620 833 καί⁵
2653 781 2750 833 ’ἐνα
2799 779 3276 850 κατακρινόμενον.
3315 781 3632 848 Σπουδάςεται
3662 793 3729 860 μὲν

585 875 872 928 damnetur
896 883 950 929 et
979 877 1337 945 improbetur.
1377 876 1708 947 Expetendae
1739 879 1956 948 quidem
1984 887 2148 947 atque

2247 874 2276 926 ὀ
2299 872 2407 926 τῶν
2435 872 2644 942 ἀρετῶν
2662 870 2888 934 πλοῦτος
2906 911 2920 934 ,
2949 869 3284 924 διαϐάλλεται
3305 871 3356 922 δὲ
3378 873 3404 924 ὁ
3431 873 3585 939 ὑλικός
3599 895 3642 930 τε
3666 885 3731 936 καὶ

587 963 878 1032 probandae
925 966 1184 1018 virtutum
1231 967 1432 1020 divitia:
1472 977 1636 1033 sunt;
1671 967 2148 1024 criminationibus

2246 961 2463 1031 γήϊνος·
2499 961 2580 1014 ὅτι
2607 962 2636 1013 ὁ
2667 961 2764 1030 μὲν
2797 961 2893 1029 τῆς
2939 959 3116 1030 ψυχῆς
3158 960 3358 1027 γίνεται
3413 964 3602 1048 κτδα,
3623 965 3731 1034 οὗτος

587 1060 766 1108 autem
795 1054 1044 1108 obnoxiae
1067 1063 1193 1110 sunt
1217 1065 1270 1109 et
1298 1055 1674 1124 improbantur
1709 1059 2018 1113 materiales
2050 1073 2146 1127 pa-

2246 1050 2304 1104 δὲ
2355 1051 2492 1122 πρὸς
2533 1052 2632 1121 τὴν
2679 1051 2786 1104 τῶν
2831 1049 3202 1122 αἰσθητηρίων
3247 1051 3448 1122 ἀπάτην
3485 1056 3733 1128 ἐπιτηδείως

584 1144 718 1210 riter
759 1155 921 1214 atque
959 1154 1208 1209 terrenas,
1258 1147 1516 1215 quoniam
1549 1147 1655 1202 illa:
1693 1148 1913 1217 quidem
1953 1149 2150 1203 anima!

2247 1142 2380 1212 ἔχει.
2419 1142 2510 1195 Διὸ
2545 1142 2741 1196 κωλύει
2793 1141 2981 1196 τοῦτον
3028 1141 3368 1214 θησαυρίζειν
3401 1146 3427 1197 ὁ
3462 1143 3656 1218 Κύριος,
3681 1151 3733 1216 ὡς

585 1253 716 1306 opes
731 1238 1032 1304 exsistunt;
1051 1239 1134 1294 hae
1159 1253 1286 1292 vero
1309 1239 1374 1292 ad
1399 1239 1720 1308 decipienda
1741 1255 2001 1296 sensuum
2019 1255 2146 1295 vasa

2247 1235 2326 1297 είς
2359 1232 2560 1302 βρῶσιν
2593 1233 2770 1302 θητῶν
2813 1233 2906 1286 καί⁵
2951 1234 3028 1294 είς
3061 1232 3346 1302 ἐπιϐουλὴν
3394 1233 3494 1285 τῶν
3539 1253 3734 1308 τοιχωρυ.

587 1330 792 1384 idoneae
841 1339 988 1386 sunt.
1025 1330 1386 1395 Quamobrem
1441 1333 1540 1388 has
1584 1332 1840 1401 colligere
1885 1331 2149 1386 Dominus

2247 1324 2482 1394 χούντων
2507 1323 2838 1394 ἐκκείμενον.
2855 1322 3080 1376 Κελεύει
3109 1323 3165 1375 δὲ
3195 1323 3320 1394 περὶ
3341 1323 3426 1376 τὸν
3449 1325 3544 1376 τῶν
3571 1328 3735 1397 ὑψηλῶν

585 1430 752 1482 vetat.
783 1422 982 1490 quippe
1009 1421 1279 1476 tinearum
1309 1423 1646 1492 corruptioni
1679 1423 2004 1491 insidiisque
2049 1436 2150 1475 no-

2231 1415 2472 1469 ¹πλοῦτον
2519 1417 2616 1486 τὴν
2645 1416 2879 1486 σπουδὴν
2909 1415 3072 1487 ἔχειν,
3111 1411 3171 1471 οὗ
3215 1418 3247 1485 ἡ
3283 1415 3534 1487 φθαρτικὴ
3565 1419 3737 1490 δύναμις

585 1524 904 1568 eturnorum
967 1513 1148 1568 furum
1208 1514 1505 1584 expositas.
1581 1513 1905 1567 Sublimium
1969 1521 2150 1566 autem

2247 1509 2306 1560 οὐ
2350 1508 2742 1579 προσάπτεται.
2801 1509 2946 1578 Σῆτα
2997 1508 3054 1560 δὲ
3093 1508 3184 1560 καὶ
3235 1508 3462 1579 κλέπτην
3501 1510 3654 1574 εἰπὼν,
3675 1514 3737 1566 τὸν

584 1620 764 1660 rerum
817 1605 1042 1666 divitiis,
1095 1619 1232 1673 quas
1275 1604 1360 1660 vis
1407 1603 1721 1674 corruptrix
1760 1618 1872 1658 non
1913 1603 2146 1673 attingit,

2246 1597 2498 1668 λυμεῶνα
2538 1597 2650 1650 τῶν
2688 1599 2790 1669 τῆς
2837 1597 3015 1667 ψυχῆς
3061 1595 3344 1666 θησαυρῶν
3387 1597 3657 1662 ἐνεδείξατο.
3689 1601 3735 1654 Ei

585 1695 805 1750 studere
847 1711 946 1748 nos
977 1695 1148 1762 jubet.
1177 1694 1358 1749 Tineze
1397 1703 1576 1750 autem
1613 1703 1668 1748 et
1701 1693 1836 1749 furis
1879 1692 2152 1748 mentione

2247 1687 2338 1744 οὖν
2396 1689 2948 1758 ἀντιδιαστέλλεταιή
2989 1688 3147 1742 πενία
3201 1687 3279 1759 τῷ
3313 1687 3542 1758 πλούτῳ,
3580 1689 3740 1754 πάντως
3793 1703 3795 1712 “

585 1783 747 1844 facta,
797 1783 1089 1851 perniciem
1142 1783 1339 1838 animm
1369 1784 1751 1838 thesaurorum
1788 1781 2045 1837 ostendit.
2091 1779 2149 1834 Si

2245 1781 2388 1836 κατὰ
2431 1782 2530 1852 τὴν
2559 1781 2848 1850 ἀναλογίαν
2881 1781 2974 1834 καὶ
3015 1778 3210 1849 διπλῆν
3243 1781 3352 1832 ἔστι
3377 1779 3647 1849 διδαχθῆναι
3671 1799 3741 1835 πε-

587 1871 754 1940 igitur
785 1871 990 1924 divitiis
1015 1873 1305 1940 opponitur
1335 1879 1638 1941 paupertas,
1669 1869 1823 1940 juxta
1849 1870 2152 1940 analogiam

2185 1869 2228 1927 Β
2255 1873 2370 1928 νίαν
2393 1889 2410 1906 ο
2442 1873 2540 1944 τὴν
2585 1874 2682 1944 μὲν
2728 1873 3067 1943 ἀπόϐλητον,
3111 1872 3211 1942 τὴν
3253 1871 3312 1924 δὲ
3359 1873 3739 1944 μακαριζομένην,

584 1971 636 2016 et
688 1963 1094 2017 convenientem
1144 1964 1432 2024 rationem,
1487 1961 1758 2033 duplicem
1797 1963 1957 2033 plane
2011 1977 2149 2033 pau-

2265 1964 2323 2020 'O
2372 1966 2469 2036 μὲν
2517 1959 2610 2017 οὖν
2659 1963 3007 2035 σωφροσύνης
3051 1949 3377 2035 πτωχεύων,
3411 1964 3440 2032 ἢ
3489 1963 3570 2016 τοῦ
3608 1967 3740 2034 τιμίου

587 2062 850 2122 pertatem
893 2069 1112 2124 quoque
1151 2055 1579 2108 animadvertere
1609 2054 1736 2108 licet
1767 2072 1780 2108 ι
1815 2069 1976 2107 unam
2029 2057 2152 2122 qui-

2252 2057 2532 2126 κτήματος
2573 2059 2672 2127 τῆς
2711 2053 3084 2126 δικαιοσύνης,
3157 2056 3192 2126 ἢ
3239 2055 3345 2124 τῆς
3400 2055 3592 2124 σοφίας,
3620 2057 3646 2128 ἢ
3675 2057 3741 2128 τῆς

584 2145 704 2198 dem
753 2143 1123 2212 rejiciendam,
1159 2145 1382 2198 alteram
1425 2159 1574 2206 vero,
1609 2160 1730 2214 qua:
1760 2145 1916 2200 beata
1941 2145 2150 2214 judice-

2255 2147 2640 2219 φρονήσεως,ἦ
2675 2146 2833 2200 ἄλλου
2871 2147 3013 2210 τινὸς
3050 2147 3156 2200 τῶν
3187 2147 3477 2200 πολυτελῶν
3513 2149 3741 2217 κειμηλίων

585 2242 694 2288 tur.
757 2235 1080 2305 Quicunque
1133 2237 1296 2306 igitur
1353 2251 1384 2290 a
1427 2239 1806 2306 temperantia,
1857 2238 2150 2292 sobrietate

2255 2239 2423 2309 πένης
2473 2257 2534 2292 τε
2581 2238 2674 2291 καὶ
2720 2239 2979 2308 ἀκτήμων
3027 2239 3120 2292 καὶ
3163 2239 3376 2306 πτωχὸς
3405 2240 3741 2310 εὐρισκόμεη,

587 2335 747 2396 atque
785 2328 1052 2382 modestia
1103 2329 1282 2384 nudus
1323 2336 1376 2382 et
1415 2329 1591 2398 inops,
1645 2338 1738 2383 aut
1789 2329 2150 2398 pretiosarum

2254 2331 2432 2394 ἅθλιος
2455 2331 2556 2402 τῆς
2581 2331 2770 2393 πενίας
2799 2332 2892 2384 καὶ
2921 2331 3147 2396 ἐλεεινὸς
3171 2333 3270 2403 τῆς
3301 2333 3406 2386 τῶν
3435 2335 3603 2404 τιμίων
3623 2337 3742 2404 ἀκτη-

584 2419 812 2486 justitiae
855 2435 1039 2489 opum,
1086 2429 1179 2474 aut
1225 2421 1524 2489 sapientiae,
1566 2428 1662 2474 aut
1708 2421 2026 2488 prudentiae,
2064 2427 2160 2474 aut

2263 2423 2497 2492 μοσύνης
2521 2439 2535 2452 ·
2559 2425 2587 2475 ὁ
2617 2422 2675 2476 δὲ
2705 2423 2923 2476 πάντων
2969 2423 3076 2476 τῶν
3115 2425 3258 2478 κατὰ
3289 2427 3476 2478 κακίαν
3513 2427 3743 2496 νοουμένων

589 2511 730 2566 alius
765 2513 1086 2580 cujusquam
1139 2513 1501 2580 pretiosarum
1545 2520 1708 2582 atque
1753 2513 2156 2568 reconditarum

2257 2513 2518 2573 ἑκουσίως
2553 2513 2867 2582 πτωχεύων,
2902 2514 2995 2566 καὶ
3031 2515 3180 2569 οὐδὲν
3208 2515 3316 2569 τῶν
3353 2515 3633 2569 διαϐολικῶν
3665 2533 3741 2568 κει-

589 2616 1050 2670 reruniegenus,
1116 2617 1339 2672 pauper,
1405 2611 1458 2656 et
1515 2601 1799 2656 mendicus
1863 2602 2154 2660 invenitur,

2259 2606 2464 2674 μηλίων
2495 2605 2552 2658 ὲν
2595 2607 2706 2666 τοῖς
2749 2605 2898 2668 ίδίοις
2943 2606 3188 2677 ταμείοις
3221 2607 3357 2678 ἔχων
3379 2608 3626 2670 ἀπόθετον,
3650 2607 3742 2660 ἀλλά

589 2695 924 2762 paupertatis
957 2696 1174 2746 nomine
1208 2707 1552 2748 aarumnosus
1613 2707 1676 2746 ac
1717 2691 2040 2746 miserabilis
2070 2699 2154 2746 est

2253 2697 2330 2766 τῷ
2375 2696 2644 2767 πνεύματι
2695 2697 2852 2760 ζέων,
2898 2699 2994 2751 καὶ
3030 2699 3116 2752 διὰ
3149 2699 3340 2753 τούτου
3369 2700 3460 2770 τὴν
3493 2701 3587 2753 τῶν
3614 2701 3743 2754 κακῶν

588 2785 658 2838 ob
690 2784 924 2853 inopiam
961 2799 1137 2838 rermn
1183 2783 1580 2852 pretiosarum;
1628 2791 1684 2836 at
1710 2784 1800 2850 qui
1832 2789 2024 2852 sponte
2055 2796 2152 2836 sua

2253 2785 2442 2838 πενίαν
2472 2784 2649 2854 ἑαυτῷ
2687 2782 3048 2854 θησαυρίζων,
3083 2788 3172 2858 εῐη
3199 2787 3268 2841 ἂν
3297 2783 3441 2852 οὗτος
3463 2791 3514 2841 ὲν
3567 2792 3621 2860 τῇ
3675 2806 3743 2857 μα-

587 2891 774 2928 earum
827 2891 1002 2928 rerum
1057 2877 1296 2929 omnium
1327 2891 1446 2944 qua:
1491 2891 1588 2945 per
1628 2876 1819 2928 vitium
1857 2883 1909 2928 et
1957 2873 2154 2942 nequi-

2261 2875 2590 2946 χαριζομένη
2619 2875 2856 2946 πτωχείᾳ
2881 2876 2984 2928 ὑπὸ
3017 2875 3110 2930 τοῦ
3134 2878 3310 2946 Λόγου
3325 2879 3648 2951 δεικνύμενος,
3661 2875 3743 2951 ἦςί

589 2972 717 3022 tiam
759 2969 1154 3037 intelliguntur,
1193 2969 1350 3036 inops
1389 2977 1442 3022 et
1479 2983 1684 3037 egenus
1732 2975 1816 3022 est
1853 2985 1865 3020 :
1903 2981 1966 3018 ac
2016 2965 2154 3019 nihil

1648 2983 1684 3022 is
1732 2975 1816 3022 est
1853 2985 1865 3020 :
1903 2981 1966 3018 ac
2016 2965 2154 3019 nihil
2261 2965 2468 3036 καρπδς
2504 2964 2747 3036 βασιλεία
2772 2967 3018 3036 οὐρανῶν
3059 2967 3229 3024 ἐστιν.

589 3059 972 3126 exdiaholicis
1019 3059 1213 3128 opibus
1263 3061 1315 3112 in
1361 3059 1475 3114 suis
1505 3057 1860 3112 conclavibus
1905 3057 2246 3112 reconditum
2319 3057 2504 3118 habet,
2566 3055 2662 3110 sed
2705 3055 2898 3124 spiritu
2943 3057 3133 3124 fervet,
3204 3065 3262 3114 et
3309 3073 3402 3129 per
3466 3059 3593 3113 hunc
3631 3057 3746 3110 malo-

593 3167 708 3204 rum
751 3151 852 3204 sibi
899 3159 1272 3220 paupertatem
1317 3151 1522 3221 colligit
1569 3158 1624 3205 et
1653 3151 1864 3221 qumrit,
1895 3149 1986 3204 ille
2017 3149 2183 3204 fuerit
2218 3149 2264 3204 is
2315 3149 2468 3218 quia
2505 3146 2686 3203 Verbo
2741 3147 2796 3200 in
2833 3162 2894 3202 ea
2935 3165 3056 3219 quae
3099 3151 3260 3204 beata
3303 3150 3518 3206 habetur
3568 3158 3746 3222 egestate

590 3244 792 3298 versari
833 3244 1138 3298 ostenditur
1169 3264 1182 3299 :
1213 3244 1370 3311 cujus
1415 3245 1670 3314 egestatis
1705 3243 1917 3299 fruetus
1955 3251 2038 3299 est
2067 3257 2296 3312 regnum
2324 3241 2607 3294 eoi—lorum.

663 3335 860 3390 Verum
885 3344 1224 3389 revertamur
1249 3351 1440 3389 rursus
1470 3335 1536 3390 ad
1565 3336 1896 3398 institutum,
1927 3344 1980 3390 et
2017 3349 2146 3403 ope-
2174 3337 2218 3396 C

2174 3337 2218 3396 (ζ
2331 3333 2468 3384 Ἀλλ’
2507 3334 2886 3404 ἐπανέλθωμεν
2937 3333 3096 3386 πάλιν
3150 3333 3246 3394 ἐπὶ
3275 3334 3371 3403 τὴν
3415 3333 3640 3403 ἐργασίαν
3679 3329 3741 3382 τοῦ

593 3441 706 3480 ram
739 3428 997 3478 thesauro
1029 3424 1321 3493 quaerendo
1365 3441 1643 3485 navemus,
1683 3439 1787 3478 neu
1825 3423 2152 3478 desistamus

2257 3421 2550 3494 θησαυροῦ,
2587 3426 2680 3478 καὶ
2713 3425 2786 3496 μὴ
2815 3423 3136 3494 ἁποστῶμεν
3164 3426 3244 3494 τῷ
3269 3424 3630 3495 μεταλλευτικῷ
3649 3423 3745 3490 λόγῳ

593 3514 918 3568 scrutatoria
967 3521 1130 3580 atque
1163 3514 1507 3581 iuquisitoria
1553 3515 1760 3566 ratione
1804 3521 1858 3567 et
1907 3513 2154 3566 oratione

2255 3515 2314 3567 τὸ
2343 3517 2725 3588 κεκρυμμένον
2763 3516 3254 3580 ἀνακαλύπτοντες,
3299 3516 3586 3584 Μακάριοι,
3613 3516 3744 3583 φησὶν,

589 3621 780 3660 eruere
821 3614 876 3658 et
919 3605 1156 3660 revelare
1205 3603 1255 3656 id
1305 3604 1448 3672 quod
1516 3605 1786 3658 occultum
1833 3612 1936 3658 est.
1975 3603 2152 3662 Beati.

2258 3608 2313 3659 οί
2341 3607 2560 3674 πτωχοί
2603 3605 2681 3672 τῷ
2713 3609 3021 3677 πνεύματι.
3051 3607 3283 3679 Εἴρηται
3315 3608 3410 3678 μὲν
3457 3607 3625 3678 τρόπον
3661 3603 3745 3655 τινὰ

593 3699 793 3768 inquit,
827 3713 1076 3766 pauperes
1099 3697 1309 3765 spiritu.
1343 3695 1554 3748 Dictum
1591 3696 1692 3749 hoc
1723 3694 1939 3764 quidem
1971 3695 2154 3764 aliquo

2255 3695 2412 3748 τοῦτο
2440 3697 2532 3748 καὶ
2563 3697 2620 3748 ὲν
2649 3699 2760 3758 τοῖς
2791 3695 3128 3767 ἔμπροσθεν,
3163 3695 3259 3746 καὶ
3301 3693 3394 3750 νῦν
3425 3694 3568 3754 πάλιν
3591 3691 3747 3760 εἰρήσε-

592 3791 755 3846 modo
795 3791 958 3845 etiam
1004 3790 1056 3844 in
1109 3789 1482 3860 superioribus
1522 3797 1625 3855 est,
1678 3799 1731 3845 et
1776 3806 1924 3845 nunc
1953 3793 2153 3846 iterum

2213 3825 2220 3862 ἶ
2253 3803 2364 3848 ται,
2398 3788 2480 3838 ὅτι
2507 3785 2657 3849 τέλος
2683 3786 2776 3839 τοῦ
2807 3788 2923 3838 κατ’
2952 3787 3150 3857 ἀρετὴν
3179 3785 3295 3854 βίου
3335 3785 3474 3838 ἐστὶν
3519 3785 3548 3854 ἡ
3581 3783 3688 3850 πρὸς
3705 3778 3745 3831 τὸ

591 3883 822 3946 dicetur,
863 3880 1008 3950 quod
1040 3879 1168 3936 ﬁnis
1201 3881 1328 3935 vitae
1357 3896 1480 3934 cum
1525 3881 1722 3935 virtute
1760 3881 2015 3950 degenda:
2057 3883 2150 3946 sit,

2256 3877 2716 3960 Oeiovépoiwotc.
2764 3878 2924 3931 Ἀλλὰ
2958 3878 3063 3948 μὴν
3097 3877 3157 3930 τὸ
3179 3877 3386 3941 ἀπαθὲς
3423 3878 3506 3930 καὶ
3539 3877 3745 3945 ἀκήρατον

594 3985 653 4030 ιιι
693 3975 817 4046 quis
849 3972 1065 4026 Numini
1116 3973 1300 4026 divino
1329 3973 1678 4027 assimiletur.
1727 3975 1888 4042 Atqui
1923 3975 1976 4027 id
2007 3972 2154 4042 quod

2255 3957 2512 4039 ἐκιρεύγει
2543 3971 2716 4040 πάντη
2743 3971 2838 4040 τὴν
2887 3969 3038 4040 παρὰ
3075 3969 3374 4040 ἀνθρώπων
3400 3967 3618 4038 μίμησιν.
3654 3961 3745 4016 Οὐδὲ

593 4063 866 4134 passionis
920 4071 974 4117 et
1025 4059 1250 4116 allectus
1301 4077 1515 4129 expers,
1569 4061 1942 4130 incorruptum
1995 4070 2155 4130 atque

2255 4062 2362 4132 γάρ
2391 4063 2506 4114 ὲστι
2535 4061 2754 4114 δυνατὸν
2781 4061 2953 4131 πάντη
2985 4061 3081 4131 τὴν
3121 4060 3338 4132 ἐμπαθῆ
3378 4059 3510 4130 ζωὴν
3545 4055 3745 4128 ὁμοιωθῆ-

593 4155 894 4210 immortale
927 4161 1027 4212 est.
1077 4150 1438 4220 undequaque
1475 4151 1754 4206 hominum
1804 4149 1992 4219 eifugit
2035 4150 2156 4203 imi—

2255 4169 2340 4206 ναι
2373 4153 2506 4224 πρὸς
2549 4153 2648 4224 τὴν
2683 4151 2788 4204 τῶν
2822 4153 3006 4206 παθῶν
3035 4151 3380 4204 ἀνεπίδεκτον
3430 4149 3588 4218 φύσιν,
3616 4141 3747 4200 Είοῦν

592 4245 874 4308 tationem.
908 4241 1092 4310 Neque
1117 4243 1260 4296 enim
1309 4240 1422 4294 lieri
1460 4249 1640 4310 potest
1676 4247 1735 4294 ut
1788 4241 1898 4292 vita
1944 4237 2154 4294 aﬂ'ecti-

2261 4246 2416 4314 μόνον
2443 4245 2502 4296 τὸ
2533 4245 2683 4298 Θεϊον
2710 4245 2994 4316 μακάριον,
3025 4242 3204 4306 καθὼς
3222 4245 3250 4295 ὁ
3285 4242 3581 4303 Ἀπόστολος
3607 4237 3745 4306 ὀνομά-

593 4333 716 4392 bus.
754 4330 1250 4399 perturbationibus
1282 4330 1536 4398 vitiisque
1560 4338 1612 4384 et
1635 4329 1856 4384 casibus
1892 4328 2152 4392 obnoxia,

2257 4334 2340 4398 ζει
2365 4376 2379 4400 ,
2413 4337 2446 4406 ή
2483 4335 2540 4387 δὲ
2571 4335 2664 4388 τοῦ
2709 4335 3058 4408 μακαρισμοῦ
3089 4335 3340 4388 κοινωνία
3379 4337 3480 4396 τοῖς
3511 4328 3743 4402 ἀνθρώποις

593 4422 814 4488 νεείιιιίιι
839 4430 926 4472 tur
971 4420 1184 4490 penitus
1222 4430 1275 4473 et
1306 4437 1370 4474 ex
1403 4422 1657 4476 omnibus
1697 4421 1941 4490 partibus
1970 4421 2020 4474 ei
2054 4435 2154 4472 na-

2255 4427 2343 4480 διὰ
2365 4428 2460 4496 τῆς
2491 4427 2622 4498 πρὸς
2643 4428 2732 4478 τὸν
2761 4427 2893 4480 Θεόν
2915 4429 3060 4480 ἐστιν
3086 4425 3396 4496 ὁμοιώσεως
3415 4427 3486 4495 ,,ἠ
3505 4424 3556 4476 δὲ
3577 4423 3745 4492 μίμησις

593 4525 730 4568 ιιιινε
781 4529 902 4583 qua:
959 4527 1130 4581 neque
1208 4512 1672 4581 perturbationes,
1735 4526 1910 4580 neque
1969 4525 2152 4572 casus,

2256 4517 2482 4586 ἄπορος’
2508 4515 2614 4583 ἄρα
2631 4515 2916 4584 ἀνέφικτος
2945 4517 3089 4568 ἐστιν
3113 4516 3146 4586 η
3173 4516 3498 4585 μακαριότης
3517 4515 3572 4583 τῇ
3597 4509 3745 4578 ἀνθρω-

535 4657 538 4660 .
594 4621 771 4675 neque
830 4605 1056 4660 aﬂ'ectus
1103 4605 1240 4658 ullos
1292 4603 1545 4658 admittit.
1596 4601 1653 4656 Si
1702 4603 1867 4672 igitur
1911 4601 2116 4656 divinut

2257 4605 2383 4674 πίνῃ
2415 4603 2548 4674 ζωῇ.
2602 4605 2741 4656 Ἀλλ’
2777 4605 2921 4659 ἐστιν
2953 4605 2988 4658 ἂ
3029 4609 3131 4676 τῆς
3170 4606 3432 4676 Θεότητος
3469 4603 3638 4656 δυνατὰ
3671 4601 3746 4657 τοῖς

593 4697 802 4750 bitumen
853 4696 1028 4748 solum
1060 4695 1276 4750 beatum
1324 4703 1428 4756 est,
1474 4701 1533 4746 ιιι
1565 4693 1618 4748 id
1655 4693 1948 4763 Apostolus
1979 4695 2154 4748 nomi-

2185 4703 2228 4758 D
2258 4695 2599 4768 βουλομένοις
2653 4697 2934 4767 πρόκειται
2979 4699 3059 4760 εἰς
3097 4697 3348 4770 μίμησιν.
3385 4697 3508 4748 Τίνα
3553 4689 3628 4746 οὖν
3669 4691 3745 4741 ἐστι

594 4797 708 4850 nat,
755 4785 1106 4842 beatitudinis
1155 4801 1284 4840 vero
1339 4785 1649 4852 communio
1705 4785 2020 4839 hominibus
2061 4799 2156 4852 per

2259 4785 2459 4850 ταῦτα;
2489 4785 2635 4840 δοκεῖ
2665 4804 2754 4856 μοι
2785 4789 3053 4857 πτωχείαν
3091 4788 3426 4857 πνεύματος,
3455 4785 3544 4855 τὴν
3567 4783 3749 4835 ἑκούσιον

596 4883 698 4934 hoc
729 4879 1013 4948 contingit.
1050 4879 1094 4932 si
1129 4877 1236 4932 Deo
1266 4877 1668 4942 assimilentur,
1714 4877 1944 4930 imitatio
1973 4889 2154 4929 autem

2257 4879 2755 4948 ταπεινοφροσύνην
2793 4880 3074 4949 ὀνομάζειν
3101 4881 3128 4933 ὁ
3147 4880 3336 4946 Λόγος.
3373 4878 3570 4946 Ταύτης
3591 4875 3636 4927 δὲ
3659 4870 3749 4922 ὑπό-

592 4963 832 5042 expcd'tt'i
887 4980 940 5023 et
993 4969 1186 5024 confici
1245 4985 1352 5024 nou
1417 4969 1859 5038 potest:utique
1922 4969 2154 5021 humana

2259 4971 2455 5042 δειγμα
2481 4971 2576 5041 τὴν
2605 4972 2698 5024 τοῦ
2733 4970 2867 5024 Θεοῦ
2899 4971 3163 5041 πτωχείαν
3184 4973 3212 5024 ὁ
3235 4971 3543 5031 Ἀπὸστολος
3574 4961 3751 5036 ἡμῖν

591 5067 703 5120 vita
737 5065 1126 5124 beatitudinem
1158 5062 1376 5129 assequi
1409 5077 1512 5116 non
1557 5069 1755 5130 potest.
1791 5059 1988 5116 Verum
2021 5075 2156 5114 non-

2262 5077 2372 5128 γων
2397 5062 2787 5131 προδείκνυσιν,
2811 5063 2880 5128 ὃς
2901 5063 2972 5116 δι’
3000 5063 3152 5133 ἡμᾶς
3173 5061 3504 5130 ἑπτώχευσε
3524 5057 3751 5114 πλούσιῦς

592 5158 741 5212 nulla
770 5155 997 5210 Deitatis
1037 5155 1254 5224 propria
1283 5153 1594 5208 hominibus
1623 5171 1841 5224 quoque
1872 5151 2152 5222 praposita

2259 5151 2361 5218 ὢν,
2401 5155 2500 5206 ἵνα
2526 5154 2695 5222 ἡμεῖς
2725 5153 2796 5222 τῇ
2817 5155 3049 5208 ἐκείνου
3075 5154 3330 5222 πτωχείᾳ
3367 5149 3748 5214 πλουτήσωμετ.

594 5257 742 5312 sunt,
789 5247 936 5310 ut,si
981 5245 1169 5308 velint,
1225 5246 1314 5298 illa
1354 5247 1569 5312 assequi
1621 5243 1880 5298 imitando
1919 5243 2150 5311 possint.

2271 5246 2422 5297 Ἐπεὶ
2437 5242 2528 5299 οὖν
2545 5246 2609 5298 τὰ
2630 5247 2762 5299 ἄλλα
2775 5246 2968 5308 πάντα,
2987 5247 3084 5298 ὅσα
3107 5246 3234 5318 περὶ
3248 5245 3344 5316 τὴν
3364 5245 3506 5298 θείαν
3520 5238 3751 5307 καθορᾶται

592 5337 850 5406 Quaenam
909 5338 1072 5406 igitur
1117 5337 1230 5390 haec
1269 5337 1432 5392 sunt?
1481 5335 1702 5391 Videtur
1747 5337 1880 5391 mihi
1915 5335 2154 5390 Verbum

2261 5339 2440 5406 φύσιν,
2461 5337 2880 5409 ὑπερπίπτειτῷ
2902 5338 3082 5412 μέτρῳ
3103 5338 3200 5408 τῆς
3217 5336 3548 5404 ἀνθρωπίνης
3566 5330 3765 5396 ederat?-

591 5437 962 5500 paupertatem
1013 5437 1068 5482 et
1107 5429 1344 5496 inopiam
1375 5428 1599 5498 spiritus
1641 5429 1920 5482 nominare
1960 5429 2155 5481 volun-

2261 5431 2294 5499 ἡ
2327 5429 2382 5480 δὲ
2413 5431 2728 5498 ταπεινότης
2777 5430 3026 5500 συμφυής
3053 5447 3134 5492 τις
3165 5431 3293 5499 ἡμῖν
3331 5431 3442 5481 ἐστι
3469 5427 3552 5478 καὶ
3587 5421 3751 5484 σύντρο-

591 5525 786 5578 tariam
815 5525 982 5578 animi
1017 5523 1372 5578 humilitatem
1403 5531 1565 5591 atque
1606 5522 2012 5586 demissionem,
2073 5531 2156 5575 at-

2261 5537 2357 5588 φος
2392 5524 2500 5584 τοῖς
2526 5521 2696 5590 χαμαὶ
2715 5521 3050 5591 ἐρχομένοις,
3085 5523 3176 5576 καὶ
3211 5523 3274 5574 ἐκ
3303 5521 3406 5591 γῆς
3434 5517 3524 5588 τὴν
3555 5515 3749 5568 σύστασιν

590 5631 698 5686 que
733 5616 895 5684 hujus
933 5615 1241 5684 exemplum
1267 5613 1576 5684 Apostolus
1607 5613 1764 5668 nobis
1795 5612 1882 5668 Dei
1920 5629 2156 5683 pauper-

2259 5610 2492 5680 ἔχουσιν,
2515 5614 2607 5664 καὶ
2637 5613 2716 5674 εἰς
2740 5613 2841 5683 γῆν
2863 5614 3253 5685 καταρρἐυσιν
3275 5629 3289 5644 ⁸
3309 5613 3367 5664 ἐν
3387 5611 3462 5680 τῷ
3491 5607 3612 5662 κατὰ
3633 5599 3749 5670 φύσιν

592 5713 764 5770 ιειιθιιι
792 5707 1066 5775 proponit,
1089 5707 1218 5758 dum
1253 5707 1387 5758 dicit
1419 5722 1431 5754 :
1466 5702 1570 5768 Qui
1599 5719 1717 5756 cum
1743 5703 1883 5758 diues
1915 5705 2004 5768 sit,
2029 5719 2153 5768 pro-

2261 5705 2324 5758 σὺ
2355 5704 2446 5756 καὶ
2475 5704 2682 5774 δυνατῷ
2708 5705 2800 5758 τὸν
2833 5705 2963 5758 Θεὸν
2999 5707 3392 5776 μιμησάμενος,
3423 5703 3514 5772 τὴν
3538 5693 3748 5770 μακαρίαν

591 5807 704 5868 μετ’
745 5813 836 5852 nos
863 5813 1061 5866 pauper
1098 5807 1144 5850 et
1181 5813 1364 5868 egenus
1403 5796 1570 5852 rartus
1616 5805 1714 5862 est,
1765 5806 1821 5848 ut
1867 5813 1960 5850 nos
2005 5795 2148 5849 illius

2259 5797 2428 5860 αὐτος.
2473 5795 2674 5859 ὐπέὃυς
2729 5799 2961 5868 μορφήν.
2999 5799 3108 5850 Καὶ
3155 5795 3338 5868 μηδεὶς
3373 5797 3555 5850 ἄπονον
3586 5780 3745 5842 οίέσθωι
