  <div class='ocr_page' id='page_1' title='image "/cluster/home/n/w/nwhite01/storage/ocr_20150623/44/hvd.32044012542270/610.png"; bbox 0 0 4004 6468; ppageno 0'>
   <div class='ocr_carea' id='block_1_1' title="bbox 270 427 403 505">
    <p class='ocr_par' dir='ltr' id='par_1_1' title="bbox 270 427 403 505">
     <span class='ocr_line' id='line_1_1' title="bbox 270 427 403 505; baseline 0.008 -1"><span class='ocrx_word' id='word_1_1' title='bbox 270 427 403 505; x_wconf 69' lang='lat' dir='ltr'><strong>teet</strong></span> 
     </span>
    </p>
   </div>
   <div class='ocr_carea' id='block_1_2' title="bbox 1327 458 2422 529">
    <p class='ocr_par' dir='ltr' id='par_1_2' title="bbox 1327 458 2422 529">
     <span class='ocr_line' id='line_1_2' title="bbox 1327 458 2422 529; baseline 0.016 -18"><span class='ocrx_word' id='word_1_2' title='bbox 1327 458 1414 514; x_wconf 81' lang='lat' dir='ltr'><strong>DE</strong></span> <span class='ocrx_word' id='word_1_3' title='bbox 1451 461 2053 524; x_wconf 72' lang='lat' dir='ltr'><strong>BEATITUDINIBUS.</strong></span> <span class='ocrx_word' id='word_1_4' title='bbox 2091 469 2346 529; x_wconf 83' lang='lat' dir='ltr'><strong>ORATIO</strong></span> <span class='ocrx_word' id='word_1_5' title='bbox 2380 473 2422 529; x_wconf 81' lang='grc' dir='ltr'><strong>Ι.</strong></span> 
     </span>
    </p>
   </div>
   <div class='ocr_carea' id='block_1_3' title="bbox 3371 478 3513 539">
    <p class='ocr_par' dir='ltr' id='par_1_3' title="bbox 3371 478 3513 539">
     <span class='ocr_line' id='line_1_3' title="bbox 3371 478 3513 539; baseline 0.021 -3"><span class='ocrx_word' id='word_1_6' title='bbox 3371 478 3395 536; x_wconf 74' lang='lat' dir='ltr'><strong>f</strong></span> <span class='ocrx_word' id='word_1_7' title='bbox 3402 483 3513 539; x_wconf 69' lang='lat'><strong>202&#39;</strong></span> 
     </span>
    </p>
   </div>
   <div class='ocr_carea' id='block_1_4' title="bbox 266 571 1839 668">
    <p class='ocr_par' dir='ltr' id='par_1_4' title="bbox 266 571 1839 668">
     <span class='ocr_line' id='line_1_4' title="bbox 266 571 1839 668; baseline 0.013 -46"><span class='ocrx_word' id='word_1_8' title='bbox 266 571 363 626; x_wconf 72' lang='grc' dir='ltr'><strong>καὶ</strong></span> <span class='ocrx_word' id='word_1_9' title='bbox 411 571 546 668; x_wconf 77' lang='grc' dir='ltr'>μετὰ</span> <span class='ocrx_word' id='word_1_10' title='bbox 579 573 862 643; x_wconf 71' lang='grc' dir='ltr'>ῥᾳστώνης</span> <span class='ocrx_word' id='word_1_11' title='bbox 910 575 1330 649; x_wconf 75' lang='grc' dir='ltr'>ὲκποριζόμενον</span> <span class='ocrx_word' id='word_1_12' title='bbox 1363 581 1423 635; x_wconf 82' lang='grc' dir='ltr'>τὸ</span> <span class='ocrx_word' id='word_1_13' title='bbox 1464 584 1562 654; x_wconf 85' lang='grc' dir='ltr'>τῆς</span> <span class='ocrx_word' id='word_1_14' title='bbox 1599 603 1839 640; x_wconf 86' lang='grc' dir='ltr'>ταπεινο-</span> 
     </span>
    </p>
   </div>
   <div class='ocr_carea' id='block_1_5' title="bbox 1937 571 3505 668">
    <p class='ocr_par' dir='ltr' id='par_1_5' title="bbox 1941 591 3505 668">
     <span class='ocr_line' id='line_1_5' title="bbox 1941 591 3505 668; baseline 0.008 -26"><span class='ocrx_word' id='word_1_15' title='bbox 1941 600 2167 658; x_wconf 80' lang='lat' dir='ltr'><strong>egestate</strong></span> <span class='ocrx_word' id='word_1_16' title='bbox 2234 591 2684 649; x_wconf 81' lang='lat' dir='ltr'><strong>ditesceremus”.</strong></span> <span class='ocrx_word' id='word_1_17' title='bbox 2748 595 3015 662; x_wconf 83' lang='lat' dir='ltr'><strong>Quoniam</strong></span> <span class='ocrx_word' id='word_1_18' title='bbox 3092 597 3255 668; x_wconf 77' lang='lat' dir='ltr'><strong>igitur</strong></span> <span class='ocrx_word' id='word_1_19' title='bbox 3313 611 3505 656; x_wconf 55' lang='lat' dir='ltr'><strong>extera</strong></span> 
     </span>
    </p>
   </div>
   <div class='ocr_carea' id='block_1_6' title="bbox 266 661 1840 745">
    <p class='ocr_par' dir='ltr' id='par_1_6' title="bbox 266 661 1840 745">
     <span class='ocr_line' id='line_1_6' title="bbox 266 661 1840 745; baseline 0.014 -34"><span class='ocrx_word' id='word_1_20' title='bbox 266 661 540 730; x_wconf 83' lang='grc' dir='ltr'>φροσύνης</span> <span class='ocrx_word' id='word_1_21' title='bbox 572 665 915 736; x_wconf 86' lang='grc' dir='ltr'>κατόρθωμα.</span> <span class='ocrx_word' id='word_1_22' title='bbox 953 667 1026 720; x_wconf 85' lang='grc' dir='ltr'><strong>Τὸ</strong></span> <span class='ocrx_word' id='word_1_23' title='bbox 1068 669 1307 724; x_wconf 82' lang='grc' dir='ltr'>ἐναντίον</span> <span class='ocrx_word' id='word_1_24' title='bbox 1343 675 1441 745; x_wconf 89' lang='grc' dir='ltr'>μὲν</span> <span class='ocrx_word' id='word_1_25' title='bbox 1490 672 1582 730; x_wconf 85' lang='grc' dir='ltr'>οὖν</span> <span class='ocrx_word' id='word_1_26' title='bbox 1639 679 1840 744; x_wconf 79' lang='grc' dir='ltr'>παντὸς</span> 
     </span>
    </p>
   </div>
   <div class='ocr_carea' id='block_1_7' title="bbox 263 752 1841 835">
    <p class='ocr_par' dir='ltr' id='par_1_7' title="bbox 263 752 1841 835">
     <span class='ocr_line' id='line_1_7' title="bbox 263 752 1841 835; baseline 0.013 -30"><span class='ocrx_word' id='word_1_27' title='bbox 263 752 572 807; x_wconf 73' lang='grc' dir='ltr'>οὑτινοσοῦν</span> <span class='ocrx_word' id='word_1_28' title='bbox 597 753 704 807; x_wconf 82' lang='grc' dir='ltr'><strong>τῶν</strong></span> <span class='ocrx_word' id='word_1_29' title='bbox 727 758 1053 834; x_wconf 76' lang='grc' dir='ltr'>κατ’άρετὴν</span> <span class='ocrx_word' id='word_1_30' title='bbox 1082 761 1641 835; x_wconf 80' lang='grc' dir='ltr'>έπιτηδευομένων,τδ</span> <span class='ocrx_word' id='word_1_31' title='bbox 1670 770 1841 824; x_wconf 80' lang='grc' dir='ltr'>τοιοῦ-</span> 
     </span>
    </p>
   </div>
   <div class='ocr_carea' id='block_1_8' title="bbox 263 842 1836 926">
    <p class='ocr_par' dir='ltr' id='par_1_8' title="bbox 263 842 1836 926">
     <span class='ocr_line' id='line_1_8' title="bbox 263 842 1836 926; baseline 0.015 -32"><span class='ocrx_word' id='word_1_32' title='bbox 263 842 357 895; x_wconf 86' lang='grc' dir='ltr'><strong>τόν</strong></span> <span class='ocrx_word' id='word_1_33' title='bbox 382 843 529 897; x_wconf 81' lang='grc' dir='ltr'>ἐστιν</span> <span class='ocrx_word' id='word_1_34' title='bbox 557 846 973 918; x_wconf 76' lang='grc' dir='ltr'>ἐπιπονώτερον.</span> <span class='ocrx_word' id='word_1_35' title='bbox 1000 850 1099 904; x_wconf 86' lang='grc' dir='ltr'><strong>Διά</strong></span> <span class='ocrx_word' id='word_1_36' title='bbox 1129 853 1213 918; x_wconf 78' lang='grc' dir='ltr'><strong>τίς</strong></span> <span class='ocrx_word' id='word_1_37' title='bbox 1245 855 1324 908; x_wconf 88' lang='grc' dir='ltr'><strong>ὃτι</strong></span> <span class='ocrx_word' id='word_1_38' title='bbox 1369 857 1716 926; x_wconf 86' lang='grc' dir='ltr'>καθεύδοντος</span> <span class='ocrx_word' id='word_1_39' title='bbox 1744 865 1836 918; x_wconf 86' lang='grc' dir='ltr'>τοῦ</span> 
     </span>
    </p>
   </div>
   <div class='ocr_carea' id='block_1_9' title="bbox 266 934 1842 1020">
    <p class='ocr_par' dir='ltr' id='par_1_9' title="bbox 266 934 1842 1020">
     <span class='ocr_line' id='line_1_9' title="bbox 266 934 1842 1020; baseline 0.013 -33"><span class='ocrx_word' id='word_1_40' title='bbox 266 934 579 1006; x_wconf 83' lang='grc' dir='ltr'>ἀνθρώπου,</span> <span class='ocrx_word' id='word_1_41' title='bbox 605 939 695 991; x_wconf 81' lang='grc' dir='ltr'>τοῦ</span> <span class='ocrx_word' id='word_1_42' title='bbox 724 939 791 992; x_wconf 82' lang='grc' dir='ltr'>τὰ</span> <span class='ocrx_word' id='word_1_43' title='bbox 817 941 956 995; x_wconf 78' lang='grc' dir='ltr'>καλά</span> <span class='ocrx_word' id='word_1_44' title='bbox 987 942 1272 1015; x_wconf 86' lang='grc' dir='ltr'>σπέρματα</span> <span class='ocrx_word' id='word_1_45' title='bbox 1311 947 1630 1020; x_wconf 79' lang='grc' dir='ltr'><strong>δεξαμένου,</strong></span> <span class='ocrx_word' id='word_1_46' title='bbox 1662 952 1722 1006; x_wconf 83' lang='grc' dir='ltr'>τὸ</span> <span class='ocrx_word' id='word_1_47' title='bbox 1751 973 1842 1008; x_wconf 87' lang='grc' dir='ltr'>κε-</span> 
     </span>
    </p>
   </div>
   <div class='ocr_carea' id='block_1_10' title="bbox 264 1027 1842 1116">
    <p class='ocr_par' dir='ltr' id='par_1_10' title="bbox 264 1027 1842 1116">
     <span class='ocr_line' id='line_1_10' title="bbox 264 1027 1842 1116; baseline 0.019 -38"><span class='ocrx_word' id='word_1_48' title='bbox 264 1027 496 1094; x_wconf 85' lang='grc' dir='ltr'>φάλαιον</span> <span class='ocrx_word' id='word_1_49' title='bbox 527 1030 624 1100; x_wconf 82' lang='grc' dir='ltr'>τῆς</span> <span class='ocrx_word' id='word_1_50' title='bbox 676 1031 920 1094; x_wconf 75' lang='grc' dir='ltr'>ἐναντίας</span> <span class='ocrx_word' id='word_1_51' title='bbox 955 1035 1159 1103; x_wconf 79' lang='grc' dir='ltr'>σπορᾶς</span> <span class='ocrx_word' id='word_1_52' title='bbox 1190 1037 1340 1110; x_wconf 77' lang='grc' dir='ltr'>παρὰ</span> <span class='ocrx_word' id='word_1_53' title='bbox 1371 1037 1464 1092; x_wconf 76' lang='grc' dir='ltr'>τοῦ</span> <span class='ocrx_word' id='word_1_54' title='bbox 1517 1042 1711 1114; x_wconf 74' lang='grc' dir='ltr'>ἐχθροῦ</span> <span class='ocrx_word' id='word_1_55' title='bbox 1743 1043 1842 1116; x_wconf 77' lang='grc' dir='ltr'><strong>τῆς</strong></span> 
     </span>
    </p>
   </div>
   <div class='ocr_carea' id='block_1_11' title="bbox 263 1119 1840 1202">
    <p class='ocr_par' dir='ltr' id='par_1_11' title="bbox 263 1119 1840 1202">
     <span class='ocr_line' id='line_1_11' title="bbox 263 1119 1840 1202; baseline 0.013 -33"><span class='ocrx_word' id='word_1_56' title='bbox 263 1119 411 1189; x_wconf 79' lang='grc' dir='ltr'>ζωῆς</span> <span class='ocrx_word' id='word_1_57' title='bbox 430 1119 582 1190; x_wconf 81' lang='grc' dir='ltr'>ἡμῶν</span> <span class='ocrx_word' id='word_1_58' title='bbox 601 1121 659 1173; x_wconf 82' lang='grc' dir='ltr'><strong>τὸ</strong></span> <span class='ocrx_word' id='word_1_59' title='bbox 675 1121 770 1192; x_wconf 85' lang='grc' dir='ltr'>τῆς</span> <span class='ocrx_word' id='word_1_60' title='bbox 794 1123 1167 1195; x_wconf 79' lang='grc' dir='ltr'><strong>ὑπερηφανίας</strong></span> <span class='ocrx_word' id='word_1_61' title='bbox 1187 1127 1454 1202; x_wconf 70' lang='grc' dir='ltr'>ἐρριζὼοη</span> <span class='ocrx_word' id='word_1_62' title='bbox 1483 1131 1740 1197; x_wconf 77' lang='grc' dir='ltr'>ζιζάνιον.</span> <span class='ocrx_word' id='word_1_63' title='bbox 1762 1139 1840 1189; x_wconf 81' lang='grc' dir='ltr'><strong>Δι’</strong></span> 
     </span>
    </p>
   </div>
   <div class='ocr_carea' id='block_1_12' title="bbox 262 1202 1842 1297">
    <p class='ocr_par' dir='ltr' id='par_1_12' title="bbox 262 1202 1842 1297">
     <span class='ocr_line' id='line_1_12' title="bbox 262 1202 1842 1297; baseline 0.012 -37"><span class='ocrx_word' id='word_1_64' title='bbox 262 1202 340 1261; x_wconf 83' lang='grc' dir='ltr'>ὧν</span> <span class='ocrx_word' id='word_1_65' title='bbox 374 1210 481 1282; x_wconf 84' lang='grc' dir='ltr'><strong>γὰρ</strong></span> <span class='ocrx_word' id='word_1_66' title='bbox 509 1211 710 1274; x_wconf 76' lang='grc' dir='ltr'>ἐκεῖνος</span> <span class='ocrx_word' id='word_1_67' title='bbox 739 1213 928 1267; x_wconf 74' lang='grc' dir='ltr'>ἑαυτὸν</span> <span class='ocrx_word' id='word_1_68' title='bbox 957 1217 1036 1278; x_wconf 78' lang='grc' dir='ltr'><strong>είς</strong></span> <span class='ocrx_word' id='word_1_69' title='bbox 1066 1216 1168 1288; x_wconf 84' lang='grc' dir='ltr'>γῆν</span> <span class='ocrx_word' id='word_1_70' title='bbox 1205 1219 1558 1291; x_wconf 79' lang='grc' dir='ltr'>κατέρῤαξεν,</span> <span class='ocrx_word' id='word_1_71' title='bbox 1586 1225 1664 1295; x_wconf 79' lang='grc' dir='ltr'>τῷ</span> <span class='ocrx_word' id='word_1_72' title='bbox 1693 1225 1842 1297; x_wconf 81' lang='grc' dir='ltr'>αὐτῷ</span> 
     </span>
    </p>
   </div>
   <div class='ocr_carea' id='block_1_13' title="bbox 263 1301 1842 1382">
    <p class='ocr_par' dir='ltr' id='par_1_13' title="bbox 263 1301 1842 1382">
     <span class='ocr_line' id='line_1_13' title="bbox 263 1301 1842 1382; baseline 0.013 -31"><span class='ocrx_word' id='word_1_73' title='bbox 263 1301 452 1372; x_wconf 83' lang='grc' dir='ltr'>τρόπῳ</span> <span class='ocrx_word' id='word_1_74' title='bbox 473 1301 532 1354; x_wconf 85' lang='grc' dir='ltr'><strong>τὸ</strong></span> <span class='ocrx_word' id='word_1_75' title='bbox 559 1302 787 1356; x_wconf 82' lang='grc' dir='ltr'>δείλαιον</span> <span class='ocrx_word' id='word_1_76' title='bbox 809 1305 963 1374; x_wconf 80' lang='grc' dir='ltr'>γένος</span> <span class='ocrx_word' id='word_1_77' title='bbox 990 1307 1050 1360; x_wconf 84' lang='grc' dir='ltr'><strong>τδ</strong></span> <span class='ocrx_word' id='word_1_78' title='bbox 1065 1307 1401 1380; x_wconf 85' lang='grc' dir='ltr'>ἀνθρώπινον</span> <span class='ocrx_word' id='word_1_79' title='bbox 1423 1314 1556 1382; x_wconf 76' lang='grc' dir='ltr'>πρὸς</span> <span class='ocrx_word' id='word_1_80' title='bbox 1585 1315 1644 1368; x_wconf 83' lang='grc' dir='ltr'><strong>τὸ</strong></span> <span class='ocrx_word' id='word_1_81' title='bbox 1666 1317 1842 1371; x_wconf 77' lang='grc' dir='ltr'>κοινὸν</span> 
     </span>
    </p>
   </div>
   <div class='ocr_carea' id='block_1_14' title="bbox 265 1389 1841 1462">
    <p class='ocr_par' dir='ltr' id='par_1_14' title="bbox 265 1389 1841 1462">
     <span class='ocr_line' id='line_1_14' title="bbox 265 1389 1841 1462; baseline 0.011 -20"><span class='ocrx_word' id='word_1_82' title='bbox 265 1389 466 1460; x_wconf 84' lang='grc' dir='ltr'>πτῶμα</span> <span class='ocrx_word' id='word_1_83' title='bbox 501 1391 677 1462; x_wconf 79' lang='grc' dir='ltr'>ἐαυτῷ</span> <span class='ocrx_word' id='word_1_84' title='bbox 730 1395 1159 1459; x_wconf 82' lang='grc' dir='ltr'>συγκατέϐαλεν·</span> <span class='ocrx_word' id='word_1_85' title='bbox 1200 1400 1294 1451; x_wconf 77' lang='grc' dir='ltr'>καὶ</span> <span class='ocrx_word' id='word_1_86' title='bbox 1345 1401 1494 1453; x_wconf 78' lang='grc' dir='ltr'>οὐδέν</span> <span class='ocrx_word' id='word_1_87' title='bbox 1532 1403 1680 1456; x_wconf 81' lang='grc' dir='ltr'>ἐστιν</span> <span class='ocrx_word' id='word_1_88' title='bbox 1714 1404 1841 1459; x_wconf 77' lang='grc' dir='ltr'>ἄλλο</span> 
     </span>
    </p>
   </div>
   <div class='ocr_carea' id='block_1_15' title="bbox 264 1479 1843 1567">
    <p class='ocr_par' dir='ltr' id='par_1_15' title="bbox 264 1479 1843 1567">
     <span class='ocr_line' id='line_1_15' title="bbox 264 1479 1843 1567; baseline 0.012 -35"><span class='ocrx_word' id='word_1_89' title='bbox 264 1479 363 1551; x_wconf 82' lang='grc' dir='ltr'>τῆς</span> <span class='ocrx_word' id='word_1_90' title='bbox 389 1481 601 1551; x_wconf 73' lang='grc' dir='ltr'>φύσεως</span> <span class='ocrx_word' id='word_1_91' title='bbox 624 1483 777 1554; x_wconf 75' lang='grc' dir='ltr'>ἡμῶν</span> <span class='ocrx_word' id='word_1_92' title='bbox 809 1486 1044 1539; x_wconf 83' lang='grc' dir='ltr'>τοιοῦτον</span> <span class='ocrx_word' id='word_1_93' title='bbox 1081 1489 1269 1556; x_wconf 78' lang='grc' dir='ltr'>κακὸν,</span> <span class='ocrx_word' id='word_1_94' title='bbox 1293 1491 1367 1554; x_wconf 83' lang='grc' dir='ltr'><strong>ὡς</strong></span> <span class='ocrx_word' id='word_1_95' title='bbox 1388 1491 1448 1545; x_wconf 83' lang='grc' dir='ltr'>τὸ</span> <span class='ocrx_word' id='word_1_96' title='bbox 1476 1494 1843 1567; x_wconf 80' lang='grc' dir='ltr'>δι’ὑπερηφα-</span> 
     </span>
    </p>
   </div>
   <div class='ocr_carea' id='block_1_16' title="bbox 263 1572 1841 1659">
    <p class='ocr_par' dir='ltr' id='par_1_16' title="bbox 263 1572 1841 1659">
     <span class='ocr_line' id='line_1_16' title="bbox 263 1572 1841 1659; baseline 0.013 -34"><span class='ocrx_word' id='word_1_97' title='bbox 263 1573 404 1636; x_wconf 86' lang='grc' dir='ltr'>νίας,</span> <span class='ocrx_word' id='word_1_98' title='bbox 445 1574 596 1627; x_wconf 77' lang='grc' dir='ltr'>Ἐπεὶ</span> <span class='ocrx_word' id='word_1_99' title='bbox 634 1572 726 1630; x_wconf 78' lang='grc' dir='ltr'>οὗν</span> <span class='ocrx_word' id='word_1_100' title='bbox 765 1578 1047 1648; x_wconf 72' lang='grc' dir='ltr'>ἐμπέφυκε</span> <span class='ocrx_word' id='word_1_101' title='bbox 1091 1599 1205 1644; x_wconf 90' lang='grc' dir='ltr'><strong>πως</strong></span> <span class='ocrx_word' id='word_1_102' title='bbox 1231 1582 1290 1635; x_wconf 84' lang='grc' dir='ltr'>τὸ</span> <span class='ocrx_word' id='word_1_103' title='bbox 1314 1585 1454 1638; x_wconf 83' lang='grc' dir='ltr'>κατὰ</span> <span class='ocrx_word' id='word_1_104' title='bbox 1488 1583 1586 1657; x_wconf 80' lang='grc' dir='ltr'>τὴν</span> <span class='ocrx_word' id='word_1_105' title='bbox 1612 1588 1841 1659; x_wconf 80' lang='grc' dir='ltr'>ἔπαρσιν</span> 
     </span>
    </p>
   </div>
   <div class='ocr_carea' id='block_1_17' title="bbox 263 1661 1840 1751">
    <p class='ocr_par' dir='ltr' id='par_1_17' title="bbox 263 1661 1840 1751">
     <span class='ocr_line' id='line_1_17' title="bbox 263 1661 1840 1751; baseline 0.01 -35"><span class='ocrx_word' id='word_1_106' title='bbox 263 1661 440 1726; x_wconf 88' lang='grc' dir='ltr'>πάθος</span> <span class='ocrx_word' id='word_1_107' title='bbox 472 1667 632 1719; x_wconf 77' lang='grc' dir='ltr'>παντὶ</span> <span class='ocrx_word' id='word_1_108' title='bbox 660 1669 843 1737; x_wconf 78' lang='grc' dir='ltr'>σχεδὸν</span> <span class='ocrx_word' id='word_1_109' title='bbox 880 1669 958 1739; x_wconf 79' lang='grc' dir='ltr'>τῷ</span> <span class='ocrx_word' id='word_1_110' title='bbox 990 1671 1327 1726; x_wconf 80' lang='grc' dir='ltr'>κοινωνοῦντι</span> <span class='ocrx_word' id='word_1_111' title='bbox 1371 1675 1470 1744; x_wconf 82' lang='grc' dir='ltr'>τῆς</span> <span class='ocrx_word' id='word_1_112' title='bbox 1500 1677 1840 1751; x_wconf 81' lang='grc' dir='ltr'>ἀνθρωπίνης</span> 
     </span>
    </p>
   </div>
   <div class='ocr_carea' id='block_1_18' title="bbox 263 1753 1840 1843">
    <p class='ocr_par' dir='ltr' id='par_1_18' title="bbox 263 1753 1840 1843">
     <span class='ocr_line' id='line_1_18' title="bbox 263 1753 1840 1843; baseline 0.011 -36"><span class='ocrx_word' id='word_1_113' title='bbox 263 1753 606 1822; x_wconf 73' lang='grc' dir='ltr'>φύσεως,διὰ</span> <span class='ocrx_word' id='word_1_114' title='bbox 633 1758 786 1812; x_wconf 80' lang='grc' dir='ltr'>τοῦτο</span> <span class='ocrx_word' id='word_1_115' title='bbox 815 1760 1060 1814; x_wconf 79' lang='grc' dir='ltr'>ἐντεῦθεν</span> <span class='ocrx_word' id='word_1_116' title='bbox 1084 1762 1190 1815; x_wconf 86' lang='grc' dir='ltr'>τῶν</span> <span class='ocrx_word' id='word_1_117' title='bbox 1213 1767 1574 1836; x_wconf 85' lang='grc' dir='ltr'>μακαρισμῶν</span> <span class='ocrx_word' id='word_1_118' title='bbox 1590 1771 1618 1821; x_wconf 90' lang='lat'><strong>6</strong></span> <span class='ocrx_word' id='word_1_119' title='bbox 1640 1771 1840 1843; x_wconf 84' lang='grc' dir='ltr'>Κύριος</span> 
     </span>
    </p>
   </div>
   <div class='ocr_carea' id='block_1_19' title="bbox 259 1843 1840 1931">
    <p class='ocr_par' dir='ltr' id='par_1_19' title="bbox 259 1843 1840 1931">
     <span class='ocr_line' id='line_1_19' title="bbox 259 1843 1840 1931; baseline 0.011 -32"><span class='ocrx_word' id='word_1_120' title='bbox 259 1847 512 1918; x_wconf 73' lang='grc' dir='ltr'>ἄρχεται,</span> <span class='ocrx_word' id='word_1_121' title='bbox 548 1843 656 1903; x_wconf 73' lang='grc' dir='ltr'>οἷον</span> <span class='ocrx_word' id='word_1_122' title='bbox 703 1849 991 1921; x_wconf 85' lang='grc' dir='ltr'>ἀρχέγονόν</span> <span class='ocrx_word' id='word_1_123' title='bbox 1024 1871 1074 1906; x_wconf 93' lang='grc' dir='ltr'><strong>τι</strong></span> <span class='ocrx_word' id='word_1_124' title='bbox 1119 1856 1290 1909; x_wconf 84' lang='grc' dir='ltr'>κακὸν</span> <span class='ocrx_word' id='word_1_125' title='bbox 1329 1857 1605 1913; x_wconf 71' lang='grc' dir='ltr'>ἐκϐάλλων</span> <span class='ocrx_word' id='word_1_126' title='bbox 1643 1862 1706 1915; x_wconf 83' lang='grc' dir='ltr'>ὲκ</span> <span class='ocrx_word' id='word_1_127' title='bbox 1739 1862 1840 1931; x_wconf 83' lang='grc' dir='ltr'>τῆς</span> 
     </span>
    </p>
   </div>
   <div class='ocr_carea' id='block_1_20' title="bbox 259 1938 1838 2020">
    <p class='ocr_par' dir='ltr' id='par_1_20' title="bbox 259 1938 1838 2020">
     <span class='ocr_line' id='line_1_20' title="bbox 259 1938 1838 2020; baseline 0.009 -30"><span class='ocrx_word' id='word_1_128' title='bbox 259 1938 427 2002; x_wconf 77' lang='grc' dir='ltr'>ἕξεως</span> <span class='ocrx_word' id='word_1_129' title='bbox 458 1939 613 2010; x_wconf 80' lang='grc' dir='ltr'>ἡμῶν</span> <span class='ocrx_word' id='word_1_130' title='bbox 651 1941 747 2011; x_wconf 85' lang='grc' dir='ltr'><strong>τὴν</strong></span> <span class='ocrx_word' id='word_1_131' title='bbox 786 1942 1184 2015; x_wconf 82' lang='grc' dir='ltr'>ὑπερηφανίαν,</span> <span class='ocrx_word' id='word_1_132' title='bbox 1217 1947 1274 2000; x_wconf 81' lang='grc' dir='ltr'>ἐν</span> <span class='ocrx_word' id='word_1_133' title='bbox 1323 1947 1402 2018; x_wconf 81' lang='grc' dir='ltr'><strong>τῷ</strong></span> <span class='ocrx_word' id='word_1_134' title='bbox 1452 1950 1838 2020; x_wconf 77' lang='grc' dir='ltr'>συμϐουλεύειν</span> 
     </span>
    </p>
   </div>
   <div class='ocr_carea' id='block_1_21' title="bbox 263 2030 1838 2108">
    <p class='ocr_par' dir='ltr' id='par_1_21' title="bbox 263 2030 1838 2108">
     <span class='ocr_line' id='line_1_21' title="bbox 263 2030 1838 2108; baseline 0.011 -28"><span class='ocrx_word' id='word_1_135' title='bbox 263 2030 607 2100; x_wconf 85' lang='grc' dir='ltr'>μιμήσασθαι</span> <span class='ocrx_word' id='word_1_136' title='bbox 656 2033 748 2086; x_wconf 84' lang='grc' dir='ltr'>τὸν</span> <span class='ocrx_word' id='word_1_137' title='bbox 799 2035 1063 2098; x_wconf 75' lang='grc' dir='ltr'>ἑκουσίως</span> <span class='ocrx_word' id='word_1_138' title='bbox 1112 2039 1528 2108; x_wconf 87' lang='grc' dir='ltr'>πτωχεύσαντα,</span> <span class='ocrx_word' id='word_1_139' title='bbox 1578 2043 1637 2106; x_wconf 84' lang='grc' dir='ltr'>ὃς</span> <span class='ocrx_word' id='word_1_140' title='bbox 1692 2045 1838 2097; x_wconf 79' lang='grc' dir='ltr'>ἐστιν</span> 
     </span>
    </p>
   </div>
   <div class='ocr_carea' id='block_1_22' title="bbox 257 2120 1837 2200">
    <p class='ocr_par' dir='ltr' id='par_1_22' title="bbox 257 2120 1837 2200">
     <span class='ocr_line' id='line_1_22' title="bbox 257 2120 1837 2200; baseline 0.01 -28"><span class='ocrx_word' id='word_1_141' title='bbox 257 2120 476 2192; x_wconf 84' lang='grc' dir='ltr'>άληθῶς</span> <span class='ocrx_word' id='word_1_142' title='bbox 514 2123 797 2194; x_wconf 88' lang='grc' dir='ltr'>μακάριος,</span> <span class='ocrx_word' id='word_1_143' title='bbox 833 2127 918 2180; x_wconf 84' lang='grc' dir='ltr'><strong>ἴνα</strong></span> <span class='ocrx_word' id='word_1_144' title='bbox 949 2127 1007 2179; x_wconf 83' lang='grc' dir='ltr'>ἐν</span> <span class='ocrx_word' id='word_1_145' title='bbox 1035 2121 1078 2196; x_wconf 82' lang='grc' dir='ltr'><strong>ᾧ</strong></span> <span class='ocrx_word' id='word_1_146' title='bbox 1113 2129 1386 2200; x_wconf 86' lang='grc' dir='ltr'>δυνάμεθα</span> <span class='ocrx_word' id='word_1_147' title='bbox 1421 2127 1603 2196; x_wconf 80' lang='grc' dir='ltr'>καθὼς</span> <span class='ocrx_word' id='word_1_148' title='bbox 1631 2133 1698 2187; x_wconf 75' lang='grc' dir='ltr'>ἂν</span> <span class='ocrx_word' id='word_1_149' title='bbox 1735 2129 1837 2188; x_wconf 72' lang='grc' dir='ltr'>οἷοί</span> 
     </span>
    </p>
   </div>
   <div class='ocr_carea' id='block_1_23' title="bbox 256 2209 1838 2298">
    <p class='ocr_par' dir='ltr' id='par_1_23' title="bbox 256 2209 1838 2298">
     <span class='ocr_line' id='line_1_23' title="bbox 256 2209 1838 2298; baseline 0.008 -32"><span class='ocrx_word' id='word_1_150' title='bbox 256 2225 318 2266; x_wconf 61' lang='grc' dir='ltr'><strong>π</strong></span> <span class='ocrx_word' id='word_1_151' title='bbox 351 2209 500 2284; x_wconf 78' lang='grc' dir='ltr'>ὦμεν</span> <span class='ocrx_word' id='word_1_152' title='bbox 532 2216 887 2286; x_wconf 72' lang='grc' dir='ltr'>ὁμοιωθέντες</span> <span class='ocrx_word' id='word_1_153' title='bbox 918 2221 980 2272; x_wconf 82' lang='grc' dir='ltr'>ὲκ</span> <span class='ocrx_word' id='word_1_154' title='bbox 1029 2219 1124 2273; x_wconf 74' lang='grc' dir='ltr'><strong>τοῦ</strong></span> <span class='ocrx_word' id='word_1_155' title='bbox 1159 2223 1468 2292; x_wconf 62' lang='grc' dir='ltr'>πτωχεὼαι</span> <span class='ocrx_word' id='word_1_156' title='bbox 1516 2224 1657 2277; x_wconf 74' lang='grc' dir='ltr'>κατὰ</span> <span class='ocrx_word' id='word_1_157' title='bbox 1713 2244 1838 2298; x_wconf 88' lang='grc' dir='ltr'>προ-</span> 
     </span>
    </p>
   </div>
   <div class='ocr_carea' id='block_1_24' title="bbox 258 2305 1837 2385">
    <p class='ocr_par' dir='ltr' id='par_1_24' title="bbox 258 2305 1837 2385">
     <span class='ocr_line' id='line_1_24' title="bbox 258 2305 1837 2385; baseline 0.008 -28"><span class='ocrx_word' id='word_1_158' title='bbox 258 2305 495 2378; x_wconf 84' lang='grc' dir='ltr'>αίρεσιν,</span> <span class='ocrx_word' id='word_1_159' title='bbox 529 2308 622 2361; x_wconf 74' lang='grc' dir='ltr'><strong>καὶ</strong></span> <span class='ocrx_word' id='word_1_160' title='bbox 665 2308 763 2378; x_wconf 79' lang='grc' dir='ltr'>τὴν</span> <span class='ocrx_word' id='word_1_161' title='bbox 797 2311 890 2363; x_wconf 81' lang='grc' dir='ltr'>τοῦ</span> <span class='ocrx_word' id='word_1_162' title='bbox 924 2313 1273 2382; x_wconf 79' lang='grc' dir='ltr'>μακαρισμοῦ</span> <span class='ocrx_word' id='word_1_163' title='bbox 1305 2315 1584 2368; x_wconf 85' lang='grc' dir='ltr'>κοινωνίαν</span> <span class='ocrx_word' id='word_1_164' title='bbox 1611 2317 1837 2385; x_wconf 77' lang='grc' dir='ltr'>ἐφελκυ-</span> 
     </span>
    </p>
   </div>
   <div class='ocr_carea' id='block_1_25' title="bbox 260 2397 1835 2476">
    <p class='ocr_par' dir='ltr' id='par_1_25' title="bbox 260 2397 1835 2476">
     <span class='ocr_line' id='line_1_25' title="bbox 260 2397 1835 2476; baseline 0.008 -27"><span class='ocrx_word' id='word_1_165' title='bbox 260 2397 504 2468; x_wconf 82' lang='grc' dir='ltr'>σώμεθα.</span> <span class='ocrx_word' id='word_1_166' title='bbox 553 2397 730 2452; x_wconf 80' lang='grc' dir='ltr'>Τοῦτο</span> <span class='ocrx_word' id='word_1_167' title='bbox 761 2401 870 2469; x_wconf 78' lang='grc' dir='ltr'>γὰρ</span> <span class='ocrx_word' id='word_1_168' title='bbox 896 2403 1246 2469; x_wconf 74' lang='grc' dir='ltr'>φρονείσθω,</span> <span class='ocrx_word' id='word_1_169' title='bbox 1291 2405 1484 2474; x_wconf 62' lang='grc' dir='ltr'>φησιν,</span> <span class='ocrx_word' id='word_1_170' title='bbox 1511 2405 1579 2458; x_wconf 74' lang='grc' dir='ltr'><strong><em>ἐν</em></strong></span> <span class='ocrx_word' id='word_1_171' title='bbox 1608 2407 1771 2476; x_wconf 77' lang='grc' dir='ltr'>ὑμῖν,</span> <span class='ocrx_word' id='word_1_172' title='bbox 1804 2408 1835 2462; x_wconf 83' lang='grc' dir='ltr'>ὃ</span> 
     </span>
    </p>
   </div>
   <div class='ocr_carea' id='block_1_26' title="bbox 257 2490 1837 2567">
    <p class='ocr_par' dir='ltr' id='par_1_26' title="bbox 257 2490 1837 2567">
     <span class='ocr_line' id='line_1_26' title="bbox 257 2490 1837 2567; baseline 0.007 -26"><span class='ocrx_word' id='word_1_173' title='bbox 257 2491 357 2542; x_wconf 75' lang='grc' dir='ltr'>καὶ</span> <span class='ocrx_word' id='word_1_174' title='bbox 383 2491 453 2543; x_wconf 81' lang='grc' dir='ltr'><strong>ἐν</strong></span> <span class='ocrx_word' id='word_1_175' title='bbox 482 2490 712 2558; x_wconf 83' lang='grc' dir='ltr'>Χριστῷ</span> <span class='ocrx_word' id='word_1_176' title='bbox 751 2491 974 2559; x_wconf 82' lang='grc' dir='ltr'>Ἰησοῦ·</span> <span class='ocrx_word' id='word_1_177' title='bbox 1021 2493 1088 2557; x_wconf 86' lang='grc' dir='ltr'>ὃς</span> <span class='ocrx_word' id='word_1_178' title='bbox 1125 2493 1193 2547; x_wconf 79' lang='grc' dir='ltr'><strong>ἐν</strong></span> <span class='ocrx_word' id='word_1_179' title='bbox 1223 2495 1428 2564; x_wconf 70' lang='grc' dir='ltr'>μορφῇ</span> <span class='ocrx_word' id='word_1_180' title='bbox 1469 2495 1615 2551; x_wconf 80' lang='grc' dir='ltr'>Θεοῦ</span> <span class='ocrx_word' id='word_1_181' title='bbox 1653 2499 1837 2567; x_wconf 71' lang='grc' dir='ltr'>ὑπάρσ</span> 
     </span>
    </p>
   </div>
   <div class='ocr_carea' id='block_1_27' title="bbox 257 2582 1831 2655">
    <p class='ocr_par' dir='ltr' id='par_1_27' title="bbox 257 2582 1831 2655">
     <span class='ocr_line' id='line_1_27' title="bbox 257 2582 1831 2655; baseline 0.005 -21"><span class='ocrx_word' id='word_1_182' title='bbox 257 2597 403 2650; x_wconf 74' lang='grc' dir='ltr'>κων,</span> <span class='ocrx_word' id='word_1_183' title='bbox 440 2583 552 2650; x_wconf 83' lang='grc' dir='ltr'>οὐχ</span> <span class='ocrx_word' id='word_1_184' title='bbox 591 2582 904 2651; x_wconf 77' lang='grc' dir='ltr'>ἁρπαγμὸν</span> <span class='ocrx_word' id='word_1_185' title='bbox 940 2584 1211 2654; x_wconf 76' lang='grc' dir='ltr'>ἡγήσατο</span> <span class='ocrx_word' id='word_1_186' title='bbox 1257 2585 1324 2639; x_wconf 83' lang='grc' dir='ltr'>τὸ</span> <span class='ocrx_word' id='word_1_187' title='bbox 1363 2588 1512 2640; x_wconf 77' lang='grc' dir='ltr'>εἶναι</span> <span class='ocrx_word' id='word_1_188' title='bbox 1551 2589 1656 2642; x_wconf 81' lang='grc' dir='ltr'><strong>ἴσα</strong></span> <span class='ocrx_word' id='word_1_189' title='bbox 1693 2589 1831 2655; x_wconf 84' lang='grc' dir='ltr'>Θεῷ·</span> 
     </span>
    </p>
   </div>
   <div class='ocr_carea' id='block_1_28' title="bbox 255 2669 1836 2742">
    <p class='ocr_par' dir='ltr' id='par_1_28' title="bbox 255 2669 1836 2742">
     <span class='ocr_line' id='line_1_28' title="bbox 255 2669 1836 2742; baseline 0.006 -21"><span class='ocrx_word' id='word_1_190' title='bbox 255 2669 394 2722; x_wconf 73' lang='grc' dir='ltr'><strong>ἀλλ’</strong></span> <span class='ocrx_word' id='word_1_191' title='bbox 423 2669 640 2724; x_wconf 78' lang='grc' dir='ltr'>ἑαυτὸν</span> <span class='ocrx_word' id='word_1_192' title='bbox 675 2670 933 2725; x_wconf 84' lang='grc' dir='ltr'>ἐκένωσε</span> <span class='ocrx_word' id='word_1_193' title='bbox 975 2673 1217 2742; x_wconf 70' lang='grc' dir='ltr'>μορφὴν</span> <span class='ocrx_word' id='word_1_194' title='bbox 1254 2673 1477 2730; x_wconf 78' lang='grc' dir='ltr'>δούλου</span> <span class='ocrx_word' id='word_1_195' title='bbox 1519 2679 1736 2733; x_wconf 68' lang='grc' dir='ltr'><strong>λαϐών.</strong></span> <span class='ocrx_word' id='word_1_196' title='bbox 1773 2679 1836 2731; x_wconf 91' lang='grc' dir='ltr'><strong>Τί</strong></span> 
     </span>
    </p>
   </div>
   <div class='ocr_carea' id='block_1_29' title="bbox 255 2758 1838 2839">
    <p class='ocr_par' dir='ltr' id='par_1_29' title="bbox 255 2758 1838 2839">
     <span class='ocr_line' id='line_1_29' title="bbox 255 2758 1838 2839; baseline 0.008 -27"><span class='ocrx_word' id='word_1_197' title='bbox 255 2761 600 2831; x_wconf 76' lang='grc' dir='ltr'>πτωχότερον</span> <span class='ocrx_word' id='word_1_198' title='bbox 642 2758 735 2814; x_wconf 78' lang='grc' dir='ltr'>ἐπὶ</span> <span class='ocrx_word' id='word_1_199' title='bbox 763 2761 894 2816; x_wconf 82' lang='grc' dir='ltr'>Θεοῦ</span> <span class='ocrx_word' id='word_1_200' title='bbox 928 2764 1029 2833; x_wconf 82' lang='grc' dir='ltr'>τῆς</span> <span class='ocrx_word' id='word_1_201' title='bbox 1057 2764 1146 2817; x_wconf 84' lang='grc' dir='ltr'>τοῦ</span> <span class='ocrx_word' id='word_1_202' title='bbox 1169 2762 1353 2818; x_wconf 89' lang='grc' dir='ltr'>δούλου</span> <span class='ocrx_word' id='word_1_203' title='bbox 1391 2768 1629 2839; x_wconf 79' lang='grc' dir='ltr'>μορφῆς;</span> <span class='ocrx_word' id='word_1_204' title='bbox 1655 2770 1720 2822; x_wconf 88' lang='grc' dir='ltr'><strong>Τί</strong></span> <span class='ocrx_word' id='word_1_205' title='bbox 1745 2787 1838 2824; x_wconf 85' lang='grc' dir='ltr'>τα·</span> 
     </span>
    </p>
   </div>
   <div class='ocr_carea' id='block_1_30' title="bbox 257 2851 1838 2928">
    <p class='ocr_par' dir='ltr' id='par_1_30' title="bbox 257 2851 1838 2928">
     <span class='ocr_line' id='line_1_30' title="bbox 257 2851 1838 2928; baseline 0.007 -26"><span class='ocrx_word' id='word_1_206' title='bbox 257 2851 570 2919; x_wconf 68' lang='grc' dir='ltr'>στεινότερον</span> <span class='ocrx_word' id='word_1_207' title='bbox 599 2852 689 2903; x_wconf 73' lang='grc' dir='ltr'><strong>ἐπὶ</strong></span> <span class='ocrx_word' id='word_1_208' title='bbox 710 2851 802 2904; x_wconf 81' lang='grc' dir='ltr'>τοῦ</span> <span class='ocrx_word' id='word_1_209' title='bbox 832 2853 1093 2922; x_wconf 82' lang='grc' dir='ltr'>βασιλέως</span> <span class='ocrx_word' id='word_1_210' title='bbox 1119 2855 1226 2907; x_wconf 85' lang='grc' dir='ltr'><strong>τῶν</strong></span> <span class='ocrx_word' id='word_1_211' title='bbox 1253 2855 1440 2921; x_wconf 74' lang='grc' dir='ltr'>ὄντων,</span> <span class='ocrx_word' id='word_1_212' title='bbox 1468 2858 1500 2928; x_wconf 79' lang='grc' dir='ltr'>ἢ</span> <span class='ocrx_word' id='word_1_213' title='bbox 1532 2856 1591 2911; x_wconf 82' lang='grc' dir='ltr'>τὸ</span> <span class='ocrx_word' id='word_1_214' title='bbox 1619 2862 1697 2923; x_wconf 85' lang='grc' dir='ltr'>εἰς</span> <span class='ocrx_word' id='word_1_215' title='bbox 1725 2878 1838 2913; x_wconf 91' lang='grc' dir='ltr'>κοι-</span> 
     </span>
    </p>
   </div>
   <div class='ocr_carea' id='block_1_31' title="bbox 255 2941 1838 3014">
    <p class='ocr_par' dir='ltr' id='par_1_31' title="bbox 255 2941 1838 3014">
     <span class='ocr_line' id='line_1_31' title="bbox 255 2941 1838 3014; baseline 0.007 -20"><span class='ocrx_word' id='word_1_216' title='bbox 255 2941 458 2995; x_wconf 77' lang='grc' dir='ltr'>νωνίαν</span> <span class='ocrx_word' id='word_1_217' title='bbox 473 2943 572 3012; x_wconf 76' lang='grc' dir='ltr'>τῆς</span> <span class='ocrx_word' id='word_1_218' title='bbox 597 2944 816 3013; x_wconf 84' lang='grc' dir='ltr'>πτωχῆς</span> <span class='ocrx_word' id='word_1_219' title='bbox 841 2943 995 3014; x_wconf 83' lang='grc' dir='ltr'>ήμῶν</span> <span class='ocrx_word' id='word_1_220' title='bbox 1023 2945 1234 3012; x_wconf 84' lang='grc' dir='ltr'>φύσεως</span> <span class='ocrx_word' id='word_1_221' title='bbox 1264 2947 1465 3011; x_wconf 81' lang='grc' dir='ltr'>ὲλθεῑνς</span> <span class='ocrx_word' id='word_1_222' title='bbox 1497 2950 1554 3002; x_wconf 91' lang='lat'><strong>&#39;0</strong></span> <span class='ocrx_word' id='word_1_223' title='bbox 1581 2950 1838 3014; x_wconf 81' lang='grc' dir='ltr'>Βασιλεὺς</span> 
     </span>
    </p>
   </div>
   <div class='ocr_carea' id='block_1_32' title="bbox 257 3033 1837 3110">
    <p class='ocr_par' dir='ltr' id='par_1_32' title="bbox 257 3033 1837 3110">
     <span class='ocr_line' id='line_1_32' title="bbox 257 3033 1837 3110; baseline 0.007 -26"><span class='ocrx_word' id='word_1_224' title='bbox 257 3033 372 3085; x_wconf 80' lang='grc' dir='ltr'>τῶν</span> <span class='ocrx_word' id='word_1_225' title='bbox 398 3033 806 3103; x_wconf 83' lang='grc' dir='ltr'>βασιλευόντων,</span> <span class='ocrx_word' id='word_1_226' title='bbox 839 3036 933 3089; x_wconf 71' lang='grc' dir='ltr'>καὶ</span> <span class='ocrx_word' id='word_1_227' title='bbox 965 3035 1168 3106; x_wconf 76' lang='grc' dir='ltr'>Κύριος</span> <span class='ocrx_word' id='word_1_228' title='bbox 1190 3037 1297 3090; x_wconf 82' lang='grc' dir='ltr'><strong>τῶν</strong></span> <span class='ocrx_word' id='word_1_229' title='bbox 1334 3040 1690 3110; x_wconf 85' lang='grc' dir='ltr'>κυριευόντων</span> <span class='ocrx_word' id='word_1_230' title='bbox 1720 3042 1837 3094; x_wconf 87' lang='grc' dir='ltr'>ὲθε-</span> 
     </span>
    </p>
   </div>
   <div class='ocr_carea' id='block_1_33' title="bbox 252 3121 1836 3205">
    <p class='ocr_par' dir='ltr' id='par_1_33' title="bbox 252 3121 1836 3205">
     <span class='ocr_line' id='line_1_33' title="bbox 252 3121 1836 3205; baseline 0.007 -29"><span class='ocrx_word' id='word_1_231' title='bbox 252 3121 460 3189; x_wconf 87' lang='grc' dir='ltr'>λόντως</span> <span class='ocrx_word' id='word_1_232' title='bbox 487 3127 585 3196; x_wconf 77' lang='grc' dir='ltr'><strong>τὴν</strong></span> <span class='ocrx_word' id='word_1_233' title='bbox 611 3127 708 3198; x_wconf 78' lang='grc' dir='ltr'>τῆς</span> <span class='ocrx_word' id='word_1_234' title='bbox 728 3127 967 3192; x_wconf 87' lang='grc' dir='ltr'>δουλείας</span> <span class='ocrx_word' id='word_1_235' title='bbox 1000 3129 1211 3199; x_wconf 69' lang='grc' dir='ltr'>μορφὴν</span> <span class='ocrx_word' id='word_1_236' title='bbox 1234 3131 1543 3184; x_wconf 86' lang='grc' dir='ltr'>ὑποδύεται·</span> <span class='ocrx_word' id='word_1_237' title='bbox 1575 3135 1603 3186; x_wconf 91' lang='lat'><strong>6</strong></span> <span class='ocrx_word' id='word_1_238' title='bbox 1632 3133 1836 3205; x_wconf 82' lang='grc' dir='ltr'>Κριτὴς</span> 
     </span>
    </p>
   </div>
   <div class='ocr_carea' id='block_1_34' title="bbox 254 3217 1834 3295">
    <p class='ocr_par' dir='ltr' id='par_1_34' title="bbox 254 3217 1834 3295">
     <span class='ocr_line' id='line_1_34' title="bbox 254 3217 1834 3295; baseline 0.004 -25"><span class='ocrx_word' id='word_1_239' title='bbox 254 3217 352 3270; x_wconf 74' lang='grc' dir='ltr'>τοῦ</span> <span class='ocrx_word' id='word_1_240' title='bbox 371 3219 589 3282; x_wconf 87' lang='grc' dir='ltr'>παντὸς,</span> <span class='ocrx_word' id='word_1_241' title='bbox 609 3220 878 3290; x_wconf 76' lang='grc' dir='ltr'>ὑπόφορος</span> <span class='ocrx_word' id='word_1_242' title='bbox 905 3221 1012 3282; x_wconf 85' lang='grc' dir='ltr'>τοῖς</span> <span class='ocrx_word' id='word_1_243' title='bbox 1037 3219 1420 3275; x_wconf 78' lang='grc' dir='ltr'>δυναστεύουσι</span> <span class='ocrx_word' id='word_1_244' title='bbox 1442 3221 1664 3291; x_wconf 85' lang='grc' dir='ltr'>γίνεται·</span> <span class='ocrx_word' id='word_1_245' title='bbox 1683 3226 1709 3276; x_wconf 97' lang='lat'><strong>6</strong></span> <span class='ocrx_word' id='word_1_246' title='bbox 1736 3225 1834 3295; x_wconf 78' lang='grc' dir='ltr'>τῆς</span> 
     </span>
    </p>
   </div>
   <div class='ocr_carea' id='block_1_35' title="bbox 1942 681 3504 758">
    <p class='ocr_par' dir='ltr' id='par_1_35' title="bbox 1942 681 3504 758">
     <span class='ocr_line' id='line_1_35' title="bbox 1942 681 3504 758; baseline 0.009 -26"><span class='ocrx_word' id='word_1_247' title='bbox 1942 681 2144 746; x_wconf 83' lang='lat' dir='ltr'><strong>omnia,</strong></span> <span class='ocrx_word' id='word_1_248' title='bbox 2174 698 2296 751; x_wconf 78' lang='lat' dir='ltr'><strong>quae</strong></span> <span class='ocrx_word' id='word_1_249' title='bbox 2325 683 2471 738; x_wconf 87' lang='lat' dir='ltr'><strong>circa</strong></span> <span class='ocrx_word' id='word_1_250' title='bbox 2506 693 2752 739; x_wconf 90' lang='lat' dir='ltr'><strong>naturam</strong></span> <span class='ocrx_word' id='word_1_251' title='bbox 2800 686 3036 741; x_wconf 81' lang='lat' dir='ltr'><strong>divinam</strong></span> <span class='ocrx_word' id='word_1_252' title='bbox 3078 688 3504 758; x_wconf 84' lang='lat' dir='ltr'><strong>conspiciuntur,</strong></span> 
     </span>
    </p>
   </div>
   <div class='ocr_carea' id='block_1_36' title="bbox 1941 774 3504 838">
    <p class='ocr_par' dir='ltr' id='par_1_36' title="bbox 1941 774 3504 838">
     <span class='ocr_line' id='line_1_36' title="bbox 1941 774 3504 838; baseline 0.005 -12"><span class='ocrx_word' id='word_1_253' title='bbox 1941 781 2200 838; x_wconf 88' lang='lat' dir='ltr'><strong>superant</strong></span> <span class='ocrx_word' id='word_1_254' title='bbox 2228 774 2445 827; x_wconf 93' lang='lat' dir='ltr'><strong>modum</strong></span> <span class='ocrx_word' id='word_1_255' title='bbox 2471 775 2720 830; x_wconf 63' lang='lat' dir='ltr'><strong>humanae</strong></span> <span class='ocrx_word' id='word_1_256' title='bbox 2750 788 2957 832; x_wconf 78' lang='lat' dir='ltr'><strong>natura:</strong></span> <span class='ocrx_word' id='word_1_257' title='bbox 2984 797 2998 832; x_wconf 92' lang='lat'><strong>:</strong></span> <span class='ocrx_word' id='word_1_258' title='bbox 3028 778 3305 834; x_wconf 72' lang='lat' dir='ltr'><strong>humilitas</strong></span> <span class='ocrx_word' id='word_1_259' title='bbox 3325 789 3504 836; x_wconf 82' lang='lat' dir='ltr'><strong>autern</strong></span> 
     </span>
    </p>
   </div>
   <div class='ocr_carea' id='block_1_37' title="bbox 1942 853 3508 941">
    <p class='ocr_par' dir='ltr' id='par_1_37' title="bbox 1942 853 3508 941">
     <span class='ocr_line' id='line_1_37' title="bbox 1942 853 3508 941; baseline 0.006 -25"><span class='ocrx_word' id='word_1_260' title='bbox 1942 864 2141 918; x_wconf 91' lang='lat' dir='ltr'><strong>coalita</strong></span> <span class='ocrx_word' id='word_1_261' title='bbox 2178 873 2342 936; x_wconf 86' lang='lat' dir='ltr'><strong>atque</strong></span> <span class='ocrx_word' id='word_1_262' title='bbox 2387 879 2646 922; x_wconf 89' lang='lat' dir='ltr'><strong>consueta</strong></span> <span class='ocrx_word' id='word_1_263' title='bbox 2697 870 2855 923; x_wconf 88' lang='lat' dir='ltr'><strong>nobis</strong></span> <span class='ocrx_word' id='word_1_264' title='bbox 2905 870 3053 924; x_wconf 91' lang='lat' dir='ltr'><strong>humi</strong></span> <span class='ocrx_word' id='word_1_265' title='bbox 3084 853 3422 941; x_wconf 85' lang='lat' dir='ltr'><strong>repentibus,</strong></span> <span class='ocrx_word' id='word_1_266' title='bbox 3451 881 3508 928; x_wconf 91' lang='lat' dir='ltr'><strong>et</strong></span> 
     </span>
    </p>
   </div>
   <div class='ocr_carea' id='block_1_38' title="bbox 1949 960 3502 1028">
    <p class='ocr_par' dir='ltr' id='par_1_38' title="bbox 1949 960 3502 1028">
     <span class='ocr_line' id='line_1_38' title="bbox 1949 960 3502 1028; baseline 0.006 -20"><span class='ocrx_word' id='word_1_267' title='bbox 1949 973 2012 1009; x_wconf 83' lang='lat' dir='ltr'><strong>ex</strong></span> <span class='ocrx_word' id='word_1_268' title='bbox 2065 964 2209 1011; x_wconf 91' lang='lat' dir='ltr'><strong>terra</strong></span> <span class='ocrx_word' id='word_1_269' title='bbox 2261 960 2528 1021; x_wconf 80' lang='lat' dir='ltr'><strong>conflatis,</strong></span> <span class='ocrx_word' id='word_1_270' title='bbox 2567 969 2620 1013; x_wconf 94' lang='lat' dir='ltr'><strong>et</strong></span> <span class='ocrx_word' id='word_1_271' title='bbox 2647 960 2700 1013; x_wconf 92' lang='lat' dir='ltr'><strong>in</strong></span> <span class='ocrx_word' id='word_1_272' title='bbox 2754 971 2951 1014; x_wconf 88' lang='lat' dir='ltr'><strong>terram</strong></span> <span class='ocrx_word' id='word_1_273' title='bbox 2985 961 3365 1028; x_wconf 84' lang='lat' dir='ltr'><strong>deﬂuentibus,</strong></span> <span class='ocrx_word' id='word_1_274' title='bbox 3398 972 3502 1027; x_wconf 90' lang='lat' dir='ltr'><strong>est,</strong></span> 
     </span>
    </p>
   </div>
   <div class='ocr_carea' id='block_1_39' title="bbox 1942 1043 3506 1118">
    <p class='ocr_par' dir='ltr' id='par_1_39' title="bbox 1942 1043 3506 1118">
     <span class='ocr_line' id='line_1_39' title="bbox 1942 1043 3506 1118; baseline 0.006 -19"><span class='ocrx_word' id='word_1_275' title='bbox 1942 1049 1984 1099; x_wconf 89' lang='lat' dir='ltr'><strong>si</strong></span> <span class='ocrx_word' id='word_1_276' title='bbox 2021 1055 2076 1100; x_wconf 92' lang='lat' dir='ltr'><strong>tu</strong></span> <span class='ocrx_word' id='word_1_277' title='bbox 2118 1043 2170 1101; x_wconf 91' lang='lat' dir='ltr'><strong>in</strong></span> <span class='ocrx_word' id='word_1_278' title='bbox 2198 1064 2263 1102; x_wconf 93' lang='lat' dir='ltr'><strong>eo</strong></span> <span class='ocrx_word' id='word_1_279' title='bbox 2324 1050 2466 1118; x_wconf 88' lang='lat' dir='ltr'><strong>quod</strong></span> <span class='ocrx_word' id='word_1_280' title='bbox 2500 1066 2528 1102; x_wconf 92' lang='lat' dir='ltr'><strong>a</strong></span> <span class='ocrx_word' id='word_1_281' title='bbox 2561 1061 2754 1105; x_wconf 89' lang='lat' dir='ltr'><strong>natura</strong></span> <span class='ocrx_word' id='word_1_282' title='bbox 2787 1061 2875 1105; x_wconf 90' lang='lat' dir='ltr'><strong>tua</strong></span> <span class='ocrx_word' id='word_1_283' title='bbox 2912 1069 3018 1106; x_wconf 89' lang='lat' dir='ltr'><strong>non</strong></span> <span class='ocrx_word' id='word_1_284' title='bbox 3051 1066 3133 1108; x_wconf 91' lang='lat' dir='ltr'><strong>est</strong></span> <span class='ocrx_word' id='word_1_285' title='bbox 3161 1055 3421 1118; x_wconf 86' lang='lat' dir='ltr'><strong>alienum,</strong></span> <span class='ocrx_word' id='word_1_286' title='bbox 3453 1063 3506 1109; x_wconf 91' lang='lat' dir='ltr'><strong>et</strong></span> 
     </span>
    </p>
   </div>
   <div class='ocr_carea' id='block_1_40' title="bbox 1942 1138 3504 1208">
    <p class='ocr_par' dir='ltr' id='par_1_40' title="bbox 1942 1138 3504 1208">
     <span class='ocr_line' id='line_1_40' title="bbox 1942 1138 3504 1208; baseline 0.002 -16"><span class='ocrx_word' id='word_1_287' title='bbox 1942 1154 1972 1192; x_wconf 88' lang='lat' dir='ltr'><strong>a</strong></span> <span class='ocrx_word' id='word_1_288' title='bbox 2005 1146 2056 1191; x_wconf 91' lang='lat' dir='ltr'><strong>te</strong></span> <span class='ocrx_word' id='word_1_289' title='bbox 2081 1138 2328 1206; x_wconf 60' lang='lat' dir='ltr'><strong>praestari</strong></span> <span class='ocrx_word' id='word_1_290' title='bbox 2358 1148 2555 1208; x_wconf 90' lang='lat' dir='ltr'><strong>potest,</strong></span> <span class='ocrx_word' id='word_1_291' title='bbox 2587 1139 2753 1194; x_wconf 89' lang='lat' dir='ltr'><strong>Deum</strong></span> <span class='ocrx_word' id='word_1_292' title='bbox 2796 1141 3040 1197; x_wconf 87' lang='lat' dir='ltr'><strong>imitatus</strong></span> <span class='ocrx_word' id='word_1_293' title='bbox 3072 1141 3264 1208; x_wconf 89' lang='lat' dir='ltr'><strong>fueris,</strong></span> <span class='ocrx_word' id='word_1_294' title='bbox 3291 1141 3504 1195; x_wconf 83' lang='lat' dir='ltr'><strong>beatam</strong></span> 
     </span>
    </p>
   </div>
   <div class='ocr_carea' id='block_1_41' title="bbox 1944 1221 3506 1304">
    <p class='ocr_par' dir='ltr' id='par_1_41' title="bbox 1944 1221 3506 1304">
     <span class='ocr_line' id='line_1_41' title="bbox 1944 1221 3506 1304; baseline 0.002 -20"><span class='ocrx_word' id='word_1_295' title='bbox 1944 1225 2170 1284; x_wconf 84' lang='lat' dir='ltr'><strong>formam</strong></span> <span class='ocrx_word' id='word_1_296' title='bbox 2204 1221 2318 1301; x_wconf 82' lang='lat' dir='ltr'><strong>ipse</strong></span> <span class='ocrx_word' id='word_1_297' title='bbox 2351 1230 2595 1284; x_wconf 80' lang='lat' dir='ltr'><strong>induisti.</strong></span> <span class='ocrx_word' id='word_1_298' title='bbox 2641 1232 2717 1284; x_wconf 83' lang='lat' dir='ltr'><strong>Ac</strong></span> <span class='ocrx_word' id='word_1_299' title='bbox 2748 1247 2906 1285; x_wconf 89' lang='lat' dir='ltr'><strong>nemo</strong></span> <span class='ocrx_word' id='word_1_300' title='bbox 2933 1240 3081 1300; x_wconf 91' lang='lat' dir='ltr'><strong>putet</strong></span> <span class='ocrx_word' id='word_1_301' title='bbox 3110 1233 3313 1287; x_wconf 88' lang='lat' dir='ltr'><strong>nullius</strong></span> <span class='ocrx_word' id='word_1_302' title='bbox 3342 1246 3506 1304; x_wconf 73' lang='lat' dir='ltr'><strong>nego-</strong></span> 
     </span>
    </p>
   </div>
   <div class='ocr_carea' id='block_1_42' title="bbox 1944 1315 3508 1393">
    <p class='ocr_par' dir='ltr' id='par_1_42' title="bbox 1944 1315 3508 1393">
     <span class='ocr_line' id='line_1_42' title="bbox 1944 1315 3508 1393; baseline 0.001 -19"><span class='ocrx_word' id='word_1_303' title='bbox 1944 1323 2003 1374; x_wconf 91' lang='lat' dir='ltr'><strong>tii</strong></span> <span class='ocrx_word' id='word_1_304' title='bbox 2039 1315 2150 1376; x_wconf 81' lang='lat' dir='ltr'><strong>rem</strong></span> <span class='ocrx_word' id='word_1_305' title='bbox 2184 1339 2327 1385; x_wconf 86' lang='lat' dir='ltr'><strong>esse,</strong></span> <span class='ocrx_word' id='word_1_306' title='bbox 2372 1338 2435 1376; x_wconf 89' lang='lat' dir='ltr'><strong>ac</strong></span> <span class='ocrx_word' id='word_1_307' title='bbox 2484 1322 2643 1376; x_wconf 78' lang='lat' dir='ltr'><strong>facile</strong></span> <span class='ocrx_word' id='word_1_308' title='bbox 2676 1319 2812 1377; x_wconf 77' lang='lat' dir='ltr'><strong>effici</strong></span> <span class='ocrx_word' id='word_1_309' title='bbox 2847 1337 3028 1392; x_wconf 83' lang='lat' dir='ltr'><strong>posse,</strong></span> <span class='ocrx_word' id='word_1_310' title='bbox 3068 1332 3126 1376; x_wconf 93' lang='lat' dir='ltr'><strong>ut</strong></span> <span class='ocrx_word' id='word_1_311' title='bbox 3152 1323 3276 1393; x_wconf 89' lang='lat' dir='ltr'><strong>quis</strong></span> <span class='ocrx_word' id='word_1_312' title='bbox 3321 1324 3508 1376; x_wconf 89' lang='lat' dir='ltr'><strong>animo</strong></span> 
     </span>
    </p>
   </div>
   <div class='ocr_carea' id='block_1_43' title="bbox 1943 1399 3505 1483">
    <p class='ocr_par' dir='ltr' id='par_1_43' title="bbox 1943 1399 3505 1483">
     <span class='ocr_line' id='line_1_43' title="bbox 1943 1399 3505 1483; baseline 0 -17"><span class='ocrx_word' id='word_1_313' title='bbox 1943 1414 2133 1467; x_wconf 86' lang='lat' dir='ltr'><strong>humili</strong></span> <span class='ocrx_word' id='word_1_314' title='bbox 2199 1422 2363 1483; x_wconf 81' lang='lat' dir='ltr'><strong>atque</strong></span> <span class='ocrx_word' id='word_1_315' title='bbox 2412 1399 2650 1468; x_wconf 86' lang='lat' dir='ltr'><strong>demisso</strong></span> <span class='ocrx_word' id='word_1_316' title='bbox 2706 1413 2797 1467; x_wconf 89' lang='lat' dir='ltr'><strong>sit.</strong></span> <span class='ocrx_word' id='word_1_317' title='bbox 2849 1411 2960 1466; x_wconf 81' lang='lat' dir='ltr'><strong>Iino</strong></span> <span class='ocrx_word' id='word_1_318' title='bbox 3011 1421 3200 1466; x_wconf 87' lang='lat' dir='ltr'><strong>contra</strong></span> <span class='ocrx_word' id='word_1_319' title='bbox 3252 1412 3386 1466; x_wconf 89' lang='lat' dir='ltr'><strong>nihil</strong></span> <span class='ocrx_word' id='word_1_320' title='bbox 3439 1427 3505 1468; x_wconf 84' lang='lat' dir='ltr'><strong>ex</strong></span> 
     </span>
    </p>
   </div>
   <div class='ocr_carea' id='block_1_44' title="bbox 1941 1491 3506 1574">
    <p class='ocr_par' dir='ltr' id='par_1_44' title="bbox 1941 1491 3506 1574">
     <span class='ocr_line' id='line_1_44' title="bbox 1941 1491 3506 1574; baseline -0.001 -17"><span class='ocrx_word' id='word_1_321' title='bbox 1941 1491 2194 1558; x_wconf 81' lang='lat' dir='ltr'><strong>omnibus</strong></span> <span class='ocrx_word' id='word_1_322' title='bbox 2249 1519 2583 1574; x_wconf 69' lang='lat' dir='ltr'><strong>quaecunque</strong></span> <span class='ocrx_word' id='word_1_323' title='bbox 2650 1519 2745 1572; x_wconf 90' lang='lat' dir='ltr'><strong>per</strong></span> <span class='ocrx_word' id='word_1_324' title='bbox 2818 1504 3074 1558; x_wconf 82' lang='lat' dir='ltr'><strong>virtutem</strong></span> <span class='ocrx_word' id='word_1_325' title='bbox 3145 1511 3379 1574; x_wconf 80' lang='lat' dir='ltr'><strong>aguntur</strong></span> <span class='ocrx_word' id='word_1_326' title='bbox 3451 1511 3506 1558; x_wconf 90' lang='lat' dir='ltr'><strong>et</strong></span> 
     </span>
    </p>
   </div>
   <div class='ocr_carea' id='block_1_45' title="bbox 1941 1583 3506 1666">
    <p class='ocr_par' dir='ltr' id='par_1_45' title="bbox 1941 1583 3506 1666">
     <span class='ocr_line' id='line_1_45' title="bbox 1941 1583 3506 1666; baseline -0.001 -19"><span class='ocrx_word' id='word_1_327' title='bbox 1941 1583 2288 1659; x_wconf 81' lang='lat' dir='ltr'><strong>exercentur,</strong></span> <span class='ocrx_word' id='word_1_328' title='bbox 2317 1583 2470 1663; x_wconf 72' lang='lat' dir='ltr'><strong>aeque</strong></span> <span class='ocrx_word' id='word_1_329' title='bbox 2521 1583 2852 1646; x_wconf 82' lang='lat' dir='ltr'><strong>laberiosum</strong></span> <span class='ocrx_word' id='word_1_330' title='bbox 2897 1601 2949 1646; x_wconf 91' lang='lat' dir='ltr'><strong>et</strong></span> <span class='ocrx_word' id='word_1_331' title='bbox 3003 1607 3293 1660; x_wconf 82' lang='lat' dir='ltr'><strong>Operosum</strong></span> <span class='ocrx_word' id='word_1_332' title='bbox 3347 1600 3506 1666; x_wconf 80' lang='lat' dir='ltr'><strong>alque</strong></span> 
     </span>
    </p>
   </div>
   <div class='ocr_carea' id='block_1_46' title="bbox 1942 1679 3507 1750">
    <p class='ocr_par' dir='ltr' id='par_1_46' title="bbox 1942 1679 3507 1750">
     <span class='ocr_line' id='line_1_46' title="bbox 1942 1679 3507 1750; baseline -0.002 -15"><span class='ocrx_word' id='word_1_333' title='bbox 1942 1681 2209 1750; x_wconf 86' lang='lat' dir='ltr'><strong>ejusmodi</strong></span> <span class='ocrx_word' id='word_1_334' title='bbox 2267 1698 2353 1736; x_wconf 89' lang='lat' dir='ltr'><strong>res</strong></span> <span class='ocrx_word' id='word_1_335' title='bbox 2402 1691 2506 1736; x_wconf 81' lang='lat' dir='ltr'><strong>est.</strong></span> <span class='ocrx_word' id='word_1_336' title='bbox 2563 1679 2972 1746; x_wconf 83' lang='lat' dir='ltr'><strong>Quamobrem?</strong></span> <span class='ocrx_word' id='word_1_337' title='bbox 3029 1679 3157 1748; x_wconf 90' lang='lat' dir='ltr'><strong>quia</strong></span> <span class='ocrx_word' id='word_1_338' title='bbox 3206 1679 3507 1734; x_wconf 86' lang='lat' dir='ltr'><strong>dormiente</strong></span> 
     </span>
    </p>
   </div>
   <div class='ocr_carea' id='block_1_47' title="bbox 1877 1773 3507 1844">
    <p class='ocr_par' dir='ltr' id='par_1_47' title="bbox 1877 1773 3507 1844">
     <span class='ocr_line' id='line_1_47' title="bbox 1877 1773 3507 1844; baseline -0.001 -18"><span class='ocrx_word' id='word_1_339' title='bbox 1877 1814 1890 1826; x_wconf 88' lang='lat'><strong>.</strong></span> <span class='ocrx_word' id='word_1_340' title='bbox 1943 1773 2159 1826; x_wconf 84' lang='lat' dir='ltr'><strong>homine</strong></span> <span class='ocrx_word' id='word_1_341' title='bbox 2190 1773 2282 1844; x_wconf 88' lang='lat' dir='ltr'><strong>qui</strong></span> <span class='ocrx_word' id='word_1_342' title='bbox 2335 1773 2476 1826; x_wconf 90' lang='lat' dir='ltr'><strong>bona</strong></span> <span class='ocrx_word' id='word_1_343' title='bbox 2520 1773 2726 1826; x_wconf 90' lang='lat' dir='ltr'><strong>semina</strong></span> <span class='ocrx_word' id='word_1_344' title='bbox 2776 1781 3082 1840; x_wconf 86' lang='lat' dir='ltr'><strong>acceperat,</strong></span> <span class='ocrx_word' id='word_1_345' title='bbox 3133 1777 3295 1841; x_wconf 89' lang='lat' dir='ltr'><strong>caput</strong></span> <span class='ocrx_word' id='word_1_346' title='bbox 3345 1779 3507 1840; x_wconf 88' lang='lat' dir='ltr'><strong>atque</strong></span> 
     </span>
    </p>
   </div>
   <div class='ocr_carea' id='block_1_48' title="bbox 1946 1861 3506 1934">
    <p class='ocr_par' dir='ltr' id='par_1_48' title="bbox 1946 1861 3506 1934">
     <span class='ocr_line' id='line_1_48' title="bbox 1946 1861 3506 1934; baseline 0.002 -21"><span class='ocrx_word' id='word_1_347' title='bbox 1946 1861 2214 1934; x_wconf 75' lang='lat' dir='ltr'><strong>praecipua</strong></span> <span class='ocrx_word' id='word_1_348' title='bbox 2249 1879 2374 1933; x_wconf 88' lang='lat' dir='ltr'><strong>pars</strong></span> <span class='ocrx_word' id='word_1_349' title='bbox 2399 1863 2662 1919; x_wconf 85' lang='lat' dir='ltr'><strong>contrarii</strong></span> <span class='ocrx_word' id='word_1_350' title='bbox 2685 1861 2911 1918; x_wconf 87' lang='lat' dir='ltr'><strong>seminis</strong></span> <span class='ocrx_word' id='word_1_351' title='bbox 2951 1863 3018 1916; x_wconf 90' lang='lat' dir='ltr'><strong>ab</strong></span> <span class='ocrx_word' id='word_1_352' title='bbox 3051 1863 3272 1916; x_wconf 91' lang='lat' dir='ltr'><strong>inimico</strong></span> <span class='ocrx_word' id='word_1_353' title='bbox 3303 1872 3506 1916; x_wconf 64' lang='lat' dir='ltr'><strong>nostra</strong></span> 
     </span>
    </p>
   </div>
   <div class='ocr_carea' id='block_1_49' title="bbox 1871 1941 3502 2021">
    <p class='ocr_par' dir='ltr' id='par_1_49' title="bbox 1871 1941 3502 2021">
     <span class='ocr_line' id='line_1_49' title="bbox 1871 1941 3502 2021; baseline 0.002 -24"><span class='ocrx_word' id='word_1_354' title='bbox 1871 1941 1910 1994; x_wconf 86' lang='grc' dir='ltr'><strong><em>Β</em></strong></span> <span class='ocrx_word' id='word_1_355' title='bbox 1941 1949 2063 2003; x_wconf 57' lang='lat' dir='ltr'><strong>vitae</strong></span> <span class='ocrx_word' id='word_1_356' title='bbox 2121 1951 2390 2019; x_wconf 76' lang='lat' dir='ltr'><strong>superbia:</strong></span> <span class='ocrx_word' id='word_1_357' title='bbox 2437 1951 2707 2003; x_wconf 89' lang='lat' dir='ltr'><strong>zizanium</strong></span> <span class='ocrx_word' id='word_1_358' title='bbox 2761 1950 3070 2018; x_wconf 84' lang='lat' dir='ltr'><strong>conjectum</strong></span> <span class='ocrx_word' id='word_1_359' title='bbox 3114 1950 3327 2004; x_wconf 85' lang='lat' dir='ltr'><strong>radices</strong></span> <span class='ocrx_word' id='word_1_360' title='bbox 3375 1951 3502 2021; x_wconf 78' lang='lat' dir='ltr'><strong>egit.</strong></span> 
     </span>
    </p>
   </div>
   <div class='ocr_carea' id='block_1_50' title="bbox 1935 2038 3498 2116">
    <p class='ocr_par' dir='ltr' id='par_1_50' title="bbox 1935 2038 3498 2116">
     <span class='ocr_line' id='line_1_50' title="bbox 1935 2038 3498 2116; baseline 0.001 -24"><span class='ocrx_word' id='word_1_361' title='bbox 1935 2038 2401 2105; x_wconf 85' lang='lat' dir='ltr'><strong>Quemadmodum</strong></span> <span class='ocrx_word' id='word_1_362' title='bbox 2435 2040 2581 2095; x_wconf 88' lang='lat' dir='ltr'><strong>enim</strong></span> <span class='ocrx_word' id='word_1_363' title='bbox 2629 2040 2718 2094; x_wconf 89' lang='lat' dir='ltr'><strong>ille</strong></span> <span class='ocrx_word' id='word_1_364' title='bbox 2757 2056 2816 2095; x_wconf 91' lang='lat' dir='ltr'><strong>se</strong></span> <span class='ocrx_word' id='word_1_365' title='bbox 2850 2041 2904 2094; x_wconf 91' lang='lat' dir='ltr'><strong>in</strong></span> <span class='ocrx_word' id='word_1_366' title='bbox 2949 2048 3148 2094; x_wconf 87' lang='lat' dir='ltr'><strong>terram</strong></span> <span class='ocrx_word' id='word_1_367' title='bbox 3202 2041 3498 2116; x_wconf 64' lang='lat' dir='ltr'><strong>praecipita-</strong></span> 
     </span>
    </p>
   </div>
   <div class='ocr_carea' id='block_1_51' title="bbox 1937 2125 3504 2200">
    <p class='ocr_par' dir='ltr' id='par_1_51' title="bbox 1937 2125 3504 2200">
     <span class='ocr_line' id='line_1_51' title="bbox 1937 2125 3504 2200; baseline 0.002 -17"><span class='ocrx_word' id='word_1_368' title='bbox 1937 2131 2029 2193; x_wconf 89' lang='lat' dir='ltr'><strong>vit,</strong></span> <span class='ocrx_word' id='word_1_369' title='bbox 2079 2129 2270 2184; x_wconf 81' lang='lat' dir='ltr'><strong>eodem</strong></span> <span class='ocrx_word' id='word_1_370' title='bbox 2320 2130 2480 2184; x_wconf 89' lang='lat' dir='ltr'><strong>modo</strong></span> <span class='ocrx_word' id='word_1_371' title='bbox 2538 2125 2799 2186; x_wconf 86' lang='lat' dir='ltr'><strong>miserum</strong></span> <span class='ocrx_word' id='word_1_372' title='bbox 2852 2147 3021 2200; x_wconf 79' lang='lat' dir='ltr'><strong>genus</strong></span> <span class='ocrx_word' id='word_1_373' title='bbox 3075 2131 3390 2194; x_wconf 86' lang='lat' dir='ltr'><strong>humanum,</strong></span> <span class='ocrx_word' id='word_1_374' title='bbox 3437 2132 3504 2186; x_wconf 71' lang='lat' dir='ltr'><strong>a1</strong></span> 
     </span>
    </p>
   </div>
   <div class='ocr_carea' id='block_1_52' title="bbox 1935 2222 3501 2288">
    <p class='ocr_par' dir='ltr' id='par_1_52' title="bbox 1935 2222 3501 2288">
     <span class='ocr_line' id='line_1_52' title="bbox 1935 2222 3501 2288; baseline 0.001 -13"><span class='ocrx_word' id='word_1_375' title='bbox 1935 2235 2280 2275; x_wconf 85' lang='lat' dir='ltr'><strong>communem</strong></span> <span class='ocrx_word' id='word_1_376' title='bbox 2315 2222 2526 2275; x_wconf 90' lang='lat' dir='ltr'><strong>ruinam</strong></span> <span class='ocrx_word' id='word_1_377' title='bbox 2560 2237 2742 2277; x_wconf 87' lang='lat' dir='ltr'><strong>secum</strong></span> <span class='ocrx_word' id='word_1_378' title='bbox 2770 2238 2877 2276; x_wconf 90' lang='lat' dir='ltr'><strong>una</strong></span> <span class='ocrx_word' id='word_1_379' title='bbox 2913 2223 3168 2288; x_wconf 77' lang='lat' dir='ltr'><strong>detraxit,</strong></span> <span class='ocrx_word' id='word_1_380' title='bbox 3205 2238 3268 2276; x_wconf 91' lang='lat' dir='ltr'><strong>ac</strong></span> <span class='ocrx_word' id='word_1_381' title='bbox 3299 2223 3501 2276; x_wconf 87' lang='lat' dir='ltr'><strong>nullum</strong></span> 
     </span>
    </p>
   </div>
   <div class='ocr_carea' id='block_1_53' title="bbox 1935 2311 3504 2382">
    <p class='ocr_par' dir='ltr' id='par_1_53' title="bbox 1935 2311 3504 2382">
     <span class='ocr_line' id='line_1_53' title="bbox 1935 2311 3504 2382; baseline 0.003 -19"><span class='ocrx_word' id='word_1_382' title='bbox 1935 2311 2082 2364; x_wconf 84' lang='lat' dir='ltr'><strong>aliud</strong></span> <span class='ocrx_word' id='word_1_383' title='bbox 2123 2320 2328 2366; x_wconf 64' lang='lat' dir='ltr'><strong>natura:</strong></span> <span class='ocrx_word' id='word_1_384' title='bbox 2359 2319 2559 2366; x_wconf 61' lang='lat' dir='ltr'><strong>nostrae</strong></span> <span class='ocrx_word' id='word_1_385' title='bbox 2589 2312 2787 2366; x_wconf 82' lang='lat' dir='ltr'><strong>malum</strong></span> <span class='ocrx_word' id='word_1_386' title='bbox 2826 2314 2931 2367; x_wconf 90' lang='lat' dir='ltr'><strong>tale</strong></span> <span class='ocrx_word' id='word_1_387' title='bbox 2977 2323 3082 2376; x_wconf 88' lang='lat' dir='ltr'><strong>est,</strong></span> <span class='ocrx_word' id='word_1_388' title='bbox 3107 2313 3286 2382; x_wconf 89' lang='lat' dir='ltr'><strong>qualis</strong></span> <span class='ocrx_word' id='word_1_389' title='bbox 3335 2321 3420 2368; x_wconf 89' lang='lat' dir='ltr'><strong>est</strong></span> <span class='ocrx_word' id='word_1_390' title='bbox 3457 2314 3504 2368; x_wconf 94' lang='lat' dir='ltr'><strong>is</strong></span> 
     </span>
    </p>
   </div>
   <div class='ocr_carea' id='block_1_54' title="bbox 1935 2403 3500 2475">
    <p class='ocr_par' dir='ltr' id='par_1_54' title="bbox 1935 2403 3500 2475">
     <span class='ocr_line' id='line_1_54' title="bbox 1935 2403 3500 2475; baseline 0.002 -20"><span class='ocrx_word' id='word_1_391' title='bbox 1935 2403 2026 2472; x_wconf 84' lang='lat' dir='ltr'><strong>qui</strong></span> <span class='ocrx_word' id='word_1_392' title='bbox 2099 2418 2196 2473; x_wconf 87' lang='lat' dir='ltr'><strong>per</strong></span> <span class='ocrx_word' id='word_1_393' title='bbox 2248 2404 2558 2473; x_wconf 85' lang='lat' dir='ltr'><strong>superbiam</strong></span> <span class='ocrx_word' id='word_1_394' title='bbox 2624 2405 2780 2460; x_wconf 90' lang='lat' dir='ltr'><strong>nobis</strong></span> <span class='ocrx_word' id='word_1_395' title='bbox 2853 2405 3076 2458; x_wconf 85' lang='lat' dir='ltr'><strong>morbus</strong></span> <span class='ocrx_word' id='word_1_396' title='bbox 3131 2405 3500 2475; x_wconf 80' lang='lat' dir='ltr'><strong>iugeneratur.</strong></span> 
     </span>
    </p>
   </div>
   <div class='ocr_carea' id='block_1_55' title="bbox 1935 2495 3507 2568">
    <p class='ocr_par' dir='ltr' id='par_1_55' title="bbox 1935 2495 3507 2568">
     <span class='ocr_line' id='line_1_55' title="bbox 1935 2495 3507 2568; baseline 0.003 -22"><span class='ocrx_word' id='word_1_397' title='bbox 1935 2495 2200 2561; x_wconf 80' lang='lat' dir='ltr'><strong>Quoniam</strong></span> <span class='ocrx_word' id='word_1_398' title='bbox 2227 2496 2391 2566; x_wconf 74' lang='lat' dir='ltr'><strong>igitur</strong></span> <span class='ocrx_word' id='word_1_399' title='bbox 2416 2496 2672 2550; x_wconf 91' lang='lat' dir='ltr'><strong>omnibus</strong></span> <span class='ocrx_word' id='word_1_400' title='bbox 2705 2496 3094 2566; x_wconf 88' lang='lat' dir='ltr'><strong>propemodum</strong></span> <span class='ocrx_word' id='word_1_401' title='bbox 3133 2497 3224 2565; x_wconf 92' lang='lat' dir='ltr'><strong>qui</strong></span> <span class='ocrx_word' id='word_1_402' title='bbox 3257 2497 3507 2568; x_wconf 57' lang='lat' dir='ltr'><strong>humana:</strong></span> 
     </span>
    </p>
   </div>
   <div class='ocr_carea' id='block_1_56' title="bbox 1935 2585 3504 2655">
    <p class='ocr_par' dir='ltr' id='par_1_56' title="bbox 1935 2585 3504 2655">
     <span class='ocr_line' id='line_1_56' title="bbox 1935 2585 3504 2655; baseline 0 -16"><span class='ocrx_word' id='word_1_403' title='bbox 1935 2595 2142 2639; x_wconf 61' lang='lat' dir='ltr'><strong>natura:</strong></span> <span class='ocrx_word' id='word_1_404' title='bbox 2177 2587 2467 2655; x_wconf 85' lang='lat' dir='ltr'><strong>participes</strong></span> <span class='ocrx_word' id='word_1_405' title='bbox 2518 2595 2646 2640; x_wconf 92' lang='lat' dir='ltr'><strong>sunt</strong></span> <span class='ocrx_word' id='word_1_406' title='bbox 2708 2587 2898 2640; x_wconf 82' lang='lat' dir='ltr'><strong>vitium</strong></span> <span class='ocrx_word' id='word_1_407' title='bbox 2944 2586 3196 2641; x_wconf 88' lang='lat' dir='ltr'><strong>elationis</strong></span> <span class='ocrx_word' id='word_1_408' title='bbox 3242 2585 3504 2655; x_wconf 84' lang='lat' dir='ltr'><strong>quodam-</strong></span> 
     </span>
    </p>
   </div>
   <div class='ocr_carea' id='block_1_57' title="bbox 1936 2673 3503 2742">
    <p class='ocr_par' dir='ltr' id='par_1_57' title="bbox 1936 2673 3503 2742">
     <span class='ocr_line' id='line_1_57' title="bbox 1936 2673 3503 2742; baseline 0 -14"><span class='ocrx_word' id='word_1_409' title='bbox 1936 2677 2094 2728; x_wconf 89' lang='lat' dir='ltr'><strong>modo</strong></span> <span class='ocrx_word' id='word_1_410' title='bbox 2132 2677 2372 2728; x_wconf 90' lang='lat' dir='ltr'><strong>innatum</strong></span> <span class='ocrx_word' id='word_1_411' title='bbox 2418 2685 2521 2742; x_wconf 91' lang='lat' dir='ltr'><strong>est,</strong></span> <span class='ocrx_word' id='word_1_412' title='bbox 2583 2674 2792 2730; x_wconf 89' lang='lat' dir='ltr'><strong>idcirco</strong></span> <span class='ocrx_word' id='word_1_413' title='bbox 2830 2673 3090 2728; x_wconf 90' lang='lat' dir='ltr'><strong>Dominus</strong></span> <span class='ocrx_word' id='word_1_414' title='bbox 3133 2674 3259 2730; x_wconf 92' lang='lat' dir='ltr'><strong>hinc</strong></span> <span class='ocrx_word' id='word_1_415' title='bbox 3289 2675 3503 2728; x_wconf 90' lang='lat' dir='ltr'><strong>initium</strong></span> 
     </span>
    </p>
   </div>
   <div class='ocr_carea' id='block_1_58' title="bbox 1935 2763 3504 2836">
    <p class='ocr_par' dir='ltr' id='par_1_58' title="bbox 1935 2763 3504 2836">
     <span class='ocr_line' id='line_1_58' title="bbox 1935 2763 3504 2836; baseline -0.001 -17"><span class='ocrx_word' id='word_1_416' title='bbox 1935 2766 2299 2820; x_wconf 77' lang='lat' dir='ltr'><strong>beatitudines</strong></span> <span class='ocrx_word' id='word_1_417' title='bbox 2335 2765 2638 2836; x_wconf 77' lang='lat' dir='ltr'><strong>exponendi</strong></span> <span class='ocrx_word' id='word_1_418' title='bbox 2677 2765 2826 2831; x_wconf 82' lang='lat' dir='ltr'><strong>facit,</strong></span> <span class='ocrx_word' id='word_1_419' title='bbox 2859 2777 3114 2835; x_wconf 87' lang='lat' dir='ltr'><strong>tanquam</strong></span> <span class='ocrx_word' id='word_1_420' title='bbox 3159 2763 3504 2835; x_wconf 88' lang='lat' dir='ltr'><strong>primordiale</strong></span> 
     </span>
    </p>
   </div>
   <div class='ocr_carea' id='block_1_59' title="bbox 1937 2843 3503 2924">
    <p class='ocr_par' dir='ltr' id='par_1_59' title="bbox 1937 2843 3503 2924">
     <span class='ocr_line' id='line_1_59' title="bbox 1937 2843 3503 2924; baseline -0.001 -18"><span class='ocrx_word' id='word_1_421' title='bbox 1937 2856 2135 2907; x_wconf 92' lang='lat' dir='ltr'><strong>malum</strong></span> <span class='ocrx_word' id='word_1_422' title='bbox 2169 2854 2440 2924; x_wconf 88' lang='lat' dir='ltr'><strong>quoddam</strong></span> <span class='ocrx_word' id='word_1_423' title='bbox 2495 2869 2559 2908; x_wconf 79' lang='lat' dir='ltr'><strong>ex</strong></span> <span class='ocrx_word' id='word_1_424' title='bbox 2595 2855 2781 2906; x_wconf 89' lang='lat' dir='ltr'><strong>habitu</strong></span> <span class='ocrx_word' id='word_1_425' title='bbox 2816 2863 3006 2908; x_wconf 88' lang='lat' dir='ltr'><strong>nostro</strong></span> <span class='ocrx_word' id='word_1_426' title='bbox 3054 2843 3364 2924; x_wconf 83' lang='lat' dir='ltr'><strong>superbiam</strong></span> <span class='ocrx_word' id='word_1_427' title='bbox 3403 2854 3503 2922; x_wconf 87' lang='lat' dir='ltr'><strong>eji-</strong></span> 
     </span>
    </p>
   </div>
   <div class='ocr_carea' id='block_1_60' title="bbox 1934 2945 3505 3014">
    <p class='ocr_par' dir='ltr' id='par_1_60' title="bbox 1934 2945 3505 3014">
     <span class='ocr_line' id='line_1_60' title="bbox 1934 2945 3505 3014; baseline 0.001 -17"><span class='ocrx_word' id='word_1_428' title='bbox 1934 2945 2106 3005; x_wconf 87' lang='lat' dir='ltr'><strong>ciens,</strong></span> <span class='ocrx_word' id='word_1_429' title='bbox 2135 2945 2261 2997; x_wconf 90' lang='lat' dir='ltr'><strong>dum</strong></span> <span class='ocrx_word' id='word_1_430' title='bbox 2302 2945 2561 2998; x_wconf 61' lang='lat' dir='ltr'><strong>consulito</strong></span> <span class='ocrx_word' id='word_1_431' title='bbox 2594 2953 2652 2997; x_wconf 92' lang='lat' dir='ltr'><strong>ut</strong></span> <span class='ocrx_word' id='word_1_432' title='bbox 2694 2945 2971 2997; x_wconf 89' lang='lat' dir='ltr'><strong>imitemur</strong></span> <span class='ocrx_word' id='word_1_433' title='bbox 2999 2945 3275 3013; x_wconf 83' lang='lat' dir='ltr'><strong>eum,_qui</strong></span> <span class='ocrx_word' id='word_1_434' title='bbox 3313 2957 3505 3014; x_wconf 89' lang='lat' dir='ltr'><strong>sponte</strong></span> 
     </span>
    </p>
   </div>
   <div class='ocr_carea' id='block_1_61' title="bbox 1936 3031 3504 3106">
    <p class='ocr_par' dir='ltr' id='par_1_61' title="bbox 1936 3031 3504 3106">
     <span class='ocr_line' id='line_1_61' title="bbox 1936 3031 3504 3106; baseline 0 -17"><span class='ocrx_word' id='word_1_435' title='bbox 1936 3052 2030 3089; x_wconf 89' lang='lat' dir='ltr'><strong>sua</strong></span> <span class='ocrx_word' id='word_1_436' title='bbox 2070 3051 2275 3104; x_wconf 81' lang='lat' dir='ltr'><strong>egenus</strong></span> <span class='ocrx_word' id='word_1_437' title='bbox 2326 3035 2462 3100; x_wconf 86' lang='lat' dir='ltr'><strong>fuit,</strong></span> <span class='ocrx_word' id='word_1_438' title='bbox 2521 3036 2612 3104; x_wconf 88' lang='lat' dir='ltr'><strong>qtti</strong></span> <span class='ocrx_word' id='word_1_439' title='bbox 2653 3051 2779 3090; x_wconf 89' lang='lat' dir='ltr'><strong>vere</strong></span> <span class='ocrx_word' id='word_1_440' title='bbox 2824 3031 3013 3090; x_wconf 87' lang='lat' dir='ltr'><strong>beatus</strong></span> <span class='ocrx_word' id='word_1_441' title='bbox 3057 3043 3163 3097; x_wconf 91' lang='lat' dir='ltr'><strong>est,</strong></span> <span class='ocrx_word' id='word_1_442' title='bbox 3189 3045 3266 3093; x_wconf 88' lang='lat' dir='ltr'><strong>ut.</strong></span> <span class='ocrx_word' id='word_1_443' title='bbox 3309 3036 3365 3090; x_wconf 88' lang='lat' dir='ltr'><strong>in</strong></span> <span class='ocrx_word' id='word_1_444' title='bbox 3396 3051 3504 3106; x_wconf 86' lang='lat' dir='ltr'><strong>quo</strong></span> 
     </span>
    </p>
   </div>
   <div class='ocr_carea' id='block_1_62' title="bbox 1935 3125 3503 3196">
    <p class='ocr_par' dir='ltr' id='par_1_62' title="bbox 1935 3125 3503 3196">
     <span class='ocr_line' id='line_1_62' title="bbox 1935 3125 3503 3196; baseline 0.001 -17"><span class='ocrx_word' id='word_1_445' title='bbox 1935 3137 2246 3196; x_wconf 87' lang='lat' dir='ltr'><strong>possumus,</strong></span> <span class='ocrx_word' id='word_1_446' title='bbox 2275 3143 2371 3194; x_wconf 86' lang='lat' dir='ltr'><strong>pro</strong></span> <span class='ocrx_word' id='word_1_447' title='bbox 2404 3126 2544 3179; x_wconf 86' lang='lat' dir='ltr'><strong>virili</strong></span> <span class='ocrx_word' id='word_1_448' title='bbox 2583 3135 2767 3182; x_wconf 88' lang='lat' dir='ltr'><strong>nostra</strong></span> <span class='ocrx_word' id='word_1_449' title='bbox 2793 3135 2946 3196; x_wconf 90' lang='lat' dir='ltr'><strong>parte</strong></span> <span class='ocrx_word' id='word_1_450' title='bbox 2991 3125 3276 3180; x_wconf 90' lang='lat' dir='ltr'><strong>assimilati</strong></span> <span class='ocrx_word' id='word_1_451' title='bbox 3296 3167 3310 3190; x_wconf 93' lang='lat'><strong>,</strong></span> <span class='ocrx_word' id='word_1_452' title='bbox 3341 3141 3407 3180; x_wconf 78' lang='lat' dir='ltr'><strong>ex</strong></span> <span class='ocrx_word' id='word_1_453' title='bbox 3438 3141 3503 3181; x_wconf 88' lang='lat' dir='ltr'><strong>eo</strong></span> 
     </span>
    </p>
   </div>
   <div class='ocr_carea' id='block_1_63' title="bbox 1935 3217 3502 3296">
    <p class='ocr_par' dir='ltr' id='par_1_63' title="bbox 1935 3217 3502 3296">
     <span class='ocr_line' id='line_1_63' title="bbox 1935 3217 3502 3296; baseline 0.002 -29"><span class='ocrx_word' id='word_1_454' title='bbox 1935 3217 2075 3287; x_wconf 86' lang='lat' dir='ltr'><strong>quod</strong></span> <span class='ocrx_word' id='word_1_455' title='bbox 2129 3226 2316 3272; x_wconf 86' lang='lat' dir='ltr'><strong>nostra</strong></span> <span class='ocrx_word' id='word_1_456' title='bbox 2378 3219 2655 3272; x_wconf 81' lang='lat' dir='ltr'><strong>voluntate</strong></span> <span class='ocrx_word' id='word_1_457' title='bbox 2702 3219 2857 3288; x_wconf 76' lang='lat' dir='ltr'><strong>egeni</strong></span> <span class='ocrx_word' id='word_1_458' title='bbox 2900 3225 3272 3288; x_wconf 87' lang='lat' dir='ltr'><strong>paupertatem</strong></span> <span class='ocrx_word' id='word_1_459' title='bbox 3331 3221 3502 3296; x_wconf 83' lang='lat' dir='ltr'><strong>secuti</strong></span> 
     </span>
    </p>
   </div>
   <div class='ocr_carea' id='block_1_64' title="bbox 255 3283 1839 3384">
    <p class='ocr_par' dir='ltr' id='par_1_64' title="bbox 255 3309 1833 3384">
     <span class='ocr_line' id='line_1_64' title="bbox 255 3309 1833 3384; baseline 0.004 -22"><span class='ocrx_word' id='word_1_460' title='bbox 255 3309 491 3373; x_wconf 80' lang='grc' dir='ltr'>κτίσεως</span> <span class='ocrx_word' id='word_1_461' title='bbox 519 3310 719 3382; x_wconf 83' lang='grc' dir='ltr'>Κύριος</span> <span class='ocrx_word' id='word_1_462' title='bbox 763 3312 818 3365; x_wconf 85' lang='grc' dir='ltr'><strong>ὲν</strong></span> <span class='ocrx_word' id='word_1_463' title='bbox 857 3311 1104 3384; x_wconf 74' lang='grc' dir='ltr'>σπηλαίῳ</span> <span class='ocrx_word' id='word_1_464' title='bbox 1131 3314 1449 3380; x_wconf 83' lang='grc' dir='ltr'>κατάγεται·</span> <span class='ocrx_word' id='word_1_465' title='bbox 1473 3313 1500 3366; x_wconf 87' lang='lat'><strong>6</strong></span> <span class='ocrx_word' id='word_1_466' title='bbox 1523 3314 1616 3367; x_wconf 80' lang='grc' dir='ltr'>τοῦ</span> <span class='ocrx_word' id='word_1_467' title='bbox 1638 3316 1833 3380; x_wconf 83' lang='grc' dir='ltr'>παντὸς</span> 
     </span>
    </p>
   </div>
   <div class='ocr_carea' id='block_1_65' title="bbox 1937 3283 3506 3384">
    <p class='ocr_par' dir='ltr' id='par_1_65' title="bbox 1939 3297 3506 3372">
     <span class='ocr_line' id='line_1_65' title="bbox 1939 3297 3506 3372; baseline -0.001 -9"><span class='ocrx_word' id='word_1_468' title='bbox 1939 3310 2226 3372; x_wconf 76' lang='lat' dir='ltr'><strong>fuerimus,</strong></span> <span class='ocrx_word' id='word_1_469' title='bbox 2272 3311 2431 3364; x_wconf 90' lang='lat' dir='ltr'><strong>etiam</strong></span> <span class='ocrx_word' id='word_1_470' title='bbox 2464 3310 2820 3366; x_wconf 87' lang='lat' dir='ltr'><strong>beatitudinis</strong></span> <span class='ocrx_word' id='word_1_471' title='bbox 2850 3311 3287 3364; x_wconf 85' lang='lat' dir='ltr'><strong>communionem</strong></span> <span class='ocrx_word' id='word_1_472' title='bbox 3334 3297 3506 3363; x_wconf 81' lang='lat' dir='ltr'><strong>attra-</strong></span> 
     </span>
    </p>
   </div>
   <div class='ocr_carea' id='block_1_66' title="bbox 257 3401 1834 3476">
    <p class='ocr_par' dir='ltr' id='par_1_66' title="bbox 257 3401 1834 3476">
     <span class='ocr_line' id='line_1_66' title="bbox 257 3401 1834 3476; baseline 0.003 -22"><span class='ocrx_word' id='word_1_473' title='bbox 257 3401 750 3472; x_wconf 84' lang='grc' dir='ltr'>περιδεδραγμένος</span> <span class='ocrx_word' id='word_1_474' title='bbox 796 3404 893 3472; x_wconf 85' lang='grc' dir='ltr'><strong>οὐχ</strong></span> <span class='ocrx_word' id='word_1_475' title='bbox 934 3404 1172 3475; x_wconf 80' lang='grc' dir='ltr'>εὑρίσκει</span> <span class='ocrx_word' id='word_1_476' title='bbox 1205 3405 1365 3457; x_wconf 87' lang='grc' dir='ltr'>τόπον</span> <span class='ocrx_word' id='word_1_477' title='bbox 1397 3408 1454 3458; x_wconf 79' lang='grc' dir='ltr'><strong>έν</strong></span> <span class='ocrx_word' id='word_1_478' title='bbox 1492 3405 1566 3476; x_wconf 80' lang='grc' dir='ltr'><strong>τῷ</strong></span> <span class='ocrx_word' id='word_1_479' title='bbox 1601 3407 1834 3460; x_wconf 87' lang='grc' dir='ltr'>καταλύ-</span> 
     </span>
    </p>
   </div>
   <div class='ocr_carea' id='block_1_67' title="bbox 257 3489 1835 3567">
    <p class='ocr_par' dir='ltr' id='par_1_67' title="bbox 257 3489 1835 3567">
     <span class='ocr_line' id='line_1_67' title="bbox 257 3489 1835 3567; baseline 0.003 -25"><span class='ocrx_word' id='word_1_480' title='bbox 257 3507 417 3560; x_wconf 80' lang='grc' dir='ltr'>ματι,</span> <span class='ocrx_word' id='word_1_481' title='bbox 441 3489 554 3542; x_wconf 84' lang='grc' dir='ltr'>ἀλλ’</span> <span class='ocrx_word' id='word_1_482' title='bbox 575 3493 630 3542; x_wconf 86' lang='grc' dir='ltr'><strong>ὲν</strong></span> <span class='ocrx_word' id='word_1_483' title='bbox 650 3493 712 3561; x_wconf 83' lang='grc' dir='ltr'>τῇ</span> <span class='ocrx_word' id='word_1_484' title='bbox 733 3491 905 3562; x_wconf 80' lang='grc' dir='ltr'>φάτνῃ</span> <span class='ocrx_word' id='word_1_485' title='bbox 923 3492 1028 3545; x_wconf 85' lang='grc' dir='ltr'>τῶν</span> <span class='ocrx_word' id='word_1_486' title='bbox 1047 3492 1254 3561; x_wconf 81' lang='grc' dir='ltr'>ἀλόγων</span> <span class='ocrx_word' id='word_1_487' title='bbox 1277 3491 1428 3557; x_wconf 82' lang='grc' dir='ltr'>ζώων</span> <span class='ocrx_word' id='word_1_488' title='bbox 1449 3497 1835 3567; x_wconf 79' lang='grc' dir='ltr'>παραρῤιπτεϊ-</span> 
     </span>
    </p>
   </div>
   <div class='ocr_carea' id='block_1_68' title="bbox 254 3583 1834 3656">
    <p class='ocr_par' dir='ltr' id='par_1_68' title="bbox 254 3583 1834 3656">
     <span class='ocr_line' id='line_1_68' title="bbox 254 3583 1834 3656; baseline 0.003 -20"><span class='ocrx_word' id='word_1_489' title='bbox 254 3599 370 3638; x_wconf 79' lang='grc' dir='ltr'>ται·</span> <span class='ocrx_word' id='word_1_490' title='bbox 394 3586 422 3636; x_wconf 84' lang='grc' dir='ltr'>ὁ</span> <span class='ocrx_word' id='word_1_491' title='bbox 455 3583 692 3654; x_wconf 83' lang='grc' dir='ltr'>καθαρὸς</span> <span class='ocrx_word' id='word_1_492' title='bbox 713 3584 806 3636; x_wconf 76' lang='grc' dir='ltr'><strong>καὶ</strong></span> <span class='ocrx_word' id='word_1_493' title='bbox 827 3585 1120 3655; x_wconf 86' lang='grc' dir='ltr'>ἀκήρατος,</span> <span class='ocrx_word' id='word_1_494' title='bbox 1138 3584 1230 3638; x_wconf 84' lang='grc' dir='ltr'><strong>τὸν</strong></span> <span class='ocrx_word' id='word_1_495' title='bbox 1252 3586 1345 3656; x_wconf 79' lang='grc' dir='ltr'>τῆς</span> <span class='ocrx_word' id='word_1_496' title='bbox 1369 3587 1710 3656; x_wconf 82' lang='grc' dir='ltr'>ἀνθρωπίνης</span> <span class='ocrx_word' id='word_1_497' title='bbox 1733 3587 1834 3655; x_wconf 83' lang='grc' dir='ltr'>φύ-</span> 
     </span>
    </p>
   </div>
   <div class='ocr_carea' id='block_1_69' title="bbox 259 3675 1833 3748">
    <p class='ocr_par' dir='ltr' id='par_1_69' title="bbox 259 3675 1833 3748">
     <span class='ocr_line' id='line_1_69' title="bbox 259 3675 1833 3748; baseline 0.003 -20"><span class='ocrx_word' id='word_1_498' title='bbox 259 3692 400 3732; x_wconf 85' lang='grc' dir='ltr'>σεως</span> <span class='ocrx_word' id='word_1_499' title='bbox 425 3676 772 3744; x_wconf 79' lang='grc' dir='ltr'>καταδέχεται</span> <span class='ocrx_word' id='word_1_500' title='bbox 799 3675 987 3746; x_wconf 78' lang='grc' dir='ltr'>ῥύπον,</span> <span class='ocrx_word' id='word_1_501' title='bbox 1015 3679 1108 3730; x_wconf 78' lang='grc' dir='ltr'><strong>καὶ</strong></span> <span class='ocrx_word' id='word_1_502' title='bbox 1133 3678 1218 3730; x_wconf 79' lang='grc' dir='ltr'>διὰ</span> <span class='ocrx_word' id='word_1_503' title='bbox 1241 3678 1419 3747; x_wconf 88' lang='grc' dir='ltr'>πάσης</span> <span class='ocrx_word' id='word_1_504' title='bbox 1446 3678 1544 3746; x_wconf 83' lang='grc' dir='ltr'>τῆς</span> <span class='ocrx_word' id='word_1_505' title='bbox 1565 3680 1833 3748; x_wconf 85' lang='grc' dir='ltr'>πτωχείας</span> 
     </span>
    </p>
   </div>
   <div class='ocr_carea' id='block_1_70' title="bbox 250 3765 1836 3836">
    <p class='ocr_par' dir='ltr' id='par_1_70' title="bbox 250 3765 1836 3836">
     <span class='ocr_line' id='line_1_70' title="bbox 250 3765 1836 3836; baseline 0.002 -20"><span class='ocrx_word' id='word_1_506' title='bbox 250 3765 419 3834; x_wconf 76' lang='grc' dir='ltr'>ἡμῶν</span> <span class='ocrx_word' id='word_1_507' title='bbox 463 3765 744 3829; x_wconf 81' lang='grc' dir='ltr'>διεξελθὼν</span> <span class='ocrx_word' id='word_1_508' title='bbox 780 3765 939 3836; x_wconf 88' lang='grc' dir='ltr'>μέχρι</span> <span class='ocrx_word' id='word_1_509' title='bbox 977 3767 1075 3835; x_wconf 79' lang='grc' dir='ltr'><strong>τῆς</strong></span> <span class='ocrx_word' id='word_1_510' title='bbox 1099 3766 1190 3820; x_wconf 80' lang='grc' dir='ltr'>τοῦ</span> <span class='ocrx_word' id='word_1_511' title='bbox 1219 3767 1446 3820; x_wconf 88' lang='grc' dir='ltr'>θανάτου</span> <span class='ocrx_word' id='word_1_512' title='bbox 1478 3767 1686 3836; x_wconf 88' lang='grc' dir='ltr'>πρόεισι</span> <span class='ocrx_word' id='word_1_513' title='bbox 1720 3766 1836 3821; x_wconf 86' lang='grc' dir='ltr'>πεί-</span> 
     </span>
    </p>
   </div>
   <div class='ocr_carea' id='block_1_71' title="bbox 258 3857 1836 3931">
    <p class='ocr_par' dir='ltr' id='par_1_71' title="bbox 258 3857 1836 3931">
     <span class='ocr_line' id='line_1_71' title="bbox 258 3857 1836 3931; baseline 0.002 -20"><span class='ocrx_word' id='word_1_514' title='bbox 258 3875 381 3928; x_wconf 65' lang='grc' dir='ltr'>ρας.</span> <span class='ocrx_word' id='word_1_515' title='bbox 428 3857 618 3926; x_wconf 83' lang='grc' dir='ltr'>Ὁρᾶτε</span> <span class='ocrx_word' id='word_1_516' title='bbox 661 3857 760 3924; x_wconf 80' lang='grc' dir='ltr'>τῆς</span> <span class='ocrx_word' id='word_1_517' title='bbox 806 3857 1048 3909; x_wconf 77' lang='grc' dir='ltr'>ἑκουσίου</span> <span class='ocrx_word' id='word_1_518' title='bbox 1103 3859 1370 3926; x_wconf 87' lang='grc' dir='ltr'>πτωχείας</span> <span class='ocrx_word' id='word_1_519' title='bbox 1411 3859 1472 3911; x_wconf 75' lang='grc' dir='ltr'>τὸ</span> <span class='ocrx_word' id='word_1_520' title='bbox 1517 3860 1728 3931; x_wconf 82' lang='grc' dir='ltr'>μέτρον.</span> <span class='ocrx_word' id='word_1_521' title='bbox 1773 3860 1836 3914; x_wconf 82' lang='grc' dir='ltr'><em>Ἦ</em></span> 
     </span>
    </p>
   </div>
   <div class='ocr_carea' id='block_1_72' title="bbox 187 3932 1835 4020">
    <p class='ocr_par' dir='ltr' id='par_1_72' title="bbox 187 3932 1835 4020">
     <span class='ocr_line' id='line_1_72' title="bbox 187 3932 1835 4020; baseline 0.004 -21"><span class='ocrx_word' id='word_1_522' title='bbox 187 3932 190 3934; x_wconf 34' lang='grc'><em>’</em></span> <span class='ocrx_word' id='word_1_523' title='bbox 257 3949 377 4016; x_wconf 80' lang='grc' dir='ltr'>ζωὴ</span> <span class='ocrx_word' id='word_1_524' title='bbox 420 3947 646 4001; x_wconf 87' lang='grc' dir='ltr'>θανάτου</span> <span class='ocrx_word' id='word_1_525' title='bbox 669 3947 906 4014; x_wconf 86' lang='grc' dir='ltr'>γεύεται·</span> <span class='ocrx_word' id='word_1_526' title='bbox 929 3950 957 4000; x_wconf 92' lang='lat'><strong>6</strong></span> <span class='ocrx_word' id='word_1_527' title='bbox 985 3949 1186 4018; x_wconf 77' lang='grc' dir='ltr'>Κριτὴς</span> <span class='ocrx_word' id='word_1_528' title='bbox 1212 3950 1289 4011; x_wconf 86' lang='grc' dir='ltr'><strong>είς</strong></span> <span class='ocrx_word' id='word_1_529' title='bbox 1317 3951 1598 4020; x_wconf 80' lang='grc' dir='ltr'>κριτήριον</span> <span class='ocrx_word' id='word_1_530' title='bbox 1625 3952 1835 4019; x_wconf 83' lang='grc' dir='ltr'>ἄγεται·</span> 
     </span>
    </p>
   </div>
   <div class='ocr_carea' id='block_1_73' title="bbox 251 4039 1838 4111">
    <p class='ocr_par' dir='ltr' id='par_1_73' title="bbox 251 4039 1838 4111">
     <span class='ocr_line' id='line_1_73' title="bbox 251 4039 1838 4111; baseline 0.004 -22"><span class='ocrx_word' id='word_1_531' title='bbox 251 4041 287 4090; x_wconf 71' lang='grc' dir='ltr'>ὁ</span> <span class='ocrx_word' id='word_1_532' title='bbox 317 4044 415 4109; x_wconf 82' lang='grc' dir='ltr'>τῆς</span> <span class='ocrx_word' id='word_1_533' title='bbox 444 4039 587 4111; x_wconf 79' lang='grc' dir='ltr'>ζωῆς</span> <span class='ocrx_word' id='word_1_534' title='bbox 628 4040 734 4092; x_wconf 83' lang='grc' dir='ltr'><strong>τῶν</strong></span> <span class='ocrx_word' id='word_1_535' title='bbox 769 4039 936 4092; x_wconf 72' lang='grc' dir='ltr'>ὄντων</span> <span class='ocrx_word' id='word_1_536' title='bbox 967 4039 1171 4110; x_wconf 83' lang='grc' dir='ltr'>Κύριος</span> <span class='ocrx_word' id='word_1_537' title='bbox 1229 4040 1322 4092; x_wconf 73' lang='grc' dir='ltr'><strong>ἐπὶ</strong></span> <span class='ocrx_word' id='word_1_538' title='bbox 1347 4043 1409 4111; x_wconf 84' lang='grc' dir='ltr'>τῇ</span> <span class='ocrx_word' id='word_1_539' title='bbox 1441 4041 1605 4111; x_wconf 72' lang='grc' dir='ltr'><strong>ψήφῳ</strong></span> <span class='ocrx_word' id='word_1_540' title='bbox 1633 4043 1724 4094; x_wconf 81' lang='grc' dir='ltr'>τοῦ</span> <span class='ocrx_word' id='word_1_541' title='bbox 1758 4044 1838 4096; x_wconf 83' lang='grc' dir='ltr'>δι-</span> 
     </span>
    </p>
   </div>
   <div class='ocr_carea' id='block_1_74' title="bbox 254 4129 1840 4202">
    <p class='ocr_par' dir='ltr' id='par_1_74' title="bbox 254 4129 1840 4202">
     <span class='ocr_line' id='line_1_74' title="bbox 254 4129 1840 4202; baseline 0.002 -18"><span class='ocrx_word' id='word_1_542' title='bbox 254 4132 519 4196; x_wconf 75' lang='grc' dir='ltr'>κάζοντος</span> <span class='ocrx_word' id='word_1_543' title='bbox 541 4133 767 4200; x_wconf 90' lang='grc' dir='ltr'>γίνεται·</span> <span class='ocrx_word' id='word_1_544' title='bbox 796 4133 824 4184; x_wconf 88' lang='lat'><strong>6</strong></span> <span class='ocrx_word' id='word_1_545' title='bbox 855 4133 1034 4202; x_wconf 81' lang='grc' dir='ltr'>πάσης</span> <span class='ocrx_word' id='word_1_546' title='bbox 1055 4129 1150 4202; x_wconf 79' lang='grc' dir='ltr'>τῆς</span> <span class='ocrx_word' id='word_1_547' title='bbox 1174 4133 1274 4184; x_wconf 75' lang='grc' dir='ltr'><strong>ύπε</strong></span> <span class='ocrx_word' id='word_1_548' title='bbox 1285 4133 1540 4200; x_wconf 85' lang='grc' dir='ltr'>ρκοσμίου</span> <span class='ocrx_word' id='word_1_549' title='bbox 1559 4133 1840 4202; x_wconf 78' lang='grc' dir='ltr'>δυνάμεως</span> 
     </span>
    </p>
   </div>
   <div class='ocr_carea' id='block_1_75' title="bbox 256 4223 1834 4296">
    <p class='ocr_par' dir='ltr' id='par_1_75' title="bbox 256 4223 1834 4296">
     <span class='ocr_line' id='line_1_75' title="bbox 256 4223 1834 4296; baseline 0.003 -20"><span class='ocrx_word' id='word_1_550' title='bbox 256 4224 526 4286; x_wconf 75' lang='grc' dir='ltr'>Βασιλεὺς</span> <span class='ocrx_word' id='word_1_551' title='bbox 587 4223 684 4287; x_wconf 85' lang='grc' dir='ltr'>τὰς</span> <span class='ocrx_word' id='word_1_552' title='bbox 735 4223 843 4276; x_wconf 83' lang='grc' dir='ltr'><strong>τῶν</strong></span> <span class='ocrx_word' id='word_1_553' title='bbox 890 4224 1096 4295; x_wconf 80' lang='grc' dir='ltr'>δημίων</span> <span class='ocrx_word' id='word_1_554' title='bbox 1146 4225 1246 4277; x_wconf 85' lang='grc' dir='ltr'><strong>οὐκ</strong></span> <span class='ocrx_word' id='word_1_555' title='bbox 1296 4224 1589 4277; x_wconf 77' lang='grc' dir='ltr'>ἀπωθεῖται</span> <span class='ocrx_word' id='word_1_556' title='bbox 1628 4228 1834 4296; x_wconf 88' lang='grc' dir='ltr'>χεῖρας.</span> 
     </span>
    </p>
   </div>
   <div class='ocr_carea' id='block_1_76' title="bbox 257 4315 1837 4387">
    <p class='ocr_par' dir='ltr' id='par_1_76' title="bbox 257 4315 1837 4387">
     <span class='ocr_line' id='line_1_76' title="bbox 257 4315 1837 4387; baseline 0.001 -19"><span class='ocrx_word' id='word_1_557' title='bbox 257 4317 408 4386; x_wconf 77' lang='grc' dir='ltr'>Πρὸς</span> <span class='ocrx_word' id='word_1_558' title='bbox 432 4315 585 4368; x_wconf 80' lang='grc' dir='ltr'>τοῦτό</span> <span class='ocrx_word' id='word_1_559' title='bbox 629 4331 730 4380; x_wconf 85' lang='grc' dir='ltr'>σοι,</span> <span class='ocrx_word' id='word_1_560' title='bbox 765 4316 915 4385; x_wconf 64' lang='grc' dir='ltr'>φησι,</span> <span class='ocrx_word' id='word_1_561' title='bbox 946 4316 1007 4368; x_wconf 83' lang='grc' dir='ltr'><strong>τὸ</strong></span> <span class='ocrx_word' id='word_1_562' title='bbox 1042 4316 1440 4386; x_wconf 83' lang='grc' dir='ltr'>ύπόδειγμα,τδ</span> <span class='ocrx_word' id='word_1_563' title='bbox 1464 4317 1560 4387; x_wconf 81' lang='grc' dir='ltr'><strong>τῆς</strong></span> <span class='ocrx_word' id='word_1_564' title='bbox 1584 4334 1837 4370; x_wconf 84' lang='grc' dir='ltr'>ταπεινο-</span> 
     </span>
    </p>
   </div>
   <div class='ocr_carea' id='block_1_77' title="bbox 258 4401 1063 4477">
    <p class='ocr_par' dir='ltr' id='par_1_77' title="bbox 258 4401 1063 4477">
     <span class='ocr_line' id='line_1_77' title="bbox 258 4401 1063 4477; baseline 0.007 -23"><span class='ocrx_word' id='word_1_565' title='bbox 258 4401 537 4474; x_wconf 83' lang='grc' dir='ltr'>φροσύνης</span> <span class='ocrx_word' id='word_1_566' title='bbox 572 4404 813 4474; x_wconf 77' lang='grc' dir='ltr'>βλεπέτω</span> <span class='ocrx_word' id='word_1_567' title='bbox 845 4406 1063 4477; x_wconf 84' lang='grc' dir='ltr'>μέτρον.</span> 
     </span>
    </p>
   </div>
   <div class='ocr_carea' id='block_1_78' title="bbox 1940 3389 3502 3472">
    <p class='ocr_par' dir='ltr' id='par_1_78' title="bbox 1940 3389 3502 3472">
     <span class='ocr_line' id='line_1_78' title="bbox 1940 3389 3502 3472; baseline -0.001 -19"><span class='ocrx_word' id='word_1_568' title='bbox 1940 3403 2131 3454; x_wconf 89' lang='lat' dir='ltr'><strong>bamus</strong></span> <span class='ocrx_word' id='word_1_569' title='bbox 2177 3411 2229 3454; x_wconf 90' lang='lat' dir='ltr'><strong>et</strong></span> <span class='ocrx_word' id='word_1_570' title='bbox 2281 3404 2636 3457; x_wconf 85' lang='lat' dir='ltr'><strong>aseiscamus.</strong></span> <span class='ocrx_word' id='word_1_571' title='bbox 2691 3401 2804 3455; x_wconf 87' lang='lat' dir='ltr'><strong>lloc</strong></span> <span class='ocrx_word' id='word_1_572' title='bbox 2850 3403 2987 3455; x_wconf 85' lang='lat' dir='ltr'><strong>enim</strong></span> <span class='ocrx_word' id='word_1_573' title='bbox 3041 3389 3255 3472; x_wconf 82' lang='lat' dir='ltr'><strong>quisque</strong></span> <span class='ocrx_word' id='word_1_574' title='bbox 3296 3389 3502 3463; x_wconf 79' lang='lat' dir='ltr'><strong>sentiet,</strong></span> 
     </span>
    </p>
   </div>
   <div class='ocr_carea' id='block_1_79' title="bbox 1938 3489 3502 3560">
    <p class='ocr_par' dir='ltr' id='par_1_79' title="bbox 1938 3489 3502 3560">
     <span class='ocr_line' id='line_1_79' title="bbox 1938 3489 3502 3560; baseline -0.001 -18"><span class='ocrx_word' id='word_1_575' title='bbox 1938 3490 2130 3559; x_wconf 84' lang='lat' dir='ltr'><strong>inquit,</strong></span> <span class='ocrx_word' id='word_1_576' title='bbox 2174 3491 2309 3542; x_wconf 87' lang='lat' dir='ltr'><strong>inter</strong></span> <span class='ocrx_word' id='word_1_577' title='bbox 2339 3507 2445 3553; x_wconf 87' lang='lat' dir='ltr'><strong>vos,</strong></span> <span class='ocrx_word' id='word_1_578' title='bbox 2485 3493 2623 3560; x_wconf 85' lang='lat' dir='ltr'><strong>quod</strong></span> <span class='ocrx_word' id='word_1_579' title='bbox 2655 3502 2702 3544; x_wconf 83' lang='lat' dir='ltr'><strong>et</strong></span> <span class='ocrx_word' id='word_1_580' title='bbox 2752 3493 2802 3543; x_wconf 84' lang='lat' dir='ltr'><strong>in</strong></span> <span class='ocrx_word' id='word_1_581' title='bbox 2831 3489 3042 3546; x_wconf 80' lang='lat' dir='ltr'><strong>Christo</strong></span> <span class='ocrx_word' id='word_1_582' title='bbox 3075 3489 3204 3544; x_wconf 84' lang='lat' dir='ltr'><strong>Jesu</strong></span> <span class='ocrx_word' id='word_1_583' title='bbox 3228 3507 3244 3543; x_wconf 91' lang='lat'><em>:</em></span> <span class='ocrx_word' id='word_1_584' title='bbox 3270 3491 3358 3560; x_wconf 85' lang='lat' dir='ltr'><strong>qui</strong></span> <span class='ocrx_word' id='word_1_585' title='bbox 3387 3508 3502 3543; x_wconf 83' lang='lat' dir='ltr'><strong>cum</strong></span> 
     </span>
    </p>
   </div>
   <div class='ocr_carea' id='block_1_80' title="bbox 1936 3581 3505 3649">
    <p class='ocr_par' dir='ltr' id='par_1_80' title="bbox 1936 3581 3505 3649">
     <span class='ocr_line' id='line_1_80' title="bbox 1936 3581 3505 3649; baseline -0.001 -16"><span class='ocrx_word' id='word_1_586' title='bbox 1936 3590 2067 3633; x_wconf 85' lang='lat' dir='ltr'><strong>esset</strong></span> <span class='ocrx_word' id='word_1_587' title='bbox 2118 3583 2170 3632; x_wconf 85' lang='lat' dir='ltr'><strong>in</strong></span> <span class='ocrx_word' id='word_1_588' title='bbox 2217 3581 2390 3645; x_wconf 76' lang='lat' dir='ltr'><strong>forma</strong></span> <span class='ocrx_word' id='word_1_589' title='bbox 2454 3581 2579 3644; x_wconf 87' lang='lat' dir='ltr'><strong>Dei,</strong></span> <span class='ocrx_word' id='word_1_590' title='bbox 2636 3599 2739 3634; x_wconf 86' lang='lat' dir='ltr'><strong>non</strong></span> <span class='ocrx_word' id='word_1_591' title='bbox 2798 3583 3038 3649; x_wconf 84' lang='lat' dir='ltr'><strong>rapinam</strong></span> <span class='ocrx_word' id='word_1_592' title='bbox 3093 3583 3384 3633; x_wconf 79' lang='lat' dir='ltr'><strong>arbitratus</strong></span> <span class='ocrx_word' id='word_1_593' title='bbox 3430 3591 3505 3632; x_wconf 53' lang='lat' dir='ltr'><strong>est</strong></span> 
     </span>
    </p>
   </div>
   <div class='ocr_carea' id='block_1_81' title="bbox 1937 3672 3498 3743">
    <p class='ocr_par' dir='ltr' id='par_1_81' title="bbox 1937 3672 3498 3743">
     <span class='ocr_line' id='line_1_81' title="bbox 1937 3672 3498 3743; baseline 0 -19"><span class='ocrx_word' id='word_1_594' title='bbox 1937 3673 2071 3741; x_wconf 85' lang='lat' dir='ltr'><strong>quod</strong></span> <span class='ocrx_word' id='word_1_595' title='bbox 2112 3672 2216 3726; x_wconf 88' lang='lat' dir='ltr'><strong>Deo</strong></span> <span class='ocrx_word' id='word_1_596' title='bbox 2248 3688 2346 3741; x_wconf 86' lang='lat' dir='ltr'><strong>par</strong></span> <span class='ocrx_word' id='word_1_597' title='bbox 2367 3683 2414 3726; x_wconf 81' lang='lat' dir='ltr'><strong>et</strong></span> <span class='ocrx_word' id='word_1_598' title='bbox 2446 3674 2664 3742; x_wconf 77' lang='lat' dir='ltr'><strong>wqualis</strong></span> <span class='ocrx_word' id='word_1_599' title='bbox 2688 3683 2821 3727; x_wconf 76' lang='lat' dir='ltr'><strong>esset</strong></span> <span class='ocrx_word' id='word_1_600' title='bbox 2847 3690 2864 3727; x_wconf 91' lang='lat'><strong><em>:</em></strong></span> <span class='ocrx_word' id='word_1_601' title='bbox 2897 3675 2985 3727; x_wconf 83' lang='lat' dir='ltr'><strong>sed</strong></span> <span class='ocrx_word' id='word_1_602' title='bbox 3012 3673 3184 3743; x_wconf 82' lang='lat' dir='ltr'><strong>forma</strong></span> <span class='ocrx_word' id='word_1_603' title='bbox 3206 3675 3336 3730; x_wconf 75' lang='lat' dir='ltr'><strong>servi</strong></span> <span class='ocrx_word' id='word_1_604' title='bbox 3363 3691 3498 3726; x_wconf 75' lang='lat' dir='ltr'><strong>sum-</strong></span> 
     </span>
    </p>
   </div>
   <div class='ocr_carea' id='block_1_82' title="bbox 1934 3747 3507 3834">
    <p class='ocr_par' dir='ltr' id='par_1_82' title="bbox 1934 3751 3507 3834">
     <span class='ocr_line' id='line_1_82' title="bbox 1934 3751 3507 3834; baseline -0.002 -18"><span class='ocrx_word' id='word_1_605' title='bbox 1934 3775 2023 3833; x_wconf 85' lang='lat' dir='ltr'><strong>pta</strong></span> <span class='ocrx_word' id='word_1_606' title='bbox 2075 3767 2301 3832; x_wconf 81' lang='lat' dir='ltr'><strong>seipsnm</strong></span> <span class='ocrx_word' id='word_1_607' title='bbox 2351 3767 2728 3819; x_wconf 71' lang='lat' dir='ltr'><strong>exinanieit&quot;.</strong></span> <span class='ocrx_word' id='word_1_608' title='bbox 2794 3763 2997 3834; x_wconf 74' lang='lat' dir='ltr'><strong>Ecmtid</strong></span> <span class='ocrx_word' id='word_1_609' title='bbox 3072 3766 3242 3834; x_wconf 80' lang='lat' dir='ltr'><strong>magis</strong></span> <span class='ocrx_word' id='word_1_610' title='bbox 3299 3765 3352 3818; x_wconf 91' lang='lat' dir='ltr'><strong>in</strong></span> <span class='ocrx_word' id='word_1_611' title='bbox 3401 3751 3507 3816; x_wconf 56' lang='lat' dir='ltr'><strong>om.</strong></span> 
     </span>
    </p>
   </div>
   <div class='ocr_carea' id='block_1_83' title="bbox 1937 3839 3504 3926">
    <p class='ocr_par' dir='ltr' id='par_1_83' title="bbox 1937 3857 3504 3926">
     <span class='ocr_line' id='line_1_83' title="bbox 1937 3857 3504 3926; baseline -0.003 -16"><span class='ocrx_word' id='word_1_612' title='bbox 1937 3857 2268 3920; x_wconf 84' lang='lat' dir='ltr'><strong>mendicum,</strong></span> <span class='ocrx_word' id='word_1_613' title='bbox 2299 3874 2462 3926; x_wconf 86' lang='lat' dir='ltr'><strong>quam</strong></span> <span class='ocrx_word' id='word_1_614' title='bbox 2503 3857 2677 3910; x_wconf 91' lang='lat' dir='ltr'><strong>forma</strong></span> <span class='ocrx_word' id='word_1_615' title='bbox 2713 3857 2893 3911; x_wconf 84' lang='lat' dir='ltr'><strong>servi?</strong></span> <span class='ocrx_word' id='word_1_616' title='bbox 2929 3857 3059 3925; x_wconf 89' lang='lat' dir='ltr'><strong>quid</strong></span> <span class='ocrx_word' id='word_1_617' title='bbox 3092 3858 3144 3908; x_wconf 91' lang='lat' dir='ltr'><strong>in</strong></span> <span class='ocrx_word' id='word_1_618' title='bbox 3179 3871 3301 3924; x_wconf 76' lang='lat' dir='ltr'><strong>rege</strong></span> <span class='ocrx_word' id='word_1_619' title='bbox 3323 3870 3504 3907; x_wconf 86' lang='lat' dir='ltr'><strong>rerum</strong></span> 
     </span>
    </p>
   </div>
   <div class='ocr_carea' id='block_1_84' title="bbox 1938 3946 3504 4018">
    <p class='ocr_par' dir='ltr' id='par_1_84' title="bbox 1938 3946 3504 4018">
     <span class='ocr_line' id='line_1_84' title="bbox 1938 3946 3504 4018; baseline -0.003 -16"><span class='ocrx_word' id='word_1_620' title='bbox 1938 3950 2311 4002; x_wconf 84' lang='lat' dir='ltr'><strong>universarum</strong></span> <span class='ocrx_word' id='word_1_621' title='bbox 2363 3949 2661 4011; x_wconf 89' lang='lat' dir='ltr'><strong>humilius,</strong></span> <span class='ocrx_word' id='word_1_622' title='bbox 2736 3964 2900 4018; x_wconf 86' lang='lat' dir='ltr'><strong>quam</strong></span> <span class='ocrx_word' id='word_1_623' title='bbox 2957 3948 3009 4000; x_wconf 89' lang='lat' dir='ltr'><strong>in</strong></span> <span class='ocrx_word' id='word_1_624' title='bbox 3067 3946 3504 3999; x_wconf 76' lang='lat' dir='ltr'><strong>communionem</strong></span> 
     </span>
    </p>
   </div>
   <div class='ocr_carea' id='block_1_85' title="bbox 1939 4031 3505 4109">
    <p class='ocr_par' dir='ltr' id='par_1_85' title="bbox 1939 4031 3505 4109">
     <span class='ocr_line' id='line_1_85' title="bbox 1939 4031 3505 4109; baseline -0.004 -15"><span class='ocrx_word' id='word_1_625' title='bbox 1939 4041 2119 4109; x_wconf 90' lang='lat' dir='ltr'><strong>inopis</strong></span> <span class='ocrx_word' id='word_1_626' title='bbox 2168 4055 2231 4093; x_wconf 89' lang='lat' dir='ltr'><strong>ac</strong></span> <span class='ocrx_word' id='word_1_627' title='bbox 2283 4033 2548 4094; x_wconf 69' lang='lat' dir='ltr'><strong>mendica:</strong></span> <span class='ocrx_word' id='word_1_628' title='bbox 2593 4048 2792 4092; x_wconf 66' lang='lat' dir='ltr'><strong>nostrae</strong></span> <span class='ocrx_word' id='word_1_629' title='bbox 2832 4048 3036 4090; x_wconf 71' lang='lat' dir='ltr'><strong>natum</strong></span> <span class='ocrx_word' id='word_1_630' title='bbox 3087 4035 3343 4088; x_wconf 76' lang='lat' dir='ltr'><strong>venisse?</strong></span> <span class='ocrx_word' id='word_1_631' title='bbox 3393 4031 3505 4088; x_wconf 79' lang='lat' dir='ltr'><strong>Rex</strong></span> 
     </span>
    </p>
   </div>
   <div class='ocr_carea' id='block_1_86' title="bbox 1947 4128 3503 4201">
    <p class='ocr_par' dir='ltr' id='par_1_86' title="bbox 1947 4128 3503 4201">
     <span class='ocr_line' id='line_1_86' title="bbox 1947 4128 3503 4201; baseline -0.004 -16"><span class='ocrx_word' id='word_1_632' title='bbox 1947 4132 2312 4201; x_wconf 78' lang='lat' dir='ltr'><strong>regnantium,</strong></span> <span class='ocrx_word' id='word_1_633' title='bbox 2357 4139 2410 4185; x_wconf 91' lang='lat' dir='ltr'><strong>ct</strong></span> <span class='ocrx_word' id='word_1_634' title='bbox 2451 4130 2713 4184; x_wconf 85' lang='lat' dir='ltr'><strong>Dominus</strong></span> <span class='ocrx_word' id='word_1_635' title='bbox 2742 4128 3141 4182; x_wconf 88' lang='lat' dir='ltr'><strong>dominantium</strong></span> <span class='ocrx_word' id='word_1_636' title='bbox 3179 4135 3371 4195; x_wconf 91' lang='lat' dir='ltr'><strong>sponte</strong></span> <span class='ocrx_word' id='word_1_637' title='bbox 3407 4141 3503 4178; x_wconf 85' lang='lat' dir='ltr'><strong>sua</strong></span> 
     </span>
    </p>
   </div>
   <div class='ocr_carea' id='block_1_87' title="bbox 1945 4217 3507 4285">
    <p class='ocr_par' dir='ltr' id='par_1_87' title="bbox 1945 4217 3507 4285">
     <span class='ocr_line' id='line_1_87' title="bbox 1945 4217 3507 4285; baseline -0.008 -6"><span class='ocrx_word' id='word_1_638' title='bbox 1945 4225 2174 4279; x_wconf 88' lang='lat' dir='ltr'><strong>formam</strong></span> <span class='ocrx_word' id='word_1_639' title='bbox 2220 4223 2502 4278; x_wconf 85' lang='lat' dir='ltr'><strong>servitutis</strong></span> <span class='ocrx_word' id='word_1_640' title='bbox 2545 4221 2757 4285; x_wconf 89' lang='lat' dir='ltr'><strong>induit;</strong></span> <span class='ocrx_word' id='word_1_641' title='bbox 2789 4219 2961 4274; x_wconf 81' lang='lat' dir='ltr'><strong>Judex</strong></span> <span class='ocrx_word' id='word_1_642' title='bbox 3001 4233 3182 4273; x_wconf 91' lang='lat' dir='ltr'><strong>rerum</strong></span> <span class='ocrx_word' id='word_1_643' title='bbox 3225 4217 3507 4270; x_wconf 87' lang='lat' dir='ltr'><strong>universa-</strong></span> 
     </span>
    </p>
   </div>
   <div class='ocr_carea' id='block_1_88' title="bbox 1944 4308 3505 4386">
    <p class='ocr_par' dir='ltr' id='par_1_88' title="bbox 1944 4308 3505 4386">
     <span class='ocr_line' id='line_1_88' title="bbox 1944 4308 3505 4386; baseline -0.007 -14"><span class='ocrx_word' id='word_1_644' title='bbox 1944 4333 2063 4371; x_wconf 85' lang='lat' dir='ltr'><strong>rum</strong></span> <span class='ocrx_word' id='word_1_645' title='bbox 2111 4315 2452 4386; x_wconf 88' lang='lat' dir='ltr'><strong>principibus</strong></span> <span class='ocrx_word' id='word_1_646' title='bbox 2482 4313 2807 4367; x_wconf 83' lang='lat' dir='ltr'><strong>tributarius</strong></span> <span class='ocrx_word' id='word_1_647' title='bbox 2834 4311 3080 4373; x_wconf 64' lang='lat' dir='ltr'><strong>exsistit;</strong></span> <span class='ocrx_word' id='word_1_648' title='bbox 3106 4319 3368 4366; x_wconf 72' lang='lat' dir='ltr'><strong>creatura:</strong></span> <span class='ocrx_word' id='word_1_649' title='bbox 3400 4308 3505 4362; x_wconf 90' lang='lat' dir='ltr'><strong>Do-</strong></span> 
     </span>
    </p>
   </div>
   <div class='ocr_carea' id='block_1_89' title="bbox 1947 4401 3508 4474">
    <p class='ocr_par' dir='ltr' id='par_1_89' title="bbox 1947 4401 3508 4474">
     <span class='ocr_line' id='line_1_89' title="bbox 1947 4401 3508 4474; baseline -0.006 -14"><span class='ocrx_word' id='word_1_650' title='bbox 1947 4407 2128 4461; x_wconf 86' lang='lat' dir='ltr'><strong>minus</strong></span> <span class='ocrx_word' id='word_1_651' title='bbox 2161 4405 2215 4460; x_wconf 90' lang='lat' dir='ltr'><strong>in</strong></span> <span class='ocrx_word' id='word_1_652' title='bbox 2258 4404 2516 4474; x_wconf 89' lang='lat' dir='ltr'><strong>spelunca</strong></span> <span class='ocrx_word' id='word_1_653' title='bbox 2559 4403 2868 4458; x_wconf 79' lang='lat' dir='ltr'><strong>diversatur</strong></span> <span class='ocrx_word' id='word_1_654' title='bbox 2902 4420 2914 4454; x_wconf 91' lang='lat'>:</span> <span class='ocrx_word' id='word_1_655' title='bbox 2948 4403 3038 4470; x_wconf 91' lang='lat' dir='ltr'><strong>qui</strong></span> <span class='ocrx_word' id='word_1_656' title='bbox 3075 4401 3333 4454; x_wconf 89' lang='lat' dir='ltr'><strong>mundum</strong></span> <span class='ocrx_word' id='word_1_657' title='bbox 3382 4401 3508 4452; x_wconf 86' lang='lat' dir='ltr'><strong>uni-</strong></span> 
     </span>
    </p>
   </div>
   <div class='ocr_carea' id='block_1_90' title="bbox 256 4496 3507 4570">
    <p class='ocr_par' dir='ltr' id='par_1_90' title="bbox 256 4496 3507 4570">
     <span class='ocr_line' id='line_1_90' title="bbox 256 4496 3507 4570; baseline -0 -23"><span class='ocrx_word' id='word_1_658' title='bbox 256 4512 485 4552; x_wconf 83' lang='lat' dir='ltr'><strong>versum</strong></span> <span class='ocrx_word' id='word_1_659' title='bbox 551 4501 871 4570; x_wconf 84' lang='lat' dir='ltr'><strong>complexus</strong></span> <span class='ocrx_word' id='word_1_660' title='bbox 915 4510 1021 4561; x_wconf 89' lang='lat' dir='ltr'><strong>est,</strong></span> <span class='ocrx_word' id='word_1_661' title='bbox 1073 4515 1178 4553; x_wconf 91' lang='lat' dir='ltr'><strong>non</strong></span> <span class='ocrx_word' id='word_1_662' title='bbox 1227 4499 1436 4556; x_wconf 88' lang='lat' dir='ltr'><strong>invenit</strong></span> <span class='ocrx_word' id='word_1_663' title='bbox 1476 4501 1653 4556; x_wconf 90' lang='lat' dir='ltr'><strong>locum</strong></span> <span class='ocrx_word' id='word_1_664' title='bbox 1735 4501 1789 4556; x_wconf 89' lang='lat' dir='ltr'><strong>in</strong></span> <span class='ocrx_word' id='word_1_665' title='bbox 1865 4501 2198 4564; x_wconf 89' lang='lat' dir='ltr'><strong>diversorio,</strong></span> <span class='ocrx_word' id='word_1_666' title='bbox 2261 4501 2355 4555; x_wconf 89' lang='lat' dir='ltr'><strong>sed</strong></span> <span class='ocrx_word' id='word_1_667' title='bbox 2414 4500 2466 4554; x_wconf 90' lang='lat' dir='ltr'><strong>in</strong></span> <span class='ocrx_word' id='word_1_668' title='bbox 2531 4497 2795 4569; x_wconf 71' lang='lat' dir='ltr'><strong>prarsrpio</strong></span> <span class='ocrx_word' id='word_1_669' title='bbox 2839 4497 3120 4551; x_wconf 89' lang='lat' dir='ltr'><strong>brutorum</strong></span> <span class='ocrx_word' id='word_1_670' title='bbox 3195 4496 3507 4548; x_wconf 88' lang='lat' dir='ltr'><strong>animalium</strong></span> 
     </span>
    </p>
   </div>
   <div class='ocr_carea' id='block_1_91' title="bbox 257 4594 3506 4666">
    <p class='ocr_par' dir='ltr' id='par_1_91' title="bbox 257 4594 3506 4666">
     <span class='ocr_line' id='line_1_91' title="bbox 257 4594 3506 4666; baseline -0.002 -20"><span class='ocrx_word' id='word_1_671' title='bbox 257 4594 762 4666; x_wconf 83' lang='lat' dir='ltr'><strong>abjiciturzpurus</strong></span> <span class='ocrx_word' id='word_1_672' title='bbox 814 4598 903 4651; x_wconf 87' lang='lat' dir='ltr'><strong>ille</strong></span> <span class='ocrx_word' id='word_1_673' title='bbox 934 4610 986 4652; x_wconf 91' lang='lat' dir='ltr'><strong>et</strong></span> <span class='ocrx_word' id='word_1_674' title='bbox 1031 4599 1385 4666; x_wconf 88' lang='lat' dir='ltr'><strong>incorruptus</strong></span> <span class='ocrx_word' id='word_1_675' title='bbox 1435 4598 1688 4652; x_wconf 77' lang='lat' dir='ltr'><strong>humana:</strong></span> <span class='ocrx_word' id='word_1_676' title='bbox 1737 4607 1950 4654; x_wconf 68' lang='lat' dir='ltr'><strong>natura:</strong></span> <span class='ocrx_word' id='word_1_677' title='bbox 2022 4599 2215 4654; x_wconf 89' lang='lat' dir='ltr'><strong>sordes</strong></span> <span class='ocrx_word' id='word_1_678' title='bbox 2286 4613 2394 4651; x_wconf 91' lang='lat' dir='ltr'><strong>non</strong></span> <span class='ocrx_word' id='word_1_679' title='bbox 2453 4597 2680 4665; x_wconf 83' lang='lat' dir='ltr'><strong>respuit,</strong></span> <span class='ocrx_word' id='word_1_680' title='bbox 2753 4610 2814 4648; x_wconf 89' lang='lat' dir='ltr'><strong>ac</strong></span> <span class='ocrx_word' id='word_1_681' title='bbox 2861 4608 2954 4662; x_wconf 84' lang='lat' dir='ltr'><strong>per</strong></span> <span class='ocrx_word' id='word_1_682' title='bbox 2992 4607 3204 4644; x_wconf 90' lang='lat' dir='ltr'><strong>omnem</strong></span> <span class='ocrx_word' id='word_1_683' title='bbox 3268 4599 3506 4644; x_wconf 89' lang='lat' dir='ltr'><strong>nostram</strong></span> 
     </span>
    </p>
   </div>
   <div class='ocr_carea' id='block_1_92' title="bbox 260 4681 3510 4760">
    <p class='ocr_par' dir='ltr' id='par_1_92' title="bbox 260 4681 3510 4760">
     <span class='ocr_line' id='line_1_92' title="bbox 260 4681 3510 4760; baseline -0.003 -17"><span class='ocrx_word' id='word_1_684' title='bbox 260 4688 668 4744; x_wconf 86' lang='lat' dir='ltr'><strong>mendicitatem</strong></span> <span class='ocrx_word' id='word_1_685' title='bbox 702 4700 1010 4757; x_wconf 86' lang='lat' dir='ltr'><strong>penetrans,</strong></span> <span class='ocrx_word' id='word_1_686' title='bbox 1064 4705 1236 4757; x_wconf 85' lang='lat' dir='ltr'><strong>usque</strong></span> <span class='ocrx_word' id='word_1_687' title='bbox 1283 4688 1351 4742; x_wconf 89' lang='lat' dir='ltr'><strong>ad</strong></span> <span class='ocrx_word' id='word_1_688' title='bbox 1401 4691 1590 4744; x_wconf 90' lang='lat' dir='ltr'><strong>mortis</strong></span> <span class='ocrx_word' id='word_1_689' title='bbox 1625 4691 1973 4760; x_wconf 82' lang='lat' dir='ltr'><strong>progreditur</strong></span> <span class='ocrx_word' id='word_1_690' title='bbox 2038 4691 2490 4758; x_wconf 73' lang='lat' dir='ltr'><strong>experimentum.</strong></span> <span class='ocrx_word' id='word_1_691' title='bbox 2568 4685 2757 4740; x_wconf 81' lang='lat' dir='ltr'><strong>V&#39;idete</strong></span> <span class='ocrx_word' id='word_1_692' title='bbox 2814 4683 3130 4736; x_wconf 75' lang='lat' dir='ltr'><strong>voluntaria:</strong></span> <span class='ocrx_word' id='word_1_693' title='bbox 3193 4681 3510 4734; x_wconf 88' lang='lat' dir='ltr'><strong>mendicita-</strong></span> 
     </span>
    </p>
   </div>
   <div class='ocr_carea' id='block_1_93' title="bbox 257 4773 3510 4853">
    <p class='ocr_par' dir='ltr' id='par_1_93' title="bbox 257 4773 3510 4853">
     <span class='ocr_line' id='line_1_93' title="bbox 257 4773 3510 4853; baseline -0.004 -15"><span class='ocrx_word' id='word_1_694' title='bbox 257 4787 339 4840; x_wconf 84' lang='lat' dir='ltr'><strong>tis</strong></span> <span class='ocrx_word' id='word_1_695' title='bbox 367 4785 605 4838; x_wconf 90' lang='lat' dir='ltr'><strong>modum.</strong></span> <span class='ocrx_word' id='word_1_696' title='bbox 636 4783 758 4837; x_wconf 79' lang='lat' dir='ltr'><strong>Vita</strong></span> <span class='ocrx_word' id='word_1_697' title='bbox 792 4793 1018 4837; x_wconf 87' lang='lat' dir='ltr'><strong>mortem</strong></span> <span class='ocrx_word' id='word_1_698' title='bbox 1046 4792 1262 4851; x_wconf 80' lang='lat' dir='ltr'><strong>gustat;</strong></span> <span class='ocrx_word' id='word_1_699' title='bbox 1286 4783 1458 4838; x_wconf 83' lang='lat' dir='ltr'><strong>Judex</strong></span> <span class='ocrx_word' id='word_1_700' title='bbox 1493 4787 1547 4838; x_wconf 89' lang='lat' dir='ltr'><strong>in</strong></span> <span class='ocrx_word' id='word_1_701' title='bbox 1577 4784 1844 4853; x_wconf 86' lang='lat' dir='ltr'><strong>judicium</strong></span> <span class='ocrx_word' id='word_1_702' title='bbox 1884 4786 2140 4849; x_wconf 81' lang='lat' dir='ltr'><strong>ducitur;</strong></span> <span class='ocrx_word' id='word_1_703' title='bbox 2170 4785 2430 4837; x_wconf 84' lang='lat' dir='ltr'><strong>Dominus</strong></span> <span class='ocrx_word' id='word_1_704' title='bbox 2470 4782 2592 4835; x_wconf 76' lang='lat' dir='ltr'><strong>vitae</strong></span> <span class='ocrx_word' id='word_1_705' title='bbox 2662 4795 2844 4834; x_wconf 89' lang='lat' dir='ltr'><strong>rerum</strong></span> <span class='ocrx_word' id='word_1_706' title='bbox 2912 4775 3291 4829; x_wconf 85' lang='lat' dir='ltr'><strong>universarum</strong></span> <span class='ocrx_word' id='word_1_707' title='bbox 3337 4773 3510 4841; x_wconf 87' lang='lat' dir='ltr'><strong>subji-</strong></span> 
     </span>
    </p>
   </div>
   <div class='ocr_carea' id='block_1_94' title="bbox 259 4863 3515 4946">
    <p class='ocr_par' dir='ltr' id='par_1_94' title="bbox 259 4863 3515 4946">
     <span class='ocr_line' id='line_1_94' title="bbox 259 4863 3515 4946; baseline -0.004 -16"><span class='ocrx_word' id='word_1_708' title='bbox 259 4878 412 4930; x_wconf 89' lang='lat' dir='ltr'><strong>citur</strong></span> <span class='ocrx_word' id='word_1_709' title='bbox 448 4875 652 4943; x_wconf 88' lang='lat' dir='ltr'><strong>judicis</strong></span> <span class='ocrx_word' id='word_1_710' title='bbox 689 4876 945 4941; x_wconf 88' lang='lat' dir='ltr'><strong>decreto;</strong></span> <span class='ocrx_word' id='word_1_711' title='bbox 995 4875 1560 4944; x_wconf 86' lang='lat' dir='ltr'><strong>supramundanarum</strong></span> <span class='ocrx_word' id='word_1_712' title='bbox 1599 4877 1844 4930; x_wconf 90' lang='lat' dir='ltr'><strong>omnium</strong></span> <span class='ocrx_word' id='word_1_713' title='bbox 1893 4879 2174 4946; x_wconf 87' lang='lat' dir='ltr'><strong>c0piarum</strong></span> <span class='ocrx_word' id='word_1_714' title='bbox 2232 4875 2343 4928; x_wconf 75' lang='lat' dir='ltr'><strong>Rex</strong></span> <span class='ocrx_word' id='word_1_715' title='bbox 2395 4871 2712 4926; x_wconf 74' lang='lat' dir='ltr'><strong>carnificum</strong></span> <span class='ocrx_word' id='word_1_716' title='bbox 2757 4884 2951 4923; x_wconf 82' lang='lat' dir='ltr'><strong>manus</strong></span> <span class='ocrx_word' id='word_1_717' title='bbox 2990 4882 3095 4920; x_wconf 91' lang='lat' dir='ltr'><strong>non</strong></span> <span class='ocrx_word' id='word_1_718' title='bbox 3158 4865 3390 4934; x_wconf 86' lang='lat' dir='ltr'><strong>repellit.</strong></span> <span class='ocrx_word' id='word_1_719' title='bbox 3432 4863 3515 4916; x_wconf 79' lang='lat' dir='ltr'><strong>Ad.</strong></span> 
     </span>
    </p>
   </div>
   <div class='ocr_carea' id='block_1_95' title="bbox 263 4965 2243 5036">
    <p class='ocr_par' dir='ltr' id='par_1_95' title="bbox 263 4965 2243 5036">
     <span class='ocr_line' id='line_1_95' title="bbox 263 4965 2243 5036; baseline -0.002 -14"><span class='ocrx_word' id='word_1_720' title='bbox 263 4971 394 5026; x_wconf 87' lang='lat' dir='ltr'><strong>hoc.</strong></span> <span class='ocrx_word' id='word_1_721' title='bbox 445 4967 638 5036; x_wconf 85' lang='lat' dir='ltr'><strong>inquit,</strong></span> <span class='ocrx_word' id='word_1_722' title='bbox 690 4965 995 5035; x_wconf 77' lang='lat' dir='ltr'><strong>exemplum</strong></span> <span class='ocrx_word' id='word_1_723' title='bbox 1036 4966 1230 5020; x_wconf 89' lang='lat' dir='ltr'><strong>modus</strong></span> <span class='ocrx_word' id='word_1_724' title='bbox 1279 4967 1446 5020; x_wconf 89' lang='lat' dir='ltr'><strong>animi</strong></span> <span class='ocrx_word' id='word_1_725' title='bbox 1491 4966 1844 5021; x_wconf 88' lang='lat' dir='ltr'><strong>demissionis</strong></span> <span class='ocrx_word' id='word_1_726' title='bbox 1883 4968 1982 5022; x_wconf 88' lang='lat' dir='ltr'><strong>tibi</strong></span> <span class='ocrx_word' id='word_1_727' title='bbox 2014 4976 2243 5036; x_wconf 89' lang='lat' dir='ltr'><strong>spectet.</strong></span> 
     </span>
    </p>
   </div>
   <div class='ocr_carea' id='block_1_96' title="bbox 339 5048 1839 5134">
    <p class='ocr_par' dir='ltr' id='par_1_96' title="bbox 339 5061 1836 5134">
     <span class='ocr_line' id='line_1_96' title="bbox 339 5061 1836 5134; baseline -0.001 -18"><span class='ocrx_word' id='word_1_728' title='bbox 339 5063 492 5133; x_wconf 83' lang='grc' dir='ltr'>Τάχα</span> <span class='ocrx_word' id='word_1_729' title='bbox 517 5063 573 5116; x_wconf 87' lang='grc' dir='ltr'><strong>δέ</strong></span> <span class='ocrx_word' id='word_1_730' title='bbox 608 5080 695 5134; x_wconf 85' lang='grc' dir='ltr'><strong>μοι</strong></span> <span class='ocrx_word' id='word_1_731' title='bbox 716 5063 861 5115; x_wconf 87' lang='grc' dir='ltr'>δοκεῖ</span> <span class='ocrx_word' id='word_1_732' title='bbox 886 5061 1062 5124; x_wconf 77' lang='grc' dir='ltr'>καλῶς</span> <span class='ocrx_word' id='word_1_733' title='bbox 1089 5062 1229 5132; x_wconf 79' lang='grc' dir='ltr'>ἔχειν</span> <span class='ocrx_word' id='word_1_734' title='bbox 1260 5063 1352 5115; x_wconf 75' lang='grc' dir='ltr'><strong>καὶ</strong></span> <span class='ocrx_word' id='word_1_735' title='bbox 1375 5063 1474 5134; x_wconf 80' lang='grc' dir='ltr'><strong>τὴν</strong></span> <span class='ocrx_word' id='word_1_736' title='bbox 1495 5063 1713 5131; x_wconf 76' lang='grc' dir='ltr'>ἀλογίαν</span> <span class='ocrx_word' id='word_1_737' title='bbox 1745 5061 1836 5115; x_wconf 81' lang='grc' dir='ltr'><strong>τοῦ</strong></span> 
     </span>
    </p>
   </div>
   <div class='ocr_carea' id='block_1_97' title="bbox 1937 5048 3512 5134">
    <p class='ocr_par' dir='ltr' id='par_1_97' title="bbox 2014 5048 3512 5115">
     <span class='ocr_line' id='line_1_97' title="bbox 2014 5048 3512 5115; baseline -0.011 0"><span class='ocrx_word' id='word_1_738' title='bbox 2014 5061 2241 5115; x_wconf 84' lang='lat' dir='ltr'><strong>Videtur</strong></span> <span class='ocrx_word' id='word_1_739' title='bbox 2271 5068 2449 5114; x_wconf 92' lang='lat' dir='ltr'><strong>autem</strong></span> <span class='ocrx_word' id='word_1_740' title='bbox 2499 5056 2628 5111; x_wconf 90' lang='lat' dir='ltr'><strong>mihi</strong></span> <span class='ocrx_word' id='word_1_741' title='bbox 2680 5056 2912 5111; x_wconf 77' lang='lat' dir='ltr'><strong>fortasse</strong></span> <span class='ocrx_word' id='word_1_742' title='bbox 2955 5071 3062 5107; x_wconf 90' lang='lat' dir='ltr'><strong>non</strong></span> <span class='ocrx_word' id='word_1_743' title='bbox 3110 5048 3512 5106; x_wconf 91' lang='lat' dir='ltr'><strong>incommodum</strong></span> 
     </span>
    </p>
   </div>
   <div class='ocr_carea' id='block_1_98' title="bbox 262 5154 1840 5226">
    <p class='ocr_par' dir='ltr' id='par_1_98' title="bbox 262 5154 1840 5226">
     <span class='ocr_line' id='line_1_98' title="bbox 262 5154 1840 5226; baseline -0.003 -15"><span class='ocrx_word' id='word_1_744' title='bbox 262 5157 508 5211; x_wconf 84' lang='grc' dir='ltr'>τοιούτου</span> <span class='ocrx_word' id='word_1_745' title='bbox 550 5155 908 5223; x_wconf 79' lang='grc' dir='ltr'>διασκοπῆσαι</span> <span class='ocrx_word' id='word_1_746' title='bbox 941 5154 1164 5216; x_wconf 88' lang='grc' dir='ltr'>πάθους,</span> <span class='ocrx_word' id='word_1_747' title='bbox 1204 5154 1279 5217; x_wconf 84' lang='grc' dir='ltr'>ὡς</span> <span class='ocrx_word' id='word_1_748' title='bbox 1327 5156 1392 5207; x_wconf 80' lang='grc' dir='ltr'><strong>ἂν</strong></span> <span class='ocrx_word' id='word_1_749' title='bbox 1437 5154 1840 5226; x_wconf 85' lang='grc' dir='ltr'>εύκατόρθωτος</span> 
     </span>
    </p>
   </div>
   <div class='ocr_carea' id='block_1_99' title="bbox 262 5243 1840 5318">
    <p class='ocr_par' dir='ltr' id='par_1_99' title="bbox 262 5243 1840 5318">
     <span class='ocr_line' id='line_1_99' title="bbox 262 5243 1840 5318; baseline -0.001 -19"><span class='ocrx_word' id='word_1_750' title='bbox 262 5253 297 5313; x_wconf 70' lang='grc' dir='ltr'><strong>ἦ</strong></span> <span class='ocrx_word' id='word_1_751' title='bbox 313 5250 400 5318; x_wconf 76' lang='grc' dir='ltr'><strong>μίν</strong></span> <span class='ocrx_word' id='word_1_752' title='bbox 425 5249 453 5300; x_wconf 88' lang='grc' dir='ltr'><strong>ό</strong></span> <span class='ocrx_word' id='word_1_753' title='bbox 496 5246 842 5317; x_wconf 83' lang='grc' dir='ltr'>μακαρισμὸς</span> <span class='ocrx_word' id='word_1_754' title='bbox 871 5245 1097 5312; x_wconf 87' lang='grc' dir='ltr'>γένοιτο,</span> <span class='ocrx_word' id='word_1_755' title='bbox 1131 5246 1224 5299; x_wconf 79' lang='grc' dir='ltr'><strong>σὺν</strong></span> <span class='ocrx_word' id='word_1_756' title='bbox 1254 5243 1517 5317; x_wconf 77' lang='grc' dir='ltr'>εύμαρεία</span> <span class='ocrx_word' id='word_1_757' title='bbox 1549 5245 1714 5316; x_wconf 82' lang='grc' dir='ltr'>πολλῇ</span> <span class='ocrx_word' id='word_1_758' title='bbox 1748 5246 1840 5298; x_wconf 72' lang='grc' dir='ltr'><strong>καὶ</strong></span> 
     </span>
    </p>
   </div>
   <div class='ocr_carea' id='block_1_100' title="bbox 267 5335 1840 5410">
    <p class='ocr_par' dir='ltr' id='par_1_100' title="bbox 267 5335 1840 5410">
     <span class='ocr_line' id='line_1_100' title="bbox 267 5335 1840 5410; baseline -0.001 -19"><span class='ocrx_word' id='word_1_759' title='bbox 267 5337 520 5410; x_wconf 70' lang='grc' dir='ltr'>ῥᾳστώνῃ</span> <span class='ocrx_word' id='word_1_760' title='bbox 543 5338 636 5407; x_wconf 80' lang='grc' dir='ltr'><strong>τῆς</strong></span> <span class='ocrx_word' id='word_1_761' title='bbox 665 5335 1158 5406; x_wconf 62' lang='grc' dir='ltr'>ταπεινοφροσύνης</span> <span class='ocrx_word' id='word_1_762' title='bbox 1177 5336 1636 5407; x_wconf 82' lang='grc' dir='ltr'>κατορθουμένης.</span> <span class='ocrx_word' id='word_1_763' title='bbox 1651 5337 1840 5390; x_wconf 84' lang='grc' dir='ltr'>Καθά-</span> 
     </span>
    </p>
   </div>
   <div class='ocr_carea' id='block_1_101' title="bbox 263 5426 1842 5498">
    <p class='ocr_par' dir='ltr' id='par_1_101' title="bbox 263 5426 1842 5498">
     <span class='ocr_line' id='line_1_101' title="bbox 263 5426 1842 5498; baseline 0 -19"><span class='ocrx_word' id='word_1_764' title='bbox 263 5439 377 5498; x_wconf 76' lang='grc' dir='ltr'><strong>περ</strong></span> <span class='ocrx_word' id='word_1_765' title='bbox 419 5429 526 5496; x_wconf 83' lang='grc' dir='ltr'>γὰρ</span> <span class='ocrx_word' id='word_1_766' title='bbox 559 5428 608 5480; x_wconf 84' lang='lat' dir='ltr'><strong>oi</strong></span> <span class='ocrx_word' id='word_1_767' title='bbox 655 5427 1016 5496; x_wconf 75' lang='grc' dir='ltr'>ἐπιστήμονες</span> <span class='ocrx_word' id='word_1_768' title='bbox 1063 5427 1171 5478; x_wconf 81' lang='grc' dir='ltr'><strong>τῶν</strong></span> <span class='ocrx_word' id='word_1_769' title='bbox 1221 5426 1438 5496; x_wconf 76' lang='grc' dir='ltr'>ἰατρῶν,</span> <span class='ocrx_word' id='word_1_770' title='bbox 1470 5427 1531 5478; x_wconf 77' lang='grc' dir='ltr'>τὸ</span> <span class='ocrx_word' id='word_1_771' title='bbox 1569 5427 1842 5480; x_wconf 81' lang='grc' dir='ltr'>νοσοποιὺν</span> 
     </span>
    </p>
   </div>
   <div class='ocr_carea' id='block_1_102' title="bbox 266 5518 1838 5589">
    <p class='ocr_par' dir='ltr' id='par_1_102' title="bbox 266 5518 1838 5589">
     <span class='ocr_line' id='line_1_102' title="bbox 266 5518 1838 5589; baseline 0 -17"><span class='ocrx_word' id='word_1_772' title='bbox 266 5520 440 5572; x_wconf 78' lang='grc' dir='ltr'>αἴτιον</span> <span class='ocrx_word' id='word_1_773' title='bbox 465 5518 862 5589; x_wconf 84' lang='grc' dir='ltr'>προεξελὸντες,</span> <span class='ocrx_word' id='word_1_774' title='bbox 902 5521 1029 5589; x_wconf 72' lang='grc' dir='ltr'>ῥᾷον</span> <span class='ocrx_word' id='word_1_775' title='bbox 1079 5519 1434 5589; x_wconf 75' lang='grc' dir='ltr'>ἐπικρατοῦσι</span> <span class='ocrx_word' id='word_1_776' title='bbox 1478 5518 1570 5572; x_wconf 81' lang='grc' dir='ltr'>τοῦ</span> <span class='ocrx_word' id='word_1_777' title='bbox 1605 5520 1838 5582; x_wconf 85' lang='grc' dir='ltr'>πάθους·</span> 
     </span>
    </p>
   </div>
   <div class='ocr_carea' id='block_1_103' title="bbox 266 5609 1859 5681">
    <p class='ocr_par' dir='ltr' id='par_1_103' title="bbox 266 5609 1859 5681">
     <span class='ocr_line' id='line_1_103' title="bbox 266 5609 1859 5681; baseline -0.001 -17"><span class='ocrx_word' id='word_1_778' title='bbox 266 5611 443 5672; x_wconf 65' lang='grc' dir='ltr'>οὕτως</span> <span class='ocrx_word' id='word_1_779' title='bbox 478 5611 572 5663; x_wconf 72' lang='grc' dir='ltr'>καὶ</span> <span class='ocrx_word' id='word_1_780' title='bbox 600 5611 759 5680; x_wconf 78' lang='grc' dir='ltr'>ἡμεῖς</span> <span class='ocrx_word' id='word_1_781' title='bbox 790 5610 886 5680; x_wconf 78' lang='grc' dir='ltr'>τὴν</span> <span class='ocrx_word' id='word_1_782' title='bbox 924 5610 1232 5681; x_wconf 81' lang='grc' dir='ltr'>χαυνότητα</span> <span class='ocrx_word' id='word_1_783' title='bbox 1265 5609 1372 5663; x_wconf 84' lang='grc' dir='ltr'><strong>τῶν</strong></span> <span class='ocrx_word' id='word_1_784' title='bbox 1409 5609 1760 5680; x_wconf 71' lang='grc' dir='ltr'>τυφουμὲνων</span> <span class='ocrx_word' id='word_1_785' title='bbox 1780 5609 1859 5680; x_wconf 80' lang='grc' dir='ltr'><strong>τῷ</strong></span> 
     </span>
    </p>
   </div>
   <div class='ocr_carea' id='block_1_104' title="bbox 267 5703 1864 5775">
    <p class='ocr_par' dir='ltr' id='par_1_104' title="bbox 267 5703 1864 5775">
     <span class='ocr_line' id='line_1_104' title="bbox 267 5703 1864 5775; baseline -0.001 -17"><span class='ocrx_word' id='word_1_786' title='bbox 267 5705 517 5775; x_wconf 60' lang='grc' dir='ltr'>λογισμῷ</span> <span class='ocrx_word' id='word_1_787' title='bbox 566 5703 1030 5767; x_wconf 85' lang='grc' dir='ltr'>καταστείλαντες,</span> <span class='ocrx_word' id='word_1_788' title='bbox 1069 5705 1388 5758; x_wconf 74' lang='grc' dir='ltr'>εὐεπίϐατον</span> <span class='ocrx_word' id='word_1_789' title='bbox 1417 5704 1625 5768; x_wconf 75' lang='grc' dir='ltr'>ἑαυτοῖς</span> <span class='ocrx_word' id='word_1_790' title='bbox 1647 5703 1742 5775; x_wconf 84' lang='grc' dir='ltr'><strong>τὴν</strong></span> <span class='ocrx_word' id='word_1_791' title='bbox 1763 5705 1864 5775; x_wconf 86' lang='grc' dir='ltr'>τῆς</span> 
     </span>
    </p>
   </div>
   <div class='ocr_carea' id='block_1_105' title="bbox 344 5887 1589 5956">
    <p class='ocr_par' dir='ltr' id='par_1_105' title="bbox 344 5887 1589 5956">
     <span class='ocr_line' id='line_1_105' title="bbox 344 5887 1589 5956; baseline -0.007 -11"><span class='ocrx_word' id='word_1_792' title='bbox 344 5889 394 5924; x_wconf 79' lang='grc'><strong>⁵³</strong></span> <span class='ocrx_word' id='word_1_793' title='bbox 433 5889 473 5944; x_wconf 94' lang='grc' dir='ltr'><strong>ΙΙ</strong></span> <span class='ocrx_word' id='word_1_794' title='bbox 509 5890 634 5944; x_wconf 81' lang='lat' dir='ltr'><strong>Cor.</strong></span> <span class='ocrx_word' id='word_1_795' title='bbox 671 5906 785 5952; x_wconf 82' lang='lat' dir='ltr'><strong>vtu,</strong></span> <span class='ocrx_word' id='word_1_796' title='bbox 824 5890 876 5944; x_wconf 86' lang='lat'><strong>9.</strong></span> <span class='ocrx_word' id='word_1_797' title='bbox 953 5890 994 5920; x_wconf 74' lang='grc'><strong>³⁸</strong></span> <span class='ocrx_word' id='word_1_798' title='bbox 1038 5888 1267 5956; x_wconf 77' lang='lat' dir='ltr'><strong>Philipp.</strong></span> <span class='ocrx_word' id='word_1_799' title='bbox 1305 5903 1372 5947; x_wconf 88' lang='lat' dir='ltr'><strong>tt,</strong></span> <span class='ocrx_word' id='word_1_800' title='bbox 1409 5887 1440 5940; x_wconf 75' lang='grc'>5</span> <span class='ocrx_word' id='word_1_801' title='bbox 1471 5903 1589 5954; x_wconf 78' lang='lat' dir='ltr'><strong>sqq.</strong></span> 
     </span>
    </p>
   </div>
   <div class='ocr_carea' id='block_1_106' title="bbox 1947 5141 3512 5222">
    <p class='ocr_par' dir='ltr' id='par_1_106' title="bbox 1947 5141 3512 5222">
     <span class='ocr_line' id='line_1_106' title="bbox 1947 5141 3512 5222; baseline -0.012 -14"><span class='ocrx_word' id='word_1_802' title='bbox 1947 5170 2071 5208; x_wconf 87' lang='lat' dir='ltr'><strong>esse</strong></span> <span class='ocrx_word' id='word_1_803' title='bbox 2102 5151 2369 5222; x_wconf 85' lang='lat' dir='ltr'><strong>ejusmodi</strong></span> <span class='ocrx_word' id='word_1_804' title='bbox 2395 5150 2512 5205; x_wconf 86' lang='lat' dir='ltr'><strong>vitii</strong></span> <span class='ocrx_word' id='word_1_805' title='bbox 2542 5149 3085 5207; x_wconf 86' lang='lat' dir='ltr'><strong>inconsiderantiam,</strong></span> <span class='ocrx_word' id='word_1_806' title='bbox 3117 5141 3512 5198; x_wconf 90' lang='lat' dir='ltr'><strong>absurditatem</strong></span> 
     </span>
    </p>
   </div>
   <div class='ocr_carea' id='block_1_107' title="bbox 1947 5230 3516 5314">
    <p class='ocr_par' dir='ltr' id='par_1_107' title="bbox 1947 5230 3516 5314">
     <span class='ocr_line' id='line_1_107' title="bbox 1947 5230 3516 5314; baseline -0.011 -14"><span class='ocrx_word' id='word_1_807' title='bbox 1947 5255 2002 5300; x_wconf 89' lang='lat' dir='ltr'><strong>et</strong></span> <span class='ocrx_word' id='word_1_808' title='bbox 2048 5245 2517 5314; x_wconf 84' lang='lat' dir='ltr'><strong>importunitatem</strong></span> <span class='ocrx_word' id='word_1_809' title='bbox 2567 5251 2837 5311; x_wconf 82' lang='lat' dir='ltr'><strong>spectare,</strong></span> <span class='ocrx_word' id='word_1_810' title='bbox 2879 5248 2936 5291; x_wconf 89' lang='lat' dir='ltr'><strong>ut</strong></span> <span class='ocrx_word' id='word_1_811' title='bbox 2973 5254 3096 5292; x_wconf 91' lang='lat' dir='ltr'><strong>eum</strong></span> <span class='ocrx_word' id='word_1_812' title='bbox 3135 5235 3301 5288; x_wconf 88' lang='lat' dir='ltr'><strong>multa</strong></span> <span class='ocrx_word' id='word_1_813' title='bbox 3340 5230 3516 5284; x_wconf 87' lang='lat' dir='ltr'><strong>facili-</strong></span> 
     </span>
    </p>
   </div>
   <div class='ocr_carea' id='block_1_108' title="bbox 1947 5320 3516 5406">
    <p class='ocr_par' dir='ltr' id='par_1_108' title="bbox 1947 5320 3516 5406">
     <span class='ocr_line' id='line_1_108' title="bbox 1947 5320 3516 5406; baseline -0.011 -16"><span class='ocrx_word' id='word_1_814' title='bbox 1947 5347 2056 5392; x_wconf 89' lang='lat' dir='ltr'><strong>tate</strong></span> <span class='ocrx_word' id='word_1_815' title='bbox 2104 5349 2266 5406; x_wconf 85' lang='lat' dir='ltr'><strong>atque</strong></span> <span class='ocrx_word' id='word_1_816' title='bbox 2321 5335 2704 5390; x_wconf 88' lang='lat' dir='ltr'><strong>commoditate</strong></span> <span class='ocrx_word' id='word_1_817' title='bbox 2761 5331 3088 5388; x_wconf 78' lang='lat' dir='ltr'><strong>succedente</strong></span> <span class='ocrx_word' id='word_1_818' title='bbox 3139 5326 3299 5380; x_wconf 89' lang='lat' dir='ltr'><strong>nobis</strong></span> <span class='ocrx_word' id='word_1_819' title='bbox 3349 5320 3516 5376; x_wconf 88' lang='lat' dir='ltr'><strong>animi</strong></span> 
     </span>
    </p>
   </div>
   <div class='ocr_carea' id='block_1_109' title="bbox 1946 5413 3516 5494">
    <p class='ocr_par' dir='ltr' id='par_1_109' title="bbox 1946 5413 3516 5494">
     <span class='ocr_line' id='line_1_109' title="bbox 1946 5413 3516 5494; baseline -0.01 -11"><span class='ocrx_word' id='word_1_820' title='bbox 1946 5431 2276 5494; x_wconf 88' lang='lat' dir='ltr'><strong>humilitate,</strong></span> <span class='ocrx_word' id='word_1_821' title='bbox 2338 5427 2496 5481; x_wconf 80' lang='lat' dir='ltr'><strong>facile</strong></span> <span class='ocrx_word' id='word_1_822' title='bbox 2545 5425 2762 5494; x_wconf 84' lang='lat' dir='ltr'><strong>assequi</strong></span> <span class='ocrx_word' id='word_1_823' title='bbox 2812 5431 2970 5490; x_wconf 86' lang='lat' dir='ltr'><strong>atque</strong></span> <span class='ocrx_word' id='word_1_824' title='bbox 3025 5419 3293 5472; x_wconf 84' lang='lat' dir='ltr'><strong>conlieere</strong></span> <span class='ocrx_word' id='word_1_825' title='bbox 3357 5413 3516 5467; x_wconf 90' lang='lat' dir='ltr'><strong>nobis</strong></span> 
     </span>
    </p>
   </div>
   <div class='ocr_carea' id='block_1_110' title="bbox 1947 5506 3516 5592">
    <p class='ocr_par' dir='ltr' id='par_1_110' title="bbox 1947 5506 3516 5592">
     <span class='ocr_line' id='line_1_110' title="bbox 1947 5506 3516 5592; baseline -0.015 -12"><span class='ocrx_word' id='word_1_826' title='bbox 1947 5525 2332 5580; x_wconf 87' lang='lat' dir='ltr'><strong>beatitudinem</strong></span> <span class='ocrx_word' id='word_1_827' title='bbox 2408 5521 2701 5592; x_wconf 84' lang='lat' dir='ltr'><strong>possimus.</strong></span> <span class='ocrx_word' id='word_1_828' title='bbox 2769 5515 2837 5570; x_wconf 80' lang='lat' dir='ltr'><strong>Ut</strong></span> <span class='ocrx_word' id='word_1_829' title='bbox 2900 5515 3041 5568; x_wconf 89' lang='lat' dir='ltr'><strong>enim</strong></span> <span class='ocrx_word' id='word_1_830' title='bbox 3101 5509 3256 5581; x_wconf 86' lang='lat' dir='ltr'><strong>periti</strong></span> <span class='ocrx_word' id='word_1_831' title='bbox 3318 5506 3516 5560; x_wconf 86' lang='lat' dir='ltr'><strong>medici</strong></span> 
     </span>
    </p>
   </div>
   <div class='ocr_carea' id='block_1_111' title="bbox 1949 5600 3515 5682">
    <p class='ocr_par' dir='ltr' id='par_1_111' title="bbox 1949 5600 3515 5682">
     <span class='ocr_line' id='line_1_111' title="bbox 1949 5600 3515 5682; baseline -0.015 -10"><span class='ocrx_word' id='word_1_832' title='bbox 1949 5635 2116 5673; x_wconf 88' lang='lat' dir='ltr'><strong>causa</strong></span> <span class='ocrx_word' id='word_1_833' title='bbox 2151 5617 2322 5671; x_wconf 88' lang='lat' dir='ltr'><strong>morbi</strong></span> <span class='ocrx_word' id='word_1_834' title='bbox 2349 5613 2625 5671; x_wconf 80' lang='lat' dir='ltr'><strong>effectrice</strong></span> <span class='ocrx_word' id='word_1_835' title='bbox 2653 5611 2805 5682; x_wconf 90' lang='lat' dir='ltr'><strong>prius</strong></span> <span class='ocrx_word' id='word_1_836' title='bbox 2833 5615 3108 5676; x_wconf 77' lang='lat' dir='ltr'><strong>exempta,</strong></span> <span class='ocrx_word' id='word_1_837' title='bbox 3136 5600 3515 5673; x_wconf 60' lang='lat' dir='ltr'><strong>aegritudinem</strong></span> 
     </span>
    </p>
   </div>
   <div class='ocr_carea' id='block_1_112' title="bbox 1951 5688 3517 5769">
    <p class='ocr_par' dir='ltr' id='par_1_112' title="bbox 1951 5688 3517 5769">
     <span class='ocr_line' id='line_1_112' title="bbox 1951 5688 3517 5769; baseline -0.014 -7"><span class='ocrx_word' id='word_1_838' title='bbox 1951 5708 2167 5764; x_wconf 87' lang='lat' dir='ltr'><strong>facilius</strong></span> <span class='ocrx_word' id='word_1_839' title='bbox 2210 5709 2472 5762; x_wconf 81' lang='lat' dir='ltr'><strong>vincunt:</strong></span> <span class='ocrx_word' id='word_1_840' title='bbox 2502 5705 2576 5759; x_wconf 90' lang='lat' dir='ltr'><strong>ita</strong></span> <span class='ocrx_word' id='word_1_841' title='bbox 2632 5718 2730 5756; x_wconf 89' lang='lat' dir='ltr'><strong>nos</strong></span> <span class='ocrx_word' id='word_1_842' title='bbox 2759 5712 2997 5769; x_wconf 87' lang='lat' dir='ltr'><strong>quoque,</strong></span> <span class='ocrx_word' id='word_1_843' title='bbox 3042 5693 3134 5748; x_wconf 85' lang='lat' dir='ltr'><strong>ubi</strong></span> <span class='ocrx_word' id='word_1_844' title='bbox 3179 5688 3517 5747; x_wconf 79' lang='lat' dir='ltr'><strong>inﬂationem</strong></span> 
     </span>
    </p>
   </div>
  </div>
