4004 6522
576 427 711 484 1203

1802 425 1856 479 S.
1888 422 2213 480 GREGORII
2253 421 2340 476 ΝΥ
2353 419 2540 475 SSENI

3622 414 3727 472 ιευι

573 551 630 600 et
661 552 927 600 tumorem
979 544 1214 600 inaniter
1269 560 1327 601 se
1361 543 1684 612 jactantium
1736 553 1897 612 atque
1942 556 2132 611 super-

2255 536 2730 607 ταπεινοφροσύνης
2767 533 2886 586 ὁδὸν
2927 529 3367 598 καταστήσωμεν.
3396 526 3547 580 Πόθεν
3583 523 3658 582 οὖν
3680 533 3729 589 ἄν

575 635 840 691 bientium
867 623 1076 691 ratione
1099 635 1542 705 represserimus,
1586 633 1763 696 facile,
1792 633 2135 688 commodum

573 735 628 782 et
657 726 963 796 expeditum
990 726 1071 780 eis
1097 727 1199 780 iter
1231 726 1397 779 animi
1437 725 1785 780 demissionis
1817 723 2133 778 eﬂiciamus.

574 817 731 876 Unde
774 821 936 890 igitur
979 820 1175 890 aliquis
1219 819 1400 889 potius
1451 819 1622 874 fastus
1664 827 1825 889 atque
1869 815 2139 887 superbiae

574 911 868 965 vanitatem
900 909 1397 966 demonstraverit?
1425 926 1530 980 qua
1563 909 1772 963 ratione
1814 908 1940 968 alia.
1973 922 2136 977 quam

573 1004 620 1058 si
682 1011 936 1076 naturam
979 1001 1301 1063 ostenderit,
1350 1016 1596 1071 quaenam
1645 1015 1708 1055 ea
1757 999 1872 1055 sit?
1907 997 2042 1052 Nam
2090 998 2137 1052 si

573 1092 700 1161 quis
729 1079 795 1147 ad
826 1093 1084 1162 seipsum,
1113 1101 1168 1146 et
1197 1108 1303 1146 non
1335 1092 1401 1146 ad
1445 1107 1508 1146 ea
1562 1107 1683 1161 quae
1711 1091 1856 1145 circa
1889 1104 1948 1144 se
1984 1094 2133 1150 sunt,

573 1184 854 1253 respiciat,
902 1199 1008 1236 non
1061 1183 1218 1237 video
1269 1197 1376 1252 qua
1425 1182 1636 1236 ratione
1681 1181 1728 1235 is
1766 1181 1820 1234 in
1865 1177 2137 1246 ejusmodi

574 1261 766 1327 vitium
810 1273 1048 1328 incidere
1079 1271 1270 1342 possit.
1305 1270 1445 1336 Quid
1487 1270 1652 1340 igitur
1693 1269 1855 1323 homo
1884 1269 2005 1323 est?
2042 1265 2140 1321 Vis

576 1372 636 1417 ut
681 1379 748 1418 ex
781 1363 1108 1433 scriptorum
1151 1361 1516 1416 monumentis
1564 1359 1837 1430 proferam
1882 1357 1936 1412 id
1991 1356 2138 1428 quod

575 1458 700 1531 plus
728 1454 986 1526 ponderis
1031 1463 1085 1508 et
1131 1453 1474 1508 auctoritatis
1529 1453 1583 1506 in
1634 1467 1693 1507 se
1726 1451 2027 1514 contineat,
2076 1465 2140 1504 ac

576 1549 698 1616 plus
732 1547 988 1602 aestimari
1035 1545 1271 1600 debeat?
1302 1545 1371 1597 At
1419 1546 1466 1599 is
1499 1545 1594 1615 qui
1649 1552 1838 1599 nostra
1879 1552 2054 1608 ornat,
2087 1550 2142 1596 et

575 1639 818 1695 inﬂatius
851 1636 1296 1710 splendidiusque
1339 1635 1410 1690 de
1451 1636 1734 1692 nobilitate
1776 1636 2014 1688 humana
2063 1635 2142 1686 lo-

575 1731 783 1804 quitur,
833 1746 898 1785 ex
951 1729 1064 1782 luto
1127 1736 1438 1801 generatam
1492 1736 1743 1782 naturam
1796 1743 1920 1782 esse
1967 1726 2137 1781 dicit:

2239 646 2321 689 τις
2357 627 2552 696 μᾶλλον
2580 622 2860 686 ἐπιδείξειε
2899 617 2991 670 τοῦ
3034 616 3202 685 τύφου
3247 615 3308 667 τὸ
3342 614 3576 684 parum;
3600 617 3730 674 Πόθεν

2239 718 2478 779 ἄλλοθεν,
2510 717 2543 786 ἢ
2587 717 2653 767 ἐκ
2681 711 2775 765 τοῦ
2817 708 2984 774 δεῖξαι
3025 707 3121 778 τὴν
3153 706 3346 775 φύσιν,
3373 705 3484 774 ἥτις
3509 706 3631 759 ἐστίν
3653 724 3666 771 ;
3688 708 3731 762 ’0

2239 811 2347 882 γὰρ
2381 809 2515 880 πρὸς
2535 806 2745 867 ἑαυτὸν,
2780 803 2872 856 καὶ
2905 800 2979 872 μὴ
3006 802 3074 853 τὰ
3111 797 3239 868 περὶ
3265 797 3418 849 αὐτὸν
3447 796 3643 865 βλέπων,
3661 799 3734 854 οὐκ

2241 904 2306 956 ἂν
2331 902 2565 969 εὐλόγως
2594 900 2672 962 εἰς
2710 897 2772 950 τὸ
2820 894 3058 948 τοιοῦτον
3106 889 3334 961 ἐμπέσοι
3379 889 3550 952 πάθος.
3585 887 3640 942 Τί
3665 887 3732 949 οὖν

2239 995 2386 1048 ἐστιν
2410 993 2719 1062 ἄνθρωποςς
2749 985 2935 1039 Βούλει
2967 983 3058 1036 τὸν
3084 980 3398 1051 σεμνότερον
3417 981 3501 1032 καὶ
3534 980 3732 1050 unum.

2245 1101 2332 1154 ρον
2356 1084 2492 1137 εῐπω
2519 1082 2624 1134 τῶν
2643 1081 2845 1148 λόγων;
2887 1075 3026 1128 Ἀλλ’
3045 1076 3073 1127 ὀ
3093 1070 3313 1143 κοσμῶν
3332 1071 3399 1123 τὰ.
3424 1072 3651 1142 ἡμέτερα,
3667 1075 3735 1128 καὶ

2240 1176 2378 1248 πρὸς
2409 1175 2469 1227 τὸ
2490 1170 2938 1243 κομπωδέστερον
2953 1164 3321 1227 διασκευάζων
3346 1163 3439 1232 τὴν
3457 1162 3734 1232 ἀνθρωπίνην

2241 1266 2535 1334 εὐγένειαν,
2573 1265 2637 1316 ἐκ
2687 1259 2856 1332 πηλοῦ
2907 1257 3220 1327 γενεαλογεῖ
3262 1253 3359 1324 τὴν
3405 1253 3548 1322 φύσιν
3577 1270 3589 1284 ·
3612 1255 3735 1324 καίὴ

2241 1359 2510 1428 εὐγένεια,
2541 1357 2633 1410 καὶ
2661 1359 2695 1426 ἡ
2719 1352 2981 1425 σεμνότης
3009 1349 3100 1404 τοῦ
3118 1345 3478 1418 ὑπερηφάνου,
3506 1345 3559 1397 τὸ
3586 1362 3736 1412 συγγε-

2241 1452 2328 1514 νὲς
2349 1451 2482 1522 πρὸς
2504 1450 2601 1520 τὴν
2630 1447 2842 1500 πλίνθον
2870 1445 3002 1514 ἔχει.
3046 1442 3107 1496 Et
3143 1440 3202 1493 δὲ
3231 1437 3326 1508 τὴν
3357 1439 3575 1508 προσεχῆ
3603 1452 3651 1488 τε
3671 1437 3738 1489 καὶ

2243 1545 2528 1615 πρόχειρον
2578 1541 2674 1611 τῆς
2720 1538 2984 1607 γενέσεως
3033 1535 3208 1588 εἰπεῖν
3247 1530 3464 1592 ἐθέλοις,
3490 1531 3656 1595 ἄπαγε,
3687 1529 3739 1598 μὴ

2245 1636 2450 1708 φθέγξῃ
2500 1633 2626 1704 περὶ
2676 1631 2863 1684 τούτου
2887 1646 2900 1659 °
2936 1630 3010 1699 μὴ
3043 1625 3270 1697 γρύξῃς,
3318 1623 3390 1692 μὴ
3435 1619 3738 1689 ἀνακαλύύης,

2243 1725 2424 1790 καθώς
2457 1743 2618 1795 φησιν
2643 1725 2671 1776 ὀ
2697 1723 2858 1792 νόμος
2878 1759 2894 1785 ,
2923 1717 3309 1789 ἀσχημοσύνην
3341 1713 3531 1784 πατρὸς
3558 1713 3636 1764 καὶ
3664 1728 3742 1780 μη.

575 1801 737 1892 atque
769 1821 1020 1875 nobilitas
1073 1830 1128 1874 et
1168 1820 1422 1890 splendor
1452 1819 1718 1889 superbim
1761 1818 2140 1888 cognationem

2255 1819 2370 1892 πρός
2413 1835 2505 1871 σου
2535 1833 2549 1847 ο
2581 1815 2655 1886 μὴ
2687 1811 3051 1884 δημοσιεύσῃς
3080 1808 3158 1878 τῷ
3196 1806 3338 1876 λόγῳ
3380 1804 3445 1857 τὰ
3471 1803 3618 1873 λήθης
3653 1801 3743 1868 ἄξια

575 1876 700 1961 cuin
752 1906 916 1961 latere
958 1906 1136 1961 habet.
1195 1876 1348 1973 Quod
1387 1908 1431 1962 si
1481 1876 1794 1961 continuam
1823 1876 2044 1977 “pariter
2087 1914 2141 1961 et

2255 1876 2789 1980 καὶ-βαθείαςσιγῆς.
2831 1899 2965 1956 Εἶτα
2995 1876 3094 1954 οὐκ
3126 1876 3402 1970 ἐρυθριᾷς,
3432 1899 3459 1950 ό
3485 1898 3641 1966 γήϊνος
3677 1895 3744 1947 ἁν-

573 2013 692 2052 eam
729 2015 848 2070 quas
876 2000 928 2053 in
974 2008 1228 2078 promptu
1269 2007 1429 2072 atque
1477 1998 1731 2067 expedito
1779 1999 2144 2069 omnibusque

576 2098 705 2151 ncta
765 2099 850 2144 est
915 2091 1318 2160 generationem
1374 2088 1621 2159 proferre
1687 2089 1858 2154 velis,
1927 2105 2144 2145 remove

574 2180 784 2246 isthzec,
813 2196 930 2247 oro,
964 2197 1031 2236 ne
1053 2181 1296 2254 loquaris
1321 2181 1388 2234 de
1416 2181 1518 2234 hac
1554 2196 1646 2235 re:
1683 2181 2051 2247 obmutescas,
2077 2197 2145 2238 ne

579 2269 784 2332 hiscas,
836 2286 902 2324 ne
929 2271 1158 2336 reveles,
1190 2279 1247 2324 ut
1280 2272 1365 2327 lex
1401 2271 1598 2341 inquit.
1635 2271 1868 2327 dedecus
1894 2275 2064 2342 patris
2086 2281 2140 2328 et

578 2361 770 2425 matris
820 2369 925 2415 tua:
945 2363 991 2394 "
1020 2381 1032 2414 :
1067 2379 1134 2417 ne
1164 2367 1415 2419 Sermone
1443 2363 1686 2434 publices
1717 2374 1875 2435 atque
1901 2365 2143 2434 divulgcs

575 2467 640 2506 ea
688 2467 807 2522 quae
852 2451 1122 2506 oblivione
1155 2460 1316 2521 atque
1339 2453 1447 2506 alto
1471 2452 1690 2507 silentio
1722 2454 1952 2523 tegenda
1991 2462 2140 2508 sunt.

578 2540 642 2597 Et
669 2559 778 2598 non
807 2544 1106 2605 erubescis,
1139 2551 1315 2599 terrea
1344 2553 1543 2607 statua,
1578 2559 1700 2598 mox
1735 2545 1912 2615 pulvis
1938 2544 2140 2608 futura,

577 2634 672 2704 qui
712 2637 766 2688 in
813 2635 1029 2690 modum
1071 2635 1232 2690 bullae
1263 2635 1411 2689 brevi
1434 2634 1756 2689 duraturum
1803 2636 1856 2689 in
1887 2646 1935 2691 te
1968 2643 2146 2691 tumo-

577 2739 690 2778 rem
723 2725 992 2789 contines,
1027 2732 1082 2779 te
1136 2724 1390 2796 superbia
1443 2724 1662 2796 repleri,
1714 2724 1856 2780 fastu
1912 2734 2142 2790 tumere,

577 2831 721 2869 vano
776 2816 971 2885 spiritu
1027 2825 1190 2886 atque
1233 2815 1560 2887 cogitatione
1612 2826 1848 2873 mentem
1904 2816 2145 2871 inﬂatam

577 2908 798 2970 habere.
823 2908 1017 2964 Annon
1052 2910 1280 2980 respicis
1315 2909 1381 2963 ad
1414 2917 1707 2990 utrpmque
1731 2909 1854 2964 vitae
1897 2910 2148 2966 humana)

579 3000 896 3065 terminum,
923 2999 1066 3054 unde
1111 3009 1166 3054 et
1199 2999 1411 3053 initium
1444 3010 1644 3064 sumat,
1685 3010 1740 3055 et
1787 3001 1842 3054 in
1879 3001 2006 3072 quid
2051 3003 2147 3057 de-

578 3088 768 3160 sinat?
799 3087 999 3144 Verum
1029 3091 1282 3160 superbis
1312 3106 1376 3145 ac
1412 3091 1589 3160 jactas
1622 3101 1673 3146 te
1703 3093 1921 3148 nomine
1951 3093 2152 3162 juven—

580 3181 713 3252 tutis
757 3189 811 3234 et
843 3179 911 3236 ad
942 3179 1128 3236 ﬂorem
1170 3181 1347 3236 aetatis
1397 3182 1648 3252 respicis,
1696 3193 1749 3236 et
1789 3183 2064 3252 gloriaris,
2095 3189 2150 3238 et

579 3269 678 3326 tibi
728 3273 910 3342 places
959 3283 1180 3347 pmpter
1227 3273 1476 3329 decorem
1531 3282 1585 3328 et
1645 3274 2144 3345 pulchritudinem,

579 3361 727 3434 quod
752 3362 847 3416 tibi
882 3376 1078 3417 manus
1113 3377 1279 3433 supra
1311 3361 1530 3416 modum
1574 3363 1788 3434 vigeant
1816 3365 1882 3418 ad
1913 3374 2142 3430 motum,

581 3453 727 3522 quod
755 3455 962 3509 celeres
993 3464 1047 3509 et
1076 3455 1291 3509 veloces
1341 3455 1408 3508 ad
1449 3455 1645 3509 saltum
1686 3456 1786 3510 tibi
1820 3457 1930 3511 sint
1961 3457 2147 3526 pedes,

576 3545 728 3618 quod
775 3546 1005 3617 capillus
1070 3546 1248 3601 ventis
1305 3545 1685 3610 diﬂ‘undatur,
1733 3547 1880 3617 quod
1949 3549 2148 3619 lanugo

579 3639 834 3698 maxillas
875 3639 1194 3710 distinguat,
1237 3639 1380 3709 quod
1411 3639 1508 3694 tibi
1539 3641 1706 3696 vestis
1746 3655 1998 3710 pumura:
2043 3643 2151 3696 tin-

2247 2001 2422 2073 δριὰς,
2461 2003 2489 2052 ό
2530 1998 2645 2069 μετ’
2673 1997 2848 2065 ὀλίγον
2882 1993 3093 2058 κόνις,ὀ
3119 1988 3464 2060 πομφόλυγος
3491 1987 3624 2056 δίκην
3641 1985 3746 2038 ὠκύ.

2253 2110 2416 2164 μορον
2445 2092 2502 2144 ὲν
2528 2088 2735 2158 σεαυτῷ
2768 2086 3034 2159 περιέχων
3063 2083 3121 2137 τὸ
3147 2083 3393 2153 φύσημα,
3427 2079 3613 2151 πλήρης
3625 2079 3747 2149 ὑπερ.

2249 2183 2481 2256 ηφανίας
2513 2181 2790 2251 γινόμενος
2812 2219 2827 2242 ,
2863 2178 2956 2231 καὶ
3007 2172 3480 2246 περιφλεγμαίνων
3507 2170 3576 2240 τῷ
3617 2169 3743 2239 τύφῳ,

2251 2276 2344 2329 καὶ
2388 2274 2465 2344 τῷ
2517 2273 2727 2344 ματαίῳ
2779 2271 3085 2342 φρονήματι
3137 2263 3376 2334 ὲξογκῶν
3417 2262 3508 2334 τὴν
3548 2261 3745 2314 διάνοιαν.

2252 2369 2362 2439 Ούχ
2405 2367 2535 2437 ὁρᾷς
2568 2367 2645 2428 εἰς
2679 2363 2962 2434 ἀμφότερα
2995 2361 3092 2431 τῆς
3125 2357 3273 2428 ζωῆς
3306 2354 3399 2409 τοῦ
3435 2352 3680 2424 ἀνθρώπου
3700 2352 3748 2404 τὰ

2252 2457 2484 2528 πέρατα,
2518 2455 2612 2507 καὶ
2640 2455 2784 2515 ὅπως
2811 2452 3058 2523 ἄρχεται,
3088 2448 3183 2502 καὶ
3218 2448 3299 2510 είς
3326 2447 3354 2500 ὃ
3376 2463 3424 2498 τι
3455 2445 3613 2515 linat;
3634 2441 3749 2494 um

2251 2548 2480 2620 γαυριᾷς
2507 2549 2573 2617 τῇ
2620 2543 2865 2614 νεότητι,
2895 2542 2989 2595 καὶ
3021 2540 3158 2611 πρὸς
3188 2539 3250 2591 τὸ
3286 2537 3440 2600 ἄνθος
3475 2537 3563 2605 τῆς
3593 2534 3749 2604 ἡλικίας

2254 2638 2490 2708 βλέπεις,
2525 2637 2617 2689 καὶ
2643 2632 3023 2705 ὲγκαλλωπίζῃ
3045 2634 3111 2702 τῇ
3141 2630 3283 2702 ὥρᾳ,
3301 2631 3380 2683 ὅτι
3410 2645 3486 2681 σοι
3512 2627 3749 2697 ὀπερσφρι-

2251 2729 2420 2795 γῶσιν
2443 2729 2502 2781 αἱ
2530 2729 2708 2798 χεῖρες
2743 2725 2878 2798 πρὸς
2933 2725 3164 2793 κίνησιν,
3207 2723 3303 2776 καὶ
3341 2719 3523 2788 κοῦφοι
3567 2717 3677 2787 πρὸς
3710 2714 3752 2767 τὸ

2255 2822 2401 2892 ἅλμα
2423 2823 2469 2874 οἱ
2495 2820 2673 2884 πόδες,
2707 2819 2802 2872 καὶ
2858 2815 3137 2888 περισοὸεῖ
3161 2817 3285 2876 ταῖς
3329 2811 3557 2884 αὖραιςό
3583 2809 3749 2880 βόστρωο

2253 2930 2366 2983 χος,
2397 2913 2488 2966 καὶ
2517 2911 2615 2982 τὴν
2647 2909 2877 2982 παρειὰν
2910 2901 3271 2979 ύπογράιρειό
3299 2904 3587 2967 ῐουλος,καὶ
3611 2902 3676 2954 ὅτι
3697 2916 3751 2952 σοι

2252 3008 2286 3075 ὴ
2325 3005 2488 3075 ἐσθὴς
2525 3007 2590 3076 τῇ
2642 3003 2785 3074 βαφῇ
2815 3001 2915 3072 τῆς
2950 3001 3239 3072 πορφύρας
3269 2994 3668 3070 ὑπερανθίζεται,
3689 2992 3755 3048 καὶ

2257 3095 2598 3150 πεποίκιλταί
2635 3112 2715 3148 σοι
2745 3092 2814 3148 τὰ
2846 3093 2911 3147 ὲκ
2941 3092 3120 3163 σηρῶν
3149 3091 3474 3160 ὑφάσματα,
3505 3081 3752 3155 πολέμοκῆ

2257 3187 2471 3260 θήραις,
2497 3189 2529 3260 ἡ
2581 3204 2720 3240 τισιν
2755 3185 3016 3256 ἱστορίαις
3051 3180 3522 3252 πεποικιλμένα,ἦ
3552 3178 3667 3247 τάχα
3689 3175 3754 3228 καὶ

2254 3280 2388 3350 πρὸς
2413 3280 2480 3331 τὰ
2509 3278 2694 3331 πέδιλα
2723 3277 2941 3347 βλέπεις
2973 3273 3249 3346 ἐπιμελῶς
3280 3276 3338 3326 ὲν
3368 3271 3443 3342 τῷ
3473 3270 3636 3340 μέλανι
3655 3266 3754 3319 στίλ-

2252 3372 2432 3433 ϐοντα,
2462 3370 2554 3422 καὶ
2596 3369 2903 3439 περιέργως
2952 3368 3073 3428 ταῖς
3101 3363 3212 3419 ἀπὸ
3246 3363 3354 3417 τῶν
3391 3361 3605 3434 (saepin
3624 3373 3751 3429 γραμ·

2255 3464 2383 3532 μαῖς
2443 3460 2807 3532 ὲπιτέρποντα
2836 3475 2852 3524 ;
2884 3457 3025 3526 Πρὸς
3074 3455 3250 3509 ταῦτα
3306 3454 3534 3525 βλέπεις,
3575 3449 3684 3520 πρὸς
3717 3445 3755 3494 δὲ

2254 3552 2475 3607 σεαυτὸν
2505 3553 2601 3621 οὐχ
2623 3552 2751 3622 ὁρᾷς
2771 3566 2786 3615 ;
2811 3548 2980 3616 Δείξω
3002 3565 3084 3601 σοι
3117 3546 3310 3617 ὥσπερ
3336 3547 3392 3598 ἐν
3413 3543 3680 3612 κατόπτρῳ.
3699 3535 3755 3597 1'5;

2253 3641 2301 3697 εἶ
2335 3645 2430 3698 καὶ
2461 3638 2571 3706 οἷος
2597 3640 2664 3696 εἷ.

580 3742 672 3798 ctu
698 3749 864 3803 supra
895 3735 1113 3789 modum
1145 3734 1334 3790 ﬂorida
1362 3736 1452 3802 sit,
1485 3735 1630 3806 quod
1687 3738 1850 3806 panni
1889 3738 1980 3792 tibi
2046 3742 2206 3796 serici
2261 3741 2496 3812 prteliis,
2549 3739 3021 3802 venationibusve,
3077 3743 3171 3790 aut
3215 3733 3459 3791 historiis
3499 3724 3753 3801 quibusdam

581 3829 861 3898 variegati,
896 3829 1138 3884 distincti
1190 3842 1355 3900 atque
1387 3833 1633 3886 exornati
1672 3834 1814 3895 sint,
1877 3842 1970 3887 aut
2019 3834 2246 3890 forsitan
2295 3836 2361 3889 ad
2403 3836 2595 3890 talaria
2643 3835 2885 3889 adhibita
2949 3847 3085 3888 cura
3133 3832 3189 3888 in
3239 3831 3397 3901 nigro
3462 3825 3677 3882 nitentia,
3721 3824 3757 3870 et

583 3919 859 3989 superﬂuo
904 3935 1066 3990 opere
1103 3921 1389 3976 ﬁbularum
1448 3923 1606 3978 lineis
1647 3924 1976 3978 oblectantia
2019 3928 2266 3996 spectas?
2331 3927 2412 3981 Ad
2479 3927 2584 3982 ista
2660 3925 2908 3994 respicis,
2979 3923 3216 3993 teipsum
3240 3935 3375 3976 vero
3417 3905 3757 3972 nonintueris?

582 4011 873 4077 Ostendam
927 4014 1023 4068 tibi
1067 4021 1324 4084 tanquam
1381 4015 1439 4075 in
1483 4018 1726 4086 speculo,
1777 4019 1869 4088 qui
1911 4020 2009 4084 sis,
2063 4033 2116 4075 et
2151 4023 2327 4090 qualis
2361 4022 2458 4076 sis.

652 4108 771 4164 Non
798 4109 979 4177 vidisti
1004 4112 1058 4164 in
1091 4111 1211 4165 luco
1235 4112 1451 4181 publico
1480 4115 1804 4184 sepeliendis
1834 4115 2152 4174 hominibus

584 4200 874 4268 destinato,
898 4209 1107 4259 naturae
1137 4212 1341 4260 nostra:
1378 4207 1678 4275 mysteria?
1707 4221 1817 4262 non
1845 4207 2028 4264 vidisti
2057 4225 2152 4264 os-

585 4293 748 4357 sium,
799 4293 918 4355 aliis
951 4308 1116 4362 super
1145 4293 1250 4348 alia
1284 4302 1488 4356 temere
1525 4297 1772 4366 abiectis,
1807 4301 2155 4370 congeriem?

585 4384 854 4437 calvarias
911 4385 1170 4440 carnibus
1208 4386 1460 4452 nudatus,
1510 4389 1811 4445 terribilem
1862 4391 2150 4462 quemdam

586 4489 648 4546 ac
676 4474 973 4529 deformem
1001 4485 1279 4546 aspectum
1307 4478 1590 4540 exhaustis
1623 4481 1798 4537 oculis
1817 4482 2154 4551 praebentes?

585 4566 778 4622 Vidisti
824 4582 919 4621 ora
979 4567 1276 4638 ringentia,
1334 4568 1650 4640 reliquaque
1698 4572 1941 4626 membra
1990 4582 2151 4641 prout

586 4655 702 4724 fors
731 4658 873 4721 tulit,
911 4657 1124 4713 divulsa
1152 4667 1312 4728 atque
1339 4661 1623 4728 dispersa?
1669 4661 1714 4716 si
1749 4663 1838 4714 illa
1863 4661 2068 4724 vidisti,
2103 4671 2154 4716 te

587 4751 764 4820 ipsum
790 4750 845 4804 in
877 4749 985 4804 illis
1016 4751 1298 4819 spectasti.
1338 4751 1439 4812 Ubi
1470 4752 1624 4822 signa
1649 4755 1930 4822 praesentis
1965 4753 2155 4811 ﬂoris?

587 4842 680 4911 ubi
731 4842 932 4897 coloris
971 4843 1184 4910 bonitas
1237 4843 1289 4896 in
1328 4842 1520 4913 genis?
1560 4845 1649 4898 ubi
1699 4844 1796 4900 (los
1842 4845 2156 4900 labiorum?

587 4933 692 4988 Ubi
717 4933 1024 4988 truculenta
1057 4949 1120 4987 ac
1153 4943 1306 4989 torva
1341 4935 1624 4989 oculorum
1661 4937 2028 5007 pulchritudo,
2053 4937 2156 4992 sub

585 5026 727 5080 vallo
760 5034 1280 5096 protegumentoque
1319 5026 1738 5102 superciliorum
1775 5027 2035 5082 elucens?
2065 5027 2155 5080 ubi

586 5125 769 5176 rectus
793 5132 960 5172 nasus
989 5117 1044 5170 in
1078 5115 1256 5171 medio
1289 5133 1547 5187 genarum
1580 5117 2154 5190 pulehritudiuiscol-

585 5209 840 5265 locatus?
869 5209 961 5264 ubi
991 5209 1056 5263 ad
1086 5208 1330 5271 cervices
1356 5225 1530 5280 usque
1562 5195 1814 5265 demissa:
1837 5209 2045 5264 comm?
2066 5208 2154 5261 ubi

584 5303 732 5357 circa
761 5310 1004 5373 tempora
1044 5300 1320 5356 cincinni?
1350 5301 1442 5367 ubi
1469 5303 1762 5372 sagittarize
1783 5302 2158 5372 jaculatrices-

585 5413 691 5466 que
721 5397 953 5451 manus?
996 5399 1335 5466 equitatores
1371 5397 1580 5466 pedes?
1622 5397 1712 5451 ubi
1746 5399 2024 5468 purpura?
2065 5396 2156 5452 ubi

584 5489 821 5558 byssus?
870 5489 961 5544 ubi
1001 5490 1492 5558 paludamentum?
1539 5491 1627 5546 ubi
1679 5491 2155 5549 balteus?calcea-

586 5576 732 5643 mina
756 5577 780 5631 ?
802 5579 1021 5645 equus?
1051 5579 1291 5636 cursus?
1339 5579 1626 5636 fremitus?
1668 5582 1869 5644 omnia,
1901 5597 1995 5652 per
2035 5595 2156 5651 quae

586 5686 732 5746 nunc
755 5671 852 5726 tibi
881 5671 1054 5726 fastus
1083 5675 1353 5743 augetur?
1382 5674 1488 5737 dic,
1519 5673 1607 5728 ubi
1635 5673 1770 5734 haec,
1797 5690 2024 5744 quorum
2059 5688 2155 5728 no-

659 5843 704 5898 ','
741 5843 869 5917 hev.
900 5860 1070 5910 nm,
1105 5848 1137 5899 6
1169 5861 1293 5918 sqq.

2326 4119 2439 4172 Ούκ
2464 4113 2600 4180 εἶδες
2626 4119 2683 4170 ὲν
2706 4115 3046 4188 πολυανδρίῳ
3081 4113 3150 4168 τὰ
3173 4114 3275 4184 τῆς
3303 4111 3510 4182 φύσεως
3533 4103 3666 4177 ἡμῶν
3691 4115 3759 4170 μιν

2258 4210 2484 4281 στήρια;
2546 4208 2644 4260 οὐκ
2693 4201 2833 4270 εἶδες
2872 4207 2971 4277 τὴν
3016 4203 3318 4274 ἐπάλληλον
3347 4202 3453 4256 τῶν
3489 4197 3661 4251 ὀστέων
3683 4208 3757 4243 am-

2258 4299 2442 4371 ρείανς
2476 4300 2675 4372 κρανία
2709 4300 2921 4370 σαρκῶν
2951 4294 3371 4367 γεγυμνωμένα,
3399 4288 3610 4363 φόδερὸν
3632 4281 3758 4372 texui

2255 4370 2490 4460 εἰδεχθὲς
2519 4370 2580 4442 γὲν
2608 4388 2868 4451 διακένοις
2892 4386 3178 4456 δεδορκότα
3221 4386 3333 4447 τοῖς
3363 4382 3614 4452 ὅμμασιν;
3652 4370 3757 4432 Εἶδες

2259 4483 2500 4551 στόματα
2527 4481 2816 4552 σεσηρότα,
2851 4478 2947 4532 καὶ
2972 4477 3039 4530 τὰ
3064 4477 3228 4530 λοιπὰ
3261 4474 3370 4528 τῶν
3402 4471 3567 4544 μελῶν
3589 4466 3696 4536 πρὸς
3717 4460 3758 4512 τὸ

2257 4594 2319 4629 συ
2328 4577 2468 4646 μὸὰν
2497 4574 2878 4646 πεφορημένα;
2915 4573 2976 4624 El
3005 4573 3186 4623 ἐκεῖνα
3201 4565 3360 4631 εἶδες,
3380 4563 3587 4620 σεαυτὸν
3608 4553 3761 4612 ὲνὲκεέ·

2255 4683 2364 4728 νοις
2387 4663 2666 4722 τεθέασαι.
2694 4664 2804 4718 Ποῦ
2831 4663 2923 4716 τοῦ
2953 4661 3214 4733 παρόντος
3237 4659 3428 4720 ἄνθους
3459 4655 3524 4708 τὰ
3549 4646 3758 4720 σύμῦολας

2257 4759 2358 4812 ποῦ
2376 4761 2409 4830 ἡ
2425 4757 2647 4829 εὔχροια
2661 4757 2758 4826 τῆς
2787 4755 3044 4826 παρειᾶς;
3075 4751 3174 4805 ποῦ
3191 4751 3252 4803 τὸ
3285 4749 3380 4803 ἐπὶ
3396 4746 3485 4801 τοῦ
3513 4742 3686 4815 χείλους

2258 4853 2368 4917 θος;
2395 4827 2497 4903 που
2513 4827 2574 4903 τὸ
2592 4849 2750 4920 βλοσυ
2759 4847 2846 4919 ρόν
2868 4849 2924 4900 ὲν
2939 4849 3053 4910 τοῖς
3065 4844 3273 4915 ὀμμασι
3285 4841 3476 4901 κάλλος
3491 4840 3550 4908 τῇ
3562 4827 3759 4926 περιεξολῇ

2256 4943 2362 4996 τῶν
2403 4943 2618 5014 ὀφρύων
2655 4938 3142 5011 ὑπολαμπόμενον;
3181 4934 3284 4988 ποῦ
3311 4937 3347 5005 ἡ
3373 4931 3548 4986 εὐθεῖα
3567 4923 3760 4999 pleias?

2256 5035 2443 5089 κάλλει
2466 5033 2573 5087 τῶν
2601 5032 2840 5104 παρειῶν
2870 5027 3258 5100 μεσιτεύουσας
3303 5022 3406 5077 ποῦ
3437 5023 3490 5074 αί
3515 5014 3760 5104 ἐπαυχένιίξι

2257 5130 2422 5200 κόμαι
2441 5146 2456 5196 ;
2479 5125 2580 5180 ποῦ
2597 5122 3060 5196 οἱπερικροτάφιοι
3080 5119 3360 5190 βόστρυχοι
3381 5134 3395 5182 ;
3420 5111 3517 5168 ποῦ
3534 5111 3583 5163 αἱ
3605 5100 3762 5205 τοξριζό-

2260 5195 2417 5292 μεναι
2429 5195 2636 5290 χεῖρες;
2657 5218 2706 5271 οἱ
2724 5195 3079 5285 ίππαζόμενοι
3096 5210 3252 5272 πόδες
3271 5227 3285 5274 ;
3304 5210 3338 5278 ἡ
3353 5203 3590 5276 πορφύρα
3602 5217 3614 5264 ;

2259 5283 2381 5379 cog;
2411 5283 2693 5385 χλανίς;
2731 5311 2765 5379 ἡ
2802 5283 2981 5376 ζώνη;
3011 5304 3078 5358 τὰ
3105 5301 3327 5388 πέδιλα;
3361 5300 3390 5351 ὁ
3421 5299 3599 5388 inme;
3629 5291 3651 5342 ό

2259 5424 2389 5478 μος;
2430 5406 2490 5460 τὸ
2532 5403 2827 5474 φρύαγμας
2863 5399 3060 5459 πάντα,
3087 5395 3154 5448 δι’
3186 5387 3260 5448 ὧν
3305 5409 3386 5444 σοι
3437 5388 3540 5488 νῦν·
3569 5385 3594 5436 ὀ
3618 5385 3760 5488 fit?“

2256 5498 2514 5563 αὖξεται;
2568 5493 2678 5548 Ποῦ
2703 5492 2876 5547 ταῦτα
2907 5493 2963 5543 ὲν
2991 5487 3240 5548 ἐκείνοις,
3282 5482 3425 5544 εἰπὲ,
3456 5478 3584 5548 ὑπὲρ
3611 5478 3672 5526 ὡν
3691 5481 3758 5518 νυν

2257 5589 2458 5660 ἐπαίρῃ
2483 5586 2577 5640 καὶ
2608 5581 3062 5657 μεγαλοφρονεῖςς
3093 5578 3249 5630 Ποῖον
3271 5573 3440 5635 οὕτως
3459 5566 3759 5660 ἀνυπόστιιτῦν

2256 5683 2416 5754 ὀναρ;
2444 5682 2578 5735 Ποῖα
2600 5675 2815 5733 τοιαῦτα
2844 5673 2902 5742 ἐξ
2927 5671 3094 5726 ὕπνου
3118 5668 3502 5739 φαντάσματας
3532 5659 3616 5722 Τίς
3632 5651 3758 5711 οὕτως
