4004 6488
248 428 389 488 1205

1303 424 1394 483 DE
1420 425 2008 484 BEATITUDINIBUS.
2055 423 2309 482 ORATIO
2344 425 2379 480 Ι.

3347 418 3482 475 1206

244 548 485 620 ἀδρινὴς
524 550 651 600 σκιὰ
694 544 792 617 τὴν
838 542 981 613 ἁφὴν
1026 540 1437 611 ὕποφεύγουσα,
1491 540 1567 603 ὼς
1604 539 1666 593 τὸ
1722 538 1867 609 τῆςλ

1980 538 2067 594 ine
2098 554 2241 592 nunc
2286 537 2496 591 animos
2551 534 2697 589 tollis
2742 543 2796 589 et
2838 532 3110 603 superbis,
3154 546 3485 602 magnosque

245 642 502 711 νεότητος
550 640 681 707 δναρ
726 634 859 706 όμοῦ
887 651 947 686 τε
986 634 1310 703 φαινόμενον
1348 634 1441 686 καὶ
1474 631 1634 695 εὐθὺς
1676 648 1820 702 παρ-

249 734 586 803 ιπτάμενονς
619 728 805 782 Ταύτά
837 744 925 798 μοι
960 727 1097 798 πρὸς
1124 727 1250 789 τοὺς
1284 726 1342 779 ὲν
1374 725 1585 795 νεότητι
1626 724 1713 778 διὰ
1760 725 1821 777 τὸ

249 826 439 887 ἀτελὲς
472 824 571 893 τῆς
602 821 813 891 ἡλικίας
857 820 1239 891 ἀφραίνοντας.
1294 816 1359 869 Τί
1401 816 1444 869 δ’
1473 816 1537 872 ἄν
1568 832 1651 879 τις
1681 818 1822 869 είποι

252 915 521 988 περὶτῶν
557 913 657 985 ἤδη
701 910 1133 981 καθεστηκότων,
1181 905 1262 972 οἷς
1306 910 1341 979 ὴ
1396 907 1494 979 μὲν
1528 907 1711 978 ἡλικία
1735 906 1823 977 βέ-

254 1007 429 1077 ϐηκεν
457 1045 473 1070 ,
518 1004 738 1058 ἀστατεῖ
764 1002 821 1055 δὲ
863 1001 923 1054 τὸ
954 997 1105 1071 ἦθος,
1141 1001 1232 1053 καὶ
1257 1001 1289 1069 ἡ
1322 998 1475 1061 νόσος
1498 999 1597 1068 τῆς
1624 998 1827 1068 ὑπερη-

257 1096 457 1165 φανίας
496 1092 745 1157 αύξεται·
785 1089 955 1159 ὄνομα
988 1087 1045 1141 δὲ
1074 1090 1138 1157 τῇ
1171 1086 1390 1157 τοιαύτῃ
1416 1085 1693 1158 ἀρρωστίᾳ
1734 1084 1825 1137 τοῦ

259 1186 429 1257 ηθους
456 1182 709 1254 φρόνημα
740 1177 976 1231 τίθενται
1004 1196 1017 1207 ·
1068 1176 1210 1246 ἀρχὴ
1239 1176 1295 1228 δὲ
1317 1174 1391 1238 ὼς
1422 1172 1707 1226 ὲπιτοπολὺ
1738 1173 1829 1225 καὶ

262 1281 297 1346 ὴ
320 1275 442 1330 κατ’
467 1272 630 1344 αὐτὴν
658 1268 959 1332 δυναστεία,
987 1269 1021 1338 ὴ
1050 1267 1146 1336 τῆς
1174 1265 1546 1337 ὑπερηφανίας
1577 1265 1831 1326 ὑπόθεσις

263 1371 496 1440 γίνεται.
548 1363 615 1417 Ἦ
660 1362 769 1434 γὰρ
802 1364 861 1414 ὲν
892 1361 1028 1430 αὐτῇ
1073 1358 1231 1411 τοῦτο
1275 1360 1592 1426 πάσχουσιν,
1632 1356 1665 1427 ἢ
1698 1356 1833 1427 πρὸς

263 1462 439 1531 αὐτὴν
469 1457 860 1528 ὲτοιμάζονται,
889 1453 924 1524 ἢ
953 1453 1021 1505 τὰ
1049 1451 1176 1521 περὶ
1200 1452 1367 1521 αὐτῆς
1390 1450 1698 1520 διηγήματα
1742 1450 1834 1502 καὶ

265 1549 627 1620 παυσαμένην
678 1547 777 1618 ἤδη
827 1545 1087 1607 πολλάκις
1130 1541 1473 1613 ἀναῤῥιπίζει
1519 1539 1616 1611 τὴν
1659 1540 1831 1593 νόσον.

267 1646 384 1698 Καὶ
408 1643 491 1706 τίς
519 1639 676 1708 λόγος
706 1636 966 1700 τοιοῦτος,
996 1635 1071 1699 ὡς
1096 1635 1244 1696 ἐντὸς
1271 1632 1518 1701 γενέσθαι
1544 1632 1644 1701 τῆς
1668 1631 1838 1700 ἀκοῆς

269 1733 473 1796 αὐτῶν,
502 1732 600 1802 τῆς
648 1729 751 1782 ὑπὸ
780 1728 879 1798 τῆς
915 1727 1096 1796 φωνῆς
1129 1725 1237 1778 τῶν
1276 1723 1530 1794 κηρύκων
1576 1722 1840 1793 προϐεϐυ⁶

272 1825 515 1895 σμένης;
546 1822 643 1884 Τίς
673 1819 849 1873 πείσει
876 1820 1001 1880 τοὺς
1029 1815 1199 1880 οὕτως
1238 1816 1476 1885 ἔχοντας,
1505 1816 1586 1867 ὅτι
1611 1814 1717 1867 τῶν
1748 1812 1839 1866 ἐπὶ

273 1916 485 1985 σκηνῆς
525 1911 913 1982 πομπευόντων
956 1908 1064 1961 οὐδ’
1103 1906 1281 1961 ὁτιοῦν
1330 1907 1639 1979 διαφέρουσι
1673 1925 1687 1971 ;
1734 1909 1845 1961 Kal.

276 2010 389 2077 γὰρ
432 2005 658 2066 ἐκείνοις
700 2003 792 2056 καὶ
823 2000 1111 2071 πρόσωπόν
1143 2016 1196 2051 τι
1239 2002 1303 2052 ὲκ
1346 1999 1540 2069 τέχνης
1573 2000 1679 2052 τῶν
1719 1999 1848 2068 γλα-

278 2095 470 2169 φυρῶν
498 2094 850 2163 ἐπιϐέϐληται
872 2130 886 2155 ,
918 2091 1012 2144 καὶ
1042 2090 1295 2161 ἁλουργὶς
1321 2091 1713 2161 χρυσόπαστος,
1754 2091 1848 2169 καὶἲ

279 2157 375 2241 sui
398 2190 639 2259 ἅρματος
662 2185 694 2254 ἡ
722 2157 932 2253 πομπὴ,
963 2181 1056 2234 καὶ
1081 2157 1228 2251 ὅμως
1250 2157 1470 2252 οὐδεμία
1493 2182 1645 2246 νόσος
1669 2157 1851 2246 αὐτοῖς

282 2275 659 2347 ὑπερηφανίας
689 2275 752 2326 ὲκ
784 2271 892 2325 τῶν
919 2272 1176 2324 τοιούτων
1204 2272 1507 2342 εἰσέρχεται
1536 2290 1549 2302 ·
1599 2272 1715 2325 ἀλλ’
1752 2267 1853 2326 οἷοι

282 2369 393 2441 πρὸ
419 2370 517 2439 τῆς
546 2367 749 2437 σκηνῆς
780 2360 918 2436 ἦσαν
952 2364 1013 2418 τὸ
1044 2365 1323 2435 φρόνημα.
1365 2363 1485 2434 ἴσην
1510 2364 1600 2417 ἐπὶ
1623 2368 1687 2436 τῇ
1709 2365 1852 2436 ψυχῇ

283 2462 385 2530 τὴν
426 2456 538 2523 ἕξιν
570 2458 664 2511 καὶ
702 2458 795 2509 ἐπὶ
826 2457 924 2527 τῆς
956 2456 1180 2527 πομπῆς
1208 2455 1552 2519 διεσώσαντο,
1589 2458 1683 2510 καὶ
1719 2457 1858 2528 μετά

285 2553 447 2605 τοῦτο
471 2552 571 2604 οὐκ
597 2549 874 2613 ἀνιῶνται,
905 2549 1001 2603 τοῦ
1022 2557 1093 2602 ’τε
1133 2549 1377 2621 ἅρματος
1407 2550 1728 2615 ἀποϐάντες,
1764 2551 1858 2605 καὶ

287 2643 353 2695 τὸ
383 2643 565 2713 σχῆμα
590 2641 1048 2713 περιαιρούμενοι.
1097 2641 1159 2693 Ol
1189 2641 1245 2694 δὲ
1274 2640 1360 2694 διά
1384 2640 1483 2711 τῆς
1512 2642 1686 2713 ἀρχῆς
1715 2660 1858 2713 πομ-

290 2734 548 2797 πεύοντες
589 2736 646 2787 ὲν
695 2736 761 2805 τῇ
794 2732 886 2785 τοῦ
915 2732 1032 2802 βίου
1063 2734 1231 2802 σκηνῇ
1257 2772 1272 2795 ,
1320 2732 1442 2786 οὔτε
1473 2734 1534 2786 τὸ
1576 2734 1682 2805 πρὸ
1728 2733 1861 2805 βρα-

292 2826 436 2895 χέος,
474 2826 595 2879 οὔτε
634 2826 696 2879 τὸ
746 2826 882 2896 μετά
912 2825 1083 2896 βραχὺ
1122 2823 1476 2896 λογιζόμενοι,
1510 2827 1757 2899 καθάπερ
1787 2825 1863 2896 τῷ

296 2920 578 2988 φυσήματι
620 2918 676 2969 αί
720 2915 1062 2987 πομφόλυγες
1107 2916 1497 2988 περιτείνονται
1522 2935 1535 2947 ο
1586 2917 1676 2971 τὸν
1706 2918 1865 2972 αὑτὸν

295 3008 496 3080 τρόπον
524 3008 616 3061 καὶ
642 3000 787 3061 οὗτοι
821 3005 1233 3079 περιογκοῦνται
1260 3009 1327 3077 τῇ
1360 3007 1738 3078 μεγαλοφωνίᾳ.
1773 3008 1865 3061 τοῦ

298 3103 563 3172 κήρυκος,
608 3100 703 3153 καὶ
754 3100 1033 3173 ἀλλοτρίου
1077 3100 1223 3165 τινὸς
1266 3101 1607 3173 προσωπείου
1658 3102 1869 3171 μορφὴν

1921 631 2019 685 tibi
2077 631 2305 700 Spiritus
2353 628 2525 684 sumis
2564 628 2617 681 in
2651 626 2797 681 illis?
2837 626 2983 695 quod
3034 623 3305 679 somnium
3351 623 3486 677 adeo

1921 737 2120 776 vanum
2148 730 2200 775 et
2229 735 2336 775 non
2370 718 2677 775 subsistens
2696 717 2722 771 ?
2767 730 3013 787 quaenam
3043 729 3110 769 ex
3135 728 3330 768 somno
3358 713 3487 766 talia

1922 814 2040 868 visa
2059 814 2083 867 ?
2100 828 2220 883 qua
2250 811 2441 866 umbra
2468 810 2603 865 adeo
2626 810 2806 863 tenuis
2831 815 3031 861 tactum
3065 803 3488 874 subterfugiens,

1923 916 1983 962 ut
2007 905 2308 975 juventutis
2347 902 2618 959 somnium
2672 900 2832 956 simul
2868 907 2922 954 et
2956 912 3243 968 apparens,
3277 904 3331 951 et
3366 911 3493 964 pro.-

1925 1000 2074 1051 tinus
2106 993 2536 1066 praetervolans?
2583 991 2706 1045 liae
2755 990 2821 1044 ad
2851 1005 2947 1044 eos
2993 988 3087 1058 qui
3119 988 3172 1041 in
3211 988 3495 1057 juventute

1927 1096 2149 1159 pr0pter
2177 1087 2354 1141 atatis
2382 1085 2551 1139 robur
2578 1080 2953 1152 imperfectum
2982 1079 3165 1132 minus
3197 1076 3415 1146 sapiunt
3465 1092 3496 1128 a

1928 1196 2016 1235 me
2045 1181 2189 1234 dicta
2214 1177 2341 1233 sint.
2394 1175 2535 1242 Quid
2574 1184 2752 1227 autem
2786 1171 2929 1227 dicat
2952 1170 3150 1239 aliquis
3183 1170 3249 1223 de
3283 1168 3350 1222 iis
3391 1166 3483 1236 qui

1930 1280 2088 1328 aetate
2133 1270 2246 1338 jam
2289 1269 2453 1339 pleni,
2508 1264 2815 1327 constituti,
2859 1260 3278 1330 confirmatique
3324 1257 3499 1313 sunt?

1934 1366 1989 1419 in
2019 1363 2216 1436 quibus
2244 1369 2375 1416 atas
2404 1358 2623 1431 quidem
2657 1354 2890 1415 stabilis.
2924 1369 3103 1408 mores
3127 1360 3307 1406 autem
3340 1357 3393 1405 et
3419 1349 3502 1402 in-

1935 1457 2151 1527 genium
2178 1451 2435 1507 instabile
2470 1458 2573 1514 est,
2608 1448 2831 1503 morbus
2879 1447 3006 1500 item
3048 1442 3312 1512 superbia
3341 1456 3505 1511 auge-

1935 1556 2055 1601 tur:
2094 1559 2287 1599 nomen
2317 1550 2496 1597 autem
2522 1536 2791 1610 ejusmodi
2817 1534 3016 1605 ingenii
3043 1533 3253 1594 morbo,
3282 1530 3507 1600 spiritus

1937 1649 1991 1696 et
2022 1639 2198 1693 fastus
2231 1635 2553 1705 imponitur.
2603 1631 2955 1701 Magistratus
2998 1633 3200 1688 autem,
3250 1621 3507 1693 quodque

1939 1732 1989 1787 ei
2018 1730 2333 1799 adjunctum
2363 1732 2466 1790 est,
2494 1722 2779 1793 imperium
2804 1728 2963 1788 atque
2986 1722 3248 1785 potestas,
3273 1714 3509 1782 plerum-

1943 1837 2051 1893 que
2085 1817 2354 1888 superbia
2383 1814 2665 1869 materiam
2687 1820 2741 1865 et
2769 1808 3116 1864 occasionem
3151 1803 3372 1874 prabet.
3408 1803 3514 1855 Aut

1944 1919 2088 1974 enim
2116 1916 2169 1971 in
2214 1914 2333 1983 ipso
2364 1911 2687 1981 magistratu
2738 1905 2792 1961 id
2836 1904 3024 1959 vitium
3067 1900 3377 1955 admittunt,
3422 1902 3514 1946 aut

1946 2011 2050 2064 hoc
2074 2007 2209 2061 vitio
2236 2002 2455 2074 impulsi
2480 2002 2546 2055 ad
2574 2016 2696 2055 eum
2729 1998 2996 2068 aspirant,
3026 2001 3119 2055 aut
3145 2000 3426 2045 sermones
3451 1984 3516 2036 de

1947 2100 2270 2170 magistratu
2304 2094 2436 2149 illati
2471 2104 2842 2163 saepenumero
2870 2087 3103 2157 sopitum
3134 2084 3244 2154 jam
3273 2078 3517 2134 morbum

1948 2194 2307 2250 exsuscitant.
2365 2183 2432 2239 Et
2464 2198 2713 2255 quanam
2745 2177 3011 2259 ejusmodi
3056 2175 3232 2229 oratio
3278 2171 3370 2231 sit,
3404 2184 3523 2237 qua:

1952 2302 2112 2342 aures
2141 2299 2331 2339 eorum
2360 2296 2389 2334 a
2420 2289 2732 2348 praconum
2754 2286 2887 2326 voee
2911 2269 3206 2340 praelusas
3237 2268 3526 2333 penetrare

1953 2378 2158 2450 possit?
2206 2375 2329 2446 quis
2379 2372 2455 2426 ita
2507 2365 2716 2421 affectis
2773 2359 3143 2434 persuadebit,
3192 2352 3337 2423 quod
3390 2349 3529 2403 nihil

1955 2446 2251 2542 quidquam
2306 2463 2531 2520 omnino
2573 2457 2826 2511 differant
2872 2453 2940 2506 ab
2996 2451 3063 2505 iis
3110 2446 3202 2517 qui
3257 2447 3309 2499 in
3367 2456 3527 2499 scena

1958 2579 2081 2618 cum
2111 2572 2307 2630 pompa
2339 2549 2656 2626 prodeunt?
2685 2545 2896 2601 Etenim
2924 2542 3031 2597 illis
3059 2552 3276 2610 quoque
3304 2547 3536 2604 persona

1962 2628 2205 2723 quadam
2230 2663 2296 2702 ex
2319 2652 2436 2698 arte
2462 2640 2632 2711 polita
2662 2643 2825 2705 atque
2858 2639 3073 2694 ornata,
3104 2628 3378 2694 vestisque
3407 2637 3535 2692 pur-

1960 2722 2131 2817 purea
2163 2755 2299 2794 auro
2338 2738 2626 2791 intertexta
2663 2730 2865 2797 injecta
2896 2731 3001 2789 est,
3052 2730 3106 2777 et
3139 2722 3191 2774 in
3229 2733 3392 2773 curru
3424 2730 3537 2767 ma—

1963 2809 2158 2908 gnifice
2182 2830 2533 2887 invehuntur,
2574 2830 2627 2877 et
2657 2831 2839 2875 tamen
2880 2817 3066 2870 nullus
3100 2809 3368 2880 superbia:
3396 2820 3536 2859 mor-

1964 2902 2067 2982 bus
2098 2940 2194 2980 eos
2216 2939 2281 2976 ex
2311 2921 2472 2974 rebus
2513 2911 2782 2984 ejusmodi
2812 2907 3022 2963 invadit
3050 2923 3064 2968 ;
3107 2902 3201 2957 sed
3229 2914 3338 2970 quo
3374 2911 3541 2952 sensu

1967 3025 2129 3086 atque
2159 3012 2353 3083 spiritu
2384 3017 2541 3064 erant
2569 3013 2857 3071 antequam
2891 3000 2946 3052 in
2983 3008 3202 3053 scenam
3236 2990 3538 3061 prodirent,

1969 3108 2219 3163 eumdem
2249 3104 2304 3156 in
2349 3102 2533 3155 animo
2578 3097 2822 3151 habitum
2862 3092 3026 3146 etiam
3069 3089 3123 3142 in
3174 3099 3367 3156 pompa
3410 3096 3546 3137 con-

299 3194 516 3255 ὲαυτοίς
566 3192 1022 3263 περιπλάσσουσιν
1045 3229 1062 3255 ,
1106 3189 1524 3256 ὲξαλλάσσοντες
1572 3192 1668 3263 τὴν
1731 3192 1867 3245 κατὰ

1976 3204 2220 3257 servant,
2248 3202 2301 3248 et
2324 3199 2511 3262 postea
2536 3204 2643 3243 non
2665 3201 2805 3257 agre
2830 3183 3029 3245 ferunt,
3054 3195 3229 3249 neque
3250 3183 3545 3247 anguntur,

304 3286 467 3353 φύσιν
508 3282 601 3337 τοῦ
631 3285 921 3356 προσώπου
954 3284 1100 3338 θέσιν
1132 3286 1211 3347 εἰς
1251 3284 1311 3337 τὸ
1349 3286 1572 3355 ἀμειδὲς
1613 3285 1709 3339 κα)⁸
1754 3288 1875 3338 ὲπί-

307 3376 493 3447 φοϐον,
517 3376 748 3446 φθόγγος
772 3394 830 3429 τε
851 3377 1030 3441 αὐτοῖς
1055 3378 1345 3430 ἐπινοεῖται
1370 3377 1720 3448 τραχύτερος,
1742 3378 1877 3449 πρὸς

308 3468 409 3537 τὴν
436 3468 544 3520 τῶν
572 3468 875 3522 ἀκουόντων
901 3468 1238 3539 κατάπληξιν
1276 3470 1367 3521 ἐπὶ
1392 3468 1451 3521 τὸ
1482 3469 1743 3540 θηριῶδες
1780 3487 1879 3541 με-

310 3556 747 3627 τατυπούμενοςο
791 3559 971 3612 οὐκέτι
1010 3561 1069 3613 ὲν
1102 3562 1216 3623 τοῖς
1245 3560 1602 3631 ἀνθρωπίνοις
1634 3562 1881 3632 μένουσιν

312 3651 483 3721 ὅροις,
531 3649 644 3702 ἀλλ’
684 3652 763 3714 είς
802 3652 901 3723 τὴν
945 3651 1095 3705 θείαν
1118 3652 1342 3721 δύναμίν
1385 3669 1442 3704 τε
1492 3652 1586 3706 καὶ
1637 3653 1883 3719 ἐξουσίαν

318 3741 541 3803 ἑαυτοὺς
572 3742 915 3796 εἰσποιοῦσιν.
978 3745 1133 3815 Ζωῆς
1176 3746 1284 3816 γὰρ
1333 3747 1425 3799 καὶ
1452 3745 1679 3801 θανάτου
1707 3746 1885 3818 κύριοι

319 3827 459 3885 εἶναι
492 3832 856 3898 πιστεύουσιν,
891 3836 1107 3889 ὅτιτῶν
1143 3836 1200 3888 ὲν
1229 3837 1411 3901 αὐτοῖς
1449 3838 1780 3909 κρινομένων
1811 3836 1888 3908 τῷ

329 3925 427 3995 μὲν
455 3926 555 3995 τὴν
607 3924 883 3988 σώζουσαν
920 3925 1143 3996 νέμουσι
1190 3928 1400 3998 ψῆφον,
1441 3929 1532 3982 τὸν
1571 3929 1630 3981 δὲ
1678 3928 1889 4000 θανάτῳ

324 4013 774 4077 καταδικάζουσι·
807 4013 900 4065 καὶ
924 4014 1043 4066 οὐδὲ
1083 4015 1241 4068 τοῦτο
1273 4015 1545 4085 βλέπουσι.
1571 4014 1654 4078 τίς
1680 4014 1892 4088 ἀληθῶς

325 4107 425 4175 τῆς
450 4104 794 4175 ἀνθρωπίνης
826 4104 972 4175 ζωῆς
1014 4104 1222 4177 κύριος,
1273 4109 1301 4160 ό
1340 4107 1435 4160 καὶ
1463 4106 1560 4178 τὴν
1592 4106 1766 4178 ἀρχὴν
1798 4106 1892 4159 τοῦ

330 4193 469 4252 εἶναι
512 4198 606 4251 καὶ
650 4196 711 4250 τὸ
747 4196 901 4260 τέλος
942 4195 1170 4269 ὁρίζωνο
1220 4198 1396 4252 καίτοι
1428 4214 1491 4265 γε
1540 4198 1695 4251 τοῦτο
1738 4198 1895 4268 μόνον

334 4290 514 4343 ἱκανὸν
533 4286 601 4360 ἦν
631 4293 709 4353 είς
738 4290 1072 4362 καταστολὴν
1098 4291 1197 4360 τῆς
1222 4289 1563 4361 χαυνότητος,
1589 4289 1650 4342 τὸ
1672 4289 1897 4353 πολλοὺς

336 4382 465 4436 ἰδεῖν
488 4380 595 4433 τῶν
627 4381 897 4452 ἀρχόντων
927 4384 983 4434 ὲν
1027 4382 1164 4452 αὐτῇ
1203 4384 1268 4452 τῇ
1299 4381 1396 4450 τῆς
1426 4382 1598 4452 ἀρχῆς
1627 4384 1797 4453 σκηνῇ
1836 4382 1899 4433 ὲκ

337 4474 517 4545 μέσων
550 4472 925 4543 ἀρπασθέντας
966 4471 1075 4524 τῶν
1108 4472 1333 4543 θρόνων,
1379 4472 1472 4525 καὶ
1516 4472 1607 4525 ἐπὶ
1650 4473 1773 4536 τοὺς
1806 4474 1900 4526 τά-

1977 3289 2120 3361 quod
2149 3301 2204 3340 et
2237 3285 2306 3340 de
2333 3298 2498 3338 curru
2528 3276 2937 3337 descenderint,
2965 3280 3020 3328 et
3056 3271 3273 3325 habitus
3302 3267 3437 3336 ipsis
3457 3265 3559 3320 ἀοι

1979 3357 2228 3435 trahatur
2256 3385 2311 3431 et
2337 3375 2629 3429 adimatur.
2682 3371 2749 3423 At
2782 3366 2857 3422 illi
2883 3366 2976 3434 qui
3008 3379 3102 3435 per
3131 3373 3344 3431 tempus
3385 3357 3555 3427 magi-

1981 3480 2185 3530 stratus
2232 3481 2484 3540 pompam
2528 3464 2584 3518 in
2630 3475 2795 3518 scena
2844 3460 2969 3513 vita
3005 3457 3233 3519 ducunt,
3270 3465 3445 3519 neque
3478 3447 3561 3511 id,

1981 3563 2127 3636 quod
2157 3561 2320 3634 paulo
2356 3565 2482 3612 ante
2521 3553 2782 3626 praeteriit
2805 3592 2820 3614 ,
2859 3563 3035 3619 neque
3068 3546 3212 3617 quod
3241 3543 3403 3614 paulo
3437 3549 3561 3610 post

1984 3632 2234 3725 sequitur
2251 3656 2594 3722 reputantes,
2617 3641 3076 3715 quemadmodum
3103 3636 3260 3691 bulla
3284 3632 3564 3687 inﬂatione

1986 3746 2347 3804 intenduntur
2382 3750 2434 3797 et
2467 3742 2871 3794 intumescunt:
2925 3730 3116 3786 eodem
3153 3728 3311 3783 modo
3342 3726 3397 3779 hi
3428 3738 3566 3794 quo-

1987 3853 2094 3908 que
2124 3835 2191 3889 ad
2218 3830 2602 3888 claritudinem
2627 3825 2778 3880 vocis
2800 3821 3068 3892 praconis
3095 3819 3487 3873 intumescunt.
3512 3820 3571 3866 et

1990 3928 2223 3995 alicujus
2258 3925 2449 3979 aliena
2487 3933 2739 3990 persona
2781 3917 3011 3969 formam
3052 3910 3154 3965 sibi
3188 3916 3434 3969 sumunt,
3467 3919 3567 3962 na—

1992 4017 2219 4072 turalem
2251 4015 2495 4067 habitum
2522 4011 2707 4063 vultus
2732 4012 3029 4067 mutantes,
3061 4009 3115 4056 et
3142 4000 3197 4053 in
3224 3996 3570 4053 severitatem

1994 4119 2155 4179 atque
2184 4114 2445 4161 terrorem
2468 4108 2879 4170 componentes,
2899 4108 3176 4162 sonusque
3209 4090 3276 4144 ab
3313 4089 3394 4143 eis
3418 4101 3573 4155 asper

1996 4203 2109 4255 rior
2157 4197 2224 4252 ad
2268 4194 2604 4250 audientium
2641 4189 3062 4246 concussionem
3108 4194 3163 4240 et
3190 4184 3477 4238 horrorem
3513 4179 3568 4233 in

1998 4292 2265 4346 feritatem
2324 4292 2720 4339 transmutatus
2764 4279 3128 4349 excogitatur,
3182 4291 3289 4330 non
3341 4272 3580 4343 amplius

2001 4386 2143 4438 intra
2180 4379 2445 4434 terminos
2494 4375 2763 4429 humanos
2793 4387 2853 4428 se
2884 4370 3191 4431 continent,
3233 4366 3325 4420 sed
3354 4365 3407 4418 in
3439 4363 3577 4419 divi-

2003 4490 2126 4529 nam
2180 4480 2234 4528 et
2286 4468 2584 4540 potentiam
2639 4473 2694 4520 et
2740 4470 3062 4534 potestatein
3118 4476 3177 4515 se
3226 4459 3481 4527 ingerunt
3528 4464 3600 4508 et.

336 4582 469 4635 φους
507 4564 946 4635 ἐκκομισθέντας,
977 4564 1060 4634 ἐφ’
1086 4558 1161 4619 ὧν
1188 4566 1216 4618 ὁ
1242 4564 1437 4635 θρῆνος
1463 4564 1561 4629 τὰς
1591 4564 1699 4619 τῶν
1727 4564 1867 4637 κηρύ

1972 4561 1977 4592 ⁵
2008 4564 2314 4621 intrudnnt.
2348 4559 2481 4614 Nam
2507 4560 2628 4613 vita
2657 4558 2916 4625 necisque
2939 4570 2997 4608 se
3020 4560 3339 4624 potestatem
3376 4548 3576 4603 habere

338 4675 449 4711 κων
480 4656 662 4725 φωνὰς
690 4656 978 4721 διεδέξατο.

2011 4657 2259 4721 credunt,
2305 4652 2451 4724 quod
2481 4666 2546 4706 ex
2581 4650 2650 4704 iis
2696 4648 2788 4719 qui
2816 4661 3016 4701 causas
3074 4642 3216 4713 apud
3250 4656 3345 4696 eos
3378 4635 3587 4701 dicunt,

340 4752 505 4804 alium
580 4749 795 4819 quidem
841 4750 1112 4804 sententia
1160 4765 1257 4804 sua
1318 4758 1558 4817 servant,
1611 4750 1779 4806 alium
1830 4769 1961 4809 vero
1998 4751 2192 4823 capitis
2240 4745 2628 4802 condemnant.
2662 4742 2737 4795 Ac
2766 4755 2836 4794 ne
2862 4739 2966 4793 hoc
2993 4736 3211 4807 quidem
3238 4732 3441 4793 vident,
3463 4729 3587 4800 quis

338 4859 467 4897 vere
502 4844 750 4895 humana
784 4841 906 4896 vita
932 4850 1251 4911 potestatem
1298 4841 1525 4904 habeat,
1564 4842 1815 4897 videlicet
1868 4845 1963 4915 qui
2008 4822 2075 4897 et
2102 4840 2317 4895 initium
2352 4845 2407 4891 et
2438 4835 2595 4889 linem
2625 4840 2837 4887 natura
2866 4829 3063 4885 statuit
3091 4846 3104 4881 :
3135 4836 3457 4894 quanquam.
3488 4822 3589 4874 hoc

343 4936 518 4990 solum
551 4939 681 4991 satis
710 4944 856 4991 esset
888 4934 954 4988 ad
981 4935 1382 5004 reprimendum
1410 4944 1607 4989 vanum
1631 4944 1895 4991 tumorem
1939 4945 2101 5004 atque
2127 4930 2485 4991 inﬂationem,
2511 4924 2654 4995 quod
2685 4924 2885 4978 multos
2908 4920 3289 4987 magistratum
3317 4921 3589 4985 gerentes.

343 5038 395 5084 et
431 5032 483 5083 in
522 5030 749 5101 imperio
777 5028 1103 5083 constitutos
1132 5028 1184 5081 in
1212 5029 1329 5099 ipsa
1358 5030 1710 5099 magistratus
1750 5046 1912 5086 scena
1940 5046 1971 5085 e
2002 5028 2195 5083 mediis
2230 5024 2383 5079 soliis
2414 5032 2468 5076 et
2510 5018 2875 5074 tribunalibus
2904 5021 3111 5084 raptos,
3146 5018 3203 5066 et
3233 5008 3300 5063 ad
3342 5005 3594 5077 sepulcra

344 5131 591 5193 portatus
622 5121 896 5183 viderunt,
933 5121 986 5173 in
1014 5119 1214 5188 quibus
1261 5120 1575 5173 lamentatio
1612 5136 1774 5175 voces
1802 5121 2070 5190 praeonis
2094 5117 2324 5186 excepit.

417 5217 541 5278 Πῶς
572 5210 663 5268 οὖν
693 5213 974 5282 ἀλλοτρίας
1006 5212 1148 5281 ζωῆς
1178 5211 1364 5283 κύριος
1410 5215 1438 5264 ὁ
1469 5212 1566 5281 τῆς
1606 5213 1740 5276 ἰδίας
1765 5213 1916 5267 ἀλλό-

346 5324 530 5381 τριος;
574 5307 685 5360 Καὶ
709 5300 862 5368 οὗτος
893 5304 1068 5357 τοίνυν
1105 5304 1153 5355 εί
1196 5304 1460 5372 πτωχεύει
1507 5304 1584 5373 τῷ
1627 5305 1916 5375 πνεύματι,

349 5401 485 5472 πρὸς
520 5398 609 5451 τὸν
649 5398 715 5450 δι’
756 5398 905 5468 ἡμᾶς
947 5394 1336 5465 πτωχεύσαντα
1382 5396 1641 5459 ἑκουσίως
1689 5396 1918 5466 βλέπων,

350 5490 443 5543 καὶ
466 5488 601 5560 πρὸς
628 5488 690 5540 τὸ
716 5488 817 5557 τῆς
846 5487 1058 5556 φύσεως
1085 5487 1340 5557 ὁμότιμον
1360 5485 1626 5557 καθορῶν,
1664 5488 1828 5557 μηδὲν
1860 5490 1923 5541 ἐκ

350 5581 453 5651 τῆς
486 5578 845 5649 ὴπατημένης
892 5578 1103 5648 ἐκείνης
1136 5578 1265 5647 περὶ
1311 5577 1483 5647 ἀρχὴν
1513 5579 1815 5649 τραγῳδίας
1845 5581 1925 5641 είς

355 5670 417 5724 τὸ
448 5668 706 5739 ὁμογενὲς
744 5666 1033 5736 ὲξυϐρίζοι,
1077 5664 1407 5737 μακαριστὸς
1445 5664 1657 5734 ἀληθῶς
1700 5664 1799 5733 τῆς
1827 5681 1914 5717 τα-

359 5758 784 5831 πεινοφροσύνης
832 5758 931 5827 τῆς
974 5756 1337 5828 προσκαίρου,
1386 5757 1483 5826 τὴν
1530 5755 1637 5808 τῶν
1683 5756 1925 5827 οὐρανῶν

363 5851 639 5923 βπσιλείαν
682 5848 1164 5920 ἀνταλλαξάμενος.
1211 5850 1301 5920 Μὴ
1357 5848 1664 5919 ἀποϐάλῃς,
1710 5849 1928 5918 ἀδελφέ,

2092 5207 2377 5277 Quomodo
2407 5206 2572 5276 igitur
2597 5203 2790 5258 aliena
2822 5200 2951 5253 vita.
2981 5203 3301 5268 potestatem
3329 5191 3493 5246 habet
3525 5192 3594 5250 is.

2024 5304 2117 5374 qui
2150 5318 2180 5355 a
2216 5313 2315 5356 sua
2351 5300 2523 5369 ipsius
2554 5298 2667 5353 vita
2708 5297 2920 5351 alienus
2951 5290 3079 5346 est?
3135 5286 3201 5340 Et
3231 5286 3321 5339 hic
3360 5284 3527 5354 igitur
3551 5283 3599 5337 si

2028 5410 2233 5465 pauper
2261 5400 2345 5447 est
2386 5391 2601 5461 spiritu,
2651 5403 2751 5442 sua
2783 5393 2977 5455 sponte
3013 5380 3313 5448 respiciens
3353 5376 3422 5430 ad
3472 5390 3598 5431 eum

2030 5486 2120 5553 qni
2154 5491 2377 5554 prepter
2410 5495 2511 5533 nos
2546 5493 2748 5549 pauper
2774 5489 2827 5529 et
2850 5487 3052 5543 egenus
3080 5469 3199 5532 fuit,
3226 5481 3601 5521 communem-

2030 5589 2138 5645 que
2167 5581 2375 5626 natura:
2404 5580 2604 5624 sortem
2642 5575 2803 5635 atque
2836 5561 3203 5617 conditionem
3249 5567 3374 5612 ante
3413 5556 3617 5610 oculos.

2033 5677 2266 5735 ponens,
2295 5660 2431 5715 nihil
2479 5656 2934 5713 contumeliosum
2962 5666 3055 5719 per
3085 5649 3276 5702 falsam
3316 5648 3462 5700 illam
3490 5662 3603 5700 ma-

2032 5756 2295 5827 gistratus
2343 5750 2660 5822 tragmdiam
2732 5756 2895 5815 atque
2949 5745 3148 5798 fastum
3208 5744 3260 5794 in
3317 5755 3607 5797 commune

2038 5864 2208 5920 genus
2229 5844 2501 5909 statuerit,
2523 5853 2647 5893 vere
2667 5839 2857 5893 beatus
2881 5835 3258 5907 aestimandus,
3284 5835 3376 5903 qui
3400 5842 3609 5903 tetnpo~
