4004 6520
551 376 692 450 “07'

1755 379 1816 446 S.
1852 377 2184 446 GREGORII
2219 387 2518 452 NYSSEEI
3612 381 3718 436 nec

547 506 750 561 rariam
769 505 934 560 animi
961 503 1342 562 demissionem
1369 505 1532 576 atque
1561 503 1921 560 humilitatem
1947 519 2113 574 regno

2217 505 2308 560 xui.
2331 505 2426 560 τὸν,
2451 505 2638 576 ἕτερον
2665 499 2764 570 τῆς
2811 495 3080 570 πτωχείας
3116 489 3292 564 λόγον,
3333 493 3392 558 ὃς
3415 493 3501 550 τοῦ
3527 501 3630 552 κατ’
3651 502 3722 556 οὺ.

551 595 815 652 calorum
844 603 1128 666 permutet.
1159 593 1268 651 Nec
1297 605 1472 652 tamen
1505 596 1752 660 alteram,
1779 596 2112 665 l'rater,pau-

551 687 778 756 perlatis
812 687 1078 739 rationem
1109 685 1348 754 rejicias,
1387 701 1506 756 quae
1543 687 1845 742 caelestium
1892 687 2112 742 divitia-

551 791 672 830 rum
723 775 1060 831 conciliatrix
1113 784 1217 830 est.
1277 775 1470 841 Vende,
1519 778 1718 848 inquit,
1767 791 1946 832 omnes
1995 787 2114 832 tuas

550 868 863 935 facultates,
918 876 966 921 et
1010 867 1082 922 da
1106 867 1442 938 pauperibus,
1481 883 1528 924 et
1564 871 1698 936 veni,
1756 885 1968 942 sequere
2011 887 2116 937 me,

547 969 598 1014 et
639 959 850 1014 habebis
879 959 1183 1014 thesaurum
1223 961 1277 1016 in
1301 963 1443 1016 caelis
1471 961 1538 1017 ".
1594 961 1808 1030 Etenim
1844 961 2114 1034 ejusmodi

549 1061 838 1121 paupertas
875 1067 984 1106 non
1022 1052 1236 1107 videtur
1277 1053 1409 1106 mihi
1439 1053 1750 1124 discrepare
1783 1053 1852 1110 ab
1885 1069 1949 1108 ea
1989 1069 2112 1124 ege-

551 1147 711 1206 state,
744 1155 865 1212 quae
897 1143 1054 1198 beata
1077 1145 1378 1214 judicatur.
1425 1142 1561 1200 Ecce
1588 1145 1828 1200 omnibus
1868 1161 2116 1216 quazcun-

549 1247 648 1301 que
672 1231 1010 1300 habebamus,
1037 1237 1258 1302 relictis,
1281 1237 1444 1292 secuti
1466 1253 1648 1291 sumus
1667 1237 1928 1308 te,inquit
1946 1237 2116 1292 disci-

551 1321 712 1390 pulus
759 1321 827 1376 ad
871 1317 1184 1394 Dominum;
1231 1326 1356 1396 quid
1394 1327 1547 1397 igitur
1604 1329 1706 1381 erit
1745 1326 1896 1402 nobis
1918 1327 2000 1380 "?
2051 1327 2117 1381 Et

550 1413 698 1482 quod
736 1421 820 1482 est
857 1417 1214 1486 responsum?
1263 1418 1414 1472 Beati
1446 1434 1696 1488 pauperes
1726 1421 1937 1488 spiritu,
1983 1435 2116 1491 quo-

555 1503 702 1557 niam
745 1521 926 1559 eorum
985 1517 1062 1560 est
1109 1519 1322 1578 regnum
1365 1509 1632 1564 caelorum.
1679 1509 1775 1567 Vis
1823 1511 2120 1582 intelligere

553 1595 677 1664 quis
705 1611 910 1667 pauper
937 1599 1128 1668 spiritu
1153 1601 1269 1654 sit?
1295 1602 1388 1672 qui
1414 1604 1753 1674 corporalem
1784 1604 2116 1674 opulentiam

553 1685 748 1741 animae
776 1686 983 1743 divitiis
1015 1697 1307 1758 permutat,
1335 1692 1426 1760 qui
1467 1681 1690 1764 propter
1711 1693 1962 1764 spiritum
1990 1708 2118 1768 ege-

551 1777 658 1828 nus
687 1783 790 1838 est,
822 1775 916 1844 qui
943 1781 1187 1833 terrenas
1208 1777 1428 1835 divitias
1460 1782 1624 1836 veluti
1664 1782 1938 1854 quoddam
1975 1798 2118 1839 onus

551 1865 814 1929 excussit,
853 1873 907 1921 et
936 1867 1157 1937 abiecit,
1189 1877 1248 1924 ut
1280 1871 1529 1929 sublimis
1563 1889 1660 1944 per
1687 1889 1865 1930 aerem
1896 1891 2114 1931 sursum

551 1956 815 2025 rapiatur,
852 1965 908 2012 ut
953 1959 1128 2030 inquit
1161 1961 1452 2033 Apestolus
1471 1964 1540 2028 "’,
1596 1968 1651 2022 in
1686 1967 1819 2024 nube
1856 1986 1962 2026 una
1999 1989 2118 2030 cum

553 2035 660 2100 Deo
692 2065 784 2117 per
819 2051 1047 2108 caelestia
1103 2055 1333 2110 tendens.
1401 2054 1714 2112 Ponderosa
1751 2059 1998 2132 quaedam
2029 2076 2118 2116 res

551 2145 634 2194 «ιιι
667 2153 880 2204 aurum,
903 2155 1136 2198 onerosa
1163 2155 1250 2199 res
1269 2147 1446 2202 omnis
1472 2165 1592 2218 qua:
1628 2149 1940 2208 divitiarum
1956 2167 2118 2230 causa

551 2228 854 2296 expetitur;
885 2230 1023 2288 leris
1043 2247 1170 2288 vero
1190 2250 1278 2290 res
1297 2236 1542 2306 quaedam
1571 2245 1626 2295 et
1650 2241 1900 2296 sublimia
1929 2225 2119 2313 petens

551 2325 638 2372 est
671 2317 868 2376 virtus.
907 2319 1107 2378 Verum
1144 2325 1256 2381 haec
1294 2329 1396 2382 sibi
1427 2329 1658 2385 invicem
1692 2333 1946 2404 opposita.
1967 2341 2115 2401 sunt,

550 2407 917 2494 ponderosum
962 2419 1017 2465 et
1049 2413 1183 2470 leve.
1242 2413 1385 2487 Ergo
1427 2419 1576 2472 nulla
1610 2419 1822 2476 ratione
1857 2423 1990 2478 allici
2023 2437 2119 2494 po-

551 2493 657 2552 test
685 2507 747 2554 ut
768 2501 906 2558 levis
948 2501 1019 2557 sit
1059 2504 1108 2560 is
1141 2507 1234 2576 qui
1255 2521 1373 2564 sese
1401 2511 1638 2578 pondere
1665 2512 1905 2568 materiae
1931 2493 2118 2584 adigit.

553 2585 610 2642 Si
643 2589 808 2660 igitur
845 2593 913 2648 ad
963 2609 1196 2665 superna
1241 2613 1341 2654 nos
1374 2601 1634 2656 accedere
1669 2611 1901 2674 oportet,
1951 2604 2021 2658 ab
2051 2605 2118 2678 iis

549 2679 646 2748 qui
676 2681 930 2738 deorsum
973 2687 1198 2741 trahunt
1247 2695 1300 2743 et
1343 2691 1533 2761 inopes
1566 2699 1620 2747 et
1645 2695 1798 2766 egeni
1831 2697 2024 2761 simus,
2061 2704 2120 2748 ut

551 2769 608 2826 in
669 2775 921 2842 supernis
977 2791 1282 2835 versemur.
1340 2781 1476 2848 Quis
1533 2792 1712 2840 autem
1777 2787 1850 2842 sit
1902 2787 2118 2852 modus,

551 2863 857 2929 praescribit
912 2861 1574 2941 psalmodiakDispersit,
1629 2875 1922 2946 inquiens,
1978 2877 2120 2931 dedit

547 2951 886 3018 pauperibus,
925 2955 1144 3024 justitia
1205 2961 1319 3028 ejus
1389 2972 1564 3018 manet
1617 2967 1673 3019 in
1731 2967 1985 3022 saeculum
2027 2987 2120 3023 ste-

551 3041 660 3093 culi
679 3043 746 3095 ⁸⁸.
771 3042 874 3110 Qui
895 3051 1116 3118 pauperi
1141 3051 1448 3122 impertitus
1473 3055 1657 3121 fuerit,
1675 3055 1731 3111 in
1753 3066 1962 3129 partem
2000 3062 2119 3129 ejus

2217 597 2376 668 ρανὸν
2395 595 2620 650 πλούτου
2641 592 2896 666 πρόξενος
2919 589 3144 658 γίνεται.
3161 586 3448 654 Πὼλησόν
3467 595 3721 660 ﬂammat,

2215 683 2410 742 πάντα
2430 685 2502 738 τὰ
2528 681 2893 750 ὑπάρχοντα,
2908 677 3008 732 καὶ
3031 675 3135 742 δὸς
3166 674 3436 744 πτωχοῖς,
3459 677 3547 730 καὶ
3563 677 3706 746 δεῦρο

2214 777 2525 834 ἀκολούθει
2535 793 2657 848 μοι,
2674 773 2772 830 καὶ
2791 773 2948 838 ἕξεις
2959 767 3264 838 θησαυρὸν
3283 769 3350 822 ἐν
3361 769 3628 836 οὐρανοῖς.
3642 772 3726 824 lia!

2215 865 2324 938 γὰρ
2365 869 2400 938 ἠ
2444 865 2664 937 τοιαύτη
2711 853 2952 934 πτωχεία.
2981 860 3126 912 δοκεῖ
3171 875 3260 928 μοι
3313 857 3384 928 μὴ
3430 857 3628 926 ἀπᾴδειν
3651 857 3726 926 τῆς

2218 955 2660 1031 μακαριζομένης
2697 953 2986 1023 πτωχείας.
3045 947 3190 1004 Ἰδοὺ
3229 945 3440 1010 πάντα,
3471 945 3578 1000 ὅσα
3604 947 3727 1024 εἶχο-

2210 1067 2346 1121 μεν,
2375 1049 2625 1118 ἀφέντες
2655 1041 3151 1114 ἠκολουθήσαμέν
3177 1055 3298 1104 σοι,
3335 1038 3462 1110 φησὶ
3501 1035 3620 1108 πρδς
3659 1039 3726 1092 τὸν

2215 1140 2490 1211 Δεσπότην
2513 1141 2542 1192 6
2571 1138 2811 1210 μαθητής
2829 1151 2844 1165 '
2893 1135 2952 1188 τι
2979 1133 3090 1201 ἄρα
3110 1134 3278 1187 ἔσται
3311 1128 3475 1202 main
3503 1130 3598 1182 Καὶ
3618 1127 3684 1194 τίς
3701 1132 3736 1200 η,

2216 1231 2540 1302 ἀπόκρισις;
2584 1226 2872 1297 Μακάριοι
2911 1227 2966 1278 ol
2997 1221 3218 1294 πτωχοὶ
3257 1221 3337 1288 τῷ
3364 1217 3730 1287 «retinaculim

2217 1324 2413 1380 αὐτῶν
2459 1323 2627 1378 ἐστιν
2670 1321 2708 1392 ἠ
2757 1319 3044 1386 ,ϐασιλεία
3087 1314 3208 1370 τῶν
3255 1311 3533 1384 οὐρανῶν.
3581 1311 3736 1368 Βούλει.

2217 1416 2426 1486 νοῆσαι,
2473 1414 2556 1478 τίς
2601 1415 2629 1468 6
2679 1413 2970 1484 πτωχεύων
3013 1409 3089 1480 τῷ
3131 1407 3432 1478 πνεύματι;
3485 1405 3538 1458 ’0
3576 1406 3729 1460 ἀνταλ-

2217 1507 2514 1578 λαξάμενος
2558 1505 2649 1558 τὸν
2693 1505 2790 1574 τῆς
2833 1504 3006 1576 ψυχῆς
3054 1499 3283 1554 πλοῦτον
3325 1499 3420 1570 τῆς
3469 1500 3730 1570 σωματικῆς

2218 1596 2494 1668 εὐπορίας,
2534 1597 2562 1647 ὁ
2588 1593 2675 1648 διὰ
2718 1593 2779 1646 τὸ
2811 1591 3024 1662 πνεῦμα
3055 1587 3372 1660 πτωχεύων,
3407 1587 3436 1638 ὁ
3480 1587 3561 1640 τὸν
3587 1591 3730 1658 γήϊνον

2219 1687 2444 1740 πλοῦτον
2475 1680 2584 1740 οἷόν
2613 1703 2662 1737 τι
2693 1684 2855 1755 βάρος
2882 1681 3335 1752 ἀποσεισάμενος,
3383 1679 3466 1734 ἵνα
3495 1681 3729 1750 μετάρσιός

2220 1796 2278 1832 τε
2315 1779 2408 1832 κα)⁵
2447 1777 2679 1848 διαέριος
2722 1776 2834 1830 ἅνω
2857 1776 3110 1846 φέρηται,
3145 1771 3328 1836 καθώς
3359 1788 3512 1842 φησιν
3549 1774 3575 1824 ό
3609 1773 3730 1824 Ἀπό-

2149 1840 2192 1898 B
2222 1868 2422 1932 στολος,
2502 1840 2608 1924 ἐστὶ
2637 1840 2896 1936 νεφέλης·
2929 1840 3500 1933 σομμετεωροπορῶν
3525 1859 3594 1926 τῷ
3620 1861 3726 1928 Θεῷ.

2218 1957 2363 2030 Βαρύ
2393 1975 2446 2012 τι
2493 1958 2680 2028 χρῆμα
2708 1956 2768 2010 τὸ
2815 1953 3033 2026 χρυσίον
3078 1951 3264 2016 ἐστὶν,
3312 1951 3498 2022 βαρεῖα
3551 1953 3728 2024 niuali

2219 2031 2624 2118 σπουδαζομένη
2675 2045 2814 2100 κατὰ
2855 2044 2944 2098 τὸν
2979 2042 3205 2096 πλοῦτον
3236 2041 3368 2112 ὕλη·
3411 2042 3592 2110 κοῦφον
3625 2042 3730 2096 δέτι

2217 2140 2312 2193 καὶ
2336 2137 2610 2208 ἀνωφερὲς
2635 2137 2863 2208 πρᾶγμα
2883 2136 2916 2204 ἡ
2943 2133 3131 2204 ἀρετή.
3177 2132 3340 2185 Ἀλλὰ
3364 2132 3464 2202 μὴν
3489 2131 3734 2184 ἀντίκειται

2216 2229 2388 2284 ταῦτα
2433 2229 2698 2297 ἀλλήλοις,
2733 2225 2793 2280 τὸ
2821 2225 2984 2295 βάρος
3029 2225 3124 2278 καὶ
3169 2223 3206 2293 ἡ
3253 2223 3532 2292 κουφότης.
3569 2221 3732 2276 Οὐκοῦν

2216 2321 2493 2394 ἀμήχανόν
2521 2335 2641 2373 τινα
2675 2315 2923 2387 γενέσθαι
2969 2314 3191 2384 κοῦφον,
3227 2314 3307 2385 τῷ
3341 2313 3489 2385 βάρει
3519 2313 3606 2382 τῆς
3630 2312 3729 2382 ὕλης

2218 2412 2410 2465 ἑαυτὸν
2461 2408 2904 2484 προσηλώσανταε
2941 2407 3004 2460 El
3032 2401 3123 2459 οὖν
3147 2406 3258 2477 χρὴ
3280 2409 3392 2468 τοῖς
3415 2405 3518 2458 ἄνω
3538 2402 3730 2475 προσϐῆ-

2217 2523 2324 2568 ναι,
2368 2504 2476 2556 τῶν
2525 2502 2674 2556 κάτω
2725 2499 3095 2553 καθελκόντων
3130 2495 3543 2566 πτωχεύσωμεν,
3585 2495 3658 2546 ἶνα
3688 2494 3730 2544 ὲν

2214 2597 2327 2658 τοῖς
2354 2595 2464 2650 ἄνω
2506 2593 2808 2663 γενώμεθα.
2863 2591 2960 2654 Τίς
3001 2589 3057 2642 δὲ
3106 2590 3135 2642 6
3185 2588 3408 2660 τρόπος,
3442 2585 3732 2658 ὑφηγεῖταιή

2215 2684 2530 2758 ψαλμῳδία·
2591 2683 3002 2750 Ἐσκόρπισεν,
3045 2680 3229 2734 ἔδωκε
3273 2679 3393 2746 τοῖς
3437 2676 3729 2748 πένησιντῄ

2217 2765 2567 2842 δικαιοσύνη
2634 2773 2819 2828 αὑτοῦ
2872 2771 3042 2842 μένει
3105 2773 3191 2837 είς
3263 2770 3373 2824 τὸν
3437 2769 3610 2826 alium.
3653 2768 3730 2822 τοῦ

2217 2865 2452 2932 αἰῶνος.
2495 2855 2552 2918 ὁΟ
2580 2863 2658 2936 τῷ
2700 2863 2898 2934 πτωχῷ
2941 2863 3294 2933 κοινωνήσας,
3335 2862 3413 2924 είς
3455 2861 3545 2936 τὴν
3581 2859 3730 2930 μερίδα

2220 2958 2309 3012 τοῦ
2373 2957 2440 3011 δι’
2503 2958 2648 3028 ἡμᾶς
2711 2955 3124 3026 πτωχεύσαντος
3189 2953 3381 3008 ἑαυτὸν
3435 2953 3729 3020 καταστήσει.

2230 3047 2602 3118 Ἐπτώχευσεν
2646 3049 2673 3099 6
2719 3045 2942 3116 Κύριος,
2987 3044 3060 3116 μὴ
3109 3043 3353 3122 φοϐηθῇς
3400 3043 3524 3114 μηδὲ
3565 3044 3618 3098 σὺ
3657 3043 3730 3110 τὴν

550 3141 646 3208 qui
691 3147 910 3208 propter
955 3151 1055 3196 nOs
1101 3157 1308 3214 pauper
1355 3145 1457 3202 fuit
1513 3123 1772 3219 seipsum—
1799 3123 2114 3208 constituet.

2221 3139 2507 3210 πτωχείαν.
2554 3137 2711 3191 Ἀλλὰ
2747 3136 3014 3207 βασιλεύει
3047 3136 3234 3207 πάσης
3273 3135 3373 3204 τῆς
3411 3123 3729 3196 κτίσεωςὸδι⁶

555 3231 768 3300 Egerius
793 3229 894 3287 fuit
925 3227 1206 3298 Dominus,
1239 3252 1306 3291 ne
1336 3245 1395 3291 tu
1418 3239 1636 3308 quidem
1670 3249 1878 3298 metuas
1903 3257 2117 3314 egesta-

551 3331 680 3377 tem.
725 3323 918 3380 Verum
962 3341 1188 3396 regnum
1231 3329 1440 3384 obtinet
1479 3327 1656 3386 omnis
1703 3343 1987 3399 creaturae”,
2025 3337 2118 3406 qui

553 3425 777 3486 propter
799 3433 900 3473 nos
933 3433 1138 3488 egenus
1163 3419 1283 3473 fuit.
1313 3421 1450 3492 Ergo
1472 3423 1519 3478 si
1547 3437 1671 3484 cum
1693 3441 1758 3480 eo
1799 3429 1890 3496 qui
1915 3445 2118 3500 egenus

553 3505 656 3561 fuit
713 3525 816 3561 una
867 3523 1072 3580 pauper
1118 3513 1249 3576 eris,
1291 3528 1413 3567 cum
1458 3525 1719 3584 regnante
1762 3507 1980 3589 quoque
2011 3537 2118 3575 una

552 3601 824 3669 regnabis.-
856 3599 1006 3655 Beati
1033 3603 1174 3657 enim
1197 3619 1446 3673 pauperes
1470 3609 1681 3675 spiritu,
1705 3593 1951 3680 quoniam
1979 3616 2120 3686 ipso-

553 3701 668 3744 rum
700 3702 776 3746 est
803 3703 1018 3764 regnum
1053 3695 1322 3758 caelorum,
1345 3697 1503 3768 cujus
1531 3701 1691 3756 etiam
1715 3718 1817 3760 nos
1836 3705 1984 3778 digni
2019 3708 2119 3762 ha-

555 3783 778 3838 beamur
817 3799 914 3855 per
946 3785 1225 3840 Christum
1266 3787 1451 3844 Jesum
1505 3792 1790 3850 Dominum
1845 3809 2116 3867 nostrum,

553 3873 642 3927 cui
669 3875 839 3945 gloria
855 3887 909 3930 et
931 3875 1242 3948 imperium,
1263 3878 1317 3933 in
1337 3883 1532 3936 satcula
1553 3885 1897 3942 saeculorum.
1923 3889 2115 3945 Amen.

1162 3989 1420 4050 ORATIO
1459 3997 1520 4052 ll.

552 4079 709 4136 Beati
751 4083 930 4150 mites,
981 4083 1230 4155 quoniam
1267 4089 1367 4156 ipsi
1402 4088 1762 4146 haereditatem
1803 4102 1957 4150 terra:
1993 4113 2120 4150 con-

1185 4167 1482 4210 seauenlur.

1185 4174 1482 4225 sequentur.

623 4244 726 4312 Qui
759 4260 854 4315 per
882 4247 1086 4301 sealam
1119 4247 1409 4318 quamdam
1437 4249 1502 4304 ad
1536 4251 1728 4306 altiora
1759 4255 2114 4324 contendunt,

553 4347 676 4390 eum
701 4337 754 4390 in
777 4339 956 4407 primo
983 4341 1152 4409 gradu
1185 4342 1548 4402 constiterint.
1582 4361 1676 4414 per
1705 4363 1827 4401 eum
1857 4349 1920 4402 ad
1951 4366 2116 4421 supr--

553 4427 752 4482 riorem
787 4428 1071 4494 tolluntur,
1114 4439 1178 4484 ac
1202 4443 1394 4486 rursus
1429 4435 1701 4492 secundus
1731 4439 2134 4504 ascendentem,

2220 3232 2364 3301 ἡμᾶς
2392 3227 2728 3300 πτωχεύσας.
2757 3227 2965 3282 Οὐκοῦν
3000 3227 3094 3280 ἐὰν
3128 3227 3493 3304 πτωχεύσαντι
3523 3239 3730 3293 συμπτω-

2219 3325 2440 3400 χεύσῃς,
2487 3324 2581 3377 καὶ
2628 3319 2961 3393 βασιλεύοντι
3003 3317 3466 3387 συμϐασιλεύσεις.
3499 3312 3730 3382 Μακάριοι

2217 3416 2326 3487 γὰρ
2362 3417 2416 3469 οἱ
2454 3413 2674 3484 πτωχοὶ
2723 3411 2801 3477 τῷ
2831 3412 3139 3480 πνεύματι,
3183 3409 3275 3464 ὅτι
3315 3406 3504 3468 αὐτῶν
3531 3407 3672 3460 ἐστιν
3699 3401 3738 3468 ὴ.

2211 3509 2499 3574 ,βασιλεία
2537 3507 2654 3560 τῶν
2698 3501 2989 3572 οἱφανῶν,
3018 3497 3086 3574 ἧς
3119 3502 3214 3562 κα).
3247 3503 3404 3572 ἡμεῖς
3428 3496 3738 3564 ἀξιωθείημεν.

2217 3583 2274 3651 ὲν
2303 3597 2520 3669 Χριστῷ
2559 3595 2731 3668 Ἰησοῦ
2756 3595 2834 3664 τῷ
2870 3594 3057 3666 Κυρίῳ
3087 3592 3265 3664 ἡμῶν,
3296 3585 3340 3660 ᾧ
3373 3593 3406 3661 ἡ
3446 3588 3559 3653 δόξα
3586 3583 3730 3639 καὶτὸ

2217 3675 2434 3762 κράτος,
2453 3692 2543 3754 εἰς
2567 3689 2693 3752 τοὺς
2715 3687 2916 3751 αίῶνοιε⁵
2943 3686 3051 3740 τῶν
3081 3683 3313 3742 αἰώνων.
3356 3683 3536 3752 Ἀμήν.

2841 4000 3056 4054 ΛΟΓΟΣ
3095 3997 3172 4050 Β¹.

2217 4083 2502 4162 Μακάριοι
2545 4083 2602 4146 oi
2642 4089 2866 4159 πραεῖς,
2906 4088 3000 4176 ,ὅτι
3045 4085 3216 4167 αὐτοὶ
3259 4073 3728 4151 κληρονομήσουσι

2859 4169 2975 4225 τὴν
3005 4173 3140 4226 γην.

2285 4255 2348 4308 Ol
2378 4253 2463 4308 διὰ
2480 4251 2743 4323 κλίμακός
2760 4267 2901 4312 τινος
2920 4251 3029 4312 τοῖς
3050 4246 3397 4318 ὑψηλοτέροις
3424 4240 3721 4314 προσϐαίνον-

2214 4363 2324 4410 τες,
2343 4347 2467 4400 ὅταν
2483 4345 2580 4414 τῆς
2596 4341 2814 4415 πρώτης
2831 4341 3060 4395 ὲπιϐᾦσι
3081 4339 3358 4411 βαθμίδος,
3377 4338 3440 4390 δι’
3460 4335 3647 4401 ἐκείνης
3657 4325 3726 4386 ἐπὶ

2215 4438 2311 4509 τὴν
2345 4435 2742 4508 ὑπερκειμένην
2785 4435 3062 4505 αἴρονται,
3117 4433 3210 4485 καὶ
3250 4431 3409 4494 πάλιν
3469 4430 3500 4499 η
3536 4423 3720 4492 δευτέρα

553 4519 622 4573 ad
657 4521 876 4574 tertium
899 4519 1138 4585 adducit,
1170 4531 1333 4592 atque
1367 4522 1451 4576 hic
1482 4527 1547 4579 ad
1581 4528 1909 4596 proximuin,
1941 4536 1994 4587 et
2027 4535 2114 4590 ille

2219 4529 2480 4602 προσάγει
2505 4530 2568 4600 τῇ
2610 4528 2764 4599 τρίτῃ
2797 4527 2886 4581 τὸν
2929 4526 3164 4590 ἀνιόντα,
3191 4525 3287 4577 καὶ
3327 4523 3460 4590 αὕτη
3503 4518 3618 4586 πρὸς
3647 4512 3722 4582 τὴν

552 4610 618 4664 ad
659 4611 1054 4682 inse‘quentenn
1105 4613 1280 4684 Atque
1331 4616 1403 4669 ita
1449 4617 1496 4671 is
1536 4619 1632 4687 qui
1688 4623 1956 4690 ascendit,
1990 4625 2115 4682 dum

553 4709 767 4770 semper
794 4703 862 4758 ab
892 4709 979 4768 eo’,
1015 4705 1068 4757 in
1095 4721 1204 4775 quo
1232 4707 1508 4786 consistit,
1536 4711 1602 4762 ad
1633 4713 1972 4781 superiorem
1995 4733 2116 4787 gra-

551 4795 679 4847 dum
706 4795 951 4862 enititur,
975 4799 1040 4850 ad
1073 4809 1344 4854 summum
1380 4816 1642 4859 ascensus
1681 4803 1954 4876 fastigium
1991 4825 2119 4864 eva-

550 4885 648 4939 dit.
681 4885 759 4940 Ad
786 4888 917 4958 quid
947 4890 1248 4959 respiciens
1267 4891 1393 4946 hinc
1416 4894 1710 4950 exordiar?
1733 4895 1958 4954 Videtur
1983 4902 2116 4958 mihi

551 4971 606 5029 in
640 4973 858 5030 modum
882 4979 1147 5049 graduum
1173 4981 1564 5038 beatitudinum
1588 4987 1964 5056 explicationis
1984 4991 2120 5047 ordo

551 5067 851 5138 dispositus
881 5078 1043 5140 atque
1074 5069 1316 5144 digestus
1344 5091 1486 5138 esse,
1511 5077 1723 5133 facilem
1747 5094 1846 5148 per
1871 5090 2115 5137 mutuam

550 5162 997 5230 consequentiam
1039 5165 1279 5219 sermoni
1322 5165 1558 5222 eﬂiciens
1608 5184 1918 5226 ascensum;
1983 5173 2113 5228 Nam

549 5251 644 5321 qui
673 5253 908 5323 primum
949 5255 1174 5325 gradum
1201 5257 1618 5314 beatiﬁcatiouis
1645 5269 1823 5318 mente
1848 5277 2105 5318 conscen-

549 5335 710 5408 derit,
734 5355 857 5400 eum
887 5357 983 5416 per
1015 5349 1386 5402 necessariam
1416 5351 1704 5420 quamdam
1744 5352 2114 5409 intellectuum

549 5439 994 5506 consequentiam
1021 5440 1304 5508 proximus
1333 5443 1555 5511 excipit,
1591 5443 1805 5497 etiamsi
1830 5443 2004 5513 prima
2030 5443 2112 5500 fa-

551 5527 634 5580 eie
665 5541 806 5581 nova
851 5530 1206 5600 mirandaque
1255 5547 1682 5588 commemorare
1720 5550 1900 5590 sermo
1933 5537 2114 5595 videa-

550 5618 657 5670 tur.
706 5603 850 5672 Fieri
894 5621 1038 5674 enim
1081 5635 1188 5674 non
1221 5637 1380 5692 posse
1423 5623 1658 5679 fortasse
1701 5625 1844 5681 dicet
1873 5627 2109 5694 auditOr,

619 5793 668 5832 "
707 5795 893 5858 Μαῑιῐιι
927 5819 1018 5859 int
1044 5847 1056 5871 ,
1094 5805 1184 5859 τι.
1261 5809 1306 5840 ⁸³
1345 5803 1478 5862 lbil’.
1513 5807 1600 5862 ‘25.

2219 4620 2434 4692 ἐφεξῆς,
2463 4621 2554 4674 καὶ
2587 4613 2722 4690 αὕτη
2755 4613 2888 4690 πρὸς
2918 4619 3014 4688 τὴν
3049 4617 3163 4688 μεθ’
3208 4613 3424 4685 ἑαυτήν.
3471 4611 3570 4666 Καὶ
3593 4605 3725 4664 οὕτως

2219 4715 2248 4764 ὁ
2277 4701 2438 4774 ἀνιὼν
2471 4713 2578 4770 ἀπὸ
2609 4711 2700 4764 τοῦ
2749 4713 2807 4764 ἐν
2850 4705 2894 4778 ᾧ
2937 4713 3104 4772 ἐστιν,
3135 4709 3220 4762 ἀεὶ
3252 4711 3386 4779 πρὸς
3421 4706 3478 4758 τὸ
3520 4696 3726 4771 ὑπερκεί-

2224 4819 2382 4874 μενον
2427 4801 2833 4873 ἀνυψούμενος,
2876 4802 2969 4854 ἐπὶ
3012 4801 3073 4854 τὸ
3111 4801 3404 4871 ἀκρότατον
3445 4795 3612 4866 φθάνει
3650 4787 3726 4853 τῆς

2220 4894 2555 4958 ἀναϐάσεως.
2575 4894 2718 4962 Πρὸς
2739 4893 2790 4946 τί
2819 4891 3026 4962 βλέπων
3053 4892 3299 4946 ἐντεῦθεν
3325 4882 3724 4960 πῳοιμιὰξομαιι

2220 4990 2377 5040 Δοκεῖ
2407 5005 2496 5057 μοι
2527 4985 2798 5058 βαθμίδων
2822 4987 2974 5058 δίκην
3001 4987 3034 5056 ἡ
3059 4985 3164 5038 τῶν
3201 4979 3546 5055 μακαρισμῶν
3564 4971 3726 5070 διακεῖ-

2222 5081 2344 5134 σθαι
2369 5079 2542 5145 τάξις,
2566 5079 2884 5138 εὐεπίϐατον
2912 5077 2989 5148 τῷ
3015 5077 3155 5148 λόγῳ
3191 5077 3254 5128 δι’
3284 5073 3514 5142 ἀλλήλων
3544 5071 3724 5120 aetatm

2219 5175 2317 5244 τὴν
2355 5174 2556 5227 ἄνοδον.
2610 5173 2712 5225 Τὸν
2763 5173 2869 5244 γὰρ
2913 5170 2991 5241 τῷ
3034 5169 3232 5240 πρώτῳ
3277 5168 3362 5221 διὰ
3407 5166 3498 5236 τῆς
3536 5153 3723 5252 διανοίας

2218 5264 2580 5334 ἐπιϐεϐηκότα
2605 5261 2956 5336 μακαρισμῷ,
2984 5261 3050 5314 δι’
3078 5259 3370 5330 ἀναγκαίας
3399 5253 3530 5348 τινὸς
3547 5249 3626 5316 τῆς
3642 5249 3722 5348 τίὲν

2221 5357 2505 5428 νοημάτων
2533 5355 2868 5416 ἀκολουθίας,
2897 5357 2925 5408 ὁ
2961 5355 3078 5424 μετ’
3117 5355 3323 5405 ἐκεῖνον
3351 5347 3617 5436 ἐκδέχεται.
3644 5347 3719 5436 Itth

2222 5445 2549 5514 ὑποξενίςειν
2577 5446 2704 5516 δοκῇ
2740 5443 2889 5515 παρὰ
2915 5445 3012 5515 τὴν
3038 5445 3258 5514 πρώτην
3281 5443 3310 5493 6
3335 5439 3502 5507 λόγος.
3537 5429 3614 5499 Μὴ
3637 5429 3720 5492 γάρ

2220 5519 2356 5592 εἶναι
2389 5537 2608 5590 δυνατὸν
2657 5537 2786 5598 ἴσως
2814 5538 2842 5588 ὁ
2872 5534 3085 5588 ἀκούων
3129 5536 3242 5604 ἐρεῖ
3263 5574 3277 5598 ,
3313 5530 3546 5619 καθάπερ
3575 5523 3620 5574 ὲν

2221 5629 2372 5701 θμῶν
2402 5629 2659 5694 διαθέσει,
2685 5627 2822 5699 μετὰ
2853 5629 2952 5697 τὴν
2980 5627 3088 5680 τῶν
3104 5625 3341 5698 οὐρανῶν
3359 5617 3622 5694 βασιλείανι
3645 5617 3720 5672 τῆῖ

1679 5805 1724 5835 ’³⁵
1763 5807 1780 5861 1
1817 5807 2006 5866 Thess.
2046 5826 2118 5876 iv,
2159 5810 2240 5865 lti.
2317 5813 2362 5845 9“
2401 5809 2544 5866 Psal.
2579 5829 2664 5868 CXI
2692 5851 2707 5876 ,
2737 5813 2770 5866 9

3903 299 3910 446 ι

3905 545 3909 681 l

3906 3322 3909 3417 1

3906 3533 3910 3639 γ

3907 3758 3909 3873 l
