3824 6454
107 361 220 422 ten!

1096 365 1185 420 ne
1222 331 1818 424 BEATITUDINIBUS.
1857 365 2113 424 omne
2157 367 2218 422 ιι.

3143 361 3283 417 1210

101 489 188 557 γῆς
226 485 308 558 τὴν
339 486 695 561 κληρονομίαν
724 467 1232 559 καταλαμὸἀνεσθαι
1255 507 1269 520 ·
1315 488 1428 543 ἀλλ’
1460 487 1619 560 εἴπερ

1730 498 1800 552 ut,
1834 496 2098 559 tanquam
2132 490 2185 542 in
2214 487 2481 552 graduum
2513 488 2892 559 dispositione,
2910 493 3033 558 post
3052 501 3278 557 regnum

98 578 186 633 ἔδει
224 581 278 649 τῇ
311 578 458 648 φύσει
481 578 586 633 τῶν
615 578 780 632 ὄντων
810 580 901 634 τὸν
943 579 1097 650 λόγον
1124 580 1370 646 ἕπεσθαι,
1404 580 1497 634 τοῦ
1523 582 1612 634 οὐ·

1717 581 1982 635 ccelorum
2031 580 2318 635 haereditas
2355 587 2516 634 terra:
2561 580 3031 650 deprehendatur;
3079 577 3175 632 sed
3213 579 3277 646 svi-

102 669 235 741 ρανοῦ
269 670 352 742 τὴν
395 671 497 741 γῆν
530 670 940 744 ἀκολουθότερον
983 668 1050 744 ἦν
1092 672 1485 745 προτετάχθαι,
1536 673 1612 740 ὡς

1730 673 1929 740 ιυίάοηι
1954 677 2228 742 oporteret
2261 685 2566 726 sermonem
2615 686 2797 726 rerum
2825 669 2978 741 aequi
3006 678 3277 732 naturam,

97 760 304 814 ἐντεῦθεν
330 762 452 834 ἡμῖν
480 761 565 814 ἐπ’
604 763 806 816 ἐκεῖνον
847 762 1108 834 ὲσομέινης
1137 765 1236 833 τῆς
1276 761 1608 826 ἀναϐάσεως.

1715 762 1888 832 magis
1916 768 2342 816 consentaneum
2373 769 2512 825 erat,
2546 770 2606 816 ut
2636 762 2774 816 cmlo
2802 769 2946 815 terra
2998 773 3280 830 praepone-

108 851 222 903 Ἀλλ’
247 853 287 904 εί
311 850 707 924 πτερωθείημέν
751 869 866 914 πως
905 851 984 922 τῷ
1025 852 1193 924 λόγῳ,
1229 853 1320 907 καὶ
1361 853 1500 924 ὑπὲρ
1545 852 1614 905 τὰ

1730 862 1884 916 retur,
1909 851 2065 922 quasi
2095 851 2223 906 hinc
2248 852 2376 926 illuc
2403 852 2680 908 ascensuri
2722 853 2913 907 simus.
2959 850 3065 906 Sed
3091 852 3136 904 si
3164 863 3281 904 ora-

94 943 215 996 νῶτα
232 943 317 1012 τῆς
340 943 590 1016 οὐρανίας
619 942 801 1013 ἀψίδος
835 943 1115 1015 σταίημεν,
1159 944 1460 1014 εὑρήσομεν
1499 944 1615 997 ἐκεῖ

92 1033 178 1103 τὴν
201 1032 560 1102 ὐπερουράνιον
590 1031 832 1104 γῆν,,τὴν
861 1034 940 1097 είς
970 1033 1333 1103 κληρονομίαν
1353 1035 1466 1096 τοῖς
1492 1034 1613 1086 κατ’

92 1124 263 1196 ἀρετὴν
283 1123 586 1193 βεϐιωκόσιν
605 1124 986 1196 ἀποκειμένην,
1021 1124 1097 1194 ὡς
1129 1123 1202 1195 μὴ
1234 1123 1406 1184 δοκεῖν
1436 1125 1617 1196 ἡμαρ-

90 1215 367 1286 τῆσθαιτὴν
395 1213 548 1281 τάξιν
572 1215 669 1287 τῆς
713 1214 822 1270 τῶν
864 1215 1232 1288 μακαρισμῶν.
1273 1214 1613 1281 ἀκολουθίας,

92 1307 276 1379 πρῶτον
301 1306 555 1376 οὐρανῶν,
590 1307 682 1359 καὶ
711 1304 848 1375 μετά
875 1303 1045 1357 ταῦτα
1074 1305 1198 1375 γῆς,
1225 1305 1281 1358 ὲν
1311 1307 1429 1368 ταῖς
1451 1305 1617 1374 ἐπαγ-

90 1398 270 1466 γελίαις
285 1399 405 1468 ἡμῖν
430 1396 583 1470 παρά
605 1394 698 1448 τοῦ
718 1395 850 1452 Θεοῦ
875 1395 1243 1470 προτεθείσης.
1275 1397 1348 1449 Τὸ
1369 1397 1482 1469 γὰρ.
1499 1413 1619 1466 φαι-

91 1489 301 1558 νόμενον,
347 1489 466 1542 ὅσον
505 1488 640 1558 πρὸς
683 1486 780 1557 τὴν
817 1487 1129 1558 σωματικὴν
1171 1487 1448 1558 αἴσθησιν.
1499 1488 1618 1542 ὅλον

91 1580 213 1651 πρὸς
236 1579 378 1631 ἑαυτὸ
411 1577 682 1646 συγγενῶς
724 1576 854 1646 ἔχει.
908 1577 1024 1630 Κᾶν
1065 1578 1172 1648 γὰρ
1206 1577 1234 1629 ὃ
1271 1580 1366 1650 μὲν
1412 1577 1614 1648 ὑψηλὸν

87 1667 212 1724 εἶναι
239 1670 351 1742 δοκῇ
379 1669 453 1740 τῷ
486 1668 693 1740 τοπικῷ
715 1670 1033 1739 διαστήματι
1051 1707 1066 1728 ,
1095 1668 1207 1720 ἀλλ’
1223 1663 1315 1722 οὖν
1341 1669 1490 1722 κάτω
1515 1667 1618 1738 τῆς

86 1761 260 1831 νοερᾶς
300 1759 478 1822 οὐσίας
522 1759 689 1824 ἐστὶν,
727 1755 795 1832 ἦς
830 1757 1086 1815 ἀδύνατον
1132 1757 1482 1810 ὲπιϐατεῦσαι
1530 1758 1621 1811 τὸν

1716 945 1862 1000 tione
1886 945 2135 999 volucres
2157 944 2557 1016 quodammodo
2579 945 2705 1000 facti
2729 953 2782 1000 et
2808 943 2972 1001 erecti
2992 943 3277 1007 fuerimus,

1715 1053 1987 1108 superque
2025 1038 2188 1094 dorsa
2242 1038 2482 1094 caelestis
2518 1039 2814 1094 testudinis
2851 1037 3278 1096 constiterimus.

1715 1132 2054 1186 inveniemus
2085 1131 2158 1186 ibi
2184 1131 2623 1201 supercmlestem
2648 1139 2874 1193 terram,
2920 1144 3041 1199 quae
3071 1128 3138 1183 iis
3180 1125 3274 1194 qui

1717 1239 1840 1279 cum
1870 1223 2067 1278 virtute
2097 1223 2260 1278 vitam
2300 1223 2664 1290 transegerint
2694 1221 2929 1290 reposita
2952 1228 3056 1282 est,
3089 1225 3148 1270 ut
3173 1231 3281 1271 non

1715 1315 1964 1369 videatur
1994 1313 2130 1368 ordo
2169 1328 2200 1368 a
2233 1310 2579 1370 convenienti
2626 1308 3022 1364 beatitudinum
3068 1307 3278 1374 exposi-

1717 1406 1880 1460 tionis
1905 1403 2289 1473 consequentia
2315 1403 2620 1464 aberrasse,
2643 1400 2875 1471 primum
2899 1398 3060 1460 cceio,
3087 1395 3282 1450 deinde

1720 1502 1866 1550 terra
1923 1495 2079 1550 nobis
2129 1495 2183 1548 in
2226 1493 2682 1563 promissionibus
2730 1507 2760 1544 a
2813 1489 2923 1545 Deo
2980 1488 3279 1559 proposita.

1721 1584 1992 1656 Quidquid
2025 1585 2166 1640 enim
2200 1593 2438 1654 apparet,
2462 1591 2725 1655 quantum
2751 1583 2819 1635 ad
2845 1597 3064 1638 sensum
3087 1594 3279 1650 corpo-

1721 1689 1875 1728 reum
1910 1675 2126 1738 attinet,
2173 1682 2342 1727 totum
2384 1673 2524 1728 inter
2571 1688 2630 1727 se
2673 1681 2960 1742 cognatum
2996 1677 3099 1725 est.
3164 1668 3278 1724 Etsi

1724 1765 1868 1819 enim
1904 1765 2035 1818 illud
2073 1764 2289 1834 quidem
2320 1763 2420 1816 loci
2457 1763 2743 1818 intervallo
2782 1763 2949 1817 altum
2983 1776 3104 1816 esse
3132 1761 3284 1816 vide-

85 1850 335 1921 λογισμὸν,
363 1850 434 1922 μὴ
462 1850 718 1905 διαὸἀντα
743 1849 819 1920 τῷ
853 1849 993 1921 λόγῳ
1023 1849 1192 1903 ταῦτα
1228 1848 1511 1920 πρότερον,
1547 1842 1622 1902 ὧν

1730 1865 1831 1918 tur,
1872 1861 2108 1909 attamen
2132 1870 2296 1925 super
2321 1853 2760 1916 intellectualem,
2786 1855 2947 1924 inque
2972 1862 3149 1908 mente
3173 1855 3285 1908 sola

84 1943 388 1998 καθικνεῖται
416 1944 449 2014 ἡ
474 1942 743 2014 αἴσθησις.
773 1943 834 1995 Εί
863 1941 919 1994 δὲ
943 1945 1009 2013 τῇ
1040 1940 1376 2014 προσηγορίᾳ
1403 1941 1500 2012 τῆς
1519 1939 1622 2010 γῆς

81 2039 114 2105 ἡ
172 2034 520 2107 ὑπερκειμένη
581 2034 1008 2104 κατονομάζεται
1070 2033 1259 2103 λῆξις,
1323 2033 1624 2103 θαυμάσεις

84 2128 270 2199 μηδέν·
315 2127 388 2198 τῷ
428 2127 535 2198 γὰρ
574 2128 813 2198 ταπεινῷ
849 2127 949 2197 τῆς
982 2128 1253 2198 ἡμετέρας
1292 2125 1462 2195 ἀκοῆς
1489 2142 1622 2194 συγ-

79 2220 370 2275 καταϐαίνει
394 2222 422 2274 ὁ
451 2221 640 2289 Λόγος,
668 2222 696 2273 ὁ
723 2220 809 2273 διὰ
837 2219 993 2272 τοῦτο
1017 2219 1154 2290 πρὸς
1181 2220 1326 2290 ἡμᾶς
1358 2217 1620 2284 καταϐὰς,

77 2312 254 2384 ἐπειδὴ
295 2313 450 2384 ἡμεῖς
496 2311 632 2380 πρὸς
683 2311 842 2364 αὐτὸν
885 2311 1230 2381 ἀνυψωθῆναι
1277 2312 1375 2382 οὐχ
1415 2304 1516 2364 οἷοί
1562 2329 1622 2364 τε

74 2402 230 2476 ἦμεν.
268 2404 361 2458 Διά
397 2403 576 2456 τοίνυν
618 2402 725 2456 τῶν
767 2404 895 2473 ἡμῖν
936 2403 1226 2474 γνωρίμων
1265 2403 1522 2474 ῥημάτων
1562 2421 1622 2457 τε

73 2498 168 2550 καὶ
211 2497 472 2561 ὀνομάτων
505 2493 836 2566 παραδίδωσι
883 2495 952 2546 τὰ
1002 2495 1121 2548 θεῖα
1170 2500 1461 2566 μυστήρια,
1498 2494 1625 2547 ταύ-

69 2606 192 2654 ταις
215 2591 323 2652 ταῖς
351 2590 554 2658 φωναῖς
583 2585 939 2657 κεχρημένος,
976 2585 1042 2650 ἃς
1067 2588 1102 2657 ἡ
1137 2586 1391 2658 συνήθεια
1419 2587 1512 2640 τοῦ
1533 2589 1625 2641 ἀν-

69 2680 330 2753 θρωπίνου
377 2678 618 2751 περιέχει
669 2677 802 2748 βίου.
853 2677 962 2731 Καὶ
1009 2677 1116 2749 γὰρ
1168 2681 1233 2748 τῇ
1283 2678 1387 2750 πρὸ
1422 2679 1626 2748 ταύτης

65 2772 359 2843 ἐπαγγελίᾳ
400 2771 490 2824 τὸν
540 2771 813 2840 ἄφραστον
861 2771 1066 2823 ἐκεῖνον
1123 2771 1181 2824 ὲν
1228 2773 1339 2832 τοῖς
1381 2771 1625 2841 οὐρανοῖς

68 2862 408 2933 μακαρισμὸν
431 2901 445 2926 ,
485 2860 762 2930 βασιλείαν
811 2860 1118 2932 ὠνόμασεν
1158 2857 1266 2932 ἆρά
1307 2878 1358 2913 τι
1388 2859 1626 2913 τοιοῦτον

61 2956 146 3026 τῷ
169 2955 305 3026 λόγῳ
332 2953 758 3024 παραδεικνύων,
796 2948 906 3006 οἷον
952 2955 985 3023 ἡ
1022 2953 1169 3006 κάτω
1205 2951 1445 3023 περιέχει
1477 2953 1628 3023 βασι-

59 3039 219 3113 ista;
262 3046 561 3118 διαδήματά
587 3063 708 3099 τινα
754 3049 870 3108 ταῖς
902 3046 1009 3098 τῶν
1038 3046 1199 3098 λίθων
1234 3045 1450 3113 αῖγλαις¹
1477 3062 1629 3115 περι-

55 3139 437 3210 ἀστράπτοντα
462 3180 477 3203 ,
526 3137 618 3191 καὶ
660 3135 901 3201 εὐανθεῖς
943 3137 1262 3209 ἁλουργίδας
1305 3135 1403 3207 ἡδύ
1435 3153 1489 3189 τι
1515 3138 1627 3199 τοῖς

55 3235 264 3305 λίχνοις
291 3233 530 3302 ὄμμασιν
571 3229 994 3300 ἀπαυγαζούσας
1020 3269 1036 3293 ,
1082 3229 1396 3300 προπύλαιά
1440 3245 1500 3281 τε
1534 3228 1628 3281 καὶ

54 3324 546 3392 καταπετάσματα,
583 3322 679 3376 καὶ
724 3321 957 3392 ὑψηλοὺς
987 3321 1227 3391 θρόνους,
1275 3323 1369 3376 καὶ
1408 3320 1630 3393 δορυφό·

51 3433 177 3488 ρων
228 3413 499 3484 στοιχηδὸν
547 3410 923 3486 περιεστώτων
966 3411 1166 3478 τάξεις,
1209 3412 1310 3466 καῖ
1352 3413 1453 3465 ὅσα
1498 3411 1633 3464 ἀλλα

49 3504 543 3578 προστραγιρδοῦσι
570 3504 698 3574 περὶ
717 3503 815 3574 τὴν
845 3503 1098 3573 τοιαύτην
1130 3502 1220 3556 τοῦ
1253 3502 1366 3573 βίου
1431 3501 1633 3572 σκηνὴν

44 3601 104 3652 οἱ
135 3600 228 3652 τὸν
255 3598 415 3666 ὄγκον
442 3598 541 3666 τῆς
579 3595 894 3657 δυναστείας
919 3595 1007 3647 διὰ
1038 3595 1144 3648 τῶν
1176 3595 1430 3648 τοιούτων
1455 3594 1548 3646 ἐπὶ
1573 3593 1632 3645 τὸ

47 3692 250 3762 μεῖζον
296 3689 623 3761 ἐξαίροντες.
663 3689 801 3743 Ἀλλ’
847 3687 1034 3758 ἐπειδὴ
1076 3687 1214 3756 μέγα
1259 3704 1311 3739 τι
1353 3687 1448 3738 καὶ
1494 3685 1632 3756 ὑπὲρ

42 3784 242 3838 πάντα
275 3782 457 3853 σχεδὸν
505 3782 573 3834 τὰ
618 3783 675 3833 ἐν
725 3780 1029 3851 ἀνθρώποις
1074 3779 1374 3850 ζηλούμενα
1423 3779 1484 3830 τὸ
1531 3777 1632 3848 τῆς

44 3873 345 3945 βασιλείας
373 3873 542 3943 ὄνομα
575 3871 716 3925 κατὰ
743 3872 832 3925 τὸν
862 3871 973 3942 βίον
1004 3872 1166 3927 ἐστὶν.
1200 3870 1287 3922 διὰ
1325 3869 1478 3922 τοῦτο
1508 3887 1633 3921 συν-

38 3966 338 4037 εχρήσατο
372 3964 449 4035 τῷ
472 3965 716 4034 ὀνόματι,
768 3963 902 4034 πρὸς
946 3961 1042 4032 τὴν
1087 3962 1192 4014 τῶν
1232 3960 1634 4030 ὑπερκειμένων

35 4057 286 4126 ἀγαθῶν
314 4056 543 4127 δήλωσιν
563 4071 576 4086 ⁸
626 4055 700 4117 ὡς
730 4054 858 4120 εἴγε
874 4050 942 4126 ἦν
978 4053 1104 4107 ἄλλο
1142 4070 1192 4104 τι
1222 4052 1372 4124 παρὰ
1404 4055 1515 4114 τοῖς
1545 4053 1637 4104 ἁν-

34 4150 308 4222 θρώποις
337 4149 438 4218 τῆς
479 4147 750 4217 βασιλείας
787 4144 1076 4214 ἀνώτερον,
1106 4145 1174 4197 δι’
1213 4145 1421 4196 ἐκείνου
1450 4143 1514 4196 ἂν
1541 4141 1633 4195 τοῦ

29 4241 328 4311 ὀνόματος
381 4241 595 4301 πάντως
654 4239 883 4310 μάλιστα
945 4237 1287 4307 ἀνεπτέρωσε
1329 4235 1502 4305 ψυχὴν
1541 4231 1634 4286 τοῦ

29 4331 379 4394 ἀκούοντος,
413 4332 547 4402 πρὸς
596 4329 888 4398 ἐπιθυμίαν
917 4327 1016 4396 τῆς
1059 4327 1333 4396 ἀφράστου
1376 4324 1636 4395 μακαριό-

25 4441 246 4495 τητος.
303 4424 437 4477 Οὐδὲ
469 4423 576 4494 γὰρ
608 4419 674 4492 ἦν
719 4422 940 4475 δυνατὸν
987 4423 1134 4484 ἰδίοις
1175 4419 1428 4488 ὀνόμασιν
1458 4418 1639 4470 ἐκεῖνα

1722 1949 2108 2004 consistentem
2131 1955 2376 2001 naturam
2400 1954 2505 2008 est,
2535 1945 2600 2000 ad
2623 1962 2784 2015 quam
2813 1947 2930 2000 ﬁeri
2977 1962 3087 2000 non
3113 1953 3288 2016 potest

1721 2046 1780 2092 ut
1810 2037 2065 2107 cogitatio
2111 2034 2391 2098 ascendat,
2429 2032 2536 2088 nisi
2569 2034 2778 2089 ratione
2821 2035 2972 2104 prius
3003 2035 3117 2088 haec
3169 2049 3288 2103 quia

1721 2142 1917 2182 sensus
1972 2125 2282 2195 assequitur
2310 2133 2651 2193 transgressa
2685 2125 2773 2178 sit.
2830 2124 2983 2190 Quod
3016 2125 3062 2178 si
3106 2124 3288 2193 appel-

1722 2218 1924 2273 latione
1952 2224 2111 2272 terraa
2170 2231 2422 2286 supernae
2458 2222 2641 2284 partes
2674 2214 3119 2278 denominantur,
3157 2215 3289 2268 nihil

1723 2310 1959 2373 mireris,
2007 2309 2074 2364 ad
2115 2309 2477 2362 humilitatem
2519 2307 2661 2362 enim
2701 2309 2876 2362 nostri
2911 2308 3132 2362 auditus
3158 2305 3292 2362 Ver-

1720 2397 1871 2462 bum,
1898 2398 2053 2470 quasi
2099 2396 2583 2453 condescendendo
2617 2412 2735 2452 sese
2769 2398 3162 2462 accommodat,
3197 2395 3290 2466 qui

1722 2493 1926 2547 idcirco
1973 2491 2256 2547 descendit
2302 2491 2370 2544 ad
2419 2505 2550 2552 nos,
2578 2489 2706 2560 quia
2736 2505 2837 2544 nos
2885 2490 2952 2545 ad
2992 2489 3288 2543 illumtolli

1721 2600 1828 2640 non
1860 2591 2190 2653 poteramus.
2242 2581 2426 2650 itaque
2469 2596 2565 2650 per
2593 2580 2756 2634 verba
2802 2590 2857 2635 et
2899 2582 3120 2635 nomina
3163 2589 3291 2634 nota

1721 2678 1881 2733 nobis
1925 2675 2108 2730 divina
2161 2674 2418 2744 mysteria
2479 2672 2662 2736 tradit,
2717 2671 2801 2726 his
2837 2673 3062 2728 vocibus
3109 2681 3291 2736 utens.

1723 2783 1861 2840 quas
1883 2766 2129 2822 continet
2165 2765 2418 2818 humana:
2452 2763 2577 2817 vitae
2598 2763 2959 2817 consuetudo.
2994 2761 3204 2817 Etenim
3235 2763 3291 2816 in

1722 2861 1970 2932 proxime
2009 2857 2334 2928 praecedenti
2373 2855 2512 2910 hanc
2558 2855 2942 2925 promissione,
2994 2853 3285 2923 inexplica-

1723 2953 1882 3005 bilem
1909 2950 2053 3003 illam
2090 2949 2141 3002 in
2171 2947 2324 3002 etelis
2351 2946 2742 3001 beatitudinem
2789 2959 3014 3015 regnum
3055 2945 3294 3014 appella-

1723 3045 1834 3110 vit,
1866 3038 2402 3111 nunquidejusmodi
2429 3037 2709 3108 quidpiam
2741 3037 2990 3092 indicans
3047 3036 3292 3089 oratione

1727 3137 1885 3206 quale
1911 3134 2151 3189 continet
2178 3146 2404 3201 regnum
2445 3127 2764 3184 infernum?
2802 3126 3108 3181 diademata
3145 3140 3292 3194 quie—

1730 3229 1852 3283 dam
1887 3226 2122 3296 lapidum
2176 3221 2462 3292 splendore
2508 3220 2715 3274 circum
2762 3217 3114 3288 fulgurantia,
3147 3214 3286 3269 ﬂori-

1730 3321 1828 3375 das
1869 3326 2046 3372 vestes
2091 3330 2415 3385 purpureas,
2462 3313 2766 3384 jucundum
2805 3309 3094 3380 quemdam
3122 3306 3300 3362 oculis

1731 3412 1975 3468 delicatis
2017 3406 2361 3478 splendorem
2407 3403 2716 3466 reddentes,
2771 3398 3058 3457 vestibula,
3105 3398 3295 3458 aulaea,

1732 3502 1986 3559 sublimia
2031 3498 2188 3560 solia,
2234 3497 2526 3551 satellitum
2572 3494 3074 3562 armigerorumque
3101 3487 3293 3542 ordine

1731 3588 2200 3646 circumstantium
2249 3585 2534 3645 cohortes,
2581 3596 2644 3636 ac
2696 3593 3034 3650 qumcunque
3079 3577 3183 3630 alia
3240 3575 3295 3629 in

1732 3684 1948 3737 modqu
1982 3679 2309 3748 tragicnrum
2359 3673 2791 3744 spectaculomm
2839 3671 2985 3725 circa
3025 3665 3298 3737 ejusmodi

1732 3776 1856 3828 vitae
1884 3786 2103 3827 scenam
2149 3768 2355 3821 addunt
2384 3766 2436 3819 hi
2461 3765 2552 3834 qui
2586 3761 2997 3832 amplitudinem
3033 3757 3302 3828 principa-

1733 3878 1819 3922 tus
1854 3881 1946 3935 per
1971 3861 2234 3931 ejusmodi
2265 3857 2425 3912 resin
2461 3855 2636 3923 majus
2663 3851 2977 3907 extollunt?
3024 3849 3129 3903 Sed
3160 3864 3298 3916 quo-

1733 3961 1877 4014 niam
1912 3968 2162 4026 maguum
2197 3947 2474 4020 quiddam,
2517 3954 2569 4000 et
2598 3959 2762 4012 supra
2795 3941 2976 3996 omnia
3009 3953 3297 4009 propemo-

1733 4049 1861 4103 dum
1913 4060 2032 4115 qua:
2062 4040 2238 4110 magni
2284 4039 2417 4091 liunt
2448 4037 2587 4089 inter
2614 4032 2886 4092 homines,
2916 4029 3065 4100 regni
3095 4043 3297 4082 nomen

1734 4141 1790 4194 in
1807 4139 1914 4192 vita
1938 4145 2044 4200 est,
2063 4133 2267 4188 idcirco
2292 4144 2426 4184 usus
2443 4135 2526 4182 est
2552 4126 2713 4180 etiam
2744 4137 2810 4178 eo
2837 4121 2905 4177 ad
2935 4135 3299 4190 supernorum

1735 4234 2000 4288 bonorum
2021 4223 2462 4282 declarationem.
2490 4216 2623 4271 Nam
2649 4216 2692 4270 si
2714 4215 2931 4284 quidem
2958 4212 3104 4266 aliud
3133 4209 3298 4281 quid-

1737 4324 1880 4392 piam
1911 4316 2262 4376 excellentius
2319 4326 2478 4381 quam
2514 4323 2740 4378 regnum
2765 4304 2907 4374 apud
2943 4304 3188 4358 homines
3219 4317 3301 4357 esi

1740 4424 1841 4477 set,
1877 4427 1972 4484 per
2007 4409 2135 4464 illud
2183 4404 2526 4477 potissimum
2573 4413 2770 4453 nomen
2802 4397 3042 4450 animum
3080 4407 3302 4462 prorsus

25 4489 118 4570 τά
151 4513 345 4582 ἀγαθά
379 4489 490 4576 τοῖς
516 4489 818 4584 ἀνθρώποις
851 4512 1273 4580 ὲκκαλυιρθῆναι,
1312 4509 1348 4564 ἃ
1378 4509 1516 4580 ὑπὲρ
1557 4506 1618 4560 αῖ

1743 4504 2014 4560 audientis
2063 4514 2278 4556 sursum
2326 4495 2482 4565 quasi
2527 4492 2628 4545 alis
2675 4489 2873 4543 additis
2921 4489 3213 4549 evexisset,
3250 4490 3304 4541 et

28 4606 260 4674 σθησίν
292 4597 370 4656 τέ
397 4607 487 4656 καὶ
519 4603 719 4672 γνῶσιν
750 4603 1090 4674 ἀνθρωπίνην
1123 4603 1288 4654 ἐστίν.
1337 4602 1484 4653 Οὔτε
1531 4599 1622 4668 rd;

1741 4597 2007 4653 erexisset
2033 4591 2099 4644 ad
2133 4583 2529 4657 inexplicabilis
2553 4589 2606 4635 et
2632 4578 2994 4634 inenodabilis
3023 4574 3307 4630 beatitudia

26 4699 380 4768 (ερθαλμὸς
419 4692 559 4758 εῖδε,
604 4697 788 4766 φησιν,
832 4697 970 4749 οὐτε
1012 4691 1120 4760 οὖς
1170 4685 1454 4761 ἤκουσεν,
1505 4692 1644 4746 οὔτε

21 4793 150 4847 ἐπὶ
213 4788 476 4856 καρδίαν
529 4787 839 4855 ἀνθρώπου
891 4787 1089 4853 ἀνέϐη.
1148 4785 1284 4840 Ἀλλ’
1345 4785 1419 4848 ὡς
1461 4784 1525 4838 ἂν
1569 4783 1643 4854 μὴ

23 4880 355 4943 παντελῶς
405 4871 655 4947 διαφύγοι
707 4879 800 4930 τὸν
859 4877 1160 4948 στοχασμὸν
1219 4880 1251 4948 ἡ
1317 4875 1642 4944 ὲλπιζομένη

23 4969 440 5042 μακαριότης,
476 4968 551 5029 ὡς
593 4964 876 5038 χωροῦμεν
920 4966 1062 5019 κατά
1106 4967 1165 5020 τὸ
1198 4965 1449 5019 ταπεινὸν
1490 4965 1645 5037 ἡμῶν

14 5063 150 5129 τῆς
185 5057 442 5126 φύσεως,
486 5056 625 5109 οὔτω
670 5057 778 5109 τῶν
817 5057 1208 5128 ἀνεκφωνήτων
1236 5057 1522 5128 ἀκούομεν.
1554 5056 1645 5127 Μὴ

14 5149 139 5206 οὗν
159 5153 200 5220 ἠ
223 5151 335 5219 τῆς
351 5150 454 5220 γῆς
475 5149 754 5220 ὁμωνυμία
778 5148 938 5201 πάλιν
959 5149 1092 5218 μετὰ
1112 5150 1235 5211 τοὺς
1251 5150 1509 5220 οὐρανοὺς
1524 5145 1648 5200 καθ-

12 5243 276 5298 ελκέτω
333 5259 426 5294 σου
473 5240 568 5311 τὴν
615 5240 850 5293 διάνοιαν
893 5240 983 5292 ἐπὶ
1025 5238 1123 5310 τὴν
1162 5240 1308 5292 κάτω
1343 5235 1479 5310 γῆν,
1533 5237 1648 5292 ἀλλ’

11 5335 226 5403 εἴπερ
284 5329 514 5400 ὑψώθης
550 5329 628 5401 τῷ
656 5331 811 5400 Λόγῳ
857 5329 944 5382 διὰ
986 5329 1094 5381 τῶν
1148 5328 1423 5401 προτέρων
1474 5347 1650 5399 μακα-

12 5422 308 5499 ρισμῶν,
355 5423 452 5475 καὶ
494 5423 591 5492 τῆς
634 5422 887 5493 οὐρανίας
930 5419 1130 5491 ἐπέϐης
1174 5421 1403 5484 ἐλπίδος,
1438 5421 1649 5490 ἐκείνην

13 5534 139 5588 μοι
191 5513 661 5584 πολυπραγμόνει
723 5513 820 5584 τὴν
852 5513 977 5584 γῆν,
1011 5514 1132 5583 ἥτις
1181 5514 1242 5565 οὐ
1286 5511 1501 5566 πάντων
1534 5513 1650 5565 ἐστὶ

6 5604 439 5677 κληρονομία,
485 5604 623 5676 πλὴν
647 5605 698 5658 εἴ
721 5622 864 5672 τινες
893 5605 979 5659 διὰ
1002 5604 1102 5675 τῆς
1139 5603 1231 5658 τοῦ
1264 5603 1380 5676 βίου
1415 5603 1648 5676 πραότη-

103 5781 164 5816 ⁹⁷
218 5781 242 5836 ι
281 5780 420 5837 Cor.
456 5796 524 5845 ιι,
556 5782 610 5837 9.

1745 4689 1827 4743 nis
1856 4684 2094 4742 studium
2135 4689 2297 4747 atque
2340 4674 2714 4742 cupiditatem.
2785 4668 2972 4738 Neque
3014 4667 3157 4721 enim
3192 4664 3304 4718 ﬁeri

1743 4782 1950 4850 poterat
2004 4770 2210 4826 ut‘suis
2243 4783 2305 4820 ac
2341 4763 2574 4836 propriis
2603 4759 2886 4814 vocabulis
2934 4758 3310 4810 revelarentur

1747 4849 2060 4924 hominibus
2097 4861 2186 4913 illa
2236 4858 2378 4911 bona
2438 4867 2558 4923 quae
2603 4855 2864 4919 superant
2902 4858 2953 4900 et
2996 4860 3215 4899 sensum
3255 4849 3309 4896 et

1751 4957 2111 5030 cognitionem
2153 4952 2442 5004 humanam
2483 4962 2496 4997 :
2542 4941 2716 5012 Neque
2758 4940 2892 4993 enim
2942 4937 3119 4990 oculus
3160 4933 3305 4993 vidit,

1753 5027 1947 5121 inquit,
1991 5058 2150 5114 neque
2192 5042 2336 5095 auris
2374 5037 2620 5091 audivit:
2654 5049 2814 5102 neque
2855 5029 2909 5085 in
2947 5046 3037 5084 cor
3085 5027 3309 5081 hominis

1753 5140 1983 5198 ascendit
2009 5139 2073 5190 9'.
2126 5135 2229 5190 Sed
2271 5148 2339 5186 ne
2391 5130 2603 5200 penitus
2644 5125 2942 5187 beatitudo,
2971 5137 3088 5191 quae
3122 5133 3310 5186 spera-

1752 5245 1860 5298 tur,
1898 5230 2266 5298 conjecturam
2294 5220 2532 5291 eli'ugiat.
2564 5234 2661 5288 pro
2691 5225 2850 5286 captu
2889 5212 3108 5266 humilis
3135 5217 3188 5262 et
3214 5208 3313 5261 ab-

1749 5330 1908 5400 jeetae
1942 5331 2142 5377 nostrze
2190 5325 2399 5371 naturae
2433 5309 2724 5366 ineffabilia
2763 5307 2850 5360 illa
2880 5304 3051 5358 nobis"
3073 5299 3312 5400 produn-

1753 5390 1856 5476 iur.
1891 5416 1968 5472 Ne
1998 5414 2160 5484 igitur
2188 5407 2427 5478 ejusdem
2457 5402 2694 5458 nominis
2722 5407 2880 5454 teme
2903 5395 3116 5449 diversa
3145 5390 3312 5461 signia

1754 5510 1933 5566 licatio
1980 5483 2278 5562 secundum
2302 5498 2470 5552 emlos
2494 5500 2726 5548 mentem
2759 5497 2904 5542 tuam
2931 5501 3119 5540 rursus
3147 5485 3211 5537 ad
3237 5483 3313 5534 in-

1755 5603 1960 5659 fernam
1994 5608 2190 5655 terram
2225 5587 2494 5652 detrahat,
2521 5581 2616 5639 sed
2645 5578 2913 5650 siquidem
2939 5591 2968 5630 a
2995 5575 3312 5631 Verbo-erce
