4004 6522
287 421 427 476 1⁸2ιῦ

1308 437 1393 492 DE
1432 412 2327 493 ΒΕΑΤιΤι]01Μη1]8.ὈΒΑΤΙΟ
2370 429 2432 485 ιι.

3384 434 3518 488 ΙῗΊί

282 540 343 593 δὲ
385 541 485 594 οὑκ
528 543 739 610 ἀγνοεῖς
771 548 863 600 τὸν
907 550 1198 604 ἀντίπαλον
1246 553 1338 606 τὸν
1381 553 1469 606 διὰ
1506 553 1605 623 τῆς
1650 552 1842 622 σαρκὸς

1958 559 2139 620 partes
2177 548 2482 620 appetebat,
2532 548 2793 607 adversus
2846 551 3024 621 ipsum
3069 564 3271 621 corpus
3326 550 3514 619 plagas

286 635 760 703 προσπαλαίοντα,
810 640 868 693 ὃν
915 642 1222 705 ὑπωπιάζει
1271 644 1358 698 διὰ
1398 646 1499 715 τῆς
1542 645 1847 714 πυκτικῆς,

284 719 550 789 ἀμύσσων
597 726 708 789 τοῖς
753 727 898 793 ὄνυξι
939 732 1036 798 τῆς
1080 730 1425 802 ἐγκρατείας,
1467 725 1527 785 οῦ
1567 734 1748 803 νεκροῖ
1784 730 1851 783 τὰ

289 810 426 881 μέλη
460 810 622 883 λιμῷ,
659 815 751 867 καὶ
776 816 938 885 δίψει,
971 818 1063 872 καὶ
1104 819 1262 889 ψύχει
1286 861 1302 884 ,
1330 822 1422 875 καὶ
1450 821 1745 891 γυμνότητι
1764 860 1779 888 ,
1806 812 1851 885 ᾧ

286 900 357 952 τὰ
399 900 665 969 στίγματα
703 904 794 957 τοῦ
827 906 1029 977 Κυρίου
1065 908 1361 975 ἐπιϐάλλει,
1396 910 1454 963 ὃν
1484 913 1609 981 νικᾷ
1638 910 1726 963 διὰ
1755 910 1848 962 τοῦ

284 989 489 1060 δρόμου
518 993 740 1047 κατόπιν
762 996 953 1050 ἑαυτοῦ
976 999 1309 1067 καταλιπὼν,
1334 1001 1408 1065 ὡς
1438 1002 1501 1055 ἂν
1535 1001 1608 1074 μὴ
1635 1004 1849 1054 ἐπισκο-

282 1085 430 1135 τοῖτο
456 1085 553 1145 τὰς
583 1086 732 1156 ὄψεις
762 1088 854 1141 τοῦ
893 1091 1185 1145 ἀντιπάλου
1220 1094 1625 1165 προτρέχοντος.
1666 1095 1727 1146 Ei
1756 1091 1848 1147 οὖν

281 1173 411 1238 ὀξὺς
449 1177 542 1228 καὶ
569 1178 846 1250 εὐκίνητος
876 1184 934 1235 ὲν
964 1188 1075 1248 τοῖς
1114 1185 1317 1253 ἀγῶσιν
1344 1189 1372 1239 ὁ
1421 1186 1627 1249 Παῦλος
1648 1226 1662 1249 ,
1699 1186 1793 1239 καὶ
1820 1188 1848 1239 6

281 1260 449 1315 Δασιδ
472 1264 725 1319 πλατύνει
748 1270 817 1321 τὰ
836 1270 991 1342 διαὸή
1002 1291 1145 1342 ματα
1164 1278 1273 1338 τοῖς
1293 1275 1504 1347 ὲχθροῖς
1525 1276 1844 1346 ἐπιτρέχων,

282 1352 378 1403 καὶ
409 1356 437 1405 6
465 1356 693 1424 νυμφίος
728 1360 785 1411 ὲν
830 1360 908 1431 τῷ
947 1363 1181 1433 ’ᾼσματι
1225 1364 1442 1434 δορκάδι
1483 1367 1623 1420 κατά
1662 1366 1722 1418 τὸ
1761 1367 1849 1418 εὑ-

280 1441 503 1513 κίνητον
528 1447 825 1516 ὁμοιοῦται,
855 1452 954 1523 ὅρη
985 1454 1277 1526 διαπηδῶν,
1315 1458 1409 1510 καὶ
1437 1458 1643 1528 βουνοῖς
1680 1459 1847 1528 ἐφαλ-

279 1532 507 1604 λόμενος
551 1536 681 1609 (καὶ
733 1543 899 1597 πολλά
944 1546 1166 1600 τοιαῦτα
1208 1548 1355 1602 ἔστιν
1401 1552 1609 1616 είπεῖν,
1664 1554 1721 1605 ὲν
1767 1548 1847 1614 οἷς

280 1628 677 1701 προτιμότερον
700 1633 1011 1705 εὑρίσκεται
1036 1638 1137 1707 τῆς
1164 1640 1464 1711 πραότητος
1496 1642 1556 1695 τὸ
1583 1643 1722 1696 κατά
1750 1643 1846 1715 τὴν

278 1716 497 1786 κίνησιν
527 1721 731 1792 τάχος)⁶
763 1725 879 1789 πῶς
908 1728 1142 1782 ἐνταῦθα
1167 1732 1225 1783 ὲν
1258 1732 1678 1804 κατορθώματος
1717 1735 1845 1788 εῖδει

280 1810 579 1882 μακαρίζει
604 1814 665 1868 τὸ
692 1819 862 1887 πρᾶον
896 1821 925 1872 6
957 1819 1161 1887 Λόγος;
1200 1821 1488 1891 Μακάριοι
1511 1827 1639 1894 γὰρ,
1659 1825 1842 1895 φησιν,

276 1901 339 1952 οι
365 1903 603 1969 πραεῖς,
646 1905 735 1959 ὅτι
771 1909 937 1963 αὐτοὶ
975 1913 1500 1982 κληρονομήσουσι
1532 1914 1647 1983 τὴν
1689 1913 1803 1984 γῆν
1824 1932 1839 1946 '
1874 1902 1916 1957 Β

276 1993 497 2065 ἐκείνην
546 1998 762 2063 πάντως
800 2002 900 2073 τὴν
949 2003 1053 2073 γῆν
1095 2005 1193 2075 τὴν
1238 2006 1347 2059 τῶν
1380 2006 1561 2061 καλῶν
1612 2006 1840 2080 εὔφορον

275 2088 651 2157 γεννημάτων,
693 2092 790 2163 τὴν
824 2092 903 2164 τῷ
942 2093 1081 2166 ξύλῳ
1111 2097 1211 2166 τῆς
1249 2097 1394 2169 ζωῆς
1424 2098 1713 2169 κομῶσαν,
1742 2100 1839 2169 τὴν

275 2180 401 2241 ταῖς
429 2183 631 2249 πηγαῖς
657 2182 766 2239 τῶν
792 2189 1171 2257 πνευματικῶν
1198 2190 1548 2260 χαρισμάτων
1572 2192 1841 2263 κατάρρυ-

273 2286 390 2335 τον,
445 2271 529 2340 ἐφ’
558 2268 643 2345 νῆς
686 2275 721 2345 ἡ
779 2276 1019 2347 ἄμπελος
1067 2282 1100 2351 ή
1145 2282 1372 2354 ἀληθινὴ
1419 2282 1721 2352 βλαστάνει,
1771 2280 1841 2355 ἦς

275 2361 520 2431 γεωργὸν
556 2362 642 2416 τὸν
669 2364 886 2436 Πατέρα
917 2367 1011 2421 τοῦ
1040 2371 1241 2440 Κυρίου
1273 2371 1558 2441 ἀκούομεν.

1950 645 2135 697 ferens
2164 651 2217 695 et
2249 641 2542 695 intentans.
2586 638 2682 696 Vis
2715 656 3047 710 cognoscere
3081 652 3253 696 artem
3308 642 3510 711 pugili!

1948 732 2103 788 Pauli
2131 732 2154 785 ?
2182 731 2392 787 intuere
2433 732 2655 787 vulnera
2702 741 2894 787 contra
2945 733 3287 805 certantis“;
3329 733 3515 800 aspice

1950 824 2149 878 livores
2191 829 2246 877 et
2291 822 2666 892 sugillationes
2698 822 3040 888 adversarii;
3074 823 3198 877 vide
3250 831 3412 877 notas
3456 831 3512 877 et

1948 925 2149 986 puncta
2179 914 2331 968 victi.
2363 911 2601 967 Omnino
2632 922 2813 967 autem
2845 928 2953 967 non
2999 914 3218 982 ignoras
3249 912 3506 966 adversa-

1948 1008 2111 1068 rium,
2140 1006 2398 1060 nimirum
2432 1004 2526 1075 qui
2561 1019 2657 1074 per
2695 1019 2915 1060 carnem
2965 1006 3295 1069 obluctatur,
3346 1019 3509 1075 quem

1948 1114 2043 1167 per
2065 1106 2235 1151 artem
2255 1095 2528 1167 pugnandi
2547 1096 2822 1167 unguibus
2842 1097 3193 1151 continentia:
3208 1096 3508 1157 elacerans,

1946 1189 2220 1258 suggillat,
2252 1188 2410 1257 cujus
2431 1189 2674 1243 membra
2690 1186 2983 1241 mortiﬁcat
3014 1186 3177 1249 fame,
3201 1188 3315 1251 siti,
3342 1185 3509 1256 frigo-

1946 1295 2027 1341 re.
2058 1281 2324 1347 nuditate,
2352 1280 2438 1335 cui
2475 1289 2633 1333 notas
2666 1286 2720 1333 et
2750 1286 2950 1348 puncta
2984 1277 3199 1333 Domini
3243 1279 3509 1347 imprimit

1947 1378 1999 1426 et
2030 1371 2219 1434 inurit,
2252 1384 2411 1439 quem
2444 1385 2608 1424 cursu
2636 1384 2667 1423 a
2697 1379 2852 1439 tergo
2893 1370 3142 1423 relictum
3189 1370 3397 1433 vincit,
3436 1384 3509 1423 ne

1945 1467 2311 1531 praacurrente
2342 1460 2655 1515 adversario
2686 1461 2921 1514 tenebrae
2954 1460 3130 1514 oculis
3186 1460 3303 1514 suis
3330 1458 3508 1513 oll‘un-

1946 1554 2165 1607 dantur.
2224 1552 2278 1605 Si
2316 1553 2483 1622 igitur
2537 1551 2739 1605 Paulus
2796 1552 2849 1605 in
2884 1551 3278 1605 certaminibus
3327 1551 3506 1619 agilis,

1945 1659 2070 1699 acer
2097 1655 2152 1699 et
2183 1646 2336 1698 velox
2371 1654 2476 1707 est,
2505 1644 2673 1698 David
2709 1645 2964 1698 inimicos
2988 1643 3250 1697 invadens
3282 1658 3507 1713 gressus

1945 1735 2133 1788 dilatat
2157 1734 2201 1797 ',
2232 1743 2285 1789 et
2314 1749 2550 1805 sponsus
2586 1736 2639 1789 in
2671 1734 2920 1797 Cantico,
2974 1749 3205 1803 capreaa,
3260 1733 3405 1802 quod
3436 1733 3504 1786 ad

1946 1824 2238 1893 agilitatem
2305 1834 2357 1879 et
2413 1825 2755 1880 velocitatem
2815 1826 3052 1889 attinet,
3114 1824 3498 1889 assimilatur,

1945 1924 2157 1971 montes
2183 1915 2497 1971 transiliens
2523 1918 2565 1981 ⁸,
2594 1926 2650 1971 et
2674 1916 2730 1969 in
2759 1916 2992 1970 collibus
3034 1916 3261 1981 saltans,
3305 1916 3504 1968 multa-

1943 2024 2049 2078 que
2082 2008 2350 2076 ejusmodi
2400 2007 2646 2079 proferre
2694 2009 2844 2075 licet,
2893 2008 2949 2062 in
2997 2009 3196 2078 quibus
3252 2007 3504 2061 celeritas

1944 2109 2123 2155 motus
2168 2100 2379 2155 lenitati
2428 2100 2672 2170 praeferri
2720 2100 3032 2170 reperitur;
3065 2101 3159 2170 qui
3209 2098 3287 2165 fit,
3326 2106 3383 2152 ut
3415 2098 3506 2151 bic

1943 2192 2101 2261 quasi
2134 2208 2245 2246 rem
2271 2194 2585 2261 praeclaram
2607 2199 2662 2247 et
2684 2192 2937 2247 eximiam
2965 2190 3239 2247 lenitatem
3264 2188 3498 2244 Verbum

1946 2282 2160 2337 beatam
2196 2284 2501 2353 praedicet?
2528 2283 2682 2337 Beati
2717 2284 2883 2347 enim,
2937 2284 3132 2353 inquit,
3179 2283 3339 2347 lenes,
3371 2296 3502 2350 quo-

1948 2374 2090 2427 niam
2119 2374 2220 2442 ipsi
2259 2374 2614 2429 hwreditatem
2666 2384 2817 2429 terra:
2867 2385 3244 2445 consequentur
3267 2376 3309 2440 ⁷,
3354 2373 3505 2427 illius

276 2456 440 2523 plane
492 2459 1012 2533 terraednimirum)
1060 2480 1181 2534 quae
1232 2466 1498 2520 bonorum
1555 2465 1830 2520 fructuum
1889 2465 2086 2523 fertilis
2138 2475 2242 2535 est,
2289 2483 2408 2538 quae
2457 2469 2604 2539 ligno
2656 2470 2779 2524 vitm
2808 2468 3043 2536 frondet,
3094 2484 3214 2539 qua:
3260 2467 3503 2522 fontibus

277 2548 649 2616 Spiritualium
680 2550 946 2608 donorum
978 2556 1180 2628 irrigua
1215 2567 1320 2624 est,
1340 2560 1395 2613 in
1423 2574 1530 2629 qua
1554 2572 1682 2613 vera
1708 2557 1839 2613 vitis
1874 2560 2159 2628 germinat,
2190 2561 2349 2630 cujus
2378 2561 2643 2616 cultorem
2689 2575 2810 2616 esse
2866 2559 3085 2616 Patrem
3126 2559 3338 2613 Domini
3408 2574 3511 2609 au—~

276 2635 460 2693 dimus
481 2638 523 2692 ⁸.

365 2728 505 2782 Ἀλλ’
545 2730 689 2785 ἔοικε
727 2734 962 2791 τοιοῦτόν
1005 2756 1059 2792 τι
1109 2740 1413 2811 φιλοσοφεῖν
1450 2744 1478 2795 6
1519 2743 1722 2811 Λόγος,
1763 2741 1845 2794 ὅτι

279 2820 451 2894 πολλὴ
476 2823 611 2894 πρὸς
638 2824 735 2897 τὴν
763 2828 961 2883 κακίαν
990 2831 1134 2885 ἐστὶν
1161 2835 1193 2903 ή
1232 2834 1467 2895 εὐκολία,
1501 2837 1593 2888 καὶ
1622 2833 1844 2905 ὀξύρρο-

281 2932 383 2967 πον
422 2916 516 2969 ὲπὶ
550 2915 611 2970 τὸ
647 2921 827 2992 χεῖρον
854 2922 888 2992 ἡ
918 2922 1110 2991 φύσις’
1154 2924 1402 2996 καθάπερ
1434 2926 1502 2979 τὰ
1532 2926 1700 2996 βαρέα
1735 2926 1843 2978 τῶν

282 3007 550 3078 σωμάτων
603 3009 735 3082 πρὸς
790 3012 891 3083 μὲν
938 3015 1005 3068 τά
1056 3015 1167 3069 ἀνω
1218 3018 1562 3071 παντάπασιν
1611 3017 1842 3087 ἀκίνητα

2018 2735 2217 2793 Verum
2293 2740 2510 2794 videtur
2571 2735 2841 2807 ejusmodi
2913 2736 3187 2805 quidpiam
3265 2733 3501 2790 Verbum

1944 2829 2172 2885 innuere
2226 2840 2389 2901 atque
2422 2830 2769 2901 significare,
2826 2826 2970 2897 Quod
3029 2827 3187 2881 valde
3244 2828 3502 2880 nimirum

1944 2918 2122 2974 facilis
2160 2921 2215 2975 in
2263 2923 2455 2975 vitium
2498 2928 2553 2976 et
2600 2921 2899 2990 nequitiam
2952 2919 3025 2974 sit
3077 2919 3285 2987 lapsus,
3333 2926 3387 2971 et
3415 2932 3505 2971 res

1943 3025 2209 3081 propensa
2240 3026 2587 3082 prmcepsque
2616 3012 2669 3066 in
2689 3012 2842 3082 pejus
2870 3019 3102 3075 natura;
3130 3008 3505 3078 sicutigravia

278 3098 464 3168 μένει,
497 3101 544 3151 εί
569 3100 626 3154 δέ
663 3118 804 3167 τινος
843 3103 1148 3176 ἀκρωρείας
1178 3106 1383 3178 ὑψηλῆς
1424 3108 1515 3161 ἐπὶ
1537 3107 1598 3160 τὸ
1642 3108 1840 3178 πρανὲς

1944 3116 2007 3156 ac
2055 3106 2354 3173 ponderosa
2410 3118 2643 3173 corpora
2697 3117 2916 3157 sursum
2983 3101 3201 3170 quidem
3268 3114 3499 3161 versus,

275 3190 656 3261 ἀποσεισθείη,
709 3193 945 3264 τοσούτῳ
991 3194 1152 3266 ῥοίζῳ
1199 3197 1334 3267 πρὸς
1381 3199 1441 3251 τὸ
1488 3197 1841 3269 ὑποκείμενον

1944 3208 2170 3263 prorsus
2205 3194 2426 3273 immota
2462 3201 2707 3257 manent,
2735 3194 2822 3248 sin
2856 3200 3036 3247 autem
3065 3192 3133 3245 ab
3177 3191 3361 3259 aliquo
3393 3190 3502 3243 alto

274 3281 526 3353 φέρεται,
563 3282 657 3336 τοῦ
695 3285 893 3339 οἰκείου
928 3285 1124 3357 βάρους
1147 3287 1244 3358 τὴν
1271 3288 1440 3360 φορὰν
1466 3291 1838 3354 ἐπιτείνοντος,

275 3374 355 3436 ὡς
381 3375 519 3447 ὑπὲρ
545 3376 699 3445 λόγον
725 3372 942 3432 εἶναιτὸ
957 3380 1136 3449 τάχος.
1172 3381 1325 3434 Ἐπεὶ
1346 3378 1437 3436 οὖν
1452 3383 1680 3453 χαλεπόν
1697 3386 1841 3436 ἐστιν

276 3466 314 3535 ἡ
349 3467 408 3518 ὲν
446 3465 654 3531 τούτοις
684 3467 899 3541 ὀξύτης,
940 3472 1270 3542 μακαριστὸν
1305 3472 1370 3526 ἂν
1409 3472 1493 3543 εἴη
1532 3474 1746 3538 πάντως
1780 3475 1841 3528 τὸ

278 3558 341 3623 ἐξ
362 3561 713 3632 ἀντιστρόφου
746 3564 1045 3633 νοούμενον.
1081 3566 1249 3620 Τοῦτο
1284 3566 1341 3619 δέ
1370 3569 1483 3621 ἐστι
1517 3568 1777 3639 πραότης,
1806 3570 1838 3638 ή

279 3648 419 3720 πρὸς
438 3652 535 3715 τὰς
561 3654 811 3719 τοιαύτας
832 3657 931 3726 τῆς
962 3657 1176 3726 φύσεως
1198 3658 1373 3730 ὁρμὰς
1404 3658 1623 3729 βραδεῖά
1658 3676 1717 3712 τε
1747 3661 1840 3713 καὶ

274 3740 591 3813 δυσκίνητος
639 3745 770 3811 ἕξις.
811 3747 1077 3819 Καθάπερ
1120 3749 1228 3820 γάρ
1268 3750 1328 3803 τὸ
1365 3749 1498 3822 πῦρ,
1537 3752 1840 3823 ἀεικίνητον

272 3832 377 3903 τὴν
416 3833 577 3901 φύσιν
602 3836 695 3888 ἐπὶ
723 3837 791 3890 τὰ
818 3837 930 3891 ἀνω
964 3836 1102 3908 ἔχον,
1136 3841 1387 3912 ἀκίνητόν
1416 3843 1529 3894 ἐστι
1567 3842 1706 3896 κατὰ
1743 3845 1839 3914 τὴν

274 3926 524 3979 ἐναντίαν
551 3926 720 3997 φοράν
742 3945 755 3957 ·
782 3928 872 3980 τὸν
899 3931 1061 3983 αὑτὸν
1086 3930 1286 3999 τρόπον
1307 3933 1403 3986 καὶ
1437 3935 1470 4003 ἡ
1507 3934 1672 4005 ἀρετὴ
1704 3936 1840 4007 πρὸς

270 4017 344 4072 τὰ
375 4019 487 4072 ἀνω
535 4019 629 4072 καὶ
676 4019 1039 4091 ὑπερκείμενα
1082 4021 1229 4087 όξεῑά
1275 4041 1359 4086 τις
1408 4020 1561 4089 οὖσα,
1600 4026 1695 4079 καὶ⁸
1744 4028 1838 4097 οὑχ

272 4110 493 4179 ὑφιεῖσά
530 4127 657 4163 ποτε
706 4112 804 4181 τῆς
846 4111 1181 4183 ταχύτητος,
1222 4114 1518 4183 πεπέδηται
1563 4116 1697 4185 πρὸς
1742 4116 1839 4188 τὴν

272 4198 524 4253 ἐναντίαν
557 4202 751 4271 ὁρμήν.
786 4201 993 4255 Οὑκοῦν
1024 4202 1209 4273 ἐπειδὴ
1251 4203 1530 4266 πλεονάζει
1566 4204 1706 4257 κατά
1742 4206 1839 4275 τὴν

270 4290 436 4360 φύσιν
479 4292 636 4362 ήμῶν
669 4295 700 4362 ἡ
737 4292 873 4364 πρὸς
907 4292 976 4346 τά
1019 4294 1162 4347 κακὰ
1194 4294 1450 4365 ταχύτης,
1486 4296 1662 4360 καλῶς
1688 4297 1750 4350 τὸ
1782 4299 1839 4351 ὲν

270 4385 386 4445 τοῖς
413 4385 667 4446 τοιούτοις
696 4384 937 4454 ἠρεμοῦν
968 4384 1345 4455 μακαρίζεται.
1377 4387 1450 4439 T6
1482 4387 1590 4459 γάρ
1619 4388 1838 4458 ἡσύχιον

1941 3282 2229 3337 cacumine
2254 3283 2454 3337 montis
2485 3282 2538 3335 in
2570 3297 2811 3351 praeceps
2857 3282 3202 3336 excutiantur
3230 3289 3283 3334 et
3314 3280 3503 3333 detur-

1942 3374 2157 3436 bentur,
2204 3382 2354 3427 tanto
2394 3376 2597 3441 impetu
2649 3372 2869 3441 propria
2901 3371 3042 3425 mole
3090 3384 3313 3423 cursum
3365 3368 3500 3421 inci-

1941 3472 2110 3529 tante,
2148 3465 2200 3518 in
2231 3464 2538 3534 subjectum
2577 3462 2848 3525 feruntur,
2897 3472 2956 3515 ut
2981 3475 3044 3515 ea
3070 3460 3322 3515 celeritas
3354 3458 3500 3512 nulla

1939 3558 2184 3613 oratione
2208 3558 2435 3627 exprimi
2462 3557 2653 3628 possit.
2703 3555 2973 3621 Quoniam
3002 3554 3166 3624 igitur
3200 3568 3288 3606 res
3338 3551 3498 3605 noxia

1941 3657 2103 3720 atque
2136 3650 2441 3719 periculosa
2489 3648 2546 3703 in
2580 3649 2666 3703 his
2696 3648 2958 3701 velocitas
2987 3655 3092 3708 est,
3129 3644 3347 3699 beatum
3384 3656 3500 3695 om-

1938 3741 2068 3795 nino
2103 3739 2405 3794 habendum
2442 3738 2603 3793 fuerit
2653 3738 2704 3792 id
2739 3737 2883 3808 quod
2929 3752 2995 3791 ex
3030 3736 3259 3789 adverso
3296 3734 3498 3786 intelli—

1939 3832 2105 3901 gitur.
2158 3830 2217 3885 ld
2271 3839 2448 3884 autem
2506 3830 2700 3884 lenitas
2760 3836 2863 3891 est,
2918 3827 3176 3881 nimirum
3239 3825 3501 3879 adversus

1937 3921 2205 3991 ejusmodi
2264 3929 2473 3975 natura:
2543 3920 2777 3989 impetus
2844 3926 2897 3973 et
2965 3919 3236 3987 appetitus
3310 3915 3499 3970 tardus

1937 4013 2143 4083 pariter
2191 4021 2449 4082 motuque
2496 4010 2729 4066 dillicilis
2789 4010 3008 4066 habitus
3068 4020 3121 4064 et
3183 4008 3494 4064 assuetudo.

1936 4104 2401 4170 Quemadmodum
2450 4104 2593 4156 enim
2665 4102 2827 4173 ignis,
2891 4102 2984 4170 qui
3036 4110 3226 4155 natura
3281 4115 3496 4154 sursum

1935 4209 2127 4249 versus
2156 4209 2369 4263 semper
2417 4202 2683 4258 movetur,
2721 4192 3017 4247 immobilis
3070 4192 3124 4245 in
3161 4192 3497 4245 contrarium

1936 4302 2157 4342 cursum
2186 4293 2308 4342 est:
2356 4287 2544 4342 eodem
2593 4285 2755 4341 modo
2785 4285 2963 4340 virtus
3010 4300 3230 4355 quoque
3257 4299 3380 4337 cum
3430 4284 3498 4337 ad

1936 4378 2256 4448 superiora,
2318 4392 2647 4447 sursumque
2693 4391 2887 4431 versus
2936 4390 3100 4438 acer,
3153 4377 3413 4446 veloxque
3445 4386 3500 4431 et

270 4475 333 4525 ὲν
360 4473 587 4537 τούτοις,
621 4475 719 4544 τῆς
747 4475 882 4546 πρὸς
910 4476 978 4529 τὰ
1013 4478 1124 4531 ἅνω
1154 4479 1420 4548 κινήσεως
1456 4481 1729 4552 μαρτυρία
1754 4482 1832 4549 γίο

1942 4476 2186 4539 prompta
2219 4467 2309 4531 sit,
2338 4468 2583 4537 nihilque
2613 4482 2853 4536 unquam
2892 4466 2959 4520 de
3007 4465 3289 4520 celeritate
3315 4466 3499 4519 remit-

270 4583 439 4619 νεται.
473 4568 732 4637 Κρεῖττον
760 4568 803 4620 δ’
831 4568 896 4621 ἂν
922 4569 1007 4638 εἴη
1030 4569 1096 4621 δι’
1122 4570 1297 4624 αὐτῶν
1322 4571 1426 4623 τῶν
1448 4572 1586 4625 κατὰ
1611 4572 1699 4625 τὸν
1727 4573 1835 4642 βίον

270 4659 682 4729 ὑποδειγμάτων
703 4660 992 4730 σαφηνίσαι
1020 4661 1107 4715 τὸν
1138 4661 1291 4730 λόγον
1317 4680 1329 4694 ⁸
1370 4664 1537 4734 Διπλῆ
1568 4665 1667 4734 τῆς
1707 4667 1835 4719 ἑκά-

272 4766 400 4802 στου
453 4749 819 4820 προαιρέσεὼς
865 4753 1010 4805 ἐστιν
1060 4755 1092 4822 ἡ
1137 4753 1382 4823 κίνησις,
1430 4758 1546 4808 κατ’
1592 4756 1835 4821 ἐξουσίαν

273 4841 410 4911 πρὸς
457 4842 517 4893 τὸ
561 4842 748 4895 δοκοῦν
791 4842 1071 4913 προϊοῦσα,
1098 4843 1246 4898 ἔνθεν
1282 4847 1415 4916 πρὸς
1461 4849 1830 4919 σωφροσύνην,

274 4930 483 4983 ἐκεῖθεν
517 4931 652 5002 πρὸς
678 4932 739 4985 τὸ
764 4932 1076 4987 ἀκόλαστον.
1111 4934 1177 4987 ’0
1206 4935 1250 4988 δ’
1279 4937 1370 4988 ἐπὶ
1402 4938 1597 5009 μέρους
1622 4940 1832 5009 εἴρηται

270 5021 366 5074 τοῦ
411 5022 548 5075 κατά
589 5023 686 5093 τὴν
726 5023 922 5094 ἀρετὴν
955 5026 1048 5077 καὶ
1083 5027 1278 5080 κακίαν
1309 5028 1499 5092 εἴδους,
1544 5029 1699 5082 τοῦτο
1743 5032 1836 5084 καὶ

270 5114 364 5166 ἐπὶ
394 5114 593 5177 παντὸς
622 5115 863 5167 νοείσθω.
903 5116 1150 5185 Σχίζεται
1187 5119 1295 5189 γὰρ
1326 5121 1538 5183 πάντως
1576 5121 1710 5191 πρὸς
1739 5123 1837 5187 τὰς

269 5205 515 5267 ἐναντίας
543 5205 718 5275 ὁρμάς
746 5205 806 5257 τὸ
838 5206 1176 5277 ἀνθρώπινον
1216 5204 1346 5279 ἦθος
1366 5250 1381 5273 ,
1420 5211 1452 5281 ἦ
1500 5212 1671 5282 θυμοῦ
1700 5214 1835 5283 πρὸς

269 5296 570 5350 ἐπιείκειαν
608 5296 1122 5367 ἀντιδιαιρουμένου,
1166 5298 1399 5371 ἦτύφου
1448 5303 1582 5373 πρὸς
1620 5305 1835 5375 papas-

267 5405 445 5457 τητα,
478 5386 512 5457 ἢ
558 5386 749 5454 φθόνου
797 5388 933 5459 πρὸς
974 5388 1182 5443 εὔνοιαν
1213 5433 1229 5457 ,
1278 5393 1310 5462 ἢ
1343 5392 1659 5464 δυσμενείας
1698 5400 1834 5468 πρὸς

270 5475 621 5547 ἀγαπητικὴν
653 5478 745 5529 καὶ
778 5479 1057 5552 είρηνικὴν
1090 5482 1441 5539 συνδιάθεσιν.
1483 5487 1696 5557 Ἐπειδὴ
1726 5490 1835 5542 τοί-

269 5587 365 5620 νυν
391 5568 597 5639 ὑλώδης
632 5568 729 5637 μὲν
753 5571 781 5622 ὁ
807 5570 1141 5640 ἀνθρώπινος
1179 5574 1291 5644 βίος
1311 5616 1326 5638 ,
1354 5580 1479 5650 περὶ
1503 5579 1557 5632 δὲ
1582 5581 1679 5645 τὰς
1706 5582 1835 5647 ὔλας

270 5662 341 5715 τά
376 5659 520 5730 πάθη
540 5702 555 5726 ,
586 5662 694 5713 πᾶν
724 5660 780 5713 δὲ
812 5664 979 5727 πάθος
1006 5666 1183 5731 ὀξεῖαν
1215 5668 1325 5738 ἔχει
1354 5673 1445 5725 καὶ
1475 5674 1838 5746 ἀκατάσχετον

1939 4572 2036 4626 tat,
2068 4562 2135 4617 ad
2186 4562 2522 4617 contrarium
2575 4570 2780 4615 motum
2834 4559 3083 4612 tardatur
3133 4567 3186 4613 et
3241 4559 3497 4627 impedita

1936 4665 2039 4709 est.
2094 4652 2234 4722 Ergo
2279 4655 2405 4722 quia
2454 4654 2618 4706 nimia
2673 4652 2727 4706 in
2784 4659 2979 4705 natura
3037 4659 3222 4704 nostra
3256 4652 3320 4703 ad
3355 4652 3497 4704 mala

1938 4747 2196 4800 velocitas
2225 4754 2330 4807 est,
2359 4754 2503 4798 recte
2527 4746 2580 4798 in
2606 4743 2807 4797 talibus
2846 4744 3001 4811 quies
3029 4753 3083 4796 et
3113 4742 3307 4798 lenitas
3338 4742 3498 4798 beata

1932 4837 2227 4907 judicatur.
2280 4834 2411 4888 Nam
2457 4836 2626 4888 otium
2660 4843 2714 4888 et
2756 4834 2914 4903 quies
2960 4841 3124 4903 atque
3178 4836 3413 4890 cessatio
3463 4850 3495 4889 a

1940 4931 2135 4990 malis,
2192 4935 2372 4981 motus
2430 4926 2494 4980 ad
2558 4940 2793 4994 superna
2832 4926 3198 4981 testimonium
3255 4927 3493 4982 exsistit.

1939 5022 2289 5076 Commodius
2321 5027 2500 5073 autem
2534 5018 2692 5072 fuerit
2729 5034 2825 5087 per
2851 5018 2965 5087 ipsa
2995 5021 3260 5084 exempla,
3292 5035 3411 5088 quae
3443 5020 3496 5072 in

1937 5116 2049 5168 vita
2112 5112 2386 5168 communi
2453 5110 2751 5176 accidunt,
2822 5112 3126 5165 orationem
3193 5111 3493 5165 declarare.

1941 5207 2146 5277 Duplex
2198 5206 2631 5274 uniuscujusque
2684 5204 2981 5258 voluntatis
3034 5211 3215 5258 motus
3263 5213 3387 5265 est,
3429 5203 3495 5256 ad

1939 5302 2222 5357 arbitrium
2253 5314 2362 5369 quo
2413 5298 2586 5352 visum
2618 5297 2782 5352 fuerit
2831 5296 3205 5366 progrediens,
3256 5295 3380 5349 hinc
3429 5296 3497 5352 ad

1941 5394 2394 5465 temperantiam,
2456 5392 2604 5445 illinc
2669 5390 2734 5443 ad
2807 5390 3277 5443 incontinentiam.
3340 5387 3496 5453 Quod

1942 5497 2122 5543 autem
2153 5488 2207 5541 in
2235 5493 2386 5555 parte
2408 5482 2631 5536 virtutis
2663 5481 2889 5549 vitiique
2940 5479 3127 5533 forma-
3155 5478 3359 5532 dictum
3388 5487 3495 5541 est,

1941 5584 2044 5637 hoc
2065 5581 2118 5634 in
2147 5579 2402 5633 universo
2425 5574 2777 5643 intelligatur.
2805 5571 3083 5625 Scinditur
3104 5571 3246 5625 enim
3271 5585 3499 5640 prorsus

1949 5677 2004 5730 in
2061 5669 2366 5727 contrarios
2423 5665 2696 5736 appetitus
2746 5671 2938 5717 natura
3000 5673 3165 5731 atque
3223 5661 3500 5734 ingenium

344 5842 365 5889 ‘-
401 5843 445 5913 ιι
475 5845 599 5901 Cor.
633 5863 683 5901 xi
709 5887 724 5915 ,
769 5847 786 5900 l
826 5863 944 5923 sqq.
1021 5848 1041 5877 ⁸
1082 5847 1223 5905 Psal.
1252 5860 1395 5915 xvu,
1428 5849 1490 5902 17
1525 5866 1642 5921 sqq.
1719 5852 1739 5882 ⁸⁵
1776 5852 1842 5909 (ξι

1942 5871 1986 5908 r.
2024 5869 2097 5917 ιι,
2126 5854 2178 5908 9.
2256 5852 2273 5885 ⁷
2319 5848 2505 5905 Matth.
2541 5865 2594 5916 ν,
2625 5849 2679 5903 ι.
2754 5852 2773 5882 ⁸
2810 5847 2964 5907 Joan.
2995 5865 3085 5917 ιτ,
3120 5849 3171 5905 1.
