4004 6520
596 421 735 478 IIIS
1845 419 1898 474 S.
1932 418 2254 476 GREGORII
2287 417 2578 475 NYSSENI
3634 419 3737 479 m0
3901 372 3903 453 1

596 537 916 600 humanum,
945 551 1069 591 cum
1096 536 1180 590 vel
1209 536 1492 593 iracundia
1523 551 1618 609 per
1667 538 1944 594 lenitatem
1989 548 2152 608 atque

2321 557 2348 592 ν
2407 540 2582 611 ὁρμὴν
2630 537 2766 608 πρὸς
2810 535 2909 606 τὴν
2957 534 3306 606 ἐκπλήρωσιν
3366 529 3455 585 τοῦ
3499 527 3740 605 θελήματος

596 628 1024 698 benignitatem,’
1047 629 1132 682 vel
1163 629 1416 698 superbia
1467 644 1563 699 per
1602 629 1924 686 modestiam
1951 641 2006 684 et
2030 644 2151 684 mea

2321 636 2470 705 ιρεία
2496 631 2604 702 γὰρ
2633 630 2728 683 καὶ
2755 626 3078 697 κατωφερὴς
3113 623 3284 696 ἡῦλη)
3305 641 3318 654 ·
3342 623 3578 676 διὰτοῠτο
3607 643 3742 693 μακα-

597 719 958 782 derationem,
981 720 1065 773 vel
1095 720 1300 774 invidia
1327 735 1423 791 per
1449 719 1710 786 favorem,
1756 722 1842 777 vel
1886 721 2068 777 odium
2098 729 2153 777 et

598 811 852 866 simultas
899 826 994 880 per
1048 812 1330 881 pacificum
1393 819 1449 866 et
1500 812 1736 866 amicum
1787 811 2037 866 adlectum
2085 827 2149 866 ex

597 903 877 956 contrario
916 903 1249 958 declaratur.
1296 902 1566 969 Quoniam
1607 903 1773 973 igitur
1794 905 1904 957 vita
1934 902 2151 973 quidem

597 995 831 1047 humana
863 994 1161 1049 materialis
1206 1005 1262 1049 et
1301 1009 1488 1051 crassa
1527 1004 1648 1050 est:
1701 995 1849 1049 circa
1895 994 2152 1049 materias

597 1092 776 1137 autem
809 1084 1254 1154 perturbationes
1287 1095 1342 1142 et
1369 1085 1598 1141 affectus
1626 1093 1912 1140 versantur
1941 1102 1955 1139 :
1988 1092 2154 1158 atque

597 1175 778 1230 omnis
828 1171 1057 1230 affectus
1103 1176 1358 1240 celerem,
1411 1176 1733 1240 violentum,
1781 1176 2154 1246 irrepressibi-

595 1264 810 1335 lemque
831 1265 992 1321 habet
1015 1267 1312 1335 appetitum
1333 1272 1387 1320 et
1412 1266 1672 1336 impetum
1694 1266 1762 1320 ad
1788 1265 2152 1336 expletionem

597 1354 900 1409 voluntatis
931 1353 1278 1424 (ponderosa
1329 1356 1474 1410 enim
1520 1364 1578 1410 et
1613 1355 1868 1411 deorsum
1921 1371 2154 1426 vergens

598 1447 824 1500 materia
853 1451 959 1514 est)
985 1463 1000 1505 ;
1033 1445 1240 1500 idcirco
1269 1447 1456 1502 beatos
1482 1447 1700 1517 judicat-
1726 1445 1988 1502 Dominus
2040 1461 2150 1501 non

597 1551 692 1591 eos
747 1537 840 1606 qui
887 1545 1042 1591 extra
1091 1535 1342 1592 affectum
1390 1544 1444 1593 et
1496 1538 1960 1608 perturbationem
2013 1537 2156 1608 apud

599 1627 812 1696 seipsos
847 1629 1035 1681 vivunt
1082 1627 1236 1698 (ﬁeri
1281 1628 1426 1683 enim
1473 1643 1584 1682 non
1612 1637 1810 1699 potest,
1843 1638 1906 1683 ut
1954 1628 2012 1683 in
2051 1631 2156 1684 vita

600 1721 868 1775 materiali
897 1763 912 1787 ,
966 1722 1210 1775 materias
1265 1722 1488 1791 penitus
1531 1732 1585 1778 et
1631 1723 1923 1778 affectuum
1961 1737 2157 1794 expers

599 1815 704 1864 vita
738 1811 1056 1882 exigatur);
1088 1812 1183 1868 sed
1223 1821 1490 1882 quatenus
1514 1813 1892 1884 progrediendi
1923 1814 2155 1869 facultas

2254 725 2391 796 ρίζει
2417 723 2446 778 ὁ
2479 722 2712 793 Κύριος,
2742 721 2802 772 ού
2833 721 2955 782 τοὺς
2987 717 3090 782 ἔξω
3116 716 3322 778 πάθους
3353 715 3432 782 ἐφ’
3455 715 3635 768 ἑαυτῶν
3660 716 3742 785 βω-

2250 814 2502 877 τεύοντας
2519 813 2610 881 (ού
2631 811 2738 881 γὰρ
2765 809 2985 864 δυνατόν
3017 812 3160 862 ἐστιν
3185 809 3242 859 ὲν
3267 803 3444 858 ὑλώδει
3465 804 3566 877 ζωῇ
3583 806 3656 859 τὸν
3674 808 3744 862 dit-

2251 905 2339 959 λον
2361 904 2480 958 καθ’
2501 905 2619 957 ὅλου
2648 904 2738 957 καὶ
2759 899 2940 971 άπαθῆ
2962 896 3381 970 κατωρθωθῆναι
3405 896 3663 966 βίον),ὰλλὰ
3677 899 3741 952 τὸν

2252 995 2592 1066 ἐνδεχόμενον
2623 995 2722 1064 τῆς
2756 992 2957 1064 ἀρετῆς
2983 992 3106 1063 ὅρον
3147 991 3206 1043 ὲν
3238 992 3306 1060 τῇ
3339 988 3423 1042 διὰ
3454 989 3629 1058 σαρκὸς
3661 991 3741 1060 ζωῇ

2251 1087 2349 1158 τὴν
2379 1086 2660 1157 πραότητα
2685 1085 2850 1152 λέγει,
2888 1083 2982 1136 καὶ
3016 1081 3198 1134 ἱκανὸν
3240 1080 3320 1141 είς
3354 1078 3660 1149 μακαρισμὸν
3701 1082 3743 1133 τὸ

2253 1178 2424 1250 πρᾶον
2463 1171 2599 1229 εἷναί
2638 1191 2821 1245 φησιν.
2869 1172 2943 1224 Οὐ
2987 1169 3094 1240 γὰρ
3139 1166 3368 1221 καθόλου
3413 1164 3501 1234 τὴν
3533 1164 3743 1217 ἀπάθειαν

2253 1267 2530 1339 νομοθετεῖ
2568 1268 2634 1337 τῇ
2685 1262 2996 1336 ἀνθρωπίνῃ
3043 1260 3202 1329 φύσει
3227 1276 3241 1288 ο
3286 1256 3406 1310 οὐδὲ
3447 1255 3545 1324 γὰρ
3583 1254 3741 1308 δικαίου

2253 1355 2539 1428 νομοθέτου
2565 1355 2625 1408 τὸ
2652 1354 2822 1408 ταῦτα
2850 1350 3108 1415 κελεύειν,
3135 1349 3237 1401 ὅσα
3259 1349 3292 1418 ἡ
3317 1346 3469 1414 φύσις
3487 1344 3542 1396 ού
3563 1343 3739 1412 δέχεται·

2253 1447 2315 1501 τὸ
2344 1447 2452 1519 γάρ
2486 1446 2722 1500 τοιοῦτον
2767 1442 2950 1514 ὅμοιόν
2991 1443 3157 1506 ἐστιν,
3212 1437 3396 1507 ὥσπερ
3436 1434 3496 1488 ἂν
3534 1435 3581 1486 εἴ
3611 1451 3676 1497 τις
3695 1437 3743 1487 τὰ

2256 1537 2448 1609 ἔνυδρα
2485 1537 2776 1609 μετοικίζοι
2814 1533 2953 1605 πρὸς
2981 1533 3071 1586 τὸν
3112 1529 3357 1600 ἐναέριον
3386 1526 3521 1597 βίον,
3551 1524 3651 1595 ἢτδ
3675 1525 3743 1593 ἑμ-

2257 1633 2418 1686 παλιν
2446 1632 2540 1684 ἐπὶ
2565 1630 2622 1683 τὸ
2651 1627 2814 1699 ὕδωρ,
2843 1627 2943 1680 ὅσα
2967 1624 3045 1692 τῷ
3074 1623 3198 1693 ἀέρι
3229 1617 3521 1690 ὲμὸιοτεύει
3539 1634 3550 1646 ·
3571 1614 3679 1666 ἀλλὰ
3697 1617 3742 1685 τῇ

2255 1722 2434 1792 οἰκείᾳ
2457 1720 2550 1774 καὶ
2573 1717 2713 1772 κατὰ
2737 1716 2898 1786 φύσιν
2914 1714 3136 1784 δυνάμει
3162 1709 3462 1781 πρόσφορον
3485 1700 3604 1758 εἶναι
3622 1720 3745 1774 προσ-

2257 1814 2376 1883 ήκει
2423 1812 2512 1864 τὸν
2544 1809 2723 1878 νόμον.
2776 1806 2875 1860 Διὰ
2894 1804 3050 1860 τοῦτο
3077 1803 3136 1856 τὸ
3183 1798 3400 1871 μέτριόν
3418 1812 3477 1848 τε
3505 1793 3588 1846 καὶ
3619 1795 3744 1861 πρᾶον

599 1908 702 1968 est,
731 1903 954 1958 virtutis
1001 1906 1311 1968 terminum,
1349 1914 1403 1958 ct
1427 1904 1647 1959 modum
1673 1907 1727 1960 in
1772 1906 1905 1970 vita,
1943 1919 2065 1976 quas
2096 1907 2150 1960 in

2190 1892 2228 1947 Β
2256 1907 2284 1958 ὁ
2308 1903 2668 1975 μακαρισμὸς,
2689 1901 2748 1954 ού
2767 1900 2829 1953 τὸ
2854 1896 3198 1952 παντάπασιν
3215 1889 3419 1952 ἀπαθὲς
3451 1885 3743 1956 ὲγκελιύεται·

599 2008 765 2046 carne
794 1993 1133 2064 transigitur,
1160 1994 1437 2049 lenitatem
1464 1994 1619 2058 dicit,
1649 2011 1712 2049 ac
1735 1996 1869 2050 satis
1898 1995 1963 2048 ad
1986 1996 2157 2052 beati-

599 2085 907 2139 ticationem
940 2100 1063 2141 esse
1095 2085 1190 2150 ait,
1223 2086 1270 2141 si
1304 2086 1429 2155 quis
1459 2087 1600 2142 lenis
1630 2095 1686 2141 et
1715 2094 2035 2143 mansuetus
2066 2087 2155 2142 sit.

597 2173 715 2228 Non
744 2175 889 2229 enim
923 2177 1139 2246 penitus
1168 2177 1498 2232 vacuitatem
1545 2177 1860 2241 adeotuum,
1904 2187 1964 2233 et
1986 2180 2160 2249 impa-

601 2266 905 2321 tibilitatem
937 2268 1186 2322 humana:
1236 2277 1446 2322 naturae
1491 2271 1793 2338 praescrihit
1827 2272 1973 2340 (non
2015 2271 2159 2324 enim

598 2357 747 2426 tequi-
786 2358 1114 2427 legislatoris
1153 2367 1240 2415 est
1292 2375 1356 2414 ea
1401 2359 1597 2429 jubere
1641 2377 1763 2431 qua;
1810 2371 2003 2416 natura
2050 2376 2159 2415 non

600 2447 743 2516 rapit
768 2463 868 2503 nec
893 2449 1159 2516 admittit;
1191 2465 1316 2504 nam
1359 2450 1413 2504 id
1457 2451 1680 2520 perinde
1723 2459 1806 2506 est
1855 2466 1918 2505 ac
1960 2451 2005 2506 si
2035 2452 2160 2521 quis

599 2538 860 2606 aquatilia
891 2538 1142 2594 traducat
1175 2542 1240 2595 ad
1271 2541 1474 2594 aeriam
1509 2541 1701 2605 vitam,
1733 2549 1819 2596 aut
1858 2553 2049 2596 contra
2092 2541 2158 2596 ad

599 2643 796 2696 aquam
826 2629 1056 2684 deducat
1089 2646 1151 2684 ea
1209 2646 1328 2700 qua:
1367 2632 1420 2684 in
1469 2646 1595 2686 aere
1625 2633 1854 2686 vivunt:
1886 2632 1982 2687 sed
2030 2647 2162 2686 con-

600 2720 748 2773 venit
801 2720 868 2774 ad
930 2722 1180 2791 proprias
1237 2730 1292 2778 et
1345 2724 1620 2778 naturales
1682 2725 1825 2778 vires
1877 2731 2067 2793 aptam
2108 2731 2162 2779 et

601 2811 1069 2866 accommodatam
1124 2829 1250 2869 esse
1280 2815 1509 2886 legem).
1545 2815 1750 2870 Idcirco
1793 2821 1852 2868 ut
1897 2815 2160 2869 moderati

601 2902 804 2972 pariter
829 2911 882 2957 et
922 2904 1074 2960 lenes
1099 2904 1296 2971 simus,
1330 2920 1461 2971 non,
1503 2919 1568 2961 ut'
1597 2906 1890 2960 affectuum
1932 2921 2161 2976 prorsus

599 3003 870 3062 expertes,
895 3001 948 3048 et
969 3008 998 3046 a
1019 2997 1524 3064 perturbationibus
1549 2998 1772 3052 omnino
1793 2998 2160 3062 vacuisimus,

601 3079 932 3137 beatificatio
964 3100 1066 3141 nos
1097 3086 1390 3153 hortatur;
1421 3102 1547 3142 nam
1578 3088 1680 3144 hoc
1700 3089 1917 3160 quidem
1950 3093 2162 3146 excedit

601 3178 874 3236 naturam,
947 3173 1081 3228 illud
1125 3191 1252 3231 vero
1296 3178 1496 3233 virtute
1545 3181 1856 3236 conﬁcitur.
1893 3178 1950 3234 Si
1985 3182 2155 3250 igitur

2255 1996 2317 2048 τὸ
2340 1994 2437 2064 μὲν
2469 1992 2575 2065 γὰρ
2600 1991 2824 2061 ἕξω-τῆς
2849 1985 3059 2058 φύσεως
3080 2024 3097 2051 ,
3128 1983 3192 2036 τὸ
3219 1980 3362 2035 esse
3393 1977 3572 2048 ἀρετῆς
3597 1987 3747 2042 κατορα

2258 2085 2533 2156 θούμενον.
2584 2084 2646 2136 Ei
2700 2077 2794 2135 οὖν
2847 2080 2908 2132 τὸ
2956 2077 3215 2147 ἀκίνητον
3274 2070 3407 2141 πρὸς
3453 2066 3748 2156 ὲπιθυμίανί

2260 2153 2600 2248 μακαρισμὸς
2634 2171 2914 2226 ὑπετίθετο
2935 2211 2948 2234 ,
2992 2167 3249 2235 ἀνόνητος
3284 2162 3348 2216 ἂν
3382 2155 3446 2230 ἦν
3473 2157 3546 2228 τῷ
3578 2156 3655 2225 βίῳ
3682 2153 3749 2248 καὶ

2256 2243 2524 2339 άχρηστος
2561 2267 2597 2336 ἡ
2631 2263 2875 2330 εὐλογία·
2921 2259 3003 2323 τίς
3034 2257 3142 2327 γὰρ
3191 2255 3260 2309 ἂν
3290 2252 3381 2306 τοῦ
3407 2248 3619 2304 τοιούτου
3653 2243 3748 2302 καθ-

2262 2358 2428 2412 ίκοιτο
2444 2357 2604 2428 σαρκὶ
2640 2355 2731 2409 καὶ
2750 2355 2939 2423 αἵματι
2961 2346 3408 2416 συνεζευγμένοςς
3428 2342 3552 2428 Novi
3564 2340 3612 2392 δέ
3630 2354 3748 2428 φησιν

2257 2448 2318 2500 ού
2348 2449 2438 2499 τδν
2465 2425 2870 2514 ἐπιθυμήσαντα
2894 2439 3036 2493 κατά
3057 2454 3186 2491 τινα
3198 2433 3478 2503 συντυχίαν
3499 2425 3749 2483 εἶναικατά-

2258 2555 2440 2608 κριτον
2465 2575 2480 2600 ,
2515 2535 2652 2589 ἀλλὰ
2689 2535 2780 2588 τὸν
2811 2536 2874 2586 ὲκ
2916 2531 3168 2603 προνοίας
3206 2529 3272 2582 τὸ
3306 2526 3469 2588 πάθος
3511 2521 3750 2576 ἐπισπασά-

2261 2645 2436 2699 μενον.
2467 2623 2550 2680 To
2573 2629 2668 2698 μὲν
2701 2625 2809 2698 γὰρ
2840 2623 3156 2694 ἐγγενέσθαι
3183 2621 3314 2674 ποτὲ
3351 2617 3589 2685 τοιαύτην
3605 2611 3748 2684 ὁρμὴν,

2257 2728 2292 2798 ἡ
2350 2724 2768 2796 συγκεκραμένη
2816 2724 2884 2794 τῇ
2933 2719 3090 2790 φύσει
3134 2716 3392 2777 πολλάκις
3443 2712 3662 2766 ἀσθένεια·
3686 2708 3749 2758 καὶ

2261 2818 2408 2887 παρὰ
2440 2815 2663 2887 γνώμην
2701 2811 3140 2886 παρασκευάζειν
3185 2808 3249 2862 τὸ
3294 2807 3348 2860 δὲ
3403 2805 3473 2875 μὴ
3515 2801 3749 2874 χειμάρρου

2257 2909 2412 2979 δίκην
2454 2907 2847 2979 παρενεχθῆναι
2876 2909 2943 2977 τῇ
2973 2903 3066 2956 τοῦ
3109 2902 3322 2963 πάθους
3359 2898 3515 2990 ὁρμῇ,
3687 2891 3750 2990 ἀν·

2258 3000 2454 3071 ὁρικῶς
2483 3000 2618 3070 πρὸς
2652 2999 2752 3069 τὴν
2777 2994 3029 3067 τοιαύτην
3065 2992 3310 3046 διάθεσιν
3345 2988 3544 3056 στῆναι,
3581 2983 3657 3036 καὶ
3677 2983 3752 3078 cci;

2258 3090 2537 3161 λογισμοῖς
2581 3090 2640 3142 τὸ
2678 3088 2849 3151 πάθος
2889 3084 3212 3140 ἀπώσασθαι
3238 3121 3254 3146 ,
3294 3080 3446 3133 τοῦτο
3479 3075 3568 3145 τῆς
3608 3073 3752 3141 ἀρετῆς

2261 3182 2419 3254 ἔργον
2461 3182 2626 3234 ἐστίν.

602 3267 1031 3325 immobilitatem
1063 3270 1131 3325 ad
1157 3273 1508 3342 cupiditatem
1536 3273 1862 3329 beatificatio
1900 3275 2224 3342 institueret,
2262 3277 2468 3332 nullius
2493 3292 2631 3332 usus
2651 3284 2821 3336 esset,
2878 3272 3124 3340 nihilque
3175 3263 3472 3338 adjum’enti
3521 3260 3580 3314 ad
3631 3258 3752 3309 vitam

603 3354 905 3413 benedictio
952 3359 1185 3416 afferret.
1223 3361 1396 3432 (Quis
1429 3365 1573 3418 enim
1615 3366 1766 3419 carni
1796 3374 1850 3418 et
1895 3367 2148 3436 sanguini
2218 3368 2546 3437 conjunctus
2607 3367 2664 3421 id
2714 3365 2933 3434 assequi
2973 3362 3234 3433 posset?)
3287 3357 3438 3412 Nunc
3487 3361 3640 3406 autem
3678 3357 3754 3400 non

598 3466 728 3505 eum
773 3457 863 3523 qui
901 3457 1084 3525 aliquo
1107 3472 1239 3511 casu
1264 3459 1623 3526 concupierit,
1649 3457 1744 3513 sed
1777 3459 1870 3526 qui
1905 3460 2157 3515 consulto
2194 3460 2387 3514 vitium
2450 3460 2556 3515 sibi
2615 3459 2874 3514 asciverit
2903 3465 2955 3511 ct
2975 3452 3334 3517 contraxerit,
3360 3441 3752 3504 condemnandum

599 3559 723 3600 esse
749 3547 842 3599 ait.
873 3545 1006 3600 Nam
1038 3554 1098 3601 ut
1127 3549 1443 3603 innascatur
1469 3548 1761 3619 aliquando
1795 3551 1919 3606 talis
1991 3551 2291 3621 appetitus,
2358 3565 2504 3622 saepe
2570 3551 2865 3605 infirmitas
2913 3549 3078 3603 insita
3130 3554 3363 3606 naturae,
3417 3541 3564 3594 etiam
3611 3538 3755 3628 praeter

602 3638 770 3690 animi
817 3640 1138 3693 sententiam
1173 3639 1372 3694 eflicit:
1430 3655 1618 3696 verum
1675 3659 1783 3698 non
1832 3644 1889 3698 in
1934 3643 2156 3699 modum
2195 3645 2458 3701 torrentis
2521 3645 2727 3714 impetu
2787 3639 3219 3713 perturbationis
3269 3642 3618 3692 tranSversum
3657 3636 3753 3690 rapi.

604 3728 700 3785 sed
753 3729 957 3784 utiliter
1008 3731 1268 3787 adversus
1315 3731 1584 3800 ejusmodi
1638 3733 2055 3806 dispositionem
2108 3746 2162 3792 et
2199 3736 2451 3791 affectum
2515 3736 2838 3799 consistere,
2902 3742 2958 3788 et
3012 3730 3320 3786 rationibus
3368 3721 3754 3798 perturbatione.“

603 3819 886 3874 discutere
940 3829 1103 3891 atque
1172 3823 1537 3887 submovere,
1612 3824 1718 3880 hoc
1791 3827 2014 3882 virtutis
2077 3837 2162 3883 est
2195 3843 2356 3899 opus.

672 3908 823 3965 Beati
853 3911 1012 3980 igitur
1047 3912 1162 3976 illi,
1205 3913 1297 3982 qui
1338 3913 1404 3967 ad
1453 3916 1800 3983 perturbatos
1847 3926 1910 3973 et.
1933 3918 2164 3973 vitiosos
2189 3898 2246 3987 cf

2189 3898 2246 3987 cf
2334 3918 2605 3989 Μακάριοι
2627 3918 2803 3971 τοίνυν
2822 3918 2870 3970 οἱ
2897 3915 2969 3986 μὴ
2988 3913 3278 3985 ὀξύρροποι
3300 3909 3432 3980 πρὸς
3450 3906 3540 3968 τὰς
3557 3898 3753 3972 ἐμπαθεῖς

604 4002 770 4056 animi
799 4011 976 4056 motus
997 4040 1012 4065 ,
1041 4018 1146 4056 non
1175 4003 1472 4071 proclives,
1505 4006 1811 4077 praecipites
1833 4015 1999 4076 atque
2029 4022 2162 4076 pro-

2261 4011 2359 4084 τῆς
2389 4009 2566 4080 ψυχῆς
2609 4011 2845 4080 κινήσεις
2864 4049 2878 4069 ,
2927 4004 3063 4059 ἀλλὰ
3101 3999 3514 4071 κατεσταλμένοι
3543 3993 3612 4064 τῷ
3638 3991 3753 4084 λόγῳ.

607 4096 797 4165 pensi,
831 4093 927 4149 sed
957 4095 1166 4148 ratione
1195 4094 1367 4149 sedati
1397 4105 1562 4164 sunt;
1594 4098 1650 4152 in
1695 4099 1896 4169 quibus
1939 4099 2167 4152 ratioci-

605 4189 756 4241 natio
784 4187 952 4241 veluti
999 4185 1226 4242 frenum
1255 4187 1528 4256 quoddam
1560 4191 1794 4260 impetus
1824 4192 2126 4260 reprimens
2148 4231 2162 4254 ,

605 4294 715 4333 non
763 4279 894 4334 sinit
940 4279 1180 4332 animum
1231 4281 1310 4334 ad'
1343 4283 1773 4346 immodestiam,
1821 4283 2165 4338 insolentiam

605 4386 670 4426 ac
699 4372 1164 4441 perturbationem
1204 4374 1316 4442 rapi
1362 4383 1524 4444 atque
1550 4375 1752 4432 efferri.
1786 4376 1955 4448 Magis
1986 4386 2166 4431 autem

607 4462 659 4516 id
691 4463 888 4532 aliquis
943 4477 1168 4518 cernere
1201 4468 1374 4532 possit
1413 4466 1466 4519 in
1499 4481 1560 4520 ea
1601 4469 2004 4536 perturbatione
2046 4483 2168 4539 qua:

605 4565 703 4622 per
731 4552 1066 4606 iracundiam
1094 4555 1397 4626 contingit,
1423 4571 1584 4625 quam
1623 4558 1775 4612 beata
1804 4560 2167 4614 res-habenda

610 4643 802 4697 lenitas
832 4643 924 4697 sit.
957 4641 1316 4715 Posteaquam
1359 4648 1504 4702 enim
1551 4651 1630 4702 vel
1679 4650 1925 4713 verbum,
1956 4652 2038 4705 vel
2086 4652 2168 4704 fa-

611 4741 793 4799 ctum,
845 4735 927 4789 vel
978 4737 1223 4805 suspicio
1274 4740 1555 4794 molestior
1598 4742 1887 4810 minusque
1927 4741 2169 4810 jucunda

605 4839 729 4877 eum
761 4826 1008 4880 morbum
1038 4832 1424 4894 commoverit,
1456 4839 1506 4885 et
1541 4833 1763 4901 sanguis
1791 4833 1937 4886 circa
1969 4848 2065 4887 cor
2088 4833 2171 4889 ef-

608 4915 899 4977 ferbuerit,
927 4923 981 4969 et
1010 4915 1227 4971 animus
1254 4921 1557 4976 concitatus
1588 4922 1751 4977 fuerit
1795 4923 1851 4978 in
1884 4924 2166 4990 ultionem,

607 5005 1060 5076 quemadmodum
1093 5006 1286 5062 fabula:
1311 5025 1404 5078 per
1433 5012 1955 5069 medicamentorum
1982 5032 2171 5085 quam.

606 5098 730 5150 dam
763 5096 1032 5166 potionem
1077 5098 1129 5151 in
1181 5099 1464 5154 brutorum
1492 5102 1810 5157 animalium
1839 5106 2049 5175 species
2081 5121 2171 5158 na-

606 5199 783 5242 turam
813 5194 1167 5247 transmutari
1221 5194 1463 5264 fingunt:
1496 5194 1572 5249 ita
1621 5196 1796 5250 virum
1829 5205 2052 5266 repente
2093 5199 2172 5252 vi-

605 5281 736 5335 dere
767 5281 890 5336 licet
921 5299 1109 5351 aprum
1151 5295 1246 5340 aut
1283 5301 1510 5350 canem,
1555 5296 1650 5341 aut
1689 5288 2036 5357 pantheram,
2079 5301 2172 5344 aut

607 5373 766 5426 aliam
806 5377 1114 5446 quampiam
1148 5380 1407 5434 similium
1449 5372 1686 5435 ferarum
1729 5381 1797 5435 ab
1840 5381 1920 5435 ira
1967 5380 2170 5436 factum

605 5478 747 5518 esse.
777 5463 931 5519 Oculi
964 5470 1229 5538 sanguine
1258 5471 1448 5526 suﬂusi
1485 5480 1614 5526 sunt
1634 5511 1650 5534 ,
1684 5471 1920 5542 capillus
1943 5480 2168 5528 erectus

607 5556 783 5624 surgit
809 5567 864 5610 et
887 5559 1212 5615 inhorrescit
1232 5601 1246 5625 ,
1270 5579 1370 5617 vox
1400 5578 1590 5630 aspera
1617 5578 1681 5616 ac
1705 5563 1886 5617 verbis
1917 5563 2127 5618 irritata
2153 5581 2170 5626 ;

608 5645 792 5716 lingua
825 5649 1234 5716 perturbatione
1275 5661 1534 5722 torpens,
1582 5661 1635 5707 ct
1672 5668 1779 5706 non
1821 5654 2173 5709 subserviens

613 5736 852 5791 motibus
881 5738 1156 5793 intestinis
1187 5756 1200 5803 ;
1231 5741 1369 5794 labia
1396 5743 1689 5796 constricta
1711 5783 1724 5806 ,
1757 5752 1811 5798 et
1838 5760 1946 5800 non
1979 5744 2176 5798 articu-

615 5827 724 5882 late
763 5827 926 5885 vcrba
965 5833 1358 5903 exprimentia,
1400 5851 1576 5907 neque
1621 5837 1931 5894 cohibentia
1984 5838 2038 5892 in
2082 5853 2177 5894 ore

2265 4081 2347 4168 ἔρρ’
2376 4095 2450 4153 ιῖον
2478 4103 2507 4154 ὁ
2545 4100 2802 4169 λογισμὸς
2842 4098 3090 4167 καθάπερ
3133 4113 3220 4158 τις
3259 4093 3482 4165 χαλινὸς·
3508 4081 3757 4151 ἁναστομὼν

2264 4193 2362 4255 τὰς
2393 4193 2586 4264 ὁρμὰς,
2621 4194 2719 4245 οὐκ
2758 4193 2820 4261 ἐᾷ
2859 4192 2957 4262 τὴν
3001 4188 3175 4259 ψυχὴν
3219 4187 3355 4256 πρὸς
3401 4181 3604 4245 ἀταξίαν
3642 4172 3757 4240 ἐκφέ-

2271 4286 2474 4356 ρεσθαι.
2515 4285 2729 4338 Μᾶλλον
2767 4281 2812 4336 δ’
2860 4284 2924 4336 ἄν
2965 4285 3051 4344 τις
3102 4283 3194 4334 ἐπὶ
3237 4279 3331 4332 τοῦ
3365 4274 3496 4330 κατὰ
3528 4272 3606 4324 τὸν
3637 4266 3758 4335 θυμὸν

2267 4377 2473 4440 πάθους
2505 4377 2566 4429 τὸ
2600 4375 2838 4429 τοιοῦτον
2893 4375 3012 4439 ἴδοι,
3060 4375 3207 4432 ὅπως
3249 4372 3364 4425 ἐστὶ
3415 4361 3698 4438 μακαριστὸν
3734 4356 3756 4424 ii

2268 4469 2528 4544 πραότης.
2568 4468 2813 4521 Ἐπειδὰν
2851 4468 2958 4537 γὰρ
2986 4467 3142 4534 λόγος
3164 4503 3178 4528 ,
3211 4465 3244 4535 ἢ
3273 4463 3464 4535 πρᾶξίς
3491 4476 3583 4520 τις,
3608 4456 3636 4526 ἦ

2269 4543 2384 4614 vota
2409 4560 2516 4612 τῶν
2547 4559 2890 4629 ἀηδεστέρων
2917 4557 3014 4626 τὴν
3044 4554 3297 4624 τοιαύτην
3327 4551 3604 4617 ἀνακινήσῃ
3631 4543 3758 4596 νόσον.

2270 4655 2362 4706 καὶ⁵
2391 4651 2651 4724 περιξέοῃ
2681 4655 2744 4722 τῇ
2774 4650 2970 4721 καρδίᾳ
3009 4648 3071 4701 τὸ
3109 4643 3268 4717 αἷμα,
3298 4647 3390 4698 καὶ
3413 4640 3640 4706 διαναστῇ
3665 4630 3759 4702 πρὸς

2270 4743 2478 4813 ἄμυναν
2510 4743 2542 4812 ἡ
2571 4741 2753 4813 ψυχήν·
2784 4741 3033 4811 καθάπερ
3069 4740 3117 4791 οἱ
3155 4736 3311 4808 μῦθοι
3354 4736 3438 4788 διὰ
3477 4737 3760 4801 φαρμακοπω-

2273 4834 2391 4898 σίας
2425 4835 2568 4897 τινὸς
2600 4835 2679 4897 είς
2719 4833 2925 4901 ἀλόγων
2956 4831 3166 4902 μορφάς
3203 4827 3467 4883 ἀλλοιοῦσι
3505 4823 3590 4892 τὴν
3618 4817 3757 4886 φύσιν

2271 4925 2442 4990 οὕτως
2468 4925 2614 4980 ἔστιν
2643 4923 2897 4994 ἐξαίφνης
2933 4922 3060 4975 ἰδεῖν
3091 4920 3207 4986 σῦν,
3236 4919 3268 4989 ἢ
3297 4917 3450 4977 κύνα,
3479 4916 3509 4984 ἧ
3543 4904 3759 4981 πάρδαλιν,

2271 5017 2304 5087 ἢ
2336 5020 2461 5072 ἄλλο
2491 5036 2544 5071 τι
2583 5015 2818 5071 τοιοῦτον
2852 5013 3040 5086 θηρίον
3081 5015 3145 5065 ἐκ
3184 5010 3278 5063 τοῦ
3336 5005 3499 5077 θυμοῦ
3533 5003 3610 5055 τὸν
3642 4994 3761 5087 ἄνδρε

2272 5078 2576 5180 γενόμενον.
2613 5078 3231 5176 "rumpes-opertum:
3276 5095 3395 5169 θρὶξ
3432 5089 3665 5160 ὲσταμένη
3699 5078 3761 5182 πεῗῖ

2274 5203 2699 5274 ἐπιφρίσσουσαο
2737 5197 2886 5267 φωνὴ
2931 5196 3156 5266 τραχεῖα
3193 5191 3288 5245 καὶ
3321 5181 3651 5274 ὲποξυνομένη

2279 5267 2543 5365 (“lida-mw
2588 5289 2804 5358 γλῶσσα.
2840 5287 2916 5357 τῷ
2958 5285 3121 5339 πάθει
3169 5279 3542 5352 νεναρκηκυῖα,
3585 5267 3661 5365 καὶ
3695 5267 3761 5365 οὑξ

2278 5349 2620 5456 ύττηνρετοῦσά
2652 5383 2768 5441 ταῖς
2800 5349 2945 5431 ἔνδον
2980 5376 3206 5448 ὁρμαῖς·
3240 5349 3388 5443 χείλη
3411 5361 3674 5456 πεπηγότα,

2278 5479 2338 5530 ού
2377 5453 2730 5546 θιαρθροῦντα
2772 5471 2881 5523 τὸν
2906 5470 3062 5536 λόγον
3084 5507 3096 5527 ,
3151 5465 3274 5518 οὔτε
3311 5453 3678 5546 περιστέλλοντα
3709 5457 3762 5506 τψ

2279 5540 2503 5636 στόμαέι
2531 5540 2626 5634 ἑὴν
2664 5561 3020 5631 ἐγγενομένην
3053 5557 3158 5611 ὑπὸ
3185 5557 3278 5610 τοῦ
3308 5553 3504 5611 πάθους
3534 5540 3758 5644 ύγρύτηῗξ

2281 5635 2395 5712 du,
2435 5655 2754 5726 ἀσχημόνως
2785 5652 2872 5705 τὸν
2905 5651 3075 5721 ἀφρὸν
3117 5653 3184 5719 τῇ
3217 5648 3366 5718 φωνῇ
3406 5635 3757 5730 συπκπτὺονῗςζ

2282 5747 2522 5802 τοιαῦται
2557 5747 2612 5799 αἱ
2658 5748 2834 5815 χεῖρες
2857 5761 2868 5772 ’
2899 5742 3128 5795 τοιοῦτοι
3154 5742 3202 5792 οξ
3232 5738 3414 5800 πόδες·
3441 5729 3631 5790 τοιαύτη
3656 5727 3760 5819 πὶπι

2279 5837 2372 5890 τοῦ
2407 5836 2651 5903 σώματος
2684 5836 2715 5904 ἠ
2747 5833 3000 5894 διάθεσις,
3030 5831 3256 5883 ἑκάστου
3289 5826 3390 5879 τῶν
3423 5818 3578 5889 μελῶν
3603 5818 3756 5865 matr

3901 3964 3903 4105 φ

3901 4180 3903 4329 ι

3902 4830 3903 4908 ι
