3824 6454
110 410 215 469 1817

1080 407 1167 461 DE
1199 403 1796 464 BEATITUDINIBUS.
1832 400 2089 458 ORATIO
2137 401 2204 458 11.

3126 394 3261 448 19.18

99 534 325 603 τιθεμένου
354 530 427 602 τῷ
450 531 630 586 πάθει.
668 532 729 584 Ei
767 525 859 584 οὖν
889 530 918 582 6
949 530 1044 602 μὲν
1075 528 1314 592 τοιοῦτος
1336 528 1451 599 εἴη’
1485 529 1513 580 6
1539 527 1595 579 δὲ

1719 540 1806 579 ira:
1834 522 2241 594 perturbatione
2271 521 2514 575 innatum
2544 519 2821 577 humorem
2846 557 2860 583 ,
2886 516 2979 572 sed
3007 515 3262 570 indecore

0 618 3 623 ’
101 624 212 696 πρὸς
247 624 319 678 τὸν
360 621 701 693 μακαρισμὸν
754 620 1002 691 βλέπων,
1044 618 1132 673 διὰ
1175 618 1283 672 τῶν
1328 614 1600 686 λογισμῶν

96 716 404 786 καταπραΰνοι
431 714 528 784 τὴν
571 714 723 767 νόσον
767 715 825 766 ὲν
850 712 1150 769 καθεστῶτι
1187 712 1263 782 τῷ
1305 710 1598 780 βλέμματι,

96 809 174 859 καὶ
192 807 386 877 ἠρεμαίᾳ
409 809 474 875 τῇ
494 808 666 875 φωνῇ,
688 805 935 874 καθάπερ
952 822 1035 867 τις
1067 805 1247 875 ἰατρὸς
1269 805 1333 857 ὲκ
1361 799 1600 872 φρενίτι-

92 893 169 957 δος
194 893 559 965 ἀσχημονοῦντα
584 893 896 963 θεραπεύων
924 896 989 964 τῇ
1021 893 1184 965 τέχνῃ
1201 908 1216 927 ο
1248 888 1337 961 ἆρ’
1371 891 1490 960 οὐχ).
1510 888 1602 943 καὶ

0 994 1 997 “
92 987 227 1050 αὐτὸς
249 989 363 1057 ἐρεῖς
394 986 780 1056 ἀντιπαραθεὶς
810 986 966 1039 τοῦτο
993 987 1183 1057 ἐκείνῳ
1203 1026 1217 1050 ,
1258 986 1338 1038 ὅτι
1373 983 1600 1046 ἐλεεινὸς

0 1084 1 1109 ῖ
92 1079 179 1148 μὲν
202 1080 277 1132 καὶ
300 1078 560 1148 βδελυκτδς
588 1080 616 1131 6
642 1077 909 1149 θηριώδης
929 1080 1130 1138 ἐκεῖνος
1150 1117 1164 1142 ,
1192 1075 1525 1147 μακαριστὸς
1544 1073 1602 1127 δὲ

86 1175 115 1224 6
138 1171 283 1241 πραῢς
316 1173 419 1242 ὁτῇ
451 1168 545 1224 τοῦ
585 1169 751 1232 πέλας
783 1168 950 1235 κακίᾳ
978 1165 1051 1239 μὴ
1085 1164 1508 1238 συνδιαστρέψας
1544 1163 1605 1217 τὸ

85 1265 316 1335 εὔσχημον
332 1280 343 1328 ;

1703 631 1950 687 Spumam
1994 613 2156 670 simul
2186 628 2311 673 cum
2337 627 2470 667 voce
2496 610 2786 680 expuentia
2811 624 2828 677 ;
2864 611 3001 664 tales
3027 620 3221 664 manus
3244 646 3261 672 ,

1702 711 1840 764 tales
1868 708 2031 778 pedes
2055 725 2069 774 ;
2103 706 2228 760 talis
2255 706 2503 775 corporis
2530 703 2819 775 dispositio
2845 709 2993 767 tota;
3024 714 3264 769 unoquo-

1702 815 1809 871 que
1837 799 2115 861 membro,
2146 806 2306 868 prout
2338 796 2504 850 animi
2537 804 2721 850 motus
2749 793 2944 857 fuerit,
2977 794 3052 847 ita
3082 792 3265 861 dispo-
3300 846 3303 867 ᾖ

1710 892 1817 947 sito
1857 892 2166 960 pariterque
2193 889 2406 943 aﬁ’ecto.
2454 888 2509 943 Si
2553 888 2720 958 igitur
2763 887 2853 941 hic
2891 885 3109 956 quidem
3140 883 3265 937 talis

1705 983 1903 1046 fuerit,
1936 981 1984 1036 is
2009 990 2188 1034 autem
2212 1023 2226 1045 ,
2256 979 2347 1048 qui
2379 977 2771 1032 beatitudinem
2799 983 2925 1030 ante
2956 974 3143 1029 oculos
3176 973 3267 1025 ha-

1707 1074 1862 1139 beat,
1908 1071 2215 1126 rationibus
2253 1072 2502 1124 morbum
2549 1070 2757 1137 mitiget
2799 1081 2862 1121 ac
2902 1066 3101 1129 leniat,
3136 1079 3268 1118 con-

1712 1164 1881 1219 stanti
1930 1161 2228 1231 sedatoque
2274 1160 2426 1214 vultu
2456 1198 2471 1221 ,
2505 1174 2569 1212 ac
2617 1158 2891 1213 submissa
2944 1155 3268 1226 placidaque

1704 1267 1838 1307 voce
1858 1292 1871 1315 ,
1903 1258 2163 1319 tanquam
2192 1248 2437 1303 medicus
2464 1247 2686 1317 quidam
2716 1262 2781 1300 ex
2812 1245 3121 1315 phrenitide
3150 1251 3271 1297 tur-

83 1360 207 1428 piter
226 1374 275 1413 se
295 1366 550 1428 gerentem
583 1366 699 1413 arte
723 1372 923 1415 curans
956 1373 971 1410 :
1005 1370 1185 1409 annon
1212 1353 1375 1408 etiam
1411 1352 1557 1421 ipse,
1598 1347 2005 1418 comparatione
2048 1346 2194 1400 illius
2232 1359 2356 1399 cum
2406 1344 2509 1398 hoc
2556 1342 2698 1396 facta
2755 1342 2937 1404 dices,
2980 1340 3124 1410 quod
3164 1342 3271 1395 mi-

83 1449 298 1505 serabilis
315 1448 519 1519 quidem
542 1457 595 1504 et
621 1448 1015 1507 abominandus
1040 1448 1130 1501 ille
1154 1446 1406 1501 ell'eratus
1431 1466 1446 1510 ;
1476 1442 1665 1497 beatus
1687 1454 1818 1497 vero
1841 1436 2174 1509 judicaudus
2203 1438 2291 1492 hic
2317 1437 2455 1492 leuis
2494 1438 2599 1498 sit,
2641 1436 2732 1505 qui
2771 1449 2883 1488 non
2922 1434 3169 1487 imitatus
3196 1432 3272 1486 sit

80 1540 247 1594 vitium
266 1540 505 1611 proximi,
534 1555 634 1597 nec
663 1539 918 1595 decorum
946 1539 1187 1595 habitum
1217 1537 1329 1591 oris
1359 1532 1720 1605 perverterit?

145 1636 239 1690 Kal.
269 1637 337 1689 ὅτι
384 1635 520 1705 πρὸς
565 1635 722 1688 τοῦτο
771 1635 1001 1705 μάλιστα
1043 1634 1104 1686 τὸ
1149 1633 1317 1696 πάθος
1359 1632 1387 1683 6
1427 1630 1600 1699 Λόγος

78 1726 263 1795 βλέπει,
282 1726 419 1795 δῆλόν
447 1729 593 1779 ἐστιν
614 1728 677 1780 ὲκ
703 1727 796 1779 τοῦ
824 1726 964 1796 μετὰ
988 1725 1085 1796 τὴν
1103 1722 1598 1794 ταπεινοφροσύνην

1775 1625 1931 1692 Quod
1983 1633 2163 1679 autem
2210 1623 2277 1678 ad
2329 1622 2473 1677 hanc
2517 1620 2752 1675 maxime
2800 1617 3271 1689 perturbationem

1704 1716 1945 1792 verbum
1990 1716 2278 1787 respiciat,
2318 1715 2686 1787 perspicuum;
2703 1721 2787 1768 est
2827 1727 2893 1766 ex
2921 1726 2988 1765 eo
3018 1711 3163 1781 quod
3195 1726 3274 1764 se-

74 1812 391 1882 νομοθετῆσαι
419 1816 549 1883 ἡμῖν
576 1816 676 1885 τὴν
707 1815 1004 1900 πραότητα.
1039 1816 1219 1867 Ἔοικε
1247 1814 1353 1885 γὰρ
1380 1811 1597 1882 ἔχεσθαι

1719 1812 1937 1867 :undum
1969 1810 2135 1864 animi
2162 1808 2549 1864 detnissionem
2573 1848 2586 1871 ,
2627 1807 2903 1859 lenitatem
2938 1805 3098 1858 nobis
3139 1818 3274 1873 pra!-

71 1902 160 1954 τοῦ
183 1902 343 1972 ἑτέρου
380 1901 437 1955 τὸ
472 1902 678 1972 ἕτερον,
718 1905 813 1956 καὶ
848 1899 958 1957 οἷον
999 1907 1177 1975 μήτηρ
1210 1922 1293 1967 τις
1327 1899 1464 1957 εἶναι
1501 1903 1601 1973 τῆς

69 1993 203 2045 κατά
224 1994 277 2046 τὸ
308 1996 467 2065 πρᾶον
492 1996 656 2061 ἕξεως
692 1996 723 2064 ἡ
762 1994 863 2064 τῆς
901 1994 1394 2067 ταπεινοφροσύνης
1434 1994 1604 2048 κατά-

68 2102 259 2149 στάσις.
294 2087 349 2141 Et
375 2087 480 2157 γάρ
507 2087 719 2155 ὑφέλοις
754 2086 847 2143 τοῦ
880 2087 1042 2157 ἥθους
1079 2088 1168 2141 τὸν
1194 2087 1379 2156 τῦφον,
1413 2087 1603 2159 καιρὸν

63 2176 164 2228 οὐκ
186 2176 286 2246 ἔχει
305 2176 360 2228 τὸ
378 2176 514 2230 κατὰ
538 2176 706 2245 θυμὸν
728 2177 1041 2244 ἐγγενέσθαι
1065 2177 1253 2241 πάθος.
1276 2178 1471 2249 ’Ὕϐρις
1496 2177 1605 2248 γὰρ

66 2264 160 2317 καὶ
190 2265 362 2335 ἀτιμία
388 2265 486 2335 τῆς
514 2265 766 2336 τοιαύτης
794 2267 1100 2337 ἀρρωστίας
1140 2271 1250 2332 τοῖς
1278 2267 1604 2338 ὀργισθεῖσιν

62 2356 208 2409 αἰτία
249 2358 462 2423 γίνεται.
523 2357 738 2427 ’Δτιμία
781 2358 838 2411 δὲ
877 2359 976 2428 οὐχ
1021 2360 1249 2414 ἅπτεται
1287 2359 1381 2413 τοῦ
1415 2358 1606 2413 ἑαυτὸν

59 2448 500 2520 ταπεινοφροσύνῃ
543 2449 1077 2518 παιδαγωγήσαντος.
1103 2452 1163 2504 Ei
1199 2452 1306 2522 γάρ
1328 2468 1409 2514 τις
1450 2467 1609 2505 κεκα-

57 2539 313 2611 θαρμένον
331 2540 437 2609 ἔχοι
452 2540 541 2593 τὸν
561 2540 816 2611 λογισμὸν
830 2544 892 2595 ἐκ
907 2544 1003 2613 τῆς
1020 2543 1361 2614 ἀνθρωπίνης
1372 2544 1604 2615 ἀπάτης,

51 2631 155 2684 καὶ
178 2630 349 2701 βλέποι
367 2631 427 2683 τὸ
445 2631 716 2686 ούτιδανὸν
732 2632 829 2702 τῆς
850 2633 1061 2702 φύσεως
1140 2636 1407 2707 συγκεκλή
1417 2653 1604 2706 ρωται,

46 2724 151 2793 ἀφ’
179 2724 287 2787 οἵας
308 2725 469 2793 ἀρχῆς
494 2724 591 2792 τὴν
613 2723 869 2779 σύστασιν
892 2726 1023 2796 ἔχει,
1050 2727 1142 2780 καὶ
1163 2730 1240 2789 είς
1270 2728 1297 2780 ὃ
1317 2745 1370 2780 τι
1386 2728 1608 2797 φέρεται

44 2814 205 2877 τέλος
228 2814 284 2867 τὸ
321 2814 486 2885 βραχὺ
510 2816 604 2868 καὶ
628 2815 913 2887 ὠκύμορον
938 2818 1033 2889 τῆς
1057 2819 1184 2889 τῇδε
1209 2819 1373 2889 ζωῆς,
1402 2821 1495 2873 καὶ
1518 2819 1609 2872 τὸν

44 2907 466 2981 συνεζευγμένον
503 2910 568 2977 τῇ
600 2909 761 2979 σαρκὶ
794 2908 983 2979 ῥύπον,
1019 2911 1114 2963 καὶ
1133 2911 1194 2962 τὸ
1230 2911 1483 2983 πενιχρὸν
1513 2912 1611 2983 τῆς

38 2998 281 3067 φύσεως,
316 3000 374 3052 τὸ
404 2999 477 3069 μὴ
509 2995 644 3053 εἶναι
678 3000 845 3071 αὐτὴν
873 3001 1118 3072 αὐτάρκη
1151 3000 1217 3054 δι’
1250 3003 1448 3073 ἑαυτῆς
1478 3002 1613 3073 πρὸς

34 3090 148 3161 τὴν
182 3090 311 3145 ίδίαν
339 3090 612 3152 σύστασιν,
650 3092 699 3143 εί
736 3092 810 3161 μὴ
844 3095 908 3161 τῇ
939 3093 1223 3164 περιουσίᾳ
1254 3092 1362 3146 τῶν
1404 3093 1613 3161 ἀλόγων

29 3182 105 3234 τὸ
130 3182 299 3235 ἐνδέον
327 3181 768 3252 ἁναπληρὼσειεν
790 3199 803 3213 ο
832 3183 1005 3246 λύπας
1033 3201 1094 3236 τε
1127 3184 1259 3254 πρὸς
1284 3184 1492 3248 τούτοις
1520 3186 1613 3239 καὶ
1640 3199 1682 3258 c

29 3273 216 3344 πένθη
261 3275 353 3326 καὶ
390 3273 694 3345 συμφορὰς,
734 3275 830 3338 τάς
871 3292 931 3328 τε
979 3275 1347 3347 πολυτρόπους
1386 3276 1492 3330 τῶν
1528 3292 1612 3328 νο-

25 3366 304 3436 σημάτων
337 3365 499 3429 ίδέας,
531 3360 618 3429 αἷς
652 3367 935 3423 ὑπόκειται
969 3369 1002 3438 η
1034 3368 1347 3439 ἀνθρωπίνη
1375 3368 1508 3437 ζωὴ,
1537 3361 1612 3421 ὧν

19 3458 142 3510 οὐκ
186 3457 329 3509 ἔστιν
365 3457 511 3519 ὅστις
550 3458 615 3510 ὲκ
648 3456 858 3525 φύσεως
894 3459 1087 3529 ἀτελής
1123 3463 1237 3513 ἐστι
1274 3461 1367 3517 καὶ
1400 3460 1609 3513 ὲλεύθεο

22 3566 155 3621 ρος.
186 3547 369 3601 Ταῦτα
393 3548 458 3600 δι’
489 3547 771 3619 ἀκριϐείας
798 3550 1191 3621 κεκαθαρμένῳ
1219 3550 1296 3622 τῷ
1320 3552 1420 3620 τῆς
1438 3551 1614 3622 ψυχῆς

12 3639 302 3710 ὀφθαλμῷ
343 3639 576 3709 βλέπων,
616 3641 716 3693 οὐκ
755 3640 820 3694 ἂν
862 3641 1058 3712 ῥᾳδίως
1092 3643 1229 3713 πρὸς
1257 3643 1356 3707 τὰς
1386 3643 1494 3696 τῶν
1530 3660 1614 3695 τι-

13 3732 160 3805 μῶν
209 3731 475 3802 ἐλλείψεις
516 3734 964 3803 ἀγανακτήσειεν.
1010 3735 1083 3787 Τὸ
1120 3736 1358 3788 ἐναντίον
1387 3736 1485 3806 μὲν
1522 3730 1614 3788 οὖν

3 3823 257 3893 ἀπάτην
304 3826 570 3893 ἡγήσεται
613 3824 710 3893 τὴν
755 3825 846 3876 ἐπί
877 3842 979 3877 τινι
1026 3826 1436 3897 προσαγομένην
1469 3826 1615 3897 αύτῷ

2 3916 190 3986 παρὰ
228 3914 327 3968 τοῦ
360 3915 529 3978 πέλας
565 3916 748 3987 τιμὴν,
782 3918 881 3970 οὐκ
911 3918 1060 3981 ὄντος
1096 3920 1225 3989 ἡμῖν
1265 3921 1322 3971 ἐν
1352 3923 1417 3989 τῇ
1458 3919 1615 3987 φύσει

0 4006 283 4061 τοιούτου
314 4005 481 4069 τινὸς,
512 4004 540 4058 ὃ
567 4005 786 4073 δύναται
822 4008 921 4076 τὴν
957 4008 1091 4078 πρὸς
1132 4008 1192 4060 τὸ
1219 4007 1397 4078 τίμιον
1429 4026 1617 4061 κοινω-

0 4102 150 4154 νίαν
188 4097 365 4167 ἔχειν,
398 4099 446 4150 εί
480 4098 553 4168 μὴ
585 4099 724 4153 κατά
751 4098 928 4169 ψυχὴν
965 4100 1142 4169 μόνον,
1170 4096 1239 4172 ἧς
1279 4102 1311 4171 ἡ
1351 4100 1485 4170 τιμὴ
1519 4100 1618 4153 οὐκ

0 4191 134 4245 ἀπὸ
166 4190 284 4242 τῶν
312 4188 456 4243 κατά
477 4190 566 4242 τὸν
589 4190 792 4260 κόσμον
820 4190 1005 4244 τοῦτον
1032 4191 1470 4262 ἐπιζητουμένων
1498 4208 1620 4243 συν-

0 4286 275 4336 [σταται.
317 4282 395 4335 Τὸ
436 4281 544 4353 γὰρ
578 4284 669 4335 ἐπὶ
704 4281 915 4353 πλούτῳ
946 4282 1267 4353 κομπάζειν,
1291 4282 1322 4353 ἢ
1348 4282 1493 4350 γένει
1531 4299 1618 4333 σε·

0 4372 363 4437 ανύνεσθαι,
397 4374 431 4443 ἢ
464 4374 600 4443 πρὸς
623 4373 779 4437 δόξαν
811 4376 962 4446 ὸρᾷν,
996 4376 1027 4447 ἢ
1061 4374 1122 4427 τὸ
1157 4375 1331 4427 δοκεῖν
1362 4374 1500 4444 ὑπὲρ
1529 4375 1619 4427 τὸν

0 4466 202 4527 πέλας
231 4459 405 4526 εἶναι,
433 4465 499 4517 δι’
528 4460 602 4518 ὧν
626 4468 680 4519 αἱ
716 4465 1050 4537 ἀνθρώπιναι
1078 4465 1406 4536 πληροῦνται
1442 4467 1615 4536 τιμαεο

0 4557 201 4613 ταῦτα
269 4557 457 4610 πάντα
506 4558 822 4630 καθαίρεσις
867 4559 966 4627 τῆς
1013 4558 1251 4629 ψυχικῆς
1310 4561 1474 4630 τιμῆς
1529 4561 1622 4612 καὶ
1653 4557 1697 4611 D

0 4648 234 4709 ινειδος
267 4648 540 4716 γίνονται,
583 4650 657 4712 ὡς
687 4650 759 4722 μὴ
796 4651 862 4704 ἂν
887 4652 1099 4705 ἑλέσθαι
1130 4653 1220 4705 τὸν
1250 4652 1625 4722 λελογισμένον

0 4742 263 4809 τοιούτῳ
294 4742 411 4793 τινὶ
440 4742 501 4794 τὸ
531 4741 768 4813 καθαρὸν
797 4744 891 4812 τῆς
921 4744 1098 4814 ψυχῆς
1140 4744 1621 4814 καταμολύνεσθαι.

0 4833 72 4885 Γὸ
120 4832 187 4885 δὲ
224 4830 419 4895 οὕτως
449 4833 591 4903 ἔχειν
619 4836 768 4888 οὐδὲν
794 4837 999 4907 ἕτερον,
1028 4837 1059 4907 ἢ
1093 4838 1149 4888 ἐν
1173 4838 1284 4903 ἕξει
1315 4836 1503 4907 βαθείᾳ
1528 4837 1625 4906 τῆς

8 4923 553 4994 απεινοιρροσύνης
582 4926 726 4976 ἐστὶν
746 4923 900 4990 εἶναι,
935 4923 1001 4998 ἧς
1039 4926 1501 4997 κατορθωθείσης,
1538 4927 1623 4979 ού-

0 5036 32 5069 s
47 5014 215 5085 μίαν
264 5014 483 5066 εἴσοδον
511 5017 537 5067 6
570 5014 741 5085 θυμὸς
768 5017 906 5069 κατὰ
934 5018 1032 5083 τῆς
1066 5017 1241 5085 ψυχῆς
1260 5014 1393 5080 ἔξει.
1426 5014 1624 5067 Τούτου

0 5110 31 5162 ὲ
72 5105 171 5177 μὴ
228 5107 538 5176 παρόντος,
573 5108 602 5157 6
645 5109 848 5177 ἥρεμός
876 5125 933 5159 τε
970 5109 1062 5161 καλ⁸
1086 5107 1306 5177 ήσύχιος
1339 5106 1627 5177 κατορθοῦ-

0 5218 79 5255 at
129 5198 271 5268 βίος
302 5215 319 5230 ο
369 5201 508 5269 ὅπερ
546 5200 697 5252 οὐδὲν
734 5200 941 5270 ἕτερον,
978 5203 1025 5253 εί
1059 5200 1130 5270 μὴ
1174 5199 1420 5269 πραΰτης
1459 5198 1623 5260 ἐστὶν,

8 5311 41 5351 ς
95 5288 174 5341 τὸ
208 5288 415 5359 πέρας
448 5290 797 5358 μακαρισμὸς
830 5290 923 5341 καί⁸
955 5289 1211 5358 οὐρανίας
1238 5288 1341 5357 γῆς
1374 5287 1629 5359 κληρονο-

0 5384 124 5442 .ία.
168 5382 241 5431 ἐν
283 5381 520 5449 Χριστῷ
560 5382 753 5451 Ἰησοῦ,
777 5375 822 5449 ᾧ
862 5385 895 5451 ἡ
931 5382 1056 5447 δόξα
1081 5382 1173 5435 καὶ
1208 5380 1269 5431 τὺ
1306 5380 1522 5449 κράτος,
1546 5382 1624 5440 εἰς

0 5476 121 5535 οὺς
171 5472 420 5534 αἰῶνας
463 5473 569 5524 τῶν
600 5473 829 5527 αἰώνων.
876 5474 1065 5544 Ἀμήν.

1708 1901 1946 1972 scripsit.
1966 1899 2193 1955 Videtur
2213 1900 2357 1954 enim
2383 1898 2614 1951 alterum
2637 1911 2761 1950 cum
2787 1897 2956 1950 altero
2974 1895 3271 1956 cohaerere,

1709 2010 1774 2049 ac
1816 1994 1983 2049 veluti
2020 2002 2249 2047 matrem
2284 1990 2577 2060 quamdam
2617 1990 2737 2059 ejus
2779 1990 2869 2058 qui
2901 1989 3047 2043 circa
3079 1987 3275 2041 lenita-

1709 2095 1816 2143 tem
1844 2093 2114 2148 versatur,
2141 2084 2388 2148 habitus,
2419 2096 2540 2137 esse
2565 2080 2735 2134 animi
2765 2079 3117 2135 demissionis
3150 2094 3277 2133 cou-

1710 2179 2043 2236 stitutionem
2071 2184 2232 2247 atque
2256 2173 2726 2245 tranquillitatem.
2752 2171 2882 2226 Nam
2915 2174 2959 2227 si
2993 2188 3055 2227 ex
3090 2171 3275 2225 animo

1711 2271 2023 2343 superbiam
2050 2268 2343 2329 exemeris,
2363 2266 2709 2321 occasionem
2735 2263 3053 2318 innascendi
3080 2263 3272 2316 vitium

1712 2364 2007 2444 iracundia}
2028 2377 2148 2432 .non
2179 2359 2419 2415 habebit.
2451 2357 2793 2413 Contumelia
2824 2356 2967 2411 enim
3018 2364 3071 2409 ct
3122 2355 3276 2425 igno-

1711 2455 1877 2509 minia
1905 2452 2031 2508 talis
2066 2450 2398 2506 inﬁrmitatis
2438 2447 2804 2504 irascentibus
2837 2460 3003 2499 causa
3033 2445 3273 2499 exsistit.

1712 2543 2013 2615 Ignominia
2045 2550 2226 2596 autem
2262 2556 2368 2596 non
2400 2550 2646 2594 movetur
2702 2537 2747 2591 is
2795 2537 2886 2606 qui
2935 2552 3055 2590 sese
3109 2535 3278 2590 animi

1713 2638 2045 2694 demissione
2073 2635 2407 2690 moderatur.
2453 2632 2586 2686 Nam
2634 2630 2680 2684 si
2729 2631 2852 2700 quis
2898 2630 3279 2699 cogitationem

1714 2732 1783 2785 ab
1817 2730 2056 2784 humana
2087 2725 2278 2781 fraude
2304 2740 2528 2780 vacuam
2557 2740 2619 2780 ac
2643 2739 2833 2794 puram
2870 2722 3097 2783 habeat,
3129 2730 3181 2775 et
3208 2720 3282 2772 vi-

1714 2824 1920 2877 litatem
1951 2827 2193 2883 natura},
2226 2832 2389 2888 quam
2420 2817 2649 2887 adeptus
2675 2822 2760 2870 est
2781 2855 2795 2876 ,
2825 2820 3046 2875 cernat,
3073 2827 3102 2865 a
3134 2811 3282 2882 quali

1717 2915 1872 2971 initio
1904 2920 2058 2967 ortus
2091 2909 2197 2972 sit,
2232 2917 2285 2963 et
2324 2909 2379 2962 in
2414 2924 2576 2977 quem
2614 2907 2774 2962 linem
2809 2906 2976 2974 hujus
3008 2905 3130 2958 vitae
3157 2904 3284 2957 bre-

1716 3007 1799 3061 vis
1831 3005 2012 3058 ﬂuxus
2040 3008 2202 3070 atque
2233 3015 2430 3054 cursus
2452 2999 2638 3053 tendat
2660 3037 2674 3061 ,
2708 3007 2760 3052 et
2784 2998 2935 3051 carni
2960 2995 3285 3063 conjunctae

1719 3099 1914 3155 sordes
1933 3139 1948 3163 ,
1977 3104 2298 3161 naturaeque
2325 3091 2563 3161 inopiam
2585 3131 2599 3154 ,
2628 3090 2772 3160 quod
2804 3104 2869 3143 ea
2904 3088 3161 3141 nimirum
3192 3101 3287 3156 per

1716 3206 1837 3248 sese
1871 3187 2144 3242 sulliciens
2180 3200 2289 3237 non
2322 3183 2392 3237 sit
2426 3182 2492 3235 ad
2527 3181 2613 3236 sui
2644 3180 3112 3235 conservationem
3134 3217 3147 3241 ,
3180 3178 3287 3232 nisi

1717 3284 1874 3351 copia
1902 3282 2191 3335 brutorum
2217 3274 2534 3331 animalium
2566 3275 2813 3342 suppleat
2840 3272 2892 3326 id
2923 3271 3067 3341 quod
3095 3271 3244 3326 deest
3272 3289 3285 3324 :

1718 3374 1904 3430 adhaac
1927 3370 2225 3435 molestias,
2260 3369 2461 3430 luctus,
2494 3365 2837 3419 calamitates
2863 3372 2915 3417 et
2944 3361 3286 3416 omnimodas

1718 3466 2028 3521 morborum
2052 3462 2278 3523 formas,
2302 3459 2503 3529 quibus
2526 3457 2760 3512 obnoxia
2783 3456 2890 3510 vita
2915 3456 3149 3508 humana
3172 3462 3254 3509 est
3270 3494 3288 3521 ,

1720 3573 1750 3611 a
1784 3557 1983 3626 quibus
2016 3567 2177 3607 nemo
2203 3561 2399 3605 natura
2430 3549 2567 3604 liber
2592 3555 2645 3603 et
2668 3546 2925 3602 immunis
2950 3552 3053 3609 est,
3107 3546 3217 3599 haec
3242 3544 3290 3598 si

1724 3647 1849 3717 quis
1882 3644 2170 3714 diligenter
2202 3656 2341 3712 puro
2377 3639 2543 3693 animi
2580 3637 2742 3692 oculo
2775 3644 2996 3697 cernat,
3032 3634 3175 3687 haud
3214 3632 3292 3685 [ει-ε

1722 3738 1824 3793 cile
1858 3736 1923 3790 ad
1957 3738 2223 3790 bonorum
2259 3732 2504 3787 defectus
2537 3728 2973 3784 commovebitur
3006 3734 3060 3781 et
3090 3741 3292 3780 excan-

1721 3829 1937 3892 descet;
1980 3826 2225 3896 quinimo
2271 3832 2462 3879 contra
2502 3823 2747 3877 fraudem
2784 3823 2943 3877 ducet
2974 3837 3094 3877 esse
3121 3822 3292 3875 hono-

1721 3935 1836 3975 rem
1861 3961 1875 3984 ,
1908 3932 2016 3987 quo
2050 3918 2120 3971 ob
2152 3930 2266 3969 rem
2302 3916 2615 3985 quampiam
2646 3930 2674 3967 a
2709 3917 2955 3984 proximo
2985 3912 3247 3967 adiciatur
3271 3953 3288 3978 ,

1723 4010 1923 4079 quippe
1954 4022 2077 4061 cum
2110 4006 2245 4059 nihil
2278 4006 2386 4059 tale
2420 4009 2474 4058 in
2512 4011 2703 4058 natura
2738 4012 2926 4059 nostra
2958 4004 3290 4071 habeamus,

1722 4101 1866 4173 quod
1891 4098 2064 4171 possit
2090 4112 2212 4151 cum
2245 4096 2504 4164 dignitate
2534 4104 2588 4151 et
2618 4097 2825 4151 honore
2855 4098 3287 4151 communionem

1723 4193 1944 4255 habere,
1972 4197 2332 4260 praeterquam
2363 4188 2511 4241 circa
2540 4188 2782 4241 animum
2814 4187 3109 4251 duntaxat,
3135 4186 3290 4255 cujus

1724 4284 1901 4339 honor
1920 4298 2024 4336 non
2057 4288 2276 4334 constat
2306 4295 2373 4334 ex
2401 4280 2467 4335 iis
2500 4282 2663 4333 rebus
2687 4296 2808 4349 qute
2833 4295 2928 4349 per
2961 4280 3100 4332 hunc
3132 4294 3290 4331 rnun-t

1724 4375 1851 4429 dum
1881 4383 2227 4444 expetuntur.
2266 4370 2398 4425 Nam
2432 4372 2502 4426 ob
2533 4372 2749 4426 divitias
2784 4372 3038 4441 gloriari,
3071 4380 3161 4424 aut
3196 4386 3290 4439 ge-

1726 4483 1832 4521 nus
1865 4474 2147 4521 ostentare
2170 4505 2184 4529 ,
2215 4470 2308 4518 aut
2337 4464 2403 4518 ad
2438 4465 2664 4534 gloriam
2703 4472 2974 4534 spectare,
3010 4473 3100 4516 aut
3128 4478 3292 4530 supra

1724 4556 2031 4626 proximum
2072 4570 2194 4611 esse
2241 4554 2447 4619 videri,
2498 4556 2697 4625 quibus
2743 4555 2907 4609 rebus
2957 4554 3293 4625 complentur

1736 4650 1964 4702 honores
2001 4648 2263 4716 humani,
2303 4648 2419 4702 haec
2451 4649 2635 4701 omnia
2671 4646 2957 4701 subversio
2995 4654 3157 4716 atque
3195 4647 3293 4701 tle-.-

1730 4740 1900 4793 decus
1934 4740 2128 4795 animae
2162 4741 2387 4796 honoris
2423 4740 2729 4801 exsistunt,
2774 4746 2833 4791 ut
2881 4754 3038 4792 nemo
3083 4740 3293 4794 ratione

1729 4832 1990 4900 praeditus
2034 4842 2087 4885 et
2132 4833 2542 4896 consideratus,
2575 4832 2769 4885 anima:
2810 4831 3097 4899 puritatem
3144 4831 3291 4900 ejus.

1732 4923 1877 4977 modi
1940 4923 2119 4991 aliqua
2153 4938 2211 4977 re
2243 4923 2616 4976 contaminare
2670 4921 3011 4975 sustinuerit.
3067 4920 3141 4972 lta
3197 4934 3295 4972 au-

1730 5022 1835 5067 tem
1885 5013 2136 5067 affectum
2186 5022 2238 5067 et
2281 5015 2579 5066 animatum
2623 5028 2779 5073 esse,
2828 5011 2961 5064 nihil
3014 5019 3098 5064 est
3147 5010 3293 5062 aliud

1731 5120 1891 5174 quam
1923 5107 1976 5159 in
2025 5105 2295 5175 profundo
2339 5105 2522 5159 habitu
2562 5105 2727 5158 animi
2772 5104 3097 5157 humilitatis
3129 5117 3292 5159 esse:

1733 5214 1838 5267 qua
1895 5198 2140 5252 confecta
2195 5207 2355 5266 atque
2405 5198 2692 5267 expedita,
2748 5196 2959 5249 nullum
3014 5193 3295 5247 iracundia

1735 5290 1943 5343 aditum
1980 5290 2240 5345 adversus
2274 5292 2512 5343 animum
2547 5290 2784 5344 habebit.
2815 5287 2983 5341 Porro
3017 5284 3296 5340 iracundia

1732 5381 1923 5449 procul
1958 5382 2244 5446 submota,
2292 5382 2474 5450 quieta
2521 5380 2840 5450 placidaque
2886 5380 2993 5432 vita
3044 5378 3297 5446 transigi—

1737 5481 1865 5527 tur:
1904 5474 2048 5542 quod
2084 5472 2220 5528 nihil
2252 5472 2400 5527 aliud
2430 5473 2537 5527 nisi
2572 5473 2769 5527 lenitas
2805 5481 2924 5525 est:
2969 5471 3129 5541 cujus
3173 5468 3299 5524 linis

0 5568 326 5626 eatitudo
368 5577 536 5638 atque
570 5570 809 5625 caelestis
848 5580 1004 5625 terra:
1053 5567 1334 5624 baereditas
1366 5572 1481 5630 est,
1518 5578 1613 5635 per
1649 5562 1927 5622 Christum
1971 5567 2196 5635 Jesum,
2258 5568 2345 5625 cui
2395 5566 2567 5639 gloria
2616 5575 2667 5622 et
2714 5566 3040 5637 imperium,
3095 5566 3148 5621 in
3198 5580 3300 5619 sa:-

0 5666 123 5722 ula
166 5666 566 5718 saeculorum.
602 5666 789 5721 Amen.
