3824 6454
477 413 610 472 129

1059 530 1318 588 ORATIO
1354 532 1442 588 111.

554 620 710 678 Beati
737 623 826 677 aui
863 622 1066 693 lugent,
1106 624 1498 727 quonifmgipsi
1539 624 1947 680 consolationem

1092 705 1350 763 accipient
1369 705 1413 749 '.

542 784 794 839 Nondum
841 785 897 838 in
927 785 1188 840 verticem
1236 786 1440 842 montis
1473 785 1767 849 evasimus,
1814 784 1909 839 sed
1942 783 2037 839 ad-

473 874 580 928 huc
629 874 774 928 circa
814 872 1025 930 radices
1068 875 1268 931 montis
1321 874 1692 930 intellectuum
1731 873 2033 928 haeremus:

471 965 575 1018 etsi
630 963 769 1019 duos
818 963 1086 1034 quosdam
1128 966 1242 1032 jam
1295 965 1537 1020 tumulos
1579 963 1931 1019 transivimus
1969 963 2036 1018 ad

475 1055 684 1108 beatam
714 1063 1035 1126 egestatem,
1067 1065 1228 1126 atque
1257 1057 1360 1111 hac
1395 1056 1731 1127 superiorem
1760 1057 2036 1111 lenitatem

474 1163 571 1216 per
593 1146 989 1201 beatitudinem
1018 1149 1226 1203 evecti:
1259 1157 1383 1219 post
1405 1165 1544 1220 quos
1575 1148 1812 1204 tinnulos
1843 1148 1910 1201 ad
1947 1163 2038 1202 su-

474 1238 722 1292 blimiora
771 1254 872 1295 nos
904 1239 1140 1295 Verbum
1177 1240 1450 1305 subducit,
1500 1256 1564 1296 ac
1613 1241 1830 1295 tertium
1881 1239 2038 1293 nobis

472 1330 732 1400 deinceps
760 1331 952 1401 jugum
980 1347 1074 1401 per
1102 1333 1466 1389 beatitudines
1493 1332 1733 1389 ostendit
1759 1352 1772 1386 :
1804 1332 1868 1385 ad
1893 1329 2035 1401 quod

473 1421 623 1498 ompi
657 1431 871 1476 tumore
896 1433 950 1478 et
990 1438 1176 1489 onere,
1217 1432 1380 1495 atque
1416 1426 1678 1480 tenaciter
1721 1424 2035 1485 inhaerente,

475 1522 535 1566 ut
568 1513 745 1583 inquit
774 1514 1090 1583 Apostolus,
1122 1524 1348 1585 peccato
1387 1515 1656 1586 deposito,
1690 1530 1792 1570 nos
1818 1528 2037 1569 currere

474 1617 702 1670 prorsus
745 1611 978 1672 oportet.
1021 1612 1081 1658 ut
1128 1607 1276 1661 leves
1307 1613 1361 1661 et
1393 1606 1630 1676 expediti
1664 1607 1720 1660 in
1755 1605 2036 1660 cacumine

473 1697 780 1762 con3tituti,
821 1699 1028 1768 puriori
1052 1699 1243 1754 lumini
1274 1701 1519 1756 veritatis
1556 1715 1654 1771 per
1686 1699 1920 1753 animam
1941 1713 2038 1768 ap-

477 1791 903 1858 propinquemus
931 1791 996 1844 ¹⁰.
1054 1789 1196 1856 Quid
1248 1791 1415 1862 igitur
1451 1800 1556 1857 est,
1607 1790 1752 1861 quod
1797 1789 2031 1854 dicitur,

481 1878 632 1930 Beati
675 1879 764 1948 qui
797 1879 996 1949 lugent,
1030 1882 1278 1950 quoniam
1320 1882 1419 1950 ipsi
1457 1881 1868 1936 consolationem
1901 1881 2038 1934 acci-
2067 1862 2111 1917 Β

474 1971 659 2038 piant?
693 1971 880 2025 Risum
907 1987 1129 2040 prorsus
1155 1987 1263 2026 non
1300 1974 1521 2038 tenebit,
1565 1973 1613 2029 si
1643 1974 1766 2043 quis
1785 1973 1853 2026 ad
1882 1987 2038 2025 mun-

475 2063 603 2114 dum
650 2063 928 2133 respiciat,
976 2073 1031 2119 et
1059 2065 1146 2120 his
1181 2064 1362 2120 verbis
1402 2074 1584 2120 utetur
1621 2064 1854 2120 irridens
1877 2074 2038 2133 atque

476 2153 824 2209 subsannans
855 2153 1090 2208 Verbum
1115 2174 1127 2209 :
1152 2150 1207 2209 Si
1245 2156 1298 2209 in
1326 2156 1434 2209 vita
1459 2155 1600 2210 beati
1629 2154 1917 2221 habentur,
1944 2154 2036 2223 qui

475 2244 620 2296 muni
667 2245 973 2300 calamitate
1035 2246 1422 2307 coniiciuntur.
1475 2247 1658 2303 miseri
1699 2261 1794 2316 per
1847 2260 2040 2300 conse-

474 2335 750 2401 quentiam
780 2337 936 2404 plane
969 2347 1118 2402 sunt,
1147 2354 1379 2407 quorum
1405 2340 1512 2392 vita
1545 2339 1808 2394 molestiis
1836 2337 2040 2406 pariter

473 2436 527 2477 et
555 2425 970 2494 :egritudinibus
1021 2429 1486 2501 incommodisque
1527 2439 1704 2484 vacat.
1751 2431 1925 2499 Atque
1964 2429 2039 2484 ita

477 2515 687 2582 species
736 2532 1067 2573 enumerans
1115 2520 1511 2586 calamitatum,
1575 2521 1748 2576 risum
1798 2521 2037 2592 augebit,

475 2609 923 2677 etampliﬁeabit,
968 2611 1312 2666 incommoda
1342 2613 1647 2677 viduitatis,
1693 2622 1747 2668 et
1789 2613 2039 2667 orbitatis

475 2715 773 2753 aerumnam
803 2708 928 2755 ante
955 2701 1144 2757 oculos
1182 2717 1512 2772 proponens.
1559 2703 1776 2769 damna,
1819 2703 2041 2758 naufra-

476 2791 585 2861 gia,
614 2792 955 2862 captivitates
997 2808 1063 2847 ex
1107 2795 1284 2858 bellis,
1321 2796 1552 2864 injustas
1584 2797 1634 2849 in
1676 2796 1883 2865 judicio
1916 2812 2040 2852 sen-

477 2883 700 2946 tentias,
741 2883 934 2938 exsilia
964 2884 1466 2957 publicationesque
1500 2888 1789 2950 bonorum,
1819 2887 2042 2959 ignomi-

477 2970 619 3032 nias,
665 2979 720 3024 et
764 2971 999 3026 infamiae
1030 2981 1208 3040 notas,
1245 2974 1583 3031 calamitates
1626 2985 1934 3032 contractas
1973 2991 2040 3031 ex

478 3063 713 3126 morbis,
756 3064 1031 3119 cmcitates
1076 3079 1141 3119 ac
1191 3065 1579 3133 mutilationes,
1626 3069 1884 3138 variaque
1911 3083 2038 3124 cor-

478 3152 632 3223 poris
669 3154 796 3207 vitia
832 3163 994 3224 atque
1021 3155 1365 3220 detrimenta,
1405 3173 1469 3212 ac
1493 3159 1539 3213 si
1570 3158 1699 3228 quid
1728 3158 2038 3214 hominibus
2063 3187 2107 3246 ρ

477 3258 576 3312 per
601 3243 742 3297 hanc
765 3244 930 3298 vitam
958 3245 1151 3300 incidit
1180 3247 1529 3314 incommodi,
1559 3249 1702 3321 quod
1733 3251 1813 3306 vel
1841 3266 2039 3321 corpus

475 3335 564 3390 vel
592 3336 832 3389 animum
866 3338 1118 3408 attingat,
1153 3341 1334 3394 omnia
1369 3341 1616 3395 oratione
1642 3352 2039 3413 persequetur:

480 3441 577 3495 per
606 3443 746 3496 quae,
803 3436 860 3482 ut
909 3429 1030 3498 ejus
1079 3431 1264 3501 opinio
1315 3432 1442 3495 fert,
1481 3433 1767 3490 ridiculum
1797 3437 2046 3491 ostendet

476 3533 807 3579 sermonem,
861 3537 970 3590 quo
998 3521 1242 3592 lugentes
1279 3524 1420 3579 beati
1451 3525 1784 3595 judicantur.
1816 3526 1924 3582 Nos
1950 3543 2048 3582 au-

479 3615 591 3665 tem
630 3621 820 3680 parum
869 3621 1126 3668 curantes
1167 3631 1262 3670 eos
1314 3615 1405 3684 qui
1447 3625 1500 3672 et
1534 3617 1722 3672 humili
1756 3626 1810 3674 et
1849 3619 2047 3688 pusillo

481 3701 668 3757 animo
700 3704 914 3759 divinos
941 3707 1382 3777 contemplantur
1415 3709 1741 3773 intellectus,
1779 3719 2043 3779 quantum

481 3793 602 3861 ejus
633 3793 744 3850 ﬁeri
776 3797 992 3865 poterit,
1024 3811 1136 3861 cas,
1169 3813 1290 3865 qum
1312 3799 1363 3852 in
1393 3799 1495 3854 hoc
1518 3800 1664 3853 dicto
1692 3801 1799 3854 alte
1820 3800 2048 3855 defossae

479 3885 686 3954 jacent,
738 3887 957 3944 divitias
1011 3890 1226 3959 penitus
1258 3891 1524 3960 inspicere
1564 3907 1844 3958 conemur,
1878 3904 1934 3947 ut
1964 3895 2046 3949 vel

482 3992 581 4046 per
623 3977 727 4032 hoc
773 3980 991 4047 planum
1046 3979 1140 4033 ﬁat
1192 3990 1395 4050 quanta
1442 3984 1513 4038 sit
1546 3982 1858 4039 differentia
1907 3985 2048 4040 inter

483 4072 754 4125 carnalem
797 4080 1197 4142 terrenamque,
1239 4083 1294 4128 et
1339 4073 1627 4130 sublimem
1661 4077 2048 4148 cmlcstemque

483 4162 914 4230 intelligentiam.

556 4255 632 4307 Ac
657 4256 828 4324 prima
847 4255 1064 4324 quidem
1096 4255 1229 4311 facie
1254 4264 1430 4325 potest
1453 4258 1648 4324 aliquis
1675 4259 1823 4312 illum
1844 4259 2046 4313 luctum

485 4343 700 4397 beatum
732 4354 942 4412 putare,
989 4347 1080 4412 qui
1117 4357 1339 4417 propter
1379 4348 1576 4404 delicta
1619 4357 1782 4419 atque
1828 4358 2048 4420 peccata

484 4435 720 4495 exsistit,
755 4437 910 4505 juxta
935 4436 1087 4491 Pauli
1121 4438 1189 4493 de
1223 4441 1448 4496 tristitia
1473 4442 1797 4506 doctrinam,
1830 4443 1918 4497 ubi
1961 4443 2046 4497 di-

1603 400 1606 402 ⁷
1691 407 1747 464 S.
1789 400 2110 462 GREGORII
2136 402 2420 461 NYSSENI

2060 527 2107 584 Λ

3579 405 3686 459 ιξεο

2700 478 2710 484 .
2745 523 2965 583 ΛΟΓΟΣ
3000 525 3078 580 1".

2133 618 2420 689 Μακάριοι
2452 621 2506 674 οι
2536 616 2896 685 πενθοῦντες
2913 660 2928 682 ,
2974 618 3063 673 ὅτι
3109 614 3283 671 αὐτοὶ
3317 614 3692 683 παρακληθείς

2795 705 3024 744 amat.

2205 783 2372 838 Οὔπω
2399 783 2497 854 τῆς
2525 785 2766 854 κορυφῆς
2797 782 2891 837 τοῦ
2923 782 3084 855 ὅρους
3115 780 3570 850 ἔπιὸεὸήκαμεν.

2135 876 2217 930 ἔτι
2250 874 2392 930 κατὰ
2412 876 2512 947 τὴν
2538 875 2811 946 ὑπώρειαν
2837 874 2945 927 τῶν
2971 873 3260 944 νοημάτων
3298 870 3514 941 ἐσμένο
3551 869 3596 920 εί
3624 872 3694 918 23':

2136 969 2228 1022 δύο
2267 967 2418 1031 τινὰς
2450 966 2548 1038 ήδη
2582 965 3007 1037 παρωδεύσαμεν
3072 964 3294 1033 λόφους,
3345 961 3452 1015 ἐπὶ
3482 958 3583 1028 τὴν
3617 973 3696 1026 μορ

2136 1061 2399 1132 καριστὴν
2428 1060 2716 1130 πτωχείαν,
2747 1059 2841 1112 καὶ
2871 1059 2970 1125 τὴν
2999 1058 3258 1128 ἀνωτέρω
3296 1054 3522 1124 ταύτης
3555 1052 3696 1122 πραό-

2134 1170 2273 1224 τητα
2322 1152 2408 1206 διὰ
2453 1151 2562 1205 τῶν
2617 1150 2979 1222 μακαρισμῶν
3027 1148 3400 1218 ἀναχθέντες,
3460 1143 3581 1214 μεθ’
3623 1144 3696 1205 οξ

2138 1247 2400 1318 προσάγει
2436 1247 2549 1308 τοῖς
2581 1242 2932 1316 ὑψηλοτέροις
2951 1242 3100 1313 ἡμᾶς
3128 1244 3157 1294 ό
3174 1241 3379 1307 Λόγος,
3416 1237 3523 1290 καὶ
3549 1237 3695 1303 τρίτοι

2135 1342 2267 1412 ἡμῖν
2315 1338 2510 1408 ἑφεξῆς
2556 1336 2756 1407 ὕψωμα
2801 1335 2886 1388 διὰ
2932 1335 3042 1388 τῶν
3083 1329 3474 1405 μακαρισμῶν
3519 1327 3696 1380 ἀναδεῐ.

2137 1447 2325 1484 κνυσι·
2369 1427 2504 1500 πρὸς
2536 1427 2565 1480 ὃ
2607 1425 2712 1498 χρὴ
2741 1425 2955 1488 πάντως
3003 1423 3346 1494 ἀναδραμεῖν
3379 1418 3556 1472 δκνον
3594 1417 3697 1469 άπι-

2138 1522 2398 1593 θεμένους
2448 1520 2646 1582 πάντα,
2691 1517 2782 1571 καὶ
2825 1517 2924 1587 τὴν
2971 1514 3378 1586 εὐπερίστατον
3421 1509 3695 1580 ἁμαρτίαν,

2136 1611 2317 1676 καθώς
2341 1627 2504 1682 φησιν
2533 1611 2563 1663 ὁ
2603 1608 2938 1670 ’Λπόστολος,
2967 1606 3044 1670 ὡς
3075 1605 3142 1659 ἂν
3171 1603 3380 1673 κοῦφοι
3408 1602 3517 1654 καὶ
3543 1601 3697 1652 e632:-

2134 1706 2246 1769 λεῖς
2273 1703 2366 1756 ἐπὶ
2404 1703 2502 1774 τῆς
2534 1700 2710 1772 ἄκρας
2739 1700 3038 1771 γενόμενοι,
3077 1694 3478 1767 καθαρωτέρῳ
3521 1691 3597 1762 τῷ
3625 1692 3699 1758 τῆς

2136 1796 2391 1870 ἀληθείας
2417 1794 2558 1864 φωτὶ
2601 1791 2691 1847 διὰ
2738 1791 2840 1862 τῆς
2873 1790 3052 1860 ψυχῆς
3084 1785 3611 1859 προσπελάσαιμεν.
3650 1783 3700 1835 Τί

2138 1886 2314 1940 τοίνυν
2341 1883 2457 1937 ἐστὶ
2484 1883 2546 1936 τδ
2573 1882 2861 1952 λεγόμενον
2879 1922 2894 1944 ,
2926 1878 3217 1949 Μακάριοι
3245 1881 3306 1931 οἱ
3333 1874 3700 1938 πενθοῦντες.

2138 1976 2228 2032 ὅτι
2269 1976 2438 2032 αὐτοὶ
2491 1972 3057 2044 παρακληθήσονται
3083 1987 3103 2033 ,°
3134 1969 3376 2023 Γελάσει
3439 1967 3651 2027 πάντως
3681 1967 3701 2016 ἑ

2139 2070 2276 2141 πρὸς
2294 2070 2384 2123 τὸν
2405 2068 2607 2139 κόσμον
2639 2066 2868 2138 βλέπων,
2897 2065 2993 2120 καὶ
3011 2063 3152 2129 λέξει
3172 2061 3361 2117 ταῦτα
3390 2060 3703 2129 καταχλε-δάε

2138 2161 2247 2227 ζων
2277 2160 2369 2214 τὸν
2391 2160 2561 2228 Λόγον
2580 2175 2596 2190 ο
2630 2159 2693 2212 ΕΞ
2717 2155 3107 2230 μακαρίζονται
3137 2154 3288 2208 κατὰ
3316 2152 3420 2206 τὸν
3460 2151 3578 2222 βίον
3607 2153 3703 2202 sibi

2137 2255 2286 2325 πάσῃ
2315 2253 2569 2324 συμφορᾷ
2593 2249 2997 2319 δαπανώμενοι,
3019 2247 3190 2302 ἄθλιοι
3220 2245 3381 2300 κατὰ
3409 2244 3481 2297 τὸ
3509 2243 3700 2296 ἀπόλω-

2139 2347 2229 2400 θόν
2261 2348 2366 2400 είσι
2421 2344 2637 2407 πάντως
2683 2339 2764 2406 οἷς
2798 2341 3000 2405 ἄλυπός
3043 2357 3104 2394 τε
3151 2337 3252 2392 καὶ
3301 2340 3567 2408 ἀπήμων
3593 2338 3702 2389 ﬁeri:

2139 2441 2171 2510 ἡ
2207 2439 2338 2509 ζωή.
2371 2436 2482 2492 Καὶ
2511 2435 2653 2489 οὕτω
2679 2433 2749 2487 τὰ
2780 2434 2893 2505 εῐδη
2925 2433 3034 2486 τῶν
3061 2431 3376 2503 συμφορῶν
3404 2426 3704 2499 saep-.092;

2143 2545 2320 2598 μενος,
2353 2525 2635 2579 πλεονάσει
2665 2523 2758 2576 τὸν
2783 2522 3009 2592 γέλωτα,
3038 2520 3106 2573 τὰ
3141 2521 3246 2590 τῆς
3287 2517 3547 2589 χηρειας
3573 2519 3705 2576 uti.

2140 2618 2234 2670 καὶ
2261 2617 2358 2686 τὴν
2389 2613 2490 2684 τῆς
2530 2611 2791 2684 ὀρφανίας
2833 2609 3208 2681 ταλαιπωρίαν
3242 2609 3348 2661 ὑπ’
3386 2609 3524 2677 ὖψιν
3570 2606 3705 2674 ἀγυι.

2138 2709 2237 2771 τὰς
2266 2707 2487 2778 ζημίας,
2514 2705 2582 2759 τὰ
2610 2705 2864 2772 ναυάγια,
2894 2704 2992 2767 τὰς
3031 2705 3096 2756 ἐκ
3133 2701 3412 2770 πολέμων
3460 2699 3706 2768 αἱχμαὶυ-

2142 2798 2280 2860 σίας,
2327 2797 2425 2860 τὰς
2468 2795 2684 2856 ἀδίκους
2725 2797 2783 2847 ὲν
2831 2792 3163 2864 δικαστηρίῳ
3201 2791 3463 2863 κρίσεις,
3523 2789 3707 2860 μεθη-

2142 2886 2309 2958 σμοὺς
2324 2903 2384 2938 τε
2412 2885 2506 2938 καὶ
2529 2883 2819 2955 δημεύσεις
2845 2881 2940 2935 καὶ
2962 2880 3336 2952 άτιμίις,τάς
3359 2897 3426 2932 τε
3456 2878 3710 2948 συμφορᾶς

2139 2975 2237 3036 τὰς
2269 2975 2332 3027 ἐκ
2369 2971 2476 3026 τῶν
2524 2971 2713 3034 νόσων,
2757 2965 2866 3024 οἷον
2893 2969 3170 3041 πηρώσεις
3211 2986 3274 3022 τε
3321 2969 3431 3022 καὶ
3484 2970 3709 3040 ἀκρυτηο

2142 3063 2424 3136 ριασμοὺς,
2459 3062 2553 3116 καὶ
2591 3061 2691 3132 τὴν
2719 3061 3063 3130 παντοδαπὴν
3093 3059 3190 3114 τοῦ
3228 3057 3510 3129 σώματος
3542 3057 3710 3125 ms.

2140 3158 2235 3210 ml
2265 3157 2321 3211 εἴ
2342 3174 2395 3210 τι
2426 3159 2537 3220 τοῖς
2575 3156 2875 3226 ἀνθρώποις
2915 3153 3054 3207 κατὰ
3078 3152 3170 3206 τὸν
3218 3151 3346 3221 βίον
3390 3151 3595 3204 τοῦτον
3619 3168 3712 3202 πν-

2147 3247 2356 3301 ίσταται
2385 3245 2574 3308 πάθος,
2589 3245 2624 3316 ἢ
2647 3243 2960 3316 σώματος,ἢ
2988 3243 3165 3313 ψυχῆς
3185 3241 3550 3312 ἀπτόμενον,
3572 3242 3712 3293 πάντα

2143 3337 2222 3408 τῷ
2249 3338 2392 3408 λόγῳ
2420 3336 2828 3401 διεξελεύσεται,
2867 3337 2932 3388 δι’
2973 3329 3068 3398 ὧν,
3117 3335 3196 3398 ὡς
3245 3335 3462 3396 οἴεται,

2145 3428 2335 3482 λαστον
2367 3426 2635 3492 ἀποδείξει
2681 3429 2772 3480 τὸν
2798 3429 2923 3491 τοὺς
2965 3425 3306 3489 πενθοῦντος
3362 3425 3712 3495 μακαρίζοιτο

2144 3523 2318 3591 λόγον.
2361 3523 2548 3592 Ἡμεῖς
2581 3521 2638 3574 δὲ
2675 3519 2848 3592 μικρὰ
2878 3520 3263 3591 φροντίσαντες
3303 3520 3429 3572 τῶν
3478 3516 3712 3588 μικροψὸ-

2144 3631 2255 3686 χως
2293 3631 2352 3666 τε
2383 3615 2477 3667 καὶ
2518 3612 2784 3675 ταπεινῶς
2828 3610 3284 3682 ἀναθεωρούντων
3327 3611 3406 3664 τὰ
3458 3610 3586 3663 θεῖα
3624 3613 3710 3676 νεί-

2150 3723 2315 3778 ματα,
2365 3705 2438 3769 ὡς
2489 3704 2602 3758 ἔστι
2646 3704 2865 3757 δυνατὸν
2894 3703 3128 3756 κατιδεῖν
3151 3703 3248 3755 τὸν
3279 3704 3624 3773 ἐγκείμενον

2145 3798 2420 3869 εἰρημένῳ
2464 3795 2553 3849 διὰ
2583 3795 2777 3866 βάθους
2809 3794 3034 3848 πλοῦτον
3061 3795 3560 3864 ἐπιχειρήσωμεν,
3598 3796 3710 3852 ὅτε-ς

2145 3890 2212 3944 ἂν
2247 3890 2476 3961 φανερὸν
2528 3889 2622 3943 καὶ
2658 3890 2746 3942 διὰ
2796 3887 2949 3942 τοῦτο
2991 3887 3223 3955 γένοιτο.
3277 3888 3462 3940 πόσον
3518 3889 3631 3939 ἐστὶ
3671 3887 3712 3936 τὲ

2145 3981 2397 4052 διάφορον
2422 3981 2524 4052 τῆς
2569 3981 2828 4052 σαρκίνης
2859 3996 2917 4032 τε
2948 3980 3042 4032 καὶ
3072 3979 3266 4049 χοῖκῆς
3295 3978 3576 4041 διανοίας,
3609 3979 3711 4045 ερὲς

2145 4074 2244 4143 τὴν
2275 4072 2486 4144 ὑψηλήν
2515 4089 2574 4126 τε
2611 4073 2699 4126 καὶ
2725 4071 3064 4142 ἐπουράνιον.

2220 4254 2374 4306 Ἐστι
2408 4253 2505 4324 μὲν
2543 4248 2636 4306 οὖν
2669 4253 2732 4305 ἐκ
2773 4250 2866 4304 τοῦ
2893 4248 3181 4322 προχείρου
3217 4249 3584 4319 μακαριστδν
3607 4249 3712 4300 ὐτο-

2147 4346 2329 4400 λαϐεῖν
2363 4346 2536 4400 ἐκεῖνο
2575 4345 2636 4397 τὸ
2685 4343 2896 4406 πένθος,
2927 4343 2987 4397 τὸ
3027 4343 3120 4395 ἐπὶ
3155 4341 3618 4411 πλημμελήμασι
3643 4341 3712 4391 23':

2149 4439 2441 4510 ἁμαρτίαις
2467 4437 2762 4507 γινόμενον,
2797 4435 2936 4488 κατὰ
2964 4435 3062 4506 τὴν
3092 4433 3186 4486 τοῦ
3216 4431 3446 4485 Παύλου
3489 4433 3618 4500 περὶ

487 4529 582 4592 cit,
643 4544 748 4582 non
799 4544 920 4584 esse
965 4545 1126 4584 unam
1171 4532 1407 4587 tristitia:
1452 4536 1710 4604 speciem,
1765 4535 1859 4590 sed
1886 4536 2042 4590 aliam

2150 4530 2326 4597 λύπης
2355 4528 2717 4591 διδασκαλίαν,
2739 4527 2831 4580 τοῦ
2861 4529 3150 4597 φήσαντος,
3184 4525 3260 4596 μὴ
3292 4523 3360 4576 ἒν
3390 4519 3542 4576 εἶναι
3568 4523 3712 4586 ὶὺεῖς

487 4619 702 4688 quidem
764 4621 1115 4688 mundanam,
1169 4624 1330 4677 aliam
1399 4640 1530 4680 vero
1578 4642 1697 4696 quae
1748 4629 2046 4683 secundum

489 4709 657 4764 Deum
702 4721 1141 4781 repraesentetur.
1192 4717 1268 4768 Ac
1321 4717 1649 4771 mundanam
1689 4718 1905 4788 quidem
1951 4722 2049 4775 tri-

489 4802 690 4857 stitiam
739 4804 930 4858 mortis
963 4803 1286 4861 etl‘ectricem
1330 4823 1473 4871 esse,
1521 4809 1742 4864 alteram
1781 4826 1907 4866 vero
1951 4827 2050 4881 per

490 4894 865 4962 paenitentiam
912 4896 1142 4951 salutem
1191 4898 1458 4954 conficere
1501 4903 1880 4958 manentibus.
1914 4903 2048 4958 Nam

490 5001 674 5040 revera
719 5001 825 5040 non
862 4995 1039 5056 potest
1090 5004 1194 5042 non
1230 4990 1384 5044 beata
1431 4991 1661 5060 judicari
1701 4995 1829 5050 talis
1857 4997 2052 5051 animae

409 5125 422 5146 ._
492 5077 846 5145 perturbatio,
874 5080 1402 5140 cum,animadverso
1427 5097 1490 5136 eo
1515 5085 1659 5152 quod
1683 5084 1921 5142 deterius
1947 5096 2050 5150 est,

490 5169 652 5224 vitam
693 5170 942 5226 vitiosam
987 5171 1256 5241 deplorat.
1306 5174 1768 5239 Quemadmodum
1816 5183 1960 5234 enim
1995 5182 2047 5236 in

493 5262 736 5329 corporis
778 5263 1002 5326 morbis,
1054 5263 1253 5332 quibus
1296 5264 1474 5333 aliqua
1524 5283 1648 5336 pars
1699 5274 1945 5339 corporis
1983 5289 2049 5327 ex

491 5351 722 5406 violenta
750 5353 981 5421 quadam
1018 5353 1236 5409 laesione
1283 5355 1463 5409 tabida
1501 5355 1640 5412 facta
1677 5359 1858 5424 fuerit,
1895 5362 2048 5416 indo-

492 5441 653 5496 lentia
705 5455 1020 5512 argumento
1063 5452 1175 5506 est,
1210 5454 1477 5500 mortuam
1530 5462 1652 5504 esse
1706 5451 1941 5506 taliidam
1985 5469 2049 5508 ac

491 5527 795 5614 languidam
827 5532 973 5586 illam
1007 5543 1250 5603 partem;
1298 5535 1390 5590 sed
1431 5535 1476 5590 si
1530 5545 1646 5591 arte
1678 5539 1908 5607 quadam
1944 5558 2050 5598 me-

489 5619 608 5676 dica
637 5623 814 5678 vitalis
833 5623 1012 5680 denuo
1037 5640 1230 5681 sensus
1261 5628 1472 5696 corpori
1507 5629 1790 5685 restitutus
1819 5634 1908 5693 sit.
1939 5643 2045 5689 tam

555 5797 580 5827 ’
618 5793 805 5852 Matth.
839 5813 893 5858 v,
1058 5801 1098 5831 ¹⁶
1141 5798 1299 5856 llcbr.
1336 5817 1436 5864 xu,
1469 5801 1558 5856 Ἡ.

2153 4619 2308 4686 εἶδος,
2336 4621 2471 4676 ἀλλὰ
2505 4623 2566 4676 τὸ
2601 4621 2698 4692 μὲν
2725 4620 2984 4690 κοσμικδν
3005 4658 3022 4684 ,
3049 4618 3109 4671 τὸ
3135 4617 3191 4670 δὲ
3237 4615 3390 4670 κατὰ
3421 4617 3565 4670 Θεὸν
3593 4617 3711 4680 his;

2151 4715 2428 4785 γούμενον.
2477 4715 2586 4768 Καὶ
2632 4714 2732 4782 τῆς
2788 4714 2888 4783 μὲν
2939 4710 3209 4783 κοσμικῆς
3245 4709 3453 4780 λύπης,
3510 4710 3710 4763 θάπτετ-

2152 4801 2382 4858 εἶναιτὸ
2410 4803 2601 4875 ἔργονο
2647 4804 2746 4873 τὴν
2786 4802 2842 4854 δὲ
2886 4802 3100 4870 ἑτέραν,
3142 4802 3425 4870 σωτηρίαν
3474 4801 3546 4852 ἐκ
3576 4815 3712 4867 μέτες

2152 4897 2295 4960 νοίας
2321 4899 2434 4959 τοῖς
2462 4895 2818 4965 λυπουμένοις
2842 4893 3185 4964 ἐργάζεσθαι.
3225 4892 3318 4962 Τῷ
3345 4893 3465 4945 όντι
3501 4893 3616 4961 γὰρ
3635 4893 3708 4942 ei:

2152 4990 2256 5056 ἔξω
2285 4988 2380 5042 τοῦ
2419 4988 2813 5060 μακαρίζεσθαι
2854 4986 2914 5039 τὸ
2950 4985 3188 5040 τοιοῦτον
3212 4985 3316 5048 τῆς
3345 4984 3542 5053 ψυχῆς

2154 5079 2320 5143 ἐστὶν,
2349 5079 2478 5131 ὅταν
2507 5079 2562 5130 ὲν
2595 5077 2842 5148 αἰσθήσει
2871 5077 3136 5147 γενομένη
3179 5074 3275 5127 τοῦ
3325 5076 3604 5144 χείρονος,
3641 5075 3703 5122 τίη

2155 5172 2212 5223 ὲν
2237 5171 2402 5242 κακίᾳ
2434 5169 2546 5239 βίον
2574 5168 3000 5240 ἁπολοφύρηται.
3043 5169 3304 5237 Καθάπερ
3339 5168 3450 5237 γάρ
3489 5166 3591 5218 ἐπὶ
3628 5164 3703 5214 αἰ

2157 5264 2484 5334 σωματικῶν
2513 5263 2978 5336 ἀρρωστημάτων,
3008 5257 3089 5324 οἷς
3116 5261 3181 5313 ἂν
3212 5260 3450 5330 πάρετον
3488 5259 3556 5322 ἐξ
3598 5260 3706 5318 ἐττ-

2161 5357 2309 5428 ρείας
2341 5359 2483 5419 τινὸς
2508 5357 2732 5426 γένηταί
2775 5373 2828 5409 τι
2863 5355 3026 5428 μέρος
3065 5352 3158 5407 τοῦ
3189 5352 3470 5425 σώματος,
3507 5351 3704 5419 σημεῖ-ἰν

2153 5451 2246 5506 τοῦ
2268 5449 2629 5520 νενεκρῶσθαι
2653 5449 2713 5502 τὸ
2737 5449 3064 5520 παρειμένον
3091 5449 3124 5518 ἡ
3155 5445 3456 5514 ἁναλγησία
3480 5445 3702 5511 γένετιι²

2155 5543 2203 5595 εἰ
2250 5541 2308 5595 δὲ
2357 5541 2497 5594 κατά
2542 5557 2664 5593 τινα
2707 5539 2902 5610 τέχνην
2951 5539 3197 5610 ἰατρικὴν
3245 5540 3279 5610 ἡ
3319 5537 3532 5605 (antu;
3569 5535 3706 5586 5:53

2156 5633 2402 5703 αἴσθησις
2437 5631 2762 5702 ἐπαναχθείη
2793 5631 2869 5701 τῷ
2904 5631 3138 5702 σώματι,
3184 5631 3463 5704 χαίρουσιν
3494 5629 3596 5699 ἤδη
3629 5642 3701 5675 :-
