4004 6482
214 411 346 466 1221

1237 405 1325 461 DE
1357 401 1960 461 BEATITUDINIBUS.
2002 400 2261 457 ORATlO
2302 400 2389 455 lll.

3306 400 3445 455 ηεξ

210 524 431 581 νοῦντος
454 519 548 576 τοῦ
590 519 807 593 μέρους,
837 518 997 583 αὑτός
1038 534 1099 571 τε
1144 517 1174 569 ὁ
1223 518 1443 590 κάμνων
1475 517 1568 571 καὶ
1599 518 1647 569 oi
1682 516 1780 585 τὴν

1906 527 1931 566 s
1967 514 2060 582 qui
2092 513 2322 579 laborat,
2351 528 2514 583 quam
2546 515 2639 586 qui
2668 515 3005 572 curationem
3036 514 3442 581 administrant,

209 614 510 685 θεραπείαν
564 611 960 684 προσάγοντες,
1020 610 1300 681 τεκμηρίῳ
1356 612 1626 681 χρώμενοι
1686 606 1780 659 τοῦ

212 709 350 777 πρὸς
379 706 591 774 ὑγίειαν
630 704 826 775 τρέψαι
870 703 932 756 τὸ
963 702 1153 767 πάθος,
1182 702 1240 756 τὸ
1276 704 1333 755 ἐν
1381 701 1630 770 αἰσθήσει
1676 699 1783 753 τῶν

209 798 618 870 δριμυσσόντων
645 797 742 867 ήδη
770 794 1018 865 γενέσθαι
1046 795 1106 847 τὸ
1123 794 1283 866 μέλος
1302 810 1314 821 ·
1346 792 1516 856 οὕτως
1545 791 1782 854 ἐπειδὰν,

215 889 401 954 καθώς
424 906 586 960 φησιν
615 890 643 941 ό
682 886 1020 951 Ἀπόστολος,
1049 887 1429 957 ἀπηλγηκότες
1452 885 1595 948 τινὲς
1616 901 1786 955 παρα-

209 979 347 1032 δῶσι
392 978 471 1049 τῷ
515 977 634 1031 καθ’
684 976 954 1049 ἁμαρτίαν
1003 976 1100 1047 βίῳ
1139 977 1383 1039 ἑαυτοὺς.
1432 974 1613 1046 νεκροί
1642 990 1785 1036 τινες

213 1071 384 1133 ὖντως
415 1071 508 1123 καὶ
536 1069 759 1139 πάρετοι
811 1069 905 1121 τοῦ
946 1070 1063 1121 κατ’
1097 1069 1297 1140 ἀρετήν
1341 1067 1456 1138 βίου
1483 1066 1783 1139 γενόμενοι,

214 1161 473 1231 οὐδεμίαν
514 1160 728 1231 ἔχουσιν
775 1152 850 1214 ὧν
880 1160 1121 1214 ποιοῦσιν
1165 1161 1264 1231 τήν
1299 1160 1569 1231 αἴσθησιν.
1625 1160 1688 1213 Ei
1729 1160 1787 1213 δὲ

214 1253 521 1323 καθάψαιτό
562 1269 645 1315 τις
691 1251 869 1305 αὐτῶν
919 1253 948 1304 ὁ
995 1251 1254 1323 ἰατρεύων
1295 1251 1488 1320 λόγος,
1546 1246 1656 1304 οἷον
1699 1249 1787 1304 διά

212 1359 379 1396 τινων
414 1339 632 1411 θερμῶν
658 1358 717 1394 τε
763 1341 855 1393 καὶ
880 1340 1227 1395 διακαιόντων
1282 1339 1588 1411 φαρμάκων
1624 1339 1786 1409 (λέγω

216 1434 273 1485 δὲ
307 1432 416 1485 τῶν
450 1430 787 1503 σκυθρωπῶν
814 1432 911 1503 τῆς
934 1432 1230 1503 μελλούσης
1252 1434 1483 1503 κρίσεως
1504 1433 1784 1504 ἀπειλῶν),

216 1524 313 1576 καὶ
342 1522 430 1576 διὰ
478 1521 675 1592 βάθους
718 1521 816 1593 τὴν
860 1522 1085 1593 καρδίαν
1126 1522 1203 1594 τῷ
1240 1523 1389 1595 φόϐῳ
1426 1522 1533 1576 τῶν
1563 1524 1789 1596 προσδο-

215 1615 479 1683 κωμένων
528 1612 855 1684 δριμύξειεν,
908 1614 1131 1685 γεέννης
1182 1613 1365 1682 φόϐον,
1419 1614 1514 1667 καὶ
1561 1613 1670 1685 πῦρ
1711 1614 1787 1687 μὴ

219 1703 596 1773 σϐεννύμενον,
618 1705 712 1757 καὶ
736 1704 1089 1776 ἀτελεύτητον
1120 1703 1398 1773 σκώληκα,
1426 1706 1517 1758 καὶ
1547 1705 1789 1777 βρυγμὸν

216 1796 464 1858 ὀδόντων,
499 1795 593 1848 καὶ
624 1794 898 1866 κλαυθμὸν
926 1795 1282 1863 ἀδιάλειπτον,
1314 1797 1406 1851 καὶ
1439 1799 1627 1861 σκότος
1650 1798 1785 1864 ἐξώ-

218 1905 395 1961 τερον,
418 1890 521 1942 καὶ
562 1889 774 1943 ἅπαντα
804 1887 872 1941 τὰ
898 1888 1141 1952 τοιαῦτα,
1174 1884 1284 1943 οἷόν
1315 1907 1436 1944 τινα
1467 1890 1646 1961 θερμά
1691 1889 1787 1943 καὶ
1817 1869 1860 1924 Β

217 1979 418 2050 δριμέα
449 1980 713 2051 φάρμακα
749 1980 827 2050 τῷ
856 1981 1211 2052 νεναρκηκότι
1249 1981 1336 2035 διὰ
1369 1981 1476 2033 τῶν
1516 1980 1637 2035 καθ’
1662 1980 1786 2051 ήδο-

219 2071 317 2141 νὴν
343 2071 677 2142 παθημάτων
703 2073 961 2144 ἐντρίόων
990 2072 1083 2126 καὶ
1115 2072 1458 2137 ἀναθάλπων,
1490 2074 1570 2136 είς
1598 2072 1789 2142 αῐσθη-

221 2180 308 2215 σιν
323 2163 484 2215 αὑτὸν
511 2164 709 2231 ἀγάγοι
737 2164 829 2217 τοῦ
859 2166 916 2217 ὲν
936 2157 980 2231 ᾧ
1006 2160 1075 2236 ἦν
1102 2163 1240 2235 βίου,
1272 2164 1607 2237 μακαριστὸν
1626 2164 1788 2217 αὑτὸν

221 2254 624 2325 ἀπεργάσηται,
658 2254 754 2325 τὴν
797 2254 1059 2327 ὀδυνηρὰν
1105 2254 1355 2327 αίσθησιν
1388 2260 1455 2328 τῇ
1491 2256 1634 2327 ψυχῇ
1688 2257 1788 2328 ὲμ-

221 2345 474 2415 ποιήσας.
518 2344 777 2417 Καθάπερ
815 2346 907 2399 καὶ
939 2349 968 2399 ὁ
1010 2346 1220 2411 Παῦλος
1250 2347 1342 2401 τὸν
1389 2350 1455 2419 τῇ
1499 2349 1655 2419 κοίτῃ
1696 2347 1789 2401 τοῦ

222 2436 428 2507 πατρὸς
459 2436 911 2507 ἐπιλυσσήσαντα,
944 2437 1134 2509 μέχρις
1162 2438 1370 2492 ἐκείνου
1424 2438 1673 2509 μαστίζει
1713 2437 1791 2509 τῷ

222 2530 387 2599 λόγῳ,
422 2529 528 2591 ἕως
551 2528 617 2583 ἂν
642 2529 980 2600 ἀναισθήτως
1019 2527 1162 2600 εἶχεν
1196 2532 1294 2601 τῆς
1324 2510 1597 2601 ἀμαρτίας
1616 2546 1630 2559 ·
1672 2530 1794 2583 ἐπεὶ

222 2622 279 2673 δὲ
321 2620 576 2674 καθίκετο
623 2620 716 2674 τοῦ
749 2622 940 2694 ἀνδρὸς
968 2625 1002 2694 ή
1038 2624 1137 2694 τῆς
1181 2624 1521 2694 ἐπιπλήξεως
1562 2625 1792 2696 ἰατρεία,

221 2713 299 2772 ὡς
329 2712 429 2783 ήδη
471 2713 737 2782 μακάριον
768 2713 855 2765 διὰ
882 2713 975 2766 τοῦ
1005 2714 1230 2779 πένθους
1275 2715 1584 2786 γενόμενον,
1620 2734 1796 2787 παρα-

225 2805 412 2858 καλεῖν
442 2806 687 2876 άρχεται,
717 2807 802 2859 ἵνα
836 2807 909 2877 μὴ
939 2809 1004 2878 τῇ
1034 2808 1397 2879 περισσοτέρᾳ
1424 2808 1590 2882 λύπῃ.
1638 2812 1791 2879 φησὶ,

1881 605 2094 660 dolente
2116 606 2233 676 jam
2266 615 2416 676 parte
2444 610 2700 679 gaudent,
2734 611 2934 681 quippe
2956 610 3261 665 certissimo
3286 624 3445 681 argu-

1886 706 2066 751 mento
2089 704 2322 761 utentes,
2344 697 2410 751 ad
2429 700 2718 754 sanitatem
2737 700 3073 757 convertisse
3093 715 3151 757 se
3168 702 3419 757 morbum

1883 798 1948 837 eo
1984 784 2125 852 quod
2169 786 2469 840 membrum
2518 789 2721 843 sentire
2760 788 2874 858 jam
2918 789 3144 860 coeperit
3198 803 3263 844 ea
3324 804 3446 860 quae

1884 873 2088 930 faciant
2131 878 2404 933 dolorem:
2462 879 2533 933 ita
2585 882 2854 946 nonnulli,
2910 891 3196 952 postquam
3242 883 3447 938 amisso

1886 984 2050 1025 sensu
2084 972 2313 1036 doloris,
2353 982 2411 1027 ut
2449 973 2625 1044 inquit
2670 974 2984 1044 Apostolus,
3022 974 3348 1030 tradiderint
3387 990 3449 1030 se

1884 1062 2006 1117 vita:
2044 1065 2356 1134 peccatrici,
2403 1081 2551 1131 cum,
2598 1069 2743 1136 quod
2785 1066 2851 1121 ad
2893 1067 3058 1121 vitam
3089 1082 3214 1121 cum
3244 1066 3449 1120 virtute

1886 1154 2184 1226 degendam
2221 1158 2434 1221 attinet,
2462 1173 2653 1215 revera
2681 1159 2882 1213 mortui
2911 1159 3131 1230 quidam
3160 1155 3447 1212 tabefacti-

1885 1264 1992 1317 que
2026 1249 2156 1313 sint,
2187 1250 2397 1304 nullum
2427 1265 2617 1305 eorum
2661 1266 2781 1320 qua:
2822 1250 3033 1304 faciunt
3092 1263 3317 1304 sensum
3348 1250 3449 1301 lia-

1888 1340 2036 1396 bent.
2076 1341 2179 1398 Sed
2231 1344 2277 1399 si
2310 1344 2433 1414 quis
2488 1357 2671 1400 sermo
2702 1341 2967 1407 medicus,
3021 1340 3188 1396 veluti
3218 1338 3450 1409 quibus-

1886 1429 2012 1483 dam
2040 1431 2233 1487 calidis
2263 1432 2755 1502 perurentibusque
2771 1430 3183 1486 medicamentis
3218 1428 3447 1496 (futuri,

1886 1521 2134 1592 inquam,
2157 1523 2347 1593 judicii
2380 1524 2668 1581 horrendis
2689 1532 2743 1579 et
2757 1523 2971 1579 acerbis
2994 1520 3192 1591 minis)
3212 1535 3306 1576 eos
3335 1534 3453 1591 per-

1888 1612 2194 1680 strinxerit,
2238 1622 2293 1670 et
2320 1621 2528 1670 terrore
2573 1630 2761 1671 eorum
2804 1630 2927 1686 qua:
2958 1614 3015 1669 in
3040 1611 3453 1684 exspectatione
3568 1610 3585 1633 ’⁵

1893 1712 2021 1759 sunt
2050 1720 2145 1760 cor
2181 1707 2398 1777 penitus
2420 1707 2846 1774 exacerbarerit,
2879 1714 3142 1762 terrorem
3164 1705 3449 1775 gehennae,

1891 1796 2069 1866 ignem
2095 1796 2189 1867 qui
2221 1811 2332 1851 non
2359 1798 2746 1868 exstinguitur,
2774 1813 3011 1853 vermem
3038 1813 3149 1853 non
3176 1796 3450 1852 emorien-

1889 1893 2021 1950 tem,
2055 1884 2345 1939 stridorem
2374 1884 2643 1948 dentium,
2689 1894 3120 1956 perpetuumque
3145 1883 3358 1947 ﬂetum,
3396 1888 3454 1937 et

1890 1974 2144 2029 tenebras
2177 1974 2497 2036 exteriores,
2531 1981 2584 2027 et
2612 1974 2739 2027 talia
2766 1975 3044 2037 universa,
3079 1971 3246 2028 veluti
3274 1969 3455 2025 calida

1890 2064 2138 2136 quaedam
2168 2071 2224 2118 et
2250 2064 2397 2117 acria
2427 2062 2822 2119 medicamenta
2842 2060 3137 2133 voluptatis
3163 2057 3455 2114 all'ectibus

1889 2156 2125 2227 torpenti
2170 2144 2473 2221 inferendo,
2518 2155 2944 2223 refovendoque,
2979 2168 3044 2209 eo
3070 2165 3244 2221 usque
3294 2147 3451 2204 rede-

1890 2247 2029 2318 gerit
2072 2261 2195 2301 eum
2230 2252 2288 2299 ut
2322 2245 2521 2301 sentiat
2552 2244 2606 2298 in
2651 2259 2759 2314 qua
2784 2245 2895 2301 vita
2932 2251 3202 2307 versetur,
3236 2239 3454 2295 beatum

1891 2350 2016 2391 eum
2060 2334 2321 2400 eﬂ‘ecerit,
2371 2350 2534 2390 sensu
2575 2334 2781 2389 doloris
2831 2332 3016 2387 animo
3058 2330 3178 2401 ejus
3228 2329 3453 2399 injecto.

1892 2427 2360 2494 Quemadmodum
2406 2428 2570 2484 etiam
2609 2425 2813 2482 Paulus
2857 2441 2983 2483 eum
3035 2425 3130 2495 qui
3185 2423 3241 2478 in
3274 2422 3459 2478 cubile

1893 2520 2064 2591 patris
2106 2520 2475 2576 debacchatus
2510 2529 2650 2583 erat,
2704 2518 2893 2573 tandiu
2925 2532 3179 2574 sermone
3206 2516 3457 2571 verberat

1892 2619 1946 2666 et
1974 2611 2205 2680 castigat
2234 2611 2472 2679 quandiu
2504 2618 2788 2681 peccatum
2829 2624 2937 2663 non
2966 2607 3267 2664 sentiebat:
3305 2614 3460 2677 post-

1894 2718 2122 2774 eaquam
2158 2714 2336 2759 autem
2368 2704 2767 2775 objurgationis
2799 2702 3071 2757 medicina
3106 2708 3289 2757 motus
3313 2708 3458 2763 erat,

1894 2796 2053 2866 quasi
2082 2795 2194 2866 jam
2222 2810 2319 2865 per
2342 2796 2547 2849 luctum
2586 2795 2802 2850 beatum
2836 2792 3039 2848 factum
3067 2794 3342 2850 consolari
3378 2795 3463 2847 in-

224 2897 510 2968 καταποθῇ
553 2901 581 2950 ό
621 2898 879 2961 τοιοῦτος.
912 2899 1092 2953 Ἔστω
1138 2900 1194 2952 δὲ
1238 2900 1331 2953 καὶ
1375 2900 1533 2954 τοῦτο
1571 2903 1702 2971 ήμῖν
1735 2903 1797 2955 τὸ

1900 2888 2052 2958 cipit,
2085 2903 2154 2943 ne
2181 2889 2351 2942 nimio
2383 2888 2591 2951 dolore,
2626 2887 2805 2957 inquit
2829 2889 2895 2950 ιι.
2929 2888 3053 2943 talis
3081 2886 3460 2943 absorbeatur.

226 2990 406 3061 νόημα
449 2991 584 3059 πρὸς
622 2991 721 3061 τὴν
755 2992 1117 3063 προκειμένην
1153 2990 1247 3044 τοῦ
1278 2992 1625 3064 μακαρισμοῦ
1663 2993 1796 3047 θεω-

1900 2977 2015 3033 Erit
2049 2986 2228 3034 autem
2254 2979 2416 3033 etiam
2448 2979 2537 3032 hic
2576 2978 2733 3032 nobis
2779 2978 3086 3032 intellectus
3115 2978 3182 3031 ad
3211 2977 3463 3047 proposi.

230 3079 351 3151 ρίαν
377 3082 454 3138 είς
502 3079 591 3133 τὸν
618 3082 737 3133 κατ’
771 3080 968 3152 ἀρετὴν
998 3080 1111 3150 βίον
1137 3082 1235 3135 οὐκ
1279 3082 1569 3153 ἄχρηστον,
1609 3083 1696 3136 διὰ
1738 3083 1797 3136 τὸ

1900 3077 2011 3123 tam
2044 3068 2399 3124 beatitudinis
2451 3070 2903 3138 speculationem,
2954 3077 3009 3124 et
3043 3069 3110 3122 ad
3138 3069 3305 3122 vitam
3337 3082 3461 3121 cum

227 3172 541 3237 πλεονάζειν
593 3190 711 3237 πως
759 3174 818 3226 ὲν
862 3176 928 3244 τῇ
991 3172 1150 3243 φύσει
1192 3173 1301 3227 τῶν
1353 3174 1654 3244 ἀνθρώπων
1699 3174 1796 3246 τὴν

1901 3162 2099 3216 virtute
2140 3161 2546 3231 transigendam
2576 3177 2686 3216 non
2721 3162 2950 3224 inutilis,
3000 3168 3284 3231 propterea
3317 3160 3463 3226 quod

226 3227 538 3337 ἁμαρτίανο
591 3227 791 3334 ταύτης
837 3227 928 3318 at"
948 3227 1234 3337 φάρμακον
1281 3266 1344 3319 τὸ
1392 3227 1469 3319 ὲκΙ
1514 3227 1798 3337 μετανοίάς

1902 3252 2167 3307 redundet
2198 3251 2599 3322 quodammodo
2637 3254 2692 3307 in
2729 3254 3007 3308 hominum
3038 3260 3235 3306 natura
3270 3265 3465 3321 pecca-

228 3356 427 3419 πένθος
471 3356 864 3410 ἀποδέδεικται.
916 3355 1077 3410 Ἀλλά
1120 3373 1211 3427 μοι
1242 3356 1388 3410 δοκεῖ
1427 3356 1717 3429 βαθύτερόν
1748 3376 1797 3411 τι

226 3441 339 3493 τῶν
368 3441 671 3511 εἰρημένων
706 3443 1097 3513 ὑποσημαίνειν
1123 3445 1151 3497 ὁ
1176 3444 1345 3513 Λόγος
1369 3446 1426 3498 ἐν
1456 3447 1521 3516 τῇ
1550 3462 1798 3517 παρατα-

228 3536 357 3604 τικῇ
389 3533 482 3585 τοῦ
509 3533 734 3598 πένθους
758 3534 1029 3606 ἐνεργείᾳ,
1063 3534 1190 3589 ἄλλο
1216 3553 1269 3588 τι
1293 3535 1443 3607 παρά
1474 3536 1632 3589 τοῦτο
1665 3537 1801 3588 νοεῖν

232 3623 630 3695 ὑφηγούμενος,
662 3627 723 3680 Ei
753 3627 861 3699 γὰρ
912 3627 1078 3700 μόνην
1106 3626 1203 3699 τὴν
1236 3628 1328 3681 ἐπὶ
1361 3627 1438 3699 τῷ
1483 3628 1804 3700 πλημμελή-

236 3731 370 3785 ματι
423 3715 779 3785 μεταμέλειαν
834 3717 1209 3780 ἐπεδείκνυεν,
1277 3717 1691 3788 ἀκολουθότερον
1738 3717 1803 3771 ἂν

230 3801 303 3876 ἦν
327 3805 455 3868 τοὺς
494 3806 869 3876 πενθήσαντας
915 3806 1332 3877 μακαρίζεσθαι,
1364 3809 1422 3860 οὑ
1468 3810 1593 3871 τοὺς
1628 3810 1804 3862 εἰσαεὶ

233 3893 563 3958 πενθοῦντας
584 3911 597 3924 ο
635 3896 711 3957 ὡς
755 3896 846 3947 ἐπὶ
876 3895 1269 3965 ὑποδείγματος
1298 3898 1579 3969 συγκρίσει
1604 3897 1704 3967 τῆς
1745 3900 1803 3950 ὲν

232 3988 301 4056 τῇ
329 3985 470 4055 νόσῳ
496 3984 769 4055 διαγωγῆς
801 3986 925 4050 τοὺς
951 3985 1381 4058 θεραπευθέντας
1407 3989 1799 4059 μακαρίζομεν,

232 4078 299 4129 οὑ
334 4079 461 4139 τοὺς
506 4078 675 4130 είσαεὶ
720 4077 1207 4150 θεραπευομένους.
1269 4080 1334 4132 Ἦ
1364 4081 1470 4153 γὰρ
1504 4082 1807 4153 παράτασις

232 4168 338 4237 τῆς
374 4167 689 4239 θεραπείας,
727 4169 907 4223 καὶτὸ
940 4170 1039 4241 τῆς
1071 4172 1379 4243 ἀρρωστίας
1415 4172 1656 4244 διηνεκὲς
1685 4190 1808 4226 συν-

235 4258 592 4313 ενδείκνυται.
644 4261 754 4313 Καὶ
798 4261 973 4325 άλλως
1004 4260 1061 4314 δέ
1112 4279 1201 4333 μοι
1257 4263 1402 4317 δοκεί
1440 4264 1621 4328 καλῶς
1667 4264 1809 4337 ἔχειν

239 4352 318 4422 μὴ
346 4352 424 4422 τῷ
455 4351 679 4423 τοιούτῳ
712 4353 857 4425 μόνῳ
886 4356 1112 4425 νοήματι
1136 4355 1398 4423 τίθεσθαι,
1418 4356 1494 4420 ὡς
1518 4356 1609 4410 τοῦ
1636 4358 1808 4426 Λόγου

236 4448 350 4507 τοῖς
379 4446 464 4513 ἐφ’
501 4446 794 4516 ἁμαρτίαις
822 4446 1105 4501 πενθοῦσιν
1128 4448 1219 4501 τὸν
1255 4450 1598 4520 μακαρισμὸν
1624 4450 1811 4522 νέμονο

1902 3352 2052 3397 tum:
2108 3342 2313 3412 peccati
2365 3358 2492 3397 vero
2519 3344 2813 3399 remedium
2844 3358 2966 3398 esse
2999 3343 3203 3397 luctum
3237 3357 3303 3397 ex
3351 3354 3466 3411 pte-

1890 3435 2126 3489 .nilentia
2170 3434 2603 3489 demonstratum
2638 3445 2743 3492 est.
2771 3434 2878 3491 Sed
2901 3436 3117 3490 videtur
3150 3435 3283 3489 mihi
3326 3432 3465 3489 Ver-

1902 3526 2030 3581 bum
2063 3525 2387 3595 profundius
2405 3528 2665 3597 quiddam
2689 3543 2850 3597 quam
2872 3543 2936 3583 ea
2966 3543 3089 3598 quae
3134 3528 3294 3581 modo
3320 3526 3465 3581 dicta

1904 3625 2033 3674 sunt
2085 3617 2412 3688 signiﬁcare,
2444 3634 2541 3689 per
2566 3620 2867 3674 durabilem
2897 3618 3076 3674 luctus
3107 3634 3284 3681 usum,
3321 3619 3466 3673 aliud

1903 3720 2100 3781 praeter
2128 3712 2231 3765 hoc
2256 3712 2671 3782 intelligendum
2703 3727 2826 3767 esse
2855 3712 3077 3768 docens.
3118 3711 3253 3766 Nam
3285 3713 3332 3768 si
3375 3728 3469 3767 so-

1905 3804 2011 3858 lam
2040 3816 2261 3874 propter
2291 3805 2489 3859 delicta
2518 3805 2947 3875 resipiscentiam
2977 3805 3264 3868 indicaret,
3298 3806 3473 3874 magis

1907 3905 2335 3950 consentaneum
2392 3896 2676 3966 magisque
2723 3898 3052 3952 conveniens
3098 3906 3217 3951 erat
3268 3909 3329 3950 ut
3374 3913 3471 3951 eos

1909 3988 1999 4058 qui
2038 3988 2303 4041 luxissent
2350 3987 2538 4041 beatos
2573 3986 2863 4055 judicaret,
2906 4002 3014 4040 non
3042 4002 3136 4041 eos
3184 3987 3278 4057 qui
3319 3988 3469 4056 luge-

1907 4086 2048 4143 rent,
2074 4078 2554 4148 quemadmodum,
2574 4079 2807 4147 exempli
2836 4079 3027 4149 gratia,
3062 4080 3472 4148 comparatione

1908 4173 2027 4243 ejus
2078 4172 2219 4235 vitae,
2278 4186 2399 4241 quae
2452 4186 2573 4224 cum
2623 4171 2815 4226 morbo
2859 4171 3195 4241 transigitur,
3251 4186 3346 4226 eos
3379 4174 3473 4241 qui

1909 4262 2085 4319 curati
2132 4269 2280 4324 sunt,
2338 4276 2444 4315 non
2500 4261 2592 4332 qui
2632 4271 2892 4333 perpetuo
2954 4272 3238 4327 curantur,
3288 4264 3477 4318 beatos

1905 4354 2238 4424 judicamus.
2271 4352 2579 4409 Curationis
2606 4354 2747 4409 enim
2782 4356 3111 4425 prorogatio.
3142 4356 3476 4411 inﬁrmitatis

1911 4461 2130 4516 quoque
2175 4446 2589 4516 perpetuitatem
2628 4454 2682 4500 et
2723 4447 3137 4501 continuitatem
3182 4448 3346 4501 simul
3386 4448 3475 4501 in-

245 4553 349 4600 τος.
388 4535 617 4599 Πολλοὺς
651 4536 756 4609 γάρ
795 4537 1096 4608 εὑρήσομεν
1131 4540 1539 4611 ἀκατηγόρητον
1583 4540 1799 4611 ἐσχηκό-

1912 4541 2080 4595 dicat.
2116 4538 2292 4609 Atque
2341 4538 2506 4593 etiam
2549 4538 2655 4592 alia
2703 4538 2911 4592 ratione
2950 4537 3081 4591 mihi
3110 4545 3320 4591 rectum
3356 4553 3481 4593 esse

236 4644 339 4690 τας
368 4627 457 4679 τὸν
495 4626 628 4697 βίον,
661 4630 753 4681 καὶ
781 4629 869 4681 ὑπ’
899 4631 1067 4700 αὑτῆς
1087 4631 1185 4700 τῆς
1214 4631 1364 4695 θείας
1388 4632 1570 4702 φωνῆς
1597 4649 1811 4703 μεμαρ-

239 4718 544 4790 τυρημένον
588 4720 681 4773 ἐπὶ
717 4721 874 4775 παντὶ
910 4721 989 4792 τῷ
1027 4723 1273 4793 βελτίονι.
1306 4726 1441 4780 Ποία
1478 4725 1586 4797 γάρ
1623 4726 1812 4779 πλεον-

238 4811 359 4875 εξία
386 4809 481 4862 τοῦ
532 4812 812 4877 Ίωάννου;
850 4814 979 4867 ποία
1006 4815 1415 4886 είδωλολατρεία
1450 4814 1543 4868 τοῦ
1594 4816 1808 4886 Ἡλίου;

240 4902 308 4953 Τί
342 4901 603 4973 μικρὺνῆ
659 4904 843 4973 μεῖζον
871 4906 1011 4959 κατά
1056 4906 1146 4961 τὸν
1192 4907 1304 4977 βίον
1348 4910 1567 4963 ἐκείνων
1608 4908 1808 4984 οίδενή

243 4993 455 5063 ἱστορία
496 4992 907 5066 πλημμέλημα;
942 4997 1005 5049 Τί
1036 4993 1163 5063 οὗν;
1199 4994 1345 5070 Ἆρα
1371 5000 1475 5065 ἔξω
1499 5001 1598 5072 τῆς
1639 5018 1813 5072 μακα-

245 5082 493 5154 ριότητος
523 5085 663 5140 εἶναι
698 5089 727 5139 ό
750 5087 903 5156 λόγος
924 5090 1121 5153 αὐτοὺς
1148 5092 1500 5165 ὑποθήσεται,
1528 5098 1652 5159 τοὺς
1677 5097 1814 5167 μήτε

240 5175 340 5245 τὴν
373 5175 548 5247 ἀρχὴν
572 5179 951 5248 νενοσηκότας,
989 5183 1129 5253 μήτε
1156 5183 1249 5237 τοῦ
1277 5188 1566 5257 φαρμάκου
1599 5186 1812 5251 τούτου,

241 5267 389 5335 λέγω
416 5267 474 5321 δὲ
505 5267 600 5321 τοῦ
630 5271 694 5323 ὲκ
724 5272 1010 5340 μετανοίας
1040 5274 1390 5342 πένθους,είς
1416 5278 1599 5350 χρείαν
1633 5278 1814 5332 ἐλθόν-

242 5376 379 5426 τας;
422 5361 495 5415 ’Ἡ
526 5362 725 5416 ἄτοπον
753 5364 839 5435 εἴη
865 5366 992 5429 τοὺς
1020 5368 1292 5432 τοιούτους
1322 5370 1422 5440 τῆς
1451 5370 1600 5435 θείας
1638 5388 1814 5441 μακα-

248 5454 496 5526 ριότητος
548 5455 883 5528 ἀποόλήτους
930 5459 1170 5524 οῐεσθαι,
1231 5461 1311 5514 ὅτι
1364 5464 1498 5533 μήτε
1547 5463 1813 5533 ἥμαρτον,

248 5546 388 5616 μήτε
434 5545 618 5601 πένθει
654 5547 753 5620 τὴν
792 5551 1067 5622 ἀμαρτίαν
1102 5553 1355 5621 ίάσαντο;
1390 5555 1459 5607 Ἢ
1493 5554 1633 5607 οὕτω
1669 5553 1720 5622 γ’
1752 5553 1818 5607 ἂν

244 5638 332 5709 ιίη
366 5636 428 5690 τὺ
459 5639 793 5710 ἁμαρτάνειν
823 5643 915 5697 τοῦ
949 5646 1341 5719 ἀναμαρτήτως
1370 5645 1471 5719 ζῇν
1501 5648 1818 5717 προτιμότε-

324 5818 370 5851 “
409 5819 456 5874 ιι
493 5820 599 5876 Cor
658 5837 733 5884 Il,
768 5822 820 5874 7.
918 5877 924 5884 ,

1914 4632 2149 4694 videtur,
2179 4642 2372 4686 utnon
2414 4630 2710 4686 secundum
2750 4629 2897 4683 hunc
2921 4630 3096 4683 solum
3142 4630 3476 4685 intellectum

1916 4738 2205 4794 ponamus,
2241 4722 2386 4791 quod
2417 4720 2651 4775 Verbum
2688 4728 2911 4789 propter
2962 4729 3240 4788 peccatum
3294 4721 3512 4791 lugen—‘

1916 4814 2065 4867 tibus
2110 4812 2497 4867 beatitudinem
2529 4809 2755 4863 tribuat.
2793 4808 2991 4864 Multos
3038 4809 3182 4863 enim
3234 4810 3482 4867 invenie-

1918 4923 2064 4970 mus,
2104 4920 2336 4976 quorum
2366 4906 2476 4957 vita
2507 4904 2805 4972 inculpata.
2843 4903 3121 4974 nullisque
3158 4904 3480 4959 criminibus

1921 4998 2178 5060 obnoxia,
2206 5006 2370 5066 atque
2391 4996 2564 5066 ipsius
2590 4995 2725 5050 adeo
2750 4995 2945 5050 divinae
2968 4996 3116 5049 vocis
3166 4996 3481 5049 testimonio

1920 5090 2188 5159 cujusque
2237 5086 2455 5141 virtutis
2496 5087 2717 5141 nomine
2759 5086 3134 5141 commendata
3175 5085 3294 5139 fuit.
3345 5083 3480 5137 Nam

1919 5198 2040 5253 qua:
2084 5181 2310 5235 avaritia
2354 5178 2628 5235 Joannis?
2679 5179 2801 5249 quis
2848 5178 3263 5234 simulacrorum
3301 5176 3484 5228 cultus

1924 5271 2094 5326 Elite?
2141 5270 2285 5340 quod
2336 5284 2559 5339 parvum
2599 5278 2693 5322 aut
2724 5282 2977 5338 magnum
3032 5266 3087 5319 in
3119 5266 3226 5318 vita
3268 5265 3484 5317 illorum

1923 5364 2151 5419 historia
2175 5362 2324 5417 novit
2348 5361 2651 5417 delictum?
2680 5359 2818 5428 Quid
2840 5358 3013 5428 ergo?
3044 5366 3223 5409 utrum
3254 5355 3485 5410 beatitu-

1923 5459 2071 5515 dinis
2092 5465 2343 5529 expertes
2370 5471 2465 5512 eos
2490 5470 2611 5511 esse
2634 5469 2813 5510 sermo
2835 5458 3016 5523 ponet,
3047 5450 3140 5519 qui
3172 5465 3274 5503 nec
3294 5448 3362 5502 ab
3381 5448 3484 5503 ini—

1925 5552 2001 5606 tio
2029 5565 2256 5621 prorsus
2284 5554 2706 5619 zegrotaverunt,
2738 5559 2838 5599 nec
2874 5542 3110 5596 remedio
3157 5540 3278 5606 hoc,
3315 5540 3484 5601 luctu,

1928 5643 2171 5714 inquam,
2202 5656 2267 5698 ex
2297 5638 2641 5710 poenitentia,
2672 5650 2811 5706 opus
2836 5632 3176 5689 habuerunt?
3207 5647 3273 5685 an
3295 5629 3487 5687 absur-
