4004 6528
576 476 715 536 1223
1828 453 1886 509 s.
1923 449 2247 508 CBEGORII
2285 449 2576 506 NYSSENI
3656 444 3757 500 ηε,

581 589 713 644 dum
741 580 909 638 fuerit
945 576 1084 632 tales
1133 588 1164 626 a
1206 570 1393 627 divina
1427 564 1766 624 beatitudine
1795 564 2057 634 repellere
2086 569 2142 616 et
2169 597 2178 626 λ

2261 577 2356 626 ιον,
2402 564 2451 615 εί
2482 560 2662 633 μόνοις
2692 561 2803 624 τοῖς
2850 555 3200 629 μετανοοῦσιν
3251 558 3286 628 ἡ
3335 555 3424 610 τοῦ
3455 557 3758 630 Παρακλήτου

575 678 784 734 alienos
812 667 1091 730 arbitrari,
1129 665 1260 735 quia
1305 675 1484 731 neque
1529 664 1918 730 peccaverunt,
1969 665 2148 723 neque

2261 653 2403 722 (ἀρις
2459 650 2943 722 ἀποκεκλήρωται;
3004 647 3298 716 Μακάριοι
3352 647 3476 718 γὰρ.
3529 649 3685 718 φησὶν,
3719 657 3760 706 οι

576 768 729 822 luctu
779 768 1060 834 peccaturo
1096 751 1473 810 sanaverunt?
1526 765 1597 804 an
1633 750 1734 802 hac
1770 745 1984 799 ratione
2017 755 2152 834 sane

2261 742 2606 809 πενθοῦντες
2627 781 2642 807 ,
2681 743 2767 796 ὅτι
2796 742 2963 796 αὐτοὶ
2997 740 3575 811 παρακληθήσονται.
3599 744 3761 798 Οὐκοῦν

576 831 824 931 peccare,
879 864 1042 920 quam
1099 847 1221 901 sine
1274 847 1505 914 peccato
1554 840 1736 894 vivere
1790 833 2154 907 praestabilius

2261 833 2322 894 bc
2360 832 2474 885 ἐστι
2520 833 2736 886 δυνατὸν
2790 833 3062 904 ἑπόμενοι,
3119 831 3305 896 καθώς
3350 849 3507 902 φησιν
3533 836 3558 886 ό
3605 835 3762 906 Ἀμόα-

579 928 762 1009 fuerit,
794 945 839 999 si
866 943 999 998 solis
1032 935 1424 1010 paenitentibus
1453 940 1506 987 et
1542 928 1998 1000 resipiscentibus
2031 940 2156 995 gra-

579 1042 658 1094 tia
685 1032 1052 1092 consolatoris
1080 1027 1382 1084 tribuitur?
1430 1023 1582 1079 Beati
1619 1023 1786 1083 enim,
1827 1017 2023 1088 inquit,
2064 1014 2153 1086 qui

583 1131 779 1200 lugent,
820 1125 1070 1197 quoniam
1108 1121 1208 1190 ipsi
1240 1117 1650 1172 consolationem
1686 1110 1963 1178 accipient.
2012 1105 2152 1200 Ergo

581 1197 757 1294 quoad
787 1219 906 1287 ejus
952 1215 1067 1270 fleri
1101 1212 1316 1283 poterit,
1349 1213 1665 1278 sequentes,
1719 1212 1776 1257 ut
1820 1200 2000 1271 inquit
2043 1197 2152 1250 Ha-

2251 926 2414 995 κούμ,
2452 925 2528 996 τῷ
2551 925 2641 977 ἐπὶ
2663 924 2729 978 τὰ
2759 925 2939 996 ὑψηλὰ
2971 925 3308 986 ὲπιόιῦῶντι,
3339 925 3490 978 πάλιν
3517 925 3602 996 τὴν
3623 927 3761 994 ὲγκειο

2261 1017 2431 1088 μένην
2462 1017 2697 1071 διάνοιαν
2741 1021 2852 1080 τοῖς
2899 1018 3207 1089 εἰρημένοις
3256 1018 3670 1088 ἀναζητήσωμεν,
3709 1020 3763 1084 ὡς

2259 1105 2324 1160 ἂν
2357 1105 2619 1177 μάθοιμεν
2640 1106 2775 1175 ποίῳ
2805 1107 2989 1159 πένθει
3020 1107 3306 1178 πρόκειται
3337 1107 3369 1180 ἡ
3397 1105 3486 1159 τοῦ
3507 1105 3762 1177 Πνεύμστος

2254 1195 2348 1250 τοῦ
2379 1198 2534 1266 ἁγίου
2566 1199 2927 1270 παράκλησις.

583 1289 772 1374 bacuc.
808 1325 934 1366 eum
977 1308 1070 1378 qui
1130 1307 1198 1358 ad
1237 1301 1493 1359 sublimia
1559 1313 1661 1353 nos
1708 1295 1909 1359 evehit,
1958 1303 2152 1345 rursus
2189 1290 2513 1345 sententiam
2555 1307 2676 1362 qua:
2716 1293 3062 1347 contineatur
3094 1290 3151 1346 in
3204 1290 3294 1346 his
3366 1289 3537 1346 verbis
3592 1291 3765 1349 investi-

584 1419 796 1478 gemus,
849 1409 909 1456 ut
957 1401 1238 1454 discamus
1289 1396 1377 1448 cui
1421 1392 1592 1446 luctui
1633 1389 1940 1444 consolatio
1980 1382 2157 1440 sancti
2198 1380 2435 1451 Spiritus
2464 1387 2743 1456 proposita
2771 1387 2865 1444 sit.

657 1495 952 1551 Videamus
975 1493 1139 1563 igitur
1161 1491 1215 1544 in
1234 1489 1342 1545 vita
1364 1488 1622 1550 humana,
1642 1484 1876 1554 primum
1895 1481 2161 1542 omnium,

586 1588 718 1659 quid
752 1585 968 1641 tandem
1009 1585 1127 1654 ipse
1175 1583 1356 1635 luctus
1395 1580 1486 1646 sit,
1524 1578 1613 1631 vel
1646 1577 1716 1630 ob
1742 1589 1880 1646 quas
1922 1587 2010 1626 res
2033 1585 2164 1625 con-

588 1681 748 1735 ﬂetur
773 1687 826 1733 et
853 1676 1229 1731 contrahatur.
1262 1674 1404 1740 Ergo
1431 1668 1782 1725 manifestum
1818 1667 1873 1721 id
1907 1661 2164 1720 omnibus

589 1781 695 1836 est,
718 1769 862 1841 quod
887 1771 1070 1822 luctus
1089 1768 1165 1821 sit
1195 1765 1368 1820 tristis
1399 1763 1565 1818 animi
1593 1760 1812 1815 habitus
1837 1765 1891 1813 et
1914 1755 2162 1820 all'eclus,

591 1867 684 1935 qui
714 1861 929 1918 exsistit
957 1867 1182 1928 propter
1218 1854 1580 1927 privationem
1621 1853 1700 1907 rei
1735 1850 1993 1920 alicujus,
2043 1861 2165 1917 qua:

593 1953 872 2023 placeatet
902 1955 1126 2017 accepta
1157 1944 1266 2012 sit;
1319 1943 1410 2012 qui
1455 1943 1633 1996 luctus
1662 1941 1716 1994 in
1755 1940 1842 1995 his
1899 1940 1991 2010 qui
2042 1954 2166 1992 cum

595 2043 780 2098 laetitia
837 2041 1004 2094 vitam
1061 2036 1391 2105 transigunt,
1450 2031 1791 2088 consistendi
1839 2033 2016 2085 locum
2061 2045 2168 2083 non

599 2133 782 2188 habet.
817 2129 982 2185 Verbi
1013 2143 1202 2193 causa,
1252 2139 1516 2196 prospera
1541 2125 1738 2194 aliquis
1771 2123 1826 2177 in
1858 2124 1968 2175 vita
2001 2121 2173 2174 utitur

599 2222 842 2283 fortuna,
870 2218 1053 2274 omnia
1079 2216 1296 2286 negotia
1327 2227 1421 2285 per
1449 2227 1540 2269 res
1563 2214 1838 2284 jucundas
1858 2213 1905 2267 ei
1931 2210 2172 2267 se‘cundo

597 2310 762 2366 Cursu
807 2309 983 2363 ﬂuunt
1029 2315 1192 2376 atque
1238 2302 1577 2375 procedunt:
1621 2317 1789 2358 uxore
1833 2302 2168 2367 delectatur;

597 2400 668 2455 ob
703 2400 907 2455 liberos
937 2397 1041 2452 sibi
1089 2397 1301 2464 placet:
1351 2394 1606 2463 praesidio
1646 2393 1879 2446 fratrum
1929 2391 2175 2445 munitus

596 2501 651 2545 et
685 2497 839 2544 tutus
874 2496 998 2553 est;
1060 2487 1386 2540 auctoritate
1421 2483 1680 2551 praeditus
1713 2494 1766 2538 et
1791 2483 2089 2537 honoratus
2118 2481 2172 2534 in

609 2583 767 2646 foro;
804 2580 1004 2634 charos
1041 2577 1416 2646 principibus;
1452 2573 1774 2630 metuendus
1815 2572 2172 2638 adversariis;

600 2671 837 2725 subditis
871 2685 979 2724 non
1007 2667 1481 2729 centemnendus;
1518 2665 1692 2722 facilis
1725 2667 1935 2730 amicis,
1972 2665 2176 2722 divitiis

600 2762 827 2824 ﬂorens,
858 2768 913 2814 et
941 2760 1132 2814 iisdem
1161 2758 1216 2812 in
1239 2757 1453 2812 deliciis
1476 2767 1530 2813 et
1553 2757 1927 2828 voluptatibus
1952 2755 2174 2824 fruens;

599 2852 788 2907 suavis
822 2859 878 2904 et
909 2848 1206 2919 jucundus.
1263 2847 1431 2904 nullis
1465 2848 1733 2902 molestiis
1766 2862 2010 2918 pressus,
2061 2861 2180 2901 cor-

615 2956 749 3013 pore
771 2941 1032 3006 robusto;
1091 2941 1274 2995 omnia
1325 2948 1656 2994 consecutus
1709 2951 2046 3008 quaecunque
2084 2951 2179 3008 per

600 3034 748 3090 hunc
776 3032 1042 3086 mundum
1075 3031 1129 3086 in
1165 3031 1340 3101 pretio
1363 3045 1487 3086 esse
1507 3030 1760 3086 videnlur
1779 3048 1792 3096 ;
1814 3030 1939 3085 talis
1969 3046 2026 3085 re
2050 3044 2182 3098 qua-

602 3140 709 3195 que
748 3123 996 3194 praesenti
1040 3137 1270 3192 prorsus
1319 3137 1442 3178 cum
1480 3121 1844 3178 delectatione
1890 3129 2056 3192 atque
2085 3120 2180 3176 la:-

2336 1480 2704 1552 Σκοπήσωμεν
2732 1481 2906 1536 τοίνυν
2935 1483 2992 1534 ὲν
3013 1483 3075 1552 τῇ
3103 1478 3420 1552 ἀνθρωπίνῃ
3450 1477 3575 1552 ζωῇ,
3603 1479 3648 1533 τί
3671 1500 3766 1536 ποτε

2269 1571 2482 1643 πρῶτον
2509 1573 2638 1627 αὐτὸ
2665 1573 2727 1626 τὸ
2756 1571 2947 1636 πένθος
2979 1574 3114 1638 ἐστὶ,
3163 1574 3260 1626 καὶ
3303 1573 3395 1626 ἐπὶ
3420 1573 3548 1625 τίσιν
3577 1575 3768 1629 συνίστα-

2265 1679 2376 1718 ται.
2411 1657 2616 1719 Οὐκοῦν
2638 1665 2899 1738 πρόδηλον
2925 1664 3125 1720 ἅπασιν
3159 1664 3222 1718 τὸ
3248 1664 3502 1729 τοιοῦτον,
3529 1665 3602 1721 ὃτι
3625 1667 3768 1732 πένθος

2267 1756 2387 1810 ἐστὶ
2439 1756 2734 1830 σκυθρωπὴ
2775 1757 3009 1830 διάθεσις
3059 1758 3159 1829 τῆς
3213 1756 3412 1828 ψυχῆς,
3456 1756 3541 1809 ἐπὶ
3576 1761 3769 1828 στερήσει

2267 1851 2410 1915 τινὸς
2441 1851 2549 1903 τῶν
2589 1849 2937 1920 καταθυμίων
2970 1847 3374 1918 συνισταμένηο
3414 1847 3540 1918 ὅπερ
3584 1849 3660 1900 ἐπὶ
3692 1848 3768 1900 τῶν

2272 1943 2328 1994 ὲν
2366 1941 2598 2013 εὐθυμίεξ⁸
2614 1940 2958 1995 διαϐιούντων
2989 1939 3342 1998 συνίστασθαι
3370 1938 3542 2010 χώραν
3559 1940 3643 1991 οὐκ
3661 1940 3766 2009 ἔχει·

2271 2028 2401 2098 οἷον,
2438 2034 2702 2105 εὐπραγεί
2735 2051 2820 2096 τις
2853 2031 2994 2088 κατά
3026 2032 3114 2086 τὸν
3143 2031 3282 2103 βίον,
3326 2031 3495 2084 πάντα
3535 2032 3652 2084 κατὰ
3677 2031 3769 2103 ῥοῦν

2269 2125 2415 2197 αὐτῷ
2435 2125 2522 2180 διά
2546 2123 2653 2178 τῶν
2680 2124 2848 2196 ἡδέων
2870 2123 2938 2182 τὰ
2973 2123 3274 2194 πράγματα
3307 2122 3539 2192 φέρεται,
3560 2125 3616 2191 τῇ
3638 2139 3768 2192 rape.

2271 2221 2336 2289 τῇ
2374 2217 2815 2289 ὲπευφραίνεται,
2849 2218 2961 2280 τοῖς
2994 2215 3180 2268 παισὶν
3207 2213 3574 2280 ὲπαγάλλεται,
3610 2212 3680 2264 διὰ
3699 2213 3768 2281 τῆς

2270 2310 2378 2364 τῶν
2402 2308 2644 2378 ἀδελφῶν
2668 2309 2982 2378 συμμαχίας
3009 2307 3324 2378 ὠχύρωται,
3357 2306 3542 2377 σεμνὸς
3572 2307 3686 2359 κατὰ
3700 2306 3767 2377 τὴν

2273 2400 2497 2473 ἀγορὰν,
2528 2401 2706 2470 τίμιος
2737 2402 2847 2463 τοῖς
2886 2397 3321 2461 δυναστεύουσιν,
3363 2396 3574 2467 φοόερὸς
3599 2397 3688 2458 τοῖς
3705 2395 3768 2447 ἁν-

2271 2493 2692 2564 τιτεταγμένοις,
2737 2491 3176 2562 ἀκαταφρόνητος
3209 2493 3324 2553 τοῖς
3358 2489 3680 2560 ὑποχειρίοις,
3706 2488 3766 2555 σί-

2277 2585 2390 2648 λοις
2416 2585 2755 2656 εὐπρόσιτος,
2778 2582 2990 2653 πλούτῳ
3015 2581 3223 2651 κομῶν,
3249 2580 3637 2642 ἀπολαυστικὸς,
3661 2578 3764 2648 ἡδὺς,

2275 2677 2496 2741 ἄλυπος,
2533 2675 2788 2745 σθεναρὸς
2820 2675 2900 2744 τῷ
2922 2673 3162 2743 σώματι·
3202 2673 3382 2726 πάντα
3424 2671 3570 2740 ἔχων,
3597 2671 3677 2723 ὅσα
3707 2671 3763 2721 τί·

2280 2785 2373 2838 μια
2406 2768 2546 2820 κατὰ
2575 2766 2665 2819 τὸν
2711 2767 2910 2836 κόσμον
2941 2764 3127 2816 τοῦτον
3156 2759 3299 2817 εἶναι
3338 2762 3506 2816 δοκεῖ·
3537 2763 3562 2814 ὁ
3592 2759 3767 2820 tomum;

2277 2860 2492 2922 πάντως
2524 2857 2582 2910 ὲν
2612 2857 2917 2930 εὐφροσύνῃ
2946 2857 3156 2926 ἑκάστῳ
3173 2856 3287 2908 τῶν
3315 2853 3579 2924 παρόντων
3601 2852 3766 2917 ἐπιγαν-

2276 2947 2524 3018 νύμενος.
2558 2946 2619 2999 Εἰ
2665 2946 2722 2999 δέ
2761 2962 2845 3008 τις
2880 2943 3147 3016 μεταϐολὴ
3181 2944 3286 3014 τῆς
3323 2940 3599 3013 εὐημερίας
3619 2939 3766 3001 ταύτης

2281 3037 2603 3107 καθάψαιτο,
2631 3037 2664 3109 ἢ
2699 3035 2968 3102 διάζευξιν
2994 3035 3099 3088 τῶν
3124 3034 3416 3104 φιλτάτων,
3448 3032 3479 3101 ἢ
3503 3029 3672 3101 ζημίαν
3691 3028 3764 3079 τῶν

2281 3130 2609 3201 προσόντων,
2643 3131 2676 3201 ἦ
2723 3146 2840 3182 τινα
2881 3129 3126 3199 πήρωσιν
3157 3127 3258 3198 τῆς
3291 3125 3589 3196 σωματικῆς
3622 3120 3767 3188 εὐκλη-

601 3216 726 3270 titia
743 3215 961 3269 fruitur.
980 3213 1086 3268 Sed
1107 3214 1154 3268 si
1175 3213 1357 3283 aliqua
1374 3213 1604 3268 mutatio
1622 3213 1997 3283 prosperitatis
2019 3211 2178 3281 hujus

2285 3222 2425 3294 ρὶας,
2473 3222 2537 3275 ὲκ
2587 3221 2826 3291 πονηρᾶς
2864 3237 3006 3283 τινος
3051 3219 3340 3288 συντυχίας
3386 3216 3651 3283 ἐπάγουσα,
3682 3211 3765 3263 τότε

605 3307 892 3370 invaserit,
964 3316 1057 3361 aut
1101 3306 1525 3375 disjunctionem
1581 3306 2048 3371 cbarissimorum,
2083 3311 2177 3358 aut

610 3399 868 3453 damnum
889 3397 1231 3462 facultatum,
1252 3405 1344 3450 aut
1359 3397 1595 3468 aliquam
1614 3397 1858 3466 corporis
1873 3396 2177 3451 commodo-

605 3505 728 3546 rum
749 3505 814 3545 ex
829 3489 1012 3558 aliquo
1027 3487 1255 3543 adverso
1284 3489 1546 3560 gravique
1563 3504 1691 3546 casu
1712 3489 2177 3544 label‘ectationem

603 3580 906 3642 adducens,
932 3587 1063 3632 tunc
1083 3579 1459 3634 subtractione
1477 3579 1860 3635 oblectamenti
1894 3580 2177 3633 contraria

607 3672 828 3726 exsistit
847 3668 1065 3723 aﬁ‘ectio
1105 3684 1266 3738 quam
1285 3670 1491 3724 luctum
1514 3669 1866 3739 appellamus.
1886 3670 2026 3738 Ergo
2043 3668 2178 3724 deli-

609 3761 747 3820 nitio
769 3760 888 3830 ejus
928 3761 1092 3829 paulo
1112 3768 1238 3816 ante
1257 3760 1403 3815 edita
1430 3776 1556 3815 vera
1581 3767 1684 3824 est,
1727 3761 2006 3823 nimirum,
2035 3759 2180 3829 quod

610 3854 792 3906 luctus
816 3852 888 3904 sit
919 3853 1174 3916 acerbus,
1201 3868 1264 3906 ac
1284 3853 1525 3907 dolorem
1554 3853 1779 3922 capiens
1801 3853 2020 3918 quidam
2057 3867 2182 3905 sen-

611 3959 714 3998 sus
754 3943 1081 4013 privationis
1101 3957 1290 3996 earum
1319 3957 1500 3996 rerum
1543 3943 1744 4014 quibus
1787 3943 2034 3997 homines
2086 3941 2182 3996 de-

614 4036 908 4090 lectantur.
949 4031 1005 4087 Si
1039 4034 1204 4104 igitur
1248 4034 1585 4089 intellectum
1635 4044 1719 4088 est
1777 4048 1808 4086 a
1858 4037 2012 4089 nonis
2057 4034 2180 4103 quis

611 4125 688 4180 sit
716 4126 898 4179 luctus
922 4124 1215 4188 humanus,
1239 4139 1301 4179 ea
1333 4139 1452 4193 qua:
1485 4126 1633 4178 clara
1658 4132 1712 4179 et
1741 4125 2025 4179 manifesta
2054 4131 2183 4179 sunt

609 4216 759 4269 viam
795 4216 957 4270 nobis
991 4215 1284 4285 quamdam
1321 4215 1387 4268 ad
1419 4229 1481 4269 ea
1517 4230 1639 4284 qua:
1669 4215 1986 4286 ignorantur
2038 4225 2186 4284 pate-

611 4311 840 4375 faciant,
884 4317 943 4362 u't
984 4310 1338 4378 perspicuum
1380 4309 1542 4363 nobis
1580 4309 1674 4362 flat
1719 4309 1844 4378 quis
1875 4309 1947 4362 sit
2003 4308 2184 4363 luctus

610 4402 710 4461 ille
745 4401 934 4454 beatus
979 4413 1139 4468 quem
1177 4398 1538 4466 consequitur
1585 4399 1905 4454 consolatio.
1962 4396 2093 4450 Nam
2138 4397 2184 4451 si

620 4491 856 4562 privatio
901 4489 1170 4543 bonorum
1234 4503 1358 4558 quae
1402 4492 1601 4559 cuique
1667 4487 1941 4542 adfuerint
1980 4489 2185 4544 luctum

2279 3318 2346 3387 τῇ
2378 3315 2718 3385 ὐπεξαιρέσει
2745 3311 2839 3365 τοῦ
2862 3312 3265 3382 εὐφραίνοντος,
3307 3312 3340 3382 ἡ
3370 3308 3569 3365 ἐναντία
3587 3304 3767 3363 διάθεσις

2281 3407 2509 3477 γίνεται,
2537 3407 2602 3477 ἢν
2631 3405 2822 3470 πένθος
2854 3403 3348 3477 προσαγορεύομεν.
3391 3400 3577 3456 Οὐκοῦν
3617 3395 3765 3466 ἀληθὴς

2281 3501 2308 3552 ὁ
2339 3498 2724 3568 ἀποδεδομένος
2756 3499 2881 3569 περὶ
2913 3495 3074 3552 αὐτοῦ
3121 3495 3298 3563 λόγος,
3334 3496 3412 3548 ὅτι
3459 3491 3627 3552 πένθος
3664 3486 3766 3540 ἐστὶν

2283 3587 2531 3659 αἴσθησίς
2564 3605 2646 3650 τις
2677 3586 2895 3656 ἀλγεινὴ
2942 3587 3037 3657 τῆς
3064 3583 3174 3638 τῶν
3206 3582 3582 3655 εὐφραινόντων
3613 3575 3766 3646 στερή-

2285 3697 2440 3742 σεως.
2491 3679 2554 3731 Εἰ
2584 3679 2648 3750 δὴ
2700 3679 2944 3749 νενόηται
2975 3677 3109 3748 ἡμῖν
3149 3675 3210 3728 τὸ
3267 3673 3581 3745 ἀνθρώπινον
3609 3666 3764 3727 πένθος,

2284 3771 2521 3841 γενέσθω
2548 3788 2630 3834 τις
2655 3770 2843 3842 ὁδηγία
2870 3769 2978 3823 τῶν
3005 3769 3378 3838 ἀγνοουμένων
3397 3767 3458 3820 τὰ
3481 3760 3696 3834 πρόδηλα,
3715 3756 3767 3817 ὡς

2285 3866 2350 3920 ἂν
2380 3863 2610 3935 φανερὸν
2643 3863 2870 3932 γένοιτο,
2903 3861 2955 3913 τί
2997 3860 3057 3912 τὸ
3105 3855 3525 3930 μακαριζόμενόν
3550 3856 3644 3906 ἐστι
3679 3847 3762 3898 πέν·

2287 3957 2398 4020 θος,
2442 3948 2488 4025 ᾧ
2531 3951 2880 4009 ἐπακολουθεί
2915 3953 2949 4022 ὴ
2984 3949 3344 4020 παράκλησις.
3404 3948 3461 4000 Εἰ
3503 3944 3596 4014 γὰρ
3630 3941 3655 4009 ἡ
3692 3937 3766 3989 τῶν

2289 4048 2595 4120 πρόσόντων
2615 4044 2832 4115 ἀγαθῶν
2863 4043 3113 4113 στέρησις
3134 4042 3363 4096 ἐνταῦθα
3386 4039 3442 4092 τὸ
3471 4035 3635 4096 πένθος
3650 4029 3765 4120 ποιεῖν

2287 4117 2386 4192 οὐκ
2412 4138 2477 4192 ἂν
2507 4138 2561 4191 δέ
2587 4155 2670 4200 τις
2696 4137 2788 4190 τοῦ
2817 4137 3178 4206 ἀγνοουμένου
3206 4135 3305 4206 τὴν
3339 4130 3529 4201 ζημίαν
3564 4117 3762 4187 amb“

2291 4250 2474 4306 ραιτο·
2510 4231 2709 4301 γνῶναι
2755 4232 3021 4310 προσήκει
3065 4228 3328 4299 πρότερον
3365 4223 3488 4277 αὐτὸ
3513 4220 3565 4272 τὸ
3602 4211 3764 4310 ἀγαθὸν,

2289 4328 2317 4380 ὅ
2339 4327 2390 4379 τί
2420 4325 2546 4378 ποτέ
2589 4327 2702 4378 ἐστι
2740 4324 2879 4378 κατὰ
2899 4305 3176 4394 ἀλήθειαν,
3209 4319 3306 4374 εἷθ’
3334 4318 3494 4378 οὕτως
3513 4313 3598 4383 τὴν
3614 4305 3766 4375 ἀνθρω-

2291 4419 2451 4488 πίνην
2481 4418 2639 4487 φύσιν
2677 4417 3025 4486 κατανοῆσαι.
3070 4416 3168 4469 Διά
3190 4414 3301 4486 γὰρ
3330 4410 3481 4466 τοῦτο
3506 4402 3765 4475 συμϐήσεται

2290 4511 2352 4563 τὸ
2401 4511 2832 4582 μακαριζόμενον
2874 4508 3064 4572 πένθος
3109 4505 3522 4579 κατορθωθῆναι.
3565 4492 3665 4550 Οἷον
3693 4490 3766 4582 γᾴρ

621 4581 783 4638 eﬂicit
815 4581 870 4634 in
900 4582 1002 4634 hoc
1034 4579 1264 4641 mundo,
1316 4595 1472 4634 nemo
1504 4590 1684 4634 autem
1716 4579 1883 4649 ignoti
1933 4579 2057 4632 boni
2095 4579 2178 4648 ja-

2261 4628 2262 4638 ι
2292 4601 2434 4653 ἐστιν
2463 4601 2555 4654 ἐπὶ
2584 4601 2690 4654 τῶν
2719 4603 2779 4654 ὲν
2824 4600 2998 4671 σκότῳ
3034 4599 3394 4670 βιοτευόντων,
3433 4596 3547 4647 ὅταν
3571 4592 3594 4642 ό
3619 4585 3694 4657 μὲν
3714 4581 3767 4671 ἓν·

616 4684 834 4728 cturam
878 4671 1248 4741 deploraverit
1299 4689 1310 4725 :
1351 4672 1530 4740 ipsum
1592 4671 1794 4725 bonum
1851 4685 2188 4738 cognoscere

616 4764 798 4833 prius,
835 4761 965 4831 quid
991 4763 1208 4817 tandem
1239 4775 1430 4816 revera
1477 4762 1571 4825 sit,
1607 4761 1754 4817 haud
1801 4762 2037 4816 alienum
2068 4761 2190 4817 fue-

627 4852 716 4916 rit,
742 4859 907 4920 atque
948 4852 1022 4906 ita
1062 4852 1319 4920 deinceps
1373 4853 1665 4906 humanam
1713 4862 1961 4909 naturam
2008 4855 2192 4909 consi-

629 4941 846 4997 derare.
894 4944 996 4997 Per
1035 4943 1140 4996 hoc
1166 4943 1313 4998 enim
1357 4944 1566 4998 accidet
1622 4953 1683 4998 ut
1715 4944 1932 5001 beatum
1982 4947 2190 5000 luctum

616 5048 1018 5102 assequamur.
1062 5030 1235 5097 Quale
1292 5034 1438 5088 enim
1487 5036 1744 5089 usuvenit
1785 5034 1840 5088 in
1871 5036 1939 5090 iis
1998 5035 2092 5105 qui
2137 5035 2192 5089 in

616 5149 868 5204 tenebris
906 5149 1118 5210 vivunt,
1165 5161 1289 5201 cum
1317 5148 1457 5201 alius
1481 5148 1700 5216 quidem
1735 5148 1788 5202 in
1821 5148 2055 5218 caligine
2091 5163 2191 5201 na-

618 5252 716 5298 tus
738 5243 830 5304 sit,
869 5242 1008 5294 alius
1026 5249 1206 5295 autem
1244 5241 1364 5294 usui
1391 5251 1630 5295 externze
1662 5241 1799 5295 lucis
1823 5239 2191 5304 assuefactus,

622 5335 680 5388 svi
705 5335 938 5403 quadam
975 5348 1038 5388 co
1071 5335 1365 5388 conclusus
1393 5335 1572 5401 fuerit,
1599 5343 1656 5389 ut
1691 5350 1798 5389 non
1823 5335 2011 5389 eodem
2043 5343 2193 5389 uter-

633 5426 763 5496 .que'
806 5427 970 5480 modo
1035 5428 1290 5495 praesenti
1352 5428 1700 5481 incommodo
1765 5436 2192 5482 commoveatur.

621 5514 784 5586 (Nam
837 5515 926 5570 hic
962 5515 1202 5585 quidem,
1237 5515 1331 5584 qui
1388 5518 1555 5579 novit,
1613 5532 1722 5585 quo
1760 5517 2046 5570 commodo
2078 5517 2192 5588 pri-

640 5617 803 5664 vatus
835 5609 928 5672 sit,
954 5624 1172 5680 gravem
1225 5610 1499 5663 existimat
1541 5625 1664 5663 esse
1705 5610 1976 5680 jacturam
2035 5611 2194 5668 lucis;

628 5700 720 5755 ille
750 5715 879 5753 vero
921 5700 1014 5769 qui
1075 5715 1174 5753 nec
1219 5700 1439 5769 penitus
1484 5698 1705 5769 quidem
1731 5700 1985 5768 cognovit
2033 5702 2194 5755 talem

628 5791 986 5857 voluptatem,
1017 5790 1134 5844 sine
1163 5787 1412 5843 molestia
1447 5792 1611 5844 vitam
1651 5792 1940 5862 transiget.
1973 5801 2196 5861 propter

631 5883 881 5954 caliginis
919 5898 1074 5936 usum
1107 5893 1428 5938 consuetum
1459 5885 1611 5940 nullo
1638 5899 1696 5941 se
1736 5885 1881 5941 bono
1917 5883 2192 5940 excidisse

2289 4691 2450 4762 τεχθῇ
2481 4691 2557 4762 τῷ
2600 4691 2774 4762 ζόφῳ,
2822 4692 2851 4742 ὁ
2879 4690 2935 4743 δὲ
2965 4669 3041 4761 τῇ
3079 4688 3370 4744 ἀπολαύσει
3401 4683 3486 4738 τοῦ
3513 4681 3602 4745 ἔξω
3640 4669 3765 4743 φωτὸς

2293 4782 2708 4852 συνειθισμένος,
2745 4782 2803 4847 ἐξ
2833 4783 3095 4853 ἐπηρείας
3123 4781 3262 4843 τινὸς
3291 4776 3636 4833 κατάκλειστος
3650 4764 3764 4853 γένι-

2291 4894 2398 4938 ται,
2433 4851 2545 4945 οὐχί
2567 4875 2768 4946 ὁμοίως
2816 4851 3136 4946 ἀμφοτέρων
3181 4874 3215 4944 ἡ
3240 4872 3346 4926 τῶν
3379 4867 3624 4939 παρόντων
3649 4851 3766 4909 καθά-

2292 4987 2483 5022 πτεται
2533 4969 2784 5039 συμφορᾶ
2827 4969 2875 5037 (ὁ
2925 4967 3021 5038 μὲν
3065 4967 3171 5038 γὰρ
3221 4965 3372 5028 εἰδὼς
3418 4957 3472 5015 οὗ
3527 4954 3759 5039 ἐπέρητνῖ

2294 5061 2513 5132 βαρεῖαν
2559 5033 2786 5114 ποιεῖται
2815 5033 3112 5127 τοῦ-φωτός
3139 5033 3238 5129 τὴν
3280 5055 3498 5126 ζημίαν·
3536 5051 3561 5102 ὁ
3601 5045 3646 5097 δὲ
3674 5033 3764 5132 μηδὲ

2292 5154 2426 5216 ὅλως
2451 5151 2701 5222 ἐγνωκὼς
2723 5152 2817 5222 τὴν
2850 5152 3101 5221 τοιαύτην
3129 5152 3306 5221 χάριν,
3328 5145 3530 5204 ἀλύπως
3553 5130 3764 5222 διαδιώσεῖ

2291 5261 2403 5310 ται,
2437 5244 2523 5299 διὰ
2552 5244 2650 5314 τὴν
2677 5243 2901 5315 τροφίαν
2933 5241 3023 5294 τοῦ
3056 5241 3217 5310 ζόφου
3253 5238 3463 5313 μηδενὸς
3497 5214 3764 5315 ἐκπεπφκέί

2294 5305 2508 5391 ναιγτῶν
2535 5305 2754 5403 ἀγαθῶν
2783 5305 3157 5404 λογιζόμενος·
3189 5305 3333 5390 sunt
3358 5327 3528 5382 τούτου
3554 5319 3626 5371 τὸν

2295 5425 2555 5497 ἐπιθυμία
2581 5426 2678 5494 τῆς
2701 5425 2794 5477 τοῦ
2826 5424 2999 5492 φωτὸς
3027 5425 3387 5485 ἀπολαύσεως,
3413 5420 3486 5479 είς
3508 5415 3655 5466 πᾶσαν

2298 5518 2542 5590 μηχανὴν
2569 5520 2661 5570 καὶ
2687 5519 2928 5571 ἐπίνοιαν
2960 5517 3053 5570 τοῦ
3087 5516 3244 5570 πάλιν
3279 5516 3396 5569 ίδεῐν
3421 5503 3476 5563 οὗ
3500 5504 3551 5569 ἐξ
3569 5491 3760 5592 ἔπηξεξιε

2295 5584 2674 5680 ἀπεῖστερήθηο
2724 5611 2751 5661 ὁ
2779 5609 2834 5661 δὲ
2882 5609 3251 5678 καταγηράσει
3295 5604 3370 5676 τῷ
3414 5601 3543 5668 ζόφῳ
3581 5584 3778 5684 διαόιῶιέ.

2293 5697 2381 5750 διὰ
2411 5697 2470 5748 τὸ
2627 5667 2922 5765 ἐγνωκέναι
2958 5667 3282 5766 τδέὲλυω,
3327 5667 3510 5762 ἀγαθὸν
3549 5674 3686 5742 ἐαυτῷ

2297 5789 2467 5860 παρὸν
2493 5788 2710 5861 κρίνων)
2733 5805 2746 5818 ⁸
2777 5787 2917 5842 οὕτω
2949 5789 3041 5844 καὶ
3081 5790 3171 5843 ἐπὶ
3211 5789 3303 5842 τοῦ
3328 5777 3636 5858 προκειμένου
3666 5759 3751 5828 ν⁰ή⁶

2300 5898 2485 5953 ματος.
2516 5884 2542 5935 ὁ
2573 5881 2631 5934 τὸ
2658 5879 2870 5950 ἀληθῶς
2903 5880 3105 5949 ἀγαθὸν
3126 5883 3356 5940 κατιδεῖν
3387 5874 3594 5948 ίσχύσαςο
3621 5861 3750 5914 ἔπειτα
