4004 6518
1294 422 1390 488 'DE
1419 428 2014 488 BEATITUDINIBUS.
2057 429 2318 486 ORATIO
2361 431 2446 486 Ill.
3369 433 3508 490 129.6

242 439 264 493 1
277 432 387 494 215

237 559 342 629 τὴν
372 558 647 629 πτωχείαν
691 558 793 628 τῆς
821 555 1170 628 ἀνθρωπίνης
1214 554 1429 625 φύσεως
1464 556 1825 624 κατανοήσας,

1938 563 2137 623 putans
2162 569 2177 617 ;
2202 559 2365 622 atque
2394 567 2460 606 ex
2494 552 2594 605 hac
2636 566 2695 606 re
2729 552 2959 616 accidet,
2998 561 3055 604 ut
3096 552 3329 607 alterum
3378 554 3507 623 qui-

235 653 298 705 ὲν
333 652 592 722 συμφορᾷ
633 650 732 720 τὴν
759 648 940 720 ψυχὴν
977 648 1195 710 πάντως
1214 645 1347 711 ἕξει,
1373 646 1450 717 τῷ
1480 646 1555 717 μὴ
1601 640 1744 699 εῖναι
1769 648 1825 699 ἐν

1932 647 2053 701 dem
2088 645 2225 700 locis
2251 656 2385 699 usus
2412 643 2746 699 desiderium
2787 644 2924 698 nihil
2952 658 3058 697 non
3103 645 3282 698 moliri
3329 652 3384 700 et
3408 660 3508 700 ex-

234 743 318 812 τῷ
346 741 537 811 ἀγαθῷ
572 741 766 810 ἐκείνῳ
813 740 907 794 τὸν
950 740 1195 810 παρόντα
1238 737 1372 809 βίον,
1421 737 1616 800 πένθος
1655 736 1825 790 ποιού·

1931 736 2171 806 eogitare
2206 744 2384 804 cogat,
2406 747 2517 803 quo
2554 748 2749 787 rursus
2780 732 2965 788 videre
2994 732 3278 803 contingat
3300 731 3351 786 id
3381 747 3497 802 quo

239 850 421 904 μενος.
454 832 665 886 Οὐκοῦν
701 831 764 884 οὐ
803 829 901 901 τὴν
932 828 1112 900 λύπην
1146 846 1237 899 μοι
1271 829 1419 883 δοκεῖ
1449 827 1774 899 μακαρίζειν
1801 827 1825 880 ό

1931 844 2023 899 per
2049 828 2157 882 vim
2194 827 2443 898 privatus
2471 832 2591 890 est;
2618 825 2757 880 alter
2782 839 2910 879 vero
2943 835 3230 895 propterea
3254 823 3405 893 quod
3432 822 3510 886 id,

233 923 434 991 Λόγος,
468 922 605 976 ἀλλὰ
631 922 731 993 τὴν
759 922 968 991 εἴδησιν
1002 919 1097 973 τοῦ
1128 919 1354 988 ἀγαθοῦ,
1440 919 1502 972 rb
1528 919 1626 989 τῆς
1655 918 1825 988 λύπης

1931 919 2070 990 quod
2100 919 2298 974 melius
2323 926 2429 981 est,
2458 919 2693 989 ignorat,
2733 917 2786 972 id
2818 916 2966 987 quod
2988 917 3091 972 sibi
3126 916 3272 971 adsit
3295 916 3506 970 bonum

235 1013 411 1075 πάθος
440 1010 842 1081 ὲπισυμσαίνει,
871 1010 959 1065 διά
1000 1011 1062 1064 rb
1106 1010 1181 1082 μὴ
1212 1008 1573 1081 παρεῖναιτῷ
1620 1009 1720 1080 βίῳ
1763 1010 1825 1063 rb

1931 1010 2348 1079 essejudicans,
2400 1011 2456 1064 in
2490 1010 2724 1079 caligine
2762 1009 2927 1064 vitam
2968 1009 3279 1078 transigens
3313 1021 3514 1062 conse-

236 1103 594 1175 ζητούμενον.

1933 1100 2162 1169 nescet.)
2196 1100 2387 1156 Itidem
2422 1116 2482 1156 se
2511 1116 2601 1155 res
2632 1101 2798 1155 habet
2838 1100 2892 1154 in
2918 1101 3199 1170 proposita
3225 1097 3506 1153 sententia

235 1207 405 1267 atque
444 1200 758 1260 intellectu;
795 1200 887 1266 qui
917 1197 970 1251 id
1012 1196 1158 1265 quod
1179 1211 1308 1251 vere
1348 1196 1548 1249 bonum
1585 1204 1689 1262 est,
1736 1194 1923 1251 videre
1961 1197 2158 1265 potuit,
2218 1196 2415 1251 deinde
2452 1202 2747 1266 egestatem
2789 1195 3041 1249 humana:
3085 1204 3295 1249 natura;
3333 1194 3512 1248 anim-

236 1291 475 1346 advertit
512 1301 677 1363 atque
714 1292 1103 1357 consideravit,
1142 1291 1300 1360 quasi
1347 1291 1661 1346 calamitate
1705 1300 1928 1361 accepta
1968 1293 2022 1346 iu
2078 1293 2261 1347 animo
2322 1308 2383 1348 se
2456 1292 2616 1362 plane
2688 1290 2967 1345 aﬂictabit
3034 1294 3089 1343 et
3149 1289 3507 1349 excruciabit.

235 1401 305 1441 eo
342 1390 572 1457 quodin
601 1388 697 1443 illo
722 1388 865 1443 bono
900 1402 1012 1442 non
1046 1397 1314 1453 versetur,
1369 1396 1690 1456 prasentem
1721 1388 1847 1442 vita:
1883 1396 2110 1452 statum,
2170 1388 2378 1442 luctum
2420 1402 2545 1443 esse
2571 1387 2802 1441 ducens.
2876 1384 3017 1454 Ergo
3063 1398 3170 1438 non
3227 1383 3508 1439 tristitiam

238 1476 459 1532 beatam
531 1478 734 1533 ducere
786 1478 1027 1532 Verbum
1094 1478 1229 1531 mihi
1278 1478 1515 1544 videtur,
1577 1479 1673 1533 sed
1721 1480 2086 1550 cognitionem
2128 1486 2183 1534 et
2230 1480 2517 1535 scientiam
2575 1478 2727 1541 boni,
2782 1476 2875 1530 cui
2941 1474 3110 1528 animi
3163 1473 3371 1528 doloris
3422 1472 3509 1526 af-

238 1568 420 1624 fectus
447 1570 651 1625 accedit
683 1586 697 1636 ;
727 1580 1013 1640 propterea
1044 1569 1193 1639 quod
1232 1568 1309 1633 id,
1335 1568 1482 1638 quod
1528 1572 1816 1639 quatritur,
1856 1571 1983 1625 vitae
2019 1587 2129 1626 non
2159 1570 2323 1627 adsit.

322 1665 637 1720 Ἀκόλουθον
690 1666 867 1719 τοίνυν
920 1664 1170 1728 ἐξετάσαι
1227 1666 1280 1716 τί
1326 1680 1456 1717 ποτε
1514 1665 1621 1737 ipa.
1680 1666 1827 1719 ἐστὶν

2002 1666 2123 1721 Jam
2153 1682 2283 1722 vero
2306 1681 2652 1735 consequens
2668 1672 2721 1719 et
2748 1664 3056 1733 proximum
3078 1664 3244 1718 fuerit
3286 1662 3512 1718 investi—

223 1756 413 1817 ,ἐκεῖνο
443 1758 501 1810 rb
527 1754 642 1825 φῶς
679 1795 695 1821 ,
721 1747 767 1823 ᾧ
801 1755 863 1808 rb
904 1754 1141 1823 ζοφῶδες
1177 1753 1335 1807 τοῦτο
1354 1755 1453 1822 τῆς
1488 1756 1825 1826 ἀνθρωπίνης

1931 1772 2080 1827 gare,
2107 1773 2228 1826 qua:
2260 1757 2477 1812 tandem
2514 1757 2607 1809 illa
2654 1756 2727 1811 sit
2758 1754 2946 1824 utique
2976 1755 3092 1817 lux,
3129 1770 3233 1823 qua
3273 1754 3511 1809 obscura

237 1849 455 1918 φύσεως
515 1847 776 1918 σπήλαιον
818 1849 876 1901 ὲν
927 1846 1004 1916 τῷ
1047 1846 1279 1915 παρόντι
1321 1845 1420 1915 βίῳ
1456 1846 1516 1899 οὺ
1550 1847 1825 1915 καταυγά-

236 1942 410 2004 ζεται.
431 1938 507 1992 Ἦ
534 1940 694 2009 τάχα,
722 1938 783 1991 οὑ
822 1938 960 2007 πρὸς
1006 1936 1067 1989 rb
1110 1937 1373 2006 ἀνήνυτόν
1399 1952 1459 1989 τε
1497 1936 1592 1991 καὶ
1618 1938 1826 1991 ἀκατά-

234 2033 441 2103 ληπτον
464 2034 498 2103 ή
525 2030 789 2099 ἐπιθυμία
817 2030 1037 2100 βλέπεις
1067 2030 1165 2092 Τίς
1190 2029 1299 2097 γὰρ
1326 2030 1383 2081 ἒν
1412 2029 1544 2101 ἡμῖν
1575 2029 1833 2100 λογισμδς

234 2124 496 2184 τοιοῦτος,
544 2122 622 2185 ὡς
669 2120 981 2191 ἀνιχνεῦσαι
1014 2118 1108 2174 τοῦ
1141 2120 1469 2191 ζητουμένου
1499 2120 1598 2191 τὴν
1629 2120 1829 2190 φύσιν;

235 2216 331 2278 τίς
369 2215 427 2280 ἐξ
465 2213 741 2283 ὀνομάτων
780 2229 838 2264 τε
885 2213 977 2265 καὶ
1026 2214 1284 2284 ῥημάτων
1320 2214 1562 2283 σημασία
1587 2214 1829 2286 τοιαύτη,

236 2307 313 2368 ὡς
360 2305 518 2369 ἀξίαν
560 2307 689 2374 ἡμῖν
727 2304 935 2359 ἔννοιαν
966 2305 1062 2357 τοῦ
1098 2306 1491 2376 ὑπερκειμένου
1521 2303 1701 2374 φωτὸς
1730 2306 1832 2376 ὲμ-

238 2398 493 2465 ποιῆσαι;
528 2397 651 2459 Πῶς
679 2397 931 2466 ὀνομάσω
958 2397 1019 2449 rb
1048 2398 1312 2463 ἀθέατον;
1346 2398 1469 2461 Πῶς
1498 2398 1833 2470 παραστήσω

235 2489 299 2540 rb
342 2489 537 2556 άῦλον;
585 2489 711 2550 Πῶς
762 2488 919 2552 δείξω
964 2488 1027 2540 rb
1082 2489 1288 2553 ἀειδὲςς
1333 2488 1449 2552 πῶς
1496 2489 1733 2542 διαλάόω
1774 2489 1833 2541 rb

235 2579 526 2651 ἀμέγεθες,
559 2580 621 2632 rb
657 2580 880 2643 ἀποσον,
926 2580 987 2633 rb
1038 2581 1247 2644 ἄποιον,
1289 2580 1349 2632 rb
1386 2581 1830 2650 ἀσχημάτιστονς

234 2673 298 2726 τὸ
340 2674 475 2745 μήτε
509 2674 677 2744 τόπῳ,
719 2673 856 2744 μήτε
888 2674 1064 2743 χρόνῳ
1095 2673 1509 2744 εὑρισκόμενον;
1542 2672 1603 2725 rb
1642 2674 1835 2739 ἐξώτε-

238 2781 332 2836 ρον
377 2763 578 2828 παντὸς
627 2763 934 2837 περασμοῦ,
967 2764 1061 2817 καὶ
1107 2764 1287 2834 πάσης
1323 2766 1601 2834 όριστικῆς
1632 2781 1831 2831 φαντα.⁴

238 2853 361 2918 σίας
384 2871 398 2919 ;
440 2849 500 2909 οἵ)
528 2854 685 2925 ἔργον
716 2853 850 2925 ζωὴ,
880 2855 975 2907 καὶ
1001 2856 1033 2924 ή
1064 2854 1280 2908 πάντων
1309 2854 1418 2907 τῶν
1446 2854 1587 2908 κατὰ
1614 2853 1675 2907 rb
1698 2856 1833 2923 ἀγα-

234 2945 329 2999 θδν
358 2946 660 3017 νοουμένων
684 2946 1015 3008 ὑπόστασιςς
1054 2946 1180 3016 περλ⁸
1208 2945 1236 2997 ὃ
1277 2946 1385 2997 πᾶν
1419 2945 1622 3015 ὑψηλὸν
1658 2945 1834 3017 νόημά

231 3050 295 3086 τε
336 3036 430 3088 καὶ
470 3036 639 3106 ὄνομα
674 3034 995 3106 θεωρεῖταις
1040 3035 1249 3104 θεότης,
1287 3034 1547 3105 βασιλεία,
1582 3034 1829 3107 δύναμις,

1935 1848 2049 1903 haec
2088 1847 2342 1905 humanm
2377 1859 2583 1902 natura:
2616 1848 2876 1916 spelunca
2903 1860 2957 1900 tn
2981 1848 3236 1917 praesenti
3262 1847 3370 1901 vita
3399 1862 3509 1900 nou

1934 1940 2292 1995 illuminatur.
2321 1938 2575 2009 Nunquid
2598 1939 2665 1994 ad
2693 1938 2747 1993 id
2783 1938 3035 2003 forsitan,
3078 1940 3224 2008 quod
3268 1953 3368 1994 nec
3408 1954 3507 1991 ex-

1934 2031 2132 2100 pediri,
2165 2045 2265 2087 nec
2304 2031 2590 2101 explicari,
2620 2044 2721 2086 nec
2761 2030 3147 2099 comprehendi
3182 2037 3377 2099 potest,
3411 2044 3509 2083 cu-

1935 2120 2134 2190 piditas
2164 2121 2421 2190 spectat?
2448 2124 2580 2187 Quae
2604 2120 2747 2175 enim
2771 2120 2828 2174 in
2856 2120 3016 2174 nobis
3040 2121 3296 2190 cogitatio
3318 2121 3507 2188 conje-

1933 2219 2154 2265 cturave
2180 2212 2306 2266 talis
2337 2221 2440 2273 est,
2474 2221 2534 2264 ut
2561 2211 2851 2281 investiget
2875 2211 2996 2281 ejus
3020 2212 3165 2281 quod
3209 2211 3498 2280 quaeritur.

1934 2301 2223 2355 naturam?
2248 2317 2369 2372 qum
2400 2318 2464 2356 ex
2514 2302 2833 2358 nominibus
2868 2302 3073 2372 pariter
3109 2317 3173 2357 ac
3205 2303 3391 2357 verbis
3423 2303 3505 2357 si-

1934 2392 2213 2461 gniﬁcatio
2256 2404 2515 2450 constans
2543 2395 2667 2450 talis
2703 2403 2806 2461 est,
2880 2402 2942 2449 ut
2992 2394 3214 2466 dignam
3255 2397 3309 2449 i-n
3348 2396 3505 2449 nobis

1934 2498 2183 2552 superna:
2219 2485 2357 2540 lucis
2409 2486 2659 2540 notitiam
2689 2486 2969 2556 ingeneret
2990 2487 3015 2539 ’ἒ
3036 2487 3305 2556 quomodo
3328 2487 3508 2541 nomi-

1934 2577 2076 2630 nabo
2111 2574 2161 2629 id
2192 2575 2336 2647 quod
2364 2579 2600 2647 spectari
2631 2592 2737 2631 non
2764 2579 2978 2647 potest?
3010 2580 3285 2650 quomodo
3306 2596 3503 2651 sugge-

1935 2682 2048 2720 ram
2080 2672 2241 2736 atque
2274 2669 2574 2736 exprimam
2616 2667 2670 2722 id
2708 2670 2851 2737 quod
2884 2671 3129 2725 materiei
3163 2684 3359 2741 expers
3389 2672 3509 2727 est?

1933 2758 2208 2829 quomodo
2221 2759 2506 2814 ostendam
2525 2758 2600 2825 id,
2618 2760 2762 2830 quod
2786 2761 2960 2817 visum
2981 2761 3172 2834 ellttgit
3192 2763 3214 2816 ?
3232 2764 3505 2833 quomodo

1934 2852 2388 2921 comprehendam
2413 2850 2488 2916 id,
2522 2850 2665 2921 quod
2694 2862 2916 2923 superat
2957 2867 3176 2909 omnem
3226 2857 3508 2924 magnitu-

1934 2943 2113 2996 dinem
2136 2943 2159 2996 ?
2184 2942 2329 3011 quod
2361 2943 2465 2998 sub
2497 2943 2877 3013 quantitatem,
2906 2944 3011 3000 sub
3030 2946 3347 3015 qualitatem
3394 2962 3503 3001 non

1932 3033 2119 3087 cadit?
2157 3033 2299 3103 quod
2338 3032 2536 3103 emugi,
2588 3036 2729 3104 quod
2782 3030 3081 3090 assimilari
3130 3053 3240 3091 non
3288 3042 3508 3108 potest?

1933 3125 2078 3194 quod
2106 3140 2279 3193 neque
2317 3125 2467 3189 loco,
2522 3142 2698 3194 neque
2749 3136 2993 3198 tempore
3031 3129 3507 3198 deprehenditur?

1933 3217 2074 3284 quod
2102 3217 2539 3271 exciditomnem
2575 3217 2977 3284 limitationem,
3027 3225 3081 3274 et
3107 3233 3323 3274 omnem
3362 3220 3501 3274 deti-

234 3126 512 3197 ἀῖδιότης,
560 3125 870 3199 ἀφθαρσία,
920 3126 1068 3198 χαρά
1108 3144 1168 3180 τε
1222 3128 1315 3181 καὶ
1352 3126 1691 3197 ἀγαλλίαμα,
1742 3129 1834 3182 καὶ

235 3217 352 3269 πᾶν
375 3216 456 3268 ὅτι
484 3215 588 3288 πέρ
611 3218 757 3269 ἐστιν
779 3217 836 3268 ὲν
860 3215 984 3284 ὕψει
1007 3216 1294 3286 νοούμενόν
1315 3234 1373 3268 τε
1396 3218 1488 3271 καὶ
1507 3217 1828 3288 λεγόμενονς

234 3304 363 3368 Πῶς
387 3307 565 3358 τοίνυν
597 3304 713 3359 ἔστι
742 3305 835 3358 καὶ
871 3305 961 3359 διὰ
994 3304 1165 3358 ποίων
1188 3305 1461 3376 λογισμῶν
1487 3306 1548 3359 rb
1588 3307 1825 3361 τοιοῦτον

1931 3307 2153 3361 nitivam
2238 3308 2727 3378 imaginationem?
2783 3308 2944 3378 cujus
3022 3325 3162 3380 opus
3237 3320 3323 3367 est
3368 3313 3501 3378 vita,

232 3397 393 3467 ἡμῶν
429 3397 629 3466 ἀγαθὸν
670 3398 764 3450 ὑπ’
790 3396 912 3467 ὄψιν
959 3396 1154 3461 ἐλθεῖν,
1203 3397 1263 3450 rb
1314 3396 1582 3468 θεώμενον
1614 3399 1709 3451 καὶ
1752 3398 1825 3471 μὴ

1931 3399 2282 3468 omniumque
2306 3415 2427 3469 quae
2457 3416 2555 3471 per
2576 3402 2782 3456 bonum
2814 3398 3220 3474 intelliguntur,
3242 3405 3500 3460 substan-

234 3484 568 3555 βλεπόμενον
594 3504 608 3547 ς
641 3487 714 3538 Tb
734 3486 866 3540 πᾶσι
888 3488 1004 3549 τοῖς
1026 3482 1145 3539 οὖσι
1171 3486 1233 3540 rb
1259 3482 1396 3541 εἶναι
1423 3488 1824 3559 παρεχόμενονς

1931 3488 2046 3542 tia?
2074 3490 2217 3543 circa
2244 3491 2389 3559 quod
2431 3493 2610 3547 omnis
2637 3491 2923 3562 cogitatio,
2964 3496 3144 3550 omnis
3176 3498 3342 3551 animi
3372 3511 3505 3552 con-

233 3572 366 3627 αὐτδ
406 3575 463 3628 δὲ
505 3576 591 3628 ἀεὶ
627 3575 709 3637 ὃν,
752 3576 846 3629 καὶ
890 3576 985 3629 τοῦ
1007 3576 1259 3644 γενέσθαι
1286 3577 1350 3630 οὐ
1394 3577 1822 3648 προσδεόμενονς

1931 3590 2117 3651 ceptus
2144 3589 2197 3637 et
2236 3583 2548 3640 intellectus
2596 3585 2851 3640 sublimis
2890 3598 3142 3642 versatur
3160 3589 3187 3642 ?
3213 3605 3376 3645 omne
3403 3605 3505 3645 no-

233 3683 358 3722 men
426 3669 593 3720 altum
638 3667 1023 3722 consideratur
1047 3669 1071 3721 ?
1097 3668 1307 3735 Deitas,
1374 3686 1625 3740 regnum,
1678 3672 1944 3741 potentia,
1966 3673 2266 3737 aeternitas,
2302 3674 2814 3745 incorruptibilitas,
2851 3677 3221 3749 gaudiumque
3254 3689 3307 3735 et
3324 3682 3506 3738 exsul-

232 3760 391 3822 tatio,
451 3765 503 3812 et
530 3773 693 3812 omne
755 3759 1124 3828 quodcunque
1185 3760 1242 3813 in
1307 3760 1593 3815 altitudine
1659 3770 1769 3815 tam
1830 3761 2170 3833 intelligitur,
2223 3762 2794 3832 quamdicitur?Quo
2826 3766 2990 3836 igitur
3020 3768 3203 3829 modo.
3229 3771 3503 3839 quibusve

232 3853 683 3925 cogitationibus,
730 3851 1000 3919 ejusmodi
1050 3854 1209 3907 nobis
1242 3854 1445 3907 bonum
1517 3862 1645 3909 ante
1706 3855 1900 3910 oculos
1943 3857 2072 3927 poni
2107 3860 2301 3926 possit,
2336 3860 2481 3927 quod
2519 3869 2799 3929 spectatur
2827 3868 2880 3915 et
2908 3876 3015 3915 non
3056 3865 3333 3920 cernitur?
3356 3867 3505 3937 quod

230 3942 401 3997 rebus
440 3939 711 3994 universis
740 3937 1075 4001 facultatem,
1100 3950 1159 3993 ut
1202 3940 1333 4005 sint,
1371 3942 1593 4010 praebet,
1612 3942 1789 4011 ipsum
1827 3958 1957 3998 vero
1979 3960 2195 4014 semper
2212 3955 2317 4010 est,
2337 3962 2510 4016 neque
2534 3957 2593 4003 ut
2615 3950 2842 4003 exsistat
2865 3953 3097 4020 amplius
3131 3968 3269 4023 opus
3304 3956 3507 4012 habet?

316 4036 455 4089 Ἀλλ’
482 4034 555 4097 ὼς
585 4034 650 4086 ἂν
683 4033 756 4104 μὴ
786 4034 962 4105 μάτην
996 4036 1023 4087 ό
1065 4034 1223 4102 λόγος
1247 4036 1445 4105 κάμνοι
1474 4038 1586 4099 τοῖς
1608 4036 1825 4107 ἀχωρή-

1997 4038 2199 4094 Verum
2255 4054 2324 4094 ne
2376 4043 2551 4096 oratio
2571 4040 2776 4096 fruStra
2821 4044 3049 4108 laboret,
3114 4048 3167 4101 in
3205 4049 3373 4104 rebus
3411 4064 3504 4106 ca-

230 4144 346 4191 τοις
370 4124 559 4179 ἑαυτὸν
594 4122 940 4186 ὲπεκτείνων,
967 4124 1074 4176 τῶν
1106 4125 1203 4192 μὲν
1238 4125 1646 4195 ὑπερκειμένων
1690 4126 1825 4193 ἀγα.

1931 4139 2080 4201 ptum
2117 4138 2363 4185 nostrum
2390 4132 2777 4201 superantibus
2823 4133 3087 4189 enitendo
3143 4152 3266 4193 sese
3319 4138 3502 4195 inten—

232 4216 343 4271 θῶν
388 4215 487 4286 τὴν
531 4214 723 4282 φύσιν,
770 4212 846 4275 ὡς
897 4213 1177 4282 ἀμήχανον
1219 4212 1279 4266 ὃν
1325 4214 1386 4265 rb
1432 4213 1670 4265 τοιοῦτον
1720 4212 1825 4265 ὑπὸ

1931 4222 2080 4287 dens,
2111 4238 2474 4290 supernorum
2516 4224 2734 4294 quidem
2770 4227 3037 4281 bonorum
3073 4237 3349 4294 naturam,
3372 4246 3499 4285 cum

233 4304 539 4374 κατάληψιν
579 4303 782 4365 ἐλθεῖν,
831 4301 1414 4373 πολυπραγμονοῦντες
1466 4302 1825 4372 παυσώμεθα,

231 4396 486 4454 τοσοῦτον
520 4395 677 4465 μόνον
699 4396 763 4447 ὲκ
788 4393 896 4446 τῶν
923 4392 1263 4461 ζητηθέντων
1296 4392 1674 4464 κερδάναντες,
1701 4393 1825 4445 ὅσον

231 4485 302 4542 δι’
341 4486 506 4542 αὐτοῦ
544 4485 639 4538 τοῦ
676 4484 749 4555 μὴ
778 4483 1070 4554 δυνηθῆναι
1117 4484 1354 4537 κατιδεῖν
1387 4483 1447 4536 rb
1474 4482 1822 4553 ζητούμενον,

232 4578 445 4633 ἔννοιάν
476 4593 594 4629 τινα
629 4575 721 4628 τοῦ
759 4573 1021 4644 μεγέθους
1071 4574 1179 4627 τῶν
1233 4575 1579 4645 ζητουμένων
1624 4574 1824 4627 ἀνατυ-

232 4670 541 4725 πώσασθαι.
570 4670 718 4738 Ὂσῳ
748 4668 805 4721 δὲ
838 4670 936 4737 τῆς
983 4665 1237 4735 γνώσεως
1289 4667 1445 4737 ήμῶν
1496 4666 1824 4738 ὑψηλότερον

232 4757 376 4816 εἶναι
411 4760 468 4812 rb
497 4759 697 4828 ἀγαθὸν
728 4762 795 4829 τῇ
827 4758 986 4828 φύσει
1020 4756 1368 4826 πιστεύομεν,
1416 4756 1655 4827 τοσούτῳ
1690 4757 1823 4826 μᾶλ-

230 4853 325 4905 λον
366 4851 426 4903 rb
468 4849 659 4913 πένθος
704 4851 763 4902 ὲν
800 4850 983 4912 αὐτοῖς
1031 4848 1406 4918 ἐπιτείνωμεν,
1454 4849 1536 4901 ὅτι
1583 4848 1820 4903 τοιοῦτόν

232 4945 351 4997 ἔστι
382 4943 476 4995 καὶ
503 4941 754 4995 τοσοῦτον
780 4940 843 4994 rb
879 4940 1101 5009 ἀγαθὸν,
1133 4936 1193 4995 οὗ
1224 4940 1592 5010 διεζευγμένοι
1617 4940 1821 5011 τυγχά-

230 5050 416 5104 νομεν,
451 5033 526 5096 ὡς
556 5032 689 5103 μηδὲ
729 5032 829 5103 τὴν
856 5032 1057 5099 γνῶσιν
1097 5031 1260 5085 αὑτοῦ
1297 5034 1496 5103 χωρεῖν
1534 5032 1815 5088 δύνασθαι.

230 5123 436 5176 Τούτου
460 5121 642 5192 μέντοι
669 5120 763 5174 τοῦ
789 5121 1177 5193 ὑπεραίροντας
1198 5123 1379 5175 πᾶσαν
1401 5122 1631 5193 δύναμιν
1659 5140 1821 5177 κατα-

228 5216 521 5285 ληπτικὴν,
562 5215 619 5268 ὲν
661 5213 920 5285 μετουσίᾳ
956 5214 1087 5266 ποτὲ
1118 5209 1261 5285 ἦμεν
1292 5215 1343 5267 οῖ
1388 5214 1661 5285 ἄνθρωποι
1682 5232 1695 5247 ·
1725 5215 1820 5269 καὶ

226 5305 482 5359 τοσοῦτον
506 5300 575 5376 ἦν
604 5306 660 5357 ἓν
682 5307 746 5375 τῇ
789 5304 948 5373 φύσει
991 5303 1149 5375 ἡμῶν
1201 5307 1376 5358 ἐκεῖνο
1425 5305 1486 5358 rb
1520 5304 1723 5374 ἀγαθὸν
1761 5307 1824 5359 rb

227 5399 371 5469 ὑπὲρ
401 5398 510 5450 πᾶν
533 5398 730 5467 νόημα,
761 5397 836 5459 ὡς
867 5396 994 5450 ἄλλο
1022 5397 1198 5449 ἐκεῖνο
1228 5397 1287 5449 τὸ
1313 5396 1650 5468 ἀνθρώπινον
1683 5393 1823 5453 εἶναι

226 5490 427 5555 δοκεῖν,
461 5490 526 5560 τῇ
577 5488 946 5560 ἀκριϐεστάτη
1003 5486 1261 5558 ὁμοιώσει
1317 5488 1459 5541 κατά
1499 5490 1599 5559 τὴν
1641 5489 1825 5543 εἰκόνα

226 5581 325 5636 τοῦ
385 5580 743 5652 πρωτοτύπου
797 5581 1244 5651 μεμορφωμένον.
1283 5583 1353 5636 Ἀ
1394 5582 1503 5654 γὰρ
1549 5582 1644 5635 νῦν
1698 5584 1827 5656 περὶ

226 5673 436 5727 ἐκείνου
481 5670 849 5742 στοχαστικῶς
898 5672 1229 5744 θεωροῦμεν,
1285 5673 1455 5727 ταῦτα
1497 5673 1676 5727 πάντα
1721 5676 1817 5729 καὶ

227 5764 360 5833 περὶ
387 5764 478 5816 τὸν
504 5763 786 5835 ἄνθρωπον
807 5758 896 5834 ἦν,
924 5763 1200 5838 ἀφθαρσίᾳ
1224 5783 1282 5819 τε
1312 5767 1404 5819 καὶ
1434 5765 1811 5837 μακαριότητι·

226 5856 323 5911 καὶ
349 5854 408 5908 rb
435 5854 767 5923 αὐτοκρατὲς
790 5853 883 5906 καὶ
903 5853 964 5905 rb
990 5853 1301 5923 ἀδέσποτον,
1328 5855 1390 5909 τό
1416 5872 1474 5909 τε
1498 5854 1699 5911 άλυπον
1718 5858 1813 5911 καὶ

517 5948 788 6006 Parum"
828 5946 945 6004 Gn.
987 5945 1188 6005 XLIV.

1929 4314 2043 4369 lieri
2080 4330 2185 4369 non
2221 4316 2417 4384 possit,
2447 4322 2505 4369 ut
2541 4317 2807 4383 ejusmodi
2834 4318 3105 4388 quispiam
3136 4323 3502 4392 comprehen-

1929 4401 2071 4455 sioni
2109 4401 2456 4469 subjiciatur,
2505 4405 2728 4458 curiose
2775 4414 2829 4460 ct
2887 4411 3045 4462 anxie
3105 4408 3379 4479 inquirere
3405 4411 3502 4466 de-

1926 4490 2193 4553 sinamus,
2216 4498 2428 4545 tantum
2457 4492 2722 4548 duntaxat
2772 4510 2836 4548 ex
2870 4495 3118 4564 quaesitis
3164 4497 3381 4564 lucrati,
3441 4509 3502 4554 ue

1929 4597 2025 4651 per
2055 4581 2158 4636 hoc
2200 4582 2413 4651 ipsum,
2450 4583 2595 4653 quod
2626 4598 2733 4637 non
2770 4599 3066 4654 possumus
3106 4589 3415 4657 perspicere
3447 4590 3501 4644 id

1927 4676 2073 4746 quod
2101 4675 2421 4747 quaerimus,
2449 4676 2954 4746 aliquamnotitiam
2989 4679 3385 4749 magnitudinis
3415 4696 3501 4735 re-

1929 4782 2076 4830 rum,
2110 4767 2177 4823 de
2206 4767 2405 4838 quibus
2429 4768 2712 4835 quarritur,
2770 4768 2824 4822 in
2878 4769 3061 4824 animo
3107 4769 3409 4827 formemus
3448 4782 3502 4828 et

1929 4861 2312 4931 imaginamur.
2339 4860 2555 4924 Quanto
2576 4867 2758 4914 autem
2782 4858 3093 4930 cognitione
3116 4870 3305 4917 nostra
3335 4864 3501 4919 altius

1927 4950 2061 5004 illud
2114 4965 2236 5004 esse
2275 4960 2469 5003 natura
2526 4950 2731 5003 bonum
2776 4950 3072 5017 credimus,
3123 4963 3276 5008 tanto
3330 4956 3501 5024 magis

1930 5040 2135 5095 luctum
2197 5041 2249 5093 in
2301 5038 2458 5094 nobis
2505 5041 2850 5096 intendamus
2894 5048 2948 5095 ot
2996 5056 3314 5113 augeamus,
3353 5047 3501 5113 quod

1930 5131 2035 5185 tale
2058 5146 2118 5185 ac
2146 5138 2359 5183 tantum
2391 5131 2462 5185 sit
2496 5132 2723 5195 bonum,
2778 5147 2808 5185 a
2840 5148 2948 5202 quo
2971 5132 3236 5202 disjuncti
3283 5148 3498 5199 sumus,

1932 5231 1990 5274 ut
2020 5235 2088 5274 ne
2147 5219 2517 5289 cognitionem
2564 5218 2785 5291 quidem
2818 5220 2937 5291 ejus
2966 5234 3163 5289 capere
3194 5222 3499 5290 possimus.

1930 5308 2320 5364 Verumtamen
2349 5310 2512 5378 hujus
2532 5306 2679 5371 boni,
2708 5311 2852 5380 quod
2884 5318 3105 5380 superat
3129 5325 3349 5365 omnem
3392 5311 3502 5363 vim

1926 5400 2452 5471 comprehendendi,
2479 5417 2580 5457 nos
2610 5401 2860 5456 homines
2898 5401 3027 5454 olim
3056 5400 3349 5469 participes
3378 5414 3501 5455 era-

1900 5495 2048 5546 mus
2082 5511 2095 5546 :
2129 5507 2193 5546 ac
2222 5500 2432 5547 tantum
2456 5501 2575 5547 erat
2598 5493 2652 5546 in
2674 5502 2869 5547 natura
2900 5502 3085 5547 nostra
3113 5490 3318 5546 bonum
3339 5491 3497 5556 illud,

1926 5584 2071 5654 quod
2104 5592 2326 5654 superat
2357 5599 2575 5638 omnem
2604 5585 2993 5654 cogitationem
3040 5590 3093 5639 et
3133 5582 3499 5647 intellectum,

1930 5684 1990 5729 ut
2022 5676 2256 5730 alterum
2280 5674 2417 5730 illud
2449 5675 2750 5729 humanum
2792 5675 2995 5729 bonum
3031 5689 3157 5731 esse
3186 5673 3498 5737 videretur,

1922 5768 2354 5838 exquisitissima
2402 5766 2832 5839 pleuissimaque
2879 5766 3279 5822 assimilatione
3328 5775 3494 5836 atque

1923 5859 2233 5917 imitatione
2305 5859 2373 5914 ad
2436 5858 2727 5929 imaginem
2789 5857 3039 5928 primarii
3080 5868 3134 5912 et
3202 5858 3495 5930 originalis

3094 5948 3171 6009 39
