4004 6512
589 407 726 466 ιεετ

1819 398 1880 456 S.
1919 397 2250 456 GREGORII
2283 394 2578 453 NYSSENI

3644 410 3744 469 ίῖἓθ

589 527 921 599 exemplaris
952 525 1266 580 formatum.
1313 523 1452 578 Nam
1484 539 1607 594 quae
1637 538 1786 579 nunc
1819 523 1887 579 de
1925 522 2021 578 illo
2060 537 2158 593 per

2263 520 2718 592 ἁπραγμάτευτον
2749 519 2852 588 τῆς
2887 516 3052 590 ζωῆς,
3093 519 3186 572 καὶ
3226 519 3259 589 ἡ
3307 521 3360 572 ἐν
3400 521 3642 596 θειοτέροις
3662 533 3747 587 δια.

588 621 947 690 conjecturas
978 618 1329 690 speculamur
1344 624 1398 672 et
1426 617 1814 687 imaginamur,
1837 616 1956 670 haec
1978 614 2166 669 omnia

589 710 737 763 circa
769 706 1046 762 hominem
1085 719 1308 775 quoque
1334 712 1531 768 erant,
1575 701 2068 773 incorruptibilitas
2093 699 2168 756 si-

590 799 702 851 mul
731 805 784 853 et
795 793 1332 864 beatitudo,propria
1352 800 1406 849 et
1427 809 1457 847 a
1476 793 1680 848 nullius
1701 792 1924 846 alterius
1942 790 2169 845 arbitrio

591 889 904 945 dominiove
944 887 1190 957 pendens
1223 893 1489 956 potestas,
1549 885 1659 938 vita
1715 883 1884 938 nullis
1931 881 2168 952 negotiis

593 973 928 1048 implicata,‘
959 976 1128 1032 nullis
1179 977 1470 1044 molestiis,
1525 975 1662 1029 nulli
1709 973 2021 1044 aegritudini
2068 973 2169 1028 ob-

591 1070 777 1134 noxia,
809 1067 1085 1138 statioque
1116 1067 1428 1137 augustior,
1482 1073 1649 1136 atque
1691 1066 1746 1119 in
1782 1065 1918 1119 locis
1959 1063 2167 1118 divinis

590 1163 716 1215 vitae
747 1159 1044 1222 traductio,
1077 1158 1314 1213 facultas
1340 1158 1468 1212 item
1499 1164 1685 1226 aperta
1727 1155 1892 1210 simul
1926 1169 1990 1209 ac
2029 1168 2168 1224 pura

592 1261 796 1316 mente,
886 1251 1062 1306 omni.
1101 1251 1412 1307 velamento
1471 1249 1742 1313 detracto,
1792 1247 1996 1302 bonum
2032 1262 2168 1300 con-

592 1343 804 1400 tuendi.
836 1343 961 1398 Haec
983 1342 1131 1399 enim
1161 1343 1344 1398 omnia
1374 1340 1537 1396 nobis
1587 1340 1727 1395 liber
1775 1339 1844 1394 de
1889 1337 2169 1394 creatione

594 1435 783 1489 mundi
819 1450 914 1503 per
937 1434 1230 1504 aenigmata
1266 1447 1550 1502 paucaque
1595 1431 1766 1487 verba
1811 1437 1953 1486 tecta
2007 1439 2170 1498 atque

594 1525 839 1579 involuta
869 1522 1164 1595 significat,
1197 1521 1328 1576 dum
1356 1523 1432 1574 ait
1464 1521 1740 1575 hominem
1768 1520 1836 1575 ad
1872 1519 2167 1588 imaginem

593 1617 688 1673 Dei
716 1616 952 1671 ellictum
985 1629 1050 1669 ac
1080 1615 1377 1669 formatum
1417 1628 1564 1675 esse,
1613 1619 1668 1666 et
1693 1613 1749 1666 in
1784 1611 2046 1682 paradiso
2079 1611 2163 1663 vi—

595 1709 764 1773 xisse,
821 1708 1012 1776 ibique
1037 1707 1172 1762 satis
1198 1713 1252 1760 et
1275 1704 1456 1760 enatis
1487 1705 1544 1756 in
1580 1702 1796 1758 deliciis
1828 1717 1954 1756 esse
1985 1716 2166 1756 usum.

595 1801 764 1856 Porro
804 1801 1116 1869 plantarum
1163 1795 1382 1850 illarum
1439 1794 1677 1857 fructus,
1715 1794 1854 1856 vita,
1899 1792 2165 1862 cognitio,

593 1891 935 1960 scientiaque
973 1896 1027 1945 et
1063 1904 1153 1944 res
1195 1887 1409 1944 similes
1451 1893 1601 1942 sunt.
1649 1882 1706 1938 Si
1767 1884 1932 1956 igitur
1968 1883 2084 1937 haec
2112 1882 2166 1936 in
2199 1872 2240 1928 Β

593 1980 758 2034 nobis
783 1987 961 2043 erant,
1004 1978 1100 2047 qui
1135 1976 1254 2030 fieri
1300 1984 1500 2045 potest,
1542 1983 1604 2027 ut
1637 1974 1939 2029 calamitati
1975 1972 2169 2042 utique

594 2086 702 2126 non
731 2069 1081 2142 ingemiscat,
1102 2068 1148 2124 si
1180 2067 1306 2137 quis
1333 2067 1478 2120 hanc
1517 2075 1840 2136 praesentem
1891 2065 2166 2120 miseriam

594 2177 716 2216 cum
741 2159 1082 2216 beatitudine
1109 2158 1222 2221 illa,
1265 2173 1386 2226 quae
1421 2169 1550 2212 tunc
1582 2157 1707 2222 fuit,
1739 2157 2044 2225 comparet,
2075 2165 2153 2209 at-

595 2269 700 2323 que
730 2268 794 2308 ex
817 2252 1052 2307 adverso
1080 2250 1360 2306 examinet
1400 2249 1798 2318 excutiatque?
1855 2249 2028 2301 altum
2074 2247 2171 2302 de-

593 2359 846 2415 pressum
881 2351 997 2410 est;
1027 2341 1176 2413 quod
1207 2341 1276 2396 ad
1322 2342 1619 2411 imaginem
1666 2339 1912 2395 ccelestis
1961 2337 2168 2391 factum

591 2444 730 2498 erat,
763 2434 819 2488 in
856 2440 1060 2487 terram
1111 2430 1393 2485 redactum
1428 2438 1547 2496 est;
1599 2430 1689 2484 cui
1733 2443 1963 2498 regnum
1997 2427 2168 2482 desti-

594 2535 782 2583 natum
815 2533 952 2587 erat,
985 2525 1041 2579 in
1075 2523 1394 2579 servitutem
1423 2521 1709 2576 redactum
1759 2529 1878 2585 est;
1919 2517 2067 2588 quod
2097 2516 2166 2570 ad

593 2615 1057 2672 immortalitatem
1097 2611 1382 2668 conditum
1433 2619 1576 2671 erat,
1617 2618 1795 2665 morte
1837 2615 2165 2678 corruptum

599 2718 716 2774 est;
753 2706 902 2778 quod
934 2705 990 2760 in
1017 2703 1230 2760 deliciis
1255 2703 1494 2773 paradisi
1528 2701 1781 2773 degebat,
1815 2701 1870 2754 in
1894 2701 2000 2754 hoc
2025 2714 2171 2754 mor-

595 2800 683 2856 bis
713 2806 768 2855 et
800 2796 1084 2853 laboribus
1110 2795 1408 2850 obnoxium
1439 2793 1702 2863 praedium
1729 2791 2036 2847 traductum
2058 2801 2169 2856 est;

593 2890 740 2962 quod
780 2887 1196 2960 impatibilitati,
1241 2887 1520 2955 nullisque
1543 2883 1834 2938 all‘ectibus
1853 2891 1908 2937 et
1942 2884 2168 2951 aegritu-

595 2982 819 3038 dinibus
852 2967 1324 3044 assuetum'erat,
1379 2976 1781 3037 calamitosam,
1827 2974 2076 3044 fragilem
2117 2983 2173 3030 et

594 3073 860 3128 caducam
891 3071 1124 3125 invicem
1147 3069 1310 3127 vitam
1347 3069 1598 3138 accepit;
1639 3067 1786 3139 quod
1833 3067 2039 3122 nullius
2071 3066 2171 3120 do-

2269 615 2424 684 γωγή
2445 629 2459 644 ⁸
2489 613 2584 667 καὶ
2621 612 2682 666 τὸ
2723 614 2900 683 γυμνῇ
2944 628 3004 664 τε
3036 610 3127 665 καὶ
3169 611 3375 683 καθαρᾷ
3400 617 3570 679 παντὸς
3599 638 3750 691 προκα.

2269 710 2551 782 λύμματος
2581 711 2646 780 τῇ
2672 707 2878 779 διανοίᾳ
2908 705 3046 778 πρὸς
3079 705 3138 758 τὸ
3175 706 3366 774 ἀγαθὸν
3395 707 3595 778 βλέπειν.
3615 715 3752 772 Ταῦτα

2268 803 2378 874 γὰρ
2407 802 2581 856 πάντα
2627 800 2694 854 δι’
2727 799 2922 867 ὀλίγων
2952 796 3207 868 ῥημάτων
3249 797 3277 849 ὁ
3317 797 3410 867 τῆς
3449 806 3752 870 κοσμογενείας

2268 895 2403 963 ἡμῖν
2449 890 2816 946 ὑπαινίττεται
2863 887 3038 955 λόγος,
3086 888 3202 939 κατ’
3248 885 3416 940 είκόνα
3463 887 3578 943 Θεοῦ
3625 891 3752 959 λέγων

2269 980 2576 1036 πεπλάσθαι
2603 980 2694 1034 τὸν
2718 978 3026 1050 ἄνθρωπον,
3063 974 3156 1029 καὶ
3188 975 3245 1028 ἐν
3278 976 3352 1046 τῷ
3377 979 3643 1050 παραδείσῳ
3667 983 3751 1052 ζῇν,

2269 1075 2363 1130 καὶ
2386 1073 2494 1127 τῶν
2523 1075 2638 1126 ἐκεῖ
2671 1070 3089 1142 πεφυτευμένων
3113 1072 3467 1141 κατατρυφᾷν.
3493 1072 3595 1125 Τῶν
3618 1074 3662 1128 δὲ
3681 1094 3752 1144 φυ-

2267 1167 2380 1222 τῶν
2410 1167 2632 1220 ἐκείνων
2661 1163 2891 1236 καρπὸς,
2918 1163 3030 1232 ζωὴ
3063 1163 3158 1216 καὶ
3183 1162 3376 1230 γνῶσις
3402 1166 3486 1218 καὶ
3509 1166 3567 1218 τὰ
3591 1169 3754 1223 τοιαῦτα

2272 1261 2438 1312 ἐστιν.
2481 1259 2543 1310 Ei
2572 1257 2628 1310 δὲ
2661 1255 2832 1309 ταῦτα
2859 1256 2916 1307 ἐν
2937 1255 3066 1322 ἡμῖν
3089 1248 3177 1324 ἦν,
3206 1253 3321 1317 πῶς
3337 1248 3424 1307 οὖν
3448 1255 3549 1308 ἐστι
3572 1256 3642 1310 διὰ
3665 1276 3755 1328 συγ.

2269 1348 2503 1419 κρίσεως
2559 1344 3146 1416 ἀντιπαραθεωροῦντα
3198 1347 3264 1415 τῇ
3315 1345 3428 1398 τότε
3478 1350 3756 1418 μακαριότητι

2270 1442 2371 1510 τὴν
2423 1437 2702 1510 παροῦσαν
2745 1437 2840 1489 νῦν
2894 1434 3202 1505 ἀθλιότητα,
3253 1436 3325 1506 μὴ
3374 1437 3686 1503 ἐπιστενάζειν
3708 1444 3756 1512 τῇ

2273 1531 2559 1599 συμφορᾷο
2591 1529 2652 1581 τὸ
2691 1527 2891 1596 ὑψηλὸν
2933 1525 3321 1580 τεταπείνωται
3341 1542 3355 1556 ο
3396 1526 3452 1579 τὸ
3489 1530 3591 1581 κατ’
3627 1531 3758 1584 εἰκόνα

2269 1620 2364 1674 τοῦ
2392 1619 2711 1689 ἐπουρανίου
2745 1618 3053 1686 γενόμενον,
3087 1615 3401 1686 ἀπεγεώθη·
3440 1618 3496 1670 τδ
3530 1618 3757 1686 βασιλεύειν

2267 1712 2620 1782 τεταγμένον,
2652 1708 3021 1780 κατεδουλώθη
3039 1725 3053 1739 ·
3087 1707 3149 1762 τὸ
3185 1710 3265 1771 εἰς
3290 1709 3561 1763 ἀθανασίαν
3582 1711 3757 1773 κτισθὲν,

2271 1801 2588 1872 κατεφθάρη
2633 1801 2877 1870 θανάτῳ·
2933 1800 2992 1853 τὸ
3040 1800 3098 1851 ἐν
3146 1803 3321 1872 τρυφῇ
3374 1799 3461 1854 τοῦ
3511 1802 3758 1872 παραδείσου

2269 1893 2474 1960 διάγον,
2505 1892 2585 1954 είς
2613 1891 2672 1944 τὸ
2703 1890 2933 1953 νοσῶδες
2961 1891 3054 1944 καὶ
3079 1890 3335 1943 ἐπίπονον
3356 1889 3502 1943 τοῦτο
3525 1891 3758 1960 μετῳκίσθη

2270 1983 2496 2052 χωρίον’
2533 1983 2594 2035 τὸ
2623 1985 2688 2054 τῇ
2727 1981 2968 2052 ἀπαθείᾳ
3011 1981 3324 2052 σύντροφον,
3355 1980 3438 2033 τὸν
3485 1981 3666 2052 ἐμπαθῆ
3699 1982 3762 2034 καὶ

2275 2074 2533 2144 ἐπίκηρον
2595 2072 2960 2142 ἀντηλλάξατο
3001 2072 3114 2142 βίον
3135 2086 3146 2098 '
3201 2071 3262 2124 τὸ
3313 2070 3576 2124 ἀδέστυοτόν
3614 2089 3661 2124 τε
3699 2073 3763 2124 καὶ

2275 2164 2636 2230 αὐτεξούσιον,
2664 2163 2756 2217 νῦν
2793 2164 2898 2217 ὑπὸ
2934 2162 3188 2217 τοιούτων
3228 2163 3319 2214 καὶ
3365 2161 3602 2215 τοσούτων
3633 2162 3763 2214 κακῶν

2277 2255 2608 2326 κυριεύεται,
2659 2255 2735 2318 ὡς
2785 2255 2918 2325 μηδέ
2974 2253 3150 2326 ῥᾴδιον
3208 2249 3342 2306 εἶναι
3391 2253 3506 2315 τοὺς
3546 2252 3762 2322 τυράννους

2270 2346 2427 2416 ἡμῶν
2455 2344 2963 2416 ἀπαριθμήσασθαι.
3008 2346 3275 2398 ’Ἐκαστον
3316 2343 3419 2412 γὰρ
3461 2343 3555 2395 τῶν
3591 2345 3639 2394 ὲν
3674 2345 3762 2412 ἡμῖν

2274 2435 2481 2500 παθῶν,
2511 2437 2638 2490 ὅταν
2671 2436 3035 2507 ἐπικρατήσῃ,
3065 2434 3330 2505 δεσπότης
3368 2432 3454 2487 τοῦ
3490 2432 3762 2494 acnuam;

2274 2527 2481 2595 γίνεται
2509 2543 2521 2557 ο
2569 2527 2663 2580 καὶ
2696 2525 2946 2596 καθάπερ
2983 2541 3066 2588 τις
3111 2523 3370 2595 τύραννος
3407 2523 3676 2577 καταλαὸὼν
3696 2523 3763 2590 τῆς

2269 2613 2446 2684 ψυχῆς
2495 2613 2593 2684 τὴν
2646 2613 2971 2685 ἀκρόπολιν,
3019 2614 3087 2666 δι’
3150 2613 3329 2665 αὐτῶν
3381 2613 3480 2664 τῶν
3518 2612 3763 2682 ὑποχειρίων

2273 2705 2432 2756 κακοὶ·
2483 2702 2544 2755 τὸ
2594 2702 2851 2771 ὑπήκοον,
2901 2701 3200 2770 ὑπηρέταις
3235 2704 3344 2764 τοῖς
3385 2701 3635 2771 ἡμετέροις
3668 2701 3763 2766 λογι-

2275 2796 2430 2864 σμοῖς
2470 2792 2605 2864 πρὸς
2649 2791 2709 2844 τὸ
2750 2791 2934 2844 δοκοῦν
2977 2792 3152 2862 ἐαυτῷ
3195 2791 3618 2862 καταχρώμενος·
3647 2789 3763 2852 οὕτως

2273 2885 2300 2935 ὁ
2354 2883 2541 2955 θυμὸς,
2590 2882 2760 2945 οὕτως
2801 2884 2829 2936 ὁ
2886 2882 3070 2950 φόϐος,
3119 2884 3151 2952 ἡ
3205 2883 3391 2945 δειλία,
3429 2882 3484 2935 τὸ
3527 2878 3764 2951 θράσος,ςθ

2275 2975 2413 3028 κατά
2432 2973 2607 3043 λύπην
2635 2990 2694 3026 τε
2721 2974 2814 3027 καὶ
2840 2974 2901 3027 τὸ
2936 2973 3056 3027 καθ’
3088 2975 3282 3046 ἡδονὴν
3311 2973 3486 3038 πάθος,
3514 2976 3658 3044 μῖσος,
3674 2971 3763 3043 ἔρις,

2273 3067 2509 3130 ἀνέλεος,
2554 3067 2806 3138 ἀπήνεια,
2846 3066 3058 3136 φθόνος,
3106 3065 3382 3128 κολακεία,
3434 3064 3706 3135 μνησικακία
3726 3078 3764 3112 τε

595 3165 765 3221 minio
816 3163 1146 3233 subjectum,
1197 3160 1343 3231 quod
1401 3161 1487 3216 sui
1513 3161 1683 3229 juris,
1717 3174 1831 3216 suae
1860 3159 2168 3226 potestatis,

2276 3156 2369 3208 καὶ
2413 3155 2734 3226 ἀναλγησία,
2782 3157 2877 3209 καὶ
2923 3156 3096 3209 πάντα
3145 3155 3215 3208 τὰ
3255 3154 3393 3207 κατά
3423 3155 3479 3206 τὸ
3513 3152 3703 3205 ἐναντίον
3729 3151 3765 3202 ὲν

597 3256 683 3310 sui
701 3253 916 3308 arbitrii
948 3259 1086 3317 erat,
1109 3266 1258 3306 nunc
1293 3267 1324 3305 a
1349 3257 1431 3306 tot
1453 3265 1518 3305 ac
1544 3249 1748 3304 talibus
1771 3249 1932 3304 malis
1959 3256 2170 3304 tenetur

2275 3250 2405 3319 ἡμῖν
2429 3249 2690 3318 νοούμενα
2715 3249 2881 3320 πάθη,
2902 3248 3176 3319 τυράννων
3211 3247 3326 3301 ἐστί
3359 3263 3510 3300 τινων
3535 3246 3614 3298 καὶ
3632 3245 3767 3296 δεσπο-

595 3343 928 3408 obnoxium,
969 3352 1028 3396 ut
1074 3351 1339 3410 tyrannos
1389 3347 1609 3397 nostros
1649 3339 1866 3394 difficile
1917 3339 1988 3394 sit
2039 3355 2173 3394 enu-

595 3448 830 3489 merare.
883 3430 1074 3497 Quiris
1123 3431 1272 3483 enim
1312 3445 1524 3492 eorum,
1581 3430 1678 3499 qui
1714 3431 1770 3484 in
1814 3430 1974 3485 nobis
2019 3436 2168 3494 sunt,

597 3524 843 3588 affectus,
900 3536 1024 3577 cum
1057 3522 1425 3591 praevaluerit,
1477 3521 1734 3577 dominus
1774 3521 1983 3575 subacti
2019 3529 2073 3576 et
2117 3521 2172 3576 in

598 3614 916 3668 servitutem
981 3610 1187 3666 redacti
1247 3611 1474 3666 exstitit.
1533 3611 1609 3665 Ac
1670 3611 1838 3666 veluti
1903 3619 2173 3682 tyrannus

597 3704 871 3775 quispiam
901 3716 1028 3757 arce
1074 3702 1242 3756 animi
1266 3709 1556 3772 occupata,
1583 3717 1679 3770 per
1711 3702 1861 3772 ipsos
1920 3702 2172 3758 subditos

597 3803 844 3852 vexatae
879 3793 1065 3864 afﬂigit
1092 3792 1433 3856 obedientes,
1472 3792 1743 3848 ministris
1773 3794 1838 3847 ad
1890 3794 1964 3857 id,
2023 3795 2174 3864 quod

596 3889 647 3944 ei
687 3887 945 3958 placitum
979 3884 1166 3950 fuerit,
1195 3884 1402 3939 nostris
1445 3883 1875 3954 cogitationibus
1915 3884 2170 3942 abutens:

606 3983 690 4038 sic
715 3980 817 4044 ira,
845 3979 927 4034 sic
966 3984 1169 4041 metus,
1203 3975 1285 4030 sic
1313 3974 1602 4036 timiditas.
1631 3975 1712 4030 sic
1735 3973 1990 4038 audacia,
2015 3977 2173 4048 aegri-

601 4069 812 4126 tudinis
846 4070 1056 4141 pariter
1083 4074 1138 4123 et
1187 4067 1488 4137 voluptatis
1522 4066 1769 4132 allectus,
1807 4069 2019 4133 odium,
2047 4083 2176 4125 con-

598 4157 1296 4226 tentio,immisericordia,
1333 4159 1560 4222 szevitia,
1597 4157 1809 4222 feritas,
1855 4159 2172 4213 inhumani-

598 4266 810 4320 tasque,
840 4250 1063 4315 invidia,
1099 4249 1426 4313 assensatio,
1478 4249 1808 4318 injuriarum
1861 4261 2018 4304 tenax
2058 4266 2175 4304 me-

599 4345 775 4397 moria
837 4342 1044 4412 pariter
1099 4349 1154 4394 ct
1197 4340 1518 4403 indolentia,
1585 4349 1640 4395 et
1673 4356 1886 4405 omnes,
1946 4343 2040 4411 qui
2075 4356 2173 4410 per

597 4433 940 4489 contrarium
978 4432 1034 4486 in
1065 4431 1224 4486 nobis
1259 4430 1645 4500 intelliguntur
1674 4431 1904 4487 allectus
1947 4440 2001 4485 et
2047 4447 2174 4501 per-

2272 3338 2379 3392 τῶν
2421 3339 2815 3409 ἀπαρίθμησις,
2863 3340 2971 3392 τῶν
3026 3339 3160 3410 πρὸς
3212 3338 3274 3390 τὸ
3332 3338 3454 3391 ἴδιον
3501 3337 3664 3406 κράτος
3702 3333 3765 3402 τὴν

2272 3429 2448 3501 ψθχην
2484 3427 2593 3483 οἷόν
2636 3448 2756 3484 τινα
2789 3430 3120 3502 δορυάλωτον
3170 3428 3628 3482 καταδουλούντων.
3661 3427 3705 3478 Ei
3729 3424 3764 3476 δέ

2273 3538 2355 3583 τις
2399 3522 2493 3575 καὶ
2532 3521 2631 3585 τὰς
2669 3521 2798 3593 περὶ
2840 3522 2900 3574 τὸ
2949 3521 3107 3592 σῶμα
3146 3523 3429 3594 συμφορὰς
3459 3518 3763 3588 ἀναλογίζοιτο,

2272 3612 2369 3676 τάς
2393 3616 2459 3684 τῇ
2495 3613 2654 3683 φύσει
2684 3613 2839 3684 ἡμῶν
2882 3613 3374 3684 συμπεπλεγμένας
3412 3631 3466 3668 τε
3492 3607 3584 3667 ’καὶ
3607 3626 3767 3679 συστρεο

2274 3706 2532 3778 φομένας,
2569 3707 2667 3770 τὰς
2712 3707 2959 3768 ποικίλας
3003 3706 3147 3774 λέγω
3199 3707 3293 3762 καὶ
3349 3707 3671 3776 πολυτρόπους
3695 3701 3765 3753 τῶν

2274 3799 2594 3870 νοσημάτων
2644 3799 2806 3862 ἰδέας,
2857 3791 2932 3852 ὧν
2969 3798 3186 3852 πάντων
3225 3799 3289 3852 τὸ
3329 3801 3445 3853 κατ’
3486 3796 3634 3868 ἀρχὰς
3662 3791 3767 3847 dmi-

2278 3907 2436 3962 ρατον
2467 3885 2534 3960 ἦν
2571 3889 2631 3942 τὸ
2666 3887 3021 3960 ἀνθρώπινον,
3058 3888 3192 3942 πολὺ
3237 3889 3432 3960 μᾶλλον
3468 3887 3703 3940 πλεονάσει
3729 3880 3768 3932 τὸ

2273 3981 2524 4051 δάκρυον,
2557 3982 2620 4033 ἐκ
2657 3980 2997 4051 παραλλήλου
3047 3981 3268 4050 θεωρῶν
3319 3982 3437 4035 ἀντὶ
3479 3979 3574 4034 τῶν
3613 3973 3769 4044 ἀγαθῶν

2274 4070 2342 4124 τὰ
2384 4069 2622 4140 λυπηρὰ,
2667 4070 2762 4122 καὶ
2801 4069 3242 4140 ἀντιπαρατιθεὶς
3281 4068 3348 4122 τὰ
3394 4067 3528 4122 κακὰ
3564 4067 3655 4126 τοῖς
3686 4059 3768 4130 βελ-

2272 4161 2462 4214 τίοσιν.
2503 4160 2672 4214 Τοῦτο
2712 4156 2805 4215 οὖν
2843 4160 3014 4214 ἔοικεν
3069 4163 3126 4214 ἐν
3173 4161 3466 4232 ἀπορρήτῳ
3507 4151 3771 4211 διδάσκεινό

2279 4252 2592 4324 μακαρίζων
2633 4252 2695 4305 τὸ
2746 4253 2954 4318 πένθος,
2997 4254 3056 4307 τὸ
3094 4253 3229 4324 πρὸς
3268 4254 3327 4305 τὸ
3362 4250 3591 4322 ἀληθινὸν
3626 4242 3768 4312 ἀγαθὸν

2274 4343 2372 4414 τὴν
2419 4343 2596 4414 ψυχὴν
2647 4343 2884 4412 βλέπειν,
2937 4345 3068 4414 μηδὲ
3111 4347 3175 4416 τῇ
3232 4343 3472 4416 παρούσῃ
3521 4341 3672 4409 ἀπάτῃ
3707 4330 3768 4386 τοῦ

2278 4433 2393 4504 βίου
2431 4434 2962 4499 καταϐαπτίζεσθαι·
3004 4436 3066 4488 οὐ
3102 4435 3212 4504 γὰρ
3251 4435 3394 4488 ἔστιν
3431 4434 3544 4486 οὕτε
3577 4425 3770 4494 ἀδακρυτὶ

597 4523 962 4584 tnrbationes,
995 4529 1354 4592 tyrannorum
1410 4519 1777 4588 quorumdam
1810 4536 1874 4574 ac
1916 4521 2170 4575 domino-

2280 4525 2377 4598 ζῇν
2415 4526 2504 4580 τὸν
2541 4525 2951 4598 ἐπεσκεμμένον
2987 4527 3053 4580 δι’
3095 4526 3379 4596 ἀκριϐείας
3413 4525 3478 4576 τὰ
3525 4521 3769 4594 πράγματα.

603 4629 745 4679 rmn,
787 4627 889 4682 pro
938 4627 1038 4668 suo
1087 4611 1314 4682 imperio
1375 4611 1617 4666 animam
1675 4613 1844 4668 veluti
1899 4613 2170 4683 captivam

601 4704 896 4776 quamdam
940 4703 1329 4774 subigentium,
1382 4702 1730 4758 enumeratio
1779 4713 1882 4759 est.
1911 4705 2069 4770 Quod
2125 4705 2170 4759 si

598 4796 725 4866 quis
761 4795 925 4850 etiam
954 4793 1256 4865 perpendat
1287 4794 1624 4850 calamitates
1669 4795 1942 4865 corporis,
1974 4797 2173 4867 quibus

596 4895 792 4942 natura
817 4893 1005 4942 nostra
1039 4884 1384 4941 conflictatur
1413 4896 1469 4942 et
1499 4887 1781 4957 implicata
1808 4893 1914 4952 ’est,
1965 4889 2170 4955 varias,

595 4979 839 5049 inquam,
871 4988 925 5034 et
949 4977 1297 5033 multimodas
1328 4979 1640 5033 morborum
1680 4980 1916 5050 species,
1936 4997 2170 5051 quorum

593 5072 838 5125 omnium
872 5085 1069 5140 expers
1100 5077 1155 5126 et
1201 5071 1444 5126 immune
1495 5081 1615 5125 erat
1671 5072 1738 5127 ab
1786 5072 1947 5129 initio
1993 5089 2168 5144 genus

594 5164 916 5228 humanum,
984 5162 1155 5218 multo
1217 5163 1652 5219 abundantiores
1713 5164 1988 5237 lacrymas
2033 5181 2166 5235 pro-

597 5257 813 5321 fundet,
843 5256 970 5310 dum
999 5270 1098 5326 pro
1131 5256 1291 5311 bonis
1320 5272 1408 5312 res
1443 5256 1635 5313 tristes
1677 5265 1731 5312 et
1760 5258 1990 5313 acerbas
2035 5257 2164 5311 invi-

593 5365 710 5404 cem
746 5347 1078 5410 considerat,
1105 5347 1453 5402 incommoda
1470 5347 1778 5403 commodis
1797 5350 2170 5416 comparando

593 5437 844 5508 opponit.
880 5436 995 5492 Hoc
1042 5438 1211 5508 igitur
1245 5438 1481 5493 latenter
1515 5447 1570 5494 et
1592 5439 1812 5494 occulte
1857 5438 2058 5493 docere
2091 5439 2172 5493 vi-

593 5529 774 5588 detur,
805 5529 898 5597 qui
940 5529 1150 5584 luctum
1173 5529 1404 5584 'beatum
1438 5545 1561 5584 esse
1583 5529 1870 5598 praedicat,
1905 5529 2165 5583 nimirum

594 5624 654 5670 ut
687 5618 870 5671 anima
896 5633 1084 5673 verum
1124 5618 1329 5673 bonum
1386 5619 1697 5679 intueatur,
1749 5635 1888 5675 neve
1932 5635 2170 5690 praesen-

592 5707 665 5763 tis
696 5708 822 5763 vitae
843 5709 1031 5766 fraude
1063 5709 1420 5780 immergatur
1442 5729 1456 5764 :
1478 5709 1597 5765 fieri
1640 5709 1784 5766 enim
1829 5726 1934 5766 non
1965 5720 2164 5781 potest,

593 5806 654 5854 ut
690 5800 773 5855 vel
835 5801 957 5856 sine
989 5802 1249 5874 lacrymis
1283 5803 1452 5865 vivat.
1488 5802 1535 5859 si
1574 5801 1703 5874 quis
1744 5801 2036 5874 diligenter
2075 5818 2166 5858 res

2276 4617 2398 4672 οὔτε
2435 4620 2494 4672 ἐν
2539 4619 2798 4689 λυπηροῖς
2844 4614 2980 4671 εἷναι
3021 4617 3259 4687 νομίζειν
3296 4618 3386 4671 τὸν
3424 4619 3534 4678 ταῖς
3567 4609 3770 4683 βιωτικαῖς

2276 4709 2490 4779 ἡδοναῖς
2533 4709 2900 4779 ἐμϐαθύνοντα
2923 4725 2936 4739 ·
2974 4707 3224 4779 καθάπερ
3260 4710 3354 4762 ἐπὶ
3402 4707 3504 4761 τῶν
3549 4704 3713 4769 ἀλόγων
3732 4695 3772 4747 τὸ

2275 4799 2512 4854 τοιοῦτον
2554 4797 2700 4854 ἔστιν
2742 4800 2900 4852 ίδεῖν·
2937 4793 3018 4862 οἷς
3059 4797 3262 4868 ἐλεεινὴ
3299 4799 3396 4867 μὲν
3435 4800 3467 4867 ἡ
3504 4796 3589 4864 τῆς
3619 4783 3772 4860 φύσεώς

2277 4893 2394 4944 ἐστι
2418 4895 2727 4961 κατασκευή
2750 4908 2762 4920 ο
2792 4890 2867 4962 (τί
2903 4889 3011 4961 γὰρ
3049 4889 3405 4960 ἐλεεινότερον
3439 4888 3530 4958 τῆς
3556 4883 3634 4937 τοῦ
3661 4879 3770 4943 λόγου

2280 4977 2650 5052 στερήσεως;)
2683 4978 2933 5049 αἴσθησις
2967 4979 3023 5032 δὲ
3049 4979 3148 5047 τῆς
3172 4980 3454 5048 συμφορᾶς
3488 4976 3646 5033 αὐτοῖς
3673 4966 3771 5020 οὐδε·

2281 5072 2399 5140 μία,
2440 5070 2575 5124 ἀλλὰ
2612 5069 2752 5124 κατά
2788 5085 2908 5122 τινα
2945 5068 3134 5139 ἡδονὴν
3174 5069 3443 5130 κάκείνοις
3481 5068 3511 5136 ἡ
3553 5063 3648 5130 ζωὴ
3676 5055 3770 5117 διεξ-

2277 5164 2464 5231 άγεται
2483 5179 2496 5192 ο
2525 5161 2618 5214 καὶ
2648 5161 2676 5212 ό
2702 5159 2863 5222 ἵππος
2888 5160 3109 5229 γαυριᾷ,
3137 5158 3231 5212 καὶ
3268 5160 3295 5212 ὀ
3327 5157 3515 5227 ταῦρος
3547 5149 3770 5212 κονίζεται·

2275 5256 2367 5308 καὶ
2392 5254 2421 5306 ὁ
2452 5255 2548 5316 σὺς
2575 5252 2791 5323 φρίσσει
2823 5253 2922 5322 τὴν
2959 5250 3178 5320 λοφιὰν
3206 5252 3299 5305 καὶ
3336 5251 3384 5303 οί
3420 5248 3654 5306 σκύλακες
3685 5236 3770 5289 πεί·

2274 5345 2447 5411 ζουσι,
2471 5343 2565 5398 καὶ
2588 5343 2970 5414 διασκιρτῶσιν
3006 5343 3056 5396 οἱ
3097 5342 3305 5413 μόσχοι,
3346 5339 3441 5393 καὶ
3481 5326 3774 5391 ἕκαστοντῶν

2220 5431 2228 5437 ’
2273 5436 2427 5501 ζώων
2467 5434 2610 5489 ἐστιν
2652 5436 2779 5488 ίδεῖν
2815 5435 2904 5488 διά
2960 5452 3116 5488 τινων
3150 5432 3458 5504 τεκμηρίων
3503 5429 3592 5498 τὴν
3637 5416 3774 5492 ἡδονὴν

2271 5527 2694 5597 ἐνδεικνύμενον,
2744 5520 2825 5589 οἷς
2891 5525 2945 5578 εἴ
3000 5543 3084 5589 τις
3143 5525 3463 5595 κατανόησις
3514 5517 3575 5590 ἦν
3593 5517 3672 5584 τῆς
3711 5504 3774 5560 τοῦ

2269 5617 2426 5688 λόγου
2459 5618 2696 5688 χάριτος,
2731 5617 2830 5671 οὐκ
2867 5616 2932 5671 ἂν
2969 5617 3059 5670 τὸν
3096 5617 3276 5686 κωφὸν
3313 5615 3490 5669 αὐτῶν
3527 5610 3607 5664 καὶ
3645 5598 3774 5658 ταλαί·

2271 5727 2452 5781 πωρον
2491 5709 2601 5780 βίον
2633 5710 2690 5762 ὲν
2721 5709 2880 5780 ἡδονῇ
2913 5708 3220 5762 διετίθεντο.
3263 5707 3447 5768 Οὕτως
3483 5702 3567 5756 καὶ
3597 5697 3672 5751 ἐπὶ
3701 5688 3771 5742 τῶν

2271 5798 2593 5871 ἀνθρώπων,
2649 5794 2737 5863 οἷς
2782 5798 3008 5870 οὐδεμία
3055 5799 3163 5855 τῶν
3215 5797 3430 5867 ἀγαθῶν
3475 5796 3578 5847 ἐστι
3609 5783 3768 5856 γνῶσκο
