  <div class='ocr_page' id='page_1' title='image "/cluster/home/n/w/nwhite01/storage/ocr_20150623/44/hvd.32044012542270/624.png"; bbox 0 0 4004 6520; ppageno 0'>
   <div class='ocr_carea' id='block_1_1' title="bbox 234 390 1827 451">
    <p class='ocr_par' dir='ltr' id='par_1_1' title="bbox 234 390 1827 451">
     <span class='ocr_line' id='line_1_1' title="bbox 234 390 1827 451; baseline -0.001 -2"><span class='ocrx_word' id='word_1_1' title='bbox 234 401 371 451; x_wconf 60' lang='grc' dir='ltr'><strong>ιττθ</strong></span> <span class='ocrx_word' id='word_1_2' title='bbox 1296 392 1385 445; x_wconf 81' lang='lat' dir='ltr'><strong>DE</strong></span> <span class='ocrx_word' id='word_1_3' title='bbox 1416 390 1827 447; x_wconf 71' lang='lat' dir='ltr'><strong>BEATITUDIN</strong></span> 
     </span>
    </p>
   </div>
   <div class='ocr_carea' id='block_1_2' title="bbox 1929 390 3503 451">
    <p class='ocr_par' dir='ltr' id='par_1_2' title="bbox 1929 391 3503 449">
     <span class='ocr_line' id='line_1_2' title="bbox 1929 391 3503 449; baseline -0.003 0"><span class='ocrx_word' id='word_1_4' title='bbox 1929 392 2014 449; x_wconf 81' lang='lat' dir='ltr'><strong>JS.</strong></span> <span class='ocrx_word' id='word_1_5' title='bbox 2049 394 2309 448; x_wconf 69' lang='lat' dir='ltr'><strong>ORATIO</strong></span> <span class='ocrx_word' id='word_1_6' title='bbox 2350 394 2435 447; x_wconf 89' lang='lat' dir='ltr'><strong>lll.</strong></span> <span class='ocrx_word' id='word_1_7' title='bbox 3362 391 3503 445; x_wconf 61' lang='lat'><strong>“:30</strong></span> 
     </span>
    </p>
   </div>
   <div class='ocr_carea' id='block_1_3' title="bbox 225 501 1827 579">
    <p class='ocr_par' dir='ltr' id='par_1_3' title="bbox 225 501 1827 579">
     <span class='ocr_line' id='line_1_3' title="bbox 225 501 1827 579; baseline -0.001 -18"><span class='ocrx_word' id='word_1_8' title='bbox 225 501 304 561; x_wconf 80' lang='grc' dir='ltr'><strong>ὧν</strong></span> <span class='ocrx_word' id='word_1_9' title='bbox 341 510 375 578; x_wconf 77' lang='grc' dir='ltr'><strong>ἡ</strong></span> <span class='ocrx_word' id='word_1_10' title='bbox 414 507 576 579; x_wconf 83' lang='grc' dir='ltr'><strong>φύσις</strong></span> <span class='ocrx_word' id='word_1_11' title='bbox 610 505 771 578; x_wconf 80' lang='grc' dir='ltr'><strong>ἡμῶν</strong></span> <span class='ocrx_word' id='word_1_12' title='bbox 799 505 1191 577; x_wconf 79' lang='grc' dir='ltr'><strong>ἀπεστέρηται,</strong></span> <span class='ocrx_word' id='word_1_13' title='bbox 1230 504 1439 569; x_wconf 82' lang='grc' dir='ltr'><strong>τούτοις</strong></span> <span class='ocrx_word' id='word_1_14' title='bbox 1478 505 1599 560; x_wconf 80' lang='grc' dir='ltr'><strong>καθ’</strong></span> <span class='ocrx_word' id='word_1_15' title='bbox 1639 506 1827 577; x_wconf 71' lang='grc' dir='ltr'><strong>ἡδονὴν</strong></span> 
     </span>
    </p>
   </div>
   <div class='ocr_carea' id='block_1_4' title="bbox 1929 501 3508 579">
    <p class='ocr_par' dir='ltr' id='par_1_4' title="bbox 1934 503 3508 578">
     <span class='ocr_line' id='line_1_4' title="bbox 1934 503 3508 578; baseline -0.003 -16"><span class='ocrx_word' id='word_1_16' title='bbox 1934 508 2234 578; x_wconf 77' lang='lat' dir='ltr'><strong>inspexerit</strong></span> <span class='ocrx_word' id='word_1_17' title='bbox 2271 518 2325 564; x_wconf 91' lang='lat' dir='ltr'><strong>et</strong></span> <span class='ocrx_word' id='word_1_18' title='bbox 2348 507 2802 569; x_wconf 86' lang='lat' dir='ltr'><strong>consideraverit,</strong></span> <span class='ocrx_word' id='word_1_19' title='bbox 2836 507 2919 562; x_wconf 86' lang='lat' dir='ltr'><strong>vel</strong></span> <span class='ocrx_word' id='word_1_20' title='bbox 2955 521 3064 562; x_wconf 89' lang='lat' dir='ltr'><strong>non</strong></span> <span class='ocrx_word' id='word_1_21' title='bbox 3099 506 3153 559; x_wconf 93' lang='lat' dir='ltr'><strong>in</strong></span> <span class='ocrx_word' id='word_1_22' title='bbox 3191 503 3358 559; x_wconf 83' lang='lat' dir='ltr'><strong>rebus</strong></span> <span class='ocrx_word' id='word_1_23' title='bbox 3405 505 3508 557; x_wconf 81' lang='lat' dir='ltr'><strong>tri-</strong></span> 
     </span>
    </p>
   </div>
   <div class='ocr_carea' id='block_1_5' title="bbox 228 594 1827 671">
    <p class='ocr_par' dir='ltr' id='par_1_5' title="bbox 228 597 1222 671">
     <span class='ocr_line' id='line_1_5' title="bbox 228 597 1222 671; baseline -0.003 -17"><span class='ocrx_word' id='word_1_24' title='bbox 228 601 264 671; x_wconf 76' lang='grc' dir='ltr'>ἠ</span> <span class='ocrx_word' id='word_1_25' title='bbox 303 600 404 671; x_wconf 88' lang='grc' dir='ltr'><strong>τῆς</strong></span> <span class='ocrx_word' id='word_1_26' title='bbox 455 599 738 671; x_wconf 78' lang='grc' dir='ltr'><strong>παρούσης</strong></span> <span class='ocrx_word' id='word_1_27' title='bbox 776 599 920 668; x_wconf 82' lang='grc' dir='ltr'><strong>ζωῆς</strong></span> <span class='ocrx_word' id='word_1_28' title='bbox 954 597 1222 667; x_wconf 71' lang='grc' dir='ltr'><strong>διαγωγή.</strong></span> 
     </span>
    </p>
   </div>
   <div class='ocr_carea' id='block_1_6' title="bbox 1929 594 3507 671">
    <p class='ocr_par' dir='ltr' id='par_1_6' title="bbox 1936 594 3507 665">
     <span class='ocr_line' id='line_1_6' title="bbox 1936 594 3507 665; baseline -0.004 -11"><span class='ocrx_word' id='word_1_29' title='bbox 1936 599 2112 654; x_wconf 83' lang='lat' dir='ltr'><strong>stibus</strong></span> <span class='ocrx_word' id='word_1_30' title='bbox 2154 604 2206 651; x_wconf 83' lang='lat' dir='ltr'><strong>et</strong></span> <span class='ocrx_word' id='word_1_31' title='bbox 2236 600 2449 654; x_wconf 86' lang='lat' dir='ltr'><strong>acerbis</strong></span> <span class='ocrx_word' id='word_1_32' title='bbox 2487 598 2694 653; x_wconf 85' lang='lat' dir='ltr'><strong>versari</strong></span> <span class='ocrx_word' id='word_1_33' title='bbox 2735 598 3014 654; x_wconf 72' lang='lat' dir='ltr'><strong>existimet</strong></span> <span class='ocrx_word' id='word_1_34' title='bbox 3041 611 3187 659; x_wconf 91' lang='lat' dir='ltr'><strong>eum,</strong></span> <span class='ocrx_word' id='word_1_35' title='bbox 3214 594 3309 665; x_wconf 92' lang='lat' dir='ltr'><strong>qui</strong></span> <span class='ocrx_word' id='word_1_36' title='bbox 3337 594 3507 664; x_wconf 82' lang='lat' dir='ltr'><strong>hujus</strong></span> 
     </span>
    </p>
   </div>
   <div class='ocr_carea' id='block_1_7' title="bbox 228 691 3508 764">
    <p class='ocr_par' dir='ltr' id='par_1_7' title="bbox 228 691 3508 764">
     <span class='ocr_line' id='line_1_7' title="bbox 228 691 3508 764; baseline -0.001 -18"><span class='ocrx_word' id='word_1_37' title='bbox 228 694 357 747; x_wconf 64' lang='lat' dir='ltr'><strong>vitae</strong></span> <span class='ocrx_word' id='word_1_38' title='bbox 391 693 768 763; x_wconf 70' lang='lat' dir='ltr'><strong>voluptatibus</strong></span> <span class='ocrx_word' id='word_1_39' title='bbox 800 708 924 747; x_wconf 91' lang='lat' dir='ltr'><strong>sese</strong></span> <span class='ocrx_word' id='word_1_40' title='bbox 961 692 1265 763; x_wconf 84' lang='lat' dir='ltr'><strong>immergat.</strong></span> <span class='ocrx_word' id='word_1_41' title='bbox 1318 691 1793 759; x_wconf 84' lang='lat' dir='ltr'><strong>Quemadmodum</strong></span> <span class='ocrx_word' id='word_1_42' title='bbox 1832 693 1888 747; x_wconf 95' lang='lat' dir='ltr'><strong>in</strong></span> <span class='ocrx_word' id='word_1_43' title='bbox 1950 693 2129 750; x_wconf 87' lang='lat' dir='ltr'><strong>brutis</strong></span> <span class='ocrx_word' id='word_1_44' title='bbox 2169 704 2222 749; x_wconf 91' lang='lat' dir='ltr'><strong>et</strong></span> <span class='ocrx_word' id='word_1_45' title='bbox 2264 694 2499 749; x_wconf 84' lang='lat' dir='ltr'><strong>rationis</strong></span> <span class='ocrx_word' id='word_1_46' title='bbox 2535 695 2856 764; x_wconf 74' lang='lat' dir='ltr'><strong>expertibus</strong></span> <span class='ocrx_word' id='word_1_47' title='bbox 2896 692 3229 749; x_wconf 84' lang='lat' dir='ltr'><strong>animalibus</strong></span> <span class='ocrx_word' id='word_1_48' title='bbox 3292 691 3347 746; x_wconf 90' lang='lat' dir='ltr'><strong>id</strong></span> <span class='ocrx_word' id='word_1_49' title='bbox 3424 691 3508 743; x_wconf 89' lang='lat' dir='ltr'><strong>vi-</strong></span> 
     </span>
    </p>
   </div>
   <div class='ocr_carea' id='block_1_8' title="bbox 227 785 3510 859">
    <p class='ocr_par' dir='ltr' id='par_1_8' title="bbox 227 785 3510 859">
     <span class='ocr_line' id='line_1_8' title="bbox 227 785 3510 859; baseline -0.002 -18"><span class='ocrx_word' id='word_1_50' title='bbox 227 785 363 841; x_wconf 87' lang='lat' dir='ltr'><strong>dere</strong></span> <span class='ocrx_word' id='word_1_51' title='bbox 395 786 522 841; x_wconf 88' lang='lat' dir='ltr'><strong>licet</strong></span> <span class='ocrx_word' id='word_1_52' title='bbox 556 804 572 840; x_wconf 91' lang='lat'><strong>:</strong></span> <span class='ocrx_word' id='word_1_53' title='bbox 607 786 808 856; x_wconf 84' lang='lat' dir='ltr'><strong>quibus</strong></span> <span class='ocrx_word' id='word_1_54' title='bbox 831 785 1160 841; x_wconf 81' lang='lat' dir='ltr'><strong>miserabiiis</strong></span> <span class='ocrx_word' id='word_1_55' title='bbox 1192 787 1409 856; x_wconf 84' lang='lat' dir='ltr'><strong>quidem</strong></span> <span class='ocrx_word' id='word_1_56' title='bbox 1476 796 1685 849; x_wconf 70' lang='lat' dir='ltr'><strong>natura:</strong></span> <span class='ocrx_word' id='word_1_57' title='bbox 1760 786 2081 842; x_wconf 88' lang='lat' dir='ltr'><strong>constitutio</strong></span> <span class='ocrx_word' id='word_1_58' title='bbox 2124 787 2276 859; x_wconf 89' lang='lat' dir='ltr'><strong>(quid</strong></span> <span class='ocrx_word' id='word_1_59' title='bbox 2333 789 2473 842; x_wconf 81' lang='lat' dir='ltr'><strong>enim</strong></span> <span class='ocrx_word' id='word_1_60' title='bbox 2518 788 2885 843; x_wconf 82' lang='lat' dir='ltr'><strong>miserabilius</strong></span> <span class='ocrx_word' id='word_1_61' title='bbox 2961 786 3268 857; x_wconf 81' lang='lat' dir='ltr'><strong>privatione</strong></span> <span class='ocrx_word' id='word_1_62' title='bbox 3313 797 3510 838; x_wconf 88' lang='lat' dir='ltr'><strong>caren-</strong></span> 
     </span>
    </p>
   </div>
   <div class='ocr_carea' id='block_1_9' title="bbox 229 877 3509 952">
    <p class='ocr_par' dir='ltr' id='par_1_9' title="bbox 229 877 3509 952">
     <span class='ocr_line' id='line_1_9' title="bbox 229 877 3509 952; baseline -0.002 -17"><span class='ocrx_word' id='word_1_63' title='bbox 229 881 422 952; x_wconf 89' lang='lat' dir='ltr'><strong>tiaque</strong></span> <span class='ocrx_word' id='word_1_64' title='bbox 447 882 677 937; x_wconf 83' lang='lat' dir='ltr'><strong>rationis</strong></span> <span class='ocrx_word' id='word_1_65' title='bbox 698 889 782 937; x_wconf 90' lang='lat' dir='ltr'><strong>est</strong></span> <span class='ocrx_word' id='word_1_66' title='bbox 801 880 868 951; x_wconf 62' lang='grc' dir='ltr'><strong>ἵ),</strong></span> <span class='ocrx_word' id='word_1_67' title='bbox 909 897 1133 937; x_wconf 88' lang='lat' dir='ltr'><strong>sensum</strong></span> <span class='ocrx_word' id='word_1_68' title='bbox 1170 897 1303 938; x_wconf 87' lang='lat' dir='ltr'><strong>vero</strong></span> <span class='ocrx_word' id='word_1_69' title='bbox 1333 882 1664 937; x_wconf 86' lang='lat' dir='ltr'><strong>calamitatis</strong></span> <span class='ocrx_word' id='word_1_70' title='bbox 1714 882 1925 936; x_wconf 89' lang='lat' dir='ltr'><strong>nullum</strong></span> <span class='ocrx_word' id='word_1_71' title='bbox 1992 883 2235 947; x_wconf 88' lang='lat' dir='ltr'><strong>habent,</strong></span> <span class='ocrx_word' id='word_1_72' title='bbox 2292 884 2388 939; x_wconf 85' lang='lat' dir='ltr'><strong>sed</strong></span> <span class='ocrx_word' id='word_1_73' title='bbox 2437 898 2532 952; x_wconf 91' lang='lat' dir='ltr'><strong>per</strong></span> <span class='ocrx_word' id='word_1_74' title='bbox 2590 882 2881 952; x_wconf 86' lang='lat' dir='ltr'><strong>quamdam</strong></span> <span class='ocrx_word' id='word_1_75' title='bbox 2956 880 3289 949; x_wconf 84' lang='lat' dir='ltr'><strong>voluptatem</strong></span> <span class='ocrx_word' id='word_1_76' title='bbox 3340 877 3509 931; x_wconf 88' lang='lat' dir='ltr'><strong>etiam</strong></span> 
     </span>
    </p>
   </div>
   <div class='ocr_carea' id='block_1_10' title="bbox 230 967 3509 1049">
    <p class='ocr_par' dir='ltr' id='par_1_10' title="bbox 230 967 3509 1049">
     <span class='ocr_line' id='line_1_10' title="bbox 230 967 3509 1049; baseline -0.003 -19"><span class='ocrx_word' id='word_1_77' title='bbox 230 977 303 1031; x_wconf 86' lang='lat' dir='ltr'><strong>ab</strong></span> <span class='ocrx_word' id='word_1_78' title='bbox 332 975 443 1031; x_wconf 87' lang='lat' dir='ltr'><strong>illis</strong></span> <span class='ocrx_word' id='word_1_79' title='bbox 476 977 588 1031; x_wconf 89' lang='lat' dir='ltr'><strong>vita</strong></span> <span class='ocrx_word' id='word_1_80' title='bbox 619 977 979 1048; x_wconf 75' lang='lat' dir='ltr'><strong>transigitur:</strong></span> <span class='ocrx_word' id='word_1_81' title='bbox 1007 978 1255 1048; x_wconf 82' lang='lat' dir='ltr'><strong>superbit</strong></span> <span class='ocrx_word' id='word_1_82' title='bbox 1294 986 1349 1032; x_wconf 90' lang='lat' dir='ltr'><strong>et</strong></span> <span class='ocrx_word' id='word_1_83' title='bbox 1378 976 1571 1033; x_wconf 83' lang='lat' dir='ltr'><strong>ierocit</strong></span> <span class='ocrx_word' id='word_1_84' title='bbox 1601 992 1797 1048; x_wconf 89' lang='lat' dir='ltr'><strong>equus;</strong></span> <span class='ocrx_word' id='word_1_85' title='bbox 1837 984 2032 1034; x_wconf 82' lang='lat' dir='ltr'><strong>taurus</strong></span> <span class='ocrx_word' id='word_1_86' title='bbox 2067 980 2343 1047; x_wconf 86' lang='lat' dir='ltr'><strong>pulverem</strong></span> <span class='ocrx_word' id='word_1_87' title='bbox 2405 978 2655 1049; x_wconf 87' lang='lat' dir='ltr'><strong>spargit;</strong></span> <span class='ocrx_word' id='word_1_88' title='bbox 2707 992 2804 1033; x_wconf 90' lang='lat' dir='ltr'><strong>sus</strong></span> <span class='ocrx_word' id='word_1_89' title='bbox 2873 975 3033 1046; x_wconf 90' lang='lat' dir='ltr'><strong>erigit</strong></span> <span class='ocrx_word' id='word_1_90' title='bbox 3089 981 3272 1037; x_wconf 89' lang='lat' dir='ltr'><strong>setas;</strong></span> <span class='ocrx_word' id='word_1_91' title='bbox 3339 967 3509 1025; x_wconf 85' lang='lat' dir='ltr'><strong>catuli</strong></span> 
     </span>
    </p>
   </div>
   <div class='ocr_carea' id='block_1_11' title="bbox 232 1062 3487 1144">
    <p class='ocr_par' dir='ltr' id='par_1_11' title="bbox 232 1062 3487 1144">
     <span class='ocr_line' id='line_1_11' title="bbox 232 1062 3487 1144; baseline -0.003 -19"><span class='ocrx_word' id='word_1_92' title='bbox 232 1071 466 1139; x_wconf 88' lang='lat' dir='ltr'><strong>ludunt;</strong></span> <span class='ocrx_word' id='word_1_93' title='bbox 494 1072 650 1127; x_wconf 92' lang='lat' dir='ltr'><strong>vituli</strong></span> <span class='ocrx_word' id='word_1_94' title='bbox 682 1073 919 1139; x_wconf 89' lang='lat' dir='ltr'><strong>saltant;</strong></span> <span class='ocrx_word' id='word_1_95' title='bbox 956 1081 1119 1144; x_wconf 87' lang='lat' dir='ltr'><strong>atque</strong></span> <span class='ocrx_word' id='word_1_96' title='bbox 1153 1073 1581 1144; x_wconf 84' lang='lat' dir='ltr'><strong>unumquodque</strong></span> <span class='ocrx_word' id='word_1_97' title='bbox 1604 1074 1803 1128; x_wconf 91' lang='lat' dir='ltr'><strong>animal</strong></span> <span class='ocrx_word' id='word_1_98' title='bbox 1846 1075 2027 1128; x_wconf 85' lang='lat' dir='ltr'><strong>videre</strong></span> <span class='ocrx_word' id='word_1_99' title='bbox 2057 1075 2183 1129; x_wconf 88' lang='lat' dir='ltr'><strong>licet</strong></span> <span class='ocrx_word' id='word_1_100' title='bbox 2219 1090 2311 1144; x_wconf 89' lang='lat' dir='ltr'><strong>per</strong></span> <span class='ocrx_word' id='word_1_101' title='bbox 2334 1084 2485 1129; x_wconf 90' lang='lat' dir='ltr'><strong>certa</strong></span> <span class='ocrx_word' id='word_1_102' title='bbox 2511 1073 2757 1144; x_wconf 64' lang='lat' dir='ltr'><strong>quaedam</strong></span> <span class='ocrx_word' id='word_1_103' title='bbox 2816 1072 2972 1142; x_wconf 84' lang='lat' dir='ltr'><strong>signa</strong></span> <span class='ocrx_word' id='word_1_104' title='bbox 3032 1069 3368 1138; x_wconf 88' lang='lat' dir='ltr'><strong>voluptatem</strong></span> <span class='ocrx_word' id='word_1_105' title='bbox 3430 1062 3487 1115; x_wconf 94' lang='lat' dir='ltr'><strong>in</strong></span> 
     </span>
    </p>
   </div>
   <div class='ocr_carea' id='block_1_12' title="bbox 239 1162 3510 1238">
    <p class='ocr_par' dir='ltr' id='par_1_12' title="bbox 239 1162 3510 1238">
     <span class='ocr_line' id='line_1_12' title="bbox 239 1162 3510 1238; baseline -0.003 -21"><span class='ocrx_word' id='word_1_106' title='bbox 239 1162 588 1234; x_wconf 62' lang='lat' dir='ltr'><strong>dicamque:</strong></span> <span class='ocrx_word' id='word_1_107' title='bbox 622 1166 667 1221; x_wconf 90' lang='lat' dir='ltr'><strong>si</strong></span> <span class='ocrx_word' id='word_1_108' title='bbox 698 1165 931 1221; x_wconf 88' lang='lat' dir='ltr'><strong>rationis</strong></span> <span class='ocrx_word' id='word_1_109' title='bbox 953 1165 1413 1221; x_wconf 87' lang='lat' dir='ltr'><strong>oblectamentum</strong></span> <span class='ocrx_word' id='word_1_110' title='bbox 1431 1166 1616 1236; x_wconf 92' lang='lat' dir='ltr'><strong>aliquo</strong></span> <span class='ocrx_word' id='word_1_111' title='bbox 1643 1166 1805 1221; x_wconf 90' lang='lat' dir='ltr'><strong>modo</strong></span> <span class='ocrx_word' id='word_1_112' title='bbox 1840 1168 2117 1236; x_wconf 83' lang='lat' dir='ltr'><strong>cognitum</strong></span> <span class='ocrx_word' id='word_1_113' title='bbox 2154 1168 2435 1229; x_wconf 85' lang='lat' dir='ltr'><strong>baberent,</strong></span> <span class='ocrx_word' id='word_1_114' title='bbox 2500 1167 2774 1238; x_wconf 89' lang='lat' dir='ltr'><strong>stupidam</strong></span> <span class='ocrx_word' id='word_1_115' title='bbox 2811 1173 2866 1221; x_wconf 89' lang='lat' dir='ltr'><strong>et</strong></span> <span class='ocrx_word' id='word_1_116' title='bbox 2920 1173 3284 1219; x_wconf 64' lang='lat' dir='ltr'><strong>aerumnosam</strong></span> <span class='ocrx_word' id='word_1_117' title='bbox 3349 1168 3510 1211; x_wconf 87' lang='lat' dir='ltr'><strong>suam</strong></span> 
     </span>
    </p>
   </div>
   <div class='ocr_carea' id='block_1_13' title="bbox 231 1256 3510 1333">
    <p class='ocr_par' dir='ltr' id='par_1_13' title="bbox 231 1256 3510 1333">
     <span class='ocr_line' id='line_1_13' title="bbox 231 1256 3510 1333; baseline -0.002 -18"><span class='ocrx_word' id='word_1_118' title='bbox 231 1263 405 1316; x_wconf 89' lang='lat' dir='ltr'><strong>vitam</strong></span> <span class='ocrx_word' id='word_1_119' title='bbox 455 1277 579 1316; x_wconf 92' lang='lat' dir='ltr'><strong>cum</strong></span> <span class='ocrx_word' id='word_1_120' title='bbox 614 1262 893 1333; x_wconf 84' lang='lat' dir='ltr'><strong>voluptate</strong></span> <span class='ocrx_word' id='word_1_121' title='bbox 938 1271 1048 1318; x_wconf 79' lang='lat' dir='ltr'><strong>nan</strong></span> <span class='ocrx_word' id='word_1_122' title='bbox 1088 1262 1476 1333; x_wconf 82' lang='lat' dir='ltr'><strong>transigerent.</strong></span> <span class='ocrx_word' id='word_1_123' title='bbox 1535 1263 1611 1316; x_wconf 88' lang='lat' dir='ltr'><strong>Ita</strong></span> <span class='ocrx_word' id='word_1_124' title='bbox 1662 1278 1722 1318; x_wconf 92' lang='lat' dir='ltr'><strong>se</strong></span> <span class='ocrx_word' id='word_1_125' title='bbox 1772 1278 1862 1318; x_wconf 89' lang='lat' dir='ltr'><strong>res</strong></span> <span class='ocrx_word' id='word_1_126' title='bbox 1911 1266 2073 1321; x_wconf 90' lang='lat' dir='ltr'><strong>etiam</strong></span> <span class='ocrx_word' id='word_1_127' title='bbox 2133 1265 2295 1320; x_wconf 84' lang='lat' dir='ltr'><strong>habet</strong></span> <span class='ocrx_word' id='word_1_128' title='bbox 2336 1266 2390 1319; x_wconf 91' lang='lat' dir='ltr'><strong>in</strong></span> <span class='ocrx_word' id='word_1_129' title='bbox 2429 1264 2776 1327; x_wconf 86' lang='lat' dir='ltr'><strong>hominibus;</strong></span> <span class='ocrx_word' id='word_1_130' title='bbox 2826 1261 2918 1330; x_wconf 90' lang='lat' dir='ltr'><strong>qui</strong></span> <span class='ocrx_word' id='word_1_131' title='bbox 2972 1256 3510 1327; x_wconf 81' lang='lat' dir='ltr'><strong>nullamcognatio-</strong></span> 
     </span>
    </p>
   </div>
   <div class='ocr_carea' id='block_1_14' title="bbox 233 1355 3510 1433">
    <p class='ocr_par' dir='ltr' id='par_1_14' title="bbox 233 1355 3510 1433">
     <span class='ocr_line' id='line_1_14' title="bbox 233 1355 3510 1433; baseline -0.002 -21"><span class='ocrx_word' id='word_1_132' title='bbox 233 1375 359 1413; x_wconf 84' lang='lat' dir='ltr'><strong>nem</strong></span> <span class='ocrx_word' id='word_1_133' title='bbox 412 1359 614 1413; x_wconf 90' lang='lat' dir='ltr'><strong>habent</strong></span> <span class='ocrx_word' id='word_1_134' title='bbox 652 1359 869 1414; x_wconf 91' lang='lat' dir='ltr'><strong>illorum</strong></span> <span class='ocrx_word' id='word_1_135' title='bbox 914 1360 1203 1425; x_wconf 86' lang='lat' dir='ltr'><strong>bonorum,</strong></span> <span class='ocrx_word' id='word_1_136' title='bbox 1234 1360 1437 1429; x_wconf 89' lang='lat' dir='ltr'><strong>quibus</strong></span> <span class='ocrx_word' id='word_1_137' title='bbox 1476 1369 1671 1415; x_wconf 91' lang='lat' dir='ltr'><strong>natura</strong></span> <span class='ocrx_word' id='word_1_138' title='bbox 1707 1369 1896 1417; x_wconf 88' lang='lat' dir='ltr'><strong>nostra</strong></span> <span class='ocrx_word' id='word_1_139' title='bbox 1938 1366 2147 1433; x_wconf 84' lang='lat' dir='ltr'><strong>privata</strong></span> <span class='ocrx_word' id='word_1_140' title='bbox 2186 1372 2289 1427; x_wconf 87' lang='lat' dir='ltr'><strong>est,</strong></span> <span class='ocrx_word' id='word_1_141' title='bbox 2335 1364 2509 1418; x_wconf 85' lang='lat' dir='ltr'><strong>abhis</strong></span> <span class='ocrx_word' id='word_1_142' title='bbox 2562 1378 2658 1431; x_wconf 90' lang='lat' dir='ltr'><strong>per</strong></span> <span class='ocrx_word' id='word_1_143' title='bbox 2717 1362 3044 1430; x_wconf 85' lang='lat' dir='ltr'><strong>voluptatem</strong></span> <span class='ocrx_word' id='word_1_144' title='bbox 3102 1370 3343 1427; x_wconf 69' lang='lat' dir='ltr'><strong>pratsens</strong></span> <span class='ocrx_word' id='word_1_145' title='bbox 3397 1355 3510 1408; x_wconf 87' lang='lat' dir='ltr'><strong>vita</strong></span> 
     </span>
    </p>
   </div>
   <div class='ocr_carea' id='block_1_15' title="bbox 234 1450 583 1506">
    <p class='ocr_par' dir='ltr' id='par_1_15' title="bbox 234 1450 583 1506">
     <span class='ocr_line' id='line_1_15' title="bbox 234 1450 583 1506; baseline 0.006 -2"><span class='ocrx_word' id='word_1_146' title='bbox 234 1450 583 1506; x_wconf 60' lang='lat' dir='ltr'><strong>transigitur.</strong></span> 
     </span>
    </p>
   </div>
   <div class='ocr_carea' id='block_1_16' title="bbox 306 1466 1829 1621">
    <p class='ocr_par' dir='ltr' id='par_1_16' title="bbox 306 1466 1829 1621">
     <span class='ocr_line' id='line_1_16' title="bbox 306 1466 583 1506; baseline 0.004 -1"><span class='ocrx_word' id='word_1_147' title='bbox 306 1466 410 1505; x_wconf 75' lang='lat' dir='ltr'><strong>ms:</strong></span> <span class='ocrx_word' id='word_1_148' title='bbox 454 1466 583 1506; x_wconf 82' lang='lat' dir='ltr'><strong>Itur.</strong></span> 
     </span>
     <span class='ocr_line' id='line_1_17' title="bbox 306 1466 1829 1621; baseline 0.002 -23"><span class='ocrx_word' id='word_1_149' title='bbox 306 1466 685 1598; x_wconf 61' lang='grc' dir='ltr'><strong>Ἀκξλουθεῖδὲ</strong></span> <span class='ocrx_word' id='word_1_150' title='bbox 703 1544 781 1616; x_wconf 79' lang='grc' dir='ltr'><strong>τῷ</strong></span> <span class='ocrx_word' id='word_1_151' title='bbox 795 1548 907 1610; x_wconf 80' lang='grc' dir='ltr'><strong>τοῖς</strong></span> <span class='ocrx_word' id='word_1_152' title='bbox 929 1546 1191 1618; x_wconf 80' lang='grc' dir='ltr'><strong>παροῦσιν</strong></span> <span class='ocrx_word' id='word_1_153' title='bbox 1207 1548 1449 1620; x_wconf 77' lang='grc' dir='ltr'><strong>ἥδεσθαι,</strong></span> <span class='ocrx_word' id='word_1_154' title='bbox 1464 1548 1523 1602; x_wconf 87' lang='grc' dir='ltr'><strong>τδ</strong></span> <span class='ocrx_word' id='word_1_155' title='bbox 1553 1550 1628 1621; x_wconf 85' lang='grc' dir='ltr'><strong>μὴ</strong></span> <span class='ocrx_word' id='word_1_156' title='bbox 1646 1548 1829 1621; x_wconf 82' lang='grc' dir='ltr'><strong>ζητεῖν</strong></span> 
     </span>
    </p>
   </div>
   <div class='ocr_carea' id='block_1_17' title="bbox 231 1636 1830 1710">
    <p class='ocr_par' dir='ltr' id='par_1_17' title="bbox 231 1636 1830 1710">
     <span class='ocr_line' id='line_1_18' title="bbox 231 1636 1830 1710; baseline 0.001 -20"><span class='ocrx_word' id='word_1_157' title='bbox 231 1638 305 1690; x_wconf 83' lang='grc' dir='ltr'><strong>τά</strong></span> <span class='ocrx_word' id='word_1_158' title='bbox 328 1636 542 1708; x_wconf 83' lang='grc' dir='ltr'><strong>βελτίω.</strong></span> <span class='ocrx_word' id='word_1_159' title='bbox 569 1637 629 1689; x_wconf 86' lang='lat'><strong>&#39;0</strong></span> <span class='ocrx_word' id='word_1_160' title='bbox 650 1636 706 1689; x_wconf 83' lang='grc' dir='ltr'><strong>δὲ</strong></span> <span class='ocrx_word' id='word_1_161' title='bbox 732 1636 807 1707; x_wconf 84' lang='grc' dir='ltr'><strong>μὴ</strong></span> <span class='ocrx_word' id='word_1_162' title='bbox 834 1636 1030 1707; x_wconf 79' lang='grc' dir='ltr'><strong>ζητῶν,</strong></span> <span class='ocrx_word' id='word_1_163' title='bbox 1056 1638 1154 1692; x_wconf 81' lang='grc' dir='ltr'><strong>οὐκ</strong></span> <span class='ocrx_word' id='word_1_164' title='bbox 1184 1638 1248 1692; x_wconf 81' lang='grc' dir='ltr'><strong>ἂν</strong></span> <span class='ocrx_word' id='word_1_165' title='bbox 1270 1637 1418 1709; x_wconf 74' lang='grc' dir='ltr'><strong>εὕροι</strong></span> <span class='ocrx_word' id='word_1_166' title='bbox 1446 1638 1508 1692; x_wconf 77' lang='grc' dir='ltr'><strong>τὸ</strong></span> <span class='ocrx_word' id='word_1_167' title='bbox 1534 1639 1715 1710; x_wconf 84' lang='grc' dir='ltr'><strong>μόνοις</strong></span> <span class='ocrx_word' id='word_1_168' title='bbox 1740 1639 1830 1709; x_wconf 81' lang='grc' dir='ltr'><strong>ζη-</strong></span> 
     </span>
    </p>
   </div>
   <div class='ocr_carea' id='block_1_18' title="bbox 233 1729 1827 1801">
    <p class='ocr_par' dir='ltr' id='par_1_18' title="bbox 233 1729 1827 1801">
     <span class='ocr_line' id='line_1_19' title="bbox 233 1729 1827 1801; baseline 0.001 -18"><span class='ocrx_word' id='word_1_169' title='bbox 233 1730 393 1783; x_wconf 79' lang='grc' dir='ltr'><strong>τοῦσι</strong></span> <span class='ocrx_word' id='word_1_170' title='bbox 418 1729 877 1800; x_wconf 81' lang='grc' dir='ltr'><strong>παραγενόμενον.</strong></span> <span class='ocrx_word' id='word_1_171' title='bbox 912 1729 1121 1782; x_wconf 82' lang='grc' dir='ltr'><strong>Οὐκοῦν</strong></span> <span class='ocrx_word' id='word_1_172' title='bbox 1150 1730 1239 1783; x_wconf 84' lang='grc' dir='ltr'><strong>διά</strong></span> <span class='ocrx_word' id='word_1_173' title='bbox 1270 1730 1429 1784; x_wconf 84' lang='grc' dir='ltr'><strong>τοῦτο</strong></span> <span class='ocrx_word' id='word_1_174' title='bbox 1468 1730 1683 1800; x_wconf 89' lang='grc' dir='ltr'><strong>όΛόγος</strong></span> <span class='ocrx_word' id='word_1_175' title='bbox 1724 1748 1827 1801; x_wconf 89' lang='grc' dir='ltr'><strong>μα-</strong></span> 
     </span>
    </p>
   </div>
   <div class='ocr_carea' id='block_1_19' title="bbox 2005 1538 3511 1616">
    <p class='ocr_par' dir='ltr' id='par_1_19' title="bbox 2005 1538 3511 1616">
     <span class='ocr_line' id='line_1_20' title="bbox 2005 1538 3511 1616; baseline -0.006 -16"><span class='ocrx_word' id='word_1_176' title='bbox 2005 1547 2379 1616; x_wconf 88' lang='lat' dir='ltr'><strong>Consequitur</strong></span> <span class='ocrx_word' id='word_1_177' title='bbox 2400 1554 2605 1607; x_wconf 88' lang='lat' dir='ltr'><strong>autem,</strong></span> <span class='ocrx_word' id='word_1_178' title='bbox 2650 1554 2709 1597; x_wconf 89' lang='lat' dir='ltr'><strong>ut</strong></span> <span class='ocrx_word' id='word_1_179' title='bbox 2744 1543 2823 1609; x_wconf 90' lang='lat' dir='ltr'><strong>hi,</strong></span> <span class='ocrx_word' id='word_1_180' title='bbox 2854 1542 2948 1612; x_wconf 92' lang='lat' dir='ltr'><strong>qui</strong></span> <span class='ocrx_word' id='word_1_181' title='bbox 3002 1538 3363 1610; x_wconf 73' lang='lat' dir='ltr'><strong>praesentibus</strong></span> <span class='ocrx_word' id='word_1_182' title='bbox 3409 1538 3511 1592; x_wconf 83' lang='lat' dir='ltr'><strong>de-</strong></span> 
     </span>
    </p>
   </div>
   <div class='ocr_carea' id='block_1_20' title="bbox 1933 1630 3509 1707">
    <p class='ocr_par' dir='ltr' id='par_1_20' title="bbox 1933 1630 3509 1707">
     <span class='ocr_line' id='line_1_21' title="bbox 1933 1630 3509 1707; baseline -0.006 -15"><span class='ocrx_word' id='word_1_183' title='bbox 1933 1639 2205 1693; x_wconf 87' lang='lat' dir='ltr'><strong>lectantur</strong></span> <span class='ocrx_word' id='word_1_184' title='bbox 2228 1647 2282 1693; x_wconf 91' lang='lat' dir='ltr'><strong>et</strong></span> <span class='ocrx_word' id='word_1_185' title='bbox 2316 1637 2704 1707; x_wconf 87' lang='lat' dir='ltr'><strong>aequiescunt,</strong></span> <span class='ocrx_word' id='word_1_186' title='bbox 2750 1634 2965 1705; x_wconf 88' lang='lat' dir='ltr'><strong>potiora</strong></span> <span class='ocrx_word' id='word_1_187' title='bbox 2995 1631 3108 1687; x_wconf 79' lang='lat' dir='ltr'><strong>fere</strong></span> <span class='ocrx_word' id='word_1_188' title='bbox 3138 1646 3247 1685; x_wconf 90' lang='lat' dir='ltr'><strong>non</strong></span> <span class='ocrx_word' id='word_1_189' title='bbox 3287 1630 3509 1684; x_wconf 85' lang='lat' dir='ltr'><strong>deside-</strong></span> 
     </span>
    </p>
   </div>
   <div class='ocr_carea' id='block_1_21' title="bbox 1935 1722 3510 1800">
    <p class='ocr_par' dir='ltr' id='par_1_21' title="bbox 1935 1722 3510 1800">
     <span class='ocr_line' id='line_1_22' title="bbox 1935 1722 3510 1800; baseline -0.006 -17"><span class='ocrx_word' id='word_1_190' title='bbox 1935 1738 2055 1786; x_wconf 89' lang='lat' dir='ltr'><strong>rent</strong></span> <span class='ocrx_word' id='word_1_191' title='bbox 2086 1740 2248 1800; x_wconf 88' lang='lat' dir='ltr'><strong>atque</strong></span> <span class='ocrx_word' id='word_1_192' title='bbox 2280 1730 2579 1800; x_wconf 87' lang='lat' dir='ltr'><strong>requirant.</strong></span> <span class='ocrx_word' id='word_1_193' title='bbox 2615 1726 2786 1782; x_wconf 87' lang='lat' dir='ltr'><strong>Porro</strong></span> <span class='ocrx_word' id='word_1_194' title='bbox 2831 1726 2924 1795; x_wconf 93' lang='lat' dir='ltr'><strong>qui</strong></span> <span class='ocrx_word' id='word_1_195' title='bbox 2968 1740 3076 1778; x_wconf 92' lang='lat' dir='ltr'><strong>non</strong></span> <span class='ocrx_word' id='word_1_196' title='bbox 3117 1722 3336 1792; x_wconf 61' lang='lat' dir='ltr'><strong>quaerit,</strong></span> <span class='ocrx_word' id='word_1_197' title='bbox 3395 1736 3510 1775; x_wconf 87' lang='lat' dir='ltr'><strong>non</strong></span> 
     </span>
    </p>
   </div>
   <div class='ocr_carea' id='block_1_22' title="bbox 234 1810 1827 1917">
    <p class='ocr_par' dir='ltr' id='par_1_22' title="bbox 234 1818 1823 1894">
     <span class='ocr_line' id='line_1_23' title="bbox 234 1818 1823 1894; baseline -0.001 -19"><span class='ocrx_word' id='word_1_198' title='bbox 234 1820 456 1894; x_wconf 78' lang='grc' dir='ltr'><strong>καρίζει</strong></span> <span class='ocrx_word' id='word_1_199' title='bbox 474 1821 536 1874; x_wconf 81' lang='grc' dir='ltr'><strong>τὸ</strong></span> <span class='ocrx_word' id='word_1_200' title='bbox 559 1819 773 1883; x_wconf 81' lang='grc' dir='ltr'><strong>πένθος,</strong></span> <span class='ocrx_word' id='word_1_201' title='bbox 790 1821 851 1873; x_wconf 85' lang='grc' dir='ltr'><strong>ού</strong></span> <span class='ocrx_word' id='word_1_202' title='bbox 873 1820 939 1874; x_wconf 79' lang='grc' dir='ltr'><strong>δι’</strong></span> <span class='ocrx_word' id='word_1_203' title='bbox 963 1820 1122 1874; x_wconf 78' lang='grc' dir='ltr'><strong>ἑαυτὸ</strong></span> <span class='ocrx_word' id='word_1_204' title='bbox 1153 1822 1353 1892; x_wconf 90' lang='grc' dir='ltr'><strong>κρίνων</strong></span> <span class='ocrx_word' id='word_1_205' title='bbox 1372 1818 1508 1877; x_wconf 79' lang='grc' dir='ltr'><strong>εἶναι</strong></span> <span class='ocrx_word' id='word_1_206' title='bbox 1536 1825 1823 1894; x_wconf 85' lang='grc' dir='ltr'><strong>μακάριον,</strong></span> 
     </span>
    </p>
   </div>
   <div class='ocr_carea' id='block_1_23' title="bbox 1929 1810 3509 1917">
    <p class='ocr_par' dir='ltr' id='par_1_23' title="bbox 1932 1810 3509 1892">
     <span class='ocr_line' id='line_1_24' title="bbox 1932 1810 3509 1892; baseline -0.005 -17"><span class='ocrx_word' id='word_1_207' title='bbox 1932 1822 2222 1887; x_wconf 87' lang='lat' dir='ltr'><strong>invenerit,</strong></span> <span class='ocrx_word' id='word_1_208' title='bbox 2260 1822 2315 1876; x_wconf 93' lang='lat' dir='ltr'><strong>id</strong></span> <span class='ocrx_word' id='word_1_209' title='bbox 2348 1822 2495 1892; x_wconf 91' lang='lat' dir='ltr'><strong>quod</strong></span> <span class='ocrx_word' id='word_1_210' title='bbox 2527 1822 2660 1877; x_wconf 89' lang='lat' dir='ltr'><strong>solis</strong></span> <span class='ocrx_word' id='word_1_211' title='bbox 2682 1818 3055 1891; x_wconf 57' lang='lat' dir='ltr'><strong>quaerentibus</strong></span> <span class='ocrx_word' id='word_1_212' title='bbox 3093 1814 3349 1884; x_wconf 86' lang='lat' dir='ltr'><strong>obtingit.</strong></span> <span class='ocrx_word' id='word_1_213' title='bbox 3392 1810 3509 1867; x_wconf 82' lang='lat' dir='ltr'><strong>Hac</strong></span> 
     </span>
    </p>
   </div>
   <div class='ocr_carea' id='block_1_24' title="bbox 234 1908 1825 1984">
    <p class='ocr_par' dir='ltr' id='par_1_24' title="bbox 234 1908 1825 1984">
     <span class='ocr_line' id='line_1_25' title="bbox 234 1908 1825 1984; baseline -0.001 -16"><span class='ocrx_word' id='word_1_214' title='bbox 234 1912 376 1968; x_wconf 84' lang='grc' dir='ltr'><strong>ἀλλά</strong></span> <span class='ocrx_word' id='word_1_215' title='bbox 406 1912 495 1966; x_wconf 87' lang='grc' dir='ltr'><strong>διά</strong></span> <span class='ocrx_word' id='word_1_216' title='bbox 528 1912 590 1965; x_wconf 83' lang='grc' dir='ltr'><strong>τὸ</strong></span> <span class='ocrx_word' id='word_1_217' title='bbox 621 1908 682 1976; x_wconf 78' lang='grc' dir='ltr'><strong>ἐξ</strong></span> <span class='ocrx_word' id='word_1_218' title='bbox 735 1911 943 1965; x_wconf 76' lang='grc' dir='ltr'><strong>ἐκείνου</strong></span> <span class='ocrx_word' id='word_1_219' title='bbox 983 1914 1444 1984; x_wconf 87' lang='grc' dir='ltr'><strong>παραγενόμενον.</strong></span> <span class='ocrx_word' id='word_1_220' title='bbox 1484 1914 1734 1967; x_wconf 91' lang='grc' dir='ltr'><strong>Δείκνυσι</strong></span> <span class='ocrx_word' id='word_1_221' title='bbox 1769 1914 1825 1967; x_wconf 88' lang='grc' dir='ltr'>δὲ</span> 
     </span>
    </p>
   </div>
   <div class='ocr_carea' id='block_1_25' title="bbox 232 2004 1827 2077">
    <p class='ocr_par' dir='ltr' id='par_1_25' title="bbox 232 2004 1827 2077">
     <span class='ocr_line' id='line_1_26' title="bbox 232 2004 1827 2077; baseline 0 -19"><span class='ocrx_word' id='word_1_222' title='bbox 232 2006 332 2059; x_wconf 81' lang='grc' dir='ltr'><strong>τοῦ</strong></span> <span class='ocrx_word' id='word_1_223' title='bbox 367 2005 525 2074; x_wconf 81' lang='grc' dir='ltr'><strong>λόγου</strong></span> <span class='ocrx_word' id='word_1_224' title='bbox 564 2006 599 2075; x_wconf 79' lang='grc' dir='ltr'><strong>ἡ</strong></span> <span class='ocrx_word' id='word_1_225' title='bbox 639 2004 900 2072; x_wconf 80' lang='grc' dir='ltr'><strong>συζυγία,</strong></span> <span class='ocrx_word' id='word_1_226' title='bbox 949 2005 1029 2058; x_wconf 81' lang='grc' dir='ltr'><strong>ὅτι</strong></span> <span class='ocrx_word' id='word_1_227' title='bbox 1079 2005 1181 2074; x_wconf 84' lang='grc' dir='ltr'><strong>τῆς</strong></span> <span class='ocrx_word' id='word_1_228' title='bbox 1232 2005 1368 2075; x_wconf 79' lang='grc' dir='ltr'><strong>πρὸς</strong></span> <span class='ocrx_word' id='word_1_229' title='bbox 1404 2004 1503 2077; x_wconf 80' lang='grc' dir='ltr'><strong>τὴν</strong></span> <span class='ocrx_word' id='word_1_230' title='bbox 1543 2005 1827 2076; x_wconf 81' lang='grc' dir='ltr'><strong>παράκλη-</strong></span> 
     </span>
    </p>
   </div>
   <div class='ocr_carea' id='block_1_26' title="bbox 238 2095 1830 2167">
    <p class='ocr_par' dir='ltr' id='par_1_26' title="bbox 238 2095 1830 2167">
     <span class='ocr_line' id='line_1_27' title="bbox 238 2095 1830 2167; baseline 0 -17"><span class='ocrx_word' id='word_1_231' title='bbox 238 2115 323 2150; x_wconf 91' lang='grc' dir='ltr'><strong>σιν</strong></span> <span class='ocrx_word' id='word_1_232' title='bbox 354 2097 631 2167; x_wconf 80' lang='grc' dir='ltr'><strong>ἀναφορᾶς</strong></span> <span class='ocrx_word' id='word_1_233' title='bbox 656 2095 719 2148; x_wconf 81' lang='grc' dir='ltr'>τὸ</span> <span class='ocrx_word' id='word_1_234' title='bbox 754 2095 972 2149; x_wconf 80' lang='grc' dir='ltr'><strong>πενθεῖν</strong></span> <span class='ocrx_word' id='word_1_235' title='bbox 1009 2097 1194 2160; x_wconf 79' lang='grc' dir='ltr'><strong>αὐτοῖς</strong></span> <span class='ocrx_word' id='word_1_236' title='bbox 1229 2097 1342 2149; x_wconf 86' lang='grc' dir='ltr'><strong>ὲστι</strong></span> <span class='ocrx_word' id='word_1_237' title='bbox 1382 2097 1670 2167; x_wconf 88' lang='grc' dir='ltr'><strong>μακάριον.</strong></span> <span class='ocrx_word' id='word_1_238' title='bbox 1710 2100 1830 2150; x_wconf 84' lang='grc' dir='ltr'><strong>Μα-</strong></span> 
     </span>
    </p>
   </div>
   <div class='ocr_carea' id='block_1_27' title="bbox 236 2183 1828 2256">
    <p class='ocr_par' dir='ltr' id='par_1_27' title="bbox 236 2183 1828 2256">
     <span class='ocr_line' id='line_1_28' title="bbox 236 2183 1828 2256; baseline -0.003 -16"><span class='ocrx_word' id='word_1_239' title='bbox 236 2186 433 2255; x_wconf 79' lang='grc' dir='ltr'><strong>κάριοι</strong></span> <span class='ocrx_word' id='word_1_240' title='bbox 462 2186 592 2256; x_wconf 83' lang='grc' dir='ltr'><strong>γὰρ,</strong></span> <span class='ocrx_word' id='word_1_241' title='bbox 625 2185 810 2256; x_wconf 76' lang='grc' dir='ltr'><strong>φησὶν,</strong></span> <span class='ocrx_word' id='word_1_242' title='bbox 839 2187 892 2239; x_wconf 86' lang='grc' dir='ltr'><strong>οἱ</strong></span> <span class='ocrx_word' id='word_1_243' title='bbox 919 2183 1282 2251; x_wconf 79' lang='grc' dir='ltr'><strong>πενθοῦντες</strong></span> <span class='ocrx_word' id='word_1_244' title='bbox 1302 2201 1316 2217; x_wconf 73' lang='grc'><strong><em>⁸</em></strong></span> <span class='ocrx_word' id='word_1_245' title='bbox 1347 2185 1443 2239; x_wconf 76' lang='grc' dir='ltr'><strong>καὶ</strong></span> <span class='ocrx_word' id='word_1_246' title='bbox 1466 2186 1566 2239; x_wconf 83' lang='grc' dir='ltr'><strong>οὑκ</strong></span> <span class='ocrx_word' id='word_1_247' title='bbox 1603 2185 1828 2254; x_wconf 75' lang='grc' dir='ltr'><strong>ἔστησεν</strong></span> 
     </span>
    </p>
   </div>
   <div class='ocr_carea' id='block_1_28' title="bbox 245 2276 1827 2348">
    <p class='ocr_par' dir='ltr' id='par_1_28' title="bbox 245 2276 1827 2348">
     <span class='ocr_line' id='line_1_29' title="bbox 245 2276 1827 2348; baseline -0.001 -17"><span class='ocrx_word' id='word_1_248' title='bbox 245 2280 309 2331; x_wconf 80' lang='grc' dir='ltr'><strong>ὲν</strong></span> <span class='ocrx_word' id='word_1_249' title='bbox 334 2277 511 2348; x_wconf 87' lang='grc' dir='ltr'><strong>τούτῳ</strong></span> <span class='ocrx_word' id='word_1_250' title='bbox 547 2277 639 2330; x_wconf 79' lang='grc' dir='ltr'><strong>τὸν</strong></span> <span class='ocrx_word' id='word_1_251' title='bbox 680 2277 856 2345; x_wconf 91' lang='grc' dir='ltr'><strong>λόγον,</strong></span> <span class='ocrx_word' id='word_1_252' title='bbox 890 2276 1025 2331; x_wconf 87' lang='grc' dir='ltr'><strong>ἀλλὰ</strong></span> <span class='ocrx_word' id='word_1_253' title='bbox 1069 2276 1429 2348; x_wconf 81' lang='grc' dir='ltr'><strong>προσέθηκεν,</strong></span> <span class='ocrx_word' id='word_1_254' title='bbox 1482 2278 1611 2329; x_wconf 87' lang='grc' dir='ltr'><strong>Ὅτι</strong></span> <span class='ocrx_word' id='word_1_255' title='bbox 1658 2276 1827 2330; x_wconf 79' lang='grc' dir='ltr'><strong>αὐτοὶ</strong></span> 
     </span>
    </p>
   </div>
   <div class='ocr_carea' id='block_1_29' title="bbox 238 2366 1829 2441">
    <p class='ocr_par' dir='ltr' id='par_1_29' title="bbox 238 2366 1829 2441">
     <span class='ocr_line' id='line_1_30' title="bbox 238 2366 1829 2441; baseline -0.003 -16"><span class='ocrx_word' id='word_1_256' title='bbox 238 2370 839 2440; x_wconf 69' lang='grc' dir='ltr'><strong>παρακληθήσονται.</strong></span> <span class='ocrx_word' id='word_1_257' title='bbox 878 2369 946 2424; x_wconf 83' lang='lat'><strong>&#39;0</strong></span> <span class='ocrx_word' id='word_1_258' title='bbox 994 2386 1083 2441; x_wconf 89' lang='grc' dir='ltr'><strong>μοι</strong></span> <span class='ocrx_word' id='word_1_259' title='bbox 1121 2369 1269 2422; x_wconf 82' lang='grc' dir='ltr'><strong>δοκεί</strong></span> <span class='ocrx_word' id='word_1_260' title='bbox 1308 2366 1829 2439; x_wconf 86' lang='grc' dir='ltr'><strong>προκατανενοηκὼς</strong></span> 
     </span>
    </p>
   </div>
   <div class='ocr_carea' id='block_1_30' title="bbox 236 2457 1830 2531">
    <p class='ocr_par' dir='ltr' id='par_1_30' title="bbox 236 2457 1830 2531">
     <span class='ocr_line' id='line_1_31' title="bbox 236 2457 1830 2531; baseline -0.002 -17"><span class='ocrx_word' id='word_1_261' title='bbox 236 2463 267 2514; x_wconf 93' lang='lat'><strong>6</strong></span> <span class='ocrx_word' id='word_1_262' title='bbox 298 2460 474 2531; x_wconf 83' lang='grc' dir='ltr'><strong>μέγας</strong></span> <span class='ocrx_word' id='word_1_263' title='bbox 500 2459 741 2530; x_wconf 86' lang='grc' dir='ltr'><strong>Μωῦσῆς</strong></span> <span class='ocrx_word' id='word_1_264' title='bbox 815 2458 1040 2530; x_wconf 78' lang='grc' dir='ltr'><strong>(μᾶλλον</strong></span> <span class='ocrx_word' id='word_1_265' title='bbox 1057 2458 1136 2523; x_wconf 84' lang='grc' dir='ltr'><strong>δὲ,</strong></span> <span class='ocrx_word' id='word_1_266' title='bbox 1162 2458 1192 2509; x_wconf 97' lang='lat'><strong>6</strong></span> <span class='ocrx_word' id='word_1_267' title='bbox 1217 2458 1276 2512; x_wconf 83' lang='grc' dir='ltr'><strong>ὲν</strong></span> <span class='ocrx_word' id='word_1_268' title='bbox 1299 2457 1490 2527; x_wconf 77' lang='grc' dir='ltr'><strong>ἐκείνῳ</strong></span> <span class='ocrx_word' id='word_1_269' title='bbox 1521 2457 1694 2511; x_wconf 85' lang='grc' dir='ltr'><strong>ταῦτα</strong></span> <span class='ocrx_word' id='word_1_270' title='bbox 1715 2459 1830 2511; x_wconf 72' lang='lat' dir='ltr'><strong>6m..-</strong></span> 
     </span>
    </p>
   </div>
   <div class='ocr_carea' id='block_1_31' title="bbox 235 2548 1830 2621">
    <p class='ocr_par' dir='ltr' id='par_1_31' title="bbox 235 2548 1830 2621">
     <span class='ocr_line' id='line_1_32' title="bbox 235 2548 1830 2621; baseline -0.003 -16"><span class='ocrx_word' id='word_1_271' title='bbox 235 2552 454 2606; x_wconf 79' lang='grc' dir='ltr'><strong>τάσσων</strong></span> <span class='ocrx_word' id='word_1_272' title='bbox 475 2551 669 2619; x_wconf 92' lang='grc' dir='ltr'><strong>Λόγος,</strong></span> <span class='ocrx_word' id='word_1_273' title='bbox 696 2552 754 2604; x_wconf 77' lang='grc' dir='ltr'><strong>ὲν</strong></span> <span class='ocrx_word' id='word_1_274' title='bbox 775 2553 897 2614; x_wconf 84' lang='grc' dir='ltr'><strong>ταῖς</strong></span> <span class='ocrx_word' id='word_1_275' title='bbox 929 2552 1219 2621; x_wconf 80' lang='grc' dir='ltr'><strong>μυστικαῖς</strong></span> <span class='ocrx_word' id='word_1_276' title='bbox 1246 2548 1340 2602; x_wconf 82' lang='grc' dir='ltr'><strong>τοῦ</strong></span> <span class='ocrx_word' id='word_1_277' title='bbox 1358 2549 1552 2620; x_wconf 84' lang='grc' dir='ltr'><strong>Πάσχα</strong></span> <span class='ocrx_word' id='word_1_278' title='bbox 1578 2566 1830 2621; x_wconf 89' lang='grc' dir='ltr'><strong>παρατη-</strong></span> 
     </span>
    </p>
   </div>
   <div class='ocr_carea' id='block_1_32' title="bbox 243 2638 1828 2713">
    <p class='ocr_par' dir='ltr' id='par_1_32' title="bbox 243 2638 1828 2713">
     <span class='ocr_line' id='line_1_33' title="bbox 243 2638 1828 2713; baseline -0.001 -20"><span class='ocrx_word' id='word_1_279' title='bbox 243 2640 516 2711; x_wconf 80' lang='grc' dir='ltr'><strong>ρήσεσιν)·</strong></span> <span class='ocrx_word' id='word_1_280' title='bbox 555 2640 762 2711; x_wconf 79' lang='grc' dir='ltr'><strong>ἀζυμον</strong></span> <span class='ocrx_word' id='word_1_281' title='bbox 802 2640 901 2711; x_wconf 83' lang='grc' dir='ltr'><strong>μὲν</strong></span> <span class='ocrx_word' id='word_1_282' title='bbox 934 2640 1118 2702; x_wconf 83' lang='grc' dir='ltr'><strong>αὐτοῖς</strong></span> <span class='ocrx_word' id='word_1_283' title='bbox 1148 2640 1312 2713; x_wconf 84' lang='grc' dir='ltr'>ἄρτον</span> <span class='ocrx_word' id='word_1_284' title='bbox 1343 2638 1401 2693; x_wconf 83' lang='grc' dir='ltr'><strong>ὲν</strong></span> <span class='ocrx_word' id='word_1_285' title='bbox 1432 2642 1550 2704; x_wconf 82' lang='grc' dir='ltr'><strong>ταῖς</strong></span> <span class='ocrx_word' id='word_1_286' title='bbox 1580 2641 1828 2711; x_wconf 80' lang='grc' dir='ltr'><strong>ἑορτασί-</strong></span> 
     </span>
    </p>
   </div>
   <div class='ocr_carea' id='block_1_33' title="bbox 240 2729 1829 2804">
    <p class='ocr_par' dir='ltr' id='par_1_33' title="bbox 240 2729 1829 2804">
     <span class='ocr_line' id='line_1_34' title="bbox 240 2729 1829 2804; baseline 0 -21"><span class='ocrx_word' id='word_1_287' title='bbox 240 2749 367 2800; x_wconf 85' lang='grc' dir='ltr'><strong>μοις</strong></span> <span class='ocrx_word' id='word_1_288' title='bbox 398 2731 633 2801; x_wconf 80' lang='grc' dir='ltr'><strong>ἡμέραις</strong></span> <span class='ocrx_word' id='word_1_289' title='bbox 659 2730 1038 2801; x_wconf 77' lang='grc' dir='ltr'><strong>νομοθετῆσαιο</strong></span> <span class='ocrx_word' id='word_1_290' title='bbox 1065 2730 1195 2799; x_wconf 74' lang='grc' dir='ltr'><strong>ὄψον</strong></span> <span class='ocrx_word' id='word_1_291' title='bbox 1225 2729 1284 2782; x_wconf 86' lang='grc' dir='ltr'><strong>δὲ</strong></span> <span class='ocrx_word' id='word_1_292' title='bbox 1314 2732 1379 2800; x_wconf 81' lang='grc' dir='ltr'><strong>τῇ</strong></span> <span class='ocrx_word' id='word_1_293' title='bbox 1417 2729 1617 2802; x_wconf 84' lang='grc' dir='ltr'><strong>βρώσει</strong></span> <span class='ocrx_word' id='word_1_294' title='bbox 1644 2732 1829 2804; x_wconf 88' lang='grc' dir='ltr'><strong>πικρί-</strong></span> 
     </span>
    </p>
   </div>
   <div class='ocr_carea' id='block_1_34' title="bbox 239 2820 1830 2892">
    <p class='ocr_par' dir='ltr' id='par_1_34' title="bbox 239 2820 1830 2892">
     <span class='ocr_line' id='line_1_35' title="bbox 239 2820 1830 2892; baseline 0.001 -17"><span class='ocrx_word' id='word_1_295' title='bbox 239 2821 338 2886; x_wconf 77' lang='grc' dir='ltr'><strong>ὂας</strong></span> <span class='ocrx_word' id='word_1_296' title='bbox 366 2821 714 2892; x_wconf 81' lang='grc' dir='ltr'><strong>ποιήσασθαι,</strong></span> <span class='ocrx_word' id='word_1_297' title='bbox 743 2821 819 2881; x_wconf 86' lang='grc' dir='ltr'><strong>ὡς</strong></span> <span class='ocrx_word' id='word_1_298' title='bbox 838 2820 903 2875; x_wconf 83' lang='grc' dir='ltr'><strong>ἀν</strong></span> <span class='ocrx_word' id='word_1_299' title='bbox 928 2822 1016 2874; x_wconf 81' lang='grc' dir='ltr'><strong>διὰ</strong></span> <span class='ocrx_word' id='word_1_300' title='bbox 1039 2821 1147 2874; x_wconf 84' lang='grc' dir='ltr'><strong>τῶν</strong></span> <span class='ocrx_word' id='word_1_301' title='bbox 1174 2820 1430 2875; x_wconf 82' lang='grc' dir='ltr'><strong>τοιούτων</strong></span> <span class='ocrx_word' id='word_1_302' title='bbox 1461 2822 1722 2891; x_wconf 82' lang='grc' dir='ltr'><strong>μάθοιμεν</strong></span> <span class='ocrx_word' id='word_1_303' title='bbox 1747 2825 1830 2876; x_wconf 80' lang='lat' dir='ltr'><strong>ai-</strong></span> 
     </span>
    </p>
   </div>
   <div class='ocr_carea' id='block_1_35' title="bbox 240 2912 1829 2985">
    <p class='ocr_par' dir='ltr' id='par_1_35' title="bbox 240 2912 1829 2985">
     <span class='ocr_line' id='line_1_36' title="bbox 240 2912 1829 2985; baseline 0.001 -19"><span class='ocrx_word' id='word_1_304' title='bbox 240 2913 547 2984; x_wconf 82' lang='grc' dir='ltr'><strong>νιγμάτων,</strong></span> <span class='ocrx_word' id='word_1_305' title='bbox 574 2914 657 2966; x_wconf 82' lang='grc' dir='ltr'><strong>ὅτι</strong></span> <span class='ocrx_word' id='word_1_306' title='bbox 682 2914 781 2966; x_wconf 86' lang='grc' dir='ltr'><strong>ούκ</strong></span> <span class='ocrx_word' id='word_1_307' title='bbox 812 2913 928 2966; x_wconf 76' lang='grc' dir='ltr'><strong>ἐστι</strong></span> <span class='ocrx_word' id='word_1_308' title='bbox 956 2913 1055 2982; x_wconf 89' lang='grc' dir='ltr'><strong>τῆς</strong></span> <span class='ocrx_word' id='word_1_309' title='bbox 1089 2912 1357 2982; x_wconf 82' lang='grc' dir='ltr'><strong>μυστικῆς</strong></span> <span class='ocrx_word' id='word_1_310' title='bbox 1384 2912 1601 2983; x_wconf 76' lang='grc' dir='ltr'><strong>ἐκείνης</strong></span> <span class='ocrx_word' id='word_1_311' title='bbox 1632 2914 1829 2985; x_wconf 86' lang='grc' dir='ltr'><strong>έορτῆς</strong></span> 
     </span>
    </p>
   </div>
   <div class='ocr_carea' id='block_1_36' title="bbox 244 3004 1828 3076">
    <p class='ocr_par' dir='ltr' id='par_1_36' title="bbox 244 3004 1828 3076">
     <span class='ocr_line' id='line_1_37' title="bbox 244 3004 1828 3076; baseline 0.002 -18"><span class='ocrx_word' id='word_1_312' title='bbox 244 3007 539 3076; x_wconf 85' lang='grc' dir='ltr'><strong>μετασχεῖν</strong></span> <span class='ocrx_word' id='word_1_313' title='bbox 572 3004 767 3071; x_wconf 79' lang='grc' dir='ltr'><strong>ἄλλως,</strong></span> <span class='ocrx_word' id='word_1_314' title='bbox 798 3005 847 3058; x_wconf 87' lang='grc' dir='ltr'><strong>εί</strong></span> <span class='ocrx_word' id='word_1_315' title='bbox 881 3004 955 3076; x_wconf 81' lang='grc' dir='ltr'><strong>μὴ</strong></span> <span class='ocrx_word' id='word_1_316' title='bbox 996 3006 1053 3058; x_wconf 82' lang='grc' dir='ltr'><strong>αί</strong></span> <span class='ocrx_word' id='word_1_317' title='bbox 1089 3004 1336 3075; x_wconf 85' lang='grc' dir='ltr'><strong>πικρίδες</strong></span> <span class='ocrx_word' id='word_1_318' title='bbox 1367 3004 1462 3059; x_wconf 83' lang='grc' dir='ltr'><strong>τοῦ</strong></span> <span class='ocrx_word' id='word_1_319' title='bbox 1496 3004 1612 3074; x_wconf 83' lang='grc' dir='ltr'><strong>βίου</strong></span> <span class='ocrx_word' id='word_1_320' title='bbox 1638 3006 1828 3061; x_wconf 90' lang='grc' dir='ltr'><strong>τούτου</strong></span> 
     </span>
    </p>
   </div>
   <div class='ocr_carea' id='block_1_37' title="bbox 240 3096 1826 3170">
    <p class='ocr_par' dir='ltr' id='par_1_37' title="bbox 240 3096 1826 3170">
     <span class='ocr_line' id='line_1_38' title="bbox 240 3096 1826 3170; baseline 0.001 -19"><span class='ocrx_word' id='word_1_321' title='bbox 240 3101 311 3170; x_wconf 76' lang='grc' dir='ltr'><strong>τῇ</strong></span> <span class='ocrx_word' id='word_1_322' title='bbox 362 3098 506 3169; x_wconf 82' lang='grc' dir='ltr'><strong>άπλῇ</strong></span> <span class='ocrx_word' id='word_1_323' title='bbox 540 3098 636 3152; x_wconf 71' lang='grc' dir='ltr'><strong>καὶ</strong></span> <span class='ocrx_word' id='word_1_324' title='bbox 667 3098 861 3169; x_wconf 77' lang='grc' dir='ltr'><strong>ἀζύμῳ</strong></span> <span class='ocrx_word' id='word_1_325' title='bbox 891 3096 1002 3168; x_wconf 81' lang='grc' dir='ltr'><strong>ζωῇ</strong></span> <span class='ocrx_word' id='word_1_326' title='bbox 1047 3097 1307 3160; x_wconf 79' lang='grc' dir='ltr'><strong>ἑκουσίως</strong></span> <span class='ocrx_word' id='word_1_327' title='bbox 1350 3098 1826 3169; x_wconf 89' lang='grc' dir='ltr'><strong>καταμιγνύοιντο.</strong></span> 
     </span>
    </p>
   </div>
   <div class='ocr_carea' id='block_1_38' title="bbox 1931 1905 3503 1985">
    <p class='ocr_par' dir='ltr' id='par_1_38' title="bbox 1931 1905 3503 1985">
     <span class='ocr_line' id='line_1_39' title="bbox 1931 1905 3503 1985; baseline -0.006 -18"><span class='ocrx_word' id='word_1_328' title='bbox 1931 1915 2097 1985; x_wconf 86' lang='lat' dir='ltr'><strong>igitur</strong></span> <span class='ocrx_word' id='word_1_329' title='bbox 2126 1913 2192 1970; x_wconf 90' lang='lat' dir='ltr'><strong>de</strong></span> <span class='ocrx_word' id='word_1_330' title='bbox 2229 1930 2395 1969; x_wconf 90' lang='lat' dir='ltr'><strong>causa</strong></span> <span class='ocrx_word' id='word_1_331' title='bbox 2419 1914 2659 1970; x_wconf 83' lang='lat' dir='ltr'><strong>Verbum</strong></span> <span class='ocrx_word' id='word_1_332' title='bbox 2686 1914 2890 1967; x_wconf 91' lang='lat' dir='ltr'><strong>luctum</strong></span> <span class='ocrx_word' id='word_1_333' title='bbox 2928 1910 3144 1965; x_wconf 88' lang='lat' dir='ltr'><strong>beatum</strong></span> <span class='ocrx_word' id='word_1_334' title='bbox 3172 1905 3347 1967; x_wconf 91' lang='lat' dir='ltr'><strong>ducit,</strong></span> <span class='ocrx_word' id='word_1_335' title='bbox 3393 1920 3503 1958; x_wconf 93' lang='lat' dir='ltr'><strong>non</strong></span> 
     </span>
    </p>
   </div>
   <div class='ocr_carea' id='block_1_39' title="bbox 1933 1994 3510 2074">
    <p class='ocr_par' dir='ltr' id='par_1_39' title="bbox 1933 1994 3510 2074">
     <span class='ocr_line' id='line_1_40' title="bbox 1933 1994 3510 2074; baseline -0.006 -17"><span class='ocrx_word' id='word_1_336' title='bbox 1933 2004 2080 2073; x_wconf 91' lang='lat' dir='ltr'><strong>quod</strong></span> <span class='ocrx_word' id='word_1_337' title='bbox 2129 2021 2253 2059; x_wconf 91' lang='lat' dir='ltr'><strong>eum</strong></span> <span class='ocrx_word' id='word_1_338' title='bbox 2305 2011 2528 2074; x_wconf 85' lang='lat' dir='ltr'><strong>propter</strong></span> <span class='ocrx_word' id='word_1_339' title='bbox 2570 2003 2812 2073; x_wconf 88' lang='lat' dir='ltr'><strong>seipsum</strong></span> <span class='ocrx_word' id='word_1_340' title='bbox 2867 2001 3085 2056; x_wconf 78' lang='lat' dir='ltr'><strong>beatum</strong></span> <span class='ocrx_word' id='word_1_341' title='bbox 3119 1997 3349 2067; x_wconf 89' lang='lat' dir='ltr'><strong>judicet,</strong></span> <span class='ocrx_word' id='word_1_342' title='bbox 3410 1994 3510 2051; x_wconf 90' lang='lat' dir='ltr'><strong>sed</strong></span> 
     </span>
    </p>
   </div>
   <div class='ocr_carea' id='block_1_40' title="bbox 1933 2088 3505 2165">
    <p class='ocr_par' dir='ltr' id='par_1_40' title="bbox 1933 2088 3505 2165">
     <span class='ocr_line' id='line_1_41' title="bbox 1933 2088 3505 2165; baseline -0.006 -17"><span class='ocrx_word' id='word_1_343' title='bbox 1933 2104 2157 2165; x_wconf 80' lang='lat' dir='ltr'><strong>propter</strong></span> <span class='ocrx_word' id='word_1_344' title='bbox 2192 2096 2245 2149; x_wconf 91' lang='lat' dir='ltr'><strong>id</strong></span> <span class='ocrx_word' id='word_1_345' title='bbox 2305 2096 2449 2165; x_wconf 92' lang='lat' dir='ltr'><strong>quod</strong></span> <span class='ocrx_word' id='word_1_346' title='bbox 2481 2110 2545 2151; x_wconf 85' lang='lat' dir='ltr'><strong>ex</strong></span> <span class='ocrx_word' id='word_1_347' title='bbox 2611 2096 2702 2148; x_wconf 93' lang='lat' dir='ltr'><strong>illo</strong></span> <span class='ocrx_word' id='word_1_348' title='bbox 2751 2092 2970 2148; x_wconf 88' lang='lat' dir='ltr'><strong>accidit.</strong></span> <span class='ocrx_word' id='word_1_349' title='bbox 3018 2088 3273 2146; x_wconf 87' lang='lat' dir='ltr'><strong>Ostendit</strong></span> <span class='ocrx_word' id='word_1_350' title='bbox 3320 2093 3505 2140; x_wconf 86' lang='lat' dir='ltr'><strong>autem</strong></span> 
     </span>
    </p>
   </div>
   <div class='ocr_carea' id='block_1_41' title="bbox 1932 2181 3508 2255">
    <p class='ocr_par' dir='ltr' id='par_1_41' title="bbox 1932 2181 3508 2255">
     <span class='ocr_line' id='line_1_42' title="bbox 1932 2181 3508 2255; baseline -0.005 -14"><span class='ocrx_word' id='word_1_351' title='bbox 1932 2187 2203 2242; x_wconf 90' lang='lat' dir='ltr'><strong>sermonis</strong></span> <span class='ocrx_word' id='word_1_352' title='bbox 2265 2195 2577 2251; x_wconf 81' lang='lat' dir='ltr'><strong>contextus,</strong></span> <span class='ocrx_word' id='word_1_353' title='bbox 2636 2186 2784 2255; x_wconf 84' lang='lat' dir='ltr'><strong>quod</strong></span> <span class='ocrx_word' id='word_1_354' title='bbox 2823 2183 3045 2240; x_wconf 91' lang='lat' dir='ltr'><strong>nomine</strong></span> <span class='ocrx_word' id='word_1_355' title='bbox 3097 2181 3383 2237; x_wconf 86' lang='lat' dir='ltr'><strong>relationis</strong></span> <span class='ocrx_word' id='word_1_356' title='bbox 3441 2181 3508 2235; x_wconf 81' lang='lat' dir='ltr'><strong>ad</strong></span> 
     </span>
    </p>
   </div>
   <div class='ocr_carea' id='block_1_42' title="bbox 1930 2273 3508 2348">
    <p class='ocr_par' dir='ltr' id='par_1_42' title="bbox 1930 2273 3508 2348">
     <span class='ocr_line' id='line_1_43' title="bbox 1930 2273 3508 2348; baseline -0.003 -17"><span class='ocrx_word' id='word_1_357' title='bbox 1930 2279 2382 2341; x_wconf 86' lang='lat' dir='ltr'><strong>consolationem,</strong></span> <span class='ocrx_word' id='word_1_358' title='bbox 2449 2279 2637 2348; x_wconf 86' lang='lat' dir='ltr'><strong>lugere</strong></span> <span class='ocrx_word' id='word_1_359' title='bbox 2696 2279 2852 2331; x_wconf 91' lang='lat' dir='ltr'><strong>beata</strong></span> <span class='ocrx_word' id='word_1_360' title='bbox 2913 2290 3001 2331; x_wconf 89' lang='lat' dir='ltr'><strong>res</strong></span> <span class='ocrx_word' id='word_1_361' title='bbox 3045 2274 3365 2329; x_wconf 89' lang='lat' dir='ltr'><strong>hominibus</strong></span> <span class='ocrx_word' id='word_1_362' title='bbox 3413 2273 3508 2327; x_wconf 85' lang='lat' dir='ltr'><strong>sit.</strong></span> 
     </span>
    </p>
   </div>
   <div class='ocr_carea' id='block_1_43' title="bbox 1930 2366 3512 2439">
    <p class='ocr_par' dir='ltr' id='par_1_43' title="bbox 1930 2366 3512 2439">
     <span class='ocr_line' id='line_1_44' title="bbox 1930 2366 3512 2439; baseline -0.002 -18"><span class='ocrx_word' id='word_1_363' title='bbox 1930 2368 2084 2422; x_wconf 83' lang='lat' dir='ltr'><strong>Beati</strong></span> <span class='ocrx_word' id='word_1_364' title='bbox 2134 2366 2301 2435; x_wconf 83' lang='lat' dir='ltr'><strong>enim,</strong></span> <span class='ocrx_word' id='word_1_365' title='bbox 2340 2368 2537 2438; x_wconf 88' lang='lat' dir='ltr'><strong>inquit,</strong></span> <span class='ocrx_word' id='word_1_366' title='bbox 2598 2370 2686 2439; x_wconf 88' lang='lat' dir='ltr'><strong>qui</strong></span> <span class='ocrx_word' id='word_1_367' title='bbox 2725 2370 2943 2436; x_wconf 81' lang='lat' dir='ltr'><strong>lugent;</strong></span> <span class='ocrx_word' id='word_1_368' title='bbox 2976 2376 3030 2422; x_wconf 86' lang='lat' dir='ltr'><strong>et</strong></span> <span class='ocrx_word' id='word_1_369' title='bbox 3085 2381 3193 2422; x_wconf 93' lang='lat' dir='ltr'><strong>non</strong></span> <span class='ocrx_word' id='word_1_370' title='bbox 3248 2366 3512 2436; x_wconf 89' lang='lat' dir='ltr'><strong>repressit</strong></span> 
     </span>
    </p>
   </div>
   <div class='ocr_carea' id='block_1_44' title="bbox 1931 2458 3510 2531">
    <p class='ocr_par' dir='ltr' id='par_1_44' title="bbox 1931 2458 3510 2531">
     <span class='ocr_line' id='line_1_45' title="bbox 1931 2458 3510 2531; baseline -0.003 -16"><span class='ocrx_word' id='word_1_371' title='bbox 1931 2469 2093 2531; x_wconf 86' lang='lat' dir='ltr'><strong>atque</strong></span> <span class='ocrx_word' id='word_1_372' title='bbox 2118 2461 2291 2516; x_wconf 74' lang='lat' dir='ltr'><strong>finivit</strong></span> <span class='ocrx_word' id='word_1_373' title='bbox 2318 2464 2619 2517; x_wconf 88' lang='lat' dir='ltr'><strong>orationem</strong></span> <span class='ocrx_word' id='word_1_374' title='bbox 2640 2462 2692 2515; x_wconf 92' lang='lat' dir='ltr'><strong>in</strong></span> <span class='ocrx_word' id='word_1_375' title='bbox 2722 2461 2844 2522; x_wconf 87' lang='lat' dir='ltr'><strong>hoc,</strong></span> <span class='ocrx_word' id='word_1_376' title='bbox 2876 2458 2967 2515; x_wconf 91' lang='lat' dir='ltr'><strong>sed</strong></span> <span class='ocrx_word' id='word_1_377' title='bbox 3002 2458 3223 2527; x_wconf 76' lang='lat' dir='ltr'><strong>adjecit,</strong></span> <span class='ocrx_word' id='word_1_378' title='bbox 3255 2459 3510 2528; x_wconf 82' lang='lat' dir='ltr'><strong>quoniam</strong></span> 
     </span>
    </p>
   </div>
   <div class='ocr_carea' id='block_1_45' title="bbox 1930 2551 3512 2621">
    <p class='ocr_par' dir='ltr' id='par_1_45' title="bbox 1930 2551 3512 2621">
     <span class='ocr_line' id='line_1_46' title="bbox 1930 2551 3512 2621; baseline -0.001 -16"><span class='ocrx_word' id='word_1_379' title='bbox 1930 2553 2030 2620; x_wconf 87' lang='lat' dir='ltr'><strong>ipsi</strong></span> <span class='ocrx_word' id='word_1_380' title='bbox 2061 2553 2473 2608; x_wconf 78' lang='lat' dir='ltr'><strong>consolationem</strong></span> <span class='ocrx_word' id='word_1_381' title='bbox 2522 2553 2797 2621; x_wconf 83' lang='lat' dir='ltr'><strong>accipient.</strong></span> <span class='ocrx_word' id='word_1_382' title='bbox 2839 2551 3011 2617; x_wconf 85' lang='lat' dir='ltr'><strong>Quam</strong></span> <span class='ocrx_word' id='word_1_383' title='bbox 3046 2565 3157 2603; x_wconf 84' lang='lat' dir='ltr'><strong>rem</strong></span> <span class='ocrx_word' id='word_1_384' title='bbox 3190 2566 3314 2604; x_wconf 91' lang='lat' dir='ltr'><strong>cum</strong></span> <span class='ocrx_word' id='word_1_385' title='bbox 3349 2551 3512 2617; x_wconf 76' lang='lat' dir='ltr'><strong>longe</strong></span> 
     </span>
    </p>
   </div>
   <div class='ocr_carea' id='block_1_46' title="bbox 1931 2640 3512 2712">
    <p class='ocr_par' dir='ltr' id='par_1_46' title="bbox 1931 2640 3512 2712">
     <span class='ocr_line' id='line_1_47' title="bbox 1931 2640 3512 2712; baseline -0.003 -17"><span class='ocrx_word' id='word_1_386' title='bbox 1931 2650 2058 2697; x_wconf 89' lang='lat' dir='ltr'><strong>ante</strong></span> <span class='ocrx_word' id='word_1_387' title='bbox 2122 2642 2599 2698; x_wconf 81' lang='lat' dir='ltr'><strong>animadvertisset</strong></span> <span class='ocrx_word' id='word_1_388' title='bbox 2668 2656 2897 2712; x_wconf 88' lang='lat' dir='ltr'><strong>magnus</strong></span> <span class='ocrx_word' id='word_1_389' title='bbox 2956 2641 3047 2695; x_wconf 89' lang='lat' dir='ltr'><strong>ille</strong></span> <span class='ocrx_word' id='word_1_390' title='bbox 3100 2640 3313 2710; x_wconf 82' lang='lat' dir='ltr'><strong>Moyses</strong></span> <span class='ocrx_word' id='word_1_391' title='bbox 3364 2640 3512 2711; x_wconf 85' lang='lat' dir='ltr'><strong>(inm</strong></span> 
     </span>
    </p>
   </div>
   <div class='ocr_carea' id='block_1_47' title="bbox 1934 2726 3512 2805">
    <p class='ocr_par' dir='ltr' id='par_1_47' title="bbox 1934 2726 3512 2805">
     <span class='ocr_line' id='line_1_48' title="bbox 1934 2726 3512 2805; baseline -0.003 -19"><span class='ocrx_word' id='word_1_392' title='bbox 1934 2749 2083 2797; x_wconf 78' lang='lat' dir='ltr'><strong>vero,</strong></span> <span class='ocrx_word' id='word_1_393' title='bbox 2110 2736 2156 2789; x_wconf 92' lang='lat' dir='ltr'><strong>is</strong></span> <span class='ocrx_word' id='word_1_394' title='bbox 2180 2735 2273 2805; x_wconf 92' lang='lat' dir='ltr'><strong>qui</strong></span> <span class='ocrx_word' id='word_1_395' title='bbox 2303 2736 2415 2789; x_wconf 82' lang='lat' dir='ltr'><strong>haec</strong></span> <span class='ocrx_word' id='word_1_396' title='bbox 2446 2734 2500 2788; x_wconf 77' lang='lat' dir='ltr'><strong>ir.</strong></span> <span class='ocrx_word' id='word_1_397' title='bbox 2526 2734 2621 2789; x_wconf 91' lang='lat' dir='ltr'><strong>illo</strong></span> <span class='ocrx_word' id='word_1_398' title='bbox 2639 2726 3273 2803; x_wconf 46' lang='lat' dir='ltr'><strong>disponebat,‘Verbum,</strong></span> <span class='ocrx_word' id='word_1_399' title='bbox 3301 2731 3355 2785; x_wconf 94' lang='lat' dir='ltr'><strong>in</strong></span> <span class='ocrx_word' id='word_1_400' title='bbox 3395 2747 3512 2801; x_wconf 87' lang='lat' dir='ltr'><strong>my-</strong></span> 
     </span>
    </p>
   </div>
   <div class='ocr_carea' id='block_1_48' title="bbox 1932 2824 3512 2892">
    <p class='ocr_par' dir='ltr' id='par_1_48' title="bbox 1932 2824 3512 2892">
     <span class='ocr_line' id='line_1_49' title="bbox 1932 2824 3512 2892; baseline -0.004 -10"><span class='ocrx_word' id='word_1_401' title='bbox 1932 2827 2084 2882; x_wconf 89' lang='lat' dir='ltr'><strong>sticis</strong></span> <span class='ocrx_word' id='word_1_402' title='bbox 2141 2826 2621 2881; x_wconf 88' lang='lat' dir='ltr'><strong>observationibus</strong></span> <span class='ocrx_word' id='word_1_403' title='bbox 2687 2825 2983 2892; x_wconf 64' lang='lat' dir='ltr'><strong>Paschaa):</strong></span> <span class='ocrx_word' id='word_1_404' title='bbox 3036 2838 3230 2892; x_wconf 87' lang='lat' dir='ltr'><strong>panem</strong></span> <span class='ocrx_word' id='word_1_405' title='bbox 3290 2824 3512 2892; x_wconf 87' lang='lat' dir='ltr'><strong>quidem</strong></span> 
     </span>
    </p>
   </div>
   <div class='ocr_carea' id='block_1_49' title="bbox 1931 2914 3511 2988">
    <p class='ocr_par' dir='ltr' id='par_1_49' title="bbox 1931 2914 3511 2988">
     <span class='ocr_line' id='line_1_50' title="bbox 1931 2914 3511 2988; baseline -0.002 -16"><span class='ocrx_word' id='word_1_406' title='bbox 1931 2917 2183 2972; x_wconf 84' lang='lat' dir='ltr'><strong>fermenti</strong></span> <span class='ocrx_word' id='word_1_407' title='bbox 2204 2928 2480 2988; x_wconf 83' lang='lat' dir='ltr'><strong>expertem</strong></span> <span class='ocrx_word' id='word_1_408' title='bbox 2512 2918 2829 2972; x_wconf 88' lang='lat' dir='ltr'><strong>hominibus</strong></span> <span class='ocrx_word' id='word_1_409' title='bbox 2876 2917 2930 2969; x_wconf 89' lang='lat' dir='ltr'><strong>in</strong></span> <span class='ocrx_word' id='word_1_410' title='bbox 2960 2914 3156 2970; x_wconf 87' lang='lat' dir='ltr'><strong>diebus</strong></span> <span class='ocrx_word' id='word_1_411' title='bbox 3187 2914 3341 2970; x_wconf 82' lang='lat' dir='ltr'><strong>festis</strong></span> <span class='ocrx_word' id='word_1_412' title='bbox 3370 2931 3511 2984; x_wconf 68' lang='lat' dir='ltr'><strong>prae-</strong></span> 
     </span>
    </p>
   </div>
   <div class='ocr_carea' id='block_1_50' title="bbox 1931 3006 3510 3078">
    <p class='ocr_par' dir='ltr' id='par_1_50' title="bbox 1931 3006 3510 3078">
     <span class='ocr_line' id='line_1_51' title="bbox 1931 3006 3510 3078; baseline -0.003 -14"><span class='ocrx_word' id='word_1_413' title='bbox 1931 3008 2249 3078; x_wconf 87' lang='lat' dir='ltr'><strong>scripsisse:</strong></span> <span class='ocrx_word' id='word_1_414' title='bbox 2283 3010 2572 3064; x_wconf 83' lang='lat' dir='ltr'><strong>obsonium</strong></span> <span class='ocrx_word' id='word_1_415' title='bbox 2598 3023 2748 3071; x_wconf 89' lang='lat' dir='ltr'><strong>vero,</strong></span> <span class='ocrx_word' id='word_1_416' title='bbox 2780 3023 2890 3076; x_wconf 89' lang='lat' dir='ltr'><strong>quo</strong></span> <span class='ocrx_word' id='word_1_417' title='bbox 2920 3016 3293 3071; x_wconf 83' lang='lat' dir='ltr'><strong>vescerentur,</strong></span> <span class='ocrx_word' id='word_1_418' title='bbox 3322 3006 3510 3078; x_wconf 83' lang='lat' dir='ltr'><strong>intyba</strong></span> 
     </span>
    </p>
   </div>
   <div class='ocr_carea' id='block_1_51' title="bbox 1930 3095 3511 3168">
    <p class='ocr_par' dir='ltr' id='par_1_51' title="bbox 1930 3095 3511 3168">
     <span class='ocr_line' id='line_1_52' title="bbox 1930 3095 3511 3168; baseline -0.001 -18"><span class='ocrx_word' id='word_1_419' title='bbox 1930 3100 2164 3168; x_wconf 88' lang='lat' dir='ltr'><strong>agrestia</strong></span> <span class='ocrx_word' id='word_1_420' title='bbox 2202 3099 2507 3155; x_wconf 88' lang='lat' dir='ltr'><strong>instituisse</strong></span> <span class='ocrx_word' id='word_1_421' title='bbox 2537 3097 2752 3151; x_wconf 86' lang='lat' dir='ltr'><strong>videtur</strong></span> <span class='ocrx_word' id='word_1_422' title='bbox 2783 3098 2846 3161; x_wconf 84' lang='grc'><strong>¹²,</strong></span> <span class='ocrx_word' id='word_1_423' title='bbox 2878 3105 2936 3149; x_wconf 91' lang='lat' dir='ltr'><strong>ut</strong></span> <span class='ocrx_word' id='word_1_424' title='bbox 2965 3111 3058 3163; x_wconf 88' lang='lat' dir='ltr'><strong>per</strong></span> <span class='ocrx_word' id='word_1_425' title='bbox 3080 3095 3350 3165; x_wconf 84' lang='lat' dir='ltr'><strong>ejusmodi</strong></span> <span class='ocrx_word' id='word_1_426' title='bbox 3375 3098 3511 3151; x_wconf 65' lang='lat' dir='ltr'><strong>aeni-</strong></span> 
     </span>
    </p>
   </div>
   <div class='ocr_carea' id='block_1_52' title="bbox 236 3188 1827 3260">
    <p class='ocr_par' dir='ltr' id='par_1_52' title="bbox 236 3189 1825 3260">
     <span class='ocr_line' id='line_1_53' title="bbox 236 3189 1825 3260; baseline -0.001 -16"><span class='ocrx_word' id='word_1_427' title='bbox 236 3192 338 3245; x_wconf 83' lang='grc' dir='ltr'><strong>Διὰ</strong></span> <span class='ocrx_word' id='word_1_428' title='bbox 379 3190 539 3244; x_wconf 77' lang='grc' dir='ltr'><strong>τοῦτο</strong></span> <span class='ocrx_word' id='word_1_429' title='bbox 579 3190 674 3244; x_wconf 81' lang='grc' dir='ltr'><strong>καὶ</strong></span> <span class='ocrx_word' id='word_1_430' title='bbox 700 3192 729 3243; x_wconf 88' lang='lat'><strong>6</strong></span> <span class='ocrx_word' id='word_1_431' title='bbox 781 3189 955 3259; x_wconf 84' lang='grc' dir='ltr'><strong>μέγας</strong></span> <span class='ocrx_word' id='word_1_432' title='bbox 988 3189 1169 3253; x_wconf 77' lang='grc' dir='ltr'><strong>Δαϐὶδ,</strong></span> <span class='ocrx_word' id='word_1_433' title='bbox 1200 3189 1375 3243; x_wconf 88' lang='grc' dir='ltr'><strong>καίτοι</strong></span> <span class='ocrx_word' id='word_1_434' title='bbox 1420 3190 1482 3243; x_wconf 84' lang='grc' dir='ltr'><strong>τὸ</strong></span> <span class='ocrx_word' id='word_1_435' title='bbox 1528 3190 1825 3260; x_wconf 81' lang='grc' dir='ltr'><strong>ἀκρότατον</strong></span> 
     </span>
    </p>
   </div>
   <div class='ocr_carea' id='block_1_53' title="bbox 1929 3188 3509 3260">
    <p class='ocr_par' dir='ltr' id='par_1_53' title="bbox 1929 3188 3509 3260">
     <span class='ocr_line' id='line_1_54' title="bbox 1929 3188 3509 3260; baseline -0.001 -17"><span class='ocrx_word' id='word_1_436' title='bbox 1929 3196 2109 3260; x_wconf 88' lang='lat' dir='ltr'><strong>gmata</strong></span> <span class='ocrx_word' id='word_1_437' title='bbox 2140 3199 2302 3259; x_wconf 87' lang='lat' dir='ltr'><strong>atque</strong></span> <span class='ocrx_word' id='word_1_438' title='bbox 2332 3189 2612 3245; x_wconf 87' lang='lat' dir='ltr'><strong>involucra</strong></span> <span class='ocrx_word' id='word_1_439' title='bbox 2646 3189 3005 3247; x_wconf 85' lang='lat' dir='ltr'><strong>disceremus,</strong></span> <span class='ocrx_word' id='word_1_440' title='bbox 3037 3188 3185 3257; x_wconf 85' lang='lat' dir='ltr'><strong>quod</strong></span> <span class='ocrx_word' id='word_1_441' title='bbox 3252 3188 3345 3243; x_wconf 93' lang='lat' dir='ltr'><strong>illo</strong></span> <span class='ocrx_word' id='word_1_442' title='bbox 3396 3203 3509 3258; x_wconf 83' lang='lat' dir='ltr'><strong>my-</strong></span> 
     </span>
    </p>
   </div>
   <div class='ocr_carea' id='block_1_54' title="bbox 236 3280 1829 3355">
    <p class='ocr_par' dir='ltr' id='par_1_54' title="bbox 236 3280 1829 3355">
     <span class='ocr_line' id='line_1_55' title="bbox 236 3280 1829 3355; baseline -0.001 -19"><span class='ocrx_word' id='word_1_443' title='bbox 236 3284 344 3355; x_wconf 87' lang='grc' dir='ltr'><strong>τῆς</strong></span> <span class='ocrx_word' id='word_1_444' title='bbox 384 3281 731 3352; x_wconf 80' lang='grc' dir='ltr'><strong>ἀνθρωπίνης</strong></span> <span class='ocrx_word' id='word_1_445' title='bbox 759 3280 1056 3351; x_wconf 86' lang='grc' dir='ltr'><strong>εὺκληρίας</strong></span> <span class='ocrx_word' id='word_1_446' title='bbox 1092 3280 1291 3351; x_wconf 82' lang='grc' dir='ltr'><strong>μέτρον</strong></span> <span class='ocrx_word' id='word_1_447' title='bbox 1316 3280 1480 3350; x_wconf 82' lang='grc' dir='ltr'><strong>(λέγω</strong></span> <span class='ocrx_word' id='word_1_448' title='bbox 1510 3281 1575 3353; x_wconf 79' lang='grc' dir='ltr'>δὴ</span> <span class='ocrx_word' id='word_1_449' title='bbox 1607 3281 1704 3351; x_wconf 77' lang='grc' dir='ltr'><strong>τὴν</strong></span> <span class='ocrx_word' id='word_1_450' title='bbox 1735 3282 1829 3351; x_wconf 84' lang='grc' dir='ltr'><strong>βα-</strong></span> 
     </span>
    </p>
   </div>
   <div class='ocr_carea' id='block_1_55' title="bbox 238 3373 1828 3447">
    <p class='ocr_par' dir='ltr' id='par_1_55' title="bbox 238 3373 1828 3447">
     <span class='ocr_line' id='line_1_56' title="bbox 238 3373 1828 3447; baseline -0.001 -18"><span class='ocrx_word' id='word_1_451' title='bbox 238 3375 472 3445; x_wconf 70' lang='grc' dir='ltr'><strong>σιλείαν)</strong></span> <span class='ocrx_word' id='word_1_452' title='bbox 505 3375 633 3447; x_wconf 75' lang='grc' dir='ltr'><strong>περὶ</strong></span> <span class='ocrx_word' id='word_1_453' title='bbox 659 3374 849 3428; x_wconf 73' lang='grc' dir='ltr'><strong>ἑαυτὸν</strong></span> <span class='ocrx_word' id='word_1_454' title='bbox 882 3373 1114 3444; x_wconf 80' lang='grc' dir='ltr'><strong>βλέπων⁸</strong></span> <span class='ocrx_word' id='word_1_455' title='bbox 1142 3373 1379 3444; x_wconf 74' lang='grc' dir='ltr'><strong>δαψιλῶς</strong></span> <span class='ocrx_word' id='word_1_456' title='bbox 1408 3375 1689 3429; x_wconf 77' lang='grc' dir='ltr'><strong>ὲπιὸάλλει</strong></span> <span class='ocrx_word' id='word_1_457' title='bbox 1720 3374 1828 3428; x_wconf 84' lang='grc' dir='ltr'><strong>τῶν</strong></span> 
     </span>
    </p>
   </div>
   <div class='ocr_carea' id='block_1_56' title="bbox 237 3466 1829 3541">
    <p class='ocr_par' dir='ltr' id='par_1_56' title="bbox 237 3466 1829 3541">
     <span class='ocr_line' id='line_1_57' title="bbox 237 3466 1829 3541; baseline -0.001 -20"><span class='ocrx_word' id='word_1_458' title='bbox 237 3469 505 3541; x_wconf 84' lang='grc' dir='ltr'><strong>πικρίδων</strong></span> <span class='ocrx_word' id='word_1_459' title='bbox 538 3470 604 3539; x_wconf 80' lang='grc' dir='ltr'><strong>τῇ</strong></span> <span class='ocrx_word' id='word_1_460' title='bbox 640 3466 832 3520; x_wconf 80' lang='grc' dir='ltr'><strong>ἑαυτοῦ</strong></span> <span class='ocrx_word' id='word_1_461' title='bbox 868 3466 980 3537; x_wconf 80' lang='grc' dir='ltr'><strong>ζωῇ</strong></span> <span class='ocrx_word' id='word_1_462' title='bbox 1023 3466 1293 3530; x_wconf 77' lang='grc' dir='ltr'><strong>στενάζων</strong></span> <span class='ocrx_word' id='word_1_463' title='bbox 1340 3467 1400 3520; x_wconf 82' lang='grc' dir='ltr'><strong>ἐν</strong></span> <span class='ocrx_word' id='word_1_464' title='bbox 1442 3468 1658 3538; x_wconf 75' lang='grc' dir='ltr'><strong>οἰμωγῇ</strong></span> <span class='ocrx_word' id='word_1_465' title='bbox 1681 3509 1695 3531; x_wconf 89' lang='grc'><strong>,</strong></span> <span class='ocrx_word' id='word_1_466' title='bbox 1732 3468 1829 3521; x_wconf 75' lang='grc' dir='ltr'><strong>καὶ</strong></span> 
     </span>
    </p>
   </div>
   <div class='ocr_carea' id='block_1_57' title="bbox 236 3559 1828 3633">
    <p class='ocr_par' dir='ltr' id='par_1_57' title="bbox 236 3559 1828 3633">
     <span class='ocr_line' id='line_1_58' title="bbox 236 3559 1828 3633; baseline -0.001 -19"><span class='ocrx_word' id='word_1_467' title='bbox 236 3561 454 3633; x_wconf 84' lang='grc' dir='ltr'><strong>θρηνῶν</strong></span> <span class='ocrx_word' id='word_1_468' title='bbox 484 3560 581 3631; x_wconf 82' lang='grc' dir='ltr'><strong>τὴν</strong></span> <span class='ocrx_word' id='word_1_469' title='bbox 616 3561 925 3630; x_wconf 84' lang='grc' dir='ltr'><strong>παράτασιν</strong></span> <span class='ocrx_word' id='word_1_470' title='bbox 956 3560 1055 3629; x_wconf 89' lang='grc' dir='ltr'><strong>τῆς</strong></span> <span class='ocrx_word' id='word_1_471' title='bbox 1081 3560 1139 3612; x_wconf 81' lang='grc' dir='ltr'><strong>ὲν</strong></span> <span class='ocrx_word' id='word_1_472' title='bbox 1174 3559 1341 3633; x_wconf 76' lang='grc' dir='ltr'><strong>σαρκὶ</strong></span> <span class='ocrx_word' id='word_1_473' title='bbox 1379 3560 1692 3631; x_wconf 87' lang='grc' dir='ltr'><strong>παροικίας,</strong></span> <span class='ocrx_word' id='word_1_474' title='bbox 1735 3562 1828 3613; x_wconf 73' lang='grc' dir='ltr'><strong>καὶ</strong></span> 
     </span>
    </p>
   </div>
   <div class='ocr_carea' id='block_1_58' title="bbox 240 3630 1826 3721">
    <p class='ocr_par' dir='ltr' id='par_1_58' title="bbox 240 3630 1826 3721">
     <span class='ocr_line' id='line_1_59' title="bbox 240 3630 1826 3721; baseline 0 -20"><span class='ocrx_word' id='word_1_475' title='bbox 240 3630 547 3712; x_wconf 76' lang='grc' dir='ltr'><strong>ἐκλείπων,</strong></span> <span class='ocrx_word' id='word_1_476' title='bbox 571 3648 679 3702; x_wconf 78' lang='grc' dir='ltr'><strong>ὑπὸ</strong></span> <span class='ocrx_word' id='word_1_477' title='bbox 710 3652 809 3719; x_wconf 86' lang='grc' dir='ltr'><strong>τῆς</strong></span> <span class='ocrx_word' id='word_1_478' title='bbox 840 3648 946 3701; x_wconf 84' lang='grc' dir='ltr'><strong>τῶν</strong></span> <span class='ocrx_word' id='word_1_479' title='bbox 981 3630 1241 3719; x_wconf 81' lang='grc' dir='ltr'><strong>μειζόνων</strong></span> <span class='ocrx_word' id='word_1_480' title='bbox 1281 3648 1597 3719; x_wconf 75' lang='grc' dir='ltr'><strong>ἐπιθυμίας,</strong></span> <span class='ocrx_word' id='word_1_481' title='bbox 1638 3650 1826 3721; x_wconf 78' lang='grc' dir='ltr'><strong>φησὶν,</strong></span> 
     </span>
    </p>
   </div>
   <div class='ocr_carea' id='block_1_59' title="bbox 231 3739 1828 3811">
    <p class='ocr_par' dir='ltr' id='par_1_59' title="bbox 231 3739 1828 3811">
     <span class='ocr_line' id='line_1_60' title="bbox 231 3739 1828 3811; baseline 0.001 -19"><span class='ocrx_word' id='word_1_482' title='bbox 231 3740 400 3809; x_wconf 77' lang='grc' dir='ltr'><strong>Οιμοι</strong></span> <span class='ocrx_word' id='word_1_483' title='bbox 427 3740 515 3792; x_wconf 85' lang='grc' dir='ltr'><strong>ὅτι</strong></span> <span class='ocrx_word' id='word_1_484' title='bbox 548 3740 587 3806; x_wconf 76' lang='grc' dir='ltr'><strong><em>ἡ</em></strong></span> <span class='ocrx_word' id='word_1_485' title='bbox 627 3740 905 3806; x_wconf 60' lang='lat' dir='ltr'><strong>naporum</strong></span> <span class='ocrx_word' id='word_1_486' title='bbox 924 3756 1043 3808; x_wconf 84' lang='grc' dir='ltr'><strong>μου</strong></span> <span class='ocrx_word' id='word_1_487' title='bbox 1070 3739 1432 3808; x_wconf 81' lang='grc' dir='ltr'><strong>ἑμακρύνθη.</strong></span> <span class='ocrx_word' id='word_1_488' title='bbox 1477 3740 1734 3811; x_wconf 82' lang='grc' dir='ltr'><strong>Ἐτέρωθι</strong></span> <span class='ocrx_word' id='word_1_489' title='bbox 1770 3742 1828 3794; x_wconf 81' lang='grc' dir='ltr'>δὲ</span> 
     </span>
    </p>
   </div>
   <div class='ocr_carea' id='block_1_60' title="bbox 239 3827 1825 3900">
    <p class='ocr_par' dir='ltr' id='par_1_60' title="bbox 239 3827 1825 3900">
     <span class='ocr_line' id='line_1_61' title="bbox 239 3827 1825 3900; baseline 0.001 -18"><span class='ocrx_word' id='word_1_490' title='bbox 239 3830 380 3900; x_wconf 80' lang='grc' dir='ltr'><strong>πρὸς</strong></span> <span class='ocrx_word' id='word_1_491' title='bbox 408 3831 468 3881; x_wconf 86' lang='grc' dir='ltr'><strong>τὸ</strong></span> <span class='ocrx_word' id='word_1_492' title='bbox 502 3828 694 3890; x_wconf 89' lang='grc' dir='ltr'><strong>κάλλος</strong></span> <span class='ocrx_word' id='word_1_493' title='bbox 720 3828 828 3879; x_wconf 86' lang='grc' dir='ltr'><strong>τῶν</strong></span> <span class='ocrx_word' id='word_1_494' title='bbox 868 3827 1025 3881; x_wconf 88' lang='grc' dir='ltr'><strong>θείων</strong></span> <span class='ocrx_word' id='word_1_495' title='bbox 1061 3829 1436 3898; x_wconf 87' lang='grc' dir='ltr'><strong>σκηνωμάτων</strong></span> <span class='ocrx_word' id='word_1_496' title='bbox 1466 3830 1653 3893; x_wconf 84' lang='grc' dir='ltr'><strong>ἀτενὲς</strong></span> <span class='ocrx_word' id='word_1_497' title='bbox 1683 3832 1825 3885; x_wconf 86' lang='grc' dir='ltr'><strong>ἀπο-</strong></span> 
     </span>
    </p>
   </div>
   <div class='ocr_carea' id='block_1_61' title="bbox 245 3919 1826 3990">
    <p class='ocr_par' dir='ltr' id='par_1_61' title="bbox 245 3919 1826 3990">
     <span class='ocr_line' id='line_1_62' title="bbox 245 3919 1826 3990; baseline 0.001 -16"><span class='ocrx_word' id='word_1_498' title='bbox 245 3922 484 3983; x_wconf 70' lang='grc' dir='ltr'><strong>ϐλέπων,</strong></span> <span class='ocrx_word' id='word_1_499' title='bbox 537 3919 777 3971; x_wconf 77' lang='grc' dir='ltr'><strong>ἐκλιπεῖν</strong></span> <span class='ocrx_word' id='word_1_500' title='bbox 824 3919 926 3970; x_wconf 85' lang='grc' dir='ltr'><strong>ὑπὸ</strong></span> <span class='ocrx_word' id='word_1_501' title='bbox 970 3919 1069 3987; x_wconf 88' lang='grc' dir='ltr'><strong>τῆς</strong></span> <span class='ocrx_word' id='word_1_502' title='bbox 1120 3919 1413 3989; x_wconf 77' lang='grc' dir='ltr'><strong>ἐπιθυμίας</strong></span> <span class='ocrx_word' id='word_1_503' title='bbox 1450 3922 1602 3990; x_wconf 70' lang='grc' dir='ltr'><strong>φησὶ,</strong></span> <span class='ocrx_word' id='word_1_504' title='bbox 1655 3922 1715 3975; x_wconf 87' lang='grc' dir='ltr'><strong>τὸ</strong></span> <span class='ocrx_word' id='word_1_505' title='bbox 1766 3924 1826 3974; x_wconf 85' lang='grc' dir='ltr'><strong>έν</strong></span> 
     </span>
    </p>
   </div>
   <div class='ocr_carea' id='block_1_62' title="bbox 242 4008 1826 4084">
    <p class='ocr_par' dir='ltr' id='par_1_62' title="bbox 242 4008 1826 4084">
     <span class='ocr_line' id='line_1_63' title="bbox 242 4008 1826 4084; baseline -0.003 -15"><span class='ocrx_word' id='word_1_506' title='bbox 242 4016 491 4084; x_wconf 79' lang='grc' dir='ltr'><strong>ἐσχάτοις</strong></span> <span class='ocrx_word' id='word_1_507' title='bbox 525 4012 642 4063; x_wconf 74' lang='grc' dir='ltr'><strong>ἐκεῖ</strong></span> <span class='ocrx_word' id='word_1_508' title='bbox 682 4008 960 4077; x_wconf 85' lang='grc' dir='ltr'><strong>τετάχθαι,</strong></span> <span class='ocrx_word' id='word_1_509' title='bbox 993 4008 1087 4062; x_wconf 77' lang='grc' dir='ltr'><strong>τοῦ</strong></span> <span class='ocrx_word' id='word_1_510' title='bbox 1122 4009 1421 4080; x_wconf 85' lang='grc' dir='ltr'><strong>πρωτεύειν</strong></span> <span class='ocrx_word' id='word_1_511' title='bbox 1450 4011 1507 4062; x_wconf 83' lang='grc' dir='ltr'><strong>ὲν</strong></span> <span class='ocrx_word' id='word_1_512' title='bbox 1535 4013 1648 4073; x_wconf 83' lang='grc' dir='ltr'><strong>τοῖς</strong></span> <span class='ocrx_word' id='word_1_513' title='bbox 1679 4029 1826 4082; x_wconf 86' lang='grc' dir='ltr'><strong>παρ-</strong></span> 
     </span>
    </p>
   </div>
   <div class='ocr_carea' id='block_1_63' title="bbox 235 4100 1813 4173">
    <p class='ocr_par' dir='ltr' id='par_1_63' title="bbox 235 4100 1813 4173">
     <span class='ocr_line' id='line_1_64' title="bbox 235 4100 1813 4173; baseline -0.003 -14"><span class='ocrx_word' id='word_1_514' title='bbox 235 4105 381 4168; x_wconf 82' lang='grc' dir='ltr'><strong>οῦσι,</strong></span> <span class='ocrx_word' id='word_1_515' title='bbox 434 4100 822 4173; x_wconf 85' lang='grc' dir='ltr'><strong>προτιμότερον</strong></span> <span class='ocrx_word' id='word_1_516' title='bbox 861 4100 1038 4170; x_wconf 75' lang='grc' dir='ltr'><strong>ἑαυτῷ</strong></span> <span class='ocrx_word' id='word_1_517' title='bbox 1072 4100 1290 4170; x_wconf 89' lang='grc' dir='ltr'><strong>κρίνων.</strong></span> <span class='ocrx_word' id='word_1_518' title='bbox 1325 4101 1386 4152; x_wconf 82' lang='lat' dir='ltr'><strong>Ei</strong></span> <span class='ocrx_word' id='word_1_519' title='bbox 1436 4100 1493 4152; x_wconf 87' lang='grc' dir='ltr'><strong>δέ</strong></span> <span class='ocrx_word' id='word_1_520' title='bbox 1537 4118 1621 4164; x_wconf 90' lang='grc' dir='ltr'><strong>τις</strong></span> <span class='ocrx_word' id='word_1_521' title='bbox 1654 4102 1813 4172; x_wconf 88' lang='grc' dir='ltr'><strong>ἀκρι-</strong></span> 
     </span>
    </p>
   </div>
   <div class='ocr_carea' id='block_1_64' title="bbox 238 4189 1831 4264">
    <p class='ocr_par' dir='ltr' id='par_1_64' title="bbox 238 4189 1831 4264">
     <span class='ocr_line' id='line_1_65' title="bbox 238 4189 1831 4264; baseline 0 -18"><span class='ocrx_word' id='word_1_522' title='bbox 238 4195 496 4264; x_wconf 81' lang='grc' dir='ltr'><strong>ϐέστερον</strong></span> <span class='ocrx_word' id='word_1_523' title='bbox 549 4191 882 4260; x_wconf 83' lang='grc' dir='ltr'><strong>κατανοῆσαι</strong></span> <span class='ocrx_word' id='word_1_524' title='bbox 936 4189 1176 4261; x_wconf 87' lang='grc' dir='ltr'><strong>βούλοιτο</strong></span> <span class='ocrx_word' id='word_1_525' title='bbox 1240 4189 1333 4242; x_wconf 78' lang='grc' dir='ltr'><strong>τοῦ</strong></span> <span class='ocrx_word' id='word_1_526' title='bbox 1386 4192 1831 4263; x_wconf 80' lang='grc' dir='ltr'><strong>μακαριζομένου</strong></span> 
     </span>
    </p>
   </div>
   <div class='ocr_carea' id='block_1_65' title="bbox 234 4280 1821 4354">
    <p class='ocr_par' dir='ltr' id='par_1_65' title="bbox 234 4280 1821 4354">
     <span class='ocr_line' id='line_1_66' title="bbox 234 4280 1821 4354; baseline -0.002 -15"><span class='ocrx_word' id='word_1_527' title='bbox 234 4283 427 4339; x_wconf 76' lang='grc' dir='ltr'><strong>τούτου</strong></span> <span class='ocrx_word' id='word_1_528' title='bbox 460 4282 688 4344; x_wconf 79' lang='grc' dir='ltr'><strong>πένθους</strong></span> <span class='ocrx_word' id='word_1_529' title='bbox 715 4280 811 4351; x_wconf 79' lang='grc' dir='ltr'><strong>τὴν</strong></span> <span class='ocrx_word' id='word_1_530' title='bbox 840 4280 1084 4351; x_wconf 81' lang='grc' dir='ltr'><strong>δύναμιν,</strong></span> <span class='ocrx_word' id='word_1_531' title='bbox 1137 4280 1523 4350; x_wconf 81' lang='grc' dir='ltr'><strong>ὲπισκεψάσθω</strong></span> <span class='ocrx_word' id='word_1_532' title='bbox 1554 4282 1731 4354; x_wconf 78' lang='grc' dir='ltr'><strong>ἐαυτῷ</strong></span> <span class='ocrx_word' id='word_1_533' title='bbox 1763 4283 1821 4336; x_wconf 82' lang='grc' dir='ltr'><strong>ὲν</strong></span> 
     </span>
    </p>
   </div>
   <div class='ocr_carea' id='block_1_66' title="bbox 234 4371 1817 4447">
    <p class='ocr_par' dir='ltr' id='par_1_66' title="bbox 234 4371 1817 4447">
     <span class='ocr_line' id='line_1_67' title="bbox 234 4371 1817 4447; baseline 0 -19"><span class='ocrx_word' id='word_1_534' title='bbox 234 4376 317 4447; x_wconf 78' lang='grc' dir='ltr'><strong>τῷ</strong></span> <span class='ocrx_word' id='word_1_535' title='bbox 368 4374 510 4427; x_wconf 85' lang='grc' dir='ltr'><strong>κατὰ</strong></span> <span class='ocrx_word' id='word_1_536' title='bbox 541 4372 630 4426; x_wconf 81' lang='grc' dir='ltr'><strong>τὸν</strong></span> <span class='ocrx_word' id='word_1_537' title='bbox 673 4372 921 4443; x_wconf 79' lang='grc' dir='ltr'><strong>Λάζαρον</strong></span> <span class='ocrx_word' id='word_1_538' title='bbox 957 4372 1053 4426; x_wconf 74' lang='grc' dir='ltr'><strong>καὶ</strong></span> <span class='ocrx_word' id='word_1_539' title='bbox 1081 4371 1171 4426; x_wconf 74' lang='grc' dir='ltr'><strong>τὸν</strong></span> <span class='ocrx_word' id='word_1_540' title='bbox 1198 4372 1450 4427; x_wconf 86' lang='grc' dir='ltr'><strong>πλούσιον</strong></span> <span class='ocrx_word' id='word_1_541' title='bbox 1479 4374 1782 4446; x_wconf 86' lang='grc' dir='ltr'><strong>διηγήματι</strong></span> <span class='ocrx_word' id='word_1_542' title='bbox 1801 4415 1817 4441; x_wconf 93' lang='grc'><strong>,</strong></span> 
     </span>
    </p>
   </div>
   <div class='ocr_carea' id='block_1_67' title="bbox 234 4460 1814 4537">
    <p class='ocr_par' dir='ltr' id='par_1_67' title="bbox 234 4460 1814 4537">
     <span class='ocr_line' id='line_1_68' title="bbox 234 4460 1814 4537; baseline -0.002 -16"><span class='ocrx_word' id='word_1_543' title='bbox 234 4470 296 4522; x_wconf 80' lang='grc' dir='ltr'><strong>ὲν</strong></span> <span class='ocrx_word' id='word_1_544' title='bbox 322 4460 368 4535; x_wconf 83' lang='grc' dir='ltr'>ᾧ</span> <span class='ocrx_word' id='word_1_545' title='bbox 387 4465 719 4537; x_wconf 88' lang='grc' dir='ltr'><strong>γυμνότερον</strong></span> <span class='ocrx_word' id='word_1_546' title='bbox 743 4464 806 4517; x_wconf 82' lang='grc' dir='ltr'><strong>τὸ</strong></span> <span class='ocrx_word' id='word_1_547' title='bbox 831 4462 1069 4517; x_wconf 84' lang='grc' dir='ltr'><strong>τοιοῦτον</strong></span> <span class='ocrx_word' id='word_1_548' title='bbox 1089 4464 1264 4534; x_wconf 85' lang='grc' dir='ltr'><strong>δόγμα</strong></span> <span class='ocrx_word' id='word_1_549' title='bbox 1291 4467 1421 4534; x_wconf 80' lang='grc' dir='ltr'><strong>ἡμῖν</strong></span> <span class='ocrx_word' id='word_1_550' title='bbox 1443 4465 1814 4536; x_wconf 78' lang='grc' dir='ltr'><strong>σαφηνίζεται.</strong></span> 
     </span>
    </p>
   </div>
   <div class='ocr_carea' id='block_1_68' title="bbox 1932 3280 3510 3350">
    <p class='ocr_par' dir='ltr' id='par_1_68' title="bbox 1932 3280 3510 3350">
     <span class='ocr_line' id='line_1_69' title="bbox 1932 3280 3510 3350; baseline 0 -15"><span class='ocrx_word' id='word_1_551' title='bbox 1932 3282 2073 3335; x_wconf 90' lang='lat' dir='ltr'><strong>stieo</strong></span> <span class='ocrx_word' id='word_1_552' title='bbox 2106 3282 2246 3337; x_wconf 80' lang='lat' dir='ltr'><strong>festo</strong></span> <span class='ocrx_word' id='word_1_553' title='bbox 2280 3284 2441 3338; x_wconf 88' lang='lat' dir='ltr'><strong>aliter</strong></span> <span class='ocrx_word' id='word_1_554' title='bbox 2468 3282 2573 3336; x_wconf 81' lang='lat' dir='ltr'><strong>frui</strong></span> <span class='ocrx_word' id='word_1_555' title='bbox 2603 3297 2711 3337; x_wconf 87' lang='lat' dir='ltr'><strong>non</strong></span> <span class='ocrx_word' id='word_1_556' title='bbox 2748 3282 2928 3345; x_wconf 87' lang='lat' dir='ltr'><strong>liceat,</strong></span> <span class='ocrx_word' id='word_1_557' title='bbox 2961 3284 3066 3336; x_wconf 89' lang='lat' dir='ltr'><strong>nisi</strong></span> <span class='ocrx_word' id='word_1_558' title='bbox 3118 3281 3303 3338; x_wconf 64' lang='lat' dir='ltr'><strong>saeculi</strong></span> <span class='ocrx_word' id='word_1_559' title='bbox 3342 3280 3510 3350; x_wconf 85' lang='lat' dir='ltr'><strong>hujus</strong></span> 
     </span>
    </p>
   </div>
   <div class='ocr_carea' id='block_1_69' title="bbox 1932 3370 3509 3442">
    <p class='ocr_par' dir='ltr' id='par_1_69' title="bbox 1932 3370 3509 3442">
     <span class='ocr_line' id='line_1_70' title="bbox 1932 3370 3509 3442; baseline 0.001 -18"><span class='ocrx_word' id='word_1_560' title='bbox 1932 3372 2113 3442; x_wconf 82' lang='lat' dir='ltr'><strong>inlyba</strong></span> <span class='ocrx_word' id='word_1_561' title='bbox 2152 3389 2335 3427; x_wconf 84' lang='lat' dir='ltr'><strong>amara</strong></span> <span class='ocrx_word' id='word_1_562' title='bbox 2391 3371 2647 3441; x_wconf 89' lang='lat' dir='ltr'><strong>simplici,</strong></span> <span class='ocrx_word' id='word_1_563' title='bbox 2680 3379 2735 3427; x_wconf 92' lang='lat' dir='ltr'><strong>et</strong></span> <span class='ocrx_word' id='word_1_564' title='bbox 2781 3387 2811 3425; x_wconf 88' lang='lat' dir='ltr'><strong>a</strong></span> <span class='ocrx_word' id='word_1_565' title='bbox 2854 3370 3121 3427; x_wconf 81' lang='lat' dir='ltr'><strong>fermento</strong></span> <span class='ocrx_word' id='word_1_566' title='bbox 3158 3387 3342 3427; x_wconf 60' lang='lat' dir='ltr'><strong>vacuae</strong></span> <span class='ocrx_word' id='word_1_567' title='bbox 3383 3373 3509 3427; x_wconf 62' lang='lat' dir='ltr'><strong>vitat</strong></span> 
     </span>
    </p>
   </div>
   <div class='ocr_carea' id='block_1_70' title="bbox 1931 3461 3509 3533">
    <p class='ocr_par' dir='ltr' id='par_1_70' title="bbox 1931 3461 3509 3533">
     <span class='ocr_line' id='line_1_71' title="bbox 1931 3461 3509 3533; baseline 0.001 -17"><span class='ocrx_word' id='word_1_568' title='bbox 1931 3472 2125 3533; x_wconf 84' lang='lat' dir='ltr'><strong>sponte</strong></span> <span class='ocrx_word' id='word_1_569' title='bbox 2185 3472 2370 3518; x_wconf 88' lang='lat' dir='ltr'><strong>nostra</strong></span> <span class='ocrx_word' id='word_1_570' title='bbox 2432 3464 2860 3519; x_wconf 89' lang='lat' dir='ltr'><strong>immiseeantur.</strong></span> <span class='ocrx_word' id='word_1_571' title='bbox 2918 3461 3214 3532; x_wconf 89' lang='lat' dir='ltr'><strong>Propterea</strong></span> <span class='ocrx_word' id='word_1_572' title='bbox 3276 3477 3509 3533; x_wconf 88' lang='lat' dir='ltr'><strong>magnus</strong></span> 
     </span>
    </p>
   </div>
   <div class='ocr_carea' id='block_1_71' title="bbox 1929 3552 3509 3625">
    <p class='ocr_par' dir='ltr' id='par_1_71' title="bbox 1929 3552 3509 3625">
     <span class='ocr_line' id='line_1_72' title="bbox 1929 3552 3509 3625; baseline -0.001 -18"><span class='ocrx_word' id='word_1_573' title='bbox 1929 3571 2147 3625; x_wconf 86' lang='lat' dir='ltr'><strong>quoque</strong></span> <span class='ocrx_word' id='word_1_574' title='bbox 2183 3554 2369 3621; x_wconf 81' lang='lat' dir='ltr'><strong>David,</strong></span> <span class='ocrx_word' id='word_1_575' title='bbox 2403 3556 2618 3610; x_wconf 81' lang='lat' dir='ltr'><strong>tametsi</strong></span> <span class='ocrx_word' id='word_1_576' title='bbox 2651 3569 2923 3610; x_wconf 90' lang='lat' dir='ltr'><strong>summum</strong></span> <span class='ocrx_word' id='word_1_577' title='bbox 2955 3555 3205 3609; x_wconf 56' lang='lat' dir='ltr'><strong>humanae</strong></span> <span class='ocrx_word' id='word_1_578' title='bbox 3232 3552 3509 3609; x_wconf 81' lang='lat' dir='ltr'><strong>felicitatis</strong></span> 
     </span>
    </p>
   </div>
   <div class='ocr_carea' id='block_1_72' title="bbox 1932 3646 3509 3719">
    <p class='ocr_par' dir='ltr' id='par_1_72' title="bbox 1932 3646 3509 3719">
     <span class='ocr_line' id='line_1_73' title="bbox 1932 3646 3509 3719; baseline 0.001 -19"><span class='ocrx_word' id='word_1_579' title='bbox 1932 3647 2257 3717; x_wconf 83' lang='lat' dir='ltr'><strong>fastigium(</strong></span> <span class='ocrx_word' id='word_1_580' title='bbox 2303 3648 2370 3703; x_wconf 93' lang='lat' dir='ltr'><strong>de</strong></span> <span class='ocrx_word' id='word_1_581' title='bbox 2409 3663 2576 3719; x_wconf 89' lang='lat' dir='ltr'><strong>regno</strong></span> <span class='ocrx_word' id='word_1_582' title='bbox 2625 3646 2880 3702; x_wconf 88' lang='lat' dir='ltr'><strong>nimirum</strong></span> <span class='ocrx_word' id='word_1_583' title='bbox 2911 3647 3142 3717; x_wconf 92' lang='lat' dir='ltr'><strong>loquor)</strong></span> <span class='ocrx_word' id='word_1_584' title='bbox 3188 3647 3395 3703; x_wconf 85' lang='lat' dir='ltr'><strong>circum</strong></span> <span class='ocrx_word' id='word_1_585' title='bbox 3448 3661 3509 3702; x_wconf 87' lang='lat' dir='ltr'><strong>se</strong></span> 
     </span>
    </p>
   </div>
   <div class='ocr_carea' id='block_1_73' title="bbox 1929 3741 3509 3811">
    <p class='ocr_par' dir='ltr' id='par_1_73' title="bbox 1929 3741 3509 3811">
     <span class='ocr_line' id='line_1_74' title="bbox 1929 3741 3509 3811; baseline 0.001 -16"><span class='ocrx_word' id='word_1_586' title='bbox 1929 3752 2196 3806; x_wconf 88' lang='lat' dir='ltr'><strong>cerneret,</strong></span> <span class='ocrx_word' id='word_1_587' title='bbox 2250 3742 2470 3811; x_wconf 79' lang='lat' dir='ltr'><strong>largiter</strong></span> <span class='ocrx_word' id='word_1_588' title='bbox 2526 3750 2707 3796; x_wconf 88' lang='lat' dir='ltr'><strong>tamen</strong></span> <span class='ocrx_word' id='word_1_589' title='bbox 2743 3741 2810 3796; x_wconf 92' lang='lat' dir='ltr'><strong>de</strong></span> <span class='ocrx_word' id='word_1_590' title='bbox 2872 3741 3077 3811; x_wconf 89' lang='lat' dir='ltr'><strong>intybis</strong></span> <span class='ocrx_word' id='word_1_591' title='bbox 3130 3742 3331 3797; x_wconf 88' lang='lat' dir='ltr'><strong>amaris</strong></span> <span class='ocrx_word' id='word_1_592' title='bbox 3393 3756 3509 3797; x_wconf 65' lang='lat' dir='ltr'><strong>sua:</strong></span> 
     </span>
    </p>
   </div>
   <div class='ocr_carea' id='block_1_74' title="bbox 1928 3831 3507 3902">
    <p class='ocr_par' dir='ltr' id='par_1_74' title="bbox 1928 3831 3507 3902">
     <span class='ocr_line' id='line_1_75' title="bbox 1928 3831 3507 3902; baseline 0.001 -16"><span class='ocrx_word' id='word_1_593' title='bbox 1928 3832 2053 3886; x_wconf 85' lang='lat' dir='ltr'><strong>vitae</strong></span> <span class='ocrx_word' id='word_1_594' title='bbox 2085 3833 2305 3902; x_wconf 90' lang='lat' dir='ltr'><strong>adjicit,</strong></span> <span class='ocrx_word' id='word_1_595' title='bbox 2360 3834 2644 3901; x_wconf 91' lang='lat' dir='ltr'><strong>suspirans</strong></span> <span class='ocrx_word' id='word_1_596' title='bbox 2708 3832 2762 3885; x_wconf 92' lang='lat' dir='ltr'><strong>in</strong></span> <span class='ocrx_word' id='word_1_597' title='bbox 2808 3832 3037 3899; x_wconf 90' lang='lat' dir='ltr'><strong>ejulatu,</strong></span> <span class='ocrx_word' id='word_1_598' title='bbox 3095 3846 3159 3886; x_wconf 90' lang='lat' dir='ltr'><strong>ac</strong></span> <span class='ocrx_word' id='word_1_599' title='bbox 3216 3831 3507 3902; x_wconf 87' lang='lat' dir='ltr'><strong>deplorans</strong></span> 
     </span>
    </p>
   </div>
   <div class='ocr_carea' id='block_1_75' title="bbox 1930 3923 3507 3994">
    <p class='ocr_par' dir='ltr' id='par_1_75' title="bbox 1930 3923 3507 3994">
     <span class='ocr_line' id='line_1_76' title="bbox 1930 3923 3507 3994; baseline 0.001 -18"><span class='ocrx_word' id='word_1_600' title='bbox 1930 3924 2364 3993; x_wconf 83' lang='lat' dir='ltr'><strong>prorogationem</strong></span> <span class='ocrx_word' id='word_1_601' title='bbox 2394 3923 2757 3992; x_wconf 90' lang='lat' dir='ltr'><strong>inquilinatus</strong></span> <span class='ocrx_word' id='word_1_602' title='bbox 2805 3924 2857 3976; x_wconf 91' lang='lat' dir='ltr'><strong>in</strong></span> <span class='ocrx_word' id='word_1_603' title='bbox 2895 3937 3078 3985; x_wconf 83' lang='lat' dir='ltr'><strong>carne,</strong></span> <span class='ocrx_word' id='word_1_604' title='bbox 3135 3924 3507 3994; x_wconf 75' lang='lat' dir='ltr'><strong>deficiensque</strong></span> 
     </span>
    </p>
   </div>
   <div class='ocr_carea' id='block_1_76' title="bbox 1930 4014 3507 4085">
    <p class='ocr_par' dir='ltr' id='par_1_76' title="bbox 1930 4014 3507 4085">
     <span class='ocr_line' id='line_1_77' title="bbox 1930 4014 3507 4085; baseline 0.003 -18"><span class='ocrx_word' id='word_1_605' title='bbox 1930 4030 2040 4084; x_wconf 69' lang='lat' dir='ltr'><strong>pra:</strong></span> <span class='ocrx_word' id='word_1_606' title='bbox 2086 4014 2382 4085; x_wconf 89' lang='lat' dir='ltr'><strong>cupiditate</strong></span> <span class='ocrx_word' id='word_1_607' title='bbox 2432 4030 2496 4070; x_wconf 88' lang='lat' dir='ltr'><strong>ac</strong></span> <span class='ocrx_word' id='word_1_608' title='bbox 2527 4015 2799 4071; x_wconf 89' lang='lat' dir='ltr'><strong>desiderio</strong></span> <span class='ocrx_word' id='word_1_609' title='bbox 2834 4030 3013 4071; x_wconf 90' lang='lat' dir='ltr'><strong>rerum</strong></span> <span class='ocrx_word' id='word_1_610' title='bbox 3070 4016 3356 4083; x_wconf 79' lang='lat' dir='ltr'><strong>majorum,</strong></span> <span class='ocrx_word' id='word_1_611' title='bbox 3404 4016 3507 4071; x_wconf 83' lang='lat' dir='ltr'><strong>llei</strong></span> 
     </span>
    </p>
   </div>
   <div class='ocr_carea' id='block_1_77' title="bbox 1929 4105 3505 4177">
    <p class='ocr_par' dir='ltr' id='par_1_77' title="bbox 1929 4105 3505 4177">
     <span class='ocr_line' id='line_1_78' title="bbox 1929 4105 3505 4177; baseline 0.002 -20"><span class='ocrx_word' id='word_1_612' title='bbox 1929 4105 2078 4167; x_wconf 86' lang='lat' dir='ltr'><strong>mihi,</strong></span> <span class='ocrx_word' id='word_1_613' title='bbox 2112 4105 2312 4175; x_wconf 87' lang='lat' dir='ltr'><strong>inquit,</strong></span> <span class='ocrx_word' id='word_1_614' title='bbox 2358 4106 2610 4175; x_wconf 79' lang='lat' dir='ltr'><strong>quoniam</strong></span> <span class='ocrx_word' id='word_1_615' title='bbox 2662 4106 3013 4175; x_wconf 82' lang='lat' dir='ltr'><strong>inquilinatus</strong></span> <span class='ocrx_word' id='word_1_616' title='bbox 3047 4122 3190 4159; x_wconf 86' lang='lat' dir='ltr'><strong>meus</strong></span> <span class='ocrx_word' id='word_1_617' title='bbox 3220 4106 3505 4177; x_wconf 86' lang='lat' dir='ltr'><strong>prolonga-</strong></span> 
     </span>
    </p>
   </div>
   <div class='ocr_carea' id='block_1_78' title="bbox 1930 4195 3507 4267">
    <p class='ocr_par' dir='ltr' id='par_1_78' title="bbox 1930 4195 3507 4267">
     <span class='ocr_line' id='line_1_79' title="bbox 1930 4195 3507 4267; baseline 0.004 -18"><span class='ocrx_word' id='word_1_618' title='bbox 1930 4207 2012 4251; x_wconf 87' lang='lat' dir='ltr'><strong>tus</strong></span> <span class='ocrx_word' id='word_1_619' title='bbox 2047 4206 2124 4251; x_wconf 84' lang='lat' dir='ltr'><strong>est</strong></span> <span class='ocrx_word' id='word_1_620' title='bbox 2151 4197 2223 4249; x_wconf 75' lang='lat' dir='ltr'><strong>“l</strong></span> <span class='ocrx_word' id='word_1_621' title='bbox 2263 4195 2321 4250; x_wconf 93' lang='lat' dir='ltr'><strong>ln</strong></span> <span class='ocrx_word' id='word_1_622' title='bbox 2350 4197 2458 4251; x_wconf 91' lang='lat' dir='ltr'><strong>alio</strong></span> <span class='ocrx_word' id='word_1_623' title='bbox 2486 4212 2617 4251; x_wconf 93' lang='lat' dir='ltr'><strong>vero</strong></span> <span class='ocrx_word' id='word_1_624' title='bbox 2647 4198 2765 4252; x_wconf 82' lang='lat' dir='ltr'><strong>loco</strong></span> <span class='ocrx_word' id='word_1_625' title='bbox 2800 4197 3259 4267; x_wconf 85' lang='lat' dir='ltr'><strong>pulchritudinem</strong></span> <span class='ocrx_word' id='word_1_626' title='bbox 3290 4199 3507 4255; x_wconf 83' lang='lat' dir='ltr'><strong>divino-</strong></span> 
     </span>
    </p>
   </div>
   <div class='ocr_carea' id='block_1_79' title="bbox 1928 4289 3505 4363">
    <p class='ocr_par' dir='ltr' id='par_1_79' title="bbox 1928 4289 3505 4363">
     <span class='ocr_line' id='line_1_80' title="bbox 1928 4289 3505 4363; baseline 0.003 -18"><span class='ocrx_word' id='word_1_627' title='bbox 1928 4307 2049 4346; x_wconf 89' lang='lat' dir='ltr'><strong>rum</strong></span> <span class='ocrx_word' id='word_1_628' title='bbox 2083 4291 2563 4347; x_wconf 90' lang='lat' dir='ltr'><strong>tabernaculorum</strong></span> <span class='ocrx_word' id='word_1_629' title='bbox 2605 4289 2798 4355; x_wconf 79' lang='lat' dir='ltr'><strong>deﬁxis</strong></span> <span class='ocrx_word' id='word_1_630' title='bbox 2833 4291 3010 4347; x_wconf 88' lang='lat' dir='ltr'><strong>oculis</strong></span> <span class='ocrx_word' id='word_1_631' title='bbox 3068 4302 3356 4358; x_wconf 85' lang='lat' dir='ltr'><strong>contuens,</strong></span> <span class='ocrx_word' id='word_1_632' title='bbox 3391 4307 3505 4363; x_wconf 69' lang='lat' dir='ltr'><strong>pra:</strong></span> 
     </span>
    </p>
   </div>
   <div class='ocr_carea' id='block_1_80' title="bbox 1923 4381 3505 4451">
    <p class='ocr_par' dir='ltr' id='par_1_80' title="bbox 1923 4381 3505 4451">
     <span class='ocr_line' id='line_1_81' title="bbox 1923 4381 3505 4451; baseline 0.001 -16"><span class='ocrx_word' id='word_1_633' title='bbox 1923 4381 2197 4437; x_wconf 88' lang='lat' dir='ltr'><strong>desiderio</strong></span> <span class='ocrx_word' id='word_1_634' title='bbox 2225 4382 2458 4437; x_wconf 82' lang='lat' dir='ltr'><strong>deiicere</strong></span> <span class='ocrx_word' id='word_1_635' title='bbox 2486 4396 2546 4438; x_wconf 89' lang='lat' dir='ltr'><strong>se</strong></span> <span class='ocrx_word' id='word_1_636' title='bbox 2574 4382 2672 4447; x_wconf 90' lang='lat' dir='ltr'><strong>ait,</strong></span> <span class='ocrx_word' id='word_1_637' title='bbox 2703 4381 3068 4451; x_wconf 67' lang='lat' dir='ltr'><strong>praestabilius</strong></span> <span class='ocrx_word' id='word_1_638' title='bbox 3094 4382 3199 4437; x_wconf 90' lang='lat' dir='ltr'><strong>sibi</strong></span> <span class='ocrx_word' id='word_1_639' title='bbox 3242 4396 3366 4437; x_wconf 89' lang='lat' dir='ltr'><strong>esse</strong></span> <span class='ocrx_word' id='word_1_640' title='bbox 3398 4383 3505 4436; x_wconf 84' lang='lat' dir='ltr'><strong>du-</strong></span> 
     </span>
    </p>
   </div>
   <div class='ocr_carea' id='block_1_81' title="bbox 1924 4471 3504 4543">
    <p class='ocr_par' dir='ltr' id='par_1_81' title="bbox 1924 4471 3504 4543">
     <span class='ocr_line' id='line_1_82' title="bbox 1924 4471 3504 4543; baseline -0.001 -14"><span class='ocrx_word' id='word_1_641' title='bbox 1924 4488 2059 4529; x_wconf 89' lang='lat' dir='ltr'><strong>cens</strong></span> <span class='ocrx_word' id='word_1_642' title='bbox 2093 4471 2203 4526; x_wconf 93' lang='lat' dir='ltr'><strong>illic</strong></span> <span class='ocrx_word' id='word_1_643' title='bbox 2250 4472 2305 4527; x_wconf 92' lang='lat' dir='ltr'><strong>in</strong></span> <span class='ocrx_word' id='word_1_644' title='bbox 2357 4472 2617 4528; x_wconf 78' lang='lat' dir='ltr'><strong>extremis</strong></span> <span class='ocrx_word' id='word_1_645' title='bbox 2664 4472 2991 4527; x_wconf 87' lang='lat' dir='ltr'><strong>collocatum</strong></span> <span class='ocrx_word' id='word_1_646' title='bbox 3047 4487 3190 4537; x_wconf 90' lang='lat' dir='ltr'><strong>esse,</strong></span> <span class='ocrx_word' id='word_1_647' title='bbox 3248 4488 3411 4543; x_wconf 89' lang='lat' dir='ltr'><strong>quam</strong></span> <span class='ocrx_word' id='word_1_648' title='bbox 3446 4474 3504 4529; x_wconf 87' lang='lat' dir='ltr'><strong>in</strong></span> 
     </span>
    </p>
   </div>
   <div class='ocr_carea' id='block_1_82' title="bbox 234 4535 1827 4637">
    <p class='ocr_par' dir='ltr' id='par_1_82' title="bbox 234 4535 1814 4627">
     <span class='ocr_line' id='line_1_83' title="bbox 234 4535 1814 4627; baseline 0.009 -29"><span class='ocrx_word' id='word_1_649' title='bbox 234 4535 550 4624; x_wconf 69' lang='grc' dir='ltr'><strong>Μνήσθῄτι</strong></span> <span class='ocrx_word' id='word_1_650' title='bbox 572 4535 702 4627; x_wconf 71' lang='grc' dir='ltr'><strong>γὰρ,</strong></span> <span class='ocrx_word' id='word_1_651' title='bbox 734 4554 899 4625; x_wconf 75' lang='grc' dir='ltr'><strong>φησὶν</strong></span> <span class='ocrx_word' id='word_1_652' title='bbox 923 4557 952 4607; x_wconf 93' lang='lat'><strong>6</strong></span> <span class='ocrx_word' id='word_1_653' title='bbox 986 4554 1235 4626; x_wconf 77' lang='grc' dir='ltr'><strong>Ἀϐραὰμ</strong></span> <span class='ocrx_word' id='word_1_654' title='bbox 1262 4554 1400 4625; x_wconf 80' lang='grc' dir='ltr'><strong>πρὸς</strong></span> <span class='ocrx_word' id='word_1_655' title='bbox 1422 4556 1511 4608; x_wconf 81' lang='grc' dir='ltr'><strong>τὸν</strong></span> <span class='ocrx_word' id='word_1_656' title='bbox 1540 4535 1814 4623; x_wconf 87' lang='grc' dir='ltr'><strong>πλούσιον,</strong></span> 
     </span>
    </p>
   </div>
   <div class='ocr_carea' id='block_1_83' title="bbox 1929 4535 3504 4637">
    <p class='ocr_par' dir='ltr' id='par_1_83' title="bbox 1929 4535 3504 4637">
     <span class='ocr_line' id='line_1_84' title="bbox 1929 4535 3504 4637; baseline 0.003 -17"><span class='ocrx_word' id='word_1_657' title='bbox 1929 4565 2092 4620; x_wconf 83' lang='lat' dir='ltr'><strong>rebus</strong></span> <span class='ocrx_word' id='word_1_658' title='bbox 2125 4565 2486 4635; x_wconf 70' lang='lat' dir='ltr'><strong>pmsentibus</strong></span> <span class='ocrx_word' id='word_1_659' title='bbox 2543 4565 2747 4635; x_wconf 90' lang='lat' dir='ltr'><strong>primas</strong></span> <span class='ocrx_word' id='word_1_660' title='bbox 2802 4572 3003 4619; x_wconf 90' lang='lat' dir='ltr'><strong>tenere.</strong></span> <span class='ocrx_word' id='word_1_661' title='bbox 3060 4535 3215 4630; x_wconf 84' lang='lat' dir='ltr'><strong>Quod</strong></span> <span class='ocrx_word' id='word_1_662' title='bbox 3266 4535 3316 4621; x_wconf 76' lang='lat' dir='ltr'><strong>si</strong></span> <span class='ocrx_word' id='word_1_663' title='bbox 3377 4567 3504 4637; x_wconf 86' lang='lat' dir='ltr'><strong>quis</strong></span> 
     </span>
    </p>
   </div>
   <div class='ocr_carea' id='block_1_84' title="bbox 233 4646 1823 4720">
    <p class='ocr_par' dir='ltr' id='par_1_84' title="bbox 233 4646 1823 4720">
     <span class='ocr_line' id='line_1_85' title="bbox 233 4646 1823 4720; baseline -0.001 -13"><span class='ocrx_word' id='word_1_664' title='bbox 233 4653 325 4707; x_wconf 83' lang='grc' dir='ltr'><strong>ὅτι</strong></span> <span class='ocrx_word' id='word_1_665' title='bbox 347 4650 641 4714; x_wconf 75' lang='grc' dir='ltr'><strong>ἀπέλαϐες</strong></span> <span class='ocrx_word' id='word_1_666' title='bbox 668 4647 740 4702; x_wconf 84' lang='grc' dir='ltr'><strong>τὰ</strong></span> <span class='ocrx_word' id='word_1_667' title='bbox 760 4646 951 4717; x_wconf 67' lang='grc' dir='ltr'><strong>ἀγαθά</strong></span> <span class='ocrx_word' id='word_1_668' title='bbox 972 4663 1088 4701; x_wconf 87' lang='grc' dir='ltr'><strong>σου</strong></span> <span class='ocrx_word' id='word_1_669' title='bbox 1115 4646 1274 4716; x_wconf 73' lang='grc' dir='ltr'><strong>ἐνῖῇ</strong></span> <span class='ocrx_word' id='word_1_670' title='bbox 1305 4646 1417 4717; x_wconf 77' lang='grc' dir='ltr'><strong>ζωῇ</strong></span> <span class='ocrx_word' id='word_1_671' title='bbox 1443 4664 1580 4703; x_wconf 86' lang='grc' dir='ltr'><strong>σου·</strong></span> <span class='ocrx_word' id='word_1_672' title='bbox 1607 4652 1823 4720; x_wconf 80' lang='grc' dir='ltr'><strong>ὁμοίως</strong></span> 
     </span>
    </p>
   </div>
   <div class='ocr_carea' id='block_1_85' title="bbox 234 4735 1821 4810">
    <p class='ocr_par' dir='ltr' id='par_1_85' title="bbox 234 4735 1821 4810">
     <span class='ocr_line' id='line_1_86' title="bbox 234 4735 1821 4810; baseline -0.002 -12"><span class='ocrx_word' id='word_1_673' title='bbox 234 4745 306 4798; x_wconf 81' lang='grc' dir='ltr'><em>δὲ</em></span> <span class='ocrx_word' id='word_1_674' title='bbox 321 4743 421 4797; x_wconf 74' lang='grc' dir='ltr'><strong>καί</strong></span> <span class='ocrx_word' id='word_1_675' title='bbox 440 4745 472 4796; x_wconf 84' lang='grc' dir='ltr'><strong>ό</strong></span> <span class='ocrx_word' id='word_1_676' title='bbox 493 4742 759 4810; x_wconf 81' lang='grc' dir='ltr'><strong>Λάζαρος</strong></span> <span class='ocrx_word' id='word_1_677' title='bbox 777 4740 1040 4794; x_wconf 60' lang='lat' dir='ltr'><strong>taxatur&quot;</strong></span> <span class='ocrx_word' id='word_1_678' title='bbox 1061 4738 1160 4793; x_wconf 85' lang='grc' dir='ltr'><strong>διὰ</strong></span> <span class='ocrx_word' id='word_1_679' title='bbox 1178 4740 1353 4794; x_wconf 85' lang='grc' dir='ltr'><strong>τοῦτο</strong></span> <span class='ocrx_word' id='word_1_680' title='bbox 1375 4735 1554 4807; x_wconf 83' lang='grc' dir='ltr'><strong>οὗτος</strong></span> <span class='ocrx_word' id='word_1_681' title='bbox 1569 4740 1690 4810; x_wconf 80' lang='grc' dir='ltr'><strong>μὲν</strong></span> <span class='ocrx_word' id='word_1_682' title='bbox 1706 4756 1821 4796; x_wconf 82' lang='grc' dir='ltr'><strong>πα-</strong></span> 
     </span>
    </p>
   </div>
   <div class='ocr_carea' id='block_1_86' title="bbox 230 4829 1822 4904">
    <p class='ocr_par' dir='ltr' id='par_1_86' title="bbox 230 4829 1822 4904">
     <span class='ocr_line' id='line_1_87' title="bbox 230 4829 1822 4904; baseline 0.001 -18"><span class='ocrx_word' id='word_1_683' title='bbox 230 4833 602 4904; x_wconf 72' lang='grc' dir='ltr'><strong>ρακαλεῖται,</strong></span> <span class='ocrx_word' id='word_1_684' title='bbox 628 4832 709 4886; x_wconf 87' lang='grc' dir='ltr'><strong>σὺ</strong></span> <span class='ocrx_word' id='word_1_685' title='bbox 737 4830 805 4884; x_wconf 85' lang='grc' dir='ltr'><em>δὲ</em></span> <span class='ocrx_word' id='word_1_686' title='bbox 826 4829 1141 4886; x_wconf 80' lang='grc' dir='ltr'><strong>ὀδυνᾶσαι.</strong></span> <span class='ocrx_word' id='word_1_687' title='bbox 1166 4831 1347 4884; x_wconf 88' lang='grc' dir='ltr'><strong>’Έοικε</strong></span> <span class='ocrx_word' id='word_1_688' title='bbox 1364 4831 1493 4903; x_wconf 88' lang='grc' dir='ltr'><strong>γὰρ,</strong></span> <span class='ocrx_word' id='word_1_689' title='bbox 1515 4834 1701 4904; x_wconf 75' lang='grc' dir='ltr'><strong>ἐπειδὴ</strong></span> <span class='ocrx_word' id='word_1_690' title='bbox 1722 4834 1822 4904; x_wconf 90' lang='grc' dir='ltr'><strong>τῆς</strong></span> 
     </span>
    </p>
   </div>
   <div class='ocr_carea' id='block_1_87' title="bbox 232 4922 1814 4997">
    <p class='ocr_par' dir='ltr' id='par_1_87' title="bbox 232 4922 1814 4997">
     <span class='ocr_line' id='line_1_88' title="bbox 232 4922 1814 4997; baseline -0.002 -15"><span class='ocrx_word' id='word_1_691' title='bbox 232 4926 447 4997; x_wconf 85' lang='grc' dir='ltr'><strong>ἀγαθῆς</strong></span> <span class='ocrx_word' id='word_1_692' title='bbox 471 4925 566 4979; x_wconf 85' lang='grc' dir='ltr'><strong>τοῦ</strong></span> <span class='ocrx_word' id='word_1_693' title='bbox 591 4924 727 4978; x_wconf 78' lang='grc' dir='ltr'><strong>Θεοῦ</strong></span> <span class='ocrx_word' id='word_1_694' title='bbox 756 4924 883 4995; x_wconf 74' lang='grc' dir='ltr'><strong>περὶ</strong></span> <span class='ocrx_word' id='word_1_695' title='bbox 912 4923 1003 4978; x_wconf 82' lang='grc' dir='ltr'>τὸν</span> <span class='ocrx_word' id='word_1_696' title='bbox 1032 4922 1316 4993; x_wconf 82' lang='grc' dir='ltr'><strong>ἄνθρωπον</strong></span> <span class='ocrx_word' id='word_1_697' title='bbox 1347 4926 1654 4995; x_wconf 78' lang='grc' dir='ltr'><strong>οἰκονομίας</strong></span> <span class='ocrx_word' id='word_1_698' title='bbox 1705 4927 1814 4979; x_wconf 84' lang='grc' dir='ltr'><strong>άπ-</strong></span> 
     </span>
    </p>
   </div>
   <div class='ocr_carea' id='block_1_88' title="bbox 232 5016 1816 5091">
    <p class='ocr_par' dir='ltr' id='par_1_88' title="bbox 232 5016 1816 5091">
     <span class='ocr_line' id='line_1_89' title="bbox 232 5016 1816 5091; baseline -0.003 -15"><span class='ocrx_word' id='word_1_699' title='bbox 232 5023 463 5091; x_wconf 82' lang='grc' dir='ltr'><strong>έστησεν</strong></span> <span class='ocrx_word' id='word_1_700' title='bbox 496 5019 644 5089; x_wconf 80' lang='grc' dir='ltr'><strong>ἡμᾶς</strong></span> <span class='ocrx_word' id='word_1_701' title='bbox 676 5018 710 5087; x_wconf 83' lang='grc' dir='ltr'>ἡ</span> <span class='ocrx_word' id='word_1_702' title='bbox 745 5016 999 5079; x_wconf 74' lang='grc' dir='ltr'><strong>ἀϐουλία,</strong></span> <span class='ocrx_word' id='word_1_703' title='bbox 1034 5016 1232 5086; x_wconf 80' lang='grc' dir='ltr'><strong>μᾶλλον</strong></span> <span class='ocrx_word' id='word_1_704' title='bbox 1282 5017 1338 5069; x_wconf 88' lang='grc' dir='ltr'><strong>δὲ</strong></span> <span class='ocrx_word' id='word_1_705' title='bbox 1387 5019 1419 5087; x_wconf 78' lang='grc' dir='ltr'>ἡ</span> <span class='ocrx_word' id='word_1_706' title='bbox 1468 5017 1816 5072; x_wconf 76' lang='grc' dir='ltr'><strong>κακοϐουλία’</strong></span> 
     </span>
    </p>
   </div>
   <div class='ocr_carea' id='block_1_89' title="bbox 237 5108 1821 5183">
    <p class='ocr_par' dir='ltr' id='par_1_89' title="bbox 237 5108 1821 5183">
     <span class='ocr_line' id='line_1_90' title="bbox 237 5108 1821 5183; baseline 0.003 -23"><span class='ocrx_word' id='word_1_707' title='bbox 237 5108 337 5161; x_wconf 82' lang='grc' dir='ltr'><strong>τοῦ</strong></span> <span class='ocrx_word' id='word_1_708' title='bbox 373 5112 483 5182; x_wconf 88' lang='grc' dir='ltr'><strong>γὰρ</strong></span> <span class='ocrx_word' id='word_1_709' title='bbox 502 5108 633 5163; x_wconf 88' lang='grc' dir='ltr'><strong>Θεοῦ</strong></span> <span class='ocrx_word' id='word_1_710' title='bbox 663 5108 858 5179; x_wconf 75' lang='grc' dir='ltr'><strong>ἀμιγὲς</strong></span> <span class='ocrx_word' id='word_1_711' title='bbox 882 5108 976 5161; x_wconf 84' lang='grc' dir='ltr'><strong>τοῦ</strong></span> <span class='ocrx_word' id='word_1_712' title='bbox 996 5108 1168 5161; x_wconf 81' lang='grc' dir='ltr'><strong>κακοῦ</strong></span> <span class='ocrx_word' id='word_1_713' title='bbox 1193 5109 1253 5162; x_wconf 84' lang='grc' dir='ltr'>τὸ</span> <span class='ocrx_word' id='word_1_714' title='bbox 1275 5109 1479 5178; x_wconf 86' lang='grc' dir='ltr'><strong>ἀγαθὸν</strong></span> <span class='ocrx_word' id='word_1_715' title='bbox 1508 5112 1566 5163; x_wconf 88' lang='grc' dir='ltr'><strong>ὲν</strong></span> <span class='ocrx_word' id='word_1_716' title='bbox 1584 5113 1651 5183; x_wconf 76' lang='grc' dir='ltr'><strong>τῇ</strong></span> <span class='ocrx_word' id='word_1_717' title='bbox 1680 5112 1821 5165; x_wconf 75' lang='grc' dir='ltr'><strong>ἀπο·-</strong></span> 
     </span>
    </p>
   </div>
   <div class='ocr_carea' id='block_1_90' title="bbox 232 5200 1818 5273">
    <p class='ocr_par' dir='ltr' id='par_1_90' title="bbox 232 5200 1818 5273">
     <span class='ocr_line' id='line_1_91' title="bbox 232 5200 1818 5273; baseline 0.001 -19"><span class='ocrx_word' id='word_1_718' title='bbox 232 5200 423 5255; x_wconf 86' lang='grc' dir='ltr'><strong>λαύσει</strong></span> <span class='ocrx_word' id='word_1_719' title='bbox 458 5200 615 5271; x_wconf 78' lang='grc' dir='ltr'><strong>ἡμῶν</strong></span> <span class='ocrx_word' id='word_1_720' title='bbox 656 5200 1146 5270; x_wconf 85' lang='grc' dir='ltr'><strong>νομοθετήσαντος,</strong></span> <span class='ocrx_word' id='word_1_721' title='bbox 1179 5200 1273 5253; x_wconf 76' lang='grc' dir='ltr'><strong>καὶ</strong></span> <span class='ocrx_word' id='word_1_722' title='bbox 1310 5201 1709 5271; x_wconf 81' lang='grc' dir='ltr'><strong>καταμιγνύναι</strong></span> <span class='ocrx_word' id='word_1_723' title='bbox 1741 5201 1818 5273; x_wconf 84' lang='grc' dir='ltr'><strong>τῷ</strong></span> 
     </span>
    </p>
   </div>
   <div class='ocr_carea' id='block_1_91' title="bbox 230 5292 1815 5366">
    <p class='ocr_par' dir='ltr' id='par_1_91' title="bbox 230 5292 1815 5366">
     <span class='ocr_line' id='line_1_92' title="bbox 230 5292 1815 5366; baseline -0.001 -17"><span class='ocrx_word' id='word_1_724' title='bbox 230 5294 385 5364; x_wconf 84' lang='grc' dir='ltr'><strong>καλῷ</strong></span> <span class='ocrx_word' id='word_1_725' title='bbox 416 5293 514 5364; x_wconf 81' lang='grc' dir='ltr'><strong>τὴν</strong></span> <span class='ocrx_word' id='word_1_726' title='bbox 538 5292 632 5346; x_wconf 83' lang='grc' dir='ltr'><strong>τοῦ</strong></span> <span class='ocrx_word' id='word_1_727' title='bbox 661 5292 834 5347; x_wconf 83' lang='grc' dir='ltr'><strong>κακοῦ</strong></span> <span class='ocrx_word' id='word_1_728' title='bbox 864 5295 1057 5363; x_wconf 86' lang='grc' dir='ltr'><strong>πεῖραν</strong></span> <span class='ocrx_word' id='word_1_729' title='bbox 1088 5292 1595 5364; x_wconf 87' lang='grc' dir='ltr'><strong>ἀπαγορεύσαντος,</strong></span> <span class='ocrx_word' id='word_1_730' title='bbox 1627 5294 1815 5366; x_wconf 73' lang='grc' dir='ltr'><strong>ἐπειδὴ</strong></span> 
     </span>
    </p>
   </div>
   <div class='ocr_carea' id='block_1_92' title="bbox 228 5382 1811 5459">
    <p class='ocr_par' dir='ltr' id='par_1_92' title="bbox 228 5382 1811 5459">
     <span class='ocr_line' id='line_1_93' title="bbox 228 5382 1811 5459; baseline 0.001 -20"><span class='ocrx_word' id='word_1_731' title='bbox 228 5388 395 5459; x_wconf 77' lang='grc' dir='ltr'><strong>ἡμεῖς</strong></span> <span class='ocrx_word' id='word_1_732' title='bbox 422 5385 527 5439; x_wconf 81' lang='grc' dir='ltr'>ὑπὸ</span> <span class='ocrx_word' id='word_1_733' title='bbox 558 5384 891 5456; x_wconf 88' lang='grc' dir='ltr'><strong>λαιμαργίας</strong></span> <span class='ocrx_word' id='word_1_734' title='bbox 914 5382 1175 5449; x_wconf 78' lang='grc' dir='ltr'><strong>ἑκουσίως</strong></span> <span class='ocrx_word' id='word_1_735' title='bbox 1214 5384 1308 5438; x_wconf 83' lang='grc' dir='ltr'><strong>τοῦ</strong></span> <span class='ocrx_word' id='word_1_736' title='bbox 1352 5386 1592 5441; x_wconf 76' lang='grc' dir='ltr'><strong>ἐναντίου</strong></span> <span class='ocrx_word' id='word_1_737' title='bbox 1624 5387 1811 5455; x_wconf 79' lang='grc' dir='ltr'><strong>ἐνεφο-</strong></span> 
     </span>
    </p>
   </div>
   <div class='ocr_carea' id='block_1_93' title="bbox 231 5477 1815 5550">
    <p class='ocr_par' dir='ltr' id='par_1_93' title="bbox 231 5477 1815 5550">
     <span class='ocr_line' id='line_1_94' title="bbox 231 5477 1815 5550; baseline 0.001 -19"><span class='ocrx_word' id='word_1_738' title='bbox 231 5479 484 5550; x_wconf 84' lang='grc' dir='ltr'><strong>ρήθημεν</strong></span> <span class='ocrx_word' id='word_1_739' title='bbox 542 5477 716 5548; x_wconf 87' lang='grc' dir='ltr'><strong>(λέγω</strong></span> <span class='ocrx_word' id='word_1_740' title='bbox 742 5477 799 5531; x_wconf 78' lang='grc' dir='ltr'><strong>δὲ</strong></span> <span class='ocrx_word' id='word_1_741' title='bbox 844 5477 943 5549; x_wconf 85' lang='grc' dir='ltr'><strong>τῆς</strong></span> <span class='ocrx_word' id='word_1_742' title='bbox 988 5477 1083 5530; x_wconf 83' lang='grc' dir='ltr'><strong>τοῦ</strong></span> <span class='ocrx_word' id='word_1_743' title='bbox 1130 5477 1275 5531; x_wconf 88' lang='grc' dir='ltr'><strong>θείου</strong></span> <span class='ocrx_word' id='word_1_744' title='bbox 1308 5479 1481 5548; x_wconf 84' lang='grc' dir='ltr'><strong>Λόγου</strong></span> <span class='ocrx_word' id='word_1_745' title='bbox 1530 5479 1815 5550; x_wconf 80' lang='grc' dir='ltr'><strong>παρακοῆς</strong></span> 
     </span>
    </p>
   </div>
   <div class='ocr_carea' id='block_1_94' title="bbox 1920 4655 3506 4728">
    <p class='ocr_par' dir='ltr' id='par_1_94' title="bbox 1920 4655 3506 4728">
     <span class='ocr_line' id='line_1_95' title="bbox 1920 4655 3506 4728; baseline 0.003 -19"><span class='ocrx_word' id='word_1_746' title='bbox 1920 4656 2140 4727; x_wconf 86' lang='lat' dir='ltr'><strong>plenius</strong></span> <span class='ocrx_word' id='word_1_747' title='bbox 2179 4655 2326 4711; x_wconf 90' lang='lat' dir='ltr'><strong>beati</strong></span> <span class='ocrx_word' id='word_1_748' title='bbox 2360 4655 2526 4725; x_wconf 88' lang='lat' dir='ltr'><strong>hujus</strong></span> <span class='ocrx_word' id='word_1_749' title='bbox 2562 4656 2741 4711; x_wconf 90' lang='lat' dir='ltr'><strong>luctus</strong></span> <span class='ocrx_word' id='word_1_750' title='bbox 2788 4655 2896 4710; x_wconf 91' lang='lat' dir='ltr'><strong>vim</strong></span> <span class='ocrx_word' id='word_1_751' title='bbox 2926 4656 3284 4725; x_wconf 90' lang='lat' dir='ltr'><strong>contemplari</strong></span> <span class='ocrx_word' id='word_1_752' title='bbox 3340 4665 3506 4728; x_wconf 87' lang='lat' dir='ltr'><strong>atque</strong></span> 
     </span>
    </p>
   </div>
   <div class='ocr_carea' id='block_1_95' title="bbox 1920 4744 3503 4807">
    <p class='ocr_par' dir='ltr' id='par_1_95' title="bbox 1920 4744 3503 4807">
     <span class='ocr_line' id='line_1_96' title="bbox 1920 4744 3503 4807; baseline 0.001 -8"><span class='ocrx_word' id='word_1_753' title='bbox 1920 4745 2363 4800; x_wconf 88' lang='lat' dir='ltr'><strong>animadvertere</strong></span> <span class='ocrx_word' id='word_1_754' title='bbox 2393 4745 2544 4807; x_wconf 87' lang='lat' dir='ltr'><strong>velit,</strong></span> <span class='ocrx_word' id='word_1_755' title='bbox 2578 4744 2890 4800; x_wconf 88' lang='lat' dir='ltr'><strong>consideret</strong></span> <span class='ocrx_word' id='word_1_756' title='bbox 2912 4760 3037 4800; x_wconf 91' lang='lat' dir='ltr'><strong>eum</strong></span> <span class='ocrx_word' id='word_1_757' title='bbox 3063 4745 3117 4798; x_wconf 93' lang='lat' dir='ltr'><strong>in</strong></span> <span class='ocrx_word' id='word_1_758' title='bbox 3166 4745 3257 4800; x_wconf 89' lang='lat' dir='ltr'><strong>illa</strong></span> <span class='ocrx_word' id='word_1_759' title='bbox 3314 4761 3503 4802; x_wconf 86' lang='lat' dir='ltr'><strong>narra-</strong></span> 
     </span>
    </p>
   </div>
   <div class='ocr_carea' id='block_1_96' title="bbox 1920 4833 3497 4907">
    <p class='ocr_par' dir='ltr' id='par_1_96' title="bbox 1920 4833 3497 4907">
     <span class='ocr_line' id='line_1_97' title="bbox 1920 4833 3497 4907; baseline 0.001 -18"><span class='ocrx_word' id='word_1_760' title='bbox 1920 4837 2091 4901; x_wconf 90' lang='lat' dir='ltr'><strong>tione,</strong></span> <span class='ocrx_word' id='word_1_761' title='bbox 2122 4850 2243 4906; x_wconf 70' lang='lat' dir='ltr'><strong>quze</strong></span> <span class='ocrx_word' id='word_1_762' title='bbox 2274 4836 2340 4890; x_wconf 93' lang='lat' dir='ltr'><strong>de</strong></span> <span class='ocrx_word' id='word_1_763' title='bbox 2361 4834 2567 4889; x_wconf 85' lang='lat' dir='ltr'><strong>Lazaro</strong></span> <span class='ocrx_word' id='word_1_764' title='bbox 2596 4850 2660 4889; x_wconf 90' lang='lat' dir='ltr'><strong>ac</strong></span> <span class='ocrx_word' id='word_1_765' title='bbox 2687 4833 2855 4890; x_wconf 87' lang='lat' dir='ltr'><strong>divite</strong></span> <span class='ocrx_word' id='word_1_766' title='bbox 2888 4834 2983 4905; x_wconf 91' lang='lat' dir='ltr'><strong>(in</strong></span> <span class='ocrx_word' id='word_1_767' title='bbox 3026 4834 3360 4907; x_wconf 83' lang='lat' dir='ltr'><strong>Evangelio)</strong></span> <span class='ocrx_word' id='word_1_768' title='bbox 3395 4839 3497 4891; x_wconf 85' lang='lat' dir='ltr'><strong>h&#39;a-</strong></span> 
     </span>
    </p>
   </div>
   <div class='ocr_carea' id='block_1_97' title="bbox 1917 4926 3503 4999">
    <p class='ocr_par' dir='ltr' id='par_1_97' title="bbox 1917 4926 3503 4999">
     <span class='ocr_line' id='line_1_98' title="bbox 1917 4926 3503 4999; baseline 0.001 -17"><span class='ocrx_word' id='word_1_769' title='bbox 1917 4928 2100 4993; x_wconf 90' lang='lat' dir='ltr'><strong>betur,</strong></span> <span class='ocrx_word' id='word_1_770' title='bbox 2137 4928 2225 4981; x_wconf 92' lang='lat' dir='ltr'><strong>ubi</strong></span> <span class='ocrx_word' id='word_1_771' title='bbox 2253 4927 2522 4996; x_wconf 82' lang='lat' dir='ltr'><strong>ejusmodi</strong></span> <span class='ocrx_word' id='word_1_772' title='bbox 2551 4926 2798 4980; x_wconf 91' lang='lat' dir='ltr'><strong>doctrina</strong></span> <span class='ocrx_word' id='word_1_773' title='bbox 2830 4928 2986 4983; x_wconf 92' lang='lat' dir='ltr'><strong>nobis</strong></span> <span class='ocrx_word' id='word_1_774' title='bbox 3031 4930 3278 4999; x_wconf 87' lang='lat' dir='ltr'><strong>apertius</strong></span> <span class='ocrx_word' id='word_1_775' title='bbox 3319 4929 3503 4984; x_wconf 83' lang='lat' dir='ltr'><strong>decla-</strong></span> 
     </span>
    </p>
   </div>
   <div class='ocr_carea' id='block_1_98' title="bbox 1922 5018 3498 5087">
    <p class='ocr_par' dir='ltr' id='par_1_98' title="bbox 1922 5018 3498 5087">
     <span class='ocr_line' id='line_1_99' title="bbox 1922 5018 3498 5087; baseline -0.001 -13"><span class='ocrx_word' id='word_1_776' title='bbox 1922 5028 2081 5074; x_wconf 88' lang='lat' dir='ltr'><strong>ratur</strong></span> <span class='ocrx_word' id='word_1_777' title='bbox 2107 5037 2121 5073; x_wconf 88' lang='lat'><strong>:</strong></span> <span class='ocrx_word' id='word_1_778' title='bbox 2152 5018 2411 5071; x_wconf 80' lang='lat' dir='ltr'><strong>Memento</strong></span> <span class='ocrx_word' id='word_1_779' title='bbox 2432 5018 2598 5082; x_wconf 90' lang='lat' dir='ltr'><strong>enim,</strong></span> <span class='ocrx_word' id='word_1_780' title='bbox 2635 5018 2811 5087; x_wconf 89' lang='lat' dir='ltr'><strong>inquit</strong></span> <span class='ocrx_word' id='word_1_781' title='bbox 2842 5019 3117 5074; x_wconf 85' lang='lat' dir='ltr'><strong>Abraham</strong></span> <span class='ocrx_word' id='word_1_782' title='bbox 3150 5018 3218 5073; x_wconf 90' lang='lat' dir='ltr'><strong>ad</strong></span> <span class='ocrx_word' id='word_1_783' title='bbox 3252 5020 3498 5083; x_wconf 87' lang='lat' dir='ltr'><strong>divitem,</strong></span> 
     </span>
    </p>
   </div>
   <div class='ocr_carea' id='block_1_99' title="bbox 1920 5110 3500 5184">
    <p class='ocr_par' dir='ltr' id='par_1_99' title="bbox 1920 5110 3500 5184">
     <span class='ocr_line' id='line_1_100' title="bbox 1920 5110 3500 5184; baseline -0.002 -17"><span class='ocrx_word' id='word_1_784' title='bbox 1920 5112 2063 5184; x_wconf 84' lang='lat' dir='ltr'><strong>quod</strong></span> <span class='ocrx_word' id='word_1_785' title='bbox 2095 5111 2348 5181; x_wconf 77' lang='lat' dir='ltr'><strong>receperis</strong></span> <span class='ocrx_word' id='word_1_786' title='bbox 2385 5110 2521 5164; x_wconf 86' lang='lat' dir='ltr'><strong>bona</strong></span> <span class='ocrx_word' id='word_1_787' title='bbox 2552 5121 2643 5164; x_wconf 86' lang='lat' dir='ltr'><strong>tua</strong></span> <span class='ocrx_word' id='word_1_788' title='bbox 2680 5110 2735 5163; x_wconf 87' lang='lat' dir='ltr'><strong>in</strong></span> <span class='ocrx_word' id='word_1_789' title='bbox 2766 5111 2873 5164; x_wconf 84' lang='lat' dir='ltr'><strong>vita</strong></span> <span class='ocrx_word' id='word_1_790' title='bbox 2902 5121 3031 5164; x_wconf 91' lang='lat' dir='ltr'><strong>tua:</strong></span> <span class='ocrx_word' id='word_1_791' title='bbox 3096 5112 3338 5165; x_wconf 78' lang='lat' dir='ltr'><strong>similiter</strong></span> <span class='ocrx_word' id='word_1_792' title='bbox 3374 5112 3500 5165; x_wconf 84' lang='lat' dir='ltr'><strong>item</strong></span> 
     </span>
    </p>
   </div>
   <div class='ocr_carea' id='block_1_100' title="bbox 1921 5200 3500 5272">
    <p class='ocr_par' dir='ltr' id='par_1_100' title="bbox 1921 5200 3500 5272">
     <span class='ocr_line' id='line_1_101' title="bbox 1921 5200 3500 5272; baseline -0.001 -16"><span class='ocrx_word' id='word_1_793' title='bbox 1921 5202 2167 5256; x_wconf 73' lang='lat' dir='ltr'><strong>Lazarus</strong></span> <span class='ocrx_word' id='word_1_794' title='bbox 2203 5217 2405 5272; x_wconf 85' lang='lat' dir='ltr'><strong>quoque</strong></span> <span class='ocrx_word' id='word_1_795' title='bbox 2466 5201 2632 5255; x_wconf 90' lang='lat' dir='ltr'><strong>mala.</strong></span> <span class='ocrx_word' id='word_1_796' title='bbox 2692 5200 2899 5254; x_wconf 85' lang='lat' dir='ltr'><strong>Idcirco</strong></span> <span class='ocrx_word' id='word_1_797' title='bbox 2929 5202 3011 5254; x_wconf 82' lang='lat' dir='ltr'><strong>hic</strong></span> <span class='ocrx_word' id='word_1_798' title='bbox 3042 5202 3250 5271; x_wconf 83' lang='lat' dir='ltr'><strong>quidem</strong></span> <span class='ocrx_word' id='word_1_799' title='bbox 3306 5200 3500 5255; x_wconf 87' lang='lat' dir='ltr'><strong>solatio</strong></span> 
     </span>
    </p>
   </div>
   <div class='ocr_carea' id='block_1_101' title="bbox 1920 5293 3502 5365">
    <p class='ocr_par' dir='ltr' id='par_1_101' title="bbox 1920 5293 3502 5365">
     <span class='ocr_line' id='line_1_102' title="bbox 1920 5293 3502 5365; baseline 0 -17"><span class='ocrx_word' id='word_1_800' title='bbox 1920 5294 2146 5365; x_wconf 78' lang='lat' dir='ltr'><strong>fruitur,</strong></span> <span class='ocrx_word' id='word_1_801' title='bbox 2185 5302 2239 5347; x_wconf 88' lang='lat' dir='ltr'><strong>tu</strong></span> <span class='ocrx_word' id='word_1_802' title='bbox 2274 5310 2393 5349; x_wconf 84' lang='lat' dir='ltr'><strong>vero</strong></span> <span class='ocrx_word' id='word_1_803' title='bbox 2414 5295 2670 5348; x_wconf 86' lang='lat' dir='ltr'><strong>cruciaris</strong></span> <span class='ocrx_word' id='word_1_804' title='bbox 2698 5294 2761 5348; x_wconf 75' lang='lat'><strong>“.</strong></span> <span class='ocrx_word' id='word_1_805' title='bbox 2793 5293 2898 5349; x_wconf 85' lang='lat' dir='ltr'><strong>Par</strong></span> <span class='ocrx_word' id='word_1_806' title='bbox 2927 5295 3071 5349; x_wconf 89' lang='lat' dir='ltr'><strong>enim</strong></span> <span class='ocrx_word' id='word_1_807' title='bbox 3104 5300 3160 5348; x_wconf 87' lang='lat' dir='ltr'><strong>et</strong></span> <span class='ocrx_word' id='word_1_808' title='bbox 3208 5299 3502 5348; x_wconf 75' lang='lat' dir='ltr'><strong>c&#39;onsenta-</strong></span> 
     </span>
    </p>
   </div>
   <div class='ocr_carea' id='block_1_102' title="bbox 1918 5384 3504 5457">
    <p class='ocr_par' dir='ltr' id='par_1_102' title="bbox 1918 5384 3504 5457">
     <span class='ocr_line' id='line_1_103' title="bbox 1918 5384 3504 5457; baseline -0.001 -16"><span class='ocrx_word' id='word_1_809' title='bbox 1918 5401 2086 5442; x_wconf 88' lang='lat' dir='ltr'><strong>neum</strong></span> <span class='ocrx_word' id='word_1_810' title='bbox 2122 5386 2176 5440; x_wconf 88' lang='lat' dir='ltr'><strong>id</strong></span> <span class='ocrx_word' id='word_1_811' title='bbox 2216 5392 2322 5450; x_wconf 89' lang='lat' dir='ltr'><strong>est,</strong></span> <span class='ocrx_word' id='word_1_812' title='bbox 2354 5384 2797 5457; x_wconf 89' lang='lat' dir='ltr'><strong>quandoquidem</strong></span> <span class='ocrx_word' id='word_1_813' title='bbox 2828 5384 3078 5447; x_wconf 79' lang='grc' dir='ltr'><strong>ἀὸουλία,</strong></span> <span class='ocrx_word' id='word_1_814' title='bbox 3110 5385 3213 5439; x_wconf 90' lang='lat' dir='ltr'><strong>hoc</strong></span> <span class='ocrx_word' id='word_1_815' title='bbox 3241 5392 3346 5449; x_wconf 90' lang='lat' dir='ltr'><strong>est,</strong></span> <span class='ocrx_word' id='word_1_816' title='bbox 3375 5400 3504 5441; x_wconf 88' lang='lat' dir='ltr'><strong>con-</strong></span> 
     </span>
    </p>
   </div>
   <div class='ocr_carea' id='block_1_103' title="bbox 1919 5478 3501 5550">
    <p class='ocr_par' dir='ltr' id='par_1_103' title="bbox 1919 5478 3501 5550">
     <span class='ocr_line' id='line_1_104' title="bbox 1919 5478 3501 5550; baseline -0.004 -14"><span class='ocrx_word' id='word_1_817' title='bbox 1919 5481 2027 5537; x_wconf 90' lang='lat' dir='ltr'><strong>silii</strong></span> <span class='ocrx_word' id='word_1_818' title='bbox 2069 5487 2419 5550; x_wconf 86' lang='lat' dir='ltr'><strong>contemptus</strong></span> <span class='ocrx_word' id='word_1_819' title='bbox 2448 5486 2502 5535; x_wconf 87' lang='lat' dir='ltr'><strong>et</strong></span> <span class='ocrx_word' id='word_1_820' title='bbox 2527 5478 2830 5542; x_wconf 87' lang='lat' dir='ltr'><strong>temeritas,</strong></span> <span class='ocrx_word' id='word_1_821' title='bbox 2861 5479 2970 5531; x_wconf 91' lang='lat' dir='ltr'><strong>imo</strong></span> <span class='ocrx_word' id='word_1_822' title='bbox 3010 5491 3138 5531; x_wconf 89' lang='lat' dir='ltr'><strong>vero</strong></span> <span class='ocrx_word' id='word_1_823' title='bbox 3172 5478 3501 5531; x_wconf 74' lang='grc' dir='ltr'><strong>κακοδουλία</strong></span> 
     </span>
    </p>
   </div>
   <div class='ocr_carea' id='block_1_104' title="bbox 229 5568 1827 5643">
    <p class='ocr_par' dir='ltr' id='par_1_104' title="bbox 229 5568 1816 5643">
     <span class='ocr_line' id='line_1_105' title="bbox 229 5568 1816 5643; baseline -0.001 -19"><span class='ocrx_word' id='word_1_824' title='bbox 229 5569 719 5639; x_wconf 86' lang='grc' dir='ltr'><strong>άπογευσάμενοι)·</strong></span> <span class='ocrx_word' id='word_1_825' title='bbox 747 5569 837 5623; x_wconf 81' lang='grc' dir='ltr'><strong>διὰ</strong></span> <span class='ocrx_word' id='word_1_826' title='bbox 860 5568 1018 5623; x_wconf 82' lang='grc' dir='ltr'>τοῦτο</span> <span class='ocrx_word' id='word_1_827' title='bbox 1041 5569 1147 5641; x_wconf 82' lang='grc' dir='ltr'><strong>χρὴ</strong></span> <span class='ocrx_word' id='word_1_828' title='bbox 1170 5570 1385 5636; x_wconf 87' lang='grc' dir='ltr'><strong>πάντως</strong></span> <span class='ocrx_word' id='word_1_829' title='bbox 1414 5573 1472 5624; x_wconf 77' lang='grc' dir='ltr'><strong>έν</strong></span> <span class='ocrx_word' id='word_1_830' title='bbox 1490 5571 1816 5643; x_wconf 83' lang='grc' dir='ltr'><strong>ἀμφοτέροις</strong></span> 
     </span>
    </p>
   </div>
   <div class='ocr_carea' id='block_1_105' title="bbox 1929 5568 3499 5643">
    <p class='ocr_par' dir='ltr' id='par_1_105' title="bbox 1929 5569 3499 5643">
     <span class='ocr_line' id='line_1_106' title="bbox 1929 5569 3499 5643; baseline -0.002 -16"><span class='ocrx_word' id='word_1_831' title='bbox 1929 5572 1975 5628; x_wconf 91' lang='lat' dir='ltr'><strong>id</strong></span> <span class='ocrx_word' id='word_1_832' title='bbox 2010 5581 2122 5635; x_wconf 81' lang='lat' dir='ltr'><strong>est,</strong></span> <span class='ocrx_word' id='word_1_833' title='bbox 2175 5588 2401 5643; x_wconf 82' lang='lat' dir='ltr'><strong>pravum</strong></span> <span class='ocrx_word' id='word_1_834' title='bbox 2449 5571 2763 5635; x_wconf 89' lang='lat' dir='ltr'><strong>consilium,</strong></span> <span class='ocrx_word' id='word_1_835' title='bbox 2798 5585 2898 5627; x_wconf 90' lang='lat' dir='ltr'><strong>nos</strong></span> <span class='ocrx_word' id='word_1_836' title='bbox 2957 5585 2983 5624; x_wconf 89' lang='lat' dir='ltr'><strong>a</strong></span> <span class='ocrx_word' id='word_1_837' title='bbox 3038 5569 3179 5623; x_wconf 88' lang='lat' dir='ltr'><strong>bona</strong></span> <span class='ocrx_word' id='word_1_838' title='bbox 3218 5570 3311 5625; x_wconf 90' lang='lat' dir='ltr'><strong>Dei</strong></span> <span class='ocrx_word' id='word_1_839' title='bbox 3352 5571 3499 5626; x_wconf 89' lang='lat' dir='ltr'><strong>circa</strong></span> 
     </span>
    </p>
   </div>
   <div class='ocr_carea' id='block_1_106' title="bbox 225 5660 1827 5744">
    <p class='ocr_par' dir='ltr' id='par_1_106' title="bbox 225 5662 1813 5744">
     <span class='ocr_line' id='line_1_107' title="bbox 225 5662 1813 5744; baseline -0.004 -26"><span class='ocrx_word' id='word_1_840' title='bbox 225 5662 484 5733; x_wconf 79' lang='grc' dir='ltr'><strong>γενέσθαι</strong></span> <span class='ocrx_word' id='word_1_841' title='bbox 501 5662 596 5732; x_wconf 83' lang='grc' dir='ltr'><strong>τὴν</strong></span> <span class='ocrx_word' id='word_1_842' title='bbox 616 5662 961 5734; x_wconf 83' lang='grc' dir='ltr'><strong>ἀνθρωπίνην</strong></span> <span class='ocrx_word' id='word_1_843' title='bbox 978 5662 1263 5731; x_wconf 65' lang='grc' dir='ltr'><strong>φύσιν,καὶ</strong></span> <span class='ocrx_word' id='word_1_844' title='bbox 1283 5665 1572 5734; x_wconf 71' lang='grc' dir='ltr'><strong>μετασχεῖν</strong></span> <span class='ocrx_word' id='word_1_845' title='bbox 1586 5665 1643 5717; x_wconf 58' lang='grc' dir='ltr'><strong>ἐν</strong></span> <span class='ocrx_word' id='word_1_846' title='bbox 1662 5663 1813 5744; x_wconf 81' lang='grc' dir='ltr'><strong>μέρει</strong></span> 
     </span>
    </p>
   </div>
   <div class='ocr_carea' id='block_1_107' title="bbox 1929 5660 3501 5744">
    <p class='ocr_par' dir='ltr' id='par_1_107' title="bbox 1929 5660 3501 5734">
     <span class='ocr_line' id='line_1_108' title="bbox 1929 5660 3501 5734; baseline -0.002 -16"><span class='ocrx_word' id='word_1_847' title='bbox 1929 5666 2206 5721; x_wconf 90' lang='lat' dir='ltr'><strong>nominem</strong></span> <span class='ocrx_word' id='word_1_848' title='bbox 2259 5664 2621 5734; x_wconf 88' lang='lat' dir='ltr'><strong>dispositione</strong></span> <span class='ocrx_word' id='word_1_849' title='bbox 2663 5670 2825 5732; x_wconf 88' lang='lat' dir='ltr'><strong>atque</strong></span> <span class='ocrx_word' id='word_1_850' title='bbox 2886 5660 3365 5733; x_wconf 82' lang='lat' dir='ltr'><strong>administratione</strong></span> <span class='ocrx_word' id='word_1_851' title='bbox 3402 5662 3501 5716; x_wconf 90' lang='lat' dir='ltr'><strong>ab-</strong></span> 
     </span>
    </p>
   </div>
   <div class='ocr_carea' id='block_1_108' title="bbox 305 5828 1959 5900">
    <p class='ocr_par' dir='ltr' id='par_1_108' title="bbox 305 5828 1959 5900">
     <span class='ocr_line' id='line_1_109' title="bbox 305 5828 1959 5900; baseline 0 -6"><span class='ocrx_word' id='word_1_852' title='bbox 305 5842 351 5873; x_wconf 78' lang='lat'>“</span> <span class='ocrx_word' id='word_1_853' title='bbox 392 5840 561 5895; x_wconf 76' lang='lat' dir='ltr'><strong>Exod.</strong></span> <span class='ocrx_word' id='word_1_854' title='bbox 596 5857 669 5895; x_wconf 74' lang='lat' dir='ltr'><strong>xu</strong></span> <span class='ocrx_word' id='word_1_855' title='bbox 694 5880 707 5899; x_wconf 88' lang='lat'><strong>.</strong></span> <span class='ocrx_word' id='word_1_856' title='bbox 742 5840 795 5896; x_wconf 87' lang='lat'><strong>8.</strong></span> <span class='ocrx_word' id='word_1_857' title='bbox 876 5840 919 5871; x_wconf 84' lang='grc'><strong>¹³</strong></span> <span class='ocrx_word' id='word_1_858' title='bbox 957 5828 1101 5893; x_wconf 78' lang='lat' dir='ltr'><strong>Psal.</strong></span> <span class='ocrx_word' id='word_1_859' title='bbox 1141 5857 1261 5894; x_wconf 76' lang='lat' dir='ltr'><strong>esix</strong></span> <span class='ocrx_word' id='word_1_860' title='bbox 1288 5879 1302 5899; x_wconf 93' lang='lat'><strong>.</strong></span> <span class='ocrx_word' id='word_1_861' title='bbox 1339 5840 1391 5895; x_wconf 76' lang='grc' dir='ltr'><strong>ὕ.</strong></span> <span class='ocrx_word' id='word_1_862' title='bbox 1473 5842 1514 5871; x_wconf 71' lang='grc'>³⁸</span> <span class='ocrx_word' id='word_1_863' title='bbox 1552 5838 1685 5894; x_wconf 78' lang='lat' dir='ltr'><strong>an.</strong></span> <span class='ocrx_word' id='word_1_864' title='bbox 1723 5855 1839 5900; x_wconf 77' lang='lat' dir='ltr'><strong>xvi.</strong></span> <span class='ocrx_word' id='word_1_865' title='bbox 1871 5840 1959 5894; x_wconf 70' lang='lat'><strong>25.</strong></span> 
     </span>
    </p>
   </div>
  </div>
