4004 6496
487 403 634 481 r254

1708 401 1765 456 S.
1803 399 2135 457 GREGORII
2168 397 2460 455 NYSSENI

3623 395 3776 450 1239

498 515 676 572 duxit.
707 515 842 572 Nam
879 531 1002 570 cum
1049 514 1192 572 Deus
1249 514 1454 568 bonum
1507 513 1658 568 nulla
1722 513 2067 584 permistiont

2181 511 2275 566 τοῦ
2308 529 2365 565 τε
2393 509 2687 574 λυποῦντος
2708 508 2803 564 καὶ
2829 506 2924 562 τοῦ
2945 508 3345 580 εὐφραίνοντος.
3379 510 3482 563 Δύο
3506 510 3563 563 δὲ
3587 513 3773 564 ὄντων

499 623 628 664 cum
663 608 809 662 malo
837 607 1132 662 confusum
1165 607 1324 662 nobis
1354 605 1644 661 fruendum
1677 605 2073 676 proposuisset,

505 701 881 770 vetuissetque
910 699 1303 770 experientiam
1351 699 1480 752 mali
1515 713 1638 752 cum
1677 698 1822 753 bono
1880 697 2078 768 permi-

504 793 666 855 sceri,
700 791 958 860 quoniam
991 807 1100 861 prae
1131 791 1369 862 ingluvie
1400 796 1594 858 sponte
1638 799 1825 845 nostra
1857 799 2076 845 contra-

503 885 587 936 rio
619 882 906 950 degustato
937 880 1093 951 (dico
1125 888 1305 937 autem
1333 880 1401 935 de
1439 879 1605 934 Verbi
1635 879 1806 933 divini
1841 889 2078 934 contem-

507 981 602 1043 ptu
632 971 687 1028 et
715 971 1119 1041 inobedientia)
1155 985 1256 1025 nos
1306 970 1760 1041 ingurgitavimus
1809 979 1864 1026 et
1895 971 2077 1040 exple-

505 1066 704 1130 vimus,
740 1063 948 1119 idcirco
975 1075 1205 1132 prorsus
1226 1062 1521 1116 humanam
1550 1070 1804 1116 naturam
1834 1063 1888 1115 in
1917 1062 2078 1116 utris-

505 1171 611 1224 que
644 1155 876 1220 versari,
923 1160 1048 1207 tres
1071 1151 1233 1209 modo
1258 1151 1464 1214 tristes,
1487 1149 1648 1207 modo
1675 1144 1828 1205 lanas
1845 1152 2073 1207 invicem

506 1247 739 1317 experiri
765 1253 1000 1316 oportet.
1030 1242 1206 1300 Porro
1245 1258 1370 1300 cum
1398 1243 1506 1299 duo
1542 1242 1653 1298 sint
1705 1245 1922 1308 saecula,
1971 1244 2073 1298 du-

508 1337 738 1406 plexque
792 1337 900 1389 vita
934 1349 1032 1406 per
1068 1341 1362 1404 utrumque
1411 1335 1671 1390 sarculum
1728 1333 2075 1404 peculiariter

510 1425 888 1482 consideretur
915 1443 930 1491 ;
976 1434 1140 1495 atque
1177 1424 1363 1478 itidem
1393 1423 1584 1478 laetitia
1611 1438 1828 1494 quoque
1857 1423 2072 1492 duplex,

507 1519 612 1571 alia
642 1517 858 1589 quidem
897 1516 953 1570 in
1000 1516 1104 1570 hoc
1143 1515 1362 1582 saeculo,
1424 1515 1531 1569 alia
1555 1530 1686 1570 vero
1735 1515 1789 1570 in
1834 1528 1901 1568 eo
1931 1512 2075 1582 quod

509 1625 604 1678 per
630 1623 780 1678 spem
807 1608 966 1663 nobis
995 1609 1334 1678 propositum
1370 1616 1476 1671 est,
1522 1614 1836 1676 spectetur:
1871 1603 2078 1660 beatiﬁ-

505 1714 631 1753 cnm
663 1699 826 1753 fuerit
854 1698 1301 1760 existimandum,
1339 1699 1386 1752 si
1415 1698 1539 1767 quis
1591 1697 1900 1767 portionem
1938 1693 2073 1748 laeti-

505 1791 591 1842 tiae
617 1805 711 1857 per
747 1803 874 1843 vera
935 1789 1077 1842 bona
1114 1788 1169 1841 in
1217 1789 1608 1857 sempiternqu
1668 1785 1928 1841 saeculum
1990 1798 2076 1837 re-

2180 597 2330 669 βίων,
2376 597 2470 652 καὶ
2512 596 2705 667 διπλῆς
2749 594 2850 667 τῆς
2881 595 3030 664 ζωῆς
3053 593 3175 648 καθ’
3203 595 3457 666 ἑκάτερον
3490 597 3595 649 τῶν
3625 599 3776 661 βίω-θ

2179 689 2488 754 ἰδιαζόντως
2510 687 2906 758 θεωρουμένης,
2928 685 3188 748 ὡσαύτως
3217 685 3274 738 δὲ
3301 686 3393 740 καὶ
3421 686 3778 756 εὐφροσύνης

2175 780 2387 850 διπλῆς·
2421 777 2524 848 τῆς
2552 778 2650 849 μὲν
2677 779 2735 830 ἐν
2761 776 2839 848 τῷ
2869 775 2969 847 βίῳ
2993 775 3188 846 τούτῳ,
3217 778 3320 846 τῆς
3358 775 3416 829 δὲ
3440 775 3500 827 ἐν
3531 775 3612 846 τῷ
3635 779 3779 830 κατ’

2176 873 2399 935 ἐλπίδας
2451 873 2584 943 ἡμῖν
2628 869 2991 943 προκειμένῳ·
3049 867 3384 939 μακαριστὸν
3433 867 3500 921 ἂν
3535 868 3624 938 εῐη
3654 869 3778 938 τὴν

2175 965 2274 1034 τῆς
2297 962 2634 1034 εὐφροσύνης
2662 963 2855 1034 μοῖραν
2880 963 2992 1025 τοῖς
3010 960 3284 1030 ἀληθινοῖς
3307 958 3530 1027 ἀγαθοῖς
3559 960 3640 1022 είς
3659 959 3775 1011 τὸν

2177 1057 2349 1110 ἀΐδιον
2376 1054 2672 1109 ἀποθέσθαι
2713 1052 2844 1124 βίον·
2877 1053 2974 1123 τῆς
3000 1053 3058 1106 δὲ
3077 1051 3253 1122 λύπης
3279 1048 3630 1119 ἐκπληρῶσαι
3653 1050 3775 1118 τὴν

2176 1146 2514 1216 λειτουργίαν
2530 1147 2587 1198 ἐν
2608 1147 2673 1216 τῇ
2706 1145 2932 1216 βραχείᾳ
2955 1143 3124 1214 ταύτῃ
3148 1144 3244 1196 καὶ
3266 1142 3588 1213 προσκαίρῳ
3612 1143 3773 1210 ζωῇ,

2177 1239 2378 1310 ζημίαν
2407 1237 2748 1308 ποιούμενον,
2781 1238 2842 1291 οὐ
2872 1238 2932 1291 τὸ
2958 1236 3282 1308 στερηθῆναι
3312 1253 3455 1298 τινος
3479 1237 3586 1289 τῶν
3612 1235 3775 1289 κατὰ

2175 1330 2265 1384 τὸν
2297 1329 2411 1399 βίον
2453 1329 2640 1382 τοῦτον
2680 1328 2870 1398 ἡδέων,
2901 1329 3038 1382 ἀλλά
3063 1328 3125 1382 τὸ
3153 1328 3241 1383 διὰ
3264 1328 3364 1397 τῆς
3394 1326 3773 1394 ζάπολαὺσεως

2177 1418 2381 1472 τούτων
2409 1421 2467 1472 ἐν
2505 1418 2818 1473 ἁποπτώσει
2860 1419 2968 1472 τῶν
3007 1420 3307 1490 ἀμεινόνων
3335 1419 3606 1488 γενέσθαι.
3640 1420 3769 1471 0:3-

2179 1510 2308 1565 κοῦν
2337 1511 2386 1563 εί
2419 1509 2754 1582 μακαριστόν
2784 1511 2932 1563 ἐστιν
2963 1510 3022 1564 τὺ
3050 1513 3112 1565 ἐν
3139 1513 3251 1576 τοῖς
3275 1511 3521 1581 ἀπείροις
3555 1510 3769 1564 αἰῶσιν

2177 1602 2461 1656 ἀτέλεστόν
2489 1619 2549 1655 τε
2591 1602 2683 1655 καὶ
2710 1602 2882 1654 εἰσαεὶ
2911 1601 3376 1673 παρατεινομένην
3406 1601 3503 1672 τὴν
3548 1601 3764 1670 εὐφρο-

2179 1698 2342 1767 σύνην
2369 1696 2533 1768 ἔχειν’
2563 1696 2642 1749 δεῖ
2679 1695 2737 1748 δὲ
2769 1695 2985 1758 πάντως
3011 1695 3308 1762 γεύσασθαι
3343 1695 3433 1748 κα)⁵
3457 1695 3564 1747 τῶν
3591 1695 3765 1744 ἐναν-

2178 1789 2306 1842 τίων
2352 1787 2450 1859 τὴν
2497 1786 2842 1859 ἀνθρωπίνην
2891 1785 3069 1855 φύσινο
3123 1786 3307 1839 οὐκέτι
3343 1785 3572 1856 χαλεπόν
3630 1785 3768 1835 ἐστι

503 1881 703 1935 condat
729 1895 744 1933 :
770 1881 1009 1936 tristitiae
1039 1895 1168 1934 vero
1198 1896 1400 1936 munus
1434 1881 1490 1935 in
1518 1880 1619 1934 hac
1644 1878 1795 1934 brevi
1823 1893 1887 1931 ac
1933 1884 2067 1932 tem-

2177 1845 2420 1934 συνιδεῖν.
2436 1878 2529 1932 τοῦ
2577 1845 2734 1946 λόγου
2767 1845 2828 1931 ab
2872 1845 3141 1947 βούλημα,
3175 1877 3264 1930 διὰ
3309 1845 3376 1929 cf
3404 1876 3660 1946 μακάριοι
3709 1874 3769 1924 ei

504 1972 722 2042 poraria
754 1971 866 2024 vita
890 1970 1129 2040 expleat,
1189 1986 1297 2024 non
1329 1971 1385 2025 in
1423 1969 1623 2024 damno
1654 1982 1718 2022 ac
1749 1967 2067 2022 detrimento

2172 1971 2266 2024 νῦν
2296 1969 2614 2032 πενθοῦντες
2634 2011 2648 2032 ,
2679 1969 2833 2023 αὐτοὶ
2866 1968 2974 2040 γὰρ
3015 1971 3096 2031 είς
3122 1968 3248 2031 τοὺς
3269 1966 3522 2036 ἀπείρους
3547 1964 3771 2026 αίῶνας

501 2075 731 2129 ponens,
763 2060 810 2114 si
851 2059 1030 2129 aliqua
1095 2073 1276 2113 rerum
1308 2074 1496 2115 earum
1544 2059 1809 2129 privetur,
1843 2061 1963 2126 quae
2017 2055 2067 2110 in

2173 2061 2705 2133 παρακληθήσονταιο
2736 2062 2770 2130 ἠ
2804 2060 2862 2114 δὲ
2891 2063 3270 2132 παράκλησις,
3304 2060 3368 2112 ἐκ
3387 2059 3483 2129 τῆς
3509 2056 3606 2112 τοῦ
3637 2058 3768 2110 Πα-

502 2150 602 2203 hac
627 2149 735 2202 vita
764 2162 960 2202 suaves
986 2162 1050 2201 ac
1078 2147 1336 2218 jucunda:
1368 2157 1498 2204 sunt
1525 2167 1538 2202 :
1576 2148 1672 2204 sed
1720 2147 1765 2201 si
1804 2146 1933 2201 dum
1969 2146 2075 2199 illis

499 2238 697 2292 fruitur
721 2243 884 2306 atque
915 2238 1140 2307 potitur,
1177 2240 1464 2295 meliorum
1497 2256 1562 2295 ac
1592 2239 1861 2310 potiorum
1898 2238 2070 2293 bono-

499 2343 617 2382 rum
642 2327 910 2398 jacturam
944 2326 1129 2382 faciat.
1153 2327 1423 2395 Quocirca
1459 2331 1503 2386 si
1550 2331 1768 2386 beatum
1814 2331 2070 2402 judican-

497 2422 625 2473 dum
655 2427 758 2482 est,
797 2417 852 2470 in
887 2416 1114 2473 inlinitis
1179 2422 1428 2488 saeculis,
1478 2437 1758 2492 nunquam
1809 2423 2066 2488 ﬁnienda,

495 2509 591 2563 sed
619 2510 673 2564 in
699 2513 1018 2579 perpetuum
1056 2507 1317 2566 duratura
1344 2511 1526 2566 laetitia
1554 2512 1683 2577 frui,
1728 2528 1794 2567 ac
1844 2528 2070 2582 prorsus

2172 2152 2441 2223 ρακλήτου
2500 2151 2788 2223 μετουσίας
2837 2152 3066 2220 γίνεται.
3119 2152 3243 2205 Ἰδία
3284 2151 3392 2222 γὰρ
3440 2150 3533 2204 τοῦ
3578 2149 3765 2204 Ilvati-

2175 2260 2342 2313 ματος
2395 2243 2646 2316 ἐνέργεια
2694 2245 2728 2315 ἡ
2776 2247 2875 2316 τῆς
2926 2243 3322 2316 παρακλήσεως
3370 2242 3525 2314 χάρις
3579 2240 3764 2294 ἐστίν-

2172 2330 2242 2408 ἦς
2272 2335 2366 2388 καὶ
2397 2336 2555 2404 ἡμεῖς
2595 2333 2977 2405 ἀξιωθείημεν,
3021 2335 3204 2406 χάριτι
3239 2333 3332 2387 τοῦ
3358 2332 3562 2404 Κυρίου
3591 2331 3761 2402 ἡμῶν

2189 2425 2364 2497 Ἰησοῦ
2408 2425 2668 2497 Χριστοῦ,
2694 2418 2740 2493 ᾧ
2777 2429 2811 2496 ἡ
2841 2423 2968 2490 δόξα
2995 2427 3074 2490 είς
3111 2425 3238 2489 τοὺς
3265 2425 3464 2488 αἰῶνας
3485 2423 3595 2476 τῶν
3623 2420 3766 2476 αἰώ-

2175 2534 2304 2570 νων.
2346 2518 2536 2589 Ἀμήν.

496 2605 659 2660 etiam
691 2608 972 2664 contraria
997 2610 1291 2678 degustare
1315 2598 1566 2661 naturam
1585 2607 1875 2662 humanam
1902 2617 2151 2678 oportet:
2185 2627 2296 2666 non
2325 2613 2560 2683 amplius
2626 2612 2846 2669 diliicile
2914 2618 3000 2667 est
3064 2610 3376 2681 perspicere
3443 2615 3500 2662 et
3549 2606 3766 2662 intelli’

495 2715 622 2768 gere
649 2703 977 2758 sententiam
1012 2703 1300 2768 orationis,
1323 2717 1425 2758 cur
1451 2703 1597 2759 beati
1626 2703 1757 2770 sint,
1789 2704 1881 2774 qui
1921 2721 2070 2761 nunc
2106 2708 2312 2778 lugent,
2340 2709 2601 2780 quoniam
2652 2709 2915 2764 nimirum
2985 2707 3092 2776 ipsi
3146 2705 3360 2759 inﬁnita
3421 2704 3478 2758 in
3543 2701 3763 2757 saecula

496 2791 691 2848 solatio
726 2791 998 2847 fruentur.
1027 2790 1296 2846 Solatium
1332 2798 1519 2847 autem
1553 2806 1618 2847 ex
1649 2792 2071 2860 consuetudine,
2111 2812 2214 2852 usu
2277 2806 2440 2868 atque
2509 2798 3005 2854 communicatione
3035 2795 3328 2859 Paracleti,
3368 2794 3421 2850 id
3459 2803 3538 2850 est
3582 2794 3762 2847 advo—

495 2887 602 2943 cati
652 2894 708 2943 et
755 2887 1127 2942 consolatoris
1181 2886 1421 2942 exsistit.
1453 2886 1864 2943 Consolationis
1935 2891 2081 2944 enim
2156 2893 2331 2963 gratia
2400 2893 2682 2964 peculiare
2722 2892 2962 2963 Spiritus
3021 2905 3160 2961 opus
3213 2896 3342 2946 est:
3379 2902 3546 2958 quam
3581 2886 3760 2943 etiam

493 2998 596 3038 nos
622 2996 1044 3052 consequamur,
1077 2983 1252 3051 gratia
1278 2980 1490 3035 Domini
1521 2981 1697 3036 nostri
1737 2980 1864 3037 Jesu
1903 2982 2128 3052 Christi,
2159 2987 2214 3041 in
2251 2988 2450 3043 saecula
2476 2989 2831 3046 saeculorum.
2859 2987 3055 3042 Amen.

1094 3095 1352 3152 ORATIO
1397 3095 1485 3154 IV.

499 3187 650 3242 Beati
679 3188 770 3258 qui
802 3189 1045 3244 esuriant
1073 3198 1120 3243 et
1151 3189 1338 3243 sitiunt
1358 3188 1654 3258 justitiam,
1689 3195 1938 3259 quoniam
1971 3193 2071 3258 ipsi

1049 3259 1434 3313 saturabuntur
1463 3260 1526 3314 “’.

566 3349 671 3417 Qui
701 3350 984 3406 medicinae
1014 3351 1174 3420 periti
1207 3357 1354 3415 sunt,
1383 3351 1539 3404 aiunt
1573 3365 1691 3416 eos,
1750 3352 1843 3421 qui
1897 3367 1928 3408 e
1957 3361 2070 3407 sto-

495 3440 693 3495 macho
730 3441 1003 3504 laborant,
1055 3449 1110 3495 et
1145 3441 1300 3496 cibos
1363 3440 1673 3506 fastidiunt,
1731 3457 1858 3496 cum
1917 3444 2070 3511 pravi

494 3528 720 3598 quidam
763 3529 918 3585 succi
945 3536 998 3584 et
1031 3529 1289 3599 superﬂui
1323 3530 1580 3586 humores
1625 3531 1693 3584 ad
1733 3532 2068 3600 superiorem

493 3620 783 3675 ventriculi
822 3626 1030 3689 partem
1063 3619 1444 3686 confluxerint,
1482 3636 1696 3691 semper
1725 3622 1915 3691 plenos
1970 3639 2068 3693 pa-

493 3713 630 3766 riter
659 3726 724 3766 ac
750 3719 972 3766 saturos
998 3725 1119 3776 esse
1145 3712 1391 3781 sibiipsis
1439 3711 1632 3775 videri,
1659 3721 1822 3783 atque
1856 3713 2062 3770 idcirco

495 3818 594 3873 per
631 3803 994 3859 adulterinam
1027 3818 1092 3860 ac
1119 3820 1341 3874 pravam
1369 3805 1723 3874 rcpletionem
1753 3815 1803 3861 el
1837 3808 2067 3864 satieta-

494 3905 626 3961 tem,
664 3896 904 3952 naturali
937 3896 995 3951 in
1028 3897 1110 3952 eis
1138 3897 1378 3966 appetitu
1425 3897 1719 3962 exstincto,
1752 3898 1940 3953 utilem
1991 3899 2071 3952 ci-

495 3988 624 4042 bum
657 4001 916 4058 respuere
965 3995 1128 4058 atque
1167 3987 1451 4052 aversari;
1507 3985 1601 4042 sed
1657 3987 1703 4043 si
1759 3989 1942 4058 aliqua
2000 3990 2069 4043 ab

495 4090 613 4135 arte
637 4080 844 4136 medica
871 4095 1005 4137 cura
1032 4081 1114 4135 eis
1146 4079 1387 4134 adhibita
1420 4078 1603 4143 fuerit,
1634 4094 1730 4148 per
1780 4088 2066 4134 acutorum

491 4185 549 4225 et
587 4171 942 4228 incidentium
976 4171 1497 4225 medicamentorum
1528 4169 1823 4238 potionem,
1868 4171 2067 4226 ablutis

493 4271 548 4318 et
580 4263 898 4332 expurgatis
928 4261 1110 4331 pravis
1142 4275 1206 4316 ac
1243 4261 1534 4330 superﬂuis
1571 4261 1914 4326 humoribus,
1973 4263 2064 4331 qui

493 4353 928 4406 concavitatibus
977 4351 1246 4406 stomachi
1283 4351 1568 4422 intercepti
1602 4360 1766 4422 atque
1817 4354 2061 4409 conclusi

489 4444 716 4507 fuerint,
742 4445 817 4497 ita
850 4443 1068 4498 tandem
1099 4443 1371 4507 accidere,
1407 4454 1466 4498 ut
1492 4460 1618 4498 cum
1645 4444 1698 4498 id
1758 4445 1902 4513 quod
1932 4446 2062 4500 alie-

488 4552 621 4593 num
650 4545 756 4599 est,
786 4545 994 4590 naturae
1023 4550 1132 4589 non
1166 4535 1397 4605 amplius
1430 4534 1630 4590 oliiciat
1663 4542 1828 4606 atque
1882 4537 2059 4592 mole-

489 4637 633 4685 stum
669 4629 770 4693 sit,
827 4627 1071 4697 juvantis
1133 4627 1334 4696 pariter
1391 4641 1453 4681 ac
1487 4628 1781 4683 nutrientis
1815 4628 1925 4682 cibi
1979 4630 2059 4686 eis

489 4721 678 4776 redeat
706 4720 1015 4791 appetitus;
1042 4729 1204 4789 atque
1234 4719 1338 4774 hoc
1361 4723 1626 4775 restitutas
1655 4721 1908 4776 sanitatis
1939 4737 2060 4776 esse

493 4814 732 4882 signum,
765 4810 915 4882 quod
943 4826 1054 4866 non
1089 4812 1324 4881 amplius
1351 4814 1525 4867 coacti
1547 4820 1600 4868 et
1624 4813 1802 4875 inviti,
1841 4813 1935 4869 sed
1965 4830 2058 4868 cu-

493 4906 624 4978 pide
656 4913 709 4959 et
760 4919 884 4960 cum
941 4904 1178 4973 appetitu
1213 4903 1394 4957 cibum
1444 4911 1681 4958 sumant.
1742 4903 1884 4970 Quid
1934 4921 2064 4974 ergo

487 4998 622 5051 mihi
657 4997 760 5052 hoc
791 4996 1119 5067 principium
1146 4995 1582 5062 vultiQuoniam
1611 4997 1804 5051 ordine
1838 5012 2064 5067 progre-

488 5088 647 5143 diens
688 5101 896 5150 sermo,
919 5085 1013 5157 qui
1041 5085 1106 5141 ad
1130 5086 1444 5154 superiores
1470 5085 1632 5140 scala:
1662 5085 2059 5140 beatitudinum

487 5179 689 5248 gradus
722 5194 824 5234 nos
856 5177 1014 5248 quasi
1045 5193 1206 5231 manu
1237 5177 1407 5242 ducit,
1442 5175 1536 5246 qui
1568 5175 1723 5246 juxta
1777 5175 2060 5245 Prophetae

484 5287 671 5327 vocem
705 5270 998 5341 praeclaras
1030 5270 1382 5326 ascensiones
1421 5271 1476 5323 in
1528 5268 1696 5324 corde
1727 5277 1912 5325 nostro
1946 5270 2060 5324 dis-

483 5361 733 5430 ponit“,
784 5361 950 5416 talem
980 5360 1140 5415 nobis
1171 5370 1290 5430 post
1313 5367 1439 5415 ante
1462 5358 1744 5429 expeditos
1774 5375 2059 5424 ascensus,

482 5460 736 5523 quartam
767 5452 929 5506 aliam
957 5459 1344 5521 praemonstrat
1388 5450 1791 5510 ascensionem,
1823 5449 1952 5505 dum
1980 5450 2063 5506 di-

483 5543 559 5599 cit
586 5562 598 5597 :
632 5543 786 5598 Beati
815 5544 904 5612 qui
932 5543 1173 5596 esuriant
1201 5548 1250 5596 et
1286 5541 1477 5595 sitiunt
1490 5539 1781 5608 justitiam,
1811 5540 2062 5609 quoniam

481 5635 582 5701 ipsi
614 5633 1023 5696 auturabantur,
1055 5643 1261 5688 rectum
1293 5645 1357 5686 ac
1391 5629 1739 5686 commodum
1785 5645 1906 5687 esse
1935 5632 2057 5701 opi-

564 5809 609 5842 "
649 5808 838 5865 Matth.
872 5826 925 5879 v,
961 5809 1014 5864 6.
1061 5811 1104 5841 ¹⁶
1139 5809 1278 5865 Psal.
1311 5820 1555 5871 Lxxxnt,
1597 5807 1650 5860 6.

2797 3103 3014 3158 ΛΟΓΟΣ
3051 3104 3122 3155 Δ⁹.

2174 3196 2458 3266 Μακάριοι
2489 3201 2542 3252 οἱ
2576 3195 2915 3260 πεινῶντες,
2933 3193 3042 3266 ,καὶ
3069 3192 3360 3266 διψνιῖηοι-ες
3387 3189 3500 3253 τὴν
3527 3187 3762 3242 δικαιο-

2399 3269 2617 3336 σύνηνο
2653 3266 2741 3319 ὅτι
2778 3265 2945 3319 αὐτοὶ
2972 3262 3507 3333 χορτασθήσονται.

2243 3357 2381 3421 Τοὺς
2417 3357 2824 3430 στομαχοῦντας
2864 3357 2959 3409 καὶ
2995 3355 3316 3417 κακοσίτους
3365 3351 3528 3423 φασιν
3576 3351 3626 3404 οἱ
3650 3352 3758 3420 τῆς

2176 3449 2425 3520 ἰατρικῆς
2454 3450 2840 3520 ἐπιστήμονες,
2873 3445 3126 3517 πονηρῶν
3153 3462 3313 3498 τινων
3345 3443 3531 3514 χυμῶν
3555 3459 3616 3498 τε
3655 3442 3758 3494 καὶ

2171 3540 2602 3612 περιττωμάτων
2653 3539 2746 3593 ἐπὶ
2788 3537 2888 3609 τὴν
2926 3537 3039 3591 ἀνω
3084 3535 3325 3607 γαστέρα
3383 3533 3753 3606 συρρυέντων,

2170 3630 2257 3683 del.
2286 3629 2463 3682 δοκεῖν
2501 3629 2729 3699 πλήρεις
2771 3644 2830 3681 τε
2861 3627 2956 3680 καὶ
2992 3626 3262 3696 διακορεῖς
3307 3619 3476 3689 εἶναι,
3523 3626 3621 3678 καὶ
3655 3625 3752 3678 διὰ

2170 3721 2325 3776 τοῦτο
2358 3721 2496 3792 πρὸς
2539 3721 2640 3791 τὴν
2671 3719 2940 3789 ὠφέλιμον
2985 3718 3190 3790 τροφὴν
3239 3716 3530 3787 ἀλλοτρίως
3578 3715 3749 3786 ἐχειν.

2168 3814 2266 3886 τῆς
2316 3814 2552 3886 φυσικῆς
2595 3815 2779 3875 αὐτοῖς
2823 3811 3052 3883 ὀρέξεως
3079 3813 3138 3864 ἐν
3172 3812 3238 3881 τῇ
3269 3809 3408 3878 νόθῳ
3459 3809 3745 3878 πλησμονῇ

2173 3905 2561 3977 μαρανθείσης.
2593 3906 2657 3958 Εἰ
2687 3905 2744 3958 δέ
2769 3921 2853 3967 τις
2891 3904 3074 3965 αὐτοῖς
3098 3901 3158 3966 ἐξ
3185 3900 3430 3970 ἰατρικῆς
3461 3897 3747 3972 ἐπιμέλεια

2169 3995 2524 4070 προσαχθείη.
2550 3994 2641 4047 διά
2663 4009 2808 4056 τινος
2833 3991 3106 4063 τμητικῆς
3131 3986 3587 4060 φαρμακοποσίας
3609 3988 3748 4040 ἀπο-

2169 4088 2506 4142 κλυσθέντων
2540 4087 2646 4140 τῶν
2675 4084 3164 4155 ἐναπειλημμένων
3187 4084 3306 4145 ταῖς
3334 4079 3427 4134 τοῦ
3466 4081 3745 4149 στομάχου

2167 4177 2493 4246 κοιλότησιν,
2545 4175 2715 4238 οὕτως
2775 4171 3106 4250 συμϐαίνειν,
3153 4170 3244 4224 τοῦ
3297 4169 3574 4239 ἀλλοτρίου
3636 4186 3746 4237 μη-

2167 4269 2284 4322 κέτι
2320 4266 2649 4337 διοχλοῦντος
2697 4265 2796 4334 τὴν
2835 4253 3017 4332 φύσιν,
3053 4262 3151 4332 τῆς
3181 4260 3491 4330 ὠφελούσης
3537 4277 3597 4311 τε
3650 4262 3744 4314 καὶ

2164 4360 2432 4433 τροφίμου
2486 4357 2739 4430 βρώσεως
2805 4356 2986 4418 αὐτοῖς
3045 4354 3318 4407 ἐπανιέναι
3378 4352 3476 4421 τὴν
3537 4351 3737 4421 δρεξιν·

2165 4452 2258 4504 καὶ
2279 4450 2438 4503 τοῦτο
2461 4449 2554 4520 τῆς
2585 4447 2795 4516 ὑγιείας
2823 4441 2962 4500 εἶναι
2995 4447 3238 4514 σημεῖον,
3285 4443 3345 4496 τὸ
3373 4442 3569 4512 μηκέτι
3610 4458 3743 4494 κατ-

2161 4541 2612 4612 ηναγκασμένως,
2636 4537 2772 4592 ἀλλὰ
2796 4535 2910 4607 μετ’
2935 4523 3228 4605 ἐπιθυμίας
3248 4551 3306 4586 τε
3327 4534 3420 4587 καὶ
3439 4531 3617 4603 ὁρμῆς
3639 4534 3739 4601 τὴν

2163 4633 2364 4705 βρῶσιν
2381 4630 2718 4703 προσίεσθαι.
2744 4627 2808 4680 Τί
2828 4623 2920 4681 οῦν
2950 4643 3037 4696 μοι
3063 4625 3314 4696 βούλεται
3343 4624 3406 4676 τὸ
3433 4624 3736 4695 προοίμιον;

2174 4721 2388 4792 Ἐπειδὴ
2426 4719 2628 4790 προῖὼν
2652 4718 2718 4772 δι’
2758 4715 3079 4778 ἀκολουθίας
3116 4715 3146 4766 ό
3179 4713 3314 4784 πρὸς
3338 4712 3407 4765 τὰ
3430 4711 3740 4782 ὑψηλότερα

2160 4811 2258 4881 τῆς
2307 4810 2414 4862 τῶν
2462 4804 2825 4879 μακαρισμῶν
2868 4803 3135 4872 κλίμακος
3181 4799 3537 4871 χειραγωγῶν
3593 4801 3741 4868 ἡμᾶς

2161 4895 2336 4965 λόγος,
2377 4898 2406 4949 ό
2446 4895 2588 4948 κατά
2625 4898 2724 4963 τὴν
2752 4891 2845 4946 τοῦ
2887 4891 3174 4961 Προφήτου
3211 4889 3415 4960 φωνὴν,
3445 4888 3544 4950 τὰς
3568 4888 3738 4951 καλὰς

2159 4985 2450 5047 ἀναϐάσεις
2485 4985 2543 5036 ἐν
2565 4985 2631 5052 τῇ
2658 4981 2852 5051 καρδίᾳ
2875 4979 3031 5050 ἡμῶν
3055 4978 3445 5048 διατιθέμενος,
3482 4977 3738 5045 τοιαύτην

2156 5079 2289 5148 ἡμῖν
2347 5074 2481 5143 μετὰ
2528 5073 2624 5135 τὰς
2670 5068 3149 5142 προδιανυσθείσας
3195 5067 3418 5130 ἀνόδους
3469 5067 3738 5135 τετάρτην

2159 5167 2531 5240 προδείκνυσιν
2576 5163 2742 5231 ἀλλην
2786 5161 3073 5222 ἀνάϐασιν,
3115 5159 3307 5227 λέγων·
3352 5156 3647 5225 Μακάριοι
3685 5159 3738 5208 σι

2160 5257 2478 5322 πεινῶντες
2507 5255 2604 5309 καὶ
2635 5253 2928 5322 διψῶντες
2949 5250 3061 5318 τὴν
3080 5247 3494 5316 δικαιοσύνην,
3521 5248 3609 5302 ὅτι
3634 5250 3737 5301 αὺ-

2159 5355 2246 5407 τοὶ
2276 5349 2811 5422 χορτασθήσονται⁹
2848 5343 3028 5418 καλῶς
3065 5343 3212 5416 ἔχειν
3245 5338 3423 5412 οἶμαι,
3455 5342 3518 5394 τὸ
3550 5341 3734 5394 διακο-

2161 5445 2253 5517 ρές
2291 5461 2350 5497 τε
2395 5444 2488 5497 καὶ
2520 5439 2890 5513 πλησμονικὸν
2925 5437 3027 5507 τῆς
3070 5436 3250 5508 ψυχῆς
3297 5434 3733 5507 ἐκκαθάραντας,

2158 5536 2234 5599 ὡς
2267 5533 2380 5588 ἔστι
2417 5530 2660 5597 δυνατὸν,
2707 5528 2810 5600 τῆς
2837 5526 3090 5598 τοιαύτης
3130 5525 3386 5598 βρώσεὼς
3433 5542 3495 5578 τε
3524 5523 3616 5578 καὶ

2161 5644 2296 5690 σεως
2326 5625 2422 5696 τὴν
2454 5622 2795 5696 μακαριστὴν
2828 5619 3005 5694 ὄρεξιν
3043 5621 3172 5690 ἡμῖν
3203 5618 3384 5680 αὐτοῖς
3414 5615 3728 5696 ἐμποιῆσαι·
