3888 6512
108 439 236 494 19.33

1132 443 1222 502 DE
1258 441 1864 502 BEATITUDINIBUS.
1903 445 2158 501 ORATIO
2187 445 2276 502 IV.

3211 443 3350 498 1251»

100 553 216 608 οὔτε
237 554 344 627 γὰρ
375 555 592 628 ἰσχύσαι
613 558 836 615 δυνατόν
863 559 981 613 ἐστι
1005 558 1097 613 τὸν
1124 557 1430 629 ἄνθρωπον,
1474 559 1548 631 μὴ
1571 559 1671 630 τῆς

1778 577 1901 626 nor,
1935 569 1998 616 ut
2041 570 2344 632 expurgata
2379 560 2630 616 satietate
2668 568 2721 618 et
2755 557 3182 631 ingurgitatione
3227 557 3348 610 ani-

99 645 367 717 άρκούσης
399 649 604 720 τροφῆς
638 647 1107 722 ύποστηριζούσης
1137 651 1238 721 τὴν
1263 650 1514 721 δύναμιν,
1542 649 1667 708 οὔτε

98 737 214 808 δίχκ
243 737 334 791 τοῦ
362 742 555 806 φαγεῖν
589 741 968 812 ἐμπλησθῆναι
990 740 1216 815 τροφῆς,
1247 739 1369 793 οὕτε
1395 741 1669 810 τραφῆναι

98 831 260 900 χωρὶς
287 828 538 902 ὀρέξεως.
565 831 722 884 Ἐπεὶ
755 828 852 885 οὖν
899 832 1104 902 ἀγαθόν
1131 850 1183 886 τι
1216 832 1357 886 κατὰ
1401 832 1500 904 τὴν
1529 833 1671 910 ξωῄν

98 923 238 974 ἐστιν
269 921 302 992 ἡ
347 921 605 993 δύναμις’
641 923 780 993 αὕτη
820 924 876 977 δὲ
908 924 986 996 τῷ
1034 924 1291 998 άρκοῦντι
1330 913 1670 999 συντηρεῖται

100 1014 255 1085 κόρῳο
285 1015 315 1066 ό
337 1013 404 1084 ίδὲ
430 1015 586 1087 κόρος
623 1015 708 1068 διὰ
742 1016 996 1087 βρώσεως
1028 999 1257 1085 γίνεταιο
1303 1017 1364 1069 τὸ
1391 1017 1448 1070 δὲ
1479 1011 1671 1085 φαγεῖν

97 1105 156 1169 ἐξ
181 1103 424 1176 ὀρέξεως·
467 1091 805 1177 μακαριστὸν
833 1106 899 1160 ἂν
931 1107 1016 1177 εἴη
1047 1107 1162 1168 τοῖς
1195 1105 1362 1169 ζῶσιν
1397 1106 1430 1174 ή
1469 1090 1668 1176 ϐρεξίς,

95 1196 232 1265 ἀρχή
269 1194 332 1248 ire
361 1197 456 1249 καὶ
496 1185 646 1250 αἰτία
675 1197 776 1267 τῆς
812 1199 869 1251 ἐν
900 1200 1033 1269 ἡμῖν
1065 1197 1326 1268 γινομένη
1358 1195 1659 1268 δυνάμεως.

97 1286 300 1360 Ὠσπερ
328 1286 387 1342 δὲ
415 1290 555 1342 κατά
577 1289 676 1362 τὴν
695 1288 955 1362 αἰσθητὴν
978 1290 1180 1362 ταύτην
1211 1290 1310 1358 τὴν
1332 1289 1534 1360 τροφὴν
1550 1289 1674 1360 ἔχο-

99 1394 217 1447 μεν,
250 1378 308 1431 ού
339 1377 446 1431 τῶν
477 1377 655 1431 αὐτῶν
684 1364 885 1443 πάντες
921 1379 1185 1450 ἐφίενται,
1226 1378 1362 1432 ἀλλά
1395 1365 1671 1450 μερίζεται

95 1467 350 1535 πολλάκις
385 1464 540 1539 ’πρὸς
568 1468 637 1545 τὰ
675 1469 791 1541 είδη
839 1469 947 1524 τῶν
995 1459 1333 1541 έδωδίμωνή
1378 1469 1485 1522 τῶν
1543 1459 1672 1541 μετ-

93 1557 319 1626 εχόντων
370 1559 662 1630 ἐπιθυμία,
709 1561 804 1614 καὶ⁸
843 1563 872 1622 ό
925 1561 1023 1631 μέν
1054 1578 1138 1624 τις
1166 1560 1517 1631 ἐπιτέρπεται
1559 1565 1672 1625 τοῖς

93 1651 492 1719 γλυκαίνουσιν,
539 1653 697 1718 ἄλλος
756 1655 893 1728 πρὸς
944 1655 1011 1708 τὰ
1063 1640 1430 1726 δριμύσσοντὰ
1479 1671 1538 1706 τε
1577 1653 1674 1707 καὶ

94 1729 452 1811 θερμαίνοντα
488 1742 586 1816 τὴν
631 1744 806 1816 ὁρμὴν
845 1743 980 1814 ἔχει·
1013 1745 1198 1816 ἕτερος
1233 1745 1292 1800 δὲ
1342 1749 1454 1808 τοῖς
1484 1742 1669 1815 ἁλμώ-

90 1830 226 1894 δεσι,
249 1835 340 1887 καὶ
367 1833 526 1898 ἄλλος
549 1838 659 1900 τοῖς
685 1825 1130 1918 παραστύφουσιν
1153 1838 1366 1908 ἥδεται*
1394 1836 1674 1912 συμϐαίνει

1772 667 1894 718 mae,
1933 653 2110 724 quoad
2139 651 2258 722 ejus
2297 651 2411 706 ﬁeri
2453 657 2652 722 potest,
2693 650 2819 705 talis
2849 658 2904 704 et
2936 648 3045 704 cibi
3102 657 3155 702 et
3187 655 3348 718 potus

1772 743 1990 799 beatum
2019 744 2073 797 in
2109 742 2517 812 nobismetipsis
2549 741 2845 812 appetitum
2900 739 3256 795 conficiamus
3294 747 3348 792 et

1773 835 2156 905 ingeneremus
2185 851 2200 902 ;
2234 849 2409 905 neque
2439 833 2586 888 enim
2619 832 2732 888 ﬁeri
2763 838 2961 902 potest,
2988 838 3049 885 ut
3071 831 3154 887 vel
3183 831 3347 884 homo

1772 925 1977 990 valeat,
2011 926 2055 980 si
2085 925 2401 979 alimentum
2438 923 2714 980 sulliciens
2744 925 2890 979 vires
2916 938 3025 978 non
3053 921 3346 977 conﬁrmet

1771 1025 1827 1070 et
1858 1023 2147 1080 sustentet,
2173 1015 2256 1070 vel
2286 1015 2493 1085 absque
2524 1014 2860 1070 comestione
2896 1015 3019 1070 cibo
3047 1016 3343 1086 repleatur,

1774 1108 1856 1162 vel
1887 1108 2005 1162 sine
2032 1107 2274 1178 appetitu
2307 1107 2602 1161 nutriatur.
2636 1105 2907 1174 Quoniam
2944 1107 3112 1179 igitur
3142 1108 3344 1162 bonum

1775 1197 2046 1268 quoddam
2095 1198 2151 1252 in
2186 1198 2297 1252 vita
2352 1206 2479 1253 sunt
2515 1198 2699 1266 vires;
2738 1199 2819 1253 hae
2876 1213 3005 1254 vero
3058 1198 3346 1256 sufﬁcienti

1775 1289 2062 1344 saturitate
2119 1296 2562 1355 conservantur;
2599 1288 2826 1344 satietas
2883 1297 3064 1345 autem
3119 1306 3216 1360 per
3251 1305 3347 1345 eo-

1775 1380 2098 1434 mestionem
2127 1379 2379 1447 exsistit;
2407 1379 2671 1434 comestio
2698 1393 2828 1435 vero
2864 1395 2930 1434 ex
2972 1381 3213 1450 appetitu
3251 1381 3344 1435 tit:

1773 1471 1931 1526 beata
1958 1487 2046 1528 res
2087 1471 2253 1527 fuerit
2306 1471 2617 1527 viventibus
2651 1471 2946 1542 appetitus,
2981 1478 3042 1525 ut
3068 1471 3159 1541 qui
3190 1471 3344 1540 prin-

1773 1559 1973 1632 cipium
1997 1569 2050 1616 et
2077 1575 2240 1616 causa
2281 1561 2476 1615 virium
2518 1569 2827 1616 nostrarum
2861 1561 3111 1618 exsistat.
3148 1562 3348 1628 Quem-

1775 1651 2066 1705 admodum
2095 1659 2276 1706 autem
2311 1651 2459 1706 circa
2503 1653 2818 1708 sensibilem
2853 1653 2997 1706 hunc
3025 1652 3228 1705 victum
3267 1650 3347 1705 af-

1775 1741 1898 1796 fecti
1931 1756 2142 1805 sumus,
2174 1757 2296 1796 cum
2330 1757 2440 1798 non
2469 1741 2658 1798 eadem
2701 1758 2891 1798 omnes
2939 1750 3218 1814 appetunt,
3253 1742 3344 1798 sed

1775 1847 1919 1902 srepe
1950 1849 2048 1904 pro
2086 1834 2380 1905 generibus
2439 1834 2848 1890 esculentorum
2905 1834 3232 1888 sumentium
3265 1831 3348 1886 di-

89 1921 152 1975 δὲ
184 1924 438 1989 πολλάκις
485 1926 559 1998 μὴ
600 1929 736 1984 κατὰ
783 1927 845 1985 τὸ
873 1916 1186 1982 λυσιτελοῦν
1233 1928 1541 2014 ἐγγίνεσθαι
1569 1928 1667 2000 τὴν

1776 1921 1973 1976 viditur
2003 1923 2298 1994 appetitus,
2332 1930 2497 1994 atque
2527 1923 2668 1978 alius
2703 1922 2927 1993 quidem
2959 1923 3213 1977 dulcibus
3256 1922 3351 1977 de-

89 2013 266 2085 όρμὴν
288 2015 500 2088 ἑκάστῳ
525 2018 624 2088 τῆς
653 2018 905 2088 βρώσεως
959 2019 1123 2091 (κατά
1149 2020 1257 2090 γάρ
1282 2013 1404 2074 τινα
1421 2019 1668 2091 κράσεως

93 2104 330 2173 ἰδιότητα
362 2106 498 2179 πρός
543 2125 596 2159 τι
629 2108 799 2171 πάθος
831 2107 1147 2180 ἐπιρρεπῶς
1175 2125 1259 2172 τις
1290 2107 1449 2178 ἔχων,
1479 2107 1668 2182 τρέφει

87 2197 193 2268 τὴν
219 2197 370 2252 νόσον
394 2201 460 2271 τῇ
491 2198 601 2252 τῶν
642 2201 759 2252 κατ’
787 2200 1030 2273 ἀλλήλων
1057 2199 1360 2271 βρωμάτων
1390 2198 1665 2269 ποιότητι·

88 2290 144 2342 εί
168 2289 223 2341 δὲ
250 2288 383 2364 πρὸς
405 2289 474 2344 τὰ
497 2290 805 2359 ὠφελοῦντα
828 2291 926 2363 τὴν
949 2291 1124 2365 ὁρμὴν
1150 2275 1302 2363 σχοίη
1329 2335 1343 2358 ,
1373 2292 1590 2354 πάντως
1613 2291 1671 2344 ὲν

89 2378 274 2452 ὑγιείᾳ.
301 2377 578 2451 βιώσεται,
607 2380 708 2452 τῆς
744 2381 949 2451 τροφῆς
980 2379 1127 2452 αύτῷ
1168 2379 1538 2453 συντηρούσης
1572 2380 1672 2450 τὴν

87 2465 346 2538 εύεξίαν)’
371 2465 543 2530 οὕτως
571 2469 662 2520 και
683 2468 774 2520 ἐπὶ
798 2468 896 2539 τῆς
927 2468 1107 2540 ψυχῆς
1129 2468 1336 2540 τροφῆς
1362 2469 1422 2521 ού
1455 2468 1672 2521 πάντων

87 2558 231 2628 πρὸς
248 2557 309 2610 τὸ
337 2557 467 2611 αὐτὸ
498 2559 751 2634 ῥέπουσιν
792 2560 847 2612 αἱ
888 2551 1190 2642 ἐπιθυμίαι.
1236 2559 1299 2611 Oi
1331 2557 1428 2628 μὲν
1451 2558 1559 2631 γὰρ
1587 2557 1672 2611 δό-

88 2646 212 2716 ξης,
244 2647 276 2718 ἢ
315 2646 565 2713 πλούτου,
598 2647 632 2718 ῆ
672 2663 816 2710 τινος
858 2647 1131 2717 κοσμικῆς
1160 2648 1518 2719 περιφανείας
1553 2646 1674 2718 ὀρέ-

98 2754 313 2804 γονται,
348 2736 528 2802 ἀλλοις
561 2737 690 2808 περὶ
741 2737 838 2809 τὴν
885 2725 1160 2809 τράπεζαν
1197 2723 1424 2808 ἀσχολός
1457 2739 1605 2790 ἐστιν
1638 2739 1671 2808 ἡ

84 2826 293 2896 ὄρεξις,
320 2826 496 2900 ἕτεροι
517 2826 610 2882 τδν
635 2813 860 2898 φθόνον,
893 2827 968 2892 ὣς
991 2813 1114 2882 τινα
1149 2825 1522 2900 δηλητηριώδη
1550 2845 1674 2899 τρο-

85 2920 204 2988 φὴν
232 2917 522 2990 προθύμως
549 2919 1035 2990 ἀναλαμϐάνουσιν·
1068 2919 1206 2972 εἰσιν
1228 2919 1286 2974 δέ
1325 2937 1470 2984 τινες
1504 2915 1584 2984 οἷς
1613 2921 1674 2974 τὸ

80 3012 158 3079 τῇ
191 3009 347 3076 φύσει
375 3010 538 3074 καλὸν
559 3011 617 3063 ὲν
652 3000 827 3082 ὀρέξει
850 3005 1084 3080 γίνεται.
1120 3010 1282 3074 Φύσει
1311 3012 1366 3064 δὲ
1395 3012 1556 3065 καλὸν
1587 3013 1674 3065 ἀεὶ

83 3099 190 3152 καὶ
228 3101 359 3154 πᾶσι
391 3099 546 3154 τοῦτό
585 3103 751 3168 ἐστιν,
780 3100 808 3153 ὃ
843 3102 917 3173 μὴ
950 3100 1110 3155 ἄλλου
1143 3100 1290 3164 τινὸς
1312 3083 1498 3155 ἕνεκέν
1525 3103 1673 3155 ἐστιν

80 3189 328 3260 αἱρετὸν,
356 3190 469 3244 ἀλλ’
495 3191 627 3244 αὐτὸ
645 3192 713 3246 δι’
739 3191 901 3245 ἑαυτὸ
921 3187 1281 3263 ἐπιθυμητὸν,
1306 3192 1393 3246 ἀεὶ
1412 3191 1672 3257 ὡσαύτως

79 3284 239 3353 ἕχον,
291 3283 385 3336 καὶ
419 3283 678 3342 οὐδέποτε
718 3267 1323 3354 ἀμϐλυνόμενονκόρῳ.
1380 3283 1477 3337 Διά
1518 3283 1676 3339 τοῦτο

82 3373 391 3445 μακαρίζει
423 3375 452 3426 ὁ
482 3373 655 3448 Λόγος
694 3373 753 3425 ού
795 3371 930 3436 τοὺς
961 3372 1150 3439 ἁπλῶς
1197 3368 1519 3438 πεινῶντας,
1558 3372 1675 3427 ἀλλ’

76 3460 173 3528 οἷς
196 3463 332 3534 πρὸς
349 3461 448 3535 τὴν
470 3461 644 3533 ἀληθῆ
664 3461 1008 3534 δικαιοσύνην
1029 3465 1062 3533 ὴ
1092 3461 1359 3534 ἐπιθυμία
1379 3461 1476 3534 τὴν
1504 3460 1676 3535 ῥοπὴν

77 3557 229 3628 εχει.

1769 2011 2023 2077 lectatur,
2061 2013 2203 2068 alius
2233 2028 2365 2068 vero
2399 2013 2548 2068 acria
2599 2015 2804 2084 pariter
2863 2021 2918 2067 et
2944 2011 3346 2066 'calel'acientia

1769 2104 2139 2174 appetit,alius
2171 2105 2298 2160 item
2336 2107 2518 2171 salsis,
2552 2105 2694 2160 alius
2731 2104 3167 2177 astringentibus
3217 2120 3350 2174 gau-

1771 2193 1861 2248 det
1889 2213 1905 2264 ;
1931 2209 2073 2264 smpe
2111 2201 2295 2250 autem
2326 2194 2547 2258 accidit,
2581 2206 2642 2249 ut
2691 2210 2798 2249 non
2834 2210 2899 2250 ex
2944 2209 3044 2248 usu
3101 2201 3154 2248 et
3200 2209 3349 2249 com-

1771 2283 1934 2338 modo
1967 2285 2240 2355 appetitus
2264 2284 2373 2340 cibi
2403 2285 2456 2338 in
2521 2299 2853 2356 unoquoque
2900 2286 3128 2340 exsistat
3186 2284 3348 2355 (nam

1773 2375 1817 2428 si
1851 2376 1978 2445 quis
2011 2391 2111 2446 pro
2138 2377 2556 2447 temperamenti
2612 2377 2848 2448 quadam
2885 2376 3220 2447 pr0prietate
3281 2376 3350 2431 ad

1773 2463 1992 2534 aliquod
2017 2465 2210 2520 vitium
2242 2481 2550 2537 propensus
2580 2475 2683 2532 est,
2714 2467 2762 2522 is
2791 2468 3082 2538 aequalium
3131 2475 3183 2522 et
3221 2482 3352 2522 con-

1771 2557 2101 2612 venientium
2129 2558 2350 2628 propria
2385 2558 2618 2628 quadam
2683 2559 2734 2613 vi
2793 2560 3038 2614 ciborum
3097 2559 3346 2613 morbum

1771 2647 1966 2712 nutrit,
2002 2647 2098 2702 sed
2129 2648 2174 2702 si
2205 2662 2291 2714 ea,
2326 2664 2448 2719 qua:
2473 2649 2711 2719 prosint,
2740 2658 2994 2720 appetere
3023 2648 3211 2719 carpit,
3241 2664 3347 2702 nu-

1770 2739 2030 2795 trimento
2065 2739 2262 2795 bonam
2297 2739 2346 2795 ei
2380 2740 2746 2796 valetudinem
2775 2748 3161 2806 conservante,
3191 2756 3348 2811 pror-

1771 2845 1868 2886 sus
1898 2830 1950 2883 in
1983 2830 2218 2886 sanitate
2247 2831 2464 2900 vivet):
2496 2832 2688 2889 eodem
2718 2832 2880 2888 modo
2912 2833 2966 2888 in
2999 2835 3192 2887 animae
3212 2847 3353 2902 quo-

1771 2935 1878 2990 que
1907 2919 2165 2975 alimento
2199 2921 2424 2986 accidit,
2465 2929 2525 2976 ιιι
2555 2938 2663 2978 non
2717 2924 2962 2978 omnium
3015 2923 3349 2994 cupiditates

1773 3009 1838 3064 ad
1867 3011 2111 3065 eamdem
2140 3025 2254 3066 rem
2287 3012 2656 3082 propendeant
2683 3021 2736 3068 et
2767 3013 3047 3069 inclinent.
3090 3012 3224 3067 Nam
3259 3013 3353 3066 alii

1771 3101 1988 3171 quidem
2014 3102 2264 3173 gloriam,
2307 3112 2400 3157 aut
2451 3103 2692 3167 divitias,
2724 3112 2818 3157 aut
2854 3105 3086 3174 aliquem
3124 3101 3356 3157 munda-

1779 3207 1908 3246 num
1941 3202 2207 3264 appetunt
2241 3195 2614 3264 splendorem,
2647 3196 2768 3249 aliis
2790 3195 2940 3250 circa
2971 3210 3214 3250 mensam
3255 3208 3353 3248 oc-

1777 3292 2006 3354 cupatus
2035 3294 2122 3342 est
2152 3287 2447 3358 appetitus,
2474 3288 2565 3342 alii
2599 3288 2858 3342 invidiam
2901 3293 3158 3358 tanquam
3193 3301 3352 3341 vene-

1776 3389 1973 3429 nosum
2008 3375 2243 3446 aliquem
2285 3378 2466 3432 cibum
2517 3377 2718 3448 cupide
2750 3383 3009 3444 sumunt;
3063 3384 3192 3432 sunt
3226 3377 3354 3430 item

1776 3466 2048 3531 nonnulli,
2089 3468 2180 3538 qui
2213 3475 2479 3538 appetunt
2523 3467 2599 3530 id,
2631 3467 2776 3538 quod
2830 3475 3029 3522 natura
3060 3467 3266 3522 bonum
3300 3473 3356 3520 et

1779 3553 2069 3612 honestum
2098 3566 2205 3614 est.
2262 3558 2467 3613 Natura
2536 3569 2714 3614 autem
2777 3559 2978 3614 bonum
3033 3573 3248 3629 semper
3301 3565 3356 3614 et

74 3647 350 3703 omnibus
381 3646 486 3702 hoc
513 3653 621 3710 est,
655 3645 803 3716 quod
830 3659 936 3700 non
973 3645 1200 3700 alterius
1237 3642 1563 3714 cujusquam
1621 3644 1698 3700 rei
1736 3659 1903 3701 causa
1934 3650 2280 3715 sumendum,
2356 3650 2450 3706 sed
2494 3651 2671 3721 ipsum
2706 3660 2925 3721 propter
2976 3665 3035 3706 se
3100 3659 3358 3721 erpeten-

73 3743 225 3796 dum
259 3749 364 3804 est,
399 3741 544 3812 quod
584 3755 797 3810 semper
833 3739 1024 3795 eodem
1058 3739 1223 3794 modo
1285 3753 1345 3794 se
1413 3737 1594 3806 habet,
1650 3746 1707 3795 et
1743 3755 2022 3812 nunquam
2056 3731 2307 3800 satietate
2354 3745 2624 3816 frangitur
2688 3755 2743 3801 et
2782 3745 3083 3800 hebetatur.
3148 3743 3356 3802 ldcirco

79 3836 338 3892 Verbum
408 3837 600 3891 beatos
669 3834 820 3889 ducit
871 3849 980 3888 non
1033 3833 1356 3904 simpliciter
1409 3833 1751 3901 esurientes,
1792 3837 1888 3892 sed
1921 3837 2122 3908 quibus
2151 3839 2217 3893 ad
2251 3856 2433 3897 veram
2480 3839 2750 3909 justitiam
2793 3837 3060 3908 cupiditas
3094 3838 3357 3893 inclinata

72 3944 264 4004 atque
296 3945 571 4002 propensa
603 3936 709 3984 est.

163 4026 261 4090 Τίς
293 4020 386 4080 οὖν
417 4028 448 4097 ὴ
481 4023 826 4094 δικαιοσύνη;
869 4022 1027 4076 τοῦτο
1064 4023 1174 4095 γὰρ
1211 4018 1363 4094 οἶμαι
1391 4023 1501 4076 δεῖν
1546 4023 1680 4095 πρό-

66 4136 252 4191 τερον
281 4117 724 4188 ἀνακαλυφθῆναι
763 4114 850 4168 διὰ
881 4114 975 4168 τοῦ
1011 4113 1192 4183 λόγου,
1225 4114 1301 4178 ὡς
1328 4113 1394 4168 ἂν
1420 4114 1513 4168 τοῦ
1556 4115 1676 4168 κατ’

1858 4023 1990 4092 Quae
2017 4015 2102 4080 est
2133 4024 2301 4096 igitur
2332 4022 2422 4078 illa
2441 4019 2695 4092 justitia?
2741 4019 2843 4072 hoc
2871 4016 3016 4072 enim
3050 4015 3202 4086 prius
3234 4014 3352 4084 opi-

1783 4127 1886 4168 nor
1919 4113 2166 4168 oratione
2196 4110 2372 4180 detegi
2415 4117 2579 4178 atque
2631 4105 2896 4159 declarari
2961 4109 3233 4173 oportere,
3296 4109 3358 4156 ut

65 4209 265 4280 αὐτὴν
291 4207 518 4270 κάλλους
544 4205 968 4277 φανερωθέντος,
1002 4203 1175 4267 οὕτως
1194 4205 1252 4257 ὲν
1272 4205 1400 4275 ἡμῖν
1427 4203 1671 4275 κινηθείη

1776 4203 2177 4276 pulchritudine
2213 4201 2332 4272 ejus
2378 4199 2787 4261 animadversa,
2825 4196 2897 4250 ita
2935 4193 3154 4249 tandem
3187 4207 3356 4264 appe-

65 4303 230 4372 πρὸς
259 4299 356 4370 τὴν
388 4298 535 4370 ὥραν
561 4298 653 4351 τοῦ
684 4297 942 4367 φανέντος
971 4299 1004 4367 ἡ
1030 4295 1226 4368 ὄρεξις.
1254 4297 1387 4350 Οὐδὲ
1412 4296 1521 4368 γάρ
1555 4299 1670 4349 ἐστι

1776 4299 1906 4351 titus
1937 4296 1992 4350 in
2025 4295 2182 4350 nobis
2220 4293 2287 4348 ad
2314 4294 2392 4347 rei
2419 4298 2728 4360 conspecta:
2759 4288 3011 4344 decorem
3048 4293 3352 4342 moveatur.

61 4391 319 4447 δυνατὸν
351 4390 483 4462 πρὸς
511 4389 570 4442 τὸ
604 4390 678 4460 μὴ
704 4389 1024 4458 φαινόμενον
1051 4386 1466 4457 ἐπιθυμητικῶς
1506 4387 1670 4458 ἔχειν,

1776 4386 1957 4458 Neque
2007 4386 2151 4441 enim
2181 4382 2296 4438 ﬁeri
2343 4389 2520 4453 potest
2566 4389 2626 4434 ut
2675 4379 2799 4450 quis
2839 4375 3072 4449 cupidus
3115 4377 3188 4432 sit
3236 4374 3356 4445 ejus

62 4483 208 4539 ἀλλ’
246 4483 389 4554 ἀργή
427 4498 542 4544 πως
573 4480 666 4533 ἐπὶ
701 4480 762 4532 τὸ
795 4479 1068 4548 ἀγνωστόν
1099 4479 1244 4531 ἐστιν
1271 4479 1305 4550 ἡ
1331 4479 1490 4548 φύσις
1519 4479 1671 4550 ήμῶν

1776 4477 1918 4551 quod
1949 4491 2058 4532 non
2085 4484 2332 4547 apparet,
2358 4473 2455 4529 sed
2480 4471 2663 4544 segnis
2685 4471 3058 4542 atqueignava
3091 4468 3356 4540 quodam-

64 4574 187 4628 καὶ
234 4573 508 4643 ἀκίνητος,
557 4572 606 4624 εί
643 4569 717 4643 μὴ
760 4571 825 4624 δι’
855 4571 1024 4642 ἀκοῆς
1055 4569 1088 4639 ἦ
1121 4569 1295 4640 ὅψεως
1324 4570 1529 4625 ἔννοιάν
1556 4587 1671 4624 τινα

1781 4571 1941 4626 modo
1970 4576 2164 4624 natura
2199 4574 2386 4623 nostra
2413 4565 2677 4620 adversus
2709 4563 2976 4635 ignotum,
3009 4568 3063 4617 et
3101 4558 3355 4616 immobi-

61 4664 185 4720 τοῦ
220 4663 558 4734 ὲπιθυμητοῦ
588 4663 764 4717 λάϐοι.
798 4664 935 4716 Φασὶ
979 4659 1155 4715 τοίνυν
1189 4660 1298 4714 τῶν
1333 4658 1671 4730 ἐξητακότων

1780 4661 1848 4716 lis
1881 4667 1984 4724 est,
2022 4659 2128 4714 nisi
2167 4657 2446 4712 auditione
2486 4655 2572 4710 vel
2600 4653 2808 4709 visione
2841 4653 3077 4723 aliquam
3108 4651 3354 4707 notitiam

56 4757 157 4810 τὰ
183 4754 414 4809 τοιαῦτά
451 4770 615 4818 τινες,
659 4752 1004 4823 δικαιοσύνην
1031 4747 1168 4806 εἶναι
1199 4750 1310 4816 ἕξιν
1343 4751 1671 4820 ἀπονεμητι-

1780 4750 2049 4820 acceperit
2065 4750 2181 4820 ejus
2208 4749 2352 4820 quod
2365 4746 2722 4818 expetendum
2741 4745 2830 4800 sit.
2848 4744 3192 4815 Aiuntigitur
3215 4759 3357 4799 non-

61 4845 196 4918 κὴν
217 4843 315 4897 τοῦ
349 4843 484 4909 ίσου,
516 4845 609 4897 καὶ⁸
638 4844 730 4897 τοῦ
759 4843 878 4897 κατ’
911 4842 1069 4908 ἀξίαν
1097 4842 1330 4914 ἑκάστῳ.
1361 4837 1488 4897 Οἷον
1516 4843 1568 4895 εῐ
1594 4859 1671 4905 τις

1780 4839 1914 4894 nulli
1937 4853 2147 4902 eorum,
2165 4837 2258 4908 qui
2274 4835 2540 4907 ejusmodi
2561 4849 2650 4890 res
2667 4834 2894 4889 scrutati
2914 4843 3059 4898 sunt,
3087 4832 3354 4905 justitiam

59 4937 396 5010 γρημάτων
427 4936 684 5007 διανομῆς
718 4936 925 5005 γένοιτο
968 4935 1176 5006 κύριος,
1209 4937 1238 4989 ό
1281 4935 1416 5004 πρὸς
1464 4935 1524 4987 τὸ
1567 4934 1671 4987 ἴσον

1779 4946 1902 4987 esse
1937 4930 2179 4985 habitum
2205 4929 2536 4984 tribuentem
2570 4927 2866 4996 unicuique
2883 4925 2958 4990 id,
2981 4924 3125 4996 quod
3138 4940 3354 4996 mquum

67 5027 336 5100 βλέπων,
384 5027 477 5079 καὶ
515 5027 841 5098 συμμετρῶν
883 5028 951 5098 τῇ
996 5027 1156 5098 χρεία
1204 5026 1313 5080 τῶν
1343 5024 1671 5097 μετεχόντων

1779 5030 2066 5092 cst,etqun
2081 5021 2316 5092 quisque
2336 5020 2533 5090 dignus
2549 5017 2823 5075 est.Verbi
2842 5017 3036 5089 gratia,
3058 5017 3102 5071 si
3129 5018 3252 5087 quis
3269 5031 3358 5087 pe-

58 5121 192 5190 τὴν
222 5118 392 5184 δόσιν,
423 5118 629 5182 δίκαιος
656 5119 892 5187 λέγεται·
930 5119 1026 5171 καὶ
1053 5119 1104 5170 εί
1132 5135 1215 5182 τις
1234 5117 1327 5170 τοῦ
1349 5118 1554 5188 κρίνειν
1581 5116 1671 5188 τὴν

1780 5115 1972 5169 cunias
1990 5112 2353 5169 distribuendi
2387 5120 2710 5183 potestatem
2729 5110 2981 5182 adeptus,
3003 5116 3057 5166 et
3083 5108 3357 5179 aequabili-

62 5209 350 5276 ὲξωσίαν
394 5209 597 5274 λαϐὼν,
634 5210 708 5279 μὴ
748 5209 883 5280 πρὸς
907 5210 1063 5279 χάριν
1094 5208 1216 5261 τινά
1263 5208 1357 5262 καὶ
1385 5206 1671 5276 ἀπέχθειαν

1781 5213 1948 5259 tatem
1977 5204 2255 5275 respiciat,
2276 5212 2329 5259 et
2357 5219 2457 5275 pro
2472 5205 2632 5260 modo
2661 5202 2977 5273 indigentiae
3003 5201 3342 5255 sumentium

58 5304 194 5374 τὴν
241 5300 420 5372 ψῆφον
464 5301 638 5373 φέροι,
691 5299 828 5354 ἀλλὰ
864 5303 928 5369 τῇ
985 5299 1143 5368 φύσει
1185 5299 1294 5352 τῶν
1339 5297 1671 5368 πραγμάτων

1782 5304 1836 5351 et
1857 5296 2297 5367 participantium
2319 5295 2692 5368 elargitionem
2708 5299 2993 5365 temperet,
3010 5293 3192 5362 justus
3225 5289 3356 5345 dici-

61 5394 384 5463 ἑπόμενος,
405 5393 695 5464 τιμωροῖτό
726 5410 784 5446 τε
815 5395 940 5456 τοὺς
969 5393 1173 5460 ἀξίους,
1209 5393 1302 5446 καὶ
1332 5392 1430 5460 τὴν
1471 5389 1671 5453 σώζου-

1784 5396 1895 5444 tur.
1922 5389 2052 5444 Item
2085 5389 2130 5444 si
2155 5389 2279 5460 quis
2303 5389 2588 5459 judicandi
2632 5394 2900 5458 potestate
2937 5393 3185 5455 accepta,
3245 5398 3354 5437 non

63 5502 198 5538 σαν
223 5481 406 5553 ψῆφον
442 5483 576 5553 πρὸς
603 5484 728 5546 τοὺς
756 5483 1080 5548 ἀνευθύνους
1109 5484 1284 5554 φέροι,
1314 5484 1406 5536 καὶ
1436 5482 1544 5534 τῶν
1566 5483 1671 5534 λοι-

1784 5479 1849 5534 ad
1886 5479 2114 5551 gratiam
2151 5480 2383 5552 alicujus
2409 5487 2463 5536 et
2485 5479 2670 5534 odium
2706 5477 3031 5534 sententiam
3066 5475 3223 5540 ferat,
3260 5474 3354 5530 sed

63 5575 217 5629 πῶν
248 5573 759 5643 ἀμφισϐητημάτων
778 5575 834 5628 ὲν
864 5574 1090 5646 ἀληθεία
1122 5577 1326 5627 ποιοῖτο
1351 5573 1448 5644 τὴν
1475 5573 1671 5644 κρίσιν,

1785 5577 2037 5624 naturam
2088 5585 2381 5626 causarum
2438 5584 2696 5640 sequens,
2737 5577 2792 5624 et
2836 5567 3108 5637 supplicio
3163 5564 3354 5635 dignos

59 5666 190 5724 καὶ
228 5659 385 5729 οὗτος
426 5664 631 5728 δίκαιος
675 5664 906 5734 λέγεται.
949 5667 1059 5720 Καὶ
1087 5667 1114 5720 ὁ
1156 5667 1280 5732 τοὺς
1324 5665 1521 5735 φόρους
1569 5666 1682 5726 τοῖς

63 5756 436 5826 ὑποχειρίοις
463 5756 696 5820 τάσσων,
725 5756 851 5810 ὅταν
885 5756 1195 5829 σύμμετρον
1240 5756 1472 5827 ἐπιϐάλῃ
1501 5758 1568 5826 τῇ
1595 5755 1678 5808 δυ-

66 5849 268 5918 νάμει
312 5847 403 5900 τὸν
431 5848 616 5918 φόρον,
647 5847 739 5901 καὶ
769 5848 977 5913 οἰκείας
1014 5850 1298 5918 δεσπότης,
1347 5850 1439 5904 καὶ
1476 5847 1684 5912 πόλεως

1787 5657 2004 5724 alliciat,
2035 5669 2088 5714 et
2143 5661 2462 5716 innocentes
2520 5655 2791 5714 sententia
2846 5671 2943 5712 sua
2998 5653 3246 5711 absolvat
3301 5663 3356 5706 ct

1788 5759 1989 5816 servet,
2019 5751 2464 5821 reliquarumque
2489 5746 2990 5803 controversiarum
3028 5759 3214 5801 verum
3261 5743 3355 5815 ju-

1788 5843 1989 5900 dicium
2025 5843 2208 5907 faciat,
2258 5841 2420 5898 etiam
2461 5841 2549 5896 hic
2588 5839 2770 5910 justus
2816 5838 3037 5898 dicitur.
3097 5835 3228 5893 ltcm
3259 5833 3353 5906 qui
