4004 6506
484 476 624 536 1255

1676 478 1733 534 S.
1770 476 2101 535 GREGORH
2144 476 2438 535 NYSSENI

3619 484 3783 541 1936

483 591 719 650 subditis
747 591 948 648 tributa
979 591 1193 662 incidit,
1226 591 1362 648 cum
1386 609 1486 666 pro
1515 596 1678 651 modo
1727 596 1925 652 virium
1960 597 2058 651 tri-

2178 596 2368 666 ὶρχων,
2417 597 2510 649 καὶ
2553 596 2721 651 ἐθνῶν
2757 597 3029 667 βασιλεὺς,
3079 593 3522 673 εἶ’καταλλήλως
3561 604 3782 674 ήγοῖτο

485 687 678 740 butum
709 685 960 755 imponit,
990 693 1044 740 et
1073 685 1490 755 paterfamilias,
1525 695 1581 742 et
1627 696 1828 758 praetor
1874 689 2064 744 civita-

484 777 578 838 tis,
623 783 678 828 et
733 775 973 845 gentium
1027 791 1156 843 rex;
1220 777 1264 830 si
1329 778 1564 848 quisque
1619 777 1814 832 horum
1863 793 2062 832 conve-

486 865 697 919 nienter
749 871 804 918 et
848 865 1133 920 commode
1201 867 1437 923 subditis
1508 869 1728 938 praesit,
1805 869 2065 939 nulloque

487 958 690 1026 impetu
756 962 920 1025 atque
982 957 1226 1028 appetitu
1307 958 1521 1014 ratione
1598 960 1830 1024 carenti,
1906 974 2068 1014 occa-

487 1047 646 1100 sione
733 1047 1028 1116 potestatis
1127 1060 1441 1116 moveatur,
1529 1051 1622 1105 sed
1713 1059 1860 1106 recte
1939 1051 2066 1106 sub-

487 1137 616 1190 ditis
690 1136 781 1206 jus
861 1138 1043 1202 dicat,
1132 1147 1186 1192 et
1242 1139 1310 1192 ad
1381 1141 1692 1195 voluntates
1756 1148 1811 1196 et
1881 1140 2062 1194 studia

491 1228 834 1284 subditorum
889 1229 1166 1298 ingenium
1209 1240 1262 1285 et
1298 1231 1591 1286 consilium
1645 1247 1804 1286 suum
1847 1246 2066 1286 accom-

490 1321 673 1376 modet
730 1331 784 1376 et
825 1329 1087 1392 temperet
1137 1341 1149 1376 :
1192 1322 1508 1392 hujusmodi
1537 1324 1720 1377 omnia
1757 1323 1957 1376 rationi
2005 1337 2069 1377 ac

491 1413 794 1469 deﬁnitioni
831 1413 1058 1484 justiti-ae
1116 1416 1366 1470 tribuunt
1414 1422 1468 1469 et
1517 1415 1799 1484 assignant
1856 1415 1914 1480 ii,
1975 1415 2066 1484 qui

490 1503 683 1558 habitu
717 1504 811 1558 tal-i
845 1503 920 1570 id,
951 1504 1094 1574 quod
1117 1505 1326 1574 justum
1365 1505 1458 1567 sit,
1486 1505 1772 1560 deﬁniunt.
1805 1504 1918 1576 Ego
1941 1521 2068 1561 vero

495 1594 562 1647 ad
622 1594 966 1649 altitudinem
1038 1594 1444 1650 constitutionis
1504 1593 1701 1650 divina:
1744 1596 2065 1667 respiciens,

493 1685 699 1754 aliquid
743 1686 980 1756 amplius
1027 1702 1190 1756 quam
1237 1702 1323 1751 ea,
1367 1703 1488 1756 qua:
1531 1687 1692 1741 modo
1739 1687 1884 1741 dicta
1919 1696 2066 1752 sunt,

493 1793 592 1847 per
637 1778 778 1832 hanc
825 1778 1099 1846 justitiam
1157 1779 1570 1849 intelligendum
1627 1794 1751 1834 esse
1792 1778 2065 1836 existimo.

490 1867 626 1923 Nam
651 1869 697 1925 si
743 1871 1002 1926 salutaris
1040 1872 1257 1940 quidem
1306 1887 1490 1926 sermo
1534 1871 1842 1926 communis
1882 1879 1986 1936 est,
2015 1878 2069 1928 et

2171 688 2278 741 τῶν
2300 687 2753 758 ὑποτεταγμένων
2779 689 3009 752 ἕκαστος
3039 689 3268 755 τούτων,
3303 692 3376 762 μὴ
3403 694 3598 763 ὁρμαῖς
3627 690 3762 746 ἀλόν

2172 797 2289 849 γοις
2315 781 2418 862 ἱύπ’
2448 780 2695 846 ἐξουσίας
2733 781 3067 852 κινούμενος,
3103 783 3217 836 ἀλλ’
3265 783 3512 854 εύθύτητι
3553 784 3614 837 τὸ
3645 784 3776 836 ὑπο

2173 873 2334 942 ήκοον
2359 872 2579 943 κρίνων,
2615 872 2708 926 καὶ
2736 872 2872 945 πρὸς
2900 873 2995 938 τάς
3019 875 3362 944 προαιρέσεις
3389 875 3494 934 τῶν
3532 875 3778 945 ὑποχει-

2176 961 2305 1033 ρίων
2325 966 2390 1034 τῇ
2417 962 2610 1037 γνώμῃ
2631 965 3118 1036 συναρμοζόμενοςο
3140 965 3316 1020 πάντα
3337 965 3404 1019 τά
3423 965 3649 1020 τοιαῦτα
3681 965 3780 1035 τῷ

2172 1054 2318 1126 λόγῳ
2343 1055 2443 1126 τῆς
2465 1055 2810 1127 δικαιοσύνης
2835 1055 3199 1121 ἀνατιθέασιν,
3223 1058 3272 1109 οἱ
3301 1059 3366 1128 τῇ
3393 1056 3616 1129 τοιαύτη
3639 1057 3776 1122 ἕξει

2172 1143 2234 1198 τὸ
2266 1144 2470 1198 δίκαιον
2502 1144 2826 1216 ὁριζόμενοι.
2871 1144 3012 1211 Ἐγὼ
3040 1146 3097 1199 δὲ
3124 1146 3261 1218 πρὸς
3285 1146 3345 1215 τὸ
3375 1145 3502 1216 ὕψος
3534 1146 3774 1215 βλέπων

2173 1233 2272 1304 τῆς
2305 1235 2453 1299 θείας
2482 1235 2829 1306 νομοθεσίας,
2873 1225 3036 1290 πλέον
3058 1255 3110 1290 τι
3136 1236 3242 1290 τῶν
3265 1237 3564 1308 εἰρημένων
3590 1239 3653 1288 ἐν
3686 1236 3774 1304 τῇ

2173 1328 2486 1402 δικαιοσύνῃ
2511 1328 2684 1402 ταύτῃ
2713 1331 2947 1383 νοεῖσθαι
2975 1329 3325 1399 στοχάζομαι.
3353 1330 3414 1381 Ei
3436 1328 3541 1400 γὰρ
3571 1327 3775 1388 κοινὸς

2178 1418 2274 1488 μὲν
2307 1419 2440 1488 πρὸς
2471 1421 2649 1472 πᾶσαν
2683 1420 2780 1490 τὴν
2829 1419 3176 1491 ἀνθρωπίνην
3223 1418 3384 1488 φύσιν
3413 1418 3442 1470 6
3485 1419 3775 1489 σωτήριος

2174 1508 2348 1577 λόγος,
2377 1509 2436 1561 ού
2476 1509 2676 1571 παντὸς
2713 1508 2768 1562 δέ
2788 1509 2937 1562 ἐστιν
2967 1507 3254 1580 ἀνθρώπου
3281 1508 3342 1561 τὸ
3370 1510 3426 1561 ἐν
3451 1510 3563 1570 τοῖς
3590 1509 3773 1577 εἰρη-

2179 1599 2360 1670 μένοις
2387 1595 2526 1653 εῐναι
2577 1600 2798 1668 (ὀλίγων
2834 1602 2942 1671 γὰρ
2977 1599 3038 1652 τὸ
3081 1597 3403 1669 βασιλεύειν,
3438 1598 3496 1652 τὸ
3535 1598 3774 1668 ἄρχειν,

2145 1692 2234 1745 ’τὸ
2256 1691 2510 1757 δικάζειν,
2541 1691 2602 1744 τὸ
2628 1694 2684 1746 ἐν
2712 1693 2930 1764 ἐξουσίᾳ
2969 1691 3287 1762 χρημάτων,
3330 1691 3366 1762 ἡ
3397 1707 3540 1753 τινος
3579 1690 3776 1758 ἄλλης

2175 1784 2482 1854 οἰκονομίας
2506 1783 2776 1852 γενέσθαι·
2804 1782 2866 1836 τὸ
2897 1783 2952 1836 δὲ
2979 1781 3179 1852 πλῆθος
3201 1783 3258 1835 ἐν
3286 1784 3394 1845 τοῖς
3421 1781 3773 1853 ὑποχειρίοις

2175 1891 2233 1926 τε
2267 1873 2362 1926 καὶ
2415 1873 2884 1942 οἰκονομουμένοις
2915 1871 3117 1942 ἐστίν)’
3153 1871 3268 1935 πῶς
3311 1872 3377 1926 ἄν
3417 1888 3498 1933 τις
3535 1870 3776 1934 δέξαιτο

491 1959 558 2013 ad
613 1974 828 2015 omnem
881 1961 1175 2014 humanam
1219 1960 1452 2030 pertinet
1499 1968 1926 2014 naturammon
1975 1975 2072 2013 cu-

2178 1964 2268 2034 τὴν
2322 1961 2492 2033 ἀληθῆ
2541 1960 2885 2033 δικαιοσύνην
2932 1960 3146 2031 ἐκείνην
3188 1955 3347 2022 εἶναι,
3394 1959 3429 2028 ὴ
3485 1959 3562 2029 μὴ
3609 1959 3778 2010 πᾶσι

488 2050 668 2120 josvis
707 2060 888 2108 autem
921 2053 1157 2107 hominis
1187 2061 1292 2118 est,
1347 2051 1401 2105 in
1437 2053 1525 2118 iis,
1567 2068 1689 2122 qua;
1723 2051 1884 2106 modo
1925 2052 2071 2106 dicta

492 2151 642 2208 sunt,
672 2143 864 2200 oﬂiciis
899 2159 963 2200 ac
1008 2144 1329 2200 muneribus
1350 2144 1619 2200 obeundis
1662 2144 1870 2199 versari
1910 2143 2071 2214 (pau-

493 2250 685 2290 corum
729 2236 874 2290 enim
927 2243 1012 2290 est
1054 2250 1306 2305 regnare,
1338 2249 1593 2305 praeesse,
1641 2234 1936 2306 imperare,
1979 2234 2071 2304 jus

493 2324 699 2386 dicere,
735 2333 1058 2395 potestatem
1095 2324 1451 2394 pecuniarum
1487 2322 2068 2388 administrandarum,

497 2422 592 2468 aut
621 2418 847 2471 alterius
879 2417 957 2472 rei
981 2416 1304 2486 cujusquam
1337 2417 1803 2484 dispensationem
1834 2415 2068 2470 habere:

497 2505 791 2561 multitudo
821 2521 953 2560 vero
985 2521 1050 2560 ac
1082 2507 1275 2577 vulgus
1315 2507 1368 2560 in
1403 2522 1630 2561 numero
1652 2506 1994 2560 subditorum
2019 2513 2072 2560 et

496 2611 684 2649 eorum
719 2597 812 2666 qui
843 2605 1129 2666 reguntur,
1187 2603 1360 2668 sunt),
1401 2600 1675 2666 quomodo
1729 2599 1930 2668 aliquis
1977 2597 2074 2651 ad-

499 2688 718 2742 mittere
767 2695 820 2741 et
861 2689 1116 2743 assentiri
1163 2667 1354 2757 possit,
1388 2703 1570 2742 veram
1618 2667 1891 2756 justitiam
1947 2703 2070 2744 esse

499 2779 670 2841 illam,
697 2779 855 2848 cujus
887 2795 994 2833 non
1035 2779 1260 2849 aequalis
1286 2793 1349 2831 ac
1378 2795 1475 2847 par
1502 2778 1745 2832 conditio
1783 2779 1930 2832 omni
1971 2795 2073 2832 na-

497 2882 635 2926 tura:
677 2871 956 2940 proposita
1001 2874 1121 2926 est?
1149 2872 1282 2927 Nam
1335 2874 1380 2928 si
1406 2872 1610 2942 justus,
1653 2877 1818 2940 prout
1856 2871 2076 2926 tradunt

499 2960 800 3030 disciplinae
869 2956 1196 3031 sapientium
1256 2971 1640 3027 externorum,
1713 2962 2074 3032 aequalitatem

499 3049 606 3104 sibi
657 3051 992 3120 pr0positam
1034 3051 1216 3117 habet,
1257 3052 1325 3107 ad
1357 3069 1521 3122 quam
1576 3052 1918 3120 potissimum
1955 3069 2077 3123 spe-

499 3150 608 3196 t-tet
643 3161 656 3197 :
701 3143 1021 3220 excellentia
1053 3151 1232 3198 autem
1261 3159 1325 3198 ac
1367 3143 1607 3216 dignitas
1652 3143 2073 3212 inaequalitatem

498 3236 554 3288 in
602 3251 662 3290 se
706 3237 990 3291 continet:
1022 3252 1130 3290 non
1187 3243 1369 3306 potest
1415 3236 1645 3306 justitia:
1683 3237 1891 3292 reddita
1934 3237 2075 3290 ratio

2176 2050 2456 2123 πρόκειται
2482 2051 2758 2120 ὀμοτίμως
2797 2053 2862 2120 τῇ
2910 2048 3101 2117 micat;
3137 2048 3199 2102 Et
3231 2049 3335 2120 γὰρ
3381 2047 3408 2098 6
3443 2047 3643 2110 σκοπὸς
3679 2047 3776 2116 τῷ

2172 2142 2364 2213 δικαίῳ
2388 2141 2528 2195 κατά
2569 2137 2694 2206 τούς
2723 2137 3140 2210 ἐξωθενηλὸγους
3167 2141 3226 2194 τδ
3261 2140 3372 2194 ἴσον
3417 2139 3595 2192 ἐστίν·
3628 2140 3671 2208 ἡ
3707 2137 3774 2190 δὲ

2174 2235 2415 2306 ὑπεροχὴ
2461 2234 2521 2287 τὸ
2564 2235 2746 2289 ἄνισον
2791 2232 2926 2305 ἐχειδ
2956 2229 3056 2287 οὐκ
3094 2232 3208 2286 ἐστι
3240 2233 3330 2286 τὸν
3359 2231 3775 2301 ἀποδεδομένον

2171 2327 2270 2397 τῆς
2291 2325 2634 2395 δικαιοσύνης
2660 2325 2814 2394 λόγον
2843 2324 3016 2396 ἀληθῆ
3047 2324 3288 2396 νομίσαι,
3318 2323 3476 2386 εὐθὺς
3500 2322 3582 2392 τῷ
3609 2321 3778 2376 κατὰ.

2173 2416 2262 2468 τὸν
2291 2417 2403 2487 βίον
2439 2417 2608 2487 ἀνίσῳ
2638 2415 3064 2486 διελεγχόμενον.
3116 2411 3211 2480 Τίς
3249 2410 3340 2470 οὖν
3371 2415 3403 2485 ἡ
3434 2413 3774 2482 δικαιοσύνη

2173 2509 2207 2578 ἡ
2235 2508 2313 2570 είς
2347 2506 2552 2570 πάντας
2590 2506 2895 2576 φθάνουσα;
2928 2501 3037 2571 *Ης
3076 2507 3110 2578 ή
3139 2497 3403 2575 ἐπιθυμία
3435 2505 3591 2576 κοινὴ
3619 2508 3771 2575 πρό-

2175 2615 2349 2650 κειται
2374 2598 2539 2651 παντὶ
2585 2597 2660 2668 τῷ
2713 2596 2854 2650 κατά
2909 2597 3008 2667 τὴν
3056 2586 3416 2667 εὐαγγελικὴν
3475 2594 3778 2667 τράπεζαν

2177 2686 2456 2756 βλέποντιο
2505 2687 2608 2739 κᾶν
2637 2686 2890 2750 πλούσιός
2921 2704 3005 2750 τις
3036 2682 3092 2759 ᾖ,
3136 2686 3240 2740 κᾶν
3270 2685 3438 2756 πένης
3457 2727 3472 2750 ,
3505 2685 3611 2738 κᾶν
3634 2685 3775 2738 δου-

2174 2777 2325 2850 λεύῃ,
2354 2777 2457 2831 κᾶν
2483 2777 2731 2848 κυριεύῃ,
2764 2778 2866 2831 κᾶν
2912 2777 3246 2848 εὐπατρίδης
3264 2817 3279 2841 ,
3309 2775 3410 2830 κᾶν
3437 2776 3772 2847 ἀργυρώνη-

2177 2886 2297 2944 τος,
2359 2867 2612 2939 οὐδεμιᾶς
2668 2868 3040 2941 περιστάσεως
3061 2909 3078 2936 ,
3104 2865 3110 2872 ’
3142 2866 3266 2920 οὗτε
3320 2865 3769 2939 πλεοναζούσης,

2175 2958 2297 3012 οὔτε
2321 2958 2752 3031 ύποστελλούσης
2782 2959 2874 3014 τοῦ
2903 2959 3110 3013 δικαίου
3139 2958 3229 3012 τὸν
3265 2956 3440 3027 λόγον.
3478 2958 3540 3030 Et
3570 2958 3684 3028 γάρ
3708 2962 3771 3011 ἐν

2181 3050 2323 3121 μόνῳ
2355 3049 2432 3121 τῷ
2455 3035 2746 3124 προήκοντι
2778 3053 2895 3106 κατ’
2926 3039 3170 3116 ἐξουσίαν
3195 3047 3316 3103 τινὰ
3345 3051 3440 3107 καὶ
3470 3050 3762 3120 ὑπεροχὴν

2176 3140 2236 3194 τὸ
2256 3141 2494 3195 τοιοῦτον
2546 3127 2884 3214 εὑρίσκοιτοο
2936 3142 3053 3205 πῶς
3097 3141 3303 3204 δίκαιος
3352 3142 3381 3194 6
3428 3140 3506 3211 τῷ
3549 3125 3771 3192 πυλῶνι

2177 3231 2270 3286 τοῦ
2310 3233 2563 3286 πλουσίω
2618 3233 3064 3306 παρερῤιμμένος
3105 3231 3384 3304 Λάζαρος,
3417 3232 3445 3284 6
3488 3231 3771 3301 μηδεμίαν

501 3324 858 3396 deﬁnitioque
898 3341 1029 3381 vera
1077 3326 1407 3394 existimari,
1459 3327 1662 3396 quippe
1709 3343 1832 3382 cum
1890 3327 2073 3381 statim

2179 3324 2309 3395 ύλην
2331 3325 2464 3396 πρὸς
2488 3325 2586 3396 τὴν
2607 3324 2863 3396 τοιαύτην
2885 3323 3229 3393 δικαιοσύνην
3252 3322 3412 3393 ἔχων,
3436 3321 3536 3375 οὐκ
3562 3321 3769 3394 ἀρχὴν,

499 3415 866 3486 inaequalitate
908 3416 1032 3470 vita
1093 3417 1406 3471 communis
1473 3416 1768 3471 refellatur.
1818 3417 1948 3482 Quae
1993 3426 2078 3472 est

499 3508 666 3576 igitur
703 3509 790 3560 illa
822 3508 1060 3576 justitia,
1105 3523 1227 3576 quae
1267 3507 1334 3562 ad
1369 3522 1562 3562 omnes
1606 3509 1876 3578 pertinet?
1919 3509 2078 3578 cujus

502 3599 776 3667 appetitus
808 3599 985 3653 cuivis
1017 3598 1083 3652 ad
1121 3600 1489 3668 evangelicam
1537 3614 1779 3653 mensam
1815 3602 2078 3669 spectanti

501 3689 813 3772 cpmmunis
845 3691 1160 3759 propositus
1193 3700 1277 3745 est
1306 3709 1318 3743 :
1353 3691 1466 3745 sive
1505 3691 1628 3759 quis
1658 3690 1810 3745 dives
1839 3695 1929 3758 sit,
1965 3694 2080 3748 sive

502 3765 728 3850 pauper,
763 3781 877 3836 sive
907 3796 1122 3846 servus,
1166 3781 1282 3837 sive
1311 3781 1591 3845 dominus,
1635 3780 1749 3836 sive
1795 3783 2080 3850 patricius,

503 3872 620 3926 sive
646 3873 873 3940 pecunia
905 3879 1279 3942 comparatus,
1301 3873 1449 3926 nulla
1471 3870 1710 3935 fortuna,
1739 3873 1887 3926 nullo
1913 3882 2079 3939 statu,

505 3963 655 4016 nulla
711 3961 1045 4022 conditione,
1096 3961 1247 4014 nulla
1291 3959 1703 4015 circumstantia
1757 3976 1932 4030 neque
1980 3978 2080 4016 au-

502 4060 663 4123 gente
706 4066 881 4120 neque
905 4049 1244 4104 diminuente
1257 4048 1392 4118 justi
1429 4048 1824 4103 deﬁnitionem.
1857 4048 1992 4102 Nam
2034 4051 2080 4105 si

505 4145 557 4198 id
591 4143 646 4197 in
682 4158 748 4198 eo
785 4142 925 4206 solo,
963 4141 1056 4210 qui
1087 4149 1354 4211 potestate
1397 4141 1581 4210 aliqua
1629 4147 1790 4210 atque
1814 4141 2110 4212 dignitate_

506 4247 733 4312 ca'teros
765 4232 1042 4304 praecedit,
1090 4233 1395 4302 reperiatur
1421 4251 1435 4286 :
1467 4233 1741 4302 quomodo
1767 4233 1950 4302 justus
1975 4234 2080 4288 erit

407 4379 410 4388 ,
507 4307 599 4379 ille
643 4324 709 4378 ad
755 4324 1084 4385 vestibulum
1136 4322 1323 4378 divitis
1368 4323 1616 4393 abjectus
1667 4321 1941 4389 Lazarus,
1987 4325 2082 4393 qui

2175 3416 2274 3468 ούκ
2300 3416 2568 3481 ἐξουσίαν,
2588 3415 2687 3468 οὐκ
2710 3411 2876 3477 οἶκον,
2903 3415 2962 3467 ού
2988 3412 3287 3486 τράπεζαν,
3311 3413 3410 3466 οὐκ
3431 3411 3598 3481 ἀλλην
3618 3413 3759 3464 τινα

2179 3509 2315 3578 πρὸς
2339 3508 2429 3560 τὸν
2461 3508 2573 3578 βίον
2602 3506 2980 3578 παρασκευὴν,
3016 3507 3081 3560 δι’
3107 3501 3177 3577 ἦς
3215 3504 3325 3559 ἔστι
3360 3503 3461 3576 τήν
3486 3503 3770 3558 δικαιοσύο

2177 3614 2273 3667 νην
2297 3597 2511 3668 ἐκείνην
2540 3595 2866 3669 ἐργάξεσθαι
2890 3614 2904 3660 ;
2933 3597 2996 3650 Ei
3018 3595 3126 3666 γὰρ
3155 3596 3213 3648 ἐν
3237 3593 3314 3664 τῷ
3343 3595 3552 3665 ἄρχειν,
3577 3592 3611 3662 ἦ
3644 3592 3768 3645 δια-

2178 3689 2384 3760 νέμειν,
2417 3688 2452 3760 ἦ
2481 3707 2533 3742 τι
2565 3689 2701 3752 ὅλως
2733 3690 3033 3758 οίκονομεῖν
3061 3686 3123 3740 τὸ
3155 3685 3362 3739 δίκαιόν
3403 3687 3550 3737 ἐστιν
3581 3680 3726 3737 εἶναι
3748 3722 3765 3747 ,

2179 3783 2206 3834 6
2235 3782 2308 3852 μὴ
2339 3781 2414 3834 ὢν
2460 3783 2516 3835 ἐν
2555 3780 2812 3844 ἐκείνοις,
2843 3779 2948 3843 ἔξω
2980 3777 3072 3832 τοῦ
3106 3776 3314 3830 δικαίου
3343 3775 3560 3838 πάντως
3589 3776 3763 3829 ἐστίν.

2182 3874 2304 3936 Πῶς
2340 3867 2433 3926 οὖν
2462 3871 2704 3936 ἀξιοῦται
2743 3872 2841 3942 τῆς
2869 3869 3228 3933 ἀναπαύσεως
3255 3871 3283 3921 6
3312 3868 3476 3938 μηδὲν
3511 3866 3768 3937 ἐσχηκὼς

2177 3964 2404 4028 τούτων,
2451 3964 2517 4017 δι’
2549 3959 2687 4035 ὧνή
2727 3961 3041 4032 δικαιοσύνη
3086 3961 3227 4018 κατά
3262 3959 3351 4012 τὸν
3400 3957 3508 4011 τῶν
3550 3957 3769 4011 πολλῶν

2177 4057 2332 4125 λόγον
2362 4055 2841 4127 χαρακτηρίζεται.
2868 4053 3072 4108 Ούκοῦν
3096 4051 3331 4123 ζητητέα
3354 4051 3484 4120 ἡμῖν
3505 4051 3539 4119 ή
3559 4048 3769 4101 δικαιο-

2184 4147 2315 4219 σύνη
2364 4147 2583 4217 ἐκείνη,
2637 4141 2705 4217 ἦς
2749 4147 2777 4198 6
2834 4143 3174 4216 ἐπιθυμήσας
3216 4144 3273 4196 ἐν
3325 4140 3627 4211 ἐπαγγελίᾳ
3662 4140 3770 4210 τὴν

2185 4240 2480 4293 ἀπόλαυσιν
2505 4237 2637 4308 ἔχει.
2661 4236 2948 4305 Μακάριοι
2978 4235 3108 4307 γὰρ,
3138 4235 3322 4306 φησὶν,
3351 4236 3406 4288 οἱ
3441 4232 3766 4299 πεινῶντες

2188 4311 2303 4397 {iii-
2333 4328 2746 4394 δικαιοσύνην·
2774 4325 2860 4379 ὅτι
2886 4325 3056 4380 αὐτοὶ
3081 4323 3617 4393 χορτασθήσονται.

506 4416 713 4472 nullam
739 4415 1024 4470 materiam
1071 4414 1136 4468 ad
1171 4414 1333 4468 talem
1358 4414 1631 4484 justitiam
1680 4417 1935 4479 habebat,
2014 4434 2122 4473 non
2198 4420 2510 4492 imperium,
2540 4437 2647 4475 non
2677 4427 3021 4490 potestatem,
3051 4435 3157 4472 nou
3179 4418 3422 4482 domum,
3463 4431 3574 4471 non
3613 4431 3763 4471 meno

507 4525 646 4572 sam,

727 4523 835 4563 non
881 4507 1046 4560 alium
1079 4506 1388 4577 quempiam
1464 4507 1531 4562 ad
1584 4509 1751 4564 vitam
1809 4519 2154 4579 apparatum,
2185 4528 2290 4583 per
2323 4528 2484 4584 quem
2521 4513 2647 4566 licet
2681 4512 2826 4566 illam
2854 4510 3123 4580 justitiam
3159 4509 3224 4562 ad
3256 4521 3393 4577 opus
3421 4514 3477 4560 et
3510 4505 3767 4560 effectum

510 4605 780 4664 deducere
815 4613 979 4673 atque
1027 4605 1455 4672 repraesentare?
1516 4601 1650 4658 Nam
1699 4604 1745 4660 si
1812 4605 2155 4675 imperando,
2199 4616 2292 4663 aut
2362 4606 2770 4672 distribuendo,
2831 4613 2926 4658 aut
2984 4604 3208 4659 omnino
3268 4601 3475 4672 aliquid
3529 4600 3766 4656 admini-

510 4703 732 4756 strando
755 4701 961 4771 justum
999 4715 1120 4780 esse
1154 4698 1430 4764 consistit,
1495 4699 1586 4768 qui
1656 4700 1709 4755 in
1733 4702 1859 4770 illis
1898 4703 2216 4760 muneribus
2237 4719 2345 4758 non
2376 4713 2648 4769 versatur,
2673 4717 2867 4774 expers
2898 4700 3126 4772 justitia:
3149 4714 3378 4770 prorsus
3443 4704 3546 4752 est.
3613 4696 3765 4763 Quo-

511 4796 674 4852 modo
720 4797 886 4867 igitur
929 4797 1175 4866 requietc
1205 4795 1404 4866 dignus
1434 4794 1669 4851 habetur
1698 4797 1766 4864 is,
1802 4798 1896 4869 qui
1945 4786 2081 4853 nihil
2123 4799 2314 4854 habuit
2348 4813 2561 4863 eorum,
2596 4814 2689 4868 per
2747 4812 2868 4867 qua:
2900 4795 3107 4866 justitia
3184 4792 3341 4863 juxta
3368 4793 3512 4862 vulgi
3552 4792 3768 4862 opinio-

511 4907 632 4948 nem
671 4890 1023 4960 designatur?
1051 4890 1320 4956 Quocirca
1356 4892 1648 4959 quaerenda
1680 4893 1838 4948 nobis
1897 4901 1981 4947 est
2047 4893 2136 4948 illa
2172 4894 2411 4965 justitia,
2465 4893 2625 4962 cujus
2671 4901 2978 4962 compotem
3026 4891 3140 4946 fore
3191 4887 3430 4944 Verbum
3483 4888 3762 4957 promittit

511 4983 685 5043 illum,
726 4981 819 5052 qui
849 4995 969 5034 eam
1003 4981 1326 5050 expetiverit
1362 5000 1375 5036 :
1405 4982 1560 5036 Beati
1586 4983 1757 5054 enim,
1781 4985 1979 5055 inquit,
2017 4987 2107 5056 qui
2145 4987 2386 5040 esuriant
2414 4985 2686 5052 justitiam
2715 5001 2732 5037 :
2767 4984 3017 5054 quoniam
3049 4981 3153 5049 ipsi
3175 4979 3587 5035 saturabuntur.

582 5071 765 5128 Multis
795 5086 860 5128 ac
892 5073 1057 5127 variis
1082 5076 1247 5142 nibus
1291 5073 1452 5128 nobis
1487 5074 1554 5128 ad
1586 5089 1740 5129 usum
1770 5079 2076 5146 propositis.

2261 5078 2479 5132 Πολλῶν
2514 5078 2608 5132 καὶ
2643 5074 2997 5129 παντοδαπῶν
3042 5072 3415 5143 προκειμένων
3449 5072 3528 5132 εἰς
3577 5085 3766 5138 μετου-

515 5167 717 5237 quibus
767 5166 1028 5231 allicitur,
1086 5181 1316 5236 qumque
1367 5167 1573 5245 appetit
1631 5176 1858 5234 natura,
1918 5171 2087 5224 multa

517 5256 675 5311 nobis
713 5271 852 5326 opus
884 5262 968 5310 est
994 5256 1244 5319 scientia,
1279 5266 1337 5310 ut
1370 5258 1529 5312 nobis
1559 5259 1612 5312 in
1637 5258 1904 5328 ejusmodi
1930 5275 2089 5316 escu-

517 5347 681 5402 lentis
713 5346 1114 5410 discernamus,
1150 5345 1295 5416 quod
1327 5349 1556 5414 nutriat,
1588 5349 1732 5418 quod
1758 5360 1983 5414 .noceat,
2020 5368 2090 5408 ne

517 5440 591 5502 id,
633 5439 779 5508 Quod
839 5440 1160 5494 nulrimenti
1213 5440 1334 5494 loco
1386 5440 1489 5495 sibi
1539 5441 1608 5496 ab
1655 5442 1835 5496 anima
1883 5445 2092 5500 assumi

519 5530 753 5594 videtur,
795 5546 894 5601 pro
921 5532 1031 5585 vita
1081 5541 1312 5586 mortem
1351 5532 1509 5588 nobis
1536 5538 1590 5587 et
1639 5541 1844 5602 pestem
1875 5534 2092 5591 eﬂiciat.

519 5619 769 5676 Forsitan
823 5630 1004 5677 autem
1057 5639 1167 5678 non
1215 5625 1655 5696 intempestivum
1703 5641 1804 5681 nec
1855 5628 2093 5683 alienum

518 5709 700 5776 fuerit,
743 5728 837 5782 per
879 5715 1039 5767 aliam
1087 5715 1379 5784 quamdam
1429 5715 1792 5785 evangelicum
1842 5717 2098 5787 quastio-

520 5819 644 5858 ncm
708 5804 872 5873 hujus
931 5805 1063 5860 dicti
1143 5807 1466 5862 sententiam
1521 5807 1858 5877 distinguere
1935 5819 2096 5876 atque

525 5894 837 5959 explanare.
886 5894 988 5962 Qui
1038 5913 1133 5963 per
1185 5901 1364 5952 omnia
1413 5915 1752 5955 communem
1809 5900 2092 5956 nobiscum

2190 5171 2333 5234 σίαν,
2364 5171 2448 5239 ἐφ’
2479 5171 2514 5222 ἂ
2533 5171 2567 5240 ὴ
2605 5167 2918 5238 ἀνθρωπίνη
2949 5163 3107 5234 φύσις
3138 5163 3234 5233 τὴν
3264 5161 3555 5232 ὀρεκτικὴν
3593 5161 3764 5231 ὁρμὴν

2188 5263 2322 5333 ἔχει,
2367 5260 2566 5329 πολλῆς
2606 5261 2738 5329 ἡμῖν
2767 5258 2922 5327 χρεία
2953 5256 3049 5326 τῆς
3080 5253 3389 5323 ἐπιστήμης
3413 5289 3428 5314 ,
3463 5249 3610 5303 ὥστε
3636 5252 3763 5319 ἡμῖν

2187 5353 2477 5423 διακρίνειν
2505 5352 2563 5402 ἐν
2594 5352 2707 5412 τοῖς
2731 5347 2988 5410 τοιούτοις
3014 5343 3292 5414 ἐδωδίμοις
3316 5342 3378 5395 τὸ
3403 5341 3673 5412 τρόφιμόν
3706 5357 3759 5391 τε

2191 5444 2285 5498 καὶ
2311 5442 2662 5513 δηλητήριον,
2707 5439 2782 5501 ὡς
2805 5437 2871 5491 ἂν
2911 5437 2985 5508 μὴ
3014 5435 3074 5488 τὸ
3106 5433 3294 5488 δοκοῦν
3327 5432 3433 5484 ὑπὸ
3465 5433 3562 5500 τῆς
3589 5431 3760 5500 ψυχῆς

2192 5535 2249 5589 ἐν
2295 5536 2500 5605 τροφῆς
2554 5532 2708 5603 μέρει
2755 5525 3317 5603 παραλαμϐάνεσθαι,
3359 5524 3589 5578 θάνατον
3635 5523 3760 5590 ἡμῖν

2194 5626 2286 5679 καὶ
2313 5623 2606 5697 διαφθορὰν
2626 5622 2746 5676 ἀντὶ
2768 5621 2867 5691 τῆς
2893 5620 3037 5690 ζωῆς
3065 5618 3427 5688 ἐνεργήσειεν.
3463 5613 3577 5665 υύκ
3605 5611 3759 5665 ἄκαι-

2196 5733 2288 5786 ρον
2317 5716 2374 5769 δὲ
2409 5717 2536 5780 ἴσως
2557 5755 2572 5780 ,
2601 5714 2689 5768 διά
2716 5730 2860 5776 τινος
2901 5710 3087 5781 ἐτέρου
3121 5708 3228 5761 τῶν
3253 5705 3394 5759 κατά
3423 5703 3485 5756 τὸ
3515 5700 3756 5769 Εὐαγγὲο

2193 5807 2304 5861 λιον
2355 5806 2716 5878 ζητουμένων,
2750 5805 2847 5876 τὴν
2883 5801 3010 5872 περὶ
3047 5799 3237 5853 τούτου
3267 5794 3599 5866 διαρθρῶσαι
3647 5792 3755 5843 διὰ-

2195 5915 2364 5953 νοιαν.
2409 5897 2466 5951 ’0
2502 5897 2641 5952 κατά
2673 5897 2849 5950 πάντα
2883 5892 3212 5961 κοινωνήσας
3241 5889 3368 5959 ἡμῖν
3398 5886 3562 5958 χωρὶς
3587 5887 3752 5954 ἀμαρ-
