4004 6526
229 415 374 471 ιεπτ

1290 424 1378 480 DE
1409 426 2011 489 BEATITUDINIBUS.
2051 433 2308 490 ORATIO
2342 435 2428 491 IV.

3361 450 3382 498 l
3395 448 3497 501 258

224 534 373 630 τίεις,
406 535 500 589 καὶ⁵
532 537 934 609 συμμετασχὼν
954 540 1088 610 ἡμῖν
1115 541 1226 596 τῶν
1250 544 1433 600 αὐτῶν
1456 549 1799 621 παθημάτων

1927 561 2179 608 naturam
2222 555 2412 610 habuit
2444 564 2671 627 excepto
2704 566 2949 627 peccato,
2988 566 3149 630 atque
3177 562 3496 618 eorumdem

224 626 329 698 τὴν
361 629 553 682 πεῖναν
582 629 682 682 οὐκ
708 629 919 700 ἔκρινεν
947 632 1242 701 ἁμαρτίαν,
1268 636 1391 689 οὐδὲ
1433 638 1691 696 ἀπώσατο
1715 645 1812 713 τῆς

228 716 427 771 ἑαυτοῦ
455 718 649 787 πείρας
678 719 738 772 τὸ
761 723 882 773 κατ’
910 722 1079 793 αὐτὴν
1098 723 1291 791 πάθος,
1324 728 1439 780 ἀλλ’
1468 729 1684 794 ἐδέξατο
1712 734 1811 803 τὴν

225 808 524 879 όρεκτικὴν
552 810 727 881 ὁρμὴν
752 810 854 881 τῆς
892 812 1109 882 φύσεως
1135 816 1237 886 τὴν
1284 818 1380 872 ἐπὶ
1417 823 1476 891 τῇ
1512 826 1684 893 τροφῇ
1721 841 1809 892 γι-

226 900 488 970 νομένην.
534 901 815 965 Ἀπόσιτος
848 903 957 973 γὰρ
983 907 1392 978 τεσσαράκοντα
1441 912 1663 983 ἡμερῶν
1693 914 1811 967 δια-

232 991 445 1061 μείνας,
480 990 703 1063 ὕστερον
732 993 1017 1050 ἐπείνασεν
1038 1013 1051 1026 ·
1092 997 1261 1051 ἔδωκε
1291 1000 1399 1072 γάρ
1443 1002 1531 1055 ὅτε
1561 1003 1811 1059 ἐϐούλετο

227 1084 297 1153 τῇ
332 1083 491 1151 φύσει
520 1084 712 1154 καιρὸν
746 1084 816 1138 τὰ
858 1087 1057 1157 ἑαυτῆς
1103 1088 1416 1161 ἐνεργῆσαι.
1473 1093 1611 1146 Ἀλλ’
1644 1096 1672 1147 δ
1703 1095 1812 1151 τῶν

230 1174 557 1245 πειρασμῶν
586 1175 815 1247 εὑρετὴς
838 1214 853 1240 ,
880 1178 969 1230 ὅτε
992 1176 1133 1248 ἔγνω
1164 1179 1225 1233 τὸ
1259 1182 1401 1259 κατά
1423 1185 1611 1238 πεῖναν
1641 1186 1812 1250 πάθος

228 1266 328 1317 καὶ
360 1267 417 1319 ἐν
462 1266 657 1337 ἐκείνῳ
697 1268 984 1339 γενόμενον
1007 1309 1022 1333 ,
1081 1272 1465 1328 συνεϐούλευσε
1508 1276 1676 1341 λίθοις
1714 1278 1811 1348 τὴν

226 1357 410 1425 ὄρεξιν
455 1356 845 1422 δεξιώσασθαι’
878 1362 1036 1416 τοῦτο
1071 1365 1129 1418 δέ
1158 1367 1312 1433 ἐστι,
1362 1367 1424 1420 τὸ
1468 1370 1812 1440 παρατρέψαι

226 1447 331 1517 τὴν
355 1446 650 1518 ἐπιθυμίαν
680 1450 744 1502 ἐκ
772 1451 869 1521 τῆς
900 1452 1041 1507 κατά
1071 1453 1233 1523 φύσιν
1260 1457 1465 1527 τροφῆς
1494 1459 1587 1511 ἐπὶ
1614 1459 1683 1511 τὰ
1706 1458 1812 1525 ἔξω

227 1539 330 1608 τῆς
358 1538 593 1606 φύσεως.
631 1540 779 1594 Εἰπὲ
821 1541 949 1613 γάρ,
982 1545 1166 1614 φησὶν,
1206 1546 1309 1600 ἵνα
1352 1549 1407 1600 οἱ
1451 1548 1606 1601 λίθοι
1650 1544 1813 1604 οὗτοι

226 1631 398 1698 ἄρτοι
428 1630 730 1700 γένωνται.
772 1633 837 1685 Τί
866 1634 974 1705 γὰρ
999 1635 1310 1707 ἠδίκησενή
1341 1639 1618 1709 γεωργία;
1657 1641 1812 1704 Τίνος

225 1720 286 1774 δὲ
314 1721 476 1792 χάριν
504 1721 798 1794 ἐϐδελύχθη
830 1724 901 1777 τά
942 1726 1231 1797 σπέρματα
1253 1769 1267 1792 ,
1309 1729 1385 1793 ὼς
1409 1732 1510 1799 τὴν
1551 1731 1661 1785 ἀπὸ
1686 1732 1812 1785 τού-

227 1827 338 1862 των
370 1811 739 1882 ἀτιμασθῆναι
768 1816 1010 1885 τροφήν;
1046 1817 1110 1870 Τί
1152 1818 1207 1871 δὲ
1260 1821 1728 1889 καταγινώσκεται
1775 1826 1809 1895 ἡ

1912 646 2198 701 nobiscum
2259 647 2571 711 ati’ectuum,
2623 650 3092 706 incommodorum
3134 660 3188 706 et
3244 652 3497 709 atilictio-

1912 750 2040 789 num
2080 736 2352 806 particeps
2385 736 2507 799 luit,
2539 735 2736 791 famem
2779 753 2886 792 non
2910 739 3177 808 judicavit
3206 754 3329 795 esse
3369 754 3495 809 pec-

1912 836 2123 891 catum,
2172 842 2350 897 neque
2401 827 2522 897 ejus
2572 828 2902 883 incommodi
2957 830 3258 898 periculum
3314 830 3494 884 facere

1912 919 2204 982 recusavit,
2243 916 2338 972 sed
2383 916 2635 972 affectum
2677 927 2907 981 naturae,
2939 933 3047 988 quo
3076 918 3235 973 cibus
3276 920 3491 988 appetii-

1911 1015 2019 1069 tur,
2074 1008 2293 1062 admisit
2344 1016 2510 1077 atque
2559 1009 2819 1077 suscepit.
2862 1008 3001 1063 Cum
3050 1009 3197 1064 enim
3250 1009 3490 1079 quadra-

1910 1099 2062 1170 ginta
2120 1098 2240 1153 dies
2291 1098 2515 1167 jejunus
2560 1099 2976 1167 permansisset,
3009 1106 3199 1168 postea
3248 1100 3487 1155 esuriit:

1911 1188 2061 1242 dedit
2110 1190 2278 1253 enim,
2330 1188 2550 1257 quando
2604 1187 2838 1253 volebat,
2890 1189 3238 1244 occasionem
3280 1197 3490 1243 natura:

1910 1277 2087 1333 oiiicio
2144 1293 2245 1332 suo
2300 1276 2580 1344 fungendi.
2636 1274 2744 1330 Sed
2792 1277 3158 1332 tentationum
3215 1277 3488 1341 inventor,

1909 1383 2035 1421 cum
2064 1366 2330 1422 intellexit
2356 1365 2609 1419 affectum
2641 1363 2803 1419 famis
2823 1364 2987 1420 etiam
3020 1365 3174 1419 illum
3199 1365 3486 1427 invasisse,

1910 1458 2208 1521 consuluit,
2257 1464 2315 1510 ut
2359 1456 2635 1525 lapidibus
2691 1455 2970 1525 exciperet
3010 1455 3352 1524 appetitum:
3385 1455 3490 1509 hoc

1911 1560 2090 1604 autem
2147 1556 2231 1603 est
2274 1554 2587 1617 pervertere
2640 1561 2705 1602 ac
2739 1547 3067 1616 detorquere
3117 1547 3413 1616 appetitum
3459 1562 3488 1599 a

1910 1637 2147 1692 naturali
2184 1637 2306 1692 cibo
2341 1636 2408 1689 ad
2430 1651 2517 1700 ea,
2549 1650 2672 1706 quae
2710 1651 2740 1690 a
2778 1644 2976 1690 natura
3008 1636 3184 1689 aliena
3215 1645 3364 1691 sunt.
3393 1634 3493 1689 Dic

1908 1728 2075 1793 enim,
2111 1727 2325 1797 inquit,
2363 1735 2421 1779 ut
2463 1724 2665 1794 lapides
2698 1725 2751 1779 hi
2784 1741 2944 1793 panes
2972 1725 3127 1794 ﬁant.
3161 1724 3304 1791 Quid
3345 1725 3490 1780 enim

1910 1816 2158 1887 peccavit
2204 1816 2576 1886 agricultura?
2605 1816 2765 1885 cujus
2814 1815 2893 1869 rei
2943 1815 3117 1885 gratia
3158 1823 3493 1884 respuuntur

225 1899 324 1951 τοῦ
340 1902 684 1973 Δημιουργοῦ
724 1903 904 1971 σοφία,
928 1905 1003 1969 ὡς
1034 1907 1092 1959 ού
1124 1908 1352 1973 δεόντως
1384 1911 1473 1966 διὰ
1502 1913 1610 1967 τῶν
1640 1891 1804 1988 σπερέ

1912 1906 2142 1969 semina,
2177 1913 2237 1959 ut
2273 1905 2432 1960 cibus
2461 1921 2526 1958 ex
2560 1905 2628 1960 iis
2674 1903 2957 1959 confectus
2986 1903 3355 1974 reprobetur?
3392 1918 3493 1958 cur

231 1990 421 2060 μάτων
460 1991 522 2044 τὸ
551 1992 891 2063 ἀνθρώπινον
932 1996 1239 2067 τρέφουσας
1274 2000 1338 2053 El
1372 2002 1481 2073 γὰρ
1508 2004 1537 2055 ό
1561 2002 1705 2068 λίθος
1730 2006 1810 2070 είς

226 2078 433 2150 τροφὴν
463 2080 792 2152 οἰκειότερος
815 2081 910 2135 νῦν
943 2085 1298 2154 ἀναφαίνεται
1324 2104 1340 2121 ο
1370 2089 1478 2161 ἄρα
1511 2094 1610 2162 τῆς
1654 2095 1809 2149 δεού-

229 2188 332 2239 σης
363 2170 493 2242 περὶ
535 2172 632 2244 τὴν
679 2172 1024 2245 ἀνθρωπίνην
1062 2174 1207 2248 ζωὴν
1255 2182 1596 2253 προμηθείας
1633 2187 1666 2255 ή
1713 2187 1808 2240 τοῦ

225 2265 365 2319 ε’εοῦ
390 2265 551 2334 σοφία
574 2266 891 2338 διήμαρτεν.
914 2270 1061 2323 Εἰπὲ
1083 2272 1176 2325 ἵνα
1201 2276 1255 2326 oi
1277 2275 1435 2330 λίθοι
1459 2273 1623 2332 οὗτοι
1644 2278 1809 2347 ἄρτοι

226 2355 534 2425 γένωνται.
565 2357 748 2411 Ταῦτα
780 2359 927 2427 λέγει
962 2361 1125 2432 μέχρι
1155 2363 1246 2417 τοῦ
1271 2365 1366 2419 νῦν
1414 2368 1523 2430 τοῖς
1557 2369 1661 2422 ὑπὸ
1706 2370 1808 2440 τῆς

229 2449 368 2511 ίδίας
415 2449 830 2522 πειραζομένοις
862 2454 1096 2525 ὀρέξεως
1115 2496 1129 2520 ,
1161 2456 1255 2509 καὶ
1289 2457 1461 2526 λέγων
1482 2497 1496 2523 ,
1523 2459 1599 2523 ὡς
1628 2461 1809 2515 ἐπιτο-

226 2541 365 2594 πολῦ
394 2543 571 2603 πείθει
604 2546 695 2597 ἐπὶ
722 2545 1298 2603 λίθων-σιτοποιεῖσθαι
1322 2552 1448 2616 τοὺς
1478 2554 1616 2623 πρὸς
1643 2553 1806 2608 αὐτὸν

226 2631 541 2702 βλέποντας.
568 2636 735 2689 Ὅταν
757 2636 865 2707 γὰρ
879 2637 1106 2713 ἐκϐαίνῃ
1132 2642 1257 2704 τοὺς
1282 2642 1614 2711 ἀναγκαίους
1646 2645 1806 2715 ὄρους

224 2725 325 2797 τῆς
348 2727 536 2797 χρείας
578 2730 610 2798 ἠ
645 2726 841 2800 ὄρεξις,
877 2732 930 2783 τί
965 2730 1093 2785 ἄλλο
1133 2734 1228 2786 καὶ
1253 2734 1375 2803 οὐχὶ
1413 2735 1659 2789 διαϐόλου
1686 2738 1805 2790 ἐστὶ

227 2818 535 2889 συμϐουλὴ,
568 2820 662 2873 τοῦ
695 2820 817 2873 τότε
855 2822 951 2893 τὴν
987 2825 1051 2876 ἐκ
1083 2825 1412 2896 σπερμάτων
1447 2844 1805 2898 παραγραφο-

228 2910 391 2980 μένου
431 2910 654 2981 τροφὴν,
687 2912 781 2964 καὶ
810 2913 902 2967 ἐπὶ¹
943 2915 1011 2968 τά
1055 2914 1160 2979 ἔξω
1186 2916 1287 2986 τῆς
1325 2916 1543 2986 φύσεως
1593 2935 1804 2989 προκα-

222 3002 487 3072 λουμένου
516 3003 616 3073 τὴν
633 3002 812 3073 ὄρεξιν
836 3021 850 3069 ;
889 3005 984 3059 Ἐκ
1013 3005 1176 3061 λίθων
1199 3008 1488 3073 ἐσθίουσιν,
1515 3010 1562 3061 οί
1587 3008 1676 3062 τὸν
1704 3010 1806 3081 τῆς

225 3094 541 3158 πλεονεξίας
571 3095 734 3166 ἀρτον
765 3098 1183 3168 παρατιθέμενοι
1211 3114 1225 3128 ⁸
1258 3099 1309 3151 οἱ
1337 3099 1437 3163 τάς
1464 3100 1803 3154 πολυταλάν-

1911 1998 2160 2070 arguitur
2198 1997 2465 2068 sapientia
2517 1997 2818 2059 Creatoris,
2872 1997 3028 2067 quasi
3064 2010 3174 2050 non
3214 2002 3363 2050 recte
3394 2010 3492 2063 per

1912 2092 2122 2145 semina
2148 2104 2322 2160 genus
2356 2088 2654 2142 humanum
2696 2087 2844 2141 alat?
2883 2100 3008 2140 nam
3055 2086 3100 2141 si
3136 2086 3278 2155 lapis
3316 2085 3384 2139 ad
3402 2086 3490 2139 ci-

1910 2181 2039 2235 bum
2072 2179 2250 2250 aptior
2293 2188 2456 2248 atque
2486 2178 2824 2233 commodior
2856 2192 3001 2231 nunc
3036 2186 3283 2246 apparet,
3326 2176 3491 2229 nimi-

1908 2286 2028 2325 rum
2056 2270 2302 2341 adebita
2334 2269 2675 2339 providentia
2699 2268 2843 2322 circa
2871 2268 3035 2321 vitam
3066 2268 3361 2321 humanam
3396 2264 3487 2321 Dei

1908 2360 2177 2431 sapientia
2225 2360 2518 2415 aberravit.
2560 2358 2658 2411 Dic
2696 2366 2754 2411 ut
2785 2357 2985 2425 lapides
3015 2357 3105 2410 isti
3135 2372 3295 2426 panes
3330 2355 3487 2424 ﬁant.

1907 2452 2033 2508 Haec
2068 2453 2233 2508 etiam
2284 2468 2430 2507 nunc
2475 2452 2608 2506 dicit
2651 2452 2718 2507 iis
2762 2451 2853 2521 qui
2900 2467 2931 2505 a
2975 2451 3200 2521 proprio
3245 2451 3488 2522 appetitu

1905 2551 2209 2610 tentantur,
2239 2557 2303 2597 ac
2336 2542 2569 2597 dicendo
2591 2543 2928 2612 plerumque,
2960 2556 3076 2606 eos,
3101 2542 3194 2611 qui
3218 2541 3284 2594 ad
3310 2541 3489 2611 ipsum

1907 2642 2173 2705 spectant,
2205 2634 2433 2703 impellit
2486 2640 2543 2686 ut
2576 2649 2607 2687 e
2648 2632 2923 2703 lapidibus
2970 2648 3139 2703 panes
3168 2630 3487 2687 conﬁciant.

1905 2724 2039 2779 Cum
2071 2724 2214 2778 enim
2250 2724 2526 2792 appetitus
2569 2722 2864 2777 necessarii
2902 2737 3035 2777 usus
3073 2720 3209 2789 ﬁnes
3242 2720 3484 2783 excedit,

1905 2816 2035 2886 quid
2065 2816 2118 2870 id
2151 2815 2297 2870 aliud
2333 2815 2435 2869 nisi
2465 2814 2668 2869 diaboli
2720 2822 2853 2867 tunc
2886 2812 3275 2867 calumniantis
3303 2819 3359 2865 et
3400 2826 3489 2866 re-

1900 2906 2143 2976 jicientis
2177 2920 2244 2960 ex
2285 2904 2586 2960 seminibus
2617 2902 2925 2959 confectum
2952 2903 3159 2968 cibum,
3197 2910 3253 2959 et
3286 2903 3352 2958 ad
3388 2918 3477 2965 ea.

1905 3017 2027 3072 quae
2062 3016 2093 3054 a
2123 3010 2317 3054 natura
2367 2998 2545 3053 aliena
2595 3006 2745 3063 sunt,
2780 2996 3076 3067 appetitum
3111 2994 3485 3066 provocantis,

1904 3096 2195 3151 consilium
2256 3094 2373 3149 est?
2434 3091 2511 3147 De
2568 3092 2841 3162 lapidibus
2903 3091 3231 3155 comedunt,
3285 3089 3487 3160 quibus

222 3203 351 3248 τους
382 3185 473 3239 καὶ
496 3186 930 3283 φλεγμαινούσας
951 3190 1229 3259 τραπέζας
1257 3191 1469 3255 ἑαυτοῖς
1500 3191 1558 3258 ἐξ
1580 3190 1803 3245 ἀδικιῶν

1910 3187 2116 3243 fraudis
2149 3196 2205 3241 et
2233 3184 2476 3239 avaritiae
2505 3183 2661 3252 panis
2694 3181 2989 3251 apponitur
3019 3200 3032 3235 :
3064 3181 3159 3251 qui
3199 3187 3487 3249 sumptuo-

224 3276 604 3347 ἐτοιμάζοντες
621 3292 635 3306 °
662 3272 736 3331 ὧν
763 3280 795 3349 ὴ
827 3280 1149 3351 παρασκευὴ
1190 3280 1297 3334 τῶν
1324 3282 1574 3348 δείπνων,
1612 3287 1801 3357 πομπή

222 3369 308 3432 τίς
366 3370 482 3421 ἐστι
535 3371 965 3441 μεμηχανημένη
1017 3370 1155 3442 πρὸς
1202 3368 1481 3443 ἔκπληξιν,
1538 3373 1642 3439 ἔξω
1691 3376 1801 3429 τῶν

226 3457 537 3526 ἀναγκαίων
582 3461 649 3529 τῇ
684 3456 795 3529 ζωῇ
848 3460 1295 3531 παραπίπτουσα.
1355 3463 1420 3515 Τί
1464 3464 1572 3535 γάρ
1620 3465 1797 3519 κοινὸν

223 3549 341 3620 ἔχει
370 3551 507 3620 πρὸς
536 3549 634 3621 τὴν
662 3550 759 3620 τῆς
788 3551 1002 3620 φύσεως
1036 3552 1278 3623 χρείανή
1306 3554 1551 3626 ἄϐρωτος
1582 3556 1683 3629 ὕλη
1708 3558 1800 3611 τοῦ

224 3642 494 3713 ἀργύρου,
530 3643 588 3697 ἐν
614 3642 771 3714 βαρεῖ
789 3661 849 3697 τε
888 3644 980 3697 καὶ
1008 3644 1401 3716 δυσϐαστάκτῳ
1435 3647 1800 3719 προτιθεμένη

222 3736 304 3803 τῷ
333 3733 584 3807 σταθμῷς
619 3736 685 3788 Τί
713 3737 913 3789 ἐστιτὸ
939 3737 1040 3807 τῆς
1066 3738 1258 3809 πείνης
1298 3738 1467 3803 πάθος
1494 3756 1508 3805 ;
1539 3742 1673 3811 Οὐχὶ
1706 3740 1802 3794 τοῦ

224 3824 494 3889 ἐνδέοντος
519 3826 703 3895 ἔφεσις
722 3842 737 3890 ;
756 3827 1216 3898 Διαπνευσθείσης
1244 3829 1351 3899 γὰρ
1372 3829 1473 3898 τῆς
1499 3830 1800 3901 δυνάμεως,

224 3914 389 3969 πάλιν
438 3914 843 3985 ἀναπληροῦται
863 3916 925 3968 τὸ
956 3916 1139 3971 λεῖπον
1182 3920 1248 3988 τῇ
1281 3918 1598 3989 καταλλήλῳ
1627 3938 1797 3991 προσ-

225 4004 391 4077 θήκῃ.
430 4005 625 4075 Ἀρτος
652 4003 760 4075 γάρ
811 4006 981 4069 ἐστιν,
1025 4006 1057 4075 ἢ
1093 4006 1221 4058 ἄλλο
1266 4024 1318 4059 τι
1361 4006 1468 4059 τῶν
1500 4008 1798 4079 ἐδωδίμων,

223 4085 285 4143 οὕ
318 4092 350 4158 ἡ
382 4088 545 4157 φύσις
580 4091 811 4159 ἐφίεται.
859 4091 921 4143 Ei
953 4087 1044 4144 οὖν
1072 4110 1156 4157 τις
1187 4096 1528 4164 προσαγάγοι
1574 4098 1802 4167 χρυσίον

224 4182 348 4234 ἀντὶ
369 4180 537 4252 ἄρτου
565 4180 644 4252 τῷ
675 4181 932 4251 στόματι,
960 4178 1068 4252 ἆρα
1103 4183 1397 4254 θεραπεύει
1424 4186 1524 4258 τὴν
1551 4187 1757 4243 ἔνδειαν
1783 4208 1797 4257 ;

226 4277 395 4328 Ὅταν
427 4270 519 4328 οὖν
551 4274 651 4337 τὰς
684 4274 960 4347 ἀϐρώτους
986 4292 1069 4339 τις
1102 4275 1235 4340 ὕλας
1260 4278 1366 4348 πρὸ
1393 4278 1501 4333 τῶν
1530 4281 1803 4352 ἐδωδίμων

223 4364 458 4435 ἐπιζητῇ
476 4403 491 4426 ,
526 4365 583 4416 ἐν
610 4364 777 4428 λίθοις
805 4366 1062 4436 ἄντικρυς
1087 4366 1198 4437 ἔχει
1231 4368 1328 4439 τὴν
1365 4370 1642 4440 ἀσχολίαν,
1675 4372 1803 4427 ἄλλο

226 4454 496 4526 ζητούσης
524 4454 621 4523 τῆς
644 4454 875 4522 φύσεως,
907 4457 962 4508 ἐν
991 4457 1134 4527 ἄλλῳ
1163 4459 1607 4531 καταγινόμενος.
1640 4463 1802 4532 Λέγει

1908 3294 1999 3335 sas
2036 3287 2091 3334 et
2129 3276 2518 3339 redundantes,
2554 3282 2609 3329 et
2659 3273 2883 3343 opipare
2926 3279 3167 3328 structas
3203 3277 3258 3326 et
3293 3285 3488 3325 eumn-

1908 3373 2046 3426 latas
2075 3384 2293 3425 mensas
2340 3384 2407 3422 ex
2440 3367 2641 3436 injuste
2677 3363 2850 3435 partis
2883 3363 3045 3419 bonis
3089 3362 3196 3417 sibi
3242 3370 3439 3433 parant
3468 3381 3481 3416 :

1906 3475 2139 3532 quorum
2170 3466 2467 3530 apparatus
2502 3469 2805 3517 coenarum,
2849 3469 3047 3525 pompa
3091 3454 3362 3523 quedam,
3395 3452 3481 3507 fa-

1905 3562 2025 3609 stus
2053 3560 2107 3608 et
2137 3549 2433 3607 ostentatio
2462 3555 2546 3603 est
2577 3546 2642 3600 ad
2673 3552 2947 3609 stuporem
2980 3553 3036 3601 et
3059 3544 3478 3601 admirationem

1902 3645 2047 3715 vulgi
2093 3640 2544 3699 commovendam
2584 3637 2913 3707 excogitata,
2958 3652 3080 3705 quae
3113 3636 3238 3691 vita:
3289 3649 3482 3691 neces-

1905 3738 2107 3794 sarium
2142 3750 2300 3791 usum
2352 3731 2754 3803 praeterlabitur
2787 3737 2841 3782 et
2888 3728 3121 3783 excedit.
3153 3727 3293 3792 Quid
3336 3726 3482 3781 enim

1903 3842 2193 3884 commune
2249 3825 2577 3880 habetcum
2634 3839 2736 3879 usu
2784 3829 2996 3876 natura:
3039 3820 3370 3881 necessario,
3426 3818 3482 3873 in

1905 3920 2055 3992 gravi
2097 3918 2302 3990 pariter
2333 3924 2387 3971 et
2419 3929 2659 3974 oneroso
2699 3911 2937 3982 pondere
2983 3912 3191 3982 argenti
3228 3910 3479 3979 exposita

1903 4012 2154 4075 materia,
2192 4024 2313 4081 quae
2340 4008 2463 4064 esdi
2492 4016 2617 4078 apta
2659 4022 2769 4061 non
2808 4005 2932 4059 est?
2968 4003 3106 4070 Quid
3139 4011 3223 4058 est
3254 4001 3481 4058 aﬂ‘ectus

1905 4102 2104 4157 famis?
2149 4114 2329 4155 nonne
2384 4098 2715 4153 desiderium
2779 4094 2931 4165 ejus,
2977 4108 3087 4163 quo
3135 4108 3325 4147 carere
3370 4107 3480 4147 non

1903 4193 2237 4265 possumus?
2270 4191 2406 4246 Cum
2448 4190 2591 4245 enim
2638 4203 2733 4257 per
2759 4190 2922 4247 ﬂatus
2964 4196 3019 4244 et
3065 4188 3480 4256 evaporationes

1902 4285 2183 4343 evanuerit
2213 4294 2267 4339 et
2293 4282 2561 4338 elliuxerit
2602 4282 3022 4346 nutrimentum,
3063 4294 3171 4349 quo
3213 4278 3358 4333 vires
3391 4293 3481 4333 re-

1904 4374 2062 4430 fectae
2094 4373 2317 4439 iuerint,
2351 4387 2546 4429 rursus
2580 4372 2889 4442 adjectione
2921 4370 3269 4426 convenienti
3302 4368 3478 4438 reple-

1903 4473 1992 4520 tur
2040 4465 2094 4519 id
2151 4466 2296 4534 quod
2349 4464 2522 4520 deest.
2565 4463 2731 4521 Panis
2780 4472 2865 4522 est
2910 4464 3078 4526 enim,
3133 4470 3228 4517 aut
3272 4461 3479 4530 aliquid

226 4548 260 4615 ὴ
304 4544 484 4614 φύσις,
510 4545 596 4598 διὰ
624 4544 717 4597 τοῦ
748 4545 887 4598 κατὰ
916 4546 1013 4617 τὴν
1052 4550 1243 4603 πεῖναν
1271 4548 1480 4614 πάθους
1515 4555 1800 4624 μονονουχὶ

1906 4555 2051 4611 aliud
2097 4556 2215 4611 esui
2270 4562 2479 4627 aptum,
2514 4556 2662 4627 quod
2714 4564 2910 4611 natura
2957 4554 3184 4625 appetit.
3241 4551 3299 4607 Si
3349 4553 3475 4624 quis
3527 4572 3532 4577 δ

226 4634 411 4704 φωνὴν
435 4635 677 4703 ἀφιεῖσα,
706 4634 767 4687 τὸ
784 4636 841 4688 ἐν
869 4637 1027 4707 χρείᾳ
1049 4636 1144 4694 νῦν
1171 4634 1306 4692 εἶναι
1335 4639 1607 4710 βρώσεως
1631 4643 1719 4697 διά
1745 4644 1806 4697 τὸ

226 4726 338 4777 δεῖν
358 4725 772 4794 ἀντεισαγαγεῖν
802 4727 963 4781 πάλιν
996 4728 1074 4799 τῷ
1106 4729 1319 4801 σώματι
1348 4732 1411 4785 τὸ
1449 4732 1805 4790 διαπνευσθέν

225 4816 328 4887 τῆς
366 4816 679 4887 δυνάμεως’
718 4820 782 4871 σὺ
820 4819 878 4872 δὲ
920 4821 1019 4874 οὐκ
1052 4821 1270 4886 ἀκούεις
1306 4823 1407 4894 τῆς
1456 4825 1708 4894 φύσεως’
1741 4829 1802 4882 οὐ

225 4905 337 4977 γάρ
375 4906 403 4959 ὃ
436 4907 589 4977 ζητεί
624 4908 808 4971 δίδως·
846 4910 961 4963 ἀλλ’
996 4910 1143 4976 ὅπως
1190 4914 1256 4967 ἂν
1298 4916 1431 4969 πολύ
1472 4933 1555 4971 σοι
1596 4918 1805 4987 γένοιτο

225 4995 322 5051 τοῦ
353 4997 595 5068 ἀργύρου
620 4998 680 5051 τὸ
708 4999 869 5069 ἄχθος
900 5002 991 5054 ἐπ)⁵
1020 5004 1119 5072 τῆς
1150 5007 1434 5076 τραπέζης
1463 5008 1799 5079 φροντίζεις,

226 5091 323 5141 καὶ
370 5090 497 5153 τοὺς
542 5091 846 5160 χαλκευτάς
890 5095 988 5164 τῆς
1028 5096 1163 5167 ὕλης
1210 5099 1533 5171 ἀναζητεῖς·
1572 5103 1665 5155 καὶ
1703 5104 1803 5175 τὴν

228 5182 469 5251 ἱστορίαν
508 5183 616 5234 τῶν
642 5183 1063 5254 ἐγγλυφομένων
1091 5191 1212 5252 ταῖς
1244 5188 1398 5254 ὕλαις
1433 5190 1666 5245 εἰδώλων
1701 5210 1803 5246 πε-

229 5272 517 5343 ριεργάζῃ,
556 5275 703 5339 ὅπως
730 5274 796 5328 ἂν
840 5275 905 5329 δι’
950 5278 1235 5349 ἀκριϐείας
1278 5284 1392 5345 τοῖς
1424 5282 1707 5353 γλύμμασι
1736 5285 1805 5339 τά

227 5362 376 5433 πάθη
405 5381 464 5416 τε
491 5366 585 5417 καὶ
612 5366 680 5419 τά
713 5366 817 5438 ἢθη
844 5367 931 5421 διὰ
962 5370 1060 5440 τῆς
1094 5370 1291 5443 τέχνης
1322 5374 1651 5445 είσενεχθείη
1678 5391 1692 5407 ο
1725 5376 1801 5439 ὠς

225 5454 522 5523 ἐπιγνῶναι
552 5472 612 5508 τε
653 5458 743 5511 τὸν
792 5457 963 5529 θυμὸν
997 5459 1087 5514 τοῦ
1118 5462 1333 5516 ὁπλίτου
1352 5505 1367 5529 ,
1398 5465 1524 5518 ὅταν
1560 5466 1621 5518 τὸ
1652 5464 1801 5535 ξίφος

224 5544 362 5613 πρὸς
386 5543 484 5615 τὴν
514 5547 725 5617 σφαγὴν
771 5548 1138 5620 ἀνατείνηται,
1169 5550 1262 5604 καὶ
1286 5552 1384 5623 τὴν
1412 5552 1679 5624 ἀλγηδόνα
1706 5553 1799 5607 τοῦ

223 5638 562 5707 τραυματίου
587 5680 603 5704 ,
641 5641 769 5695 ὅταν
802 5643 939 5714 πρὸς
976 5645 1075 5718 τὴν
1119 5648 1341 5719 καιρίαν
1376 5649 1801 5721 συνεσταλμένος

224 5721 483 5789 οἰμώζειν
508 5725 632 5797 δόξῃ
664 5727 752 5782 διὰ
784 5729 879 5783 τοῦ
917 5735 1194 5805 σχήματος
1212 5752 1226 5767 ’
1259 5738 1352 5791 καὶ
1380 5740 1477 5809 τὴν
1499 5738 1676 5809 ὁρμὴν
1703 5738 1797 5793 τοῦ

229 5810 572 5884 θηρεύοντος,
601 5818 695 5871 καὶ
723 5820 817 5874 τοῦ
859 5821 1047 5894 θηρίου
1077 5827 1173 5897 τὴν
1200 5829 1497 5901 ἀγριότητα
1520 5846 1534 5861 ·
1576 5831 1668 5885 καὶ
1698 5832 1795 5886 ὅσα

1907 4648 2071 4719 igitur
2120 4648 2241 4702 loco
2284 4646 2679 4717 panis'aurum
2734 4646 2819 4701 ori
2866 4644 3174 4708 admoveat,
3232 4644 3479 4714 nunquid

1904 4741 2223 4796 necessitati
2260 4739 2599 4794 medebitur?
2645 4738 2782 4794 Cum
2815 4738 2980 4808 igitur
3010 4736 3211 4807 aliquis
3256 4751 3356 4807 pro
3390 4752 3481 4792 re-

1904 4830 2005 4885 bus
2052 4829 2346 4885 esculentis
2398 4830 2655 4885 materias
2692 4828 2809 4885 esui
2862 4843 2971 4884 non
3020 4836 3175 4899 aptas
3216 4828 3472 4898 requirit,

1904 4922 1959 4975 in
1983 4921 2254 4990 lapidibus
2285 4921 2442 4990 plane
2466 4930 2769 4990 occupatus
2792 4930 2896 4986 est,
2928 4920 3130 4991 quippe
3164 4935 3287 4974 cum
3330 4918 3478 4974 aliud

1903 5022 2182 5082 quaerente
2212 5020 2430 5074 natura,
2465 5010 2519 5064 in
2543 5011 2651 5065 alio
2681 5011 2797 5081 ipse
2819 5019 3085 5066 versetur.
3114 5008 3254 5065 Dicit
3282 5016 3479 5063 natura

1902 5118 1997 5171 per
2038 5102 2199 5157 famis
2244 5101 2591 5157 affectionem
2636 5102 3029 5172 propemodum
3082 5115 3269 5157 vocem
3318 5100 3478 5155 emit-

1904 5201 2043 5255 tens,
2088 5208 2148 5247 se
2188 5208 2332 5246 nunc
2388 5207 2548 5271 egere
2586 5193 2709 5248 cibo
2742 5211 2755 5248 :
2790 5202 3074 5263 propterea
3110 5189 3257 5261 quod
3297 5190 3476 5245 denuo

1902 5290 2153 5353 oporteat
2194 5284 2427 5338 invicem
2462 5284 2635 5355 ingeri
2660 5285 2877 5355 corpori
2904 5285 3296 5339 nutrimentum
3327 5283 3474 5352 quod

1901 5374 2188 5439 eﬂluxerit,
2220 5382 2273 5429 et
2302 5390 2397 5444 per
2425 5390 2657 5445 vapores
2679 5383 2734 5429 et
2754 5374 3125 5445 expirationes
3153 5373 3472 5429 evanuerit:

1900 5472 1957 5517 tu
1988 5476 2118 5517 vero
2166 5471 2375 5518 natura:
2425 5464 2574 5519 dicto
2614 5464 2845 5519 audiens
2888 5478 2997 5517 non
3040 5477 3136 5529 es;
3168 5477 3278 5517 non
3322 5464 3472 5518 enim

1899 5555 2042 5625 quod
2070 5557 2283 5626 quaerit,
2310 5558 2430 5622 das,
2461 5557 2556 5613 sed
2584 5566 2643 5613 ut
2667 5570 2925 5626 magnum
2961 5554 3057 5611 tibi
3091 5556 3301 5625 argenti
3332 5570 3472 5624 pon-

1900 5649 2003 5703 dus
2032 5650 2087 5704 in
2127 5665 2315 5706 mensa
2346 5651 2438 5715 sit,
2479 5664 2667 5713 curas,
2703 5656 2758 5705 et
2782 5663 3078 5706 excusores
3108 5648 3353 5704 materiae
3383 5664 3473 5703 re-

1899 5741 2096 5810 quiris,
2146 5749 2201 5798 et
2240 5742 2524 5798 historiam
2572 5741 2989 5797 simulacrorum
3037 5751 3091 5797 et
3147 5741 3465 5811 imaginum,

1900 5848 2021 5904 qua:
2064 5834 2118 5888 in
2153 5833 2377 5890 materia
2427 5833 2828 5904 insculpantur,
2866 5834 3078 5889 curiose
3113 5832 3372 5902 exquiris,
3409 5840 3467 5888 ut
