4004 6524
458 408 599 466 ίπθ

1692 408 1746 465 S.
1792 405 2117 465 GREGOBH
2147 406 2442 465 NYSSENI

3571 404 3731 462 ιεισ

455 534 677 589 habitus
720 539 774 587 et
805 530 1036 587 affectus
1076 530 1239 587 animi
1276 540 1391 586 tum
1420 530 1872 597 vehementiores,
1912 543 2029 589 tum

2159 535 2266 589 ιλλα
2289 534 2377 588 διὰ
2403 534 2503 603 τῆς
2539 530 2790 603 τοιαύτης
2825 528 3143 601 περιεργίας
3172 530 3228 581 ὲν
3258 531 3375 591 ταῖς
3408 529 3725 595 ἐπιτραπε-

458 626 785 688 sedatiores,
812 624 1047 679 artilicio
1066 637 1283 678 summo
1298 624 1455 693 plene
1491 624 1779 694 scripturis
1793 627 2036 695 expressi

459 716 896 791 conspiciantur,
947 722 1006 767 ut
1048 723 1101 767 et
1151 714 1287 766 iram
1335 728 1605 783 agnoscas
1646 715 1864 776 armati,
1915 730 2036 768 cum

460 805 702 874 gladium
770 802 1081 859 trucidandi
1154 817 1324 858 causa
1380 804 1551 865 tollit,
1619 812 1673 857 et
1731 805 2037 858 cruciatum

462 896 657 957 saucii,
699 909 823 951 cum
861 903 1085 963 accepto
1132 894 1360 950 vulnere
1405 895 1611 957 iethali,
1644 894 1827 949 animo
1854 910 1913 950 se
1941 894 2038 950 de-

462 988 689 1042 mittens
727 1001 791 1040 ac
833 1001 1095 1049 moerens,
1126 986 1313 1041 habitu
1346 988 1465 1056 ipso
1495 1002 1714 1057 gemere
1753 994 1808 1042 et
1836 987 2042 1056 ejulare

463 1085 681 1130 videtur
708 1094 721 1130 :
750 1076 1012 1145 impetum
1048 1077 1178 1131 item
1212 1077 1485 1140 venantis,
1532 1085 1587 1131 et
1616 1075 1740 1130 ferae
1784 1076 2040 1131 immani-

466 1172 631 1221 tatem
668 1184 681 1221 :
722 1181 787 1219 ac
829 1180 1169 1235 utracunque
1213 1167 1318 1221 alia
1370 1181 1465 1235 per
1508 1165 1778 1235 ejusmodi
1809 1166 2043 1220 curiosi-

467 1264 635 1312 tatem
662 1268 715 1312 et
751 1259 990 1327 ineptam
1028 1258 1379 1321 industriam,
1409 1258 1655 1313 homines
1682 1258 1808 1312 vani
1845 1258 1899 1311 in
1932 1272 2045 1311 ma-

466 1348 608 1401 teria
660 1349 727 1403 ad
769 1365 926 1405 usum
970 1365 1282 1405 mensarum
1316 1351 1591 1405 destinata
1633 1349 1767 1405 silici
1800 1349 2044 1405 studiose

465 1447 683 1493 curant.
717 1436 912 1495 Polum
950 1448 1144 1494 natura
1180 1438 1476 1506 desiderat,
1509 1448 1565 1494 tu
1610 1455 1740 1495 vero
1767 1440 2040 1509 pretiosos

465 1528 712 1597 tripodas
742 1544 927 1599 paras,
972 1530 1148 1593 labra,
1193 1539 1459 1593 crateras,
1491 1530 1804 1599 amphoras,
1844 1537 1899 1582 et
1930 1528 2037 1583 alia

2136 626 2269 690 ζίοις
2296 622 2449 688 ῦλαις
2480 621 2883 693 φιλοτεχνοῦσιν
2912 622 2958 674 oi
2997 620 3235 691 μάταιοι.
3285 619 3440 671 Πιεϊν
3466 620 3499 688 ἡ
3542 616 3727 686 φύσις

2136 716 2421 784 ἐζήτησεν,
2456 714 2521 766 σὺ
2550 713 2607 765 δὲ
2632 713 2757 775 τοὺς
2783 710 3214 771 πολυταλάντους
3236 707 3492 779 τρίποδας
3514 708 3729 776 εὑτρε-

2136 803 2333 871 πίζεις,
2359 801 2591 867 πλυνούς
2617 819 2677 855 τε
2702 802 2797 857 καὶ
2828 800 3131 872 κρατῆρας,
3159 800 3253 853 καὶ
3289 798 3590 869 ἀμφορέας,
3620 794 3735 846 καὶ

2137 895 2270 949 ἄλλα
2302 896 2490 966 μυρία,
2538 894 2703 966 μηδὲν
2747 894 2937 964 ἔχοντα
2984 891 3119 963 πρὸς
3154 891 3253 961 τὴν
3278 889 3735 962 ἐπιζητουμένην

2139 986 2330 1057 χρείαν
2370 986 2567 1041 κοινόν.
2622 981 2771 1056 Ἀρα
2819 984 2939 1053 οὐχὶ
2973 983 3223 1053 φανερῶς
3268 982 3482 1045 ἀκούεις
3521 981 3593 1033 δι’
3639 972 3735 1030 ὦν

2140 1082 2313 1140 ποιεῖς
2326 1078 2418 1132 τοῦ
2443 1078 2692 1149 πρὸςιτὸν
2710 1078 2857 1135 λίθον
2874 1094 2955 1130 σοι
2976 1074 3427 1146 συμϐουλεύοντος
3452 1072 3685 1143 βλέπειν
3712 1084 3735 1135 ς

2141 1167 2207 1220 Τί
2244 1169 2289 1221 δ’
2318 1168 2385 1222 ἀν
2412 1187 2494 1232 τις
2536 1169 2605 1223 τά
2647 1169 2808 1223 λοιπά
2837 1169 2934 1238 τῆς
2981 1165 3239 1229 λιθὼδους
3277 1164 3473 1235 ταύτης
3522 1164 3735 1229 διεξίοι

2139 1262 2366 1330 τροφῆς,
2397 1258 2468 1312 τά
2495 1258 2697 1330 αἰσχρά
2717 1259 2993 1329 θεάματα;
3025 1257 3092 1310 τά
3120 1256 3340 1328 ἐμπαθῆ
3366 1255 3733 1326 ἀκροάματα.

2141 1348 2208 1403 δι’
2231 1344 2305 1405 ὧν
2330 1351 2662 1405 ὀδοποιοῦσιν
2691 1351 2904 1414 ἑαυτοῖς
2931 1350 3030 1422 τὴν
3054 1349 3161 1402 τῶν
3187 1349 3370 1403 κακῶν
3393 1346 3743 1400 ἀκολουθίαν

2142 1445 2253 1505 τοῖς
2284 1443 2673 1513 ὑπεκκαύμασι
2718 1444 2819 1515 τῆς
2846 1442 3141 1506 ἀκολασίας
3168 1440 3267 1511 τὴν
3289 1439 3488 1512 τροφὴν
3533 1442 3737 1508 {sapa

2142 1527 2357 1597 τύοντες
2381 1550 2399 1599 ;

469 1630 748 1687 sexcenta,
801 1639 922 1692 quas
968 1625 1104 1677 nihil
1150 1639 1277 1678 cum
1308 1640 1397 1689 eo,
1427 1624 1570 1693 quod
1619 1640 1754 1679 usus
1793 1624 2042 1693 requirit,
2080 1639 2370 1681 commune
2431 1627 2650 1683 habent.
2685 1628 2765 1681 An
2802 1640 2909 1679 non
2940 1624 3100 1695 plane
3134 1637 3230 1692 per
3255 1634 3340 1683 ea,
3375 1633 3489 1688 qua
3553 1616 3731 1675 lacus.

473 1715 623 1768 dicto
656 1715 886 1770 audiens
918 1731 983 1771 es
1027 1717 1100 1779 ei,
1137 1717 1229 1786 qui
1280 1717 1379 1769 tibi
1414 1717 1675 1779 consulit,
1711 1725 1770 1770 ut
1801 1718 1868 1772 ad
1916 1716 2151 1786 lapidem
2200 1718 2498 1788 respicias?
2565 1720 2706 1786 Quid
2775 1727 2955 1775 autem
3029 1716 3241 1779 attinet,
3306 1713 3506 1783 reliqua
3544 1711 3742 1779 hujus

471 1806 665 1876 lapidei
699 1807 806 1861 cibi
854 1809 1033 1877 turpia
1069 1824 1341 1878 exponere
1389 1811 1745 1878 spectacuia?
1780 1809 1975 1864 vitiosa
2008 1817 2063 1865 et
2097 1812 2332 1871 absurda
2379 1823 2713 1881 acroamata,
2781 1814 2983 1884 quibus
3027 1811 3094 1866 ad
3148 1807 3528 1878 consequentia
3567 1804 3737 1859 maia

472 1900 576 1953 sibi
626 1900 766 1953 viam
810 1907 1083 1963 sternunt,
1140 1903 1508 1956 incitamentis
1541 1902 1825 1956 libidinum
1861 1902 2042 1957 cibum
2083 1906 2435 1962 condientesi

546 1989 659 2043 Hoc
703 1989 1002 2045 adversarii
1037 1990 1105 2046 de
1153 1993 1276 2045 cibo
1302 1992 1594 2046 consilium
1640 2000 1745 2055 est,
1800 1993 1915 2047 hac
1951 2006 2053 2062 pro

2223 1994 2371 2068 Αὕτη
2406 1997 2499 2050 τοῦ
2533 1995 2907 2066 ἀντικειμένου
2936 1994 3063 2064 περὶ
3091 1994 3190 2061 τῆς
3214 1990 3417 2063 τροφῆς
3438 1991 3550 2042 ἔστι
3576 2005 3741 2057 συί-ι’

471 2088 737 2136 consueto
775 2089 831 2136 et
859 2082 1139 2136 ordinario
1170 2084 1325 2152 panis
1365 2098 1489 2146 usu,
1527 2097 1625 2152 per
1663 2082 1765 2137 hoc
1794 2084 1939 2153 quod
1980 2084 2046 2138 ad

472 2172 682 2241 lapides
721 2175 999 2243 respicere
1044 2174 1220 2243 jubet,
1275 2174 1517 2245 suggerit
1565 2183 1727 2244 atque
1773 2174 2045 2244 proponit.

471 2261 675 2319 Verum
719 2265 1054 2335 proﬂigator,
1090 2273 1143 2321 et
1189 2276 1499 2336 peremptor
1550 2253 1932 2330 tentationum,
1966 2249 2052 2319 fa-

471 2372 616 2412 mem
659 2358 817 2427 quasi
865 2358 1132 2412 maiorum
1188 2372 1411 2412 causam
1451 2372 1557 2410 non
1611 2357 1941 2411 exterminat
1984 2371 2046 2411 ex

472 2464 657 2503 rerum
680 2457 899 2510 natura,
933 2450 1026 2503 sed
1056 2449 1228 2503 solam
1272 2448 1705 2517 superﬂuitatem
1738 2462 1802 2501 ac
1823 2448 2048 2500 nimiam

474 2538 825 2609 ineptamque
857 2539 1183 2595 industriam
1218 2547 1271 2593 et
1304 2554 1515 2601 curam,
1550 2554 1671 2607 qua:
1714 2536 1782 2591 de
1817 2536 2054 2592 consilio

476 2630 782 2686 adversarii
813 2644 920 2685 una
951 2644 1075 2685 cum
1109 2630 1423 2684 necessario
1464 2643 1565 2683 usu
1598 2628 1909 2681 introducta
1943 2637 2049 2689 est,

477 2729 785 2785 aversatus,
837 2722 954 2777 suis
1003 2721 1202 2775 ﬁnibus
1236 2720 1528 2790 gubernari
1573 2727 1823 2773 naturam
1860 2718 2055 2787 permi-

478 2813 573 2868 sit.
604 2811 1069 2878 Quemadmodum
1101 2812 1246 2866 enim
1276 2810 1313 2863 ii
1352 2810 1445 2879 qui
1477 2809 2051 2875 vinumttranscolant,

477 2918 589 2962 non
656 2903 955 2973 reprobant
994 2902 1047 2956 id
1101 2902 1247 2972 quod
1302 2902 1355 2955 in
1383 2916 1449 2956 eo
1500 2900 1634 2955 utile
1679 2912 1782 2963 est,
1838 2908 2057 2971 propter

478 2995 752 3050 immistos
789 2996 839 3049 ei
875 2994 1137 3061 furfures,
1167 2995 1259 3050 sed
1286 2994 1409 3048 colo
1436 2992 1711 3063 superﬂua
1754 3007 2057 3047 excernen-

480 3095 586 3149 tws,
621 3088 742 3155 puri
782 3102 941 3143 usum
990 3103 1099 3140 non
1134 3087 1395 3157 rejiciunt
1422 3104 1435 3140 :
1460 3087 1532 3138 ita
1563 3085 1853 3156 perspicax
1884 3091 1938 3138 et
1967 3100 2059 3139 so.

479 3178 593 3233 lers
627 3181 683 3233 in
724 3179 1090 3234 examinando
1125 3188 1288 3248 atque
1311 3177 1678 3234 discernenda
1707 3193 1793 3242 ea,
1829 3192 1950 3247 quas
1991 3178 2059 3233 ab

482 3279 679 3324 natura
718 3271 891 3325 aliena
920 3277 1081 3334 sunt,
1111 3266 1373 3335 Verbum,
1409 3270 1709 3325 subtilitate
1733 3269 2059 3339 speculatio-

2151 2088 2313 2159 ϐουλὴ
2336 2130 2349 2151 ,
2380 2089 2552 2142 ταῦτα
2576 2088 2664 2140 διά
2695 2086 2789 2140 τοῦ
2821 2086 2955 2156 πρὸς
2980 2086 3108 2148 τοὺς
3134 2082 3313 2146 λίθους
3335 2081 3564 2152 βλέπειν,
3591 2080 3738 2134 ἀντὶ

2148 2180 2247 2249 τῆς
2288 2178 2677 2249 νενομισμένης
2736 2177 2827 2230 τοῦ
2877 2177 3041 2247 ἄρτου
3093 2174 3342 2245 χρήσεως
3382 2170 3730 2225 ὑποτίθεται.

2163 2269 2299 2321 Ἀλλ’
2334 2269 2364 2320 ό
2389 2268 2495 2322 τῶν
2518 2268 2839 2339 πειρασμῶν
2868 2266 3217 2338 καθαιρέτης,
3252 2264 3372 2334 οὐχὶ
3404 2262 3501 2332 τὴν
3528 2264 3736 2314 πεῖναν

2151 2359 2380 2430 ἐξορίζει
2426 2359 2528 2430 τῆς
2572 2358 2822 2428 φύσεως,
2868 2356 2944 2420 ὼς
2986 2355 3173 2410 κακῶν
3221 2354 3418 2416 αἰτίαν,
3458 2352 3593 2406 ἀλλά
3620 2350 3743 2419 τὴν

2152 2452 2470 2522 περιεργίαν
2497 2450 2597 2521 τὴν
2635 2451 2700 2502 ὲκ
2731 2447 3036 2519 συμϐουλῆς
3068 2445 3163 2503 τοῦ
3187 2443 3562 2513 ἀντικειμένου
3596 2460 3737 2496 συν-

2152 2544 2424 2596 εισιοῦσαν
2449 2542 2516 2614 τῇ
2546 2541 2733 2613 χρείᾳ,
2769 2539 2935 2611 μόνην
2965 2538 3432 2607 ἀποπεμψάμενος
3459 2575 3474 2597 ,
3506 2534 3746 2604 ἀφῆκεν

2153 2637 2261 2698 τοῖς
2277 2633 2424 2697 ίδίοις
2444 2635 2589 2705 ὅροις
2604 2630 3001 2702 οἰκονομεῖσθαι
3021 2629 3119 2700 τὴν
3132 2627 3527 2698 φύσιν.Ὠσπερ
3549 2624 3659 2694 γὰρ
3677 2624 3737 2675 οι

2154 2726 2464 2798 διηθοῦντες
2490 2725 2578 2779 τὸν
2611 2720 2753 2778 οἶνον
2778 2725 2880 2777 οὐκ
2909 2721 3268 2793 ἀτιμάζουσιν
3299 2716 3463 2774 αὐτοῦ
3494 2717 3558 2769 τὺ
3587 2717 3737 2786 χρήο

2157 2836 2335 2889 σιμον,
2391 2817 2480 2873 διὰ
2527 2818 2628 2888 τὴν
2675 2814 3105 2886 καταμιχθεῖσαν
3144 2816 3311 2883 ἄχνην
3360 2808 3508 2879 αὐτῷ
3533 2824 3549 2841 ο
3590 2806 3739 2861 ἀλλὰ

2154 2910 2231 2980 τῷ
2264 2909 2405 2979 ίθμῷ
2439 2909 2506 2961 τὰ
2539 2906 2767 2978 περιττά
2795 2906 3167 2978 διακρίναντες
3192 2943 3206 2968 ,
3228 2903 3321 2956 τοῦ
3355 2900 3596 2971 καθαροῦ
3625 2899 3743 2968 τὴν

2157 3002 2351 3073 χρῆσιν
2377 3001 2477 3053 οὐκ
2505 2998 2917 3053 ἀποϐάλλουσιν
2947 2996 3159 3065 οῦτωςῖό
3188 2992 3514 3064 θεωρητικός
3542 3007 3605 3042 τε
3633 2989 3745 3049 καὶ,

2157 3091 2487 3163 διακριτικὸς
2524 3090 2635 3143 τῶν
2682 3088 2978 3159 ἀλλοτρίων
3004 3087 3103 3158 τῆς
3152 3084 3395 3154 φύσεως,
3425 3082 3615 3149 Λόγος,
3658 3080 3748 3150 τῇ

2158 3182 2447 3250 λεπτότητι
2496 3181 2595 3249 τῆς
2632 3178 2891 3250 ἀκριϐοῦς
2935 3178 3195 3248 θεωρίας,
3235 3175 3332 3246 τὴν
3380 3175 3477 3243 μὲν
3513 3173 3743 3233 πεῖναν,

2161 3276 2237 3339 ὡς
2270 3291 2432 3344 συντη
2443 3271 2668 3343 ρητικὴν
2689 3265 2852 3324 οὖσαν
2875 3270 2973 3340 τῆς
2988 3268 3134 3338 ζωῆς
3152 3268 3309 3338 ήμῶν
3332 3268 3429 3319 οὐκ
3446 3264 3745 3335 tam,wa

483 3360 573 3424 nis
606 3360 802 3415 famem
849 3361 1092 3430 quidem,
1137 3368 1325 3429 utpote
1370 3362 1492 3414 vita:
1537 3368 1736 3414 nostra
1772 3373 2058 3412 conserva-

2161 3366 2261 3431 τάς
2288 3368 2343 3420 δὲ
2378 3341 2828 3437 συμπλεκτομὲνας
2850 3365 2915 3433 τῇ
2940 3362 3096 3433 χρείᾳ
3116 3359 3453 3431 περιεργίας,
3476 3357 3747 3426 διήθησένν

485 3452 699 3513 tricem,
734 3465 843 3504 non
884 3451 1307 3515 exterminavit;
1342 3450 1746 3521 superﬂuitates
1794 3464 1923 3504 vero
1967 3464 2065 3503 nea

488 3543 731 3597 cessario
778 3543 903 3596 usui
949 3556 1228 3596 connexas
1271 3549 1325 3595 et
1370 3542 1679 3610 implicatas
1710 3540 2064 3595 transcolavit

488 3642 542 3686 ιιι
575 3634 796 3704 ahjecit,
832 3648 956 3688 cum
989 3633 1125 3688 dixit
1158 3650 1171 3685 :
1208 3634 1359 3687 iiimn
1390 3649 1449 3688 se
1479 3633 1697 3687 novisse
1726 3647 1923 3702 panem
1955 3648 2062 3686 nu-

487 3726 767 3785 trientem,
808 3724 901 3794 qui
935 3726 1103 3779 verbo
1133 3723 1227 3778 Dei
1276 3732 1481 3777 natura:
1510 3724 1832 3780 conciliatus
1872 3723 1963 3778 sit.
2005 3721 2061 3776 Si

490 3816 659 3887 igitur
691 3816 888 3871 esuriit
911 3815 1092 3880 Jesus,
1129 3816 1350 3870 beatum
1392 3813 1553 3869 fuerit
1580 3815 1811 3877 esurire,
1847 3828 1969 3867 cum
1996 3813 2066 3867 ad

491 3908 855 3963 imitationem
918 3907 1065 3963 illius
1121 3908 1470 3977 ingeneretur
1525 3921 1589 3961 ac
1644 3913 2068 3977 reprtescntetur

492 4003 655 4052 etiam
686 3996 858 4054 fames
891 3998 945 4053 in
976 3998 1153 4053 nobis.
1191 3998 1246 4052 Si
1299 3998 1466 4067 igitur
1498 3994 1890 4060 inlelieximus,
1936 3996 2066 4066 quid

494 4092 566 4146 sit
608 4091 663 4145 id
711 4091 858 4161 quod
908 4093 1078 4147 esurit
1115 4099 1172 4147 et
1213 4093 1418 4162 appetit
1472 4092 1753 4156 Dominus,
1810 4091 1926 4145 ﬁeri
1956 4106 2069 4145 non

494 4190 675 4252 potest
715 4192 776 4237 ut
818 4198 967 4238 nunc
1008 4184 1304 4253 propositae
1360 4183 1520 4237 nobis
1557 4183 1913 4238 beatitudinis
1960 4184 2066 4235 vim

494 4288 602 4328 non
644 4274 1034 4343 intelligamus.
1069 4274 1205 4339 Quis
1247 4282 1331 4328 est
1366 4274 1532 4345 igitur
1560 4275 1653 4330 ille
1694 4276 1874 4336 cibus,
1911 4275 2073 4344 cujus

497 4364 797 4432 appetitum
844 4362 1004 4418 Jesns
1055 4363 1159 4416 sibi
1206 4372 1418 4432 turpem
1468 4378 1577 4417 non
1630 4364 1820 4418 ducit?
1870 4364 1960 4419 Ait
2000 4364 2071 4417 ad

496 4455 798 4523 discipulos
839 4462 963 4524 post
1011 4454 1258 4508 habitum
1294 4469 1418 4507 cum
1472 4454 1813 4508 Samaritana
1858 4470 2068 4511 sermo-

495 4562 620 4602 nem
656 4566 670 4601 :
708 4544 859 4601 Meus
890 4548 1034 4601 cibus
1077 4555 1174 4611 est,
1220 4555 1278 4599 ut
1332 4536 1529 4615 faciam
1579 4549 1717 4617 quod
1756 4549 1862 4601 vult
1910 4548 2071 4603 Pater

2164 3478 2223 3514 τε
2251 3462 2346 3514 καὶ
2373 3458 2697 3530 ἀπέρριψεν,
2737 3456 2905 3510 εἰπών
2930 3466 2944 3487 ⁸
2978 3455 3183 3507 ἐκεῖνον
3228 3451 3421 3505 ειδέναι
3467 3450 3750 3519 τρόφιμον

2164 3554 2345 3625 ἄρτον,
2373 3552 2431 3615 ὃς
2458 3552 2534 3622 τῷ
2563 3553 2763 3622 ῥήματι
2789 3548 2880 3602 τοῦ
2909 3546 3041 3601 Θεοῦ
3070 3544 3205 3618 πρὸς
3229 3543 3325 3615 τὴν
3350 3542 3510 3612 φύσιν
3524 3541 3743 3611 ᾠκείωο

2163 3660 2269 3697 ται.
2295 3644 2356 3696 Εἰ
2386 3638 2479 3695 οὖν
2504 3640 2784 3694 ἐπείνασεν
2814 3640 2842 3692 ό
2868 3635 3093 3707 Ἰησοῦς,
3120 3633 3449 3705 μακαριστὸν
3479 3631 3543 3684 ἀν
3571 3630 3655 3698 εἴη
3676 3630 3747 3681 τὺ

2166 3737 2377 3801 πεινᾷν,
2403 3735 2532 3787 ὅταν
2563 3731 2699 3785 κατά
2748 3729 2979 3801 μίμησιν
3002 3725 3209 3779 ἐκείνου
3237 3723 3520 3793 ὲνεργῆται
3555 3720 3650 3773 καὶ
3678 3720 3751 3771 ὲν

2165 3820 2318 3897 ἡμῖν.
2351 3824 2414 3878 Et
2444 3825 2623 3877 τοίνυν
2670 3822 2917 3891 ἔγνωμεν
2944 3818 2998 3872 τί
3032 3818 3180 3870 ἐστιν
3215 3808 3276 3868 οῦ
3309 3814 3469 3883 πεινᾷ
3498 3813 3743 3881 Κύριος,

2167 3915 2489 3987 γνωσόμεθα
2530 3914 2747 3976 πάντως
2789 3910 2882 3964 τοῦ
2932 3905 3282 3981 μακαρισμοῦ
3330 3903 3424 3958 τοῦ
3464 3903 3556 3957 νῦν
3605 3903 3742 3971 ἡμῖν

2168 4008 2527 4081 προκειμένου
2566 4006 2665 4077 τὴν
2690 4004 2937 4073 δύναμιν.
2973 4000 3108 4054 Ποία
3134 3995 3228 4052 οῦν
3261 4000 3406 4051 ἐστιν
3434 3998 3467 4067 ἡ
3499 3994 3701 4065 βρῶσις
3722 4035 3738 4056 ,

2167 4097 2235 4173 ἦς
2263 4102 2292 4154 ὁ
2339 4098 2548 4170 Ἰησοῦς
2573 4099 2672 4167 τὴν
2706 4094 2998 4166 ἐπιθυμίαν
3021 4093 3120 4146 οὐκ
3149 4090 3563 4160 ὲπαισχύνεταις
3598 4086 3745 4157 Φησὶ

2168 4194 2305 4265 πρὸς
2332 4193 2457 4254 τοὺς
2490 4189 2737 4261 μαθητὰς
2785 4186 2921 4258 μετά
2956 4186 3045 4239 τὸν
3090 4184 3225 4256 πρὸς
3266 4181 3362 4253 τὴν
3407 4182 3745 4251 Σαμαρεῖτιν

2168 4285 2411 4352 διάλογον
2438 4299 2453 4314 ·
2483 4282 2561 4335 ὅτι
2603 4279 2781 4349 Ἐμὸν
2803 4276 3014 4345 βρῶμά
3044 4276 3234 4335 ἐστιν,
3268 4275 3365 4326 Ira
3390 4269 3539 4325 ποιῶ
3562 4269 3629 4322 τὸ
3647 4268 3742 4323 θέ-

2169 4379 2333 4445 λημα
2359 4373 2467 4427 τοῦ
2496 4368 2725 4436 Πατρός
2743 4384 2883 4439 μων
2915 4366 3146 4438 φανερὸν
3186 4364 3242 4417 δὲ
3266 4361 3360 4415 τοῦ
3384 4360 3595 4431 Πατρός
3625 4362 3744 4411 ἐστι

2170 4468 2230 4521 τὸ
2276 4466 2518 4536 θέλημα,
2561 4463 2620 4528 ὃς
2666 4462 2872 4524 πάντας
2918 4457 3239 4529 ἀνθρώπους
3282 4454 3422 4507 θέλει
3464 4451 3745 4520 σωθῆναι,

2172 4559 2266 4613 καὶ
2298 4559 2376 4620 είς
2401 4557 2695 4621 ἐπίγνωσιν
2724 4550 2979 4623 ἀληθείας
3008 4548 3199 4602 ἐλθεῖν.
3235 4545 3443 4600 Οὐκοῦν
3467 4545 3515 4595 εί
3537 4543 3745 4603 ἐκεῖνος

498 4657 643 4695 meus
668 4641 745 4708 ης
778 4655 888 4694 non
917 4640 1099 4710 ignota
1123 4646 1211 4694 est
1239 4646 1420 4693 autem
1451 4640 1707 4695 voluntas
1739 4638 1939 4704 Patris,
1973 4641 2058 4709 qui

2173 4648 2419 4719 ὀρέγεται
2449 4643 2543 4698 τοῦ
2579 4645 2724 4716 ἡμᾶς
2765 4640 3020 4710 σωθῆναι,
3055 4638 3150 4690 καὶ
3186 4635 3357 4706 τροφὴ
3396 4631 3560 4687 abte-3
3592 4632 3744 4738 γίνε-

498 4747 691 4787 omnes
720 4732 970 4787 homines
1000 4730 1232 4793 servari,
1270 4738 1325 4785 et
1367 4731 1432 4785 ad
1462 4731 1793 4802 agnitionem
1819 4732 2058 4788 veritatis

2170 4757 2258 4794 ται
2286 4742 2318 4811 ή
2348 4736 2591 4809 ἡμετέρα
2626 4734 2737 4806 ζωὴ
2761 4773 2776 4795 ,
2823 4731 3218 4802 μεμαθήκαμεν
3249 4727 3327 4789 είς
3358 4725 3387 4776 ὃ
3408 4743 3459 4778 τι
3481 4723 3747 4792 χρηστέον

499 4824 685 4879 venire
710 4824 915 4878 vult".
967 4822 1136 4893 igitur
1182 4822 1229 4878 si
1271 4822 1363 4879 ille
1406 4837 1508 4882 nos
1562 4825 1712 4893 cupit
1751 4825 1977 4887 servari,
2021 4833 2075 4880 et

499 4917 611 4970 vita
649 4924 839 4971 nostra
865 4915 1023 4970 cibus
1052 4916 1173 4985 ejus
1206 4915 1441 4982 exsistit,
1472 4916 1763 4971 didicimus
1791 4918 1913 4987 quis
1940 4934 2075 4974 usus

501 5010 573 5066 sit
621 5007 887 5078 ejusmodi
945 5007 1139 5061 animae
1186 5007 1406 5061 habitus
1466 5017 1520 5061 et
1576 5006 1897 5063 affectionis.
1943 5012 2076 5074 Quis

501 5100 671 5171 igitur
709 5098 801 5152 hic
840 5099 965 5153 est?
996 5097 1314 5152 Esuriamus
1358 5108 1600 5151 nostram
1646 5099 1889 5167 ipsorum
1928 5101 2076 5155 salu-

502 5203 633 5257 tem,
667 5190 919 5245 sitiamus
945 5189 1186 5243 divinam
1215 5188 1570 5251 voluntatem,
1597 5205 1718 5258 quae
1747 5199 1852 5253 est,
1890 5198 1948 5244 ut
1976 5206 2081 5246 nos

501 5296 804 5338 servemur.
852 5284 968 5347 Qua
1010 5280 1224 5334 ratione
1265 5279 1429 5349 igitur
1478 5279 1641 5335 talem
1675 5281 1832 5335 nobis
1879 5280 2076 5335 laniem

499 5374 772 5428 coniicere
803 5373 1098 5441 possimus,
1138 5386 1284 5427 nunc
1316 5370 1607 5425 didicimus
1646 5385 1676 5423 a
1724 5371 2072 5428 beatitudine.

499 5465 603 5532 Qui
638 5464 783 5519 enim
810 5463 1081 5532 justitiam
1117 5462 1211 5516 Dei
1263 5462 1560 5526 desiderat,
1602 5462 1810 5516 invenit
1848 5463 1903 5516 id
1932 5466 2081 5533 quod

500 5572 628 5610 vere
676 5554 1041 5623 expetendum
1084 5564 1168 5609 est
1204 5574 1216 5609 :
1250 5554 1409 5623 cujus
1442 5552 1769 5607 desiderium
1806 5569 1913 5608 non
1964 5570 2074 5608 uno

500 5648 665 5701 modo
704 5660 919 5709 eorum,
974 5646 1067 5715 qui
1123 5661 1218 5716 per
1249 5644 1545 5714 appetitum
1585 5654 2072 5716 repraesentantur,

578 5822 623 5854 "
663 5820 824 5885 Idan.
861 5839 934 5885 tv,
972 5821 1059 5875 ει.
1137 5823 1178 5854 ³⁸
1219 5820 1237 5875 l
1280 5820 1421 5877 Tim.
1458 5836 1527 5887 It,
1561 5820 1616 5877 4.,

2173 4834 2240 4887 ἂν
2263 4831 2348 4904 εἴη
2375 4832 2439 4901 τῇ
2473 4827 2694 4898 τοιαύτῃ
2725 4825 2826 4895 τῆς
2856 4823 3032 4892 ψυχῆς
3071 4818 3330 4872 διαθέσει.
3367 4815 3433 4867 Τί
3460 4810 3553 4865 οὖν
3584 4811 3749 4864 τοῦτό

2174 4927 2326 4985 tm;
2365 4919 2715 4987 Πεινάσωμεν
2739 4915 2835 4985 τὴν
2867 4910 3075 4966 ἑαυτῶν
3109 4906 3402 4977 σωτηρίαν,
3430 4904 3753 4973 διψήσωμεν

2173 5012 2266 5065 τοῦ
2300 5010 2446 5063 θείου
2490 5008 2824 5078 θελήματος,
2859 5003 2993 5073 ὅπερ
3039 5000 3156 5053 ἐστὶ
3198 4997 3257 5052 τὸ
3298 4997 3445 5066 ἡμᾶς
3482 4990 3744 5061 σωθῆναι.

2176 5104 2301 5167 Πῶς
2323 5099 2415 5156 οὖν
2447 5103 2563 5154 ἐστι
2594 5099 2691 5169 τὴν
2715 5096 2968 5163 τοιαύτην
2997 5094 3128 5164 ἡμῖν
3179 5087 3588 5156 κατορθωθῆναι
3625 5084 3746 5135 πει-

2174 5212 2299 5259 ναν,
2354 5194 2448 5245 νῦν
2495 5191 2643 5261 παρά
2681 5188 2775 5243 τοῦ
2825 5182 3176 5258 μακαρισμοῦ
3226 5178 3643 5251 μεμαθήκαμεν.
3689 5176 3748 5227 ’0

2174 5285 2282 5357 γὰρ
2305 5284 2402 5355 τὴν
2420 5280 2769 5351 δικαιοσύνην
2791 5278 2884 5331 τοῦ
2904 5273 3039 5330 Θεοῦ
3066 5273 3324 5344 ποθήσας,
3355 5264 3507 5339 εὗρεν
3531 5267 3590 5319 τὸ
3617 5266 3749 5334 ἁλη-

2177 5377 2285 5439 θῶς
2326 5374 2549 5446 ὀρεκτόν
2572 5392 2585 5406 ·
2623 5366 2684 5427 οὗ
2725 5372 2823 5443 τὴν
2854 5366 3150 5437 ἐπιθυμίαν
3180 5364 3277 5433 οὐχ
3310 5363 3389 5415 ἑνὶ
3428 5359 3612 5429 τρόπῳ
3638 5357 3747 5407 τῶν

2178 5464 2320 5519 κατά
2352 5464 2451 5535 τὴν
2486 5463 2666 5534 ὄρεξιν
2703 5457 3108 5530 ἐνεργουμένων
3136 5453 3452 5523 ἐπλήρωσεν
3479 5464 3495 5479 ’
3538 5448 3598 5498 οὗ
3641 5446 3747 5514 γὰρ

2183 5555 2341 5625 μόνον
2366 5554 2441 5616 ὼς
2466 5553 2665 5624 βρῶσιν
2686 5551 2785 5622 τὴν
2809 5549 2903 5602 τοῦ
2920 5544 3128 5600 δικαίου
3155 5539 3443 5612 μετουσίαν
3462 5536 3744 5605 ἐπόθησεν.

2189 5644 2481 5717 Ἢμιτελὴς
2512 5643 2618 5716 γάρ
2638 5641 2705 5697 ἂν
2726 5639 2793 5715 ῆν
2818 5641 2910 5694 ἐπὶ
2934 5637 3135 5709 ταύτης
3163 5636 3327 5706 μόνης
3347 5633 3442 5702 τῆς
3461 5630 3750 5699 διαθέσεως
