4004 6522
258 404 393 459 ΠΗ
1287 418 1375 475 DE
1404 419 2004 487 BEATITUDiNlBUS.
2029 430 2288 491 ORATIO
2325 434 2416 495 IV.
3372 440 3515 496 ηιῖ

256 524 433 626 etis:
471 526 503 595 η
533 526 733 626 ὄρεξις,
764 530 883 584 νυνὶ
910 530 966 585 δὲ
995 533 1087 586 καὶ
1115 534 1342 604 πότιμον
1365 537 1425 590 τὸ
1445 539 1648 609 ἀγαθὸν
1672 542 1828 600 τοῦτο

1935 550 2191 618 explevit,
2231 568 2340 607 non
2368 554 2516 609 enim
2545 556 2724 613 solum
2756 564 3019 626 tanquam
3060 554 3245 610 cibum
3277 553 3512 624 jnstit'iae

253 613 533 682 ἐποίησεν,
568 617 652 669 ἵνα
682 618 744 671 τὸ
771 618 1031 691 ἔνθερμόν
1052 640 1109 676 τε
1144 625 1239 677 καὶ⁵
1269 626 1491 694 διακαὲς
1517 630 1618 700 τῆς
1643 634 1835 687 ἐπιθυ-

256 705 387 774 μίας
414 705 492 776 τῷ
530 707 691 763 πάθει
724 713 822 781 τῆς
849 712 1006 783 δίψης
1029 714 1348 787 ἐνδείξηται.
1377 718 1545 791 Ξηροὶ
1576 724 1687 795 γὰρ
1709 726 1833 797 τρό-

255 811 359 848 πον
392 798 515 851 τινὰ
547 800 641 854 καὶ
663 801 955 872 φλογώδεις
981 807 1039 859 ὲν
1063 806 1142 877 τῷ
1168 808 1344 881 καιρῷ
1374 811 1468 865 τοῦ
1490 812 1673 882 δίψους
1697 817 1835 884 γινό⁴

257 900 440 953 μενοι,
474 886 549 950 ὡς
593 887 984 961 θεραπευτικὸν
1026 895 1125 967 τῆς
1154 899 1407 971 τοιαύτης
1441 901 1735 970 διαθέσεως
1770 906 1835 962 τὸ

253 976 419 1072 ποτὸν
438 978 755 1072 μεθ’ήδονῆς
772 986 1209 1057 προσφερόμεθα.
1240 990 1389 1045 Ἐπεὶ
1410 990 1501 1048 οὖν
1526 996 1623 1065 μία
1640 998 1738 1067 μὲν
1754 999 1833 1072 τῷ

251 1067 403 1161 ¹γένει
427 1069 676 1161 ήγδρεξις
696 1075 787 1127 ἐπὶ
820 1075 1075 1147 βρώσεὼς
1094 1097 1153 1133 τε
1183 1086 1276 1137 καὶ⁵
1298 1085 1507 1150 πόσεως
1537 1102 1552 1119 ·
1579 1067 1832 1161 διάφορον

251 1154 311 1209 δὲ
340 1159 529 1251 ήπρδς
560 1162 819 1235 ἑκάτερον
851 1167 1053 1221 τούτων
1086 1170 1342 1239 διάθεσις,
1375 1175 1451 1240 ὡς
1480 1176 1546 1231 ἂν
1571 1178 1631 1232 τὸ
1667 1154 1832 1251 άκρό-

251 1263 415 1341 τατον
443 1250 542 1341 τῆς
580 1251 716 1326 πρὸς
757 1255 816 1308 τὸ
860 1257 1061 1327 ἀγαθὸν
1096 1262 1391 1334 ἐπιθυμίας
1424 1268 1454 1320 6
1495 1267 1654 1337 λόγος
1694 1250 1827 1341 ἡμῖν

252 1338 667 1432 νομοθετήσειεν
690 1359 703 1372 ο
740 1349 1036 1420 μακαρίζει
1083 1354 1210 1417 τοὺς
1245 1354 1313 1408 τὰ
1352 1356 1446 1411 δύο
1474 1358 1644 1413 ταῦτα

396 1428 741 1505 δικαιοσύνην
770 1438 1078 1510 πάσχοντας
1099 1481 1115 1505 ,
1146 1442 1246 1515 τὴν
1286 1446 1475 1499 πεϊνάν
1502 1465 1561 1502 τε
1604 1450 1699 1504 καὶ
1726 1426 1828 1521 τὴν

247 1519 408 1587 δίψαν
430 1563 446 1588 ,
473 1521 549 1586 ὡς
573 1524 758 1580 ίκανοῦ
800 1528 950 1594 ὄντος
976 1531 1069 1584 τοῦ
1105 1532 1441 1605 ποθουμένου
1473 1538 1610 1609 πρὸς
1636 1519 1827 1594 ἑκατέ-

249 1627 355 1681 ραν
376 1612 719 1685 ἁρμοσθῆναι
744 1618 1093 1692 καταλλήλως
1120 1625 1218 1694 τὴν
1242 1625 1440 1695 ὄρεξιν,
1470 1628 1565 1683 καὶ
1594 1631 1827 1702 στερρὰν

250 1702 354 1793 μὲν
394 1703 473 1770 τῷ
522 1708 775 1763 πεινῶντι
812 1710 1055 1779 γίνεσθαι
1100 1716 1326 1787 τροφὴν,
1366 1718 1596 1790 πότιμον
1645 1721 1702 1779 δὲ
1748 1722 1828 1793 τῷ

245 1792 549 1865 διψητικῶς
576 1798 1000 1875 ὲφελκυσαμένῳ
1029 1805 1128 1876 τὴν
1153 1808 1331 1879 χάριν.

1939 656 2096 695 usum
2136 648 2439 714 proposuit.
2486 645 2909 718 Semiperfectns
2955 648 3101 702 enim
3149 656 3317 712 esset,
3360 648 3405 703 si
3456 648 3511 701 in

1936 729 2040 785 hac
2086 732 2204 787 sola
2257 734 2546 791 all‘ectione
2594 740 2938 799 consisteret.
3000 737 3325 807 appetitus:
3364 752 3510 790 nunc

1935 829 2117 876 autem
2147 824 2309 878 etiam
2339 826 2577 894 potabile
2607 828 2709 881 hoc
2749 828 2950 882 bonum
2982 825 3131 886 fecit.
3171 834 3228 879 ut
3252 825 3506 879 ardorem

1932 919 1987 968 et
2027 911 2293 969 fervorem
2328 916 2642 985 cupiditatis
2676 933 2772 986 per
2805 918 2927 974 sitis
2972 917 3315 973 alfectionem
3361 917 3508 972 indi-

1933 1012 2101 1057 caret.
2138 1004 2272 1061 Cum
2300 1006 2446 1062 enim
2498 1007 2552 1061 iu
2590 1017 2835 1078 tempore
2878 1010 2999 1064 sitis
3054 1009 3190 1062 aridi
3237 1007 3506 1077 quodam-

1931 1090 2093 1144 modo
2138 1090 2332 1150 ﬁamus
2380 1101 2431 1149 et
2484 1096 2758 1160 ardentes.
2803 1112 2899 1166 pro
2954 1096 3195 1152 i-einedio
3234 1095 3508 1165 ejusmodi

1931 1180 2238 1239 allectionis
2288 1194 2473 1254 potum
2521 1188 2792 1245 sumimus
2839 1204 2962 1243 cum
3004 1191 3300 1259 voluptate.
3354 1187 3506 1254 Quo-

1932 1273 2081 1327 niam
2130 1275 2294 1345 igitnr
2332 1294 2476 1333 unus
2505 1279 2723 1347 quidem
2773 1296 2971 1349 genere
3000 1282 3119 1349 ipso
3147 1282 3254 1336 cibi
3292 1280 3505 1351 pariter

1928 1375 1981 1420 et
2007 1369 2243 1437 potionis
2283 1372 2556 1441 appetitus
2591 1380 2711 1437 est;
2765 1372 2982 1429 diversa
3021 1388 3151 1428 vero
3178 1374 3244 1429 ad
3288 1379 3505 1429 utrum-

1933 1468 2039 1522 que
2068 1458 2261 1513 hormn
2303 1460 2521 1516 allectio
2536 1469 2642 1525 est,
2667 1470 2725 1519 ut
2745 1478 3020 1518 summum
3053 1467 3212 1521 nobis
3242 1476 3296 1521 et
3315 1477 3502 1522 extre-

1928 1559 2077 1597 ntum
2120 1546 2245 1600 boni
2286 1548 2622 1604 desiderium
2664 1567 2847 1609 sermo
2882 1558 3277 1624 praescriberet,
3309 1559 3501 1615 beatos

1923 1631 2135 1703 judicat
2154 1651 2272 1703 eos,
2293 1640 2385 1707 qui
2407 1639 2626 1696 duobus
2658 1641 2745 1698 his
2772 1643 3080 1706 all'ectibus.
3104 1646 3246 1702 fante
3273 1648 3499 1710 pariter.

1925 1736 1979 1782 et
2009 1731 2098 1787 siti
2136 1730 2201 1785 ad
2224 1732 2498 1799 justitiam
2532 1738 2842 1794 moventur,
2880 1731 3040 1801 quasi
3081 1731 3217 1786 satis
3247 1730 3503 1783 idoneum

1926 1820 1996 1873 sit
2028 1820 2076 1875 id
2108 1821 2254 1889 quod
2287 1822 2653 1883 desideratur.
2685 1830 2745 1877 ut
2786 1839 2847 1882 se
2877 1824 3094 1890 utrique
3120 1819 3383 1891 appetitui
3419 1819 3505 1871 in-

245 1889 424 1943 vicem
458 1896 855 1961 accommodet,
905 1906 1070 1968 atque
1105 1904 1366 1959 esurienti
1393 1904 1612 1974 quidem
1653 1906 2045 1969 nutrimentum
2079 1915 2337 1978 solidum.
2367 1930 2489 1971 cum
2527 1915 2620 1972 siti
2667 1930 2796 1971 vero
2860 1915 3093 1985 gratiam
3158 1889 3225 1967 ad
3287 1926 3347 1971 se
3422 1919 3511 1964 It‘

248 1984 487 2040 trahenti
517 1990 756 2055 potabile
795 1993 1048 2049 exsistat.

316 2080 605 2150 Μακάριοι
625 2088 678 2139 οἱ
701 2085 1019 2155 πεινῶντες
1043 2090 1141 2145 καὶ
1156 2091 1450 2162 διψῶντες
1474 2094 1587 2163 τὴν
1604 2094 1821 2150 δικαιο-

1995 2097 2147 2152 Beati
2186 2099 2276 2168 qui
2317 2099 2557 2155 esuriant
2598 2107 2647 2153 et
2685 2098 2874 2153 sitiant
2906 2095 3179 2164 justitiam
3203 2133 3218 2156 ,
3249 2094 3499 2160 quoniam

246 2171 471 2240 σύν-ην,
501 2172 590 2225 ὅτι
616 2176 785 2230 αὐτοὶ
817 2182 1352 2248 χορτασθήσονται.
1380 2179 1505 2258 'Ap‘
1529 2183 1622 2243 οὖν
1641 2188 1703 2242 τὸ
1724 2189 1824 2260 μὲν

248 2264 387 2336 πρὸς
427 2266 524 2338 τὴν
555 2267 899 2341 δικαιοσύνην
937 2274 1235 2343 ὀρεκτικῶς
1271 2277 1415 2348 ἔχειν
1466 2282 1820 2352 μακαριστὸν,

247 2358 297 2412 εί
328 2356 387 2411 δέ
411 2375 498 2422 τις
522 2360 659 2432 πρὸς
678 2361 777 2433 τὴν
807 2365 1178 2438 σωφροσύνην,
1210 2367 1242 2439 ἢ
1266 2370 1367 2440 τὴν
1409 2371 1631 2440 σοφίαν,
1660 2373 1692 2444 η
1724 2372 1825 2445 τὴν

248 2450 531 2522 φρόνησιν,
562 2452 594 2523 ἢ
627 2453 682 2506 εί
700 2472 754 2507 τι
773 2454 899 2509 ἄλλο
925 2456 1027 2527 τῆς
1057 2460 1257 2531 ἀρετῆς
1282 2458 1418 2527 εἶδός
1438 2464 1824 2535 ὲστιν,όμοίως

248 2541 385 2612 εχει,
420 2543 612 2599 τοῦτον
645 2546 706 2599 οὐ
755 2546 1045 2619 μακαρίζει
1075 2551 1104 2603 6
1132 2552 1334 2621 Λόγος;
1379 2553 1538 2609 Ἀλλὰ
1583 2555 1824 2611 τοιοῦτόν

245 2652 369 2687 τινα
393 2634 534 2707 τάχα
564 2636 688 2691 νοῦν
710 2639 771 2692 τὸ
802 2638 1092 2711 λεγόμενον
1123 2642 1234 2713 ἔχει
1251 2656 1266 2673 ⁸
1289 2644 1385 2698 Ἓν
1408 2644 1517 2701 τῶν
1550 2648 1669 2699 κατ’
1696 2647 1824 2719 ἀρε-

246 2726 345 2795 τὴν
381 2726 703 2797 νοουμένων,
731 2731 765 2798 ἡ
788 2730 1101 2805 δικαιοσύνη
1133 2735 1300 2789 ἐστίν.
1329 2736 1582 2809 ὶὶυνήθως
1604 2738 1661 2792 δὲ
1694 2738 1824 2792 πολ-

247 2814 405 2875 λάκις
451 2817 484 2885 ἡ
533 2815 651 2869 θεία
688 2817 728 2869 Γ
732 2818 879 2891 ραφὴ
926 2819 1013 2875 διὰ
1053 2824 1152 2893 τῆς
1181 2822 1272 2876 τοῦ
1318 2825 1519 2897 μέρους
1567 2828 1819 2899 μνήμης,

255 2907 648 2978 περιλαμϐάνει
691 2908 752 2962 τὺ
782 2911 934 2965 ὅλονο
970 2912 1044 2976 ὡς
1089 2915 1218 2969 ὃταν
1261 2915 1359 2986 τὴν
1390 2916 1541 2971 θείαν
1568 2917 1726 2987 φύσιν
1754 2918 1821 2972 δι’

246 2996 525 3066 ὀιομάτων
552 2997 713 3052 τινῶν
751 3000 1049 3075 ἑρμηνεύῃ.
1080 3002 1244 3071 Λέγει
1264 3005 1393 3076 γὰρ,
1429 3005 1568 3075 Ἐγὼ
1588 3007 1819 3073 Κύριος,

244 3089 324 3151 ὡς
344 3089 408 3141 ὲκ
421 3088 709 3160 προσώπου
723 3089 817 3144 τοῦ
833 3092 1014 3165 Θεοῦή
1036 3093 1359 3165 προφητεία·
1382 3094 1558 3149 τοῦτό
1569 3113 1670 3164 μοι
1686 3096 1820 3151 ὄνο-

240 3200 327 3250 μα
344 3181 587 3235 αἰώνιον
606 3197 620 3211 ⁸
650 3184 749 3239 καὶ
773 3186 1172 3254 μνημόσυνον
1198 3184 1419 3256 γενεῶν
1437 3187 1685 3255 γενεαῖς.
1712 3188 1824 3242 Καὶ

247 3274 412 3327 πάλιν
437 3273 661 3345 ἑτέρωθί
690 3290 855 3345 φησιν
872 3291 886 3307 ο
916 3275 1064 3347 Ἐγώ
1083 3278 1201 3346 ειμι
1220 3279 1254 3331 ὀ
1277 3276 1381 3330 ὢν.
1405 3278 1516 3331 Καὶ
1549 3279 1606 3330 ὲν
1627 3277 1818 3349 ἑτέρῳο

245 3368 328 3419 ὅτι
370 3367 673 3435 Ἑλεήμων
703 3369 843 3436 εἰμί.
869 3366 974 3423 Καὶ
1004 3368 1217 3439 μυρίοις
1257 3368 1437 3432 ἄλλοις
1459 3368 1684 3440 ὀνόμασι
1710 3372 1822 3434 τοῖς

246 3460 307 3512 τὸ
355 3426 559 3529 ὑψηλόν
593 3476 651 3513 τε
686 3426 781 3513 καλ.
824 3426 1129 3531 θεοπρεπὲς
1165 3426 1612 3532 διασημαίνουσιν
1633 3501 1648 3526 ,
1682 3426 1823 3516 οἶδεν
1849 3426 1894 3488 C

247 3548 536 3619 ὀνομάζειν
563 3551 725 3607 αὑτὸν
750 3553 783 3622 η
814 3551 945 3620 ἁγία
972 3550 1181 3622 Γραφὴ,
1207 3550 1347 3606 ῶστε
1377 3551 1465 3606 διὰ
1494 3550 1696 3606 τούτων
1726 3570 1822 3625 μα-

249 3642 363 3694 θεῖν
393 3642 654 3712 ἀκριόῶς,
691 3644 773 3696 ὅτι
796 3643 925 3697 ὅταν
950 3643 1009 3696 ἓν
1037 3659 1090 3695 τι
1120 3643 1270 3713 εἴπῃ,
1302 3644 1412 3707 πᾶς
1438 3646 1467 3696 6
1492 3643 1602 3697 τῶν
1634 3643 1826 3714 ὀνομά-

246 3749 357 3787 των
382 3733 678 3801 κατάλογος
709 3734 847 3787 κατὰ
875 3734 936 3791 τὸ
961 3734 1312 3804 σιωπώμενον
1340 3735 1418 3806 τῷ
1440 3736 1519 3788 ἑνὶ
1546 3752 1825 3804 συνεκφω-

247 3824 441 3876 νεῐται.
483 3823 558 3874 Ού
608 3822 717 3890 γᾴρ
769 3822 1064 3892 ἐνδέχεται,
1101 3824 1196 3875 ἐὰν
1236 3822 1441 3888 Κύριος
1474 3823 1717 3893 λέγηται,
1746 3824 1822 3895 μὴ

246 3913 343 3973 καὶ
363 3912 431 3966 τὰ
451 3912 585 3969 ἄλλα
610 3909 750 3965 εἶναι
779 3926 793 3941 °
819 3913 958 3967 ἀλλὰ
987 3913 1162 3968 πάντα
1193 3914 1259 3968 δι’
1285 3914 1403 3978 ἑνὸς
1427 3915 1688 3986 ὀνόματος
1707 3902 1823 3971 ονο-

250 4005 503 4076 μάζεται.
543 4004 643 4057 Διά
686 4004 888 4058 τούτων
913 4000 1009 4062 οὖν
1031 4004 1449 4076 μεμαθήκαμεν,
1480 4007 1560 4059 ὅτι
1602 4006 1692 4062 διὰ
1723 4007 1823 4077 μέ-

248 4110 376 4167 ρους
411 4094 557 4157 τινδς
587 4093 757 4153 πολλὰ
788 4094 1216 4165 πεμλαμσάνειν
1240 4091 1379 4149 οἶδεν
1407 4098 1437 4149 6
1463 4094 1824 4155 θεόπνευστος

244 4187 438 4255 Λόγος.
497 4185 704 4240 οὐκοῦν
746 4188 841 4239 καὶ
879 4186 1113 4240 ἐνταῦθα
1161 4187 1260 4258 τὴν
1313 4188 1657 4258 δικαιοσύνην
1708 4189 1823 4252 τοῖς

250 4277 604 4349 μακαριστῶς
629 4277 849 4331 πεινῶσι
892 4279 1209 4351 προκεῖσθαι
1237 4282 1267 4333 6
1293 4280 1464 4348 Λόγος
1495 4280 1693 4345 εἰπὼν,
1714 4282 1822 4339 πᾶν

246 4365 389 4433 εἶδος
419 4370 640 4441 ἀρετῆς,
690 4369 779 4423 διὰ
832 4370 1033 4440 ταύτης
1065 4369 1458 4441 ἀποσημαίνει,
1494 4371 1571 4433 ὡς
1625 4371 1823 4439 ἐπίσης

249 4462 580 4538 μακαριστὸν
618 4457 756 4517 εἶναι
785 4462 877 4515 τὸν
902 4463 995 4515 καὶ
1015 4461 1295 4534 φρόνησιν,
1314 4462 1408 4515 καὶ
1430 4463 1703 4535 ἀνδρείαν,
1725 4466 1823 4518 καὶ

247 4556 602 4626 σωφροσύνην
634 4554 923 4618 πεινῶντα,
953 4556 1047 4609 καὶ
1074 4556 1127 4608 εί
1150 4572 1204 4610 τι
1246 4556 1432 4627 ἕτερον
1465 4556 1523 4609 ὲν
1558 4557 1637 4626 τῷ
1673 4556 1822 4628 αύτῷ

244 4647 345 4717 τῆς
401 4644 600 4715 ἀρετῆς
648 4643 789 4713 λόγῳ
836 4643 1331 4715 καταλαμϐάνεται.
1377 4642 1510 4696 Οὐδὲ
1548 4643 1656 4713 γάρ
1705 4644 1823 4705 ἔστι

1924 2190 2027 2258 ipsi
2072 2189 2481 2245 saturabuntur.
2520 2188 2777 2258 Nunquid
2806 2202 2937 2256 ergo
2977 2186 3249 2255 justitiam
3278 2184 3498 2252 quidem

1922 2289 2176 2350 expetere
2221 2283 2439 2337 beatum
2478 2280 2833 2352 iudicandum
2863 2287 2985 2345 est;
3019 2276 3113 2332 sed
3147 2278 3191 2332 si
3222 2277 3347 2346 quis
3373 2291 3501 2345 erga

1923 2373 2336 2441 temperantiam
2357 2411 2373 2435 .
2400 2372 2793 2431 continentiam
2816 2411 2832 2437 ,
2863 2371 3213 2425 sobrietatem
3236 2409 3252 2432 ,
3284 2382 3377 2424 aut
3407 2386 3502 2425 sa-

1925 2462 2183 2533 pientiam
2209 2506 2223 2529 ,
2258 2473 2352 2518 aut
2387 2464 2765 2533 prudentiam,
2797 2470 2891 2517 aut
2925 2463 2969 2517 si
3003 2476 3109 2530 qua
3144 2461 3246 2515 alia
3284 2462 3504 2516 virtutis

1924 2553 2134 2624 species
2179 2562 2299 2618 est,
2353 2555 2608 2610 similiter
2656 2552 2884 2607 allectus
2916 2562 3030 2616 est,
3087 2553 3231 2607 hunc
3260 2550 3500 2607 Verbum

1922 2643 2142 2699 beatum
2176 2660 2287 2699 non
2335 2645 2582 2711 iudicat?
2612 2643 2811 2699 Verum
2866 2644 3025 2698 talem
3080 2642 3310 2699 forsitan
3355 2642 3502 2713 quod

1922 2734 2123 2788 dicitur
2150 2736 2476 2790 sententiam
2510 2735 2564 2788 in
2599 2750 2658 2789 se
2684 2734 2949 2789 continet:
2980 2732 3158 2788 Unum
3189 2748 3255 2788 ex
3289 2734 3356 2788 iis
3382 2749 3504 2803 quae

1922 2839 2019 2895 per
2070 2824 2323 2879 virtutem
2368 2825 2767 2895 intelliguntur,
2806 2824 3022 2892 justitia
3066 2835 3168 2878 est.
3214 2824 3323 2878 Pro
3363 2840 3500 2878 con-

1923 2914 2213 2971 suetudine
2243 2927 2422 2969 antem
2456 2914 2509 2968 id
2556 2930 2701 2983 saepe
2740 2913 2923 2973 divina
2969 2914 3253 2984 Scriptura
3299 2915 3459 2968 habet
3484 2952 3500 2973 ,

1922 3016 1983 3061 ut
2013 3006 2155 3061 facta
2189 3008 2466 3061 mentione
2495 3006 2664 3075 partis
2684 3043 2700 3068 .
2732 3012 2905 3061 totum
2933 3005 3362 3074 comprehendat
3384 3044 3399 3066 .
3445 3011 3504 3057 ut

1923 3112 2046 3151 cum
2078 3097 2317 3151 divinam
2354 3105 2605 3151 naturam
2636 3111 2735 3165 per
2760 3096 2939 3164 aliqua
2978 3096 3198 3150 nomina
3228 3094 3498 3163 designat.

1924 3188 2066 3242 Dicit
2094 3190 2240 3242 enim
2277 3196 2535 3257 tanquam
2571 3202 2634 3240 es
2668 3201 2905 3255 persona
2931 3186 3021 3241 Dei
3052 3187 3315 3255 pr0pheta
3344 3205 3356 3239 :
3388 3184 3501 3255 Ego

1924 3280 2183 3333 Dominus
2207 3318 2221 3342 .
2269 3279 2366 3332 hoe
2396 3278 2520 3331 mihi
2554 3295 2739 3333 nomen
2770 3288 3021 3334 teter-um
3047 3294 3063 3337 :
3094 3290 3144 3331 et
3192 3279 3502 3332 memoriale

1922 3372 2320 3441 generationum
2357 3371 2787 3440 generationibus
2817 3370 2894 3433 ης
2943 3377 2997 3424 οι
3046 3384 3247 3423 rursus
3292 3370 3345 3432 in
3394 3370 3502 3422 alio

1925 3463 2046 3516 loco
2075 3463 2151 3515 ait
2178 3480 2191 3515 :
2239 3460 2350 3530 Ego
2381 3478 2497 3514 sum
2541 3462 2631 3527 qui
2675 3477 2792 3514 sum
2824 3460 2870 3493 ’°
2900 3478 2911 3513 :
2944 3468 2998 3514 et
3032 3461 3084 3513 in
3115 3460 3223 3515 alio
3243 3477 3266 3521 ξ,
3291 3458 3503 3519 Μὶεπιε

1923 3566 2040 3606 cors
2076 3568 2191 3606 sum
2227 3552 2270 3584 ’ί
2299 3569 2313 3605 :
2348 3560 2400 3605 ct
2436 3551 2714 3606 sescentis
2746 3550 2869 3606 aliis
2916 3550 3235 3605 nominibus
3268 3549 3319 3603 id
3353 3548 3505 3618 quod

1924 3648 1979 3696 et
2022 3641 2193 3695 altum
2244 3648 2300 3696 et
2348 3648 2642 3709 augustum
2696 3650 2782 3693 est
2831 3638 3307 3709 signiﬁcantibus,
3363 3637 3513 3698 solet

1926 3732 2095 3788 Deum
2127 3739 2315 3789 sancta
2344 3730 2629 3801 Scriptura
2660 3732 2974 3796 nominare,
3010 3740 3067 3785 ut
3096 3746 3190 3800 per
3215 3733 3329 3785 haec
3352 3740 3511 3785 certo.

1925 3826 2199 3884 sciamus.
2230 3822 2375 3892 quod
2412 3837 2540 3877 cum
2574 3837 2741 3877 unum
2776 3821 2998 3891 aliquod
3039 3822 3203 3885 edat.
3247 3828 3359 3875 tota
3401 3835 3511 3874 no-.

1923 3917 2133 3970 minum
2160 3915 2447 3983 congeries
2471 3913 2635 3968 tatite
2660 3927 2785 3967 cum
2814 3929 2923 3967 uno
2951 3914 3113 3968 simul
3140 3913 3511 3982 exprimatur._

1922 4007 2039 4063 Non
2064 4007 2207 4061 enim
2242 4006 2587 4072 conceditur.
2624 4022 2726 4062 nec
2758 4005 3039 4077 probabile
3068 4012 3184 4070 est,
3222 4004 3269 4061 si
3320 4004 3511 4057 Domi-.

1926 4117 2029 4155 nus
2054 4101 2290 4163 dicatur,
2315 4114 2439 4154 eum
2466 4139 2480 4163 ,
2515 4114 2623 4153 non
2653 4098 2819 4153 etiam
2854 4098 3057 4165 reliqua
3085 4111 3239 4160 esse,
3270 4095 3363 4151 sed
3389 4110 3507 4147 om-.

1924 4193 2014 4245 nia
2049 4206 2146 4260 per
2176 4205 2345 4243 unum
2380 4204 2577 4243 nomen
2609 4190 3011 4258 exprimuntur.
3046 4185 3149 4243 Per
3186 4186 3300 4247 haec
3334 4184 3505 4254 igitur

1922 4283 2252 4347 didicimus,
2283 4281 2429 4352 quod
2464 4296 2560 4350 per
2594 4289 2800 4350 partem
2852 4279 3091 4349 aliquam
3144 4278 3315 4333 multa
3350 4290 3501 4331 com.

1923 4376 2084 4447 plecti
2117 4375 2287 4430 soleat
2322 4373 2584 4429 divinitus
2615 4371 2829 4442 prodita
2861 4370 3169 4440 Scriptura.
3205 4368 3349 4440 Ergo
3374 4385 3499 4423 cum

1923 4467 2086 4522 etiam
2119 4466 2210 4520 hic
2243 4463 2480 4519 Verbum
2508 4464 2770 4527 dixisset,
2802 4463 3075 4533 justitiam
3101 4462 3199 4525 iis.
3227 4462 3317 4531 qui
3342 4462 3509 4519 beato

1923 4559 2202 4622 esuriant,
2238 4557 2574 4629 propositam
2606 4571 2755 4619 csse.
2795 4570 2891 4625 per
2926 4555 3067 4610 hanc
3088 4594 3104 4615 .
3136 4569 3355 4612 omnem
3387 4553 3505 4608 νίν-Α

1923 4651 2057 4707 tutis
2086 4649 2325 4720 speciem
2349 4648 2600 4719 designat
2621 4687 2637 4713 ,
2667 4656 2729 4702 ut
2756 4662 2822 4701 cx
2850 4660 3008 4717 aequo
3039 4646 3234 4703 beatus
3267 4645 3375 4710 sit.
3405 4644 3505 4715 qui

243 4737 470 4792 δυνατὸν
496 4737 559 4798 ἓν
602 4753 655 4789 τι
693 4736 793 4805 τῆς
822 4735 1022 4806 ἀρετῆς
1061 4731 1199 4798 εἶδος
1222 4734 1331 4788 τῶν
1376 4734 1578 4787 λοιπῶν
1608 4732 1816 4796 διεζευ-

1925 4753 1976 4799 et
2006 4741 2390 4813 prudentiam,
2440 4749 2495 4792 et
2542 4736 2959 4801 fortitudinem,
3004 4744 3061 4791 et
3111 4735 3505 4802 sobrietatem,

243 4831 468 4901 γμένον,
498 4829 628 4883 αὐτὸ
677 4828 799 4881 καθ’
835 4825 995 4888 ἑαυτὸ
1046 4825 1254 4879 τελείαν
1287 4825 1388 4896 τὴν
1429 4826 1632 4897 ἀρετὴν
1657 4820 1817 4881 εἶναι.

242 4918 318 4994 Ὦ
346 4922 455 4993 γὰρ
484 4921 552 4976 ἂν
587 4920 661 4991 μὴ
713 4918 1081 4989 ωνθεωρῆταί
1101 4936 1151 4971 τι
1184 4919 1294 4972 τῶν
1318 4919 1461 4972 κατά
1511 4917 1573 4971 τὸ
1616 4918 1823 4987 ἀγαθὸν

243 5011 568 5083 νοουμένων,
599 5011 813 5080 ἀνάγκη
857 5012 1008 5063 πᾶσα
1056 5011 1118 5062 τὸ
1146 5008 1709 5079 ἀντιδιαστελλόμενον
1734 5010 1823 5063 ἐπ’

242 5102 412 5158 αὐτοῦ
455 5102 641 5174 χώραν
688 5102 833 5171 ἔχειν
865 5116 879 5129 ·
909 5101 1278 5172 ἀντιδιέστηκε
1311 5100 1368 5154 δὲ
1396 5104 1466 5172 τῇ
1498 5099 1820 5172 σωφροσύνῃ

246 5194 350 5264 μὲν
375 5192 438 5245 τὸ
485 5193 782 5246 ἀκόλαστον
809 5209 824 5224 ·
850 5195 916 5262 τῇ
958 5193 1216 5263 φρονήσει
1243 5192 1300 5247 δὲ
1341 5195 1375 5263 ἠ
1403 5193 1702 5265 ἀφροσύνη,
1728 5194 1823 5247 καὶ

241 5285 464 5355 ἑκάστῳ
493 5285 602 5339 τῶν
645 5286 779 5355 πρὸς
822 5285 882 5339 τὸ
915 5288 1156 5355 κρεῖττον
1187 5286 1607 5358 ὑπειλημμένων
1637 5285 1750 5339 ἐστί
1773 5304 1825 5339 τι

244 5377 466 5439 πάντως
499 5376 560 5428 τὸ
590 5378 652 5430 ἐκ
702 5376 795 5429 τοῦ
841 5377 1085 5430 ἐναντίου
1136 5376 1442 5448 νοούμενον.
1491 5379 1554 5431 Εἰ
1607 5373 1701 5432 οὖν
1747 5377 1825 5449 μὴ

243 5470 426 5522 πάντα
450 5472 517 5539 τῇ
559 5468 873 5543 δικαιοσύνῃ
916 5470 1267 5540 συνθεωροϊτο
1286 5509 1301 5533 ,
1331 5470 1613 5541 ἀμήχανον
1640 5469 1706 5523 ἂν
1738 5471 1822 5542 εἰη

240 5560 307 5614 τὸ
358 5560 678 5632 λειπόμενον
712 5561 915 5631 ἀγαθὸν
964 5557 1124 5615 εἶναι.
1176 5562 1289 5615 Ούκ
1315 5559 1381 5615 ἂν
1421 5562 1529 5630 γάρ
1556 5578 1639 5624 τις
1677 5562 1819 5621 εῐποι

242 5652 455 5722 ᾇφρονα
491 5652 857 5725 δικαιοσύνην,
887 5654 920 5724 ἥ
951 5654 1230 5727 θρασεῖαν,
1260 5654 1296 5730 ἢ
1321 5653 1635 5717 ἀκόλαστον,
1667 5652 1701 5726 ἦ
1725 5651 1818 5711 άλ-

1930 4832 2366 4895 continentiam,
2399 4828 2801 4900 frugalitatem.
2831 4838 2887 4883 et
2934 4828 2980 4884 si
3030 4827 3163 4897 quid
3215 4826 3360 4889 aliud
3406 4842 3509 4897 per-

1924 4926 2171 4980 eamdem
2222 4923 2443 4978 virtutis
2480 4920 2853 4976 deﬁnitionem
2908 4919 3209 4990 percipitur
3250 4925 3307 4975 et
3349 4933 3504 4975 eam.

1924 5013 2305 5087 prehenditur,
2340 5011 2571 5068 esuriat.
2606 5009 2796 5081 Neque
2832 5012 2977 5066 enim
3017 5010 3134 5066 lieri
3180 5018 3397 5079 potest.
3443 5020 3503 5064 ut

1926 5122 2033 5165 una
2058 5106 2239 5176 aliqua
2263 5103 2486 5158 virtutis
2511 5102 2723 5171 species
2746 5118 2777 5156 a
2801 5101 3026 5181 reliquis
3050 5100 3326 5170 disjuncta
3343 5140 3359 5164 ,
3384 5100 3504 5167 ipsa

1923 5213 2022 5269 per
2044 5212 2105 5254 se
2133 5197 2309 5251 virtus
2342 5192 2587 5265 perfecta
2621 5194 2711 5251 sit.
2743 5191 2879 5251 Nam
2911 5206 3035 5248 cum
3063 5206 3173 5261 quo
3198 5205 3305 5244 non
3338 5189 3500 5243 simul

1924 5288 2127 5359 aliquid
2160 5286 2544 5342 consideratur
2567 5300 2758 5343 eorum
2780 5326 2796 5351 ,
2827 5301 2949 5355 qua)
2981 5297 3079 5354 per
3109 5282 3313 5336 bonum
3341 5281 3502 5335 intel-

1924 5382 2187 5451 liguntur,
2218 5378 2441 5433 omnino
2469 5392 2697 5433 necesse
2723 5382 2809 5432 est
2829 5415 2845 5439 .
2882 5383 2943 5430 ut
2970 5372 3310 5429 contrarium
3344 5372 3399 5427 in
3434 5388 3502 5425 eo

1925 5473 2109 5531 locum
2154 5470 2395 5525 habeat:
2430 5468 2728 5540 opponitur
2774 5475 2955 5521 autem
2992 5464 3347 5520 continentia
3374 5464 3501 5532 qui...

1923 5565 2047 5620 dem
2072 5572 2126 5624 et
2152 5562 2448 5636 frugalitati
2478 5560 2690 5616 luxuria
2720 5569 2884 5629 atque
2912 5558 3308 5613 incontinentia
3335 5572 3351 5622 ;
3380 5571 3500 5627 pru-

1924 5655 2121 5713 dentia
2165 5670 2294 5712 vero
2340 5653 2605 5719 stultitia,
2655 5660 2713 5709 et
2759 5650 3032 5720 cujusque
3063 5662 3252 5705 eorum
3286 5664 3409 5723 quia
3440 5648 3503 5709 in

322 5836 365 5876 υ
404 5837 503 5897 ιδθ.
535 5853 639 5895 xui
664 5876 677 5903 ,
721 5836 771 5892 8.
851 5838 896 5878 δ’
935 5837 1103 5894 Exod.
1134 5855 1230 5907 tu,
1259 5841 1309 5901 4.
1388 5843 1430 5875 ³¹
1472 5839 1643 5901 Exod.
1677 5856 1786 5897 ull
1814 5880 1830 5906 ι
1859 5840 1951 5899 τις
