4004 6496
496 407 636 464 ηιδ
1691 412 1748 467 S.
1791 411 2055 468 GREGOF

2159 411 2199 465 N
2213 409 2450 466 YSSENI
3605 409 3754 466 ΙΞᾹᾹ

494 524 773 582 meliorem
809 529 1017 596 partem
1051 526 1418 597 accipiuntur,
1449 544 1678 599 prorsus
1703 539 1789 587 est
1823 532 2055 603 aliquid,

2165 532 2224 585 λο
2247 550 2300 585 τι
2329 531 2436 584 τῶν
2464 533 2521 584 ὲν
2549 531 2716 602 κακίᾳ
2767 531 3176 603 θεωρουμένων.
3209 533 3272 585 Εἰ
3307 531 3363 584 δὲ
3411 532 3613 595 παντὸς
3648 530 3753 584 τοῦ

492 614 641 681 quod
669 631 733 670 ex
764 617 1044 671 contrario
1074 617 1428 687 intelligatur.
1463 619 1518 673 Si
1551 621 1714 691 igitur
1743 637 1848 677 non
1877 624 2055 676 omnia

2170 623 2410 693 χείρονος
2436 622 2640 692 ἀμιγὴς
2669 625 2698 675 ό
2729 623 2828 692 τῆς
2853 622 3197 692 δικαιοσύνης
3222 623 3378 692 λόγος
3403 623 3574 685 ἐστὶν,
3595 624 3755 676 ἅπαν

493 719 617 758 cum
655 706 869 774 justitia
915 709 1414 775 considerarentur,
1463 711 1578 765 fieri
1627 728 1732 766 non
1774 724 1956 782 posset
2004 723 2055 766 ut

2169 716 2228 768 ἐν
2251 712 2428 783 ἐαυτῷ
2458 714 2673 776 πάντως
2697 714 2757 767 τὸ
2802 715 3002 782 ἀγαθὸν
3044 714 3394 785 περιείληφεν
3412 732 3425 743 ο
3453 714 3662 782 ἀγαθὸν
3691 714 3756 764 δὲ

492 793 638 862 quod
685 796 1117 866 relinqueretur,
1156 799 1356 853 bonum
1412 809 1590 867 esset;
1628 817 1734 854 non
1772 803 1914 856 enim
1959 804 2055 856 ali-

2169 808 2278 859 πᾶν
2303 807 2361 858 τὸ
2395 807 2512 858 κατ’
2530 805 2731 875 ἀρετὴν
2755 804 3143 876 θεωρούμενον.
3163 804 3372 858 Οὐκοῦν
3393 807 3540 858 πᾶσα
3570 803 3755 874 ἀρετὴ

492 887 618 954 quis
659 887 861 943 dixerit
910 892 1131 945 stultam
1159 891 1428 960 justitiam
1449 931 1464 956 ,
1515 900 1608 946 aut
1640 895 1897 949 audacem
1921 935 1935 958 ,
1966 902 2055 948 aut

2166 896 2244 966 τῷ
2271 896 2493 966 ὀνόματι
2529 897 2628 965 τῆς
2659 895 3004 966 δικαιοσύνης
3038 895 3270 948 ἐνταῦθα
3297 895 3755 965 διασημαίνεται,

493 976 920 1034 incontinentem
975 993 1068 1034 aut
1111 982 1258 1036 aliud
1315 983 1610 1052 quidquam
1661 1001 1886 1049 eorum,
1939 1002 2055 1055 quae

2166 984 2234 1059 ἦς
2262 989 2387 1050 τοὺς
2411 987 2711 1051 πεινῶντάς
2743 1005 2802 1040 τε
2828 989 2922 1042 καὶ
2967 988 3231 1053 διψῶντας
3272 987 3560 1060 μακαρίζει
3580 991 3608 1039 ό
3639 988 3759 1039 A6-

492 1082 589 1134 por
609 1067 787 1123 vitiosi
797 1079 956 1129 tatem
979 1071 1396 1127 considerantur
1415 1083 1467 1128 et
1487 1074 1879 1144 intelliguntur.
1905 1075 2055 1139 Quod

2166 1096 2281 1147 γος,
2304 1079 2404 1149 τὴν
2429 1080 2745 1151 πλησμονὴν
2795 1082 2978 1144 αὐτοῖς
3025 1081 3134 1134 τῶν
3166 1079 3612 1151 ἐπιθυμουμένων
3645 1080 3758 1133 ἐπ-

493 1159 538 1211 si
573 1161 714 1214 ratio
743 1161 968 1230 justitiaa
996 1163 1063 1218 ab
1095 1164 1380 1228 omnibus,
1416 1180 1752 1235 quaecunque
1802 1166 1854 1218 in
1906 1167 2055 1235 pejo-

2167 1170 2581 1240 αγγελλόμενος.

492 1266 604 1305 rem
636 1262 842 1321 partem
876 1256 1238 1325 accipiuntur,
1290 1271 1459 1312 vacua
1482 1297 1496 1319 ,
1546 1272 1680 1326 pura
1712 1267 1870 1326 atque
1912 1261 2119 1327 integra
2151 1271 2232 1314 est
2253 1302 2267 1326 ,
2299 1263 2614 1317 universum
2661 1263 2714 1316 in
2761 1277 2819 1316 se
2850 1259 3049 1316 bonum
3083 1264 3243 1332 plane
3305 1263 3580 1331 complexa
3605 1269 3710 1317 est
3740 1278 3752 1313 :

493 1343 694 1395 bonum
747 1352 926 1399 autem
973 1358 1057 1400 est
1105 1347 1366 1416 quidquid
1424 1362 1518 1416 per
1570 1349 1821 1400 virtutem
1874 1349 2248 1404 consideratur
2297 1360 2350 1405 et
2397 1352 2731 1421 intelligitur.
2787 1351 2928 1420 Ergo
2964 1353 3143 1406 omnis
3179 1353 3354 1407 virtus
3392 1354 3476 1406 hic
3515 1353 3758 1406 nomine

491 1432 717 1500 iustitiae
772 1433 1134 1504 significatur,
1194 1452 1355 1507 quam
1405 1438 1711 1492 esurientes
1765 1444 1820 1490 et
1877 1439 2124 1493 sitientes
2189 1439 2418 1496 Verbum
2477 1444 2666 1497 beatos
2713 1444 2956 1514 judicat,
3009 1444 3311 1498 satietatem
3370 1457 3553 1497 eorum
3609 1457 3758 1511 qua:

490 1531 840 1592 expetuntur,
874 1528 1216 1595 promittens.

560 1613 712 1667 Beati
754 1617 930 1681 enim,
970 1618 1180 1685 inquit,
1219 1619 1504 1672 esurientes
1543 1628 1590 1672 et
1634 1620 1866 1672 sitientes
1892 1621 2058 1690 justi-

492 1705 653 1770 tiam,
687 1707 936 1774 quoniam
971 1708 1072 1776 ipsi
1113 1707 1514 1764 saturabuntur.
1563 1709 1715 1775 Quod
1756 1722 1934 1764 autem
1973 1710 2056 1763 die

490 1796 632 1847 citur
651 1795 916 1862 ejusmodi
950 1799 1238 1867 quamdam
1266 1802 1588 1854 sententiam
1616 1803 1894 1857 continere
1918 1803 2061 1856 vide-

2232 1612 2516 1683 Μακάριοι
2539 1615 2666 1685 γὰρ,
2697 1616 2878 1687 φησὶν,
2907 1620 2959 1670 ei
2981 1617 3301 1684 πεινῶντες
3323 1621 3416 1672 καί
3438 1621 3760 1692 ἄμητες

2166 1706 2281 1774 τὴν
2334 1706 2726 1774 δικαιοσύνην
2753 1748 2766 1772 ,
2823 1706 2911 1760 ὅτι
2965 1707 3136 1761 αὐτοὶ
3191 1713 3752 1780 χορτασθήσονται.

2167 1797 2240 1849 Τὸ
2273 1795 2328 1848 δὲ
2357 1796 2644 1865 λεγόμενον
2671 1795 2909 1850 τοιοῦτόν
2953 1797 3040 1867 μοι
3076 1815 3197 1851 τινα
3227 1799 3351 1851 νοῦν
3391 1801 3531 1871 ἔχειν
3552 1806 3752 1860 δοκεῖ’

492 1895 580 1938 tur
613 1904 629 1940 :
659 1886 803 1941 Nihil
849 1905 1038 1944 earum
1090 1907 1269 1946 rerum
1319 1895 1520 1961 quibus
1561 1896 1850 1963 voluptatis
1886 1897 2055 1964 gratia

2165 1887 2328 1939 Ούδέν
2370 1886 2478 1940 τῶν
2528 1887 2646 1938 καθ’
2673 1887 2864 1956 ἡδονὴν
2903 1889 2961 1939 ἐν
3006 1887 3085 1958 τῷ
3135 1888 3234 1960 βίῳ
3283 1893 3757 1964 σπουδαζομένων

491 1979 738 2032 studetur
764 1981 816 2034 in
849 1981 950 2034 hoc
981 1983 1177 2036 sazculo
1198 2024 1213 2047 ,
1270 1999 1488 2053 operam
1522 1984 1781 2039 dantibus
1833 1989 2057 2041 satieta-

490 2079 595 2121 tcin
638 2070 832 2138 affet't,
885 2071 1017 2134 sed,
1071 2082 1130 2125 ut
1177 2073 1373 2127 alicubi
1424 2090 1518 2144 per
1565 2076 1850 2144 aenigmata
1897 2085 2059 2144 atque

488 2161 768 2214 involucra
801 2162 1088 2216 verborum
1113 2163 1386 2232 Sapientia
1417 2165 1585 2228 dicit,
1641 2165 1852 2218 Dolium
1884 2168 2059 2235 perfo-

489 2259 661 2302 ratum
697 2260 773 2303 est
816 2255 1089 2320 occupatio
1118 2254 1260 2306 circa
1319 2253 1638 2322 voluptates,
1690 2272 1798 2324 quo
1847 2272 2058 2325 semper

486 2342 678 2393 sedulo
701 2343 1073 2409 infundentes,
1097 2345 1310 2397 irritum
1339 2353 1391 2398 et
1413 2345 1846 2415 inexplicabilem
1869 2363 2058 2417 qutun-

485 2431 610 2482 dam
640 2429 1016 2501 infinitumque
1048 2432 1285 2486 laborem
1317 2439 1632 2496 ostentant,
1659 2433 1750 2502 qui
1781 2433 1865 2487 his
1895 2433 2057 2487 rebus

484 2519 709 2575 student
729 2560 744 2585 ,
777 2537 994 2590 semper
1020 2521 1239 2592 quidem
1270 2523 1475 2592 aliquid
1504 2523 1559 2577 in
1589 2522 1816 2577 fundum
1847 2525 2057 2593 cupidi~

487 2615 614 2666 tatis
643 2612 988 2668 infundentes
1007 2653 1021 2676 ,
1055 2629 1119 2667 ac
1146 2613 1410 2683 quidquid
1438 2614 1505 2668 ad
1533 2616 1860 2684 voluptatem
1890 2613 2052 2679 facit,

485 2703 980 2772 superinjicientes,
1003 2705 1067 2759 ad
1090 2706 1392 2760 satietatem
1421 2721 1548 2761 vero
1571 2707 1920 2776 cupiditatem
1947 2723 2054 2761 non

369 2824 378 2831 -
484 2796 834 2851 deducentes.
855 2795 988 2862 Quis
1009 2796 1392 2851 animadvertit
1413 2798 1479 2852 ad
1503 2799 1744 2852 avaritiae
1765 2801 2056 2852 terminum

488 2896 803 2955 perventura
834 2904 956 2942 esse
990 2903 1084 2958 per
1121 2889 1171 2941 iul
1195 2929 1210 2954 ,
1247 2890 1390 2958 quod
1424 2891 1721 2944 accesserit
1772 2891 1952 2945 avaris
2003 2891 2056 2944 id

485 2978 631 3046 quod
661 2980 976 3048 qua‘rebant
999 2980 1021 3032 ?
1047 2981 1170 3048 quis
1203 2980 1428 3034 honoris
1459 2981 1650 3033 insana
1681 2981 1935 3049 cupidine
1964 2995 2058 3034 ca-

487 3077 644 3136 ptus.
693 3069 1006 3124 ambitionis
1048 3069 1206 3122 linem
1259 3068 1415 3134 fecit,
1469 3078 1753 3124 assecutus
1797 3084 1890 3131 ea,
1939 3084 2060 3137 quae

484 3160 808 3228 expetebat?
833 3161 944 3230 jam
979 3177 1109 3214 vero
1137 3161 1233 3231 qui
1267 3163 1600 3231 voluptatem
1632 3161 1867 3232 explevit
1900 3176 2057 3216 acro-

2160 1977 2427 2047 πλήσμιον
2471 1978 2679 2045 γίνεται
2724 1981 2835 2039 τοῖς
2881 1979 3306 2044 σπουδάζουσιν,
3337 1982 3487 2044 ἀλλὰ,
3543 1988 3758 2052 καθώς

2159 2065 2290 2134 φησί
2322 2082 2421 2119 που
2453 2065 2518 2118 δι’
2545 2066 2861 2134 αἰνίγματος
2889 2067 2921 2136 ή
2950 2066 3138 2135 Σοφίαο
3166 2070 3345 2134 Πίθος
3375 2074 3752 2142 τετρημένος

2157 2157 2326 2209 ἐστὶν
2354 2158 2391 2223 ἡ
2411 2158 2543 2223 περὶ
2572 2157 2679 2221 τὰς
2709 2156 2935 2222 ἡδονὰς
2962 2158 3252 2226 ἀσχολίαο
3269 2155 3313 2228 ᾧ
3335 2162 3560 2216 πάντοτε
3587 2169 3758 2220 κατὰ

2160 2248 2395 2317 σπουδὴν
2432 2246 2821 2311 ἐπαντλοῦντες
2844 2286 2860 2313 ,
2893 2249 3215 2319 ἀπλήρωτόν
3246 2269 3364 2304 τινα
3398 2255 3490 2307 καὶ
3528 2258 3752 2325 ἀνήνυ-

2157 2355 2248 2391 τον
2270 2338 2667 2392 ἐπιδεικνῦνται
2695 2340 2860 2393 κόπον
2880 2343 2928 2393 oi
2959 2342 3088 2411 περὶ
3115 2341 3287 2395 ταῦτα
3318 2346 3750 2411 σπουδάζοντες,

2159 2429 2437 2499 ἐγχέοντες
2473 2431 2570 2500 μέν
2599 2431 2683 2484 ἀεί
2707 2448 2759 2484 τι
2797 2431 2878 2502 τῷ
2908 2431 3052 2503 βυθῷ
3084 2435 3179 2504 τῆς
3207 2434 3514 2505 ἐπιθυμίας,
3544 2439 3641 2492 καὶ
3676 2440 3754 2492 τὸ

2158 2521 2294 2590 πρὸς
2332 2521 2522 2592 ἡδονὴν
2576 2521 3028 2594 ἐπεμϐάλλοντες,
3056 2526 3136 2587 είς
3182 2525 3341 2596 κόρον
3373 2527 3427 2580 δέ
3464 2529 3564 2600 τὴν
3609 2532 3749 2582 ἐπιο

2158 2610 2354 2681 θυμίαν
2385 2611 2486 2664 οὐκ
2511 2611 2752 2679 ἄγοντες.
2771 2612 2866 2677 Τίς
2894 2612 3033 2682 ἔγνω
3058 2615 3155 2684 τῆς
3185 2615 3545 2688 φιλαργυρίας
3566 2620 3729 2690 ὅρον,

2157 2703 2243 2756 διὰ
2268 2701 2361 2757 τοῦ
2393 2704 2783 2771 προσγενέσθαι
2828 2708 2940 2769 τοῖς
2980 2706 3371 2779 φιλαργυροῦσι
3392 2709 3453 2762 τὸ
3487 2713 3743 2764 σπουδα-

2159 2793 2381 2863 ζόμενον
2406 2811 2421 2860 ;
2448 2795 2543 2858 Τίς
2593 2795 2899 2866 δοξομανῶν
2945 2796 3155 2868 ἔληξεν,
3199 2800 3256 2852 ἐν
3308 2800 3385 2872 τῷ
3432 2805 3614 2871 τυχεῖν
3650 2797 3742 2856 ὧν

2158 2885 2488 2948 ἐσπούδαζεν
2508 2888 2567 2950 ;ό
2584 2886 2640 2940 δὲ
2665 2887 2766 2958 τὴν
2787 2887 2980 2959 ήδονὴν
3002 2889 3276 2960 ἐκπλήσας
3305 2893 3364 2945 ἐν
3385 2894 3743 2964 ἀκροάμασιν

2157 2973 2191 3043 ἦ
2221 2973 2652 3046 θεάμασιν,ῆτῇ
2705 2977 2832 3047 περὶ
2881 2979 3124 3049 γαστέρα
3171 2981 3266 3032 καὶ
3312 2981 3446 3050 μετά
3483 2985 3746 3054 γαστέρα

2162 3062 2331 3132 μανίᾳ.
2359 3063 2453 3114 καὶ
2482 3061 2652 3135 λύσσῃ
2674 3079 2686 3093 ο
2709 3063 2761 3116 τί
2793 3057 2951 3135 εὗρεν
2975 3067 3040 3118 ἐκ
3070 3067 3166 3138 τῆς
3200 3068 3550 3135 ἀπολαύσεως
3579 3074 3743 3144 αὐτῷ

2157 3151 2362 3222 ταύτης
2406 3154 2822 3223 περιγενόμενον
2846 3172 2860 3220 ;
2888 3155 2962 3208 Οὐ
3008 3156 3188 3226 πάσης
3217 3159 3408 3231 ήδονῆς
3443 3157 3586 3226 εἶδος
3627 3165 3742 3234 τῆς

486 3253 761 3307 annalibus
787 3255 1182 3321 spectaculisve
1202 3296 1216 3320 ,
1240 3263 1340 3310 aut
1367 3256 1573 3309 insanis
1599 3263 1653 3308 et
1680 3255 1904 3310 furiosis
1929 3272 2055 3309 ven-

2159 3243 2247 3296 διὰ
2289 3242 2534 3313 σώματος
2579 3244 3028 3316 ἐκπληρουμένης
3063 3247 3198 3317 ὁμοῦ
3225 3248 3304 3319 τῷ
3355 3252 3741 3321 προσπελάσαςι

484 3343 586 3396 tris
613 3343 811 3398 studiis
833 3382 846 3406 ,
881 3351 973 3396 aut
1017 3344 1085 3398 iis
1130 3344 1292 3398 rebus
1331 3343 1637 3407 sectandis,
1667 3358 1787 3412 qua:
1814 3353 2058 3398 ventrem

487 3434 704 3502 plenum
735 3435 993 3504 consequi
1025 3437 1202 3490 solent
1231 3453 1243 3489 τ
1283 3435 1411 3504 quid
1445 3434 1549 3488 sibi
1577 3443 1642 3488 ex
1667 3450 1764 3502 eo,
1795 3435 1938 3504 quod
1973 3435 2059 3489 his

485 3525 649 3578 rebus
684 3523 788 3576 frui
840 3533 1002 3594 atque
1033 3525 1191 3593 potiri
1223 3525 1406 3586 licuit.
1446 3517 1732 3594 superesse
1761 3527 2060 3596 deprehen-

485 3615 609 3668 dit?
672 3614 866 3668 Annon
930 3617 1107 3669 omnis
1157 3616 1447 3685 voluptatis
1486 3617 1727 3685 species,
1774 3633 1896 3686 qua:
1935 3632 2059 3671 cor-

486 3721 620 3775 pore
655 3707 970 3776 percipitur,
1003 3708 1164 3762 simul
1199 3717 1361 3778 atque
1395 3709 1880 3778 appropinquavit,
1917 3724 2055 3780 prte-

487 3800 750 3863 tervolat,
776 3814 844 3852 ne
870 3799 1253 3853 brevissimum
1285 3799 1502 3869 quidem
1535 3807 1750 3870 tempus
1777 3800 1918 3870 apud
1940 3816 2056 3864 eos,

485 3890 578 3961 qui
631 3891 777 3944 illam
823 3892 1100 3959 attigerint
1127 3929 1142 3954 ,
1196 3891 1473 3944 manens?
1503 3888 1655 3942 Hanc
1695 3891 1858 3960 igitur
1889 3891 2059 3944 subli-

486 3996 649 4044 mem,
681 3989 883 4036 certam
917 3982 1272 4051 stabilemque
1303 3983 1626 4036 sententiam
1663 3998 1693 4034 a
1717 3981 1942 4036 Domino
1971 3984 2059 4037 di-

485 4073 725 4139 scimus,
757 4073 905 4143 quod
939 4074 1115 4127 solum
1149 4073 1372 4129 virtutis
1405 4072 1650 4128 studium
1685 4074 1740 4126 in
1771 4073 1930 4129 nobis
1959 4089 2056 4128 ex-

497 4164 738 4227 sistens,
775 4161 1021 4227 stabilis,
1056 4163 1198 4226 lixa,
1234 4163 1388 4216 ﬁrma
1412 4203 1428 4229 ,
1463 4163 1882 4232 consistensque
1911 4177 2058 4232 qua:-

487 4257 612 4310 dam
649 4271 737 4312 res
763 4257 857 4313 sit.
887 4256 1024 4310 Nam
1053 4256 1147 4326 qui
1182 4254 1386 4326 aliquid
1415 4271 1481 4312 ex
1525 4256 1690 4312 rebus
1733 4257 2058 4311 sublimibus

485 4355 772 4401 assecutus
801 4353 918 4410 est,
957 4346 1105 4400 verbi
1141 4347 1316 4417 gratia
1336 4386 1352 4413 ,
1381 4346 1774 4401 continentiam
1794 4386 1810 4410 ,
1851 4356 2057 4414 tempe-

484 4437 721 4491 rantiam
743 4474 759 4501 ,
790 4431 1111 4492 modestiam
1137 4436 1232 4491 aut
1262 4437 1688 4493 moderationem
1711 4477 1728 4504 ,
1764 4447 1857 4492 aut
1883 4438 2057 4507 pieta-

485 4536 592 4581 tem
623 4541 752 4598 erga
789 4542 990 4582 numen
1019 4527 1261 4583 divinum
1284 4567 1300 4593 ,
1344 4538 1437 4583 aut
1466 4530 1612 4584 illaut
1643 4531 1953 4599 quampiam
1983 4545 2052 4583 ex

485 4617 812 4673 sublimibus
861 4606 1070 4688 pariter
1117 4627 1172 4674 et
1215 4620 1542 4689 evangelicis
1587 4619 1888 4685 doctrinis,
1941 4634 2053 4674 non

486 4707 862 4762 transitoriam
901 4715 956 4762 et
991 4709 1374 4778 temporariam
1405 4709 1474 4764 ob
1505 4709 1929 4778 unumquodque
1959 4725 2054 4765 eo-

484 4811 642 4862 rum,
675 4811 798 4866 qua:
827 4806 1161 4854 consecutus
1195 4806 1279 4854 est
1302 4839 1316 4862 ,
1349 4805 1404 4853 et
1447 4799 1754 4855 instabilem
1810 4799 2052 4855 laetitiam

482 4889 683 4953 habet,
733 4887 830 4942 sed
873 4897 1252 4954 constantem,
1303 4899 1752 4959 permanentem,
1803 4901 1858 4947 et
1905 4893 2052 4948 omni

484 4981 660 5048 spatio
713 4979 838 5034 vita:
882 4979 1192 5036 durantem.
1238 4979 1456 5046 Quare?
1488 4983 1616 5052 quia
1671 4983 1784 5039 haec
1829 4985 2050 5055 quidem

485 5086 700 5141 semper
723 5071 860 5126 licet
890 5085 1049 5140 agere
1071 5110 1088 5134 ,
1119 5086 1182 5126 ac
1224 5072 1434 5126 nullum
1486 5085 1570 5128 est
1616 5079 1875 5145 temporis
1906 5093 2049 5146 pun-

483 5171 634 5213 ctum
659 5161 711 5213 in
741 5161 890 5214 omni
924 5165 1044 5216 vitae
1066 5161 1268 5231 spatio,
1307 5163 1452 5232 quod
1500 5167 1657 5219 bonae
1707 5167 1939 5222 actionis
1971 5168 2052 5221 in-

481 5260 702 5320 generet
737 5253 1060 5308 satietatem.
1101 5251 1236 5306 Nam
1277 5262 1330 5308 et
1372 5254 1708 5310 continentia
1745 5263 1802 5310 et
1839 5258 2051 5326 paritas

485 5343 654 5397 animi
690 5352 745 5398 et
769 5345 822 5398 in
855 5346 1005 5399 omni
1035 5346 1176 5400 bono
1199 5347 1508 5408 constantia
1529 5386 1544 5411 ,
1591 5355 1647 5402 et
1674 5349 1863 5405 vitatio
1892 5352 2050 5418 mali,

487 5435 664 5490 donec
687 5435 888 5506 aliquis
912 5437 1166 5492 virtutem
1195 5438 1298 5492 sibi
1327 5439 1656 5508 propositam
1686 5440 1846 5496 habet
1864 5481 1879 5506 ,
1908 5458 2053 5498 sem-

487 5542 584 5596 per
613 5536 962 5593 exercentur,
1015 5537 1068 5584 et
1109 5545 1214 5584 una
1261 5543 1385 5583 cum
1429 5531 1646 5584 actione
1695 5540 1750 5584 et
1781 5534 2052 5588 exercita-

478 5620 628 5673 tione
670 5634 793 5674 scse
832 5623 1220 5689 producentem
1254 5629 1308 5676 et
1340 5621 1626 5678 durantem
1671 5623 1914 5679 laetitiam
1953 5625 2053 5679 hac

481 5710 631 5762 bent.
671 5708 731 5763 in
769 5711 839 5768 iis
877 5722 1056 5768 autem
1080 5753 1095 5779 ,
1128 5713 1223 5784 qui
1251 5713 1509 5771 absurdis
1537 5715 1930 5786 cupiditatibus
1961 5733 2050 5772 ar-

480 5798 648 5867 dent,
676 5802 888 5862 etiamsi
917 5820 1130 5876 semper
1175 5809 1355 5863 anima
1399 5822 1586 5863 eorum
1631 5819 1838 5876 spectet
1883 5811 2048 5866 lasci-

2163 3333 2653 3404 παρίπταται,ούδέ
2681 3336 2814 3405 πρὸς
2834 3335 2894 3387 τὸ
2925 3335 3260 3406 βραχύτατον
3289 3341 3400 3403 τοῖς
3426 3341 3738 3412 ἁψαμένοις

2161 3426 2332 3496 αὐτῆς
2355 3426 2806 3497 παραμενούσης;
2839 3427 3008 3482 Τοῦτο
3032 3429 3211 3483 τοίνυν
3240 3431 3302 3484 τὸ
3334 3433 3529 3504 ὑψηλὸν
3551 3436 3739 3506 δόγμα

2160 3515 2312 3587 παρὰ
2343 3515 2437 3569 τοῦ
2476 3517 2680 3588 Κυρίου
2711 3517 3074 3589 μανθάνομεν,
3101 3521 3183 3574 ὅτι
3211 3523 3350 3594 μόνη
3377 3526 3410 3594 ή
3443 3525 3563 3578 κατ’
3599 3529 3735 3598 dpe-

2160 3606 2256 3678 τὴν
2285 3609 2415 3677 ἡμῖν
2453 3609 2774 3679 ἐγγινομένη
2815 3609 3018 3682 σπουδὴ
3058 3611 3256 3681 πάγιόν
3290 3613 3343 3666 τί
3376 3617 3609 3674 ἐστικαὶ
3643 3621 3736 3670 ἐν-

2161 3699 2480 3752 υπόστατον.
2533 3700 2590 3752 '0
2614 3699 2722 3768 γάρ
2755 3718 2807 3753 τι
2843 3701 2948 3755 τῶν
2981 3703 3200 3775 ὑψηλῶν
3223 3706 3594 3777 κατορθώσας,
3616 3704 3740 3764 οἷον

2161 3790 2530 3862 σωφροσύνην,
2566 3789 2598 3860 ἦ
2647 3793 2994 3864 μετριότητα,
3020 3794 3052 3865 ἢ
3088 3795 3188 3866 τὴν
3213 3795 3349 3867 πρὸς
3371 3797 3432 3851 τὸ
3456 3798 3612 3853 Θεῖον
3639 3803 3734 3854 εὑ-

2161 3880 2394 3944 σέόειαν,
2429 3880 2462 3951 ἢ
2506 3881 2633 3936 ἄλλο
2667 3899 2718 3935 τι
2743 3883 2852 3936 τῶν
2893 3883 3108 3954 ὑψηλῶν
3138 3901 3201 3938 τε
3234 3888 3328 3940 καὶ
3355 3888 3730 3958 εὐαγγελικῶν

2157 3971 2515 4042 διδαγμάτων,
2542 3973 2602 4024 ού
2631 3974 2928 4046 παροδικὴν
2961 3976 3046 4045 ἐφ’
3074 3976 3288 4048 ἐκάστῳ
3317 3979 3425 4032 τῶν
3451 3981 3731 4052 κατορθω-

2160 4063 2344 4133 μάτων
2373 4064 2466 4116 καὶ
2492 4064 2722 4118 ἄστατον
2742 4065 2840 4137 τὴν
2864 4067 3201 4139 εὐφροσύνην
3226 4067 3361 4140 ἔχει,
3378 4070 3490 4124 ἀλλ’
3513 4057 3728 4144 ἐνιδρυὲ

2160 4155 2326 4225 μένην
2353 4155 2445 4207 καὶ
2482 4154 2839 4223 διαμένουσαν
2859 4198 2876 4221 ,
2901 4157 2995 4210 καὶ
3023 4159 3186 4212 πανῇΙ
3218 4165 3725 4234 συμπαρατεινομέ-

2157 4263 2252 4316 νην
2272 4245 2348 4316 τῷ
2373 4249 2471 4316 τῆς
2500 4245 2646 4316 ζωῆς
2672 4247 3018 4318 διαστήματι.
3042 4249 3142 4303 Διὰ
3161 4248 3246 4315 τί;
3269 4249 3392 4304 ’Ότι
3415 4251 3589 4307 ταῦτα
3625 4255 3727 4324 μὲν

2156 4336 2326 4403 ἔξεστι
2346 4336 2642 4401 ’διαπαντὸς
2670 4339 2909 4410 ἐνεργεῖν
2929 4381 2942 4404 ,
2971 4341 3064 4394 καὶ
3090 4341 3266 4406 οὐδείς
3303 4346 3417 4397 ἐστι
3449 4346 3638 4415 καιρὸς
3666 4348 3729 4398 ἐν

2156 4429 2319 4484 παντὶ
2346 4426 2423 4498 τῷ
2459 4428 2559 4498 τῆς
2607 4426 2752 4499 ζωῆς
2795 4428 3142 4500 διαστήματι,
3173 4431 3271 4501 τῆς
3313 4433 3520 4503 ἀγαθῆς
3567 4435 3726 4503 κόρον

2156 4519 2399 4590 ἐμποιῶν
2433 4519 2732 4590 ἐνεργείας.
2752 4519 2825 4572 Ἥ
2845 4540 2902 4578 τε
2914 4520 3022 4593 γὰρ
3045 4523 3361 4596 σωφροσύνη
3387 4526 3480 4578 καί
3502 4528 3536 4596 ἡ
3565 4526 3727 4579 καθα-

2159 4612 2340 4684 ρότης,
2372 4611 2466 4664 καὶ
2495 4611 2557 4666 τὸ
2607 4610 2664 4665 ἐν
2693 4611 2856 4665 παντὶ
2879 4611 3068 4684 ἀγαθῷ
3103 4614 3513 4685 ἀμετάπτωτον,
3544 4617 3642 4669 καὶ
3666 4617 3727 4670 τὸ

2155 4701 2292 4772 πρὸς
2323 4701 2384 4754 τὸ
2432 4701 2598 4755 κακὸν
2641 4700 3004 4774 ἀκοινώνητον
3043 4704 3132 4758 ἀεὶ
3163 4706 3495 4777 ἐνεργεῖται,
3519 4707 3625 4771 ἕως
3659 4709 3726 4761 ἀν

2153 4809 2236 4856 τις
2264 4791 2401 4862 πρὸς
2427 4792 2625 4864 ἀρετὴν
2648 4792 2846 4866 βλέπῃ,
2879 4794 2973 4848 καὶ
3005 4799 3582 4869 συμπαρατεινομένην
3615 4799 3725 4870 ἔχει

2153 4886 2219 4954 τῇ
2255 4884 2500 4954 ἐνεργείᾳ
2515 4883 2612 4952 τὴν
2646 4884 3000 4956 εὐφροσύνην.
3047 4886 3169 4939 Ἐιιὶ⁵
3199 4887 3258 4939 δὲ
3299 4887 3409 4940 τῶν
3449 4893 3567 4952 ταῖς
3598 4891 3722 4942 ἀτόο

2154 4991 2276 5037 ποις
2301 4974 2619 5044 ἐπιθυμίαις
2651 4975 3047 5047 ἐκκεχυμένων,
3071 4975 3173 5030 κάν
3220 4977 3513 5042 διαπαντὸς
3543 4980 3724 5042 αὐτοῖς

2154 5067 2187 5136 ή
2216 5064 2360 5135 ψυχὴ
2413 5064 2581 5136 βλέπῃ
2621 5065 2766 5137 πρὸς
2806 5067 2868 5118 τὸ
2900 5068 3197 5122 ἀκόλαστον
3217 5107 3232 5132 ,
3257 5068 3371 5122 ἀλλ’
3396 5069 3500 5122 οὐκ
3527 5071 3617 5122 ἀεὶ
3664 5069 3723 5122 τὺ

2153 5157 2375 5228 ἥδεσθαι
2431 5158 2714 5230 πάρεστιν.
2766 5158 2876 5228 Τήν
2919 5175 2978 5212 τε
3030 5159 3138 5230 γὰρ
3178 5159 3310 5230 περὶ
3354 5161 3456 5230 τὴν
3520 5159 3721 5231 βρῶσιν

2153 5240 2388 5312 λιχνείαν
2416 5243 2444 5295 ὁ
2485 5243 2646 5314 κόρος
2678 5242 2924 5312 ἔστησεν,
2954 5246 3048 5298 καὶ
3076 5247 3110 5315 ἠ
3153 5245 3246 5299 τοῦ
3281 5245 3527 5311 πίνοντος
3559 5247 3719 5318 ἡδονή

2153 5333 2595 5403 συγκατεσϐέσθη
2623 5337 2688 5405 τῇ
2716 5335 2861 5407 δίψῃ,
2891 5335 2984 5388 καὶ
3010 5335 3080 5389 τὰ
3108 5335 3244 5390 ἄλλα
3279 5338 3421 5392 κατά
3447 5339 3538 5392 τὸν
3559 5339 3717 5393 αὐτὸν

2149 5423 2348 5492 τρόπον
2390 5424 2483 5476 καὶ
2521 5423 2714 5492 χρόνου
2754 5423 2895 5486 τινὸς
2930 5422 3141 5496 χρῄζει,
3170 5427 3266 5480 καὶ
3305 5425 3712 5497 διαλείμματος,

2150 5511 2290 5565 ῶστε
2322 5510 2693 5582 μαρανθείσης
2726 5511 2832 5564 ἀπὸ
2860 5511 2960 5581 τῆς
2988 5512 3179 5584 ἡδονῆς
3207 5514 3300 5570 καὶ
3331 5515 3430 5587 τῆς
3472 5514 3716 5585 πλησμο-

2150 5605 2269 5676 νῆς,
2296 5606 2458 5659 πάλιν
2491 5602 2858 5674 ἀνακληθῆναι
2883 5605 2978 5676 τὴν
3000 5602 3092 5658 τοῦ
3123 5604 3405 5676 ήδύνοντος
3425 5605 3622 5678 ὄρεξιν.
3649 5606 3709 5657 'll

2147 5695 2203 5749 δὲ
2229 5697 2330 5766 τῆς
2353 5696 2552 5767 ἀρετῆς
2578 5697 2768 5767 κτῆσις
2784 5738 2798 5761 ,
2822 5690 2901 5758 οἷς
2934 5695 2998 5748 ἂν
3021 5695 3167 5759 ams
3191 5695 3420 5764 βεϐαίως
3442 5695 3705 5766 ἐνιδρυθῇ.

2149 5787 2210 5840 οὐ
2241 5788 2420 5858 χρόνῳ
2471 5791 2780 5859 μετρεῖται,
2804 5785 2925 5841 οὔτε
2969 5786 3114 5856 κόρῳ
3150 5784 3546 5859 περιορίζεταιο
3576 5786 3705 5839 ἀλλά
