4004 6510
254 445 396 501 12ίῦ

1278 452 1363 507 DE
1403 450 2002 511 BEATITUDINIBUS.
2022 453 2282 512 ORATIO
2314 455 2405 511 IV.

3366 453 3503 510 1266

252 561 486 614 πάντοτε
522 563 633 626 τοῖς
649 565 769 616 κατ’
795 564 960 637 αὐτὴν
991 565 1158 630 ζῶσιν
1188 570 1466 641 άκραιφνῆ
1494 588 1555 624 τε
1588 572 1680 624 καὶ
1706 588 1828 625 νεα-

1953 573 2070 625 riam
2104 580 2157 626 et
2187 570 2636 626 incontinentiam
2660 610 2675 636 ,
2706 576 2946 624 attamen
2980 582 3089 629 non
3125 583 3340 637 semper
3369 586 3498 639 gau-

254 652 377 720 ράν,
410 653 505 705 καλ⁸
539 654 890 723 ἀκμάζουσαν
922 656 1031 709 τῶν
1060 658 1203 713 ίδίων
1228 661 1448 728 ἀγαθῶν
1476 663 1703 733 παρέχει
1732 661 1828 733 τὴν

252 740 524 809 αἴσθησιν.
544 743 633 795 Διὸ
661 747 772 806 τοῖς
797 743 965 798 ταῦτα
993 748 1268 815 πεινῶσιν,
1303 752 1333 804 6
1366 751 1498 814 Θεδς
1533 752 1703 819 Λόγος
1731 752 1829 822 τὴν

254 832 574 903 πλησμονὴν
624 835 1015 903 ἐπαγγέλλεται
1056 856 1071 871 ο
1120 840 1436 912 πλησμονὴν
1494 844 1828 907 ἐξάπτουσαν

253 921 406 991 κόρῳ
430 922 527 993 τὴν
552 923 729 994 ὄρεξιν
747 966 760 989 ,
787 927 885 979 οὐκ
916 928 1313 998 άμδλύνουσαν.
1345 933 1513 988 Τοῦτο
1538 932 1631 989 οὖν
1660 937 1827 999 ἐστιν,

252 1012 284 1064 ὃ
324 1013 564 1067 διδάσκει
602 1017 666 1067 ὲκ
706 1016 799 1069 τοῦ
830 1018 1033 1089 ὑψηλοῦ
1063 1020 1170 1074 τῶν
1208 1025 1494 1093 νοημάτων
1529 1026 1686 1097 ὅρους
1716 1029 1831 1082 δια-

255 1103 570 1174 λεγόμενος,
606 1106 685 1178 τῷ
726 1109 915 1179 μηδενὶ
955 1112 1181 1183 τοιούτῳ
1216 1114 1316 1185 τὴν
1353 1115 1643 1187 ἐπιθυμίαν
1676 1119 1831 1188 ήμῶν

256 1194 673 1265 προσασχολεῖν,
718 1189 779 1249 οῦ
813 1198 977 1268 μηδὲν
1012 1201 1297 1272 πρόκειται
1329 1205 1443 1268 τοῖς
1472 1207 1828 1271 σπουδάζουσι

257 1283 456 1387 πέρας,
492 1285 549 1337 ἐν
581 1279 663 1387 οἷς
694 1287 895 1387 ματαία
922 1305 981 1340 τε
1003 1289 1097 1387 καὶ
1125 1292 1349 1361 ἀνόητός
1377 1294 1526 1348 ἐστιν
1547 1297 1579 1367 ή
1604 1298 1875 1387 σπουδήν

257 1374 513 1445 καθάπερ
542 1378 653 1438 τοῖς
680 1380 745 1447 τῇ
781 1384 990 1452 κορυφῇ
1024 1382 1122 1451 τῆς
1166 1384 1374 1438 ἑαυτῶν
1411 1387 1569 1449 σκιᾶς
1616 1374 1832 1459 ὲπιτρέΖ

257 1481 469 1535 χουσιν,
515 1460 647 1529 οἷςό
691 1469 890 1539 δρόμος
939 1473 1031 1525 ἐπὶ
1071 1474 1132 1526 τὸ
1163 1477 1424 1545 ἀνήνυτον
1470 1479 1727 1549 φέρεται,
1757 1483 1835 1545 είς

260 1558 440 1610 ἐκεῖνο
466 1558 553 1611 ἀεὶ
573 1561 782 1629 ταχέως
804 1562 896 1614 τοῦ
917 1564 1245 1635 διωκομένου
1278 1568 1585 1635 ὑπεξιόντος
1614 1571 1690 1641 τῷ
1713 1573 1833 1625 ἐπι-

259 1646 508 1717 τρέχοντι
552 1665 565 1678 ’
599 1649 713 1702 ἀλλ’
752 1653 870 1704 ἐκεῖ
920 1654 1114 1723 τρέψαι
1158 1656 1255 1727 τὴν
1311 1658 1520 1727 ὄρεξιν,
1564 1662 1621 1713 ἐν
1669 1656 1751 1725 οἷς
1799 1662 1833 1732 ἡ

264 1739 467 1810 σπουδὴ
498 1742 680 1811 κτῆμα
702 1742 797 1794 τοῦ
836 1745 1225 1811 σπουδάζοντος
1249 1748 1476 1816 γίνεται.
1519 1752 1574 1804 ’0
1598 1751 1706 1823 γὰρ
1735 1753 1835 1822 τῆς

263 1827 467 1897 ἀρετῆς
495 1829 858 1900 ἐπιθυμήσας,
898 1834 1081 1903 κτῆμα
1125 1836 1254 1889 ἴδιον
1284 1839 1587 1892 ποιεῖταιτὸ
1612 1840 1830 1907 ἀγαθὸν,

1928 664 2056 719 dere
2100 664 2245 718 licet.
2292 661 2427 717 Nam
2474 670 2528 716 et
2575 660 2888 716 aviditatem
2930 658 3039 713 cibi
3087 660 3499 712 immoderatam

1929 753 2157 808 satietas
2185 753 2359 817 sistit,
2393 766 2443 806 et
2494 750 2731 806 bibentis
2776 749 3029 818 voluptas
3080 763 3185 801 una
3236 762 3357 800 cum
3409 745 3502 799 siti

1929 841 2326 910 exstinguitur,
2373 849 2678 909 caleraque
2730 839 2797 892 ad
2856 839 3109 893 eumdem
3168 835 3387 889 modum
3449 844 3502 888 et

1930 941 2171 1003 tempore
2210 934 2392 1004 aliquo
2433 947 2572 1003 opus
2619 932 2818 986 habent
2856 939 2911 986 et
2954 928 3268 991 intervallo,
3318 937 3377 980 ut
3406 942 3503 981 ex-

1932 1024 2165 1078 stinctus
2195 1039 2224 1077 a
2254 1024 2534 1094 voluptate
2579 1029 2633 1077 et
2679 1023 2928 1077 satietate
2972 1036 3167 1077 rursus
3212 1024 3504 1075 revocetur

1932 1113 2054 1183 ejus
2093 1114 2236 1184 quod
2261 1114 2500 1169 delectat
2540 1121 2592 1168 et
2634 1112 2809 1183 placet
2846 1111 3138 1181 appetitus.
3184 1110 3261 1163 Ac
3287 1108 3505 1162 virtutis

1932 1209 2206 1277 possessio
2256 1206 2678 1276 quibuscunqne
2729 1202 2895 1257 semel
2937 1201 3163 1254 ﬁrmiter
3207 1199 3499 1262 insederit,

1932 1312 2039 1351 non
2073 1298 2332 1366 temporis
2367 1294 2611 1363 subjacet
2640 1305 2944 1354 mensurae,
2982 1304 3089 1343 non
3118 1289 3367 1343 satietate
3391 1298 3505 1341 ter-

1933 1388 2193 1450 minatur,
2245 1386 2340 1441 sed
2391 1399 2607 1454 semper
2631 1398 2861 1453 purum,
2892 1380 3276 1449 sincerumque
3316 1389 3370 1433 et
3421 1394 3503 1433 re-

1933 1486 2142 1534 centem
2162 1515 2178 1538 ,
2211 1491 2275 1530 ac
2305 1477 2575 1546 vigentem
2617 1474 2915 1529 secundum
2946 1486 3005 1526 se
3037 1471 3343 1526 viventibus
3380 1485 3506 1525 sen-

1934 1585 2056 1624 sum
2092 1583 2320 1623 suorum
2354 1568 2619 1620 bonorum
2652 1565 2872 1635 praebet.
2915 1562 3277 1629 Quamobrem
3310 1562 3378 1615 iis
3413 1561 3505 1630 qui

1935 1659 2050 1713 haec
2077 1658 2325 1713 esuriunt
2346 1696 2359 1721 ,
2389 1656 2531 1711 Deus
2552 1654 2790 1710 Verbum
2814 1655 3176 1724 expletionem
3204 1652 3502 1721 promittit:

1934 1751 2293 1819 expletiouem
2313 1789 2328 1814 ,
2353 1749 2575 1818 inquam
2598 1788 2612 1811 ,
2644 1762 2765 1817 quae
2793 1747 3043 1801 satietate
3070 1743 3366 1806 accendat,
3398 1756 3508 1797 non

1937 1842 2154 1897 hebetet
2196 1840 2514 1911 appetitum.
2558 1838 2673 1893 Hoc
2716 1840 2880 1909 igitur
2927 1844 3009 1893 cst
3059 1835 3205 1907 quod
3244 1836 3402 1890 docet
3440 1835 3511 1888 ab

263 1919 323 1969 ἐν
350 1918 523 1989 ἑαυτῷ
555 1919 765 1989 βλέπων
794 1924 822 1975 δ
854 1924 1218 1995 ἐπεθύμησεν.
1247 1929 1528 2001 Μακάριος
1554 1927 1646 1985 οῦν
1672 1933 1700 1984 ὀ
1722 1951 1838 1987 πει-

1953 1931 2160 1986 excelso
2212 1910 2583 1985 intellectuum
2644 1936 2826 1981 monte
2866 1926 3270 1989 sermocinans,
3316 1938 3511 1993 nempe

264 2010 436 2073 νάσας
492 2012 592 2082 τὴν
648 2016 1038 2088 σωφροσύνην·
1076 2021 1517 2092 ἐμπλησθήσεται
1570 2026 1678 2097 γὰρ
1741 2028 1839 2097 τῆς

265 2101 655 2173 καθαρότητος.
692 2105 756 2157 Ἣ
784 2107 841 2159 δὲ
890 2108 1207 2182 πλησμονὴ,
1237 2112 1418 2178 καθὼς
1465 2116 1676 2187 εἴρηται
1696 2161 1710 2184 ,
1740 2119 1839 2171 οὐκ

264 2192 654 2265 ἀποστροφὴν,
690 2196 805 2248 ἀλλ’
844 2199 1092 2255 ἐπίτασιν
1141 2206 1284 2257 ποιεῖ
1330 2206 1427 2277 τῆς
1469 2207 1719 2278 ὀρέξεως,
1747 2211 1841 2262 καὶ

268 2289 590 2354 συναύξεται
618 2292 865 2363 ἀλλήλοις
898 2296 1036 2350 κατὰ
1069 2299 1131 2352 τὸ
1173 2294 1288 2352 ἴσον
1315 2302 1617 2373 ἀμφότερα.
1658 2305 1734 2375 Τῇ
1780 2322 1837 2357 τε

267 2378 379 2450 γάρ
406 2381 670 2455 ἐπιθυμία
694 2385 793 2453 τῆς
827 2386 1027 2457 ἀρετῆς
1066 2390 1098 2459 ἡ
1130 2388 1223 2441 τοῦ
1260 2390 1689 2462 ὲπιθυμηθέντος
1712 2394 1841 2463 κτῆ-

273 2487 354 2532 σις
388 2472 821 2544 ἐπηκολούθησεν
842 2492 855 2505 ·
881 2478 975 2529 καὶ
996 2479 1056 2530 τὸ
1078 2480 1428 2551 ἐγγενόμενον
1453 2484 1653 2549 ἀγαθὸν
1676 2486 1841 2538 ἄπαυ-

270 2579 389 2615 στοκ
425 2564 523 2635 τὴν
552 2567 885 2639 εὐφροσύνην
904 2577 969 2641 τῇ
988 2570 1130 2642 ψυχῇ
1160 2576 1590 2644 συνεισήνεγκεν.
1608 2576 1839 2649 Τοιαύτη

269 2654 379 2727 γὰρ
408 2658 441 2727 ή
473 2658 566 2710 τοῦ
601 2659 804 2726 ἀγαθοῦ
851 2663 1038 2714 τούτου
1072 2663 1228 2731 φύσις
1261 2665 1427 2728 ἐστὶν,
1458 2667 1532 2729 ὡς
1569 2667 1641 2738 μὴ
1685 2670 1742 2720 ὲν
1767 2668 1842 2737 τῷ

273 2744 501 2813 παρόντι
530 2745 688 2811 μόνον
726 2748 1178 2815 καταγλυκαίνειν
1212 2750 1302 2802 τὸν
1328 2752 1697 2819 ἀπολαύοντα,
1728 2755 1843 2807 ἀλλ’

273 2834 332 2885 ὲν
360 2834 494 2886 πᾶσι
531 2837 641 2897 τοῖς
677 2835 771 2888 τοῦ
821 2838 1012 2906 χρόνου
1056 2840 1275 2911 μέρεσιν
1317 2843 1535 2913 ἐνεργὸν
1586 2845 1845 2915 παρέχειν

270 2925 373 2995 τὴν
410 2925 762 2996 εὐφροσύνην.
824 2929 934 2980 Καὶ
969 2929 1133 2999 γὰρή
1178 2932 1363 3001 μνήμη
1408 2932 1514 2985 τῶν
1544 2934 1718 3003 ὀρθῶς
1757 2935 1847 3005 βε-

1942 2031 2002 2077 ut
2032 2022 2098 2075 ad
2134 2022 2337 2075 nullam
2371 2018 2639 2088 ejusmodi
2672 2033 2785 2073 rem
2808 2058 2824 2083 ,
2874 2016 3227 2086 cupiditatem
3264 2024 3506 2070 nostram

1944 2114 2276 2183 applicemus
2300 2150 2314 2175 ,
2349 2113 2509 2180 cujus
2540 2111 2751 2165 nullum
2786 2109 3165 2179 expetentibus
3196 2108 3512 2177 propositus

1943 2212 2027 2259 est
2060 2203 2211 2264 ﬁnis,
2246 2203 2300 2256 in
2338 2203 2538 2270 quibus
2569 2208 2623 2256 et
2654 2216 2850 2255 vanum
2876 2240 2890 2264 ,
2935 2212 2986 2255 et
3038 2199 3226 2252 inutile
3272 2196 3510 2254 studium

1946 2304 2066 2350 est:
2119 2294 2575 2364 quemadmodum
2628 2293 2681 2346 in
2737 2293 2805 2347 iis
2858 2293 2949 2361 qui
2997 2290 3255 2345 verticem
3305 2287 3514 2341 umbrae

1946 2400 2060 2440 sua:
2092 2401 2256 2440 cursu
2290 2388 2676 2453 insequuntur,
2716 2397 2949 2452 quorum
3000 2397 3198 2436 cursus
3247 2380 3419 2433 fertur
3458 2376 3515 2431 in

1946 2476 2251 2537 inﬁnitum,
2306 2485 2359 2528 et
2409 2474 2818 2543 inexplicabile,
2882 2488 2947 2527 eo
2999 2486 3215 2540 semper
3265 2468 3516 2523 celeriter

1946 2568 2224 2631 elabenle,
2257 2580 2322 2621 eo
2351 2564 2494 2635 quod
2527 2568 2750 2636 petitur,
2784 2578 2892 2633 quo
2936 2577 3133 2617 cursus
3178 2560 3518 2629 insequentis

1946 2656 2257 2721 contendit,
2299 2656 2394 2712 sed
2440 2665 2497 2711 ut
2543 2656 2607 2710 ad
2639 2671 2733 2713 eas
2776 2672 2863 2712 res
2902 2656 3195 2726 appetitum
3234 2659 3518 2707 converta-

1946 2764 2068 2804 mus
2116 2750 2170 2804 in
2220 2749 2417 2819 quibus
2464 2765 2560 2820 per
2606 2750 2843 2805 studium
2890 2756 3039 2804 certa
3087 2745 3362 2817 possessio
3404 2750 3521 2798 stu-

1945 2839 2097 2895 denti
2141 2840 2468 2910 acquiritur.
2523 2838 2658 2894 Nam
2705 2841 2799 2910 qui
2858 2839 2925 2894 ad
2973 2824 3234 2893 virtutem
3281 2835 3515 2904 aspirat,

1947 2946 2059 2985 rem
2102 2932 2375 3001 propriam
2413 2932 2680 3001 acquirit,
2728 2932 2928 2987 bonum
2976 2928 3122 2999 quod
3163 2926 3421 2996 expetivit
3466 2924 3519 2976 in

274 3015 554 3084 ὕιωμένων
582 3015 863 3085 εὐφραίνει
894 3018 984 3070 τὸν
1011 3018 1431 3089 κατορθώσαντα
1450 3039 1462 3052 ·
1492 3022 1586 3075 καὶ
1610 3026 1642 3094 ή
1679 3025 1735 3076 ὲν
1769 3024 1846 3096 τῷ

1953 3038 2068 3079 sese
2088 3037 2339 3079 cernens.
2368 3024 2567 3079 Beatus
2608 3031 2693 3077 est
2734 3023 2899 3091 igitur
2926 3021 3017 3092 qui
3045 3019 3219 3074 esurit
3241 3015 3525 3072 continen—

276 3105 502 3178 παρόντι
529 3107 674 3178 ζωὴ,
708 3111 835 3163 ὅταν
870 3110 936 3163 δι’
985 3110 1183 3181 ἀρετῆς
1214 3110 1547 3180 διεξάγηται,
1576 3114 1669 3166 καὶ
1693 3116 1724 3184 ή
1748 3116 1846 3186 τῆς

1953 3115 2122 3180 tiam;
2164 3115 2477 3185 implebitur
2510 3114 2654 3169 enim
2706 3114 2961 3184 puritate.
3009 3110 3253 3180 Repletio
3310 3115 3520 3171 autem,

276 3196 596 3260 ἀντιδόσεως
634 3198 946 3268 προσδοκία,
984 3199 1049 3268 ἢν
1078 3199 1176 3251 οὐκ
1211 3199 1376 3269 ἀλλην
1406 3197 1544 3254 εἷναί
1574 3219 1693 3255 τινα
1719 3206 1849 3258 ὑπο-

1953 3207 2094 3261 sicut
2141 3206 2343 3259 dictum
2395 3214 2513 3270 est,
2550 3222 2658 3258 non
2694 3204 3085 3273 aversationem
3120 3212 3173 3256 et
3204 3198 3481 3254 fastidium
3505 3236 3521 3258 ,

275 3286 558 3355 λαμϐάνω,
585 3286 618 3357 ἢ
650 3288 816 3357 αὐτὴν
874 3286 1035 3340 πάλιν
1064 3285 1160 3357 τὴν
1201 3288 1420 3358 ἀρετὴν,
1458 3290 1490 3358 ἢ
1547 3291 1641 3342 καὶ
1689 3290 1848 3361 ἔργον

1954 3296 2046 3349 sed
2072 3296 2423 3349 intentionem
2451 3304 2503 3349 et
2530 3296 2922 3349 vehementiam
2950 3292 3111 3346 eﬁicit
3137 3288 3406 3361 appetitus
3426 3330 3442 3355 ,
3470 3294 3525 3342 et

277 3378 395 3430 ἐστὶ
422 3376 531 3430 τῶν
559 3378 981 3449 κατορθούντων,
1007 3379 1101 3432 καὶ
1131 3378 1298 3451 γέρας
1322 3380 1412 3432 ἐπὶ
1441 3383 1551 3444 τοῖς
1576 3381 1848 3452 κατορθώο

1953 3400 2016 3440 ex
2046 3401 2200 3455 azquo
2232 3396 2458 3457 utraque
2488 3388 2648 3442 simul
2676 3388 2817 3440 inter
2845 3401 2963 3440 sese
2990 3393 3271 3453 augentur.
3304 3379 3438 3433 Nam
3472 3388 3527 3433 et

283 3483 417 3536 μασι
448 3466 673 3535 γίνεταιο
1953 3477 2189 3531 studium
2213 3478 2613 3534 etaﬁ‘ectionem
2634 3480 2849 3533 virtutis
2871 3481 2943 3533 rei
2966 3477 3226 3531 affectatae
3243 3471 3528 3543 acquisitio

279 3559 675 3628 consequitur;
713 3568 767 3615 et
803 3561 1049 3614 innatum
1081 3561 1280 3615 bonum
1311 3562 1589 3617 assiduam
1631 3572 2056 3638 perpetuamque
2105 3571 2344 3625 laetitiam
2394 3572 2556 3624 simul
2605 3572 2657 3624 in
2710 3573 2945 3624 animam
2990 3569 3173 3623 infert.
3210 3566 3357 3620 Talis
3384 3565 3527 3619 enim

282 3651 449 3720 hujus
477 3649 600 3703 boni
647 3659 841 3705 natura
880 3660 1000 3715 est,
1041 3658 1100 3705 ut
1129 3665 1235 3705 non
1275 3652 1330 3706 in
1368 3653 1657 3723 praesentia
1695 3655 1857 3709 modo
1895 3656 2161 3715 fruentem
2202 3663 2506 3717 demulceat
2538 3673 2700 3732 atque
2737 3663 2997 3725 delectet,
3044 3661 3137 3715 sed
3183 3660 3236 3713 in
3278 3658 3530 3713 omnibus

282 3743 545 3814 temporis
575 3742 824 3811 partibus
852 3743 1092 3797 laetitiam
1122 3756 1486 3813 repraesentet.
1519 3744 1654 3800 Nam
1685 3756 1739 3802 et
1765 3751 1888 3805 vitae
1922 3762 2066 3807 recte
2100 3763 2389 3810 transacta:
2418 3757 2712 3818 memoria,
2744 3772 2865 3810 eum
2895 3757 2985 3825 qui
3017 3756 3066 3810 id
3105 3765 3389 3810 assecutus
3420 3752 3488 3807 sit
3514 3793 3530 3817 ,

282 3845 338 3888 et
369 3849 604 3903 praesens
634 3834 762 3897 vita,
783 3833 910 3886 dmn
940 3848 1038 3904 per
1066 3835 1317 3888 virtutem
1339 3835 1680 3906 transigitur,
1695 3848 1748 3892 et
1772 3844 2108 3910 exspectatio
2134 3845 2506 3899 retributionis
2534 3852 2586 3897 ct
2616 3845 3072 3900 remunerationis
3101 3845 3532 3912 delectat,quam
3566 3860 3569 3861 '

284 3928 779 3983 remunerationem
816 3943 926 3982 non
969 3928 1130 3982 aliam
1170 3931 1459 3999 quamdam
1486 3946 1610 3987 esse
1638 3945 1797 4002 puto,
1821 3951 1983 4006 quam
2013 3940 2184 4010 ipsam
2214 3956 2407 3997 rursus
2434 3941 2687 3996 virtutem
2709 3981 2723 4005 ,
2752 3956 2872 4011 quae
2899 3950 2952 3996 et
2983 3956 3120 4009 Opus
3153 3948 3299 3994 recte
3332 3937 3535 3992 facien-

285 4022 422 4074 tium
462 4027 576 4085 est,
613 4027 667 4073 et
696 4022 977 4089 praemium
1006 4028 1152 4075 recte
1179 4021 1448 4076 factorum
1478 4025 1717 4081 exsistit.

359 4116 422 4169 El
454 4114 510 4167 δὲ
536 4115 640 4185 χρή
678 4132 819 4178 τινος
852 4116 945 4168 καὶ
974 4115 1243 4187 τολμηροῦ
1284 4117 1630 4189 καθάψασθαι
1656 4120 1815 4190 λόγου
1836 4139 1851 4152 '

287 4208 435 4261 δοκεῖ
448 4206 587 4277 τάχα
611 4224 700 4277 μοι
723 4206 811 4259 διὰ
831 4205 924 4259 τοῦ
944 4208 1084 4262 κατὰ
1102 4209 1199 4280 τὴν
1224 4212 1426 4282 ἀρετήν
1456 4229 1515 4265 τε
1542 4214 1632 4266 καὶ
1659 4214 1861 4268 δικαιο-

291 4299 457 4369 σύνην
487 4298 645 4366 λόγου
678 4298 863 4350 ἑαυτὸν
886 4298 1195 4369 προτιθέναι
1216 4304 1278 4371 τῇ
1304 4300 1481 4370 ὀρέξει
1501 4303 1608 4357 τῶν
1635 4305 1861 4359 ἀκουόν-

287 4406 397 4442 των
421 4392 450 4442 ὀ
481 4387 680 4459 Κύριος
708 4403 721 4416 ’
746 4387 804 4451 ὃς
830 4389 1059 4459 ἐγενήθη
1095 4392 1224 4460 ἡμῖν
1252 4392 1411 4460 σοφία
1445 4393 1553 4446 άπὸ
1596 4394 1752 4461 Θεοῦ,
1786 4396 1865 4451 δι-

290 4478 551 4550 καιοσύνη
585 4497 644 4532 τε
686 4479 1109 4549 καὶ-ἁγιασμὸς,
1156 4482 1249 4534 καὶ
1300 4482 1705 4555 ἀπολύτρωσις,
1732 4485 1867 4540 ἀλλὰ

290 4574 389 4625 καὶ
415 4572 575 4643 ἄρτος
605 4570 663 4636 ἐξ
702 4570 927 4641 ούρανοῦ
956 4572 1316 4636 καταϐαίνων,
1345 4575 1439 4627 καὶ
1472 4574 1615 4647 ὕδωρ
1645 4575 1751 4640 ζῶν
1771 4593 1784 4607 ·
1805 4569 1865 4631 οὗ

290 4663 451 4732 διψῆν
481 4663 733 4732 ὁμολογεῖ
759 4662 921 4715 Δαὸὶδ
948 4661 1004 4715 έν
1048 4679 1155 4715 τινι
1192 4663 1496 4737 ψαλμῳδίᾳ,
1535 4666 1597 4719 τὸ
1628 4684 1866 4739 μακαρι-

2026 4124 2289 4180 Cteterum
2322 4123 2371 4177 si
2409 4122 2571 4176 etiam
2611 4121 2844 4190 aliquem
2907 4119 3167 4174 audacem
3261 4116 3529 4187 attingere

1959 4230 2265 4271 sermonem
2316 4220 2550 4284 oportet,
2588 4213 2817 4267 forsitan
2850 4226 2944 4283 per
2970 4209 3191 4266 virtutis
3220 4219 3273 4263 et
3302 4207 3532 4278 justitire

1961 4302 2292 4357 mentionem
2314 4303 2552 4371 seipsum
2591 4300 2926 4355 audientium
2950 4301 3211 4371 appetitui
3235 4313 3537 4370 proponere

1967 4394 2100 4448 mihi
2126 4393 2393 4449 Dominus
2415 4391 2631 4447 videtur
2655 4411 2669 4447 :
2698 4392 2791 4463 qui
2824 4390 2999 4445 factus
3023 4398 3106 4446 est
3134 4391 3293 4445 nobis
3319 4390 3537 4460 sapien-

1971 4485 2048 4538 tia
2079 4499 2109 4538 a
2140 4483 2267 4549 Deo,
2302 4492 2356 4538 et
2382 4483 2614 4553 justitia,
2641 4489 2694 4538 et
2717 4483 3099 4545 sanctiﬁcatio,
3126 4489 3180 4537 et
3210 4480 3537 4550 redemptio,

1972 4574 2267 4644 quinetiam
2301 4574 2458 4644 panis
2500 4572 2569 4629 de
2617 4574 2758 4629 caelo
2793 4573 3133 4628 descendens
3176 4579 3228 4627 et
3274 4587 3413 4641 aqua
3461 4570 3540 4624 vi-

1972 4682 2144 4722 vens:
2177 4680 2340 4736 quam
2372 4665 2525 4720 sitire
2554 4680 2677 4720 sese
2716 4663 2884 4718 David
2941 4663 3000 4717 in
3055 4661 3290 4733 quodam
3327 4660 3540 4730 psalmo

294 4755 420 4808 στὺν
450 4752 607 4805 τοῦτο
639 4752 739 4822 τῆς
774 4751 951 4822 ψυχῆς
978 4752 1146 4815 πάθος
1174 4752 1251 4823 τῷ
1282 4754 1401 4824 Θεῷ
1426 4757 1771 4827 προσφέρων,
1807 4760 1849 4813 ex

1972 4752 2282 4819 conﬁtetur,
2314 4753 2460 4807 hunc
2491 4752 2708 4808 beatum
2747 4752 2998 4807 aﬁ'ectum
3040 4751 3233 4806 anima:
3270 4750 3378 4805 Deo
3405 4749 3541 4806 olfe-

293 4843 376 4909 οἶς
402 4862 566 4915 φησιν
590 4860 603 4874 '
640 4844 965 4912 Ἐδιψησεν
992 4846 1030 4913 ἡ
1058 4844 1227 4914 ψυχή
1250 4864 1371 4915 μου
1400 4846 1549 4916 πρὸς
1585 4848 1695 4904 τὸν
1723 4849 1873 4905 Θεὸν

292 4938 402 4992 τὸν
430 4935 703 5005 ἰσχυρὸν.
732 4935 841 4989 τὸν
880 4934 1063 4995 ζῶντα
1082 4954 1097 4968 ο
1125 4938 1269 4991 πότε
1308 4938 1435 5006 ἥξω
1461 4939 1561 4993 καὶ
1605 4941 1871 5010 ὀφθήσο-

291 5045 396 5099 μαι
424 5027 503 5093 τῷ
530 5025 829 5093 προσώπῳ
856 5026 960 5080 τοῦ
984 5027 1164 5091 Θεσῦ;
1188 5027 1288 5091 ’ος
1323 5047 1412 5099 μοι
1431 5031 1582 5085 δοκεῖ
1617 5035 1683 5103 τῇ
1712 5034 1873 5088 δυνά-

297 5136 389 5187 μει
429 5117 522 5170 τοῦ
570 5116 884 5187 Πνεύματος
944 5119 1359 5187 προπαιδευθεὶς
1418 5120 1489 5174 τὰ
1553 5125 1871 5196 μεγαλοφυῆ

293 5206 467 5262 ταῦτα
521 5207 614 5261 τοῦ
668 5208 872 5278 Κυρίου
922 5208 1247 5280 διδάγματα,
1274 5212 1370 5264 καὶ
1421 5215 1520 5282 τὴν
1560 5214 1876 5287 πλησμονὴν

293 5302 393 5370 τῆς
425 5299 677 5369 τοιαύτης
720 5299 951 5369 ὀρέξεως
977 5302 1156 5372 ἐαυτῷ
1178 5307 1513 5375 προσειπεῖν.
1560 5305 1707 5376 Ἐγὼ
1744 5306 1876 5379 γὰρ,

298 5392 482 5461 φησὶν,
504 5391 573 5443 ἐν
587 5389 942 5459 δικαιοσύνῃ
963 5392 1300 5463 ὀφθήσομαι
1320 5394 1401 5459 τῷ
1422 5396 1718 5464 προσώπῳ
1735 5411 1876 5462 σου,

297 5478 781 5551 χορτασθήσομαι
807 5481 879 5535 ἐν
902 5480 982 5547 τῷ
1001 5482 1258 5551 ὀφθῆναι
1268 5503 1370 5554 μοι
1392 5486 1509 5555 τὴν
1524 5486 1712 5551 δόξαν
1735 5504 1872 5541 σου.

297 5574 447 5643 Αῦτη
471 5568 562 5627 οῦν
591 5574 707 5625 ἐστι
730 5575 868 5629 κατά
886 5592 948 5643 γε
971 5576 1062 5629 τὸν
1081 5577 1213 5647 ὲμὺν
1231 5578 1435 5650 λόγονή
1461 5578 1666 5651 ἀληθὴς
1682 5581 1870 5652 ἀρετὴ,

296 5665 360 5719 τὸ
389 5662 587 5735 ἀμιγὲς
617 5662 711 5717 τοῦ
759 5666 998 5736 χείρονος
1041 5668 1245 5737 άγαθὺν
1269 5709 1284 5734 ,
1318 5670 1445 5742 περὶ
1480 5670 1510 5723 δ
1544 5673 1653 5726 πᾶν
1696 5672 1875 5743 νόημα

369 5843 414 5875 ²¹
455 5842 596 5900 Psal.
639 5860 759 5911 xu,
792 5844 845 5899 5.
922 5845 966 5878 "
1001 5843 1145 5902 Psal.
1182 5861 1266 5902 xvt
1292 5888 1307 5916 ,
1343 5844 1428 5901 15.

1978 4858 2106 4900 rens
2137 4844 2220 4900 his
2250 4844 2433 4899 verbis
2459 4862 2473 4898 :
2503 4843 2683 4899 Sitivt’t
2725 4844 2907 4898 anima
2940 4859 3056 4897 mea
3086 4841 3155 4896 ad
3190 4842 3354 4897 Deum
3388 4842 3542 4895 illum

1976 4936 2230 5002 validum,
2265 4936 2557 5002 viventem;
2602 4935 2811 5005 quando
2845 4936 3048 4990 veniam
3083 4944 3132 4989 et
3178 4933 3436 5005 apparebo
3489 4933 3543 4989 in

1978 5040 2256 5099 conspectu
2298 5030 2399 5085 Dei
2432 5031 2523 5085 “?
2559 5030 2661 5097 Qui
2703 5029 2865 5084 David
2911 5028 3045 5083 mihi
3088 5028 3302 5082 videtur
3349 5026 3544 5080 virtute

1984 5122 2340 5196 spiritusbas
2368 5123 2686 5194 magniﬁcas
2722 5122 2933 5178 Domini
2966 5121 3245 5177 doctrinas
3268 5118 3381 5189 jam
3418 5126 3545 5173 ante

1974 5217 2228 5282 edoctus,
2260 5216 2425 5270 etiam
2448 5215 2809 5286 cxpletionem
2836 5212 3104 5285 ejusmodi
3133 5210 3405 5283 appetitus
3436 5211 3542 5267 sibi

1974 5305 2308 5377 praedixisse.
2359 5304 2474 5376 Ego
2523 5308 2691 5372 enim,
2732 5306 2927 5376 inquit,
2963 5304 3251 5371 iniustitia
3284 5300 3547 5372 apparebo

1975 5399 2027 5451 in
2059 5406 2337 5465 conspectu
2373 5406 2483 5461 tuo,
2517 5397 2756 5451 satiabor
2788 5394 3007 5451 videndo
3035 5395 3263 5465 gloriam
3304 5403 3450 5446 tuam
3475 5393 3543 5446 ”.

1979 5484 2105 5540 Haec
2138 5486 2324 5556 igitur,
2356 5495 2416 5540 ut
2441 5501 2558 5541 mea
2588 5485 2804 5556 quidem
2836 5484 3021 5555 opinio
3050 5483 3173 5550 fert,
3206 5498 3333 5539 vera
3368 5483 3549 5538 virtus

1979 5584 2084 5642 est,
2114 5576 2315 5632 bonum
2351 5578 2496 5648 quod
2535 5594 2657 5633 cum
2719 5578 2857 5631 malo
2890 5576 3209 5647 permistum
3266 5591 3376 5631 non
3437 5582 3545 5637 est,

1979 5669 2125 5725 circa
2155 5668 2300 5745 quod
2341 5670 2523 5727 omnis
2560 5670 2869 5726 intellectus
2901 5684 3113 5735 eorum,
3147 5684 3267 5740 qua:
3306 5668 3362 5725 in
3410 5684 3549 5740 pra:-
