4004 6540
54 5494 63 5601 i

56 5610 65 5681 ι

60 5736 69 5843 ἓ

488 443 623 498 1247
1670 440 1730 496 S.
1771 436 2094 495 GREGORII
2130 436 2421 494 NYSSENI
3580 425 3738 481 ιειδ

484 553 800 606 stantiorem
836 558 1044 621 partem
1094 550 1463 621 accipiuntur,
1510 553 1938 622 deprehenditur
1992 559 2048 607 et

2160 552 2256 605 τῶν
2296 551 2429 623 πρὸς
2475 551 2538 603 τὸ
2583 552 2826 621 κρεῖττον
2856 546 3159 616 νοουμένων
3190 540 3670 611 καταλαμϐάνεται
3715 554 3737 570 ο

485 643 785 713 percipitur
828 643 944 710 ipse
997 641 1136 697 Deus
1177 640 1434 705 Verbum,
1481 644 1655 699 virtus
1709 662 1830 715 quae
1884 649 2053 705 caelos

486 734 618 788 texit
642 775 657 800 ,
691 741 748 793 ut
782 732 1036 789 Habacuc
1078 734 1331 803 exponit,
1381 748 1444 787 ac
1480 744 1626 791 recte
1662 738 1753 805 qui
1790 738 1930 792 hanc
1960 738 2050 797 Dei

482 824 751 895 justitiam
780 822 1064 888 esuriunt,
1114 824 1253 879 beati
1282 825 1617 894 iudicantur.
1657 826 1791 883 Nam
1846 845 2051 895 revera,

490 913 581 980 qui
603 912 891 969 Dominum
917 916 1146 989 gustavit
1174 938 1201 985 ,ς
1234 925 1292 971 ut
1326 918 1625 988 psalmodia
1672 919 1807 975 dicit
1829 921 1898 986 “,
1954 923 2055 977 hoc

487 1012 595 1069 est,
632 1006 724 1073 qui
759 1004 814 1059 in
843 1019 964 1059 sese
1005 1004 1171 1061 Deum
1227 1007 1455 1078 recepit,
1509 1007 1757 1081 expletur
1793 1024 1861 1064 eo
1910 1011 2052 1081 quod

488 1103 543 1149 et
573 1095 764 1159 sitivit,
798 1102 851 1149 et
876 1096 1126 1163 esurivit,
1160 1096 1312 1166 iuxta
1344 1097 1759 1169 promissionem
1787 1101 1929 1168 ejus,
1961 1103 2052 1171 qui

488 1186 663 1242 dixit:
698 1185 810 1258 Ego
866 1196 917 1242 et
946 1186 1111 1243 Pater
1153 1191 1436 1256 veniemus,
1476 1202 1524 1248 ct
1557 1193 1881 1247 mansionem
1916 1192 2056 1261 apud

487 1291 607 1328 eum
637 1275 890 1344 faciemus
913 1274 981 1340 ",
1006 1277 1281 1340 videlicet,
1311 1277 1520 1349 Spiritu
1556 1289 1753 1337 sancto
1786 1282 1939 1352 prius
1971 1281 2058 1337 in-

493 1369 791 1425 habitante.
826 1370 904 1423 Ita
934 1369 1068 1424 mihi
1104 1369 1319 1425 videtur
1346 1371 1509 1426 etiam
1540 1386 1768 1440 magnus
1796 1373 1885 1428 ille
1911 1370 2057 1427 Pauo

492 1459 594 1524 lus,
627 1458 719 1529 qui
753 1473 988 1517 areanos
1025 1458 1150 1515 illos
1195 1454 1433 1529 paradisi
1487 1458 1698 1515 fructus
1731 1460 2055 1532 degustarit,

490 1562 540 1604 et
576 1550 771 1620 plenus
803 1565 993 1606 eorum
1032 1566 1153 1622 quae
1172 1552 1430 1621 gustavit,
1477 1560 1531 1606 et
1572 1566 1785 1620 semper
1810 1553 2058 1608 esuriens

490 1654 636 1696 esse.
668 1638 881 1699 Etenim
926 1640 1192 1711 repletum
1250 1656 1310 1698 se
1334 1656 1457 1701 esse
1483 1641 1623 1710 ejus,
1662 1643 1805 1711 quod
1844 1644 2061 1699 deside-

492 1729 736 1796 rebatur,
770 1730 993 1795 fatetur,
1037 1731 1165 1788 dum
1201 1730 1374 1786 dicit:
1442 1731 1575 1786 Vivit
1629 1741 1807 1788 autem
1870 1734 1924 1788 in
1978 1750 2060 1789 me

493 1820 737 1876 Christus
759 1823 825 1890 ",
857 1831 911 1878 et
941 1829 1197 1894 tanquam
1226 1823 1496 1893 esuriens,
1523 1839 1737 1893 semper
1772 1825 2061 1894 praeteritis

493 1912 713 1967 omissis
744 1888 819 1968 ad
843 1888 1104 1967 ulteriora
1131 1914 1354 1983 aspirat,
1388 1888 1517 1969 dum
1552 1888 1733 1971 dicit:
1766 1888 1891 1972 Non
1917 1916 2057 1987 quod
2093 1888 2134 1945 Β

488 2004 602 2078 jam
628 2005 872 2072 ceperim,
913 2013 1005 2058 aut
1043 2004 1161 2073 jam
1187 2006 1447 2074 perfectus
1484 2006 1624 2067 sim;
1674 2024 1830 2062 curro
1861 2018 2057 2075 autem,

493 2104 551 2153 ut
587 2111 857 2165 assequar,
882 2104 931 2148 et
957 2095 1390 2163 comprehendam
1418 2098 1481 2151 ³⁷.
1508 2097 1675 2153 Detur
1700 2098 1844 2154 enim
1876 2101 2056 2164 nobis.

497 2196 556 2238 ut
607 2185 674 2239 ad
732 2185 1017 2240 arbitrium
1071 2198 1317 2241 nostrum
1380 2188 1586 2258 aliquid
1616 2190 1847 2260 exempli
1888 2193 2061 2259 gratia

493 2292 621 2331 esse
650 2276 921 2339 dicamus,
951 2276 1098 2346 quod
1133 2278 1188 2332 in
1216 2294 1399 2335 rerum
1430 2287 1625 2334 natura
1657 2296 1763 2336 non
1806 2283 2058 2345 habetur.

495 2367 962 2434 Quemadmodum
1018 2369 1163 2426 enim
1218 2369 1274 2425 in
1327 2370 1574 2426 sensibili
1615 2372 1756 2433 cibo,
1817 2373 1864 2429 si
1929 2375 2064 2430 nihil

495 2476 708 2523 eorum,
742 2476 862 2530 qua:
898 2461 1219 2517 nutrimenti
1276 2474 1443 2516 causa
1498 2472 1807 2526 sumuntur,
1843 2478 1941 2534 pro
1969 2480 2063 2522 ex—

495 2561 774 2606 cremento
829 2550 1140 2619 ejiceretur,
1202 2552 1295 2609 sed
1353 2560 1527 2608 totum
1582 2554 1648 2608 ad
1704 2554 2061 2624 adjectionem

496 2656 771 2709 corporea:
800 2640 1145 2711 proceritatis
1174 2650 1569 2708 assumeretur,
1602 2645 1922 2713 quotidiana
1959 2662 2063 2703 nuc

497 2732 754 2786 trimento
810 2745 908 2802 per
962 2745 1085 2788 sese
1131 2736 1434 2803 adaugente
1491 2734 1945 2804 magnitudinem,
2005 2736 2061 2793 in

497 2822 723 2881 lttllllam
764 2823 1147 2891 proceritatem
1180 2837 1415 2894 corpora
1446 2835 1829 2883 excrescerent
1870 2835 1923 2887 et
1978 2837 2060 2885 at-

497 2913 857 2979 tollerentur;
889 2913 1079 2969 itidem
1108 2912 1199 2967 illa
1226 2913 1461 2983 justitia.
1495 2924 1553 2971 et
1587 2918 1768 2974 omnis
1796 2934 1902 2974 una
1937 2936 2061 2977 cunt

497 3016 560 3055 ea
591 3003 788 3065 virtus,
817 3004 1077 3074 quoniam
1109 3003 1407 3060 secundum
1432 3022 1579 3070 eum,
1611 3008 1704 3077 qui
1734 3017 1916 3067 mente
1949 3026 2064 3080 per-

499 3094 725 3162 cipitur,
760 3095 821 3157 in.
842 3094 950 3149 cibi
982 3092 1202 3151 modum
1236 3104 1477 3152 comesta
1522 3112 1631 3151 non
1665 3100 1924 3168 egeritur,
1983 3100 2063 3153 al~

2152 644 2313 705 αὐτὸς
2332 644 2361 694 ὀ
2380 642 2511 705 Θεὸς
2527 642 2713 709 Λόγος.
2730 642 2764 711 ἡ
2792 640 2918 702 τοὺς
2939 636 3197 709 οὐρανοὺς
3213 633 3502 703 καλύψασα
3526 631 3740 701 ἁρετὴ.

2152 733 2377 795 καθὼςὸ
2412 732 2728 802 ’Λμδακοὺμ
2749 730 3099 800 διεξέρχεται,
3114 727 3208 780 καὶ
3234 725 3414 788 καλῶς
3438 725 3488 776 ot
3513 721 3742 790 ταύτην

2151 823 2245 876 τοῦ
2261 822 2393 875 Θεοῦ
2420 823 2518 892 τὴν
2546 821 2889 890 δικαιοσύνην
2910 819 3219 882 πεινῶντες,
3236 815 3735 887 ἐμακαρίσθησαν.

2154 913 2245 984 Τῷ
2275 915 2387 967 ὄντι
2414 913 2522 984 γὰρ
2563 917 2597 970 ὁ
2644 910 3015 982 γευσάμενος
3042 911 3150 965 τοῦ
3199 909 3437 977 Κυρίου,
3469 904 3660 969 καθὼς
3698 904 3739 972 ἡ

2153 1005 2437 1075 ψαλμῳδία
2458 1005 2626 1073 λέγει,
2657 1002 2951 1065 τουτέστιν,
2988 1004 3017 1055 ό
3046 1004 3102 1055 ἐν
3119 1000 3292 1071 ἐαυτῷ
3320 1000 3608 1069 δεξάμενος
3633 994 3743 1048 τὸν

2155 1094 2287 1148 Θεὸν
2307 1134 2321 1159 ,
2354 1094 2564 1165 πλήρης
2591 1094 2797 1163 γίνεται
2824 1088 2886 1148 οὗ
2917 1091 3167 1161 ἐδίψησέν
3195 1108 3255 1144 τε
3292 1090 3384 1143 καὶ
3412 1087 3738 1147 ἐπείνασεν,

2155 1188 2297 1242 κατὰ
2342 1185 2438 1256 τὴν
2468 1185 2762 1257 ὑπόσχεσιν
2792 1185 2886 1239 τοῦ
2935 1184 3179 1247 εἰπόντος
3203 1200 3217 1214 ⁸
3245 1184 3327 1236 ὅτι
3378 1180 3518 1247 ἐγὼ
3553 1180 3665 1233 καὶ
3702 1180 3741 1231 ὀ

2153 1273 2357 1344 Πατὴρ
2370 1275 2758 1346 ἐλευσόμεθα,
2781 1277 2877 1330 καὶ
2898 1275 3098 1347 μονὴν
3132 1275 3265 1342 παρ’
3290 1273 3449 1338 αὐτῷ
3469 1272 3742 1337 ποιήσο-

2152 1369 2390 1440 μεικτοῦ
2420 1370 2576 1438 ἁγίου
2609 1369 2923 1440 Πνεύματος
2950 1369 3192 1440 δηλονότι
3214 1367 3740 1439 προενοικήταντος.

2156 1460 2313 1516 Οὕτω
2341 1478 2431 1532 μοι
2454 1462 2600 1514 δοκεί
2626 1462 2719 1514 καί
2738 1460 2945 1523 Παῦλος
2973 1461 2999 1512 ό
3018 1460 3188 1529 μέγας
3211 1459 3241 1510 ό
3265 1457 3371 1511 τῶν
3396 1456 3745 1527 ἀπορρήτων

2157 1552 2378 1605 ἐκείνων
2417 1549 2644 1621 καρπῶν
2670 1548 2778 1602 τῶν
2806 1552 2870 1602 ἐκ
2900 1547 2995 1601 τοῦ
3046 1547 3369 1618 παραδείσου
3409 1543 3743 1612 rimosa-

2160 1658 2340 1713 μενος,
2371 1640 2463 1695 καὶ
2504 1640 2717 1710 πλήρης
2749 1631 2827 1692 ὧν
2871 1637 3129 1706 ἐγεύσατο
3166 1632 3335 1698 εἷναι,
3365 1637 3458 1689 καὶ
3482 1635 3570 1688 ἀεὶ
3597 1651 3745 1688 πει-

2159 1734 2285 1790 νῶν.
2307 1732 2416 1787 Καὶ
2435 1731 2542 1802 γὰρ
2570 1728 2957 1801 πεπληρῶσθαι
2986 1728 3078 1781 τοῦ
3114 1726 3441 1798 ποθουμένου
3469 1725 3747 1795 ὁμολογεῖ

2160 1825 2360 1893 λέγων’
2401 1822 2486 1891 Ζῇ
2511 1822 2578 1876 δὲ
2610 1823 2682 1876 ἐν
2708 1821 2836 1889 ἐμοὶ
2870 1821 3121 1888 Χριστός
3142 1836 3156 1849 ο
3183 1819 3277 1872 καὶ
3299 1817 3375 1879 ὡς
3414 1816 3609 1869 πεινῶν
3640 1814 3749 1867 ἀεὶ

2159 1918 2273 1979 τοῖς
2313 1913 2617 1986 ἔμπροσθεν
2653 1912 3023 1966 ἐπεκτείνεται
3055 1909 3225 1977 λέγων
3248 1923 3262 1937 ·
3297 1910 3419 1976 Οὐχ
3463 1906 3549 1959 ὅτι
3598 1904 3746 1972 ἤδη

2160 2008 2382 2062 ἔλαϐον
2409 2006 2447 2074 ἢ
2480 2004 2595 2073 ἤδη
2648 2003 3051 2071 τετελείωμαι,
3081 2000 3272 2070 τρέχω
3302 1997 3370 2051 δὲ
3403 1999 3499 2053 ἵνα
3537 2011 3744 2049 κατα-

2160 2098 2340 2152 λάϐω.
2368 2096 2608 2153 Δεδόσθω
2639 2094 2747 2165 γὰρ
2797 2096 2929 2165 ἡμῖν
2956 2093 3076 2153 κατ’
3116 2092 3359 2159 ἐξουσίαν
3388 2087 3747 2149 ὑποθετικῶς

2162 2185 2301 2241 εἶναι
2320 2205 2373 2241 τι
2401 2187 2599 2256 λέγειν,
2618 2185 2701 2256 δή
2732 2185 2892 2255 φύσις
2915 2186 3016 2238 οὐκ
3041 2184 3175 2254 ἔχει.
3209 2182 3470 2253 Καθάπερ
3496 2180 3606 2250 γὰρ
3634 2180 3748 2231 ἐπὶ

2161 2279 2261 2347 τῆς
2317 2277 2579 2347 αἰσθητῆς
2634 2274 2907 2347 βρώσεως,
2943 2275 2993 2327 εἰ
3030 2273 3197 2344 μηδὲν
3244 2273 3748 2342 πεμττωματικῶς

2160 2371 2268 2424 τῶν
2306 2371 2385 2432 είς
2430 2368 2633 2439 τροφὴν
2674 2366 3097 2438 λαμϐανομένων
3139 2363 3447 2428 ἐξεποιεὴο,
3484 2362 3617 2414 ἀλλὰ
3673 2361 3749 2413 τὸ

2162 2460 2281 2513 ὅλον
2327 2460 2407 2523 είς
2456 2458 2769 2529 προσθήκην
2804 2456 2901 2509 τοῦ
2949 2453 3261 2525 σωματικοῦ
3290 2453 3456 2523 ῦψους
3490 2452 3743 2522 ἀνελαμ-

2163 2549 2387 2613 ϐάνετο,
2424 2550 2505 2612 είς
2539 2548 2670 2601 πολὺ
2698 2546 2763 2600 ἂν
2796 2546 2929 2616 ὕψος
2979 2544 3194 2616 ἐπήρθη
3223 2544 3297 2597 τὰ
3336 2543 3593 2613 σώματα,
3627 2544 3745 2611 τῆς

2163 2646 2283 2700 καθ’
2315 2646 2527 2716 ἡμέραν
2562 2643 2767 2713 τροφῆς
2790 2644 2856 2693 δι’
2886 2641 3083 2711 ἑαυτῆς
3113 2639 3447 2712 ἐπαυξούσης
3474 2638 3534 2691 τὸ
3565 2640 3743 2709 μέγε-

2163 2736 2254 2800 θος
2282 2752 2295 2767 ⁸
2327 2736 2499 2798 οὕτως
2542 2737 2576 2805 ή
2620 2732 2929 2803 δικαιοσύνη
2973 2734 3153 2803 ἐκείνη
3176 2771 3190 2795 ,
3219 2734 3312 2785 καὶ
3349 2733 3497 2785 πᾶσα
3524 2733 3558 2801 ἡ
3610 2731 3743 2799 μετ’

2162 2826 2332 2897 αὐτῆς
2358 2824 2558 2896 ἁρετὴ,
2588 2824 2774 2895 ἐπειδὴ
2807 2825 2907 2878 οὐκ
2943 2825 3240 2878 ὲκποιεῖται
3273 2823 3551 2893 ἐσθιομένη
3587 2821 3741 2873 κατὰ

2160 2915 2251 2970 τὸν
2299 2914 2486 2985 νοητὸν
2530 2914 2629 2985 τῆς
2680 2914 2933 2985 βρώσεως
2984 2914 3201 2984 τρόπον,
3252 2912 3613 2982 ύῂλοτέρους
3641 2913 3739 2963 ἀεὶ

2160 3009 2305 3061 ποιεῖ
2326 3006 2390 3059 δι’
2426 3005 2622 3075 ἐαυτῆς
2670 3006 2795 3067 τοὺς
2831 3004 3184 3074 μετέχοντας,
3217 3004 3446 3057 πάντοτε
3476 3006 3539 3073 τῇ
3596 3002 3742 3071 παρ’

2162 3098 2357 3166 ἑαυτῆς
2386 3094 2667 3166 προσθήκῃ
2692 3094 2754 3147 τὸ
2785 3094 3013 3164 μέγεθος
3042 3092 3297 3158 αὔξουσα.
3330 3094 3536 3147 Οὐκοῦν
3571 3094 3622 3144 εί
3651 3109 3743 3143 νε-

498 3185 668 3239 tiores
728 3199 941 3255 semper
996 3199 1095 3255 per
1149 3200 1270 3240 sese
1316 3186 1704 3258 participantes
1754 3189 1936 3253 allicit,
1975 3190 2058 3244 sui

501 3273 1041 3295 M,__-_-_.=--.,__-
1082 3274 1505 3295 _-__=.__.:_m
1546 3291 1739 3295 -.-μμ

2162 3184 2348 3257 νόηται
2379 3187 2508 3257 ἡμῖν
2542 3186 2575 3256 ὴ
2612 3185 2920 3255 μακαριστὴ
2956 3186 3136 3246 πεῖνα,
3172 3186 3349 3239 πᾶσαν
3371 3184 3470 3255 τὴν
3494 3182 3606 3236 ἀπὸ
3626 3200 3740 3235 κα-

497 3286 714 3343 semper
739 3273 1043 3343 adjectione
1082 3274 1511 3344 magnitudinem
1542 3291 1765 3346 augens.
1795 3276 2062 3344 Quocirca

2166 3276 2292 3340 κίας
2332 3276 2622 3347 πληθώραν
2674 3276 2986 3345 ἐμέσαντες,
3022 3276 3363 3346 πεινάσωμεν
3392 3275 3489 3345 τὴν
3522 3276 3739 3328 Binum.

499 3362 545 3415 si
580 3377 609 3414 a
655 3363 813 3418 nobis
872 3363 1146 3419 intellecta
1184 3372 1269 3420 est
1329 3365 1420 3419 illa
1464 3366 1621 3420 beata
1672 3366 1864 3433 fames,
1914 3368 2061 3427 omni

2169 3367 2333 3441 σύνην
2358 3367 2452 3422 τοῦ
2484 3368 2639 3433 Θεοῦ,
2670 3368 2756 3420 ἵνα
2781 3369 2874 3421 καὶ
2901 3370 2978 3430 είς
3020 3368 3331 3439 πλησμονὴν
3358 3368 3522 3438 αὐτῆς
3561 3367 3739 3419 ἔλθω-

500 3453 819 3508 vitiositatis
866 3455 1219 3510 redundantia
1260 3472 1353 3525 per
1385 3458 1645 3510 vomitum
1677 3459 1898 3526 rejecta,
1933 3476 2063 3516 esu-

2172 3478 2287 3532 μεν,
2318 3462 2375 3514 ἐν
2397 3460 2612 3530 Χριστῷ
2648 3460 2820 3530 Ἰησοῦ
2852 3460 2930 3530 τῷ
2958 3461 3144 3531 Κυρίῳ
3176 3460 3351 3531 ήμῶν,
3372 3454 3414 3527 ᾧ
3438 3462 3472 3530 ὴ
3500 3459 3628 3525 δόξα
3648 3460 3740 3521 είς

502 3544 707 3598 riamus
733 3545 1000 3612 justitiam
1054 3545 1171 3610 Dei,
1201 3554 1257 3600 ut
1291 3547 1453 3600 etiam
1500 3548 1565 3602 ad
1619 3550 1976 3619 expletionem
2008 3559 2063 3605 et

2167 3555 2292 3618 τοὺς
2317 3554 2516 3617 αἰῶνας
2541 3552 2647 3606 τῶν
2679 3552 2910 3605 αίὼνων.
2944 3554 3118 3623 Αμήν.

504 3638 807 3690 satietatem
855 3637 974 3705 ejus
1022 3638 1421 3705 perveniamus,
1455 3654 1552 3709 per
1605 3640 1883 3699 Christum
1938 3641 2122 3701 Jesum
2158 3644 2446 3699 Dominum
2484 3651 2753 3711 nostrum,
2786 3643 2874 3698 cui
2910 3643 3079 3713 gloria
3147 3644 3200 3697 in
3239 3642 3435 3699 mula
3499 3643 3735 3697 saeculo-

506 3741 645 3779 rum.
673 3726 863 3779 Amen.

1099 3839 1355 3898 ORATIO
1391 3843 1457 3899 V.

507 3952 659 4006 Beati
715 3951 1111 4014 misericordes,
1175 3956 1425 4023 quoniam
1491 3954 1593 4022 ipsi
1647 3953 2067 4008 misericordiam

1059 4037 1432 4092 consequentur
1451 4024 1518 4078 ’⁸.

576 4112 827 4168 Forsitan
858 4113 1061 4183 aliquid
1089 4115 1195 4171 tale
1241 4115 1404 4173 estid
1451 4115 1596 4184 quod
1628 4130 1725 4185 per
1772 4115 2064 4185 quamdam

506 4203 769 4258 visionem
798 4202 966 4259 Jacob
1001 4220 1095 4273 per
1115 4205 1346 4273 astrigma
1380 4206 1606 4267 edoctus
1624 4213 1730 4266 est.
1772 4221 1897 4261 cum
1928 4221 2065 4263 sca,

505 4296 611 4352 lam
645 4309 675 4349 a
706 4302 849 4348 terra
880 4294 946 4348 ad
992 4296 1334 4352 altitudinem
1393 4297 1519 4355 (εωὶὶ
1578 4299 1960 4367 pertinentem.
2012 4309 2067 4353 et

506 4384 674 4438 Deum
702 4399 866 4455 super
891 4399 955 4443 ea
988 4392 1220 4447 stantem
1256 4385 1480 4445 vidisset
1500 4388 1567 4449 ",
1596 4387 1761 4456 quale
1806 4387 2064 4443 nimirum

506 4489 653 4535 nunc
680 4475 838 4531 etiam
862 4473 1020 4529 nobis
1047 4474 1298 4535 doctrina
1334 4476 1723 4535 beatitudinem
1756 4475 1913 4540 facit,
1939 4493 2063 4546 qua

506 4582 721 4635 semper
750 4565 817 4627 ad
849 4566 1199 4627 sublitniores
1224 4567 1531 4625 intellectus
1567 4583 1662 4636 per
1706 4583 1825 4635 eam
1874 4583 2062 4627 ascen-

509 4659 697 4717 dentes
721 4657 880 4725 erigit
905 4665 960 4715 et
984 4657 1213 4719 extollit.
1263 4655 1397 4710 Nam
1422 4664 1480 4711 et
1510 4656 1622 4715 illic
1648 4658 1847 4727 opinor
1895 4659 2061 4713 vitam

506 4762 629 4805 cum
660 4748 860 4805 virtute
888 4747 1239 4813 conjwtctam
1297 4747 1622 4816 patriarcha
1678 4763 1774 4818 per
1825 4748 2063 4817 speciem

508 4836 669 4899 scala:
714 4834 889 4905 ellingi
932 4844 1096 4903 atque
1126 4834 1433 4899 informari,
1469 4844 1527 4893 ut
1557 4844 1612 4898 et
1648 4836 1765 4906 ipse
1807 4836 2063 4899 disceret,

507 4934 560 4979 rt
604 4925 841 4997 posteris
880 4924 1116 4985 traderet
1166 4925 1317 4995 quod
1371 4926 1532 4985 aliter
1585 4927 1650 4984 ad
1708 4926 1875 4985 Deum
1931 4926 2065 4997 erigi

506 5026 670 5089 atque
699 5015 885 5076 extolli
917 5029 1025 5071 non
1053 5015 1201 5083 licet,
1239 5016 1343 5071 nisi
1375 5019 1501 5087 quis
1558 5032 1770 5085 semper
1827 5032 2064 5087 superna

505 5114 829 5165 contineatur
857 5120 921 5165 ac
950 5116 1177 5177 spectet,
1209 5122 1272 5163 ac
1333 5108 1650 5163 sublimium
1702 5123 1881 5165 rerum
1914 5108 2067 5165 desi—

505 5194 659 5250 derio
692 5196 992 5255 continenti
1025 5205 1286 5262 teneatur,
1324 5206 1382 5253 ut
1422 5214 1531 5253 non
1567 5207 1852 5255 contentus
1897 5199 1969 5259 sit
2014 5199 2068 5259 in

511 5283 601 5347 iis.
633 5300 753 5355 qua:
785 5293 934 5341 recte
962 5286 1076 5363 jam
1112 5286 1318 5349 fecerit,
1355 5296 1409 5347 et
1436 5294 1769 5345 consecutus
1800 5286 1893 5354 sit,
1951 5302 2068 5343 mar

511 5390 659 5438 nere,
698 5375 789 5427 sed
816 5375 871 5429 in
911 5374 1110 5439 damno
1142 5384 1305 5444 ponat
1358 5378 1402 5432 si
1444 5377 1730 5447 superiora
1769 5390 1876 5430 non
1906 5376 2071 5437 attin,
2116 5372 2122 5381 ’

510 5472 600 5533 gat
633 5472 687 5518 et
721 5475 1067 5535 assequatur.
1100 5465 1163 5519 Et
1194 5467 1281 5523 hic
1326 5467 1489 5535 igitur
1520 5468 1751 5527 aliarum
1799 5467 1934 5521 alias
1966 5481 2063 5522 ex-

511 5553 833 5622 cipientium
893 5554 1290 5617 beatitudinum
1354 5554 1584 5613 altitudo
1631 5554 1814 5623 ellicit,
1848 5562 1907 5615 ut
1959 5556 2061 5626 ipsi

2783 3842 2997 3895 ΛΟΓΟΣ
3040 3841 3117 3896 Εο.

2163 3954 2449 4022 Μακάριοι
2487 3956 2541 4008 oi
2590 3954 2929 4024 ἐλεήμονες,
2958 3954 3048 4009 ὅτι
3076 3954 3243 4010 αὐτοὶ
3272 3957 3732 4029 ἐλεηθήσονται.

2235 4110 2387 4180 Τάχα
2426 4127 2480 4162 τι
2526 4110 2762 4163 τοιοῦτόν
2804 4113 2971 4175 ἐστιν,
3004 4112 3034 4164 ὅ
3075 4111 3165 4167 διά
3219 4130 3365 4177 τινος
3413 4113 3675 4179 ὀπτασίας
3701 4120 3733 4170 ό

2176 4199 2368 4259 Ίακὼσ
2410 4202 2479 4255 δι’
2500 4200 2815 4269 αἰνίγματος
2858 4202 3167 4274 ἐπαιδεύθη,
3193 4202 3432 4273 κλίμακα
3472 4205 3593 4259 ἰδὼν
3623 4208 3733 4261 ἀπὸ

2163 4292 2267 4362 γῆς
2320 4294 2412 4347 ἐπὶ
2449 4292 2509 4345 τὸ
2539 4292 2784 4363 οὐράνιον
2824 4293 2955 4361 ῦψος
3002 4293 3313 4364 διήκουσαν,
3358 4295 3563 4350 καὶτὸν
3599 4297 3733 4352 Θεὸν

2164 4382 2250 4435 ἐπ’
2277 4382 2444 4451 αὐτῆς
2474 4382 2885 4452 ἐστηριγμένον,
2931 4377 3040 4435 οἷον
3065 4382 3128 4454 δὴ
3162 4383 3257 4437 νῦν
3287 4386 3382 4438 καὶ
3420 4386 3548 4456 ἡμῖν
3573 4387 3605 4457 ἡ
3644 4387 3735 4440 διὰ

2164 4472 2274 4527 τῶν
2302 4472 2664 4543 μακαρισμῶν
2694 4472 3011 4527 διδασκαλία
3044 4478 3203 4537 ποιεῖ,
3227 4475 3312 4528 ἀεὶ
3334 4476 3470 4546 πρὸς
3500 4477 3565 4530 τὰ
3594 4477 3735 4548 6351;-

2165 4563 2359 4633 λότερα
2401 4562 2510 4616 τῶν
2551 4561 2838 4633 νοημάτων
2884 4565 3008 4627 τοὺς
3039 4564 3105 4617 δι’
3145 4566 3312 4637 αὐτῆς
3346 4567 3593 4631 ἀνιόντας
3638 4570 3734 4622 ἐπ-

2166 4654 2414 4727 αίρουσι.
2434 4654 2542 4708 Καὶ
2562 4654 2669 4724 γὰρ
2699 4653 2907 4723 ἐκεῖτῷ
2935 4656 3247 4729 πατριάρχῃ
3267 4656 3357 4709 τὸν
3384 4658 3504 4711 κατ’
3533 4659 3734 4730 ἀρετὴν

2162 4738 2313 4814 οἶμαι
2344 4744 2458 4814 βίον
2488 4742 2566 4814 τῷ
2609 4744 2737 4796 εἴδει
2764 4743 2862 4812 τῆς
2905 4743 3167 4814 κλίμακος
3205 4745 3594 4800 διατυποῦσθαι
3619 4787 3633 4812 ,
3659 4749 3735 4811 ὠς

2160 4835 2228 4891 ἂν
2258 4836 2417 4898 αὐτός
2455 4852 2512 4887 τε
2547 4834 2707 4904 μάθοι
2737 4835 2829 4893 καὶ
2874 4837 2985 4896 τοῖς
3028 4837 3146 4905 μετ’
3174 4838 3333 4890 αὐτὸν
3370 4838 3731 4909 ὑφηγήσαιτο,

2162 4925 2242 4978 ὅτι
2272 4926 2372 4979 οὐκ
2397 4925 2544 4979 εστιν
2571 4926 2742 4988 ἄλλως
2768 4925 2904 4996 πρὸς
2942 4926 3030 4979 τὸν
3065 4926 3196 4980 Θεὸν
3224 4928 3523 4997 ὑψωθῆναι,
3548 4930 3624 5001 μὴ
3649 4932 3733 4983 ἀεὶ

2163 5016 2298 5087 πρὸς
2322 5016 2389 5068 τὰ
2419 5016 2531 5073 ἄνω
2565 5016 2849 5086 βλέποντα.
2887 5017 2978 5069 καὶ
3016 5017 3116 5085 τὴν
3161 5018 3268 5071 τῶν
3298 5020 3517 5090 ὑψηλῶν
3548 5022 3736 5074 ἐπιθυ-

2169 5105 2295 5181 μίαν
2334 5102 2564 5173 ἄληκτον
2608 5103 2820 5173 ἔχοντα,
2866 5105 2942 5166 ὡς
2985 5105 3058 5173 μὴ
3091 5106 3308 5176 ἀγαπᾷν
3354 5108 3582 5161 ἐπὶτῶν
3634 5110 3732 5180 ήδη

2166 5195 2618 5265 κατορθωθέντων
2653 5196 2865 5265 μένειν,
2914 5194 3049 5255 ἀλλὰ
3096 5196 3296 5265 ζημίαν
3349 5200 3653 5263 ποιεῖσθαι,
3688 5202 3736 5254 εί

2165 5284 2260 5337 τοῦ
2285 5284 2680 5357 ὑπερκειμένου
2718 5284 2791 5355 μὴ
2822 5283 3038 5353 ἅψαιτο.
3084 5286 3192 5339 Καὶ
3224 5287 3451 5340 ἐνταῦθα
3476 5284 3569 5341 οὖν
3608 5288 3737 5357 ὕψος

2168 5375 2275 5429 τῶν
2302 5376 2387 5429 ἐπ’
2408 5374 2650 5446 ἀλλήλων
2693 5376 3051 5446 “exoptatum
3080 5376 3229 5445 αὐτῷ
3258 5380 3637 5447 προσεγγίζειν
3662 5380 3735 5449 τῷ

2169 5464 2289 5537 Θεῷ
2332 5460 2763 5541 παρασκευάζει,
2786 5465 2863 5535 τῷ
2890 5466 3104 5536 ἀληθῶς
3136 5468 3407 5538 μακαρίῳ,
3434 5471 3528 5523 καὶ
3558 5471 3734 5536 πάσης

2169 5555 2617 5629 ἐπεστηριγμὲνῳ
2668 5555 3087 5627 μακαριότητος.
3135 5556 3357 5621 Πάντως
3414 5558 3507 5623 δὲ,
3545 5559 3618 5622 ὡς
3662 5558 3735 5628 τῷ

584 5726 631 5758 ’³
670 5726 813 5798 Psal.
845 5744 1010 5785 xum
1034 5772 1048 5796 ,
1083 5732 1135 5785 9.
1210 5731 1255 5762 "
1291 5728 1444 5784 loan.
1477 5743 1589 5792 xw,
1622 5728 1711 5787 25.
1787 5727 1832 5759 “
1871 5726 1988 5783 Gal.
2026 5744 2059 5782 ιι

2163 5730 2214 5784 0.
2308 5731 2350 5764 ’⁷
2394 5728 2625 5798 Philipp.
2663 5744 2757 5792 ιιι,
2798 5730 2877 5783 l3.
2964 5730 3007 5760 “
3047 5728 3234 5785 Matth.
3271 5745 3339 5797 ν,
3374 5728 3426 5782 7.
3520 5730 3565 5763 "
3597 5730 3727 5785 Gen.

514 5811 702 5859 ιιινιιι,
743 5796 824 5853 12.
