3888 6528
132 422 272 475 {iiii

1188 417 1273 471 DE
1314 412 1911 471 BEATITUDINIBUS.
1950 408 2207 468 ORATIO
2252 410 2316 465 Υ.

3236 407 3374 464 1250

130 533 284 603 σοφῷ
314 534 402 587 διὰ
436 534 651 602 σοφίας,
696 534 792 587 καὶ
832 532 920 586 διὰ
961 533 1330 603 καθαρότητος
1360 532 1439 603 τῷ
1478 530 1703 603 καθαρῷ

1822 530 1916 585 {leo
1966 527 2469 598 appropinquetur,
2522 522 2618 594 qui
2665 537 2795 579 vere
2848 523 3037 580 beatus
3093 532 3148 579 et
3204 539 3374 595 super

128 625 601 696 προσεγγίξομεν,
634 622 774 679 οὕτω
817 628 907 678 καὶ
957 624 1034 695 τῷ
1072 627 1321 696 μακαρίῳ
1342 626 1430 679 διὰ
1458 626 1560 691 τῆς
1585 622 1705 678 ὁδοῦ

124 718 238 770 τῶν
287 715 649 788 μακαρισμῶν
676 714 1039 785 οἰκειούμεθα.
1073 714 1207 767 Θεοῦ
1243 716 1351 786 γὰρ
1387 716 1463 778 ὡς
1494 714 1709 785 ἀληθῶς

132 807 263 859 ἴδιον
310 808 342 876 ἡ
381 808 715 875 μακαριότης
748 803 924 856 ἐστίν’
963 803 1041 856 διὸ
1071 804 1164 856 καὶ
1212 801 1602 872 ὲπεστηρίχθαι
1640 802 1707 870 τῇ

130 898 357 968 τοιαύτῃ
404 897 627 964 κλίμακι
681 897 709 947 6
753 894 946 947 Ἰακὼϐ
989 895 1079 947 τὸν
1121 894 1250 946 Θεὸν
1291 894 1606 962 διηγήσατο.
1645 892 1710 944 Ἦ

132 983 228 1041 οὖν
253 988 362 1039 τῶν
390 984 751 1056 μακαρισμῶν
782 984 1038 1053 μετουσία
1069 982 1220 1036 οὐδὲν
1244 981 1390 1044 ἀλλο,
1418 984 1465 1033 εί
1494 981 1567 1051 μὴ
1591 980 1707 1033 θεό-

128 1094 295 1147 τητος
322 1076 569 1129 κοινωνία
611 1076 746 1136 ἐστὶ,
792 1074 927 1146 πρὸς
958 1075 1025 1145 ἢν
1067 1075 1215 1144 ἡμᾶς
1241 1073 1429 1141 ἀνάγει
1472 1072 1561 1126 διὰ
1597 1071 1706 1125 τῶν

132 1168 438 1239 λεγομένων
459 1171 486 1220 ὁ
509 1164 729 1237 Κύριος.

208 1521 365 1572 Δοκεῖ
391 1513 482 1572 οὖν
525 1534 612 1589 μοι
635 1516 897 1569 θεοποιεῖν
925 1514 1125 1585 τρόπον
1158 1515 1282 1569 τινὰ
1310 1514 1399 1568 διὰ
1418 1514 1517 1585 τῆς
1539 1516 1617 1577 είς
1649 1515 1711 1568 τὸ

132 1609 429 1664 ἀκόλουθον
456 1610 821 1680 προκειμένης
852 1607 944 1661 τοῦ
976 1606 1325 1677 μακαρισμοῦ
1358 1608 1705 1678 ὑφηγήσεως,

133 1701 231 1753 τὸν
270 1699 533 1753 ἀκούοντά
560 1716 621 1752 τε
660 1700 751 1753 καὶ
801 1699 1048 1753 συνιέντα
1084 1698 1178 1752 τοῦ
1222 1697 1400 1765 λόγου.
1420 1697 1709 1766 Μακάριοι

1804 634 2019 673 omnem
2059 616 2448 672 beatitudinem
2503 614 2838 670 constitutus
2888 620 2942 669 et
2981 617 3229 671 ﬁrmatus
3261 625 3369 670 est.

1806 708 2038 764 Prorsus
2068 715 2269 768 autem,
2306 714 2366 759 ut
2414 706 2643 774 sapienti
2672 718 2769 775 per
2804 707 3132 776 sapientiam
3176 713 3231 762 et
3278 720 3373 776 per

1808 802 2101 872 puritatem
2137 812 2275 868 puro
2304 798 2829 867 appropinquantes,
2860 799 2935 850 ita
2962 798 3122 851 busto
3150 812 3372 868 quoque

1807 904 1903 960 per
1931 890 2075 943 viam
2114 887 2515 943 beatitudinum
2542 887 2919 941 conciliamur.
2961 886 3054 941 Dei
3088 886 3231 942 enim
3288 902 3375 942 re-

1808 997 1937 1035 vera
1976 981 2197 1051 propria
2232 979 2512 1034 beatitudo
2540 987 2626 1033 est
2654 997 2666 1032 :
2694 980 3047 1047 quamobrem
3078 980 3243 1034 etiam
3280 980 3374 1034 Ja-

1808 1073 1914 1127 cob
1944 1086 2110 1142 super
2134 1072 2404 1141 ejusmodi
2431 1072 2631 1127 scalam
2661 1069 2828 1125 Deum
2863 1073 3082 1128 stetisse
3110 1075 3373 1127 narravit.

1813 1165 1983 1233 Igitur
2012 1164 2364 1233 participatio
2417 1161 2811 1217 beatitudinum
2875 1163 3008 1217 nihil
3061 1171 3148 1218 est
3203 1164 3374 1227 aliud,

1807 1256 1912 1310 nisi
1946 1254 2175 1309 Deitatis
2208 1254 2634 1309 communicatio
2661 1272 2673 1307 :
2717 1254 2782 1306 ad
2813 1269 2976 1323 quam
3013 1269 3110 1324 per
3134 1252 3220 1322 ba,
3252 1270 3377 1324 quae

1805 1347 2090 1409 dicuntur,
2124 1345 2385 1400 Dominus
2418 1361 2516 1400 nos
2550 1345 2829 1399 subducit.

1876 1519 2105 1577 Videtur
2128 1532 2258 1589 ergo
2292 1519 2424 1573 mihi
2453 1532 2549 1588 per
2574 1533 2713 1579 eam,
2747 1533 2867 1586 qua:
2901 1517 2965 1571 ad
3024 1533 3374 1589 consequen-

1813 1612 1945 1666 tiam
1980 1611 2260 1681 proposita
2290 1618 2396 1673 est,
2425 1609 2778 1663 beatitudinis
2801 1610 3218 1678 expositionem,
3270 1612 3374 1663 ali-

1812 1716 1923 1773 quo
1949 1702 2111 1755 modo
2142 1698 2310 1755 Deum
2345 1700 2524 1753 facere
2550 1714 2698 1761 eum,
2734 1700 2825 1768 qui
2852 1708 2907 1753 et
2960 1700 3145 1753 audiat
3202 1709 3255 1754 et
3295 1701 3382 1754 in-

135 1794 269 1863 γὰρ,
295 1795 476 1863 φησιν,
507 1796 559 1846 οἱ
584 1792 925 1859 ἐλεήμονες,
951 1789 1038 1844 ὅτι
1060 1788 1229 1845 αὐτοὶ
1256 1789 1708 1855 ἐλεηθήσονταιι

1822 1794 2019 1863 lelligat
2047 1806 2375 1847 sermonem.
2421 1789 2575 1844 Beati
2611 1791 2776 1854 enim,
2826 1791 3023 1860 inquit,
3083 1792 3385 1845 misericor-

136 1880 275 1939 Οἶδα
323 1883 590 1953 πολλαχοῦ
629 1883 726 1953 τῆς
766 1882 915 1945 θείας
947 1882 1200 1954 Γραφῆς,
1226 1880 1302 1951 τῷ
1344 1880 1566 1950 ὀνόματι
1617 1878 1711 1933 τοῦ

134 1977 429 2045 ὲλεήμονος
473 1975 597 2038 τοὺς
656 1974 840 2043 ἁγίους
883 1974 1081 2043 ἄνδρας
1131 1973 1229 2044 τὴν
1280 1972 1432 2026 θείαν
1485 1972 1713 2043 δύναμιν

134 2067 450 2136 προσκαλου
459 2066 650 2133 μένους
672 2083 684 2095 ·
721 2065 892 2127 οὕτως
923 2067 952 2117 6
977 2064 1140 2117 Δαϐὶδ
1164 2065 1223 2116 ὲν
1249 2067 1368 2127 ταῖς
1390 2064 1709 2133 ὑμνῳδίαις·

134 2157 311 2220 οὕτως
361 2157 544 2219 Ἰωνᾶς
580 2157 637 2209 ἐν
660 2158 725 2226 τῇ
756 2155 875 2208 καθ’
905 2155 1097 2208 ἑαυτὸν
1128 2153 1433 2225 προφητείᾳ
1452 2169 1465 2182 ⁸
1489 2152 1660 2215 οὕτως
1686 2153 1715 2205 6

141 2248 317 2317 μέγας
344 2248 584 2316 Μωῦσῆς
614 2249 671 2299 ὲν
715 2245 926 2308 πολλοῖς
947 2246 1047 2314 τῆς
1067 2245 1385 2315 νομοθεσίας
1414 2245 1717 2315 κατανομά-

134 2338 224 2403 ζει
243 2339 489 2391 τὸΘεῐον.
521 2338 586 2390 Ei
632 2332 724 2390 οὖν
761 2336 1043 2408 πρέπουσα
1063 2336 1141 2406 τῷ
1169 2336 1288 2406 Θεῷ
1316 2338 1349 2406 ή
1378 2336 1717 2407 προσηγορία

134 2428 235 2480 τοῦ
260 2428 549 2497 ὲλεήμονος
574 2441 586 2457 ⁶
605 2427 657 2479 τί
675 2427 802 2480 ἄλλο
827 2427 920 2480 καὶ
947 2427 1068 2496 οὐχὶ
1093 2425 1216 2479 θεόν
1244 2444 1303 2479 σε
1332 2426 1716 2494 προσκαλεῖται

135 2518 392 2585 γενέσθαι
417 2520 446 2570 6
471 2517 644 2584 λόγος,
671 2518 831 2570 οἱονεὶ
861 2515 1211 2587 μορφωθέντα
1232 2515 1309 2585 τῷ
1341 2518 1441 2585 τῆς
1467 2517 1717 2585 θεότητος

141 2609 428 2678 ἰδιώματις
462 2610 523 2661 Ei
544 2608 652 2679 γὰρ
681 2608 929 2677 ἐλεήμων
950 2609 978 2660 6
1008 2607 1138 2669 Θεὸς
1171 2609 1319 2676 παρὰ
1343 2608 1438 2676 τῆς
1463 2606 1717 2659 θεοπνεύ-

140 2722 269 2758 στου
298 2704 516 2774 Γραφῆς
541 2703 861 2774 ὀνομάζεται
891 2719 905 2735 ο
938 2702 998 2755 τὸ
1025 2703 1082 2756 δὲ
1118 2703 1331 2773 ἀληθῶς
1363 2702 1715 2774 μακαριστὸν,

134 2799 176 2864 ἡ
216 2796 401 2865 θεότης
436 2794 550 2847 ὲστί
575 2810 588 2824 ·
614 2794 844 2865 φανερὸν
870 2793 935 2847 ἂν
984 2794 1068 2863 εῐη
1096 2793 1156 2847 τὸ
1182 2794 1247 2846 ὲκ
1278 2793 1372 2846 τοῦ
1425 2793 1717 2847 ἀκολούθου

137 2884 544 2953 νοούμενον,ὄτι
573 2882 675 2936 κᾶν
696 2882 978 2954 ἅνθρωπός
998 2900 1082 2946 τις
1101 2882 1176 2935 ὢν
1202 2883 1446 2953 ἐλεήμων
1472 2883 1715 2951 γένηται,

137 2978 242 3046 τῆς
268 2975 417 3039 θείας
461 2975 704 3039 ἀξιοῦται
738 2976 1154 3045 μακαριότητος,
1193 2975 1250 3026 ὲν
1275 2975 1467 3045 ἐκείνῳ
1498 2976 1719 3046 γενόμε-

138 3083 256 3128 νος,
286 3058 331 3132 ᾧ
361 3065 423 3118 τὸ
442 3064 596 3119 Θεῖον
622 3065 1067 3136 κατονομάζεται.
1115 3065 1420 3134 Ἐλεήμων
1450 3070 1482 3120 ό
1505 3068 1720 3135 Κύριος

1812 1884 1926 1948 des,
1971 1884 2223 1952 quoniam
2247 1883 2347 1951 ipsi
2387 1882 2802 1936 misericordiam
2829 1892 3224 1951 consequentur.
3255 1883 3384 1938 Scio

1815 1977 1871 2031 in
1913 1976 2104 2029 multis
2135 1976 2269 2028 locis
2299 1975 2497 2027 divina:
2545 1973 2843 2042 Scriptura:
2890 1975 3113 2028 nomine
3169 1975 3384 2028 miseri-

1813 2067 1997 2122 cordis
2019 2072 2242 2121 sant-tos
2283 2066 2430 2118 viros
2455 2063 2695 2118 divinam
2730 2064 3028 2133 potentiam
3069 2067 3377 2135 appellare:

1812 2159 1896 2214 sic
1925 2158 2089 2211 David
2123 2158 2176 2210 in
2210 2155 2467 2219 Psalmis,
2510 2155 2591 2209 sic
2622 2152 2791 2208 Jonas
2825 2155 2879 2208 in
2922 2170 3021 2209 sua
3075 2157 3380 2224 prophetia.

1812 2250 1889 2306 ita
1920 2264 2152 2318 magnus
2182 2247 2398 2318 Moyses
2423 2248 2478 2300 in
2518 2247 2706 2301 multis
2739 2246 2874 2301 locis
2906 2258 3019 2301 suae
3082 2248 3385 2302 sanctionis

1815 2341 2062 2396 nominat
2092 2355 2290 2394 numen
2322 2339 2590 2393 divinum.
2624 2336 2679 2390 Si
2710 2352 2842 2407 ergo
2877 2339 3253 2393 misericordis
3283 2355 3384 2407 ap-

1815 2432 2035 2501 pellatio
2064 2432 2230 2485 Deum
2266 2430 2420 2484 decet
2442 2469 2458 2490 ,
2496 2428 2565 2481 ad
2596 2429 2725 2498 quid
2776 2428 2924 2482 aliud
2954 2438 3006 2483 te
3043 2444 3226 2483 sermo
3261 2432 3388 2482 bor-

1815 2528 1983 2581 tatur,
2022 2520 2129 2574 uisi
2175 2529 2232 2573 ut
2274 2515 2411 2574 deus
2447 2517 2566 2583 ﬁas,
2600 2528 2860 2586 tanquam
2896 2518 3159 2574 formatus
3215 2528 3270 2574 et
3305 2522 3387 2573 in-

1812 2612 2053 2681 signitus
2084 2610 2305 2679 propria
2342 2617 2468 2662 nota
2514 2609 2775 2663 deitatis?
2799 2608 2934 2662 Nam
2965 2611 3011 2664 si
3046 2607 3187 2664 Deus
3218 2612 3387 2665 mise-

1816 2702 1992 2755 ricors
2020 2716 2051 2754 a
2082 2700 2265 2755 divina
2300 2698 2581 2769 Scriptura
2624 2700 2941 2755 nominatur
2965 2737 2981 2763 ,
3027 2702 3171 2770 quod
3204 2709 3387 2756 autem

1815 2808 1942 2847 vere
1972 2793 2190 2846 beatum
2234 2791 2593 2859 judicaudum
2629 2790 2720 2854 sit,
2766 2789 2821 2845 id
2870 2790 3045 2846 deitss
3093 2801 3219 2846 est:
3270 2807 3392 2862 per-

1817 2882 2066 2950 spicuum
2100 2880 2264 2936 fuerit
2292 2882 2423 2951 quid
2482 2896 2550 2935 ex
2607 2880 2966 2950 consequenti
3024 2880 3382 2951 intelligatur,

1816 2971 2094 3035 videlicet,
2119 2973 2167 3026 si
2200 2972 2283 3026 vel
2317 2987 2385 3026 ex
2420 2971 2736 3027 hominibus
2762 2972 2962 3041 aliquis
2996 2972 3245 3035 exsistat,
3294 2974 3389 3041 qui

1821 3066 2137 3121 misericors
2168 3066 2261 3129 sit,
2305 3064 2643 3121 beatitudine
2668 3066 2852 3120 divina
2881 3065 3079 3135 dignus
3103 3067 3388 3129 habeatur,

141 3161 243 3213 καὶ
274 3159 532 3223 δίκαιος,
568 3158 667 3211 καὶ
711 3160 743 3211 ό
780 3157 926 3223 Θεὸς
961 3155 1131 3226 ἡμῶν
1152 3157 1326 3211 ἐλεεῖ.
1365 3157 1490 3221 Πῶς
1521 3153 1614 3211 οὖν
1661 3159 1719 3211 οὑ

1825 3159 2026 3227 quippe
2051 3171 2175 3210 cum
2210 3157 2261 3211 id
2298 3168 2587 3213 assecutus
2618 3157 2711 3223 sit,
2762 3172 2871 3226 quo
2907 3172 3109 3212 numen
3141 3157 3387 3212 divinum

144 3250 417 3321 μακάριον
460 3251 636 3303 ἐκεῖνο
664 3247 927 3319 κληθῆναι
961 3249 1051 3302 καὶ
1094 3249 1347 3316 γενέσθαι
1379 3249 1468 3302 τὸν
1510 3249 1721 3321 ἀνθρω-

142 3358 268 3403 πον,
303 3333 456 3411 ᾧπερ
492 3341 521 3392 6
548 3339 678 3402 Θεὸς
711 3341 774 3392 ἐκ
798 3338 888 3392 τοῦ
911 3341 1079 3392 ποιεῖν
1108 3338 1469 3409 ὸνομάζεται;
1502 3339 1636 3392 ἀλλά
1662 3338 1722 3393 τὸ

145 3434 249 3502 μὲν
275 3432 468 3500 ζηλοῦν
488 3430 559 3486 τὰ
585 3432 803 3502 μείζονα
824 3430 931 3484 τῶν
960 3431 1332 3501 χαρισμάτων,
1363 3431 1721 3502 συμϐουλεύει

139 3524 235 3576 διὰ
270 3522 377 3574 τῶν
410 3521 554 3575 ἰδίων
580 3521 750 3589 λόγων
785 3522 878 3575 καὶ
906 3523 933 3573 6
958 3520 1099 3583 θεῖος
1127 3521 1444 3584 ’Λπὸστολος
1465 3534 1478 3548 ⁸
1505 3523 1636 3590 ἡμῖν
1666 3520 1723 3573 δὲ

145 3614 349 3677 σκοπός
382 3616 550 3677 ἐστιν,
579 3614 677 3684 οὐχ
711 3614 859 3676 ὅπως
901 3613 1358 3683 ἀναπεισθείημεν
1398 3612 1507 3664 τῶν
1541 3611 1722 3664 καλῶν

139 3705 433 3778 ὀρέγεσθαι
491 3706 667 3776 (τοῦτο
688 3705 796 3776 γὰρ
821 3704 1139 3776 αὐτομάτως
1161 3704 1401 3772 ἔγκειται
1423 3706 1491 3773 τῇ
1523 3701 1726 3773 ἀνθρω-

142 3801 279 3870 πίνῃ
310 3798 487 3867 φύσει,
522 3797 583 3850 τὸ
615 3801 748 3868 πρὸς
779 3798 838 3850 τὸ
861 3797 1024 3851 καλὸν
1060 3796 1373 3869 ὲπιρρεπῶς
1392 3796 1555 3865 ἔχειν)
1575 3812 1588 3825 ·
1609 3794 1722 3847 ἀλλ’

141 3891 295 3952 ὅπως
325 3889 389 3942 ἂν
415 3890 490 3960 μὴ
528 3890 867 3958 ἁμάρτοιμεν
895 3887 994 3955 τῆς
1035 3889 1127 3941 τοῦ
1156 3886 1320 3941 καλοῦ
1346 3887 1597 3956 κρίσεως.
1637 3886 1725 3938 Ἐν

142 3978 321 4047 τούτῳ
354 3980 460 4047 γὰρ
513 3977 745 4047 μάλιστα
773 3975 850 4045 τῷ
895 3976 1047 4046 μέρει
1079 3974 1477 4045 πλημμελεῖται
1503 3974 1659 4043 ἡμῶν
1692 3975 1725 4043 ὴ

144 4067 286 4137 ζωὴ,
310 4070 365 4121 ὲν
396 4066 474 4136 τῷ
505 4066 579 4137 μὴ
600 4065 856 4119 δύνασθαι
879 4064 1121 4135 ἀκριϐῶς
1155 4064 1393 4117 συνιέναι
1418 4063 1468 4116 τί
1482 4064 1543 4116 τὸ
1569 4062 1727 4132 φύσει

142 4158 447 4217 καλὸν,καὶ
478 4158 531 4211 τί
561 4158 622 4209 τὸ
661 4156 729 4210 δι’
762 4157 976 4226 ἀπάτης
1019 4155 1259 4209 τοιοῦτον
1308 4154 1727 4225 ὑπονοούμενον.

144 4251 214 4303 Εἰ
248 4250 354 4321 γὰρ
381 4248 561 4319 γυμνὴ
588 4246 869 4318 προέκειτο
892 4250 926 4318 ἡ
953 4248 1123 4302 κακία
1143 4248 1221 4317 τῷ
1244 4247 1364 4317 βίῳ,
1392 4247 1487 4301 καὶ
1521 4247 1594 4317 μή
1620 4263 1729 4299 τινι

143 4342 316 4396 καλοῦ
342 4341 609 4412 φαντασίᾳ
636 4340 1159 4410 προσκεχρωσμένη,
1181 4341 1281 4393 οὑκ
1306 4340 1372 4393 ἂν
1392 4338 1729 4411 ηὐτομόλησε

146 4434 291 4504 πρὸς
340 4433 509 4504 αὑτὴν
545 4432 606 4485 τὸ
651 4431 1009 4511 ἀνθρῶπινον.
1037 4430 1245 4486 Οὐκοῦν
1291 4430 1557 4493 συνέσεως
1598 4431 1732 4500 ἡμῖν

145 4522 330 4593 χρεία,
369 4524 502 4593 πρὸς
532 4522 628 4593 τὴν
649 4522 743 4576 τοῦ
777 4506 1133 4591 προκειμένου
1179 4521 1342 4595 ῥητοῦ
1375 4522 1720 4591 κατανόησιν,
1752 4506 1798 4561 Ῑ)

146 4618 229 4678 ὡς
266 4614 332 4669 ἂν
367 4613 704 4683 διδαχθέντες
744 4613 806 4666 τὸ
848 4613 1097 4683 ἀληθινὸν
1138 4613 1233 4667 τοῦ
1273 4612 1590 4683 ἐγκειμένου
1616 4614 1733 4683 νοήο

152 4721 325 4773 ματος
350 4703 559 4765 κάλλος,
593 4702 711 4757 κατ’
741 4702 873 4756 αὑτὸ
917 4702 1354 4773 μορφωθείημεν.
1393 4703 1603 4773 Ὠσπερ
1625 4704 1733 4775 γάρ

151 4798 187 4864 ἡ
226 4796 354 4865 περὶ
385 4794 446 4847 τὸ
460 4796 616 4848 Θείον
666 4793 953 4864 ὑπόληψις,
991 4792 1230 4860 ἔγκειται
1264 4795 1362 4863 μὲν
1412 4794 1545 4847 πᾶσι
1575 4808 1734 4863 φυσι-

151 4886 267 4948 κῶς
303 4887 414 4947 τοῖς
465 4881 770 4953 ἀνθρώποις
809 4900 823 4913 ο
866 4886 923 4936 ὲν
952 4884 1008 4937 δὲ
1054 4885 1119 4953 τῇ
1166 4884 1358 4954 ἀγνοίᾳ
1386 4886 1478 4938 τοῦ
1519 4885 1734 4956 ἀληθῶς

148 4980 307 5041 ὄντος
342 4976 508 5038 Θεοῦ,
544 4978 577 5046 ἡ
627 4976 754 5046 περὶ
798 4974 859 5027 τὸ
907 4974 1339 5045 σπουδαζόμενον
1389 4976 1596 5043 γίνεται
1648 4978 1730 5031 δι-

150 5068 398 5141 αμαρτία
450 5062 552 5138 (οἷς
571 5067 669 5136 μὲν
683 5066 792 5138 γὰρ
806 5067 839 5135 ἡ
855 5065 1058 5136 ἀληθὴς
1080 5065 1268 5134 θεότης
1285 5068 1400 5120 ἐστὶ
1415 5068 1728 5139 σεϐάσμιος,

149 5166 188 5231 ἡ
216 5162 274 5212 ὲν
294 5159 488 5229 Πατρὶ,
507 5157 601 5210 καὶ
632 5156 873 5226 Υίῷ,καὶ
900 5156 1040 5226 ἁγίῳ
1062 5156 1338 5225 Πνεύματι
1358 5157 1726 5228 θεωρουμένη·

150 5251 205 5303 oi
267 5248 323 5300 δὲ
367 5248 503 5318 πρὸς
536 5247 765 5308 ἀτόπους
813 5245 1067 5309 ὑπονοίας
1115 5246 1523 5318 ἐπλανήθησαν.
1554 5250 1613 5302 ἐν
1662 5252 1729 5320 τῇ

152 5343 334 5396 κτίσει
353 5340 589 5393 τοιοῦτον
621 5337 971 5401 ὑπονοοῦντες
989 5338 1111 5391 ’καὶ
1140 5338 1227 5391 διὰ
1257 5338 1463 5409 τοῦτοή
1490 5341 1548 5393 ἐν
1567 5339 1732 5410 ὀλίγῳ

150 5436 259 5504 τῆς
288 5434 541 5504 ἀληθείας
566 5430 911 5505 παρατροπὴ,
928 5434 992 5501 τῇ
1015 5431 1234 5501 ἀσεϐείᾳ
1260 5432 1355 5500 τὴν
1387 5432 1617 5502 πάροδον
1647 5433 1732 5486 δέ·

150 5526 362 5589 δωκεν)
389 5542 403 5556 ο
426 5526 567 5579 οὑτω
609 5525 703 5578 καὶ
738 5523 833 5576 ἐπὶ
871 5521 964 5576 τοῦ
1001 5524 1358 5594 προκειμένου
1380 5525 1735 5595 νοήματος,εί

158 5616 243 5688 μὴ
286 5616 680 5687 καταλάϐοιμεν
726 5616 823 5686 τὴν
855 5614 1033 5686 ἀληθῆ
1065 5613 1322 5681 διάνοιαν,
1359 5615 1462 5669 οὐκ
1485 5618 1545 5670 ὲν
1571 5616 1736 5688 ὀλίγῳ

273 5793 316 5825 ³⁸
349 5794 493 5852 Pani,
522 5809 667 5857 cxiv,
708 5796 761 5850 5,
838 5796 879 5827 ³⁸
913 5795 933 5848 Ι
961 5795 1088 5851 Cor.
1120 5810 1218 5861 xu,
1252 5795 1276 5849 1
1314 5809 1436 5864 sqq.

1821 3248 2203 3303 denominatur
2230 3267 2244 3302 :
2276 3247 2582 3303 Misericors
2604 3248 2862 3303 Dominus
2881 3258 2933 3303 et
2945 3249 3149 3318 justus,
3170 3259 3219 3303 et
3251 3247 3390 3303 Deus

1819 3350 1996 3395 noster
2016 3341 2294 3394 miseretur
2317 3342 2385 3396 ”.
2417 3340 2519 3406 Qui
2549 3354 2677 3411 ergo
2703 3355 2811 3394 non
2840 3341 3056 3394 beatum
3079 3348 3164 3396 est
3186 3341 3316 3394 illud
3337 3349 3391 3393 et

1822 3431 1937 3485 ﬁeri
1966 3438 2021 3485 et
2053 3432 2238 3485 vocari
2271 3431 2580 3497 hominem,
2627 3446 2737 3501 quo
2775 3429 2920 3487 Deus
2944 3470 2960 3495 ,
3016 3446 3082 3485 ex
3120 3445 3186 3486 eo
3246 3432 3391 3501 quod

1823 3519 1973 3582 facit,
2012 3521 2443 3574 denominatur?
2477 3519 2679 3575 Verum
2708 3519 2963 3576 aﬁ‘ectare
2986 3521 3205 3589 quidem
3248 3522 3391 3575 dona

1823 3612 2029 3681 majora
2072 3612 2129 3666 in
2169 3612 2285 3667 suis
2316 3612 2537 3680 scriptis
2576 3611 2772 3667 suadet
2802 3612 2968 3666 etiam
2995 3612 3213 3666 divinus
3245 3615 3393 3682 Apo-

1822 3704 1997 3758 stolus
2018 3700 2088 3768 ³⁸,
2112 3701 2273 3757 nobis
2292 3709 2475 3757 autem
2534 3702 2587 3757 id
2615 3702 2881 3773 agendum
2905 3709 3022 3763 est,
3069 3720 3179 3757 non
3213 3711 3272 3755 ut
3338 3704 3391 3758 in

1823 3793 2066 3846 animum
2103 3793 2428 3847 inducamus
2463 3802 2716 3863 appetere
2764 3809 2854 3849 res
2892 3796 3060 3849 bonas
3111 3803 3166 3848 et
3223 3794 3394 3848 hone-

1826 3893 1943 3938 stas
1977 3884 2125 3948 (hoc
2155 3885 2301 3937 enim
2337 3894 2529 3952 sponte
2570 3886 2798 3940 insitum
2852 3893 2937 3940 est
2991 3885 3242 3938 humanae
3298 3900 3395 3937 na-

1829 3982 1983 4034 turae,
2020 3982 2078 4027 ut
2114 3973 2181 4027 ad
2214 3974 2550 4029 honestatem
2581 3990 2851 4045 propensa
2883 3976 3014 4046 sit).
3050 3974 3147 4030 sed
3199 3990 3267 4029 ne
3307 3991 3395 4029 er-

1828 4078 2013 4119 remus
2050 4075 2105 4119 et
2138 4064 2395 4119 fallamur
2417 4067 2471 4119 in
2489 4066 2788 4133 iudicando
2814 4074 2977 4134 atque
3011 4065 3393 4132 discernenda,

1825 4160 1957 4229 quid
1983 4160 2185 4214 bonum
2216 4170 2269 4215 et
2295 4160 2585 4215 honestum
2617 4161 2712 4216 sit.
2742 4160 2798 4213 In
2832 4159 2933 4214 hac
2966 4160 3113 4213 enim
3156 4160 3396 4214 maxime

1830 4261 1983 4321 parte
2010 4252 2119 4306 vita
2146 4260 2334 4305 nostra
2377 4261 2585 4320 peccat.
2645 4268 2838 4322 nempe
2872 4253 2924 4305 in
2956 4267 3022 4307 eo
3051 4251 3199 4321 quod
3236 4252 3395 4323 pleno

1834 4344 2135 4413 intelligere
2166 4357 2273 4396 non
2309 4353 2507 4412 potest,
2542 4344 2673 4413 quid
2707 4352 2906 4398 natura
2951 4344 3155 4399 bonum
3209 4354 3264 4399 et
3292 4345 3395 4399 hoe

1833 4442 2046 4489 nestum
2081 4436 2174 4499 sit,
2207 4435 2336 4506 quid
2375 4434 2513 4490 falso
2543 4437 2649 4491 tale
2679 4443 2936 4507 putetur:
3002 4451 3128 4491 nam
3160 4435 3206 4491 si
3241 4436 3387 4490 nulla

1827 4526 1950 4581 vitae
1979 4528 2254 4597 proposita
2280 4528 2482 4581 malitia
2512 4528 2882 4598 nequitiaque,
2911 4537 2966 4582 et
3020 4543 3133 4582 non
3169 4527 3389 4583 honesti

1826 4617 2059 4687 quadam
2102 4620 2338 4689 imagine
2368 4619 2603 4675 obducta
2638 4630 2805 4690 atque
2855 4620 3173 4674 decolorat:
3228 4628 3395 4686 esset,

1826 4725 1999 4780 genus
2033 4711 2331 4765 humanum
2367 4710 2434 4763 ad
2477 4726 2597 4765 eam
2631 4726 2740 4765 non
2808 4709 3217 4782 transfugisset.
3250 4711 3399 4777 Quo-

1826 4800 1976 4855 circa
2007 4798 2361 4868 intelligentia
2396 4806 2558 4868 atque
2613 4798 2900 4868 prudentia
2929 4800 3090 4856 nobis
3139 4806 3224 4856 est
3259 4815 3399 4870 opus

1830 4890 1897 4943 ad
1933 4890 2198 4958 propositi
2233 4889 2363 4943 dicti
2410 4890 2796 4959 cognitionem.
2835 4898 2895 4943 ut
2923 4890 3122 4955 cdocti,
3161 4906 3283 4961 qute
3325 4894 3399 4947 sit

1834 4997 1962 5035 vera
1992 4982 2140 5036 insiti
2188 4981 2498 5035 intellectus
2530 4982 2897 5050 pulchritudo,
2927 4983 2995 5037 ad
3024 4998 3144 5038 eam
3197 4982 3401 5039 forme-

1836 5088 1980 5127 mnr.
2000 5070 2467 5136 Quemadmodum
2498 5072 2643 5127 enim
2669 5074 2851 5143 opinio
2879 5075 2947 5128 de
2963 5073 3195 5128 Numine
3216 5073 3401 5128 divino

1837 5162 2161 5216 naturaliter
2187 5162 2408 5231 quidem
2443 5164 2607 5218 insita
2638 5172 2723 5219 est
2775 5165 3029 5219 omnibus
3059 5165 3399 5231 hominibus,

1838 5255 1933 5310 sed
1971 5255 2277 5326 ignorantia
2308 5258 2419 5310 veri
2452 5256 2542 5312 Dei
2573 5267 2829 5327 peccatur
2857 5259 3002 5313 circa
3028 5257 3081 5311 id
3114 5257 3258 5327 quod
3277 5260 3405 5312 coli.

1840 5353 1931 5399 tur
1975 5348 1992 5414 (
2018 5362 2143 5401 nam
2172 5347 2262 5401 alii
2292 5349 2512 5417 quidem
2544 5357 2877 5403 venerantur
2903 5363 3087 5402 veram
3124 5350 3403 5414 deitatem,

1838 5450 1959 5505 quae
1985 5447 2038 5490 et
2064 5436 2117 5489 in
2154 5435 2334 5497 Patre,
2364 5446 2420 5491 et
2444 5437 2602 5499 Filio,
2634 5449 2688 5493 et
2719 5436 2927 5506 Spiritu
2974 5449 3167 5491 sentio
3217 5440 3406 5493 cousi-

1832 5527 2104 5594 deratur;
2141 5528 2236 5582 alii
2289 5544 2419 5584 vero
2449 5529 2517 5583 ad
2547 5530 2813 5584 absurdos
2854 5530 3139 5599 opiniones
3174 5528 3403 5601 delapsi,

1842 5621 1897 5675 in
1924 5627 2181 5676 creatura
2209 5621 2317 5677 tale
2346 5622 2474 5692 quid
2512 5636 2638 5679 esse
2666 5621 3017 5692 suspicantur
3046 5638 3062 5675 :
3123 5632 3290 5693 atque
3326 5622 3409 5678 id-
