4018 6536
513 389 649 446 i251

1730 382 1788 436 S.
1829 381 2156 438 GREGOBll
2194 380 2486 438 NYSSENI

3625 382 3776 436 ιειιςε

508 502 662 558 circo
694 515 818 557 cum
851 499 905 554 in
935 514 996 554 re
1030 499 1225 568 exigua
1255 512 1285 551 a
1311 497 1535 552 veritate
1577 495 1887 552 abcrratum
1917 504 2084 560 esst-t,

2194 497 2394 566 γένοιτο
2426 497 2492 551 ἀν
2520 498 2649 569 ἡμῖν
2683 499 2716 568 ἡ
2745 497 2915 570 ζημία
2951 499 3051 571 τῆς
3086 498 3342 568 ἀληθείας
3397 504 3782 569 παρασφαλεῐ-

510 595 779 666 impietati
813 594 994 650 aditus
1024 591 1329 663 patefactus
1349 589 1454 662 est)
1477 608 1491 644 :
1514 589 1704 646 eodem
1723 590 1882 644 modo
1910 606 1969 646 se
1999 605 2084 645 res

2192 607 2296 644 σιν.

515 687 682 742 habet
721 686 776 740 in
817 685 1096 754 proposito
1133 683 1434 747 intellectu,
1481 682 1589 738 nisi
1635 697 1822 738 veram
1870 681 2196 737 sententiam
2259 683 2662 752 perceperimus
2717 693 2772 738 et
2817 686 3055 742 assecuti
3126 684 3418 752 fuerimus,
3460 700 3571 740 non
3613 685 3672 738 in
3715 695 3782 735 rc

520 779 712 848 exigua
741 776 899 832 nobis
925 791 958 830 a
1005 776 1233 832 veritate
1277 776 1659 832 aberrantibus
1687 776 1945 829 damnum
1983 776 2258 832 acciderit.

593 867 736 934 Quid
769 866 934 937 igitur
972 865 1349 923 misericordia
1378 881 1483 931 est,
1512 873 1569 921 et
1598 865 1747 921 circa
1784 879 1948 935 quam
1976 879 2090 918 rem

522 959 862 1015 exercetur?
889 965 943 1013 et
973 957 1248 1029 quomodo
1275 957 1468 1012 beatus
1501 963 1585 1012 est
1616 956 1684 1023 is,
1736 955 1829 1025 qui
1858 954 2092 1009 invicem

519 1049 719 1119 accipit
746 1050 891 1120 quod
917 1050 1051 1104 dat?
1085 1049 1236 1104 Beati
1269 1049 1434 1114 enim,
1471 1047 1666 1119 inquit,
1706 1047 2092 1111 misericordes,

516 1141 770 1210 quoniam
810 1141 913 1208 ipsi
945 1141 1365 1196 misericordiam
1394 1149 1792 1211 consequentur.
1816 1138 1936 1194 Jam
1965 1155 2095 1195 vero

518 1246 641 1300 qua:
673 1231 893 1301 quidem
924 1234 1100 1303 prima
1128 1232 1271 1288 faeie
1307 1233 1570 1300 occurrit,
1616 1241 1784 1304 atque
1814 1234 1868 1288 in
1911 1249 2096 1303 prom-

517 1333 613 1393 ptu
645 1333 729 1378 est
765 1324 896 1379 dicti
942 1327 1230 1393 sententia,
1268 1326 1335 1380 ad
1369 1335 1613 1380 mutuam
1665 1327 1990 1382 eharitatem
2039 1334 2095 1382 et

517 1415 954 1480 compassionem
987 1415 1501 1486 condoleutiamque
1535 1416 1808 1484 hominem
1869 1418 2089 1481 invitat,

516 1515 738 1575 propter
775 1507 1196 1576 inaequalitatem
1227 1515 1282 1562 et
1321 1508 1637 1563 varietatem
1687 1509 1812 1562 vitae
1844 1509 2094 1578 negotio-

520 1612 642 1651 rum
672 1611 783 1652 non
812 1599 1070 1653 omnibus
1101 1600 1288 1655 eadem
1329 1597 1564 1662 fortuna,
1595 1600 1743 1670 quod
1769 1601 1854 1655 vel
1893 1601 1961 1656 ad
2006 1601 2092 1656 di-

517 1689 806 1757 gnitatem,
830 1689 914 1743 vel
937 1689 1004 1742 ad
1037 1690 1486 1746 constitutionem
1513 1700 1566 1746 et
1589 1693 1792 1746 cultum
1824 1693 2092 1762 corporis,

518 1779 599 1832 vel
625 1778 694 1832 ad
722 1779 964 1850 reliquas
998 1779 1285 1836 facultates
1316 1782 1532 1846 attinet,
1566 1783 1622 1836 in
1652 1783 1760 1836 vita
1797 1784 2091 1840 utentibus.

2261 867 2326 922 Τί
2356 867 2532 923 τοίνυν
2554 870 2701 922 ἐστὶν
2731 871 2760 922 ὁ
2779 869 2942 932 ἔλεος.
2978 868 3074 923 καὶ
3103 869 3231 941 περὶ
3257 869 3310 922 τί
3337 865 3779 939 ἐνεργούμενκῖ

2191 957 2302 1012 Καὶ
2337 958 2454 1021 πῶς
2486 959 2752 1029 μακάριος
2788 961 2817 1012 ὁ
2849 957 3280 1028 ἀντιλαμϐάνων,
3301 959 3330 1012 ὃ
3360 960 3574 1012 δίδωσιν
3604 975 3621 1021 ;
3647 961 3781 1010 Ma-

2192 1046 2385 1116 κάριοι
2416 1049 2542 1122 γὰρ,
2577 1051 2762 1121 φησιν,
2793 1053 2847 1104 ol
2872 1052 3228 1120 ἐλεήμονες,
3263 1049 3352 1104 ὅτι
3380 1050 3553 1104 αὐτοὶ
3594 1049 3782 1114 L161)-

2193 1139 2502 1206 θήσονται.
2541 1141 2605 1197 Ἢ
2651 1143 2746 1212 μὲν
2787 1137 2880 1196 οὖν
2915 1142 3202 1214 πρόχειρος
3224 1142 3318 1195 τοῦ
3350 1141 3515 1214 ῥητοῦ
3536 1141 3780 1205 διάνοια,

2194 1232 2330 1304 πρὸς
2361 1233 2421 1286 τὸ
2460 1233 2780 1305 φιλάλληλόν
2817 1251 2879 1287 τε
2925 1236 3021 1288 καὶ
3067 1233 3349 1305 συμπαθὲς
3379 1233 3784 1304 προσκαλεῖται

2190 1324 2282 1377 τὸν
2307 1323 2612 1396 ἄνθρωπον,
2643 1325 2732 1378 διὰ
2774 1325 2835 1378 τὸ
2863 1325 3045 1380 ἄνισόν
3088 1343 3147 1378 τε
3195 1328 3287 1379 καὶ
3332 1326 3614 1396 ἀνώμαλον
3661 1325 3786 1378 τῶν

2189 1415 2284 1468 τοῦ
2316 1415 2432 1485 βίου
2462 1416 2798 1487 πραγμάτων
2843 1417 2903 1469 οὐ
2939 1415 3153 1470 πάντων
3179 1418 3235 1469 ἐν
3277 1423 3387 1480 τοῖς
3414 1418 3618 1486 ὁμοίοις
3655 1416 3787 1486 ﬁso-

2188 1504 2474 1567 reuovmv,
2501 1504 2624 1559 οὔτε
2664 1505 2806 1559 κατὰ
2849 1505 2949 1576 τὴν
2999 1505 3175 1573 ἀξίαν,
3215 1506 3337 1560 οὔτε
3370 1509 3509 1562 κατά
3534 1509 3639 1579 τὴν
3681 1507 3786 1560 τοῦ

2194 1596 2445 1668 σώματος
2475 1598 2835 1671 κατασκευὴν,
2862 1597 2985 1652 οὔτε
3013 1598 3156 1652 κατά
3199 1599 3296 1670 τὴν
3325 1599 3514 1671 λοιπὴν
3543 1616 3789 1670 περιου-

2195 1691 2334 1745 σίαν.
2355 1691 2694 1764 Μεμέρισται
2719 1693 2827 1762 γὰρ
2862 1693 2938 1756 ὡς
2961 1691 3028 1746 τὰ
3056 1691 3247 1754 πολλὰ,
3268 1691 3353 1746 διὰ
3376 1693 3480 1746 τῶν
3507 1693 3789 1746 ἐναντίων

2193 1783 2221 1835 ὁ
2255 1780 2387 1851 βίος,
2408 1781 2621 1851 δουλείᾳ
2651 1780 2744 1833 καὶ⁹
2773 1781 3074 1851 κυριότητι,
3097 1781 3310 1853 πλούτῳ
3329 1783 3421 1836 καὶ
3443 1784 3623 1853 πενίᾳ,
3638 1782 3789 1851 δόξῃ

520 1867 804 1925 Scinditur
836 1873 981 1926 enim
1013 1873 1120 1926 vita
1155 1873 1473 1944 plerumque
1506 1875 1559 1929 in
1595 1875 1891 1940 contraria,
1919 1875 2092 1930 εει-νίν

2194 1873 2287 1925 καὶ
2309 1871 2520 1942 ἀτιμίᾳ,
2545 1871 2838 1942 σαθρότητι
2873 1871 3124 1942 σώματος
3154 1871 3250 1926 καὶ
3273 1873 3470 1943 εὐεξίᾳ,
3497 1874 3594 1927 καὶ
3629 1875 3790 1926 πᾶσι

518 1970 633 2016 tute
665 1971 721 2018 et
751 1963 1160 2028 dominatione,
1211 1965 1416 2022 divitiis
1456 1979 1510 2021 et
1538 1973 1878 2037 paupertate,
1922 1967 2093 2036 gloria

515 2064 570 2109 et
602 2055 918 2124 ignominia,
961 2055 1272 2111 infirmitate
1301 2057 1540 2126 vitioque
1574 2057 1824 2127 corporis
1856 2065 1912 2112 et
1954 2058 2095 2112 bona

516 2145 847 2211 valetudine,
882 2155 937 2202 et
977 2148 1233 2203 omnibus
1263 2149 1464 2204 talibus
1499 2150 1692 2204 divisa.
1733 2147 1805 2203 Ut
1838 2149 2004 2220 igitur
2030 2164 2095 2204 ea

516 2251 662 2307 pars,
687 2241 774 2292 cui
798 2239 970 2303 deest,
995 2239 1060 2292 ad
1084 2239 1329 2297 eamdem
1353 2241 1792 2295 commoditatem
1819 2239 2096 2308 perveniat

514 2343 638 2380 cum
653 2343 738 2392 ea,
755 2327 840 2382 cui
859 2328 986 2398 quid
1006 2337 1277 2397 superest,
1297 2337 1350 2382 et
1363 2331 1680 2399 suppleatur
1700 2330 1749 2382 id
1764 2329 1907 2399 quod
1921 2328 2094 2395 deest,

513 2423 586 2472 ob
613 2433 680 2472 eo
721 2419 868 2488 quod
900 2418 1189 2483 redundat,
1228 2421 1656 2475 misericordiam
1709 2421 1972 2476 adversus
2016 2430 2096 2475 te-

515 2509 736 2563 nuiores
761 2515 815 2564 et
846 2507 1130 2565 inferiores
1149 2509 1459 2564 hominibus
1483 2510 1815 2580 praescribit;
1844 2525 1966 2562 nam
1990 2509 2094 2564 nisi

515 2598 894 2653 misericordia
926 2600 1167 2653 animum
1201 2600 1268 2653 ad
1291 2600 1557 2668 ejusmodi
1585 2609 1786 2653 motum
1820 2599 2096 2652 emollive-

513 2689 604 2754 rit,
628 2705 737 2744 non
763 2689 963 2760 poterit
995 2689 1197 2759 alioqui
1237 2689 1362 2758 quis
1395 2689 1448 2742 in
1485 2689 1724 2742 animum
1760 2687 2014 2742 inducere
2041 2696 2095 2741 et

514 2781 760 2860 impelli”
784 2788 843 2836 ut
879 2781 936 2836 in
987 2782 1296 2837 calamitate
1343 2781 1648 2851 proximum
1701 2779 1944 2835 sublevet
1973 2797 1988 2834 :
2022 2793 2088 2834 ex

514 2874 796 2928 contrario
827 2873 998 2940 enim,
1033 2873 1290 2929 videlicet
1323 2872 1742 2938 inhumanitate,
1778 2872 2092 2928 misericor-

513 2964 605 3020 dia
654 2965 995 3038 intelligitur.
1035 2964 1106 3020 Ut
1143 2965 1310 3036 igitur
1337 2964 1508 3032 ferus,
1540 2979 1718 3020 saevus
1773 2971 1829 3019 et
1862 2964 2090 3021 immitis

515 3057 1086 3130 appropinquantibus
1118 3057 1440 3113 inaccessus
1464 3065 1571 3120 est,
1600 3057 1674 3110 ita
1703 3056 1798 3126 qui
1831 3064 1884 3110 et
1925 3055 2091 3111 mise-

513 3150 695 3206 ricors
715 3158 822 3212 est,
855 3159 909 3206 et
939 3149 1302 3206 incommodis
1337 3150 1570 3220 proximi
1606 3148 1965 3209 condolescit,
2015 3146 2089 3201 af.

2191 1967 2304 2028 τοῖς
2329 1963 2590 2028 τοιούτοις
2625 1963 3050 2034 διασχιζόμενος.
3093 1966 3182 2029 Ὠς
3213 1965 3280 2019 ἂν
3316 1962 3406 2019 οὖν
3426 1969 3501 2028 είς
3530 1967 3650 2019 τσον
3688 1967 3791 2018 ξλ-

2193 2058 2275 2112 θοι
2306 2058 2382 2130 τῷ
2407 2057 2812 2112 πλεονεκτοῦντι
2841 2058 2902 2111 τὸ
2949 2058 3357 2130 ὑστερούμενον,
3381 2060 3472 2112 καὶ
3513 2060 3790 2130 ἀναπληο

2197 2149 2392 2222 ρωθείη
2425 2150 2484 2204 τὸ
2505 2149 2822 2221 λειπόμενον
2839 2150 2916 2219 τῷ
2939 2150 3332 2221 περισσεύοντι,
3353 2151 3628 2222 νομοθετεῖ
3661 2157 3792 2216 τοῖς

2153 2229 2160 2236 ’
2193 2240 2499 2312 ἀνθρώποις
2531 2241 2622 2293 ἐπὶ
2657 2239 2764 2293 τῶν
2789 2240 3222 2311 καταδεεστέρων
3258 2240 3318 2293 τὸ
3346 2240 3508 2295 ἔλεον.
3546 2242 3622 2296 Ού
3665 2241 3790 2311 γάρ

2193 2334 2340 2386 ἐστιν
2367 2332 2542 2394 ἄλλως
2567 2332 2702 2403 πρὸς
2722 2331 3016 2402 θεραπείαν
3040 2333 3138 2404 τῆς
3168 2335 3448 2404 συμφορᾶς
3473 2333 3569 2386 τοῦ
3599 2333 3789 2397 πέλας

2193 2423 2454 2494 ὁρμῆσαι,
2491 2421 2566 2492 μὴ
2589 2421 2736 2474 ἐλέου
2762 2421 2862 2492 τὴν
2897 2420 3074 2492 ψυχὴν
3103 2421 3240 2489 πρὸς
3271 2422 3368 2492 τὴν
3399 2421 3658 2492 τοιαύτην
3686 2423 3789 2492 ὁρ-

2197 2512 2302 2582 μὴν
2346 2511 2752 2581 ἐκμαλάξαντος
2775 2528 2789 2541 ·
2821 2513 2884 2565 ἐκ
2915 2512 3025 2583 γὰρ
3055 2509 3146 2564 τοῦ
3177 2511 3416 2564 ἐναντίου
3443 2514 3508 2583 τῇ
3531 2513 3788 2583 ἀπηνείᾳ

2194 2607 2393 2657 νοεῖται
2410 2607 2437 2656 ό
2459 2604 2624 2668 ἕλεος.
2654 2605 2742 2666 Ὠς
2761 2599 2893 2658 οὖνὸ
2914 2605 3124 2674 ἀπηνής
3137 2621 3195 2657 τε
3216 2604 3308 2657 καὶ
3327 2603 3533 2673 ἄγριος,
3558 2605 3756 2674 ἀπροε
3771 2634 3788 2643 -

2194 2694 2456 2758 πέλαστός
2501 2696 2616 2748 ἐστι
2661 2696 2772 2757 τοῖς
2814 2693 3120 2762 ἐγγίζουσιν
3151 2708 3167 2723 ’
3199 2691 3369 2757 οὕτως
3404 2693 3434 2744 ὁ
3478 2693 3788 2763 συμπαθής

2196 2803 2257 2839 τε
2282 2786 2377 2839 καὶ
2409 2785 2676 2858 ἐλεήμων,
2708 2785 3106 2855 κατακιρνᾶταί
3134 2801 3250 2850 πως
3283 2786 3348 2855 τῇ
3377 2785 3614 2840 διαθέσει
3633 2785 3788 2855 πρὸς

2195 2877 2256 2930 τὸ
2287 2877 2559 2946 δεόμενον,
2587 2876 2779 2945 ἐκείνῳ
2803 2875 2881 2947 τῷ
2910 2875 3230 2947 λυπουμένῳ
3262 2876 3569 2947 γενόμενος,
3598 2875 3627 2927 ὃ
3652 2878 3788 2928 ἑπι-

2198 2966 2349 3035 ζητεῖ
2378 2967 2411 3036 ἡ
2441 2965 2714 3035 ἀνιωμένη
2744 2965 2970 3019 διάνοια.
3009 2967 3118 3018 Kal.
3158 2965 3302 3019 ἐστιν
3327 2967 3357 3018 ὀ
3388 2966 3555 3029 ἔλεος,
3601 2965 3681 3028 ὡς
3715 2966 3786 3019 ἂν

2195 3075 2279 3121 τις
2313 3059 2424 3128 ὅρῳ
2445 3056 2756 3127 περιλαϐὼν
2786 3058 3192 3128 ἐρμηνεύσειεν,
3228 3057 3468 3122 ἐκούσιος
3498 3058 3646 3129 λύπη
3686 3060 3784 3116 ἐπ’

2194 3146 2493 3218 ἀλλοτρίοις
2526 3149 2714 3210 κακοῖς
2754 3147 3134 3217 συνισταμένη.

515 3240 749 3298 factione
773 3243 931 3312 quasi
961 3249 1404 3311 contemperatur
1433 3257 1559 3296 eum
1599 3257 1688 3303 eo,
1717 3241 1812 3310 qui
1839 3241 1926 3295 vel
1977 3240 2160 3310 aliqua
2227 3255 2285 3295 re
2354 3255 2488 3309 opus
2560 3240 2744 3303 habet,
2815 3239 2880 3292 ad
2907 3239 2959 3293 id
3003 3253 3126 3294 sese
3155 3239 3362 3295 dolenti
3415 3249 3581 3310 atque
3617 3241 3786 3294 solii-

515 3333 626 3390 aito
666 3335 1113 3397 accommodans,
1149 3334 1296 3403 quod
1328 3349 1480 3389 mens
1520 3333 1682 3396 anxia
1732 3332 2108 3402 mulestiisque
2147 3331 2518 3386 circumventa
2556 3331 2805 3400 requirit.
2831 3332 2908 3385 Ac
2936 3332 3332 3400 misericordia,
3362 3341 3419 3387 ut
3488 3348 3605 3389 eam
3675 3334 3786 3387 ali-

516 3423 643 3491 quis
674 3422 993 3478 delinitione
1021 3423 1472 3493 comprehensam
1503 3424 1851 3494 interpretari
1897 3431 1950 3478 et
1995 3425 2265 3493 explicare
2333 3423 2526 3493 possit,
2564 3423 2870 3477 voluntaria
2936 3423 3156 3480 tristitia
3201 3432 3306 3492 est,
3365 3441 3486 3495 quae
3555 3423 3782 3506 conﬂa-

517 3525 607 3570 tur
633 3516 704 3570 ob
731 3515 1080 3570 incommoda
1109 3516 1308 3570 aliena.

591 3605 751 3672 Quod
784 3605 832 3661 si
878 3622 990 3660 non
1024 3596 1209 3675 plene,
1232 3605 1365 3675 quid
1431 3622 1527 3676 per
1556 3621 1675 3661 eam
1739 3607 2092 3676 intelligatur,

2267 3602 2330 3654 Εἰ
2355 3600 2412 3655 δὲ
2440 3602 2540 3655 οὐκ
2568 3601 2812 3673 ἀκριϐῶς
2845 3599 2942 3677 τὴν
2955 3603 3199 3658 διάνοιαν
3231 3606 3394 3661 αὐτοῦ
3427 3609 3782 3677 παρεστήσα-

517 3699 941 3768 expressimus:
981 3695 1210 3749 forsitan
1246 3697 1350 3749 alia
1381 3699 1592 3752 ratione
1637 3699 1810 3769 magis
1855 3696 2092 3753 dilucide

518 3808 582 3847 ac
633 3793 854 3863 planius
877 3791 1136 3860 explicari
1173 3789 1376 3859 possit.
1435 3791 1808 3847 Misericordia
1851 3800 1935 3847 est
1963 3806 2092 3861 erga

517 3901 634 3947 eos,
680 3885 774 3954 qui
805 3883 876 3939 ob
929 3898 1020 3939 res
1060 3883 1272 3952 aliquas
1331 3884 1518 3939 tristes
1564 3898 1628 3938 ac
1674 3883 1933 3939 molestas
1971 3898 2093 3940 sese

517 3977 886 4040 discruciant,
947 3991 1071 4029 cum
1131 3975 1426 4031 dilectione
1479 3976 1778 4045 conjuncta
1851 3973 2089 4029 alfeetio.

516 4068 988 4136 Quemadmodum
1033 4069 1179 4122 enim
1235 4067 1609 4123 inhumanitas
1661 4074 1716 4122 et
1772 4065 1959 4122 feritas
2023 4064 2092 4120 ab

518 4162 647 4216 odio
680 4175 904 4215 causam
934 4167 989 4214 et
1022 4159 1289 4229 originem
1328 4159 1558 4213 habent:
1589 4158 1672 4213 sic
1702 4173 1768 4212 ex
1797 4156 2090 4212 dilectione

517 4250 923 4322 quodammodo
954 4249 1331 4308 misericordia
1368 4253 1689 4306 enascitur:
1727 4264 1829 4304 nec
1874 4249 2093 4304 aliunde

517 4343 835 4405 exsisteret,
870 4340 974 4393 nisi
1003 4356 1066 4394 ex
1095 4341 1214 4394 hac.
1253 4342 1328 4395 Ac
1360 4343 1407 4395 si
1434 4342 1558 4409 quis
1597 4341 1756 4411 plene
1785 4341 2095 4397 misericor-

517 4434 622 4487 diae
647 4431 1034 4500 preprietatem
1053 4431 1431 4500 quuisiverit,
1459 4432 1816 4488 intentionem
1843 4443 1896 4488 et
1934 4433 2092 4489 vehe-

519 4521 781 4576 mentiam
815 4519 1057 4574 inveniet
1088 4520 1350 4588 diligendi
1387 4520 1690 4578 aﬂ‘ectionis
1725 4538 1848 4576 cum
1893 4522 2091 4579 alfectu

519 4610 759 4668 tristitia
787 4611 1154 4667 commistam.
1188 4610 1322 4665 Nam
1359 4614 1829 4684 participationem
1872 4615 2090 4684 quidem

516 4703 786 4758 bonorum
805 4717 997 4758 omnes
1033 4703 1290 4758 similiter
1333 4706 1886 4776 appetunt,etamici,
1917 4707 2093 4761 etini-

518 4793 644 4848 mici
662 4811 676 4860 ;
695 4801 751 4848 at
776 4801 834 4848 ut
853 4795 1348 4861 incommodorum,
1375 4805 1429 4852 et
1458 4813 1638 4852 rerum
1669 4799 1904 4853 tristium
1930 4805 2093 4867 atque

521 4884 839 4939 acerbarum
874 4885 1166 4954 participes
1194 4901 1320 4942 esse
1372 4888 1559 4951 velint,
1591 4903 1779 4942 eorum
1824 4890 2092 4942 duntaxat

521 4974 806 5045 preprium
836 4983 943 5038 est,
993 4975 1086 5045 qui
1145 4977 1440 5032 dilectione
1489 4984 1785 5042 tenentur;
1837 4980 1989 5049 atqui
2022 4994 2089 5032 ex

517 5066 778 5122 erunibus
811 5068 997 5130 rebus,
1045 5084 1166 5138 qua:
1219 5084 1316 5139 per
1349 5070 1514 5123 vitam
1550 5070 1806 5124 coluntur
1852 5079 1907 5124 et
1934 5083 2095 5124 exer-

518 5163 740 5221 centur,
791 5166 1010 5214 constat
1060 5175 1175 5213 rem
1224 5160 1731 5230 praestantissimam
1787 5175 1909 5217 esse
1958 5161 2096 5216 dile-

519 5250 778 5305 ctionem.
829 5249 1150 5306 Dilectionis
1195 5259 1378 5306 autem
1419 5251 1646 5307 intentio
1695 5264 1862 5322 atque
1913 5251 2092 5306 incre-

520 5351 768 5398 mentum
803 5343 1184 5400 misericordia
1207 5350 1313 5399 est.
1345 5343 1440 5398 Est
1467 5345 1631 5414 igitur
1656 5344 1880 5414 proprie
1902 5345 2094 5400 beatus

517 5435 942 5500 existimandus,
976 5436 1070 5505 qui
1104 5436 1161 5490 in
1197 5437 1290 5489 tali
1323 5434 1609 5489 all‘ectione
1651 5435 1890 5488 animam
1923 5449 2093 5490 occu-

518 5537 699 5595 patam
731 5525 915 5593 habet,
949 5534 1140 5597 utpote
1165 5527 1259 5598 qui
1282 5541 1556 5582 summum
1578 5526 1796 5584 virtutis
1815 5526 2094 5598 fastigium

516 5617 820 5688 contingat.
845 5618 924 5674 Ac
955 5634 1120 5675 nemo
1149 5619 1203 5674 in
1233 5618 1367 5674 solis
1394 5617 1640 5674 materiis
1669 5618 1814 5672 illam
1832 5618 2092 5674 virtutem

518 5715 769 5777 spectet:
827 5709 910 5766 sic
963 5709 1110 5766 enim
1166 5725 1276 5765 non
1333 5709 1603 5780 cujusque
1654 5708 1892 5769 hominis
1945 5717 2094 5764 esset

514 5797 784 5870 ejusmodi
821 5802 897 5858 rei
927 5816 1238 5866 successus,
1271 5811 1633 5873 praeterquam
1665 5801 1805 5873 ejus,
1836 5800 1926 5870 qui
1960 5816 2092 5871 opes

2123 4948 2175 5003 Ι)

2199 3711 2298 3765 μεν
2319 3710 2331 3723 ⁸
2361 3695 2501 3764 τάχα
2529 3693 2596 3746 ἂν
2621 3693 2764 3763 ἄλλῳ
2803 3675 2946 3764 λόγῳ
2973 3695 3383 3767 διερμηνευθείη
3420 3675 3776 3768 σαφέστερον.

2200 3785 2387 3849 Ἔλεος
2403 3787 2550 3837 ἐστιν
2578 3785 2796 3839 ἐπὶτῶν
2816 3785 3220 3857 δυσφορούντων
3244 3786 3336 3840 ἐπί
3359 3804 3500 3840 τισιν
3528 3789 3780 3859 ἀνιαροῖς

2196 3874 2510 3946 ἀγαπητικὴ
2535 3875 2892 3938 συνδιάθεσις.
2912 3875 3120 3943 Ὥσπερ
3147 3874 3254 3944 γάρ
3270 3875 3329 3927 τὸ
3349 3875 3553 3944 ἀπηνές
3583 3893 3643 3928 τε
3676 3876 3779 3928 καὶ

2196 3967 2477 4037 θηριῶδες,
2494 3965 2602 4020 ἀπὸ
2652 3965 2744 4020 τοῦ
2791 3965 2979 4034 μίσους
3007 3964 3104 4028 τὰς
3147 3965 3397 4037 ἀφορμὰς
3431 3965 3576 4037 ἔχει’
3601 3967 3780 4028 οὕτως

2193 4057 2453 4127 ἐκφύεταί
2511 4075 2628 4120 πως
2686 4057 2784 4127 τῆς
2842 4056 3060 4127 ἀγάπης
3102 4058 3130 4109 ὁ
3169 4057 3348 4122 ἔλεος,
3381 4057 3479 4111 οὐκ
3518 4058 3588 4112 ἂν
3618 4060 3779 4126 γενό-

2198 4166 2378 4219 μενος,
2407 4149 2456 4202 εί
2492 4148 2565 4220 μὴ
2595 4151 2658 4201 ἐκ
2688 4148 2910 4219 ταύτης.
2958 4150 3068 4201 Καὶ
3097 4148 3154 4200 εἴ
3190 4166 3272 4212 τις
3309 4149 3548 4220 ἀκριϐῶς
3590 4151 3779 4214 ἐξετά-

2196 4257 2307 4294 σειε
2353 4239 2414 4293 τὸ
2474 4239 2568 4292 τοῦ
2629 4239 2778 4292 ἐλέου
2829 4237 3056 4309 ἰδίωμα,
3097 4239 3344 4294 ἐπίτασιν
3395 4241 3617 4312 εὑρήσει
3667 4243 3778 4310 τῆς

2195 4333 2542 4404 ἀγαπητικῖκ
2594 4331 2903 4395 διαθέσεως,
2941 4331 3019 4401 τῷ
3071 4331 3208 4384 κατά
3255 4332 3355 4402 τὴν
3403 4332 3578 4403 λύπην
3611 4333 3779 4386 πάθει

2197 4424 2680 4497 συμμεμιγμένην.
2723 4425 2789 4476 Ἦ
2835 4423 2932 4494 μὲν
2983 4423 3091 4494 γὰρ
3127 4423 3237 4475 τῶν
3285 4423 3466 4476 καλῶν
3520 4427 3775 4478 κοινωνία

2196 4520 2361 4572 πᾶσιν
2424 4517 2659 4588 ὁμοίιος,
2713 4516 2804 4569 καὶ
2856 4515 3104 4586 ἐχθροῖς,
3154 4515 3248 4569 καὶ
3308 4515 3481 4586 φίλοις
3539 4517 3773 4571 σπουδά-

2191 4609 2376 4674 ζεται·
2418 4609 2477 4662 τὸ
2529 4609 2586 4662 δὲ
2639 4609 2747 4661 τῶν
2796 4607 3036 4680 ἀνιαρῶν
3079 4611 3354 4662 κοινωνεῖν
3391 4609 3596 4662 ἐθέλειν
3622 4651 3637 4673 ,
3677 4603 3783 4680 μόέ

2193 4720 2282 4756 νον
2313 4702 2444 4756 [διον
2479 4701 2587 4754 τῶν
2623 4704 2689 4773 τῇ
2730 4702 2916 4774 ἀγάπῃ
2955 4702 3378 4772 κεκρατημένων
3415 4703 3586 4755 ἐστίν.
3615 4703 3777 4755 Ἀλλά

2199 4793 2306 4864 μὴν
2343 4793 2560 4846 πάντων
2597 4792 2937 4862 ὡμολόγηται
2975 4792 3084 4844 τῶν
3120 4791 3260 4845 κατά
3303 4793 3396 4847 τὸν
3435 4793 3547 4862 βίον
3587 4792 3778 4847 τοῦτον

2196 4873 2662 4955 ἐπιτηδευομένων
2700 4884 2733 4954 ὴ
2772 4883 2958 4953 ἀγάπη
3001 4881 3061 4935 τὸ
3097 4883 3385 4953 κράτιστον
3422 4878 3579 4934 εἶναι.
3623 4882 3776 4935 Ἐπί-

2194 4993 2352 5039 τασις
2395 4975 2452 5028 δὲ
2489 4975 2706 5044 ἀγάπης
2739 4975 2769 5026 ὁ
2805 4973 2971 5036 ἔλεος.
3013 4973 3231 5046 Κυρίως
3269 4974 3376 5045 ἀρα
3418 4973 3776 5043 μακαριστὸς,

2191 5071 2221 5123 ὁ
2242 5070 2300 5122 ἐν
2320 5071 2385 5139 τῇ
2409 5066 2628 5137 τοιαύτῃ
2653 5065 2891 5121 διαθέσει
2913 5066 3012 5137 τὴν
3028 5065 3203 5136 ψυχὴν
3231 5065 3386 5137 έχων,
3406 5067 3483 5129 ὼς
3501 5065 3596 5118 τοῦ
3615 5068 3780 5135 ἀκρο-

2191 5161 2356 5215 τάτου
2377 5159 2519 5213 κατά
2539 5159 2638 5230 τὴν
2656 5157 2855 5231 ἀρετὴν
2874 5158 3263 5228 ἐφαπτόμενοςο
3282 5158 3374 5210 καὶ
3397 5158 3585 5228 μηδεὶς
3610 5157 3669 5209 ὲν
3691 5157 3780 5225 μό-

2193 5269 2314 5315 ναις
2350 5253 2469 5315 ταίς
2505 5249 2659 5313 ὕλαις
2695 5250 2794 5322 τὴν
2829 5250 3029 5321 ἀρετὴν
3063 5249 3360 5319 θεωρείτωσ
3394 5249 3537 5303 οὕτω
3574 5248 3685 5318 γάρ
3717 5249 3778 5301 ἄν

2193 5345 2253 5397 οὑ
2279 5343 2493 5407 πάντως
2520 5343 2602 5414 εἴη
2625 5343 2953 5414 κατόρθωμα
2975 5341 3038 5395 τὸ
3064 5342 3324 5406 τοιοῦτον,
3345 5341 3483 5412 πλὴν
3507 5342 3602 5395 τοῦ
3627 5341 3779 5394 δύνα-

2198 5435 2289 5506 μίν
2312 5453 2433 5490 τινα
2457 5435 2592 5507 πρὸς
2611 5437 2853 5488 εὐποιΐαν
2877 5435 3114 5506 ἔχοντος·
3132 5433 3268 5487 ἀλλά
3295 5452 3383 5505 μοι
3407 5436 3554 5489 δοκεῖ
3571 5435 3776 5488 δικαιό-

2192 5542 2351 5596 τερον
2383 5528 2441 5579 ἐν
2471 5526 2783 5597 προαιρέσει
2828 5528 2890 5579 τδ
2930 5525 3165 5579 τοιοῦτον
3203 5524 3446 5595 βλέπειν.
3477 5527 3536 5579 '0
3556 5526 3665 5597 γὰρ
3690 5525 3776 5578 θε-

2192 5616 2359 5688 λήσας
2395 5617 2456 5670 τὸ
2493 5615 2693 5684 ἀγαθὸν
2732 5617 2913 5687 μόνον,
2943 5615 3204 5679 κωλυθεὶς
3241 5616 3298 5670 δὲ
3318 5617 3454 5688 πρὸς
3491 5618 3551 5670 τὸ
3589 5615 3772 5677 καλὸν,

2192 5706 2269 5776 τῷ
2309 5705 2383 5777 μὴ
2419 5705 2699 5768 δύνασθαι,
2745 5704 2864 5758 κατ’
2913 5704 3063 5756 οὐδὲν
3105 5704 3416 5759 ἐλαττοῦται
3461 5707 3561 5776 τῆς
3597 5705 3774 5774 ψυχῆς

2189 5799 2446 5863 διαθέσει,
2482 5798 2575 5851 τοῦ
2613 5797 2698 5850 διὰ
2737 5798 2843 5851 τῶν
2881 5798 3054 5868 ἔργων
3083 5798 3179 5866 τὴν
3221 5801 3443 5867 γνώμην
3484 5800 3772 5863 δείξαντος.
