4018 6508
2794 20 2907 27 τέω-Ὕη-

240 406 383 465 1253
1307 402 1394 457 DE
1430 396 2033 455 BEATITUDINIBUS.
2074 395 2334 451 ORATIO
2378 395 2441 451 V.
3364 400 3500 453 19M

238 520 409 572 Ὅσον
441 517 539 589 μὲν
560 512 652 572 οὖν
681 517 871 589 κέρδος
899 518 1015 571 ἐστὶ
1042 516 1119 586 τῷ
1150 516 1268 587 βίῳ,
1313 519 1360 568 εί
1395 517 1532 587 πρὸς
1560 515 1718 569 τοῦτό
1747 531 1829 577 τις

1938 512 2410 583 ειίιιιιοεσιιεὶκιτθι
2440 510 2507 564 ad
2544 507 3034 564 benefaciendum:
3090 507 3338 576 quinimo
3372 512 3503 564 mihi

237 608 579 679 ἐκλαμϐάνει
600 608 695 662 τοῦ
722 606 1070 680 μακαρισμοῦ
1094 608 1191 677 τὴν
1210 607 1466 670 διάνοιαν,
1489 607 1743 677 περιττὸν
1760 605 1828 659 ἂν

236 701 326 768 εἴη
346 699 622 764 διεξιέναι,
650 702 895 770 φανερῶν
918 699 1086 753 ὄντων
1109 700 1203 751 καὶ
1230 701 1341 760 τοῖς
1373 697 1566 768 κομιδῆ
1591 697 1825 768 νηπίοις,

238 790 349 842 τῶν
380 792 444 843 ὲκ
473 791 571 861 τῆς
607 790 913 859 συμϐουλῆς
953 789 1153 858 ταύτης
1179 787 1258 859 τῷ
1319 787 1419 859 βίῳ
1461 788 1829 859 κατορθουμέ-

239 898 370 934 νων.
408 882 473 935 El
495 881 605 951 γὰρ
630 882 762 933 πᾶσι
789 879 908 933 καθ’
934 879 1188 933 ὑπόθεσιν
1219 880 1252 950 ἡ
1276 879 1493 951 τοιαύτη
1522 879 1621 948 τῆς
1652 879 1830 949 ψυχῆς

241 970 525 1038 ἐγγένοιτο
566 970 701 1041 πρὸς
746 970 808 1023 τὸ
860 969 1244 1038 ἐλαττούμενον
1296 972 1498 1039 σχέσις,
1549 968 1726 1022 οὐκέτ’
1764 970 1830 1022 ἂν

243 1061 335 1129 εἴη
366 1062 426 1114 τὸ
460 1061 747 1131 ὑπερέχον,
784 1062 875 1113 καὶ
908 1060 1321 1130 ἐλαττούμενονο
1365 1061 1548 1113 οὐκέτι
1589 1061 1725 1132 πρὸς
1763 1060 1831 1114 τά

244 1151 468 1205 ἐναντία
515 1150 622 1204 τῶν
669 1151 949 1221 ὀνομάτων
1000 1153 1028 1203 6
1083 1150 1194 1220 βίος
1240 1151 1673 1222 διενεχθήσεται·
1730 1152 1829 1205 οὐκ

244 1242 461 1296 ἀνιάσει
496 1241 655 1295 πενία
681 1242 772 1295 τὸν
802 1241 1084 1313 ἄνθρωπον
1102 1257 1113 1270 ·
1154 1241 1213 1294 οὐ
1242 1240 1566 1294 ταπεινώσει
1599 1240 1825 1294 δουλεία·

242 1334 309 1387 ού
338 1334 570 1404 λυπήσει
596 1334 788 1403 ἀτιμία
808 1351 822 1364 ·
856 1336 1032 1388 πάντα
1061 1334 1169 1406 γὰρ
1199 1334 1349 1387 ἔσται
1376 1335 1508 1387 πᾶσι
1531 1334 1711 1388 κοινά”
1736 1334 1830 1386 καὶ

249 1426 498 1496 ἰσονομία
528 1426 623 1479 καὶ
659 1426 909 1498 ἰσηγορία
940 1427 1019 1497 τῷ
1048 1426 1145 1496 βίῳ
1187 1426 1293 1479 τῶν
1327 1425 1627 1496 ἀνθρώπων
1660 1426 1830 1494 ἐμπο-

245 1515 552 1569 λιτεύεται·
584 1517 847 1579 ἑκουσίως
902 1515 995 1569 τοῦ
1049 1515 1417 1578 πολιτεύοντος
1463 1514 1597 1586 πρὸς
1632 1514 1690 1566 τὸ
1724 1514 1830 1567 λεῖ-

248 1625 350 1660 πον
387 1607 757 1677 ἐξισουμένου.
789 1606 850 1660 Εἰ
879 1606 934 1661 δὲ
956 1606 1113 1660 τοῦτο
1145 1607 1372 1675 γένοιτο,
1405 1606 1582 1659 οὐκέτ’
1604 1606 1670 1659 ἂν
1700 1606 1830 1659 ὐπο-

246 1699 492 1767 λειφθείη
534 1717 617 1763 τις
662 1699 957 1769 ἀπεχθείας
1000 1699 1282 1761 ὑπόθεσιςσ
1332 1699 1551 1769 ἀργὸςὸ
1603 1699 1825 1766 φθόνος·

246 1790 440 1859 νεκρὸν
469 1790 529 1843 τὸ
553 1792 709 1860 μῖσος
727 1807 740 1820 ’
769 1791 1057 1862 ὑπερόριος
1083 1792 1116 1860 ἡ
1146 1791 1497 1860 μνησικακία,
1524 1790 1586 1843 τὸ
1612 1790 1827 1858 ψεῦδος,

248 1882 283 1949 ἡ
317 1881 521 1950 ἀπάτη,
566 1883 595 1933 6
647 1880 915 1951 πόλεμος·
949 1882 1112 1953 (άπερ
1153 1881 1348 1949 ἔγγονα
1396 1882 1570 1934 πάντα
1612 1883 1677 1950 τῇ
1735 1880 1826 1932 τοῦ

250 1972 491 2034 πλείονος
530 1972 791 2044 ἐπιθυμίᾳ
833 1973 1022 2040 ἐστίν.)
1063 1973 1305 2038 Ἐκείνης
1346 1973 1402 2026 δὲ
1447 1974 1545 2042 τῆς
1577 1975 1830 2040 ἀσυμπα-

250 2060 374 2123 θοῦς
406 2060 696 2125 διαθέσεως
719 2060 1105 2132 ἐξορισθείσης,
1128 2061 1550 2114 συνεκϐάλλεται
1594 2061 1826 2123 πάντως.

248 2149 363 2207 οἷόν
396 2171 501 2206 τινι
545 2154 754 2223 πονηρᾷ
782 2152 928 2224 ῥίζῃ,
976 2153 1046 2206 τά
1093 2153 1192 2222 τῆς
1227 2152 1423 2215 κακίας
1454 2152 1825 2221 βλαστήματα.

252 2246 416 2316 Τῇ.δέ
448 2244 554 2297 τῶν
585 2244 834 2315 πονηρῶν
858 2243 1201 2315 ὑπεξαιρέσει
1231 2245 1260 2297 6
1284 2244 1392 2306 τῶν
1414 2242 1632 2311 ἀγαθῶν
1660 2242 1829 2296 κατά-

249 2336 408 2404 λογος
452 2335 891 2405 ἀντεισέρχεται,
949 2336 1137 2406 εἰρήνη
1184 2335 1277 2387 καὶ
1335 2334 1683 2402 δικαιοσύνη.
1737 2333 1831 2386 καὶ

253 2429 403 2479 πᾶσα
432 2426 541 2478 τῶν
566 2426 700 2497 πρὸς
723 2426 781 2479 τὸ
809 2428 1053 2496 κρεῖττον
1100 2426 1399 2496 νοουμένων
1429 2424 1735 2478 ἀκολουθία.
1767 2423 1831 2475 Τί

251 2519 432 2572 τοίνυν
475 2518 540 2571 ἂν
585 2517 671 2587 εἴη
724 2516 1203 2588 μακαριστότερον,
1252 2516 1313 2569 τὸ
1368 2515 1510 2569 οὓτω
1574 2516 1665 2567 τὸν
1718 2515 1832 2584 βίον

252 2610 419 2680 ἔχειν,
460 2608 640 2662 ούκέτι
683 2609 893 2679 μοχλοῖς
934 2609 1027 2662 καὶ
1071 2609 1236 2672 λίθοις
1271 2608 1367 2679 τὴν
1403 2607 1698 2676 ἀσφάλειαν
1735 2607 1832 2676 τῆς

254 2701 401 2770 ζωῆς
430 2701 586 2771 ἡμῶν
622 2701 1009 2766 πιστευόντων,
1054 2701 1167 2753 ἀλλ’
1217 2702 1274 2754 ἐν
1312 2699 1557 2769 ἀλλήλοις
1605 2698 1833 2768 ἠσφαλι-

256 2791 510 2862 σμένων;
548 2792 759 2863 Ὠσπερ
808 2792 916 2862 γὰρ
960 2794 989 2844 6
1041 2792 1255 2862 ἀπηνής
1305 2807 1364 2844 τε
1408 2789 1498 2843 καὶ
1543 2788 1830 2858 θηριώδης,

254 2883 538 2953 δυσμενεῖς
564 2883 742 2953 ἐαυτῷ
779 2884 903 2945 τοὺς
934 2883 1031 2952 τῆς
1064 2881 1381 2953 ἀγριότητος
1402 2880 1834 2950 πεπειραμένους

257 2976 438 3026 ποιεῖ·
492 2972 663 3036 οὕτως
706 2976 770 3027 ἐκ
808 2974 899 3026 τοῦ
949 2973 1227 3035 ἐναντίου,
1272 2972 1415 3026 εὖνοι
1480 2971 1711 3033 ἅπαντες
1756 2970 1834 3040 τῷ

257 3062 494 3118 ἐλεοῦντι
532 3065 813 3134 γινόμεθα,
845 3063 1086 3133 φυσικῶς
1115 3066 1226 3127 τοῖς
1254 3063 1534 3133 μετέχουσι
1565 3063 1657 3135 τοῦ
1686 3064 1832 3117 ἐλέου

1930 606 2141 676 aequius
2168 612 2223 657 et
2255 603 2440 658 verius
2478 616 2601 656 esse
2635 600 2852 655 videtur
2902 599 3214 669 bnjusmodi
3244 601 3500 655 virtutem

1930 715 1998 755 ex
2057 696 2241 753 studio
2299 701 2464 763 atque
2522 692 2801 747 voluntate
2855 692 3150 747 aestimare.
3207 690 3342 745 Nam
3409 691 3505 760 qui

1930 792 2132 846 bonum
2166 787 2445 841 voluntate
2475 783 2739 838 duntaxat
2769 784 2822 837 in
2854 784 3042 837 animo
3076 782 3181 836 sibi
3214 784 3505 853 proposuit

1931 898 1994 935 ae
2026 880 2339 939 destinavit,
2379 877 2474 932 sed
2510 877 2713 945 inopia,
2750 876 3044 944 quominus
3102 874 3153 928 id
3208 874 3355 944 quod
3407 876 3506 928 lio-

1932 983 2150 1028 nestum
2184 981 2267 1027 est
2298 979 2581 1039 sequatur,
2616 968 2922 1035 prohibitus
2952 976 3057 1030 est,
3111 968 3277 1021 animi
3334 968 3505 1023 desti-

1932 1066 2155 1118 natione
2211 1062 2383 1116 nihilo
2441 1059 2668 1113 inferior
2718 1067 2803 1115 est
2863 1074 2962 1122 eo,
3023 1060 3117 1127 qui
3188 1074 3284 1128 per
3341 1073 3503 1129 opera

1931 1158 2266 1211 voluntatem
2300 1168 2454 1209 suam
2482 1150 2740 1206 ostendit.
2770 1149 2891 1204 Jam
2929 1165 3060 1204 vero
3085 1157 3350 1219 quantum
3380 1151 3506 1205 vitze

1933 1252 2149 1304 lucrum
2205 1254 2261 1302 et
2327 1244 2675 1300 commodum
2740 1244 2812 1297 sit
2879 1242 2924 1296 si
2988 1244 3113 1311 quis
3174 1243 3502 1298 sententiam

1935 1339 2291 1395 beatitudinis
2324 1338 2378 1391 in
2409 1336 2550 1390 hanc
2578 1344 2785 1405 partem
2818 1334 3071 1402 accipiat,
3106 1348 3500 1403 supervacuum

1936 1430 2101 1484 fuerit
2126 1442 2423 1497 exponere,
2461 1440 2585 1477 cum
2616 1425 2700 1479 vel
2736 1422 3028 1478 admodum
3083 1423 3424 1491 simplicibus
3450 1432 3505 1475 et

1933 1519 2200 1589 imperitis
2254 1516 2558 1571 manifesta!
2587 1516 2699 1570 sint
2749 1531 2825 1569 ea:
2854 1530 2975 1584 qua!
3016 1531 3080 1568 ex
3127 1515 3229 1569 hoc
3273 1515 3504 1570 consilio

1930 1610 2053 1663 vitae
2083 1606 2279 1660 confici
2316 1604 2737 1660 commoditates
2788 1606 3018 1672 possint.
3056 1602 3191 1657 Nam
3229 1604 3298 1665 si,
3348 1602 3503 1658 verbi

1933 1703 2133 1773 gratia,
2169 1699 2426 1755 omnibus
2472 1699 2743 1768 ejusmodi
2775 1697 2941 1751 animi
2977 1695 3202 1751 affectus
3238 1697 3504 1751 adversus

1933 1794 2220 1849 inferiores
2253 1792 2475 1847 innatus
2508 1800 2674 1855 esset,
2708 1779 3093 1858 non'amplius
3143 1788 3325 1843 fuerit.
3356 1785 3502 1857 quod

1932 1886 2015 1940 vel
2040 1893 2282 1955 prwstet,
2307 1884 2390 1938 vel
2415 1882 2647 1937 inferius
2676 1881 2748 1937 sit
2772 1900 2785 1934 :
2814 1896 2919 1933 non
2950 1881 3185 1951 amplius
3208 1882 3260 1932 in
3284 1879 3501 1935 diversa

1933 1980 2153 2035 nomina
2187 1978 2296 2032 vita
2330 1977 2653 2040 diducetur;
2703 1990 2811 2028 non
2868 1974 3093 2027 molesta
3126 1971 3332 2025 homini
3368 1988 3504 2042 pau-

1932 2078 2117 2138 pertas
2146 2069 2250 2122 erit
2279 2086 2294 2132 ;
2329 2082 2435 2121 non
2468 2066 2706 2120 servitus
2735 2064 3000 2134 deprimet
3027 2081 3041 2128 ;
3073 2078 3177 2116 non
3205 2063 3502 2132 ignominia

1932 2169 2130 2230 anget;
2180 2159 2361 2213 omnia
2421 2158 2567 2211 enim
2625 2156 2881 2209 omnibus
2932 2163 3092 2208 erunt
3149 2155 3501 2219 communia;

1931 2251 2289 2319 mquilibritas
2335 2261 2387 2303 et
2433 2247 2720 2317 aequabilis
2766 2246 2993 2300 trihutio
3042 2246 3222 2313 juris,
3279 2255 3390 2299 tum
3447 2246 3501 2298 in

1935 2342 2204 2402 faciendo,
2238 2349 2350 2394 tum
2394 2340 2449 2394 in
2482 2338 2714 2393 dicendo
2743 2340 2795 2391 in
2828 2338 2936 2391 vita
2972 2337 3253 2391 hominum
3281 2352 3505 2391 exerce-

1933 2434 2098 2494 bitur,
2127 2448 2251 2485 cum
2304 2432 2373 2494 is,
2410 2431 2498 2484 cui
2551 2429 2682 2498 quid
2719 2427 3068 2497 superfuerit,
3117 2443 3240 2481 cum
3278 2444 3365 2491 eo,
3411 2429 3503 2481 cui

1933 2523 2187 2583 defuerit,
2213 2528 2406 2590 sponte
2438 2535 2534 2574 sua
2565 2534 2624 2573 se
2658 2526 2902 2587 exaequet
2929 2537 2941 2570 :
2972 2517 3112 2585 quod
3140 2520 3183 2570 si
3209 2517 3503 2580 accideret,

1934 2615 2084 2667 nulla
2109 2613 2345 2681 amplius
2369 2611 2784 2664 inimicitiarum
2811 2608 3037 2662 materia
3060 2608 3461 2677 relinqueretur
3486 2625 3503 2663 :

1935 2711 2177 2760 cessaret
2236 2702 2487 2767 invidia;
2546 2710 2823 2755 mortuum
2863 2698 3091 2761 odium;
3129 2698 3369 2751 extorris
3418 2699 3506 2749 in-

1930 2797 2201 2866 juriarnm
2269 2804 2427 2849 tenax
2498 2794 2800 2857 memoria;
2865 2791 3248 2852 mendacium,
3312 2788 3504 2849 fraus,

1936 2888 2135 2943 bellum
2176 2888 2317 2956 (quae
2367 2885 2550 2938 omnia
2616 2884 2833 2938 soboles
2884 2890 3047 2950 atque
3095 2894 3333 2950 propago
3384 2880 3509 2948 plus

1938 2980 2171 3034 habendi
2204 2980 2521 3047 cupiditatis
2553 2978 2701 3043 sunt)
2726 2976 2941 3031 sublata
2972 2982 3175 3028 essent.
3208 2972 3300 3025 Illa
3324 2979 3506 3025 autem

1940 3069 2337 3139 incompatibili
2402 3068 2870 3136 condolcntiaeqne
2927 3073 3151 3134 experte
3214 3065 3507 3119 affectione

258 3157 357 3227 τὴν
394 3156 614 3226 ἀγάπην
643 3156 991 3219 ἐντίκτοντος.
1025 3154 1230 3207 Οὐκοῦν
1254 3156 1399 3207 ἐστιν
1431 3155 1459 3207 6
1484 3154 1646 3218 ἔλεος,
1673 3154 1748 3217 ῶς
1772 3172 1833 3222 γε

1938 3160 2338 3223 exterminata,
2399 3174 2506 3213 una
2567 3159 2725 3228 plane
2782 3157 3094 3225 ejicientnr,
3157 3156 3322 3210 veluti
3382 3171 3509 3210 cum

260 3250 290 3301 6
315 3246 469 3314 λόγος
496 3247 790 3321 ὑπέδειξεν,
819 3246 1030 3308 εὐνοίας
1056 3247 1257 3315 πατὴρ,
1295 3246 1513 3313 ἀγάπης
1563 3245 1838 3316 ἐνέχυρον,

262 3339 562 3408 σύνδεσμος
604 3339 782 3407 πάσης
816 3337 1033 3407 φιλικῆς
1071 3338 1389 3400 διαθέσεως*
1432 3337 1530 3406 τῆς
1572 3336 1628 3388 δὲ
1667 3337 1841 3405 ἀσφα-

262 3426 415 3490 λείας
448 3426 670 3497 ταύτης,
706 3426 757 3479 τί
790 3426 855 3479 ἀν
891 3428 1198 3498 ἐπινοηθείη
1241 3429 1379 3480 κατά
1419 3426 1515 3498 τὴν
1546 3426 1689 3495 ζωὴν
1716 3428 1840 3495 ὀχυ-

266 3518 503 3589 ρώτερον
528 3534 541 3581 ;
572 3518 729 3570 Ὥστε
751 3518 971 3581 εἰκότως
1004 3519 1031 3569 6
1057 3518 1224 3585 Λόγος
1253 3518 1541 3589 μακαρίζει
1572 3518 1663 3570 τον
1686 3517 1838 3589 ἐλεή-

1943 3268 2104 3321 prava
2139 3251 2373 3320 quadam
2430 3251 2634 3311 radice,
2667 3249 2832 3304 etiam
2890 3247 3207 3302 vitiositatis
3236 3247 3507 3317 germina.

1940 3344 1998 3397 In
2055 3345 2233 3399 locum
2284 3352 2466 3397 autem
2506 3349 2882 3410 exemplorum
2928 3342 3195 3394 malorum
3251 3340 3510 3394 succedet

1942 3437 2210 3490 bonorum
2231 3443 2471 3500 caterva,
2505 3450 2631 3503 pax,
2660 3441 2714 3487 et
2737 3433 2971 3501 justitia.
2991 3430 3276 3499 omnisque
3297 3444 3507 3491 eorum,

1945 3544 2067 3598 quae
2103 3529 2155 3581 in
2199 3528 2478 3580 meliorem
2528 3534 2736 3594 partem
2777 3524 3175 3593 intelliguntur,
3217 3522 3512 3574 comitatus

268 3624 428 3677 μονα,
456 3607 720 3661 τοσούτων
748 3608 966 3676 ἀγαθῶν
1010 3608 1084 3679 τῷ
1123 3609 1343 3679 ὀνόματι
1379 3610 1553 3679 τούτῳ
1586 3612 1837 3680 ἐμφαινο-

1941 3626 2102 3683 atque
2151 3615 2393 3685 sequela.
2458 3612 2600 3681 Quid
2656 3614 2821 3683 igitur
2873 3613 3045 3681 magis
3098 3612 3314 3665 beatum
3352 3610 3514 3664 fuerit

270 3700 466 3768 μένων.
512 3700 670 3753 Ἀλλά
696 3700 756 3752 τὸ
792 3700 888 3770 μὲν
930 3700 1162 3770 βιωφελῆ
1202 3701 1299 3770 τὴν
1327 3700 1581 3769 τοιαύτην
1615 3701 1837 3769 συμϐουι

1938 3707 2321 3776 jndicandum,
2362 3721 2523 3775 quam
2574 3707 2617 3759 si
2653 3705 2724 3757 ita
2753 3704 2990 3766 vivatur,
3027 3714 3083 3756 nt
3135 3718 3242 3756 non
3280 3702 3513 3771 amplius

266 3790 367 3860 Αὴν
393 3785 549 3854 εἶναι,
592 3791 790 3854 παντός
832 3794 943 3843 ἐστι
996 3792 1069 3861 μὴ
1119 3792 1413 3861 ἀγνοῆσαιο
1450 3794 1572 3859 ἐμοὶ
1608 3792 1663 3844 δὲ
1699 3791 1837 3844 δοκεῖ

1940 3800 2185 3853 vectibus
2225 3806 2279 3851 et
2331 3796 2604 3865 lapidibus
2636 3796 2757 3849 vitae
2790 3803 2992 3849 nostra:
3023 3794 3291 3847 securitas
3319 3792 3513 3847 creda-

270 3880 430 3933 πλέον
460 3899 510 3934 τι
548 3881 656 3934 τῶν
694 3883 757 3934 ἐκ
796 3881 887 3933 τοῦ
934 3882 1219 3951 προχείρου
1273 3882 1594 3951 νοουμένων.
1640 3884 1706 3951 τῇ
1749 3880 1837 3934 τοῦ

1940 3897 2049 3950 tur,
2088 3890 2181 3943 sed
2217 3887 2423 3940 mutuis
2451 3886 2641 3939 ofﬁciis
2673 3885 2865 3937 muniti
2898 3885 3115 3939 simus?
3163 3883 3515 3952 quemadmo-

274 3967 558 4039 μέλλοντος
607 3972 828 4042 ὲκλήψει
900 3938 1342 4044 δι”άπορρήτων
1402 3938 1749 4042 παραδηλοιύν
1810 3975 1837 4043 ἡ

1943 3981 2069 4035 dum
2106 3978 2251 4032 enim
2288 3976 2512 4030 immitis
2542 3984 2595 4030 et
2617 3976 2876 4029 efferatus
2908 3974 3151 4029 infensos
3180 3982 3233 4027 et
3263 3974 3516 4028 inimicos

270 4060 495 4114 διάνοια.
522 4060 579 4113 Μ
583 4049 955 4135 ακᾶᾆπγὰρ,
974 4052 1158 4133 (om,
1182 4067 1234 4116 οἱ
1256 4063 1598 4130 ἐλεήμονες
1625 4063 1712 4116 ὅτι
1745 4067 1837 4117 αὑ-

1940 4070 2119 4126 et'fecit
2175 4083 2311 4131 eos,
2373 4067 2467 4137 qui
2524 4066 2799 4121 feritatem
2857 4076 3021 4134 atque
3068 4065 3332 4119 saevitiam
3393 4064 3517 4131 ejus

270 4150 362 4205 τοὶ
400 4152 872 4221 ἐλεηθήσονταιο
916 4154 990 4218 ὼς
1048 4153 1271 4223 ὕστερον
1319 4154 1684 4225 ἀποκειμένης
1733 4156 1837 4217 τοῖς

1938 4161 2146 4230 experti
2201 4161 2355 4215 sint:
2404 4160 2486 4214 sic
2535 4174 2601 4214 ex
2665 4159 2944 4212 contrario
2997 4156 3275 4212 miserenti
3322 4170 3516 4210 omnes

272 4242 484 4294 ἐλεοῦσι
515 4243 615 4312 τῆς
652 4244 791 4297 κατὰ
818 4245 908 4298 τὸν
942 4246 1085 4298 ἔλεον
1120 4245 1455 4307 ἀντιδόσεως.
1826 4276 1829 4277 ν

1946 4247 2189 4300 benevoli
2248 4246 2546 4307 eilicimur,
2610 4245 2986 4300 misericordia
3059 4243 3517 4314 partieipantibns

273 4334 621 4389 dilectionem
690 4336 1013 4391 naturaliter
1062 4336 1433 4407 ingenerante.
1487 4336 1630 4406 Ergo
1694 4334 2093 4398 misericordia,
2132 4346 2192 4391 ut
2254 4337 2501 4391 definitio
2534 4339 2754 4406 quidem
2827 4335 3085 4396 ostendit,
3127 4334 3518 4389 benevolentia:

274 4435 451 4479 mater
496 4434 615 4489 est,
673 4426 985 4482 dilectionis
1055 4427 1271 4497 pignus,
1332 4428 1613 4482 vinculum
1672 4428 1852 4481 omnis
1928 4429 2117 4482 amica:
2181 4428 2522 4483 affectionis:
2567 4430 2668 4481 hac
2707 4442 2838 4481 vero
2866 4428 3116 4481 cautione
3167 4435 3327 4494 atque
3361 4440 3516 4478 secn~

274 4517 455 4579 ritate,
475 4518 678 4585 quidin
710 4519 821 4572 vita
852 4520 1060 4574 firmius
1082 4526 1135 4574 et
1155 4520 1326 4575 tutius
1364 4520 1660 4589 excogitari
1719 4520 1930 4589 possit?
1968 4518 2153 4590 Itaque
2214 4522 2407 4573 merito
2472 4518 2708 4573 Verbum
2738 4560 2753 4583 ,
2825 4517 3233 4572 misericordem
3302 4518 3515 4572 beatum

271 4607 503 4674 judicat,
536 4624 659 4663 cum
692 4618 770 4663 tot
814 4610 867 4663 in
924 4610 1026 4663 hoc
1076 4610 1299 4665 nomine
1376 4611 1515 4664 bona
1559 4618 1877 4681 appareant.
1954 4608 2220 4665 Caeterum
2272 4608 2416 4679 quod
2470 4608 2575 4662 hoc
2625 4608 2843 4677 quidem
2897 4607 3189 4660 consilium
3245 4607 3367 4659 vitae
3410 4621 3518 4659 non

277 4698 473 4753 inutile
523 4699 631 4766 sit,
693 4700 937 4769 cujusvis
996 4709 1077 4756 est
1146 4701 1289 4754 haud
1358 4700 1655 4771 ignorare:
1717 4701 1849 4754 milii
1892 4711 2073 4756 autem
2105 4701 2309 4769 aliquid
2340 4699 2597 4766 amplius,
2623 4713 2783 4764 quam
2814 4713 2898 4758 ea,
2930 4712 3049 4763 quae
3108 4695 3280 4765 prima
3343 4694 3522 4750 fronte

278 4790 678 4861 intelliguntur,
710 4794 1063 4862 expressione
1090 4793 1352 4862 temporis
1386 4792 1556 4846 futuri
1584 4793 1851 4847 sententia
1926 4807 2024 4861 per
2094 4805 2293 4845 arcana
2348 4790 2576 4843 innuero
2632 4788 2865 4844 videtur.
2920 4787 3073 4841 Beati
3108 4783 3276 4847 enim,
3322 4789 3519 4858 inquit,

279 4886 678 4952 misericordes,
722 4888 973 4956 quoniam
1031 4887 1132 4953 ipsi
1191 4885 1613 4939 misericordiam
1666 4876 2091 4954 consequentur;
2125 4884 2281 4955 quasi
2311 4885 2365 4939 in
2437 4892 2713 4955 posterum
2774 4882 3051 4937 recondita
3114 4882 3502 4940 miserantibus

280 4977 673 5035 misericordia:
703 4977 1161 5031 remuneratione.
1907 4968 1915 4976 ’

348 5067 557 5122 Οὐκοῦν
596 5067 671 5129 ὡς
712 5066 777 5119 ἂν
820 5060 921 5117 οἷοί
963 5083 1021 5118 τε
1052 5059 1201 5135 ὦμεν
1229 5065 1324 5135 τὴν
1354 5064 1617 5135 εὔληπτον
1649 5064 1837 5134 ταύτηκ

2028 5060 2169 5131 Ergo
2196 5071 2355 5131 prout
2374 5062 2675 5131 poterimus
2691 5062 2897 5117 omisso
2921 5062 3023 5115 hoc
3046 5061 3187 5116 facili
3223 5063 3521 5131 intellectu,

272 5162 372 5216 καὶ
420 5162 483 5212 ἐκ
538 5158 631 5212 τοῦ
695 5158 983 5227 προχείρου
1031 5162 1141 5221 τοίς
1190 5157 1404 5221 πολλοῖς
1462 5157 1852 5227 εὑρισκομένην

274 5249 669 5311 καταλιπόντες
696 5247 952 5311 διάνοιαν,
983 5248 1118 5319 πρὸς
1154 5248 1214 5300 τὸ
1258 5247 1520 5318 ἐσώτερον
1556 5246 1648 5299 τοῦ
1685 5263 1851 5298 κατας

276 5340 625 5408 πετάσματος
657 5338 1029 5408 διακύψαι,τῷ
1071 5337 1213 5407 λόγῳ
1258 5337 1397 5389 κατὰ
1422 5336 1482 5389 τὸ
1512 5335 1732 5389 δυνατὸν
1765 5337 1856 5402 ἐγ-

273 5434 638 5502 χειρήσωμεν.
657 5429 947 5499 Μακάριοι
970 5432 1026 5481 οἱ
1041 5429 1385 5497 ἐλεήμονες,
1399 5428 1484 5481 ὅτι
1508 5426 1678 5481 αὐτοί
1694 5427 1856 5494 ἐλεη-

274 5521 586 5587 θήσονται.
627 5522 782 5575 Ἔστι
813 5521 909 5591 μὲν
937 5516 1028 5574 οὖν
1060 5538 1113 5573 τι
1158 5520 1251 5573 καὶ
1282 5519 1563 5588 δογμάτων
1588 5518 1849 5588 ὑψηλότε-

278 5626 372 5678 ρον
425 5611 483 5663 ἐν
522 5608 599 5678 τῷ
644 5609 786 5680 λόγῳ
828 5610 1045 5679 μαθεῖν’
1099 5610 1180 5662 ὅτι
1226 5608 1441 5662 πάντων
1490 5604 1709 5672 ἀγαθῶν
1756 5604 1854 5668 τὰς

276 5699 532 5769 ἀφορμὰς
558 5702 586 5752 6
615 5702 734 5753 κατ’
757 5702 939 5753 εἰκόνα
970 5700 1160 5754 ἑαυτοῦ
1182 5700 1412 5769 ποιήσας
1440 5697 1528 5749 τὸν
1550 5695 1851 5765 ἄνθρωπον,

277 5791 346 5861 τῇ
382 5790 540 5861 φύσει
567 5793 659 5846 τοῦ
696 5791 1004 5861 πλάσματος
1042 5789 1349 5854 ἐναπέθετο,
1387 5787 1462 5851 ὼς
1518 5785 1682 5856 μηδὲν
1722 5786 1853 5857 ἡμῖν

1953 5153 2046 5222 qui
2086 5160 2334 5222 prompte
2358 5152 2643 5221 primoque
2673 5162 2897 5223 aspectu
2934 5168 2964 5207 a
3009 5155 3169 5223 vulgo
3202 5156 3520 5223 percipitur,

1955 5244 2023 5298 ad
2051 5246 2226 5299 velum
2274 5244 2526 5307 interius,
2561 5244 2776 5298 ratione
2811 5260 2911 5313 pro
2960 5245 3170 5299 viribus
3212 5248 3527 5314 prospicere

1954 5350 2237 5390 conentur.
2288 5334 2442 5389 Beati
2482 5336 2851 5389 misericordes
2878 5376 2892 5397 ,
2928 5336 3178 5403 quoniam
3228 5337 3329 5404 ipsi
3361 5339 3524 5392 mise-

1955 5427 2242 5481 ricordiam
2274 5436 2672 5498 consequentur.
2704 5427 2823 5481 Jam
2851 5442 2981 5480 vero
3012 5435 3217 5481 certam
3245 5429 3528 5484 stabilem-

1957 5535 2063 5590 que
2080 5521 2404 5575 sententiam
2430 5520 2720 5589 quamdam
2742 5527 2795 5573 et
2828 5518 3199 5574 sublimiorem
3221 5520 3523 5574 doctrinam

1957 5626 2054 5680 per
2086 5612 2199 5664 hmo
2230 5610 2392 5665 verba
2424 5610 2636 5667 discere
2668 5610 2832 5674 licet;
2863 5610 3009 5680 quod
3036 5611 3318 5664 «nimirum
3354 5609 3402 5664 is
3432 5609 3527 5678 qui

1953 5702 2110 5771 juxta
2178 5702 2263 5756 sui
2336 5702 2625 5771 imaginem
2698 5701 2970 5755 hominem
3048 5702 3215 5763 fecit,
3280 5700 3526 5755 omnium

1959 5793 2229 5848 bonorum
2285 5792 2545 5847 materias
2596 5801 2755 5862 atque
2800 5789 3044 5847 subsidia
3092 5791 3146 5845 in
3193 5798 3385 5845 natura
3438 5789 3523 5846 sui
