4018 6536
497 413 638 466 1255
1687 411 1750 469 ε.
1785 407 2084 466 GBEGORI

2176 405 2444 467 "SSENI
3613 414 3763 470 ηεε

491 527 680 595 operis
711 522 1049 596 deposuerit,
1076 537 1137 582 ut
1169 529 1318 584 nulla
1347 543 1438 584 res
1471 529 1612 585 bona
1645 538 1808 600 atque
1839 528 2064 582 honesta

2177 527 2276 582 τῶν
2309 531 2488 584 καλῶν
2528 531 2726 597 ἔξωθεν
2757 531 3215 603 ὲπεισκρίνεσθαι,
3248 531 3362 586 ἀλλ’
3391 533 3476 601 ἐφ’
3503 533 3644 603 ἡμῖν
3681 524 3764 583 εἰ·

494 617 840 674 extriusecus
877 620 930 672 in
985 636 1086 676 nos
1126 635 1185 675 se
1231 621 1446 690 ingerat
1475 630 1530 677 et
1572 621 1838 684 insinuet,
1875 619 1968 676 sed
2010 619 2064 672 in

2176 637 2254 674 ναι
2280 620 2418 692 ὅπερ
2441 622 2760 694 βουλόμεθα,
2791 619 2903 677 οἷον
2934 625 2998 677 ὲκ
3039 623 3262 693 ταμείου
3295 621 3440 686 me;
3465 637 3763 692 προχειρι-

495 714 766 774 potestate
809 717 997 762 nostra
1031 710 1122 773 sit,
1180 718 1240 763 ut
1268 710 1587 773 habeamus,
1629 710 1774 781 quod
1811 711 2062 772 velimus,

2176 715 2425 784 τομὲνους
2453 717 2513 768 τὸ
2540 715 2742 786 ἀγαθὸν
2769 719 2833 770 ὲκ
2867 715 2968 785 τῆς
2996 720 3240 785 φύσεως·
3271 714 3380 768 ἀπὺ
3411 713 3616 784 μέρους
3648 711 3763 782 γὰρ

497 805 755 866 tanquam
805 813 870 852 ex
931 798 1066 854 cella
1125 800 1360 870 quadam
1402 803 1687 871 penuaria,
1743 817 1811 857 ex
1871 812 2066 856 natura

2173 809 2294 881 περὶ
2339 807 2435 862 τοῦ
2473 809 2672 872 παντὸς
2705 807 3084 880 διδασκόμεθα,
3111 808 3194 860 ὅτι
3238 807 3339 860 οὐκ
3384 805 3535 858 ἔστιν
3577 803 3760 865 ἄλλως

494 887 697 942 bonum
731 899 1088 958 promentes;
1128 907 1226 962 per
1255 892 1554 962 singularia
1602 893 1748 948 enim
1791 902 1843 948 et
1893 894 2066 964 parti-

2176 901 2285 953 τινά
2313 899 2421 954 τῶν
2457 903 2578 954 κατ’
2611 901 2904 971 ἐπιθυμίαν
2932 903 3132 970 τυχεῖν,
3169 901 3242 969 μὴ
3277 899 3440 952 αὐτὸν
3479 895 3668 965 ἐαυτῷ
3699 893 3763 946 τδ

495 980 704 1035 cularia
737 981 805 1036 de
851 984 1254 1040 universalibus
1285 987 1571 1048 docemur,
1608 986 1753 1055 quod
1803 1000 1912 1041 non
1960 986 2065 1039 alia

2176 988 2371 1058 ἀγαθὸν
2397 987 2754 1062 χαριζόμενον
2771 1005 2784 1019 ·
2807 989 2888 1042 διό
2920 989 3051 1058 φησι
3076 1004 3180 1040 που
3207 989 3340 1058 πρὸς
3363 986 3494 1048 τοὺς
3525 984 3763 1038 ἀκούον-

495 1071 708 1127 ratione
736 1074 898 1142 potiri
924 1075 1052 1144 quis
1100 1076 1275 1146 possit
1313 1091 1530 1139 eorum,
1574 1091 1698 1146 quae
1745 1076 1918 1146 cupit,
1960 1076 2066 1130 nisi

2176 1095 2264 1145 τας
2307 1083 2336 1134 ό
2385 1081 2609 1152 Κύριος,
2656 1081 2738 1134 ὄτι
2781 1081 2852 1135 Ἠ
2887 1080 3176 1143 βασιλεία
3223 1077 3328 1132 τοῦ
3383 1076 3534 1131 Θεοῦ
3576 1075 3763 1141 ἐντὸς

497 1165 616 1234 ipse
644 1165 750 1221 sibi
799 1167 999 1222 bonum
1054 1169 1358 1239 largiatur:
1407 1172 1759 1239 quamobrem
1807 1169 2067 1226 Dominus

2174 1163 2338 1238 ὑμῶν
2365 1164 2561 1220 (ἔστιν⁹
2583 1171 2800 1227 καὶ,ὅτι
2837 1167 2962 1234 Πᾶς
3003 1173 3037 1223 ὁ
3085 1169 3266 1222 αἰτῶν
3295 1167 3608 1238 λαμϐάνει,
3653 1166 3761 1219 καί

494 1257 696 1312 alicubi
724 1259 856 1314 dicit
883 1261 948 1315 ad
977 1260 1258 1316 auditores
1286 1261 1354 1324 ",
1384 1260 1618 1331 Regnum
1651 1263 1747 1316 Dei
1787 1263 1943 1337 intra
1978 1279 2067 1316 vos

2171 1262 2202 1314 ὁ
2236 1258 2423 1329 ζητῶν
2457 1261 2721 1329 εὑρίσκει
2741 1301 2755 1325 ,
2787 1260 2887 1314 καὶ
2913 1258 2993 1324 τῷ
3020 1261 3296 1328 κρούοντι
3327 1257 3758 1327 ἀνοιγήσεται·

495 1359 609 1414 est;
655 1359 732 1412 et,
779 1350 1088 1421 Quicunque
1137 1354 1288 1422 petit.
1323 1354 1563 1422 accipit:
1617 1363 1666 1407 et
1719 1355 1809 1422 qui
1856 1355 2064 1423 qumrit,

2175 1352 2241 1416 ὥς
2273 1354 2366 1408 καὶ
2406 1353 2467 1406 τὺ
2512 1352 2694 1406 λαϐεῖν
2743 1352 2801 1406 τὸ
2835 1352 3187 1422 ποθούμενον,
3227 1350 3320 1403 καὶ
3351 1348 3412 1402 τὺ
3464 1350 3651 1420 εὑρεῖν
3697 1346 3762 1400 τὸ

496 1440 732 1505 invenit;
778 1451 827 1494 et
860 1443 1098 1510 pulsanti
1154 1445 1522 1511 aperietur";
1572 1454 1632 1498 ιιι
1677 1453 1731 1499 et
1765 1444 2068 1512 accipiendi

2174 1444 2516 1516 ζητούμενον,
2552 1446 2647 1499 καὶ
2678 1446 2738 1498 τὸ
2789 1443 2938 1508 ὲντδς
2967 1442 3073 1497 τῶν
3112 1440 3563 1511 ὲπιθυμουμένων
3589 1438 3761 1508 γενέ-

496 1531 646 1601 quod
695 1531 1056 1596 desideretur,
1104 1540 1159 1588 et
1209 1534 1524 1590 inveniendi
1569 1536 1714 1602 quod
1761 1546 2061 1604 quaeratur,

2175 1538 2309 1601 σθαι,
2339 1539 2422 1607 ἐφ’
2447 1539 2580 1609 ἡμῖν
2607 1533 2743 1590 εῖναι
2775 1537 2901 1590 ὅταν
2934 1530 3264 1605 βουλώμεθα,
3295 1533 3389 1586 καὶ
3417 1531 3518 1602 τῆς
3544 1529 3762 1602 ἡμετέ-

497 1629 552 1680 et
585 1623 896 1676 introeundi
943 1637 1053 1692 quo
1101 1625 1411 1694 cupiamus,
1451 1641 1618 1696 penes
1671 1639 1772 1681 nos
1824 1635 2067 1696 potestas

2174 1649 2269 1702 ρας
2294 1631 2620 1704 ἐξηρτῆσθαι
2648 1627 2891 1699 γνώμης.
2917 1621 2988 1697 ᾯ
3021 1624 3162 1678 κατά
3193 1623 3254 1676 τὸ
3277 1620 3568 1676 ἀκόλουθον
3615 1637 3761 1688 συγ-

497 1713 614 1778 sit,
655 1723 706 1768 et
753 1729 782 1766 a
833 1726 1023 1768 nostro
1055 1716 1286 1782 pendeat
1324 1718 1576 1784 arbitrio,
1631 1733 1759 1772 cum
1816 1719 2065 1772 velimus.

2173 1720 2654 1786 κατασκευάζεται,
2689 1721 2782 1774 καὶ
2825 1720 2886 1773 τὸ
2934 1719 2992 1785 ἐξ
3039 1715 3282 1771 ἐναντίου
3313 1713 3620 1784 νοούμενον,
3667 1716 3760 1768 ὅτι

498 1805 654 1862 Unde
706 1822 800 1877 per
855 1822 1200 1877 consequens
1261 1807 1428 1862 simul
1481 1808 1750 1876 probatur
1797 1810 1959 1862 etiam
2013 1805 2066 1862 id

2174 1816 2262 1871 καὶ
2284 1817 2318 1886 ἡ
2351 1814 2486 1886 πρὸς
2514 1814 2575 1867 τὸ
2599 1816 2780 1885 χεῖρον
2821 1811 2982 1882 ῥοπὴ.
3028 1811 3296 1882 μηδεμιᾶς
3330 1811 3526 1877 ἔξωθεν
3557 1807 3761 1878 βιαζο-

496 1899 642 1968 quod
675 1915 741 1953 ex
781 1902 1059 1954 contrario
1094 1899 1432 1970 intelligitur,
1457 1899 1601 1970 quod
1616 1901 1872 1955 nimirum
1903 1900 2066 1954 etiam

2174 1910 2338 1982 μένης
2379 1906 2622 1975 ἀνάγκης
2671 1902 2963 1972 ἐγγίνεται,
3009 1902 3121 1956 ἀλλ’
3159 1901 3293 1973 ὁμοῦ
3335 1903 3396 1956 τὸ
3439 1902 3660 1955 ἑλέσθαι
3692 1900 3761 1954 τὸ

499 1989 784 2042 inclinatio
814 1997 976 2058 atque
1005 1991 1298 2060 propensio
1341 1991 1396 2044 in
1441 1991 1643 2045 malum
1694 1992 1843 2046 nulla
1879 2007 2070 2047 neces-

2173 1999 2355 2061 κακὸν,
2401 1997 2708 2067 ὑφίσταται,
2751 1994 2872 2048 τότε
2911 1997 2990 2057 είς
3025 1994 3236 2061 γένεσιν
3283 1994 3760 2065 παραγενόμενον,

497 2081 660 2134 sitate
680 2081 1029 2136 extrinsecus
1054 2081 1359 2150 expellente
1390 2081 1718 2138 innascitur.
1764 2083 1860 2138 sed
1905 2081 2069 2136 simul

2174 2094 2290 2147 ὅταν
2324 2089 2604 2159 ἑλώμεθαο
2636 2087 2768 2142 αὐτὸ
2804 2085 2861 2139 δὲ
2903 2087 2988 2154 ἐφ’
3027 2083 3219 2138 ἑαυτοῦ
3270 2086 3388 2138 κατ’
3431 2084 3565 2137 ίδίαν
3602 2085 3761 2138 ὑπόο

495 2181 657 2238 atque
694 2173 1110 2240 sumpserimus,
1133 2172 1332 2226 malum
1355 2173 1630 2237 subsistit,
1651 2180 1783 2228 tunc
1800 2173 1852 2226 in
1886 2187 2067 2228 rerum

2176 2197 2356 2238 στασιν
2390 2181 2493 2247 ἔξω
2526 2178 2913 2250 προαιρέσεως,
2942 2176 3176 2247 οὐδαμοῦ
3211 2175 3271 2229 τὸ
3305 2176 3471 2229 κακὸν
3494 2175 3763 2244 εύρίσκε·

497 2269 747 2314 naturam
778 2266 1122 2330 proveniens,
1140 2278 1264 2317 cum
1283 2265 1685 2334 sumpserimus
1709 2283 1723 2330 ;
1753 2274 1913 2318 extra
1937 2279 2070 2318 vero

2174 2293 2256 2328 ται
2275 2273 2542 2342 κείμενον.
2568 2271 2662 2324 Ἐκ
2688 2270 2743 2323 δὲ
2773 2268 2975 2322 τούτων
3003 2267 3034 2338 ὴ
3057 2267 3390 2337 αύτοκρατής
3409 2281 3468 2318 τε
3495 2265 3588 2318 καὶ
3608 2265 3761 2318 αὐτο

497 2353 826 2407 destinatam
859 2354 1023 2407 animi
1060 2355 1392 2410 voluntatem
1441 2356 1618 2426 ipsum
1657 2371 1753 2425 per
1790 2371 1912 2411 sese
1953 2371 2070 2408 tua-

2174 2364 2407 2430 εξούσιος
2434 2363 2679 2432 δύναμις,
2710 2361 2775 2432 ἦν
2803 2360 3186 2431 ὲνετεκτήνατο
3211 2360 3277 2428 τῇ
3315 2358 3472 2427 φύσει
3511 2357 3619 2409 τῶν
3656 2357 3761 2410 ἀν-

496 2443 607 2496 lum
628 2444 926 2499 secundum
944 2445 1214 2515 propriam
1232 2449 1594 2501 substantiam
1617 2461 1885 2516 nusquam
1904 2447 2066 2500 silum

2172 2455 2400 2526 θρὼπων
2442 2455 2472 2508 ό
2506 2455 2605 2523 τῆς
2631 2452 2843 2520 φύσεως
2877 2449 3102 2520 Κύριος,
3134 2449 3318 2517 σαφῶς
3357 2448 3759 2514 ἐπιδείκνυται,

495 2535 788 2604 reperitur.
836 2534 909 2588 Ex
948 2536 1031 2589 his
1063 2544 1244 2591 autem
1283 2539 1475 2601 libera,
1522 2539 1700 2606 plena,
1747 2553 2070 2606 summaque

2173 2546 2255 2601 διὰ
2289 2544 2380 2599 τοῦ
2413 2544 2588 2598 πάντα
2621 2543 2722 2612 τῆς
2749 2543 3118 2613 προαιρέσεως
3144 2541 3240 2611 τῆς
3267 2540 3540 2611 ἡμετέρας
3571 2540 3760 2610 ἠρτῆ-

495 2632 759 2694 potestas,
789 2640 950 2693 quam
1001 2625 1055 2678 in
1089 2634 1286 2679 natura
1345 2627 1606 2681 Dominus
1644 2635 1854 2680 natura:
1903 2627 2066 2680 fabri-

2175 2639 2313 2699 σθαι,
2346 2639 2452 2690 εἴτε
2483 2633 2685 2703 ἀγαθὰ,
2719 2632 2828 2686 εἴτε
2857 2634 3071 2704 χείρονα
3091 2649 3105 2664 ο
3136 2631 3233 2703 τὴν
3273 2632 3328 2684 δὲ
3375 2631 3525 2684 θείαν
3563 2634 3762 2702 κρίσιν

497 2723 655 2771 catus
707 2724 811 2780 est,
862 2725 1050 2784 aperte
1091 2716 1544 2772 demonstratur:
1587 2729 1873 2788 propterea
1920 2718 2068 2788 quod

2173 2729 2446 2799 ἀδεκάστῳ
2483 2701 2577 2782 καὶ
2612 2724 2804 2794 δικαίῳ
2841 2701 3007 2795 ψήφῳ
3035 2723 3136 2793 τῆς
3171 2701 3310 2777 κατά
3347 2723 3441 2794 τὴν
3467 2723 3760 2792 ἡμετέραν

496 2808 704 2875 omnia,
751 2809 866 2864 sive
898 2810 1057 2872 bona,
1095 2809 1210 2866 sive
1245 2809 1382 2863 mala
1411 2810 1540 2872 sint,
1573 2825 1637 2864 ex
1674 2819 1862 2864 nostra
1899 2810 2068 2864 libera

2172 2820 2424 2893 πρόθεσιν
2467 2817 2759 2888 ἑπομένην,
2799 2816 2974 2869 ἐκεῖνο
3016 2816 3199 2886 νέμειν
3245 2815 3476 2886 ἑκάστῳ,
3506 2817 3644 2886 ὅπερ
3684 2815 3759 2868 ἂν

495 2899 777 2956 voluntate
817 2900 1163 2968 dependent;
1219 2911 1274 2955 et
1319 2901 1464 2970 quod
1504 2901 1750 2955 divinum
1799 2901 2066 2969 judicium

2175 2910 2346 2982 ἑαυτῷ
2385 2927 2468 2973 τις
2509 2907 2878 2979 παρεχόμενος
2927 2905 3093 2978 τύχῃ·
3125 2908 3236 2970 τοῖς
3277 2907 3391 2976 μὲν,
3429 2905 3610 2970 καθώς
3639 2923 3762 2977 φη-

497 2995 812 3064 incorrupta
865 2995 1124 3064 jnstaque
1174 2995 1447 3050 sententia
1519 3008 1757 3062 sequens
1814 3007 1898 3054 ea,
1949 3007 2072 3061 quae

2172 3018 2256 3054 σιν
2281 3003 2310 3054 ό
2341 2997 2680 3061 ’Δπόστολος,
2712 2995 2833 3050 καθ’
2859 2995 3132 3065 ὑπομονὴν
3157 2993 3320 3066 ἔργου
3349 2993 3548 3062 ἀγαθοῦ
3584 2994 3757 3058 δόξαν

492 3083 648 3152 juxta
688 3084 1025 3153 propositum
1075 3089 1321 3136 nostrum
1361 3083 1652 3136 commissa
1686 3096 1751 3134 ac
1783 3081 2069 3150 designata

2170 3090 2265 3145 καὶ
2295 3090 2461 3160 τιμὴν
2488 3087 2728 3159 ζητοῦσι,
2757 3087 2900 3157 ζωὴν
2933 3085 3182 3139 αίὼνιονο
3221 3088 3332 3150 τοῖς
3364 3086 3419 3139 δὲ
3457 3088 3755 3141 ἀπειθοῦσι

498 3177 632 3236 sint.
668 3176 866 3244 cuique
900 3175 1092 3229 tribuit
1143 3173 1197 3228 id
1256 3174 1402 3245 quod
1444 3175 1571 3244 quis
1613 3174 1720 3230 sibi
1771 3174 1888 3244 ipse
1935 3174 2072 3228 forte

2176 3181 2276 3251 μὲν
2304 3183 2370 3251 τῇ
2403 3176 2650 3249 ἀληθείᾳ,
2679 3175 3017 3246 πειθομένοις
3048 3175 3104 3228 δὲ
3128 3177 3194 3247 τῇ
3227 3175 3427 3246 ἀδικία,
3451 3177 3620 3247 ὀργὴν
3650 3178 3758 3232 καὶ

499 3267 812 3336 praestiterit
844 3285 856 3319 :
893 3265 979 3320 his
1004 3265 1246 3335 quidem,
1263 3266 1380 3335 qui,
1402 3276 1459 3319 ut
1482 3265 1977 3336 inquitApostolus
1994 3263 2062 3328 “,

2171 3271 2371 3342 θλίψιν,
2412 3269 2507 3323 καὶ
2555 3268 2731 3323 πάντα
2780 3268 2879 3321 ὅσα
2914 3269 3014 3337 τῆς
3063 3265 3388 3337 σκυθρωπῆς
3425 3268 3757 3332 ἀντιδόσεὼς

501 3353 1004 3425 perseverantes'in
1039 3354 1182 3408 bono
1232 3369 1397 3423 opere
1436 3356 1664 3425 gloriam
1709 3362 1764 3410 et
1803 3355 2066 3409 honorem

2171 3365 2318 3417 ἐστιν
2345 3361 2602 3433 ὀνόματα.
2627 3360 2838 3429 ’Ὠσπερ
2860 3359 2968 3428 γὰρ
2986 3357 3056 3411 τὰ
3075 3357 3275 3429 ἀκριόῆ
3294 3357 3400 3411 τῶν
3421 3360 3757 3430 κατόπτρων

498 3451 774 3515 quarunt.
806 3446 971 3499 vitam
998 3455 1293 3511 aeternam;
1319 3445 1388 3499 iis
1425 3460 1556 3500 vero
1583 3445 1677 3515 qui
1707 3446 1929 3499 veritati
1956 3459 2066 3498 non

2171 3453 2424 3517 τοιαύτας
2471 3451 2705 3506 δείκνυσι
2756 3451 2856 3513 τὰς
2913 3449 3021 3503 τῶν
3077 3449 3382 3521 προσώπων
3440 3450 3713 3520 ἐμφάσεις
3737 3494 3753 3514 ,

500 3537 899 3606 obtemperant,
929 3535 1024 3591 sed
1041 3532 1324 3601 iniustitia:
1349 3550 1552 3590 morem
1576 3543 1792 3605 gerunt,
1809 3536 2070 3601 iram,“-

2171 3541 2260 3600 οἷά
2288 3562 2392 3614 περ
2431 3542 2498 3598 ἂν
2533 3543 2602 3596 τὰ
2637 3542 2902 3613 πρόσωπα
2933 3536 2989 3613 ᾗ,
3021 3539 3220 3610 φαιδρὰ
3257 3541 3353 3610 μὲν
3383 3539 3488 3592 τῶν
3517 3541 3756 3610 φαιδρυ-

498 3626 791 3680 ﬂictionem
829 3634 884 3680 et
929 3625 1111 3680 omnia
1155 3639 1498 3695 quaecunque
1529 3627 1753 3682 nomina
1797 3629 1865 3682 ad
1910 3642 2068 3684 acer-

2172 3640 2432 3710 νομένων,
2456 3635 2674 3706 κατηφῆ
2710 3633 2766 3686 δὲ
2796 3631 2904 3685 τῶν
2945 3631 3469 3702 σκυθρωπαζόντων·
3502 3633 3599 3683 καὶ
3641 3631 3756 3686 οὐκ

500 3717 626 3773 ham
665 3727 719 3773 et
751 3718 963 3772 tristem
1016 3720 1290 3786 pertinent
1332 3719 1769 3775 retributionem.
1797 3717 2071 3787 Quemad—

2174 3729 2239 3787 ἄν
2268 3744 2351 3795 τις
2378 3729 2679 3783 αἰτιάσαιτο
2719 3725 2816 3795 τὴν
2843 3722 2936 3777 τοῦ
2969 3723 3274 3793 κατόπτρου
3319 3721 3497 3790 φύσιν,
3529 3724 3580 3775 εί
3608 3739 3749 3775 σκυ-

501 3809 720 3864 modmn
746 3808 890 3864 enim
939 3809 1074 3864 artis
1125 3817 1352 3875 exactae,
1408 3810 1601 3879 proba,
1645 3823 1774 3864 vers
1813 3819 2071 3881 certaque

2175 3823 2391 3894 θρωπὸν
2413 3817 2676 3890 ὲμφανείη
2698 3815 2757 3869 τδ
2782 3813 3144 3882 ἀπεικόνισμα
3166 3812 3257 3866 τοῦ
3285 3813 3634 3884 πρωτοτύτωυ
3655 3813 3751 3866 δή

500 3900 743 3972 specula,
781 3901 918 3955 tales
952 3901 1196 3957 vultuum
1237 3899 1540 3956 ostendunt
1576 3897 1800 3971 eﬂigies,
1853 3903 2072 3970 quales-

2175 3909 2472 3982 κατηφείας
2515 3903 3008 3978 συμπεπτωκότοςο
3033 3901 3173 3956 οὕτω
3219 3904 3310 3956 καὶ
3355 3905 3387 3972 ἡ
3426 3904 3607 3956 δικαία
3646 3905 3751 3957 τοῦ

499 4008 718 4064 cunque
748 3991 852 4064 ipsi
892 3994 1075 4049 vultus
1109 3993 1240 4054 sint,
1273 3991 1476 4046 hilares
1511 3987 1731 4062 quidem
1773 3992 2064 4055 alacrium,

2173 4001 2308 4055 Θεοῦ
2353 3999 2529 4071 κρίσις
2557 4001 2676 4061 ταῖς
2713 3995 3007 4068 ἡμετέραις
3051 3993 3350 4048 διαθέσεσιν
3383 3993 3748 4062 ἐξομοιοῦται,

499 4083 724 4141 demissi
763 4093 963 4149 autem,
991 4085 1208 4141 obscuri
1240 4092 1296 4139 et
1336 4083 1594 4138 inamoani
1633 4083 1979 4138 mmrentium
2006 4098 2072 4139 ac

2174 4088 2390 4162 οἷάπερ
2427 4088 2492 4143 ἂν
2531 4087 2599 4142 τὰ
2637 4086 2768 4158 παρ’
2813 4084 2968 4156 ἡμῶν
3013 4080 3070 4158 ᾖ,
3113 4083 3334 4136 τοιαῦτα
3371 4085 3500 4154 ἡμῖν
3542 4084 3606 4135 ὲκ
3634 4085 3750 4135 τῶν

502 4177 855 4243 tetricorum;
889 4191 989 4231 nec
1029 4175 1236 4246 speculi
1282 4183 1534 4230 naturam
1587 4175 1787 4245 aliquis
1850 4176 2072 4245 culpare

2179 4184 2326 4237 ίδίων
2369 4179 2698 4254 παρέχουσα.
2753 4176 2948 4239 Δεῦτε,
2982 4173 3177 4245 φησὶν,
3215 4176 3269 4228 οἱ
3317 4171 3745 4242 εὐλογημένοι·

510 4267 714 4341 possit,
762 4269 808 4324 si
855 4277 994 4322 tetra
1041 4275 1100 4322 et
1144 4268 1418 4321 inamoena
1464 4273 1851 4335 repraesentata
1910 4266 2072 4320 fuerit

2177 4274 2291 4334 καὶ,
2341 4270 2692 4337 Πορεύεσθε,
2732 4269 2785 4319 ol
2825 4263 3238 4334 κατηραμένοι.
3275 4261 3364 4334 Μή
3408 4278 3490 4325 τις
3527 4263 3746 4335 ἀνάγκη

503 4359 730 4429 elligies,
756 4357 1044 4428 principali
1079 4355 1258 4410 forma
1297 4365 1526 4426 propter
1566 4371 1858 4411 man-orem
1906 4356 2072 4411 colla-

2176 4361 2284 4416 τῶν
2317 4357 2518 4424 ἔξωθεν
2562 4356 2654 4410 ἐπὶ
2691 4354 2894 4408 τούτων
2935 4353 3102 4416 ἐστὶν,
3148 4355 3260 4414 τοῖς
3288 4352 3477 4416 δεξιοῖς
3508 4351 3606 4420 μὲν
3643 4355 3747 4421 τὴν

507 4464 603 4521 psa
634 4467 649 4504 :
678 4449 752 4503 ita
791 4448 999 4516 justum
1038 4462 1258 4518 quoque
1292 4447 1386 4502 Dei
1445 4447 1713 4517 judicium
1752 4447 1962 4502 nostris
1998 4446 2074 4500 af-

2178 4450 2428 4518 γλυκεῖαν
2458 4446 2660 4515 φωνὴν,
2706 4444 2819 4506 τοῖς
2858 4442 2912 4495 δὲ
2953 4442 3254 4512 ἀριστεροῖς
3292 4441 3388 4511 τὴν
3417 4440 3748 4512 σκυθρωπὴν

509 4540 840 4595 fectionibus
856 4539 1195 4594 assimilatur
1218 4556 1231 4593 :
1251 4538 1654 4608 qualiacunque
1675 4552 1704 4590 a
1735 4538 1893 4592 nobis
1923 4552 2074 4591 com-

2176 4536 2590 4608 ἀποκληροῦσας
2623 4535 2734 4606 Οὐχ
2763 4526 2906 4587 οὗτοι
2936 4533 3035 4604 μὲν
3067 4533 3133 4585 δι’
3165 4526 3240 4585 ὧν
3275 4531 3557 4600 ἐποίησαν.
3590 4531 3749 4600 ἔσχον

508 4633 673 4688 missa
704 4630 930 4691 fuerint,
971 4631 1108 4686 tales
1133 4631 1291 4687 nobis
1318 4630 1386 4684 de
1423 4644 1525 4684 suo
1552 4631 1800 4698 praebens
1828 4629 2071 4684 retribu-

2175 4631 2266 4683 τὸν
2283 4629 2453 4693 ⁴ἕλειον,
2471 4627 2521 4678 oi
2534 4627 2590 4681 δὲ
2605 4626 2683 4696 τῷ
2709 4625 2843 4692 πρὸς
2867 4625 2991 4687 τοὺς
3010 4622 3309 4693 ὁμοφύλους
3332 4621 3557 4690 ἀπηνῶς
3579 4620 3744 4691 ἔχειν,

503 4723 709 4777 tiones.
757 4720 954 4784 Venite,
1005 4721 1181 4792 inquit
1202 4723 1269 4784 ³⁵,
1319 4721 1606 4783 benedicti;
1643 4727 1700 4775 et
1729 4737 1744 4773 :
1774 4718 1876 4782 Ite,
1916 4720 2074 4774 male-

2177 4718 2382 4789 ἀπηνὲς
2409 4719 2617 4780 ἑαυτοῖς
2656 4717 2713 4769 τὸ
2741 4716 2892 4770 Θείον
2933 4714 3228 4784 laminam;
3265 4713 3379 4766 Οὐκ
3420 4713 3617 4783 ἠλέησε
3654 4714 3748 4767 τὸν

503 4815 663 4868 dicti.
689 4811 868 4883 Ecqua
898 4814 1202 4869 necessitas
1248 4820 1476 4869 externa
1512 4813 1564 4866 in
1598 4811 1686 4867 his
1711 4819 1816 4877 est,
1847 4827 1969 4882 quze
2005 4811 2073 4866 ad

2177 4805 2254 4878 τῷ
2291 4807 2494 4864 πυλῶνι
2534 4804 3118 4879 προσταλαιπωροῦντα
3148 4803 3382 4873 πτωχὸν,
3403 4804 3432 4856 ό
3466 4804 3588 4866 ταῖς
3615 4821 3747 4874 τρυ-

502 4908 786 4960 dexteram
814 4905 1033 4973 quidem
1053 4905 1337 4959 collocatis
1353 4902 1676 4973 jucundam,
1697 4903 1761 4956 ad
1785 4903 2067 4957 sinistram

2179 4903 2305 4970 φαῖς
2341 4900 2724 4969 διακεχυμένος
2765 4896 3033 4959 πλούσιος,
3071 4895 3157 4949 διὰ
3202 4894 3358 4948 τοῦτο
3403 4895 3582 4964 ἑαυτῷ
3613 4895 3748 4949 ἀπο-

506 5009 638 5050 vero
682 4994 956 5047 stantibus
984 4992 1238 5046 acerbam
1281 5007 1469 5047 vocem
1502 4991 1807 5048 attribuat?
1850 4992 1930 5044 An
1962 5005 2070 5044 non

2171 4993 2362 5047 κόπτει
2389 4991 2478 5044 τὸν
2510 4990 2674 5051 ἔλεον,
2695 4987 2980 5058 ἐλεηθῆναι
3011 4986 3277 5056 δεόμενος,
3304 4985 3398 5038 καὶ
3425 4986 3527 5040 οὒκ
3553 4986 3750 5040 ἀκουό-

508 5081 563 5136 lti
607 5081 827 5152 quidem
881 5087 1102 5148 propter
1145 5095 1208 5134 ea
1252 5095 1374 5150 qua:
1429 5080 1712 5144 fecerunt,
1755 5079 2071 5134 misericor-

2177 5099 2352 5154 μενος·
2371 5082 2468 5150 οὐχ
2485 5081 2565 5133 ὅτι
2592 5078 2792 5148 ζημίαν
2821 5076 2980 5146 ἔφερε
3001 5076 3097 5146 μία
3119 5076 3270 5146 ῥανὶς
3291 5077 3368 5132 είς
3388 5076 3489 5146 τὴν
3509 5075 3747 5146 μεγάλην

507 5175 654 5228 diam
687 5172 1143 5234 consecutisunt,
1196 5171 1270 5225 illi
1305 5186 1453 5237 vero,
1521 5173 1733 5228 idcirco
1783 5171 1930 5242 quod
1976 5170 2073 5224 ad-

2169 5172 2262 5225 τοῦ
2281 5171 2603 5243 παραδείσου
2625 5170 2823 5240 πηγὴν,
2841 5169 2953 5222 ἀλλ’
2973 5170 3052 5222 ὅτι
3075 5169 3107 5238 ἡ
3125 5167 3223 5236 τῆς
3243 5165 3364 5235 ὲλεη
3373 5165 3612 5237 μοσύνης
3633 5183 3749 5219 στα.

505 5278 701 5317 versus
732 5262 1030 5331 proximos,
1076 5268 1134 5314 et
1179 5263 1470 5332 populares
1509 5263 1772 5326 immites,
1828 5269 1882 5316 et
1919 5260 2074 5314 inhu-

2170 5263 2282 5330 γὼν
2303 5263 2549 5333 ἀμίκτως
2568 5261 2679 5330 εχει
2705 5260 2838 5330 πρὸς
2860 5261 2959 5331 τὴν
2983 5260 3265 5328 ἀπήνειαν.
3307 5258 3403 5322 Τίς
3419 5257 3527 5326 γὺρ
3547 5274 3749 5310 κοινω-

507 5353 653 5406 mani
689 5351 932 5413 fuerunt,
965 5365 1165 5406 savum
1197 5361 1253 5407 et
1291 5352 1502 5407 immite
1548 5351 1792 5421 sibiipsis
1824 5351 2066 5406 divinum

2175 5353 2276 5406 vta
2295 5351 2438 5421 φωτί
2459 5351 2606 5419 πρὸς
2627 5350 2847 5414 σκότος
2865 5364 2882 5410 ,'
2905 5343 3029 5410 οἵα,
3050 5346 3232 5416 φησιν,
3249 5345 3326 5403 ἂν
3339 5346 3558 5413 σπείρῃ
3589 5348 3623 5398 ὀ
3649 5345 3750 5397 ἇν-

509 5458 712 5498 numen
758 5441 1163 5498 reddiderunt?
1221 5442 1381 5498 Dives
1427 5443 1520 5498 ille
1560 5443 1814 5497 dimuens
1859 5442 2071 5498 deliciis

2177 5441 2426 5506 θρωπος,
2450 5437 2692 5492 τοιαῦτα
2724 5436 2823 5490 καί
2852 5437 3091 5504 θερίσει·
3116 5436 3197 5488 ὅτι
3227 5435 3256 5487 ό
3282 5435 3518 5504 σπείρων
3541 5438 3622 5498 είς
3654 5437 3748 5504 τὴν

508 5541 672 5602 atque
695 5531 935 5595 luxuria,
965 5514 1202 5587 mendici
1233 5532 1303 5586 ad
1322 5530 1656 5588 vestibulum
1691 5529 1890 5598 objecti
1908 5540 2073 5599 atque

2179 5529 2377 5599 σάρκα,
2417 5525 2481 5581 ὲκ
2520 5528 2619 5597 τῆς
2663 5528 2862 5598 σαρκὸς
2905 5525 3108 5596 θερίσει
3146 5524 3381 5594 φθοράν·
3419 5525 3448 5576 ό
3495 5525 3552 5577 δὲ
3600 5525 3747 5576 σπεί-

508 5624 694 5678 amieti
741 5623 1002 5679 misertus
1048 5639 1166 5680 non
1221 5633 1334 5690 est;
1390 5622 1596 5679 idcirco
1639 5620 2068 5678 misericordiam

2180 5638 2288 5694 ρων
2327 5621 2406 5683 είς
2443 5619 2500 5672 τὸ
2526 5618 2742 5690 πνεῦμα
2782 5620 2848 5672 ὲκ
2886 5617 2980 5672 τοῦ
3015 5615 3322 5687 πνεύματος
3357 5615 3559 5686 θερίσει
3607 5615 3746 5684 ζωὴν

575 5801 620 5833 ³³
646 5801 780 5858 an.
815 5818 950 5869 xvtt,
982 5805 1043 5862 21
1105 5801 1153 5836 ³⁸
1177 5801 1365 5857 Matth.
1394 5818 1469 5868 vt,
1515 5803 1567 5866 7,
1595 5803 1649 5860 8.
1708 5803 1752 5834 "
1782 5800 1943 5858 llebr.
1974 5816 2074 5866 xtt,
2109 5797 2162 5850 7.

1287 5802 1365 5857 ιιι.
1394 5818 1469 5868 vt,
1515 5803 1567 5866 7,
1595 5803 1649 5860 8.
1708 5803 1752 5834 "
1782 5800 1943 5858 llebr.
1974 5816 2074 5866 xtl,
2109 5797 2164 5850 7.
2221 5798 2265 5832 ³⁸
2295 5799 2483 5855 Matth.
2513 5812 2638 5861 xxv,
2666 5797 2754 5861 3i,
2787 5796 2873 5850 ιι.
