4018 6518
265 431 292 485 1
303 431 405 485 9.57

1330 431 1414 485 DE
1436 428 2023 488 BEATITUDINIBUS.
2060 431 2317 487 ORATIO
2358 433 2420 487 V.

3338 438 3475 496 i258

262 544 502 600 αἰώνιον.
550 546 763 615 Σποράν
809 542 957 617 οἶμαι
1003 546 1097 616 τὴν
1138 547 1481 618 ἀνθρωπίνην
1523 547 1658 603 εἶναι
1697 569 1822 621 προ-

1929 551 2028 605 sibi
2068 552 2333 620 prtecidit,
2362 552 2733 607 misericordia
2760 553 3045 624 implorata
3085 570 3194 609 non
3235 557 3475 625 auditus;

262 638 509 705 aipecw'
542 637 696 706 θέρος
734 637 789 691 δὲ
822 639 920 708 τὴν
967 638 1058 691 ἐπὶ
1102 638 1166 707 τῇ
1198 639 1507 709 προαιρέσει
1542 640 1824 695 ἀντίδοσιν.

263 727 538 797 Πολύχους
568 730 595 780 ό
625 728 731 781 τῶν
775 728 991 796 ἀγαθῶν
1036 729 1252 798 στάχυς.
1285 732 1395 792 τοῖς
1434 730 1684 800 τοιαύτην
1718 731 1831 784 ἐλο-

266 815 450 885 μένοις
485 816 720 887 σποράν*
774 816 1027 879 ἐπίπονος
1070 816 1103 885 ή
1146 815 1497 883 ἀκανθολογία
1519 818 1627 878 τοῖς
1661 816 1829 869 ἀκαν-

262 907 406 976 θώδη
454 908 743 978 σπέρματα
780 905 1263 977 καταϐαλλομένοις
1302 905 1380 975 τῷ
1423 906 1540 977 βίῳ.
1577 906 1695 976 Χρὴ
1722 906 1830 977 γὰρ

261 998 480 1058 πάντως
516 996 645 1049 αὐτὸ
679 996 889 1068 θερίσαι
938 996 1074 1060 τινὰ,
1123 996 1256 1067 ὅπερ
1302 995 1568 1067 ἔσπειρεν,
1601 997 1693 1051 καὶ
1728 997 1827 1049 οὐκ

260 1088 409 1142 ἐστιν
440 1088 630 1152 ἄλλως.

1924 655 2032 694 non
2099 641 2240 711 quod
2295 648 2444 710 gutta
2493 655 2599 695 una
2652 641 2719 696 de
2771 656 2967 711 magno
3031 643 3270 713 paradisi
3331 646 3482 703 ioute

1923 731 2137 801 dempta
2184 732 2446 786 damnosa
2505 742 2682 798 esset,
2747 733 2840 788 sed
2902 735 3028 803 quia
3095 737 3477 792 misericordiae

1930 824 2073 876 stilla
2112 824 2453 878 commisceri
2488 832 2649 893 atque
2698 826 3086 881 communicari
3137 843 3258 881 cum
3318 828 3477 881 inhu~

1927 911 2186 965 manitate
2207 926 2317 965 non
2344 920 2540 980 potest.
2621 913 2751 979 Quae
2771 914 2906 967 enim
2936 913 3039 965 luci
3054 914 3345 968 communio
3361 928 3478 964 cum

1932 998 2155 1051 tenebris
2178 1006 2258 1051 est
2296 1004 2407 1058 '3'?
2446 1002 2672 1069 Qualia,
2704 1003 2898 1072 inquit,
2935 1005 3262 1057 seminaverit
3302 1003 3475 1057 homo.

1930 1094 2062 1147 talia
2094 1102 2291 1158 metet;
2321 1095 2445 1164 quia
2476 1095 2565 1165 qui
2593 1093 2816 1146 seminat
2860 1095 2913 1145 in
2945 1109 3175 1156 carnem,
3212 1108 3276 1146 ea:
3324 1106 3482 1145 carne

259 1194 415 1237 metet
470 1184 886 1251 corruptionem;
942 1190 996 1235 at
1048 1182 1135 1253 qui
1176 1182 1396 1237 seminat
1451 1182 1506 1234 in
1561 1183 1827 1249 spiritum,
1883 1199 1948 1236 ea:
1994 1186 2183 1255 spiritu
2232 1195 2384 1240 metet
2425 1188 2581 1240 vitam
2620 1194 2865 1239 aeternam
2889 1185 2955 1237 ".
3008 1184 3311 1239 Sementem
3359 1198 3481 1237 esse

261 1275 499 1330 arbitror
527 1274 763 1329 hominis
791 1274 1113 1329 destinatam
1160 1275 1771 1341 voluntatem;messem
1792 1289 1921 1330 vero
1954 1277 2216 1333 voluntati
2249 1286 2409 1348 atque
2450 1278 2730 1349 proposito
2774 1276 3184 1331 convenientem
3223 1290 3454 1347 compen

259 1365 528 1420 sationem
555 1372 608 1417 et
628 1363 1326 1420 retributionem.Fecunda
1358 1364 1505 1433 spica
1528 1366 1791 1419 bonorum
1832 1376 1917 1420 est
1947 1368 2013 1423 iis
2058 1368 2151 1437 qui
2196 1369 2460 1438 ejusmodi
2514 1375 2806 1422 sementem
2845 1366 2946 1420 sibi
2990 1367 3287 1435 elegerint;
3330 1365 3453 1419 labo

256 1461 406 1516 riosa
447 1459 724 1529 Spinarum
767 1457 1015 1513 collectio
1058 1466 1137 1512 est
1194 1456 1263 1511 iis
1326 1455 1420 1524 qui
1485 1457 1705 1525 spinosa
1750 1456 1807 1511 in
1824 1457 1990 1511 vitam
2032 1460 2240 1514 semina
2279 1460 2596 1529 dejecerint.
2644 1456 2868 1527 Oportet
2909 1456 3052 1509 enim
3091 1456 3249 1524 plane
3281 1464 3483 1511 metem

257 1565 528 1619 quemque
582 1549 635 1603 id
678 1549 818 1619 quod
867 1547 1237 1614 seminaverit,
1293 1563 1357 1602 ac
1407 1546 1521 1601 ﬁeri
1583 1547 1735 1601 aliter
1788 1563 1897 1603 non
1939 1558 2135 1621 potest.

330 1640 617 1707 Μακάριοι
654 1642 708 1692 οἱ
746 1638 1084 1708 ἐλεήμονες,
1126 1636 1217 1691 ὅτι
1261 1639 1428 1692 αὐτοὶ
1461 1636 1825 1704 ἐλεηθήσον-

1998 1641 2151 1695 Beati
2181 1638 2540 1694 misericordes
2572 1654 2590 1692 :
2619 1639 2864 1709 quoniam
2915 1632 3018 1707 ipsi
3064 1638 3478 1691 misericordiam

259 1750 375 1787 ται.
404 1732 499 1795 Τίς
522 1732 588 1785 ἂν
616 1731 867 1795 διεξέλθοι
894 1729 1048 1798 λόγος
1084 1727 1418 1799 ἀνθρώπινος
1446 1728 1507 1782 τὺ
1532 1727 1691 1798 βάθος
1714 1728 1822 1780 τῶν

1929 1739 2314 1800 consequentur.
2346 1729 2600 1795 Quaenam
2651 1727 2825 1781 oratio
2866 1727 3101 1779 humana
3141 1725 3482 1796 profundita-

259 1822 592 1893 ἐγκειμένων
642 1822 927 1891 νοημάτων
970 1819 1048 1890 τῷ
1090 1820 1260 1890 λόγῳ;
1301 1820 1374 1873 Τὸ
1415 1820 1522 1890 γὰρ
1567 1819 1828 1872 ἀπόλυτόν

257 1932 319 1968 τε
347 1914 441 1967 καὶ
468 1914 713 1983 ἀόριστον
746 1911 843 1981 τῆς
873 1912 1054 1981 φωνῆς
1081 1910 1262 1964 δίδωσί
1302 1927 1351 1964 τι
1389 1910 1480 1963 καὶ
1526 1909 1684 1963 πλέον
1721 1910 1828 1963 τῶν

258 2004 563 2075 εἰρημένων
596 2001 1070 2074 περιεργάζεσθαι,
1102 2002 1164 2055 τὺ
1214 2000 1287 2072 μὴ
1339 2000 1652 2070 προσθεῖναι
1687 2000 1828 2063 τίνες

259 2098 397 2150 εἰσὶν
421 2098 500 2158 εἰς
525 2094 617 2156 οὒς
641 2093 857 2165 ἐνεργὸν
891 2089 1027 2147 εἶναι
1066 2094 1327 2163 προσήκει
1370 2092 1461 2146 τὸν
1493 2092 1672 2143 ἔλεον⁸
1714 2090 1826 2143 ἀλλ’

258 2185 445 2247 ἁπλῶς
472 2185 642 2236 εἰπεῖν
674 2184 753 2235 ὅτι
785 2182 1067 2250 Μακάριοι
1091 2184 1143 2235 οἱ
1169 2180 1507 2250 ἐλεήμονες.
1536 2180 1687 2250 Τάχα
1723 2179 1826 2250 γὰρ

258 2278 393 2347 ἡμῖν
422 2274 659 2328 τοιοῦτόν
686 2292 739 2327 τι
762 2273 849 2326 διὰ
879 2273 987 2326 τῶν
1019 2272 1321 2342 εἰρημένων
1352 2274 1380 2325 ὁ
1415 2272 1569 2339 λόγος
1597 2271 1829 2325 αἰνίττε-

258 2382 373 2428 ται,
394 2365 469 2427 ὡς
492 2363 798 2417 ἀκολουθεῖν
828 2361 904 2432 τῷ
929 2360 1177 2432 μακαρίῳ
1203 2359 1384 2412 πένθει
1407 2358 1504 2430 τὴν
1531 2358 1624 2412 τοῦ
1649 2359 1829 2423 ἐλέους

258 2456 513 2508 διάνοιαν.
559 2454 667 2506 Καὶ
708 2452 815 2523 γὰρ
861 2452 975 2504 ἐκεῖ
1016 2449 1347 2522 μακαριστὸς
1390 2446 1478 2521 ἦν,
1520 2452 1549 2503 ὁ
1590 2449 1677 2502 τὸν
1703 2450 1828 2521 τῇδε

263 2546 375 2615 βίον
414 2547 470 2597 ἐν
500 2543 680 2597 πένθει
721 2542 1058 2613 ποιούμενος,
1099 2543 1193 2596 καὶ
1243 2541 1368 2595 ἔνθα
1405 2559 1494 2613 μοι
1536 2541 1683 2594 δοκεῖ
1729 2542 1828 2611 τὴν

258 2638 387 2709 ῖσην
416 2638 443 2690 ὁ
471 2636 625 2703 λόγος
663 2634 1053 2705 ὑποσημαίνειν
1099 2633 1461 2687 διδασκαλίαν.
1480 2634 1566 2696 Ὠς
1597 2632 1704 2703 γὰρ
1736 2633 1828 2686 ἐπὶ⁸

259 2728 366 2781 τῶν
409 2727 699 2797 ἀλλοτρίων
756 2725 1101 2793 διατιθέμεθα
1151 2724 1462 2795 συμφορῶν,
1507 2724 1635 2777 ὅταν
1686 2724 1829 2787 τινὲς

258 2820 370 2874 τῶν
420 2819 733 2890 ἐπιτηδείων
776 2820 904 2890 ἡμῖν
958 2817 1270 2889 ἀϐουλήτοις
1320 2818 1427 2869 τισὶ
1474 2816 1827 2887 συνενεχθῶσι

261 2911 480 2975 λύπαις,
507 2911 541 2981 ἢ
579 2907 837 2979 πατρῴας
879 2908 1057 2971 οἰκίας
1109 2905 1539 2970 ἐκπεπτωκότες,
1579 2905 1611 2975 ἢ
1664 2921 1829 2959 ναυα-

258 3004 382 3074 γίου
439 3001 829 3073 περισωθέντες
870 3000 1085 3070 γυμνοὶ,
1120 2999 1156 3058 ἢ
1189 3000 1488 3069 πειραταξ,
1524 2997 1557 3067 ἢ
1608 2997 1828 3067 λῃσταῖς

259 3060 560 3166 δποχείριοι
627 3060 907 3161 γεγονότες
928 3060 1023 3161 ,Ιῆ
1070 3090 1243 3144 δοῦλοι
1282 3060 1359 3153 ’ἐξ
1407 3060 1739 3158 ἐλευθέρων,
1792 3060 1896 3159 ἢ(3

261 3188 593 3257 αἰχμάλωτοι
641 3184 700 3250 ἐξ
747 3184 1097 3254 εὐδαιμόνων,
1131 3183 1164 3253 ἦ
1196 3182 1323 3237 ἄλλο
1345 3200 1395 3235 τι
1421 3180 1658 3257 τοιοῦτον
1688 3182 1830 3234 ἀντι-

256 3242 512 3341 λαὲόντες
545 3242 730 3339 κακὸν,
767 3276 819 3329 οἰ
866 3242 1003 3337 τέως
1040 3242 1097 3327 ἐν
1133 3242 1395 3343 εὐκληρίᾳ
1439 3242 1675 3369 τινὶίξδν
1717 3269 1828 3341 βίον

261 3368 654 3438 ἐξεταζόμενοι.
670 3368 758 3430 Ὠς
780 3366 955 3419 τοίνυν
975 3366 1069 3417 ἐπὶ
1096 3364 1299 3417 τούτων
1323 3361 1661 3434 ἀλγεινήῖις
1688 3361 1831 3430 γίνε-

259 3479 354 3515 ται
386 3463 504 3524 ταῖς
527 3460 723 3530 ψυχαῖς
744 3460 899 3530 ἡμῶν
927 3461 958 3529 ἡ
985 3450 1312 3520 συνδιάθεσις
1330 3474 1346 3488 ·
1380 3457 1517 3526 τάχα
1538 3454 1670 3509 πολὺ
1697 3454 1830 3525 μᾶλα

260 3553 354 3607 λον
390 3554 473 3620 ἐφ’
504 3552 659 3623 ἡμῶν
698 3552 870 3605 αὐτῶν
919 3550 1169 3622 εὔκαιρον
1200 3548 1265 3603 ἂν
1311 3549 1393 3620 εἰη
1435 3549 1533 3619 τὴν
1575 3546 1828 3617 τοιαύτην

263 3643 575 3699 ἀνακεῖσθαι
608 3642 837 3697 διάνοιαν
866 3642 956 3696 ἐπὶ
982 3645 1047 3712 τῇ
1077 3641 1202 3711 παρ’
1224 3639 1377 3703 ἀξίαν
1405 3639 1496 3692 τοῦ
1522 3638 1825 3721 βίουλβολῇ.

263 3736 435 3789 Ὅταν
471 3735 580 3804 γὰρ
627 3734 992 3802 λογισώμεθα,
1025 3732 1107 3797 τίς
1153 3734 1185 3801 ὴ
1224 3730 1451 3802 λαμπρὰ
1490 3729 1644 3801 ἡμῶν
1682 3729 1828 3784 οἰκία

260 3822 331 3896 ἧς
348 3824 778 3893 ἐκπεπτώκαμεν
796 3834 811 3849 '
836 3823 953 3885 πῶς
984 3824 1086 3875 ὑπὸ
1117 3824 1228 3883 τοῖς
1258 3822 1476 3895 λῃσταῖς
1505 3819 1823 3890 γεγόναμεν’

262 3916 383 3978 πῶς
407 3915 484 3986 τῷ
522 3912 662 3983 βυθῷ
687 3912 777 3965 τοῦ
809 3912 932 3981 τῇδε
964 3910 1077 3980 βίου
1105 3910 1591 3973 καταὸυθισθέντες
1619 3910 1827 3977 ἀπεγυ-

265 4009 555 4079 μνώθημεν
577 4024 590 4036 ·
620 4006 764 4067 οἴους
795 4004 887 4056 καὶ
918 4004 1072 4059 ὅσους
1112 4004 1372 4067 δεσπότας
1402 4002 1520 4056 ἀντὶ
1551 4002 1646 4072 τῆς
1676 4001 1826 4055 ἐλευ-

264 4101 447 4171 θερίας
480 4114 537 4150 τε
583 4096 677 4150 καὶ
723 4096 1015 4166 αὐτονόμου
1049 4095 1320 4164 διαγωγῆς
1361 4093 1786 4163 ἐπεσωσάμεθα
1809 4109 1823 4123 ο

264 4190 382 4253 πῶς
427 4188 487 4241 τὸ
536 4187 867 4260 μακαριστὸν
921 4186 1021 4256 τῆς
1060 4185 1201 4257 ζωῆς
1253 4185 1465 4256 θανάτῳ
1510 4185 1603 4239 καλ⁸
1654 4184 1827 4257 φθορᾷ

263 4278 617 4349 διεκόψαμεν·
645 4274 755 4349 ἆρα
775 4278 1020 4338 δυνατὸν,
1041 4279 1089 4329 εἰ
1108 4276 1306 4341 ταύτας
1326 4277 1579 4348 λάϐοιμεν
1599 4276 1825 4341 ἐννοίας,

1929 1830 2033 1878 tem
2070 1823 2443 1877 iutellectuum
2488 1820 2579 1891 qui
2624 1820 2708 1873 his
2745 1818 2926 1874 verbis
2973 1817 3341 1881 continentur,
3381 1833 3478 1872 ex-

1928 1928 2128 1982 ponere
2159 1914 2373 1983 possit?
2399 1910 2533 1965 Nam
2570 1911 2819 1965 absoluta
2844 1910 3046 1979 pariter
3095 1917 3260 1979 atque
3288 1908 3482 1963 indeﬁ-

1926 2006 2038 2059 nita
2063 2020 2165 2059 vox
2190 2004 2527 2059 occasionem
2559 2003 2760 2073 praebet
2788 2002 2947 2056 etiam
2982 2001 3187 2071 aliquid
3224 2000 3477 2070 amplius,

1927 2112 2087 2167 quam
2125 2112 2187 2151 ea
2213 2112 2332 2165 quae
2356 2097 2513 2149 modo
2541 2095 2684 2150 dicta
2716 2103 2843 2149 sunt
2882 2094 3220 2164 exquirendi,
3251 2110 3316 2149 eo
3336 2095 3479 2164 quod

1928 2201 2038 2242 non
2082 2186 2280 2256 adjecit
2316 2185 2409 2255 qui
2453 2187 2563 2241 sint
2612 2185 2871 2239 adversus
2916 2200 3052 2254 quos
3094 2184 3477 2253 repraesentari

1926 2279 2357 2336 misericordiam
2416 2278 2724 2340 conveniat,
2788 2274 2884 2331 sed
2941 2275 3262 2345 simpliciter
3295 2276 3475 2330 dixit:
3548 2320 3559 2330 .

1928 2372 2082 2426 Beati
2136 2369 2518 2425 misericordes.
2575 2368 2825 2423 Forsitan
2875 2368 3018 2422 enim
3072 2368 3230 2422 nobis
3277 2367 3477 2436 aliquid

1925 2460 2191 2530 ejusmodi
2221 2474 2400 2515 sermo
2425 2474 2519 2529 per
2542 2458 2655 2512 haec
2686 2458 2915 2512 latenter
2938 2456 3135 2521 innuit,
3162 2461 3221 2509 ut
3252 2464 3475 2511 senten-

1926 2552 2000 2604 tia
2033 2550 2423 2604 misericordiae
2446 2550 2602 2603 beato
2639 2547 2809 2601 luctui
2841 2554 3205 2602 consentanea
3235 2546 3479 2601 sitznam

1926 2649 1979 2697 et
2011 2641 2119 2694 illic
2146 2641 2334 2695 beatus
2370 2640 2693 2702 habebatur,
2738 2638 2831 2707 qui
2877 2645 3196 2707 praesentem
3225 2638 3387 2690 vitam
3423 2637 3477 2689 in

1930 2733 2078 2786 luctu
2101 2732 2378 2801 transigit,
2406 2740 2459 2785 et
2491 2730 2580 2784 hic
2612 2730 2743 2783 milii
2778 2744 2960 2784 sermo
2987 2729 3202 2784 videtur
3229 2727 3477 2783 eamdem

1926 2824 2229 2877 doctrinam
2261 2822 2524 2878 indicare.
2550 2820 2620 2876 Ut
2645 2822 2790 2876 enim
2811 2821 2864 2875 in
2884 2822 3077 2877 alienis
3103 2822 3367 2878 aﬂicimur
3387 2836 3481 2875 ca-

1930 2914 2284 2975 lamitatibus,
2342 2928 2466 2966 cum
2500 2914 2937 2968 necessariorum
2979 2921 3292 2967 nostrorum
3340 2915 3478 2965 ami-

1929 3019 2116 3058 corum
2143 3003 2304 3072 aliqui
2332 3003 2385 3057 in
2427 3003 2717 3072 improvisa
2749 3003 2993 3071 quaedam
3026 3002 3364 3056 incommoda
3400 3003 3479 3056 in-

1928 3093 2181 3159 ciderint,
2210 3094 2293 3149 vel
2325 3092 2533 3147 aedibus
2557 3092 2801 3160 paternis
2830 3090 3010 3160 ejecti,
3050 3093 3133 3145 vel
3153 3107 3218 3145 ex
3246 3091 3474 3146 naufra~

1927 3183 2014 3254 gio
2036 3184 2164 3237 nudi
2196 3184 2417 3249 servati,
2477 3182 2562 3236 vel
2619 3181 2675 3235 in
2716 3188 3037 3251 potestatem
3071 3182 3382 3251 praedonum
3418 3191 3470 3236 et

1928 3274 2197 3328 latronum
2234 3271 2457 3336 redacti,
2488 3271 2571 3326 vel
2600 3272 2741 3326 servi
2776 3286 2840 3326 ex
2877 3271 3063 3327 liberis
3111 3270 3259 3335 facti,
3288 3272 3371 3325 vel
3393 3286 3483 3323 ca-

1926 3365 2144 3438 ptiviex
2188 3363 2483 3418 fortunatis
2531 3370 2586 3418 et
2611 3363 2808 3426 beatis,
2861 3363 2946 3417 vel
2977 3377 3099 3417 cum
3154 3363 3334 3433 aliqua
3373 3364 3477 3415 alia

1928 3457 2091 3513 simili
2114 3456 2421 3511 calamitate
2454 3470 2713 3525 prospera
2768 3469 2957 3508 eorum
2990 3453 3209 3507 fortuna
3233 3468 3481 3508 commu-

1926 3558 2057 3612 tata,
2083 3548 2175 3618 qui
2205 3548 2364 3617 paulo
2392 3554 2517 3602 ante
2562 3546 2618 3600 in
2651 3546 2830 3617 aliqua
2857 3546 3112 3601 felicitate
3138 3554 3302 3616 atque
3330 3560 3483 3600 com-

1928 3641 2183 3697 moditate
2228 3640 2355 3695 vitae
2401 3640 2683 3710 conspicui
2735 3647 2896 3693 erant
2925 3657 2939 3694 :
2968 3646 3025 3693 ut
3062 3639 3229 3708 igitur
3283 3638 3480 3693 acerba
3544 3660 3580 3731 χ
3648 3692 3697 3739 qq
3744 3678 3775 3737 ,ἶ
3816 3712 3825 3721 ν

1926 3733 2168 3805 quaedam
2204 3733 2259 3787 in
2293 3732 2490 3789 animis
2521 3732 2891 3798 nostris,dum
2917 3730 3479 3790 biscondolescimus,

1926 3828 2141 3883 exsistit
2172 3825 2384 3882 affectio
2405 3834 2589 3879 mutua
2611 3844 2625 3893 ;
2646 3825 2879 3881 fortasse
2895 3824 3066 3877 multo
3089 3823 3262 3893 magis
3292 3824 3349 3878 in
3380 3838 3483 3877 no—

1926 3920 2011 3975 bis
2040 3919 2171 3989 ipsis
2214 3925 2580 3987 opportunum
2625 3916 2788 3971 fuerit
2832 3914 3099 3984 ejusmodi
3150 3915 3349 3969 mentis
3400 3913 3485 3967 in-

1927 4013 2154 4069 stituere
2176 4010 2516 4066 affectionem
2545 4025 2607 4064 ac
2630 4009 3072 4078 dispositionem,
3094 4013 3314 4075 propter
3337 4019 3481 4067 eam.

1925 4122 2045 4179 quae
2066 4114 2258 4176 praeter
2288 4104 2601 4176 dignitatem
2622 4103 2679 4156 in
2700 4102 2807 4155 vita
2838 4108 3027 4155 nostra
3047 4096 3340 4167 contingit,
3359 4111 3481 4150 mu-

1926 4198 2207 4253 tationem.
2230 4194 2366 4250 Cum
2402 4194 2546 4248 enim
2571 4190 3004 4262 reputaverimus
3038 4202 3157 4258 quae
3179 4188 3252 4243 sit
3297 4186 3484 4257 splen-

1942 4289 2069 4345 dida
2093 4288 2186 4342 illa
2217 4294 2405 4342 nostra
2444 4283 2605 4339 sedes
2641 4281 2787 4336 unde
2828 4280 3165 4345 excidimus,
3208 4276 3482 4348 quomodo

263 4366 569 4437 ἀλλοτρίαις
592 4369 895 4437 συμφοραῖς
921 4365 1401 4437 προσασχολεῖσθαι
1426 4365 1516 4419 τὸν
1542 4366 1707 4431 ἔλεον,
1735 4367 1829 4419 καὶ

1933 4382 1986 4436 in
2041 4385 2367 4452 potestatem
2408 4378 2683 4431 latronum
2723 4373 3058 4438 venerimus,
3109 4368 3382 4440 quomodo
3424 4368 3482 4424 in

264 4458 366 4509 οὐκ
396 4457 563 4527 αὐτὴν
608 4458 850 4522 ἐλεεινῶς
880 4458 976 4528 τὴν
1005 4457 1180 4529 ψυχὴν
1213 4457 1575 4524 διατίθεσθαι,
1618 4457 1828 4526 λογιζο-

1935 4472 2209 4543 profundo
2271 4470 2433 4540 hujus
2489 4466 2672 4523 szeculi
2727 4463 2963 4520 demersi
3029 4460 3216 4517 nudati
3268 4460 3480 4521 simus;

268 4547 436 4617 μένην
460 4547 576 4600 ἀτε
623 4544 786 4619 εἶχεν,
819 4542 894 4603 ὧν
932 4567 991 4603 τε
1036 4540 1423 4615 ἐκπέπτωκενς
1477 4549 1541 4602 Τί
1580 4550 1686 4620 γάρ
1731 4550 1830 4619 τῆς

1929 4540 2116 4638 quales
2146 4574 2198 4619 et
2227 4576 2391 4634 quam
2431 4560 2632 4614 multos
2666 4572 2767 4627 pro
2796 4570 2861 4609 eo
2912 4554 3056 4622 quod
3100 4552 3270 4606 libere
3316 4559 3369 4603 et
3414 4549 3480 4601 ad

264 4637 638 4707 αἰχμαλωσίας
676 4639 879 4711 ταύτης
907 4641 1292 4713 ἐλεεινότερονς
1352 4641 1495 4694 Ἀντὶ
1527 4640 1625 4709 τῆς
1660 4641 1719 4693 ἐν
1751 4640 1830 4711 τῷ

266 4730 575 4801 παραδείσῳ
605 4734 839 4803 τρυφῆς,
893 4733 955 4786 τὸ
995 4733 1221 4798 νοσῶδες
1264 4733 1419 4787 τοῦτο
1449 4734 1541 4786 καὶ⁸
1578 4731 1830 4786 ἐπίπονον

266 4820 465 4890 χωρίον
492 4822 549 4873 ἐν
585 4825 652 4892 τῇ
684 4823 793 4893 ζωῇ
829 4822 1251 4895 κεκληρώμεθαο
1293 4825 1411 4878 ἀντὶ
1436 4824 1535 4895 τῆς
1566 4823 1831 4886 ἀπαθείας

265 4910 501 4981 ἐκείνης,
539 4910 635 4975 τὰς
672 4913 867 4982 μυρίας
908 4914 1015 4968 τῶν
1066 4914 1400 4987 παθημάτων
1436 4915 1831 4985 ἀντειλήφαμεν

264 5002 477 5072 κῆρας
511 5004 631 5055 ἀντὶ
666 5004 763 5073 τῆς
798 5004 1006 5075 ὑψηλῆς
1045 5008 1256 5077 ἐκείνης
1279 5006 1572 5076 διαγωγῆς,
1604 5006 1696 5059 καὶ
1733 5006 1831 5072 τῆς

267 5092 408 5163 μετά
432 5092 540 5145 τῶν
565 5093 810 5162 ἀγγέλων
840 5093 1005 5165 ζωῆς,
1035 5100 1147 5161 τοῖς
1176 5098 1382 5169 θηρίοις
1412 5098 1509 5168 τῆς
1536 5100 1636 5168 γῆς
1663 5114 1834 5149 συνοι-

264 5185 383 5236 κεῖν
418 5185 851 5255 κατεκρίθημεν’
887 5188 981 5241 τοῦ
1022 5188 1310 5257 ἀγγελικοῦ
1356 5207 1418 5242 τε
1459 5190 1553 5242 καλ⁸
1593 5187 1834 5251 ἀπαθοῦς

263 5276 358 5329 τὸν
395 5275 635 5347 κτηνώδη
665 5275 776 5345 βίον
800 5279 1253 5352 ἀνταλλαξάμενοι
1273 5323 1289 5346 ,
1325 5282 1448 5345 τοὺς
1481 5281 1709 5351 πικροὺς
1738 5280 1835 5351 τῆς

264 5364 410 5435 ζωῆς
432 5364 590 5434 ἡμῶν
604 5367 915 5436 τυράννους,
940 5372 1062 5434 τοὺς
1087 5370 1393 5433 λυσσῶντας
1418 5371 1510 5424 καὶ
1531 5371 1835 5441 ἀγριαίνον-

263 5474 362 5519 τας
394 5456 656 5517 δεσπότας
676 5498 689 5520 ,
719 5459 801 5522 τίς
833 5460 897 5513 ἂν
934 5461 1127 5531 ῥαδίως
1156 5461 1370 5534 ἀριθμῷ
1397 5462 1709 5532 περιλά6οι;
1739 5462 1835 5512 Πι-

265 5545 395 5615 κρδς
419 5546 679 5613 δεσπότης
715 5548 743 5598 ό
776 5547 973 5619 θυμός·
1009 5552 1247 5615 τοιοῦτος
1276 5552 1432 5616 ἄλλος
1463 5554 1491 5605 ὁ
1519 5551 1710 5619 φθόνος
1733 5568 1746 5580 ο
1778 5550 1836 5603 τὸ

269 5636 446 5707 μῖσος,
471 5635 531 5685 τὸ
554 5632 673 5686 καθ’
702 5635 1073 5709 ὑπερηφανίαν
1116 5643 1303 5706 πάθος,
1330 5642 1607 5712 λυσσώδης
1633 5658 1714 5705 τις
1744 5640 1837 5695 καὶ

339 5831 406 5863 ’δ’
436 5829 481 5883 ll
514 5827 638 5882 Cor.
670 5844 745 5890 vr,
783 5827 867 5881 14.
944 5825 987 5855 ³⁸
1005 5823 1121 5877 Gal.
1150 5839 1221 5885 Iv,
1254 5822 1306 5875 6.

512 5928 780 5986 PnuOL.
826 5922 945 5983 Gn.
992 5917 1207 5980 XLIV.

1932 4654 2218 4711 arbitrium
2237 4660 2482 4707 nostrum
2498 4649 2664 4703 vitam
2690 4645 3043 4716 degebamus,
3066 4641 3319 4696 dominos
3337 4638 3491 4693 ascis

1930 4748 2207 4809 verimus,
2261 4740 2530 4814 quomodo
2554 4735 2945 4794 beatitudinem
3004 4735 3128 4787 vitae
3185 4737 3363 4785 morte
3408 4737 3484 4782 at-

1931 4854 2035 4913 que
2056 4836 2407 4907 corruptione
2435 4828 2885 4899 interruperimus
2907 4843 2921 4880 :
2970 4821 3215 4893 nunquid
3237 4821 3353 4876 ﬁeri
3381 4834 3483 4890 po-

1929 4910 2072 4997 test,
2104 4931 2151 4986 si
2174 4930 2274 4983 bas
2313 4924 2670 4997 cogitationes
2708 4912 3126 4988 sumpserimus,
3171 4921 3233 4968 ut
3271 4910 3485 4967 miseri-

1931 5022 2119 5078 cordia
2147 5020 2202 5074 in
2230 5014 2423 5071 alienis
2450 5007 2850 5067 calamitatibus
2882 5012 3151 5073 occupata
3184 5002 3273 5065 sit,
3286 5007 3346 5054 et
3371 5013 3481 5052 non

1932 5114 2147 5169 animus
2186 5110 2333 5165 circa
2380 5104 2619 5175 seipsum
2652 5097 3037 5155 miserabiliter
3074 5092 3358 5147 afﬁciatur.
3399 5103 3485 5142 re.

1934 5215 2131 5278 putans
2161 5216 2281 5273 qua:
2313 5206 2366 5254 et
2404 5197 2620 5257 habeat,
2670 5201 2723 5247 et
2755 5191 2953 5261 quibus
3003 5183 3311 5241 exciderit?
3340 5180 3483 5278 Quid

1932 5272 2075 5353 enim
2102 5272 2204 5349 hac
2242 5289 2555 5361 captivitate
2597 5278 3008 5339 miserabilius?
3052 5290 3149 5345 pro
3179 5289 3245 5328 eo
3275 5278 3335 5327 ut
3374 5272 3487 5325 ala-

1934 5403 2055 5443 mur
2077 5389 2131 5439 in
2154 5383 2429 5454 paradiso,
2462 5379 2565 5431 hoc
2580 5374 2786 5429 morbis
2808 5379 2863 5426 et
2880 5368 3159 5425 laboribus
3183 5363 3484 5419 obnoxium

1934 5479 2193 5549 praedium
2218 5477 2273 5530 in
2309 5475 2416 5528 vita
2454 5470 2630 5528 S'rl‘llli
2682 5478 2735 5522 et
2774 5463 2953 5532 adepti
3001 5471 3234 5549 sumus,
3264 5469 3363 5549 pro
3394 5453 3487 5507 illa

1936 5545 2362 5640 impatibilitate,
2404 5565 2481 5618 int
2504 5563 2647 5617 nitas
2681 5557 3000 5627 passionum
3031 5545 3485 5640 etuaniictionum

1938 5637 2355 5717 sortesinvicem
2388 5653 2696 5724 accepimus
2718 5665 2732 5713 ;
2756 5660 2857 5717 pro
2882 5642 2972 5697 illa
2995 5637 3216 5695 sublimi
3259 5647 3489 5691 conver-

3133 5885 3206 5950 ιο

3810 3199 3835 3229 \

3602 3252 3731 3329 βία(
3872 3294 3915 3343 μ
