4018 6534
548 394 687 450 1259

1833 397 1890 453 S.
1931 397 2256 453 GREGORII
2290 397 2586 453 NYSSENI

3639 404 3768 458 i260

543 511 772 575 satione,
797 510 1016 580 vitaque
1037 511 1312 566 communi
1341 525 1465 565 cum
1507 512 1736 584 angelis,
1789 513 1856 566 ad
1915 514 2093 568 viven-

2197 513 2384 583 ἄγριος
2420 511 2709 584 τύραννος’
2761 512 2836 576 ὡς
2886 513 3281 585 ἀργυρωνήτων
3333 516 3698 586 κατατρυφῶν
3743 525 3770 576 ὁ

542 603 669 656 dum
699 619 822 655 cum
878 604 1004 658 feris
1044 603 1391 658 terrestribus
1437 603 1682 659 damnati
1725 618 1938 667 sumus,
2003 618 2100 656 an-

541 695 711 760 gelica
742 697 940 764 pariter
968 704 1021 750 et
1047 695 1330 764 impatibili
1360 695 1484 760 vita,
1537 711 1660 750 cum
1698 697 1952 766 pecuaria
2001 695 2099 748 be-

545 787 797 854 stialique
845 793 1188 855 permutata:
1223 789 1344 856 quis
1388 801 1611 840 numero
1658 784 1817 842 facile
1860 801 2102 856 compre-

543 877 778 931 hendi-re
810 876 984 946 possit
1016 879 1242 931 acerbos
1277 880 1397 932 vitae
1435 886 1635 932 nostra:
1663 887 1957 948 tyrannos,
2006 876 2091 930 fu-

540 980 721 1023 rentes
750 976 803 1023 et
839 969 1123 1025 saevientes
1153 970 1448 1024 dominos?
1477 971 1677 1025 acerba
1731 971 1950 1025 domina
1991 970 2100 1024 ira-

539 1062 734 1115 cundia
765 1078 778 1126 ;
805 1062 973 1116 altera
1005 1062 1131 1116 talis
1173 1063 1378 1117 invidia
1405 1071 1529 1129 est;
1565 1064 1770 1124 odium.
1815 1064 2084 1134 superbiat

538 1155 751 1215 vitium,
785 1153 986 1209 furiosa
1017 1155 1268 1224 quaedam
1302 1171 1365 1209 ac
1388 1172 1526 1211 δεῖν
1552 1157 1802 1228 tyrannis
1821 1164 1905 1212 cst
1934 1175 1948 1215 :
1975 1165 2098 1210 tan-

537 1261 699 1314 quam
749 1247 976 1316 pecunia
1021 1246 1315 1315 redemptis
1359 1247 1630 1302 insultans
1675 1248 2099 1317 atqueilludens

538 1336 820 1390 libidinosa
853 1337 1108 1406 cogitatio
1141 1344 1378 1406 est,quaa
1395 1338 1650 1392 absurdis
1681 1346 1733 1392 et
1762 1339 1978 1394 vitiosis
2004 1355 2099 1408 pa-

537 1430 671 1482 riter
723 1437 885 1496 atque
916 1427 1146 1498 impuris
1171 1429 1491 1484 ministeriis
1531 1436 1782 1482 naturam
1825 1431 2100 1498 mancipat

538 1529 702 1590 atque
756 1519 997 1574 addicit:
1032 1535 1152 1588 quae
1211 1536 1340 1575 vero
1372 1528 1520 1575 tanta
1571 1529 1791 1591 tamque
1834 1522 2098 1577 immensa

537 1612 806 1666 acerbitas
834 1619 939 1672 est,
967 1626 1129 1680 quam
1165 1611 1406 1665 avaritiae
1452 1611 1698 1681 tyrannis
1735 1627 1844 1666 non
1877 1621 2098 1681 superet

539 1715 702 1771 atque
733 1700 1004 1772 prtecedat
1028 1741 1042 1764 ,
1067 1717 1187 1770 qua:
1214 1702 1468 1756 miseram
1513 1703 1746 1756 animam
1779 1703 1832 1756 in
1865 1702 2097 1758 servitu-

537 1805 642 1846 tem
700 1794 977 1848 redactam
1019 1808 1233 1861 semper
1277 1792 1629 1862 inexplebiles
1655 1803 1708 1848 et
1759 1794 2095 1850 insatiabiles

535 1899 662 1939 suas
691 1882 1018 1953 cupiditates
1062 1884 1206 1952 cogit
1248 1883 1466 1952 explere
1494 1924 1510 1949 ,
1561 1899 1681 1953 quae
1727 1899 1850 1938 cum
1885 1899 2097 1954 semper

534 1977 754 2045 accipit,
794 1985 905 2029 tum
955 1989 1232 2044 nunquam
1275 1973 1548 2044 impletur,
1589 1975 1751 2029 veluti
1806 1976 2095 2044 multiceps

532 2064 777 2133 quaedam
833 2062 946 2116 fera
987 2063 1178 2117 oribus
1212 2062 1516 2116 innumeris
1568 2062 1876 2132 inexplebili
1925 2063 2094 2116 ventri

530 2157 709 2210 cibum
737 2154 1110 2208 transmittens
1143 2153 1260 2206 :cui
1289 2153 1433 2206 nulla
1461 2167 1698 2222 unquam
1729 2153 1974 2206 lucrandi
2003 2168 2093 2207 sa-

470 2313 479 2322 .
531 2249 690 2302 tietas
720 2246 968 2310 exsistit;
999 2244 1092 2300 sed
1130 2245 1181 2298 id
1216 2243 1358 2314 quod
1397 2259 1612 2313 semper
1653 2245 1940 2315 accipitur,
1979 2259 2095 2298 ma-

533 2340 696 2393 teries
719 2348 882 2406 atque
912 2337 1314 2389 incitamentum
1358 2335 1478 2404 plus
1511 2335 1740 2388 habendi
1778 2335 2092 2404 cupiditatis

533 2429 793 2496 liLYQuis
822 2429 985 2498 igitur
1038 2427 1137 2481 hac
1179 2427 1383 2481 infelici
1423 2441 1488 2480 ac
1526 2427 1726 2480 misera
1776 2427 1884 2480 vita
1911 2428 2092 2481 consi-

531 2526 716 2577 derata
742 2530 904 2589 atque
934 2534 1217 2589 perpensa,
1264 2517 1531 2587 ejusmodi
1561 2519 1901 2574 calamitates
1922 2525 1975 2573 et
2003 2519 2089 2572 in-

528 2612 811 2666 commoda
844 2628 948 2665 non
989 2612 1281 2664 miseratur
1304 2651 1319 2673 ,
1361 2625 1469 2663 non
1506 2610 1742 2666 humano
1786 2627 1936 2666 more
1973 2611 2089 2666 alli-

2201 603 2494 667 ἀκόλαστός
2541 605 2654 656 ἐστι
2692 602 2975 673 λογισμὸς,
3005 605 3032 656 ό
3086 604 3219 673 πρὸς
3260 605 3358 668 τάς
3397 605 3668 675 ἐμπαθεῖς
3714 625 3772 662 τι

2201 692 2296 745 καὶ
2333 691 2670 764 ἀκαθάρτους
2698 693 2998 763 ὑπηρεσίας
3026 693 3484 765 ἐξανδραποδίζων
3533 697 3636 767 τὴν
3677 699 3773 767 φύ-

2203 800 2286 836 σιν
2309 799 2320 812 ·
2353 786 2385 854 ή
2427 783 2482 836 δέ
2508 785 2607 853 τῆς
2637 783 2943 848 πλεονεξίας
2972 786 3242 855 τυραννὶς,
3269 786 3386 839 τίνα
3413 787 3472 839 οὑ
3501 789 3775 860 παρέρχε-

2201 892 2290 928 ται
2321 874 2543 945 πικρίας
2576 873 2874 945 ὑπερϐολήν
2899 892 2914 940 ;
2959 875 3022 927 Ἡ
3044 876 3143 944 τὴν
3173 876 3360 931 ἀθλίαν
3389 877 3771 952 δουλωσαμένη

2200 964 2376 1036 ψυχὴν
2396 1005 2411 1028 ,
2441 965 2526 1018 ἀεὶ
2553 965 2652 1028 τὰς
2677 964 2988 1036 ἀπλήστους
3015 965 3184 1036 αὑτῆς
3214 966 3506 1037 ἐπιθυμίας
3532 969 3774 1040 πληροῦν

2199 1054 2518 1124 ἀναγκάζει,
2557 1056 2786 1109 πάντοτε
2826 1054 3086 1126 δεχομένη
3123 1056 3217 1109 καὶ
3248 1057 3500 1112 οὐδέποτε
3537 1060 3775 1130 πληρου-

2203 1147 2337 1218 μένη
2357 1164 2370 1177 ο
2411 1144 2524 1200 οἷόν
2556 1165 2609 1201 τι
2644 1147 3013 1216 πολυκέφαλον
3042 1146 3227 1219 θηρίον
3247 1187 3262 1212 ,
3296 1150 3504 1221 μυρίοις
3542 1151 3776 1221 στόμασι

2199 1240 2262 1308 τῇ
2299 1239 2604 1310 ἀπληρώτῳ
2645 1239 2844 1310 γαστρὶ⁸
2899 1240 2996 1309 τὴν
3046 1240 3250 1312 τροφὴν
3299 1242 3701 1313 παραπέμπον·

2200 1327 2372 1391 οὐδεὶς
2417 1345 2544 1380 ποτε
2578 1327 2673 1381 τοῦ
2719 1327 3018 1396 κερδαίνειν
3056 1329 3262 1397 γίνεται
3311 1332 3501 1402 κόρος’
3535 1331 3676 1385 ἀλλά
3717 1333 3776 1386 τὸ

2199 1421 2286 1472 ἀεὶ
2301 1419 2727 1490 λαμόανὸμενον,
2752 1419 2852 1490 ὑλη
2882 1421 2973 1473 καὶ
2996 1420 3324 1490 ὑπέκκαυμα
3354 1425 3454 1493 τῆς
3471 1421 3568 1476 τοῦ
3595 1423 3776 1477 πλείο-

2198 1527 2286 1574 νος
2324 1511 2614 1581 ἐπιθυμίας
2645 1510 2987 1565 καθίσταται.
3028 1510 3122 1574 Τίς
3168 1511 3346 1564 τοίνυν
3381 1512 3474 1564 τὸν
3511 1512 3775 1582 δύστηνον

2197 1601 2383 1656 τοῦτον
2434 1603 2547 1673 βίον
2592 1604 2931 1674 κατανοήσας
2982 1603 3222 1674 ἀνηλεῶς
3259 1603 3350 1656 καὶ
3380 1604 3602 1675 ἀπηνῶς
3637 1605 3776 1677 πρὸς

2195 1694 2293 1758 τὰς
2337 1694 2588 1759 τοιαύτας
2623 1694 2905 1766 συμφορὰς
2937 1695 3266 1762 διατίθεται;
3317 1697 3455 1751 Ἀλλ’
3495 1699 3669 1752 αἴτιον
3715 1699 3775 1751 τὸ

2200 1787 2274 1858 μὴ
2318 1786 2487 1840 ἐλεεῖν
2525 1788 2671 1858 ἡμᾶς
2720 1787 2913 1850 αὑτοὺς
2963 1787 3020 1839 ἐν
3063 1787 3388 1860 ἀναισθησίᾳ
3431 1789 3540 1842 τῶν
3586 1789 3775 1842 κακῶν

2196 1875 2367 1933 εἶναι’
2397 1873 2506 1933 οἷόν
2526 1896 2578 1932 τι
2607 1880 2899 1949 πάσχουσιν
2931 1880 2979 1930 οἱ
3009 1881 3072 1932 ἐκ
3109 1879 3301 1948 μανίας
3340 1880 3670 1950 παράφοροι,
3701 1874 3775 1933 ὧν

2192 1975 2224 2040 ή
2250 1970 2520 2042 ὑπερϐολὴ
2541 1969 2634 2024 τοῦ
2663 1969 2855 2035 κακοῦ,
2878 1970 2973 2023 κιιί⁹
2997 1971 3096 2042 τὴν
3122 1970 3370 2040 αἴσθησιν
3391 1964 3465 2024 ὧν
3491 1971 3776 2043 πάσχουσι

2193 2063 2625 2134 προσαφῄρηται.
2665 2063 2730 2115 El
2779 2062 2954 2116 τοίνυν
2989 2080 3074 2126 τις
3118 2064 3305 2116 ἐαυτὸν
3351 2062 3621 2132 ἐπιγνοίη,
3663 2059 3778 2126 οἷός

2194 2173 2252 2208 τε
2278 2157 2540 2226 πρότερον
2587 2149 2689 2224 ἦν,
2726 2155 2820 2208 καὶ
2867 2150 2977 2217 οἷος
3007 2155 3099 2207 ἐπὶ
3135 2154 3227 2208 τοῦ
3276 2154 3539 2225 παρόντος
3593 2154 3774 2207 ἐστίν·

2193 2247 2329 2318 φησι
2353 2245 2411 2299 δέ
2445 2262 2545 2298 που
2575 2245 2669 2299 καὶ
2696 2245 2725 2297 ό
2763 2245 3031 2316 Σολομῶν,
3061 2247 3141 2299 ὃτι
3171 2248 3234 2299 Ol
3257 2244 3485 2298 ἑαυτῶν
3513 2246 3773 2314 esu-frti)-

2191 2355 2374 2408 μονες
2413 2336 2618 2406 σοφοίο
2659 2337 2908 2390 οὐδέποτε
2937 2337 3100 2390 ἐλεῶν
3141 2340 3169 2391 ό
3201 2336 3438 2399 τοιοῦτος
3477 2337 3773 2396 παύσεται.

2195 2434 2262 2502 τῇ
2304 2431 2362 2484 δὲ
2394 2429 2615 2500 τοιαύτῃ
2647 2430 2746 2499 τῆς
2783 2430 2960 2500 ψυχῆς
3000 2429 3233 2483 διαθέσει
3262 2429 3355 2482 καὶ
3391 2431 3421 2483 ὁ
3450 2428 3592 2491 θεῖος
3625 2427 3775 2490 ἔλεος

2197 2523 2336 2576 κατὰ
2366 2523 2426 2576 τὸ
2453 2522 2597 2585 εἰκὸς
2627 2521 2997 2592 ἀκολουθήσει.
3040 2523 3130 2573 Διό
3163 2538 3323 2591 φησιν
3347 2536 3363 2550 ‘
3398 2519 3694 2588 Μακάριοι
3718 2520 3776 2571 οι

2199 2615 2541 2686 ἐλεήμονες,
2565 2616 2652 2669 ὅτι
2671 2615 2838 2670 αὐτοὶ
2859 2615 3309 2683 ἐλεηθήσονται.

530 2705 671 2757 citur
717 2711 769 2757 et
834 2701 1241 2756 commovetur?
1292 2698 1425 2752 Nam
1478 2699 1683 2754 idcirco
1743 2705 2103 2772 nosmetipsos
2158 2720 2266 2760 non
2332 2707 2679 2768 miseramur,
2735 2707 2864 2777 quia
2915 2722 3080 2762 sensu
3141 2707 3405 2760 malorum
3471 2719 3771 2763 caremus:

529 2798 687 2865 quale
733 2795 986 2866 quiddam
1054 2793 1236 2848 furore
1258 2793 1521 2862 correptis
1545 2792 1766 2859 accidit,
1795 2811 2024 2865 quorum
2065 2798 2432 2869 insuperabile
2486 2800 2687 2854 malum
2765 2800 2928 2854 etiam
2993 2814 3214 2854 sensum
3281 2813 3468 2853 eorum
3514 2813 3633 2868 quae
3678 2812 3778 2867 pa-

528 2890 739 2943 tiuntur
784 2888 1004 2957 insuper
1052 2886 1273 2940 ademit.
1326 2884 1382 2940 Si
1433 2885 1555 2954 quis
1628 2887 1792 2956 igitur
1821 2889 2059 2958 seipsum
2098 2893 2396 2961 agnoverit,
2422 2892 2600 2962 qualis
2627 2900 2682 2946 et
2714 2892 2866 2962 prius
2899 2901 3066 2958 esset,
3109 2900 3162 2947 et
3193 2886 3370 2962 qualis
3416 2892 3472 2946 in
3508 2893 3775 2961 praesenti

529 2982 601 3032 sit
631 2979 727 3049 (ait
766 2979 906 3032 enim
958 2976 1118 3030 etiam
1184 2976 1438 3029 Salomon
1498 2976 1720 3039 alicubi,
1760 2977 1905 3046 quod
1964 2979 2060 3049 qui
2124 2982 2334 3052 seipsos
2375 2989 2711 3054 cognoscunt
2757 2989 2812 3037 et
2857 2991 3190 3047 scrutantur,
3226 2983 3497 3052 sapientes
3521 2983 3682 3048 sint),
3729 2983 3774 3034 is

527 3086 802 3140 utinquam
833 3070 1041 3124 desinet
1069 3069 1314 3126 miserari
1350 3090 1360 3125 :

1432 3072 1591 3124 talem
1662 3082 1840 3127 autem
1893 3075 2087 3130 anima:
2124 3077 2462 3132 affectionem
2491 3078 2652 3132 etiam
2673 3077 2858 3132 divina
2885 3078 3138 3132 nimirum
3165 3077 3536 3132 misericordia
3571 3092 3777 3133 conse-

526 3177 744 3237 quetur.
777 3167 1134 3234 Quamobrem
1201 3170 1276 3222 ait
1316 3186 1328 3221 :
1399 3168 1552 3222 Beati
1608 3172 1990 3233 misericardes,
2011 3190 2259 3242 quoniam
2289 3176 2390 3244 ipsi
2417 3174 2834 3228 misericordiam
2863 3183 3256 3244 consequentur.

598 3260 722 3328 Ipsi,
749 3275 854 3313 non
885 3260 977 3314 alii
1001 3279 1014 3314 :
1046 3275 1139 3329 per
1164 3261 1266 3313 hoc
1293 3261 1436 3315 enim
1459 3276 1656 3314 nomen
1685 3261 2020 3327 declaratur,
2042 3273 2093 3317 ul

2272 3266 2434 3318 Αὑτο)⁸
2484 3265 2602 3335 οὐχὶ
2651 3264 2858 3338 ἕτεροι·
2903 3265 2962 3316 ἐν
3005 3263 3174 3332 τούτῳ
3218 3262 3324 3334 γὰρ
3377 3261 3660 3333 σαφηνίζει
3713 3260 3777 3314 τὸ

527 3355 574 3409 si
613 3356 737 3424 quis
785 3354 932 3408 dicat
967 3373 979 3408 :
1023 3353 1246 3409 Beatum
1289 3362 1372 3409 est
1399 3354 1596 3410 habere
1633 3370 1820 3409 curam
1849 3358 2094 3426 corporis

528 3445 800 3498 sanitatis.
835 3443 968 3497 Nam
1005 3446 1093 3512 qui
1125 3459 1311 3498 curam
1363 3445 1548 3507 habet,
1584 3447 1703 3515 ipse
1754 3447 1809 3500 in
1863 3449 2096 3502 sanitate

527 3539 710 3592 vivet:
751 3539 824 3588 ita
861 3536 1173 3589 misericors
1206 3535 1396 3589 beatus
1415 3543 1498 3589 est
1516 3536 1816 3600 habendus,
1833 3539 2092 3606 quoniam

2197 3358 2399 3428 ὄνομα,
2429 3357 2506 3420 ὡς
2555 3357 2622 3410 ἂν
2656 3356 2707 3408 εί
2741 3373 2824 3418 τις
2869 3353 3034 3422 λέγει,
3067 3353 3351 3425 Μακάριόν
3382 3355 3494 3406 ἐστι
3535 3352 3597 3405 τὸ
3642 3355 3774 3404 ἐπι-

2198 3448 2477 3518 μελεῖσθαι
2503 3447 2600 3516 τῆς
2629 3443 2955 3516 σωματικῆς
2985 3445 3210 3512 ὑγιείας.
3252 3444 3312 3495 Ὃ
3339 3442 3446 3514 γάρ
3476 3440 3775 3511 ἐπιμελού-

2200 3558 2375 3611 μενος,
2410 3539 2569 3602 αὑτὸς
2616 3541 2674 3590 ἐν
2720 3536 2897 3606 ὑγιείᾳ
2940 3535 3191 3606 βιώσεται
3214 3553 3230 3566 ν
3263 3534 3432 3596 οὕτως
3462 3535 3490 3585 ό
3515 3533 3773 3602 ἐλεήμων

528 3630 739 3682 fructus
778 3626 1166 3681 misericordiae
1204 3628 1482 3696 proprium
1532 3626 1732 3683 bonum
1780 3632 2093 3686 misericor-

2197 3632 2312 3685 ἐστὶ
2345 3629 2698 3701 μακαριστὸς,
2727 3629 2810 3682 ὃτι
2833 3629 2861 3681 ὁ
2889 3628 3095 3698 καρπὸς
3115 3626 3207 3679 τοῦ
3229 3626 3375 3679 ἐλέου
3419 3625 3548 3678 ἴδιον
3578 3626 3772 3695 κτῆμα

527 3721 613 3774 dis
663 3717 908 3781 exsistit,
952 3718 1066 3771 sive
1121 3718 1275 3786 juxta
1317 3735 1458 3773 nunc
1517 3731 1784 3790 repertam
1845 3738 1873 3776 a
1938 3724 2094 3777 nobis

527 3813 792 3866 rationem
827 3811 972 3865 dicta
998 3811 1389 3881 intelligantur,
1439 3829 1558 3868 suve
1608 3813 1944 3883 etiamjuxta
1974 3831 2091 3870 eam

528 3919 648 3971 quae
677 3912 799 3956 ante
825 3901 1072 3956 discussa
1099 3910 1261 3970 atque
1288 3903 1555 3972 explicata
1598 3912 1700 3967 est,
1742 3904 1809 3959 de
1852 3921 1917 3960 eo
1949 3906 2091 3967 dico,

527 3995 618 4062 qui
646 3996 698 4046 in
724 3993 916 4046 alienis
943 3993 1346 4046 calamitatibus
1389 3994 1557 4046 animi
1596 3996 1994 4050 condolentiam
2039 4005 2094 4052 et

528 4085 962 4154 cornpassionem
985 4084 1221 4137 ostendit
1257 4103 1267 4136 :
1299 4086 1462 4138 simili
1489 4087 1632 4140 enim
1666 4097 1960 4158 utrumque
1990 4105 2092 4142 ra-

528 4178 677 4232 tione
716 4177 918 4230 bonum
970 4183 1076 4235 est.
1130 4185 1186 4230 et
1212 4175 1475 4245 seipsum,
1503 4177 1658 4246 juxta
1686 4179 1855 4234 modo
1885 4179 2088 4234 dictam

528 4268 815 4332 rationem,
889 4267 1160 4331 miserari,
1233 4275 1286 4320 et
1337 4268 1723 4324 condolescere
1774 4271 2091 4326 infortuniis

529 4369 691 4425 atque
727 4358 1133 4412 calamitatibus
1163 4359 1559 4423 proximorum,
1617 4370 1904 4430 propterea
1939 4365 2085 4433 quod

523 4453 733 4520 justum
789 4449 878 4504 Dei
910 4450 1175 4517 judicium
1219 4450 1458 4504 hominis
1499 4452 1762 4506 adversus
1799 4453 2088 4510 inferiores

527 4553 580 4594 et
621 4542 893 4595 tenuiores
919 4555 1245 4610 propensam
1270 4541 1600 4596 voluntatem
1622 4543 1679 4596 in
1705 4560 1960 4614 suprema
1993 4562 2088 4612 po-

527 4641 726 4688 testate
753 4633 1107 4697 demonstrat,
1125 4640 1182 4686 ut
1213 4633 1785 4704 homoquodammodo
1803 4637 1888 4692 sui
1915 4638 2088 4707 ipsius
2121 4630 2164 4684 D

526 4723 691 4792 judex
727 4726 816 4787 sit,
836 4726 940 4780 sibi
973 4725 1086 4793 ipse
1119 4725 1442 4780 sententiam
1459 4725 1637 4780 ferens
1667 4727 1720 4780 in
1747 4729 2086 4784 subditorum

530 4814 713 4867 causis
739 4814 1070 4882 judicaudis.
1103 4812 1372 4878 Quoniam
1409 4814 1572 4882 igitur
1599 4813 1842 4868 creditur
1872 4825 1925 4870 et
1955 4830 2080 4870 vere

528 4906 766 4957 creditur
796 4904 1037 4959 futurum
1069 4920 1190 4959 esse
1215 4914 1275 4958 ut
1305 4905 1484 4960 omnis
1514 4905 1747 4959 humana
1782 4916 1972 4961 natura
1995 4908 2091 4960 tri-

527 4997 714 5050 bunali
743 4997 943 5050 Christi
974 5000 1223 5060 sistatur,
1257 5005 1319 5049 ut
1351 4997 1578 5065 recipiat
1604 4998 1834 5068 quisque
1853 5015 1945 5068 per
1970 5013 2092 5051 cor-

529 5105 631 5158 pus
668 5091 888 5154 praemia
927 5088 1079 5158 paria
1122 5089 1300 5151 factis,
1326 5089 1442 5142 sive
1478 5092 1700 5148 bonum.
1735 5090 1848 5144 sive
1886 5089 2086 5142 tnalum

529 5181 655 5250 quis
683 5180 872 5234 fecerit
931 5179 1129 5246 (dicam
1188 5179 1417 5232 forsitan
1469 5183 1631 5234 etiam
1668 5179 1873 5249 aliquid
1924 5179 2091 5232 auda-

530 5275 693 5338 cius),
731 5273 774 5323 si
814 5271 926 5323 fieri
958 5279 1136 5338 potest
1191 5283 1248 5324 ut
1277 5286 1473 5323 arcana
1500 5272 1700 5339 pariter
1721 5280 1773 5326 et
1808 5272 1979 5325 visum
2010 5272 2090 5323 ef-

528 5363 786 5432 fugientia
852 5365 1062 5416 ratione
1124 5362 1674 5431 comprehendamus,
1738 5363 1898 5417 etiam
1945 5379 2090 5417 nunc

425 5514 436 5528 κ
527 5455 741 5508 beatam
775 5470 964 5507 eorum
1017 5454 1112 5522 qui
1181 5454 1612 5507 misericordiam
1662 5465 2088 5522 consequuntur,

529 5545 1022 5598 remunerationem
1095 5533 1528 5596 animadvertere
1599 5542 1742 5596 licet.
1791 5541 1922 5596 Nam
1971 5559 2091 5612 qua:

530 5632 791 5688 adversus
825 5648 918 5686 eos
942 5633 1034 5701 qui
1071 5647 1163 5701 per
1189 5633 1290 5684 hoc
1332 5631 1592 5686 s:ecnlum
1635 5633 1685 5684 in
1719 5631 1826 5685 vita
1873 5633 2086 5685 miseri-

531 5726 771 5776 cordiam
832 5724 1092 5777 exhibent
1164 5723 1382 5777 exsistit
1444 5723 1495 5775 in
1551 5723 1747 5778 animis
1809 5723 2085 5775 hominum

507 5810 924 5876 huevolentia,
977 5831 1038 5870 ea
1094 5815 1349 5869 nimirum
1407 5815 1460 5869 in
1527 5823 1844 5884 perpetuum
1907 5822 2088 5870 manet

2194 3723 2284 3775 τοῦ
2316 3721 2590 3782 ἐλεοῦντος
2619 3720 2853 3787 γίνεταιο
2883 3719 2991 3771 εἴτε
3023 3717 3162 3772 κατά
3193 3717 3282 3770 τὸν
3310 3717 3404 3770 νῦν
3433 3719 3563 3787 ἡμῖν
3606 3718 3771 3787 εὑρε-

2196 3814 2352 3867 θέντα
2385 3812 2568 3880 λόγον’
2598 3811 2708 3864 εἴτε
2736 3809 2877 3863 κατά
2907 3809 2998 3863 τὸν
3029 3807 3519 3880 προεξητασμένον,
3551 3808 3640 3861 τὸν
3670 3811 3770 3862 ἐπὶ

2194 3904 2300 3956 τῶν
2339 3902 2629 3973 ἀλλοτρίων
2661 3901 2802 3970 λέγω
2831 3900 3122 3970 συμφορῶν
3157 3900 3434 3952 δεικνύντα
3461 3902 3558 3969 τῆς
3583 3900 3769 3971 ψυχῆς

2193 3999 2290 4068 τὴν
2321 3995 2658 4067 συμπάθειαν
2677 4011 2692 4024 ’
2722 3993 2921 4063 ἀγαθὸν
2951 3994 3057 4064 γὰρ
3085 3993 3281 4063 ὁμοίως
3309 3992 3581 4062 ἑκάτερον,
3609 3993 3669 4045 τό
3702 4008 3767 4046 τε

2194 4090 2383 4143 ἑαυτὸν
2411 4089 2576 4142 ἐλεεῖν
2597 4088 2737 4142 κατά
2762 4087 2851 4140 τὸν
2872 4085 3160 4156 εἰρημένον
3186 4086 3402 4155 τρόπον,
3427 4084 3597 4137 καὶτὸ
3622 4100 3767 4152 συμ-

2194 4184 2420 4252 πάσχειν
2446 4183 2564 4243 ταῖς
2585 4179 2944 4250 δυσπραγίαις
2964 4177 3072 4229 τῶν
3110 4176 3291 4239 πέλας
3319 4175 3450 4228 διότι
3477 4176 3535 4227 τὸ
3555 4175 3766 4227 δίκαιον

2192 4276 2290 4345 τῆς
2325 4275 2472 4336 θείας
2505 4273 2758 4344 κρίσεως,
2790 4270 2886 4342 τὴν
2917 4271 3007 4323 ἐπὶ
3037 4271 3146 4323 τῶν
3189 4269 3620 4339 καταδεεστέρων
3661 4267 3764 4321 τοῦ

2193 4366 2475 4437 ἀνθρώπου
2505 4365 2821 4435 προαίρεσιν
2845 4403 2858 4426 ,
2907 4362 2998 4414 ἐπὶ
3027 4362 3126 4432 τῆς
3153 4360 3519 4429 ὑπερεχούσης
3547 4359 3765 4411 δείκνυ-

2190 4477 2278 4512 ται
2301 4456 2567 4522 ὲξουσίαςο
2600 4455 2740 4508 ὥστε
2769 4453 2966 4524 τρόπον
2988 4452 3106 4505 τινὰ
3124 4450 3313 4504 ἐαυτοῦ
3341 4450 3596 4520 δικαστὴν
3619 4447 3762 4503 εἶναι

2189 4550 2282 4603 τὸν
2308 4549 2610 4620 ἄνθρωπον,
2642 4545 2818 4615 ἐαυτῷ
2847 4545 2944 4615 τὴν
2971 4543 3149 4613 ψῆφον
3182 4544 3239 4596 ἐν
3267 4546 3330 4613 τῇ
3363 4541 3472 4594 τῶν
3501 4542 3764 4612 ὑπηκόων

2189 4641 2421 4712 φέροντα
2470 4638 2668 4709 κρίσει.
2740 4635 2952 4705 Ἐπειδὴ
3011 4635 3185 4687 τοίνυν
3236 4633 3607 4694 πεπίστευται,
3660 4634 3762 4686 καὶ

2191 4731 2405 4801 ἀληθῶς
2435 4729 2807 4794 πεπίστευται,
2841 4729 3022 4781 πᾶσαν
3055 4723 3504 4796 παραστήσασθαι
3533 4725 3632 4793 τὴν
3661 4725 3762 4777 άν-

2191 4823 2463 4894 θρωπίνην
2481 4822 2638 4890 φύσιν
2651 4820 2727 4890 τῷ
2750 4819 2949 4891 βήματι
2972 4818 3064 4872 τοῦ
3084 4817 3126 4870 Χ
3138 4815 3341 4889 ριστοῦ,
3362 4816 3449 4869 ἶνα
3465 4817 3760 4885 κομίσηται

2191 4915 2414 4977 ἕκαστος
2449 4913 2518 4968 τά
2552 4913 2639 4967 διὰ
2666 4910 2760 4965 τοῦ
2793 4910 3043 4981 σώματος
3065 4949 3079 4973 ,
3109 4908 3242 4980 πρὸς
3278 4907 3313 4960 ἀ
3343 4905 3607 4977 ἔπραξεν,
3647 4908 3758 4959 εἴτε

2191 5005 2412 5070 ἀγαθὸν,
2432 5007 2537 5057 εἴτε
2561 5003 2779 5072 φαῦλονο
2805 5003 2945 5072 τάχα
2971 5002 3064 5055 καὶ
3082 4999 3345 5070 τολμηρὸν
3367 5000 3536 5052 εἰπεῖν
3554 5013 3570 5030 ο
3595 4999 3642 5050 εἰ
3667 4997 3760 5049 δυ-

2194 5096 2348 5149 νατόν
2381 5097 2494 5148 ἐστι
2521 5094 2591 5148 τὰ
2622 5094 2905 5165 ἀπόρρητα
2934 5093 3030 5145 καὶ
3063 5090 3266 5144 ἀθέατα
3284 5088 3524 5158 λογισμῷ
3547 5088 3756 5148 λαϐεῖν,

2195 5189 2289 5239 καὶ
2313 5186 2411 5256 ήδη
2433 5184 2492 5236 τὸ
2519 5184 2784 5254 μακάριον
2816 5182 2914 5252 τῆς
2945 5180 3260 5242 ἀντιδόσεως
3290 5178 3398 5232 τῶν
3426 5178 3756 5248 ἐλεουμένων

2195 5275 2544 5344 κατανοῆσαι.
2600 5273 2663 5324 'H
2687 5272 2794 5340 γάρ
2831 5270 3152 5340 ἐγγινομένη
3183 5265 3302 5331 ταῖς
3326 5268 3524 5338 ψυχαῖς
3550 5269 3752 5332 εὔνοια,

2195 5363 2330 5434 πρὸς
2360 5365 2484 5426 τοὺς
2520 5363 2608 5414 τὸν
2641 5361 2785 5414 ἔλεον
2816 5359 3300 5428 ἐπιδεικνυμένους,
3335 5359 3484 5428 παρά
3519 5359 3611 5411 τὸν
3642 5360 3756 5428 βίον

2195 5456 2252 5506 ἐν
2277 5456 2341 5523 τῇ
2383 5454 2492 5523 ζωῇ
2519 5453 2687 5505 εἰσαεὶ
2721 5452 2859 5505 κατά
2887 5451 2947 5502 τὸ
2977 5449 3120 5511 εἰκὸς
3148 5449 3449 5519 παραμένει
3487 5452 3598 5512 τοῖς
3630 5467 3756 5518 μετα

2187 5547 2442 5616 εσχηκόσι
2473 5546 2570 5615 τῆς
2608 5547 2846 5616 χάριτος.
2879 5542 2942 5594 Τί
2971 5537 3062 5594 οὗν
3088 5541 3233 5603 είκδς
3265 5543 3322 5594 ἐν
3347 5540 3424 5610 τῷ
3450 5540 3624 5610 καιρῷ
3654 5541 3754 5608 τῆς

2185 5636 2502 5699 ἐξετάσεως,
2533 5637 2580 5686 εί
2618 5631 2978 5701 ἐπιγνωσθείη
3007 5630 3156 5699 παρά
3182 5628 3289 5681 τῶν
3314 5625 3372 5681 εὖ
3412 5629 3750 5682 πεπονθότων

2183 5729 2210 5778 ὁ
2241 5725 2550 5795 εὐεργέτης,
2588 5725 2734 5786 ὅπως
2770 5722 3140 5792 διατεθήσεται
3176 5719 3273 5790 τὴν
3300 5702 3476 5790 ψυχὴν
3507 5720 3598 5772 ἐπὶ
3633 5723 3749 5783 ταῖς

2188 5815 2525 5886 εὐχαρίστως
2553 5817 2754 5884 φωναῖς
2782 5815 2872 5867 ἐπὶ
2905 5812 3036 5866 Θεοῦ
3073 5811 3250 5881 πάσης
3281 5811 3380 5880 τῆς
3407 5811 3633 5875 κτίσεως
3661 5813 3749 5864 εὑο
