3888 6530
176 381 314 435 ‘1‘161

1226 377 1310 430 DE
1341 373 1928 432 BEATITUDINIBUS.
1965 375 2220 430 ORATIO
2249 377 2310 431 V.

3235 379 3376 435 1262

176 498 558 570 φημούμνενοςς
587 493 733 568 Ἀρά
759 515 899 560 τινος
921 497 1076 573 ἄλλου
1106 497 1448 569 μακαρισμοῦ
1477 497 1731 569 προσδεη-

1840 497 1980 566 apud
2013 512 2106 553 eos
2148 497 2240 566 qui
2279 495 2424 551 illius
2467 495 2651 567 gratiae
2693 502 2856 564 atque
2897 493 3052 548 officii
3089 496 3378 566 participes

177 589 424 660 θήσεται,
449 590 478 641 ὀ
505 590 562 641 ἐν
590 588 825 658 τοσούτῳ
855 587 1064 660 θεάτρῳ
1090 587 1184 641 ὲπί
1211 591 1320 651 τοῖς
1351 589 1588 660 ἀρίστοις
1611 589 1740 641 ἀνα-

176 680 610 752 κηρυττόμενοςς
641 681 713 732 Τὸ
738 680 842 750 γάρ
872 681 1123 751 παρεῖναι
1154 680 1277 743 τοὺς
1302 675 1359 732 εὖ
1388 678 1736 742 πεπονθότας,

173 771 209 839 ὴ
250 769 343 822 τοῦ
378 769 706 838 Εύαγγελίου
752 769 989 821 διδάσκει
1033 768 1215 839 φωνὴ,
1245 771 1301 822 ὲν
1343 773 1409 840 τῇ
1448 769 1582 839 πρὸς
1613 769 1737 832 τοὺς

171 860 413 924 δικαίους
440 864 534 914 καὶ
566 863 630 931 τῇ
659 861 794 931 πρὸς
824 861 948 922 τοὺς
977 859 1328 930 ἁμαρτωλοὺς
1354 860 1447 913 τοῦ
1478 858 1734 930 βασιλέως

173 953 376 1022 κρίσει.
426 952 567 1022 Πρὸς
617 951 953 1023 ἀμφοτέρους
985 951 1094 1022 γάρ
1123 951 1200 1021 τῷ
1228 951 1477 1023 δεικτικῷ
1519 952 1733 1023 χρῆται,

165 1045 340 1096 οἱονεὶ
393 1043 637 1114 δακτύλῳ
689 1042 751 1095 τὸ
801 1041 1190 1113 ὑπερκείμενον
1247 1041 1542 1111 γνωρίσας·
1615 1042 1736 1110 Ἐφ’

1837 589 2060 644 fuerint.
2088 589 2225 655 Quid
2257 588 2438 658 igitur,
2496 588 2541 644 si
2575 587 2884 643 benefactor
2928 587 2980 640 in
3012 595 3250 657 tempore
3299 589 3384 643 in-

1835 679 2146 745 quisitionis
2178 679 2398 750 agnitus
2425 679 2495 734 sit
2520 679 2587 734 ab
2626 680 2693 735 iis
2752 681 2842 750 qui
2867 679 3126 735 beneﬁcio
3152 681 3270 747 ejus
3298 681 3384 736 usi

1834 770 2056 833 fuerint,
2082 771 2355 840 quomodo
2388 771 2681 826 verisimile
2719 779 2800 826 est
2850 787 2994 836 eum,
3029 771 3154 825 dum
3185 771 3384 841 jucun-

1832 863 1918 917 dis
1948 871 2000 916 et
2022 863 2192 932 gratis
2218 863 2444 918 vocibus
2467 877 2649 918 coram
2678 862 2787 918 Deo
2805 864 2982 919 omnis
3000 871 3263 918 creaturae
3290 879 3384 918 ex-

1835 953 2066 1022 cipietur
2117 963 2278 1024 atque
2329 953 2712 1016 celebrabitur,
2740 953 2922 1007 animo
2957 953 3204 1009 affectum
3271 954 3384 1008 iri?

1835 1045 2078 1114 nunquid
2120 1046 2298 1115 aliqua
2323 1046 2426 1100 alia
2478 1045 2811 1101 beatitudine
2846 1047 3068 1116 insuper
3109 1062 3247 1116 opus
3283 1046 3380 1100 ha-

175 1135 330 1189 ὅσον
355 1135 673 1204 ἐποιήσατε
693 1133 783 1186 ἐνὶ
807 1135 1028 1186 τούτων
1054 1131 1172 1185 τῶν
1194 1131 1466 1201 ἀδελφῶν
1487 1150 1597 1200 μου
1622 1130 1731 1185 τῶν

1837 1136 2008 1197 bebit,
2044 1137 2135 1205 qui
2168 1136 2222 1189 in
2257 1144 2366 1190 tam
2400 1136 2667 1205 frequenti
2696 1137 2908 1192 theatro
2936 1139 3004 1192 ob
3034 1153 3120 1192 res
3148 1138 3381 1207 optimas

170 1224 532 1293 ἐλαχίστων.
568 1226 640 1279 Τὸ
671 1227 778 1296 γάρ
814 1223 1026 1277 Τούτων
1059 1225 1259 1288 εἰπεῖν,
1293 1224 1390 1294 τὴν
1437 1223 1544 1276 τῶν
1583 1223 1731 1275 εύπε·

1840 1226 1999 1292 quasi
2027 1225 2298 1295 praeconis
2324 1241 2457 1280 voce
2486 1227 2823 1280 celebretur?
2857 1242 2979 1281 nam
3007 1228 3150 1297 quod
3181 1227 3378 1288 adsint,

169 1316 448 1370 ,πονθότων
475 1317 773 1388 παρουσίαν
801 1317 1149 1369 ἐνδείκνυται.

1843 1315 1933 1384 qui
1994 1315 2318 1372 beneﬁcium
2366 1320 2693 1385 acceperint,
2729 1319 2885 1374 docet
2928 1319 3205 1391 Evangelii
3252 1335 3379 1382 vox,

162 1411 270 1464 ‘ubi
287 1426 379 1466 rex
403 1410 642 1480 etjustis
672 1417 725 1465 et
769 1408 1148 1480 peccatoribus
1171 1408 1482 1479 respondet.
1524 1408 1603 1462 Ad
1653 1413 1913 1476 utrosque
1956 1409 2102 1464 enim
2152 1409 2596 1464 demonstrativis
2635 1410 2817 1466 verbis
2857 1411 3046 1475 utitur,
3125 1418 3382 1480 tanquam

163 1504 348 1575 digito
372 1504 618 1558 indicans
649 1503 950 1573 subjectum
985 1501 1302 1565 :Quatenus
1338 1503 1535 1573 fecistis
1576 1501 1664 1553 uni
1690 1514 1754 1553 ea:
1789 1499 1870 1552 his
1902 1499 2156 1568 fratribus
2197 1503 2321 1556 meis
2388 1502 2616 1556 minimis
2633 1503 2700 1558 ⁸⁷.
2743 1501 2844 1557 Per
2875 1503 2974 1556 hoc
3015 1502 3179 1566 enim,
3237 1501 3381 1572 quod

171 1598 334 1662 dixit,
391 1597 466 1652 Ex
497 1599 602 1662 his,
633 1613 821 1653 eorum
870 1599 1070 1669 quibus
1108 1599 1449 1655 benefactum
1503 1595 1664 1650 fuerit
1704 1593 2046 1662 praesentiam
2073 1593 2333 1648 ostendit.

255 1695 363 1748 Νῦν
391 1711 480 1764 μοι
511 1693 713 1762 λεγέτω
739 1697 768 1748 ὀ
796 1695 890 1766 τὴν
918 1694 1120 1766 ἄψυχον
1154 1696 1282 1766 ὓλην
1309 1695 1414 1748 τῶν
1438 1692 1730 1764 χρημάτων

1906 1689 2057 1743 Dicat
2117 1706 2260 1746 nunc
2312 1691 2482 1754 mihi,
2539 1691 2629 1760 qui
2686 1692 2977 1745 inanimam
3029 1691 3378 1761 pecuniarum

174 1787 456 1860 προτιμῶν
480 1787 575 1856 τῆς
605 1786 897 1857 μελλούσης
921 1788 1339 1858 μακαριότητος*
1360 1787 1492 1839 Ποία
1509 1785 1730 1856 χρυσίου

1837 1783 2116 1836 materiam
2177 1783 2371 1837 futura:
2417 1784 2740 1839 beatitudini
2785 1784 3041 1854 praefert,
3079 1780 3208 1846 Quis
3259 1785 3381 1839 auri

167 1879 496 1951 -λαμπρότης
528 1879 785 1949 τοιαύτη;
828 1878 984 1942 Τίνες
1023 1879 1131 1934 τῶν
1164 1880 1539 1951 πολυτιμήτων
1573 1875 1733 1928 λίθων

178 1971 380 2040 αύγαί;
408 1971 502 2034 Τίς
529 1970 586 2036 ἐξ
607 1970 915 2041 ἐνδυμάτων
934 1969 1133 2041 κόσμος
1151 1970 1409 2033 τοιοῦτος,
1431 1965 1540 2023 οἷον
1563 1971 1735 2022 ἐκεῖνο

171 2062 243 2114 τὸ
268 2060 468 2129 ἀγαθὸν
490 2063 523 2131 ή
551 2060 701 2123 ὲλπὶς
724 2061 1029 2114 ὑποτίθεται
1049 2077 1063 2125 ;
1087 2060 1254 2115 Ὅταν
1271 2063 1299 2114 ὀ
1321 2059 1610 2130 βασιλεύων
1633 2059 1733 2129 τῆς

176 2154 406 2214 κτίσεως
438 2153 626 2206 ἑαυτὸν
652 2151 969 2224 ἀνακαλύψῃ
1001 2155 1066 2223 τῇ
1095 2152 1403 2224 ἀνθρωπίνῃ
1437 2152 1614 2222 φύσει,
1641 2152 1733 2204 ἐπὶ

172 2243 270 2297 τοῦ
325 2243 528 2313 ὑψηλοῦ
588 2243 774 2315 θρόνου
827 2243 1254 2314 μεγαλοπρεπῶς
1302 2242 1730 2315 προκαθήμενος,

171 2339 302 2389 ὅταν
356 2336 560 2406 ὀφθῶσι
609 2336 737 2404 περὶ
786 2335 945 2388 αὐτὸν
989 2337 1043 2387 αί
1081 2334 1436 2405 ἀναρίθμητοι
1480 2333 1732 2405 μυριάδες

171 2429 286 2482 τῶν
309 2427 572 2496 ἀγγέλων,
597 2427 690 2481 καὶ
712 2426 774 2496 δὴ
801 2428 926 2480 ὅταν
953 2429 1010 2480 ὲν
1037 2425 1330 2496 ὀφθαλμοῖς
1350 2426 1572 2497 γένηται
1599 2425 1733 2478 πάν-

171 2537 284 2572 των
316 2519 620 2590 ἀπόρρητος
647 2515 754 2569 τῶν
793 2515 1033 2586 οὐρανῶν
1079 2516 1319 2586 βασιλεία
1339 2559 1353 2581 ,
1410 2517 1503 2568 καὶ
1529 2515 1734 2570 ἀναδει-

173 2609 280 2680 γέθῇ
311 2609 468 2661 πάλιν
516 2608 580 2660 ὲκ
623 2605 715 2658 τοῦ
749 2606 988 2659 ἐναντίου
1031 2605 1100 2659 τὰ
1136 2604 1338 2676 φοϐερὰ
1372 2605 1693 2675 κολαστήρια
1715 2620 1729 2632 ’

166 2704 231 2755 ἐν
287 2702 433 2772 μέσῳ
495 2695 553 2748 δὲ
586 2695 788 2749 τούτων
822 2696 1026 2766 πᾶσαή
1059 2694 1364 2766 ἀνθρωπίνη
1411 2694 1588 2763 φύσις,
1626 2693 1732 2746 τῶν

173 2785 286 2839 ἀπὸ
314 2785 531 2857 πρώτης
557 2787 782 2850 κτίσεως
815 2786 907 2839 καὶ
951 2787 1110 2856 μέχρι
1138 2787 1236 2856 τῆς
1259 2785 1350 2838 τοῦ
1381 2785 1578 2847 παντὸς
1605 2803 1734 2855 συμ-

173 2875 504 2946 πληρώσεως
535 2877 852 2945 γεγονότων,
882 2876 1030 2947 φόϐῳ
1055 2893 1114 2928 τε
1139 2877 1231 2929 καὶ
1257 2876 1432 2928 ἐλπίδι
1470 2876 1576 2929 τῶν
1600 2876 1731 2946 μελ-

171 2963 372 3018 λόντων
409 2968 612 3049 ἑστήκῃ
640 2967 926 3037 μετέωρος,
956 2969 1023 3036 τῇ
1064 2967 1147 3035 ἐφ’
1175 2966 1408 3035 ἑκάτερα
1438 2965 1544 3019 τῶν
1575 2983 1733 3038 προσ-

1834 1873 2090 1941 splendor
2169 1875 2480 1943 ejusmodi?
2553 1878 2642 1946 qui
2723 1877 3075 1946 pretiosorum
3141 1876 3377 1945 lapidum

1833 1962 2116 2030 fulgores?
2147 1968 2268 2034 quis
2312 1965 2751 2020 indumentorum
2783 1975 3006 2019 ornatus
3035 1966 3179 2031 talis,
3224 1965 3382 2036 quale

1834 2048 2035 2104 bonum
2083 2051 2214 2106 illud
2264 2068 2384 2108 esse
2433 2068 2556 2123 spes
2607 2055 2846 2123 suggerit
2889 2062 3050 2124 atque
3089 2056 3376 2125 proponit,

1832 2155 1956 2194 eum
1988 2157 2082 2196 rex
2112 2151 2376 2198 creatura:
2400 2145 2454 2199 in
2482 2147 2698 2200 sublimi
2723 2146 2861 2200 solio
2890 2147 3074 2215 gloriae
3101 2146 3381 2217 magniﬁce

1835 2234 2150 2302 praesidens,
2203 2236 2454 2292 humanae
2506 2245 2716 2291 naturae
2763 2251 2885 2291 sese
2937 2237 3278 2302 revelaverit,
3325 2245 3380 2291 et

1832 2320 2275 2389 conspiciendum
2343 2324 2672 2392 praebuerit,
2732 2340 2854 2379 cum
2941 2327 3144 2380 circum
3202 2327 3378 2396 ipsum

1833 2407 2258 2468 innumerabiles
2320 2415 2632 2483 angelorum
2680 2418 2809 2472 visae
2868 2415 3070 2470 fuerint
3118 2417 3376 2486 legiones,

1834 2509 1994 2572 atque
2028 2502 2161 2555 adeo
2193 2519 2315 2557 cum
2351 2506 2406 2559 in
2440 2510 2611 2564 oculis
2643 2513 2886 2565 omnium
2923 2512 3084 2567 fuerit
3120 2529 3378 2586 arcanum

1830 2601 1886 2644 et
1915 2591 2182 2648 ineffabile
2231 2595 2360 2650 illud
2401 2613 2624 2668 regnum
2658 2603 2953 2668 caelorum,
2987 2620 3050 2658 ac
3090 2620 3280 2660 rursus
3307 2620 3374 2660 ex

1831 2685 2105 2739 contrario
2150 2685 2518 2743 demonstrata
2566 2691 2766 2748 fuerint
2799 2695 3054 2750 terribilia
3102 2695 3191 2748 illa
3245 2711 3379 2763 sup-

1831 2772 2032 2843 plicia,
2096 2776 2149 2829 in
2205 2777 2381 2832 medio
2437 2795 2563 2835 vero
2612 2781 2804 2837 horum
2858 2785 3036 2839 omnis
3099 2784 3376 2839 hominum

1831 2873 2023 2917 natura
2063 2867 2156 2935 qui
2211 2883 2241 2920 a
2297 2868 2469 2937 prima
2517 2871 2793 2928 creatione
2847 2889 3020 2942 usque
3069 2874 3135 2927 ad
3195 2889 3376 2928 rerqu

1829 2953 2208 3009 universarum
2267 2960 2793 3015 consummationem
2849 2965 2960 3016 nati
3009 2962 3230 3028 fuerint,
3263 2973 3376 3018 tum

165 3057 492 3129 ’δοκωμένων
514 3059 731 3113 ἐκϐάσει
763 3059 1154 3129 κραδαινομένη
1191 3058 1446 3122 πολλάκις
1465 3075 1478 3088 ·
1505 3061 1595 3111 καὶ
1624 3059 1730 3111 τῶν

1833 3055 2000 3103 metu.
2060 3057 2171 3099 tum
2228 3063 2325 3117 spe
2387 3050 2694 3104 futurorum
2756 3059 2862 3106 stet
2912 3068 3174 3122 suspensa
3220 3062 3380 3124 atque

169 3125 350 3219 ἀγαθῇ
387 3148 680 3220 συνειδήσει
711 3125 1079 3217 συνεζηκότων
1111 3125 1477 3201 ἀπιστούντων
1506 3147 1582 3217 τῷ
1613 3149 1729 3219 μέλ-

1833 3137 2082 3200 sollicita,
2139 3138 2193 3191 in
2249 3145 2536 3208 utramque
2565 3147 2772 3209 partem
2824 3151 3050 3198 eventus
3093 3153 3377 3213 exspecta-

169 3240 351 3308 λοντι,
399 3246 526 3299 ὅταν
583 3240 796 3310 ἑτέρους
825 3241 1022 3302 ἴδωσιν,
1068 3240 1169 3292 ὑπὸ
1207 3239 1298 3292 τοῦ
1337 3241 1568 3310 πονηροῦ
1603 3258 1727 3293 συν-

171 3333 392 3397 ειδότος,
424 3335 501 3395 είς
527 3333 584 3385 τὸ
611 3331 925 3403 σκυθρωπὸν
957 3333 1130 3386 ἐκεῖνο
1171 3331 1379 3394 σκότος,
1408 3330 1596 3400 ὥσπερ
1625 3333 1728 3386 ύπό

171 3438 317 3484 τινος
340 3421 532 3490 δημίου
563 3419 1021 3490 καθελκομὲνους;
1058 3420 1180 3472 Ἐάν
1207 3414 1358 3483 οὗτος
1384 3422 1440 3472 ἐν
1467 3422 1729 3490 εὐφήμοις

167 3529 233 3564 τε
283 3513 375 3565 καὶ
418 3512 754 3582 εὐχαρίστοις
798 3514 913 3576 ταῖς
969 3511 1117 3582 παρά
1163 3511 1268 3564 τῶν
1327 3513 1733 3566 εύπεπονθότων

173 3605 399 3671 φωναῖς,
442 3603 689 3674 λαμπρὸς
715 3605 778 3674 τῇ
818 3602 1095 3674 παρρησίᾳ
1138 3601 1215 3673 τῷ
1253 3606 1409 3674 κριτῇ
1446 3605 1593 3674 παρὰ
1621 3605 1728 3657 τῶν

163 3695 350 3768 ’ἔργων
380 3697 823 3767 προσαγάγηταιο
861 3695 965 3766 ἆρα
1002 3695 1141 3748 κατὰ
1168 3695 1257 3748 τὸν
1295 3696 1466 3765 ὑλώδη
1505 3697 1728 3751 πλοῦτον

170 3786 463 3857 εύκληρίαν
489 3786 698 3854 ἐκείνην
726 3780 864 3838 εἶναι
887 3784 1186 3853 λογίσεται;
1211 3776 1356 3855 Ἀρα
1379 3784 1583 3851 δέξεται
1610 3787 1728 3840 ἀντὶ

166 3875 282 3929 τῶν
309 3874 522 3944 ἀγαθῶν
560 3874 777 3926 ἐκείνων
809 3873 907 3944 ὅρη
946 3874 1118 3926 πάντα
1155 3873 1248 3926 καὶ
1284 3874 1467 3937 πεδία,
1498 3877 1592 3928 καὶ
1635 3880 1729 3930 νά-

168 3984 300 4030 πας,
334 3967 425 4019 κα)⁸
456 3965 744 4029 θάλασσαν,
778 3967 857 4027 είς
895 3965 1265 4035 χρυσὸνοαύτῷ
1301 3967 1728 4038 μεταποιηθὲντα

169 4058 454 4128 γενέσθαι;
510 4056 570 4111 '0
619 4057 680 4110 δὲ
729 4056 967 4124 ἀκριϐῶς
1022 4058 1278 4128 σφραγίσι
1310 4060 1403 4112 καὶ
1439 4060 1726 4132 κλείθροις,

162 4151 272 4202 καὶ
325 4148 676 4219 σιδηροδέτοις
727 4149 939 4214 πύλαις,
987 4151 1078 4202 καὶ
1114 4150 1326 4222 ὀχυροῖς
1376 4154 1730 4225 κρυπτηρίοις

168 4239 266 4294 τὸν
326 4239 582 4310 μαμωνὰν
634 4238 1008 4310 κατακρύψας,
1061 4241 1152 4293 καὶ
1201 4242 1376 4312 πάσης
1419 4243 1632 4313 ἐντολῆς
1668 4245 1728 4297 τὸ

169 4328 494 4382 ἀποκεῖσθαι
523 4328 667 4400 αύτῷ
699 4331 1148 4401 συγκεχωσμένην
1181 4333 1237 4385 ὲν
1267 4333 1343 4404 τῷ
1377 4334 1599 4406 κρυπτῷ
1631 4335 1728 4406 τὴν

1830 3227 1978 3281 tione
2037 3243 2177 3297 saepe
2236 3237 2507 3292 tremens,
2585 3240 2745 3302 atque
2797 3234 2959 3287 etiam
3015 3235 3081 3289 iis
3130 3236 3379 3305 quicum

1830 3317 1972 3372 bona
2031 3321 2363 3374 conscientia
2418 3323 2649 3377 vixerint
2699 3323 2941 3378 futurum
2990 3327 3067 3379 rei
3129 3337 3374 3381 eventum

1831 3419 2144 3479 suspectum
2178 3412 2502 3469 habentibus
2524 3455 2538 3480 ,
2570 3431 2692 3469 cum
2723 3417 2858 3471 alios
2895 3417 3129 3472 viderint
3155 3433 3184 3471 a
3212 3432 3376 3487 prava

1831 3501 2165 3555 conscientia
2217 3503 2270 3556 in
2308 3503 2557 3560 horridas
2592 3505 2712 3560 illas
2768 3522 2832 3561 ac
2883 3515 3049 3562 tetras
3105 3509 3374 3572 tenebras,

1829 3605 2083 3664 tanquam
2115 3595 2181 3648 ab
2218 3595 2400 3666 aliquo
2445 3597 2700 3653 carniﬁce
2741 3599 2917 3653 trahi?
2943 3599 3000 3654 Si
3045 3599 3158 3664 hic,
3187 3599 3377 3655 faustis

1829 3687 2032 3755 pariter
2093 3701 2156 3740 ac
2201 3687 2370 3757 gratis
2399 3687 2469 3742 ab
2508 3687 2574 3743 iis
2617 3689 2711 3758 qui
2755 3689 3015 3745 beneﬁcia
3063 3693 3376 3762 acceperint

1827 3778 1988 3832 eilitis
2019 3780 2246 3834 vocibus
2295 3787 2457 3848 atque
2486 3782 2996 3849 acclamationibus,
3019 3782 3212 3840 ﬁducia
3248 3800 3376 3856 ope-

1829 3887 1947 3924 rum
1993 3871 2312 3940 magniﬁcus
2363 3887 2427 3925 ac
2477 3873 2792 3942 splendidus
2840 3875 3015 3943 judici
3063 3892 3121 3931 sc
3172 3878 3371 3944 sistat,

1829 3961 2074 4030 nunquid
2144 3962 2379 4016 similem
2427 3977 2490 4018 ac
2521 3979 2704 4032 parem
2760 3968 3132 4023 materialibus
3171 3969 3375 4025 divitiis

1829 4053 2142 4108 felicitatem
2168 4068 2232 4106 ac
2255 4055 2642 4110 beatitudinem
2674 4057 2819 4110 illam
2849 4073 2970 4114 esse
2998 4060 3329 4115 existimabit
3352 4062 3375 4116 τ

1827 4144 2072 4213 nunquid
2103 4152 2317 4199 montes
2365 4160 2554 4200 omnes
2602 4153 2656 4200 et
2703 4162 2946 4217 campos,
2996 4157 3050 4204 et
3096 4152 3288 4215 saltus,
3321 4158 3377 4205 et

1826 4251 1976 4292 mare
2002 4236 2055 4290 in
2085 4251 2277 4291 aurum
2304 4246 2661 4292 transmutata
2692 4254 2788 4308 pro
2813 4240 2918 4296 illis
2946 4241 3102 4298 bonis
3123 4243 3224 4297 sibi
3255 4242 3373 4298 cedi

1829 4345 1893 4382 ac
1936 4329 2074 4383 tradi
2127 4337 2386 4398 pacturus
2433 4329 2549 4385 sit?
2608 4331 2702 4386 Ille
2759 4347 2888 4386 vero
2943 4333 3034 4402 qui
3093 4333 3376 4404 diligenter

164 4420 307 4491 ὕλην
340 4421 724 4492 προτιμότερον
751 4421 958 4494 κρίνας,
988 4421 1082 4475 ἐὰν
1105 4423 1196 4475 ἐπὶ
1220 4423 1278 4476 τὸ
1311 4426 1578 4479 σκοτεινὸν
1617 4427 1727 4498 πῦρ

1832 4420 2127 4490 signaculis
2161 4427 2213 4474 et
2263 4420 2538 4484 claustris,
2574 4420 2895 4492 ferratisque
2928 4423 3100 4493 portis
3145 4433 3199 4479 et
3245 4425 3376 4478 tutis

167 4511 269 4564 ὲπὶ
296 4510 532 4581 κεφαλὴν
557 4512 921 4582 κατασύρηται
940 4530 954 4543 ⁸
991 4513 1204 4566 πάντων
1230 4516 1377 4586 αύτῷ
1418 4517 1476 4569 τὸ
1514 4517 1728 4581 ὀιπεινὲς

166 4602 269 4656 καὶ
293 4604 559 4673 ἀνήμερον
584 4604 980 4674 προφερόντων,
1004 4605 1109 4658 τῶν
1138 4607 1278 4660 κατὰ
1304 4609 1401 4678 τὴν
1429 4609 1572 4680 ζωὴν
1601 4610 1730 4664 ταύ-

164 4709 273 4762 την
311 4693 755 4761 πεπειραμένων,
797 4692 890 4745 καὶ
942 4691 1230 4760 λεγόντων·
1277 4698 1588 4765 Μνήσθητι
1641 4700 1730 4752 ὅτι

157 4781 464 4846 ἀπέλαϐες
485 4781 671 4850 ἀγαθά
696 4796 809 4836 σου
831 4782 900 4834 ἐν
923 4783 995 4851 τῇ
1017 4782 1127 4853 ζωῇ
1148 4800 1283 4840 σου·
1307 4789 1728 4854 συναπέκλεισας

158 4879 227 4927 ἐν
258 4875 367 4934 τοῖς
394 4869 705 4942 ὀχυρώμασι
739 4871 832 4924 τοῦ
864 4874 1087 4927 πλούτου
1129 4877 1218 4928 τὸν
1247 4876 1425 4942 ἔλεον,
1465 4881 1561 4932 καὶ
1596 4898 1728 4933 κατ-

81 5035 84 5037 _
159 4965 353 5026 ἐλιπες
400 4963 536 5034 ὑπὲρ
580 4966 680 5034 γῆς
729 4963 824 5034 τὴν
870 4964 1295 5037 εύσπλαγχνίαν·
1337 4970 1438 5023 οὐκ
1490 4972 1729 5042 ὲκομίσω

160 5056 308 5125 πρὸς
346 5054 434 5106 τὸν
466 5055 589 5126 τῇδε
625 5055 736 5125 βίον
766 5056 862 5126 τὴν
903 5057 1302 5129 φιλανθρωπίαν
1324 5075 1340 5091 ο
1369 5062 1470 5116 οὐκ
1514 5062 1656 5132 ἔχεις
1703 5064 1732 5116 ὃ

165 5147 250 5218 μὴ
295 5147 476 5217 ἔσχες·
506 5149 602 5218 οὐχ
641 5147 911 5219 εὑρίσκεις
942 5149 970 5201 ὃ
1002 5149 1074 5220 μὴ
1113 5150 1346 5204 ἀπέθου·
1382 5153 1442 5207 οὐ
1484 5157 1730 5225 συνάγεις

151 5240 189 5290 ὃ
239 5237 313 5306 μὴ
359 5238 709 5308 ὲσκὸρπισας·
746 5239 806 5290 ού
841 5238 1037 5310 θεριεῖς
1092 5234 1165 5294 ὧν
1215 5243 1275 5294 οὐ
1315 5244 1609 5298 κατεϐάλου
1662 5248 1730 5300 τὰ

161 5329 492 5398 σπέρματα·
526 5329 672 5396 ἄξιόν
703 5347 783 5383 σοι
814 5332 911 5401 τῆς
951 5335 1153 5403 σπορᾶς
1192 5334 1251 5386 τὸ
1285 5335 1440 5406 θέρος
1464 5356 1475 5368 ·
1512 5341 1731 5410 πικρίαν

159 5421 452 5490 ἔσπειρας,
487 5419 684 5491 δρέπου
726 5421 794 5474 τὰ
831 5421 1144 5493 δράγματαο
1189 5425 1248 5476 τὸ
1281 5426 1506 5496 ἀνηλεὲς
1545 5431 1731 5502 ἐτίμη-

161 5528 290 5574 σας,
323 5510 411 5578 ἔχε
455 5510 588 5582 ὅπερ
618 5508 901 5582 ἠγάπησας
920 5529 932 5541 '
979 5513 1076 5566 οὐκ
1104 5510 1242 5578 εἶδες
1268 5519 1566 5586 συμπαθῶς
1591 5538 1604 5550 ⁸
1633 5523 1732 5575 ούκ

161 5601 388 5672 ceam
424 5601 683 5664 ἐλεεινῶς.
717 5602 987 5674 Περιεῖδες
1025 5603 1363 5675 θλιϐόμενον,
1389 5611 1733 5685 περιοφθήσῃ

243 5779 290 5812 ⁸⁷
325 5781 508 5835 Matth.
577 5798 700 5847 xxv,
741 5782 942 5848 40,45.
1055 5787 1099 5819 ³⁸
1141 5786 1273 5843 Luc.
1315 5803 1427 5851 xvn,
1495 5788 1582 5843 ‘23.

1831 4509 2150 4563 conditoriis
2207 4524 2570 4563 mammonam
2653 4511 3038 4575 absconderit,
3105 4520 3159 4567 et
3223 4514 3372 4567 omni

1826 4602 2077 4654 mandato
2129 4599 2406 4668 antiquius
2459 4599 2736 4669 magisque
2788 4599 3088 4653 curandum
3138 4599 3371 4665 duxerit,

1826 4702 1884 4745 ut
1918 4691 2143 4744 materia
2175 4690 2280 4744 sibi
2315 4689 2365 4743 in
2392 4692 2609 4744 occulto
2663 4678 2878 4747 defossa
2917 4704 3077 4761 atque
3120 4705 3374 4763 congesta

1826 4788 2009 4837 esset:
2045 4781 2090 4835 si
2121 4781 2190 4842 is,
2224 4781 2467 4849 inquam,
2505 4796 2744 4850 praeceps
2771 4783 2823 4834 in
2856 4783 3197 4838 tenebrosum
3227 4785 3376 4838 illum

1828 4876 2006 4947 ignem
2039 4876 2362 4929 detrudatur
2387 4915 2401 4938 ,
2424 4876 2679 4930 omnibus
2711 4876 2776 4931 iis
2817 4877 2907 4946 qui
2933 4893 3027 4947 per
3052 4878 3191 4933 hanc
3209 4870 3401 4932 vitam'

1831 4968 2038 5038 experti
2107 4967 2307 5021 fuerint
2376 4967 2635 5022 saevitiam
2704 4976 2761 5021 et
2826 4967 3273 5023 inhumanitatem
3330 4969 3380 5022 ei

1830 5061 2214 5130 objicientibus
2241 5072 2295 5115 et
2315 5060 2622 5115 dicentibus
2646 5077 2659 5113 :
2691 5059 2949 5113 Memento
2971 5059 3108 5130 quod
3127 5061 3378 5126 receperis

1832 5154 1966 5206 bona
1998 5162 2089 5205 tua
2120 5153 2174 5205 in
2202 5153 2308 5206 vita
2335 5163 2426 5205 tua
2450 5153 2494 5184 ³⁸
2525 5171 2539 5206 :
2569 5153 2886 5208 conclusisti
2914 5152 3072 5206 simul
3106 5153 3159 5204 in
3199 5153 3379 5205 muni-

1832 5244 2027 5299 mentis
2049 5243 2356 5298 divitiarum
2379 5246 2828 5308 misericordiam,
2852 5256 2905 5299 et
2928 5243 3192 5312 reliquisti
3220 5261 3383 5311 super
3423 5294 3432 5303 ,

1829 5343 2030 5388 terram
2063 5336 2356 5391 miserandi
2379 5336 2663 5402 aﬁ‘ectum;
2695 5354 2800 5391 non
2825 5339 3052 5407 portasti
3082 5338 3146 5390 ad
3169 5339 3270 5390 hoc
3292 5355 3384 5390 sa:-

1832 5427 2012 5481 culum
2033 5428 2423 5483 humanitatem
2445 5443 2586 5494 ;non
2609 5429 2778 5485 habes
2801 5429 2945 5499 quod
2971 5445 3077 5483 non
3102 5431 3337 5483 habuisti
3365 5447 3381 5495 ;

1832 5535 1940 5573 non
1963 5520 2170 5575 invenis
2193 5520 2338 5591 quod
2363 5537 2470 5576 non
2507 5523 2840 5592 deposuisti;
2870 5537 2976 5574 non
3013 5522 3220 5590 colligis
3238 5522 3380 5588 quod

1833 5627 1939 5666 non
1969 5611 2310 5682 dispersisti;
2357 5631 2464 5669 non
2504 5623 2674 5671 metes
2711 5629 2943 5684 quorum
2994 5629 3100 5668 non
3133 5613 3379 5683 tlejecisti
