4018 6540
537 389 676 445 1265

1761 379 1820 436 S.
1859 377 2182 436 GREGORII
2207 375 2510 434 ‘NYSSENI

3595 373 3730 428 1264

541 505 783 570 semina;
819 501 980 574 digna
1023 501 1284 558 sementis
1321 491 1434 555 tibi"
1466 501 1684 570 messis;
1737 500 2086 556 acerbitatem

2202 497 2574 564 ίιπολλύμενος.
2611 495 2842 564 Ἔφυγες
2865 491 2956 568 τὸν
2977 490 3140 558 ἔλεον,
3163 488 3412 559 φεύξεταί
3437 505 3498 542 σε
3519 490 3550 543 6
3573 487 3734 554 ἕλεος·

535 593 840 658 seminasti,
873 592 1064 662 collige
1093 592 1424 660 manipulos;
1445 591 1660 647 coluisti
1701 592 2088 646 immisericor-

535 688 704 752 diam,
731 684 870 740 habe
889 683 1032 754 quod
1065 683 1326 749 dilexisti;
1349 697 1458 736 non
1477 681 1734 752 aspexisti
1759 694 2084 751 quemquam

537 777 910 838 condolenter,
923 791 1028 829 non
1051 773 1333 844 aspicieris
1361 788 1484 827 eum
1501 773 1852 828 miseratione
1873 770 2088 840 ;despe-

540 867 666 922 xisti
689 880 812 920 eum
839 865 930 934 qui
955 863 1302 932 allligeretur,
1329 862 1646 932 despicie‘ris
1692 861 1818 916 dum
1849 861 2085 928 peribis;

541 956 726 1025 fugisti
757 953 1203 1016 misericordiam,
1237 952 1408 1022 fugiet
1433 963 1484 1006 te
1522 950 1936 1012 misericordia;
1965 947 2090 1002 abo-

539 1045 776 1100 minatus
795 1058 856 1098 es
879 1051 936 1098 et
965 1041 1220 1097 fastidisti
1237 1055 1488 1111 egenum,
1519 1039 1760 1096 fastidiet
1781 1047 1836 1094 te
1861 1038 1952 1108 qui
1971 1053 2091 1108 pro-

537 1146 656 1206 pter
681 1143 732 1190 ιο
763 1149 963 1204 egenus
993 1135 1132 1200 fuit;
1161 1135 1206 1188 si
1235 1133 1349 1188 hinc
1375 1143 1535 1204 atque
1567 1133 1766 1190 similia
1813 1131 2086 1193 dicantur,

539 1226 628 1280 ubi
655 1225 873 1280 aurum?
897 1223 990 1280 ubi
1016 1223 1296 1292 splendida
1319 1238 1466 1288 vasa,
1488 1221 1767 1293 splendida
1789 1219 2090 1292 suppellex?

541 1319 631 1374 ubi
683 1333 776 1388 per
823 1315 1102 1386 signacula
1153 1314 1428 1369 thesauris
1458 1314 1700 1369 adhibita
1746 1309 1972 1368 cautio?
2001 1309 2088 1364 ubi

539 1411 606 1464 ad
661 1417 957 1465 nocturnas
1007 1407 1268 1464 excubias
1309 1406 1542 1462 ordinati
1593 1419 1780 1468 canes,
1828 1403 2090 1458 adversus

541 1501 858 1556 insidiantes
887 1512 1156 1552 armorum
1209 1497 1543 1567 apparatus?
1572 1497 1628 1550 in
1661 1494 1944 1550 codicibus
1969 1507 2092 1562 per-

541 1593 740 1662 scripta
774 1590 1052 1644 nominum
1089 1588 1409 1642 aunotatio?
1441 1587 1570 1657 quiti
1607 1588 1718 1642 hinc
1739 1586 1805 1642 ad
1828 1584 2009 1640 ﬂetum
2037 1589 2091 1637 et

540 1683 827 1740 stridorem
855 1681 1096 1737 dentium
1115 1679 1138 1734 ?
1155 1681 1278 1747 quis
1303 1679 1628 1734 illuminabit
1649 1676 1945 1733 tenebras?
1966 1675 2089 1745 quis

539 1777 843 1845 exstinguet
891 1771 1201 1827 ﬂammam?
1249 1771 1372 1841 quis
1417 1779 1620 1828 avertet
1662 1783 1898 1825 vermem
1945 1782 2090 1822 nun-

2187 590 2450 656 ἐϐδελύξω
2473 588 2564 642 τὸν
2599 587 2844 657 πτωχὸν,
2879 582 3182 654 βδελύξεταί
3215 599 3274 634 σε
3305 581 3334 632 6
3372 579 3460 634 διὰ
3505 581 3568 633 σὲ
3600 597 3741 633 πτω-

2187 686 2403 758 χεύσας.
2443 683 2506 736 Εἰ
2537 680 2708 733 ταῦτα
2751 679 2846 731 καὶ
2894 677 2962 730 τά
2993 675 3214 729 τοιαῦτα
3247 674 3488 758 λέγοιτο.
3541 671 3645 728 ποῦ
3683 673 3744 726 τὸ

2188 757 2443 844 χρυσίονς
2485 765 2594 820 Ποῦ
2637 765 2705 818 τὰ
2735 761 2958 833 λαμπρά
2999 759 3194 830 σκεύη;
3235 757 3343 810 Ποῦ
3383 760 3418 828 ἡ
3461 757 3745 826 ἐπιϐεϐλη-

2191 863 2325 934 μένη
2356 861 2468 922 τοῖς
2508 857 2796 929 θησαυροῖς
2833 853 2920 907 διὰ
2959 851 3064 906 τῶν
3100 850 3406 922 σφραγίδων
3447 847 3744 918 ἀσφάλειας

2189 952 2298 1007 Ποῦ
2349 951 2400 1004 oi
2445 949 2564 1011 ταῖς
2609 948 2946 1018 νυκτεριναῖς
2992 943 3253 1014 φυλακαῖς
3309 939 3746 1008 ὲπιτετενγμένοι

2189 1039 2381 1104 κύνες,
2429 1039 2524 1094 καὶ
2571 1035 2708 1108 πρὸς
2752 1035 2879 1099 τοὺς
2923 1032 3362 1093 ἐπιϐουλεύοντας
3405 1029 3516 1082 τῶν
3569 1026 3748 1082 ὅπλων

2190 1131 2540 1201 παρασκευή;
2613 1129 2678 1181 Ἦ
2731 1129 2789 1180 ὲν
2841 1129 2950 1190 τοῖς
3011 1124 3232 1196 βιϐλίοις
3284 1119 3748 1190 ἀναγεγραμμένη

2191 1221 2519 1290 σημείωσις;
2560 1219 2624 1272 Τί
2670 1217 2840 1272 ταῦτα
2879 1216 3014 1288 πρὸς
3057 1215 3148 1268 τὸν
3201 1213 3474 1282 κλαυθμὸν
3518 1212 3614 1264 καὶ
3659 1209 3750 1262 τὸν

2193 1312 2433 1382 βρυγμὺν
2477 1312 2583 1364 τῶν
2621 1311 2880 1375 Winter;
2924 1309 3017 1372 Τίς
3057 1306 3386 1374 καταυγάσει
3423 1303 3485 1357 τὸ
3527 1303 3748 1368 σκότοςς

2192 1405 2289 1468 Τίς
2311 1404 2636 1458 κατασϐέσει
2661 1404 2759 1474 τὴν
2787 1402 2992 1472 φλόγα;
3033 1401 3126 1464 Τίς
3159 1397 3488 1468 ἀποστρέψει
3509 1394 3602 1448 τὸν
3625 1396 3754 1448 ἅτε-

2183 1497 2442 1568 ,λεύτητον
2472 1495 2756 1566 σκώληκα;
2787 1492 2994 1548 Οὐκοῦν
3029 1494 3324 1563 νοήσωμεν,
3363 1486 3610 1556 ἀδελφοὶ,
3653 1485 3752 1556 τὴν

2189 1589 2284 1642 τοῦ
2315 1589 2518 1658 Κυρίου
2551 1589 2756 1657 φωνὴν,
2781 1588 2837 1638 ὲν
2867 1585 3030 1654 ὀλίγῳ
3057 1581 3292 1636 τοσαῦτα
3327 1582 3456 1652 περὶ
3485 1577 3594 1630 τῶν
3621 1575 3755 1645 μελ-

2190 1678 2386 1732 λόντων
2429 1676 2812 1730 παιδεύουσαν·
2848 1676 2942 1728 καὶ
2975 1673 3256 1744 γενώμεθα
3295 1671 3616 1740 ἐλεήμονες,
3667 1667 3754 1718 ἵνα.

2192 1765 2476 1836 γενώμεθα
2505 1765 2593 1818 διὰ
2613 1765 2769 1818 τοῦτο
2807 1765 3082 1836 μακάριοι,
3112 1764 3168 1815 ὲν
3197 1761 3412 1832 Χριστῷ
3467 1757 3642 1830 Ἰησοῦ
3675 1756 3756 1826 τῷ

539 1882 700 1937 quam
732 1863 1095 1920 morientem?
1130 1861 1396 1929 Quocirca
1447 1861 1858 1918 consideremus
1909 1866 1964 1913 et
2007 1857 2090 1910 iu-

2202 1858 2382 1930 Κυρίῳ
2402 1857 2575 1928 ἡμῶν,
2598 1851 2642 1926 ᾧ
2665 1859 2700 1927 ἡ
2727 1856 2852 1924 δόξα
2873 1855 2966 1910 καὶ
2997 1854 3056 1908 τὺ
3083 1856 3276 1916 κοάτος
3299 1855 3377 1916 εἰς
3405 1853 3530 1912 τοὺς
3555 1849 3758 1910 αίῶνας

540 1958 864 2026 telligamus,
923 1955 1154 2016 fratres,
1201 1969 1384 2008 vocem
1439 1951 1694 2016 Domini,
1747 1959 1856 2003 tam
1921 1947 2090 2002 multa

2197 1947 2305 2002 τῶν
2348 1949 2576 2002 αἰώνων.
2622 1947 2811 2018 Ἀμήν.

539 2049 728 2118 paucis
756 2045 934 2102 verbis
977 2044 1042 2098 de
1075 2044 1237 2099 rebus
1289 2043 1486 2098 futuris
1525 2043 1806 2096 docentem
1837 2057 1850 2093 :
1885 2046 1943 2092 et
1975 2037 2270 2093 eﬁiciamur
2323 2035 2719 2102 misericordes,
2789 2041 2849 2088 ut
2915 2034 3120 2090 idcirco
3160 2031 3302 2088 beati
3363 2030 3578 2094 ﬁamus,
3661 2043 3762 2100 per

539 2141 815 2194 Clu-istum
859 2137 1044 2194 .lesum
1088 2136 1373 2190 Dominum
1404 2145 1675 2196 nostrum,
1707 2133 1796 2187 cui
1826 2131 1998 2203 gloria
2043 2137 2099 2184 et
2141 2129 2449 2200 imperium,
2483 2129 2537 2182 in
2567 2128 2762 2184 saecula
2793 2128 3140 2182 swculorum.
3164 2125 3354 2178 Amen.

561 2273 566 2278 .
1115 2224 1368 2281 ORATIO
1405 2224 1494 2278 Vl.

539 2319 689 2376 Beati
731 2336 862 2387 puro
919 2317 1116 2382 corde,
1152 2319 1400 2388 quoniam
1467 2317 1567 2386 ipsi
1619 2315 1786 2370 Deum
1835 2311 2099 2367 videbunt.

613 2476 762 2541 Quod
789 2475 1035 2529 accidere
1057 2473 1348 2528 verisimile
1368 2479 1452 2528 est
1471 2471 1538 2527 iis
1573 2471 1666 2542 qui
1688 2486 1753 2526 ex
1787 2469 1967 2538 aliquo
1989 2465 2102 2520 nlto

542 2567 746 2620 vertice
768 2567 966 2620 montis
991 2565 1042 2618 in
1061 2573 1268 2618 vastum
1286 2563 1502 2629 aliquod
1528 2563 1747 2632 pelagus
1768 2557 2100 2628 desiticiunt,

544 2655 596 2710 id
647 2655 808 2708 menti
867 2669 997 2708 mea:
1057 2653 1251 2706 accidit
1306 2653 1373 2704 ab
1421 2653 1634 2706 excelsa
1687 2663 1817 2702 voce
1853 2645 2092 2710 Domini,

544 2756 800 2814 tanquam
822 2744 886 2798 de
919 2745 1101 2814 aliquo
1140 2747 1420 2797 cacumine
1447 2743 1666 2808 montis,
1709 2741 1773 2794 ad
1805 2739 2102 2808 inexplica-

547 2839 707 2891 bilem
784 2835 1156 2890 intellectuum
1237 2835 1576 2905 despectanti
1656 2831 2101 2904 profunditatem.

547 2928 1200 2998 Quemadmodumgenim
1261 2927 1318 2981 in
1371 2926 1558 2981 multis
1612 2923 1748 2981 locis
1815 2923 2106 2979 maritimis

547 3029 783 3074 montem
819 3020 1002 3074 videre
1041 3019 1162 3074 licet
1197 3019 1342 3074 circa
1392 3033 1508 3073 eam
1559 3027 1763 3087 partem
1804 3029 1908 3086 qua
1951 3028 2105 3068 mare

548 3120 778 3182 spectat,
806 3111 962 3181 quasi
993 3111 1274 3165 dimidium
1305 3109 1632 3172 abscissum,
1660 3116 1714 3163 et
1740 3123 1768 3160 a
1796 3107 1999 3162 vertice
2031 3105 2100 3160 ad

549 3203 874 3276 profundum
905 3187 1316 3273 usque‘dirccto
1359 3203 1634 3266 abrasum,
1664 3199 1819 3266 cujus
1853 3199 1907 3252 in
1939 3211 2100 3268 supe—

2787 2215 3004 2270 ΛΟΓΟΣ
3053 2217 3143 2281 ς’.

2195 2309 2482 2378 Μακάριοι
2529 2312 2583 2364 οἱ
2627 2309 2869 2377 καθαροὶ
2911 2306 2984 2376 τῇ
3025 2305 3270 2374 καρδίᾳ,
3313 2304 3398 2358 ὅτι
3441 2301 3609 2358 αὐτοὶ
3651 2301 3764 2356 τὸν

2754 2379 2900 2432 Θεὸν
2921 2379 3190 2446 ὄψονται.

2269 2470 2444 2542 Ὅπερ
2474 2469 2662 2524 παθεῖν
2693 2470 2836 2533 είκδς
2875 2469 2998 2532 τοὺς
3035 2469 3097 2522 ἐκ
3147 2483 3287 2531 τινος
3327 2465 3536 2538 ὑψηλῆς
3571 2467 3764 2536 ἀκρωο

2201 2563 2347 2636 ρείας
2379 2567 2456 2628 είς
2495 2563 2690 2634 ἀχανές
2729 2581 2787 2640 ⁸’τι
2825 2561 3264 2624 κατακύπτοντας
3311 2561 3558 2627 πέλαγος,
3601 2557 3768 2612 τοῦτό

2203 2674 2289 2728 μοι
2329 2655 2590 2710 πέπονθεν
2619 2657 2653 2726 ἡ
2685 2655 2916 2720 διάνοια,
2960 2657 3024 2708 ὲκ
3055 2653 3151 2724 τῆς
3188 2651 3396 2724 ὑψηλῆς
3425 2651 3516 2705 τοῦ
3547 2649 3764 2722 Κυρίου

2201 2727 2399 2816 φωνῆς,
2436 2743 2545 2799 οἷον
2571 2746 2675 2798 ἀπό
2701 2763 2841 2808 τινος
2863 2745 3106 2815 κορυφῆς
3136 2745 3293 2815 ὅρους
3316 2785 3330 2808 ,
3361 2727 3436 2806 είς
3464 2741 3521 2794 τὸ
3553 2741 3762 2806 ἀδιεξί-

2199 2849 2359 2907 τητον
2389 2837 2497 2889 τῶν
2535 2835 2819 2908 νοημάτων
2847 2835 3112 2905 βλέπουσα
3147 2833 3321 2904 βάθος.
3355 2832 3611 2902 Καθάπερ
3649 2831 3766 2900 γὰρ

2200 2928 2258 2982 ἐν
2289 2928 2496 2992 πολλοῖς
2526 2928 2630 2981 τῶν
2653 2927 3104 3000 παραθαλασσίων
3131 2927 3276 2980 ἔστιν
3316 2925 3438 2977 ἰδεῖν
3473 2925 3596 2994 ὅρος
3627 2921 3768 2992 ἠμί-

2209 3037 2391 3090 τομον,
2425 3021 2564 3075 κατὰ
2617 3020 2678 3074 τὸ
2727 3020 2986 3090 παράλιον
3040 3018 3201 3090 μέρος
3239 3017 3345 3071 ἀπὸ
3391 3016 3625 3086 κορυφῆς
3663 3015 3769 3066 ἐπὶ

2209 3111 2268 3162 τὸ
2305 3111 2464 3182 βάθος
2493 3111 2558 3165 δι’
2589 3113 2800 3176 εὐθείας
2836 3111 3228 3182 ἀπεξεσμένον,
3270 3101 3329 3162 οῦ
3376 3109 3510 3161 κατά
3543 3109 3604 3159 τι
3641 3109 3768 3161 ἂνω

2210 3204 2382 3274 πέρας
2418 3205 2560 3276 ἄκρα
2591 3222 2671 3268 τις
2708 3203 3118 3274 προϐεϐλημένη
3161 3203 3294 3273 πρὸς
3327 3200 3414 3254 τὸν
3447 3198 3600 3269 βυθὸν
3637 3201 3768 3250 ἐπι.-

547 3293 692 3348 riore
717 3303 865 3362 parte
899 3307 1156 3346 uacumen
1186 3291 1455 3361 quoddam
1495 3291 1790 3361 projectum
1831 3287 2099 3359 profundo

2209 3297 2455 3349 νένευκεν
2473 3287 2504 3332 ὀ
2543 3299 2678 3366 ὅπερ
2719 3291 2810 3350 οῦν
2840 3294 3026 3349 παθεῖν
3054 3295 3194 3358 εἰκὸς
3216 3334 3230 3356 ,
3265 3295 3354 3346 τὸν
3383 3293 3486 3346 ἀπὸ
3519 3291 3619 3360 τῆς
3641 3308 3766 3343 τοι·

551 3383 828 3446 imminet;
857 3383 996 3450 quod
1020 3385 1180 3452 igitur
1193 3383 1437 3437 accidere
1451 3383 1740 3436 verisimile
1756 3381 1923 3446 estei,
1947 3381 2038 3450 qui
2069 3393 2099 3432 a

550 3477 645 3530 tali
673 3483 938 3543 tantaque
956 3473 1258 3529 altitudinis
1285 3475 1500 3536 specula
1530 3475 1582 3527 in
1605 3473 1932 3544 profundum
1955 3485 2104 3525 mare

552 3567 846 3635 despiciat,
903 3567 1080 3619 itidem
1107 3565 1238 3618 mihi
1263 3581 1406 3620 nunc
1428 3566 1642 3620 animus
1663 3567 1820 3636 quasi
1844 3562 2104 3634 vertigine

554 3659 758 3710 laborat
798 3657 850 3709 in
903 3671 1096 3726 magna
1149 3655 1252 3710 bac
1301 3655 1512 3710 Domini
1569 3670 1702 3710 voce
1762 3661 2100 3726 suspenSus:

555 3747 707 3800 Beati
737 3761 866 3815 puro
920 3747 1092 3810 corde,
1139 3746 1384 3816 quoniam
1413 3747 1512 3814 ipsi
1576 3745 1741 3800 Deum
1775 3745 2014 3799 ridebunt
2038 3745 2101 3797 ³⁹.

557 3840 699 3892 Deus
726 3837 1034 3907 spectaculo
1075 3841 1381 3909 propositus
1403 3844 1486 3892 est
1535 3837 1601 3892 iis
1662 3839 1752 3908 qui
1784 3853 1878 3893 cor
1911 3851 2106 3908 expur-

555 3937 736 3997 gatum
761 3927 1063 3982 habuerint.
1095 3927 1260 3984 Deum
1292 3946 1438 3983 nemo
1463 3929 1589 3983 vidit
1620 3945 1868 4000 unquam,
1893 3939 1952 3983 ut
1996 3941 2108 3981 ma-

555 4037 694 4090 gnus
725 4021 901 4090 inquit
942 4019 1179 4076 Joannes
1199 4021 1278 4076 δθε
1317 4021 1603 4076 conﬁrmat
1635 4032 1811 4076 autem
1838 4035 1954 4076 eam
1986 4035 2108 4075 sen-

557 4115 776 4166 tentiam
810 4113 974 4167 etiam
1009 4113 1100 4167 illa
1148 4113 1366 4168 sublimi
1402 4123 1582 4170 mente
1619 4113 1841 4174 Paulus.
1893 4113 1983 4182 qui
2025 4111 2110 4166 di.

558 4205 637 4260 xit
661 4222 675 4258 :
701 4205 864 4267 Quem
894 4203 1069 4259 nullus
1103 4205 1371 4259 hominum
1415 4207 1566 4268 uidit,
1606 4221 1766 4276 neque
1815 4204 1984 4258 ridere
2013 4218 2108 4271 po-

559 4295 738 4349 test“.
776 4291 900 4350 Haec
951 4305 1034 4352 est
1066 4293 1154 4350 illa
1191 4297 1358 4362 laevis,
1409 4298 1602 4352 abrasa
1639 4310 1798 4368 atque
1841 4303 2110 4366 praerupta

559 4397 735 4456 petra,
773 4403 892 4457 quae
929 4389 1135 4442 nullum
1171 4388 1227 4443 in
1257 4405 1378 4446 sese
1429 4391 1796 4446 intellectuum
1837 4396 2111 4444 sustenta-

561 4493 799 4535 mentum
851 4491 903 4536 et
947 4481 1344 4538 ﬁrmamentum
1404 4484 1678 4538 Ostendit:
1739 4499 1900 4554 quant
1947 4484 2110 4538 etiam

561 4569 774 4642 Moyses
797 4571 982 4627 itidem
1012 4574 1348 4630 inaccessam
1381 4575 1435 4628 in
1463 4575 1578 4630 suis
1605 4574 1838 4630 decretis
1867 4589 2110 4646 pronun-

2209 3389 2379 3458 αύτης
2421 3390 2668 3454 σκοπιᾶς,
2701 3390 2764 3441 ὲκ
2792 3385 2985 3440 πολλοῦ
3029 3385 3122 3439 τοῦ
3158 3385 3321 3454 ῦψους
3349 3384 3439 3436 ἐπὶ
3465 3383 3562 3454 τὴν
3593 3384 3648 3434 ἐν
3687 3379 3770 3450 τῷ

2211 3479 2362 3550 βάθει
2393 3479 2750 3534 διακύπτοντα
2783 3477 3072 3532 θάλατταν’
3104 3475 3272 3539 οὕτως
3305 3476 3503 3545 ἰλιγγιᾷ
3536 3490 3632 3542 μου
3665 3471 3772 3524 νῦν

2199 3567 2370 3638 ψυχὴ.
2400 3569 2457 3621 ἐν
2493 3570 2558 3638 τῇ
2591 3568 2797 3640 μεγάλῃ
2836 3567 3004 3642 ταύτῃ
3035 3566 3128 3622 τοῦ
3175 3565 3375 3636 Κυρίου
3419 3565 3566 3632 φωνῇ
3607 3577 3772 3628 γενο-

2207 3661 2344 3732 μένη
2377 3661 2670 3732 μετέωρος·
2688 3659 2968 3729 Μακάριοι
2989 3661 3044 3713 οι
3063 3661 3300 3728 καθαροί
3329 3657 3402 3726 τῇ
3425 3655 3649 3725 καρδίᾳ,
3673 3653 3772 3706 ὅτι

2204 3772 2244 3808 ιι
2259 3752 2378 3806 ὑτοὶ
2421 3753 2525 3807 τὸν
2560 3751 2707 3810 Θεὸν
2739 3753 3005 3820 ὄψονται.
3037 3753 3164 3814 Θεὸς
3209 3751 3486 3820 πρόκειται
3515 3749 3622 3810 τοῖς
3661 3745 3772 3814 τὴν

2205 3847 2431 3916 καρδίαν
2453 3844 2832 3917 ὲκκαθαρθεῖσι
2852 3846 2910 3898 τὸ
2931 3845 3124 3915 θέαμα.
3158 3843 3304 3898 Θεὸν
3323 3842 3517 3905 οὐδεὶς
3540 3838 3773 3904 ἑώρακε

2205 3940 2461 4004 πάντοτε,
2489 3935 2666 4008 καθώς
2691 3953 2852 4006 φησιν
2894 3937 3141 4006 Ἰωάννης
3165 3938 3192 3988 ό
3221 3935 3388 4004 μέγας
3408 3949 3422 3962 ο
3453 3929 3772 4000 ὲπιῂςὲζει

2206 4029 2263 4083 δὲ
2295 4029 2394 4083 καὶ
2421 4027 2630 4091 Παῦλος
2657 4029 2685 4080 6
2713 4026 2914 4097 ὑψηλὸς
2938 4027 3035 4096 τὴν
3060 4021 3480 4094 διάνοιαν,εἱπὼν
3499 4037 3511 4050 ³
3543 4021 3624 4073 ὅτι
3653 4021 3774 4072 Ὃν

2206 4119 2370 4176 εἶδεν
2401 4121 2596 4186 οὐδεὶς
2628 4119 3112 4188 ἁνθρώπων,οὔτε
3142 4117 3287 4171 ἰδεῖν
3317 4116 3580 4169 δύναται.
3617 4112 3770 4182 Δῦτη

2207 4213 2356 4268 ἐστὶν
2397 4215 2432 4284 ἡ
2471 4213 2588 4266 λεία
2635 4212 2726 4266 καὶ
2754 4212 3024 4282 ἀπότομος
3072 4210 3266 4280 πέτρα,
3298 4212 3331 4280 ἡ
3369 4207 3634 4278 μηδεμίαν
3677 4205 3770 4274 ἐφ’

2209 4305 2408 4376 ἑαυτῆς
2437 4304 2544 4356 τῶν
2585 4305 2870 4376 νοημάτων
2907 4304 3059 4376 βάσιν
3089 4301 3530 4364 ὑποδεικνύουσα,
3570 4299 3636 4370 ἦν
3668 4299 3772 4352 καὶ

2208 4398 2237 4450 6
2295 4396 2541 4466 Μωῦσῆς
2593 4395 2851 4460 ὡσαύτως
2907 4396 3197 4468 ἀπρόσιτον
3243 4396 3353 4456 τοῖς
3411 4392 3529 4446 καθ’
3579 4390 3774 4444 ἑαυτὸν

2209 4487 2474 4558 δόγμασιν
2507 4489 2838 4560 ἀπεφήνατο,
2865 4488 2938 4552 ὼς
2971 4487 3218 4559 μηδαμοῦ
3251 4485 3504 4540 δύνασθαι
3537 4483 3774 4554 προσὸἧ-

2210 4601 2296 4636 ναι
2344 4580 2504 4654 ἡμῶν
2559 4581 2656 4652 τὴν
2699 4581 2930 4635 διάνοιαν
2955 4618 2970 4641 ,
3041 4579 3218 4650 πάσης
3259 4577 3592 4650 ἀντιλήψεως
3629 4578 3774 4630 ἁπο-

559 4667 734 4731 tiavit,
769 4676 826 4719 ut
851 4681 1114 4736 nusquam
1145 4681 1297 4720 mens
1327 4678 1514 4722 nostra
1546 4666 1697 4722 adire
1723 4667 1918 4736 possit,
1949 4664 2101 4736 quid-

2213 4675 2501 4745 ξυσθείσης
2519 4673 2608 4726 διὰ
2631 4674 2730 4745 τῆς
2745 4673 3085 4742 ἀποφάσεως.
3109 4673 3228 4725 Οὐκ
3249 4670 3378 4723 ἔστι
3410 4669 3546 4740 γὰρ,
3582 4669 3772 4736 φησὶν,

559 4755 691 4826 quid
723 4758 936 4812 enitens
973 4757 1395 4827 apprehendere,
1443 4775 1620 4830 quove
1649 4773 1768 4814 sese
1831 4758 2112 4814 sublevare

531 4881 536 4888 ι
561 4849 760 4918 poterit
790 4863 884 4918 per
927 4849 1072 4902 illam
1093 4851 1410 4906 sententiam
1434 4853 1630 4908 abraso
1651 4867 1669 4906 :
1693 4850 1814 4905 Non
1839 4859 1913 4905 est
1943 4851 2110 4914 enim,

559 4940 759 5010 inquit,
825 4944 912 5012 qui
963 4937 1246 4996 Dominum
1274 4944 1497 5010 videbit,
1542 4954 1590 5000 et
1620 4947 1746 4999 vivet
1779 4943 1914 4999 ἰ’-⁸⁸.
1952 4945 2114 5014 Atqui

558 5033 741 5088 videre
817 5031 1006 5097 Deum,
1058 5035 1170 5089 vita
1243 5038 1568 5106 sempiterna
1624 5044 1726 5092 est.
1785 5033 1900 5090 iloc
1935 5043 2112 5090 autem

561 5125 675 5180 ﬁeri
744 5139 854 5180 non
903 5139 1092 5196 posse,
1167 5137 1224 5180 ut
1307 5125 1448 5182 Deus
1505 5127 1784 5197 videatur,
1851 5130 2116 5186 columna}

562 5213 686 5270 ﬁdei
706 5213 943 5272 Joannes
973 5225 1026 5272 et
1067 5214 1268 5271 Paulus
1297 5225 1350 5272 et
1375 5216 1585 5287 Moyses
1616 5219 1899 5274 afﬁrmant.
1933 5221 2116 5276 Vides-

561 5325 630 5362 ne
657 5309 972 5380 vertiginem
998 5350 1013 5375 ,
1045 5323 1168 5364 cum
1217 5325 1321 5379 qua
1357 5325 1462 5366 una
1516 5311 1750 5366 trahitur
1783 5314 1995 5368 animus
2049 5312 2113 5366 ad

561 5400 984 5470 profunditatem
1014 5415 1202 5456 eorum
1237 5419 1356 5474 quae
1385 5404 1440 5457 in
1481 5403 1583 5458 hac
1635 5405 1880 5460 oratione
1931 5407 2112 5461 consi-

561 5492 863 5546 derantur?
896 5491 954 5546 Si
977 5491 1118 5548 Deus
1143 5501 1227 5550 est
1263 5495 1408 5562 vita,
1445 5496 1535 5564 qui
1572 5510 1680 5550 non
1712 5497 1859 5552 videt
1918 5496 2109 5562 Deum,

561 5585 726 5638 vitam
757 5601 866 5640 non
891 5583 1057 5658 videt.
1091 5581 1244 5652 Quod
1279 5587 1420 5644 Deus
1449 5587 1617 5645 videri
1648 5604 1756 5645 non
1781 5591 1974 5660 possit,
1997 5601 2110 5646 tum

2209 4767 2375 4834 ὅστις
2427 4767 2639 4834 ἕψεται
2695 4766 2945 4834 Κύριον,
2989 4764 3086 4816 καὶ
3141 4761 3391 4832 meum.
3456 4759 3616 4814 ’Δλλά
3665 4761 3776 4831 μὴν

2209 4851 2421 4922 αἰώνιος
2454 4857 2574 4930 ι’ξωὴ
2622 4857 2683 4910 τὸ
2725 4857 2849 4909 ἰδεῖν
2897 4857 3012 4909 ἔστι
3065 4853 3153 4907 τὸν
3192 4853 3340 4906 Θεόν.
3393 4851 3559 4904 Τοῦτο
3607 4851 3664 4903 δὲ
3705 4851 3776 4902 ἁσ-

2214 4953 2448 5022 μήχανον
2473 4951 2528 5003 -οί
2553 4949 2732 5003 στύλοι
2766 4947 2863 5018 τῆς
2892 4948 3142 5010 πίστεως,
3173 4945 3419 5014 Ἰωάννης
3439 4943 3535 4995 καὶ
3563 4939 3780 5003 Παῦλος

2211 5043 2304 5096 καὶ
2343 5041 2551 5112 Μωσῆς
2591 5038 2928 5112 διορίζονται.
2971 5037 3129 5110 Ὁρᾷς
3171 5037 3259 5090 τὸν
3293 5036 3512 5104 ἴλιγνον.
3547 5029 3592 5102 ᾧ
3629 5033 3776 5106 ψυχὴ

2212 5135 2347 5203 πρὸς
2377 5132 2437 5186 τὸ
2474 5131 2640 5204 βάθος
2667 5131 2774 5185 τῶν
2817 5129 2876 5184 ὲν
2920 5129 2996 5200 τῷ
3037 5129 3178 5199 λόγῳ
3227 5127 3607 5200 θεωρουμένων
3655 5142 3780 5179 συνο

2213 5225 2460 5289 έλκεται;
2493 5225 2558 5280 Εἰ
2586 5221 2698 5294 ζωὴ
2738 5224 2765 5276 6
2797 5221 2947 5285 Θεὸς,
2973 5223 3002 5274 6
3033 5221 3104 5292 μὴ
3139 5219 3268 5273 ἰδὼν
3295 5220 3477 5282 αὑτὸν,
3508 5219 3604 5288 τὴν
3633 5219 3778 5287 ζωὴν

2212 5319 2272 5371 οὐ
2305 5319 2520 5389 βλέπει·
2561 5317 2622 5370 τὸ
2663 5315 2738 5386 μὴ
2769 5313 3024 5368 δύνασθαι
3065 5314 3190 5366 ἰδεῖν
3227 5312 3390 5376 Θεὸν,
3436 5313 3484 5364 oi
3531 5311 3780 5380 θεοφόρα

2214 5408 2320 5462 τῶν
2368 5405 2666 5480 προφιητῶν
2713 5422 2770 5458 τε
2812 5405 2903 5458 καὶ
2951 5403 3258 5457 ἀποστόλων
3297 5400 3776 5472 διαμαρτύρονται.

2219 5499 2312 5562 Εἰς
2358 5498 2410 5551 τί
2451 5501 2570 5560 τοῖς
2617 5495 2919 5568 ἀνθρώποις
2957 5495 2989 5566 ἡ
3037 5493 3190 5556 ἐλπὶς
3227 5492 3602 5564 περιΐσταται;
3641 5487 3780 5540 Ἀλλ’

2221 5591 2576 5661 ὑποστηρίζει
2628 5585 3068 5642 καταπίτπουσαν
3114 5583 3211 5656 τὴν
3255 5582 3436 5636 ἐλπίδα
3479 5583 3509 5634 ὁ
3555 5577 3776 5652 Κύριος.

661 5769 706 5801 ⁸⁸
733 5767 920 5825 Matth.
963 5787 1013 5837 v,
1052 5774 1104 5830 3.
1182 5773 1228 5806 ⁸⁰
1264 5771 1419 5828 Joan.
1457 5788 1494 5838 l,
1535 5773 1620 5828 18.
1697 5775 1742 5808 ⁵¹
1781 5773 1800 5830 ι
1840 5773 1979 5830 Tim.
2020 5789 2098 5844 vt,

2202 5803 2224 5834 ι.
2301 5777 2347 5808 ⁶¹
2379 5776 2425 5808 ⁸⁸
2461 5773 2644 5832 lix-od.
2685 5791 2876 5847 XXIIII,
2915 5773 3003 5830 20.
