4018 6484
229 457 360 517 1265

1254 471 1340 526 DE
1374 471 1960 536 BEATITUDINIBUS.
2001 477 2256 534 ORATIO
2290 480 2373 536 Vl.

3285 485 3418 542 asas

224 571 479 642 Καθάπερ
524 572 614 626 ἐπὶ
657 577 750 630 τοῦ
797 579 1014 650 Πέτρου’
1053 580 1324 654 ἐποίησεν,
1375 588 1764 656 κινδυνεύοντος

1865 593 2161 664 prophetae,
2203 603 2313 648 tum
2345 595 2575 663 apostoli
2609 596 2793 652 divino
2844 597 3036 666 spiritu
3076 599 3224 654 ducti
3280 611 3418 656 atte-

224 662 553 735 βυθισθῆναι,
598 667 756 721 πάλιν
799 671 892 723 ἐπὶ
920 671 1144 743 στερροὖ
1178 677 1272 730 καὶ
1313 679 1600 734 ἀντιτύπου
1641 684 1766 752 στή-

225 771 320 818 σας
358 756 448 809 τοῦ
497 757 704 823 ὓδατος.
737 760 798 814 Et
839 762 1015 817 τοίνυν
1045 765 1170 838 ἔλθῃ
1201 770 1292 822 καὶ
1323 772 1407 838 ἐφ’
1437 773 1584 844 ἡμᾶς
1609 776 1641 845 ἡ
1672 775 1765 828 τοῦ

222 845 388 912 Λόγου
415 848 554 919 χεὶρ,
581 853 674 904 καὶ
697 853 1056 921 ἁστατοῦντας
1087 859 1142 914 ἐν
1163 859 1240 931 τῷ
1260 859 1405 934 βυθῷ
1432 864 1541 917 τῶν
1570 865 1767 937 θεωρη-

225 938 422 1006 μάτων,
458 941 547 993 ἐπὶ
575 941 794 1013 θατέρου
830 948 1089 1016 νοήματος
1116 954 1518 1024 καταστήσειεν,
1546 955 1648 1020 ἔξω
1673 956 1764 1010 τοῦ

221 1030 382 1100 φόϐου
417 1033 675 1103 γινόμεθα
718 1037 951 1110 ἰσχυρῶς
990 1041 1084 1094 τοῦ
1128 1045 1584 1115 χειραγωγοῦντος
1624 1050 1769 1119 ἡμᾶς

189 1123 388 1190 ’Λόγου
425 1125 890 1198 περιδραξὰμενοι.
937 1133 1220 1202 Μακάριοι
1253 1136 1385 1208 γὰρ,
1410 1140 1562 1210 φησι,
1585 1143 1763 1196 καθα-

213 1213 306 1279 ροί
331 1212 402 1281 τῇ
430 1216 656 1283 καρδίᾳ,
688 1218 776 1274 ὅτι
807 1223 975 1278 αὐτοὶ
999 1224 1104 1278 τὸν
1133 1226 1279 1280 Θεὸν
1304 1228 1570 1297 ὄψονται.

1868 694 2094 742 stantur.
2139 684 2194 739 In
2221 701 2357 755 quas
2401 687 2677 757 angustias
2715 704 2842 758 spes
2879 690 3191 746 hominibus
3228 692 3421 762 redigi-

1870 776 1998 829 tur?
2033 777 2224 832 Verum
2258 777 2506 832 sublevat
2533 786 2694 850 atque
2722 789 2994 836 sustentat
3025 781 3287 840 Dominus
3334 784 3414 838 la-

1869 867 2180 923 bescentein
2225 883 2398 938 spem.
2445 868 2909 935 Quemadmodum
2954 873 3010 928 in
3043 873 3200 930 Petro
3247 875 3415 932 fecit:

1871 973 2029 1028 quem
2080 960 2476 1029 periclitantem
2513 977 2581 1018 ne
2629 963 3068 1033 submergeretur
3114 981 3305 1022 rursus
3361 968 3418 1023 in

1871 1047 2042 1102 solida
2075 1057 2236 1118 atque
2271 1050 2542 1105 resistenti
2589 1051 2831 1122 vestigiis
2859 1067 2998 1122 aqua
3044 1055 3327 1110 collocavit
3349 1056 3415 1110 “.

1871 1138 1928 1192 Si
1956 1138 2120 1207 igitur
2151 1139 2312 1194 etiam
2351 1139 2416 1194 ad
2441 1155 2541 1196 nos
2569 1155 2759 1198 manus
2790 1141 2952 1196 Verbi
2983 1143 3196 1199 admota
3231 1145 3414 1209 fuerit.

1867 1240 1920 1285 et
1947 1229 2225 1286 instabiles
2288 1230 2342 1284 in
2371 1229 2640 1300 profundo
2674 1233 3100 1302 speculationum
3152 1237 3208 1289 in
3251 1237 3416 1292 alter-

223 1314 340 1356 utro
369 1306 642 1362 intellectu
677 1313 1042 1378 constituerit,
1076 1323 1229 1371 extra
1264 1327 1464 1374 metum
1507 1321 1711 1376 erimus
1737 1360 1750 1383 ,
1793 1319 2015 1374 ﬁrmiter
2044 1321 2198 1388 quasi
2239 1335 2398 1375 manu
2427 1320 2633 1375 ducens
2702 1335 2802 1376 nos
2851 1319 3085 1384 Verbum
3153 1326 3415 1395 amplexi-

221 1393 369 1446 Beali
406 1396 571 1458 enim,
609 1397 801 1466 inquit,
861 1404 950 1471 qui
976 1420 1106 1472 puro
1157 1408 1312 1462 corde
1330 1410 1539 1477 praediti
1585 1421 1706 1466 sunt
1737 1427 1755 1464 :
1793 1411 2039 1482 quoniam
2062 1410 2160 1476 ipsi
2188 1408 2354 1464 Deum
2384 1409 2647 1464 videbunt.

297 1488 359 1540 'H
389 1489 487 1556 μὲν
542 1487 632 1544 οὖν
666 1493 959 1562 ἐπαγγελία
989 1498 1242 1572 τοσαύτη,
1287 1503 1362 1566 ὡς
1388 1506 1638 1576 παριέναι
1668 1507 1758 1558 τὸν

1925 1503 2220 1561 Promissio
2273 1503 2490 1574 quidem
2538 1513 2688 1559 certe
2725 1513 2877 1560 tanta
2925 1513 3030 1569 est,
3089 1513 3150 1561 ut
3199 1518 3418 1578 superet

219 1578 506 1649 ἀκρότατον
553 1583 650 1651 τῆς
706 1589 1096 1659 μακαριότητος
1144 1592 1284 1664 ὅρον.
1321 1593 1384 1647 Τί
1427 1597 1534 1667 γὰρ
1583 1598 1649 1651 ἄν
1679 1615 1761 1662 τις

1863 1600 2156 1648 extremum
2179 1594 2472 1650 terminum
2491 1595 2865 1652 beatitudinis.
2884 1596 3024 1662 Quid
3045 1598 3188 1652 enim
3219 1599 3417 1667 aliquis

223 1670 356 1739 μετὰ
395 1672 457 1724 τὸ
501 1673 736 1727 τοιοῦτον
791 1678 1013 1746 ἀγαθὸν,
1058 1682 1184 1737 ἄλλο
1237 1685 1537 1755 ποθήσειεν,
1591 1689 1766 1742 πάντα

220 1762 352 1830 ἔχων
393 1762 450 1814 ἐν
498 1765 824 1837 ἐωραμένῳ;
872 1769 946 1821 Τὸ
987 1769 1093 1842 γὰρ
1139 1771 1264 1826 ἰδεῖν
1294 1775 1484 1828 ταύτὸν
1517 1777 1762 1850 σημαίνει

219 1850 294 1919 τῷ
333 1855 474 1921 σχεῖν
515 1856 571 1906 ἐν
601 1858 664 1925 τῇ
695 1857 790 1926 τῆς
823 1858 1036 1930 Γραφῆς
1063 1863 1318 1935 συνηθείᾳ
1337 1882 1350 1896 ·
1403 1866 1650 1939 καθάπερ
1668 1874 1728 1932 τὸ
1747 1912 1762 1939 ,

223 1939 402 2029 "Idam
439 1941 510 1997 τὰ
553 1945 741 2012 ἀγαθὰ
785 1948 1186 2022 Ἰερουσαλὴμ,
1236 1957 1353 2009 ἀντὶ
1403 1959 1496 2012 τοῦ
1528 1960 1758 2029 Εὕροις,

217 2027 306 2081 τοῦ
359 2029 516 2098 λόγου
553 2035 936 2103 σημαίνοντος·
977 2042 1068 2095 καὶ
1105 2042 1202 2103 τὸ.
1255 2047 1509 2114 manu.»
1545 2053 1578 2103 ό
1610 2027 1764 2113 fdas;-

216 2118 348 2214 611‘)“
385 2122 484 2174 ἵνα
508 2123 593 2198 μὴ
640 2125 736 2194 ἴδῃ
784 2127 895 2192 τὴν
923 2128 1108 2195 δόξαν
1147 2136 1386 2202 Κυρίου,
1415 2137 1503 2192 διὰ
1543 2140 1636 2194 τοῦ
1686 2142 1761 2214 μὴ

225 2211 383 2300 ίδείν,
422 2215 482 2266 τὸ
536 2215 609 2285 μὴ
665 2223 946 2289 μετασχεῖν
999 2223 1090 2276 τοῦ
1140 2228 1413 2297 προφήτου
1461 2211 1760 2300 δηλοῦντοςξ

222 2297 423 2350 Οὐκοῦν
454 2301 480 2352 6
508 2301 595 2352 τὸν
625 2301 754 2355 Θεὸν
797 2306 940 2368 ἰδὼν,
977 2311 1082 2362 πᾶν
1113 2311 1246 2383 ὅπερ
1281 2316 1424 2369 ἐστὶν
1457 2297 1522 2370 ἐν⁷
1545 2320 1761 2386 ἀγαθῶν

219 2387 516 2482 καταλόγῳ,
583 2391 669 2445 διὰ
722 2395 813 2448 τοῦ
871 2398 994 2450 ἰδεῖν
1047 2401 1205 2472 ἔσχε,
1259 2404 1357 2476 τὴν
1411 2408 1762 2482 ἀτελεύτητον

220 2473 380 2570 ζωὴν,
437 2481 740 2570 τήνᾼάἶδιον
787 2486 1106 2556 ἀφθαρσίαν,
1139 2492 1236 2563 τὴν
1277 2473 1539 2554 ἀθάνατον
1594 2473 1762 2570 μακα-

223 2563 456 2658 ριότητα,
512 2567 608 2640 τήν
652 2571 1002 2645 ἀτελεύτητον
1053 2578 1342 2648 βασιλείαν,
1391 2583 1489 2655 τὴν
1532 2563 1762 2658 ἄληκτον

219 2654 550 2750 ἐυφροσύνην
571 2695 586 2722 ,
605 2662 664 2714 τὸ
692 2662 939 2734 ἀληθινὸν
970 2669 1104 2736 φῶς,
1135 2673 1234 2744 τὴν
1276 2654 1645 2750 πνευματικὴν
1672 2683 1763 2735 καὶ

217 2743 466 2840 γλυκεῖαν
486 2752 785 2825 new-hy,qu
794 2751 1081 2824 ἀπρόσιτον
1091 2743 1330 2828 δόξαν,τὸ
1337 2743 1580 2834 διηνεκὲς
1595 2743 1761 2840 ἀγαλ-

217 2831 399 2934 λξαμα,
429 2840 500 2934 τὸᾷ
518 2842 623 2894 πᾶν
650 2843 870 2912 ἀγαθόν.
903 2847 974 2924 T6
1007 2851 1105 2922 μὲν
1132 2850 1224 2915 οὖν
1247 2859 1367 2912 κατ’
1397 2831 1583 2917 ἐλπίδα
1628 2831 1762 2934 προ-

215 2927 460 3020 κείμενον
486 2932 542 2983 ἐν
573 2937 638 3006 τῇ
672 2940 1067 3011 μακαριότητος
1096 2945 1413 3020 ἐπαγγελίᾳ,
1440 2927 1682 3006 τοιοῦτόν.
1701 2971 1763 3008 τε

216 3017 306 3069 καὶ
350 3021 614 3076 τοσοῦτον.
672 3025 820 3079 Ἐπεὶ
860 3028 914 3082 δὲ
946 3030 974 3081 6
1009 3032 1202 3104 τρόπος
1242 3036 1333 3088 τοῦ
1369 3017 1496 3094 ίδεῖν
1537 3041 1622 3100 διὰ
1667 3044 1760 3098 τοῦ

211 3114 446 3186 καθαρὸν
476 3120 728 3187 γενέσθαι
757 3127 822 3195 τῇ
850 3127 1044 3199 καρδίᾳ
1075 3131 1442 3201 προδέδεικται
1464 3152 1478 3166 ·
1506 3137 1565 3190 ἐν
1592 3139 1762 3211 τούτῳ

1858 1692 1984 1754 post
2003 1684 2202 1740 bonum
2215 1683 2479 1753 ejusmodi
2499 1686 2648 1742 aliud
2664 1686 3074 1750 desideraverit,
3091 1703 3212 1744 cum
3229 1691 3414 1743 omnia

1861 1774 2060 1830 habeat
2108 1775 2165 1834 in
2215 1790 2282 1830 eo
2324 1792 2485 1846 quem
2517 1777 2750 1833 viderit?
2780 1777 2914 1832 Nam
2960 1779 3167 1843 videre,
3220 1781 3275 1834 in
3313 1797 3417 1834 usu

1862 1863 2172 1935 Scriptum,
2213 1866 2352 1923 idem
2385 1868 2653 1939 signiﬁcat
2699 1869 2844 1940 quod
2874 1869 3114 1926 habere:
3155 1873 3418 1942 quemad.

1861 1957 2081 2012 modum
2102 1958 2254 2024 illud,
2295 1958 2640 2018 Videasbona
2683 1960 2981 2016 Jerusalem
3005 1963 3070 2025 “l,
3104 1963 3247 2022 idem
3273 1963 3415 2034 quod

1860 2048 2116 2113 inuenias,
2155 2049 2500 2118 signiﬁcante
2543 2053 2731 2108 verbo.
2763 2053 2828 2106 Et
2861 2071 2873 2106 ε
2920 2052 3162 2107 Tullatur
3202 2056 3414 2124 impius,

1860 2156 1924 2194 ne
1966 2138 2136 2200 vident
2177 2140 2401 2210 gloriam
2439 2141 2654 2198 Domini
2677 2143 2744 2206 ιτ,
2778 2158 2874 2212 per
2923 2158 3031 2198 non
3075 2145 3275 2207 videre.
3303 2160 3415 2199 non

1861 2231 2180 2301 participem
2233 2247 2356 2288 esse
2409 2233 2666 2302 prepheta
2714 2231 3071 2304 signiﬁcante.
3125 2234 3264 2306 Ergo
3320 2237 3416 2306 qui

1861 2319 2028 2378 Deum
2059 2322 2216 2385 vidit,
2247 2324 2510 2394 quidquid
2544 2325 2602 2384 in
2632 2324 2788 2380 bonis
2815 2335 3153 2392 numeratur,
3189 2342 3284 2396 per
3311 2328 3416 2382 hoc

1859 2413 2005 2482 quod
2050 2415 2202 2477 vidit,
2239 2413 2466 2484 adeptus
2495 2423 2597 2477 est,
2639 2414 2802 2473 vitam
2838 2416 2959 2470 sine
2997 2416 3123 2479 ﬁne,
3154 2425 3413 2470 aeternam

1860 2501 2449 2573 incorruptibilitatem,
2547 2504 2911 2562 immortalem
3001 2507 3410 2568 beatitudinem,

1860 2608 2082 2664 regnum
2134 2595 2252 2648 sine
2301 2594 2426 2660 ﬁne,
2483 2594 2724 2650 lmtitiam
2777 2596 3165 2660 continentem,
3224 2611 3414 2651 verum

1861 2683 2063 2746 lumen,
2097 2685 2430 2754 spiritualem
2474 2693 2528 2740 et
2553 2685 2762 2744 dulcem
2812 2701 3023 2750 vocem,
3070 2689 3292 2757 gloriam
3333 2687 3416 2740 in-

1861 2789 2159 2838 accessam,
2191 2786 2503 2846 perpetuam
2529 2778 2968 2842 exsultationem,
2995 2795 3155 2834 omne
3182 2779 3415 2848 denique

1861 2865 2082 2919 bonum.
2119 2865 2404 2922 Enimvero
2429 2868 2574 2936 quod
2599 2868 2653 2922 in
2683 2869 3040 2938 promissione
3062 2869 3416 2926 beatitudinis

1860 2971 1956 3028 per
2009 2972 2162 3027 spem
2213 2959 2554 3028 proponitur,
2609 2960 2718 3016 tale
2767 2974 2830 3013 ac
2885 2967 3092 3014 tantum
3142 2969 3258 3025 est;
3320 2962 3416 3015 sed

1861 3050 2116 3118 quoniam
2149 3059 2272 3108 ante
2315 3051 2742 3109 demanatratum
2776 3056 2882 3113 est,
2936 3050 3153 3104 modum
3200 3051 3414 3106 videndi

1862 3138 2030 3196 Deum
2058 3140 2250 3200 conﬁci
2271 3156 2366 3210 per
2395 3140 2518 3206 hoc,
2551 3141 2598 3196 si
2620 3142 2743 3210 quis
2762 3156 2898 3210 puro
2926 3141 3090 3197 corde
3112 3143 3410 3197 exstiterit:

214 3223 303 3275 μοι
335 3210 493 3262 πάλιν
525 3211 725 3286 ίλιγγιᾷ
768 3216 800 3285 ή
833 3216 1058 3283 διάνοια,
1091 3221 1166 3292 μὴ
1195 3223 1302 3293 ἄρα
1332 3224 1440 3278 τῶν
1471 3210 1763 3300 ἀμηχάνων

1863 3231 1920 3289 in
1952 3230 2054 3284 boc
2084 3245 2301 3288 rursum
2349 3245 2506 3293 mens
2530 3245 2647 3285 mea
2677 3231 2832 3300 quasi
2864 3232 3125 3301 vertigine
3165 3242 3412 3301 correpta

207 3315 269 3352 τε
297 3301 391 3353 καὶ
416 3303 840 3373 ὑπερϐαινόντων
864 3309 960 3378 τὴν
1001 3311 1161 3379 φύσιν
1190 3313 1364 3384 ἡμῶν,
1390 3317 1423 3386 ή
1461 3318 1763 3391 καθαρότης

207 3392 310 3462 τῆς
337 3395 560 3465 καρδίας
591 3399 753 3452 ἐστίν.
794 3403 856 3454 Ei
885 3403 998 3474 γὰρ.
1030 3403 1115 3458 διὰ
1142 3405 1297 3459 τοῦτο
1332 3409 1360 3466 6
1390 3407 1520 3472 Θεὸς
1541 3412 1762 3481 ὁρᾶταιο

209 3483 414 3554 Μωσῆς
463 3485 520 3538 δὲ
569 3489 659 3541 καὶ
715 3489 918 3554 Παῦλος
966 3493 1065 3552 οὐκ
1118 3494 1242 3559 ἴδον,
1288 3497 1349 3549 τὸ
1396 3498 1533 3569 μήτε
1581 3501 1763 3565 αὑτὸν,

211 3575 349 3642 μήτε
383 3575 536 3629 ἄλλον
567 3579 688 3632 τινὰ
730 3579 983 3634 δύνασθαι
1017 3582 1142 3636 ἰδεῖν
1175 3585 1478 3656 διωρίσατο,
1513 3588 1766 3644 ἀδύνατον

208 3663 354 3716 ἔοικέ
396 3683 448 3718 τι
492 3661 628 3720 εἶναι
656 3668 716 3721 τὸ
740 3669 816 3740 τῷ
849 3673 1176 3744 μακαρισμῷ
1209 3675 1302 3728 νῦν
1331 3676 1434 3728 ὑπὸ
1468 3678 1563 3730 τοῦ
1593 3679 1764 3748 Λόγου

207 3755 586 3826 προκείμενον.
641 3759 704 3810 Τί
738 3755 828 3812 οὖν
871 3763 998 3830 ἡμῖν
1027 3764 1094 3815 τὸ.
1118 3764 1306 3834 κέρδος
1333 3766 1398 3818 ἐκ
1435 3766 1528 3819 τοῦ
1568 3769 1765 3836 γνῶναι

205 3845 328 3907 πῶς
371 3847 399 3896 6
448 3846 578 3910 Θεὸς
609 3849 826 3919 ὁρᾶται,
863 3854 911 3904 εί
956 3854 1016 3905 τὸ
1062 3854 1286 3908 δυνατὸν.
1327 3857 1394 3926 τῇ
1444 3857 1655 3928 ἐπινοίᾳ
1691 3860 1764 3928 μὴ

208 3937 532 4008 πρόσεστινς
587 3939 806 4009 Ὅμοιον
855 3943 962 4014 γὰρ
995 3945 1056 3998 τὸ
1095 3946 1357 4012 τοιοῦτον,
1394 3946 1581 4018 ὥσπερ
1619 3950 1685 4002 ἂν
1717 3950 1770 4003 εί

204 4045 290 4090 τις
321 4030 587 4100 μακάριον
614 4027 751 4084 εἶναι
782 4033 926 4102 λέγοι
955 4036 1015 4088 τὸ
1042 4037 1099 4090 ἐν
1130 4038 1342 4109 οὐρανῷ
1370 4037 1619 4106 γενέσθαι
1644 4056 1657 4068 ·
1687 4042 1767 4094 ὅτι

207 4121 326 4173 ἐκεῖ
359 4123 648 4192 κατόψεται
693 4125 759 4178 τὰ
809 4128 876 4179 ἐν,
902 4129 978 4199 τῷ
1019 4130 1118 4201 βίῳ
1167 4131 1241 4204 μὴ
1279 4133 1654 4206 καθορώμενοι.
1704 4137 1766 4190 El

205 4214 318 4286 γάρ
363 4233 446 4279 τις
488 4213 554 4288 ἦν
589 4217 802 4290 μηχανὴ
874 4224 972 4292 τῆς
1017 4223 1110 4276 ἐπὶ
1140 4223 1232 4277 τὸν
1276 4225 1502 4295 οὐρανὸν
1545 4228 1767 4298 πορείας

204 4303 296 4359 διά
325 4306 419 4360 τοῦ
452 4308 606 4376 λόγου
657 4311 1112 4384 προδεικνυμένη·
1151 4315 1210 4368 τὸ
1251 4318 1438 4386 μαθεῖν
1467 4319 1547 4372 ὅτι
1589 4335 1766 4389 μακα-

209 4395 395 4466 ριστόν
431 4399 542 4450 ἐστι
570 4399 628 4452 τὸ
658 4401 715 4451 ἐν
761 4403 949 4473 ἐκείνῳ
995 4405 1262 4472 γενέσθαι,
1309 4408 1576 4478 χρήσιμον
1607 4409 1671 4462 ἂν
1696 4404 1764 4479 ἧν

203 4491 321 4552 τοῖς
358 4489 659 4544 ἀκούουσιν.
693 4493 833 4556 Ἕως
865 4494 909 4547 δ’
939 4496 1004 4550 ἂν
1036 4497 1096 4549 τδ
1129 4499 1267 4553 κατὰ
1293 4498 1389 4569 τὴν
1410 4499 1592 4556 ἄνοδον
1624 4502 1768 4572 ἀμή“

1864 3331 2079 3387 aestuat,
2129 3322 2451 3392 ambigendo
2489 3338 2632 3380 mine
2673 3323 2880 3392 punitas
2929 3324 3108 3379 cordis
3149 3325 3220 3379 sit
3253 3340 3316 3379 ex
3349 3327 3415 3380 iis

1866 3415 2030 3470 rebus
2077 3429 2195 3483 quae
2214 3429 2388 3484 neque
2403 3413 2536 3469 eﬁici
2555 3421 2804 3482 possunt,
2834 3423 2886 3469 et
2907 3421 3156 3470 naturam
3172 3425 3414 3468 nostram

1866 3511 2126 3573 superant
2162 3509 2216 3559 et
2241 3501 2531 3558 excedunt.
2569 3501 2701 3560 Nam
2736 3503 2779 3554 si
2805 3517 2902 3571 per
2931 3503 3068 3556 hanc
3098 3501 3236 3556 Deus
3267 3505 3414 3557 vidc-

1865 3603 1996 3658 tur,
2055 3593 2268 3663 Moyses
2311 3601 2490 3648 autem
2534 3600 2586 3647 et
2623 3590 2828 3646 Paulus
2874 3607 2982 3646 non
3015 3592 3267 3648 viderunt
3325 3608 3419 3662 per

1866 3684 1969 3739 boc
1996 3685 2140 3754 quod
2183 3699 2358 3754 neque
2401 3684 2469 3739 ab
2502 3698 2642 3749 sese,
2690 3697 2870 3752 neque
2905 3683 2971 3740 ab
3005 3683 3111 3738 alio
3146 3697 3416 3753 quoquam

1865 3777 2033 3834 Deum
2058 3776 2227 3832 videri
2257 3790 2416 3845 posse
2453 3773 2738 3840 alﬁrmant,
2766 3789 2828 3828 ea
2853 3788 2974 3842 quae
3007 3789 3150 3828 nunc
3175 3788 3207 3826 a
3243 3773 3418 3829 Verbo

1863 3867 2184 3922 beatitudini
2223 3867 2565 3936 pr0ponitur,
2597 3879 2686 3922 res
2728 3865 2995 3933 ejusmodi
3034 3880 3156 3926 esse
3183 3866 3413 3928 videtur,

1864 3974 1986 4029 quae
2011 3957 2145 4017 eﬁici
2179 3965 2340 4026 atque
2362 3956 2735 4026 repraesentari
2769 3971 2874 4010 non
2921 3956 3111 4024 possit.
3147 3956 3292 4020 Quid
3318 3958 3414 4026 igi-

1863 4057 1954 4105 tur
1995 4047 2132 4102 lucri
2176 4047 2336 4102 nobis
2385 4046 2594 4100 accedit
2647 4061 2724 4101 ex
2756 4061 2843 4110 eo,
2895 4047 3418 4117 quodcognovimus

1864 4154 1970 4209 qua
2000 4139 2211 4194 ratione
2258 4136 2400 4192 Deus
2428 4137 2697 4199 videatur,
2743 4137 2789 4190 si
2824 4137 2966 4193 vires
2998 4138 3076 4194 rei
3101 4139 3417 4207 excogitata:

1864 4247 1976 4286 non
1999 4231 2239 4292 adsunt?
2270 4230 2328 4288 id-
2346 4231 2494 4286 enim
2517 4231 2695 4286 simile
2741 4239 2843 4294 est,
2879 4245 2941 4286 ac
2965 4231 3010 4287 si
3039 4233 3162 4301 quis
3189 4231 3414 4296 diceret,

1863 4321 2079 4378 beatum
2124 4336 2246 4376 esse
2272 4321 2329 4380 in
2362 4322 2503 4376 coelo
2530 4321 2769 4384 versari,
2824 4322 3082 4391 quoniam
3127 4321 3239 4376 illic
3280 4337 3413 4376 con—

1865 4412 2169 4481 spiciuntur
2189 4425 2275 4474 ea,
2315 4426 2435 4481 quae
2465 4413 2521 4466 in
2557 4411 2659 4466 hoc
2688 4412 2889 4467 saeculo
2934 4413 3419 4482 nonconspiciun-

1865 4514 1972 4557 tur.
2008 4500 2140 4558 Nam
2175 4500 2222 4557 si
2252 4501 2432 4571 aliqua
2463 4502 2602 4562 ratio
2633 4501 2950 4571 expediendi
2983 4501 3193 4557 itineris
3218 4502 3272 4554 in
3304 4516 3417 4556 cm-

204 4597 372 4650 χανον
404 4578 461 4654 ᾖ,
495 4582 546 4634 τί
588 4583 738 4653 φέρει
770 4585 954 4654 κέρδος
985 4588 1016 4658 ή
1047 4586 1245 4654 γνῶσις
1292 4589 1390 4660 τῆς
1436 4591 1763 4662 μακαριότη-

1866 4596 1976 4652 lum
2006 4610 2102 4666 per
2137 4609 2446 4656 sermonem
2472 4603 2994 4664 prmonstraretur,
3030 4594 3161 4648 utile
3193 4593 3419 4648 audien-

203 4687 299 4732 τος
333 4673 428 4741 τῆς
455 4673 726 4743 οὐρανίας,
749 4675 987 4729 λυποῦσα
1017 4679 1174 4747 μόνον
1203 4679 1326 4742 τοὺς
1361 4681 1764 4753 μεμαθηκότας,

202 4763 336 4816 οἴων
363 4763 448 4816 διὰ
471 4765 529 4816 τὸ
557 4765 809 4818 ἀδύνατον
828 4769 925 4837 τῆς
949 4769 1137 4822 ἀνόδου
1166 4771 1580 4842 ἀποστερήμεθα
1601 4791 1615 4838 ;
1639 4767 1764 4846 'Ap‘

199 4851 302 4908 οὖν
343 4853 444 4919 ἔξω
477 4856 573 4926 τῆς
621 4857 829 4925 φύσεως
876 4859 1029 4932 ἡμῶν
1072 4863 1100 4913 6
1156 4862 1355 4932 Κύριος
1403 4863 1764 4932 ἐγκελεύεται,

201 4946 304 4998 καὶ
343 4945 582 5016 ὑπερέϐη
632 4946 700 5000 τὰ
752 4948 922 5019 μέτρα
966 4949 1066 5019 τῆς
1107 4952 1447 5024 ἀνθρωπίνης
1490 4953 1767 5026 δυνάμεως

197 5035 287 5105 τῷ
340 5037 606 5108 μεγαλείῳ
654 5036 746 5090 τοῦ
798 5040 1196 5111 ἐπιτάγματος;
1253 5043 1364 5096 Οὐκ
1414 5044 1526 5103 ἐστι
1575 5046 1764 5105 ταῦτα.

200 5125 351 5180 Οὔτε
394 5129 500 5199 γὰρ
529 5130 761 5200 πτηνοὺς
799 5131 1047 5198 γενέσθαι
1090 5133 1318 5198 κελεύει,
1347 5129 1427 5198 οἷς
1469 5136 1530 5188 τὸ
1570 5137 1766 5206 πτερὸν

196 5221 311 5273 οὐκ
350 5220 625 5290 ἐνέφυσεν,
664 5223 782 5276 οὐδὲ
828 5224 932 5276 ὑπὸ
968 5224 1110 5296 ὕδωρ
1158 5227 1256 5298 ζῇν
1287 5222 1366 5292 οἷς
1397 5229 1488 5282 τὸν
1519 5235 1766 5301 χερσαῖον

197 5314 567 5384 ἀπεκλήρωσε
615 5315 746 5385 βίον.
786 5317 848 5370 Ei
877 5314 967 5371 οὖν
998 5318 1052 5370 ἐν
1083 5321 1212 5372 πᾶσι
1239 5323 1349 5383 τοῖς
1390 5321 1567 5384 ἄλλοις
1598 5322 1768 5394 πρόσ-

196 5408 379 5480 φορός
406 5411 521 5463 ἐστι
565 5413 632 5481 τῇ
665 5410 886 5482 δυνάμει
913 5413 1020 5467 τῶν
1064 5412 1360 5484 δεχομένων
1398 5414 1426 5466 6
1459 5414 1639 5485 νόμος,
1671 5418 1764 5468 καὶ

194 5500 364 5556 οὐδὲν
409 5501 548 5573 ὑπὲρ
592 5503 690 5572 τὴν
733 5503 890 5572 φύσιν
919 5504 1194 5575 βιάζεταιο
1238 5508 1331 5560 καὶ
1362 5505 1516 5560 τοῦτο
1549 5507 1764 5569 πάντως

1862 4688 2008 4742 tibus
2034 4695 2178 4743 esset
2199 4687 2460 4742 didicisse
2503 4685 2646 4755 quod
2680 4686 2897 4740 beatum
2945 4686 3016 4738 sit
3045 4685 3100 4738 in
3128 4686 3265 4740 caelo
3295 4701 3416 4739 ver-

1864 4777 1994 4834 sari.
2039 4777 2292 4846 Quandiu
2337 4786 2516 4832 autem
2559 4791 2819 4832 ascensus
2862 4777 3146 4846 expeditus
3171 4791 3278 4830 non
3308 4784 3413 4843 est,

1862 4869 1995 4940 quid
2041 4868 2394 4924 emolumenti
2437 4866 2592 4927 aﬁ‘ert
2633 4868 2869 4937 cognitio
2919 4867 3156 4922 cmlestis
3185 4867 3417 4924 beatitu-

1863 4959 2027 5025 dinis,
2054 4975 2258 5030 angens
2287 4959 2548 5013 duntaxat
2573 4968 2626 5012 et
2653 4959 2791 5015 male.
2821 4961 3023 5018 habens
3045 4974 3147 5014 nos
3193 4959 3416 5014 edoctos

1864 5052 2118 5122 qualibus
2147 5051 2309 5106 rebus
2335 5051 2527 5120 privati
2553 5050 2747 5116 simus,
2786 5059 2839 5110 et
2884 5058 3100 5120 propter
3129 5065 3416 5105 ascensum

1864 5144 2180 5214 impeditum
2214 5142 2534 5198 careamus?
2587 5141 2840 5212 Nunquid
2866 5142 3033 5212 igitur
3064 5140 3130 5195 ad
3160 5140 3234 5203 id,
3273 5136 3419 5208 quod

1864 5243 2115 5288 naturam
2165 5243 2405 5294 nostram
2455 5231 2691 5296 excedit,
2737 5231 3000 5288 Dominus
3049 5231 3311 5293 hortatur,
3365 5241 3418 5284 et

1864 5335 2085 5394 superat
2117 5326 2337 5386 modum.
2380 5325 2734 5380 humanarum
2780 5325 2972 5382 virium
3021 5319 3418 5392 magniﬁcentia

1870 5415 2159 5488 praecepti?
2204 5414 2320 5472 Non
2379 5415 2454 5469 ita
2487 5431 2546 5470 se
2579 5430 2666 5470 res
2695 5414 2874 5472 habet.
2921 5412 3108 5482 Neque
3138 5412 3281 5470 enim
3318 5426 3417 5466 vo-

1872 5511 2051 5565 lucres
2077 5508 2189 5568 ﬁeri
2217 5508 2393 5578 jubet,
2425 5508 2623 5578 quibus
2647 5507 2764 5561 alas
2789 5521 2897 5559 non
2920 5504 3174 5575 produxit
3197 5518 3212 5556 :
3242 5518 3417 5574 neque

198 5595 276 5650 ἐκ
315 5592 411 5647 τοῦ
443 5593 730 5649 ἀκολούθου
756 5598 1035 5667 νοήσομεν,
1071 5597 1145 5668 μὴ
1177 5599 1269 5652 ἀπ’
1299 5598 1510 5662 ἐλπίδος
1540 5595 1674 5654 εἶναι
1705 5600 1764 5651 τὸ

1872 5600 1974 5654 sub
2005 5614 2145 5668 aqua
2175 5600 2377 5662 vivere,
2427 5597 2623 5669 quibus
2645 5606 2954 5656 terrestrem
2984 5595 3146 5649 vitam
3174 5594 3419 5667 assigna-

196 5684 301 5740 διὰ
331 5685 425 5739 τοῦ
459 5687 801 5758 μακαρισμοῦ
833 5689 1296 5761 προδεικνύμενον.
1350 5690 1506 5744 Ἀλλά
1555 5692 1647 5745 καὶ⁸
1675 5691 1764 5743 τὸν

1871 5693 1968 5749 vit.
2021 5689 2078 5745 Si
2126 5691 2288 5762 igitur
2335 5691 2418 5750 lex
2470 5691 2524 5744 in
2577 5686 2697 5748 aliis
2735 5687 2986 5748 omnibus
3036 5685 3414 5757 accipientium

281 5857 336 5892 "
375 5857 560 5915 Matth.
623 5874 696 5930 tv,
731 5861 819 5918 30.
895 5863 941 5898 “
988 5863 1130 5921 Psal.
1170 5881 1368 5933 cxxvu,
1426 5869 1476 5924 5.
1552 5869 1594 5902 "
1652 5867 1754 5923 lsa.
1795 5880 1942 5932 xxw,
1980 5865 2066 5930 10,
2103 5863 2255 5935 juxta
2289 5860 2454 5917 LXX.
