4018 6498
588 471 720 527 lib“!

1802 475 1858 531 S.
1901 474 2221 531 GliEGORIl
2263 475 2552 531 NYSSEM
2602 499 2606 502 ·

3640 447 3774 535 satis

580 587 786 642 viribus
829 589 1152 644 conveniens
1205 601 1320 654 est,
1363 601 1414 646 et
1464 593 1530 646 ad
1579 593 1778 646 nullam
1832 609 1942 648 rem
2003 609 2122 664 qua:

2242 597 2502 667 Ἰωάννην,
2533 596 2625 648 καὶ
2664 595 2753 648 τὸν
2798 593 3026 657 Παῦλον,
3072 592 3166 647 καλ⁵
3213 592 3306 646 τὸν
3350 593 3572 654 Μωσέα,
3605 593 3694 645 καὶ
3723 593 3774 646 εί

578 696 739 750 supra
774 691 1016 735 naturam
1048 683 1118 736 sit
1167 685 1345 752 cogit,
1378 685 1538 739 etiam
1579 687 1679 740 hoc
1710 702 1930 755 prorsus
1963 703 2029 741 ex
2064 702 2129 741 eo

578 775 718 843 quod
761 783 1181 828 consentaneum
1230 785 1311 830 est
1347 777 1707 848 intelligemus
1733 819 1746 840 ,
1789 794 1897 832 non
1938 778 2131 847 despe-

578 864 803 918 randum
852 866 1100 920 videlicet
1149 883 1269 922 esse
1306 868 1358 922 id
1417 869 1560 938 quod
1607 885 1702 938 per
1741 869 2126 923 beatitudinem

577 964 1042 1025 praemonstratur,
1092 959 1185 1012 sed
1239 967 1293 1014 et
1336 959 1620 1023 Joannem,
1683 970 1736 1014 et
1775 960 2022 1024 Paulum,
2077 970 2130 1012 et

576 1045 819 1116 Moysen,
869 1056 922 1101 et
973 1049 1017 1103 si
1051 1051 1172 1118 quis
1203 1051 1342 1104 alius
1378 1051 1590 1106 illorum
1638 1052 1830 1107 similis
1879 1061 1982 1115 est,
2021 1067 2129 1105 non

577 1136 846 1192 excidisse
876 1138 977 1191 hac
1012 1140 1230 1194 sublimi
1265 1143 1620 1206 beatitudine,
1655 1158 1775 1212 qua:
1803 1159 1869 1197 ex
1903 1157 2133 1212 conspe-

578 1227 759 1282 ctione
790 1228 878 1284 Dei
916 1232 1142 1294 accedit,
1195 1248 1368 1302 neque
1405 1234 1556 1288 illum
1603 1235 1694 1304 qui
1727 1234 1900 1288 dixit:
1934 1233 2131 1287 Recon-

579 1319 695 1373 dita
731 1331 807 1374 est
839 1323 966 1374 mihi
987 1323 1212 1391 justitiaa
1237 1341 1454 1390 corona,
1504 1342 1661 1395 quam
1687 1326 1864 1379 reddet
1895 1327 2022 1378 mihi
2039 1327 2132 1395 ju-

581 1422 694 1466 stus
716 1413 882 1482 judex
899 1414 968 1479 ⁸³,
1001 1430 1176 1485 neque
1200 1433 1322 1470 eum
1357 1418 1450 1487 qui
1478 1418 1726 1472 recubuit
1759 1433 1921 1487 super
1947 1426 2134 1488 pectus

583 1497 712 1554 Jesu
756 1501 822 1565 δ’,
881 1518 1055 1571 neque
1103 1519 1224 1556 eum
1277 1504 1369 1573 qui
1416 1505 1622 1559 audivit
1671 1520 1702 1557 a
1753 1519 1884 1558 voce
1929 1505 2131 1568 divina,

585 1589 814 1662 Cognoui
846 1602 894 1646 te
917 1603 1104 1660 prwter
1136 1610 1312 1647 omnes
1333 1595 1398 1650 ⁸ο.
1433 1595 1489 1649 Si
1523 1610 1655 1665 ergo
1682 1610 1788 1662 non
1823 1595 2132 1664 ambigitur,

583 1683 712 1748 quin
747 1683 818 1735 illi
857 1683 950 1751 qui
988 1685 1491 1754 contemplationem
1518 1685 1612 1740 Dei
1645 1701 1808 1755 supra
1842 1686 1987 1740 vires
2016 1700 2138 1739 esse

585 1770 1191 1840 pradicaverunt,beati
1217 1775 1344 1839 sint,
1379 1774 1654 1830 beatitudo
1701 1785 1878 1831 autem
1908 1792 1973 1833 ex
2008 1793 2136 1832 con-

585 1863 861 1931 spectione
909 1862 1000 1916 Dei
1035 1865 1272 1930 exsistit,
1312 1873 1473 1936 atque
1501 1865 1667 1922 Deum
1697 1868 1882 1923 videre
1920 1868 2133 1923 contin-

2227 706 2310 751 τις
2338 688 2492 751 ἄλλος
2534 689 2650 740 κατ’
2687 686 2920 750 ἐκείνους
2948 686 3083 752 ἐστὶ,
3119 685 3190 756 μὴ
3232 685 3641 738 ἐκπεπτωκέναι
3681 684 3776 754 τῆς

2227 780 2434 850 ὑψηλῆς
2463 779 2662 849 ταύτης
2700 777 3110 848 μακαριότητος,
3153 777 3247 846 τῆς
3286 777 3350 828 ὲκ
3386 775 3477 828 τοῦ
3526 775 3654 828 ἰδεῖν
3688 774 3777 828 τὸν

2228 872 2357 924 Θεὸν
2387 871 2826 942 προσγινομένης,
2866 870 2996 940 μηδὲ
3020 869 3108 921 τὸν
3141 869 3379 928 εἰπόντα,
3397 869 3477 920 δτι
3518 868 3778 921 Ἀπόκει-

2228 963 2324 1018 ταί
2347 983 2447 1033 μοι
2492 968 2525 1018 ὁ
2555 963 2664 1031 τῆς
2688 963 3074 1028 δικαιοσύνης
3101 961 3416 1029 στέφανος,
3453 959 3525 1013 ὃν
3551 958 3778 1014 ἀποδώ-

2229 1070 2322 1108 σει
2349 1071 2450 1122 μοι
2480 1056 2512 1106 ὁ
2538 1051 2760 1118 δίκαιος
2798 1051 3021 1120 κριτὴς,
3055 1051 3189 1120 μήτε
3216 1049 3305 1101 τὸν
3347 1051 3437 1101 ἐπὶ
3477 1049 3539 1101 τὸ
3588 1047 3782 1117 στῆθος
3807 1112 3824 1135 0

2229 1144 2563 1198 ἀναπεσόντα
2609 1143 2704 1196 τοῦ
2747 1141 2939 1212 Ἰησοῦ,
2994 1143 3128 1212 μήτε
3175 1140 3264 1194 τὸν
3310 1140 3583 1210 ἀκηκοότα
3635 1139 3784 1209 παρὶ

2229 1236 2326 1305 τῆς
2358 1234 2504 1297 Θείας
2530 1233 2728 1303 φωνῆς,
2759 1233 2838 1285 ὅτι
2872 1234 3092 1301 Ἕγνων
3119 1247 3191 1284 σε
3235 1233 3389 1300 παρὰ
3419 1231 3675 1296 πάντας.
3724 1231 3788 1283 Ei

2231 1321 2322 1379 οὖν
2345 1327 2558 1390 ἐκεῖνοι,
2592 1324 2719 1394 παρ’
2743 1316 2815 1376 ὧν
2842 1323 2980 1393 ὑπὲρ
3013 1322 3236 1392 δύναμιν
3264 1324 3296 1390 ἡ
3326 1320 3417 1374 τοῦ
3449 1321 3583 1374 Θεοῦ
3615 1338 3785 1373 καταο

2231 1416 2411 1487 νόησις
2456 1411 2591 1468 εἶναι
2622 1416 2991 1486 κεκήρυκται,
3027 1413 3345 1485 μακαριστοὶ
3387 1409 3525 1466 εἶναι
3554 1412 3655 1465 οὒκ
3683 1414 3788 1480 ἀμ-

2235 1505 2603 1576 φιϐάλλονται·
2630 1506 2663 1575 ἡ
2693 1504 2750 1557 δὲ
2785 1504 3114 1575 μακαριότης
3150 1505 3230 1567 είς
3265 1504 3326 1556 es
3355 1503 3478 1556 ἰδεῖν
3522 1504 3614 1556 τὸν
3661 1503 3788 1554 Θεὸν

2235 1600 2399 1661 ἐστιν,
2429 1596 2584 1650 τοῦτο
2609 1597 2664 1649 δὲ
2694 1597 2757 1648 ὲκ
2787 1595 2878 1648 τοῦ
2917 1594 3151 1665 καθαρὸν
3179 1598 3244 1665 τῇ
3271 1595 3465 1665 καρδία
3501 1593 3786 1662 γενέσθαι·

2234 1691 2340 1760 ἄρα
2383 1689 2482 1742 οὐκ
2528 1688 2781 1750 ἀδύνατος
2809 1687 2906 1758 τῆς
2933 1687 3156 1758 καρδίας
3198 1689 3230 1758 ἡ
3260 1687 3584 1758 καθαρότης,
3615 1686 3686 1739 δι’
3723 1681 3786 1756 ἧς

2233 1779 2349 1834 ἔστι
2401 1776 2650 1846 γενέσθαι
2710 1775 2991 1846 μακάριον.
3041 1775 3163 1837 Πῶς
3220 1771 3311 1828 οὖν
3355 1774 3468 1826 ἐστι
3524 1774 3616 1826 καὶ
3669 1774 3790 1835 τοῦς

2237 1867 2376 1921 κατά
2404 1866 2611 1920 Παῦλον
2635 1865 2806 1936 ἀληθῆ
2844 1864 3019 1932 λέγειν
3051 1863 3238 1934 φῆσαι,
3272 1863 3410 1934 ὑπὲρ
3439 1862 3536 1933 τὴν
3566 1862 3791 1930 δύναμιν

585 1953 685 2022 git,
743 1955 786 2008 si
818 1956 941 2024 quis
989 1970 1124 2022 puro
1152 1956 1316 2011 corde
1367 1958 1457 2022 sit,
1497 1969 1642 2013 certe
1684 1959 1891 2028 puritas
1936 1959 2136 2022 cordis,

2242 1958 2391 2029 ἡμῶν
2439 1955 2893 2026 ὑποφαινομένους
2937 1950 3071 2007 εἶναι
3097 1954 3196 2025 τὴν
3229 1954 3318 2005 τοῦ
3352 1953 3483 2006 Θεοῦ
3521 1953 3789 2022 κατανόη-

589 2057 688 2111 per
719 2058 879 2112 quam
923 2045 1139 2100 beatum
1181 2047 1295 2101 ﬁeri
1329 2047 1483 2115 licet,
1532 2065 1640 2103 non
1673 2058 1756 2105 est
1785 2061 1848 2105 ex
1886 2050 1952 2105 iis
1978 2051 2141 2105 rebus

587 2149 707 2202 quae
754 2135 945 2190 confici
999 2152 1107 2191 non
1157 2151 1404 2208 possunt.
1460 2141 1561 2208 Qui
1619 2142 1783 2210 igitur
1814 2141 1920 2195 dici
1970 2149 2144 2211 potest

586 2226 735 2295 quod
767 2233 820 2280 et
853 2227 931 2280 illi
985 2229 1075 2297 qui
1125 2245 1247 2284 cum
1281 2231 1449 2286 Paulo
1497 2232 2006 2303 contemplationem
2043 2231 2137 2286 Dei

2237 2067 2340 2113 σιν,
2371 2049 2463 2102 καὶ
2489 2048 2584 2118 τὴν
2629 2047 2721 2099 τοῦ
2765 2046 2966 2116 Κυρίου
3001 2043 3182 2114 φωνὴν
3225 2043 3297 2114 μὴ
3327 2041 3794 2111 ἀντιδογματίζειν

2237 2142 2482 2206 ἐκείνοις,
2531 2141 2588 2192 ὲν
2634 2138 2956 2208 καθαρότητι
2993 2134 3317 2206 ὀφθήσεσθαι
3350 2135 3440 2187 τὸν
3484 2134 3618 2186 Θεὸν
3672 2135 3796 2186 ὑπι-

2245 2251 2338 2302 σχο
2345 2233 2506 2303 μένην
2535 2249 2550 2298 ;

587 2333 750 2386 supra
790 2319 932 2376 vires
959 2336 1079 2377 esse
1111 2325 1478 2392 pronuntiant,
1510 2341 1635 2380 vera
1682 2326 1883 2392 dicant,
1937 2338 1990 2382 et
2023 2327 2232 2382 Domini
2262 2344 2360 2381 vox
2390 2328 2496 2383 illis
2547 2343 2654 2381 non
2680 2327 3014 2390 adversetur,
3082 2340 3200 2396 qum
3263 2323 3428 2378 Deum
3487 2338 3588 2392 per
3650 2320 3797 2391 puri-

585 2418 753 2467 tatem
789 2412 969 2468 cordis
998 2425 1345 2486 conspectum
1376 2419 1442 2472 iri
1472 2420 1758 2488 pollicetur
1783 2420 1805 2472 ?

656 2501 884 2557 Videtur
914 2505 1043 2558 mibi
1073 2506 1215 2560 haud
1247 2509 1482 2562 alienum
1515 2525 1654 2572 esse,
1694 2510 1739 2564 si
1770 2510 1835 2565 de
1873 2511 1956 2564 liis
1980 2512 2141 2566 rebus

588 2595 778 2664 paucis
810 2596 1159 2667 digrediendo
1200 2601 1431 2670 primum
1466 2601 1707 2670 quaedam
1755 2618 2138 2672 proponamus,

591 2700 714 2754 qua:
741 2693 996 2756 tanquam
1029 2689 1183 2742 firma
1215 2698 1378 2760 atque
1401 2691 1603 2745 nullius
1627 2693 1954 2761 probationis
1983 2709 2143 2764 egen-

589 2775 664 2828 tia
694 2791 993 2841 sumamus,
1038 2788 1088 2831 ut
1128 2781 1409 2835 commode
1440 2781 1595 2835 nobis
1629 2784 1774 2836 circa
1804 2799 1916 2838 rem
1952 2799 2143 2854 prOpo-

590 2869 750 2923 sitam
773 2870 1069 2938 speculatio
1101 2873 1375 2940 procedat.
1405 2873 1594 2926 Divina
1627 2885 1841 2938 natura,
1873 2876 2140 2945 quidquid

590 2960 708 3028 ipsa
742 2961 957 3014 tandem
987 2977 1082 3031 per
1110 2979 1169 3016 se
1193 2964 1490 3018 secundum
1519 2967 1809 3020 essentiam
1844 2975 1946 3031 est,
1986 2983 2144 3036 supe-

589 3057 676 3104 rat
703 3067 916 3106 omnem
943 3054 1432 3122 comprehendendi
1468 3055 1730 3110 rationem
1763 3064 1924 3126 atque
1971 3059 2144 3112 soler-

595 3143 741 3206 tiam,
773 3145 970 3214 quippe
1000 3161 1119 3214 quae
1151 3146 1547 3215 conjecturales
1576 3148 1814 3203 rationes
1843 3157 1898 3203 et
1929 3149 2142 3220 excogi-

591 3234 825 3289 tationes
857 3235 1083 3304 rejiciat,
1134 3238 1378 3306 repellat,
1435 3247 1759 3308 aspernetur
1796 3246 1848 3292 et
1883 3254 1990 3292 non
2043 3241 2140 3293 ad-

2309 2510 2462 2561 Δοκεῖ
2509 2525 2596 2577 μοι
2648 2506 2824 2567 καλῶς
2872 2505 3012 2574 ἔχειν
3062 2504 3190 2574 περὶ
3233 2503 3418 2556 τούτου
3467 2503 3670 2574 χρῆναι
3717 2505 3798 2557 δά

2243 2599 2482 2670 βραχέων
2529 2598 2740 2668 πρῶτον
2775 2595 2976 2662 λαϐεῖν,
3021 2595 3095 2658 ὡς
3143 2594 3208 2647 ἂν
3253 2593 3374 2646 καθ’
3417 2595 3532 2647 ὁδὸν
3585 2596 3800 2662 γένοιτο

2239 2695 2368 2762 ἡμῖν
2402 2691 2528 2759 περὶ
2553 2689 2614 2741 τὸ
2649 2688 3002 2758 προκείμενον
3028 2688 3061 2756 ἠ
3102 2685 3320 2755 Θεωρία.
3367 2685 3430 2737 Ἢ
3474 2685 3593 2738 θεία
3639 2687 3798 2755 (ptiar;

2240 2782 2376 2853 αὑτὴ
2421 2782 2540 2835 καθ’
2567 2781 2734 2852 αὐτὴν
2758 2779 2786 2831 ὃ
2808 2798 2860 2834 τι
2896 2779 3023 2832 ποτὲ
3057 2777 3173 2830 κατ’
3202 2776 3385 2828 οὐσίαν
3425 2778 3571 2840 ἐστὶ,
3619 2778 3797 2846 πάσης

2241 2874 2556 2944 ὑπέρκειται
2610 2871 3010 2943 καταληπτικῆς
3058 2868 3317 2930 ἐπινοίας,
3357 2868 3652 2938 ἀπρόσιτος
3709 2869 3798 2922 καὶ

2241 2964 2681 3034 ἀπροσπέλαστος
2729 2959 2861 3017 οὖσα
2915 2963 3034 3022 ταῖς
3086 2960 3460 3028 στοχαστικαῖς
3509 2960 3796 3024 ὲπινοίαπ,

2243 3056 2335 3108 καὶ
2385 3053 2533 3107 οὔπω
2578 3071 2662 3116 τις
2709 3050 3011 3122 ἀνθρώποις
3047 3049 3178 3120 πρὸς
3222 3049 3318 3120 τὴν
3353 3049 3463 3102 τῶν
3511 3050 3801 3120 ἐκλήπτων

2245 3147 2566 3215 κατανόησιν
2603 3145 2887 3215 ἐξεύρηται
2918 3144 3138 3213 δύναμις
3160 3161 3173 3172 ·
3207 3143 3323 3196 οῦδέ
3364 3159 3444 3205 τις
3479 3142 3669 3210 ἐςτοδος
3709 3159 3800 3196 κα-

2245 3239 2545 3309 ταληπτικὴ
2574 3237 2680 3291 τῶν
2710 3235 3001 3307 ἀμηχάνων
3031 3234 3313 3304 ἐπενοήθη.
3363 3234 3452 3286 Διὸ
3481 3234 3574 3286 καὶ
3613 3233 3802 3297 liv-£6-

596 3326 792 3390 mittat,
841 3341 904 3381 ac
934 3327 1080 3381 nulla
1110 3327 1286 3381 adhuc
1331 3329 1475 3383 inter
1506 3329 1750 3384 homines
1803 3329 2030 3386 facultas
2076 3331 2141 3385 ad

2247 3331 2597 3400 ιχνίαστους
2625 3327 2720 3391 τὰς
2740 3327 2890 3390 ὁδοὺς
2914 3326 3074 3379 αὐτοῦ
3101 3329 3128 3379 ὁ
3157 3325 3330 3396 μέγας
3356 3325 3607 3394 ὀνομάζει
3650 3325 3801 3376 Ἀπό-

595 3417 1164 3486 comprehensibilium
1180 3419 1701 3475 animadversionem
1717 3429 1768 3474 et
1781 3423 2140 3490 cognitionem

596 3509 812 3561 inventa
855 3516 958 3571 est,
993 3500 1247 3578 nullaque
1297 3510 1459 3575 ratio,
1489 3511 1696 3565 nullum
1744 3514 2141 3581 compendium,

597 3597 743 3650 nulla
773 3597 880 3660 via,
917 3599 1097 3652 nullus
1129 3608 1442 3668 apparatus,
1487 3601 1694 3653 nullum
1728 3602 2143 3656 instrumentum

599 3690 954 3757 excogitatum
973 3697 1076 3756 est,
1106 3705 1215 3759 quo
1246 3706 1331 3744 res
1363 3691 1770 3761 inexplicabiles
1793 3694 2147 3762 comprehen-

599 3779 813 3834 dantur.
858 3779 1195 3851 Quapropter
1241 3798 1466 3853 magnus
1503 3784 1592 3838 iile
1633 3785 1925 3854 Apostolus
1969 3785 2145 3850 ἀνεξι-

599 3872 900 3942 χνιάστους,
957 3873 1009 3927 id
1054 3882 1136 3928 est
1168 3875 1312 3928 omni
1360 3875 1770 3944 investigatione
1818 3879 2145 3946 superiores,

600 3963 714 4018 sive
740 3963 1259 4035 impervestigabiles
1282 3966 1396 4021 vias
1421 3967 1537 4036 ejus
1566 3968 1808 4022 nominat
1832 3969 1907 4021 ’τι
1940 3969 2149 4039 signiﬁ-

600 4068 733 4110 cans
762 4070 859 4124 per
892 4072 954 4111 ea
985 4056 1167 4120 verba,
1203 4058 1620 4128 cogitationibus
1658 4060 1992 4116 inaccessam
2031 4077 2151 4116 esse

601 4144 747 4198 illam
780 4146 920 4200 viam
973 4162 1091 4216 quae
1123 4148 1274 4202 ducit
1317 4150 1385 4204 ad
1417 4158 1624 4204 naturae
1657 4151 1854 4204 divinae
1885 4148 2150 4221 cognitio-

602 4248 742 4287 nem.
777 4233 942 4299 Quasi
979 4237 1160 4290 nullus
1195 4238 1372 4292 adhuc
1425 4254 1612 4292 eorum
1651 4241 1741 4308 qui
1776 4241 1901 4294 vitae
1930 4257 2148 4295 cursum

603 4333 728 4379 ante
773 4325 1124 4381 confecerunt
1185 4330 1401 4398 aliquod
1467 4331 1755 4400 vestigium
1803 4333 1885 4386 vel
1938 4333 2150 4401 signum

605 4417 900 4486 cognitioni
943 4419 1301 4488 impresserit,
1345 4437 1452 4489 quo
1480 4424 1632 4492 signo
1663 4425 2057 4494 excogitarctur
2100 4406 2169 4480 et.

605 4508 972 4578 perciperetur
996 4525 1083 4564 res
1126 4527 1245 4581 quae
1273 4521 1490 4581 superat
1526 4529 1739 4568 omnem
1768 4515 2150 4585 cognitionem.

607 4597 752 4654 Talis
777 4607 955 4655 autem
992 4603 1287 4657 secundum
1323 4612 1568 4658 naturam
1594 4619 1717 4658 cum
1749 4606 1821 4659 sit
1848 4608 1893 4660 is
1942 4607 2032 4675 qui
2068 4622 2150 4660 su-

2245 3425 2447 3486 στολος,
2484 3422 2758 3492 σημαίνων
2801 3420 2885 3472 διὰ
2911 3419 3002 3472 τοῦ
3030 3419 3187 3487 λόγου
3215 3419 3276 3471 τὸ
3307 3417 3628 3471 ἀνεπίϐατον
3667 3413 3802 3470 εἶναι

2242 3516 2514 3585 λογισμοῖς
2554 3513 2652 3583 τὴν
2675 3512 2791 3564 ὁδὸν
2833 3512 3067 3580 ἐκείνην,
3095 3511 3129 3580 ἢ
3160 3510 3294 3580 πρὸς
3333 3510 3427 3579 τὴν
3459 3508 3663 3576 γνῶσιν
3711 3509 3801 3577 τῆς

2245 3607 2390 3668 Θείας
2417 3605 2599 3666 οὐσίας
2627 3603 2778 3671 ἄγει·
2808 3602 2882 3665 ὡς
2908 3600 3058 3655 οὔπω
3081 3591 3359 3664 τινδς’τῶν
3383 3600 3804 3670 προωδευκότων

2243 3699 2334 3750 τὸν
2365 3697 2474 3766 βίον
2524 3695 2664 3766 ἴχνος
2713 3712 2766 3746 τι
2818 3693 3226 3763 καταληπικῆς
3272 3691 3509 3754 ἐπινοίας
3546 3707 3801 3760 σημαινο.

2249 3790 2406 3860 μένου
2433 3792 2498 3858 τῇ
2526 3787 2720 3856 γνώσει
2745 3786 2836 3840 τοῦ
2863 3786 3000 3856 ὑπὲρ
3026 3785 3222 3854 γνῶσιν
3248 3784 3588 3853 πράγματος.
3618 3781 3801 3834 Τοιοῦ-

2244 3898 2334 3944 τος
2369 3881 2424 3932 δὲ
2445 3879 2518 3932 ὢν
2550 3879 2687 3933 κατὰ
2710 3879 2806 3947 τὴν
2837 3877 2995 3946 φύσιν
3020 3878 3049 3929 ὁ
3083 3876 3220 3945 ὑπὲρ
3247 3877 3426 3927 πᾶσαν
3457 3874 3640 3942 φύσιν,
3663 3875 3803 3942 ἄλλῳ

2247 3974 2386 4040 λόγῳ
2429 3972 2521 4023 καὶ
2549 3972 2736 4042 δρᾶται
2778 3970 2870 4024 καὶ
2901 3967 3368 4038 καταλαμϐάνεται
3418 3969 3447 4019 ὁ
3474 3966 3708 4036 ἀόρατός
3745 3983 3798 4017 τε

2249 4066 2341 4119 καὶ
2386 4066 2806 4134 ἀπερίγραπτος.
2840 4059 3026 4112 Πολλοὶ
3065 4057 3121 4110 δὲ
3152 4059 3200 4110 οἱ
3225 4059 3318 4128 τῆς
3344 4056 3596 4125 τοιαύτης
3636 4075 3802 4110 κατα-

2248 4158 2479 4226 νοήσεως
2510 4153 2718 4224 τρόποι.
2771 4151 2921 4202 Ἐστι
2951 4148 3059 4220 γὰρ
3089 4149 3182 4200 καὶ
3208 4147 3292 4199 διὰ
3338 4147 3435 4215 τῆς
3468 4147 3800 4216 ἐμφαινομέ-

2249 4261 2343 4312 νης
2382 4242 2456 4314 τῷ
2486 4243 2645 4295 παντὶ
2693 4241 2900 4309 σοφίας,
2935 4239 3026 4292 τὸν
3068 4240 3125 4290 ὲν
3156 4238 3312 4308 σοφία
3353 4238 3527 4290 πάντα
3574 4254 3800 4306 πεποιη-

2251 4335 2380 4388 κότα
2446 4332 2808 4404 στοχαστικῶς
2873 4331 3019 4385 ἰδεῖν.
3084 4329 3346 4400 Καθάπερ
3397 4330 3489 4382 καὶ
3553 4330 3648 4381 ἐπὶ
3695 4331 3801 4381 τῶν

2251 4425 2600 4496 ἀνθρωπίνων
2627 4420 3315 4497 δημιουργημάτωνόρᾶται
3340 4417 3539 4487 τρόπον
3587 4418 3711 4472 τινα
3737 4420 3798 4488 τῇ

2249 4518 2452 4586 διανοίᾳ
2475 4519 2502 4569 ὁ
2522 4514 2844 4586 δημιουργὸς
2867 4512 2956 4565 τοῦ
2981 4509 3334 4581 προκειμένου
3358 4511 3802 4580 κατασκευάσμα-

2251 4628 2360 4672 τος,
2394 4609 2488 4680 τὴν
2516 4609 2706 4678 τέχνην
2740 4606 2813 4676 τῷ
2845 4605 2988 4675 ἔργῳ
3027 4603 3431 4673 ἐναποθέμενος.
3481 4602 3705 4674 Ὀρᾶται
3748 4603 3801 4654 δὲ

607 4703 759 4757 perat
790 4705 1000 4745 omnem
1047 4700 1316 4757 naturam,
1359 4694 1462 4748 alia
1504 4695 1714 4749 ratione
1745 4703 1797 4749 et
1830 4696 2044 4750 videtur
2097 4705 2143 4750 et

2253 4702 2348 4770 οὐχ
2397 4703 2430 4770 ἠ
2478 4699 2635 4767 φύσις
2683 4697 2774 4751 τοῦ
2823 4694 3303 4766 τεχνητεύσαντος,
3361 4693 3493 4745 ἀλλὰ
3558 4695 3716 4763 μόνον
3767 4695 3798 4762 ἡ

606 4780 920 4847 percipitur,
975 4781 1066 4849 qui
1099 4791 1152 4835 et
1188 4783 1358 4837 videri
1405 4791 1458 4838 et
1489 4784 1870 4853 comprehendi
1924 4801 2029 4839 non
2059 4800 2143 4856 po-

2247 4793 2466 4864 τεχνικὴ
2494 4793 2787 4862 ἐπιστήμη,
2823 4791 2887 4860 ἣν
2915 4792 2942 4842 δ
2974 4789 3216 4858 τεχνίτης
3244 4791 3307 4858 τῇ
3373 4785 3689 4853 κατασκευῇ
3720 4785 3803 4840 ἐνο

609 4877 732 4930 test.
765 4869 913 4924 Multi
963 4880 1141 4925 autem
1173 4883 1298 4928 sunt
1341 4874 1481 4928 modi
1520 4876 1645 4930 talis
1689 4876 2158 4945 contemplationis

2253 4886 2500 4940 απέθετο.
2522 4882 2779 4938 Οῦτωκαὶ
2811 4880 2944 4948 πρὸς
2972 4880 3062 4931 τὸν
3092 4882 3148 4932 ὲν
3171 4881 3235 4949 τῇ
3283 4878 3454 4931 κτίσει
3515 4877 3800 4945 βλέποντες

607 4969 660 5015 et
685 4962 1029 5031 cognitionis.
1069 4963 1215 5018 Licet
1259 4965 1403 5018 enim
1457 4981 1552 5034 per
1598 4982 1715 5020 eam
1782 4983 1902 5036 qua:
1940 4967 1994 5021 in
2037 4969 2143 5021 uni-

2248 4974 2469 5044 κόσμον,
2500 4972 2704 5025 ἔννοιαν
2735 4972 2794 5023 οῦ
2837 4973 2932 5041 τῆς
2959 4971 3161 5034 οὐσίας,
3195 4971 3326 5023 ἀλλά
3353 4971 3452 5039 τῆς
3493 4971 3684 5036 σοφίας
3715 4966 3799 5020 τοῦ

607 5067 762 5106 verso
780 5062 996 5122 apparet
1019 5057 1358 5124 sapientiam,
1381 5059 1622 5128 conjecta
1633 5060 1758 5120 ndo,
1787 5074 2012 5113 cernere
2034 5076 2153 5114 cum

607 5144 701 5212 qui
758 5145 939 5198 omnia
993 5161 1126 5200 cum.
1173 5149 1436 5214 sapientia
1496 5149 1641 5204 fecit.
1691 5151 2153 5216 Quemadmodum

608 5237 768 5291 etiam
807 5237 859 5290 in
892 5239 1146 5306 operibus
1182 5240 1442 5305 ,ltumanis
1480 5252 1657 5298 mente
1702 5246 1940 5298 cernitur
1972 5247 2156 5312 aliquo

611 5326 771 5382 modo
799 5329 986 5383 artifex
1017 5336 1304 5401 pr0posita:
1329 5334 1595 5404 cujusque
1623 5347 1928 5398 structum,
1959 5339 2158 5406 quippe

611 5419 702 5488 qui
735 5427 902 5475 artem
936 5421 987 5474 in
1019 5438 1182 5492 opere
1205 5424 1525 5479 condiderit.
1564 5426 1817 5480 Cernitur
1846 5437 2021 5479 autem
2053 5445 2157 5481 non

611 5521 803 5566 natura
839 5515 1082 5580 artiﬁcis,
1121 5517 1215 5570 sed
1268 5519 1493 5572 scientia
1533 5518 1794 5572 duntaxat
1843 5521 2155 5579 artiﬁciosa.

612 5616 772 5672 quam
802 5604 992 5659 artifex
1025 5607 1081 5660 in
1127 5623 1289 5678 Opere
1335 5624 1642 5678 expressam
1679 5611 1914 5679 reliquit.
1958 5609 2154 5664 Eodem

611 5693 771 5748 etiam
799 5693 959 5749 modo
988 5711 1109 5750 cum
1143 5699 1208 5752 ad
1243 5708 1492 5753 ornatum
1542 5700 1635 5770 qui
1660 5701 1992 5756 in‘creatura
2028 5718 2159 5756 con-

686 5876 730 5912 “
769 5875 809 5931 ll
839 5878 977 5933 Tim.
1007 5895 1079 5946 tv,
1117 5878 1166 5934 8.
1245 5880 1289 5912 δ’
1326 5880 1480 5935 Joan.
1534 5897 1641 5948 χιιι,
1697 5881 1785 5948 20,

1863 5883 1908 5915 '°
1962 5882 2128 5936 Exod.
2181 5896 2372 5943 xxxm,
2414 5880 2495 5932 l7.

2253 5065 2388 5118 κατά
2417 5063 2592 5117 πάντα
2623 5062 2796 5130 σοφῶς
2834 5063 3186 5131 πεποιηκότος
3207 5060 3645 5130 ἀνατυπούμεθα.
3688 5059 3800 5111 Κᾶν

2250 5155 2348 5224 τῆς
2377 5153 2645 5222 ἡμετέρας
2679 5151 2818 5221 ζωῆς
2861 5153 2960 5223 τὴν
2989 5153 3160 5204 αἰτίαν
3201 5149 3561 5219 λογισώμεθα,
3594 5151 3674 5201 ὅτι
3707 5150 3800 5198 οῦκ

2253 5246 2308 5310 ἐξ
2365 5247 2625 5315 ἀνάγκης,
2683 5245 2794 5297 ἀλλ’
2843 5244 2899 5310 ἐξ
2951 5243 3160 5312 ἀγαθῆς
3220 5243 3587 5313 προαιρέσεως
3643 5237 3801 5309 ἦλθεν

2253 5337 2330 5398 εἰς
2401 5336 2461 5388 τὺ
2525 5336 2703 5388 κτίσαι
2773 5335 2861 5386 τὸν
2927 5334 3237 5404 ἄνθρωπον,
3321 5332 3479 5385 πάλιν
3556 5331 3648 5383 καὶ
3716 5327 3801 5379 διὰ

2253 5429 2434 5482 τούτου
2509 5430 2599 5481 τοῦ
2672 5428 2870 5497 τρόπου
2944 5425 3344 5494 καθεωρακέναι
3418 5423 3644 5490 λέγομεν
3712 5418 3803 5472 τὺν

2253 5520 2402 5580 Θεὸν,
2453 5519 2548 5589 τῆς
2599 5518 2924 5585 ἀγαθότητος
2975 5517 3033 5568 οὐ
3073 5515 3169 5584 τῆς
3213 5515 3394 5576 οῦσίας
3450 5517 3506 5566 ἐν
3561 5511 3799 5580 περινοίᾳ
3848 5561 3858 5567 _

2253 5611 2560 5680 γενόμενοι·
2610 5610 2748 5663 οὕτω
2803 5609 2894 5660 καὶ
2935 5609 3002 5661 τὰ
3057 5608 3189 5661 ἄλλα
3247 5608 3452 5667 πάντα,
3507 5608 3609 5658 ὅσα
3666 5602 3800 5671 πρὸς

2253 5704 2313 5756 τὸ
2369 5703 2609 5773 κρεῖττόν
2663 5719 2720 5753 τε
2784 5702 2877 5754 καὶ
2945 5699 3266 5772 ὑψηλότερον
3316 5697 3502 5766 ἀνάγει
3557 5700 3654 5767 την
3712 5695 3798 5747 ἓν·

2573 5881 2612 5910 ⁵⁸
2654 5878 2806 5933 Rom.
2850 5895 2924 5943 χι,
2966 5880 3050 5934 35.
