4018 6482
243 428 269 482 Ι
278 425 383 481 269

1287 425 1376 480 DE
1413 421 2008 484 BEATITUDINIBUS.
2042 426 2298 484 ORATIO
2327 427 2416 485 Vl.

3325 434 3461 490 1970

231 557 416 604 νοιαν,
491 538 627 594 Θεοῦ
691 528 1009 612 κατανόησιν
1070 542 1139 596 τὰ
1203 543 1423 597 τοιαῦτα
1500 545 1807 615 κατονομά-

1921 543 2140 614 spicitur
2205 543 2572 613 reSpicimus,
2644 543 2797 598 notio
2863 542 3108 615 quaedam
3171 544 3226 598 in
3285 549 3466 602 animo

233 633 420 704 ζομεν,
468 632 698 686 ἑκάστου
751 634 858 687 τῶν
913 633 1128 706 ὑψηλῶν
1189 637 1472 706 νοημάτων
1526 636 1615 690 τὸν
1672 635 1804 690 Θεὸν

236 725 369 794 ἡμῖν
431 726 510 788 είς
565 724 686 794 ὄψιν
742 725 980 792 ἄγοντος.
1047 726 1111 778 Ἢ
1167 726 1277 798 γὰρ
1333 726 1559 798 δύναμις
1621 729 1714 781 καὶ
1769 728 1804 798 ὴ

236 816 568 888 καθαρότης,
619 818 712 870 καὶ
755 817 816 870 τὸ
861 817 1118 882 ὡσαύτως
1157 817 1318 889 ἐχειν,
1370 819 1462 872 καὶ
1505 819 1565 872 τὸ
1601 818 1803 889 άμιγές

233 908 332 962 τοῦ
378 909 644 971 ἐναντίου,
679 909 774 963 καὶ
815 910 992 962 πάντα
1027 910 1095 962 τὰ
1122 909 1338 964 τοιαῦτα
1365 910 1512 974 θείας
1538 911 1681 973 τινὸς
1710 909 1805 962 καὶ

237 1000 450 1070 ὑψηλῆς
486 1000 692 1064 ἐννοίας
728 1003 948 1054 ἐντυποῖ
979 1004 1097 1065 ταῖς
1123 1001 1320 1072 ψυχαῖς
1349 1003 1448 1072 τὴν
1480 1003 1799 1070 φαντασίαν.

237 1092 450 1145 Οὐκοῦν
498 1091 767 1145 δείκνυται
817 1091 904 1145 διὰ
949 1092 1056 1145 τῶν
1108 1094 1428 1164 εἰρημένων,
1477 1093 1593 1157 πῶς
1633 1094 1730 1146 καὶ
1775 1096 1803 1147 ὀ

238 1183 441 1254 Κύριος
469 1182 738 1252 ἀληθεύει,
769 1182 1094 1253 ὀφθήσεσθαι
1129 1183 1218 1237 τὸν
1265 1182 1399 1236 Θεὸν
1441 1186 1552 1246 τοῖς
1579 1183 1804 1253 καρδίαν

239 1274 426 1345 ἔχουσι
473 1275 719 1346 καθαρὰν
753 1275 1246 1357 ἐπαγγειλάμενοςιο
1297 1277 1390 1329 καὶ
1435 1277 1464 1328 ὁ
1497 1275 1708 1340 Παῦλος
1740 1277 1802 1329 οὑ

238 1365 510 1435 ψεύδεται,
546 1368 679 1437 μήτε
719 1367 1015 1437 ἑωρακέναι
1057 1367 1177 1420 τινὰ
1203 1367 1299 1420 τὸν
1323 1366 1476 1431 Θεὸν,
1511 1367 1632 1438 μήτ’
1676 1366 1803 1419 ἰδεῖν

239 1457 502 1511 δύνασθαι
539 1457 626 1511 διὰ
664 1457 772 1510 τῶν
815 1458 1028 1511 οἰκείων
1059 1457 1230 1525 λόγων
1259 1457 1690 1528 ἀποφηνάμενος.
1743 1457 1803 1509 '0

241 1552 352 1623 γὰρ
381 1553 446 1621 τῇ
487 1551 645 1620 φύσει
689 1551 936 1621 ἀόρατος,
968 1549 1158 1620 ὁρατὸς
1191 1551 1308 1612 ταῖς
1335 1549 1631 1621 ἐνεργείαις
1659 1549 1803 1616 γίνε-

239 1662 355 1712 ται,
383 1646 439 1700 ἐν
467 1663 578 1699 τισι
623 1647 734 1709 τοῖς
764 1645 888 1715 περὶ
923 1642 1083 1696 αὑτὸν
1112 1641 1505 1714 καθορώμενος.

1901 641 2093 687 nostro
2113 631 2439 685 informatur
2469 648 2577 686 non
2609 634 2883 700 essentiaz,
2915 634 3008 689 sed
3035 634 3314 703 sapientiae
3347 636 3466 705 ejus

1902 722 1996 792 qui
2047 737 2136 776 res
2190 722 2473 777 universas
2507 723 2790 792 sapienter
2843 722 2988 778 fecit.
3023 724 3162 790 Quin
3205 726 3365 779 etiam
3419 729 3467 780 si

1901 823 2105 869 nostra:
2139 813 2263 866 vitae
2302 827 2521 867 causam
2575 814 3123 879 consideraverimus,
3179 817 3324 886 quod
3358 833 3467 870 non

1903 919 1970 959 ex
2001 905 2349 967 necessitate,
2383 904 2476 959 sed
2507 920 2570 959 ex
2598 905 2751 960 bona:
2779 907 3076 961 voluntatis
3104 906 3469 962 destinatione

1904 995 1970 1049 ad
2008 995 2304 1050 creandum
2336 995 2607 1050 hominem
2637 1007 2818 1052 motus
2849 1000 2940 1064 sit,
2965 1015 3156 1055 rursus
3182 1001 3340 1055 etiam
3375 1015 3464 1070 per

1902 1085 2048 1140 hunc
2077 1085 2295 1139 modum
2320 1086 2484 1140 Deum
2512 1101 2541 1140 a
2567 1087 2724 1142 nobis
2749 1089 2924 1144 visum
2950 1100 3001 1145 et
3025 1092 3468 1146 animadversum

1899 1188 2020 1229 esse
2072 1173 2328 1236 dicimus,
2382 1187 2507 1227 cum
2561 1189 2672 1228 non
2727 1183 3000 1242 naturam,
3039 1178 3133 1232 sed
3167 1179 3466 1232 bonitatem

1901 1263 2494 1335 comprehenderimus.
2554 1263 2757 1320 Eodem
2813 1267 2974 1322 modo
3019 1275 3214 1323 caetera
3253 1285 3471 1339 quoque

1907 1362 2108 1425 omnia,
2140 1376 2261 1432 qua:
2295 1359 2679 1430 cogitationem
2714 1362 2930 1431 erigunt
2978 1361 3044 1417 ad
3079 1364 3469 1421 consideratio—

1910 1471 2030 1512 nem
2059 1456 2176 1525 ejus
2219 1449 2366 1524 quOd
2400 1461 2454 1509 et
2479 1462 2699 1524 praastat
2731 1464 2784 1509 et
2812 1455 3046 1520 excellit,
3085 1465 3137 1512 et
3174 1457 3368 1513 melius
3408 1472 3473 1512 ac

1909 1549 2160 1618 superius
2199 1554 2285 1602 est
2334 1560 2496 1616 quam
2527 1555 2736 1600 caetera:
2769 1562 2858 1601 res
2900 1566 2912 1601 :
2967 1548 3094 1602 talia
3122 1550 3303 1604 omnia
3342 1564 3476 1603 con-

1909 1639 2311 1710 templationem
2341 1644 2395 1692 et
2427 1635 2789 1707 cognitionem
2808 1637 2901 1694 Dei
2933 1641 3301 1704 nominamus,
3339 1655 3474 1694 una-

240 1752 460 1808 quaque
513 1737 728 1793 sublimi
785 1736 1112 1808 cogitatione
1195 1743 1358 1805 atque
1441 1731 1881 1789 consideratione
1919 1729 2087 1786 Deum
2143 1728 2300 1784 nobis
2351 1727 2407 1783 in
2453 1733 2803 1796 conspectum
2863 1729 3186 1786 adducente.
3239 1731 3373 1785 Nam
3420 1743 3473 1788 et

242 1837 508 1908 potentia,
550 1846 604 1893 et
640 1838 872 1907 puritas,
905 1848 960 1893 et
997 1837 1188 1894 eodem
1232 1838 1392 1892 modo
1426 1852 1546 1892 sese
1585 1836 1803 1902 habere,
1840 1844 2044 1891 etcum
2075 1833 2349 1888 contrario
2379 1833 2698 1903 permistum
2724 1842 2834 1882 non
2863 1840 3008 1888 esse,
3079 1840 3144 1879 ac
3205 1825 3336 1878 talia
3360 1839 3476 1883 om_

243 1935 335 1987 nia
363 1934 561 1989 divina:
597 1934 881 2003 cujusdam
918 1943 970 1989 et
1011 1934 1260 1991 sublimis
1295 1933 1570 2004 opinionis
1635 1941 1690 1987 et
1748 1931 1989 1987 notionis
2051 1929 2228 1984 visum
2301 1935 2355 1983 et
2412 1924 2852 1997 imaginationem
2905 1919 3103 1974 animis
3155 1919 3474 1988 imprimunt

245 2035 410 2096 atque
459 2027 770 2082 informant.
823 2029 992 2098 igitur
1030 2045 1125 2099 per
1165 2043 1228 2082 ea
1281 2043 1400 2098 qua:
1455 2027 1612 2082 modo
1675 2027 1820 2082 dicta
1877 2035 2003 2082 sunt
2064 2023 2389 2084 ostenditur,
2437 2019 2710 2092 quomodo
2749 2027 2804 2074 et
2852 2015 3115 2069 Dominus
3150 2027 3280 2068 vera
3344 2012 3475 2067 dicit

243 2119 340 2188 qui
384 2118 660 2186 pollicitus
698 2127 782 2174 est
810 2118 978 2174 Deum
1016 2120 1086 2174 ab
1123 2120 1190 2175 iis
1239 2120 1332 2189 qui
1368 2135 1463 2174 cor
1490 2134 1682 2189 purum
1756 2119 1992 2174 habeant
2034 2123 2388 2188 conspectum
2420 2113 2484 2167 iri
2517 2153 2534 2177 ,
2586 2121 2642 2167 et
2715 2108 2976 2163 Paulus"
3041 2121 3150 2161 non
3191 2104 3474 2164 mentitur,

244 2210 341 2279 qui
369 2210 423 2264 in
452 2210 568 2264 suis
600 2210 815 2281 scriptis
845 2211 998 2276 dicit,
1035 2211 1180 2282 quod
1207 2209 1374 2266 Deum
1401 2226 1578 2281 neque
1643 2210 1840 2264 viderit
1915 2208 2226 2278 quisquam,
2280 2218 2458 2274 neque
2502 2201 2687 2257 videre
2737 2199 2932 2270 possit.
2966 2196 3098 2252 Nam
3145 2195 3237 2265 qui
3287 2202 3477 2246 natura

247 2304 540 2359 invisibilis
588 2297 692 2369 est,
732 2305 860 2360 dum
886 2321 982 2376 per
1010 2303 1293 2376 quasdam,
1330 2321 1449 2376 quae
1472 2306 1617 2361 circa
1644 2305 1819 2375 ipsum
1852 2302 2376 2364 animadvertuntur,
2434 2297 2786 2367 proprietates
2847 2292 3112 2354 cernitur,
3171 2285 3478 2344 efﬁcientiis

246 2408 304 2453 et
328 2397 635 2452 actionibus
665 2396 898 2452 visibilis
928 2406 1089 2468 atque
1118 2399 1451 2468 conspicuus
1485 2397 1564 2451 fit.

333 2490 468 2542 Ἀλλ’
500 2491 561 2542 οὑ
589 2489 722 2559 πρὸς
748 2487 902 2542 τοῦτο
931 2464 1113 2560 βλέπει
1141 2464 1295 2560 μόνον
1317 2489 1410 2543 τοῦ
1451 2487 1800 2562 μακαρισμοῦ

1975 2477 2172 2532 Verum
2209 2491 2316 2529 non
2345 2472 2413 2528 ad
2444 2473 2548 2526 hoc
2581 2470 2758 2526 solum
2806 2464 3158 2522 beatitudinis
3210 2467 3478 2521 sententia

247 2583 285 2651 ἡ
334 2580 556 2646 διάνοια,
611 2580 672 2633 τὸ
715 2579 777 2633 ἐκ
835 2597 978 2643 τινος
1027 2581 1303 2652 ἐνεργείας
1352 2580 1441 2635 τὸν
1490 2579 1813 2651 ἐνεργοῦντα

246 2671 504 2724 δύνασθαι
554 2669 790 2723 τοιοῦτον
841 2669 1292 2739 ἁναλογίσασθαι·
1345 2671 1550 2740 γένοιτο
1597 2671 1704 2743 γὰρ
1750 2670 1816 2724 ἂν

249 2764 384 2826 ἴσως
442 2761 537 2816 καὶ
604 2764 714 2825 τοῖς
780 2759 874 2814 τοῦ
943 2761 1137 2825 αἰῶνος
1197 2763 1383 2816 τούτου
1449 2764 1665 2831 σοφοῖς,
1729 2761 1817 2815 διὰ

248 2856 352 2926 τῆς
390 2854 483 2908 τοῦ
528 2855 729 2925 κόσμου
776 2855 1137 2925 εὑαρμοστίας
1188 2857 1221 2925 ἡ
1275 2854 1374 2924 τῆς
1422 2853 1819 2924 ὑπερκειμένης

253 2947 447 3014 σοφίας
487 2963 546 2998 τε
585 2949 682 3000 καὶ
724 2946 1000 3017 δυνάμεως
1049 2945 1392 3016 κατανόησις.
1447 2945 1582 2997 Ἀλλ’
1635 2944 1818 3015 ἕτερόν

256 3055 350 3108 μοι
415 3038 562 3090 δοκεί
615 3040 647 3108 ἡ
711 3037 803 3090 τοῦ
887 3044 1234 3108 μακαρισμοῦ
1306 3036 1640 3108 μεγαλοφυῒα
1709 3040 1821 3100 τοῖς

252 3129 570 3196 δυναμένοις
616 3128 866 3192 δέξασθαι
923 3128 1155 3181 κατιδεῖν
1210 3128 1270 3181 τὸ
1323 3127 1672 3198 ποθούμενον,
1723 3127 1822 3199 τὴν

255 3237 322 3273 συ
331 3219 565 3292 μῦουλὴν
591 3221 908 3291 ὑφηγεῖσθαι
929 3238 942 3252 ·
960 3221 1019 3273 τὸ
1037 3221 1092 3273 δέ
1123 3237 1210 3291 μοι
1238 3220 1523 3292 παραστὰν
1545 3221 1722 3291 νόημα
1753 3221 1821 3274 δι’

257 3313 672 3383 ὑποδειγμάτων
707 3314 1188 3385 σαφηνισθήσεται.
1223 3313 1451 3381 Ἀγαθόν
1487 3297 1704 3378 τικατὰ
1732 3313 1822 3367 τὸν

261 3403 598 3476 ἀνθρώπινόν
651 3407 767 3458 ἐστι
809 3404 942 3474 βίον,
992 3404 1168 3473 ὑγίεια
1213 3403 1306 3457 τοῦ
1353 3402 1633 3474 σώματος·
1689 3401 1823 3456 ἀλλὰ

263 3497 532 3567 μακάριον
562 3497 621 3550 οὑ
653 3497 714 3549 τὸ
739 3497 932 3550 εἰδέναι
962 3497 1120 3568 μόνον
1163 3495 1261 3565 τῆς
1291 3495 1499 3563 ὑγιείας
1531 3495 1620 3548 τὸν
1647 3495 1823 3563 λόγον,

260 3586 401 3642 ἀλλὰ
431 3588 490 3640 τὸ
525 3589 581 3640 ἐν
628 3587 804 3658 ὑγιείᾳ
840 3587 960 3657 ζῇν.
1006 3584 1069 3639 Εἰ
1099 3585 1205 3656 γάρ
1236 3603 1318 3649 τις
1343 3584 1592 3656 ἐγκώμια
1618 3585 1825 3652 διεξιὼν

259 3684 365 3745 τῆς
403 3678 610 3746 ὑγιείας
638 3677 735 3748 τὴν
775 3677 976 3747 νοσώδη
1016 3676 1110 3728 καὶ
1137 3675 1444 3746 κακόχυμον
1467 3677 1670 3748 αἱροίτο
1706 3693 1827 3747 τρο-

262 3772 375 3840 φήν
395 3786 411 3802 ο
438 3769 490 3821 τί
517 3767 622 3820 τῶν
642 3766 927 3835 ἐγκωμίων
953 3766 1048 3835 τῆς
1073 3764 1279 3832 ὑγιείας
1310 3764 1560 3818 ἀπώνατο
1583 3767 1701 3828 ταῖς
1730 3765 1828 3836 ἁρ-

265 3859 526 3933 ρωστίαις
550 3856 956 3926 ἐπιτριϐόμενος
984 3870 999 3916 ;
1048 3853 1202 3906 Οὑτω
1223 3855 1400 3905 τοίνυν
1429 3856 1705 3925 νοήσωμεν
1734 3855 1828 3906 καὶ⁵

262 3953 358 4006 τὸν
392 3947 744 4021 προκείμενον
769 3945 942 4012 λόγον,
975 3945 1054 3997 ὅτι
1076 3945 1135 3995 οὑ
1164 3944 1224 3996 τὸ
1239 3943 1440 4012 γνῶναί
1469 3961 1521 3996 τι
1548 3945 1673 4014 περὶ
1695 3943 1828 3997 Θεοῦ

269 4040 539 4113 μακάριον
571 4039 599 4089 ὁ
637 4035 835 4107 Κύριος
878 4029 1011 4087 εἶναί
1041 4050 1202 4103 φησιν
1225 4049 1238 4064 ·
1294 4033 1431 4086 ἀλλὰ
1471 4034 1532 4086 τὸ
1561 4035 1616 4086 ἐν
1656 4033 1832 4106 ἐαυτῷ

269 4136 422 4204 σχεῖν
449 4129 536 4181 τὸν
571 4127 722 4184 Θεόν.
778 4124 1064 4194 Μακάριοι
1095 4125 1201 4196 γὰρ
1230 4127 1283 4179 οἱ
1323 4124 1564 4193 καθαροὶ
1595 4125 1670 4194 τῇ
1694 4142 1831 4195 καρ-

266 4225 392 4290 δίᾳ,
423 4221 511 4275 ὅτι
533 4219 700 4274 αὐτοὶ
729 4219 834 4272 τὸν
858 4217 1004 4271 Θεὸν
1027 4215 1294 4286 ὄψονται.
1325 4217 1398 4270 Οὑ
1427 4217 1534 4288 γάρ
1574 4234 1663 4287 μοι
1689 4217 1834 4269 δοκεῖ

265 4315 348 4376 ὡς
393 4309 800 4381 άντιπρόσωπόν
830 4325 882 4361 τι
917 4307 1093 4378 θέαμα
1134 4306 1223 4360 τὸν
1243 4307 1374 4360 Θεὸν
1399 4307 1709 4378 προτιθέναι
1756 4307 1833 4376 τῷ

268 4399 664 4470 κεκαθαρμένῳ
705 4397 796 4450 τὸν
827 4398 925 4468 τῆς
955 4396 1130 4466 ψυχῆς
1162 4396 1432 4466 ὀφθαλμόν
1454 4412 1467 4426 ·
1523 4394 1656 4448 ἀλλὰ
1679 4395 1835 4448 τοῦτο

269 4493 416 4564 τάχα
443 4496 476 4562 ἡ
508 4492 599 4546 τοῦ
637 4491 799 4563 ῥητοῦ
827 4489 1156 4560 μεγαλοφυῖα
1182 4492 1313 4560 ἡμῖν
1339 4487 1666 4554 ὑποτίθεται,
1688 4487 1717 4540 ὃ
1745 4488 1834 4540 καὶ

269 4586 412 4657 πρὸς
444 4585 662 4654 ἐτέρους
700 4585 728 4636 ὁ
764 4583 918 4663 λόγος
958 4581 1286 4652 γυμνότερον
1319 4579 1662 4650 παρίστησιν,
1690 4580 1836 4642 ἐντὸς

271 4676 433 4748 ὑμῶν
457 4671 594 4727 εἶναι
617 4675 716 4745 τὴν
747 4671 1017 4742 βασιλείαν
1045 4671 1138 4725 τοῦ
1165 4669 1299 4724 Θεοῦ
1330 4671 1514 4723 εἰπών·
1548 4671 1634 4724 ἵνα
1662 4671 1838 4741 διδαχ-

271 4767 480 4838 Θῶμεν,
509 4767 590 4818 ὅτι
631 4766 660 4817 ό
687 4763 865 4833 πάσης
896 4765 995 4833 τῆς
1033 4763 1259 4825 κτίσεως
1299 4763 1392 4815 καὶ
1421 4761 1697 4833 ἐμπαθοῦς
1726 4761 1838 4815 δια-

274 4859 482 4920 θέσεως
516 4856 614 4926 τὴν
655 4853 843 4908 ἐαυτοῦ
879 4853 1103 4925 καρδίαν
1129 4853 1498 4926 ἀποκαθήρας,
1540 4855 1596 4906 ἐν
1626 4853 1703 4923 τῷ
1727 4853 1840 4924 ἰδίῳ

276 4951 468 5008 κάλλει
503 4953 602 5021 τῆς
627 4949 776 5011 θείας
806 4947 1018 5017 φύσεως
1040 4946 1246 5018 καθορᾷ
1271 4945 1368 5017 τὴν
1394 4947 1595 4999 εἰκόνα.
1621 4945 1729 5000 Καί
1752 4963 1840 5016 μοι

275 5044 429 5098 δοκεῖ
458 5041 526 5096 δι’
552 5040 742 5108 ὀλίγων
773 5031 848 5092 ὧν
880 5034 1051 5102 εἶπεν,
1078 5037 1329 5108 τοιαύτην
1353 5036 1657 5108 συμϐουλὴν
1690 5054 1841 5109 περι-

276 5137 427 5206 έχειν
454 5133 485 5185 ὁ
522 5133 688 5202 Λόγος
716 5154 729 5167 ·
750 5136 853 5198 ὅτι,
876 5127 946 5183 Ὦ
992 5128 1282 5200 ἄνθρωποι,
1312 5129 1454 5192 ὅσοις
1475 5129 1587 5181 ἐστί
1613 5145 1694 5193 τις
1720 5130 1840 5181 ἐπι-

1917 2577 2148 2642 spectat,
2177 2574 2236 2620 ut
2273 2581 2340 2620 ex
2382 2563 2616 2634 quadam
2668 2558 2905 2614 ellicacia
2958 2565 3117 2625 atque
3168 2555 3480 2625 operatione

1916 2677 2039 2718 eum
2071 2659 2162 2730 qui
2197 2667 2449 2727 operetur
2485 2654 2645 2707 talem
2685 2665 2807 2705 esse
2841 2649 3272 2703 animadvertere
3320 2658 3482 2718 atque

1919 2753 2230 2808 existimare
2258 2748 2533 2818 possimus
2565 2744 2583 2814 (
2610 2743 2839 2796 forsitan
2863 2740 3002 2795 enim
3033 2740 3192 2794 etiam
3220 2739 3484 2808 sapienti-

1917 2845 2020 2900 bus
2056 2843 2220 2912 hujus
2254 2838 2438 2894 sazculi
2473 2851 2568 2907 per
2612 2831 2966 2903 aptitudinem
2997 2841 3157 2900 atque
3203 2831 3481 2886 concinni.

1920 2945 2085 2990 tatem
2135 2930 2322 2986 mundi
2381 2941 2627 2996 superna:
2690 2923 2969 2992 sapientiae
3017 2933 3175 2991 atque
3232 2921 3482 2990 potentia:

1921 3025 2316 3083 animadversio
2365 3020 2710 3089 cognitioque
2757 3017 3070 3086 contingere
3108 3014 3341 3084 possit),
3382 3015 3477 3069 sed

1921 3119 2068 3174 aliud
2098 3118 2226 3171 mihi
2257 3110 2651 3184 magniﬁcentia
2689 3106 3036 3163 beatitudinis
3069 3105 3136 3158 iis
3171 3104 3483 3174 quicapere

1921 3220 1973 3265 et
1993 3209 2421 3262 animadvertere
2447 3200 2658 3272 possint
2684 3200 2735 3253 id
2765 3196 2908 3268 quod
2931 3195 3484 3264 desideratur,nempe

1922 3301 2208 3357 consilium
2240 3295 2451 3352 tradere
2499 3302 2660 3362 atque
2709 3304 2995 3361 suggerere
3032 3286 3281 3352 videtur;
3322 3301 3484 3355 porro

1923 3389 2290 3447 consideratio
2314 3397 2474 3457 atque
2508 3383 2834 3444 intellectus,
2866 3380 2960 3450 qui
2992 3378 3124 3432 mihi
3157 3378 3212 3432 in
3252 3386 3484 3431 mentem

1924 3484 2071 3540 venit
2091 3498 2188 3552 per
2209 3479 2456 3550 exempla
2486 3485 2647 3546 atque
2680 3472 3064 3530 similitudines
3101 3469 3482 3531 declarabitur.

1926 3575 2131 3630 Bonum
2165 3571 2434 3643 quoddam
2480 3570 2533 3623 in
2563 3568 2673 3621 vita
2711 3567 2947 3619 humana
2999 3564 3203 3619 sanitas
3244 3563 3486 3632 corporis

1925 3677 2028 3729 est.
2067 3667 2162 3723 sed
2190 3666 2406 3721 beatum
2444 3669 2549 3726 est,
2580 3677 2687 3715 non
2717 3659 2878 3714 modo
2913 3657 3054 3714 scire
3096 3656 3360 3712 rationem
3399 3668 3494 3709 sa-

1928 3757 2140 3823 nitatis,
2185 3771 2373 3812 verum
2404 3755 2458 3809 in
2482 3753 2712 3810 sanitate
2740 3751 2940 3805 vivere.
2976 3748 3110 3803 Nam
3136 3751 3181 3804 si
3207 3749 3328 3817 quis
3375 3748 3488 3800 lau-

1931 3851 2027 3906 des
2070 3849 2317 3905 sanitatis
2358 3853 2676 3916 persecutus
2718 3843 2899 3896 cibum
2950 3849 3127 3896 sumat
3174 3841 3265 3910 qui
3316 3839 3488 3893 malos

1931 3943 2184 3996 humores
2204 3947 2256 3993 et
2274 3937 2492 3991 morbos
2515 3941 2752 4006 generet,
2779 3932 2910 4001 quid
2940 3932 3087 3998 huic,
3118 3931 3246 3984 dum
3285 3929 3490 3984 morbis

1930 4032 2234 4096 coniicitur,
2272 4028 2461 4083 laudes
2495 4028 2741 4083 sanitatis
2768 4026 3038 4095 prosunt?
3078 4023 3274 4077 Eodem
3327 4022 3491 4096 igitur

1931 4127 2092 4182 modo
2130 4123 2460 4196 propositam
2512 4134 2728 4191 quoque
2755 4119 3054 4174 orationem
3104 4116 3489 4184 intelligamus,
3568 4139 3584 4169 ,α

1932 4218 2075 4289 quod
2109 4233 2215 4271 non
2250 4227 2579 4284 cognoscere
2603 4211 2806 4280 aliquid
2830 4210 2897 4264 de
2923 4207 3033 4264 Deo
3069 4207 3330 4262 Dominus
3361 4205 3491 4261 hea-

1931 4319 2045 4364 tum
2085 4323 2203 4363 esse
2246 4306 2422 4368 dicat,
2469 4303 2562 4359 sed
2612 4303 2666 4356 in
2703 4317 2823 4357 sese
2867 4300 3035 4355 Deum
3085 4299 3302 4354 habere.
3340 4297 3493 4352 Beati

1933 4401 2075 4457 enim
2112 4397 2484 4468 puroprwditi
2509 4394 2681 4460 corde,
2721 4394 2968 4464 quoniam
3000 4392 3101 4461 ipsi
3132 4389 3298 4444 Deum
3348 4387 3491 4445 vide—

1936 4494 2057 4545 bunt
2095 4491 2160 4544 ⁸³.
2196 4488 2314 4544 Νοη
2357 4489 2501 4544 enim
2551 4487 2683 4542 mihi
2724 4484 2937 4541 videtur
2966 4481 3125 4553 quasi
3158 4498 3225 4536 ex
3267 4482 3495 4534 adverso

1935 4584 2284 4657 spectandum
2324 4581 2490 4638 Deum
2520 4596 2820 4652 proponere
2847 4579 2896 4633 ei
2926 4577 3020 4648 qui
3055 4575 3248 4630 anima:
3276 4575 3494 4628 oculum

1935 4677 2182 4733 habuerit
2224 4683 2602 4746 expurgatum,
2647 4670 2746 4730 'sed
2777 4671 3007 4727 forsitan
3041 4669 3145 4723 hoc
3177 4667 3336 4721 nobis
3376 4681 3495 4720 ma-

1938 4769 2242 4841 gniﬂcentia
2281 4767 2408 4822 dicti
2445 4766 2682 4836 suggerit
2722 4763 2867 4836 quod
2901 4763 3063 4816 etiam
3101 4759 3168 4814 ad
3203 4759 3341 4813 alios
3377 4772 3496 4813 ser-
3528 4808 3539 4828 ,

1939 4877 2030 4916 ΠΙο
2057 4860 2298 4930 apertius
2323 4857 2599 4928 exprimit,
2635 4856 2726 4910 ubi
2766 4855 2922 4914 dixit.
2972 4851 3127 4905 Intra
3171 4866 3257 4904 vos
3304 4857 3381 4902 est
3410 4863 3497 4901 re-

1939 4971 2098 5026 gnum
2133 4952 2230 5006 Dei
2268 4952 2352 5006 “z
2389 4959 2446 5004 ut
2483 4950 2774 5005 doceamur
2808 4945 2952 5016 quod
2981 4945 3074 5014 qui
3111 4958 3206 4998 cor
3235 4958 3392 4996 suum
3428 4941 3496 4994 ab

1942 5046 2089 5100 omni
2121 5052 2368 5098 creatura
2402 5051 2563 5110 atque
2605 5040 2798 5094 vitiosa
2826 5037 3110 5093 aﬂ'ectione
3156 5032 3505 5103 expurgant...
3596 5101 3600 5106 ‘

1946 5138 1999 5190 in
2037 5150 2132 5190 sua
2165 5133 2335 5203 ipsius
2380 5131 2780 5202 pulchritudine
2833 5129 3028 5184 divina:
3059 5137 3262 5180 naturae
3309 5125 3498 5192 imagi-

276 5225 453 5296 Θυμία
488 5223 586 5294 τῆς
613 5223 706 5276 τοῦ
733 5223 898 5285 ὄντως
927 5220 1127 5290 ἀγαθοῦ
1155 5220 1405 5290 θεωρίας,
1435 5219 1651 5272 ἐπειδὰν
1682 5218 1823 5272 ἀκού

1944 5242 2066 5281 nem
2122 5226 2382 5279 intuetur.
2424 5226 2501 5278 Ac
2542 5225 2674 5279 mihi
2730 5223 2942 5277 videtur
2995 5219 3249 5281 Verbum,
3310 5216 3497 5284 paucis

277 5336 413 5389 σητε
443 5317 583 5388 ὑπὲρ
612 5317 737 5378 τοὺς
760 5315 1017 5386 οὐρανοὺς
1054 5311 1286 5382 ἐπῆρθαι
1312 5310 1410 5381 τὴν
1437 5309 1583 5363 θείαν
1618 5309 1823 5379 μεγαλο

1938 5334 2058 5388 qua:
2105 5316 2259 5380 dixit,
2314 5317 2580 5386 ejusmodi
2635 5315 2923 5370 consilium
2960 5311 3243 5380 complecti
3276 5327 3287 5362 :
3322 5309 3365 5363 Ο
3403 5323 3496 5361 vos

278 5410 569 5480 πρέπειαν,
613 5408 705 5460 καὶ
743 5407 837 5478 τὴν
875 5405 1029 5470 δόξαν
1061 5404 1226 5472 αὑτῆς
1255 5403 1646 5473 ἀνερμήνευτον
1686 5396 1818 5453 εἶναι

1938 5409 2204 5472 homines,
2249 5409 2446 5480 quibus
2487 5409 2624 5464 inest
2676 5408 2852 5474 aliqua
2912 5403 3178 5472 cupiditas
3232 5411 3498 5454 contem--

279 5502 380 5557 καὶ
422 5501 484 5554 τὸ
513 5501 705 5562 κάλλος
744 5500 1037 5568 ἄφραστον,
1072 5496 1165 5549 καὶ
1206 5495 1304 5563 τὴν
1337 5494 1494 5562 φύσιν
1529 5493 1807 5564 ἀχώρητον

1941 5500 2119 5571 piandi
2165 5502 2217 5555 id
2267 5501 2409 5571 quod
2455 5516 2579 5555 vere
2631 5499 2832 5553 bonum
2871 5502 2976 5555 est.
3005 5507 3128 5546 cum
3184 5491 3497 5545 audiveritis

285 5594 366 5666 μὴ
396 5595 686 5646 ἐκπίπτετε
725 5593 802 5654 είς
828 5589 1170 5644 ἀνελπιστίαν
1208 5586 1300 5641 τοῦ
1333 5589 1407 5658 μὴ
1435 5585 1685 5640 δύνασθαι
1721 5604 1822 5639 κατ

1941 5591 2178 5644 divinam
2221 5590 2558 5660 majestatem
2589 5602 2754 5657 supra
2781 5585 2950 5641 ccelos
2977 5583 3179 5643 elatam
3215 5591 3266 5634 et
3295 5581 3497 5634 exalta-

287 5685 419 5740 ιδεῖν
442 5685 502 5739 τὸ
544 5682 893 5754 ποθούμενον.
942 5683 1013 5735 Τὸ
1054 5682 1160 5755 γάρ
1206 5697 1286 5733 σοι
1319 5678 1577 5752 χωρητὸν,
1612 5678 1710 5750 τῆς
1749 5678 1823 5731 τοί

1950 5669 2077 5751 tam,
2113 5683 2346 5755 gloriam
2381 5683 2498 5753 ejus
2540 5677 2989 5750 inexplicabilem,
3041 5672 3504 5745 pulchritudinem
3535 5738 3540 5741 _

360 5848 404 5880 "
433 5846 456 5901 ι
481 5845 621 5902 Tim.
645 5863 716 5914 v1,
747 5844 828 5899 l6.
907 5845 953 5876 ⁵³
983 5805 1178 5899 Matth.-
1207 5861 1257 5908 v,
1293 5845 1342 5898 8.
1420 5842 1463 5874 “
1499 5840 1628 5896 Luc.
1656 5857 1784 5903 xvn,
1809 5842 1897 5894 ΕΗ.
