4018 6534
496 415 626 470 1271

1749 416 1805 470 S.
1840 417 2163 476 GREGOR"
2200 417 2495 476 NYSSENI

3569 406 3709 462 1272

495 527 820 584 ineffabilem
849 542 990 594 esse,
1027 535 1276 584 naturam
1317 529 1704 601 comprehendi
1736 545 1800 585 ac
1846 530 2049 601 percipi

2157 529 2285 582 Θεοῦ
2328 528 2702 599 κατανοήσεως
2736 522 2930 594 μέτρον
2978 520 3033 574 ἐν
3081 518 3162 574 σοί
3197 520 3361 573 ἑστιν.
3425 515 3582 572 Οὕτω
3613 515 3708 570 τοῦ

495 634 606 674 non
645 633 824 690 posse.
859 635 926 674 ne
949 618 1304 688 prolabamini
1334 619 1402 674 ad
1429 621 1884 692 desperationem,
1943 637 2052 690 qua

496 723 607 764 non
636 708 856 778 possitis
882 707 1076 762 intueri
1102 709 1246 777 quod
1284 708 1628 766 desideratis.
1667 707 1803 765 Nam
1837 710 1979 780 quod
2020 725 2052 764 a

497 811 551 855 te
579 799 697 870 capi
737 808 792 855 et
817 799 1201 870 comprehendi
1232 808 1429 872 potest,
1461 800 1554 858 Dei
1580 802 2052 872 contemplationis

497 890 552 944 in
581 897 635 944 te
663 889 856 946 modus
885 897 992 957 est,
1035 890 1233 960 quippe
1267 906 1390 946 cum
1425 892 1471 946 is
1529 893 1621 963 qui
1669 903 1721 948 te
1777 893 2051 961 formavit,

495 986 604 1041 tale
632 985 834 1041 bonum
859 989 1043 1042 statim
1076 989 1150 1042 ita
1173 998 1380 1045 natura:
1399 992 1557 1061 quasi
1596 993 2050 1059 inessentiaverit,

496 1078 611 1133 sive
637 1079 1191 1136 consubstantiaverit
1220 1090 1272 1137 et
1293 1083 1752 1153 incorporaverit;
1790 1087 1867 1139 tui
1909 1086 2052 1140 cnim

497 1155 844 1222 fabricationi
871 1179 926 1222 et
963 1169 1338 1225 constitutioni
1371 1171 1512 1227 Deus
1554 1189 1668 1230 suae
1709 1183 1917 1232 naturae
1953 1176 2052 1230 bo-

496 1271 692 1311 norum
734 1257 1026 1312 simulacra
1059 1259 1550 1331 similitudinesque
1607 1272 1661 1318 et
1689 1265 1846 1335 quasi
1877 1264 2054 1319 imita-

495 1357 677 1402 menta
707 1348 981 1418 impressit
1018 1358 1071 1404 et
1097 1349 1427 1420 informavit,
1457 1354 1624 1408 veluti
1656 1370 1834 1410 ceram
1863 1371 2056 1428 quam-

497 1437 622 1492 dam
679 1439 915 1508 sculptili
973 1440 1143 1512 figura
1181 1442 1534 1512 praeformans
1579 1455 1632 1501 et
1668 1447 1893 1517 fingens.
1948 1446 2050 1502 Sed

495 1528 768 1585 vitiositas
793 1531 1030 1585 divinam
1086 1533 1373 1604 imaginem
1420 1534 1678 1592 referenti
1726 1539 1882 1608 signo
1942 1539 2054 1593 cir-

497 1621 770 1686 cumfusa,
807 1623 1010 1678 bonum
1041 1626 1294 1695 turpibus
1325 1628 1643 1686 velamentis
1682 1630 1977 1688 obductum
2001 1639 2057 1686 et

499 1712 831 1768 occultatum
867 1715 1057 1770 inutile
1103 1716 1201 1771 tibi
1240 1717 1388 1775 fecit.
1423 1717 1481 1775 Si
1527 1719 1693 1790 igitur
1731 1720 1968 1791 diligenti
2002 1731 2057 1777 et

497 1815 753 1859 accurata
777 1806 886 1860 vita
913 1807 1104 1864 sordes
1136 1809 1283 1864 cordi
1309 1811 1469 1866 illitas
1500 1819 1553 1867 et
1575 1813 1838 1869 obductas
1863 1829 2054 1870 rursus

497 1896 1127 1969 ablueris,resplendebit
1145 1901 1200 1955 in
1217 1909 1270 1958 te
1286 1903 1465 1959 divina
1480 1905 1841 1975 pulchritudo.
1859 1907 2055 1972 Quem-
2083 1879 2128 1934 Β

502 1987 788 2042 admodum
821 1990 874 2044 in
901 1990 1043 2045 ferro
1073 1992 1188 2046 fieri
1231 1994 1385 2058 solet,
1431 2009 1555 2049 cum
1599 1995 1649 2049 id
1699 1996 1842 2066 quod
1895 1997 2054 2068 paulo

500 2090 626 2136 ante
665 2083 878 2152 nigrum
925 2093 1072 2149 erat,
1128 2099 1223 2154 per
1259 2094 1432 2140 cotem
1487 2085 1726 2141 detracta
1783 2087 2053 2158 rubigine,

499 2171 812 2240 splendores
842 2173 1106 2243 quosdam
1159 2175 1212 2229 in
1260 2191 1319 2232 se
1355 2176 1422 2230 ad
1472 2178 1640 2233 solem
1695 2177 1967 2250 refulgens
1999 2189 2056 2237 et

499 2263 702 2319 nitores
728 2265 866 2330 edit,
903 2266 977 2320 ita
1011 2265 1174 2320 homo
1220 2282 1435 2339 quoque
1468 2269 1734 2336 internus,
1769 2287 1928 2341 quem
1961 2287 2056 2326 cor

502 2353 764 2411 Dominus
816 2357 1081 2421 nominat,
1112 2373 1236 2412 cum
1296 2358 1487 2414 sordes
1536 2361 1902 2430 rubiginosas,
1934 2379 2055 2434 qua:

499 2457 719 2518 propter
757 2464 984 2518 pravum
1027 2449 1192 2505 situm
1224 2451 1280 2505 in
1314 2451 1489 2505 forma
1536 2451 1910 2517 effloruerunt,
1960 2456 2056 2512 ab-

498 2539 772 2603 sterserit,
804 2555 998 2595 rursus
1025 2555 1148 2595 cum
1182 2541 1434 2612 originali
1471 2549 1525 2598 et
1560 2543 1845 2615 principa!i
1881 2545 2056 2601 forma

497 2628 904 2685 similitudinem
964 2632 1327 2701 recuperabit,
1382 2647 1444 2686 ac
1509 2633 1685 2689 bonus
1743 2635 1867 2690 erit.
1918 2635 2051 2691 Nam

499 2721 644 2790 quod
679 2721 808 2776 boni
851 2723 1047 2787 simile,
1106 2723 1306 2776 bonum
1363 2738 1588 2792 prorsus
1647 2733 1747 2782 cst.
1789 2727 1930 2797 Ergo
1959 2729 2054 2798 qui

499 2811 736 2880 seipsum
772 2809 936 2875 videt,
965 2810 1020 2864 in
1052 2810 1234 2880 seipso
1290 2811 1434 2879 quod
1483 2812 1754 2868 desiderat
1782 2813 2050 2870 intuetur:

500 2910 664 2971 atque
699 2901 774 2955 ita
795 2901 987 2956 beatus
1022 2902 1099 2966 fit,
1131 2901 1226 2973 qui
1271 2902 1436 2958 corde
1467 2919 1603 2974 puro
1655 2906 1910 2974 przeditus
1950 2917 2055 2972 est,

498 2992 754 3062 quoniam
785 2993 913 3047 dum
955 3007 1108 3047 suam
1145 2993 1434 3062 puritatem
1484 2993 1743 3058 intuetur,
1772 3010 1868 3066 per
1922 2995 2058 3049 ima-

497 3084 697 3154 ginem,
733 3083 962 3138 formam
1004 3083 1356 3153 principalem
1409 3085 1806 3140 animadvertit.
1859 3085 2058 3152 Quem-

497 3175 785 3229 admodum
832 3171 975 3230 enim
1035 3175 1071 3229 ii
1131 3175 1314 3246 quiin
1369 3177 1592 3246 speculo
1637 3178 1807 3232 solem
1850 3178 2054 3242 vident,

495 3265 710 3320 etiamsi
748 3266 946 3320 cmlum
981 3265 1159 3334 ipsum
1194 3264 1314 3319 fixis
1339 3267 1512 3322 oculis
1537 3282 1645 3320 non
1677 3277 2056 3334 contueantur,

499 3357 669 3411 nihilo
718 3358 898 3412 secius
953 3358 1006 3411 in
1063 3357 1352 3428 splendore
1391 3360 1597 3428 speculi
1645 3361 1817 3415 solem
1875 3361 2060 3416 vident

497 3464 657 3515 quam
691 3448 769 3503 illi
812 3448 904 3517 qui
944 3448 1120 3517 ipsum
1170 3449 1357 3503 orbem
1405 3449 1539 3502 solis
1584 3450 1866 3505 intuentur
1901 3471 1915 3507 :
1948 3453 2060 3520 ita,

499 3539 695 3608 inquit,
728 3538 891 3593 etiam
929 3553 1048 3602 vos,
1081 3538 1296 3593 etiamsi
1341 3540 1484 3595 vires
1511 3541 1666 3596 vobis
1710 3558 1820 3596 non
1870 3559 2063 3614 suppe-

500 3638 614 3685 tant
637 3631 702 3684 ad
736 3631 1212 3700 contemplandum
1237 3638 1292 3686 et
1321 3631 1859 3694 animadvertendum
1879 3635 2060 3691 lumen

498 3724 856 3787 inaccessum,
893 3723 936 3777 si
971 3722 1036 3776 ad
1068 3737 1189 3777 eum
1220 3722 1312 3792 qui
1350 3723 1418 3777 ab
1475 3724 1632 3778 initio
1665 3725 1720 3779 in
1747 3726 1902 3781 vobis
1930 3741 2062 3782 con-

499 3815 722 3869 stitutus
757 3821 840 3868 est
893 3813 1146 3883 imaginis
1175 3815 1427 3870 decorem
1477 3830 1541 3870 ac
1576 3816 1806 3886 gratiam
1857 3819 2063 3874 reversi

2153 618 2455 683 πλάσαντός
2480 636 2540 673 σε
2571 617 2631 671 τὺ
2657 614 2892 670 τοιοῦτον
2919 610 3119 681 ἀγαθὸν
3145 610 3306 672 εὐθὺς
3333 611 3400 680 τῇ
3428 607 3590 678 φύσει
3612 625 3710 663 κα-

2152 707 2566 771 τουσιώσαντος.
2612 706 2731 759 Τῶν
2757 703 2866 774 γὰρ
2886 705 2983 773 τῆς
3016 700 3150 765 ἰδίας
3183 699 3396 769 φύσεως
3427 698 3650 767 ἀγαθῶν
3669 700 3714 752 ό

2153 799 2283 863 Θεὸς
2308 798 2611 852 ἐνετύπωσε
2637 799 2703 868 τῇ
2739 799 2804 866 σῇ
2831 796 3137 863 κατασκευῇ
3166 791 3236 845 τὰ
3264 792 3577 862 μιμήματα,
3601 785 3715 843 οἷόν

2152 909 2270 946 τινα
2295 893 2462 964 κηρὸν
2489 891 2724 962 σχήματι
2737 886 2947 957 γλυφῆς
2969 884 3344 958 προτυπώσας.
3383 882 3523 936 Ἀλλ’
3554 884 3589 952 ἡ
3618 898 3717 934 κα-

2154 981 2246 1035 κία
2296 982 2373 1053 τῷ
2421 981 2640 1035 θεοειδεί
2689 979 2989 1052 χαρακτῆρι
3047 975 3396 1047 περιχυθεῖσα
3441 975 3717 1045 ἄχρηστον

2155 1074 2375 1145 ἐποίησέ
2401 1091 2482 1127 σοι
2509 1074 2570 1127 τὸ
2594 1072 2793 1143 ἀγαθὸν
2817 1069 3298 1140 ὐποκεκρυμμένον
3325 1071 3436 1131 τοῖς
3468 1069 3717 1136 αἰσχροῖς

2154 1165 2626 1235 προκαλύμμασιν.
2677 1165 2739 1217 Εἰ
2771 1158 2861 1216 οὖν
2893 1161 3248 1225 ἀποκλύσειας
3282 1160 3441 1213 πάλιν
3488 1159 3556 1212 δι’
3595 1161 3718 1211 ἐπι-

2158 1257 2376 1326 μελείας
2409 1257 2522 1326 βίου
2545 1256 2634 1309 τὸν
2661 1253 3061 1309 έπιπλασθέντα
3088 1256 3155 1322 τῇ
3179 1251 3373 1323 καρδία
3404 1268 3496 1304 σου
3523 1249 3714 1318 ῥύπον,

2153 1348 2459 1419 ἀναλάμψει
2507 1363 2587 1400 σοι
2630 1347 2689 1401 τὸ
2724 1345 2951 1408 θεοειδὲς
2993 1344 3204 1406 κάλλος.
3247 1343 3453 1412 Ὠσπερ
3498 1341 3592 1394 ἐπὶ
3624 1339 3717 1392 τοῦ

2157 1439 2372 1512 σιδήρου
2419 1437 2659 1508 γίνεσθαι
2696 1438 2956 1507 πέφυκεν,
2990 1436 3116 1490 ὅταν
3149 1435 3216 1487 δι’
3257 1433 3455 1501 ἀκόνης
3493 1431 3588 1484 τοῦ
3638 1431 3717 1485 ἰοῦ

2154 1532 2468 1604 γυμνωθῇ,ὁ
2497 1531 2603 1603 πρὸ
2629 1531 2806 1600 ὀλίγου
2835 1529 3020 1599 μέλας,
3038 1527 3207 1595 αὐγάς
3231 1543 3379 1588 τινας
3413 1523 3497 1592 ἐφ’
3523 1520 3716 1576 ἑαυτοῦ

2155 1625 2292 1696 πρὸς
2335 1624 2424 1677 τὸν
2449 1623 2597 1696 ἥλιον
2627 1621 2852 1676 στίλϐων
2884 1621 2979 1676 καὶ
3019 1618 3366 1690 λαμπηδόνας
3403 1617 3712 1672 ἐκδίδωσιν·

2152 1717 2323 1780 οὕτως
2346 1716 2441 1769 καὶ
2479 1715 2508 1768 ό
2539 1713 2684 1768 ἔνδον
2713 1713 3014 1784 ἄνθρωπος,
3048 1712 3106 1764 ὃν
3143 1712 3367 1784 καρδίαν
3405 1713 3662 1783 ὀνομάζει
3687 1714 3718 1765 ό

2155 1808 2376 1879 Κύριος,
2407 1805 2623 1860 έπειδάν
2657 1804 2990 1875 ἀποξύσηται
3012 1804 3102 1856 τὸν
3139 1803 3266 1874 ἰώᾶη
3299 1803 3466 1874 ῥύπον
3506 1804 3599 1857 τὸν
3630 1805 3718 1859 διὰ

2157 1899 2251 1952 τοῦ
2291 1897 2521 1970 πονηροῦ
2551 1897 2786 1968 εὐρῶτος
2824 1896 3198 1966 ὲπανθήσαντα
3217 1899 3283 1966 τῇ
3323 1900 3525 1968 μορφῇ,
3558 1897 3717 1951 πάλιν

2156 1991 2480 2062 ἀναλήψεται
2509 1991 2608 2062 τὴν
2646 1990 2782 2060 πρὸς
2834 1989 2895 2044 τὸ
2931 1988 3231 2059 ἀρχέτυπον
3271 1990 3588 2060 ὁμοιότητα,
3625 1992 3720 2046 καὶ
3746 2014 3758 2018 <

2155 2081 2357 2149 ἀγαθὸς
2387 2079 2557 2134 ἔσται.
2592 2079 2666 2133 Τὸ
2692 2079 2798 2152 γὰρ
2823 2079 3008 2150 ἀγαθῷ
3027 2081 3226 2150 ὅμοιον,
3257 2079 3457 2146 ἀγαθὸν
3475 2081 3718 2147 πάντως,

2156 2173 2362 2228 Οὐκοῦν
2403 2176 2431 2227 ό
2463 2173 2653 2226 ἑαυτὸν
2697 2172 2928 2243 βλέπων,
2967 2173 3026 2225 ὲν
3059 2170 3237 2242 ἐαυτῷ
3279 2171 3342 2225 τὸ
3384 2171 3722 2243 ποθούμενον

2158 2263 2372 2334 βλέπειο
2422 2264 2516 2317 καὶ
2559 2262 2701 2317 οὕτω
2738 2263 2944 2332 γίνεται
2993 2264 3258 2336 μακάριος
3303 2265 3334 2316 ό
3375 2263 3614 2336 καθαρὸς
3654 2269 3720 2336 τῇ

2155 2355 2378 2427 καρδίᾳ,
2435 2357 2515 2409 ὅτι
2551 2355 2687 2426 πρὸς
2724 2355 2822 2426 τὴν
2858 2353 2989 2407 ἰδίαν
3016 2353 3360 2425 καθαρότητα
3395 2355 3633 2425 βλέπων,
3665 2359 3723 2410 ἐν

2153 2450 2220 2518 τῇ
2268 2447 2434 2500 εἰκόνι
2471 2447 2681 2518 καθορᾷ
2723 2445 2782 2498 τὸ
2816 2445 3140 2516 ἀρχέτυπον.
3197 2445 3404 2517 Ὠσπερ
3431 2449 3542 2518 γὰρ
3575 2451 3625 2501 οἱ
3665 2448 3725 2502 ἐν

2155 2540 2442 2611 κατόπτρῳ
2466 2539 2698 2610 ὁρῶντες
2717 2538 2806 2591 τὸν
2829 2538 2997 2608 ἥλιον,
3045 2537 3146 2592 κᾶν
3181 2538 3254 2608 μὴ
3283 2539 3419 2610 πρὸς
3444 2541 3605 2594 αὐτὸν
3630 2542 3727 2596 τὸν

2156 2631 2379 2703 οὐρανὸν
2405 2629 2782 2699 ἀποϐλέψωσιν
2803 2630 3007 2694 ἀτενὲς,
3029 2629 3178 2682 οὐδὲν
3199 2629 3411 2684 ἔλαττον
3435 2631 3603 2702 ὁρῶσι
3632 2632 3728 2685 τὸν

2154 2723 2303 2792 ἥλιον
2342 2723 2400 2775 ὲν
2435 2724 2501 2793 τῇ
2543 2720 2635 2774 τοῦ
2669 2721 2973 2792 κατόπτρου
3028 2721 3188 2792 αὐγῇ,
3238 2722 3343 2774 τῶν
3378 2721 3513 2794 πρὸς
3560 2723 3726 2776 αὐτὸν

2155 2811 2566 2864 ἀποϐλεπόντων
2591 2811 2683 2863 τοῦ
2707 2809 2859 2882 ἡλίου
2890 2808 2978 2862 τὸν
3006 2808 3228 2863 κύκλον
3255 2809 3418 2873 οὕτω,
3451 2811 3608 2882 φησὶ,
3626 2811 3727 2864 καὶ

2157 2903 2331 2972 ὑμεῖς,
2358 2901 2461 2954 κᾶν
2487 2902 2710 2973 ἁτονῆτε
2749 2901 2884 2971 πρὸς
2912 2904 3233 2972 κατανόησιν
3280 2901 3474 2970 φωτὸς,
3501 2903 3597 2956 ὲάν
3625 2903 3728 2956 ἐπὶ

2157 2994 2254 3065 τὴν
2297 2993 2356 3060 ἐξ
2399 2993 2572 3064 ἀρχῆς
2608 2993 3202 3062 ὲγκατασκευασθεῖσαν
3253 2995 3380 3064 ὑμῖν
3423 2995 3582 3066 χάριν
3623 2996 3729 3065 τῆς

2159 3086 2363 3149 εἰκόνος
2407 3084 2855 3157 ὲπαναδράμητε,
2926 3087 2984 3138 ὲν
3037 3087 3244 3148 ἑαυτοῖς
3290 3086 3351 3139 τὸ
3393 3087 3729 3157 ζητούμενον

2159 3178 2328 3248 ἔχετε.
2379 3176 2702 3246 Καθαρὸτης
2729 3176 2860 3247 γὰρ,
2909 3176 3165 3238 ἀπάθεια,
3204 3178 3295 3230 καὶ
3322 3177 3488 3231 κακοῦ
3525 3177 3732 3242 παντὸς

2161 3269 2510 3342 ἀλλοτρίωσις
2531 3271 2563 3340 ἡ
2589 3269 2780 3340 θεότης
2802 3268 2967 3323 ἐστίν.
3000 3269 3062 3321 Εἰ
3089 3265 3180 3322 οὖν
3199 3270 3371 3323 ταῦτα
3392 3272 3450 3323 ἐν
3480 3271 3560 3324 σοί
3583 3273 3731 3335 ἐστι,

2155 3360 2286 3424 Θεὸς
2320 3360 2534 3422 πάντως
2563 3360 2622 3413 ὲν
2657 3359 2738 3412 σοί
2768 3361 2938 3412 ἐστιν.
2987 3359 3154 3411 Ὅταν
3183 3353 3274 3412 οὖν
3307 3361 3508 3430 ἀμιγὴς
3540 3359 3733 3429 πάσης

2155 3453 2382 3518 κακίας,
2424 3452 2518 3505 καὶ
2553 3450 2757 3513 πάθους
2785 3449 3096 3520 ἐλεύθερος,
3149 3451 3243 3503 καί
3270 3451 3465 3514 παντὸς
3491 3467 3734 3521 κεχωρι-

2158 3545 2350 3616 σμένος
2412 3544 2771 3615 μολύσματος,
2805 3546 2833 3597 ὀ
2864 3546 2920 3596 έν
2960 3540 3045 3596 σοὶ
3094 3541 3349 3610 λογισμὸς
3371 3538 3427 3613 ᾖ,
3459 3543 3732 3611 μακάριος

2155 3632 2207 3689 εἷ
2232 3635 2332 3706 τῆς
2352 3635 2642 3700 ὀξυωπίας,
2669 3636 2752 3688 ὃτι
2779 3634 2840 3687 τὸ
2857 3637 2970 3698 τοῖς
2999 3631 3073 3706 μὴ
3095 3631 3439 3702 καθαρθεῖσιν
3475 3631 3731 3694 ἀθέατον,

2157 3727 2513 3798 έκκαθαρθεὶς
2534 3726 2884 3797 κατενόησας,
2915 3727 3006 3780 καὶ
3037 3727 3136 3796 τῆς
3163 3722 3350 3791 ὑλικῆς
3385 3722 3577 3792 ἀχλύος
3606 3722 3722 3776 τῶν

2157 3819 2257 3888 τῆς
2310 3818 2486 3889 ψυχῆς
2534 3817 2793 3889 ὀμμάτων
2838 3816 3244 3888 ἀφαιρεθείσης,
3296 3816 3354 3870 ὲν
3395 3813 3610 3896 καθαρᾷ
3658 3816 3731 3884 τῇ

499 3904 750 3969 fueritis,
804 3903 859 3957 in
933 3905 1086 3960 vobis
1139 3905 1273 3974 ipsis
1329 3905 1472 3975 quod
1528 3907 1773 3978 quaeritis
1827 3907 2059 3965 habetis.

2158 3911 2259 3979 τῆς
2290 3910 2513 3982 καρδίας
2563 3909 2748 3980 αἰθρίᾳ
2785 3907 3068 3978 τηλαυγῶς
3100 3909 3314 3979 βλέπεις
3350 3908 3408 3961 τὸ
3452 3908 3730 3978 μακάριον

499 3994 716 4050 Puritas
747 3997 892 4073 enim
919 4004 973 4051 et
1002 3997 1258 4051 vitiorum
1288 3998 1692 4068 affectuumque
1713 4002 1978 4067 vacuitas,
2009 4011 2060 4058 et

2165 4003 2364 4075 θέαμα.
2403 4001 2572 4055 Τοῦτο
2593 4001 2648 4054 δέ
2672 4003 2785 4054 ἐστι
2813 4001 2895 4065 τίς
2939 3999 3279 4072 Καθαρότης,
3307 4003 3336 4054 ό
3373 3999 3659 4069 ἁγιασμὸς,
3694 4000 3731 4069 ὴ

501 4088 567 4142 ab
596 4089 741 4142 omni
777 4088 918 4142 malo
957 4089 1210 4144 alienatio
1247 4089 1418 4145 deitas
1465 4100 1568 4145 est.
1630 4089 1686 4144 Si
1745 4092 1908 4162 igitur
1945 4094 2059 4149 haec

2166 4095 2400 4165 ἁπλότης
2419 4134 2434 4159 ,
2463 4093 2639 4147 πάντα
2691 4092 2748 4146 εά
2770 4091 2992 4146 τοιαῦτα
3019 4092 3090 4145 τὰ
3133 4091 3393 4160 φωτοειδῆ
3444 4091 3540 4160 τῆς
3576 4088 3734 4154 θείας

500 4179 554 4232 in
580 4186 633 4234 te
673 4189 820 4244 sunt,
859 4179 998 4236 Deus
1028 4197 1254 4250 prorsus
1284 4182 1338 4235 in
1368 4190 1420 4236 te
1449 4192 1551 4238 est.
1583 4182 1718 4237 Cum
1769 4185 1933 4254 igitur
1993 4188 2060 4242 ab

2168 4187 2380 4256 φύσεως
2419 4185 2841 4253 ἀπαυγάσματα,
2873 4183 2940 4237 δι’
2967 4177 3042 4238 ὧν
3072 4185 3099 4236 ό
3124 4184 3252 4246 Θεὸς
3282 4184 3486 4252 ὁρᾶται.

499 4271 646 4325 omni
676 4272 968 4327 vitiositate
1001 4288 1154 4341 pura,
1184 4273 1251 4327 ab
1281 4272 1474 4327 all‘ectu
1504 4288 1566 4328 ac
1605 4275 1738 4329 vitio
1774 4277 1939 4332 libera
1965 4287 2128 4351 atque
2152 4280 2220 4334 ab
2252 4278 2401 4333 omni
2462 4275 2835 4345 inquinatione
2877 4274 3127 4342 sejunota
3168 4273 3222 4327 in
3278 4281 3331 4326 te
3385 4259 3534 4324 {ratio
3605 4268 3734 4325 fue-

499 4363 590 4423 rit,
623 4361 813 4416 beatus
839 4377 900 4416 es
952 4370 1172 4431 prepter
1218 4377 1444 4417 acumen
1481 4371 1642 4432 atque
1690 4367 2074 4422 claritudinem
2111 4369 2287 4432 visus,
2341 4366 2601 4436 quoniam
2655 4363 2708 4416 id
2741 4362 2886 4432 quod
2919 4363 3104 4432 eflugit
3145 4362 3322 4416 visum
3377 4376 3562 4416 eorum
3629 4362 3734 4431 qui

501 4470 610 4508 non
645 4453 844 4507 fuerint
877 4455 1112 4526 pprgati,
1144 4457 1259 4526 ipse
1287 4465 1620 4527 expurgatus
1681 4460 2087 4524 animadvertis,
2129 4475 2193 4515 ac
2225 4460 2491 4514 materiali
2537 4457 2768 4527 caligine
2806 4459 2875 4512 ab
2939 4456 3116 4510 oculis
3154 4455 3319 4508 animi
3357 4455 3592 4524 dempta,
3632 4471 3735 4526 per

501 4562 692 4616 puram
746 4551 926 4604 cordis
993 4553 1337 4606 serenitatem
1415 4553 2054 4623 beatum'spectaculum
2094 4557 2243 4612 clare
2272 4556 2479 4610 cernis.
2551 4553 2666 4608 lloc
2716 4562 2894 4607 autem
2959 4552 3087 4622 quid
3143 4551 3270 4606 est?
3328 4551 3732 4616 sanctimonia,

505 4642 733 4711 puritas,
769 4643 1113 4712 simplicitas,
1142 4661 1333 4702 omnes
1360 4647 1628 4715 ejusmodi
1659 4649 1823 4703 lucidi
1862 4651 2056 4705 divinae
2094 4663 2300 4706 natura:
2326 4651 2666 4720 splendores,
2711 4664 2806 4717 per
2835 4663 2975 4717 quos
3002 4646 3143 4700 Deus
3178 4645 3407 4700 videtur.

573 4735 773 4790 Verum
805 4735 950 4805 quod
969 4736 1083 4791 haec
1112 4737 1327 4808 quidem
1359 4739 1430 4791 ita
1460 4755 1519 4794 se
1570 4740 1823 4805 habeant,
1868 4757 1935 4796 ex
1989 4743 2054 4797 iis
2088 4749 2131 4804 Ι)

502 4841 624 4895 quae
660 4825 806 4880 dicta
834 4833 962 4879 sunt
1017 4843 1126 4882 non
1155 4827 1488 4884 dubitamus.
1514 4831 1619 4885 Sed
1645 4831 1786 4901 quod
1818 4833 1886 4886 ab
1910 4833 2066 4887 initio

503 4920 557 4973 in
584 4919 748 4974 dubio
774 4920 1106 4988 ponebatur,
1140 4920 1318 4974 adhuc
1368 4921 1421 4974 in
1469 4921 1656 4976 eadem
1716 4925 2069 4993 perplexitate

505 5026 684 5066 sermo
721 5011 998 5080 relinquit.
1029 5011 1102 5066 Ut
1145 5012 1290 5065 enim
1319 5011 1365 5066 is
1399 5012 1492 5081 qui
1541 5013 1594 5064 in
1629 5015 1827 5066 coelum
1861 5015 2054 5078 evasit,

500 5099 917 5170 participatione
945 5101 1142 5154 fruitur
1170 5101 1471 5156 emlestium
1533 5101 1939 5168 miraculorum,
1975 5103 2068 5159 sed

503 5192 828 5248 ascendendi
868 5193 1059 5248 modus
1103 5193 1393 5263 impeditus
1429 5192 1589 5248 efficit
1653 5204 1710 5249 ut
1737 5195 1871 5248 nihil
1911 5196 2069 5250 nobis

502 5287 712 5357 prosint
742 5301 805 5340 ea
834 5286 900 5340 de
929 5286 1125 5356 quibus
1174 5285 1306 5339 nihil
1333 5285 1712 5340 controversia:
1738 5295 1852 5340 est:
1878 5286 1949 5338 ita
1985 5301 2072 5340 ex-

504 5378 821 5449 purgatione
845 5377 1028 5432 cordis
1055 5377 1443 5432 beatitudinem
1480 5379 1743 5433 exsistere
1769 5393 1874 5432 non
1903 5379 2061 5432 dubi-

502 5479 669 5537 tatur,
720 5469 815 5524 sed
875 5469 1145 5539 quomodo
1201 5469 1324 5538 quis
1375 5483 1471 5523 cor
1522 5470 1588 5523 ab
1642 5469 2065 5539 inquinamentis

502 5578 804 5635 expurgare
827 5563 1021 5633 possit,
1053 5561 1238 5617 eadem
1281 5577 1506 5630 prorsus
1555 5577 1675 5629 qua!
1728 5561 1781 5614 in
1828 5575 2061 5616 ascensu

502 5657 560 5712 in
613 5657 810 5712 coelum
877 5661 1098 5724 apparet
1167 5653 1450 5708 difficultas
1496 5667 1618 5708 esse
1665 5651 1898 5706 videtur.
1934 5651 2064 5719 Quae

507 5748 670 5818 igitur
695 5747 844 5802 scala
873 5745 1082 5800 Jacob?
1109 5745 1285 5815 qualis
1313 5743 1615 5799 invenietur
1644 5744 1833 5814 igneus
1866 5759 2061 5798 currus

510 5839 576 5894 ad
627 5838 1034 5895 similitudinem
1089 5837 1206 5908 ejus
1255 5837 1348 5906 qui
1413 5837 1727 5907 prophetam
1787 5835 1960 5890 Eliam
2006 5835 2062 5890 in

2237 4741 2396 4796 Ἀλλά
2431 4741 2489 4794 τὸ
2520 4740 2618 4810 μὲν
2638 4740 2805 4794 ταῦτα
2833 4737 3002 4800 οὕτως
3027 4738 3169 4806 ἔχειν
3200 4739 3262 4789 ἐκ
3289 4737 3394 4788 τῶν
3420 4738 3736 4807 εἰρημένων

2162 4834 2260 4886 οὐκ
2288 4831 2716 4902 ἀμφιϐάλλομεν.
2753 4830 2871 4882 Ἔτι
2898 4828 2953 4881 δὲ
2978 4831 3111 4897 ἡμῖν
3140 4831 3168 4881 ό
3193 4828 3346 4896 λόγος
3371 4827 3432 4880 τὸ
3460 4829 3516 4893 ἐξ
3548 4830 3734 4897 ἀρχῆς

2163 4924 2435 4995 ἀπορηθὲν
2468 4924 2558 4976 ἐπὶ
2585 4923 2683 4993 τῆς
2714 4922 2881 4992 αὐτῆς
2913 4920 3221 4991 ἀμηχανίας
3261 4920 3465 4989 βλέπει.
3502 4919 3591 4982 Ὠς
3621 4921 3737 4992 γὰρ

2163 5018 2192 5068 ὁ
2223 5017 2280 5070 ὲν
2312 5015 2522 5086 οὐρανῷ
2555 5013 2841 5083 γενόμενος
2863 5055 2877 5078 ,
2929 5015 2984 5065 ἐν
3014 5011 3270 5081 μετουσίᾳ
3310 5010 3415 5063 τῶν
3463 5012 3736 5081 οὐρανίων

2165 5108 2454 5182 θαυμάτων
2483 5106 2627 5159 ἐστίν
2648 5124 2662 5136 ·
2717 5107 2745 5159 ὁ
2775 5105 2832 5157 δὲ
2860 5105 2956 5174 τῆς
2985 5103 3170 5156 ἀνόδου
3201 5102 3395 5172 τρόπος
3425 5103 3734 5171 ἀμήχανος,

2165 5194 2239 5252 ὦν
2281 5198 2428 5252 οὐδὲν
2470 5199 2600 5267 ἡμῖν
2645 5194 2750 5248 τῶν
2797 5192 3278 5263 διωμολογημένων
3309 5191 3494 5260 κέρδος
3541 5195 3693 5244 ποιεῖ
3714 5207 3731 5223 ·

2165 5287 2334 5351 οὕτως
2363 5288 2425 5339 ὲκ
2453 5286 2546 5340 τοῦ
2579 5283 2914 5353 καθαρθῆναι
2952 5281 3050 5352 τὴν
3087 5280 3332 5351 καρδίαν,
3355 5279 3417 5330 τὸ
3459 5278 3738 5348 μακάριον

2164 5378 2412 5448 γενέσθαι
2434 5378 2532 5430 οὐκ
2560 5373 2952 5446 ἀμφιϐάλλεται
2972 5389 2986 5401 ο
3013 5372 3073 5423 τὸ
3098 5370 3141 5423 δ’
3187 5371 3332 5432 ὅπως
3360 5369 3422 5423 ἄν
3453 5386 3534 5430 τις
3556 5368 3735 5437 αὐτὴν

2165 5470 2271 5522 τῶν
2305 5466 2668 5539 μολυνθέντων
2704 5465 3120 5536 ἀποκαθάρειεν,
3158 5461 3268 5514 ἴσον
3299 5461 3556 5530 ἀντικρὺς
3585 5454 3734 5512 εἶναι

2164 5561 2308 5613 δοκεῖ
2346 5559 2444 5628 τῆς
2485 5557 2578 5610 ἐπὶ
2607 5557 2696 5609 τὸν
2737 5555 2960 5624 οὐρανὸν
2990 5554 3322 5613 ἀναϐάσεως.
3374 5552 3510 5607 Ποία
3549 5551 3735 5603 τοίνυν

2168 5648 2364 5718 κλίμαξ
2389 5646 2482 5699 τοῦ
2521 5643 2742 5709 ἰακῲ6;
2771 5646 2920 5696 ποῖον
2946 5643 3295 5712 εὑρεθήσεται
3325 5639 3540 5712 πύρινον
3574 5640 3732 5710 ἅρμα

2171 5739 2290 5794 καθ’
2322 5735 2610 5807 ὁμοιότητα
2638 5732 2731 5786 τοῦ
2754 5733 2842 5784 τὸν
2878 5733 3159 5804 προφήτην
3201 5730 3381 5784 Ἠλίαν
3410 5729 3546 5797 πρὸς
3571 5731 3728 5799 οὐρα-

2169 5831 2256 5887 νὸν
2288 5828 2684 5899 ἀνυψώσαντος,
2716 5819 2760 5894 ᾧ
2787 5825 2923 5896 προς
2950 5823 3017 5877 τὰ
3046 5823 3158 5877 ἀνω
3185 5821 3438 5895 θαύματα
3461 5821 3498 5892 ἡ
3528 5821 3728 5893 καρδία
