4018 6530
564 441 704 500 I375

1819 453 1876 507 S.
1917 447 2240 507 GREGOBII
2274 447 2568 505 NYSSENI

3637 442 3778 498 1276

561 556 631 608 ab
659 569 724 610 eo
769 555 912 625 quod
945 558 1114 628 magis
1173 559 1382 616 obtinet
1414 577 1478 616 ac
1525 560 2114 628 dominatur,curatio-

2214 561 2371 632 τέρου
2397 561 2578 632 νόμου,
2609 559 2668 612 rb
2705 557 2793 629 Μὴ
2823 555 3102 627 φονεῦσαι,
3143 553 3234 608 νῦν
3262 554 3400 625 μάθε
3428 555 3490 608 rb
3525 555 3776 627 Χωρίσαι

559 659 683 699 nem
715 648 950 710 orditur,
995 649 1088 704 ira:
1119 653 1444 706 vacuitatem
1499 653 1751 708 sanciens
1788 655 1838 706 in
1902 656 2115 724 primis.

561 734 829 802 Didicisti,
863 739 1059 809 inquit,
1090 743 1314 812 antiqua
1343 743 1481 814 lege,
1510 759 1616 797 non
1652 745 1772 800 esse
1807 747 2006 800 caedem
2041 747 2120 798 fa-

559 827 807 882 ciendam
835 831 928 885 ":
970 847 1117 886 nunc
1166 833 1320 889 disce
1365 835 1496 888 iram
1533 841 1796 892 adversus
1845 838 2120 908 proximos

559 925 614 974 et
640 922 926 988 populares
957 925 1026 978 ab
1060 926 1240 979 anima
1302 929 1686 998 segregandam
1737 945 1856 983 esse
1877 929 1943 982 ⁸⁸.
2003 929 2118 983 Non

561 1009 702 1062 enim
734 1015 950 1082 penitus
993 1015 1154 1069 irasci
1211 1019 1381 1071 vetuit
1415 1019 1580 1088 (licet
1639 1019 1783 1073 enim
1820 1023 1888 1073 ob
1917 1019 2118 1074 bonum

560 1121 953 1174 noi‘mnnquam
979 1109 1056 1161 uti
1084 1109 1178 1162 tali
1210 1111 1376 1164 animi
1399 1111 1656 1182 impetu),
1687 1112 1780 1167 sed
1815 1113 1884 1166 ob
1915 1113 2118 1166 nullum

561 1197 759 1250 bonum
798 1197 1061 1252 adversus
1111 1200 1332 1254 fratrem
1365 1203 1444 1254 ira
1479 1203 1774 1272 aliquando
1829 1209 2116 1273 concitari,

561 1285 612 1340 id
693 1297 1018 1356 praeceptum
1089 1291 1382 1361 exstinguit
1448 1309 1512 1346 ac
1579 1297 1738 1350 tollit.
1800 1298 2120 1368 Quicunque

561 1377 729 1438 enim,
763 1379 960 1446 inquit,
995 1381 1251 1436 irascitur
1285 1382 1440 1436 fratri
1473 1400 1574 1438 suo
1596 1395 1818 1450 temere,
1864 1391 2120 1460 nullaque

560 1468 791 1523 ratione.
853 1468 985 1523 Nam
1036 1472 1264 1540 adjectio
1297 1473 1554 1529 dictionis
1601 1483 1824 1541 temere,
1878 1481 2119 1534 ostendit

559 1559 934 1626 tempestivum
967 1569 1019 1613 et
1053 1575 1418 1630 Opportunum
1445 1579 1566 1620 esse
1625 1582 1767 1638 sa’pe
1826 1569 2120 1625 iracundiae

559 1661 742 1712 usum,
775 1661 898 1701 cum
939 1650 1246 1704 vindicandi
1283 1657 1488 1721 peccati
1518 1671 1681 1710 causa
1713 1657 2026 1715 eﬂ'erbuerit
2072 1661 2118 1716 is

560 1736 806 1792 affectus.
837 1737 958 1793 llatc
983 1741 1075 1794 irae
1103 1745 1314 1811 species
1341 1743 1609 1801 Phineeso
1641 1747 1938 1820 Scripturte
1965 1755 2119 1807 testi—

559 1829 743 1881 monio
775 1833 1102 1900 assignatur,
1146 1849 1270 1887 eum
1302 1836 1446 1889 cmde
1473 1837 1902 1907 delinquentium
1938 1845 2116 1898 minas

560 1916 652 1971 Dei
685 1919 944 1977 adversus
971 1924 1179 1993 plebem
1215 1927 1470 1980 commoti
1498 1929 1817 1996 placavit".
1853 1931 2115 2002 Deinceps

558 2010 626 2062 ad
661 2027 721 2064 ea
759 2027 878 2081 quae
911 2030 1004 2084 per
1048 2017 1378 2087 voluptatem
1418 2019 1829 2090 delinquuntur,
1872 2027 2117 2082 curando

559 2103 775 2169 transit,
799 2115 853 2158 et
883 2107 1130 2161 adulterii
1160 2111 1485 2178 petulantem
1519 2121 1573 2168 et
1613 2114 1972 2184 importunam
2019 2135 2117 2173 cu-

559 2192 835 2259 piditatem
865 2211 960 2264 per
993 2197 1338 2252 interdictum
1368 2217 1433 2256 ex
1470 2204 1632 2259 corde
1657 2206 1812 2261 tollit.
1847 2207 1918 2260 lla
1968 2209 2118 2278 sigil-

561 2285 706 2338 latim
741 2286 902 2341 etiam
948 2292 1128 2344 omnia
1159 2291 1401 2348 invenies
1457 2297 1513 2349 in
1565 2299 1913 2368 sequentibus
1943 2303 2119 2355 corri-

559 2389 686 2444 gere
715 2374 1020 2444 Dominum,
1051 2379 1310 2436 adversus
1341 2398 1780 2457 unamquamque
1808 2390 2120 2446 vitiositatis

557 2475 612 2518 et
643 2469 893 2535 nequitia:
915 2470 1146 2538 speciem
1178 2473 1551 2531 sanctionibus
1579 2478 1947 2534 obsistentem.
1989 2480 2121 2535 Pro-

559 2554 708 2611 hibet
737 2559 932 2626 injuria
955 2577 1188 2631 pugnata
1243 2564 1532 2634 lacessere,
1576 2583 1639 2622 ac
1687 2585 1881 2624 manus
1930 2571 2120 2627 aﬂ'erre

561 2665 658 2719 per
683 2651 956 2721 hoc,quud
995 2669 1060 2707 ne
1097 2657 1412 2724 propulsare
1433 2660 1646 2728 quidem
1685 2661 1938 2730 injuriam
1991 2680 2114 2733 per-

559 2743 740 2795 mittit.
781 2745 1116 2800 Exterminat
1163 2749 1402 2804 avaritiae
1433 2751 1620 2805 vitium
1679 2769 1776 2823 per
1816 2755 1937 2820 hoc,
1974 2757 2115 2826 quod

559 2831 786 2903 imperat
822 2845 879 2890 ut
917 2853 1021 2890 non
1059 2839 1217 2892 modo
1251 2841 1522 2908 patiamur
1569 2859 1671 2898 nos
1720 2847 1840 2899 exui
1867 2887 1881 2912 ,
1918 2849 2011 2904 sed
2064 2850 2114 2903 id

559 2927 722 2979 etiam
769 2929 910 2997 quod
962 2929 1116 2985 nobis
1159 2932 1402 2986 relictum
1436 2931 1616 2991 fuerit.
1642 2937 1953 2992 adversario
1986 2954 2118 2993 con-

557 3017 832 3074 cedamus.
892 3019 1138 3075 Medetur
1197 3023 1469 3078 timiditati
1520 3024 1718 3094 jubens
1774 3045 1873 3082 nos
1929 3032 2117 3087 mortis

557 3121 679 3160 esse
709 3117 1130 3178 contemptores.
1170 3111 1234 3165 Et
1269 3113 1322 3166 in
1365 3130 1573 3170 summa
1632 3131 1725 3186 per
1781 3122 2119 3190 unumquod-

557 3211 664 3266 que
698 3199 1042 3255 interdictmn
1077 3205 1314 3272 reperies
1363 3205 1415 3259 in
1451 3207 1668 3261 modum
1697 3211 1863 3263 aratri
1921 3213 2117 3268 inciso—
2143 3229 2184 3286 (ς

556 3302 670 3341 rem
707 3303 1012 3344 sermonem
1045 3307 1238 3360 pravas
1289 3305 1634 3363 peccatorum
1681 3299 1889 3354 radices
1933 3317 1995 3354 ex
2035 3301 2117 3356 in-

557 3379 689 3433 timo
739 3383 902 3436 corde
953 3393 1144 3436 nostro
1191 3385 1442 3450 clTodere,
1478 3387 1675 3455 quibus
1723 3389 2028 3447 interdictis
2087 3407 2115 3445 a

557 3471 796 3540 spinosis
832 3473 1100 3527 fructibus
1127 3475 1248 3528 licet
1277 3476 1587 3546 expurgari.
1619 3477 1759 3547 Ergo
1791 3495 1886 3548 per
1921 3491 2119 3536 utrum-

559 3578 664 3632 que
700 3571 945 3614 naturam
979 3563 1305 3628 demeretur,
1337 3567 1480 3635 quod
1510 3575 1562 3620 et
1594 3568 1794 3622 bonum
1826 3573 2113 3639 promittit,

554 3659 609 3706 et
644 3651 709 3704 ad
743 3667 1012 3720 quamque
1041 3669 1152 3706 rem
1182 3657 1512 3726 propositam
1543 3661 1788 3729 suggerit
1820 3663 1976 3717 nobis
2021 3664 2115 3718 do-

555 3744 806 3796 ctrinam.
836 3741 987 3809 Quod
1017 3744 1062 3798 si
1095 3745 1422 3800 laboriosum
1456 3749 1690 3802 studium
1721 3749 1980 3806 bonarum
2029 3771 2116 3809 re-

557 3847 674 3886 rum
707 3849 828 3889 esse
855 3843 1035 3904 putas,
1070 3849 1323 3904 compara
1356 3853 1467 3891 rem
1500 3853 1622 3892 cum
1661 3839 1770 3892 vita
1804 3844 2109 3909 contraria,

557 3939 622 3979 ar.
667 3928 903 3996 reperies
971 3936 1173 3997 quanto
1239 3929 1442 3982 malitia
1494 3931 1842 4000 nequitiaque
1880 3934 2115 3990 laborio-

555 4017 668 4072 sior
693 4027 744 4070 et
785 4017 1063 4072 molestior
1101 4019 1194 4084 sit,
1246 4021 1292 4073 si
1323 4033 1430 4073 non
1461 4019 1528 4074 ad
1575 4023 1882 4090 praesentia,
1918 4025 2008 4084 sed
2044 4027 2110 4082 ad

555 4109 737 4164 futura
794 4109 1076 4180 respicias.
1133 4109 1266 4172 Nam
1330 4112 1420 4181 qui
1471 4111 1728 4181 gehenme
1786 4117 2109 4171 mentionem

555 4201 838 4265 audiverit,
867 4202 912 4255 is
943 4217 1048 4255 non
1081 4201 1308 4271 amplius
1340 4217 1467 4256 cum
1497 4204 1682 4260 labore
1705 4215 1757 4259 et
1784 4207 1962 4260 studio
1992 4223 2050 4262 se
2079 4223 2109 4262 a

557 4293 924 4360 voluptatibus
975 4309 1098 4346 cum
1145 4301 1366 4362 peccato
1427 4295 1733 4364 conjunctis
1771 4298 2108 4365 abstinebit;

555 4384 648 4436 sed
679 4385 826 4438 solus
861 4393 1034 4438 metus
1081 4385 1394 4452 cogitationi
1428 4386 1661 4455 injectus
1721 4387 1788 4441 ad
1833 4391 2109 4458 expellen-

556 4476 683 4528 dum
717 4476 842 4528 vitia
875 4475 1120 4530 suﬁiciet.
1163 4474 1451 4530 Enimvero
1504 4477 1644 4530 haud
1707 4478 2105 4535 incommodum

2217 653 2316 724 τῆς
2367 652 2544 722 ψυχῆς
2601 651 2698 722 τὴν
2747 649 2884 702 κατά
2955 647 3063 700 τῶν
3125 645 3404 716 ὁμοφύλων
3463 647 3654 716 ὀργήν.
3701 648 3782 700 οὗ

2215 743 2324 812 γὰρ
2366 741 2590 796 καθόλου
2631 741 2728 812 τὴν
2755 739 2921 810 ὀργὴν
2947 740 3174 792 ἀπεῖπεν
3195 753 3209 768 ο
3257 737 3371 789 ἐστι
3419 737 3534 818 γὰρ(
3557 737 3654 790 καὶ
3687 739 3784 790 ἐπὶ

2219 833 2363 903 καλῷ
2390 851 2518 886 ποτε
2564 835 2629 903 τῇ
2657 830 2877 902 τοιαύτῃ
2923 830 3020 900 τῆς
3053 829 3232 898 ψυχῆς
3262 828 3573 899 χρήσασθαι
3609 830 3780 898 ὁρμῇ,

2217 925 2352 978 ἀλλά
2377 925 2436 978 rb
2462 925 2597 994 πρὸς
2629 923 2720 976 τὸν
2757 919 2980 990 ἀδελφὸν
3007 919 3329 992 ὀργιστικῶς
3351 937 3478 972 ποτε
3507 923 3656 990 σχεῖν
3689 923 3784 972 ἐπὶ

2221 1015 2410 1086 μηδενὶ
2436 1014 2641 1084 ἀγαθῷ,
2670 1013 2824 1067 τοῦτο
2858 1013 2891 1082 ἡ
2913 1011 3258 1082 παραγγελία
3289 1011 3640 1062 κατέσϐεσεν.
3667 1011 3782 1072 Πᾶς

2217 1107 2326 1178 γὰρ
2365 1111 2393 1161 ό
2422 1107 2770 1178 ὀργιζόμενος
2803 1104 2878 1175 τῷ
2913 1101 3124 1173 ἀδελφῷ
3156 1104 3220 1155 ὲκ
3247 1101 3340 1154 τοῦ
3369 1103 3514 1172 εἰκῆ.
3583 1101 3650 1153 Ἠ
3673 1103 3784 1171 γὰρ

2220 1198 2500 1269 προσθήκη
2547 1198 2640 1250 τοῦ
2677 1197 2818 1268 εἰκῆ,
2855 1195 3094 1249 δείκνυσι
3131 1195 3191 1248 rb
3219 1193 3470 1264 εὔκαιρον
3521 1193 3784 1256 πολλάκις

2217 1290 2316 1358 τῆς
2341 1289 2434 1341 τοῦ
2465 1289 2635 1360 θυμοῦ
2666 1290 2930 1359 χρήσεως,
2959 1289 3086 1340 ὅταν
3115 1287 3206 1338 ἐπὶ
3231 1285 3447 1339 κολάσει
3471 1285 3572 1354 τῆς
3601 1286 3784 1355 ἀμαρ·

2217 1379 2335 1441 τίας
2375 1377 2504 1448 ζὲσῃ
2551 1377 2610 1430 rb
2645 1375 2830 1440 πάθος.
2886 1375 3054 1428 Τοῦτο
3089 1375 3149 1427 τὸ
3186 1370 3322 1438 εἶδος
3360 1375 3458 1444 τῆς
3489 1374 3662 1446 ὀργῆς
3703 1375 3770 1444 τῷ

2217 1469 2414 1540 Φηνεὲς
2441 1471 2468 1520 ό
2493 1469 2589 1538 τῆς
2613 1467 2830 1539 Γραφῆς
2857 1467 3011 1536 λόγος
3041 1466 3548 1539 προεμαρτύρησεν,
3581 1467 3674 1519 ὅτε
3706 1469 3772 1536 τῇ

2219 1561 2396 1630 σφαγῇ
2427 1559 2531 1610 τῶν
2566 1557 3018 1628 παρανομούντων
3047 1559 3146 1630 τὴν
3175 1559 3315 1611 κατά
3350 1557 3440 1610 τοῦ
3463 1557 3594 1609 λαοῦ
3624 1574 3779 1625 κινη-

2219 1649 2401 1702 θεῖσαν
2431 1649 2657 1720 ἀπειλὴν
2684 1649 2777 1702 τοῦ
2802 1649 2934 1704 Θεοῦ
2961 1647 3238 1703 ἱλεώσατο.
3273 1648 3438 1702 Πάλιν
3469 1647 3782 1717 μεταϐαίνει

2217 1742 2280 1810 τῇ
2305 1739 2565 1811 θεραπείᾳ
2594 1739 2727 1810 πρὸς
2753 1739 2820 1792 τὰ
2844 1739 2930 1793 διά
2953 1739 3052 1809 τῆς
3074 1739 3266 1809 ἡδονῆς
3297 1737 3400 1808 πλη
3409 1737 3778 1808 μμελούμενα,

2219 1832 2311 1883 καὶ
2341 1831 2440 1902 τῆς
2477 1831 2715 1901 μοιχείας
2748 1829 2843 1900 τὴν
2887 1829 3084 1882 ἄτοπον
3116 1830 3407 1900 ἐπιθυμίαν
3447 1833 3653 1900 ἐξαιρεί
3683 1834 3782 1901 τῆς
3869 1833 3878 1844 ⁸

2151 1899 2190 1954 Β
2221 1899 2443 1994 καρδίας
2467 1899 2686 1976 διάητοῦ
2715 1899 3189 1992 παραγγέλματος.
3240 1899 3393 1974 υύτω
3424 1923 3518 1974 καὶ
3551 1899 3620 1974 τὰ
3658 1899 3782 1974 καθ’

2219 2013 2444 2066 ἕκαστον
2472 2013 2644 2066 πάντα
2687 2013 2968 2082 εὑρήσεις,
3009 2014 3065 2066 ὲν
3091 2013 3202 2074 τοῖς
3235 2011 3429 2080 ἐφεξῆς
3463 2012 3785 2082 διορθοῦντα

2217 2105 2308 2158 τὸν
2329 2105 2549 2176 Κύριον,
2584 2104 2718 2175 πρὸς
2749 2103 2976 2158 ἕκαστον
2999 2105 3107 2157 τῶν
3133 2105 3229 2174 τῆς
3251 2105 3444 2167 κακίας
3470 2104 3632 2157 εἰδῶν
3663 2107 3784 2166 ταῖς

2219 2196 2557 2267 νομοθεσίαις
2612 2196 2915 2265 ἱστάμενον.
2998 2195 3206 2249 κωλύει
3247 2197 3306 2248 rb
3350 2198 3536 2266 ἄρχειν
3579 2197 3782 2249 ἀδίκων

2219 2287 2434 2358 χειρῶν,
2474 2287 2561 2340 διὰ
2592 2287 2650 2340 rb
2684 2287 2816 2358 μηδὲ
2845 2285 3142 2357 ἀμύνεσθαι
3175 2288 3538 2358 συγχωρῆσαι.
3583 2287 3780 2357 ’Υπερ-

2218 2377 2386 2448 ορίζει
2417 2377 2476 2430 τὸ
2519 2377 2660 2430 κατά
2705 2377 3011 2441 πλεονεξίαν
3051 2377 3238 2442 πάθος,
3287 2377 3371 2429 διὰ
3419 2377 3512 2430 τοῦ
3555 2377 3692 2448 πρὸς
3721 2377 3786 2432 τὸ

2219 2469 2571 2524 ἀποδύνεσθαι
2595 2469 2671 2538 τῷ
2699 2469 3037 2540 ἀφελομένῳ,
3068 2469 3240 2522 καὶτὸ
3263 2467 3582 2537 ὑπολειφθὲν
3613 2485 3780 2538 προσ-

2217 2561 2393 2627 τάξαι.
2429 2563 2731 2633 Θεραπεύει
2757 2563 2853 2632 τὴν
2881 2561 3100 2625 δειλίαν,
3129 2561 3612 2631 καταφρονητικῶς
3645 2561 3782 2632 πρὸς

2215 2652 2306 2706 τὸν
2334 2653 2560 2706 θάνατον
2599 2653 2739 2723 ἔχειν
2773 2655 3209 2723 ὲκκελευόμενος.
3251 2655 3356 2707 Καὶ
3387 2655 3522 2718 ὅλως
3553 2656 3622 2708 δι’
3648 2657 3778 2708 ἑκά-

2219 2757 2342 2794 στου
2391 2741 2496 2793 τῶν
2542 2740 3030 2810 παραγγελμάτων,
3071 2741 3320 2812 εὑρήσεις
3357 2743 3588 2812 ἀρότρου
3623 2743 3778 2812 δίκην

2215 2831 2305 2885 τὸν
2333 2832 2652 2904 ἁροτριακὸν
2699 2831 2884 2899 λόγον,
2933 2829 3030 2894 τὰς
3071 2834 3306 2902 πονηρὰς
3347 2831 3453 2884 τῶν
3493 2834 3778 2903 ἁμαρτιῶν

2219 2922 2372 2996 ῥίζας
2406 2925 2470 2977 ἐκ
2500 2922 2593 2976 τοῦ
2620 2921 2814 2993 βάθους
2836 2925 2932 2993 τῆς
2965 2922 3189 2993 καρδίας
3214 2923 3367 2992 ἡμῶν
3390 2923 3774 2994 ἀνορύσσοντα,

2213 3015 2280 3069 δι’
2297 3008 2370 3069 ὧν
2394 3014 2506 3066 ἐστι
2532 3015 2628 3084 τῆς
2653 3013 2992 3077 ἀκανθώδους
3021 3013 3351 3085 καθαρθῆναι
3379 3015 3776 3086 καρποφορίας.

2215 3103 2421 3160 Οὐκοῦν
2452 3104 2516 3158 δι’
2545 3105 2867 3175 ἀμφοτέρων
2889 3105 3252 3173 εὐεργετεῖται
3273 3103 3368 3175 τὴν
3401 3105 3582 3174 φύσιν,
3613 3101 3698 3170 οἷς
3719 3124 3776 3160 τε

2217 3195 2278 3248 τὸ
2316 3195 2517 3263 ἀγαθὸν
2550 3194 2958 3262 ἐπαγγέλλεται,
2985 3189 3067 3257 οἷς
3098 3211 3157 3246 τε
3177 3193 3273 3265 τὴν
3305 3195 3439 3262 πρὸς
3461 3195 3524 3248 rb
3557 3197 3776 3270 προκεί-

2222 3303 2376 3357 μενον
2390 3285 2728 3339 διδασκαλίαν
2743 3285 2870 3355 ἡμῖν
2892 3284 3218 3339 ὑποτίθεται.
3238 3285 3298 3338 Εἰ
3313 3285 3366 3337 δὲ
3389 3286 3648 3348 ἐπίπονος
3668 3287 3772 3338 τῶν

2217 3375 2435 3445 ἀγαθῶν
2469 3375 2668 3446 σπουδή
2699 3392 2779 3427 σοι
2805 3373 3099 3444 νομίζεται,
3127 3375 3410 3446 σύγκρινον
3439 3375 3519 3446 τῷ
3549 3378 3776 3446 ἐναντίῳ

2218 3469 2317 3540 βίῳ
2339 3485 2351 3500 '~
2387 3469 2480 3522 καὶ
2513 3469 2762 3540 εὑρήσεις
2799 3467 2919 3520 ὅσον
2949 3469 3320 3536 ἐπιπονωτέρα
3346 3469 3492 3522 ἐστὶν
3519 3472 3552 3539 ἡ
3587 3471 3772 3532 κακία,

2216 3563 2264 3614 εί
2292 3561 2366 3632 μὴ
2395 3559 2529 3631 πρὸς
2571 3559 2630 3612 τὸ
2659 3559 2852 3630 παρὸν,
2880 3559 3015 3612 ἀλλὰ
3043 3560 3177 3629 πρὸς
3202 3561 3262 3612 rb
3294 3561 3430 3630 μετά
3459 3561 3632 3614 ταῦτα
3658 3561 3772 3630 βλέ-

2214 3667 2356 3715 ποις.
2401 3651 2457 3704 ὐ
2484 3650 2592 3722 γὰρ
2616 3649 2838 3719 γεέννας
2873 3650 3130 3713 ἀκούσας,
3159 3649 3339 3703 οὐκέτι
3365 3651 3510 3721 πόνῳ
3541 3653 3652 3704 τινὶ
3681 3653 3770 3704 καὶ

2217 3742 2416 3810 σπουδῇ
2453 3741 2561 3794 τῶν
2592 3741 2734 3794 κατά
2773 3741 2870 3812 τὴν
2901 3741 3174 3812 ἁμαρτίαν
3211 3740 3410 3810 ἡδονῶν
3441 3744 3770 3812 χωρισθήσε-

2212 3847 2330 3886 ται’
2360 3832 2474 3885 ἀλλ’
2497 3833 2719 3904 ἀρκέσει
2748 3832 2903 3902 μόνος
2939 3832 2966 3882 ό
3014 3831 3174 3899 φόϐος
3209 3833 3322 3895 τοῖς
3359 3832 3640 3903 λογισμοῖς
3681 3835 3774 3902 ἑγ-

2211 3922 2518 3993 γενόμενος,
2548 3923 2783 4001 ἐξορίσαι
2816 3922 2882 3976 τὰ
2911 3921 3076 3992 πάθη.
3117 3921 3328 3975 Μᾶλλον
3373 3923 3430 3976 δὲ
3459 3924 3640 3987 καλῶς
3661 3925 3768 3994 ἔχει

2209 4015 2288 4086 τῷ
2303 4015 2633 4086 σιωπωμένῳ
2655 4015 2988 4069 συνυπακουό
2995 4031 3150 4086 μενον
3169 4017 3622 4084 κατανοήσαντας.
3647 4035 3770 4085 σφο-

2209 4106 2466 4177 δροτέραν
2489 4105 2732 4160 ἐντεῦθεν
2759 4107 2857 4177 τὴν
2888 4107 3179 4178 ἐπιθυμίαν
3207 4107 3408 4160 λαϐεῖν.
3445 4107 3507 4159 ΕΞ
3533 4107 3642 4179 γὰρ
3669 4127 3767 4178 μα-

2209 4199 2391 4268 κάριοι
2417 4199 2466 4251 οί
2495 4197 2720 4267 καθαροὶ
2743 4201 2810 4268 τῇ
2839 4198 3053 4270 καρδία,
3087 4199 3307 4252 ἐλεεινοί
3339 4199 3555 4261 πάντως
3577 4201 3627 4251 ot
3649 4217 3768 4253 κατ-

2209 4288 2582 4360 ερῤυπωμένοι
2609 4289 2698 4341 τὸν
2725 4288 2846 4342 νοῦν
2865 4305 2879 4320 ’
2913 4289 2992 4341 ὅτι
3021 4289 3156 4359 πρὸς
3179 4288 3238 4341 rb
3265 4289 3357 4341 τοῦ
3393 4290 3764 4360 ἀντικειμένου

2210 4379 2495 4450 πρόσωπον
2514 4377 2813 4448 βλέπουσιν.
2829 4379 2936 4431 Καὶ
2949 4379 2997 4430 εί
3019 4379 3178 4442 αὐτὸς
3196 4381 3223 4431 ό
3241 4379 3379 4442 θεῖος
3393 4383 3678 4452 χαρακτὴρ
3691 4383 3766 4452 τῷ

2209 4471 2328 4523 κατ’
2351 4469 2546 4542 ἀρετὴν
2574 4469 2892 4523 ὲντυποῦται
2919 4469 3036 4542 βίῳ,
3071 4470 3224 4541 δῆλον
3247 4471 3325 4524 ὅτι
3351 4474 3383 4542 ἡ
3407 4473 3550 4526 κατά
3575 4476 3766 4530 κακίαν

555 4565 716 4619 fuerit
747 4566 1121 4620 animadverso
1171 4567 1314 4634 quod
1353 4567 1574 4622 tacitum
1619 4569 1959 4637 subauditur,
2015 4589 2101 4627 ve-

2215 4561 2325 4632 ζωὴ
2359 4561 2535 4632 μορφὴ
2566 4562 2658 4614 καὶ
2697 4561 2982 4632 πρόσωπον
3007 4562 3102 4615 τοῦ
3135 4563 3506 4632 ἀντικειμένου
3539 4566 3760 4632 γίνεται.

553 4652 941 4706 hementiorem
992 4653 1185 4707 dehinc
1239 4655 1522 4724 concipere
1561 4657 1929 4726 cupiditatem.
1976 4659 2110 4717 Nam

555 4745 601 4799 si
633 4745 768 4797 beati
798 4753 962 4808 sunt,
989 4747 1082 4816 qui
1123 4761 1258 4817 puro
1280 4749 1440 4801 corde
1467 4748 1672 4818 praediti
1704 4761 1850 4812 sunt,
1884 4752 2112 4808 misera-

553 4829 692 4884 biles
718 4832 940 4886 omnino
971 4843 1118 4896 sunt,
1147 4835 1238 4903 qui
1272 4843 1503 4889 mentem
1537 4837 1865 4892 sordidatam
1891 4841 2108 4908 habent,

552 4925 808 4994 quoniam
861 4923 1052 4980 faciem
1083 4927 1380 4981 adversarii
1417 4928 1790 4984 intuebuntur.
1852 4931 2109 5003 Itemque,
2161 4999 2164 5006 ι

553 5012 602 5068 si
637 5013 752 5082 ipsa
783 5013 963 5068 divina
998 5015 1195 5086 eﬂigies
1242 5017 1572 5087 imprimitur
1609 5021 1883 5075 vitaz-eum
1911 5023 2110 5079 virtute

553 5106 858 5174 conjunctae
882 5146 896 5170 ,
939 5109 1282 5178 perspicuum
1316 5119 1399 5163 est
1439 5110 1580 5179 quod
1610 5112 1721 5164 vita
1757 5113 1947 5169 vitiosa
1995 5113 2109 5170 for-

551 5211 640 5250 ma
673 5213 734 5251 ac
767 5198 930 5253 facies
963 5201 1256 5255 adversarii
1285 5203 1518 5256 exsistit.
1542 5201 1658 5256 Jam
1697 5220 1824 5259 vero
1850 5205 1896 5260 si
1925 5221 2113 5262 secun-

552 5287 680 5342 dum
716 5289 959 5346 diversas
987 5292 1446 5346 considerationes
1481 5291 1620 5347 Dens
1647 5295 1887 5362 quolibet
1921 5311 2110 5351 eorum

551 5379 936 5434 vocabulorum
971 5397 1092 5451 qua:
1133 5383 1276 5435 circa
1325 5383 1524 5435 bonum
1572 5383 1966 5453 intelliguntur,
2017 5403 2108 5440 co-

550 5473 916 5539 gnominatur,
954 5473 1152 5538 lumen,
1180 5474 1312 5536 vita,
1343 5474 1847 5543 incorruptibilitas.
1879 5483 1932 5532 et
1962 5495 2108 5548 quie-

551 5573 766 5629 cunqne
792 5564 910 5632 ejus
945 5566 1155 5634 generis
1189 5573 1334 5627 sunt,
1381 5579 1626 5634 prorsus,
1661 5581 1724 5619 ex
1749 5567 1997 5631 adverso,
2051 5570 2106 5624 id

555 5653 696 5722 quod
728 5653 922 5723 cuique
951 5655 1141 5709 horum
1176 5655 1480 5726 oppositum
1530 5661 1614 5709 est
1645 5657 1896 5725 nequitiae
1920 5657 2108 5714 inven-

627 5829 676 5863 ³³
697 5827 1058 5897 Exod.xx,5.
1135 5833 1180 5866 “
1215 5832 1402 5888 Matth.
1447 5851 1496 5902 v,
1539 5835 1626 5890 9‘2.

2207 4652 2367 4707 Ἀλλά
2395 4654 2500 4723 μὴν
2531 4654 2578 4706 εί
2605 4653 2744 4706 κατά
2771 4654 3056 4723 διαφόρους
3076 4657 3312 4719 ἐπινοίας
3339 4659 3366 4710 ό
3397 4655 3530 4720 Θεὸς
3559 4657 3764 4729 ἑκάστῳ

2206 4743 2312 4798 τῶν
2342 4745 2482 4798 κατά
2515 4744 2576 4797 rb
2603 4743 2804 4813 ἀγαθὸν
2845 4746 3146 4816 νοουμένων
3191 4747 3602 4817 ἐπονομάζεται,
3631 4749 3762 4816 φῶς,

2207 4835 2300 4889 καὶ
2331 4834 2463 4906 ζωὴ,
2489 4836 2582 4888 καὶ
2611 4836 2905 4907 ἀφθαρσία,
2943 4839 3036 4889 καὶ
3062 4837 3160 4890 ὅσα
3191 4837 3280 4890 τοῦ
3311 4839 3552 4892 τοιούτου
3583 4842 3762 4907 γένους

2209 4929 2350 4981 ἐστίν
2370 4944 2382 4958 ·
2407 4929 2620 4992 πάντως
2640 4931 2702 4982 ὲκ
2721 4929 2812 4982 τοῦ
2833 4929 3208 5000 ἀντιστρόφου,
3231 4931 3290 4982 rb
3311 4931 3544 4984 ἑκάστου
3567 4933 3762 4986 τούτων

2207 5021 2597 5092 ἀντικείμενον,
2623 5020 2699 5090 τῷ
2737 5021 2836 5092 τῆς
2869 5022 3063 5085 κακίας
3091 5023 3284 5097 εὑρέτῃ
3312 5023 3758 5095 ὀνομασθήσεται,

2209 5111 2396 5173 σκότος
2446 5112 2540 5164 καὶ
2589 5111 2814 5175 θάνατος
2859 5114 2953 5166 καὶ
2989 5113 3208 5184 φθορὰ,
3267 5117 3360 5167 καὶ
3409 5117 3510 5168 ὅσα
3558 5117 3758 5181 τούτοις

2208 5203 2436 5275 ὁμογενῆ
2473 5203 2565 5256 καὶ
2607 5203 2868 5274 ὁμόφυλα.
2909 5203 3116 5258 Οὐκοῦν
3153 5205 3431 5274 μαθόντες,
3467 5206 3570 5268 ,διὰ
3611 5207 3760 5259 τίνων

2205 5295 2319 5364 ἦτε
2339 5295 2503 5347 κακία
2541 5295 2634 5347 καὶ
2683 5296 2711 5346 ὁ
2749 5293 2866 5348 κατ’
2901 5295 3098 5365 ἀρετὴν
3122 5295 3580 5376 μορφούςιξεὲίος,
3623 5295 3758 5358 ἐξου-

2210 5387 2378 5457 σίαςὴ
2388 5387 2476 5457 μϊν
2503 5387 2636 5458 πρὸς
2681 5371 3194 5456 ὲκάῖᾧῶ“ἒότῖτων”
3218 5369 3355 5440 xiii:
3407 5387 3468 5440 rb
3515 5386 3758 5450 αὐτεξού-

2210 5493 2320 5530 σιον
2339 5479 2437 5546 τῆς
2463 5477 2828 5548 προαιρέσεως
2850 5477 3233 5547 προκειμένης,
3255 5475 3512 5546 φύγωμεν
3541 5476 3644 5545 ’τὴν
3673 5473 3756 5526 τοῦ

2210 5566 2452 5620 διαϐόλου
2478 5567 2706 5638 μορφὴν,
2723 5565 3050 5637 ἀποθώμεθα
3067 5567 3128 5619 τὸ
3146 5567 3376 5638 πονηρὸν
3399 5567 3752 5637 προσωπεῖον,

2212 5658 2562 5730 ἀναλάϐωμεν
2591 5657 2688 5729 τὴν
2713 5657 2862 5710 θείαν
2887 5658 3089 5727 είκόνα,
3121 5657 3401 5729 γενώμεθα
3441 5655 3666 5726 καθαροὶ
3691 5657 3752 5725 τῇ

1705 5835 1748 5868 ⁵⁷
1775 5833 1935 5889 Num.
1983 5851 2101 5900 xxv,
2148 5835 2170 5886 l
2213 5851 2333 5906 sqq.
