3888 6530
1326 272 1351 281 κ

92 445 265 502 1277
1167 460 1253 515 DE
1294 461 1890 521 BEATITUDINIBUS.
1931 466 2185 521 ORATIO
2224 469 2313 523 Vl.
3228 470 3361 527 127%

90 563 356 633 καρδία,
408 564 492 618 ἵνα
536 567 818 639 γενώμεθα
861 571 1134 642 μακάριοι,
1174 575 1271 643 τῆς
1318 576 1464 640 θείας
1500 580 1700 644 είκόνος

1804 581 1909 635 tori
1938 582 2282 643 attribuetur,
2318 582 2572 645 tenebrze,
2610 598 2777 646 mors,
2814 584 3107 651 corruptio,
3137 589 3189 637 et
3215 599 3365 653 quae.

92 656 169 705 ὲν
206 654 355 724 ἡμῖν
395 660 788 741 μορφωθείςης,
824 662 911 715 διὰ
928 663 1027 732 τῆς
1050 664 1293 736 καθαρᾶς
1324 669 1611 733 πολιτείας,
1639 673 1696 723 ὲν

1804 689 2013 742 cunque
2051 673 2295 742 ejusdem
2326 690 2447 728 cum
2479 675 2564 730 his
2610 675 2826 745 generis
2848 686 2901 728 et
2947 683 3155 728 natura:
3205 682 3355 728 sunt.

741 679 788 736 ς,
824 662 911 715 διὰ
928 663 1027 732 τῆς
1050 664 1293 736 καθαρᾶς
1324 669 1611 733 πολιτείας,
1639 673 1696 723 ὲν

96 745 356 836 Χριστῷ
394 745 580 819 Ἰησοῦο
605 752 681 823 τῷ
707 755 893 824 Κυρίω
917 756 1091 825 ἡμῶν,
1219 761 1251 830 ὴ
1298 759 1421 827 δόξα
1468 765 1545 826 είς
1571 765 1696 827 τοὺς

1804 763 2069 830 Quocirca
2100 780 2222 818 cum
2248 764 2597 821 didicerimus
2645 767 2845 836 quibus
2877 767 3041 821 rebus
3084 776 3136 821 et
3165 763 3359 835 nequi-

1796 854 1867 907 tia
1919 861 1973 907 et
2016 868 2139 906 cum
2179 854 2378 908 virtute
2429 855 2537 908 vita
2606 854 2900 926 conjuncta
2955 857 3258 911 formentur
3308 865 3363 911 et

93 834 340 899 αἰῶνας
372 837 479 890 τῶν
514 838 740 893 αἰώνων.
799 843 988 913 Ἀμήν.

99 930 527 999 insigniantur,
588 932 862 1003 proposita
911 938 1088 1001 uobis,
1116 940 1272 1008 juxta
1320 941 1547 996 liberum
1600 943 1766 997 animi
1805 945 2123 1009 arbitrium,
2159 946 2210 1014 in
2259 956 2436 1000 utram
2501 954 2707 1015 partem
2768 947 2997 1001 velimus
3054 948 3362 1002 declinandi

99 1030 439 1092 potestate,
490 1024 758 1095 fugiamus
816 1026 1042 1082 formam
1091 1030 1315 1095 diaboli,
1361 1032 1694 1101 deponamus
1768 1051 1987 1106 pravam
2053 1052 2364 1106 personam,
2404 1052 2746 1093 resumamus
2780 1038 3019 1091 divinam
3044 1038 3357 1108 imaginem,

102 1116 310 1170 simus
346 1116 465 1185 puri
494 1116 678 1179 corde,
732 1124 793 1170 ut
841 1118 1137 1175 elliciamur
1193 1122 1356 1185 beati,
1414 1121 1594 1175 divina
1630 1123 1684 1177 in
1721 1125 1879 1180 nobis
1920 1126 2155 1197 imagine
2184 1142 2280 1197 per
2305 1142 2498 1196 purum
2522 1127 2645 1181 vitaz
2704 1127 3011 1182 institutum
3070 1126 3357 1197 impressa,

105 1221 226 1276 per
256 1207 544 1263 Christum
574 1206 757 1264 Jesum
788 1210 1071 1266 Dominum
1097 1221 1368 1279 nostrum,
1402 1216 1490 1270 cui
1521 1218 1689 1287 gloria
1729 1218 1784 1272 in
1818 1220 2013 1272 saecula
2050 1221 2395 1274 smeulorum.
2434 1218 2625 1274 Amen.

758 1326 974 1380 ΛΟΓΟΣ
1011 1329 1084 1381 Z'.

110 1410 428 1480 Μακάριοι
483 1413 539 1465 οἱ
581 1413 937 1480 εἰρηνοποιοί
956 1433 969 1446 ·
1026 1417 1112 1469 ὅτι
1153 1417 1322 1472 αὐτοὶ
1378 1420 1492 1474 υἱοὶ
1552 1422 1697 1477 Θεοῦ

712 1485 1134 1551 κληθήσονται.

196 1570 321 1642 Τῆς
361 1573 511 1643 ἱερᾶς
552 1572 644 1626 τοῦ
688 1576 985 1645 μαρτυρίου
1021 1578 1418 1648 σκηνοπηγίας,
1468 1580 1533 1651 ἣν
1561 1581 1724 1635 κατὰ·

113 1661 224 1714 τὸν
256 1665 317 1715 ἐν
346 1662 423 1733 τῷ
453 1663 565 1733 δρει
602 1664 748 1735 παρὰ
775 1664 865 1717 τοῦ
891 1666 1022 1719 Θεοῦ
1051 1668 1323 1739 δειχθέντα
1354 1673 1519 1725 τύπον
1555 1675 1584 1725 6
1610 1692 1699 1726 vo-

123 1753 375 1825 μοθέτης
400 1758 508 1817 τοῖς
536 1756 889 1825 Ἰσραηλίταις
916 1761 1369 1826 κατεσκευάσατο,
1402 1764 1576 1818 πάντα
1601 1766 1697 1834 μὲν

120 1844 271 1913 ἆγιά
299 1862 357 1898 τε
385 1845 477 1898 καὶ
507 1846 625 1917 ιερὰ
661 1847 780 1901 καθ’
809 1848 1038 1902 ἕκαστον
1066 1846 1155 1921 ἦν,
1184 1852 1283 1905 ὅσα
1317 1854 1393 1924 τῷ
1420 1871 1695 1926 περισχοι-

2363 1329 2622 1386 ORATIO
2667 1331 2778 1384 VII.

1829 1420 1981 1475 Beati
2010 1424 2235 1493 paciﬁci,
2263 1425 2510 1493 quoniam
2538 1424 2641 1493 ipsi
2666 1424 2766 1492 ﬁlii
2790 1421 2888 1476 Dei
2918 1425 3240 1477 vocabuntur
3256 1424 3323 1478 ⁵⁸.

1869 1576 2021 1632 Sacri
2044 1579 2336 1634 testimonii
2358 1578 2715 1645 tabernaculi,
2733 1580 2875 1649 quod
2907 1579 3182 1648 legislator
3201 1579 3357 1649 juxta

1800 1666 2225 1721 demonstratam
2254 1668 2356 1723 sibi
2391 1670 2446 1722 in
2478 1678 2663 1723 monte
2690 1684 2720 1721 a
2761 1668 2868 1722 Deo
2915 1668 3141 1722 formam
3185 1672 3360 1721 Israe-

1802 1757 1912 1812 litis
1939 1758 2232 1813 fabricatus
2257 1768 2359 1823 est,
2388 1759 2569 1813 omnia
2602 1758 2817 1827 quidem
2849 1767 2900 1814 et
2926 1769 3111 1814 saneta
3132 1769 3184 1814 et
3203 1775 3357 1813 sacra

1802 1850 2072 1918 sigillatim
2104 1860 2280 1914 erant,
2313 1866 2649 1921 quaecunque
2680 1852 2847 1921 septis
2882 1852 3209 1907 intrinsecus
3226 1866 3359 1905 eon-

120 1936 360 2007 νίσματι
390 1938 529 1992 κατὰ
560 1938 618 1991 τὸ
644 1940 793 2003 ἐντὸς
833 1942 1181 2012 περιείληπτο
1203 1961 1217 1972 ’
1249 1946 1310 1998 τὸ
1338 1946 1394 1999 δὲ
1422 1947 1698 2001 ὲνδότατον

1804 1942 2136 2009 tinebantur;
2167 1944 2231 1998 ad
2262 1945 2505 1998 intimam
2552 1953 2728 2000 autem
2772 1946 2824 1997 in
2857 1944 2940 1999 liis
2966 1952 3170 2013 partem
3199 1959 3356 1998 acce-

124 2030 191 2081 ὲν
227 2028 438 2093 τούτοις
486 2030 674 2083 ἄδυτόν
709 2049 768 2084 τε
812 2032 904 2085 καὶ
941 2033 1137 2087 ἄϐατον
1183 2031 1270 2107 ἦν,
1303 2038 1490 2106 Ἀγιον
1533 2039 1699 2107 ἁγίων

121 2118 428 2192 λεγόμενον
447 2141 459 2153 ·
502 2122 803 2193 δεικνύσης,
830 2120 1001 2195 οἶμαι,
1030 2126 1127 2197 τῆς
1160 2128 1474 2199 ἑπιτατικῆς
1501 2130 1700 2201 ταύτης

123 2213 569 2283 ὀνοματοποιΐας,
614 2214 674 2267 τὸ
713 2214 785 2285 μὴ
824 2214 963 2269 κατὰ
991 2216 1050 2268 τὸ
1092 2218 1345 2288 ὁμότιμον
1385 2222 1493 2282 τοῖς
1522 2220 1698 2284 ἄλλοις

132 2306 386 2374 μετέχειν
408 2308 624 2373 κάκεῖνο
647 2308 743 2377 τῆς
784 2308 1065 2379 ἁγιότητος
1088 2326 1100 2340 ·
1152 2311 1266 2364 ἄλλ’
1299 2312 1421 2365 ὅσον
1455 2311 1699 2383 διέφερεν

125 2396 231 2449 τοῦ
266 2397 445 2450 κοινοῦ
488 2399 578 2450 καὶ
622 2398 846 2469 βεϐήλου
887 2400 947 2452 τὸ
997 2401 1366 2474 ἁφιερωμένον
1398 2405 1491 2456 καί
1521 2404 1695 2470 ἅγιον,

127 2486 388 2541 τοσοῦτον
412 2490 583 2542 ἐκεῖνο
607 2490 666 2542 τὸ
694 2491 879 2544 ἄδυτον
912 2491 1019 2544 τῶν
1050 2495 1176 2565 περὶ
1198 2495 1326 2546 αὐτὸ
1352 2495 1519 2563 ἁγίων
1548 2494 1699 2565 ίερὼυ

127 2579 294 2649 τερόν
324 2597 383 2631 τε
417 2580 509 2632 καὶ
554 2581 933 2654 καθαρώτερον
961 2578 1118 2638 εἶναι.
1165 2580 1329 2655 Οἶμαι
1372 2586 1546 2638 τοίνυν
1590 2584 1698 2653 ἐγὼ

132 2670 280 2722 κατὰ
305 2669 395 2722 τὸν
439 2671 598 2724 αὐτὸν
635 2673 851 2743 τρόπον,
886 2674 993 2728 τῶν
1026 2677 1082 2728 ὲν
1110 2675 1187 2747 τῷ
1226 2676 1338 2746 ὄρει
1370 2677 1542 2746 τούτῳ
1567 2694 1698 2747 προ·

130 2760 455 2830 δειχθέντων
484 2764 613 2832 ἡμῖν
647 2766 1027 2836 μακαρισμῶν,
1055 2768 1226 2820 πάντα
1254 2770 1351 2837 μὲν
1381 2769 1500 2839 ἱερά
1520 2786 1577 2821 τε
1604 2770 1697 2822 καὶ

134 2854 272 2920 ἅγια
296 2852 413 2905 καθ’
433 2852 657 2908 ἕκαστον
688 2852 844 2915 εἶναι,
869 2858 968 2911 ὅσα
991 2858 1273 2928 προλαϐὼν
1292 2864 1320 2912 6
1364 2867 1506 2931 θεῖος
1542 2886 1702 2923 κατε-

134 2949 372 3004 σκεύασε
400 2949 589 3013 λόγος·
639 2948 699 3000 τὸ
737 2948 791 3000 δὲ
835 2948 928 3000 νῦν
970 2953 1033 3019 τῇ
1088 2950 1287 3021 θεωρίᾳ
1318 2952 1694 3022 προκείμενον,

135 3040 326 3094 ἄδυτον
350 3043 424 3105 ὡς
441 3040 653 3112 ἀληθῶς
686 3042 779 3093 καὶ
806 3041 992 3109 ’Λγιον
1015 3042 1182 3108 ἁγίων
1212 3038 1367 3095 εἶναι.
1406 3044 1468 3095 Ei
1496 3043 1603 3113 γὰρ
1638 3042 1698 3095 τὸ

144 3133 271 3185 ίδεῖν
310 3134 398 3187 τὸν
437 3134 567 3186 Θεὸν
597 3132 895 3203 ὑπερϐολὴν
927 3135 984 3186 ὲν
1012 3134 1088 3204 τῷ
1132 3134 1318 3204 ἁγαθῷ
1348 3136 1444 3187 οὐκ
1473 3135 1602 3204 ἔχει,
1638 3136 1697 3188 τὸ

142 3224 258 3278 υἱὸν
298 3224 544 3293 γενέσθαι
576 3224 709 3276 Θεοῦ
758 3224 893 3297 ὑπὲρ
940 3226 1117 3277 πᾶσαν
1161 3226 1449 3295 εὑκληρίαν
1486 3228 1696 3289 πάντως

1803 2034 1931 2089 dere
1974 2050 2036 2089 ac
2067 2044 2350 2104 penetrare
2380 2036 2463 2089 las
2496 2052 2601 2088 non
2636 2045 2769 2100 erat,
2804 2051 2974 2105 eaque
2997 2034 3196 2089 Sancta
3231 2050 3359 2089 san-

1803 2136 2012 2180 ctorum
2040 2128 2347 2195 dicebatur;
2383 2128 2677 2191 indicante,
2725 2128 2937 2198 opinor,
2990 2128 3091 2181 hac
3124 2128 3357 2197 ampliﬁ-

1803 2219 1974 2273 cativa
1999 2221 2231 2275 nominis
2266 2220 2604 2281 formatione,
2632 2222 2776 2290 quod
2814 2236 2875 2274 ea
2899 2234 3023 2285 pars
3050 2234 3155 2272 non
3191 2221 3353 2274 etiam

1803 2312 1917 2380 pari
1948 2327 2069 2365 cum
2125 2314 2334 2369 caeteris
2386 2312 2694 2367 conditione
2746 2313 3019 2383 particeps
3055 2313 3359 2367 sanctitatis

1802 2412 1966 2462 esset,
1992 2404 2083 2458 sed
2114 2414 2373 2473 quantum
2400 2404 2637 2459 differret
2660 2420 2688 2457 a
2714 2405 2990 2458 couununi
3035 2412 3195 2473 atque
3236 2418 3360 2473 pro-

1803 2496 1929 2550 fano
1958 2508 2332 2551 consecratum
2363 2505 2417 2551 et
2447 2504 2716 2559 sanctum,
2759 2505 2908 2549 tanto
2939 2496 3027 2548 illa
3060 2511 3184 2564 pars
3204 2496 3360 2548 inae-

1802 2602 1977 2650 cessa,
2020 2603 2195 2656 quove
2221 2587 2370 2641 adire
2397 2602 2460 2640 ac
2490 2596 2776 2656 penetrare
2810 2586 2890 2638 fas
2922 2600 3029 2638 non
3065 2593 3201 2645 erat,
3235 2600 3363 2637 san-

1801 2678 1922 2740 etis,
1953 2677 2151 2746 quibus
2176 2677 2508 2730 circumdata
2546 2684 2682 2738 erat,
2736 2675 2942 2730 sacrior
2978 2684 3029 2728 et
3060 2675 3245 2743 purior
3270 2688 3363 2725 es-

1801 2781 1900 2823 set.
1929 2770 2007 2822 Ad
2036 2769 2281 2823 eumdem
2317 2769 2482 2838 igitur
2506 2769 2721 2822 modum
2752 2784 2813 2821 ex
2852 2766 2936 2819 his
2967 2781 3087 2835 quae
3120 2765 3277 2819 nobis
3306 2765 3361 2819 in

1802 2862 1905 2914 hoc
1943 2873 2123 2916 monte
2155 2870 2579 2930 przelnonstratae
2628 2866 2755 2915 sunt
2798 2857 3242 2922 beatitudinibus,
3268 2872 3359 2908 ar-

1802 2952 1973 3006 bitror
2005 2967 2105 3020 ego
2135 2952 2315 3005 omnia
2338 2951 2553 3020 quidem
2592 2966 2747 3005 sacra
2776 2964 2837 3003 ac
2861 2957 3050 3003 sancta
3083 2948 3358 3016 sigillatim

1805 3059 2135 3112 quacunque
2164 3044 2413 3112 superior
2461 3042 2675 3097 divinus
2724 3056 2905 3096 sermo
2948 3037 3252 3108 composuit
3306 3044 3362 3091 et

1796 3136 2089 3203 AalIirmavit
2121 3154 2133 3189 :
2164 3136 2306 3204 quod
2333 3144 2511 3188 autem
2546 3148 2690 3187 nunc
2725 3130 3165 3200 contemplationi
3200 3138 3361 3198 atque

1801 3227 2242 3283 commentationi
2274 3228 2606 3296 prepositum
2636 3234 2741 3289 est,
2777 3224 2992 3287 ἄδυτον,
3040 3222 3090 3276 id
3126 3230 3230 3285 est,
3272 3223 3359 3275 in-

142 3315 286 3368 ὲστίν
308 3332 323 3346 ’
359 3316 483 3368 ποία
509 3315 616 3386 γὰρ
650 3316 905 3385 ῥημάτων
930 3316 1166 3381 ὲπίνοια;
1226 3318 1308 3381 τίς
1336 3317 1395 3381 ἐξ
1422 3318 1695 3387 ὀνομάτων

1804 3334 2074 3374 accessum
2104 3333 2291 3372 revera
2325 3332 2387 3371 ac
2411 3316 2666 3371 Sanctum
2705 3331 2825 3371 esse
2858 3325 3191 3370 sanctorum.
3222 3311 3356 3364 Nam

145 3407 383 3477 σημασία
437 3407 536 3475 τῆς
593 3406 919 3477 τηλικαύτης
977 3408 1303 3477 ἐπαγγελίας
1347 3410 1442 3479 τὴν
1496 3410 1699 3479 δωρεὰν

145 3497 531 3567 περιλήψεταις
562 3498 735 3569 Ὅπερ
781 3499 844 3551 ἄν
878 3517 959 3561 τις
999 3502 1064 3569 τῇ
1106 3500 1309 3570 διανοίᾳ
1340 3503 1526 3573 νοήσῃ,
1562 3503 1698 3571 ὑπὲρ

146 3590 317 3641 ἐκεῖνο
359 3590 572 3652 πάντως
619 3590 733 3643 ἐστὶ
770 3593 830 3643 τὸ
867 3590 1221 3662 δηλούμενονο
1275 3592 1367 3646 ὲὰν
1400 3593 1619 3660 ἀγαθὸν,
1664 3594 1695 3663 ἢ

146 3681 337 3750 τίμιον,
366 3681 397 3750 ἢ
436 3680 633 3749 ὑψηλὸν
661 3682 932 3752 όνομάσῃς
969 3682 1029 3734 τὸ
1071 3682 1209 3736 κατὰ
1235 3683 1325 3735 τὸν
1354 3683 1698 3753 μακαρισμὸν

146 3768 329 3823 τοῦτον
357 3770 422 3823 δι’
457 3771 781 3839 ἐπαγγελίας
803 3773 1178 3844 προκείμενον,
1204 3773 1362 3826 πλέον
1388 3774 1421 3845 ἦ
1444 3775 1582 3827 κατὰ
1601 3774 1699 3844 τὴν
1720 3795 1730 3807 ·

149 3862 373 3931 ἔμφασιν
401 3862 506 3914 τῶν
529 3863 805 3931 ὀνομάτων
830 3866 943 3916 ἐστὶ
971 3865 1030 3916 τὸ
1055 3865 1376 3935 δηλούμενον
1403 3882 1414 3894 ·
1444 3859 1581 3937 ὑπὲρ
1613 3867 1700 3918 εὑ-

148 3952 247 4022 χὴν
278 3954 308 4022 ἡ
338 3952 617 4021 ὲπιτυχία,
654 3954 791 4023 ὑπὲρ
829 3954 1016 4006 ἐλπίδα
1062 3955 1124 4006 τὸ
1168 3955 1367 4024 δῶρον,
1423 3956 1559 4027 ὑπὲρ
1602 3956 1699 4026 τὴν

150 4044 306 4112 φύσιν
336 4046 366 4115 ἡ
393 4045 568 4116 χάρις.
596 4047 660 4098 Τί
690 4048 837 4098 ἐστιν
872 4046 1153 4117 ἄνθρωπος
1176 4047 1248 4109 ὡς
1269 4046 1403 4115 πρὸς
1424 4047 1522 4117 τὴν
1555 4046 1700 4098 θείαν

149 4136 304 4203 φύσιν
331 4138 672 4208 κρινόμενοςς
725 4138 878 4201 Τίνος
906 4138 1044 4191 εἴπω
1074 4139 1179 4191 τῶν
1205 4139 1372 4206 ἁγίων
1402 4138 1603 4208 φωνὴν,
1632 4139 1699 4190 δι’

147 4220 217 4295 ἧς
236 4224 609 4290 ὲξευτελίζεται
640 4228 699 4279 τὸ
724 4226 1057 4298 ἀνθρώπινον
1085 4244 1099 4291 ;
1153 4228 1292 4280 κατὰ
1321 4228 1411 4280 τὸν
1451 4227 1700 4297 Ἀϐραὰμ

149 4317 223 4386 γῆ
251 4318 339 4371 καὶ
370 4319 560 4383 σπὸδος
579 4336 591 4349 ·
634 4319 772 4372 κατὰ
795 4319 884 4371 τόν
916 4321 1141 4372 Ἡσαΐαν
1168 4320 1354 4389 χόρτος
1372 4338 1385 4349 ο
1443 4320 1582 4372 κατὰ
1610 4320 1700 4372 τὸν

149 4408 308 4461 Δαϐὶδ
336 4410 453 4463 οὐδὲ
498 4411 706 4480 χόρτος,
757 4410 871 4463 ἀλλ’
899 4412 1071 4473 ἐοικὸς
1110 4413 1300 4481 χόρτῳ.
1354 4412 1410 4464 Ὀ
1456 4412 1551 4480 μὲν
1592 4412 1699 4481 γὰρ

149 4501 316 4570 λέγει,
342 4502 513 4556 Πᾶσα
532 4502 687 4571 σὰρξ
716 4502 955 4573 χόρτος·
993 4498 1144 4566 οὗτος
1172 4504 1228 4556 δέ
1262 4521 1391 4573 φησι
1411 4520 1425 4534 ’
1459 4505 1700 4571 Ἀνθρω-

152 4609 256 4657 πος
285 4593 421 4646 ὡσεὶ
449 4595 657 4662 χόρτος
680 4612 694 4625 ·
736 4595 875 4648 κατὰ
900 4595 990 4647 τὸν
1021 4596 1444 4667 Ἐκκλησιαστὴν
1482 4596 1697 4665 ματαιόο

150 4699 251 4753 της
268 4701 280 4713 ·
326 4684 461 4737 κατὰ
488 4684 578 4738 τὸν
608 4684 836 4750 Παῦλον,
863 4684 1217 4757 ταλαιπωρία.
1263 4682 1356 4749 Οἷς
1380 4686 1485 4757 γὰρ
1511 4686 1700 4737 ἑαυτὸν

150 4766 527 4838 δἈπόστολος
566 4776 969 4844 κατωνόμασεν,
999 4777 1204 4841 τούτοις
1247 4776 1389 4830 ἅπαν
1432 4777 1705 4829 κατοικτί-

153 4868 298 4931 ζεται
327 4868 384 4919 τὸ
414 4868 765 4938 ἀνθρώπινον.
800 4868 981 4922 Ταῦτα
1010 4870 1038 4921 6
1066 4869 1347 4940 ἄνθρωπος
1374 4888 1387 4900 ·
1446 4871 1474 4922 6
1496 4871 1551 4923 δὲ
1577 4871 1705 4934 Θεὸς

159 4961 238 5023 .i;
270 4958 384 5023 Πῶς
410 4960 544 5012 είπω
570 4960 629 5012 τὸ
656 4961 728 5023 τί,
753 4960 780 5012 ὃ
813 4962 944 5031 μήτε
973 4961 1096 5013 ἰδεῖν
1129 4961 1371 5024 δυνατὸν,
1408 4962 1542 5030 μήτε
1566 4963 1700 5032 ἀκοῇ

155 5053 409 5123 χωρῆσαι,
440 5052 577 5121 μήτε
608 5052 801 5122 καρδίᾳ
834 5052 1014 5105 λαϐεῖν
1041 5070 1054 5117 ;
1102 5052 1287 5114 ΙΙοίαις
1315 5056 1514 5121 φωναῖς
1542 5053 1701 5121 ἐξαγ-

155 5143 311 5213 γείλω
338 5142 433 5213 τὴν
459 5142 649 5211 φύσιν;
680 5142 743 5194 Τί
774 5142 917 5213 εὕρω
941 5143 1032 5195 τοῦ
1054 5142 1256 5210 ἀγαθοῦ
1284 5142 1472 5196 τούτου
1505 5145 1560 5196 ὲν
1592 5148 1703 5208 τοῖς

157 5234 565 5303 γινωσκομένοις
593 5234 934 5303 ύπόδειγμα;
988 5234 1152 5296 Ποίας
1177 5238 1549 5305 καινοτομήσω
1591 5254 1704 5304 φω-

160 5326 273 5389 νὰς,
304 5326 433 5395 πρὸς
457 5325 553 5395 τὴν
586 5324 677 5377 τοῦ
707 5325 982 5395 ἀφράστου
1009 5343 1067 5377 τε
1093 5327 1183 5378 καὶ
1208 5328 1585 5400 ἀνεκφωνήτου
1612 5347 1707 5399 ση-

166 5416 385 5486 μασίανς
438 5418 675 5469 Ἤκουσα
714 5419 811 5484 τῆς
851 5415 1200 5469 θεοπνεύστου
1233 5419 1453 5488 Γραφῆς
1499 5419 1706 5488 μεγάλα

163 5509 284 5576 περὶ
315 5508 407 5576 τῆς
442 5507 839 5579 ὑπερκειμένης
874 5506 1084 5576 φύσεως
1116 5507 1414 5577 διεξιούσης
1439 5523 1452 5535 °
1486 5508 1619 5560 ἀλλὰ
1652 5509 1703 5560 τί

164 5598 323 5651 ταῦτα
338 5600 473 5667 πρὸς
490 5600 653 5669 αὐτὴν
684 5600 780 5670 τὴν
805 5600 995 5668 φύσιν;
1016 5600 1176 5651 Ὅσον
1201 5603 1309 5669 γὰρ
1334 5599 1442 5667 ἐγὼ
1467 5600 1704 5669 ἐχώρουν

163 5687 419 5752 δέξασθαι,
460 5689 707 5741 τοσοῦτον
742 5686 891 5744 εἶπεν
937 5692 965 5741 6
1009 5689 1184 5759 λόγος,
1230 5691 1328 5760 οὐχ
1359 5690 1480 5742 ὅσον
1508 5692 1622 5742 ἐστὶ
1644 5690 1703 5743 τὸ

230 5802 465 5860 "Matth.
499 5806 625 5871 v,9.
701 5802 894 5861 "Gen.
923 5822 1072 5868 xvnl,
1112 5807 1201 5859 ‘27.
1279 5806 1321 5837 ⁶³
1363 5805 1463 5861 lsa.
1492 5823 1577 5872 χι,
1615 5809 1666 5862 6.
1746 5810 1784 5840 "
1831 5807 1917 5863 Ps.
1962 5818 2143 5867 xxxw,
2184 5802 2239 5854 9..

1802 3411 1846 3465 si
1876 3410 2053 3463 videre
2088 3408 2253 3462 Deum
2289 3408 2357 3461 ab
2384 3408 2529 3462 nulla
2566 3423 2624 3462 re
2643 3408 2884 3476 superari
2918 3413 3094 3475 potest
3119 3405 3172 3457 in
3195 3405 3356 3465 bono,

1801 3503 1968 3556 lilium
2027 3500 2119 3555 Dei
2150 3501 2263 3555 fieri
2299 3515 2512 3555 omnem
2556 3500 2714 3569 plane
2750 3508 2972 3569 superat
3004 3498 3311 3553 felicitatem
3342 3514 3355 3549 :

1799 3608 2040 3663 quanam
2070 3593 2214 3646 enim
2261 3591 2549 3646 verborum
2580 3591 2907 3661 excogitatio
2936 3629 2951 3654 ,
3004 3605 3249 3659 quaenam
3290 3604 3359 3643 ex

1801 3686 2106 3740 nominibus
2137 3684 2368 3738 conﬂata
2404 3683 2727 3752 signiﬁcatio
2774 3690 2937 3737 tantae
2978 3684 3359 3752 promissionis

1799 3777 1997 3829 donum
2052 3776 2475 3844 complectetur?
2524 3775 2898 3844 Quodcunque
2957 3774 3360 3829 vehementiore

1802 3866 1997 3921 mentis
2038 3865 2332 3919 intentione
2366 3866 2561 3935 aliquis
2611 3864 2953 3935 cogitaverit,
3008 3880 3171 3933 supra
3216 3865 3357 3918 illud

1801 3974 2023 4028 prorsus
2067 3967 2151 4012 est
2205 3957 2257 4011 id
2310 3958 2453 4026 quod
2508 3957 2843 4027 signiﬁcatur
2876 3976 2889 4010 :
2920 3958 2962 4011 si
3016 3957 3239 4020 bonum,
3274 3957 3360 4010 vel

1801 4051 2047 4112 charum,
2092 4057 2145 4103 et
2176 4048 2570 4113 honorandum,
2618 4049 2700 4101 vel
2737 4048 2966 4101 sublime
2994 4048 3358 4102 nominaveris

1802 4142 1851 4195 id
1908 4140 2046 4209 quod
2088 4140 2241 4208 juxta
2292 4138 2679 4193 beatitudinem
2739 4138 2879 4191 hanc
2911 4152 3006 4206 per
3044 4137 3364 4206 promissio-

1802 4246 1921 4285 nem
1941 4229 2273 4299 propositum
2294 4238 2399 4292 est,
2421 4228 2650 4296 amplius
2667 4242 2826 4296 quam
2845 4241 2941 4294 pro
2964 4226 3360 4294 signiﬁcatione

1803 4322 2013 4374 illorum
2054 4318 2330 4373 nominum
2379 4317 2687 4370 declaratur
2718 4334 2731 4368 :
2763 4316 2983 4383 superat
3018 4320 3199 4367 votum
3225 4329 3357 4383 pro-

1802 4427 1926 4481 sper
1954 4426 2238 4466 successus
2273 4417 2326 4465 et
2352 4407 2582 4463 felicitas
2625 4423 2745 4477 qua
2773 4405 3127 4474 consequitur
3153 4425 3165 4459 :
3196 4422 3361 4475 supra

1803 4517 1950 4571 spem
1998 4502 2219 4564 donum,
2263 4513 2426 4569 supra
2466 4506 2714 4551 naturam
2752 4498 2921 4567 gratia
2958 4506 3062 4553 est.
3108 4497 3246 4563 Quid
3277 4504 3362 4550 est

1805 4594 1963 4646 homo
1992 4593 2035 4646 si
2063 4606 2185 4644 cum
2221 4590 2400 4644 divina
2438 4597 2632 4643 natura
2658 4591 3043 4657 comparetur?
3070 4589 3359 4658 cujusnam

1804 4691 2114 4738 sanctorum
2148 4680 2415 4750 proferam
2453 4695 2657 4743 vocem,
2718 4695 2812 4748 per
2860 4696 3023 4751 quam
3058 4696 3227 4750 genus
3262 4680 3363 4732 liu-

1803 4789 2021 4827 manum
2056 4772 2418 4825 extenuatur?
2466 4769 2763 4824 secundum
2812 4769 3178 4826 Abrahamum
3220 4782 3363 4826 terra

1800 4882 1865 4920 ac
1911 4864 2108 4919 cinis”
2142 4881 2157 4929 ;
2194 4862 2493 4917 secundum
2548 4861 2743 4917 Isaiam
2796 4865 3022 4928 fenum;
3062 4864 3362 4918 secundum

1802 4956 2056 5009 Davidem
2107 4971 2173 5007 ne
2230 4954 2409 5007 fenum
2444 4953 2685 5022 quidem,
2734 4956 2827 5009 sed
2878 4956 3053 5009 simile
3084 4954 3208 5008 feno
3258 4963 3365 5008 est.

1802 5048 1933 5102 Nam
1957 5048 2045 5103 ille
2071 5045 2287 5116 quidem
2330 5044 2463 5100 dicit
2500 5064 2512 5100 :
2554 5045 2735 5101 Omnis
2765 5062 2888 5099 caro
2923 5047 3097 5114 fenum
3127 5045 3171 5076 ⁸ο
3201 5061 3215 5107 ;
3273 5043 3363 5095 hie

1803 5154 1929 5191 vero
1960 5138 2033 5191 ait
2065 5157 2077 5191 :
2108 5136 2279 5190 Homo
2310 5137 2463 5205 quasi
2491 5136 2725 5203 fenum"
2756 5156 2769 5203 ;
2820 5136 3114 5191 secundum
3172 5134 3357 5188 Eccle-

1804 5232 2045 5295 siastem,
2064 5230 2335 5283 vanitas“
2361 5229 2688 5295 ;secundum
2704 5228 2931 5281 Paulum
2960 5227 3178 5281 miseria
3202 5225 3361 5281 est“.

1803 5324 2011 5390 Quibus
2044 5322 2187 5377 enim
2224 5323 2461 5391 seipsum
2491 5321 2784 5389 Apostolus
2817 5320 2999 5373 verbis
3030 5318 3366 5382 denomiuat,

1809 5416 1893 5469 his
1937 5414 2251 5467 universum
2302 5428 2476 5483 genus
2534 5413 2829 5464 humanum
2880 5412 3187 5463 miseratur.
3243 5408 3368 5462 Haec

1812 5509 1971 5562 homo
2012 5524 2027 5558 :
2076 5504 2220 5559 Deus
2265 5511 2443 5557 autem
2492 5504 2623 5572 quid
2677 5502 2798 5556 est?
2853 5500 3134 5566 Quomodo
3190 5500 3365 5553 dicam

1809 5600 1960 5669 quid,
1990 5599 2147 5667 cujus
2172 5613 2239 5652 ne
2267 5596 2480 5650 videndi
2528 5594 2764 5663 quidem,
2793 5608 2893 5647 nec
2935 5594 3158 5647 auribus
3194 5592 3339 5661 perci

1813 5690 2010 5761 piendi,
2041 5703 2215 5758 neque
2249 5687 2413 5742 corde
2452 5683 2943 5754 comprehendendi
2981 5692 3219 5754 potestas
3245 5681 3369 5739 est?

2319 5801 2363 5832 ⁶¹
2405 5799 2583 5854 Eccle.
2613 5813 2651 5863 I,
2691 5797 2744 5852 2.
2824 5799 2868 5829 ⁸³
2904 5796 2920 5850 Ι
2961 5797 3084 5852 Cor.
3126 5813 3211 5859 xv,
3238 5792 3326 5852 i9.
