4018 6528
546 429 568 483 1
579 428 683 484 279

1679 437 1684 442 ’
1777 435 1834 491 S.
1873 434 2197 494 GREGORH
2228 436 2522 492 NYSSENI

3611 442 3752 502 £280

545 549 742 618 quibus
779 547 1002 602 vocibus
1050 547 1348 603 enuntiabo
1401 550 1689 624 naturam?
1741 551 1886 620 quod
1933 553 2095 620 hujus

2205 552 2536 624 δηλούμενον.
2599 554 2686 614 Ὠς
2716 553 2823 623 γὰρ
2860 554 2908 605 oi
2947 553 3299 618 ἀναπνέοντες
3323 557 3413 609 τὸν
3437 556 3575 624 ἀέρα
3615 564 3754 614 κατὰ

543 637 668 692 boni
705 637 844 692 inter
901 653 965 692 ea
1005 653 1128 708 qua:
1161 647 1290 692 nota
1327 649 1453 695 sunt
1489 643 1765 710 exemplar
1808 651 1863 698 et
1902 644 2094 699 simili-

542 727 786 782 tudinem
829 729 1134 784 inveniam?
1178 745 1315 798 quas
1353 746 1520 786 novas
1547 731 1792 789 formabo
1832 749 1993 790 voces
2025 735 2093 789 ad

543 817 956 887 signiﬁcandum
1011 821 1061 875 id
1124 822 1271 892 quod
1311 829 1364 876 et
1397 822 1670 880 ineﬂ'abile
1708 833 1761 879 et
1794 825 2092 894 inexplica-

541 907 649 962 bile
675 911 798 962 est‘!
842 910 1036 967 Audivi
1089 915 1328 972 divinam
1384 913 1724 982 Scripturam
1780 931 1974 986 magna
2026 916 2093 971 de

542 1013 778 1067 superna
820 1011 1013 1056 natura
1063 1013 1446 1074 exponentem,
1511 1004 1606 1060 sed
1655 1005 1786 1074 quid
1858 1007 1969 1061 hazc
2025 1005 2093 1060 ad

540 1087 711 1157 ipsam
749 1095 1033 1148 naturam?
1061 1096 1332 1161 Quantum
1369 1097 1512 1150 eriim
1567 1111 1667 1166 ego
1707 1105 1950 1166 poteram
2005 1113 2095 1152 ca-

541 1195 687 1249 pere,
727 1191 933 1238 tantmn
971 1185 1251 1256 Scriptura
1301 1188 1459 1250 dixit,
1504 1203 1610 1242 non
1641 1201 1904 1258 quantum
1930 1199 2013 1243 est
2041 1190 2093 1244 id

543 1274 685 1339 quod
717 1275 1070 1345 signiﬁcatur.
1100 1277 1165 1332 Ut
1218 1279 1359 1332 enim
1394 1294 1580 1333 eorum
1630 1281 1719 1347 qui
1772 1281 2092 1349 respirando

541 1377 720 1420 aerem
757 1367 823 1420 ad
855 1385 914 1424 se
947 1371 1188 1434 trahunt,
1231 1372 1460 1440 quisque
1488 1386 1585 1441 pro
1630 1386 1696 1425 ea
1741 1387 1862 1440 qua:
1895 1373 1947 1425 in
1975 1374 2093 1444 ipso

541 1467 626 1512 est
675 1461 996 1528 capai-itate,
1035 1465 1174 1519 alius
1209 1465 1347 1533 plus,
1398 1463 1538 1516 alius
1584 1478 1714 1518 vero
1744 1465 1923 1518 minus
1952 1466 2093 1520 acris

543 1550 793 1612 assumit,
848 1567 955 1605 non
987 1560 1164 1608 tamen
1218 1554 1266 1610 is
1313 1553 1403 1624 qui
1434 1556 1662 1608 multum
1700 1554 1754 1608 in
1785 1570 1844 1610 se
1889 1555 2095 1611 detinet

542 1651 746 1703 aerem,
779 1649 951 1697 totum
974 1644 1116 1698 intra
1155 1660 1276 1700 sese
1309 1646 1636 1700 elementum
1663 1646 1891 1716 redegit,
1921 1647 2014 1702 sed
2042 1656 2096 1702 et

543 1727 591 1783 is
615 1745 680 1784 ex
709 1739 822 1786 toto
843 1743 1103 1803 quantum
1133 1745 1343 1804 poterat
1390 1736 1641 1806 sumpsit,
1695 1746 1750 1792 et
1775 1745 1968 1792 totum
1987 1754 2093 1793 nou

543 1819 745 1877 habet:
775 1823 846 1877 ita
893 1835 1092 1882 sancte
1120 1843 1336 1896 quoque
1382 1827 1678 1898 Scriptura:
1731 1828 1799 1884 de
1843 1829 1954 1885 Deo
1982 1845 2097 1884 ser-

2199 643 2296 714 τὴν
2330 645 2388 696 ὲν
2423 642 2598 713 ἑαυτῷ
2635 643 2858 708 ἕκαστος
2890 645 3244 717 εὐρυχωρίαν.
3274 648 3302 699 ὁ
3345 646 3442 716 μὲν
3480 648 3687 710 πλεῖον.
3730 651 3759 703 ό

2199 731 2255 785 δὲ
2279 733 2497 786 ἔλαττον
2530 732 2622 786 τοῦ
2657 732 2812 804 ἀέρος
2852 734 3108 788 ἀνέλαϐεν
3131 752 3145 767 ο
3187 737 3247 788 ού
3283 737 3386 807 μὴν
3425 738 3453 789 ό
3497 739 3667 792 πολὺν
3704 743 3759 793 ὲν

2199 823 2377 894 ἑαυτῷ
2403 824 2684 894 κατασχὼν
2722 825 2812 877 τὸν
2844 825 3000 892 ἀέρα,
3041 825 3185 879 ἅπαν
3224 827 3283 880 τὸ
3321 832 3580 900 στοιχεῖον
3613 831 3760 893 ἐντὸς

2199 915 2390 969 ἑαυτοῦ
2417 915 2724 986 πεποίηται,
2747 916 2880 969 ἀλλὰ.
2908 913 3002 970 καὶ
3022 911 3171 980 οὗτος
3197 918 3384 972 ἔλαὸεν
3407 922 3468 972 ὲκ
3499 921 3596 974 τοῦ
3638 912 3755 966 ὅλω

2198 1007 2320 1059 ὅσον
2351 1005 2599 1075 ἠδύνατο,
2631 1007 2723 1058 καὶ
2766 1005 2826 1058 τὸ
2864 1005 2983 1058 ὅλον
3015 1008 3191 1060 ἐστίν’
3241 1007 3412 1071 οὕτως
3441 1010 3537 1062 καὶ
3579 1012 3637 1062 αί
3666 1015 3759 1080 τῆς

2198 1097 2358 1165 ἁγίας
2384 1097 2603 1168 Γραφῆς
2625 1096 2906 1166 θεολογίαι,
2935 1099 2992 1151 αἱ
3011 1099 3158 1169 ποιρά
3185 1098 3292 1151 τῶν
3327 1100 3403 1169 τῷ
3431 1100 3571 1170 ἁγίῳ
3596 1102 3761 1153 "vso-

2203 1205 2332 1258 ματι
2362 1188 2793 1258 θεοφορουμένων
2843 1191 2974 1260 ἡμῖν
3020 1190 3349 1254 ἐκτεθεῖσαι,
3400 1193 3535 1262 πρὸς
3575 1193 3674 1262 μὲν
3701 1194 3760 1246 τὸ

2197 1279 2464 1350 ἡμέτερον
2491 1279 2592 1349 τῆς
2619 1281 2854 1344 διανοίας
2887 1282 3103 1352 μέτρον,
3151 1283 3352 1354 ὑψηλαὶ
3402 1286 3496 1335 καὶ
3531 1284 3759 1352 μεγάλαι

2199 1371 2292 1424 καὶ
2322 1370 2461 1441 ὑπὲρ
2492 1372 2598 1423 πᾶν
2636 1372 2742 1423 εἰσι
2788 1371 3010 1442 μέγεθος
3037 1388 3050 1403 ·
3098 1371 3188 1424 τοῦ
3223 1389 3281 1424 τε
3311 1372 3567 1442 ἀληθινοῦ
3600 1375 3759 1443 μεγέ-

2201 1459 2324 1523 θους
2361 1460 2421 1514 ού
2467 1461 2921 1530 προσαπτόμεναι.
2969 1460 3070 1527 Τίς
3110 1461 3414 1530 ἐμέτρησε,
3458 1464 3616 1532 φησι,
3659 1465 3760 1517 τὸν

2169 1551 2456 1620 σούρανὸν
2485 1551 2776 1620 σπιθαμῇ,
2807 1552 2901 1606 καί
2936 1551 3012 1619 τῇ
3037 1553 3183 1621 χειρὶ
3209 1551 3274 1605 τὸ
3303 1553 3476 1621 ὕδωρ,
3516 1554 3615 1606 καὶ
3648 1555 3754 1607 πᾶ-

2199 1659 2321 1698 σαν
2338 1641 2454 1710 τὴν
2475 1640 2592 1710 γῆν
2611 1641 2782 1710 δρακί
2802 1659 2822 1704 ;
2847 1643 3007 1714 Ὁρᾷς
3029 1644 3126 1712 τὴν
3153 1644 3517 1712 μεγαλοφυΐαν
3544 1646 3637 1698 τοῦ
3665 1648 3760 1718 τὴν

2199 1733 2473 1804 ἄφραστον
2497 1732 2882 1803 διαγράφοντος
2906 1732 3160 1802 δύναμιν;
3197 1733 3398 1787 ἀλλὰτί
3428 1735 3599 1788 ταῦτα
3627 1739 3757 1806 πρὸς

2200 1823 2260 1877 τὸ
2293 1823 2458 1886 ὅντως
2483 1823 2543 1876 δν
2568 1840 2582 1888 ;
2631 1823 2809 1894 Μέρος
2836 1824 2942 1894 γάρ
2964 1840 3045 1876 τοι
3081 1823 3180 1893 τῆς
3225 1823 3372 1884 θείας
3401 1827 3680 1897 ἐνεργείας
3708 1831 3763 1880 ὲν

545 1927 756 1977 moues,
785 1915 875 1984 qui
899 1917 1057 1972 nobis
1091 1917 1160 1972 ab
1188 1918 1256 1972 iis
1297 1918 1390 1988 qui
1435 1927 1628 1975 sancto
1670 1919 1878 1990 Spiritu
1929 1921 2094 1976 afﬂati

2205 1917 2312 1978 ταῖς
2341 1915 2611 1978 τοιαύταις
2654 1914 3096 1986 μεγαληγορέαις,
3141 1917 3170 1968 ὁ
3205 1918 3536 1987 umquam;
3565 1919 3760 1971 ὲνεδεξσ

543 2012 699 2057 erant
748 2005 978 2073 expositi
1009 2017 1154 2069 sunt,
1187 2007 1252 2060 ad
1275 2017 1474 2063 nostra
1505 2009 1703 2064 mentis
1724 2010 1945 2080 quidem
1979 2026 2096 2064 mo-

545 2095 673 2150 dum
698 2097 957 2152 sublimes
983 2106 1036 2152 et
1060 2099 1244 2168 magni
1272 2111 1402 2154 sunt
1427 2141 1443 2166 ,
1481 2110 1644 2170 atque
1664 2101 1799 2156 adeo
1838 2110 2098 2171 superant

545 2201 762 2245 onmem
803 2187 1252 2257 magnitudinem,
1316 2189 1410 2246 sed
1450 2207 1630 2248 veram
1677 2193 2099 2264 magnitudinem

545 2295 656 2334 non
695 2288 1076 2348 assequuntur.
1119 2279 1250 2345 Quis
1289 2282 1512 2348 caelum,
1570 2285 1744 2353 ἱιυιηίι
1767 2325 1782 2348 ,
1816 2284 1992 2354 palmo
2021 2285 2104 2339 di-

547 2387 756 2425 mensus
816 2380 916 2433 est,
969 2381 1016 2425 et
1080 2388 1237 2426 manu
1279 2391 1512 2444 aquam,
1569 2385 1619 2431 et
1680 2393 1883 2430 onmem
1909 2388 2103 2431 terram

545 2465 756 2531 pugno?
783 2461 1015 2519 Videsne
1049 2464 1332 2534 magniﬁca
1374 2466 1537 2522 verba
1577 2466 1938 2524 describentis
1955 2468 2104 2524 inex-

547 2551 852 2620 plicabilem
891 2552 1221 2619 potentiam?
1271 2552 1376 2607 Sed
1421 2553 1550 2622 quid
1584 2553 1698 2608 haec
1728 2554 1794 2608 ad
1860 2554 1910 2608 id
1957 2555 2103 2625 quod

546 2656 733 2697 revera
763 2643 881 2698 est?
911 2641 1040 2702 Nam
1071 2653 1279 2714 partem
1311 2645 1546 2716 aliquam
1571 2646 1768 2702 divina:
1798 2646 2103 2704 efﬁcientia:

546 2733 748 2789 talibus
778 2734 1079 2804 magniﬁcis
1108 2737 1287 2792 verbis
1339 2751 1519 2793 sermo
1557 2738 1908 2807 prepheticus
1953 2740 2096 2795 indi-

548 2824 722 2879 cavit:
749 2825 920 2894 ipsam
955 2841 1084 2880 vero
1108 2828 1405 2896 potentiam
1449 2828 1592 2883 unde
1620 2828 1925 2884 efﬁcientia
1948 2833 2099 2887 ιιιεὶ-

546 2917 641 2972 stit
673 2916 763 2986 (ne
793 2916 922 2987 quid
952 2916 1126 2972 dicam
1161 2919 1228 2974 de
1259 2926 1457 2973 natura
1508 2919 1651 2976 unde
1698 2922 1942 2990 potentia
1979 2938 2104 2992 pro-

550 3007 738 3077 cedit),
767 3024 944 3079 neque
965 3009 1198 3066 dicendo
1217 3011 1507 3080 expressit,
1533 3027 1715 3082 neque
1741 3027 2104 3082 expressurus

549 3099 765 3156 fuerat:
801 3101 931 3169 quin
974 3101 1136 3160 etiam
1186 3118 1436 3158 sermone
1489 3104 1838 3174 reprehendit
1886 3122 1980 3162 eos
2013 3109 2105 3177 qui

550 3191 875 3261 quibusdam
913 3194 1243 3261 coniecturis
1285 3194 1528 3250 divinum
1563 3193 1776 3252 Numen
1817 3198 1970 3267 quasi
2009 3197 2106 3253 ad-

2203 2005 2328 2071 ξατο
2351 2005 2503 2074 λόγος
2524 2022 2537 2036 ·
2571 2005 2736 2077 αὐτὴν
2767 2005 2823 2059 δὲ
2850 2005 2946 2076 τὴν
2973 2006 3194 2076 δύναμιν
3217 2008 3306 2076 ἀφ’
3336 2002 3403 2078 ἧς
3429 2011 3461 2079 ὴ
3492 2010 3760 2079 ἐνέργεια,

2201 2098 2288 2152 ἵνα
2319 2097 2395 2168 μὴ
2423 2097 2561 2152 εἴπω
2582 2097 2680 2168 τὴν
2706 2097 2886 2167 φύσιν,
2906 2099 2996 2166 ἀφ’
3010 2094 3078 2169 ἧς
3106 2101 3138 2168 ἡ
3160 2097 3404 2168 δύναμις,
3429 2099 3554 2152 οὔτε
3585 2099 3759 2160 εἶπεν,

2200 2188 2323 2244 οὗτε
2362 2189 2652 2261 ἐμέλλησεν
2677 2205 2692 2219 ·
2735 2188 2869 2242 ἀλλά
2897 2190 2987 2242 καὶ
3015 2188 3348 2242 καθάπτεται
3377 2189 3455 2260 τῷ
3488 2190 3634 2260 λόγῳ
3662 2193 3766 2244 τῶν

2203 2283 2524 2350 στοχασμοῖς
2546 2297 2653 2333 τισι
2677 2279 2736 2334 τὸ
2751 2279 2904 2334 Θείον
2932 2279 3393 2343 ἀπεικονιζόντων,
3419 2281 3494 2344 ὼς
3524 2283 3589 2334 ὲκ
3609 2299 3769 2352 προτ-

2201 2370 2349 2425 ώπου
2380 2369 2472 2425 τοῦ
2499 2370 2634 2424 Θεοῦ
2659 2371 2719 2425 τὸ
2749 2370 2982 2425 τοιοῦτον
3014 2370 3224 2436 διεξιών
3252 2387 3265 2400 ·
3320 2373 3438 2425 Τίνι
3458 2390 3537 2441 με
3563 2375 3767 2442 ὁμοιώ·

2201 2476 2388 2527 σατε;
2429 2461 2580 2531 λέγει
2612 2462 2835 2533 Κύριος.
2879 2462 2990 2534 Τὴν
3036 2461 3156 2532 ἴσην
3186 2462 3244 2514 δὲ
3275 2463 3585 2535 συμὸουλὴν
3617 2468 3710 2517 καί
3742 2469 3770 2518 ὀ

2215 2554 2643 2626 Ἑκκλησιαστὴς
2674 2557 2785 2618 τοῖς
2822 2555 2970 2619 ἰδίοις
2998 2553 3410 2622 ὲγκατατίθεται
3437 2555 3643 2622 λόγοις.
3673 2559 3768 2625 Μὴ

2203 2648 2476 2715 σπεύσῃς
2503 2639 3454 2711 ἐξενεγκεῖκρῆμαπρὸπροσὼπου
3465 2641 3730 2702 τοί-θεοῦ
3753 2666 3767 2678 -

2205 2737 2294 2792 ὅτι
2324 2741 2356 2792 ό
2386 2737 2528 2802 Θεὸς
2551 2737 2622 2791 ἐν
2648 2736 2728 2803 τῷ
2747 2735 2976 2804 οὐρανῷ
3007 2736 3149 2802 ἄνω,
3172 2737 3268 2790 καὶ
3295 2737 3376 2790 σὺ
3400 2737 3498 2790 ἐπὶ
3524 2737 3636 2805 τῆς
3661 2737 3770 2807 τῆς

2205 2827 2361 2882 κάτω
2377 2843 2392 2857 ⁶
2417 2829 2646 2892 δεικνὺς,
2661 2825 2833 2898 οἶμαι,
2849 2827 2936 2880 διὰ
2946 2828 3041 2898 τῆς
3055 2826 3159 2880 τῶν
3177 2827 3449 2898 στοιχείων
3462 2829 3599 2898 πρὸς
3613 2829 3770 2898 ἀλλη-

2209 2919 2278 2976 λα.
2297 2919 2645 2983 διαστάσεως,
2664 2919 2772 2989 ὅσῳ
2799 2917 2876 2988 τῷ
2898 2919 3078 2989 μέτρῳ
3107 2921 3140 2990 ὴ
3170 2917 3286 2970 θεία
3303 2917 3464 2987 φύσις
3486 2919 3597 2971 τῶν
3622 2919 3767 2986 107t-

2207 3010 2357 3082 σμῶν
2377 3011 2574 3082 γηΐνων
2593 3011 3048 3082 ύπερανέστηκεν.
3089 3009 3276 3080 Τούτῳ
3304 3010 3401 3080 μέν
3425 3027 3508 3063 τοι
3543 3011 3624 3080 τῷ
3657 3029 3768 3064 τοι.

2205 3103 2346 3174 ούτῳ
2380 3104 2471 3158 καὶ
2493 3101 2728 3172 τοσούτῳ
2757 3102 3060 3173 πράγματι,
3086 3101 3116 3154 ὃ
3141 3101 3262 3155 οὕτε
3287 3103 3413 3155 ίδείν
3442 3101 3613 3165 ἐστιν,
3649 3102 3772 3155 οὔτε

2206 3193 2452 3258 ἀκοῦσαι,
2484 3192 2607 3247 οὔτε
2633 3191 2969 3261 λογίσασθαι,
3003 3194 3031 3245 ό
3057 3192 3171 3245 ἀντ’
3199 3191 3408 3254 οὐδενὸς
3432 3195 3490 3244 ἐν
3519 3195 3633 3256 τοίς
3655 3189 3771 3246 οὖσι

551 3283 854 3340 umbrando
905 3285 1238 3354 exprimunt,
1296 3295 1460 3357 atque
1514 3288 1800 3359 efﬁngunt,
1835 3261 2105 3360 tauquam

2211 3283 2582 3355 λελογισμένος
2601 3283 2951 3355 ἄνθρωπος,ή
2974 3281 3184 3345 σποδὸς,
3212 3283 3242 3334 ό
3261 3282 3468 3352 χόρτος,
3495 3284 3528 3352 ἡ
3554 3285 3777 3352 ματαιό-

552 3387 618 3429 ex
659 3390 889 3443 persona
925 3374 1021 3432 Dei
1055 3378 1184 3432 talia
1215 3379 1372 3434 verba
1401 3378 1689 3448 proferens
1729 3399 1742 3434 :
1789 3380 1890 3435 Cui
1919 3398 2000 3436 me
2033 3399 2114 3438 as-

551 3465 871 3521 similastis.’
917 3467 1048 3521 dicit
1081 3467 1342 3524 Dominus
1367 3469 1430 3522 “.
1477 3469 1622 3524 Idem
1676 3486 1805 3526 vero
1827 3472 2113 3526 consilium

557 3554 908 3611 Ecclesiastes
946 3571 1159 3624 quoque
1203 3558 1256 3610 in
1305 3557 1418 3612 suis
1451 3558 1601 3626 ponit
1635 3558 2115 3614 sermonibus:Ne

555 3645 766 3716 festines
821 3646 1009 3715 afferre
1068 3646 1274 3704 verbum
1314 3657 1433 3704 ante
1464 3647 1652 3714 [aciem
1690 3649 1805 3704 Dei.
1855 3651 2114 3717 Quoniam

560 3737 697 3792 Deus
729 3739 782 3792 in
815 3739 942 3795 caelo
963 3756 1142 3808 supra,
1166 3747 1214 3792 et
1243 3748 1297 3792 tu
1331 3743 1380 3792 in
1400 3751 1539 3794 terra
1573 3740 1716 3810 infra
1735 3743 1854 3775 “‘“
1885 3761 1899 3798 :
1934 3752 2117 3799 osten-

554 3827 712 3892 deus,
733 3829 947 3898 Opinor,
1005 3845 1099 3899 per
1131 3831 1518 3884 elementorum
1562 3833 1631 3888 ab
1655 3831 1882 3887 invicem
1920 3833 2118 3888 distan-

558 3921 714 3986 tiam,
763 3929 1100 3991 quantopere
1154 3922 1333 3976 divina
1375 3930 1570 3977 natura
1610 3930 1857 3982 terrenas
1901 3933 2116 3995 superet

557 4013 938 4083 cogitationes.
997 4011 1136 4068 Huic
1169 4021 1346 4068 tamen
1403 4015 1495 4068 tali
1529 4029 1594 4070 ac
1633 4025 1794 4070 tanta:
1819 4017 1920 4080 rei,
1952 4032 2114 4087 quam

559 4119 736 4174 neque
763 4105 966 4167 videre,
995 4120 1171 4173 neque
1200 4104 1406 4169 audire,
1441 4121 1616 4176 neque
1642 4107 1853 4164 ratione
1889 4123 2117 4178 perpen-

558 4196 689 4252 dere
730 4196 888 4260 licet,
941 4197 988 4252 is
1055 4199 1146 4267 qui
1180 4212 1276 4268 pro
1311 4197 1479 4256 nihilo
1538 4199 1593 4252 in
1639 4198 1801 4254 rebus
1845 4199 2116 4256 universis

564 4297 844 4358 reputatus
871 4297 955 4343 est
991 4287 1173 4352 homo,
1203 4289 1296 4358 qui
1329 4288 1489 4351 cinis,
1521 4288 1615 4358 qui
1649 4289 1853 4354 fenum,
1895 4291 1986 4360 qui
2019 4307 2117 4344 va-

565 4379 709 4435 nitas
736 4388 839 4441 est.
873 4379 1216 4442 conciliatur,
1251 4389 1415 4448 atque
1437 4379 1492 4433 in
1531 4381 1709 4434 locum
1742 4381 1836 4434 ﬁlii
1873 4381 2112 4436 assumi-

565 4480 658 4526 tur
689 4485 720 4526 a
771 4469 880 4525 Deo
940 4486 1120 4526 rerum
1172 4471 1566 4526 universarum.
1636 4470 1767 4536 Qua:
1823 4472 2117 4539 gratiarum

563 4563 706 4618 actio
737 4563 864 4616 huic
891 4563 1148 4617 beneflcio
1177 4577 1273 4630 par
1306 4561 1533 4616 inveniri
1595 4562 1813 4631 potest?
1840 4577 1959 4629 qum
1989 4577 2114 4627 vox,

564 4671 685 4726 qua:
713 4656 1001 4717 sententia,
1029 4656 1154 4724 quis
1180 4653 1530 4724 cogitationis
1574 4663 1777 4716 motus,
1812 4655 2013 4724 quibus
2040 4655 2119 4710 in-

567 4749 874 4817 superabile
933 4747 1252 4802 benelicium
1307 4746 1654 4801 celebretur?
1701 4735 2118 4802 Excedit'homo

567 4855 722 4894 suam
754 4840 925 4909 ipsius
955 4848 1230 4901 naturam,
1305 4839 1626 4893 immortalis
1664 4853 1730 4893 ex
1772 4838 2018 4904 mortali;
2053 4854 2119 4894 ex

569 4929 747 4998 fragili
790 4937 951 4998 atque
998 4929 1228 4991 caduco,
1284 4928 1490 4998 integer
1517 4938 1572 4983 et
1606 4929 1954 4998 incorruptus
1989 4945 2003 4993 ;
2053 4945 2120 4984 ex

568 5021 744 5077 diario
770 5029 932 5091 atque
963 5019 1312 5089 temporario,
1335 5017 1735 5088 sempiternus;
1787 5019 1841 5073 in
1881 5035 2114 5082 summa,

2212 3394 2332 3447 της.
2365 3375 2674 3438 οἰκειοῦται,
2727 3377 2808 3440 είς
2848 3374 2962 3428 υἱοῦ
3000 3375 3151 3440 τάξιν
3192 3374 3339 3444 παρά
3373 3373 3466 3426 τοῦ
3495 3373 3633 3427 Θεοῦ
3665 3374 3772 3427 τῶν

2212 3467 2346 3519 ὅλων
2368 3464 2930 3536 προσλαμϐανόμενος.
2957 3464 3021 3520 Τί
3049 3463 3148 3533 τῆς
3172 3464 3390 3534 χάριτος
3409 3463 3613 3532 ταύτης
3634 3465 3774 3516 ἔστιν

2213 3557 2390 3629 εὑρεῖν
2422 3558 2499 3618 εἰς
2519 3555 2867 3625 εὐχαριστίαν
2891 3555 3142 3622 ὲπάξιονς
3179 3555 3343 3612 Ποίαν
3377 3557 3590 3625 φωνὴν,
3618 3554 3775 3607 ποίαν

2213 3649 2466 3710 διάνοιαν,
2503 3648 2656 3701 ποίαν
2691 3646 3036 3718 ἐνθυμήσεως
3070 3648 3302 3717 κίνησιν,
3344 3647 3408 3700 δι’
3435 3648 3504 3716 ἢν
3541 3647 3642 3717 τὴν
3679 3647 3776 3714 τῆς

2213 3739 2431 3810 χάριτος
2463 3738 2762 3810 ὑπερϐολὴν
2805 3740 3139 3809 ἁνυμνήσει;
3181 3738 3420 3792 ἐκϐαίνει
3451 3739 3550 3810 τὴν
3584 3739 3775 3792 ἑαυτοῦ

2215 3831 2372 3899 φύσιν
2395 3832 2424 3883 ό
2443 3829 2744 3904 ἄνθρωπος,
2770 3831 3034 3894 ἀθάνατος
3059 3833 3123 3885 ὲκ
3144 3830 3358 3900 θνητοῦ,
3382 3832 3475 3884 καὶ
3502 3829 3563 3894 ἐξ
3585 3832 3778 3900 ἐπική-

2217 3939 2309 3994 ρου
2343 3923 2635 3994 ἀκήρατος,
2680 3923 2771 3976 καὶ
2797 3921 2856 3986 ἐξ
2893 3921 3169 3992 ἐφημέρου
3209 3922 3394 3986 ἀΐδιος,
3431 3921 3524 3974 καὶ
3572 3920 3632 3973 τό
3659 3921 3780 3975 ὅλον

2211 4013 2331 4078 θεὸς
2369 4011 2432 4080 ἐξ
2454 4012 2738 4083 ἀνθρώπου
2767 4013 3064 4082 γινόμενος.
3103 4012 3160 4065 '0
3186 4011 3291 4081 γὰρ
3319 4009 3448 4064 Θεοῦ
3480 4010 3594 4072 υἱὸς
3628 4012 3780 4077 γενέ-

2217 4105 2340 4160 σθαι
2372 4103 2638 4170 ἀξιωθεὶς,
2684 4103 2793 4169 ’ἐξει
2834 4105 3050 4167 πάντως
3075 4105 3133 4157 ἐν
3163 4103 3339 4172 ἑαυτῷ
3365 4101 3459 4155 τοῦ
3491 4103 3694 4173 πατρὸς
3718 4103 3780 4154 τὸ

2215 4197 2450 4266 ἀξίωμα,
2497 4196 2590 4250 καὶ
2621 4196 2832 4249 πάντων
2858 4195 3064 4264 γίνεται
3108 4194 3217 4247 τῶν
3250 4193 3528 4264 πατρικῶν
3558 4193 3781 4261 ἀγαθῶν

2217 4286 2548 4357 κληρονόμος
2568 4302 2583 4316 ο
2617 4284 2662 4338 ὣ
2693 4287 2789 4355 τῆς
2824 4284 3232 4355 μεγαλοδωρεᾶς
3250 4283 3342 4336 τοῦ
3369 4282 3622 4336 πλουσίου
3645 4286 3780 4335 Δεσ-

2218 4378 2418 4430 πότουι
2451 4376 2496 4428 ὣ
2536 4376 2634 4445 τῆς
2673 4376 2928 4438 πλατείας
2959 4375 3211 4447 παλάμης
3251 4376 3262 4429 !
3303 4374 3346 4427 ὢ
3395 4377 3493 4444 τῆς
3538 4375 3781 4445 μεγάλης

2219 4469 2432 4540 χειρόςί
2489 4467 2648 4538 ήλίκα
2699 4467 2808 4520 τῶν
2865 4468 3186 4538 ἀπορρήτων
3242 4467 3526 4538 θησαυρῶν
3572 4469 3640 4522 τὰ
3679 4485 3782 4537 χα-

2148 4595 2192 4650 D
2222 4561 2494 4631 ρίσματαί
2527 4559 2618 4624 Εἰς
2645 4561 2705 4613 τὸ
2723 4560 2976 4630 ὁμότιμον
3001 4559 3176 4630 ἐαυτῷ
3201 4559 3379 4630 σχεδὸν
3409 4561 3507 4631 τὴν
3525 4560 3584 4626 ἐξ
3603 4561 3785 4630 ἀμαρ-

2218 4651 2334 4715 τίας
2386 4651 2744 4722 ἀτιμωθεῖσαν
2806 4650 2962 4719 φύσιν
3022 4650 3125 4704 ὑπὸ
3179 4650 3578 4722 φιλανθρωπίας
3634 4651 3780 4716 ἄγει.

2217 4742 2280 4796 Ei
2305 4743 2412 4814 γὰρ
2441 4743 2576 4814 ὅπερ
2605 4743 2765 4806 αὐτός
2805 4743 2924 4795 ἐστι
2957 4743 3096 4797 κατὰ
3124 4742 3219 4814 τὴν
3259 4742 3439 4812 φύσιν,
3462 4742 3650 4795 τούτου
3683 4741 3785 4814 τὴν

2216 4836 2522 4904 οἰκειότητα
2560 4837 2671 4898 τοῖς
2721 4833 3026 4906 ἀνθρώποις
3078 4833 3393 4906 χαρίζεται·
3441 4835 3492 4888 τί
3532 4835 3688 4897 ἄλλο,
3747 4838 3783 4902 ἢ

2217 4928 2339 4997 οὐχὶ
2379 4927 2666 5000 όμοτιμίαν
2723 4929 2844 4980 τινὰ
2883 4927 2970 4981 διὰ
3011 4927 3110 4998 τῆς
3151 4926 3464 4996 συγγενείας
3506 4942 3786 4993 κατεπαγ-

2218 5016 2462 5086 γέλλεται
2479 5033 2494 5081 ;

571 5117 707 5173 deus
744 5133 808 5171 ex
837 5115 1054 5170 homine
1089 5115 1342 5170 evadens.
1379 5112 1512 5167 Nam
1541 5129 1668 5167 cum
1714 5111 1910 5182 dignus
1955 5113 2171 5168 habitus
2230 5112 2323 5175 sit,
2364 5111 2458 5179 qui
2494 5108 2654 5164 ﬁlius.
2718 5107 2812 5161 Dei
2853 5106 2969 5167 flat.
3003 5107 3320 5176 dignitatem
3351 5107 3519 5177 patris
3565 5108 3622 5160 in
3663 5124 3787 5164 sese

574 5223 800 5280 prorsus
835 5209 1072 5270 habebit,
1127 5216 1289 5276 atque
1334 5207 1578 5260 omnium
1666 5214 2013 5275 paternorum
2067 5204 2334 5258 bonorum
2372 5203 2544 5258 haeres
2596 5201 2830 5259 exsistit.
2905 5199 2949 5253 Ο
3017 5201 3202 5258 divitis
3255 5198 3466 5254 Domini
3538 5200 3788 5269 magniﬁ-

575 5316 693 5354 cam
723 5301 1091 5372 largitionem?
1137 5301 1180 5354 0
1208 5300 1410 5367 largam
1438 5305 1492 5352 et
1523 5298 1738 5350 uberem
1769 5293 2036 5364 palmam!
2070 5292 2114 5348 0
2155 5307 2406 5364 magnam
2467 5291 2714 5346 manum!
2756 5297 2963 5358 quanta
3014 5304 3334 5346 arcanorum
3401 5289 3789 5346 thesaurorum

581 5405 710 5450 sunt
749 5394 930 5449 dona?
976 5392 1031 5446 In
1075 5405 1256 5461 parem
1297 5389 1684 5459 propemodum
1722 5397 1884 5456 atque
1933 5387 2048 5457 ipse
2081 5394 2166 5442 est
2201 5385 2424 5441 honoris
2469 5383 2838 5438 conditionem
2873 5383 3210 5440 humanitate
3285 5380 3568 5441 adductus,
3628 5391 3792 5434 natu-

580 5501 694 5540 ram
733 5492 948 5553 propter
999 5487 1276 5551 peccatum
1331 5477 1620 5547 ignominia
1677 5483 1916 5532 notatam
1983 5483 2147 5545 atque
2199 5476 2608 5533 dehonestatam
2646 5472 2862 5542 recipit.
2907 5470 3041 5526 Nam
3087 5473 3135 5528 si
3167 5471 3286 5540 ejus
3329 5471 3473 5541 quod
3507 5471 3625 5542 ipse
3701 5481 3790 5524 est

573 5577 1030 5650 propinquitatem
1079 5585 1132 5630 et
1174 5571 1625 5627 necessitudinem
1658 5567 1966 5626 hominibus
2007 5569 2252 5640 largitur,
2294 5569 2539 5640 nunquid
2581 5568 2729 5624 aliud
2773 5576 2933 5640 atque
2972 5582 3156 5639 parem
3225 5567 3512 5639 quamdam
3557 5565 3790 5621 honoris

579 5671 943 5728 conditionem
980 5683 1071 5739 per
1093 5665 1468 5734 cognationem
1506 5664 1826 5736 pollicetur?

649 5842 698 5873 “
735 5837 834 5894 Isa.
874 5855 960 5904 XL,
997 5839 1080 5894 l8.
1147 5838 1263 5871 "'6‘
1300 5836 1476 5892 Eccle.
1514 5850 1565 5900 v,
1608 5835 1656 5888 ‘l.
