3888 6460
97 350 205 405 1281

1070 343 1158 398 DE
1184 335 1790 398 BEATITUDINIBUS.
1851 333 2106 392 ORATIO
2155 332 2265 389 VII.

155 461 218 517 Τδ
247 459 336 533 μὲν
365 454 456 546 οὖν
501 459 730 515 ἔπαθλον
761 458 1107 529 τηλικούτονο
1147 463 1175 512 ὁ
1217 458 1271 512 δὲ
1299 447 1469 543 ,ἆθλος
1500 455 1583 520 τίς
1609 472 1623 521 ;

1797 451 1875 506 Ac
1927 450 2206 523 praemium
2258 447 2474 518 quidem
2527 446 2842 502 certaminis
2886 451 3099 500 tantum
3152 454 3284 502 est:

103 553 212 607 Ἐάν
251 541 661 624 εἰρηνοποιήσῃ,
711 552 884 621 φησὶ,
926 553 991 621 τῇ
1039 550 1137 620 τῆς
1193 541 1481 610 ύποθεσίας
1526 545 1621 617 χά-

92 661 190 716 ριτι
227 643 619 715 στεφανωθήση.
676 642 826 713 Ἐμοὶ
872 635 1017 695 δοκεῖ
1061 641 1154 695 καὶ
1189 641 1250 694 τὸ
1277 635 1439 709 ἔργον
1466 639 1551 708 ἐφ’
1577 632 1622 708 ᾧ

91 736 169 788 τὸν
185 733 409 788 τοσοῦτον
441 735 626 801 μισθὸν
649 731 1040 802 ἐπαγγέλλεται
1063 733 1246 804 ἕτερον
1265 730 1434 801 δῶρον
1460 727 1619 786 εἶναι.

91 826 148 876 Τί
173 824 268 896 γὰρ
290 827 363 889 είς
393 824 687 878 ἀπόλαυσιν
712 824 821 876 τῶν
845 823 983 876 κατὰ
1009 823 1098 876 τὸν
1128 823 1240 892 βίον
1262 821 1626 894 σπουδαζομέ-

89 934 185 972 νων
215 920 302 988 τῆς
337 917 614 986 εἰρηνικῆς
653 918 767 969 ἐστι
807 918 916 978 τοῖς
952 913 1257 987 ἀνθρώποις
1297 914 1624 985 γλυκύτερον

90 1005 223 1076 ζωῆς
237 1023 248 1072 ;
268 1008 447 1079 ὅτιπερ
463 1005 527 1059 ἂν
543 1009 699 1080 εἴπῃς
722 1007 826 1060 τῶν
848 1007 1019 1078 ἡδέων
1034 1005 1173 1060 κατά
1187 1006 1283 1078 τὴν
1299 1005 1462 1078 ζωὴν,
1478 1008 1627 1078 εἰρή-

90 1116 180 1169 νης
197 1098 366 1170 χρῄζει
387 1099 445 1151 τὸ
467 1094 601 1152 εἶναι
619 1097 736 1170 ἡδύ.
760 1099 822 1152 Ei
839 1100 945 1168 γὰρ
965 1099 1139 1151 πάντα
1153 1099 1257 1169 εἴη,
1275 1099 1373 1151 ὅσα
1389 1097 1528 1151 κατά
1539 1097 1627 1150 τὸν

91 1189 195 1259 βίον
205 1190 492 1261 τετίμηται,
510 1189 758 1256 πλοῦτος,
772 1189 972 1255 εὐεξία,
987 1191 1219 1261 γαμετὴ,
1239 1191 1445 1253 παῖδες,
1459 1190 1627 1254 οἰκία,

87 1281 266 1345 γονεῖς,
308 1278 592 1350 ὑπηρέται,
632 1278 806 1347 φίλοι·
853 1279 942 1349 γῆ,
984 1278 1244 1341 Θάλασσα,
1275 1283 1384 1342 τοῖς
1416 1279 1631 1340 οἰκείοις

86 1371 302 1440 ἑκατέρα
359 1369 754 1434 πλουτίζουσα·
809 1370 1143 1442 παράδεισοι,
1188 1370 1368 1441 θῆραι,
1413 1368 1640 1444 λουτρά,¹

85 1463 418 1533 παλαῖστραι,
451 1463 758 1532 γυμνάσια’
806 1461 1153 1534 τρυφητήριά
1195 1477 1253 1512 τε
1298 1460 1388 1514 καὶ
1429 1459 1633 1530 ἡϐητή-

87 1573 176 1624 ρια
199 1571 211 1585 ο
251 1554 334 1606 καὶ
373 1553 567 1617 πάντα,
616 1554 717 1606 ὅσα
766 1553 881 1605 ἐστὶ
921 1554 1016 1623 τῆς
1045 1553 1230 1623 ἡδονῆς
1259 1551 1631 1622 ἐφευρήματα’

94 1646 420 1719 προσκείσθω
447 1646 652 1709 τούτοις
673 1645 743 1697 τὰ
763 1645 891 1715 ἡδέα
913 1644 1176 1714 θεάματα,
1200 1645 1289 1698 καὶ
1314 1645 1381 1698 τὰ
1404 1641 1636 1714 μουσικὰ

87 1739 430 1809 ἀκροάματα·
472 1737 565 1790 καλ⁵
607 1736 741 1790 εἴτι
777 1735 902 1790 ἄλλο
949 1736 1015 1791 δι’
1065 1730 1124 1790 οὗ
1159 1738 1270 1799 τοῖς
1301 1735 1574 1807 τρυφῶσιν
1608 1737 1636 1788 ό

1721 551 2001 595 certamen
2041 554 2172 593 vero
2214 537 2399 608 quod?
2437 535 2493 591 Si
2531 535 2702 592 fueris
2749 536 3033 606 paciﬁcus,
3084 535 3284 606 inquit,

1722 632 2030 703 adoptionis
2065 629 2262 686 decore
2295 629 2676 685 coronabcris.
2732 629 2862 683 Mihi
2913 629 3079 684 etiam
3147 644 3286 699 opus

1723 725 1899 796 ipsum
1929 732 2150 794 pr0pter
2190 721 2336 794 quod
2381 729 2585 776 tantam
2636 722 2941 778 mercedem
2976 721 3287 791 pollicetur,

1725 818 1953 870 alterum
1979 814 2182 869 donum
2208 828 2330 869 esse
2346 813 2581 868 videtur.
2611 812 2772 890 Quid_
2799 812 2944 868 enim
2975 811 3291 866 hominibus

1725 923 1787 962 ex
1848 908 1915 962 iis
1974 908 2139 961 rebus
2202 905 2401 974 quibus
2458 902 2564 958 frui
2623 915 2787 974 atque
2849 903 3011 974 potiri
3069 903 3293 959 student

1725 997 1836 1050 vita
1879 996 2100 1066 paciﬁca
2143 995 2355 1049 dulcius
2384 992 2511 1048 est?
2554 993 2929 1062 Quodcunque
2972 994 3283 1048 nominave-

1727 1091 1805 1148 ris
1852 1107 1916 1146 ex
1964 1091 2032 1144 iis
2068 1089 2230 1144 rebus
2249 1103 2369 1158 qua:
2399 1102 2489 1141 res
2529 1086 2583 1139 in
2619 1087 2724 1140 vita
2772 1100 2970 1142 suaves
3001 1095 3056 1141 et
3091 1085 3294 1154 jucun-

1730 1183 1813 1239 dac
1851 1190 2012 1247 sunt,
2065 1196 2198 1252 pace
2240 1196 2376 1250 Opus
2427 1178 2586 1232 habet
2635 1177 2701 1231 ad
2750 1179 2851 1231 hoc
2895 1185 2954 1231 ut
2984 1177 3290 1246 jucundum

1731 1277 1820 1331 sil.
1857 1274 1986 1328 ham
2033 1274 2078 1327 si
2119 1272 2298 1327 omnia
2335 1276 2646 1340 suppetant,
2691 1284 3030 1340 quaecunque
3082 1269 3137 1323 in
3181 1270 3291 1323 vita

1733 1365 2052 1436 magniﬁunt
2102 1372 2264 1431 atque
2318 1363 2373 1417 in
2423 1362 2598 1432 pretio
2643 1371 2808 1425 sunt,
2873 1361 3094 1426 divitite,
3152 1361 3294 1425 bona

1733 1455 2016 1520 valetudo,
2073 1469 2238 1518 uxor,
2291 1452 2484 1518 liberi,
2531 1453 2763 1519 domus,
2797 1464 3090 1523 parentes,
3135 1453 3298 1507 mini-

1735 1547 1855 1612 stri,
1905 1547 2294 1613 amicizterra,
2325 1560 2496 1611 mare,
2527 1546 2770 1616 propriis
2822 1542 3174 1616 proventibus
3242 1553 3298 1600 et

1734 1639 1837 1694 hoc
1874 1648 1927 1695 et
1954 1639 2043 1693 illa
2081 1635 2275 1694 ‘ditans
2308 1657 2321 1694 :
2356 1639 2498 1693 horti
2527 1641 2750 1706 amomi,
2771 1639 3110 1703 venationes,
3146 1640 3298 1696 lava-

1737 1748 1850 1797 cra,
1879 1733 2160 1803 palaestrae,
2185 1733 2467 1803 gymnasia
2493 1750 2507 1786 :
2534 1732 2652 1786 loca
2680 1731 2891 1786 deliciis
2919 1739 2974 1786 et
3004 1733 3300 1802 voluptati-

85 1801 196 1898 βίος
225 1801 480 1899 ἡδύνεται.
522 1827 586 1881 Ei
633 1827 803 1881 ταῦτα
858 1829 954 1898 μὲν
991 1829 1075 1899 εἴη
1115 1801 1499 1891 πάνταξτὸ-δέ
1535 1827 1633 1898 τῆς

1747 1829 1839 1882 hus
1879 1801 2158 1896 capiendis
2192 1801 2628 1894 rexercendzeque
2671 1824 2806 1893 pubi
2855 1801 3161 1889 destinata,
3214 1835 3300 1880 at-

79 1921 294 1991 εῐρήνης
321 1919 522 1988 ἀγαθὸν
571 1918 644 1990 μὴ
683 1921 853 1990 παρῇ,
890 1919 941 1972 τί
974 1920 1160 1993 κέρδος
1189 1918 1439 1985 ἐκείνων,
1472 1917 1632 1971 πολέ-

85 2029 187 2078 μου
214 2011 313 2064 τῶν
333 2010 550 2080 ἀγαθῶν
576 2011 674 2080 τὴν
695 2010 985 2064 ἀπόλαυσιν
1008 2011 1418 2074 ἐπικόπτοντος;
1445 2008 1637 2063 οὐκοῦν

77 2104 119 2172 ἡ
170 2104 344 2174 είρήνη
394 2101 531 2172 αὕτη
564 2120 622 2155 τε
668 2101 823 2174 ἡδεῖά
867 2103 982 2155 ἐστι
1032 2106 1142 2166 τοῖς
1189 2103 1502 2174 μετέχουσι,
1543 2097 1637 2154 καὶ

81 2193 256 2245 πάντα
282 2193 694 2261 καταγλυκαίνει
719 2193 785 2246 τὰ
816 2192 874 2246 ὲν
902 2192 979 2263 τῷ
1010 2192 1108 2264 βίῳ
1135 2191 1436 2264 τιμώμενα.
1481 2189 1640 2245 Ἅλλά

84 2286 192 2339 κᾶν
226 2302 338 2338 τινα
380 2285 661 2356 συμφοράν
710 2285 847 2338 κατὰ
879 2285 940 2337 τὸ
989 2283 1324 2356 ἀνθρώπινον
1364 2284 1423 2336 ἐν
1451 2285 1638 2356 εἰρήνῃ

81 2375 358 2445 πάθωμεν,
386 2375 575 2446 ἀγαθῷ
603 2376 663 2428 τὸ
708 2377 873 2429 κακὸν
910 2375 1345 2446 συγκεκραμένον
1377 2357 1504 2446 ῥᾷον
1531 2380 1640 2440 τοῖς

79 2464 366 2516 πεπονθόσι
395 2465 600 2533 γίνεται
621 2480 634 2493 ·
678 2465 912 2534 πολέμου
941 2465 996 2518 δὲ
1025 2465 1122 2536 τὴν
1144 2464 1284 2536 ζωὴν
1311 2466 1638 2535 συνέχοντος,

73 2553 503 2625 ἀναισθητοῢμεν
541 2555 738 2626 τρόπον
771 2556 891 2609 τινά
922 2557 1058 2628 πρὸς
1113 2555 1210 2619 τὰς
1250 2557 1501 2620 τοιαύτας
1533 2557 1642 2610 τῶν

79 2646 335 2717 λυπηρῶν
365 2648 634 2718 ἀφορμάς.
676 2647 1033 2718 ’Υπερϐάλλει
1066 2647 1175 2718 γὰρ
1221 2650 1340 2710 ταῖς
1388 2647 1642 2717 ἀλγηδόσι

75 2739 155 2792 τά
196 2733 311 2791 καθ’
357 2739 582 2792 ’ἑκαστον
630 2741 663 2810 ἡ
707 2740 857 2811 κοινὴ
904 2740 1174 2810 συμφορά,
1223 2741 1333 2793 Καὶ
1375 2739 1561 2812 ὥσπερ
1593 2741 1644 2793 οἱ

81 2833 259 2901 ἰατροὶ
288 2831 414 2901 περὶ
441 2830 546 2884 τῶν
581 2830 907 2901 σωματικῶν
937 2831 1150 2900 λέγουσι
1195 2831 1565 2902 παθημάτων,
1596 2833 1644 2884 εί

71 2922 179 2974 δύο
206 2923 321 2975 κατ’
350 2921 510 2976 αὑτὸν
541 2924 598 2974 ἐν
626 2923 704 2974 ἐνὶ
737 2921 949 2990 σώματι
989 2923 1137 2975 πόνοι
1170 2923 1518 2992 συμπέσοιεν,
1549 2921 1643 2976 τοῦ

71 3011 503 3083 ὑπερόαλλόντος
546 3011 704 3082 μόνου
751 3010 848 3081 τὴν
899 3010 1144 3081 αἴσθησιν
1198 3011 1477 3078 γίνεσθαι*
1521 3010 1645 3063 λαν-

1736 1932 1842 1986 que
1879 1918 2062 1971 omnia
2101 1930 2440 1986 quaecunque
2495 1916 2792 1982 voluptatis
2850 1916 3069 1972 inventa
3122 1923 3297 1974 sunt:

1737 2008 1843 2062 huc
1883 2006 2210 2076 adjiciantur
2241 2005 2483 2076 jucunda
2520 2006 2851 2076 spectacula,
2896 2013 3060 2076 atque
3094 2007 3300 2061 musica

1738 2109 2083 2164 acroamata,
2124 2115 2188 2155 ac
2225 2099 2270 2156 si
2301 2098 2432 2170 quid
2475 2106 2559 2154 est
2602 2098 2750 2153 aliud
2783 2115 2878 2167 per
2911 2098 3053 2170 quod
3083 2098 3304 2154 delicias

1740 2190 2076 2246 sectantibus
2117 2188 2231 2243 vita
2283 2189 2470 2244 suavis
2517 2189 2732 2244 exsistit
2769 2207 2783 2243 :
2820 2189 2867 2245 si
2919 2189 3033 2245 haec
3087 2190 3303 2262 quidem

1740 2283 1920 2336 omnia
1945 2288 2253 2351 suppetant,
2281 2280 2432 2351 pacis
2453 2296 2579 2336 vero
2601 2282 2802 2336 bonum
2833 2297 2942 2336 non
2973 2282 3136 2350 adsit,
3158 2281 3304 2354 quod

1742 2375 1957 2429 illarum
1993 2389 2173 2430 rerum
2207 2373 2417 2428 lucrum
2442 2373 2562 2428 est?
2589 2374 2718 2443 quid
2751 2375 2838 2428 illa
2877 2383 3128 2444 prosunt,
3162 2377 3306 2434 bello

1741 2465 2035 2532 quominus
2079 2465 2237 2518 bonis
2295 2463 2542 2516 fruamur
2597 2462 2958 2532 impediente?
2999 2464 3142 2535 Ergo
3184 2480 3306 2521 cum

1743 2558 1860 2626 ipsa
1893 2571 1996 2625 pax
2033 2554 2337 2609 fruentibus
2372 2552 2612 2621 jucunda
2644 2562 2747 2617 est,
2793 2562 2908 2608 tum
2950 2557 3130 2610 omnia
3165 2572 3310 2627 quae-

1743 2663 1957 2716 cunque
2002 2647 2056 2700 in
2098 2647 2204 2700 vita
2236 2647 2511 2712 coluntur,
2539 2654 2886 2716 expetuntur,
2921 2657 2975 2703 et
3035 2648 3091 2704 in
3134 2650 3311 2720 pretio

1746 2750 1893 2805 sunt,
1918 2739 2102 2795 dulcia
2121 2734 2284 2792 eﬂicit
2315 2737 2754 2808 atquejucunda.
2789 2738 3105 2805 Quinetiam
3135 2742 3181 2798 si
3203 2758 3310 2814 qua

1745 2847 1896 2886 more
1942 2829 2184 2885 humano
2239 2827 2397 2884 nobis
2443 2829 2499 2883 in
2550 2845 2684 2900 pace
2735 2831 3018 2889 calamitas
3078 2834 3311 2901 accidat,

1745 2924 1890 2978 bono
1919 2922 2119 2976 malum
2153 2928 2620 2990 contemperatum
2657 2922 2830 2977 levius
2862 2937 2926 2978 ac
2965 2924 3195 2980 toleratu
3227 2925 3312 2980 fa-

1749 3014 1926 3079 cilius,
1979 3011 2179 3081 quibus
2229 3009 2452 3073 accidit,
2492 3011 2744 3078 exsistit;
2800 3011 2939 3066 bello
2982 3028 3112 3068 vero
3143 3014 3310 3070 vitam

73 3105 264 3158 θάνειν
311 3103 366 3156 δέ
413 3119 530 3166 πως
562 3104 654 3156 τοῦ
693 3102 970 3164 ἐλάττονος
1014 3100 1182 3154 κακοῦ
1214 3101 1310 3174 την
1347 3101 1640 3172 ἀλγηδόνα,

1751 3112 2048 3174 premente,
2100 3116 2263 3156 sensu
2301 3099 2704 3171 quodammodo
2753 3101 3012 3160 adversus
3044 3104 3314 3172 ejusmodi

69 3199 151 3266 τῇ
183 3195 398 3266 ἐπιϐολῇ
434 3194 526 3247 τοῦ
561 3193 979 3264 ἐπικρατοῦντος
1010 3191 1472 3264 ἐκκλεπτομένην·
1503 3193 1645 3248 οὕτω

66 3291 154 3342 τὰ
180 3289 269 3341 τοῦ
309 3288 541 3358 πολέμου
584 3287 729 3340 κακά
768 3289 881 3349 τοῖς
912 3285 1175 3353 ἀλγεινοῖς
1207 3284 1644 3356 ὑπερϐάλλοντα,

73 3382 220 3451 πρὸς
245 3380 340 3444 τὰς
373 3381 503 3443 ἰδίας
536 3378 815 3449 συμφορὰς
840 3377 1178 3448 ἀναισθήτως
1199 3375 1340 3446 ἔχειν
1376 3377 1502 3441 τοὺς
1527 3376 1644 3430 καθ’

67 3475 314 3526 ’ἑκαστον
361 3471 784 3545 παρασκευάζει.
833 3471 894 3522 Εἰ
923 3469 977 3522 δὲ
1025 3469 1160 3540 πρὸς
1190 3469 1286 3540 τὴν
1325 3467 1432 3522 τῶν
1464 3468 1647 3524 κακῶν

70 3566 192 3619 τῶν
228 3565 368 3618 ἰδίων
409 3563 658 3633 αἴσθησιν
691 3563 974 3632 ἀποναρκᾷ
1003 3578 1117 3624 πως
1147 3562 1179 3631 η
1205 3560 1371 3632 ψυχὴ,
1399 3563 1508 3624 τοῖς
1538 3577 1646 3614 κοι-

67 3664 195 3722 vni;
226 3659 317 3712 τοῦ
376 3659 610 3727 πολέμου
662 3658 849 3718 κακοῖς
895 3653 1336 3724 ἐκπεπληγμένη,
1387 3653 1503 3716 πῶς
1541 3652 1648 3708 τῶν

69 3752 258 3824 ἡδέων
305 3751 549 3819 αἴσθησιν
588 3748 732 3814 ἕξεις
781 3746 890 3800 Ποῦ
934 3747 1072 3800 ὅπλα
1107 3747 1199 3800 καὶ
1222 3746 1398 3809 ἵπποι,
1433 3746 1524 3798 καὶ
1558 3761 1648 3797 τε·

69 3842 357 3913 θηγμένος
376 3843 606 3912 σίδηρος,
625 3841 717 3895 καὶ
739 3838 971 3906 σάλπιγξ
986 3837 1226 3908 ὴχοῦσα;
1262 3837 1357 3890 καὶ
1379 3839 1652 3906 φάλαγγες

66 3938 201 3998 τοῖς
239 3935 426 4003 δόρασι
451 3933 769 4004 φρίσσουσαι
788 3971 803 3994 ,
831 3931 923 3984 καὶ
947 3929 1168 3991 ἀσπίδες
1187 3927 1617 3998 συνερειδόμεναι
1633 3966 1650 3991 ,

69 4029 185 4083 καὶ
243 4028 416 4098 κράνη
457 4028 569 4088 τοῖς
610 4023 788 4093 λόφοις
831 4020 1073 4092 φοϐερῶς
1121 4019 1466 4084 ἐπινεύοντα,
1513 4037 1652 4088 συμ-

70 4120 349 4182 πτώσεις,
385 4118 633 4189 ὼθισμοὶ,
683 4114 1009 4186 συμπλοκαὶ,
1037 4112 1230 4182 μάχαι,
1255 4111 1652 4183 ἀνδροκτασίαι,

69 4215 285 4283 φυγαὶ,
317 4212 541 4277 διώξεις,
561 4209 814 4281 οἰμωγαὶ,
839 4205 1168 4276 ἀλαλαγμοὶ,
1202 4205 1272 4276 γῆ
1302 4208 1411 4268 τοῖς
1432 4204 1657 4275 αἷμασιν

69 4306 493 4379 ὖγραινομένη,
533 4303 714 4374 νεκροὶ
738 4299 1095 4370 πατούμενοι,
1130 4295 1459 4368 τραυματίαι
1489 4313 1656 4350 κατα-

66 4399 402 4467 λειπόμενοι
421 4437 435 4460 ,
466 4395 558 4448 καὶ
587 4394 1049 4456 πάνταὸσαέντοῖς
1067 4389 1279 4460 πικροῖς
1308 4389 1423 4441 ἐστι
1446 4387 1537 4440 τοῦ
1565 4405 1659 4440 πο-

1746 3195 2067 3252 acerbarum
2097 3209 2277 3248 rerum
2317 3207 2480 3247 casus
2520 3207 2788 3249 caremus.
2821 3192 3137 3249 Communis
3170 3196 3315 3251 enim

1747 3289 2029 3342 calamitas
2063 3285 2250 3340 dolore
2297 3292 2520 3356 superat
2561 3285 2906 3342 incommoda
2955 3289 3314 3358 singulorum.

1747 3383 1826 3435 Ac
1853 3373 2307 3449 quemadmodum
2339 3377 2534 3434 medici
2579 3379 2646 3434 de
2681 3379 2928 3450 corporis
2957 3379 3319 3436 incommodis

1749 3473 1959 3534 dicunt,
1990 3485 2114 3524 cum
2157 3471 2266 3525 duo
2297 3471 2459 3525 simul
2491 3471 2546 3524 in
2585 3486 2692 3524 uno
2721 3486 2949 3541 corpore
2987 3473 3160 3528 morbi
3187 3487 3320 3529 con-

1750 3561 2044 3624 currerint,
2082 3561 2254 3616 solius
2277 3561 2658 3630 exsuperantis
2686 3575 2906 3615 sensum
2935 3561 3223 3626 exsistere,
3253 3577 3319 3618 ac

1750 3655 1921 3709 latere
1964 3651 2368 3723 quodammodo
2414 3652 2542 3705 mali
2593 3650 2868 3707 inferioris
2915 3650 3180 3719 dolorem,
3218 3652 3322 3708 im-

1753 3761 1942 3801 mensa
1991 3754 2154 3816 atque
2188 3744 2542 3815 insuperabili
2576 3743 2948 3813 magnitudine
2977 3745 3320 3814 praevalentis

1753 3837 2024 3901 celatum;
2098 3835 2283 3889 itidem
2345 3835 2686 3904 incommoda
2747 3835 2874 3889 belli
2936 3838 3320 3906 exsuperantia

1755 3926 2102 3982 acerbitatem
2141 3921 2398 3987 efﬁciunt,
2443 3935 2503 3978 ut
2547 3925 2796 3994 proprias
2838 3925 3174 3982 calamitates
3218 3927 3320 3984 ho-

1757 4021 1931 4076 mines
1985 4019 2289 4089 singulares
2334 4032 2444 4070 non
2494 4017 2751 4071 sentiant.
2784 4015 2942 4083 Quod
2972 4019 3031 4090 Esi
3081 4019 3147 4072 ad
3194 4035 3324 4090 pro-

1755 4112 1996 4181 priorum
2036 4108 2504 4163 incommodorum
2547 4123 2768 4162 sensum
2810 4109 3028 4164 animus
3067 4110 3326 4180 quadarn-

1757 4197 1916 4254 modo
1943 4206 2118 4268 torpet
2157 4196 2540 4252 communibus
2571 4190 2697 4251 belli
2730 4196 2890 4250 malis
2917 4205 3322 4260 consternatus,

1757 4287 2032 4360 quomodo
2073 4287 2366 4357 voluptatis
2421 4303 2584 4341 sensu
2629 4286 2888 4351 fruetur?
2934 4289 3023 4343 ubi
3071 4305 3224 4345 arma
3271 4299 3326 4346 et

1757 4381 1921 4452 equi;
1976 4381 2064 4435 uhi
2116 4381 2318 4434 ferrum
2381 4387 2603 4433 acutum
2664 4388 2718 4434 et
2754 4381 2895 4446 ~tuba
2947 4395 3185 4447 sonans;
3232 4381 3326 4437 ubi

66 4491 257 4559 λέμου
303 4486 726 4557 συμπτώμασινς
765 4479 874 4554 ἆρα
895 4483 923 4534 ὁ
941 4485 996 4535 ἐν
1015 4480 1219 4543 τούτοις
1235 4481 1308 4533 ὢν
1329 4477 1506 4550 σχέσει
1527 4477 1645 4530 ποτέ

1763 4474 2058 4545 phalanges
2103 4472 2279 4527 hastis
2324 4471 2788 4533 inhorrescentes.
2841 4479 2893 4526 et
2947 4483 3102 4527 scuta
3147 4473 3329 4530 colue-

69 4585 229 4653 πρὸς
251 4580 352 4650 τὴν
385 4578 476 4630 τοῦ
495 4576 869 4648 εύφραίνοντος
900 4575 1114 4644 μνήμην
1141 4567 1230 4625 τὸν
1251 4570 1504 4640 λογισμὸν
1526 4569 1660 4622 ὑπο-

69 4676 309 4736 κλῖναι;
344 4670 406 4723 Ei
433 4669 489 4722 δέ
535 4686 634 4720 που
680 4668 772 4720 καὶ
801 4666 1097 4736 ύποδράμοι
1139 4663 1233 4734 τὴν
1270 4661 1444 4732 ψυχὴν
1477 4662 1659 4732 μνήμη

63 4766 196 4818 τῶν
221 4764 457 4834 ἡδίστων
478 4761 618 4823 τινός
641 4777 653 4790 ·
678 4761 795 4829 ούχί
821 4757 1101 4831 προσθήκη
1136 4755 1342 4824 γίνεται
1384 4772 1444 4807 συ
1454 4757 1663 4825 μφορᾶς

67 4860 140 4909 ἐν
169 4854 255 4924 τῷ
281 4853 390 4906 τῶν
411 4850 668 4905 κινδύνων
691 4849 914 4920 καιρῷη
937 4848 1042 4900 τῶν
1072 4846 1338 4916 φιλτάτων
1362 4845 1663 4915 ὑπόμνησις

63 4947 174 4999 τὸν
199 4945 466 5014 λογισμὸν
491 4941 828 5004 ὑπελθοῦσα;
860 4938 1064 4991 Οὐκοῦν
1089 4939 1116 4989 ὁ
1144 4935 1329 5007 μισθόν
1359 4951 1438 4987 σοι
1469 4934 1660 5002 διδοὺς,

67 5043 123 5089 εἰ
161 5037 282 5089 τῶν
324 5037 462 5089 κατά
497 5035 726 5104 πόλεμον
753 5031 934 5085 κακῶν
965 5029 1307 5100 χωρισθείης,
1339 5027 1430 5080 δύο
1464 5043 1544 5080 σοι
1573 5044 1665 5080 κε-

67 5131 356 5200 χάρισται
406 5127 630 5198 δωρεάς.
660 5125 754 5177 ’Ἐν
786 5123 880 5194 μὲν
928 5122 1035 5191 γάρ
1067 5121 1182 5173 ἐστι
1217 5118 1386 5189 δῶρον
1432 5118 1493 5171 τὸ
1532 5117 1664 5171 ἔπα-

63 5225 212 5274 0).ον
239 5239 253 5250 ο
297 5220 480 5288 ἕτερον
531 5217 588 5270 δὲ
618 5215 788 5286 δῶρον
843 5213 1001 5276 αὐτὸς
1025 5215 1053 5265 ὁ
1094 5201 1275 5273 ἆθλος.
1306 5210 1464 5262 Ὥστε
1494 5210 1586 5262 καὶ
1619 5211 1666 5262 εἰ

67 5315 264 5386 μηδὲν
311 5311 388 5381 τῷ
434 5311 653 5381 τοιούτῳ
686 5309 804 5362 κατ’
837 5305 1027 5361 ἐλπίδα
1075 5305 1392 5376 πρόσκειτο,
1429 5303 1564 5375 αὑτὴ
1595 5303 1661 5356 δι’

60 5401 294 5474 ἑαυτὴν
348 5401 595 5472 ἠείρήνη
628 5401 808 5470 πάσης
863 5397 927 5450 ἂν
971 5391 1037 5467 ἦν
1083 5397 1193 5458 τοῖς
1225 5411 1286 5463 γε
1325 5393 1446 5447 νοῦν
1483 5393 1664 5464 ἔχουσι

59 5493 470 5566 προτιμοτέραν.
521 5492 768 5564 σπουδῆς.
825 5487 912 5544 Ἐν
959 5489 1132 5560 τούτῳ
1188 5486 1364 5540 τοίνυν
1403 5487 1519 5539 ἐστι
1566 5485 1662 5557 τὴν

56 5589 180 5658 τῆς
246 5584 659 5658 φιλανθρωπίας
701 5579 1000 5652 ὑπερϐολὴν
1052 5577 1380 5647 ἐπιγνῶναι,
1427 5576 1508 5628 ὅτι
1566 5577 1663 5640 τὰς

57 5679 314 5751 αγαθὰς
337 5678 651 5741 ἀντιδόσεις,
683 5675 743 5728 οὐ
774 5674 952 5736 πόνοις
977 5672 1070 5724 καὶ
1097 5670 1332 5741 ἱδρῶσιν,
1356 5668 1470 5721 ἀλλ’
1499 5667 1665 5722 εὐπα-

57 5775 266 5836 Θείαις
295 5771 494 5845 τρόπον
537 5767 656 5822 τινὰ
692 5767 783 5820 καλ⁸
820 5761 1102 5834 θυμηδίαις
1133 5761 1469 5831 κεχάρισται·
1511 5759 1666 5830 εἴπερ

1759 4567 1936 4622 rentia
1980 4565 2186 4628 scutis;
2231 4563 2320 4617 ubi
2357 4562 2524 4632 galeae
2550 4563 2735 4618 cristis
2769 4563 2834 4616 ad
2870 4572 3133 4619 terrorem
3178 4580 3330 4620 com-

1759 4658 2268 4729 positis_nutantcs;
2299 4656 2390 4710 ubi
2421 4653 2734 4715 conﬂictus,
2770 4655 3182 4723 impressiones,
3215 4671 3330 4709 ma-

1760 4768 1928 4805 nuum
1968 4751 2362 4812 consertiones,
2398 4747 2601 4817 praelia,
2638 4747 2837 4810 caedes,
2884 4746 3043 4818 fugae,
3075 4763 3331 4818 persecu-

1763 4847 1960 4908 tiones,
1998 4842 2252 4912 gemitus,
2291 4841 2563 4906 ululatus;
2607 4839 2698 4893 ubi
2736 4847 2880 4893 terra
2917 4843 3184 4910 sanguine
3210 4855 3329 4909 ma-

1764 4935 1889 5000 det;
1941 4933 2138 4989 mortui
2188 4933 2581 4987 conculcautur
2631 4941 2686 4986 et
2735 4933 3097 4998 ohteruntur,
3157 4933 3330 4988 saucii

1765 5028 2240 5097 derelinquuntur,
2278 5033 2440 5094 atque
2493 5026 2674 5079 omnia
2715 5025 2850 5078 ﬁunt
2895 5040 3232 5095 quwcunque
3275 5025 3333 5080 in

1766 5135 1959 5191 aspero
1990 5117 2132 5172 bello
2162 5117 2411 5174 accidere
2438 5117 2654 5172 solent?
2687 5118 2931 5186 nunquid
2964 5118 3019 5171 in
3053 5118 3138 5173 his
3170 5115 3334 5172 rebus

1767 5217 2032 5280 occupato
2057 5209 2228 5263 otium
2257 5223 2495 5278 unquam
2536 5209 2661 5272 erit,
2705 5209 3096 5277 cogitationem
3145 5207 3212 5263 ad
3254 5209 3332 5263 rel

1773 5301 2005 5368 alicujus
2024 5298 2280 5368 jucunda:
2307 5298 2738 5354 recordationem
2764 5298 3115 5352 convertendi
3141 5301 3165 5351 ἲ
3187 5297 3334 5368 quod

1772 5391 1818 5447 si
1844 5388 2061 5462 quando
2087 5389 2325 5443 animum
2349 5388 2543 5444 subeat
2572 5389 2734 5443 etiam
2763 5388 2994 5457 alicujus
3021 5390 3097 5443 rei
3129 5388 3334 5457 jucun-

1770 5483 2008 5539 dissimae
2054 5481 2314 5536 memoria
2348 5499 2362 5536 :
2392 5496 2574 5536 nonne
2624 5481 2931 5535 recordatio
2981 5480 3337 5538 charissimo-

1770 5592 1890 5631 rum
1943 5575 1998 5629 in
2053 5584 2296 5644 tempore
2348 5573 2576 5643 periculi
2634 5573 3016 5643 cogitationem
3078 5573 3334 5634 subiens.

1773 5666 2018 5722 accessio
2066 5666 2392 5720 calamitatis
2436 5664 2526 5717 lit?
2562 5663 2702 5734 Ergo
2744 5665 2836 5733 qui
2888 5651 3190 5719 mercedem
3238 5664 3334 5719 tibi

1777 5761 2050 5831 proponit,
2101 5758 2146 5814 si
2206 5758 2273 5813 ab
2309 5757 2672 5812 incommodis
2717 5758 2841 5814 belli
2887 5768 2937 5813 te
2982 5759 3335 5822 abstinueris,
