4018 6528
579 369 720 443 i283
1281 375 1290 382 '
1845 387 1906 442 s.
1947 384 2273 442 GREGORII
2311 385 2602 442 Nrssem
3649 387 3783 442 test

571 502 682 558 duo
727 503 823 558 tibi
855 503 998 559 dona
1031 503 1282 575 largitur.
1313 502 1446 559 Nam
1491 521 1656 558 unum
1687 505 1905 575 quidem
1933 505 2134 560 donum

2239 507 2295 558 τὸ
2341 508 2628 577 κεφάλαιον
2669 506 2779 559 τῶν
2833 503 3276 576 εὐφραινόντωνή
3307 501 3494 572 εἰρήνη
3525 501 3698 566 ἐστὶν,
3722 503 3790 574 ἦν

569 602 657 648 est
683 595 858 664 ipsum
885 598 1164 665 praemium
1191 597 1530 660 certaminis,
1549 599 1777 652 alterum
1799 614 1929 653 vero
1957 598 2132 668 ipsum

2239 599 2500 670 τοσαύτην
2543 599 2758 668 ἑκάστῳ
2805 600 3059 670 παρεῖναι
3089 594 3362 666 βούλεται,
3397 593 3472 656 ὡς
3525 592 3600 664 μὴ
3640 594 3792 662 μόνον

573 693 870 741 certamen.
903 687 1088 758 Itaque
1125 690 1168 744 si
1207 689 1351 744 nulla
1388 689 1436 743 ei
1476 690 1554 744 rei
1583 690 1746 744 etiam
1783 705 1907 760 spes
1937 706 2134 760 propo-

2239 690 2400 742 αὐτὸν
2439 691 2662 743 ἕκαστον
2706 689 2880 760 ἔχειν,
2903 687 3016 741 ἀλλ’
3061 689 3124 740 ὲκ
3151 683 3343 739 πολλοῦ
3383 683 3476 737 τοῦ
3517 685 3794 756 περιόντος

573 777 677 831 sita
725 787 888 843 esset,
946 780 1066 850 ipsa
1117 790 1336 852 prepter
1385 797 1444 838 se
1483 799 1587 852 pax
1633 781 1873 836 cordatis
1922 782 2134 851 quidem

2245 782 2471 844 καὶτοῖς
2501 781 2575 852 μὴ
2605 780 2782 850 έχουσι
2813 781 3014 850 νέμειν.

573 869 883 926 hominibus
955 889 1084 942 prae.
1126 875 1336 929 czeteris
1399 875 1562 930 rebus
1627 875 1880 928 omnibus
1939 874 2134 943 cupide
2172 873 2473 943 expetenda
2506 881 2668 942 atque
2697 872 3068 943 amplectenda
3106 877 3273 924 esset.
3301 865 3403 923 Per
3460 868 3564 922 hoc
3633 867 3798 936 igitur

574 957 995 1029 insuperabilem
1053 965 1479 1034 magnitudinem
1539 965 1895 1018 humanitatis
1963 963 2428 1034 agnoscerelicet.
2467 963 2610 1033 quod
2651 963 2823 1018 bonas
2889 963 3358 1018 remunerationes
3427 974 3540 1013 non
3593 959 3794 1012 labori-

572 1049 675 1104 bus
707 1067 771 1105 ac
806 1053 1122 1114 sudoribus,
1153 1055 1247 1110 sed
1275 1057 1488 1112 deliciis
1528 1064 1581 1111 et
1613 1057 1776 1110 animi
1814 1057 2268 1112 oblectationibus
2297 1054 2693 1124 quodammodo
2731 1054 2992 1125 largitur;
3057 1053 3104 1108 si
3163 1053 3324 1107 modo
3373 1051 3792 1106 exhilarantium

571 1156 754 1196 rerum
801 1157 962 1214 caput
1007 1157 1089 1202 est
1135 1163 1258 1217 pax,
1295 1163 1457 1218 quam
1507 1157 1616 1202 tam
1671 1151 1893 1204 multam
1946 1153 2140 1220 cuique
2179 1157 2467 1218 suppetere
2491 1148 2627 1210 vult,
2663 1155 2721 1201 ut
2756 1163 2863 1202 non
2891 1145 3052 1202 modo
3081 1145 3306 1217 quilibet
3341 1143 3458 1213 ipse
3515 1157 3638 1198 eam
3701 1143 3794 1196 ha-

578 1237 722 1301 beat,
773 1239 866 1292 sed
903 1255 968 1293 ex
1017 1241 1188 1293 multa
1244 1240 1616 1310 superﬂuitate
1659 1259 1766 1298 non
1811 1243 2136 1298 habentibus
2174 1257 2387 1316 quoque
2415 1241 2766 1311 imper-tiatur.

647 1329 803 1382 Beati
832 1331 1000 1396 enim,
1035 1334 1232 1402 inquit,
1283 1337 1514 1404 paciﬁci.
1551 1335 1645 1391 Est
1673 1346 1851 1391 autem
1881 1337 2134 1405 paciﬁcus

2303 1335 2589 1404 Μακάριοι
2616 1335 2743 1405 γάρ,
2770 1333 2953 1404 φησὶν,
2973 1333 3022 1386 οἱ
3046 1330 3420 1400 εἰρηνοποιοί.
3445 1329 3794 1400 Εἰρηνοτοοιὸς

579 1421 630 1477 is
677 1425 769 1492 qui
804 1439 991 1494 pacem
1043 1427 1203 1482 alteri
1245 1427 1366 1494 dat;
1418 1439 1473 1482 at
1501 1445 1660 1484 nemo
1689 1429 1927 1500 pratbere
1977 1430 2134 1482 alteri

2236 1427 2288 1480 δέ
2313 1431 2457 1481 ἐστιν
2493 1431 2520 1480 ὁ
2557 1429 2776 1496 εἰρήνην
2807 1425 2977 1488 διδοὺς
3010 1425 3178 1494 ἀλλῳ·
3211 1425 3312 1476 οὐκ
3329 1422 3394 1476 ἂν
3421 1423 3476 1476 δέ
3505 1440 3588 1486 τις
3623 1423 3792 1492 ἑτέρῳ

575 1513 752 1580 possit
803 1514 855 1568 id
903 1516 1047 1584 quod
1105 1518 1221 1587 ipse
1265 1533 1373 1572 non
1431 1519 1648 1572 haheat.
1707 1518 1833 1573 Vult
1875 1521 2037 1590 igitur
2087 1531 2134 1575 te

2236 1520 2584 1588 παράσχοιτο,
2609 1517 2636 1570 ὃ
2668 1517 2740 1588 μή
2767 1517 2923 1580 αὐτὸς
2957 1515 3086 1586 ἔχει.
3119 1515 3369 1568 Βούλεται
3393 1514 3572 1567 τοίνυν
3605 1513 3794 1584 πρότε-

573 1603 810 1670 priorem
849 1619 972 1658 esse
1011 1605 1228 1674 plenum
1261 1607 1410 1676 pacis
1451 1607 1740 1672 bonorum,
1775 1609 1971 1664 deinde
2003 1625 2131 1664 vero

573 1691 816 1761 praebere
882 1693 1252 1764 indigentibus
1301 1695 1570 1766 ejusmodi
1623 1697 1773 1753 boni.
1845 1699 1954 1752 Nec
2005 1714 2135 1753 vero

2237 1628 2326 1680 ρον
2379 1605 2520 1662 εἶναι
2568 1627 2625 1662 σε
2679 1609 2858 1679 πλήρη
2907 1606 3014 1659 τῶν
3063 1607 3160 1677 τῆς
3191 1608 3407 1678 εἰρήνης
3440 1605 3642 1669 καλῶν,
3693 1601 3790 1656 ’.ἴθ’

2239 1702 2409 1765 οὕτως
2440 1701 2651 1772 ὀρέγειν
2687 1702 2798 1763 τοῖς
2834 1699 3024 1763 ἐνδεῶς
3059 1699 3238 1770 ἔχουσι
3269 1698 3360 1752 τοῦ
3389 1698 3630 1752 τοιούτου
3665 1699 3794 1768 mi;-

573 1783 737 1837 nimis
786 1785 1004 1840 curiose
1062 1786 1194 1839 mihi
1240 1789 1416 1840 oratio
1472 1788 1524 1841 in
1576 1787 1844 1857 profundo
1883 1790 2134 1846 latentem

2242 1811 2426 1864 ματος.
2459 1793 2565 1846 Kal.
2599 1793 2672 1864 μὴ
2697 1792 2816 1846 λίαν
2849 1793 2944 1863 τὴν
2966 1791 3052 1845 διά
3086 1791 3277 1860 βάθους
3310 1789 3542 1860 θεωρίαν
3575 1807 3796 1861 περιερ-

567 1877 996 1946 speculationem
1024 1878 1296 1947 exquirat.
1332 1879 1539 1934 Suliicit
1561 1881 1704 1935 enim
1733 1883 1890 1936 nobis
1915 1882 1982 1936 ad
2009 1884 2130 1938 boni

575 1970 991 2040 acquisitionem
1027 1973 1192 2048 etiam
1230 1971 1279 2027 is
1331 1972 1424 2042 qui
1457 1975 1512 2026 in
1547 1981 1800 2044 promptu
1846 1982 1930 2029 est
1975 1976 2135 2031 intel-

573 2063 768 2118 lectus.
817 2061 971 2118 Beati
1016 2065 1244 2133 paciﬁci.
1285 2063 1577 2120 Multorum
1625 2065 1937 2120 morborum
1977 2083 2136 2122 cura-

569 2155 774 2208 tionem
816 2171 994 2210 sermo
1022 2157 1218 2227 exiguo
1245 2157 1484 2212 remedio
1531 2167 1773 2227 praestat,
1823 2173 1916 2228 per
1970 2160 2132 2213 colle-

574 2247 810 2302 ctionem
859 2247 1000 2302 hanc
1048 2259 1102 2304 et
1151 2264 1337 2304 vocem
1383 2251 1689 2320 generalem
1730 2251 2024 2321 singularia
2073 2267 2136 2305 ac

571 2339 826 2409 specialia
881 2340 1368 2410 comprehenderis.
1424 2341 1566 2408 Quid
1626 2343 1696 2398 sit
1749 2359 1852 2412 pax
1905 2345 2133 2412 primum

565 2433 1000 2488 consideremus.
1053 2433 1204 2502 ;Quid
1261 2435 1404 2490 aliud
1457 2451 1617 2506 quam
1664 2452 1787 2492 cum
1843 2435 2133 2491 dilectione

570 2524 870 2593 conjuncta
913 2525 1174 2580 adversus
1217 2527 1534 2596 popularem
1571 2534 1624 2580 et
1653 2527 1956 2596 proximum
2002 2525 2134 2583 affe-

571 2617 683 2669 ctio
731 2618 954 2670 mutua?
997 2615 1136 2682 Quid
1195 2618 1360 2686 igitur
1405 2627 1489 2672 est
1535 2618 1627 2679 id,
1679 2617 1823 2688 quod
1861 2619 2136 2674 dilectioni

567 2725 637 2764 ex
671 2707 899 2762 adverso
941 2709 1309 2778 intelligatur?
1337 2709 1544 2772 odium,
1593 2711 1696 2774 ira,
1735 2711 2136 2764 excandescen-

567 2802 667 2864 tia,
701 2801 927 2865 invidia,
963 2801 1286 2869 injuriarum
1323 2810 1484 2854 tenax
1522 2802 1806 2864 memoria,
1839 2802 2132 2862 simulatio,

563 2891 853 2946 calamitas
919 2899 1075 2960 atque
1130 2891 1312 2946 clades
1365 2891 1512 2946 belli.
1567 2889 1804 2948 Videsne
1876 2893 2136 2950 adversus

567 2991 698 3053 quot
747 2992 802 3038 et
859 2985 1051 3054 quales
1087 2986 1307 3038 morbos
1348 2985 1503 3054 quasi
1551 2985 1916 3054 praemuniens
1959 3001 2136 3040 reme-

569 3075 716 3128 dium
751 3089 856 3128 una
886 3075 958 3128 sit
995 3075 1130 3128 vox?
1165 3073 1297 3127 Nam
1335 3091 1437 3143 pax
1467 3077 1664 3143 cuique
1691 3083 2135 3129 enumeratorum

2232 1882 2480 1952 γαζέσθω
2532 1884 2560 1934 ὁ
2602 1883 2788 1951 λόγος·
2838 1881 3104 1953 αὔταρκες
3153 1881 3259 1952 γὰρ
3294 1881 3426 1952 ἡμῖν
3457 1882 3539 1943 είς
3587 1879 3792 1948 ἀγαθοῦ

2231 1975 2445 2044 κτῆσιν,
2472 1977 2565 2026 καὶ
2599 1974 2658 2026 τὸ
2689 1973 2972 2046 πρόχειρον
3005 1973 3198 2043 νόημα.
3234 1975 3517 2041 Μακάριοι
3556 1976 3610 2026 οἱ
3636 1975 3792 2040 εἰρη-

2230 2065 2480 2118 νοποιοί.
2514 2063 2728 2118 Πολλῶν
2762 2065 3204 2136 ἀρρωστημάτων
3239 2063 3532 2134 θεραπείαν
3569 2065 3599 2115 ὁ
3637 2064 3794 2130 λόγος

2233 2157 2290 2210 ὲν
2319 2155 2480 2227 ὀλίγῳ
2507 2156 2806 2230 χαρίζεται,
2841 2155 2927 2208 διὰ
2951 2157 3048 2227 τῆς
3077 2157 3415 2227 περιλήψεως
3453 2156 3662 2227 ταύτης
3703 2157 3796 2208 καὶ

2241 2247 2610 2318 γενικωτέρας
2634 2249 2813 2318 φωνῆς
2855 2247 3225 2318 έκπεριλαϐὼν
3260 2249 3327 2302 τά
3375 2248 3492 2302 καθ’
3541 2248 3790 2302 ἕκαστον.

2233 2341 2298 2393 Τί
2341 2341 2484 2392 ἐστιν
2519 2342 2552 2410 ή
2604 2340 2791 2410 εἰρήνη
2823 2339 3034 2411 πρῶτον
3083 2343 3378 2412 νοήσωμεν.
3435 2340 3500 2392 Τί
3551 2340 3711 2402 ἄλλο,
3763 2339 3794 2410 η

2235 2431 2546 2500 ἀγαπητική
2578 2447 2660 2493 τις
2691 2429 2821 2501 πρὸς
2849 2431 2907 2483 τὺ
2934 2430 3196 2502 ὁμόφυλον
3223 2430 3592 2494 συνδιάθεσις;
3625 2432 3682 2483 τί
3705 2427 3796 2484 οὖν

2234 2523 2348 2574 ἐστι
2381 2522 2438 2588 ἐξ
2471 2522 2708 2575 ἐναντίου
2738 2524 2802 2593 τῇ
2839 2521 3026 2594 ἀγάπῃ
3052 2521 3364 2592 νοούμενον;
3396 2523 3590 2586 Μῖσος,
3617 2523 3758 2593 ὀργή
3777 2563 3792 2584 ,

2236 2613 2420 2684 θυμὸς,
2451 2613 2661 2682 φθόνος,
2691 2613 3039 2684 μνησικακία,
3073 2614 3383 2685 ὑπόκρισις,
3407 2616 3440 2684 ἡ
3468 2615 3608 2666 κατὰ
3641 2613 3798 2667 πόλε-

2239 2723 2336 2774 μον
2380 2705 2650 2776 συμφορά.
2696 2705 2858 2777 Ὁρᾷς
2897 2706 3034 2759 ὅσων
3065 2705 3154 2768 καὶ
3185 2707 3306 2758 οἴων
3346 2707 3796 2776 ἀρρωπημάτων

2235 2797 2642 2867 ἀντιφάρμακόν
2698 2799 2843 2850 ἐστιν
2889 2800 2922 2868 η
2969 2798 3066 2868 μία
3114 2799 3290 2869 φωνή;
3349 2798 3412 2850 Ἥ
3457 2799 3566 2869 γάρ
3601 2800 3792 2870 εἰρήνη

2235 2889 2374 2942 κατὰ
2401 2887 2459 2940 τὸ
2487 2888 2597 2942 ἴσον
2631 2887 2844 2958 ἑκάστῳ
2872 2889 2978 2940 τῶν
3003 2889 3300 2960 εἰρημένων
3326 2890 3793 2950 ἁντικαθίσταται,

2235 2980 2328 3032 καί⁵
2363 2979 2660 3050 ἀφανισμὸν
2687 2984 2826 3032 ποιεῖ
2863 2979 2954 3032 τοῦ
2989 2981 3158 3034 κακοῦ
3189 2983 3252 3050 τῇ
3278 2981 3470 3051 εαυτῆς
3497 2982 3794 3052 παρουσία,

2249 3071 2334 3134 Ὠς
2381 3069 2488 3142 γάρ
2518 3071 2723 3138 ὑγιείας
2755 3070 3113 3140 ἐπιλαϐούσης
3144 3073 3176 3142 ή
3205 3071 3354 3134 νόσος
3387 3073 3796 3140 ὲξαφανίζεται,

567 3169 834 3222 malorum
865 3183 930 3222 ex
970 3183 1126 3237 atquo
1159 3174 1424 3237 repugnat
1469 3177 1522 3220 et
1556 3165 1899 3232 adversatur,
1939 3167 2131 3236 suique

2236 3163 2326 3216 καὶ
2353 3163 2524 3230 φωτὸς
2559 3165 2812 3232 φανέντος
2853 3165 2951 3233 οὐχ
2986 3163 3329 3217 ὑπολείπεται
3365 3165 3548 3227 σκότος
3569 3181 3582 3192 ·
3617 3164 3798 3229 οὕτως

569 3257 856 3328 praesentia
909 3259 1258 3313 abolitionem
1305 3257 1430 3311 mali
1474 3264 1714 3327 praestat.
1751 3255 1820 3310 Ut
1849 3257 1994 3311 enim
2033 3273 2130 3312 su-

569 3351 926 3420 perveniente
981 3351 1232 3414 sanitate,
1288 3349 1512 3403 morbus
1558 3347 1857 3410 evanescit,
1911 3362 1974 3401 ac
2015 3347 2134 3401 luce

571 3449 887 3512 apparente,
913 3441 1152 3495 tenebrat
1179 3455 1286 3494 non
1314 3441 1726 3509 relinquuntur:
1765 3440 1840 3492 ita
1871 3453 1993 3493 cum
2029 3455 2130 3509 pax

571 3531 922 3600 apparuerit,
978 3530 1264 3584 solvuntur
1318 3530 1500 3583 omnia
1556 3545 1677 3600 qua:
1727 3545 1794 3584 ex
1859 3532 2134 3586 contrario

570 3623 879 3679 conﬂantur
925 3622 1288 3676 incommoda.
1339 3619 1453 3675 Hoc
1483 3636 1612 3676 vero
1641 3629 1900 3690 quantum
1935 3623 2004 3676 sit
2035 3623 2133 3676 bo-

573 3731 729 3780 num,
773 3713 909 3768 nihil
939 3713 1134 3783 opinor
1161 3727 1299 3782 opus
1332 3727 1452 3766 esse
1483 3713 1733 3782 persequi
1761 3713 2041 3780 oratione;
2075 3721 2134 3767 tu

573 3809 691 3876 ipse
725 3822 820 3877 per
847 3815 899 3860 te
933 3815 1122 3874 reputa
1167 3814 1328 3874 atque
1372 3803 1644 3874 perpende
1682 3804 1857 3874 qualis
1905 3804 1976 3860 sit
2023 3805 2134 3858 vita

571 3913 762 3956 eorum
797 3897 891 3966 qui
935 3895 1138 3950 mutuis
1167 3895 1309 3950 odiis
1343 3903 1506 3965 atque
1544 3895 1951 3964 suspicionibus
1981 3895 2136 3950 labo-

571 4000 716 4055 rant,
763 4004 993 4059 quorum
1026 4003 1291 4042 occursus
1335 3988 1552 4057 quidem
1609 3996 1769 4058 atque
1807 4003 2136 4057 congressus

571 4083 834 4150 infausti,
889 4081 1278 4138 abominabilia
1341 4090 1522 4134 autem
1577 4088 1739 4149 atque
1796 4081 2135 4135 detestabilia

571 4173 708 4245 ipsis
754 4174 894 4228 inter
960 4187 1018 4226 se
1075 4171 1305 4226 omnia:
1341 4185 1438 4224 ora
1493 4169 1620 4223 item
1683 4185 1812 4224 voce
1855 4169 2127 4232 carentia;

571 4267 798 4320 obtutus
837 4263 1049 4326 aversi;
1078 4277 1239 4318 aures
1277 4261 1344 4316 ad
1375 4276 1560 4315 vocem
1601 4259 1728 4315 odio
1759 4261 2136 4330 prosequentis

573 4367 627 4412 et
649 4357 776 4412 odio
814 4355 979 4408 habiti
1017 4355 1283 4408 obturatae
1313 4352 1615 4422 ;quidquid
1656 4352 1904 4406 alterutri
1947 4367 2133 4406 eorum

574 4448 800 4503 charum
831 4455 938 4528 est,
966 4444 1018 4498 id
1057 4445 1212 4499 alteri
1249 4445 1483 4499 invisum
1517 4462 1530 4498 :
1564 4453 1727 4512 atqtle
1756 4460 1822 4497 ex
1861 4445 2134 4498 contrario

2234 3257 2325 3308 καὶ
2357 3255 2454 3324 τῆς
2487 3257 2704 3326 εἰρήνης
2741 3256 3124 3325 ἐπιφανείσης,
3189 3254 3369 3307 λύεται
3403 3255 3578 3308 πάντα
3625 3256 3702 3309 τά
3733 3258 3796 3311 ἐκ

2231 3346 2322 3398 τοῦ
2354 3347 2588 3398 ἐναντίου
2623 3345 2979 3416 συνιστάμενα
3006 3345 3171 3418 πάθη.
3200 3347 3366 3399 Τοῦτο
3393 3346 3447 3400 δὲ
3481 3349 3602 3400 ὅσον
3641 3349 3796 3401 ἐστὶν

2234 3438 2456 3506 ἀγαθὸν,
2481 3438 2628 3490 οὐδὲν
2657 3433 2807 3507 οἶμαι
2843 3439 3034 3508 χρῆναι
3066 3439 3312 3504 διεξιέναι
3337 3439 3412 3509 τῷ
3435 3439 3573 3508 λόγῳ
3595 3441 3794 3503 αὑτός·

2236 3532 2299 3584 σὺ
2324 3529 2463 3583 κατά
2492 3529 2712 3582 σεαυτὸν
2737 3529 3117 3598 ὲπιλελόγισαι,
3153 3525 3259 3593 οἷος
3290 3533 3317 3583 ὁ
3348 3531 3458 3600 βίος
3483 3532 3592 3584 τῶν
3623 3531 3796 3602 ἀλλή-

2235 3622 2359 3684 λους
2383 3623 2448 3675 δι’
2482 3622 2710 3690 ὑποψίας
2752 3624 2845 3676 καί¹
2880 3623 3070 3692 μίσους
3105 3624 3349 3692 ἐχόντων,
3379 3617 3450 3677 ὧν
3472 3624 3797 3692 δυσάντητα

2239 3715 2334 3786 μὲν
2367 3715 2423 3767 αί
2462 3713 2757 3784 συντυχίαι,
2813 3714 3073 3784 βδελυκτά
3124 3715 3178 3765 δὲ
3224 3715 3400 3776 αὺτοῖς
3441 3713 3506 3766 τά
3545 3715 3797 3784 ἀλλήλων

2237 3805 2438 3859 πάντα’
2465 3805 2713 3874 ἄφθογγα
2737 3805 2793 3858 δὲ
2829 3805 2896 3857 τὰ
2926 3807 3187 3874 στόματα,
3229 3805 3318 3856 καὶ
3359 3805 3796 3875 ἀπεστραμμένα

2235 3895 2301 3948 τά
2329 3895 2610 3966 βλέμματα
2627 3913 2640 3925 ·
2669 3897 2760 3948 καὶ
2781 3895 2913 3966 ἀκοὴ
2938 3895 3288 3966 πεφραγμένη
3307 3898 3371 3965 τῇ
3391 3897 3479 3948 τοῦ
3505 3897 3796 3965 μισοῦντες

2237 3986 2330 4038 καὶ
2361 3986 2686 4055 μισουμένου
2713 3989 2884 4055 φωνῇ.
2913 3987 3026 4039 Πᾶν
3055 3987 3109 4038 δὲ
3143 3986 3291 4056 φίλον
3317 3987 3554 4057 ἐκατέρῳ
3587 3988 3796 4054 αὐτῶν,

2235 4077 2264 4130 ὃ
2289 4076 2365 4146 τῷ
2397 4079 2564 4147 ἑτέρῳ
2609 4078 2681 4149 μὴ
2728 4078 2906 4148 φίλον*
2951 4079 3043 4131 καὶ⁴
3069 4079 3131 4130 ἐκ
3167 4077 3258 4130 τοῦ
3289 4079 3526 4132 ἐναντίου
3563 4081 3674 4132 πᾶν
3709 4082 3800 4150 ἑχ-

2237 4169 2382 4242 θρὸν,
2404 4169 2496 4222 καὶ
2516 4169 2790 4238 πολέμιον,
2812 4169 2839 4222 ὃ
2857 4169 2934 4240 τῷ
2953 4170 3202 4240 δυσμενεῖ
3226 4170 3798 4244 καταθύμιον.Ὧσπες

2233 4259 2410 4314 τοίνυν
2437 4260 2504 4313 τὰ
2538 4258 2708 4331 εὐώδη
2741 4261 2848 4314 τῶν
2883 4263 3213 4333 ἀρωμάτων,
3245 4263 3344 4332 τῆς
3375 4262 3504 4326 ἰδίας
3535 4263 3798 4328 εὐπνοίας

2234 4352 2323 4403 τὸν
2357 4352 2752 4423 παρακείμενον
2790 4353 2928 4424 ἀέρα
2965 4353 3143 4424 πλήρη
3172 4357 3344 4408 ποιεῖ·
3375 4353 3513 4408 οὕτω
3541 4373 3620 4410 σοι
3661 4359 3798 4428 ﬁta-.3-

2233 4444 2385 4496 λεται
2427 4443 2566 4497 κατά
2603 4445 2914 4514 περιουσίαν
2964 4445 3273 4510 πλεονάζειν
3299 4447 3395 4517 τῆς
3431 4449 3652 4519 εἰρήνης
3697 4451 3800 4521 τὴν

575 4539 838 4612 quidquid
883 4537 1163 4592 inimicum
1202 4545 1256 4591 et
1288 4536 1505 4602 hostile,
1544 4535 1598 4590 id
1633 4535 1945 4590 adversario
1973 4544 2134 4604 atque

2237 4538 2411 4608 χάριν,
2442 4536 2582 4590 ὥστε
2624 4537 2714 4590 τὸν
2742 4537 2829 4590 σὸν
2859 4537 2970 4607 βίον
2998 4538 3289 4610 θεραπείαν
3325 4535 3460 4593 εἷναι
3495 4539 3594 4610 τῆς
3633 4541 3804 4593 ἀλλοε

577 4633 800 4688 inimico
822 4640 1033 4702 gratum
1058 4637 1112 4683 et
1141 4637 1421 4698 acceptum
1457 4637 1557 4682 est.
1597 4625 1666 4682 Ut
1693 4627 1858 4696 igitur
1894 4635 2133 4680 aromata

576 4725 703 4779 boni
753 4739 816 4776 ac
865 4721 1048 4777 suavis
1103 4717 1290 4774 odoris
1341 4719 1634 4788 fragrantia
1691 4720 1773 4772 sui
1828 4718 2132 4787 proximum

577 4831 702 4870 aera
737 4816 966 4883 replent,
1009 4815 1081 4866 ita
1131 4813 1228 4866 tibi
1258 4828 1321 4865 ex
1352 4811 1623 4880 superﬂua
1661 4809 1816 4879 copia
1859 4807 2136 4862 abundare

577 4905 808 4974 gratiam
855 4903 1003 4972 pacis
1033 4903 1168 4967 vult,
1219 4909 1281 4956 ut
1312 4911 1402 4955 tua
1435 4902 1545 4954 vita
1598 4899 1760 4954 alieni
1811 4899 1983 4953 morbi
2024 4913 2138 4952 me.

577 4997 696 5050 dela
739 4999 830 5050 sit.
866 4993 1141 5060 Quantum
1176 5002 1355 5047 autem
1397 4993 1452 5046 id
1499 4992 1700 5047 bonum
1749 4990 1844 5053 sit,
1892 4990 2138 5045 exactius

575 5086 916 5160 cognoveris,
959 5088 1003 5140 si
1037 5085 1304 5155 cujusque
1327 5099 1538 5146 eorum,
1562 5083 1656 5154 qui
1686 5099 1754 5138 ex
1799 5083 2016 5137 inimica
2037 5097 2136 5138 vo-

577 5179 785 5233 luntate
828 5178 884 5231 in
915 5177 1100 5231 animo
1129 5177 1402 5230 exsistunt
1435 5175 1747 5229 morborum
1795 5174 2136 5228 calamitates

575 5269 902 5340 perpendas.
939 5267 1074 5334 Quis
1105 5265 1333 5322 ail‘ectus
1380 5274 1433 5321 et
1479 5267 1610 5318 vitia
1643 5267 1736 5320 irae
1779 5264 1940 5337 digne
1974 5282 2139 5336 expo-

577 5361 786 5418 suerit?
833 5375 954 5430 quae
999 5360 1174 5414 oratio
1217 5357 1610 5428 turpitudinem
1649 5357 1916 5425 ejusmodi
1963 5357 2138 5412 morbi

576 5452 883 5507 deseribet?
929 5449 1095 5506 Vides
1147 5465 1336 5504 eorum
1381 5449 1472 5518 qui
1523 5467 1552 5502 ιι
1594 5450 1839 5504 daemone
1873 5459 2139 5502 vexantur

578 5543 803 5600 affectus
834 5543 888 5598 in
911 5543 998 5608 iiis
1027 5545 1119 5613 qui
1151 5543 1220 5597 ab
1251 5543 1332 5596 ira
1360 5542 1485 5594 victi
1532 5549 1658 5594 sunt
1707 5557 1988 5610 apparere.
2035 5543 2142 5596 Re-

579 5645 708 5707 puta
739 5635 806 5690 ad
849 5636 1082 5690 invicem
1127 5645 1460 5704 comparata,
1511 5642 1623 5686 tum
1651 5649 1771 5703 qua:
1819 5633 1994 5696 iratis,
2025 5641 2138 5687 tum

579 5743 699 5795 quae
742 5741 772 5779 a
825 5726 1072 5781 (lmtnone
1109 5727 1373 5796 correptis
1423 5725 1679 5781 accidunt
1717 5733 1880 5795 atque
1925 5727 2140 5780 contin-

583 5828 736 5890 gunt,
766 5835 937 5889 ecqua
965 5821 1033 5874 sit
1075 5821 1128 5874 in
1167 5819 1255 5875 his
1284 5817 1606 5876 diil‘erentia.
1647 5817 1924 5891 Sanguine
1945 5817 2136 5876 suifusi

2234 4629 2389 4699 τρίας
2413 4629 2588 4682 νόσου.
2618 4631 2779 4684 Ὅσον
2803 4630 2858 4683 δὲ
2880 4631 2940 4683 τὸ
2972 4630 3208 4684 τοιοῦτόν
3225 4633 3366 4684 ἐστιν
3387 4631 3606 4699 ἀγαθὸν,
3633 4634 3802 4704 ἀκρι-

2237 4717 2486 4788 ϐέστερον
2526 4719 2590 4772 ἂν
2631 4715 2940 4790 ἐπιγνοίης,
2982 4719 3208 4772 ἑκάστου
3231 4721 3336 4774 τῶν
3367 4723 3428 4772 ἐκ
3465 4721 3562 4790 τῆς
3588 4723 3800 4791 δυσμε-

2235 4809 2355 4873 νοῦς
2383 4812 2748 4881 προαιρέσεως
2775 4812 3132 4881 ἐγγινομένων
3177 4815 3244 4882 τῇ
3268 4811 3409 4882 ψυχῇ
3458 4813 3800 4884 παθημάτων

2235 4901 2329 4960 τὰς
2373 4903 2650 4973 συμφοράς
2698 4901 3056 4974 λογιζόμενος.
3105 4903 3196 4966 Τίς
3243 4901 3306 4956 ἂν
3355 4901 3608 4969 διεξέλθοι
3657 4905 3800 4974 πρὸς

2235 4993 2386 5057 ἀξίαν
2424 4995 2518 5064 τῆς
2542 4995 2706 5065 ὀργῆς
2749 4995 2816 5048 τά
2858 4995 3033 5065 πάθη;
3061 4995 3155 5058 Τίς
3183 4995 3486 5065 ὑπογράψει
3510 4993 3674 5062 λόγος
3701 4997 3798 5065 τὴν

2237 5071 2617 5154 ἀσχημοσύνην
2641 5085 2738 5155 τῆς
2759 5084 3010 5155 τοιαύτης
3035 5085 3187 5138 νόσου
3211 5103 3224 5147 ;
3271 5087 3429 5156 Ὁρᾷς
3457 5085 3522 5138 τά
3545 5086 3658 5138 τῶν
3683 5087 3794 5139 δαι-

2243 5174 2522 5244 μονώντων
2554 5176 2696 5246 πάθη
2741 5179 2850 5239 τοῖς
2881 5177 2983 5228 ὑπὸ
3013 5175 3182 5246 θυμοῦ
3227 5177 3652 5247 κεκρατημένοις
3681 5179 3802 5230 ἐπι-ι

2241 5267 2554 5336 φαινόμενα.
2607 5267 2828 5334 Λόγισαι
2873 5266 3188 5338 παράλληλα
3213 5266 3303 5320 τοῦ
3339 5285 3394 5320 τε
3427 5267 3678 5336 δαίμονος
3709 5271 3804 5322 καὶ

2237 5357 2330 5410 τοῦ
2364 5357 2533 5428 θυμοῦ
2577 5357 2646 5410 τὰ
2673 5357 3067 5430 συμπτώματα,
3097 5359 3188 5411 καὶ
3209 5357 3288 5422 τίς
3311 5360 3368 5410 ἐν
3393 5357 3600 5422 τούτοις
3629 5359 3664 5428 ἡ
3693 5359 3804 5412 δια·

2240 5451 2400 5520 φορά.
2447 5451 2720 5520 ’Ὑφαιμος
2766 5451 2857 5504 καὶ
2904 5451 3219 5521 διάστροφος
3269 5451 3372 5503 τῶν
3415 5451 3804 5520 δαιμονῶντων

2238 5541 2509 5612 ὀφθαλμὸς
2528 5581 2541 5605 ,
2575 5545 2887 5615 παράφορος
2928 5545 2959 5614 ή
2988 5543 3205 5612 γλῶσσα
3223 5585 3238 5608 ,
3264 5545 3431 5615 τραχὺ
3461 5543 3518 5595 τὸ
3551 5543 3802 5614 φθέγμα,

2239 5634 2384 5701 ὀξεῖα
2425 5635 2515 5688 καὶ
2562 5634 2839 5704 ὑλακώδης
2879 5637 2911 5706 ή
2956 5637 3126 5706 φωνή.
3165 5635 3332 5688 Κοινά
3355 5633 3524 5687 ταῦτα
3567 5636 3663 5688 καὶ
3703 5634 3804 5688 τοῦ

2240 5725 2409 5797 θυμοῦ
2455 5727 2546 5780 καὶ
2579 5725 2671 5780 τοῦ
2715 5727 2997 5796 δαίμονος,
3050 5727 3232 5789 κλόνος
3292 5725 3560 5796 κεφαλῆς,
3599 5725 3804 5795 χειρῶν

2239 5817 2538 5889 έμπληκτοι
2601 5821 2869 5889 κινήσεις,
2920 5819 3160 5890 βρασμὸς
3204 5819 3322 5870 ὅλου
3376 5816 3468 5870 τοῦ
3511 5816 3802 5887 σώματος,
