4018 6476
294 373 437 429 19.85

1311 372 1399 427 DE
1440 372 2038 428 BEXTlTUDINlBUS.
2068 372 2324 428 ORATIO
2355 373 2467 428 VII.

3381 375 3520 431 1286

288 489 510 544 ἄστατοι
558 488 743 551 πόδες,
792 489 889 559 μία
935 490 1041 542 τῶν
1077 490 1170 543 δύο
1199 494 1518 563 νοσημάτων
1561 498 1592 564 ἡ
1636 491 1723 546 διὰ
1753 492 1833 544 τῶι

1961 509 2023 548 ac
2064 494 2281 548 distorti
2323 510 2509 549 eorum
2546 493 2637 564 qui
2691 508 2719 547 a
2752 493 3019 548 dwmonio
3057 499 3325 548 vexantur
3370 494 3517 549 oeuli

284 582 541 636 τοιούτων
595 584 906 656 ὑπογραφή.
958 587 1224 640 Τοσοῦτον
1271 589 1430 659 μόνον
1483 589 1856 661 παρήλλακται

283 672 377 724 τοῦ
408 673 593 742 ἑτέρου
632 675 692 725 τὸ
723 676 907 745 ἕτερον
925 715 940 739 ,
965 678 1086 730 ὅσον
1107 679 1167 731 τὸ
1199 681 1295 749 μὲν
1326 680 1568 733 ἑκούσιον
1593 677 1727 734 εἶναι
1756 699 1855 734 κα-

284 763 399 819 κὸν.
434 763 495 815 τὸ
523 764 579 816 δὲ
616 764 924 836 ἀϐουλήτως
964 771 1323 839 προσπίπτειν
1354 766 1433 833 οἷς
1465 772 1529 825 ἂν
1560 773 1850 840 ἐγγίνεται.

282 853 357 905 Τὸ
402 852 458 904 δὲ
506 854 626 905 κατ’
678 855 811 909 ίδίαν
856 858 1030 929 όρμὴν
1076 862 1133 912 ὲν
1164 864 1413 933 συμφορᾷ
1450 863 1719 930 γενέσθαι,
1760 863 1852 915 τοῦ

284 946 435 1016 παρά
485 947 707 1017 γνώμην
759 949 984 1015 παθεῖν,
1039 953 1160 1004 ὅσον
1209 952 1562 1023 ἐλεινότερον;
1612 954 1718 1007 Kal
1754 955 1853 1024 τὴν

284 1037 383 1106 μὲν
415 1038 476 1089 ὲκ
504 1037 751 1107 δαίμονος
780 1040 931 1092 νόσον
957 1041 985 1091 ὁ
1018 1040 1137 1093 ἰδὼν
1170 1042 1384 1105 πάντως
1415 1042 1641 1112 ἠλέησεο
1672 1042 1767 1112 τὴν
1795 1042 1850 1094 δὲ

279 1129 346 1180 ὲκ
378 1128 549 1197 θυμοῦ
581 1132 924 1203 παραφορὰν,
968 1133 1102 1203 ὁμοῦ
1132 1151 1189 1186 τε
1220 1133 1356 1187 εἶδεν
1386 1136 1479 1188 καὶ
1520 1137 1846 1206 ἐμιμήσατο,

280 1220 483 1290 ζημίαν
539 1223 802 1291 ὲκκρίνων
863 1224 921 1277 τὸ
977 1225 1050 1294 μὴ
1107 1226 1537 1295 ὑπερϐάλλεσθαι
1597 1226 1676 1296 τῷ
1727 1224 1846 1279 καθ’

278 1312 468 1363 ἑαυτὸν
515 1312 673 1365 πάθει
720 1314 809 1364 τὸν
850 1316 1277 1385 προνοσήσαντα,
1311 1317 1418 1368 Kal
1455 1319 1482 1369 ὁ
1517 1318 1613 1386 μὲν
1640 1317 1846 1387 δαίμων

278 1403 549 1472 στρεϐλῶν
575 1404 669 1456 τοῦ
698 1406 975 1474 ὲμπαθοῦς
1015 1406 1072 1458 τὸ
1116 1407 1293 1477 σῶμα,
1335 1408 1522 1478 μέχρις
1555 1409 1759 1461 ἐκείνου
1786 1410 1845 1462 τὸ

278 1493 451 1546 κακὸν
498 1494 696 1563 ἵστησι,
743 1495 881 1547 κατά
915 1496 1006 1547 τοῦ
1054 1497 1211 1567 ἀέρος
1243 1498 1363 1566 είκῆ
1393 1497 1720 1570 διαρρίπτων
1753 1499 1841 1553 τοῦ

278 1586 578 1655 μεμηνότος
622 1588 718 1648 τάς
763 1590 979 1657 χεῖρας*
1011 1589 1039 1639 ό
1062 1588 1118 1641 δὲ
1154 1588 1247 1641 τοῦ
1284 1588 1454 1658 θυμοῦ
1484 1589 1710 1659 δαίμων.
1745 1590 1843 1643 οὐκ

271 1677 450 1746 ἀργάς
479 1681 619 1729 ποιεῖ
639 1678 735 1741 τάς
766 1680 1005 1748 κινήσεις
1031 1678 1122 1731 τοῦ
1151 1679 1419 1749 σώματος.
1459 1680 1705 1734 Ἐπειδὰν
1733 1682 1842 1752 γὰρ

273 1770 617 1841 ἐπικρατήσῃ
655 1770 715 1821 τὸ
754 1770 945 1833 πάθος,
986 1772 1076 1823 καὶ
1112 1771 1384 1843 ὑπερζέσῃ
1410 1771 1470 1824 τὸ
1500 1772 1841 1842 περικάρδιον

1957 595 2083 639 sunt
2116 602 2129 636 :
2162 586 2347 655 lingua
2404 599 2667 653 praeceps,
2716 598 2906 652 aspera
2948 583 3181 651 loquela,
3232 589 3391 635 acuta
3453 598 3517 637 ac

1955 676 2170 730 latratui
2210 676 2406 730 similis
2446 690 2569 729 vox.
2606 674 2927 729 Communia
2973 674 3090 728 haec
3132 682 3243 727 tum
3278 674 3372 727 ira:
3402 682 3515 727 tum

1952 767 2205 828 daemoni,
2237 768 2519 836 quassatio
2550 767 2765 836 capitis.
2795 781 3051 820 manuum
3098 766 3278 820 stolidi
3309 773 3514 826 motus,

1952 860 2245 914 enncnssio
2280 867 2335 914 et
2363 859 2519 929 quasi
2549 859 2799 913 aestuatio
2844 858 3092 926 corporis
3128 857 3316 920 totius,
3351 857 3514 927 pedes

1951 951 2275 1012 instabiles,
2336 967 2443 1005 una
2502 951 2785 1019 utriusque
2840 950 3010 1003 morbi
3080 965 3175 1018 per
3246 949 3515 1017 ejusmodi

1949 1044 2252 1097 accidentia
2301 1042 2600 1111 descriptio
2642 1051 2746 1097 est.
2799 1041 3032 1095 Tantum
3086 1040 3351 1094 duntaxat
3389 1042 3513 1095 alte~

1950 1148 2068 1185 rum
2103 1132 2170 1185 ab
2200 1134 2372 1185 altero
2410 1132 2604 1191 variat.
2640 1131 2781 1200 quod
2814 1148 2980 1184 ttnutn
3015 1131 3230 1199 quidem
3264 1132 3512 1185 volunta-

1948 1223 2087 1275 rium
2128 1224 2329 1275 malum
2368 1230 2470 1283 est,
2522 1222 2750 1274 alterum
2797 1220 3002 1287 absque
3036 1220 3314 1273 voluntate
3362 1218 3509 1287 ipso-

1947 1328 2065 1365 rum
2112 1312 2309 1365 accidit
2348 1314 2401 1364 in
2441 1314 2642 1381 quibus
2701 1311 2937 1365 exsistit.
2985 1312 3051 1363 At
3096 1321 3299 1380 quanto
3346 1310 3510 1363 mise—

1946 1406 2174 1459 rabilius
2226 1414 2329 1465 est,
2386 1406 2430 1459 si
2495 1412 2690 1473 praeter
2742 1404 2908 1457 animi
2969 1405 3292 1458 sententiam
3348 1403 3508 1456 alicui

1944 1494 2222 1563 quidpiam
2254 1495 2488 1555 accidat,
2518 1510 2680 1562 quam
2723 1495 2767 1547 si
2801 1494 3025 1562 proprio
3053 1494 3256 1562 impetu
3286 1493 3337 1545 in
3366 1494 3510 1547 cala-

1944 1589 2183 1639 mitatetn
2239 1586 2480 1639 incidat?
2508 1602 2569 1639 ac
2619 1585 2864 1638 morbum
2896 1586 3110 1653 quidem
3154 1602 3216 1639 ex
3263 1584 3509 1639 daemone

1943 1678 2278 1731 accidentetn
2310 1679 2355 1731 si
2405 1678 2528 1746 quis
2561 1678 3021 1740 animadverterit,
3053 1692 3156 1729 non
3188 1685 3365 1745 potest
3397 1692 3506 1730 non

1944 1770 2191 1823 miserari
2226 1788 2239 1823 :
2273 1785 2337 1824 ex
2384 1771 2462 1822 ira
2496 1786 2622 1824 vero
2655 1770 3055 1838 provenientetn
3095 1770 3401 1822 vecordiam
3430 1769 3507 1823 si-

273 1856 413 1927 αἷμα
461 1861 557 1931 τῆς
591 1839 870 1929 μελαίνης
926 1862 1115 1931 χολῆς,
1165 1839 1239 1925 ὥς
1285 1839 1475 1931 φασιν,
1506 1839 1582 1917 ἐκ-
1608 1839 1710 1933 τῆς
1746 1865 1833 1917 θυ-

1943 1861 2051 1912 tnttl
2094 1870 2255 1929 atque
2286 1861 2437 1922 vidit,
2484 1861 2746 1921 imitatur,
2790 1860 2988 1912 damno
3024 1859 3125 1912 sibi
3176 1862 3403 1921 ducens,
3455 1860 3505 1914 si

275 1950 486 2018 μώδους
561 1951 851 2017 διαθέσεως
928 1953 1210 2023 ἁπανταχῇ
1270 1954 1709 2023 κατασπαρείσης
1762 1954 1840 2024 τῷ

273 2042 505 2112 σώματι,
538 2043 657 2095 τότε
687 2043 790 2094 ὑπὸ
811 2043 920 2095 τῶν
943 2043 1148 2095 ἔνδοθεν
1180 2042 1600 2112 συνθλιϐομένων
1628 2044 1835 2111 ἀτμῶν,

270 2138 677 2205 στενοχωρεῑται
717 2136 886 2188 πάντα
922 2136 988 2188 τὰ
1022 2136 1149 2204 περὶ
1179 2135 1276 2204 τὴν
1311 2135 1549 2206 κεφαλὴν
1582 2135 1841 2205 αἰσθητή-

274 2243 363 2295 ρια
385 2242 397 2257 ο
434 2226 697 2293 ὀφθαλμοὶ
740 2226 835 2295 μὲν
870 2226 971 2277 ὑπὸ
1004 2227 1101 2297 τὴν
1131 2225 1239 2278 τῶν
1268 2226 1547 2297 βλεφάρων
1571 2244 1835 2299 περιγρα-

266 2318 375 2387 φὴν
399 2315 740 2379 ἐξωθοῦνται,
775 2316 1010 2386 ὕφαιμόν
1035 2335 1086 2369 τι
1117 2319 1209 2370 καὶ
1232 2318 1594 2388 δρακοντῶδες
1621 2319 1754 2390 πρὸς
1778 2318 1837 2371 τὸ

265 2409 469 2463 λυποῦν
514 2410 844 2473 ἀτενίζοντες
867 2428 882 2442 ο
914 2410 1233 2479 ἄσθματιδὲ
1271 2412 1339 2465 τὰ
1372 2412 1650 2481 σπλάγχνα
1682 2411 1835 2465 συνέ-

265 2517 418 2568 χεται
443 2516 455 2528 ·
487 2500 739 2552 διοίσουσι
760 2500 815 2553 δὲ
851 2501 991 2555 κατά
1016 2502 1108 2555 τοῦ
1144 2501 1366 2571 αὐχένος
1397 2504 1451 2556 αἱ
1486 2502 1699 2571 φλέϐες,
1741 2508 1834 2557 καὶ

265 2593 297 2660 ἡ
351 2592 567 2659 γλῶσσα
608 2592 903 2661 παχύνεται
925 2609 939 2622 ³
984 2594 1132 2663 καὶὴ
1165 2593 1315 2664 φωνὴ
1350 2596 1709 2665 στενουμένης
1736 2596 1834 2664 τῆς

260 2681 532 2752 ἀρτηρίας
577 2682 836 2745 ἑκουσίως
871 2681 1148 2746 ὀξύνεταιο
1178 2684 1271 2736 καὶ
1310 2684 1377 2737 τὰ
1402 2684 1552 2754 χείλη
1602 2688 1665 2755 τῇ
1700 2685 1831 2737 ὑπο-

268 2773 448 2841 σπορᾷ
477 2772 573 2841 τῆς
602 2771 809 2841 ψυχρᾶς
838 2772 1049 2842 ἐκείνης
1083 2774 1242 2845 χολῆς
1272 2776 1539 2845 πήγνυται
1569 2776 1658 2828 καὶ
1682 2793 1832 2846 περι-

269 2861 614 2930 μελαίνεται,
662 2863 753 2915 καὶ
788 2862 1079 2934 δυσκίνητα
1136 2866 1342 2933 γίνεται
1379 2867 1511 2935 πρὸς
1559 2866 1659 2937 τὴν
1693 2866 1831 2920 κατὰ

264 2954 426 3022 φύσιν
458 2954 739 3025 διαστολὴν
787 2957 880 3009 καὶ
908 2957 1186 3026 ὲπίμυσιν,
1221 2958 1296 3020 ώς
1328 2958 1459 3027 μηδὲ
1487 2957 1575 3011 τὸν
1605 2957 1829 3010 πτύελον

256 3049 321 3098 ἐν
347 3046 423 3115 τῷ
462 3047 688 3115 στόματι
738 3046 1097 3110 πλεονάζοντα
1145 3051 1495 3121 περικρατεῖν
1532 3049 1826 3113 δύνασθαι,

262 3137 403 3191 ἀλλά
460 3139 803 3191 συνεκϐαλεῖν
864 3143 972 3203 τοῖς
1026 3142 1263 3211 ῥήμασι,
1322 3140 1414 3194 τοῦ
1474 3141 1825 3212 βεϐιασμένου
1854 3164 1895 3221 c

262 3228 501 3295 φθόγγου
542 3229 632 3281 τὸν
676 3229 846 3299 ἀφρὸν
892 3230 1315 3299 παραπτύοντος.
1354 3232 1485 3284 Τότε
1513 3233 1690 3284 τοίνυν
1736 3233 1827 3285 καὶ

262 3320 364 3381 τὰς
399 3324 582 3390 χεῖρας
613 3320 755 3373 ἔστιν
794 3323 916 3373 ίδεῖν
950 3302 1373 3393 ἀνακινουμένας
1404 3324 1507 3377 ὑπὸ
1527 3324 1624 3393 τῆς
1650 3324 1825 3382 νόσου.

266 3412 363 3463 καὶ
394 3413 519 3475 τοὺς
542 3412 706 3475 πόδας
736 3413 993 3475 ὡσαύτως
1012 3430 1024 3442 ’
1049 3416 1275 3467 κινεῖται
1300 3414 1441 3468 δὲτὰ
1471 3415 1603 3486 μέλη
1632 3416 1823 3479 ταῦτα,

259 3503 443 3555 οὐκέτι
479 3503 653 3573 μάτην
675 3544 688 3566 ,
720 3504 969 3576 καθάπερ
1001 3507 1092 3558 ἐπὶ
1125 3506 1232 3557 τῶν
1259 3506 1635 3576 δαιμονώντων
1676 3507 1826 3575 γίνε-

255 3611 371 3656 ται,
405 3594 516 3647 ἀλλ’
552 3596 642 3648 ἐπὶ
684 3595 835 3666 κακῴ
867 3596 973 3649 τῶν
1002 3598 1247 3667 ἀλλήλοις
1280 3598 1366 3651 διὰ
1383 3598 1482 3667 τῆς
1503 3598 1657 3652 νόσου
1684 3616 1825 3669 συμ-

263 3685 636 3754 πλεκομένων.
675 3687 848 3749 Εὐθὺς
890 3687 995 3757 γὰρ
1026 3688 1160 3758 πρὸς
1188 3689 1252 3740 τὰ
1285 3690 1469 3760 καίρια
1489 3689 1599 3743 τῶν
1637 3690 1825 3762 αἰσθη-

256 3776 463 3846 τηρίων
486 3780 544 3829 αἱ
569 3778 736 3847 ὁρμαὶ⁵
776 3779 882 3830 τῶν
909 3780 1167 3849 ἀλλήλους
1199 3780 1539 3851 πληττόντων
1564 3783 1820 3849 γίνονται.

255 3868 322 3920 Εἰ
346 3868 400 3920 δέ
431 3886 532 3920 που
568 3870 911 3941 προσεγγίσει
944 3873 1001 3923 ἐν
1035 3875 1099 3941 τῇ
1143 3872 1424 3943 συμπλοκῇ
1467 3874 1526 3925 τὸ
1551 3874 1722 3943 στόμα
1746 3874 1823 3943 τῷ

256 3958 507 4029 σώματι,
555 3960 674 4012 οὐδὲ
712 3962 759 4013 οἱ
808 3960 1016 4023 ὀδόντες
1072 3962 1339 4031 ἄπρακτοι
1395 3963 1661 4032 μένουσιν,
1708 3964 1820 4017 ἀλλ’

250 4051 553 4121 ἐμφύονται
580 4051 766 4123 θηρίου
799 4053 953 4123 δίκην
979 4046 1059 4115 οἷς
1089 4054 1153 4106 ἂν
1186 4053 1552 4123 ἐμπελάσωσι.
1590 4055 1699 4108 Καὶ
1738 4056 1823 4119 τίς

249 4146 322 4199 ἂν
362 4146 431 4198 τὰ
478 4146 593 4198 καθ’
628 4148 851 4199 ἕκαστον
895 4147 1036 4198 εἴποι
1088 4146 1264 4207 κακά,
1296 4147 1396 4199 ὅσα
1426 4148 1488 4199 ὲκ
1516 4145 1610 4199 τοῦ
1650 4147 1819 4217 θυμοῦ

250 4239 352 4305 τὴν
392 4236 602 4303 γένεσιν
649 4237 789 4305 ἔχειζ
834 4238 890 4289 Ὀ
922 4237 1097 4289 τοίνυν
1149 4235 1370 4289 κωλύων
1419 4237 1517 4307 τὴν
1568 4238 1822 4308 τοιαύτην

246 4327 636 4395 ἀσχημοσύνην
659 4368 670 4387 ,
700 4327 919 4390 εἰκότως
954 4328 1018 4381 ἂν
1053 4327 1384 4397 μακαριστός
1414 4344 1471 4379 τε
1499 4330 1591 4381 καὶ
1620 4330 1816 4399 τίμιος,

243 4420 317 4469 ὲκ
355 4418 453 4486 τῆς
506 4418 763 4488 μεγίστης
808 4418 1121 4487 εὐεργεσίας
1168 4420 1500 4489 ὀνομάζοιτο.
1542 4421 1601 4472 Ei
1647 4419 1754 4490 γὰρ
1791 4423 1818 4473 ό

1941 1969 2042 2008 suo
2071 1955 2263 2009 morbo
2286 1971 2394 2008 non
2420 1956 2760 2023 superaverit
2791 1969 2913 2007 eum
2947 1952 3037 2022 qui
3070 1952 3218 2021 prior
3239 1960 3504 2021 aegrotare

1939 2050 2181 2116 cmperit.
2219 2048 2295 2099 Ac
2330 2048 2537 2100 daemon
2566 2046 2783 2114 quidem
2829 2053 3090 2113 torquens
3120 2044 3338 2097 obnoxii
3378 2057 3503 2097 ror-

1939 2153 2060 2206 pus.
2096 2139 2323 2192 ulterius
2361 2138 2560 2190 malum
2592 2152 2697 2189 non
2744 2134 2988 2189 extendit
3036 2149 3196 2201 quam
3234 2141 3291 2186 ut
3322 2132 3374 2186 in
3406 2148 3500 2186 ac-

1940 2246 2051 2283 retn
2100 2228 2302 2284 frustra
2361 2230 2589 2282 furentis
2636 2242 2827 2281 manus
2876 2225 3146 2293 disjiciat:
3205 2224 3501 2277 iracundiae

1938 2340 2066 2377 vero
2102 2324 2309 2378 dtetnou
2361 2339 2467 2376 non
2524 2323 2709 2375 irritos
2766 2320 3013 2389 corporis
3074 2318 3235 2374 ellicit
3292 2327 3495 2372 motus.

1935 2415 2067 2468 Cum
2096 2415 2239 2468 enim
2277 2413 2610 2483 perturbatio
2640 2412 3001 2478 prtevaluerit,
3027 2418 3079 2465 et
3105 2410 3329 2480 sanguis
3351 2410 3498 2463 circa

1936 2523 2031 2561 eor
2057 2521 2219 2573 supra
2256 2504 2472 2559 modum
2508 2504 2838 2565 elferbuerit,
2881 2504 3033 2573 nigra
3067 2502 3194 2565 bile,
3234 2509 3292 2554 ut
3321 2501 3495 2565 aiunt,

1932 2614 1998 2652 ex
2044 2598 2303 2651 iracunda
2360 2596 2643 2651 affectione
2688 2611 2784 2665 per
2822 2603 2992 2649 totum
3047 2608 3245 2662 corpus
3278 2592 3497 2654 ditiusa,

1935 2700 2062 2743 tunc
2096 2704 2203 2759 pne
2231 2688 2600 2742 coarctatione
2640 2702 2899 2755 vaporum
2936 2686 3271 2737 internarum
3315 2682 3498 2736 omnia

1934 2792 2192 2829 sensuum
2232 2789 2356 2827 vasa
2409 2774 2553 2826 circa
2604 2779 2768 2840 caput
2814 2772 2865 2823 in
2917 2778 3207 2840 angustum
3254 2768 3501 2839 redigun-

1934 2874 2062 2932 tur;
2092 2866 2234 2918 oculi
2267 2865 2484 2933 quidem
2532 2863 2673 2917 ultra
2721 2863 3098 2931 palpebrarum
3145 2862 3340 2915 limites
3377 2876 3498 2929 pro-

1934 2958 2243 3017 lrnduntur,
2274 2955 2573 3023 sanguineo
2606 2953 2839 3022 quodam
2883 2967 2946 3006 ac
2975 2953 3268 3005 draconico
3299 2952 3495 3006 obtutu

1933 3052 1984 3105 in
2024 3052 2072 3103 id
2114 3047 2257 3117 quod
2289 3046 2534 3109 oll‘endit,
2588 3045 2780 3099 intenti
2814 3063 2827 3099 :
2858 3045 3065 3097 viscera
3102 3052 3281 3097 autem
3326 3044 3495 3098 anlte-

1932 3141 2026 3193 litu
2058 3146 2405 3193 coarctantur
2450 3145 2611 3205 atque
2643 3142 2983 3204 premuntur,
3031 3133 3401 3187 intumescunt
3438 3133 3493 3187 in

1929 3229 2073 3284 collo
2104 3243 2286 3289 vente;
2336 3228 2516 3296 lingua
2550 3224 2780 3279 eﬂieitnr
2821 3240 3037 3289 crassa;
3072 3240 3194 3285 vox,
3234 3224 3284 3276 in
3322 3240 3493 3293 angn-

1928 3332 2072 3376 stutn
2106 3320 2323 3375 redacta
2375 3324 2593 3380 arteria,
2638 3326 2830 3387 sponte
2871 3332 2969 3371 sna
3009 3315 3252 3371 redditur
3291 3326 3491 3381 acuta;

1929 3414 2067 3467 labia
2111 3412 2408 3468 sull‘usione
2453 3410 2663 3481 frigida:
2704 3410 2849 3463 illitts
2901 3408 3024 3461 bilis
3065 3408 3221 3478 quasi
3262 3422 3495 3462 concre-

1927 3510 2086 3559 scunt
2123 3511 2177 3556 et
2217 3501 2596 3570 congelantur,
2648 3498 3037 3568 obnigrescunt
3090 3504 3254 3566 atque
3302 3504 3489 3566 torpe-

1926 3604 2087 3653 scunt
2113 3595 2178 3649 ad
2220 3594 2517 3648 naturalem
2560 3592 2963 3646 distinctionem
3009 3597 3062 3645 et
3093 3589 3484 3651 occlusionem,

1925 3696 1983 3741 ut
2012 3703 2079 3741 ne
2123 3685 2350 3741 salivam
2384 3684 2601 3751 quidem
2631 3684 2685 3736 in
2730 3697 2825 3737 ore
2874 3679 3267 3735 redundantem
3310 3680 3487 3734 couti-

1924 3795 2053 3834 nere
2086 3780 2316 3848 possint,
2354 3776 2449 3831 sed
2481 3791 2585 3829 una
2615 3791 2737 3828 cum
2772 3772 2953 3827 verbis
2993 3772 3262 3832 emittant,
3292 3781 3487 3824 eoat-to

1931 3886 2070 3925 sono
2116 3883 2362 3936 spumam
2424 3867 2585 3920 simul
2640 3876 2956 3935 exspuenle.
3020 3862 3172 3917 Tunc
3226 3862 3389 3933 igitur
3433 3872 3488 3916 et

1924 3978 2116 4015 manus
2162 3968 2212 4014 et
2248 3960 2410 4029 pedes
2454 3958 2638 4011 itidem
2667 3971 2776 4025 pt-ze
2822 3956 3013 4009 morbo
3043 3957 3246 4008 moveri
3303 3955 3485 4009 vidt-re

1924 4056 2066 4108 licet.
2118 4052 2398 4106 Moventur
2431 4060 2608 4103 autem
2652 4049 2766 4103 haec
2798 4049 3039 4102 membra
3088 4064 3195 4101 non
3227 4048 3339 4117 jam
3370 4064 3487 4101 am-

1923 4146 2063 4214 plius
2101 4144 2321 4208 frustra,
2355 4140 2805 4210 quemadmodum
2850 4137 2907 4192 fit
2958 4140 3010 4192 in
3068 4140 3135 4193 iis
3164 4141 3257 4210 qui
3309 4154 3337 4193 a
3373 4140 3483 4193 dm-

1922 4250 2081 4289 mone
2108 4243 2391 4295 vexantur,
2424 4233 2517 4288 sed
2560 4234 2613 4287 in
2650 4234 2940 4302 pernicietn
2979 4247 3167 4285 eorum
3216 4233 3306 4303 qui
3343 4234 3481 4287 inter

1921 4343 1978 4382 se
2008 4344 2100 4397 per
2129 4327 2377 4380 morbum
2431 4326 2751 4395 conﬂigunt.
2805 4325 3064 4379 Protinus
3106 4326 3251 4380 enim
3289 4326 3482 4379 adver-

1924 4437 2021 4475 sus
2061 4422 2311 4475 sensoria
2348 4420 2547 4474 ictibus
2574 4429 2877 4489 opportuna
2908 4436 2965 4473 se
2992 4420 3220 4473 invicem
3259 4420 3482 4488 pulsan-

245 4510 569 4579 σωματικῆς
607 4526 749 4571 τινος
786 4510 977 4579 ἀηδίας
1001 4512 1237 4583 χωρίσας
1268 4512 1358 4563 τὸν
1395 4511 1707 4583 ἄνθρωπον,
1732 4512 1813 4564 τί-

1935 4514 2050 4565 inm
2088 4512 2320 4580 impetus
2366 4510 2634 4565 feruntur.
2685 4510 2836 4574 Quod
2885 4510 2930 4566 si
2966 4509 3105 4564 forte
3143 4525 3205 4563 os
3245 4508 3297 4562 in
3334 4525 3483 4563 eon—

248 4616 375 4670 μιος
422 4600 510 4653 διὰ
542 4600 639 4665 τῆς
675 4601 925 4671 τοιαύτης
968 4604 1208 4665 εὐποιῖας
1239 4604 1383 4655 ⁶ἐστί·
1418 4603 1566 4671 πόσῳ
1620 4603 1817 4672 μᾶλλον

1935 4605 2061 4658 lictu
2096 4603 2312 4672 corpori
2354 4602 2893 4671 appropinquaverit.
2943 4617 3009 4656 ne
3039 4602 3230 4656 dentes
3260 4602 3477 4671 quidem

242 4695 273 4743 ό
301 4692 400 4759 τὴν
427 4690 601 4762 ψυχὴν
625 4692 723 4763 τῆς
751 4694 904 4746 νόσου
932 4694 1133 4765 ταύτης
1161 4695 1546 4768 ἐλευθερώσας,
1568 4698 1643 4761 ὡς
1666 4702 1818 4771 εὐερ-

1935 4696 2073 4749 ιιίοεί
2119 4702 2359 4754 manent,
2402 4694 2495 4747 sed
2543 4692 2669 4745 fera:
2704 4692 2757 4744 itt
2801 4690 3017 4744 modum
3061 4693 3127 4747 iis
3170 4708 3289 4761 quae
3326 4692 3479 4745 inva-

242 4783 413 4853 γέτης
441 4784 532 4836 τοῦ
564 4784 677 4853 βίου
712 4786 862 4856 παρά
892 4790 1002 4851 τοῖς
1029 4788 1152 4842 νοῦν
1182 4789 1362 4859 ἔχουσι
1394 4792 1810 4863 νομισθήσεταις

1939 4785 2081 4838 erint
2151 4784 2533 4838 inlnerescunt.
2598 4781 2663 4834 Et
2718 4783 2841 4850 quis
2905 4781 3212 4851 singulatim
3294 4781 3477 4836 omnia

247 4875 413 4927 Ὅσον
449 4876 554 4948 γὰρ
582 4878 859 4947 κρείττων
892 4882 924 4950 ἡ
960 4880 1103 4951 ψυχὴ
1135 4882 1229 4934 τοῦ
1262 4882 1509 4953 σώματος
1531 4924 1545 4944 ,
1578 4885 1813 4956 τοσούτῳ

1935 4882 2073 4942 nala,
2119 4896 2238 4948 qua:
2278 4895 2339 4932 ex
2393 4880 2469 4931 ira
2506 4879 2851 4947 proveniunt,
2899 4894 3219 4933 enumerare
3264 4882 3480 4949 possit?

237 4963 566 5036 τιμιώτερος
618 4966 724 5019 τῶν
780 4968 849 5020 τὰ
904 4968 1128 5040 σώματα
1178 4970 1585 5043 θεραπευόντων
1638 4977 1666 5027 ὁ
1713 4976 1811 5040 τὰς

1935 4976 2018 5043 lui
2075 4978 2239 5045 igitur
2293 4975 2542 5044 prohibet
2600 4974 2871 5043 ejusmodi
2923 4976 3346 5045 turpitudinem,
3404 4978 3475 5029 ob

236 5054 419 5122 ψυχάς
446 5055 756 5125 ἐξιώμενος.

1935 5072 2206 5126 naximum
2254 5070 2573 5124 henelicinm
2624 5069 2747 5138 jure
2790 5070 2977 5125 beatus
3030 5081 3082 5124 et
3129 5070 3477 5125 honorandus

241 5151 637 5206 nominabitur.
672 5151 803 5206 Nam
850 5153 896 5207 si
939 5154 985 5209 is
1015 5155 1105 5224 qui
1138 5155 1346 5226 aliqua
1384 5172 1646 5227 corporea
1714 5165 1959 5221 molestia
2019 5166 2289 5220 hominem
2345 5166 2651 5219 liberaverit
2694 5166 2992 5219 honoratus
3069 5166 3138 5217 ob
3208 5164 3476 5233 ejusmodi

241 5243 566 5297 beneﬁcium
600 5253 702 5309 est,
750 5255 953 5314 quanto
1008 5249 1181 5317 magis
1236 5251 1281 5303 is
1327 5251 1418 5319 qui
1466 5253 1704 5307 animum
1752 5258 1820 5310 ab
1860 5259 1962 5313 hoc
1988 5258 2175 5312 morbo
2211 5258 2539 5322 liberaverit,
2566 5273 2663 5327 pro
2695 5257 3035 5311 henel'actore
3075 5258 3197 5309 vita:
3261 5271 3289 5308 a
3350 5271 3475 5309 cor-

236 5340 385 5392 datis
427 5338 740 5396 hominibus
777 5342 1104 5397 habebitur?
1154 5344 1368 5409 Quanto
1441 5348 1585 5401 enim
1632 5351 1846 5408 animus
1922 5370 2146 5424 corpore
2195 5355 2538 5423 praestantior
2575 5363 2678 5416 est,
2727 5362 2877 5406 tanto
2924 5352 3094 5421 magis
3138 5352 3233 5420 qui
3280 5350 3476 5405 anituis

237 5429 585 5493 tnedetur,iis
610 5434 700 5501 qui
724 5449 949 5505 corpora
987 5446 1201 5501 curant,
1222 5439 1571 5495 honorandus
1600 5454 1702 5495 est.

313 5526 419 5580 Kal
454 5527 640 5596 μηδεὶς
669 5529 863 5582 οἰέσθω
887 5530 995 5583 τῶν
1026 5534 1090 5585 ὲκ
1131 5531 1225 5584 τοῦ
1268 5533 1454 5603 μίσους
1486 5536 1808 5606 ἐνεργουμέ-

236 5634 345 5669 νων
388 5617 592 5682 κακῶν,
642 5619 739 5690 τὴν
783 5622 921 5674 κατὰ
948 5624 1042 5676 τὸν
1073 5623 1241 5694 θυμὸν
1285 5625 1474 5694 ἀηδίαν
1503 5626 1709 5679 οἴεσθαί
1739 5646 1804 5697 με

237 5708 625 5781 χαλεπωτάτην
668 5709 822 5766 εἶναι.
873 5717 1031 5768 Δοκεῖ
1077 5735 1163 5787 μοι
1208 5718 1267 5769 τὸ
1308 5718 1448 5770 κατά
1488 5719 1579 5770 τὸν
1616 5720 1805 5787 φθόνον

239 5804 338 5853 καὶ
381 5803 480 5871 τὴν
528 5804 810 5874 ὑπόκρισιν
862 5808 1031 5871 πάθος
1079 5810 1257 5882 πολλῷ
1287 5810 1660 5881 χαλεπώτερον
1710 5812 1803 5864 τοῦ

1984 5534 2059 5588 Ae
2097 5549 2254 5588 nemo
2281 5535 2577 5589 arbitretur
2616 5549 2699 5587 me
2738 5533 2833 5586 ine
2884 5532 3335 5601 injucunditatem
3376 5548 3473 5588 eo-

1913 5642 2031 5679 rum
2069 5628 2361 5690 malorum,
2396 5643 2515 5694 qua:
2545 5643 2607 5681 ex
2644 5626 2771 5679 odio
2799 5623 3175 5689 designantur,
3214 5625 3475 5693 gravissi-

1914 5736 2053 5772 mam
2094 5728 2146 5773 et
2182 5720 2578 5773 atrocissimam
2620 5728 2832 5786 putare.
2884 5715 3112 5771 Videtur
3159 5719 3304 5772 enim
3340 5716 3475 5771 mihi

1914 5812 2125 5865 invidi-.e
2153 5821 2314 5881 atque
2346 5810 2710 5865 simulationis
2735 5810 2924 5865 vitium
2957 5818 3257 5865 memorato
3285 5809 3477 5865 morbo
