4018 6526
565 399 701 454 ἱίὶδἹ

1803 391 1872 448 S.
1911 388 2236 447 GREGORII
2275 390 2568 449 NYSSEM

3657 402 3786 458 1288

562 515 735 570 multo
766 516 986 587 gravius
1013 529 1160 582 esse,
1208 520 1413 584 quanto
1441 513 1714 569 occultum
1742 513 1942 568 malum
1968 515 2122 569 etiam

2236 517 2690 586 μνημονευθέντος
2731 513 2900 572 εἶναι·
2932 518 3037 588 ὅσῳ
3079 519 3172 572 καὶ
3202 517 3497 590 δεινότερον
3531 517 3626 571 τοῦ
3660 536 3788 590 προ-

563 619 753 678 aperto
788 607 1033 662 atrocius
1067 613 1172 661 est.
1209 605 1424 660 Etenim
1459 620 1525 659 ex
1559 605 1791 659 canibus
1827 619 1921 659 eos
1955 606 2127 675 magis

562 713 849 760 cavemus,
899 713 1129 768 quorum
1179 712 1356 766 neque
1402 699 1631 751 latratus
1668 696 1804 749 iram
1847 696 2126 766 praesigni-

562 789 691 843 licat
715 831 730 856 ,
764 805 938 858 neque
965 804 1031 843 ex
1065 788 1295 842 adverso
1327 789 1581 842 incursus
1612 793 1728 848 est,
1759 785 1853 840 sed
1883 786 1998 838 miti
2033 802 2128 856 pa-

560 881 696 934 riter
728 895 792 934 ac
826 888 1115 935 mansueto
1148 879 1334 934 habitu
1379 893 1488 932 non
1552 877 1908 946 praeﬁdentes
1951 891 2128 945 neque

559 972 1064 1042 circumspicientes
1117 987 1217 1027 nos
1265 972 1596 1027 observant:
1647 971 1752 1024 tale
1797 978 1881 1024 est
1915 968 2128 1025 invidiae

560 1071 723 1135 atque
755 1065 1122 1138 simulationis
1154 1064 1344 1119 vitium
1381 1063 1433 1116 in
1466 1063 1534 1119 iis
1565 1061 1763 1134 quibus
1794 1061 2127 1117 intrinsecus

559 1156 779 1227 quidem
809 1158 861 1212 in
899 1157 1170 1227 profundo
1204 1157 1388 1213 cordis
1420 1156 1605 1210 odium
1636 1155 1802 1211 veluti
1839 1156 1980 1225 ignis
2007 1155 2129 1225 qui-

561 1250 686 1303 dam
741 1250 978 1304 latenter
1032 1249 1296 1314 nutritur,
1349 1256 1610 1304 externus
1651 1261 1784 1301 vero
1831 1249 2014 1302 vultus
2061 1245 2128 1299 ad

559 1337 812 1392 amicitiae
861 1337 1262 1393 simulationem
1313 1337 1607 1407 eliingitur.
1659 1335 2127 1401 Quemadmodum

563 1437 744 1483 autem
795 1429 967 1499 ignis,
1022 1429 1067 1483 si
1103 1430 1205 1484 sub
1252 1429 1421 1498 paleis
1463 1428 1770 1483 occultatus
1817 1428 1922 1491 sit,
1970 1428 2128 1482 initio

558 1520 776 1587 quidem
838 1520 1085 1590 proxima
1148 1537 1378 1590 quaeque
1435 1520 1728 1575 cremando
1779 1521 2123 1590 corrumpit,

557 1609 773 1664 ﬂamina
809 1628 939 1665 vero
971 1612 1146 1681 palam
1182 1627 1290 1665 non
1322 1612 1522 1674 editur,
1562 1611 1655 1666 sed
1694 1610 1876 1666 fumus
1909 1611 2124 1681 quidem

556 1702 738 1770 gravis
765 1709 819 1754 et
847 1700 989 1755 aeris
1015 1700 1201 1755 odoris
1228 1701 1558 1755 intrinsecus
1591 1701 1854 1755 violenter
1879 1708 2128 1758 coarcta-

556 1798 647 1844 tus
679 1789 974 1853 evolvitur,
1029 1789 1175 1856 quod
1208 1789 1253 1843 si
1281 1790 1512 1858 aliquem
1545 1790 1730 1843 ﬂatum
1761 1798 2124 1859 permeantein

557 1888 753 1937 nactus
787 1880 984 1942 fuerit,
1023 1890 1154 1935 tunc
1181 1881 1236 1934 in
1265 1881 1468 1935 claram
1521 1881 1724 1950 pariter
1773 1888 1826 1934 et
1877 1887 2118 1949 apertam
2152 1862 2194 1918 Β

556 1971 828 2026 ﬂammam
878 1972 1196 2027 excitatur:
1251 1971 1435 2027 itidem
1495 1972 1700 2027 invidia
1756 1985 1978 2042 quoque
2029 1987 2124 2025 cor

557 2062 778 2132 quidem
801 2064 966 2118 veluti
995 2064 1270 2133 palearum
1295 2063 1582 2134 quemdam
1607 2079 1861 2118 acervum
1883 2062 2124 2118 conden-

559 2165 738 2209 satum
769 2154 910 2226 ignis
935 2155 990 2210 in
1021 2153 1240 2209 modum
1273 2154 1484 2226 peredit
1512 2163 1566 2210 et
1591 2155 1868 2219 absumit;
1897 2169 1960 2208 ac
1985 2168 2126 2208 mor-

557 2246 687 2302 bum
718 2246 939 2316 quidem
973 2262 1084 2316 prae
1119 2248 1327 2317 pudore
1361 2248 1630 2312 occultat,
1665 2262 1772 2302 non
1809 2255 1990 2302 tamen
2025 2261 2123 2316 pe-

559 2338 709 2392 nitus
775 2337 828 2391 in
872 2350 1190 2408 perpetuum
1231 2339 1493 2394 abscondi
1545 2346 1755 2408 potest,
1811 2338 1906 2394 sed
1957 2339 2122 2393 veluti

557 2425 740 2482 fumus
769 2428 988 2496 quidam
1023 2428 1203 2498 gravis
1233 2437 1286 2483 et
1311 2428 1542 2483 acerbus
1564 2468 1579 2492 ,
1611 2429 1881 2483 acerbitas
1907 2428 2123 2482 invidia).

558 2519 616 2574 in
663 2520 888 2588 iisquae
925 2523 1072 2574 circa
1105 2521 1345 2574 habitum
1391 2521 1650 2575 accidunt
1689 2531 1932 2592 apparet.
1966 2522 2123 2588 Quod

557 2611 602 2667 si
670 2626 778 2682 qua
838 2613 1118 2668 calamitas
1183 2627 1305 2668 etim
1350 2614 1436 2667 cui
1491 2613 1775 2670 invidetur.
1829 2615 2122 2681 invaserit,

556 2709 690 2758 tunc
715 2703 859 2759 illius
884 2703 1127 2777 dolorem
1157 2704 1434 2774 voluptate
1454 2713 1616 2775 atque
1640 2706 1823 2760 laetitia
1849 2707 2125 2777 excipiens

559 2796 809 2850 morbum
863 2774 1066 2865 prodit.
1119 2797 1438 2851 lndicantur
1477 2774 1658 2852 autem
1698 2798 1907 2852 occult'a
1949 2774 2124 2853 morbi

558 2887 701 2941 mala
721 2926 736 2949 ,
773 2887 1016 2957 quandiu
1046 2889 1214 2944 latere
1242 2889 1476 2952 videtur,
1513 2903 1612 2960 per
1641 2895 1827 2958 aperta
1859 2889 2016 2958 signa
2044 2887 2124 2943 fa-

557 2979 680 3033 ciei.
710 2978 842 3045 Qua:
867 2981 1010 3034 enim
1037 2979 1446 3050 desperatorum
1477 2980 1658 3036 letalia
1682 2981 1836 3050 signa
1866 2989 2031 3046 sunt,
2059 2991 2122 3034 ea

560 3073 936 3138 saepenumero
966 3071 1019 3124 in
1066 3086 1130 3126 eo
1185 3072 1278 3140 qui
1326 3072 1529 3127 invidia
1591 3071 1931 3126 contabescit
1979 3071 2126 3127 exsi-

569 3169 742 3216 stunt.
780 3160 932 3216 Oculi
970 3162 1141 3224 aridi,
1163 3162 1305 3217 intra
1337 3163 1620 3234 palpebras
1648 3162 1859 3218 tabidas
1893 3171 1947 3217 et
1974 3173 2124 3219 exte-

558 3262 753 3307 nuatas
793 3253 1150 3319 recedentes;
1187 3256 1536 3324 supercilium
1577 3263 1964 3321 contractum;
1999 3267 2124 3309 ossa

556 3342 679 3396 loco
733 3344 980 3398 carnium
1039 3345 1449 3400 translucentia.
1515 3346 1583 3398 At
1641 3358 1888 3416 quaenam
1945 3345 2125 3400 morbi

555 3450 724 3489 causa
772 3436 901 3488 est?
945 3435 1102 3502 Quod
1146 3436 1317 3491 frater
1341 3437 1598 3491 nimirum
1623 3479 1638 3503 ,
1672 3437 1755 3492 vel
1787 3438 2124 3508 propinquus

556 3531 611 3577 et
640 3525 1022 3588 necessarius,
1055 3526 1139 3579 vel
1167 3526 1381 3581 vicinus
1429 3527 1482 3579 in
1517 3526 1682 3579 animi
1729 3527 2124 3597 tranquillitate

557 3630 623 3669 ac
651 3615 837 3669 laetitia
870 3617 1020 3669 vivit.
1059 3615 1102 3670 Ο
1140 3632 1309 3672 novas
1353 3617 1623 3686 injurias!
1677 3615 1905 3672 Crimini
1956 3617 2122 3679 dare.

557 3705 706 3777 quod
771 3721 879 3760 non
917 3707 1142 3762 adversa
1182 3707 1394 3762 fortuna
1440 3708 1782 3765 conﬂictetur
1829 3710 1920 3766 ille
1966 3711 2124 3776 cujus

559 3799 725 3853 rebus
755 3798 1012 3855 secundis
1041 3795 1185 3854 dolet
1210 3819 1224 3865 ;
1253 3817 1362 3855 non
1390 3816 1453 3856 ex
1481 3817 1546 3856 eo
1571 3802 1717 3872 quod
1746 3802 1814 3857 ab
1842 3803 1938 3856 illo
1966 3816 2124 3857 acce-

555 3889 697 3958 perit
747 3888 952 3958 aliquid
1002 3889 1325 3945 incommodi
1360 3890 1614 3960 injuriam
1670 3892 1981 3955 aestimans.
2026 3892 2120 3948 sed

555 3979 702 4050 quod
727 3979 817 4035 ille
842 3981 959 4036 sine
986 3981 1307 4051 cujusquam
1332 3982 1533 4052 injuria
1555 4024 1572 4050 ,
1597 3998 1664 4038 ex
1692 3982 1858 4037 animi
1886 3982 1968 4037 sui
1998 3997 2123 4038 seno

556 4071 726 4124 tentia
760 4069 941 4134 vivat,
972 4080 1025 4124 et
1056 4073 1110 4125 in
1157 4072 1321 4126 rebus
1361 4072 1620 4138 iucundis
1661 4080 1934 4128 versetur.
1979 4071 2119 4138 Quid

554 4175 751 4231 passus
799 4175 880 4224 es,
914 4160 1140 4216 infelix?
1180 4163 1412 4216 libenter
1443 4161 1670 4217 dixerim
1708 4165 1775 4220 ad
1808 4179 1953 4218 eum.
2004 4162 2122 4230 Qua

555 4261 778 4322 accepta
815 4252 1014 4321 injuria
1052 4253 1387 4317 extabescis,
1433 4255 1646 4310 acerbis
1677 4254 1853 4310 oculis
1898 4266 2120 4310 succes-

555 4359 651 4400 sus
689 4357 981 4414 prosperos
1012 4344 1263 4400 invidens
1295 4345 1504 4399 vicini?
1545 4344 1684 4411 Quid
1727 4346 1929 4408 habes,
1974 4343 2118 4416 quod

555 4435 624 4488 de
657 4449 720 4488 eo
751 4434 1153 4503 conqueraris?
1189 4434 1334 4504 quod
1367 4435 1586 4489 crimini
1616 4435 1713 4491 des
1739 4435 1762 4488 ?
1798 4436 1842 4490 si
1879 4435 1966 4490 ille
1995 4446 2120 4489 cor-

2225 608 2384 678 δήλου
2429 609 2488 662 τὺ
2537 611 2936 680 κεκρυμμένον.
2976 610 3085 663 Καὶ
3109 609 3216 680 γάρ
3238 610 3347 663 τῶν
3373 610 3552 664 κυνῶν
3573 609 3792 674 τούτους

2225 698 2387 752 πλέον
2414 699 2860 770 διευλαϐούμεθα,
2898 694 2971 754 ῶν
2997 700 3117 755 οὕτε
3144 701 3315 771 ὑλακὴ
3342 701 3430 753 τδν
3457 700 3631 771 θυμὸν
3663 717 3793 772 προ-

2229 789 2440 859 μηνύει,
2469 789 2590 843 οὕτε
2619 791 2759 844 κατὰ
2787 791 2846 844 τὸ
2877 794 3165 863 πρόσωπον
3187 792 3393 860 ἔφοδος,
3421 792 3536 846 ἀλλ’
3565 793 3788 863 εύπράφ

2224 897 2285 932 τε
2324 883 2416 933 καὶ⁸
2456 882 2647 953 ἡμέρῳ
2700 883 2777 954 τῷ
2823 885 3058 954 σχήματι
3109 885 3171 937 τὸ
3224 884 3562 956 ἀπροόρατόν
3608 901 3670 938 τε
3699 886 3789 939 καὶ

2226 971 2624 1042 ἀπερίσκεπτον
2679 974 2832 1045 ήμῶν
2877 976 3326 1044 ἐπιφυλάττουσι·
3374 977 3617 1030 τοιοῦτόν
3675 979 3786 1031 ἐστι

2225 1061 2287 1115 τὸ
2323 1062 2463 1116 κατὰ
2505 1064 2595 1117 τὸν
2641 1065 2830 1134 φθόνον
2873 1067 2966 1118 καὶ
3004 1067 3101 1138 τὴν
3147 1067 3430 1138 ὑπόκρισιν
3468 1069 3677 1134 πάθος,
3710 1065 3786 1134 οἷς

2227 1154 2432 1209 ἔνδοθεν
2466 1157 2562 1226 μὲν
2605 1159 2662 1209 ἐν
2689 1157 2768 1226 τῷ
2805 1157 2954 1228 βάθει
2995 1159 3092 1229 τῆς
3121 1159 3343 1231 καρδίας
3372 1161 3430 1214 τὸ
3460 1164 3652 1229 μῖσος,
3682 1159 3788 1216 οἷόν

2225 1264 2278 1300 τι
2315 1247 2424 1317 πῦρ
2469 1247 2608 1300 κατὰ
2651 1247 2712 1300 τὸ
2737 1248 2956 1320 λεληθὸς
3002 1249 3387 1321 ὕποτρέφεται,
3421 1251 3482 1304 τὸ
3513 1252 3573 1305 δὲ
3604 1253 3786 1322 φαινό-

2231 1357 2387 1410 μενον
2435 1343 2498 1411 τῇ
2542 1341 2828 1410 ὑποκρίσει
2864 1341 3395 1411 κατασχηματίζεται
3428 1344 3567 1413 πρὸς
3609 1344 3672 1397 τὸ
3706 1344 3788 1414 φί-

2225 1430 2336 1484 λον.
2386 1431 2595 1503 ’Ὠσπερ
2637 1431 2693 1486 δὲ
2721 1434 2769 1485 εί
2801 1432 2910 1504 πῦρ
2955 1433 3176 1503 ἀχύροις
3213 1433 3621 1505 ὑποκρυφθείη,
3656 1435 3788 1500 τέως

2230 1525 2328 1594 μὲν
2371 1519 2578 1576 ἔνδοθεν
2623 1523 2908 1595 διασμύχει
2940 1528 3004 1595 τῇ
3035 1525 3224 1577 καύσει
3266 1526 3331 1577 τὰ
3375 1526 3782 1596 παρακείμενα,

2227 1610 2358 1683 φλὸξ
2415 1612 2470 1666 δέ
2518 1614 2658 1666 κατὰ
2701 1614 2760 1667 τὸ
2806 1616 3123 1685 φαινόμενον
3167 1617 3266 1668 οὒκ
3309 1616 3610 1680 ἐκδίδοται,
3656 1618 3786 1672 ἀλλὰ

2226 1703 2422 1773 δριμύς
2464 1720 2550 1767 τις
2615 1705 2821 1768 καπνὸς
2885 1705 3068 1776 βιαίως
3123 1706 3330 1760 ἔνδοθεν
3377 1707 3788 1778 συνθλιϐόμενος

2222 1794 2591 1865 διεξέρχεταιο
2646 1798 2696 1849 εί
2753 1797 2810 1850 δέ
2857 1811 2998 1862 τινος
3051 1797 3188 1870 τύχῃ
3217 1799 3505 1870 δια-πνοῆς,
3543 1803 3667 1855 τότε
3712 1803 3791 1865 εἰς

2221 1886 2477 1957 λαμπράν
2517 1904 2574 1939 τε
2603 1887 2696 1940 καὶ
2720 1887 2939 1959 ἔκδηλον
2967 1888 3375 1960 ἀναρριπίζεται
3413 1893 3590 1961 φλόγα
3610 1909 3624 1923 ⁸
3650 1894 3790 1947 οὕτω

2224 1977 2318 2029 καὶ
2365 1977 2392 2029 ὁ
2440 1976 2630 2045 φθόνος
2655 1977 2874 2031 διεσθίει
2903 1979 3000 2049 μὲν
3033 1979 3243 2034 ἔνδοθεν
3268 1981 3363 2052 τὴν
3407 1983 3659 2055 καρδίαν,
3692 2001 3793 2039 τω-

2227 2066 2316 2138 ρὸς
2357 2066 2512 2130 δίκην
2552 2065 2664 2121 οἷον
2721 2067 2936 2140 ἀχύρων
2988 2071 3349 2142 πεπιλημένον
3382 2074 3503 2126 τινὰ
3529 2075 3790 2145 χημῶνα·

2223 2157 2318 2212 καὶ
2361 2159 2592 2230 κρύπτει
2637 2159 2735 2231 μὲν
2780 2160 2871 2214 ὑπ’
2914 2161 3174 2232 αἰσχύνης
3215 2165 3311 2234 τὴν
3345 2165 3518 2227 νόσον,
3569 2167 3632 2219 ού
3689 2167 3792 2236 μὴν

2223 2251 2444 2316 δυνατός
2477 2254 2622 2305 ἐστιν
2671 2253 2751 2316 είς
2786 2252 2850 2306 τὺ
2901 2254 3163 2317 παντελὲς
3195 2256 3599 2328 ἐπικρύψασθαι
3627 2276 3643 2290 ·

2222 2339 2332 2396 οἶόν
2363 2361 2446 2406 τις
2479 2343 2680 2406 καπνὸς
2715 2343 2911 2415 δριμὺς
2959 2345 3023 2397 ἐκ
3069 2343 3162 2398 τοῦ
3197 2347 3387 2414 φθόνου
3432 2349 3628 2417 πικρία
3683 2352 3791 2414 τοῖς

2223 2431 2348 2502 περὶ
2370 2432 2429 2484 τὸ
2460 2433 2644 2503 σχῆμα
2673 2433 3069 2504 συμπτώμασιν
3091 2435 3498 2504 ἐνδιαφαίνεται.
3531 2440 3597 2492 Ei
3619 2440 3680 2494 δέ
3709 2459 3790 2506 τις

2225 2521 2478 2592 συμφορά
2513 2521 2605 2575 τοῦ
2643 2523 3004 2593 φθονουμὲνου
3032 2526 3388 2597 προσάψαιτο,
3417 2531 3535 2582 τότε
3563 2535 3789 2602 φανεροὶ

2225 2614 2324 2682 τὴν
2349 2614 2522 2680 νόσον,
2567 2615 2625 2667 ἐν
2676 2614 2979 2688 εὐφροσύνῃ
3014 2634 3072 2669 τε
3107 2619 3198 2670 καὶ
3243 2620 3403 2690 ἡδονῇ
3436 2621 3534 2691 τὴν
3578 2623 3788 2676 ἐκείνου

2223 2702 2398 2774 λύπην
2427 2705 2763 2776 ποιούμενος.
2794 2710 3192 2780 Κατηγορεῖται
3233 2710 3290 2762 δὲ
3325 2712 3393 2764 τά
3436 2713 3652 2782 κρυπτά
3687 2714 3786 2767 τοῦ

2224 2794 2460 2860 πάθους,
2499 2795 2600 2860 ἓως
2642 2795 2708 2850 ἂν
2736 2797 3015 2852 λανθάνειν
3063 2799 3227 2871 δοκῇ,
3275 2799 3362 2852 διὰ
3395 2802 3499 2854 τῶν
3532 2802 3775 2873 φανερῶι

2223 2889 2532 2959 τεκμηρίων
2582 2888 2709 2960 περὶ
2749 2889 2810 2941 τὸ
2856 2889 3162 2960 πρόσωπον.
3207 2891 3287 2943 Τὰ
3320 2891 3429 2959 γὰρ
3457 2892 3784 2946 ἐπιθανάτια

2223 2977 2331 3030 τῶν
2365 2978 2796 3047 ἀπεγνωσμένων
2837 2981 3068 3048 σημεῖα,
3108 2976 3280 3032 ταῦτα
3330 2977 3422 3030 τοῦ
3455 2978 3543 3032 διά
3583 2979 3785 3047 φθόνου

2224 3067 2572 3138 ἐκτετεικότος
2596 3068 2852 3130 πολλάκις
2884 3067 3112 3136 γίνεται,
3148 3067 3408 3138 ὀφθαλμοὶ
3446 3067 3617 3139 ξηροὶ,
3647 3084 3788 3120 κατ-

2224 3160 2513 3231 εσκληκόσι
2527 3161 2636 3223 τοῖς
2661 3159 2944 3230 βλεφάροις
2966 3159 3618 3231 ἐγκοιλαινόμενοι,όφρίις
3634 3177 3784 3230 συμ-

2227 3255 2542 3306 πεπτιοκυία
2565 3291 2581 3316 ,
2629 3252 2788 3305 ὀστέα
2818 3251 2926 3314 τῶν
2978 3252 3194 3324 σαρκῶν
3231 3253 3288 3306 ἐν
3319 3253 3466 3323 τόπῳ
3501 3253 3784 3321 διαφαινό-

2229 3361 2384 3414 μενα,
2426 3343 2491 3396 Ἥ
2525 3343 2580 3396 δὲ
2614 3343 2760 3396 αἰτία
2788 3342 2886 3412 τῆς
2918 3343 3076 3396 νόσου
3103 3343 3188 3406 τίς
3214 3362 3229 3409 ;
3261 3343 3332 3395 Τὸ
3364 3345 3420 3396 ἐν
3447 3342 3647 3413 ἀθυμίᾳ
3680 3344 3783 3413 ζῇν

2225 3428 2526 3500 amcam
2555 3431 2770 3491 οἰκεῖον,
2798 3429 2830 3498 ἢ
2852 3426 3156 3498 γείτονα.Ὢ
3180 3430 3378 3483 καινῶν
3398 3430 3551 3498 ἁδικη
3561 3429 3779 3498 μάτωνῑ

2225 3522 2433 3594 Ἔγκλη
2442 3539 2518 3592 μα
2535 3515 2868 3574 ποιεῖσθαιτὸ
2877 3518 2948 3589 μὴ
2965 3517 3240 3589 δυστυχεῖν
3253 3513 3537 3578 ἐκεῖνον,οὗ
3557 3521 3678 3580 ταῖς
3702 3520 3785 3571 εὑ.

2224 3613 2481 3685 πραγίαις
2504 3611 2808 3680 ἁλγύνεται’
2831 3609 2930 3664 οὐκ
2950 3608 3009 3674 ἐξ
3031 3602 3105 3663 ὧν
3131 3608 3290 3670 αὐτός
3315 3625 3367 3660 τι
3397 3608 3628 3663 πέπονθε
3644 3610 3782 3679 παρ’

2225 3704 2386 3759 αὑτοῦ
2421 3703 2588 3757 κακὸν
2615 3703 2714 3773 τὴν
2743 3702 2955 3756 ἀδικίαν
2990 3700 3210 3772 κρίνων,
3245 3698 3354 3752 ἀλλ’
3383 3698 3443 3763 ἐξ
3467 3691 3541 3750 ὧν
3573 3699 3783 3761 ἐκεῖνος

2223 3795 2420 3849 ἀδικῶν
2440 3794 2611 3858 οὐδὲν,
2642 3796 2700 3848 ἐν
2721 3795 2834 3856 τοῖς
2855 3791 3210 3862 καταθυμίοις
3231 3789 3364 3843 ἐστί.
3393 3789 3456 3841 Τί
3482 3788 3781 3850 πέπονθας,

2221 3881 2267 3940 ῶ
2299 3885 2495 3939 δείλαιε
2521 3900 2536 3947 ;
2572 3883 2706 3954 πρὸς
2741 3882 2901 3937 αὐτὸν
2934 3882 3142 3952 εἴποιμι
3172 3881 3236 3934 ἄν
3261 3895 3275 3908 ⁸
3307 3879 3426 3932 ἀντὶ
3451 3878 3595 3940 τίνος
3624 3878 3786 3930 ἐκτέ-

2219 3993 2392 4047 τηκας
2416 4017 2430 4040 ,
2476 3974 2657 4046 πικρῷ
2682 3974 2757 4045 τῷ
2795 3972 3055 4042 ὀφθαλμῷ
3085 3971 3186 4035 τὰς
3216 3970 3512 4041 εὐπραγίας
3557 3969 3786 4022 ὑποϐλέ-

2221 4085 2338 4121 πων
2365 4067 2460 4121 τοῦ
2503 4067 2766 4135 γείτονος;
2815 4066 2879 4118 Τί
2907 4064 3158 4133 ἐγκαλεῖν
3189 4062 3362 4133 ἐχεις;
3397 4063 3461 4116 El
3501 4061 3784 4131 εὐπρεπὴς

2220 4161 2425 4223 ἐκεῖνος
2475 4159 2554 4230 τῷ
2596 4157 2844 4228 σώματι;
2893 4157 2956 4210 Εἰ
3003 4156 3143 4226 λόγῳ
3189 4155 3550 4224 κεκόσμηται;
3603 4152 3668 4206 Ei
3701 4152 3783 4222 τῷ

2219 4250 2365 4318 γένει
2389 4251 2448 4303 τὸ
2476 4249 2633 4304 πλέον
2661 4249 2801 4320 ﬁxa;
2833 4248 2898 4302 Εί
2923 4266 3068 4312 τινος
3091 4248 3265 4320 ἀρχῆς
3295 4247 3487 4309 ἐπιϐάς
3524 4246 3783 4316 λαμπρὸς

2223 4341 2315 4394 ἐπὶ
2347 4344 2445 4413 τῆς
2483 4341 2638 4406 ἀξίας
2683 4342 2918 4413 opacat;
2954 4339 3016 4393 ΕΞ
3062 4339 3354 4410 χρημάτων
3385 4337 3532 4408 αὐτῷ
3569 4354 3653 4401 τις
3691 4341 3785 4392 εὑο

2223 4434 2388 4504 πορία
2411 4433 2768 4504 προσγέγονεν
2792 4450 2807 4499 ;
2832 4433 2894 4485 Ei
2913 4432 3106 4502 σεμνὸς
3131 4432 3189 4485 ἐν
3212 4431 3388 4498 λόγοις
3415 4429 3502 4483 διὰ
3521 4430 3620 4501 τὴν
3647 4429 3784 4498 φρό-

555 4539 688 4594 pore
714 4524 948 4581 decorus
969 4567 984 4590 ,
1018 4525 1063 4580 si
1090 4525 1399 4594 eloquentia
1424 4535 1651 4582 ornatus
1680 4566 1694 4590 ,
1727 4527 1770 4582 si
1799 4530 1995 4597 genere
2021 4542 2116 4582 su-

2222 4541 2412 4597 νησιν;
2455 4524 2516 4577 Ei
2563 4523 2916 4595 περίϐλεπτος
2955 4526 3068 4586 τοῖς
3109 4522 3318 4585 πολλοῖς
3365 4521 3423 4588 ἐξ
3463 4522 3782 4593 εὐεργεσίας

553 4618 734 4687 perior
759 4626 876 4681 est,
905 4617 952 4672 si
980 4617 1164 4687 aliquo
1193 4619 1508 4688 magistratu
1540 4618 1674 4672 inito
1702 4618 2018 4688 splendidus
2047 4635 2111 4675 ac

550 4706 875 4776 magnificus
903 4706 958 4761 in
990 4707 1252 4780 dignitate
1277 4710 1631 4778 conspicitur.
1667 4710 1710 4765 si
1744 4710 1921 4779 aliqua
1951 4725 2115 4780 pecu-

553 4798 768 4852 niarum
823 4798 872 4852 ei
921 4800 1079 4869 cepia
1129 4801 1393 4865 accessit,
1439 4802 1483 4856 si
1519 4810 1737 4872 propter
1769 4803 2109 4872 prudentiain

552 4888 607 4942 in
641 4889 818 4942 verbis
853 4888 974 4958 ejus
1005 4891 1299 4946 auctoritas
1333 4892 1514 4955 inest,
1559 4891 1605 4946 si
1652 4899 1873 4962 propter
1914 4891 2113 4947 beneﬂ-

550 4981 694 5034 cium
727 4996 755 5034 a
788 4981 1134 5040 multitudine
1163 4983 1502 5046 observatur.
1555 4985 1602 5041 si
1647 4985 1717 5039 ob
1765 4986 1967 5040 liberos
2007 4984 2112 5039 sibi

549 5072 759 5143 placet,
794 5073 841 5128 si
876 5088 1046 5128 uxore
1072 5074 1392 5140 delectatur,
1441 5077 1488 5131 si
1533 5093 1599 5131 ex
1641 5077 1910 5132 reditibus
1937 5079 2114 5147 ﬁatque

553 5164 903 5232 proventibus
935 5164 1130 5218 domus
1180 5166 1463 5233 splendide
1509 5178 1670 5236 atque
1699 5169 1986 5238 magnifice
2034 5168 2117 5223 vi-

551 5257 729 5309 vendo
758 5258 1050 5321 clarescit,
1103 5273 1200 5312 cur
1250 5258 1363 5311 haec
1408 5259 1507 5312 tibi
1553 5268 1810 5328 tanquam
1861 5260 2114 5327 cuspides

551 5347 784 5400 telorum
817 5349 871 5401 in
911 5363 1007 5402 cor
1039 5349 1285 5403 incidunt
1313 5367 1327 5415 ;
1361 5350 1665 5418 coinplodis
1699 5351 1942 5418 palmas,
1973 5351 2112 5419 digi-

551 5447 637 5492 tos
667 5441 1006 5508 complicas;
1049 5441 1472 5511 cogitationibus
1513 5442 1766 5511 angeris;
1802 5459 1866 5497 ex
1903 5443 2113 5498 intimis

549 5529 864 5597 primordiis
897 5530 1102 5584 doloris
1134 5530 1492 5600 signiﬁcantia
1524 5531 1682 5586 ducis
1711 5533 1948 5602 suspiria
1977 5551 1992 5600 ;
2028 5534 2114 5587 in-

545 5619 824 5688 jucundus
855 5621 948 5675 tibi
977 5622 1249 5675 redituum
1271 5633 1434 5690 atque
1466 5630 1824 5690 proventuum
1860 5624 2070 5680 fruetus
2097 5643 2111 5688 ;

551 5715 744 5768 acerba
777 5727 1004 5779 mensa;
1037 5713 1192 5768 focus
1221 5714 1534 5779 subtristis;
1584 5723 1782 5783 paratae
1826 5730 1887 5770 ac
1927 5713 2112 5770 faciles

552 5819 709 5860 aures
743 5805 1183 5861 obtrectantibus
1226 5805 1274 5860 ei
1324 5806 1414 5876 qui
1451 5806 1687 5862 secunda
1735 5806 1948 5860 fortuna
1997 5816 2114 5858 ula-

2218 4613 2391 4678 ἐστίνς
2436 4613 2497 4666 Ei
2527 4613 2711 4667 παισὶν
2732 4611 3128 4681 ἐπαγάλλεταις
3164 4612 3224 4664 El
3251 4612 3458 4681 γαμετῇ
3491 4610 3781 4681 εὐφραίνει

2217 4721 2336 4769 ταις
2366 4705 2430 4756 El
2460 4706 2580 4766 ταῖς
2608 4703 2699 4756 τοῦ
2733 4704 2880 4756 οἴκου
2925 4703 3200 4774 προσόδοις
3236 4701 3610 4772 λαμπρύνεται
3635 4719 3650 4765 ;
3675 4702 3778 4754 Διὰ

2216 4795 2270 4847 τί
2304 4811 2384 4848 σοι
2423 4795 2596 4849 ταῦτα
2627 4795 2874 4865 καθάπερ
2921 4795 3105 4858 ἀκίδες
3135 4793 3301 4864 βελῶν
3326 4793 3468 4846 κατὰ
3497 4792 3599 4862 τῆς
3632 4810 3774 4860 καρ-

2217 4887 2336 4949 δίας
2379 4886 2739 4957 ἐμπίπτουσις
2785 4888 3110 4958 Συγκροτείς
3158 4885 3256 4950 τὰς
3308 4885 3598 4954 παλάμας·
3648 4886 3775 4950 τοὺς

2217 4975 2506 5039 δακτύλους
2549 4977 2905 5047 συμπλέκειςο
2961 4978 3247 5048 ἀδημονεῖς
3299 4979 3410 5038 τοῖς
3461 4975 3772 5044 λογισμοῖς·

2221 5069 2400 5139 βύθιόν
2427 5089 2478 5124 τι
2503 5073 2595 5134 καὶ
2621 5071 2875 5141 ὀδυνηρὸν
2915 5070 3223 5134 ὑποστένεις
3243 5087 3255 5100 ·
3292 5071 3459 5139 ἀηδής
3489 5086 3570 5122 σοι
3598 5070 3632 5139 ἡ
3666 5068 3773 5120 τῶν

2219 5163 2526 5232 προσόντων
2575 5161 2870 5225 ἀπόλαυσις
2890 5178 2904 5193 ο
2944 5162 3118 5232 πικρὰ
3150 5163 3183 5232 ἡ
3212 5160 3459 5233 τράπεζα
3481 5177 3496 5192 ·
3527 5161 3776 5230 κατηφὴς

2218 5256 2251 5324 ἡ
2296 5255 2461 5308 αἰτία”
2485 5256 2708 5323 ςέτοιμον
2742 5255 2800 5308 τὸ
2832 5251 2924 5318 οὖς
2959 5255 3091 5325 πρὸς
3121 5255 3219 5326 τὴν
3258 5252 3352 5306 τοῦ
3381 5252 3775 5322 εύπράττοντος

2217 5346 2486 5417 διαϐολήν.
2521 5347 2581 5399 Ei
2622 5345 2679 5399 δέ
2710 5365 2761 5399 τι
2794 5347 2899 5400 τῶν
2936 5347 3121 5412 δεξιῶν
3165 5345 3407 5412 λέγοιτο,
3449 5344 3704 5414 βέόυσται
3738 5345 3773 5413 ἠ

2219 5437 2355 5508 ἀκοὴ
2393 5439 2528 5508 πρὸς
2556 5438 2646 5492 τὸν
2671 5438 2845 5505 λόγον.
2878 5439 2985 5492 Καὶ
3011 5436 3150 5490 οὕτω
3178 5437 3272 5506 τὴν
3296 5437 3472 5506 ψυχὴν
3499 5435 3774 5502 διακείμε-

2219 5531 2307 5592 νός
2331 5549 2344 5561 ·
2380 5527 2430 5582 τί
2477 5529 2846 5600 περιστέλλεις
2877 5531 2942 5599 τῇ
2977 5527 3260 5598 ὑποκρίσει
3301 5527 3399 5596 τὴν
3427 5526 3617 5588 νόσονς
3653 5524 3774 5586 Πῶς

2222 5639 2302 5674 σοι
2333 5622 2390 5675 τὸ
2411 5623 2508 5691 τῆς
2536 5621 2713 5689 φιλίας
2736 5622 3068 5690 προσωπεῖον
3092 5619 3182 5672 διὰ
3212 5619 3311 5687 τῆς
3338 5630 3774 5686 κατεσχηματισ-

2223 5715 2388 5785 μένης
2423 5714 2632 5776 εὐνοίας
2665 5710 3078 5782 ἐπιμορφίζεται
3103 5729 3121 5776 Δ;
3152 5712 3217 5764 Τί
3244 5711 3432 5776 δεξιοῖς
3462 5712 3579 5770 ταῖς
3611 5707 3776 5776 εὐφή-

2214 5824 2340 5879 μοις
2375 5805 2760 5876 προσηγορίαις
2784 5845 2798 5868 ,
2830 5804 3038 5874 χαίρειν
3070 5805 3161 5856 καὶ
3191 5802 3448 5870 ὑγιαίνειν
3494 5797 3775 5870 ἐγκελευὸ⁴
