4018 6482
188 464 320 521 1289

1187 464 1277 520 DE
1292 447 1890 518 BEATITUDINIBUS.
1933 459 2192 516 omne
2218 460 2303 516 vn

3289 468 3426 525 1890

184 605 377 659 μενος,
424 585 493 640 τὰ
525 585 742 639 ἐναντία
772 585 839 640 δι’
891 585 1214 657 ἀπορρήτων
1263 581 1404 635 κατά
1433 581 1610 652 ψυχὴν
1648 584 1742 634 ἐπ-

1852 589 1951 635 tur.
1992 565 2146 646 Quod
2175 580 2219 635 si
2253 579 2459 651 aliquid
2487 578 2667 637 dextri
2701 597 2766 638 ae
2793 581 2958 638 fausti
2997 583 3236 650 dicatur,
3271 585 3424 640 clau-

181 677 463 748 ἀρώμενος
493 694 506 741 ;
541 674 792 740 Τοιοῦτος
835 675 863 729 6
891 674 1024 729 Κάῖν
1043 709 1058 732 ν
1089 671 1117 722 ὁ
1148 663 1216 742 τῇ
1258 669 1607 742 εὐδοκιμήσει
1654 671 1748 724 τοῦ

183 767 350 818 Ἀδελ
387 765 750 837 ὲπιλυσσήσας
771 782 784 795 ο
821 764 848 811 ὁ
871 758 1063 828 φθόνος
1096 759 1194 830 μὲν
1223 758 1432 812 ἔνδοθεν
1461 761 1550 813 τὸν
1593 761 1750 829 φόνον

180 859 542 922 ἐνεκελεύετο,
576 857 686 927 ἠδὲ
713 851 962 914 ὑπόθεσις
990 851 1180 920 δήμιος
1211 850 1436 919 γίνεται⁶
1464 851 1614 920 φίλον
1642 852 1750 922 γάρ

179 967 230 1002 τι
271 950 364 1002 καὶ
397 951 731 1020 προσήγορον
761 940 1005 994 ὑπελθὼν
1036 941 1241 1011 σχῆμα,
1274 941 1372 1011 τῆς
1408 940 1516 993 τῶν
1547 940 1749 1009 γονέων

181 1045 498 1116 συμμαχίας
537 1036 819 1108 πόρρωθεν
861 1035 1022 1089 αὑτὸν
1066 1037 1158 1089 ἐπὶ
1190 1035 1249 1088 τὸ
1282 1033 1463 1087 πεδίον
1508 1038 1751 1106 προήγα-

177 1153 307 1205 γεν·
343 1129 438 1184 εἶθ’
469 1130 638 1199 οὕτως
678 1127 973 1197 ἐξεκάλυψε
1015 1126 1091 1197 τῷ
1137 1127 1280 1198 φόνῳ
1307 1126 1398 1179 τὸν
1437 1125 1646 1196 φθόνον.
1691 1125 1748 1179 '0

175 1229 355 1280 τοίνυν
391 1221 488 1292 τὴν
511 1220 761 1291 τοιαύτην
797 1221 946 1273 νόσον
971 1218 1245 1272 ἐκϐάλλων
1274 1219 1372 1288 τῆς
1405 1217 1747 1288 ἀνθρωπίνης

173 1317 344 1386 ζωῆς,
379 1315 472 1367 καὶ
502 1313 681 1384 εὐνοία
728 1331 785 1366 τε
817 1314 910 1366 καὶ
940 1312 1150 1384 εἰρήνῃ,
1182 1311 1493 1380 συνδεσμῶν
1535 1311 1597 1363 τὸ
1621 1311 1747 1382 ὁμό-

175 1407 344 1475 φυλον
365 1447 378 1468 ,
425 1405 522 1458 καὶ
556 1407 634 1467 εἰς
667 1405 885 1474 φιλικὴν
919 1401 1228 1473 ὁμοφωνίαν
1272 1402 1397 1464 τοὺς
1429 1400 1748 1470 ἀνθρώπους

173 1497 348 1562 ἄγων,
375 1494 462 1565 ἆρ’
491 1494 610 1564 οὐχὶ
639 1493 786 1556 θείας
807 1493 972 1556 ὄντως
1000 1490 1281 1560 δυνάμεως
1307 1489 1395 1560 ἔργ
1409 1507 1467 1542 ον
1496 1492 1657 1556 ποιεῖ,
1681 1490 1748 1544 τά

178 1588 281 1658 μὲν
327 1585 473 1639 κακά
499 1586 596 1655 τῆς
627 1584 970 1656 ἀνθρωπίνης
1003 1581 1215 1652 φύσεως
1245 1580 1589 1652 περιορίζων,
1620 1581 1748 1634 ἀντ-

172 1678 412 1745 εισάγων
451 1676 506 1729 δέ
548 1675 643 1748 τὴν
681 1677 788 1728 τῶν
818 1673 1036 1742 ἀγαθῶν
1080 1671 1398 1736 κοινωνίανς
1454 1671 1555 1724 Διά
1591 1672 1749 1724 τοῦτο

174 1768 293 1821 υἱὸν
341 1759 475 1820 Θεοῦ
514 1767 604 1820 τὸν
663 1765 1001 1836 είρηνοποιὸν
1048 1763 1321 1833 ὀνομάζει,
1368 1763 1449 1816 ὅτι
1508 1764 1750 1834 μιμητὴς

176 1857 386 1924 γίνεται
417 1856 509 1909 τοῦ
541 1853 795 1924 ἀληθινοῦ
831 1853 984 1919 Θεοῦ,
1011 1854 1040 1906 ό
1077 1851 1248 1906 ταῦτα
1275 1855 1340 1924 τῇ
1376 1850 1488 1924 ζωῇ
1518 1852 1624 1906 τῶν
1658 1854 1750 1906 ἀν·

173 1944 413 2014 θρῶπων
440 1941 815 2013 χαριζόμενος.

1854 687 1930 727 sae
1962 671 2202 726 sermoni
2233 681 2364 726 sunt
2394 687 2578 728 aures.
2609 672 2674 726 Et
2701 688 2826 728 eum
2858 673 2931 727 ita
2981 675 3258 732 animatus
3311 677 3388 733 sis
3408 716 3425 742 ,

1851 778 1952 818 cur
1981 763 2331 818 simulatione
2358 765 2609 818 morbum
2645 764 2898 819 obvolvis
2924 766 2946 820 ?
2981 767 3256 835 quomodo
3287 769 3426 820 ami-

1850 854 1991 907 citire
2017 868 2252 922 persona
2282 868 2379 922 per
2410 853 2588 908 fictam
2640 855 3074 910 benevolentiam
3125 857 3179 910 in
3213 866 3266 910 te
3317 857 3427 910 for-

1852 943 2077 997 matur?
2100 959 2199 998 cur
2226 942 2425 999 faustis
2455 945 2916 1013 appellationibus
2947 946 3186 1014 excipis.
3216 948 3428 1002 salvere

1848 1049 1914 1088 ac
1940 1034 2120 1090 valere
2149 1035 2350 1104 jubens
2374 1075 2388 1098 ,
2424 1036 2700 1088 contraria
2737 1036 2790 1088 in
2822 1036 3006 1089 animo
3041 1037 3180 1089 clam
3219 1037 3421 1105 impre-

1850 1135 1983 1176 cans
2006 1122 2030 1175 ?
2053 1121 2203 1177 Talis
2228 1131 2346 1177 erat
2369 1122 2503 1182 Cain
2526 1164 2540 1188 ,
2570 1123 2662 1192 qui
2695 1123 2898 1178 idcirco
2919 1163 2934 1187 ,
2968 1124 3114 1193 quod
3138 1125 3270 1179 Abel
3299 1141 3426 1194 pro-

1849 1211 2071 1268 baretur
2100 1222 2262 1284 atque
2297 1215 2570 1284 placeret,
2607 1215 2660 1267 in
2699 1214 2906 1269 rabiem
2939 1222 2992 1269 et
3027 1214 3268 1270 furorem
3305 1232 3423 1271 ver-

1849 1316 1944 1357 sus
1974 1311 2088 1358 est:
2126 1303 2329 1356 invidia
2356 1302 2573 1372 quidem
2607 1302 2938 1357 intrinsecus
2965 1304 3032 1357 ad
3062 1305 3262 1359 caedem
3297 1305 3424 1359 hor-

1851 1394 2087 1456 tabatur,
2113 1395 2386 1449 simulatio
2411 1410 2539 1450 vero
2565 1394 2808 1448 carnifex
2836 1402 2990 1458 erat;
3017 1395 3250 1448 amicum
3277 1397 3421 1452 enim

1849 1486 2134 1556 quemdam
2156 1527 2169 1550 ,
2197 1488 2380 1541 mitem
2406 1503 2468 1542 ac
2492 1486 2784 1558 benignum
2808 1487 3018 1540 vultum
3048 1487 3278 1556 ﬁngens,
3305 1505 3426 1558 pro-

1850 1577 1938 1631 cul
1991 1578 2059 1632 ab
2110 1579 2313 1632 auxilio
2363 1585 2526 1648 atque
2575 1579 2826 1646 praesidio
2862 1586 3147 1648 parentum
3186 1579 3336 1634 illum
3368 1581 3421 1634 in

1846 1684 2100 1739 campum
2133 1670 2426 1740 produxit:
2457 1679 2621 1739 atque
2653 1670 2726 1723 ita
2761 1669 2957 1724 deinde
2986 1669 3132 1725 caede
3159 1669 3421 1725 invidiam

1848 1758 2073 1815 detexit.
2108 1760 2212 1827 Qui
2242 1761 2511 1831 ejusmodi
2537 1761 2706 1830 igitur
2733 1758 2983 1813 morbum
3017 1759 3167 1829 ejicit
3199 1775 3266 1814 ex
3311 1761 3421 1814 vita

1851 1852 2087 1906 humana
2109 1893 2124 1917 ,
2159 1868 2226 1907 ac
2271 1853 2654 1908 benevolentia
2702 1851 2906 1920 pariter
2937 1865 3002 1904 ac
3038 1866 3172 1920 pace
3205 1853 3424 1922 colligat

1779 1923 1825 1981 Β
1852 1958 1983 2008 eos,
2021 1944 2115 2014 qui
2147 1958 2345 2015 genere
2369 1944 2649 2014 conjuncti
2693 1950 2857 2005 sunt,
2903 1950 2959 1998 et
3004 1941 3072 1995 ad
3119 1943 3415 1997 amicitiam

172 2047 342 2106 atque
375 2033 722 2092 concordiam
757 2035 1005 2090 homines
1035 2033 1281 2094 reducit,
1314 2047 1383 2087 an
1446 2050 1552 2089 non
1619 2035 1814 2090 divina:
1851 2052 2042 2093 revera
2071 2037 2332 2107 potentia:
2367 2051 2508 2107 Opus
2545 2035 2705 2098 facit,
2753 2035 2893 2087 mala
2938 2034 3154 2103 quidem
3201 2051 3266 2090 ex
3311 2036 3417 2090 hu-

171 2143 341 2182 mana
395 2134 588 2181 natura
635 2125 950 2196 expellens,
995 2141 1093 2195 pro
1135 2125 1203 2178 iis
1246 2134 1424 2178 autem
1471 2126 1738 2180 bonorum
1778 2127 2217 2184 communionem
2250 2127 2651 2182 introduceus?
2683 2124 2891 2181 ldcirco
2959 2127 3128 2180 filium
3172 2126 3266 2182 Dei
3331 2141 3424 2198 pa-

169 2221 395 2276 cificum
429 2217 710 2284 nominat,
744 2217 888 2288 quod
919 2219 1033 2272 veri
1060 2216 1184 2271 Filii
1212 2217 1451 2272 imitator
1491 2218 1748 2284 exsistit,
1789 2220 1882 2290 qui
1914 2215 2026 2275 haec
2056 2221 2334 2274 hominum
2367 2221 2492 2274 vita:
2519 2219 2764 2290 largitur.

247 2310 539 2380 Μακάριοι
567 2309 743 2362 τοίνυν
789 2312 842 2363 οἱ
884 2311 1269 2378 εἰρηνοποιοί,
1298 2309 1387 2362 ὅτι
1419 2309 1585 2363 αὐτοὶ
1637 2310 1753 2364 υἱοὶ

174 2406 330 2462 Θεοῦ
379 2402 810 2473 κληθήσονται.
845 2404 999 2466 Τίνες
1045 2396 1230 2469 οῦτοι;
1277 2403 1340 2456 Οἱ
1389 2404 1624 2473 μιμηταὶ
1652 2403 1752 2472 τῆς

169 2497 330 2559 θείας
363 2493 792 2564 φιλανθρωπίας,
828 2494 875 2545 oi
909 2492 968 2545 τὸ
997 2492 1126 2545 ίδιον
1160 2495 1258 2563 τῆς
1288 2491 1436 2554 θείας
1472 2493 1751 2562 ἐνεργείας

172 2586 271 2638 ἐπὶ
295 2584 389 2638 τοῦ
430 2583 560 2636 ἰδίου
595 2581 898 2646 δεικνύντες
934 2581 1073 2652 βίου.
1129 2583 1366 2652 Ἀναιρεῖ
1397 2581 1622 2636 καθόλου
1654 2583 1749 2635 καὶ

170 2679 258 2741 είς
283 2677 344 2730 τὸ
387 2676 462 2746 μὴ
488 2673 550 2728 ὃν
595 2674 956 2746 περιίστησιν,
990 2676 1017 2728 6
1054 2674 1162 2727 τῶν
1189 2673 1408 2742 ἀγαθῶν
1456 2674 1748 2744 εὐεργέτης

172 2771 273 2823 κα)⁸
307 2766 508 2838 Κύριος
530 2805 546 2830 ,
579 2768 684 2820 πᾶν
717 2766 839 2819 ὅσον
885 2765 1000 2818 ἐστὶ
1051 2764 1143 2819 τοῦ
1188 2765 1394 2832 ἀγαθοῦ
1430 2765 1657 2834 έκφυλόν
1689 2783 1748 2819 τε

171 2863 273 2916 καὶ
305 2859 598 2928 ἀλλότριον.
651 2857 864 2928 Ταύτην
893 2855 1170 2927 νομοθετεῖ
1201 2859 1298 2912 καὶ
1337 2859 1417 2914 σοὶ
1460 2857 1558 2928 τὴν
1596 2858 1749 2929 ἐνέρ-

171 2970 354 3022 γειαν,
389 2950 671 3004 ἐκϐάλλειν
708 2949 770 3002 τὸ
816 2950 989 3018 μῖσος,
1025 2949 1314 3003 καταλύειν
1355 2951 1445 3004 τὸν
1492 2949 1747 3020 πόλεμον,

168 3043 460 3114 ἀφανίζειν
473 3043 562 3096 τὸν
576 3041 1051 3113 φθόνον,ἐξορίζειν
1063 3042 1158 3114 τὴν
1178 3043 1375 3114 μάχην,
1394 3042 1636 3113 ἀναιρεῖν
1652 3041 1749 3112 τὴν

170 3136 488 3206 ὑπόκρισιν,
520 3133 936 3188 κατασϐεννύειν
971 3134 1177 3188 ἔνδοθεν
1204 3135 1301 3206 τὴν
1332 3134 1749 3205 ύποσμύχουσαν

169 3228 234 3278 ἐν
251 3225 316 3296 τῇ
347 3223 541 3294 καρδίᾳ⁵
564 3221 940 3294 μνησικακίαν·
961 3221 1300 3290 ἀντεισάγειν
1317 3220 1372 3273 δέ
1391 3221 1510 3274 ἀντὶ
1523 3219 1748 3282 τούτων,

168 3321 281 3372 ὅσα
320 3320 386 3388 τῇ
419 3315 764 3386 ὑπεξαιρέσει
812 3315 918 3368 τῶν
957 3314 1212 3367 ἐναντίων
1237 3312 1618 3383 ἀντικάθηται.
1661 3312 1748 3376 Ὡς

169 3413 289 3479 γάρ
323 3412 388 3479 τῇ
418 3408 512 3461 τοῦ
556 3407 776 3471 σκότους
807 3407 1152 3478 ὐποχωρήσει
1179 3406 1241 3459 τὸ
1274 3407 1387 3476 φῶς
1419 3404 1746 3474 ἐπιγίνεται,

168 3502 323 3554 οῦτω
351 3502 446 3552 καὶ
464 3499 578 3554 ἀνθ’
606 3499 834 3552 ἐκάστου
861 3498 1083 3560 τούτων,
1108 3499 1135 3550 6
1161 3497 1252 3551 τοῦ
1279 3498 1584 3568 πνεύματος
1612 3513 1747 3568 καρ-

171 3594 284 3656 πὸς
304 3591 732 3662 ἀντεισέρχεται,
762 3591 971 3660 ἀγάπη,
993 3588 1157 3660 χαρὰ,
1184 3589 1395 3660 εἰρήνη.
1425 3587 1748 3659 χρηστότης,

171 3682 537 3756 μακροθυμία
561 3721 576 3747 ,
611 3682 759 3745 ἄπας
791 3683 819 3734 6
854 3680 932 3751 τῷ
991 3680 1296 3750 Ἀποστόλῳ
1336 3679 1752 3748 κατειλεγμένος

167 3775 290 3830 τῶν
328 3773 547 3843 ἀγαθῶν
586 3772 834 3844 ἀριθμός.
877 3771 1000 3834 Πῶς
1049 3767 1142 3824 οῦν
1177 3770 1238 3823 οὑ
1271 3771 1542 3842 μακάριος
1586 3772 1616 3823 6
1646 3769 1752 3823 τῶν

165 3867 342 3922 θείων
369 3865 586 3937 δωρεῶν
611 3863 932 3934 διανομεύς;
987 3864 1045 3916 '0
1074 3863 1315 3934 μιμητὴς
1341 3862 1451 3916 τῶν
1488 3860 1580 3914 τοῦ
1617 3861 1750 3915 θεοῦ

167 3958 577 4031 χαρισμάτων;
626 3955 686 4008 Ὀ
735 3959 802 4026 τῇ
865 3955 986 4026 θείᾳ
1042 3953 1430 4024 μεγαλοδωρεᾷ
1473 3952 1571 4014 τάς
1619 3952 1754 4016 ἰδίας

167 4047 444 4119 ἐξομοιῶν
475 4044 751 4111 εὐποιίας;
782 4044 934 4114 Τάχα
977 4042 1035 4096 δὲ
1077 4042 1138 4096 ού
1186 4041 1323 4112 πρὸς
1377 4041 1438 4094 τὸ
1477 4041 1752 4111 ἀλλότριον

167 4139 385 4210 ἀγαθὸν
427 4137 584 4208 μόνον
619 4137 650 4190 6
680 4135 1025 4208 μακαρισμὸς
1061 4134 1247 4205 βλέπει
1268 4150 1282 4164 ο
1311 4132 1425 4188 ἀλλ’
1470 4129 1621 4204 οἴμαι
1659 4151 1752 4187 κυ-

171 4232 316 4304 ρίως
362 4227 701 4299 εἰρηνοποιὸν
752 4223 1135 4298 χρηματίζειν,
1184 4225 1276 4278 τὸν
1326 4225 1425 4295 τὴν
1475 4226 1533 4278 ἐν
1575 4221 1754 4293 ἐαυτῷ

170 4325 372 4378 στάσιν
400 4321 500 4390 τῆς
548 4320 746 4392 σαρκὸς
785 4320 882 4374 καὶ
913 4317 1007 4372 τοῦ
1055 4316 1386 4388 πνεύματος,
1416 4316 1513 4369 καὶ
1545 4315 1637 4368 τὸν
1662 4315 1756 4384 ἐμ-

169 4415 372 4486 φύλιον
395 4413 492 4484 τῆς
521 4412 734 4480 φύσεως
762 4411 996 4482 πόλεμον
1028 4410 1108 4473 είς
1138 4407 1417 4479 εἰρηνικὴν
1440 4407 1755 4478 συμφωνίαν

168 4511 406 4576 ἄγοντα,
430 4508 558 4560 ὅταν
587 4503 784 4576 μηκέτι
807 4501 1026 4574 ἐνεργὸς
1113 4503 1141 4553 ὁ
1169 4500 1262 4553 τοῦ
1290 4499 1538 4569 σώματος
1559 4498 1750 4568 νόμος,

1928 2311 2082 2365 Beati
2115 2311 2277 2380 igitur
2305 2311 2548 2379 paciﬁci,
2603 2310 2850 2380 quoniam
2881 2309 2982 2378 ipsi
3009 2309 3111 2378 ﬁlii
3144 2310 3239 2366 Dei
3272 2329 3425 2368 voca-

1855 2401 2068 2456 buntur.
2119 2401 2350 2468 Quinam
2401 2410 2529 2456 sunt
2571 2401 2670 2454 bi?
2717 2400 3020 2458 lmitatores
3069 2403 3424 2462 humanitatis

1854 2493 2084 2558 divina),
2138 2495 2229 2564 qui
2283 2495 2336 2548 id
2381 2493 2526 2563 quod
2574 2492 2853 2562 proprium
2893 2492 3092 2549 divina:
3127 2495 3426 2554 efﬁcientia:

1853 2592 1968 2646 est,
2002 2585 2054 2638 in
2091 2600 2186 2638 sua
2219 2586 2328 2638 vita
2361 2583 2676 2638 ostendunt.
2705 2584 2868 2638 Tollit
2900 2592 2954 2640 et
2983 2584 3049 2638 ad
3078 2585 3307 2641 nihilum
3341 2604 3426 2645 re-

1852 2677 1988 2747 digit
2019 2678 2290 2732 bonorum
2322 2678 2550 2748 largitor
2581 2685 2636 2732 et
2671 2677 2937 2734 Dominus
2969 2679 3234 2750 quidquid
3271 2691 3425 2740 extra

1856 2775 2110 2822 naturam
2145 2768 2307 2832 boni,
2340 2780 2393 2824 et
2427 2782 2458 2822 a
2500 2768 2644 2823 bono
2674 2768 2914 2823 alienum
2952 2779 3074 2826 est:
3119 2771 3224 2827 hoc
3261 2773 3425 2829 etiam

1855 2858 1951 2912 tibi
1989 2859 2292 2928 praescribit
2325 2874 2464 2928 Opus
2491 2867 2546 2914 et
2573 2858 2808 2914 ofﬁcium
2827 2901 2844 2926 ,
2879 2860 3079 2931 ejicere
3107 2863 3292 2919 odium
3315 2906 3330 2930 ,
3362 2867 3428 2922 fl»

1855 2949 1976 3004 nire
2003 2949 2239 3013 bellum,
2292 2950 2507 3004 abolere
2557 2949 2852 3014 invidiam,
2908 2955 3278 3010 exterminare
3323 2972 3428 3025 pu-

1855 3054 2015 3110 gnam
2039 3081 2054 3105 ,
2090 3039 2281 3095 tollere
2311 3041 2752 3105 simulationem,
2785 3043 3130 3113 exstinguere
3163 3045 3423 3103 intrinse-

1853 3146 1951 3185 cus
1982 3130 2035 3184 in
2063 3129 2228 3185 corde
2271 3138 2520 3185 urenlem
2569 3139 2622 3185 et
2672 3132 3048 3188 incendentem
3089 3135 3417 3204 injuriarum

1855 3221 2173 3276 memoriam
2209 3229 2456 3276 tenacem
2481 3261 2497 3287 ,
2529 3234 2716 3277 contra
2753 3238 2880 3278 vero
2923 3225 2979 3279 in
3023 3225 3202 3280 locum
3235 3243 3424 3283 eorum

1854 3311 2198 3367 introducere
2230 3326 2569 3382 quaecunque
2598 3313 2882 3370 subductis
2912 3317 3204 3371 contrariis
3230 3333 3295 3372 ex
3331 3318 3426 3372 ad-

1851 3419 2010 3460 verso
2062 3405 2390 3460 consistunt.
2457 3404 2529 3460 Ut
2569 3407 2714 3460 enim
2763 3407 3141 3463 recedentibus
3187 3411 3426 3467 tenebris

1851 3497 1942 3550 lux
1976 3496 2252 3563 succedit,
2289 3496 2366 3551 ita
2399 3496 2567 3550 etiam
2601 3496 2656 3550 in
2692 3497 2872 3552 locum
2906 3498 3100 3554 horum
3135 3501 3428 3570 cujuslibet

1851 3589 2078 3658 spiritus
2105 3588 2318 3644 fructus
2347 3589 2628 3653 succedit,
2661 3589 2886 3646 dilectio
2907 3633 2922 3658 ,
2954 3592 3251 3662 gaudium,
3287 3610 3389 3664 pax
3409 3634 3425 3658 ,

1853 3681 2194 3752 benignitas,
2232 3683 2400 3738 animi
2437 3683 2674 3751 lenitas,
2728 3683 3021 3740 universus
3058 3684 3128 3740 ab
3161 3685 3429 3755 Apostolo

1852 3773 2120 3828 bonorum
2161 3775 2745 3830 numeruscollectus.
2793 3774 3076 3841 Quomodo
3118 3775 3286 3846 igitur
3317 3794 3427 3834 non

1853 3864 2044 3920 beatus
2073 3872 2159 3921 est
2187 3865 2496 3920 divinorum
2539 3865 2805 3920 donorum
2836 3866 3162 3921 distributor
3204 3883 3269 3922 ac
3314 3869 3428 3924 dis-

1852 3961 2110 4022 pensator
2151 3954 2174 4007 ?
2222 3954 2464 4009 imitator
2512 3953 2608 4010 Dei
2653 3956 2996 4010 munerum?
3043 3958 3134 4026 qui
3183 3956 3424 4012 divinam

1855 4045 2283 4100 munificentiam
2313 4060 2412 4100 sua
2445 4044 2804 4101 beneficentia
2831 4049 3125 4116 exaequat?
3173 4047 3424 4105 Forsitan

1853 4146 2036 4192 autem
2065 4152 2175 4191 non
2207 4137 2443 4192 alienum
2471 4137 2734 4193 duntaxat
2761 4139 2960 4192 bonum
2997 4139 3274 4196 beatitudo
3306 4157 3426 4212 spe-

1853 4235 1966 4282 ctat
1989 4267 2004 4291 ,
2049 4227 2141 4282 sed
2171 4227 2367 4297 opinor
2399 4227 2619 4298 proprie
2651 4227 2940 4296 pacificum
2994 4231 3290 4300 appellari,
3331 4234 3424 4302 qui

1853 4335 1996 4385 eam,
2015 4334 2134 4390 quae
2159 4321 2302 4374 intra
2337 4319 2512 4388 ipsum
2538 4327 2652 4383 est,
2679 4317 3000 4373 seditionem
3029 4321 3213 4375 carnis
3237 4332 3292 4376 et
3315 4323 3423 4392 spi-

1855 4411 2024 4474 ritus,
2052 4418 2215 4480 atque
2244 4409 2562 4464 intestinum
2591 4418 2798 4463 natura:
2826 4409 3024 4464 bellum
3054 4410 3122 4465 ad
3145 4412 3422 4481 pacilicam

1857 4501 2201 4556 concordiam
2245 4510 2300 4556 et
2341 4516 2671 4557 consensum
2716 4501 2977 4566 adducit,
3037 4503 3125 4558 ubi
3175 4507 3423 4576 corporis

168 4602 206 4654 ὁ
242 4596 786 4669 ἀντιστρατευόμενος
805 4593 883 4664 τῷ
908 4592 1058 4664 νόμῳ
1078 4591 1172 4644 τοῦ
1199 4590 1336 4657 νοὸς,
1370 4589 1482 4644 ἀλλ’
1521 4588 1750 4653 ὑποζευ-

1859 4595 1941 4649 lex
1963 4635 1977 4656 ,
2015 4608 2136 4664 quae
2165 4594 2268 4662 legi
2303 4594 2501 4649 mentis
2531 4601 2832 4662 repugnat,
2864 4609 2972 4647 non
3001 4595 3236 4665 amplius
3263 4612 3421 4653 exer-

173 4689 334 4759 χθεὶς
362 4689 429 4757 τῇ
471 4684 737 4756 κρείττονι
771 4682 1015 4753 βασιλεία
1059 4680 1339 4752 ὑπηρέτης
1390 4679 1598 4747 γίνεται
1643 4678 1752 4730 τῶν

176 4779 348 4832 Θείων
373 4776 779 4845 ἐπιταγμάτων.
813 4774 1027 4828 Μᾶλλον
1069 4772 1127 4826 δὲ
1161 4772 1238 4843 μὴ
1261 4770 1416 4824 τοῦτο
1446 4771 1752 4841 νομίσωμεν

180 4867 579 4940 συμϐουλεύειν
596 4867 686 4920 τὸν
705 4866 880 4934 λόγον,
900 4866 959 4918 τὸ
988 4867 1047 4917 ἐν
1067 4865 1216 4917 δυάδι
1232 4864 1466 4916 νοεῖσθαι
1489 4863 1598 4915 τῶν
1620 4880 1753 4916 κατ-

178 4958 522 5030 ωρθωκότων
551 4957 640 5009 τὸν
671 4955 782 5026 βίον
805 4970 819 4983 ·
860 4954 974 5008 ἀλλ’
1023 4953 1237 5006 ἐπειδάν
1288 4951 1540 5023 ἐξαιρεθῇ
1568 4950 1660 5003 τοῦ
1695 4951 1753 5004 ἐν

178 5054 320 5123 ἡμῖν
350 5050 604 5122 φραγμοῦ
641 5049 702 5102 τὸ
743 5047 1054 5118 μεσότοιχον
1082 5047 1182 5116 τῆς
1209 5046 1428 5110 κακίας,
1465 5040 1546 5108 εἷς
1581 5046 1630 5097 οἱ
1661 5044 1755 5098 δύο

175 5147 251 5214 τῇ
281 5143 416 5212 πρὸς
442 5141 502 5193 τὸ
535 5143 777 5212 κρεῖττον
805 5139 1090 5210 ἀνακρίσει
1116 5137 1460 5209 συμφυέντες
1490 5136 1751 5205 γίνονται.

193 5234 417 5306 Ἐπειδὴ
453 5234 632 5286 τοίνυν
676 5231 878 5286 ἁπλοῦν
905 5233 963 5285 τὸ
1004 5231 1146 5284 θεῖον
1192 5230 1287 5284 καλ⁸
1324 5229 1632 5294 ἀσύνθετον,
1661 5229 1755 5281 καὶ

181 5325 596 5395 ἀσχημάτιστον
627 5317 762 5376 εἶναι
801 5323 1190 5384 πεπίστευται,
1223 5321 1351 5373 ὅταν
1379 5319 1472 5372 καὶ
1517 5317 1667 5392 [cui],
1695 5318 1756 5371 τὸ

181 5414 528 5486 ἀνθρώπινον
561 5414 650 5468 διὰ
674 5416 774 5486 τῆς
801 5413 1056 5486 τοιαύτης
1079 5412 1450 5483 είρηνοποιῖας
1471 5452 1486 5476 ,
1511 5411 1616 5475 ἔξω
1649 5411 1749 5480 τῆς

176 5509 329 5562 κατά
374 5507 472 5578 τὴν
509 5504 700 5575 διπλῆν
736 5506 1036 5566 συνθέσεως
1080 5503 1338 5574 γένηται,
1384 5502 1477 5556 καὶ
1514 5502 1756 5574 ἀκριϐῶς

175 5601 265 5663 εἰς
295 5599 354 5652 τὸ
375 5597 576 5666 ἀγαθὸν
592 5595 877 5668 ἐπανέλθῃ,
901 5594 1102 5649 ἁπλοῦν
1129 5611 1187 5647 τε
1207 5595 1298 5647 καὶ
1326 5593 1754 5664 ἀσχημάτιστον,

177 5693 281 5743 καὶ
319 5689 393 5752 ὡς
440 5687 653 5759 ἀληθῶς
696 5687 753 5740 ἓν
805 5687 1114 5756 γενόμενον,
1157 5686 1234 5748 ῶς
1280 5683 1475 5738 ταύτὸν
1513 5681 1757 5755 εἶναιτῷ

179 5781 414 5853 κρυπτῷ
437 5779 498 5833 τὸ
521 5779 858 5848 φαινόμενον,
880 5777 974 5830 καὶ
993 5777 1069 5847 τῷ
1094 5777 1405 5847 φαινομένῳ
1428 5777 1490 5829 τὸ
1519 5792 1760 5845 κεκρυμ-

182 5875 349 5946 μένον
368 5891 380 5903 ·
414 5874 534 5925 τότε
565 5871 777 5940 άληθῶς
811 5868 1070 5940 κυροῦται
1099 5871 1127 5922 6
1159 5869 1524 5941 μακαρισμὸς,
1559 5867 1651 5920 καὶ
1669 5867 1757 5920 λέ-

468 5965 739 6025 Pareat.
774 5964 890 6024 Gn.
924 5966 975 6025 Χ
991 5966 1142 6025 LIV.

1854 4683 2085 4748 cebitur,
2119 4682 2217 4738 sed
2245 4683 2534 4752 subiugata
2565 4682 2775 4735 meliori
2805 4697 3005 4752 regno,
3043 4685 3293 4741 ministra
3339 4688 3425 4743 di-

1856 4776 2106 4828 vinorum
2143 4781 2534 4843 praeceptorum
2566 4773 2816 4827 exsistet.
2854 4772 3110 4838 Quinimo
3140 4792 3210 4832 ne
3243 4781 3428 4835 existi-

1854 4881 2064 4919 memus
2114 4863 2435 4919 Sermonem
2488 4863 2812 4929 consulere,
2870 4866 3016 4935 quod
3065 4868 3320 4925 nimirum
3369 4873 3424 4926 in

1856 4970 2082 5009 numero
2111 4956 2324 5008 binario
2350 4954 2746 5008 consideranda
2792 4966 2954 5025 atque
2992 4961 3308 5028 accipienda
3355 4965 3428 5018 sit

1854 5045 1963 5098 vita
1993 5059 2179 5099 eorum
2202 5083 2217 5107 ,
2252 5043 2346 5112 qui
2382 5051 2527 5097 recte
2557 5045 2802 5113 egerint,
2835 5054 2889 5100 et
2922 5063 3035 5102 rem
3070 5049 3206 5103 bene
3239 5067 3426 5119 gesse-

1854 5135 1994 5198 rint,
2028 5135 2123 5190 sed
2172 5134 2260 5188 ubi
2295 5134 2649 5189 interstilium
2694 5137 2987 5192 vitiositate
3013 5154 3078 5192 ex
3120 5155 3181 5194 ea
3213 5157 3333 5210 qua:
3369 5143 3425 5197 in

1856 5228 2017 5283 nobis
2044 5234 2162 5293 est,
2193 5242 2334 5296 saepe
2366 5235 2675 5296 exemptum
2710 5228 2906 5294 fuerit,
2938 5230 3046 5284 duo
3081 5231 3155 5284 illi
3185 5242 3428 5287 contem-

1856 5321 2135 5391 peratione
2166 5335 2289 5374 cum
2319 5320 2528 5374 meliori
2559 5321 2933 5376 coalescentes
2962 5338 3103 5377 unus
3132 5325 3423 5380 exsistunt.

1857 5413 2123 5480 Quoniam
2156 5411 2322 5483 igitur
2354 5412 2584 5481 simplex
2633 5422 2698 5468 et'
2739 5429 2844 5467 non
2893 5415 3257 5482 compositum
3305 5433 3428 5474 esse

1857 5504 2100 5558 divinum
2131 5519 2330 5558 numen
2349 5545 2364 5569 ,
2388 5511 2442 5557 et
2463 5503 2638 5572 eflingi
2673 5511 2836 5572 atque
2861 5504 3105 5558 simulari
3132 5521 3238 5560 non
3267 5523 3428 5577 posse

1859 5595 2122 5658 creditur,
2152 5609 2277 5649 cum
2309 5594 2605 5648 humanum
2637 5607 2853 5662 quoque
2880 5608 3049 5663 genus
3074 5593 3252 5665 dupla:
3278 5614 3427 5652 com-

1859 5685 2117 5757 positioni
2163 5699 2259 5754 per
2287 5684 2450 5738 talem
2485 5683 2917 5752 pacificationem
2959 5693 3267 5754 exemptum
3311 5686 3428 5742 fue-

1862 5778 1966 5838 rit,
2003 5791 2067 5830 ac
2100 5777 2258 5844 plene
2292 5774 2359 5828 ad
2395 5774 2595 5827 bonum
2626 5775 2936 5838 reverterit,
2967 5774 3194 5844 simplex
3223 5781 3428 5848 pariter

1863 5878 1918 5923 et
1949 5867 2018 5922 ab
2053 5867 2342 5924 affectione
2369 5874 2534 5934 atque
2573 5863 2923 5919 simulatione
2952 5879 3220 5934 vacuum,
3253 5884 3316 5924 ac
3343 5885 3428 5923 re-
