4018 6528
607 405 741 464 ιεοι
1793 401 1853 458 S.
1894 399 2220 460 GREGORII
2259 400 2557 461 NYSSENI
3714 413 3857 468 1292

603 539 735 582 vera
764 537 932 579 unum
962 518 1216 577 effectum
1239 561 1254 586 ,
1284 527 1347 576 ut
1375 518 1520 575 idem
1551 533 1679 576 cum
1713 518 2039 577 abscondito
2072 521 2179 586 sit,

2281 538 2468 592 γονται
2505 523 2710 596 κυρίως
2737 529 2788 578 οἱ
2825 529 3062 585 τοιοῦτοι
3093 529 3198 585 υἱοὶ
3216 529 3351 584 Θεοῦ
3372 569 3388 596 ,
3421 529 3855 602 μακαρισθέντες

604 614 663 671 id
693 615 842 685 quod
877 621 1135 683 apparet,
1169 619 1225 667 et
1253 611 1375 668 vice
1407 625 1602 679 versa,
1633 612 2016 668 absconditum
2049 626 2179 667 cum

2286 613 2428 668 κατὰ
2454 613 2553 686 τὴν
2581 614 2911 684 ἐπαγγελίαν
2947 619 3042 674 τοῦ
3071 621 3274 692 Κυρίου
3304 619 3460 691 ἡμῶν
3503 619 3678 693 Ἰησοῦ
3717 619 3854 690 Χρι-

603 712 902 776 apparente
926 719 942 770 ;
973 709 1105 757 tunc
1132 717 1258 758 vere
1283 701 1640 757 contlrmatur
1665 716 1730 757 ac
1755 711 1876 758 rata
1899 701 2180 757 beatitudo

2287 700 2444 768 στοῦ,
2471 697 2516 772 ᾧ
2541 706 2574 775 ἡ
2608 703 2735 772 δόξα
2761 706 2841 768 είς
2875 705 3004 769 τοὺς
3041 711 3238 777 αἰῶνας
3260 711 3371 765 τῶν
3397 709 3633 765 αἰώνων.
3651 713 3855 782 Ἀμήν.

617 796 709 860 ﬁt,
745 810 809 849 ac
857 794 996 849 tales
1021 793 1242 864 proprie
1277 791 1373 848 ﬁlii
1411 791 1508 847 Dei
1538 792 1818 858 dicuntur,
1844 791 1992 849 beati
2017 791 2247 864 judicati
2283 808 2380 864 per
2412 796 2832 865 promissionem
2866 795 3080 852 Domini
3110 804 3284 859 nostri
3313 802 3446 862 Jesu
3479 803 3729 872 Christi,
3766 805 3853 859 cui

604 885 776 956 gloria
804 885 859 940 in
888 885 1085 941 saecula
1112 883 1458 940 saeculorum.
1488 882 1681 938 Amen.

1179 995 1439 1053 ORATIO
1474 995 1614 1051 Vill.

2906 993 3125 1048 ΛΟΓΟΣ
3155 993 3236 1051 Η’.

605 1090 759 1146 Beati
780 1090 871 1160 qui
888 1090 1301 1160 persecutionem
1324 1089 1603 1156 patiuntur
1628 1098 1841 1157 propter
1861 1086 2138 1158 justitiam
2157 1103 2176 1140 :

2275 1081 2556 1160 Μακάριοι
2580 1085 2632 1160 οἱ
2658 1081 3032 1160 δεδιωγμέτοι
3060 1084 3684 1160 ἔτεκεν-δικαιοσύῖης
3705 1108 3722 1121 ·
3757 1091 3844 1145 ὅτι

821 1153 1070 1228 quoniam
1099 1175 1282 1213 eorum
1310 1153 1388 1212 est
1421 1153 1637 1227 regnum
1663 1153 1934 1212 caéloruin.

2463 1153 2661 1206 αὐτῶν
2679 1153 2850 1206 ἐστιν
2867 1155 2904 1222 ἡ
2924 1154 3214 1218 βασιλεία
3229 1155 3348 1208 τῶν
3370 1153 3667 1223 οὐρανῶν-ξ

671 1247 820 1305 Ordo
863 1249 1082 1320 quidem
1140 1249 1394 1304 sublimis
1451 1249 1865 1318 disciplinarum
1915 1247 2180 1303 doctrina:

2359 1245 2423 1298 Ἦ
2445 1245 2542 1315 μὲν
2564 1244 2716 1309 τάξις
2741 1245 2838 1315 τῆς
2859 1247 3068 1318 ὑψηλῆς
3095 1246 3204 1301 τῶν
3235 1247 3577 1320 μαθημάτων
3605 1248 3852 1306 διδασκα-

603 1347 924 1412 praesentem
955 1339 1090 1395 dicti
1121 1339 1640 1395 commentationem
1670 1341 1738 1395 ad
1769 1347 2023 1394 octavum
2052 1352 2181 1409 gra-

2277 1337 2419 1400 λίας,
2452 1337 2546 1391 ἐπὶ
2577 1337 2666 1391 τὸν
2694 1337 2878 1406 ὄγδοον
2915 1340 3038 1408 ἄγει
3072 1339 3276 1412 βαθμὸν
3304 1346 3404 1414 τὴν
3443 1341 3732 1413 παροῦσαν
3764 1345 3856 1397 to")

601 1431 730 1487 dum
773 1429 962 1487 ducit:
1005 1445 1105 1501 ego
1137 1445 1270 1486 vero
1311 1429 1455 1485 haud
1494 1430 1734 1491 alienum
1776 1445 1899 1486 esse
1941 1428 2088 1492 dico,
2129 1428 2179 1484 si

2280 1427 2447 1499 ῥητοῦ
2489 1427 2756 1500 θεωρίαν·
2804 1429 2915 1499 ἐγὼ
2959 1431 3016 1484 δὲ
3047 1431 3230 1496 καλῶς
3272 1431 3416 1503 ἔχειν
3450 1433 3595 1504 φημὶ
3640 1433 3855 1504 πρῶτον

603 1527 840 1596 primum
870 1525 1001 1580 illud
1044 1525 1261 1580 ratione
1289 1532 1454 1594 atque
1489 1523 1740 1580 oratione
1772 1523 2174 1588 consideretur,

2274 1517 2451 1572 ἐκεῖνο
2479 1519 2813 1590 κατανοῆσαι
2856 1519 2933 1590 τῷ
2969 1519 3113 1593 λόγῳ
3136 1561 3150 1585 ,
3179 1523 3233 1575 τί
3261 1524 3321 1576 τὸ
3357 1524 3453 1593 τῆς
3481 1522 3679 1592 ὀγδόης
3705 1525 3858 1592 παρὰ

605 1617 733 1687 quid
767 1616 839 1671 sit
866 1613 1011 1686 apud
1035 1612 1363 1685 PrOphetam
1386 1620 1594 1668 octavae
1615 1613 1933 1684 mysterium
1956 1613 2023 1677 ",
2055 1626 2178 1682 qua:

2271 1608 2348 1679 τῷ
2379 1609 2636 1682 Προφήτῃ
2665 1611 2982 1681 μυστήριον,
3003 1611 3102 1682 τῆς
3135 1614 3192 1666 ὲν
3213 1613 3305 1666 δύο
3331 1612 3678 1684 ψαλμῳδίαις
3717 1631 3856 1683 πριο-

604 1707 822 1762 duobus
867 1705 1095 1776 psalmis
1135 1705 1504 1776 praeponitur:
1563 1705 1694 1775 quid
1723 1705 1885 1760 etiam
1921 1703 2177 1772 puriﬁca-

2271 1699 2607 1770 τεταγμένης
2626 1717 2640 1732 ο
2673 1700 2730 1753 τὶ
2769 1700 2823 1754 δὲ
2853 1702 2883 1754 ὁ
2933 1703 3300 1774 μακαρισμὸς,
3328 1705 3423 1758 καὶ⁵
3453 1705 3488 1775 η
3515 1703 3618 1774 τῆς
3639 1721 3858 1775 περιτο-

601 1798 698 1864 ιίο,
759 1795 1091 1866 sanctioque
1139 1774 1609 1852 circumcisionis:
1662 1810 1784 1865 quae
1835 1803 2064 1864 utraque
2120 1801 2177 1848 ut

2281 1793 2390 1864 μῆς
2411 1792 2721 1862 νομοθεσία,
2758 1792 2901 1847 κατὰ
2938 1793 3035 1863 τὴν
3066 1793 3257 1863 ὀγδόην
3286 1774 3570 1867 ἀμφότερα
3600 1795 3680 1867 τῷ

600 1897 798 1944 octavo
849 1887 937 1943 die
964 1888 1414 1952 observarentur,
1465 1887 1584 1956 lege
1622 1896 1844 1943 cautum
1873 1897 2010 1942 erat.
2043 1883 2177 1940 For-

2278 1882 2761 1955 παρατηρούμενα.
2807 1883 2962 1955 Τάχα
2996 1901 3050 1938 τι
3081 1883 3340 1952 συγγενὲς
3372 1887 3402 1938 ὁ
3437 1886 3673 1956 ἀριθμὸς
3698 1880 3857 1952 οὗτος

601 1979 747 2033 sitan
790 1974 997 2046 aliquid
1049 1983 1342 2046 cognatum
1394 1975 1558 2031 habet
1605 1975 1695 2031 hic
1745 1989 2007 2031 numerus
2051 1988 2177 2030 cum

2277 1975 2413 2046 πρὸς
2437 1975 2534 2044 τὴν
2561 1975 2751 2046 ὀγδόην
2786 1974 2897 2046 ἔχει
2947 1978 3324 2048 μακαριότητα
3347 1995 3361 2008 ·
3397 1977 3518 2046 ἥτις
3555 1977 3752 2049 ὥσπερ
3773 1997 3858 2033 κο-

601 2077 796 2123 octava
835 2066 1208 2123 beatitudine:
1254 2083 1376 2138 qua:
1406 2073 1668 2137 tanquam
1712 2075 1901 2123 vertex
1933 2065 2176 2121 omnium

2281 2065 2424 2138 ρυφὴ
2467 2065 2576 2119 τῶν
2620 2066 2994 2138 μακαρισμῶν
3033 2067 3251 2121 πάντων
3291 2069 3384 2120 ἐπὶ
3423 2066 3515 2120 τοῦ
3551 2068 3853 2138 ἀκροτάτου

600 2159 1003 2216 beatitudinum
1051 2159 1108 2213 in
1136 2173 1354 2213 summo
1383 2158 1555 2229 gradu
1608 2159 1736 2214 boni
1772 2172 2038 2214 ascensus
2081 2172 2180 2229 po-

2277 2161 2451 2210 κεῖται
2475 2157 2572 2228 τῆς
2599 2158 2808 2229 ἀγαθῆς
2832 2159 3164 2222 ἀναϐάσεως.
3218 2158 3366 2212 Ἐκεῖ
3395 2176 3452 2212 τε
3506 2158 3622 2231 γὰρ
3653 2162 3683 2213 ὁ
3714 2162 3854 2232 Προ-

603 2255 707 2310 sita
736 2259 841 2308 est.
873 2249 1009 2304 Nam
1049 2257 1105 2305 et
1135 2250 1247 2304 illic
1285 2249 1548 2320 propheta
1583 2250 2005 2305 resurrectionis
2034 2249 2178 2306 diem

2279 2251 2456 2322 φήτης
2481 2248 2578 2321 τὴν
2612 2249 2980 2320 ἀναστάσιμον
3009 2250 3221 2321 ἡμέραν
3259 2249 3336 2320 τῷ
3361 2250 3460 2320 τῆς
3494 2251 3694 2321 ὀγδόης
3723 2253 3855 2306 αἶνίο

600 2359 701 2415 per
758 2350 964 2398 octavae
1012 2340 1357 2396 involucrum
1402 2347 1458 2396 et
1501 2340 1730 2411 aenigma
1789 2339 2062 2410 designat,
2124 2346 2180 2395 et

2277 2359 2444 2412 γματι
2469 2341 2832 2411 διασημαίνει,
2867 2343 2961 2394 καὶ
2983 2343 3010 2395 ὁ
3041 2341 3380 2412 καθαρισμὸς
3411 2341 3510 2414 τὴν
3538 2342 3637 2394 ἐπὶ
3657 2342 3720 2395 τὸ
3766 2359 3853 2397 κι-

599 2433 913 2506 puriﬂcatio
941 2431 1280 2502 coinquinati
1313 2430 1553 2484 hominis
1585 2431 1818 2485 reditum
1853 2431 1922 2486 ad
1947 2439 2178 2485 natura-

2275 2430 2443 2500 θαρόν
2480 2445 2541 2481 τε
2579 2427 2838 2481 καὶκατὰ
2870 2427 3030 2496 φύσιν
3065 2429 3320 2482 ἐπάνοδον
3352 2427 3446 2482 τοῦ
3500 2428 3852 2499 μολυνθέντος

602 2527 709 2581 lem
747 2524 1042 2594 puritatem
1070 2521 1330 2584 ostendit.
1367 2528 1421 2576 et
1457 2521 1807 2576 circumcisio
1837 2528 2178 2576 mortuarum

2277 2515 2565 2588 ἀνθρώπου
2597 2515 2928 2570 ἐνδείκνυται
2947 2558 2962 2582 ,
2990 2518 3084 2572 καὶ
3115 2520 3150 2589 ἡ
3190 2517 3454 2589 περιτομὴ
3494 2519 3596 2588 τὴν
3632 2518 3742 2571 τῶν
3772 2536 3853 2572 νε·

599 2616 846 2686 pellium,
886 2628 1026 2684 quas
1068 2622 1194 2683 post
1236 2611 1663 2667 inobedientiam
1709 2612 1818 2667 vita
1869 2610 2058 2666 nudati
2095 2611 2180 2665 in-

2278 2608 2426 2677 κρῶν
2472 2607 2759 2679 δερμάτων
2816 2607 3087 2678 ἀποϐολὴν
3122 2607 3447 2680 ἑρμηνεύει,
3495 2607 3532 2661 ἃ.
3575 2608 3720 2678 μετὰ

602 2708 924 2769 dueramus,
958 2705 1166 2760 indicat
1193 2703 1587 2773 abjectionem:
1618 2711 1671 2757 et
1704 2702 1795 2757 hic
1821 2711 2015 2758 octava
2048 2703 2179 2757 bea-

2278 2697 2562 2769 παρακοὴν
2589 2697 2690 2767 τῆς
2719 2697 2865 2768 ζωῆς
2897 2698 3274 2768 γυμνωθέντες
3312 2697 3716 2767 ὲνεδυσὰμεθω
3769 2702 3853 2754 καὶ

600 2797 780 2852 titudo
829 2795 1234 2851 restitutionem
1265 2795 1320 2849 in
1352 2794 1522 2849 caelos
1545 2794 1790 2849 continet
1832 2808 2044 2860 eorum,
2085 2793 2179 2862 qui

2278 2786 2510 2840 ἐνταῦθα
2542 2789 2576 2857 ἡ
2609 2787 2768 2858 ὀγδόη
2808 2788 3168 2859 μακαριότης,
3191 2789 3290 2861 τὴν
3329 2790 3408 2851 είς
3439 2790 3565 2852 τοὺς
3591 2790 3852 2860 οὐρανοὺς

601 2889 660 2943 in
697 2887 1016 2942 servitutem
1039 2885 1262 2956 quidem
1292 2884 1501 2955 delapsi
1534 2890 1713 2948 erant,
1748 2883 1845 2940 sed
1881 2899 2076 2940 rursus
2111 2899 2181 2940 ex

2277 2876 2722 2931 ἀποκατάστασιν
2753 2877 2866 2948 ἔχει
2942 2876 3051 2931 τῶν
3079 2879 3158 2942 εἰς
3183 2877 3427 2932 δουλείαν
3461 2879 3562 2949 μὲν
3591 2880 3851 2933 turres-6v-

602 2979 866 3036 scrvitute
904 2976 958 3031 in
990 2990 1218 3047 regnum
1263 2974 1501 3032 revocati
1532 2983 1679 3030 sunt.
1718 2973 1872 3029 Beati
1907 2976 2065 3041 enim,
2097 2975 2181 3029 in-

2277 2985 2404 3033 των,
2436 2969 2527 3022 ἐπὶ
2555 2969 2830 3038 βασιλείαν
2849 2968 2907 3022 δὲ
2937 2970 3100 3024 πάλιν
3119 2972 3184 3025 ὲκ
3215 2971 3313 3041 τῆς
3340 2969 3586 3034 δουλείας
3613 2971 3849 3040 ἀνακλη-

601 3071 740 3144 quit,
773 3069 864 3140 qui
898 3067 1310 3136 persecutionem
1344 3065 1626 3135 patiuntur
1660 3073 1872 3166 propter
1901 3080 2018 3166 πηοί-ε
2046 3081 2180 3166 ιγνο-
2205 3107 2249 3166 c
2279 3060 2502 3116 θέντων.

599 3167 748 3220 niam
779 3161 1014 3228 ipsorum
1039 3167 1116 3212 est
1157 3173 1372 3228 regnum
1403 3158 1651 3211 calorum
1673 3157 1739 3211 ⁸⁸.
1792 3155 1934 3211 Ecce
1967 3155 2093 3213 ﬁnis
2122 3165 2178 3211 et

2351 3152 2636 3223 Μακάριοι
2647 3153 2776 3227 γὰρ,
2792 3154 2978 3224 φησὶν,
3000 3158 3055 3209 οἱ
3068 3153 3442 3223 δεδιωγμένοι
3457 3153 3677 3208 ἕνεκεν
3688 3153 3846 3223 ἐμοῦ

598 3255 836 3306 eventus
863 3246 1174 3302 divinorum
1219 3246 1604 3310 certaminum,
1663 3253 1717 3301 et
1750 3253 1975 3317 propter
2005 3245 2178 3302 Deum

2278 3241 2368 3296 ὅτι
2397 3242 2596 3297 αὐτῶν
2608 3241 2779 3296 ἐστιν
2801 3243 2838 3310 ἡ
2859 3242 3151 3306 ,Βασιλεία
3172 3240 3289 3294 τῶν
3310 3240 3603 3309 οὐρανῶν.
3647 3240 3783 3296 Ἰδοὺ
3797 3241 3850 3294 τὸ

601 3345 986 3408 susceptorum
1036 3335 1429 3406 periculorum,
1481 3335 1729 3390 laborum
1785 3335 2176 3402 remuneratio,

2279 3334 2449 3405 πέρας
2473 3331 2582 3386 τῶν
2612 3332 2753 3388 κατὰ
2791 3332 2924 3386 Θεὸν
2947 3332 3194 3401 ἀγώνων,
3231 3331 3292 3386 τὸ
3315 3331 3422 3386 τῶν
3445 3331 3631 3385 πόνων
3657 3333 3847 3404 γέρας,

601 3431 865 3488 sudorum
899 3428 1186 3499 praemium
1211 3445 1226 3482 :
1266 3442 1376 3498 quo
1405 3442 1632 3498 regnum
1659 3426 1928 3482 caelorum
1959 3427 2180 3482 athleta:

2277 3424 2337 3477 τὸ
2373 3423 2483 3477 τῶν
2520 3421 2759 3492 ἱδρώτων
2805 3421 3035 3476 ἔπαθλον
3058 3437 3072 3452 ·
3105 3422 3168 3475 τὸ
3201 3421 3300 3492 τῆς
3348 3423 3406 3475 ὲν
3450 3425 3566 3485 τοῖς
3603 3423 3848 3493 οὐρανοῖς

599 3529 1036 3591 consequuntur.
1055 3517 1174 3573 Non
1199 3519 1432 3589 amplius
1459 3519 1605 3573 circa
1635 3533 1750 3574 rem
1773 3519 2084 3574 instabilem
2114 3533 2178 3574 ac

2279 3515 2555 3586 βασιλείας
2583 3512 2900 3584 ἀξιωθῆναι.
2949 3512 3144 3566 Οὐκέτι
3177 3512 3307 3583 περὶ
3335 3512 3398 3564 τὸ
3421 3512 3659 3567 ἄστατον
3683 3529 3740 3564 τε
3765 3514 3848 3566 καὶ

600 3611 1004 3667 mutationibus
1059 3609 1362 3664 variantem
1414 3607 1692 3663 felicitatis
1748 3623 1875 3678 spes
1933 3608 2173 3664 oberrat.

2276 3605 2653 3676 ἀλλοιούμενον
2672 3606 2706 3676 ἡ
2729 3605 2830 3675 τῆς
2857 3602 3150 3674 εύκληρίας
3179 3603 3332 3667 ἐλπὶς
3361 3603 3750 3657 διαπλανᾶται.
3795 3603 3846 3658 '0

597 3698 738 3754 Nam
779 3707 1030 3753 terrenus
1083 3696 1237 3751 locus
1276 3702 1360 3750 est
1392 3695 1481 3759 iis,
1512 3709 1635 3764 qua:
1668 3694 2035 3752 alternatione
2078 3709 2177 3752 va-

2276 3700 2388 3769 γάρ
2412 3697 2687 3768 περίγειος
2709 3694 2885 3766 χῶρος
2904 3695 3014 3749 τῶν
3030 3695 3381 3766 τρεπομένων
3401 3711 3461 3748 τε
3489 3695 3589 3747 καὶ
3617 3694 3846 3748 ἀλλοιου-

601 3791 819 3845 riant‘ur
849 3802 915 3844 ac
948 3793 1261 3848 mutantur;
1293 3785 1362 3840 de
1397 3786 1465 3840 iis
1498 3799 1629 3840 vero
1674 3801 1796 3856 quae
1827 3802 1922 3857 per
1950 3787 2174 3854 coelum,

2279 3786 2456 3854 μένων
2488 3785 2605 3838 ἐστί
2627 3801 2642 3817 ·
2684 3785 2792 3838 τῶν
2830 3786 2887 3838 δὲ
2920 3783 3058 3838 κατὰ
3104 3783 3194 3837 τὸν
3241 3784 3466 3853 οὐρανὸν
3510 3785 3844 3854 φαινομένων

601 3891 655 3938 et
684 3888 992 3944 moventur,
1024 3887 1079 3935 et
1103 3888 1385 3950 apparent,
1423 3878 1559 3933 nihil
1593 3879 1702 3934 tale
1727 3879 2066 3946 iudicamus,
2116 3890 2178 3936 ut

2275 3893 2335 3929 τε
2365 3875 2458 3929 καὶ
2493 3877 2845 3948 κινουμένων,
2873 3877 3028 3930 οὐδὲν
3055 3876 3256 3930 τούτων
3290 3875 3757 3945 ὲπιγινώσκομεν,
3780 3877 3845 3938 ὡς

601 3988 712 4026 non
739 3971 928 4026 eodem
949 3969 1113 4025 modo
1131 3968 1391 4022 nimirum
1418 3982 1483 4023 ac
1502 3968 1755 4024 similiter
1779 3985 1902 4027 sese
1921 3971 2174 4038 habeant,

2281 3968 2526 4039 μὴκατὰ
2563 3969 2630 4023 τὰ
2675 3969 2814 4022 αὐτὰ
2856 3969 2948 4022 καὶ
2989 3967 3248 4031 ὡσαύτως
3282 3968 3460 4038 ἔχειν,
3522 3966 3640 4020 ἀλλ’
3681 3967 3846 4038 εἱρμῷ

601 4062 696 4117 sed
721 4061 862 4117 serie
898 4069 1063 4131 atque
1085 4059 1278 4115 ordine
1313 4061 1818 4131 consequentiaque
1856 4077 2016 4119 suum
2043 4074 2178 4135 quo-

2290 4063 2382 4114 καὶ⁵
2404 4061 2554 4128 τάξει
2583 4062 2676 4116 καὶ
2699 4061 2991 4132 ἀκολουθίᾳ
3019 4061 3155 4132 πρὸς
3177 4061 3269 4114 τὸν
3299 4060 3428 4113 ἴδιον
3447 4058 3654 4131 δρόμον
3681 4060 3847 4112 πάντα

599 4166 708 4221 que
737 4163 958 4205 cursum
997 4148 1203 4213 omnia,
1233 4162 1355 4218 quae
1399 4147 1547 4202 circa
1606 4149 1806 4204 cmlum
1840 4159 1998 4217 sunt,
2052 4167 2179 4222 per-

2279 4149 2418 4204 κατὰ
2460 4151 2550 4204 τὸν
2610 4150 2839 4220 ούρανὺν
2878 4149 3265 4220 διεξέρχεσθαι.
3323 4149 3484 4219 Ὁρᾷς
3539 4148 3725 4201 τοίνυν
3757 4147 3848 4215 τῆς

600 4249 788 4312 agunt.
823 4239 986 4296 Vides
1012 4239 1176 4310 igitur
1209 4239 1589 4295 excellentiam
1616 4239 1768 4306 doni,
1804 4242 1949 4312 quod
1984 4259 2089 4298 non
2120 4243 2174 4298 in

2277 4243 2486 4311 δωρεᾶς
2508 4242 2606 4314 τὴν
2635 4241 2940 4314 ὑπερϐολήν
2966 4257 2981 4306 ;
3025 4242 3107 4295 ὃτι
3136 4241 3236 4294 οὐκ
3267 4241 3326 4293 ὲν
3345 4241 3456 4302 τοῖς
3489 4238 3845 4308 τρεπομένοις

601 4332 691 4393 iis,
741 4345 862 4400 quae
912 4337 1216 4392 mutantur,
1265 4330 1694 4399 magnitudinem
1751 4331 2032 4403 dignitatis
2067 4335 2178 4388 lar-

2283 4333 2345 4386 τδ
2381 4333 2611 4404 μέγεθος
2637 4336 2735 4404 τῆς
2759 4332 2916 4399 ἀξίας
2954 4331 3260 4403 χαρίζεται,
3283 4330 3359 4393 ὡς
3384 4329 3450 4384 ἂν
3488 4329 3545 4382 εί
3577 4345 3668 4391 τις
3695 4344 3849 4398 μετα.

601 4422 769 4489 gitur,
801 4435 869 4475 ne
892 4421 982 4489 qui
1013 4419 1331 4475 mutationis
1353 4429 1530 4477 metus
1553 4421 1751 4476 bonam
1777 4439 1926 4494 spem
1956 4426 2170 4494 turbet;

2277 4421 2438 4492 ϐολῆς
2484 4423 2647 4491 φόϐος
2689 4423 2784 4486 τὰς
2832 4423 3203 4494 χρηστοτέρας
3258 4421 3478 4484 ἐλπίδας
3527 4423 3847 4492 παραλυπῆ-

607 4515 702 4570 sed
721 4527 846 4569 cum
870 4528 1098 4584 regnum
1121 4514 1382 4570 cwlorum
1409 4515 1566 4580 dixit,
1599 4516 1840 4571 ostendit
1869 4517 1922 4571 id
1947 4518 2171 4584 donum,

2279 4532 2421 4570 σειεν
2442 4531 2456 4544 ·
2488 4515 2600 4566 ἀλλ’
2638 4514 2884 4586 οὐρανῶν
2925 4515 3022 4586 μὲν
3058 4515 3334 4586 βασιλείαν
3373 4514 3584 4580 εἰπὼν,
3615 4517 3845 4569 δείκνυσι

600 4604 745 4675 quod
776 4605 933 4660 nobis
965 4605 1069 4660 sub
1097 4619 1196 4674 spe
1221 4605 1563 4676 propositum
1593 4613 1698 4670 est,
1748 4621 1856 4660 non
1890 4623 2012 4664 esse
2054 4625 2173 4663 mu-

2275 4609 2336 4663 τδ
2373 4609 2744 4680 ἀμτάύλητον
2776 4610 2870 4663 καὶ
2894 4611 2981 4664 ἀεὶ
3014 4610 3278 4674 ὡσαύτως
3305 4609 3428 4682 ἔχον
3477 4611 3588 4681 τῆς
3616 4614 3738 4666 κατ’
3769 4612 3845 4664 ὲλ-

599 4695 788 4759 tahile,
819 4695 917 4751 sed
946 4710 1167 4766 semper
1194 4695 1384 4752 eodem
1417 4697 1579 4752 modo
1606 4713 1727 4754 sese
1756 4698 1976 4755 habere.

1618 4713 1727 4754 sese
1756 4698 1976 4755 habere.
2277 4701 2406 4756 πίδα
2437 4701 2800 4773 προκειμένης
2825 4704 2957 4773 ἡμῖν
2981 4703 3205 4774 δωρεᾶς.

670 4785 750 4841 Ex
774 4786 886 4856 jam
919 4786 1081 4841 dictis
1105 4794 1312 4852 autem,
1344 4803 1466 4858 quae
1498 4789 1630 4843 mihi
1666 4804 1789 4844 cum
1833 4791 2175 4849 dubitatione

2350 4793 2416 4845 Ὅ
2442 4792 2497 4845 δέ
2542 4809 2631 4862 μοι
2667 4792 2944 4863 διαπορεῖν
2966 4795 3032 4846 ὲκ
3061 4793 3170 4847 τῶν
3199 4793 3504 4866 εἰρημένων
3533 4794 3839 4866 ἐπέρχεται,

597 4893 841 4949 quan-ere
873 4877 927 4931 in
953 4884 1194 4932 mentem
1226 4879 1393 4946 venit,
1427 4878 1542 4934 haec
1588 4889 1746 4935 sunt:
1786 4882 2020 4951 primum
2051 4885 2174 4953 qui-

2277 4883 2435 4938 τοῦτό
2486 4884 2664 4936 ἐστιν·
2714 4884 2927 4956 πρῶτον
2977 4884 3109 4956 μὲν,
3160 4886 3240 4938 ὅτι
3294 4885 3371 4955 τῷ
3415 4885 3731 4954 Μωχεῦσαι
3772 4883 3841 4954 τῷ

597 4971 721 5026 dem
753 4983 855 5024 cur
891 4984 1038 5035 eum,
1087 4969 1181 5039 qui
1210 4969 1408 5039 spiritu
1445 4985 1650 5041 pauper
1684 4972 1778 5036 sit,
1832 4973 1885 5026 in
1919 4974 2169 5030 eumdem

2279 4975 2674 5047 madparttoi’;
2697 4975 2885 5030 ⁴ἕνεκεν
2907 4976 3068 5031 αὐτοῦ
3089 4977 3410 5047 διωχθεῖσιν,
3442 4976 3527 5040 εἰς
3562 4977 3680 5030 ίσον
3705 4978 3839 5044 ἄγειν

595 5062 801 5124 locum,
850 5075 961 5129 quo
990 5073 1106 5123 eos,
1141 5061 1232 5127 qui
1263 5068 1488 5131 propter
1516 5059 1694 5132 ipsum
1730 5064 2170 5133 persecutionem

2277 5067 2556 5138 ἑκατέροις
2595 5067 2656 5120 τὸ
2683 5067 2854 5138 γέρας
2883 5067 3265 5140 προστίθησιν.
3315 5061 3415 5122 Ὧν
3451 5066 3566 5138 γὰρ
3594 5067 3659 5120 τὺ
3687 5066 3839 5120 ἐπαθ-

595 5152 898 5222 patiantur,
933 5148 1228 5218 recipiens,
1269 5163 1457 5220 parem
1490 5151 1735 5224 utrisque
1781 5155 2176 5212 remuneratio-

2275 5158 2366 5212 λον
2421 5159 2483 5212 τδ
2525 5158 2689 5222 αὐτὸ,
2731 5157 2934 5212 τούτων
2971 5159 3168 5230 δηλαδὴ
3215 5159 3310 5214 καὶ
3359 5161 3408 5212 oi
3454 5158 3673 5227 ἀγῶνες
3711 5159 3804 5212 ἴσοι
3825 5173 3840 5188 ⁸

595 5258 722 5300 nem
764 5240 1072 5314 proponat?
1104 5241 1368 5313 (Quorum
1397 5243 1542 5297 enim
1571 5246 1853 5312 praemium
1895 5246 2037 5302 idem
2063 5257 2170 5314 est,

2273 5250 2463 5305 ἔπειτα
2493 5250 2549 5304 δὲ
2577 5249 2694 5313 πῶς
2723 5250 2849 5313 τοὺς
2877 5249 3082 5314 δεξιοὺς
3129 5251 3238 5305 ἀπὸ
3269 5249 3376 5304 τῶν
3409 5249 3712 5320 εὐωνύμων
3737 5249 3840 5302 δια-

597 5335 796 5391 borqu
820 5334 1077 5388 nimirum
1097 5333 1261 5388 etiam
1285 5333 1586 5388 certamina
1607 5335 1758 5404 paria
1783 5340 1956 5409 sunt.)
1974 5338 2175 5396 Deinde

2275 5341 2462 5412 κρίνας
2483 5381 2500 5406 ,
2539 5340 2927 5413 προσκαλεῖται
2960 5341 3096 5413 πρὸς
3123 5341 3222 5413 τὴν
3247 5341 3355 5394 τῶν
3403 5341 3657 5412 οὐρανῶν
3702 5339 3837 5410 βοα-

597 5441 730 5480 vero
757 5423 853 5493 qui
887 5423 1002 5486 tiat,
1035 5433 1094 5476 ut
1121 5422 1391 5476 discretos
1421 5422 1646 5478 dextros
1679 5438 1708 5478 a
1743 5425 1985 5482 sinistris
2029 5428 2173 5483 invi-

2273 5431 2444 5495 λείαν,
2477 5430 2640 5496 ἄλλας
2679 5430 2780 5501 τῆς
2815 5431 3070 5503 τοιαύτης
3101 5432 3267 5502 τιμῆς
3295 5431 3394 5494 τὰς
3427 5431 3611 5495 αἰτίας
3641 5431 3840 5498 Ihm;

597 5525 721 5571 tans
753 5515 818 5569 ad
852 5528 1078 5585 regnum
1109 5515 1400 5578 cmiorum,
1451 5513 1590 5570 alias
1620 5514 1894 5584 ejusmodi
1943 5519 2169 5577 honoris

2274 5523 2350 5578 Τδ
2373 5523 2482 5596 γὰρ
2517 5523 2798 5594 συμπαθές
2829 5540 2889 5577 τε
2912 5524 3006 5578 καὶ
3033 5523 3377 5594 μεταδοτικὸν
3410 5523 3506 5576 καὶ
3532 5521 3839 5592 φιλάλληλον

598 5621 796 5661 causas
829 5604 1103 5676 assignet?
1151 5604 1287 5659 Nam
1329 5619 1453 5659 cum
1506 5604 1619 5660 illic
1647 5613 1702 5661 et
1737 5608 2169 5680 condolentiam,

2272 5616 2388 5669 ἐκεῖ
2418 5615 2736 5687 προφέρων,
2764 5614 3000 5687 οὐδαμοῦ
3038 5615 3310 5687 μέμνηται
3339 5612 3460 5668 οὔτε
3480 5614 3585 5684 τῆς
3609 5625 3833 5682 πνεύμων

676 5779 721 5818 ⁸³
756 5779 899 5843 Ρειι.
939 5796 1049 5838 xvn
1083 5789 1136 5838 et
1160 5794 1237 5836 xl.
1317 5779 1361 5812 ⁸⁸
1401 5778 1594 5840 Matth.
1637 5798 1688 5848 ν,
1731 5783 1814 5838 10.
