3888 6472
80 515 99 567 Ι
112 509 206 564 393

1077 501 1164 556 DE
1211 494 1814 559 BEATITUDINIBUS.
1857 502 2116 561 ORATIO
2140 498 2275 560 Vill.

3160 517 3296 576 ηεξ,

75 630 218 698 τικῆς
253 619 555 691 πτωχείας,
600 615 724 671 οὔτε
756 616 854 687 τῆς
887 617 1068 671 ἕνεκεν
1108 618 1316 672 ἐκείνου
1353 616 1615 683 διώξεωςί

1727 628 1781 676 et
1813 619 2133 676 facultatum
2164 610 2738 694 communicationem,
2770 637 2828 685 et
2853 639 3100 687 mutuum
3139 652 3296 696 amo-

75 722 235 776 κσίτοι
275 714 406 768 πολὺ
451 713 597 766 δοκεῖ
634 711 773 766 κατά
807 710 867 763 τὸ
899 710 1186 781 πρόχειρον
1239 713 1338 782 τῆς
1380 710 1621 774 διανοίας

72 812 161 866 ἀπ’
203 806 439 876 ἀλλήλων
474 803 643 857 ταῦτα
678 800 1075 871 διακεκρίσθαι.
1114 802 1179 855 Τί
1228 801 1338 874 γὰρ
1378 805 1626 855 κοινωνεῖ

72 903 127 955 τὸ
166 897 463 967 πτωχεύσαι
493 894 567 962 τῷ
613 890 937 961 διωχθῆναις
973 893 1043 944 Ἢ
1078 891 1250 945 ταῦτα
1302 892 1462 946 πάλιν
1502 894 1623 946 τίνα

71 986 366 1059 συμφωνίαν
394 984 502 1051 ἔχει
539 979 674 1050 πρὸς
700 980 768 1032 τὰ
795 981 893 1051 τῆς
915 981 1259 1054 ἀγαπητικῆς
1287 982 1625 1053 συμπαθείας

67 1076 500 1142 ἀποτελέσματα;
536 1068 771 1140 Ἔθρεψέ
812 1087 896 1133 τις
924 1070 1012 1123 τὸν
1034 1072 1306 1141 δεόμενον,
1352 1073 1385 1143 ἢ
1414 1072 1504 1127 τὸν
1527 1090 1623 1141 γυ-

68 1170 188 1239 μνὸν
220 1161 556 1233 περιέϐαλεν,
612 1161 645 1231 ἦ
698 1161 954 1231 στεγητδν
1005 1162 1184 1233 όδίτην
1214 1163 1551 1230 ἐδεξιώσατο,
1586 1166 1620 1237 ἢ

65 1253 358 1312 ἀσθενοῦντι
390 1251 485 1303 καὶ
515 1250 888 1321 κατακλείστῳ
918 1250 1016 1322 τὴν
1062 1253 1414 1325 ἐνδεχομένην
1461 1254 1622 1325 Θερα-

62 1351 211 1403 πείαν
237 1345 584 1415 προσήγαγεν
610 1360 623 1373 ·
653 1344 704 1397 τί
736 1344 906 1398 ταῦτα
929 1345 1064 1416 πρὸς
1093 1346 1153 1398 τὸ
1181 1346 1493 1417 πτωχεῢσαι
1527 1348 1621 1401 καὶ

61 1440 338 1511 διωχθῆναι
384 1436 560 1491 κοινὸν
597 1435 731 1505 ἔχει,
770 1437 911 1490 κατὰ
950 1438 1041 1492 τὸν
1070 1437 1161 1490 τοῦ
1188 1438 1621 1510 ἐπιτηδεύματος

53 1535 234 1601 λόγον;
270 1521 437 1592 Οὗτος
482 1527 761 1597 ἀλλοτρίας
799 1528 1085 1599 συμφορὰς
1109 1528 1399 1601 θεραπεύει
1422 1546 1437 1563 θ
1474 1530 1621 1584 ἐκεῖ..

57 1642 155 1680 νων
188 1622 242 1674 δέ
278 1619 566 1689 ἑκάτερος,
595 1618 623 1670 ὅ
658 1635 715 1670 τε
747 1618 1040 1688 πτωχεύων
1068 1620 1161 1672 καὶ
1193 1622 1222 1672 6
1256 1620 1616 1691 διωκόμενος,

55 1717 157 1769 τῶν
206 1711 614 1784 θεραπευόντων
656 1708 974 1780 προσδέεται
1002 1750 1014 1772 ,
1046 1710 1181 1765 ἀλλά
1211 1710 1273 1764 τὸ
1313 1712 1489 1782 πέρας
1527 1713 1620 1766 ἐπὶ

54 1807 261 1859 πάντων
286 1801 418 1857 ἴσον.
460 1800 690 1870 Ὁμοίως
721 1798 827 1872 γὰρ
851 1801 925 1864 είς
955 1800 1178 1871 ούρανδν
1206 1802 1329 1870 ἄγει
1350 1804 1440 1855 τὸν
1470 1821 1618 1857 πτω-

53 1895 310 1966 γεύσαντα
349 1890 428 1960 τῷ
473 1887 764 1959 πνεύματι,
812 1890 906 1942 καὶ
942 1890 1036 1943 τὸν
1071 1891 1255 1945 ἕνεκεν
1294 1893 1458 1947 αὐτοῦ
1489 1894 1615 1947 διω-

44 1953 255 2057 χθέντα,
283 1953 526 2045 καὶτοὺς
556 1953 916 2050 τδ-συμπαθές
941 1982 1375 2053 ἐπιδειξαμένους
1399 1984 1536 2055 πρὸς
1555 1987 1616 2039 τὸ
1646 1953 1692 2013 Β

48 2076 327 2147 ὁμόφυλον.
363 2073 427 2125 Τί
448 2069 540 2126 οὖν
570 2088 746 2142 φαμεν
770 2072 904 2143 πρὸς
929 2074 1131 2139 ταῦτα;
1169 2076 1289 2128 Ὀτι
1322 2075 1502 2146 ἔχεται
1529 2078 1619 2131 ἀλα

42 2169 214 2237 λὴλων
242 2165 312 2219 τὰ
350 2165 530 2218 πᾶντα
567 2163 702 2235 πρὸς
732 2163 823 2217 τὸν
860 2164 959 2217 ἕνα
1004 2167 1204 2221 σκοπὸν
1235 2171 1621 2224 συννενευκότα

44 2259 133 2311 καὶ
153 2255 519 2326 συμπνέοντα.
550 2254 624 2306 ’Ἢ
644 2270 702 2305 τε
732 2252 841 2324 γὰρ
864 2254 1103 2325 πτωχεία
1130 2258 1265 2326 πρὸς
1294 2259 1621 2328 μετανάστα-

43 2365 121 2401 σιν
152 2344 407 2410 εὖκολος,
448 2342 543 2397 καὶ
584 2345 618 2415 ἡ
664 2342 1029 2414 φιλοπτωχεῑα
1072 2346 1170 2416 τῆς
1212 2350 1483 2419 πτωχείας
1520 2353 1617 2405 οὐκ

40 2437 415 2508 ἠλλοτρίωται.
466 2434 627 2488 Ἀλλά
668 2453 757 2505 μοι
798 2437 943 2489 δοκεί
970 2436 1148 2500 καλῶς
1179 2437 1321 2507 ἔχειν
1352 2442 1614 2513 πρότερον

34 2531 124 2582 τὸν
153 2528 402 2598 παρόντα
420 2525 576 2595 λόγον
604 2526 941 2597 ἀναζητῆσαι
962 2543 975 2557 ⁸
1005 2526 1104 2579 εἷθ’
1126 2526 1268 2581 οὕτω
1293 2530 1390 2599 τὴν
1420 2532 1475 2583 ἐν
1502 2535 1615 2596 τοῖς

37 2618 426 2689 ἐξητασμένοις
450 2617 767 2687 συμφωνίαν
798 2618 891 2670 καὶ
917 2617 1007 2670 τὸν
1039 2617 1163 2671 νοῦν
1185 2620 1605 2691 ἐπισκέψασθαι.

1726 726 1839 766 rem
1891 712 2154 781 proferat,
2214 729 2392 784 neque
2438 717 2739 787 spiritualis
2787 724 3067 792 egestatis,
3119 743 3297 799 neque

1724 808 1944 869 propter
1992 803 2171 872 ipsum
2221 807 2618 873 persecutionis
2678 826 2909 880 usquam
2966 818 3296 876 mentionem

1726 890 1886 945 facit:
1926 907 2237 962 quanquam
2290 897 2519 950 multum
2552 898 2667 953 haec
2698 905 2999 959 secundum
3036 924 3161 963 eum
3212 911 3297 965 in-

1722 980 2021 1047 tellectum,
2072 984 2165 1053 qui
2208 986 2381 1053 prima
2433 987 2609 1045 fronte
2638 995 2898 1061 occurrit,
2962 998 3031 1053 ab
3061 1000 3296 1057 invicem

1723 1063 2002 1134 disjuncla
2029 1084 2153 1125 esse
2201 1071 2475 1128 videntur.
2503 1075 2641 1141 Quid
2667 1082 2812 1135 enim
2836 1097 3130 1155 paupertas
3152 1106 3298 1147 com-

1723 1172 1888 1212 mune
1915 1157 2079 1214 habet
2105 1176 2229 1216 cum
2268 1168 2669 1233 persecutione,
2705 1180 2799 1226 aut
2826 1175 2911 1232 his
2948 1194 3142 1239 rursus
3165 1186 3295 1253 quid

1722 1260 1977 1312 convenit
2008 1273 2135 1314 cum
2166 1261 2474 1320 dilectionis
2504 1274 2558 1321 et
2585 1270 2942 1329 condolentiae
2967 1276 3297 1338 aﬁ‘ectibus?

1722 1346 1919 1402 Cibum
1943 1350 2209 1421 indigenti
2239 1354 2438 1424 aliquis
2466 1358 2925 1431 subministravit,
2957 1377 3053 1423 aut
3085 1373 3292 1429 nudum

1721 1441 1963 1509 vestivit,
2019 1451 2114 1498 aut
2147 1453 2291 1502 tecto
2318 1448 2583 1505 viatorem
2620 1455 2844 1525 recepit,
2895 1469 2989 1513 aut
3029 1471 3293 1532 aegrotum

1721 1537 1777 1586 et
1810 1531 1867 1586 in
1908 1547 2184 1590 carcerem
2231 1539 2539 1608 conjectum
2581 1559 2666 1611 eo,
2708 1550 2849 1616 quod
2894 1531 3295 1618 licuit,’oﬁicio

1722 1629 2047 1689 prosecutus
2092 1634 2177 1679 est
2213 1640 2228 1677 :
2262 1627 2393 1697 quid
2435 1629 2551 1685 haec
2594 1634 2807 1691 ratione
2837 1638 3001 1693 studii
3036 1647 3088 1694 et
3126 1640 3294 1697 oﬁicii

1721 1726 1845 1765 cum
1894 1722 2132 1783 egestate
2179 1725 2234 1772 et
2282 1722 2663 1788 persecutione
2715 1742 3010 1786 commune
3052 1734 3294 1790 habent?

1722 1801 1812 1856 hic
1861 1804 2068 1863 alienas
2115 1810 2452 1869 calamitates
2487 1827 2665 1882 curat,
2713 1821 2894 1875 aliena
2943 1823 3293 1884 incommoda

1722 1892 1888 1948 sarcit
1913 1903 1968 1949 et
1997 1909 2185 1965 sanat;
2222 1901 2436 1958 illormn
2462 1914 2646 1963 autem
2669 1916 2900 1982 uterque
2926 1924 3034 1969 tam
3062 1934 3289 1989 egenus,

1722 1998 1883 2053 quam
1911 1992 2350 2055 persecutionem
2385 1996 2597 2064 patiens
2625 1999 2866 2055 ofﬁcium
2900 2011 3291 2073 praestantibus

1720 2088 1859 2144 opus
1916 2076 2139 2147 habent,
2197 2082 2291 2138 sed
2345 2084 2470 2142 ﬁnis
2510 2088 2566 2141 in
2610 2093 2867 2150 omnibus
2919 2112 3036 2164 par.
3078 2099 3293 2159 Pariter

1718 2167 1861 2221 enim
1897 2168 1953 2223 in
1995 2172 2195 2226 coelum
2237 2175 2386 2231 ducit
2438 2186 2492 2233 et
2531 2196 2675 2249 eum,
2725 2185 2817 2254 qui
2861 2202 3068 2257 pauper
3092 2194 3291 2261 spiritu

1717 2256 1906 2325 fuerit,
1947 2269 2002 2316 et
2029 2279 2152 2318 eum
2197 2267 2290 2336 qui
2336 2278 2560 2340 propter
2619 2273 2795 2340 ipsum
2850 2256 3291 2346 persecutionem

1718 2365 1916 2419 passus
1944 2354 2036 2416 sit,
2073 2364 2127 2411 et
2150 2373 2264 2424 eos,
2300 2362 2391 2429 qui
2428 2363 2824 2420 condolentiam
2850 2384 2975 2440 erga
3011 2375 3291 2440 proximos

1718 2444 2094 2511 praestiterint.
2122 2447 2263 2512 Quid
2295 2450 2462 2521 igitur
2487 2455 2554 2508 ad
2588 2455 2703 2510 haec
2729 2457 3006 2515 dicimus?
3034 2478 3157 2517 nam
3178 2480 3291 2520 om-

1718 2533 1807 2587 nia
1845 2533 1985 2589 inter
2007 2552 2128 2593 sese
2157 2540 2453 2609 cohaerent,
2489 2544 2556 2599 ad
2587 2563 2753 2601 unum
2786 2551 2940 2605 illum
2968 2556 3123 2623 quasi
3164 2572 3291 2614 sco-

1715 2642 1843 2697 pum
1874 2643 2142 2686 conversa
2177 2642 2340 2702 atque
2379 2640 2771 2709 conspirantia.
2829 2643 3040 2701 Etenim
3072 2660 3290 2719 egestas

36 2714 190 2781 pulsu
224 2708 433 2770 facilis,
477 2714 531 2763 et
576 2708 886 2778 benignitas
920 2708 976 2763 in
1007 2724 1273 2780 pauperes
1319 2720 1374 2767 et
1408 2730 1610 2784 egenos
1647 2733 1679 2772 a
1712 2730 2034 2790 paupertate
2080 2725 2256 2782 aliena
2294 2744 2405 2784 non
2468 2742 2574 2788 est.
2644 2733 2841 2791 Verum
2883 2739 3029 2795 haud
3076 2708 3289 2799 incom-

35 2805 252 2859 modum
282 2818 413 2858 esse
439 2802 569 2856 mihi
588 2802 823 2865 videtur,
846 2813 1168 2873 praesentem
1196 2806 1351 2876 prius
1376 2809 1709 2883 investigare
1734 2817 2059 2884 orationem,
2088 2828 2250 2891 atque
2316 2824 2387 2878 ita
2457 2825 2713 2898 deinceps
2779 2831 3061 2902 despicere
3127 2842 3290 2908 atque

31 2896 406 2958 considerare,
441 2893 663 2962 quinam
697 2893 828 2949 insit
851 2894 904 2947 in
933 2894 1021 2960 iis,
1052 2910 1172 2964 quae
1202 2898 1428 2966 qumsita
1460 2910 1609 2967 sunt,
1644 2904 1954 2962 intellectus
1997 2916 2161 2979 atque
2190 2926 2513 2970 consensus.

99 2987 394 3055 Μακάριοι
437 2988 490 3039 οὶ
527 2984 904 3054 δεδιωγμένοι
951 2985 1165 3041 ἕνεκεν
1204 2988 1611 3061 δικαιοσύνης.

32 3080 199 3134 Πόθεν
251 3077 647 3148 δεδιωγμένοι,
699 3078 793 3131 καὶ
839 3078 989 3149 παρά
1037 3078 1214 3145 τίνος;
1267 3081 1325 3134 '0
1375 3082 1474 3152 μὲν
1522 3080 1614 3138 οὖν

32 3169 323 3239 πρόχειρος
366 3166 523 3235 λόγος
549 3165 610 3218 τὸ
638 3165 746 3218 τῶν
779 3167 1072 3238 μαρτύρων
1104 3168 1236 3237 ἡμῖν
1270 3170 1613 3226 ὑποδείκνυσι

28 3260 242 3313 στάδιον
268 3299 283 3322 ,
330 3258 546 3311 καὶτὸν
572 3258 673 3327 τῆς
707 3257 940 3321 πίστεως
979 3258 1177 3330 δρόμον
1228 3260 1609 3333 ὑποσημαίνει.

41 3352 103 3402 Ἦ
132 3350 245 3420 γὰρ
272 3347 481 3414 δίωξις,
522 3346 621 3418 τὴν
654 3347 899 3402 σύντονον
925 3350 1020 3403 τοῦ
1047 3351 1331 3421 τρέχοντος
1385 3352 1512 3422 περὶ
1556 3352 1615 3406 τὸ

27 3444 191 3514 τάχος
220 3441 467 3512 σπουδὴν
513 3441 800 3512 ἐρμηνεύει
820 3458 833 3471 ’
881 3441 1080 3511 μᾶλλον
1108 3443 1166 3496 δέ
1199 3444 1294 3497 καὶ
1320 3442 1419 3515 τὴν
1452 3444 1511 3496 ἐν
1537 3444 1615 3513 τῷ

25 3534 242 3604 τρέχειν
283 3532 448 3602 νίκην
487 3532 866 3601 ὑποσημαίνει.
930 3532 1005 3585 Ού
1067 3535 1175 3604 γὰρ
1222 3533 1365 3588 ἔστιν
1416 3535 1615 3605 ἑτέρως

29 3626 251 3693 νικῆσαι
282 3620 568 3693 τρέχοντα,
622 3620 695 3691 μὴ
747 3620 973 3675 κατόπιν
1010 3622 1375 3676 καταλιπόντα
1420 3624 1612 3677 ἑαυτοῦ

20 3716 114 3767 τὸν
142 3713 533 3783 συντρέχοντα.
582 3714 732 3765 Ἐπεὶ
757 3711 849 3767 οὖν
872 3715 899 3767 ὃ
915 3731 973 3767 τε
996 3714 1135 3787 πρὸς
1160 3714 1221 3767 τὺ
1248 3714 1496 3787 βραϐεῖον
1515 3717 1614 3788 τῆς

24 3804 137 3857 ἄνω
170 3804 428 3872 κλήσεως
455 3801 684 3872 τρέχων,
720 3803 815 3856 καὶ
853 3805 881 3856 6
909 3803 996 3857 διά
1038 3804 1099 3856 τὸ
1138 3804 1386 3874 βραϐεῖον
1426 3806 1614 3860 διωκό-

27 3912 186 3965 μενος
217 3894 382 3965 παρά
407 3892 500 3946 τοῦ
535 3893 752 3964 ἐχθροῦ,
798 3894 993 3965 ἐπίσης
1038 3895 1219 3964 έχουσι
1253 3896 1392 3949 κατά
1421 3896 1610 3962 νώτου,

21 3991 49 4040 6
76 3989 176 4058 μὲν
204 3988 302 4041 τὸν
332 3984 777 4056 διαμιλλώμενον,
808 3987 837 4039 ό
859 3986 914 4039 δὲ
945 3987 1036 4039 τὸν
1058 3986 1319 4040 διώκοντα
1337 4004 1350 4017 ο
1393 3980 1537 4041 οὗτοι
1556 3988 1611 4041 δέ

19 4081 160 4134 είσιν
190 4080 243 4132 oi
274 4079 372 4132 τὸν
405 4076 497 4130 τοῦ
529 4077 829 4148 μαρτυρίου
874 4076 1075 4147 δρόμον
1114 4078 1389 4141 ἀνύοντες,
1418 4080 1475 4131 ἐν
1502 4081 1612 4143 τοῖς

16 4171 161 4241 ὑπὲρ
203 4170 312 4239 τῆς
347 4167 626 4230 εὐσεϐείας
651 4167 846 4236 ἀγῶσι,
874 4168 1192 4238 διωκόμενοι
1238 4168 1332 4221 καὶ
1359 4169 1427 4221 ού
1448 4186 1613 4222 κατα-

15 4262 437 4335 λαμὸανόμενοι
473 4276 487 4291 ’
536 4259 679 4312 ἔοικε
716 4259 777 4311 τὸ
810 4259 1101 4327 κεφάλαιον
1139 4258 1241 4329 τῆς
1282 4261 1400 4311 κατ’
1426 4259 1613 4312 ἐλπίδα

14 4354 408 4425 προκειμένης
459 4350 855 4421 μακαριότητος
879 4389 895 4412 ,
942 4345 1052 4404 οἶόν
1086 4368 1208 4403 τινα
1261 4350 1521 4419 στέφανον
1553 4353 1611 4405 ἐν

1793 2997 1949 3053 Beati
1985 3004 2074 3069 qui
2108 3006 2520 3068 persecutionem
2560 3009 2840 3077 patiuntur
2876 3024 3089 3083 propter
3123 3018 3289 3086 justi-

1722 3092 1875 3145 tiam.
1915 3091 2070 3148 Unde
2101 3098 2533 3164 persecutionem
2565 3101 2845 3169 patiuntur
2875 3113 2929 3158 et
2955 3121 2985 3159 a
3016 3110 3167 3178 quo?
3191 3112 3289 3165 At-

1719 3197 1826 3253 que
1863 3199 1926 3238 ea
1966 3185 2207 3254 quidem,
2257 3204 2381 3257 qua:
2427 3189 2481 3243 in
2519 3201 2773 3263 promptu
2814 3196 2954 3253 ratio
2987 3208 3090 3262 est,
3140 3216 3290 3255 mar-

1718 3281 1895 3344 tyrum
1931 3274 2091 3330 nobis
2118 3276 2353 3332 stadium
2382 3280 2646 3345 ostendit,
2680 3298 2744 3339 ac
2774 3283 2896 3340 ﬁdei
2928 3302 3151 3344 cursum
3193 3291 3290 3348 de-

1717 3361 1912 3431 signat.
1944 3361 2078 3416 Nam
2103 3367 2412 3434 persecutio
2439 3372 2712 3428 currentis
2729 3373 3021 3433 vehemens
3040 3379 3284 3436 studium

1716 3454 2013 3509 celeritatis
2056 3455 2345 3525 signiﬁcat.
2388 3457 2500 3515 lmo
2535 3477 2665 3517 vero
2697 3465 2860 3519 etiam
2906 3467 2962 3521 in
3011 3472 3287 3527 currendo

1714 3543 2001 3598 victoriam
2036 3545 2273 3614 indicat;
2320 3564 2431 3604 non
2466 3551 2611 3605 enim
2654 3554 2814 3610 aliter
2840 3561 3117 3616 currendo
3161 3564 3287 3633 quis

1714 3636 1934 3691 vincere
1964 3644 2161 3707 potest,
2194 3638 2300 3693 nisi
2333 3651 2455 3710 post
2481 3658 2541 3697 se
2568 3644 2852 3716 reliquerit
2878 3664 3026 3716 eum,
3083 3654 3178 3722 qui
3210 3655 3287 3710 si-

1710 3716 1830 3782 mul
1863 3729 2055 3783 currit.
2109 3728 2379 3796 Quoniam
2414 3734 2580 3803 igitur
2607 3744 2660 3789 et
2692 3736 2739 3791 is
2772 3738 2864 3807 qui
2901 3738 2970 3793 ad
3002 3716 3284 3811 prae-mium

1714 3832 1963 3885 superna:
2001 3822 2303 3877 vocationis
2351 3825 2546 3889 currit,
2593 3835 2645 3881 et
2676 3827 2723 3882 is
2748 3828 2842 3897 qui
2875 3839 3098 3900 propter
3148 3849 3286 3902 pra:-

1715 3903 1882 3955 mium
1909 3903 1978 3957 ab
2003 3904 2225 3962 inimico
2246 3911 2576 3980 exagitatur,
2608 3914 2814 3983 pariter
2836 3931 2865 3969 a
2892 3924 3045 3989 tergo
3061 3920 3280 3989 habent,

1715 3990 1805 4045 ille
1845 3994 2063 4062 quidem
2100 3997 2169 4052 de
2197 4001 2422 4067 praamio
2459 4003 2623 4057 simul
2667 4014 2990 4072 certantem,
3032 4010 3121 4064 hic
3152 4027 3283 4067 vero

1714 4095 2129 4154 persequentem
2177 4091 2261 4160 (hi
2308 4100 2488 4148 autem
2540 4104 2689 4160 sunt,
2737 4100 2827 4167 qui
2873 4105 3119 4171 martyrii
3149 4120 3281 4159 cur—

1710 4190 1858 4238 sum,
1902 4176 1957 4230 in
1988 4183 2378 4239 certaminibus
2420 4201 2516 4255 pro
2555 4189 2751 4257 pietate
2784 4194 3073 4262 susceptis,
3110 4198 3282 4253 conﬁ-

1713 4267 1887 4329 ciunt,
1936 4284 2074 4338 quos
2101 4272 2308 4327 inimici
2339 4277 2554 4345 quidem
2586 4291 3013 4351 persequuntur,
3044 4287 3137 4341 sed
3169 4304 3282 4346 non

1713 4361 2116 4433 assequuntur)
2161 4402 2176 4426 ,
2228 4366 2441 4424 videtur
2480 4379 2645 4441 caput
2681 4379 2736 4425 et
2780 4386 3052 4430 summam
3092 4378 3148 4432 in
3184 4394 3283 4447 spe

10 4447 366 4507 τελευταίοις
407 4443 810 4512 προτεθεικέναι
838 4443 1033 4509 λόγοις.
1086 4442 1505 4535 Μακάριονγάρ
1535 4442 1610 4535 ώς

1718 4452 2007 4519 propositae
2062 4455 2439 4524 beatitudinis,
2484 4459 2651 4514 veluti
2686 4476 2945 4517 coronam
2984 4442 3277 4535 quamdam

9 4538 237 4609 ἀληθῶς
286 4535 354 4588 τὸ
394 4534 579 4587 ἓνεκεν
620 4532 715 4586 τοῦ
753 4534 956 4605 Κυρίου
1006 4531 1317 4586 διώκεσθαι.
1370 4531 1469 4584 Διά
1511 4532 1605 4597 τί;

1718 4541 1766 4595 in
1797 4544 2090 4614 postremis
2124 4550 2479 4617 proposuisse
2509 4551 2707 4607 verbis.
2740 4552 2875 4609 Nam
2917 4571 3106 4614 revera
3151 4560 3281 4616 bea—

12 4632 139 4684 ’Ὁτι
183 4630 252 4683 τὸ
292 4628 448 4697 παρά
482 4624 574 4680 τοῦ
608 4627 780 4680 κακοῦ
814 4625 1188 4690 ἐκδιώκεσθαι,
1228 4626 1399 4678 αἴτιον
1439 4626 1496 4677 ἐν
1530 4623 1607 4694 τῷ

1718 4638 1825 4683 tum
1886 4640 1970 4686 est
2031 4644 2254 4705 propter
2306 4635 2591 4694 Dominum
2644 4642 2755 4712 pati
2819 4649 3277 4715 persecutionem.

8 4722 209 4793 ἀγαθῷ
270 4720 531 4790 γενέσθαι
576 4717 917 4772 καθίσταται.
979 4719 1046 4771 Ἦ
1094 4717 1214 4811 γὰρ⁸
1241 4716 1333 4771 τοῦ
1368 4716 1604 4811 πονηρῷ

1718 4719 1935 4787 Quare?
1975 4725 2102 4794 quia
2143 4741 2173 4780 a
2203 4728 2347 4782 malo
2390 4732 2679 4802 exagitari,
2718 4748 2884 4790 causa
2923 4737 3051 4793 boni
3102 4742 3280 4811 adipi-

6 4815 410 4886 ἀλλοτρίωσις.
441 4811 539 4880 τῆς
565 4811 701 4882 πρὸς
732 4810 791 4863 τὸ
813 4810 1016 4879 ἀγαθὸν
1047 4808 1367 4872 οίκειώσεως
1386 4809 1607 4880 ἀφορμὴ

1718 4814 1897 4867 sccndi
1946 4813 2036 4881 ﬁt;
2097 4832 2223 4872 nam
2278 4820 2603 4876 abalienatio
2653 4834 2817 4896 atque
2868 4828 3057 4884 vitatio
3124 4808 3277 4898 mali,

4 4913 229 4979 γίνεται
261 4921 276 4936 ’
339 4902 541 4971 ἀγαθὸν
583 4902 638 4955 δέ
694 4903 786 4955 καὶ
832 4902 1032 4965 παντὸς
1076 4901 1281 4970 ἀγαθοῦ
1332 4903 1603 4966 ἐπέκεινα,

1718 4904 1835 4958 boui
1886 4907 2284 4966 conciliationis
2330 4913 2547 4967 occasio
2596 4914 2687 4970 ﬁt:
2746 4916 2950 4974 bonum
2997 4930 3180 4977 autem
3224 4933 3278 4979 et

5 5002 176 5063 αὐτὸς
223 4999 255 5051 ὁ
310 4994 540 5066 Κύριος,
589 4994 724 5065 πρὸς
769 4993 828 5046 ὃν
864 4994 1150 5065 ἀνατρέχει
1193 4996 1222 5047 ό
1260 4994 1605 5064 διωκόμενος.

1718 5008 1872 5063 supra
1913 5011 2074 5049 onme
2122 4997 2323 5052 bonum
2375 5002 2491 5071 ipse
2537 5003 2797 5059 Dominus
2841 5016 2945 5069 est,
3000 5008 3068 5062 ad
3115 5026 3275 5080 quem

3 5089 229 5143 Οὐκοῦν
290 5084 565 5155 μακάριος
598 5084 672 5147 ὡς
699 5084 932 5156 ἀληθῶς,
975 5086 1004 5137 6
1035 5083 1396 5194 σὲνεργῷἱτῷ
1429 5082 1608 5194 ἐχθρῷ

1718 5099 1873 5139 cursu
1903 5088 2207 5154 contendit,
2252 5090 2343 5160 qui
2382 5094 2814 5161 persecutionem
2847 5098 3051 5165 patitur
3076 5108 3131 5152 et
3160 5101 3276 5170 agi-

3 5181 149 5247 πρὸς
182 5177 250 5230 τὸ
292 5174 498 5243 ἀγαθὸν
540 5175 836 5244 χρώμενος.
892 5174 1115 5245 Ἐπειδὴ
1142 5173 1251 5286 γὰρ
1285 5175 1342 5286 ἐν
1361 5173 1608 5286 [μεθορίῳ

1718 5182 1875 5228 tatur.
1913 5173 2054 5244 Ergo
2084 5192 2274 5232 revera
2314 5179 2503 5234 beatus
2534 5190 2636 5244 est,
2669 5183 2761 5252 qui
2810 5182 3031 5237 inimico
3072 5184 3139 5237 ad
3174 5185 3275 5238 bo-

1718 5281 1834 5286 ___#
1889 5266 2058 5286 ﬂ...”
2303 5285 2336 5286 η
2427 5270 2467 5286 η
2589 5272 2600 5283 .
2817 5272 2828 5283 .
2934 5275 2945 5285 .
3150 5274 3176 5286 ..
3223 5275 3235 5286 .

1 5276 191 5326 κεῖται
238 5268 345 5322 τοῦ
397 5265 602 5334 ἀγαθοῦ
650 5265 745 5318 καὶ
786 5264 882 5318 τοῦ
927 5266 1167 5336 χείρονος
1212 5267 1245 5336 ὴ
1291 5265 1605 5336 ἀνθρωπίνη

1718 5281 1837 5318 num
1889 5266 2060 5320 utitur
2100 5266 2364 5336 adjutore.
2425 5270 2692 5336 Quoniam
2742 5272 2889 5327 enim
2932 5275 2986 5326 in
3037 5274 3276 5329 conﬁnio

446 5318 485 5410 ’ό
512 5358 610 5427 τῆς
655 5357 867 5427 ἀγαθῆς
919 5318 978 5410 τε
1019 5318 1116 5411 καὶ
1154 5318 1363 5467 ὑψηλῆς
1394 5318 1607 5467 ἐλπίδος

1718 5357 1833 5410 boni
1865 5367 1919 5412 ct
1946 5358 2075 5411 mali
2103 5359 2336 5415 humana
2366 5362 2477 5415 vita
2510 5363 2685 5431 posita
2710 5370 2812 5427 est,
2844 5363 2987 5417 sicut
3018 5364 3085 5429 is,
3118 5366 3212 5435 qui
3245 5381 3275 5420 a

1 5404 423 5523 Ξξᾷἶισῖξιξᾷξ,
465 5450 523 5500 ἐν
663 5404 920 5520 βαράθρῳ
953 5450 1158 5517 γίνεται
1250 5404 1418 5511 δῦτως
1447 5449 1476 5499 6
1508 5450 1605 5518 τῆς

1868 5404 1918 5412 ν-
2377 5404 2477 5415 η...
2511 5404 2685 5431 γυνη..
2711 5404 2812 5427 νυ,
2844 5404 2987 5417 ων...
3018 5404 3085 5429 ω,
3118 5404 3212 5435 ιν..
3245 5404 3275 5420 ε.

1718 5447 1924 5501 sublimi
1957 5465 2052 5518 spe
2079 5450 2332 5520 delapsus
2358 5462 2462 5517 est,
2499 5453 2553 5506 in
2583 5453 2844 5506 barathro
2880 5463 3162 5509 versatur:
3200 5456 3275 5512 ita

1 5543 307 5617 ἁμαρτίας
334 5539 690 5610 ἀπῳκισθεὶς,
722 5541 815 5592 καὶ
837 5540 939 5610 τῆς
972 5540 1175 5610 φθορᾶς
1201 5537 1601 5646 ἀλλοτριωθεὶς,
1705 5540 1796 5610 qui
1830 5555 1858 5593 a
1890 5550 2113 5646 peccato
2149 5552 2410 5646 remotus,
2456 5552 2583 5646 eta
2625 5545 2967 5646 corruptione

1704 5640 1808 5696 est,
1842 5632 1908 5687 ad
1936 5632 2204 5701 justitiam
2254 5635 2460 5704 pariter
2487 5642 2541 5688 et
2570 5634 3139 5704 incorruptibilitatem
3184 5650 3275 5689 ac-

1692 5699 1867 5778 cedit.
1912 5699 2096 5794 Itaque
2135 5699 2553 5796 persecutionis,
2594 5740 2701 5795 qua
2734 5735 2999 5797 martyres
3039 5741 3067 5779 a
3096 5735 3275 5798 tyran-

1704 5816 1791 5869 nis
1841 5817 2136 5886 agilantur,
2182 5817 2397 5887 species
2431 5816 2647 5888 quidem
2684 5829 2844 5886 prout
2873 5819 3047 5888 prima
3095 5817 3274 5881 fronte

1705 5916 1947 5976 apparet,
1999 5910 2183 5962 sensui
2240 5908 2434 5963 acerba
2481 5922 2602 5964 esse
2647 5908 2884 5978 videtur,
2926 5911 3021 5965 sed
3070 5910 3118 5966 id
3162 5924 3272 5985 quo

1 5636 378 5703 δικαιοσύνην
402 5649 460 5685 τε
495 5632 586 5684 καὶ
608 5631 914 5703 ἀφθαρσίαν
947 5633 1287 5703 μετέρχεται.
1322 5630 1481 5683 Ὥστε
1509 5631 1605 5700 τῆς

1 5728 160 5797 παρά
185 5726 309 5779 τῶν
353 5724 630 5793 τυράννων
664 5724 956 5795 γινομένης
988 5723 1128 5777 κατά
1163 5722 1275 5775 τῶν
1312 5721 1603 5793 μαρτύρων

1 5818 253 5887 διώξεως
282 5859 298 5881 ,
353 5816 414 5868 τὸ
449 5817 547 5887 μὲν
596 5812 731 5879 εἶδος
774 5816 916 5870 κατά
960 5816 1019 5869 τὸ
1060 5815 1363 5887 προχείρως
1414 5814 1601 5883 φαινό-

1 5929 196 5984 μενον,
225 5908 489 5977 ἀλγεινὸν
514 5904 652 5965 εἶναι
688 5911 751 5980 τῇ
790 5907 1038 5980 αἰσθήσει
1060 5925 1074 5939 ·
1115 5910 1144 5962 ὁ
1175 5907 1230 5962 δέ
1264 5906 1463 5969 σκοπὸς
1495 5904 1602 5958 τῶν

1705 5540 1796 5610 qui
1830 5555 1858 5593 a
1890 5550 2113 5609 peccato
2149 5552 2410 5608 remotus,
2456 5552 2510 5599 et
2552 5558 2582 5596 a
2625 5545 2972 5613 corruptione
3005 5546 3275 5602 alienatus
3357 5571 3362 5575 -
