  <div class='ocr_page' id='page_1' title='image "/cluster/home/n/w/nwhite01/storage/ocr_20150623/44/hvd.32044012542270/659.png"; bbox 0 0 4018 6498; ppageno 0'>
   <div class='ocr_carea' id='block_1_1' title="bbox 591 393 730 450">
    <p class='ocr_par' dir='ltr' id='par_1_1' title="bbox 591 393 730 450">
     <span class='ocr_line' id='line_1_1' title="bbox 591 393 730 450; baseline 0.029 -4"><span class='ocrx_word' id='word_1_1' title='bbox 591 393 730 450; x_wconf 68' lang='grc'>1299</span> 
     </span>
    </p>
   </div>
   <div class='ocr_carea' id='block_1_2' title="bbox 1829 396 2645 457">
    <p class='ocr_par' dir='ltr' id='par_1_2' title="bbox 1829 396 2645 457">
     <span class='ocr_line' id='line_1_2' title="bbox 1829 396 2645 457; baseline 0.004 -5"><span class='ocrx_word' id='word_1_2' title='bbox 1829 399 1885 452; x_wconf 84' lang='lat' dir='ltr'><strong>S.</strong></span> <span class='ocrx_word' id='word_1_3' title='bbox 1943 396 2272 456; x_wconf 74' lang='lat' dir='ltr'><strong>GREGORII</strong></span> <span class='ocrx_word' id='word_1_4' title='bbox 2325 399 2645 457; x_wconf 73' lang='lat' dir='ltr'><strong>NYSSENI.</strong></span> 
     </span>
    </p>
   </div>
   <div class='ocr_carea' id='block_1_3' title="bbox 3692 393 3843 449">
    <p class='ocr_par' dir='ltr' id='par_1_3' title="bbox 3692 393 3843 449">
     <span class='ocr_line' id='line_1_3' title="bbox 3692 393 3843 449; baseline -0.007 -1"><span class='ocrx_word' id='word_1_5' title='bbox 3692 393 3843 449; x_wconf 69' lang='grc' dir='ltr'><strong>13Θῦ</strong></span> 
     </span>
    </p>
   </div>
   <div class='ocr_carea' id='block_1_4' title="bbox 587 505 2159 579">
    <p class='ocr_par' dir='ltr' id='par_1_4' title="bbox 587 508 2159 578">
     <span class='ocr_line' id='line_1_4' title="bbox 587 508 2159 578; baseline 0.003 -16"><span class='ocrx_word' id='word_1_6' title='bbox 587 521 784 562; x_wconf 85' lang='lat' dir='ltr'><strong>omnes</strong></span> <span class='ocrx_word' id='word_1_7' title='bbox 815 508 908 578; x_wconf 89' lang='lat' dir='ltr'><strong>qui</strong></span> <span class='ocrx_word' id='word_1_8' title='bbox 949 509 1049 564; x_wconf 89' lang='lat' dir='ltr'><strong>hos</strong></span> <span class='ocrx_word' id='word_1_9' title='bbox 1077 512 1249 565; x_wconf 89' lang='lat' dir='ltr'><strong>secuti</strong></span> <span class='ocrx_word' id='word_1_10' title='bbox 1282 518 1412 566; x_wconf 88' lang='lat' dir='ltr'><strong>sunt</strong></span> <span class='ocrx_word' id='word_1_11' title='bbox 1443 511 1567 567; x_wconf 86' lang='lat' dir='ltr'><strong>fidei</strong></span> <span class='ocrx_word' id='word_1_12' title='bbox 1594 511 1814 567; x_wconf 64' lang='lat' dir='ltr'><strong>athleta:</strong></span> <span class='ocrx_word' id='word_1_13' title='bbox 1843 512 2024 566; x_wconf 80' lang='lat' dir='ltr'><strong>varias</strong></span> <span class='ocrx_word' id='word_1_14' title='bbox 2047 520 2159 566; x_wconf 80' lang='lat' dir='ltr'><strong>tor-</strong></span> 
     </span>
    </p>
   </div>
   <div class='ocr_carea' id='block_1_5' title="bbox 2262 505 3844 579">
    <p class='ocr_par' dir='ltr' id='par_1_5' title="bbox 2262 505 3844 576">
     <span class='ocr_line' id='line_1_5' title="bbox 2262 505 3844 576; baseline -0.005 -10"><span class='ocrx_word' id='word_1_15' title='bbox 2262 513 2553 576; x_wconf 75' lang='grc' dir='ltr'>ἀποϐολάς,</span> <span class='ocrx_word' id='word_1_16' title='bbox 2577 511 2672 575; x_wconf 70' lang='grc' dir='ltr'>τὰς</span> <span class='ocrx_word' id='word_1_17' title='bbox 2702 509 2806 563; x_wconf 83' lang='grc' dir='ltr'><strong>τῶν</strong></span> <span class='ocrx_word' id='word_1_18' title='bbox 2839 507 3114 563; x_wconf 77' lang='grc' dir='ltr'><strong>δακτύλων</strong></span> <span class='ocrx_word' id='word_1_19' title='bbox 3139 505 3440 570; x_wconf 78' lang='grc' dir='ltr'>ἀποκοπὰς,</span> <span class='ocrx_word' id='word_1_20' title='bbox 3472 507 3568 571; x_wconf 80' lang='grc' dir='ltr'>τὰς</span> <span class='ocrx_word' id='word_1_21' title='bbox 3598 507 3712 560; x_wconf 78' lang='grc' dir='ltr'><strong>τῶν</strong></span> <span class='ocrx_word' id='word_1_22' title='bbox 3749 506 3844 576; x_wconf 79' lang='grc' dir='ltr'>ἐφ’</span> 
     </span>
    </p>
   </div>
   <div class='ocr_carea' id='block_1_6' title="bbox 590 601 2159 673">
    <p class='ocr_par' dir='ltr' id='par_1_6' title="bbox 590 601 2159 673">
     <span class='ocr_line' id='line_1_6' title="bbox 590 601 2159 673; baseline 0.004 -23"><span class='ocrx_word' id='word_1_23' title='bbox 590 605 902 652; x_wconf 90' lang='lat' dir='ltr'><strong>mentorum</strong></span> <span class='ocrx_word' id='word_1_24' title='bbox 937 608 992 655; x_wconf 89' lang='lat' dir='ltr'><strong>et</strong></span> <span class='ocrx_word' id='word_1_25' title='bbox 1019 601 1414 670; x_wconf 80' lang='lat' dir='ltr'><strong>suppliciorum</strong></span> <span class='ocrx_word' id='word_1_26' title='bbox 1457 603 1699 673; x_wconf 83' lang='lat' dir='ltr'><strong>species,</strong></span> <span class='ocrx_word' id='word_1_27' title='bbox 1729 603 1964 668; x_wconf 85' lang='lat' dir='ltr'><strong>bestias,</strong></span> <span class='ocrx_word' id='word_1_28' title='bbox 1995 603 2159 657; x_wconf 88' lang='lat' dir='ltr'><strong>bara-</strong></span> 
     </span>
    </p>
   </div>
   <div class='ocr_carea' id='block_1_7' title="bbox 591 687 2162 764">
    <p class='ocr_par' dir='ltr' id='par_1_7' title="bbox 591 687 2162 764">
     <span class='ocr_line' id='line_1_7' title="bbox 591 687 2162 764; baseline 0.004 -25"><span class='ocrx_word' id='word_1_29' title='bbox 591 687 738 754; x_wconf 90' lang='lat' dir='ltr'><strong>thra,</strong></span> <span class='ocrx_word' id='word_1_30' title='bbox 782 704 945 759; x_wconf 88' lang='lat' dir='ltr'><strong>rogos</strong></span> <span class='ocrx_word' id='word_1_31' title='bbox 993 699 1046 745; x_wconf 88' lang='lat' dir='ltr'><strong>et</strong></span> <span class='ocrx_word' id='word_1_32' title='bbox 1078 689 1346 758; x_wconf 83' lang='lat' dir='ltr'><strong>flammas,</strong></span> <span class='ocrx_word' id='word_1_33' title='bbox 1403 693 1626 764; x_wconf 75' lang='lat' dir='ltr'><strong>frigoris</strong></span> <span class='ocrx_word' id='word_1_34' title='bbox 1683 694 2061 748; x_wconf 86' lang='lat' dir='ltr'><strong>concretiones</strong></span> <span class='ocrx_word' id='word_1_35' title='bbox 2107 701 2162 748; x_wconf 90' lang='lat' dir='ltr'><strong>et</strong></span> 
     </span>
    </p>
   </div>
   <div class='ocr_carea' id='block_1_8' title="bbox 589 778 2162 849">
    <p class='ocr_par' dir='ltr' id='par_1_8' title="bbox 589 778 2162 849">
     <span class='ocr_line' id='line_1_8' title="bbox 589 778 2162 849; baseline 0.006 -19"><span class='ocrx_word' id='word_1_36' title='bbox 589 778 1023 849; x_wconf 90' lang='lat' dir='ltr'><strong>congelationes,</strong></span> <span class='ocrx_word' id='word_1_37' title='bbox 1071 782 1320 837; x_wconf 90' lang='lat' dir='ltr'><strong>carnium</strong></span> <span class='ocrx_word' id='word_1_38' title='bbox 1361 797 1428 838; x_wconf 81' lang='lat' dir='ltr'><strong>ex</strong></span> <span class='ocrx_word' id='word_1_39' title='bbox 1457 784 1722 840; x_wconf 77' lang='lat' dir='ltr'><strong>lateribus</strong></span> <span class='ocrx_word' id='word_1_40' title='bbox 1740 791 1796 838; x_wconf 89' lang='lat' dir='ltr'><strong>et</strong></span> <span class='ocrx_word' id='word_1_41' title='bbox 1819 783 1994 838; x_wconf 81' lang='lat' dir='ltr'><strong>costis</strong></span> <span class='ocrx_word' id='word_1_42' title='bbox 2017 783 2162 838; x_wconf 87' lang='lat' dir='ltr'><strong>laee-</strong></span> 
     </span>
    </p>
   </div>
   <div class='ocr_carea' id='block_1_9' title="bbox 589 869 2161 947">
    <p class='ocr_par' dir='ltr' id='par_1_9' title="bbox 589 869 2161 947">
     <span class='ocr_line' id='line_1_9' title="bbox 589 869 2161 947; baseline 0.006 -26"><span class='ocrx_word' id='word_1_43' title='bbox 589 869 837 925; x_wconf 89' lang='lat' dir='ltr'><strong>rationes</strong></span> <span class='ocrx_word' id='word_1_44' title='bbox 867 880 921 927; x_wconf 89' lang='lat' dir='ltr'><strong>et</strong></span> <span class='ocrx_word' id='word_1_45' title='bbox 955 873 1289 941; x_wconf 83' lang='lat' dir='ltr'><strong>avulsiones,</strong></span> <span class='ocrx_word' id='word_1_46' title='bbox 1350 878 1530 947; x_wconf 86' lang='lat' dir='ltr'><strong>capita</strong></span> <span class='ocrx_word' id='word_1_47' title='bbox 1561 876 1733 931; x_wconf 83' lang='lat' dir='ltr'><strong>clavis</strong></span> <span class='ocrx_word' id='word_1_48' title='bbox 1757 875 1995 944; x_wconf 84' lang='lat' dir='ltr'><strong>undique</strong></span> <span class='ocrx_word' id='word_1_49' title='bbox 2027 889 2161 930; x_wconf 76' lang='lat' dir='ltr'><strong>eon-</strong></span> 
     </span>
    </p>
   </div>
   <div class='ocr_carea' id='block_1_10' title="bbox 590 959 2156 1036">
    <p class='ocr_par' dir='ltr' id='par_1_10' title="bbox 590 959 2156 1036">
     <span class='ocr_line' id='line_1_10' title="bbox 590 959 2156 1036; baseline 0.004 -24"><span class='ocrx_word' id='word_1_50' title='bbox 590 959 720 1024; x_wconf 81' lang='lat' dir='ltr'><strong>ﬁxa,</strong></span> <span class='ocrx_word' id='word_1_51' title='bbox 754 961 1041 1018; x_wconf 89' lang='lat' dir='ltr'><strong>oculorum</strong></span> <span class='ocrx_word' id='word_1_52' title='bbox 1073 965 1424 1032; x_wconf 85' lang='lat' dir='ltr'><strong>amissiones,</strong></span> <span class='ocrx_word' id='word_1_53' title='bbox 1459 963 2156 1036; x_wconf 86' lang='lat' dir='ltr'><strong>digitorumabscissiones,</strong></span> 
     </span>
    </p>
   </div>
   <div class='ocr_carea' id='block_1_11' title="bbox 589 1053 2159 1128">
    <p class='ocr_par' dir='ltr' id='par_1_11' title="bbox 589 1053 2159 1128">
     <span class='ocr_line' id='line_1_11' title="bbox 589 1053 2159 1128; baseline 0.002 -23"><span class='ocrx_word' id='word_1_54' title='bbox 589 1053 840 1122; x_wconf 91' lang='lat' dir='ltr'><strong>corporis</strong></span> <span class='ocrx_word' id='word_1_55' title='bbox 872 1069 972 1125; x_wconf 88' lang='lat' dir='ltr'><strong>per</strong></span> <span class='ocrx_word' id='word_1_56' title='bbox 1000 1069 1163 1110; x_wconf 90' lang='lat' dir='ltr'><strong>crura</strong></span> <span class='ocrx_word' id='word_1_57' title='bbox 1187 1059 1242 1110; x_wconf 91' lang='lat' dir='ltr'><strong>in</strong></span> <span class='ocrx_word' id='word_1_58' title='bbox 1283 1065 1572 1128; x_wconf 86' lang='lat' dir='ltr'><strong>utramque</strong></span> <span class='ocrx_word' id='word_1_59' title='bbox 1609 1063 1816 1128; x_wconf 89' lang='lat' dir='ltr'><strong>partem</strong></span> <span class='ocrx_word' id='word_1_60' title='bbox 1855 1054 2159 1126; x_wconf 86' lang='lat' dir='ltr'><strong>disruptio-</strong></span> 
     </span>
    </p>
   </div>
   <div class='ocr_carea' id='block_1_12' title="bbox 590 1145 2154 1213">
    <p class='ocr_par' dir='ltr' id='par_1_12' title="bbox 590 1145 2154 1213">
     <span class='ocr_line' id='line_1_12' title="bbox 590 1145 2154 1213; baseline 0.003 -19"><span class='ocrx_word' id='word_1_61' title='bbox 590 1157 711 1209; x_wconf 88' lang='lat' dir='ltr'><strong>nes,</strong></span> <span class='ocrx_word' id='word_1_62' title='bbox 767 1159 867 1213; x_wconf 89' lang='lat' dir='ltr'><strong>per</strong></span> <span class='ocrx_word' id='word_1_63' title='bbox 909 1145 1108 1201; x_wconf 82' lang='lat' dir='ltr'><strong>famem</strong></span> <span class='ocrx_word' id='word_1_64' title='bbox 1154 1148 1591 1204; x_wconf 79' lang='lat' dir='ltr'><strong>excruciationes</strong></span> <span class='ocrx_word' id='word_1_65' title='bbox 1641 1155 1696 1202; x_wconf 85' lang='lat' dir='ltr'><strong>et</strong></span> <span class='ocrx_word' id='word_1_66' title='bbox 1739 1146 2154 1202; x_wconf 88' lang='lat' dir='ltr'><strong>confectiones:</strong></span> 
     </span>
    </p>
   </div>
   <div class='ocr_carea' id='block_1_13' title="bbox 592 1231 2158 1311">
    <p class='ocr_par' dir='ltr' id='par_1_13' title="bbox 592 1231 2158 1311">
     <span class='ocr_line' id='line_1_13' title="bbox 592 1231 2158 1311; baseline 0.003 -25"><span class='ocrx_word' id='word_1_67' title='bbox 592 1231 706 1289; x_wconf 75' lang='lat' dir='ltr'><strong>haec</strong></span> <span class='ocrx_word' id='word_1_68' title='bbox 726 1243 891 1306; x_wconf 89' lang='lat' dir='ltr'><strong>atque</strong></span> <span class='ocrx_word' id='word_1_69' title='bbox 912 1236 1181 1307; x_wconf 81' lang='lat' dir='ltr'><strong>ejusmodi</strong></span> <span class='ocrx_word' id='word_1_70' title='bbox 1216 1242 1422 1304; x_wconf 89' lang='lat' dir='ltr'><strong>omnia,</strong></span> <span class='ocrx_word' id='word_1_71' title='bbox 1450 1248 1706 1310; x_wconf 81' lang='lat' dir='ltr'><strong>tanquam</strong></span> <span class='ocrx_word' id='word_1_72' title='bbox 1725 1241 1935 1311; x_wconf 87' lang='lat' dir='ltr'><strong>peccati</strong></span> <span class='ocrx_word' id='word_1_73' title='bbox 1969 1237 2158 1308; x_wconf 82' lang='lat' dir='ltr'><strong>expia-</strong></span> 
     </span>
    </p>
   </div>
   <div class='ocr_carea' id='block_1_14' title="bbox 2258 597 3841 673">
    <p class='ocr_par' dir='ltr' id='par_1_14' title="bbox 2258 597 3841 673">
     <span class='ocr_line' id='line_1_14' title="bbox 2258 597 3841 673; baseline -0.003 -18"><span class='ocrx_word' id='word_1_74' title='bbox 2258 601 2494 673; x_wconf 83' lang='grc' dir='ltr'>ἐκάτερα</span> <span class='ocrx_word' id='word_1_75' title='bbox 2513 599 2878 668; x_wconf 72' lang='grc' dir='ltr'><strong>τοῦσώματος</strong></span> <span class='ocrx_word' id='word_1_76' title='bbox 2905 598 2992 652; x_wconf 79' lang='grc' dir='ltr'>διὰ</span> <span class='ocrx_word' id='word_1_77' title='bbox 3021 598 3129 650; x_wconf 84' lang='grc' dir='ltr'><strong>τῶν</strong></span> <span class='ocrx_word' id='word_1_78' title='bbox 3161 597 3364 650; x_wconf 78' lang='grc' dir='ltr'><strong>σκελῶν</strong></span> <span class='ocrx_word' id='word_1_79' title='bbox 3395 597 3598 668; x_wconf 71' lang='grc' dir='ltr'>ῥήξεις.</span> <span class='ocrx_word' id='word_1_80' title='bbox 3623 599 3728 662; x_wconf 77' lang='grc' dir='ltr'><strong>τὰς</strong></span> <span class='ocrx_word' id='word_1_81' title='bbox 3749 598 3841 650; x_wconf 72' lang='grc' dir='ltr'>διὰ</span> 
     </span>
    </p>
   </div>
   <div class='ocr_carea' id='block_1_15' title="bbox 2255 689 3843 764">
    <p class='ocr_par' dir='ltr' id='par_1_15' title="bbox 2255 689 3843 764">
     <span class='ocr_line' id='line_1_15' title="bbox 2255 689 3843 764; baseline -0.004 -17"><span class='ocrx_word' id='word_1_82' title='bbox 2255 694 2350 748; x_wconf 82' lang='grc' dir='ltr'><strong>τοῦ</strong></span> <span class='ocrx_word' id='word_1_83' title='bbox 2372 692 2531 764; x_wconf 82' lang='grc' dir='ltr'><strong>λιμοῦ</strong></span> <span class='ocrx_word' id='word_1_84' title='bbox 2561 693 2868 764; x_wconf 84' lang='grc' dir='ltr'>τηκεδόνας,</span> <span class='ocrx_word' id='word_1_85' title='bbox 2900 692 3076 744; x_wconf 84' lang='grc' dir='ltr'>πάντα</span> <span class='ocrx_word' id='word_1_86' title='bbox 3098 689 3271 744; x_wconf 82' lang='grc' dir='ltr'>ταῦτα</span> <span class='ocrx_word' id='word_1_87' title='bbox 3297 692 3389 744; x_wconf 79' lang='grc' dir='ltr'>καὶ</span> <span class='ocrx_word' id='word_1_88' title='bbox 3418 690 3486 743; x_wconf 72' lang='grc' dir='ltr'><strong>τὰ</strong></span> <span class='ocrx_word' id='word_1_89' title='bbox 3512 689 3740 742; x_wconf 78' lang='grc' dir='ltr'>τοιαῦτα</span> <span class='ocrx_word' id='word_1_90' title='bbox 3763 689 3843 752; x_wconf 81' lang='grc' dir='ltr'><strong>ὡς</strong></span> 
     </span>
    </p>
   </div>
   <div class='ocr_carea' id='block_1_16' title="bbox 2256 780 3843 855">
    <p class='ocr_par' dir='ltr' id='par_1_16' title="bbox 2256 780 3843 855">
     <span class='ocr_line' id='line_1_16' title="bbox 2256 780 3843 855; baseline -0.007 -16"><span class='ocrx_word' id='word_1_91' title='bbox 2256 785 2529 855; x_wconf 78' lang='grc' dir='ltr'><strong>καθάρσια</strong></span> <span class='ocrx_word' id='word_1_92' title='bbox 2574 783 2674 854; x_wconf 82' lang='grc' dir='ltr'>τῆς</span> <span class='ocrx_word' id='word_1_93' title='bbox 2714 783 2988 854; x_wconf 78' lang='grc' dir='ltr'>ἁμαρτίας</span> <span class='ocrx_word' id='word_1_94' title='bbox 3039 783 3087 834; x_wconf 85' lang='lat' dir='ltr'><strong>oi</strong></span> <span class='ocrx_word' id='word_1_95' title='bbox 3133 782 3279 850; x_wconf 82' lang='grc' dir='ltr'>ἆγιοι</span> <span class='ocrx_word' id='word_1_96' title='bbox 3331 783 3448 852; x_wconf 76' lang='grc' dir='ltr'>μετ’</span> <span class='ocrx_word' id='word_1_97' title='bbox 3493 780 3843 852; x_wconf 72' lang='grc' dir='ltr'>εὐφροσύνης</span> 
     </span>
    </p>
   </div>
   <div class='ocr_carea' id='block_1_17' title="bbox 2257 871 3843 946">
    <p class='ocr_par' dir='ltr' id='par_1_17' title="bbox 2257 871 3843 946">
     <span class='ocr_line' id='line_1_17' title="bbox 2257 871 3843 946; baseline -0.003 -19"><span class='ocrx_word' id='word_1_98' title='bbox 2257 875 2564 946; x_wconf 83' lang='grc' dir='ltr'><strong>προσίεντο,</strong></span> <span class='ocrx_word' id='word_1_99' title='bbox 2609 873 2684 936; x_wconf 88' lang='grc' dir='ltr'>ὼς</span> <span class='ocrx_word' id='word_1_100' title='bbox 2735 873 2801 926; x_wconf 82' lang='grc' dir='ltr'>ἂν</span> <span class='ocrx_word' id='word_1_101' title='bbox 2845 871 3009 942; x_wconf 74' lang='grc' dir='ltr'>μηδὲν</span> <span class='ocrx_word' id='word_1_102' title='bbox 3057 872 3200 942; x_wconf 76' lang='grc' dir='ltr'>ἴχνος</span> <span class='ocrx_word' id='word_1_103' title='bbox 3247 873 3312 942; x_wconf 81' lang='grc' dir='ltr'><strong>τῇ</strong></span> <span class='ocrx_word' id='word_1_104' title='bbox 3355 872 3552 942; x_wconf 78' lang='grc' dir='ltr'>καρδίᾳ.</span> <span class='ocrx_word' id='word_1_105' title='bbox 3595 871 3682 924; x_wconf 78' lang='grc' dir='ltr'>διὰ</span> <span class='ocrx_word' id='word_1_106' title='bbox 3736 873 3843 940; x_wconf 77' lang='grc' dir='ltr'>τῆς</span> 
     </span>
    </p>
   </div>
   <div class='ocr_carea' id='block_1_18' title="bbox 2266 961 3840 1035">
    <p class='ocr_par' dir='ltr' id='par_1_18' title="bbox 2266 961 3840 1035">
     <span class='ocr_line' id='line_1_18' title="bbox 2266 961 3840 1035; baseline -0.006 -14"><span class='ocrx_word' id='word_1_107' title='bbox 2266 965 2460 1035; x_wconf 81' lang='grc' dir='ltr'><strong>ἡδονῆς</strong></span> <span class='ocrx_word' id='word_1_108' title='bbox 2503 963 2849 1034; x_wconf 78' lang='grc' dir='ltr'><strong>ἐγγινόμενον</strong></span> <span class='ocrx_word' id='word_1_109' title='bbox 2882 962 3250 1033; x_wconf 84' lang='grc' dir='ltr'>ὑπολειφθείη,</span> <span class='ocrx_word' id='word_1_110' title='bbox 3275 961 3376 1031; x_wconf 79' lang='grc' dir='ltr'>τῆς</span> <span class='ocrx_word' id='word_1_111' title='bbox 3415 961 3665 1032; x_wconf 79' lang='grc' dir='ltr'>ἀλγεινῆς</span> <span class='ocrx_word' id='word_1_112' title='bbox 3695 961 3840 1014; x_wconf 81' lang='grc' dir='ltr'>ταύ-</span> 
     </span>
    </p>
   </div>
   <div class='ocr_carea' id='block_1_19' title="bbox 2264 1051 3840 1125">
    <p class='ocr_par' dir='ltr' id='par_1_19' title="bbox 2264 1051 3840 1125">
     <span class='ocr_line' id='line_1_19' title="bbox 2264 1051 3840 1125; baseline -0.003 -17"><span class='ocrx_word' id='word_1_113' title='bbox 2264 1071 2366 1125; x_wconf 84' lang='grc' dir='ltr'>της</span> <span class='ocrx_word' id='word_1_114' title='bbox 2418 1054 2512 1108; x_wconf 70' lang='grc' dir='ltr'>καὶ</span> <span class='ocrx_word' id='word_1_115' title='bbox 2566 1053 2814 1125; x_wconf 76' lang='grc' dir='ltr'><strong>δριμείας</strong></span> <span class='ocrx_word' id='word_1_116' title='bbox 2873 1051 3178 1123; x_wconf 77' lang='grc' dir='ltr'>αἰσθήσεως</span> <span class='ocrx_word' id='word_1_117' title='bbox 3245 1051 3452 1116; x_wconf 84' lang='grc' dir='ltr'><strong>πάντας</strong></span> <span class='ocrx_word' id='word_1_118' title='bbox 3517 1053 3645 1115; x_wconf 74' lang='grc' dir='ltr'>τοὺς</span> <span class='ocrx_word' id='word_1_119' title='bbox 3710 1052 3840 1106; x_wconf 86' lang='grc' dir='ltr'>καθ’</span> 
     </span>
    </p>
   </div>
   <div class='ocr_carea' id='block_1_20' title="bbox 2266 1139 3841 1214">
    <p class='ocr_par' dir='ltr' id='par_1_20' title="bbox 2266 1139 3841 1214">
     <span class='ocr_line' id='line_1_20' title="bbox 2266 1139 3841 1214; baseline -0.001 -18"><span class='ocrx_word' id='word_1_120' title='bbox 2266 1142 2458 1214; x_wconf 75' lang='grc' dir='ltr'>ἡδονὴν</span> <span class='ocrx_word' id='word_1_121' title='bbox 2529 1142 2909 1213; x_wconf 84' lang='grc' dir='ltr'>ἐγγινομένους</span> <span class='ocrx_word' id='word_1_122' title='bbox 2986 1144 3056 1213; x_wconf 78' lang='grc' dir='ltr'><strong>τῇ</strong></span> <span class='ocrx_word' id='word_1_123' title='bbox 3124 1140 3270 1212; x_wconf 75' lang='grc' dir='ltr'>ψυχῇ</span> <span class='ocrx_word' id='word_1_124' title='bbox 3343 1139 3548 1204; x_wconf 78' lang='grc' dir='ltr'>τύπους</span> <span class='ocrx_word' id='word_1_125' title='bbox 3627 1141 3841 1206; x_wconf 68' lang='grc' dir='ltr'>ἐξαλειο</span> 
     </span>
    </p>
   </div>
   <div class='ocr_carea' id='block_1_21' title="bbox 2265 1250 2489 1305">
    <p class='ocr_par' dir='ltr' id='par_1_21' title="bbox 2265 1250 2489 1305">
     <span class='ocr_line' id='line_1_21' title="bbox 2265 1250 2489 1305; baseline 0.009 -19"><span class='ocrx_word' id='word_1_126' title='bbox 2265 1250 2489 1305; x_wconf 79' lang='grc' dir='ltr'>φουσης.</span> 
     </span>
    </p>
   </div>
   <div class='ocr_carea' id='block_1_22' title="bbox 588 1320 3847 1398">
    <p class='ocr_par' dir='ltr' id='par_1_22' title="bbox 588 1320 3847 1398">
     <span class='ocr_line' id='line_1_22' title="bbox 588 1320 3847 1398; baseline -0.001 -21"><span class='ocrx_word' id='word_1_127' title='bbox 588 1325 768 1382; x_wconf 87' lang='lat' dir='ltr'><strong>tiones</strong></span> <span class='ocrx_word' id='word_1_128' title='bbox 800 1330 975 1382; x_wconf 81' lang='lat' dir='ltr'><strong>sancti</strong></span> <span class='ocrx_word' id='word_1_129' title='bbox 1005 1330 1080 1383; x_wconf 91' lang='lat' dir='ltr'><strong>illi</strong></span> <span class='ocrx_word' id='word_1_130' title='bbox 1134 1345 1257 1384; x_wconf 85' lang='lat' dir='ltr'><strong>cum</strong></span> <span class='ocrx_word' id='word_1_131' title='bbox 1291 1331 1474 1385; x_wconf 82' lang='lat' dir='ltr'><strong>laetitia</strong></span> <span class='ocrx_word' id='word_1_132' title='bbox 1523 1332 1903 1397; x_wconf 85' lang='lat' dir='ltr'><strong>admittebant,</strong></span> <span class='ocrx_word' id='word_1_133' title='bbox 1939 1342 2008 1384; x_wconf 90' lang='lat' dir='ltr'><strong>ne</strong></span> <span class='ocrx_word' id='word_1_134' title='bbox 2040 1325 2187 1398; x_wconf 89' lang='lat' dir='ltr'><strong>quod</strong></span> <span class='ocrx_word' id='word_1_135' title='bbox 2226 1325 2515 1395; x_wconf 73' lang='lat' dir='ltr'><strong>vestigium</strong></span> <span class='ocrx_word' id='word_1_136' title='bbox 2551 1322 2704 1378; x_wconf 91' lang='lat' dir='ltr'><strong>cordi</strong></span> <span class='ocrx_word' id='word_1_137' title='bbox 2749 1338 2846 1394; x_wconf 88' lang='lat' dir='ltr'><strong>per</strong></span> <span class='ocrx_word' id='word_1_138' title='bbox 2903 1322 3236 1392; x_wconf 84' lang='lat' dir='ltr'><strong>voluptatem</strong></span> <span class='ocrx_word' id='word_1_139' title='bbox 3299 1320 3626 1390; x_wconf 85' lang='lat' dir='ltr'><strong>impressum</strong></span> <span class='ocrx_word' id='word_1_140' title='bbox 3667 1321 3847 1376; x_wconf 86' lang='lat' dir='ltr'><strong>relin-</strong></span> 
     </span>
    </p>
   </div>
   <div class='ocr_carea' id='block_1_23' title="bbox 588 1411 3625 1491">
    <p class='ocr_par' dir='ltr' id='par_1_23' title="bbox 588 1411 3625 1491">
     <span class='ocr_line' id='line_1_23' title="bbox 588 1411 3625 1491; baseline -0.002 -20"><span class='ocrx_word' id='word_1_141' title='bbox 588 1425 868 1486; x_wconf 81' lang='lat' dir='ltr'><strong>queretur,</strong></span> <span class='ocrx_word' id='word_1_142' title='bbox 899 1420 1094 1474; x_wconf 89' lang='lat' dir='ltr'><strong>acerbo</strong></span> <span class='ocrx_word' id='word_1_143' title='bbox 1124 1429 1286 1491; x_wconf 87' lang='lat' dir='ltr'><strong>atque</strong></span> <span class='ocrx_word' id='word_1_144' title='bbox 1310 1421 1566 1476; x_wconf 90' lang='lat' dir='ltr'><strong>doloroso</strong></span> <span class='ocrx_word' id='word_1_145' title='bbox 1605 1422 1709 1477; x_wconf 87' lang='lat' dir='ltr'><strong>hoc</strong></span> <span class='ocrx_word' id='word_1_146' title='bbox 1735 1438 1897 1478; x_wconf 89' lang='lat' dir='ltr'><strong>sensu</strong></span> <span class='ocrx_word' id='word_1_147' title='bbox 1929 1419 2110 1474; x_wconf 87' lang='lat' dir='ltr'><strong>omnia</strong></span> <span class='ocrx_word' id='word_1_148' title='bbox 2148 1431 2246 1486; x_wconf 91' lang='lat' dir='ltr'><strong>per</strong></span> <span class='ocrx_word' id='word_1_149' title='bbox 2276 1416 2606 1484; x_wconf 87' lang='lat' dir='ltr'><strong>voluptatem</strong></span> <span class='ocrx_word' id='word_1_150' title='bbox 2631 1415 2826 1469; x_wconf 73' lang='lat' dir='ltr'><strong>animae</strong></span> <span class='ocrx_word' id='word_1_151' title='bbox 2854 1414 3118 1483; x_wconf 85' lang='lat' dir='ltr'><strong>impressa</strong></span> <span class='ocrx_word' id='word_1_152' title='bbox 3141 1413 3369 1484; x_wconf 85' lang='lat' dir='ltr'><strong>vestigia</strong></span> <span class='ocrx_word' id='word_1_153' title='bbox 3390 1411 3625 1467; x_wconf 88' lang='lat' dir='ltr'><strong>delente.</strong></span> 
     </span>
    </p>
   </div>
   <div class='ocr_carea' id='block_1_24' title="bbox 657 1502 2159 1581">
    <p class='ocr_par' dir='ltr' id='par_1_24' title="bbox 657 1508 2159 1581">
     <span class='ocr_line' id='line_1_24' title="bbox 657 1508 2159 1581; baseline -0.001 -19"><span class='ocrx_word' id='word_1_154' title='bbox 657 1508 813 1562; x_wconf 80' lang='lat' dir='ltr'><strong>Beati</strong></span> <span class='ocrx_word' id='word_1_155' title='bbox 842 1508 1007 1578; x_wconf 80' lang='lat' dir='ltr'><strong>igitur</strong></span> <span class='ocrx_word' id='word_1_156' title='bbox 1071 1511 1160 1580; x_wconf 85' lang='lat' dir='ltr'><strong>qui</strong></span> <span class='ocrx_word' id='word_1_157' title='bbox 1197 1513 1607 1578; x_wconf 76' lang='lat' dir='ltr'><strong>persecutionem</strong></span> <span class='ocrx_word' id='word_1_158' title='bbox 1645 1515 1920 1581; x_wconf 83' lang='lat' dir='ltr'><strong>patiuntur</strong></span> <span class='ocrx_word' id='word_1_159' title='bbox 1951 1517 2159 1580; x_wconf 83' lang='lat' dir='ltr'><strong>propter</strong></span> 
     </span>
    </p>
   </div>
   <div class='ocr_carea' id='block_1_25' title="bbox 2262 1502 3838 1581">
    <p class='ocr_par' dir='ltr' id='par_1_25' title="bbox 2326 1502 3838 1575">
     <span class='ocr_line' id='line_1_25' title="bbox 2326 1502 3838 1575; baseline -0.003 -16"><span class='ocrx_word' id='word_1_160' title='bbox 2326 1505 2614 1574; x_wconf 80' lang='grc' dir='ltr'><strong>Μακάριοι</strong></span> <span class='ocrx_word' id='word_1_161' title='bbox 2654 1506 2833 1559; x_wconf 77' lang='grc' dir='ltr'>τοίνυν</span> <span class='ocrx_word' id='word_1_162' title='bbox 2874 1508 2929 1558; x_wconf 80' lang='grc' dir='ltr'>οἱ</span> <span class='ocrx_word' id='word_1_163' title='bbox 2970 1504 3345 1575; x_wconf 80' lang='grc' dir='ltr'>δεδιωγμένοι</span> <span class='ocrx_word' id='word_1_164' title='bbox 3405 1503 3615 1557; x_wconf 74' lang='grc' dir='ltr'>ἕνεκεν</span> <span class='ocrx_word' id='word_1_165' title='bbox 3656 1502 3838 1572; x_wconf 79' lang='grc' dir='ltr'>ἐμοῦ.</span> 
     </span>
    </p>
   </div>
   <div class='ocr_carea' id='block_1_26' title="bbox 589 1594 2159 1668">
    <p class='ocr_par' dir='ltr' id='par_1_26' title="bbox 589 1597 2158 1668">
     <span class='ocr_line' id='line_1_26' title="bbox 589 1597 2158 1668; baseline 0.003 -19"><span class='ocrx_word' id='word_1_166' title='bbox 589 1613 690 1652; x_wconf 77' lang='lat' dir='ltr'><strong>me.</strong></span> <span class='ocrx_word' id='word_1_167' title='bbox 741 1597 855 1651; x_wconf 90' lang='lat' dir='ltr'><strong>Hoc</strong></span> <span class='ocrx_word' id='word_1_168' title='bbox 886 1606 1064 1650; x_wconf 87' lang='lat' dir='ltr'><strong>autem</strong></span> <span class='ocrx_word' id='word_1_169' title='bbox 1095 1598 1201 1654; x_wconf 88' lang='lat' dir='ltr'><strong>tale</strong></span> <span class='ocrx_word' id='word_1_170' title='bbox 1232 1598 1414 1668; x_wconf 83' lang='lat' dir='ltr'><strong>est(ut</strong></span> <span class='ocrx_word' id='word_1_171' title='bbox 1433 1601 1595 1656; x_wconf 90' lang='lat' dir='ltr'><strong>etiam</strong></span> <span class='ocrx_word' id='word_1_172' title='bbox 1629 1604 1858 1657; x_wconf 85' lang='lat' dir='ltr'><strong>alteram</strong></span> <span class='ocrx_word' id='word_1_173' title='bbox 1889 1601 2158 1654; x_wconf 89' lang='lat' dir='ltr'><strong>rationem</strong></span> 
     </span>
    </p>
   </div>
   <div class='ocr_carea' id='block_1_27' title="bbox 2262 1594 3842 1668">
    <p class='ocr_par' dir='ltr' id='par_1_27' title="bbox 2262 1594 3842 1666">
     <span class='ocr_line' id='line_1_27' title="bbox 2262 1594 3842 1666; baseline -0.002 -15"><span class='ocrx_word' id='word_1_174' title='bbox 2262 1598 2426 1652; x_wconf 88' lang='grc' dir='ltr'>Τοῦτο</span> <span class='ocrx_word' id='word_1_175' title='bbox 2456 1598 2511 1651; x_wconf 87' lang='grc' dir='ltr'>δὲ</span> <span class='ocrx_word' id='word_1_176' title='bbox 2539 1597 2776 1650; x_wconf 86' lang='grc' dir='ltr'>τοιοῦτόν</span> <span class='ocrx_word' id='word_1_177' title='bbox 2808 1597 2990 1661; x_wconf 89' lang='grc' dir='ltr'>ἐστιν(</span> <span class='ocrx_word' id='word_1_178' title='bbox 3031 1597 3107 1659; x_wconf 85' lang='grc' dir='ltr'>ὡς</span> <span class='ocrx_word' id='word_1_179' title='bbox 3134 1594 3201 1649; x_wconf 79' lang='grc' dir='ltr'>ἂν</span> <span class='ocrx_word' id='word_1_180' title='bbox 3229 1596 3321 1649; x_wconf 78' lang='grc' dir='ltr'>καὶ</span> <span class='ocrx_word' id='word_1_181' title='bbox 3344 1595 3434 1648; x_wconf 82' lang='grc' dir='ltr'>τὸν</span> <span class='ocrx_word' id='word_1_182' title='bbox 3464 1596 3650 1666; x_wconf 74' lang='grc' dir='ltr'>ἕτερον</span> <span class='ocrx_word' id='word_1_183' title='bbox 3675 1596 3842 1663; x_wconf 83' lang='grc' dir='ltr'>λόγον</span> 
     </span>
    </p>
   </div>
   <div class='ocr_carea' id='block_1_28' title="bbox 589 1686 2159 1761">
    <p class='ocr_par' dir='ltr' id='par_1_28' title="bbox 589 1687 2152 1761">
     <span class='ocr_line' id='line_1_28' title="bbox 589 1687 2152 1761; baseline -0.001 -19"><span class='ocrx_word' id='word_1_184' title='bbox 589 1703 988 1759; x_wconf 79' lang='lat' dir='ltr'><strong>cognoscamus</strong></span> <span class='ocrx_word' id='word_1_185' title='bbox 1018 1695 1072 1743; x_wconf 90' lang='lat' dir='ltr'><strong>et</strong></span> <span class='ocrx_word' id='word_1_186' title='bbox 1099 1689 1538 1761; x_wconf 83' lang='lat' dir='ltr'><strong>consideremus)</strong></span> <span class='ocrx_word' id='word_1_187' title='bbox 1579 1707 1642 1746; x_wconf 90' lang='lat' dir='ltr'><strong>ac</strong></span> <span class='ocrx_word' id='word_1_188' title='bbox 1684 1692 1733 1748; x_wconf 87' lang='lat' dir='ltr'><strong>si</strong></span> <span class='ocrx_word' id='word_1_189' title='bbox 1775 1692 1902 1761; x_wconf 89' lang='lat' dir='ltr'><strong>quis</strong></span> <span class='ocrx_word' id='word_1_190' title='bbox 1933 1687 2152 1745; x_wconf 80' lang='lat' dir='ltr'><strong>sanitati</strong></span> 
     </span>
    </p>
   </div>
   <div class='ocr_carea' id='block_1_29' title="bbox 2262 1686 3838 1761">
    <p class='ocr_par' dir='ltr' id='par_1_29' title="bbox 2262 1686 3838 1759">
     <span class='ocr_line' id='line_1_29' title="bbox 2262 1686 3838 1759; baseline -0.002 -18"><span class='ocrx_word' id='word_1_191' title='bbox 2262 1687 2727 1759; x_wconf 77' lang='grc' dir='ltr'><strong>κατανοήσωμεν),</strong></span> <span class='ocrx_word' id='word_1_192' title='bbox 2766 1686 2842 1750; x_wconf 85' lang='grc' dir='ltr'>ὡς</span> <span class='ocrx_word' id='word_1_193' title='bbox 2889 1687 2941 1740; x_wconf 83' lang='grc' dir='ltr'>εῐ</span> <span class='ocrx_word' id='word_1_194' title='bbox 2985 1703 3069 1750; x_wconf 90' lang='grc' dir='ltr'><strong>τις</strong></span> <span class='ocrx_word' id='word_1_195' title='bbox 3114 1689 3182 1758; x_wconf 75' lang='grc' dir='ltr'>τῇ</span> <span class='ocrx_word' id='word_1_196' title='bbox 3238 1686 3418 1756; x_wconf 65' lang='grc' dir='ltr'>ὑγιεία</span> <span class='ocrx_word' id='word_1_197' title='bbox 3459 1687 3616 1754; x_wconf 85' lang='grc' dir='ltr'>λόγον</span> <span class='ocrx_word' id='word_1_198' title='bbox 3665 1687 3790 1756; x_wconf 73' lang='grc' dir='ltr'>δοίη</span> <span class='ocrx_word' id='word_1_199' title='bbox 3817 1727 3838 1750; x_wconf 90' lang='grc'><strong>,</strong></span> 
     </span>
    </p>
   </div>
   <div class='ocr_carea' id='block_1_30' title="bbox 589 1776 2159 1852">
    <p class='ocr_par' dir='ltr' id='par_1_30' title="bbox 589 1781 2156 1849">
     <span class='ocr_line' id='line_1_30' title="bbox 589 1781 2156 1849; baseline 0.001 -16"><span class='ocrx_word' id='word_1_200' title='bbox 589 1781 900 1836; x_wconf 84' lang='lat' dir='ltr'><strong>facultatem</strong></span> <span class='ocrx_word' id='word_1_201' title='bbox 933 1796 995 1834; x_wconf 90' lang='lat' dir='ltr'><strong>ac</strong></span> <span class='ocrx_word' id='word_1_202' title='bbox 1030 1789 1350 1849; x_wconf 87' lang='lat' dir='ltr'><strong>potestatem</strong></span> <span class='ocrx_word' id='word_1_203' title='bbox 1392 1783 1606 1838; x_wconf 83' lang='lat' dir='ltr'><strong>dicendi</strong></span> <span class='ocrx_word' id='word_1_204' title='bbox 1649 1783 1911 1849; x_wconf 87' lang='lat' dir='ltr'><strong>dedisset,</strong></span> <span class='ocrx_word' id='word_1_205' title='bbox 1947 1782 2156 1836; x_wconf 88' lang='lat' dir='ltr'><strong>diceret</strong></span> 
     </span>
    </p>
   </div>
   <div class='ocr_carea' id='block_1_31' title="bbox 2262 1776 3841 1852">
    <p class='ocr_par' dir='ltr' id='par_1_31' title="bbox 2262 1776 3841 1852">
     <span class='ocr_line' id='line_1_31' title="bbox 2262 1776 3841 1852; baseline -0.002 -20"><span class='ocrx_word' id='word_1_206' title='bbox 2262 1779 2388 1852; x_wconf 75' lang='grc' dir='ltr'>εἴπῃ</span> <span class='ocrx_word' id='word_1_207' title='bbox 2419 1779 2484 1833; x_wconf 84' lang='grc' dir='ltr'>ἂν</span> <span class='ocrx_word' id='word_1_208' title='bbox 2514 1779 2740 1848; x_wconf 83' lang='grc' dir='ltr'>κάκείνη</span> <span class='ocrx_word' id='word_1_209' title='bbox 2762 1797 2774 1809; x_wconf 88' lang='grc'><strong>·</strong></span> <span class='ocrx_word' id='word_1_210' title='bbox 2806 1779 2889 1831; x_wconf 84' lang='grc' dir='ltr'>ὅτι</span> <span class='ocrx_word' id='word_1_211' title='bbox 2923 1776 3192 1848; x_wconf 81' lang='grc' dir='ltr'>Μακάριοι</span> <span class='ocrx_word' id='word_1_212' title='bbox 3221 1777 3268 1830; x_wconf 79' lang='grc' dir='ltr'>οἱ</span> <span class='ocrx_word' id='word_1_213' title='bbox 3297 1777 3402 1831; x_wconf 79' lang='grc' dir='ltr'>ἀπὸ</span> <span class='ocrx_word' id='word_1_214' title='bbox 3428 1777 3526 1847; x_wconf 81' lang='grc' dir='ltr'>τῆς</span> <span class='ocrx_word' id='word_1_215' title='bbox 3558 1777 3715 1830; x_wconf 61' lang='grc' dir='ltr'>νόσου</span> <span class='ocrx_word' id='word_1_216' title='bbox 3750 1795 3841 1829; x_wconf 64' lang='grc' dir='ltr'>κει</span> 
     </span>
    </p>
   </div>
   <div class='ocr_carea' id='block_1_32' title="bbox 587 1867 2159 1960">
    <p class='ocr_par' dir='ltr' id='par_1_32' title="bbox 587 1870 2154 1942">
     <span class='ocr_line' id='line_1_32' title="bbox 587 1870 2154 1942; baseline 0.001 -18"><span class='ocrx_word' id='word_1_217' title='bbox 587 1872 753 1925; x_wconf 90' lang='lat' dir='ltr'><strong>etiam</strong></span> <span class='ocrx_word' id='word_1_218' title='bbox 787 1871 875 1924; x_wconf 88' lang='lat' dir='ltr'><strong>illa</strong></span> <span class='ocrx_word' id='word_1_219' title='bbox 911 1889 923 1924; x_wconf 91' lang='lat'>:</span> <span class='ocrx_word' id='word_1_220' title='bbox 962 1870 1110 1925; x_wconf 89' lang='lat' dir='ltr'><strong>Beati</strong></span> <span class='ocrx_word' id='word_1_221' title='bbox 1163 1886 1193 1924; x_wconf 91' lang='lat' dir='ltr'><strong>a</strong></span> <span class='ocrx_word' id='word_1_222' title='bbox 1251 1875 1441 1926; x_wconf 86' lang='lat' dir='ltr'><strong>morbo</strong></span> <span class='ocrx_word' id='word_1_223' title='bbox 1507 1872 1714 1927; x_wconf 88' lang='lat' dir='ltr'><strong>liberati</strong></span> <span class='ocrx_word' id='word_1_224' title='bbox 1771 1880 1993 1942; x_wconf 81' lang='lat' dir='ltr'><strong>propter</strong></span> <span class='ocrx_word' id='word_1_225' title='bbox 2043 1886 2154 1936; x_wconf 90' lang='lat' dir='ltr'><strong>me,</strong></span> 
     </span>
    </p>
   </div>
   <div class='ocr_carea' id='block_1_33' title="bbox 2262 1867 3841 1960">
    <p class='ocr_par' dir='ltr' id='par_1_33' title="bbox 2262 1867 3841 1940">
     <span class='ocr_line' id='line_1_33' title="bbox 2262 1867 3841 1940; baseline -0.002 -18"><span class='ocrx_word' id='word_1_226' title='bbox 2262 1869 2586 1940; x_wconf 89' lang='grc' dir='ltr'>χωρισμένοι</span> <span class='ocrx_word' id='word_1_227' title='bbox 2615 1868 2802 1921; x_wconf 71' lang='grc' dir='ltr'>ἕνεκεν</span> <span class='ocrx_word' id='word_1_228' title='bbox 2829 1867 2984 1938; x_wconf 85' lang='grc' dir='ltr'>ἐμοῦ.</span> <span class='ocrx_word' id='word_1_229' title='bbox 3027 1868 3092 1920; x_wconf 85' lang='grc' dir='ltr'>Ἡ</span> <span class='ocrx_word' id='word_1_230' title='bbox 3125 1867 3234 1937; x_wconf 82' lang='grc' dir='ltr'>γὰρ</span> <span class='ocrx_word' id='word_1_231' title='bbox 3263 1867 3369 1921; x_wconf 85' lang='grc' dir='ltr'><strong>τῶν</strong></span> <span class='ocrx_word' id='word_1_232' title='bbox 3397 1867 3657 1937; x_wconf 82' lang='grc' dir='ltr'>λυπηρῶν</span> <span class='ocrx_word' id='word_1_233' title='bbox 3676 1868 3841 1920; x_wconf 82' lang='grc' dir='ltr'>ἀλλο-</span> 
     </span>
    </p>
   </div>
   <div class='ocr_carea' id='block_1_34' title="bbox 587 1962 2158 2032">
    <p class='ocr_par' dir='ltr' id='par_1_34' title="bbox 587 1962 2158 2032">
     <span class='ocr_line' id='line_1_34' title="bbox 587 1962 2158 2032; baseline 0.002 -18"><span class='ocrx_word' id='word_1_234' title='bbox 587 1977 712 2015; x_wconf 91' lang='lat' dir='ltr'><strong>nam</strong></span> <span class='ocrx_word' id='word_1_235' title='bbox 745 1962 989 2032; x_wconf 82' lang='lat' dir='ltr'><strong>gravium</strong></span> <span class='ocrx_word' id='word_1_236' title='bbox 1028 1970 1081 2016; x_wconf 91' lang='lat' dir='ltr'><strong>et</strong></span> <span class='ocrx_word' id='word_1_237' title='bbox 1126 1963 1480 2017; x_wconf 88' lang='lat' dir='ltr'><strong>molestarum</strong></span> <span class='ocrx_word' id='word_1_238' title='bbox 1519 1979 1699 2017; x_wconf 86' lang='lat' dir='ltr'><strong>rerum</strong></span> <span class='ocrx_word' id='word_1_239' title='bbox 1752 1962 2011 2018; x_wconf 88' lang='lat' dir='ltr'><strong>alienatio</strong></span> <span class='ocrx_word' id='word_1_240' title='bbox 2045 1963 2158 2017; x_wconf 83' lang='lat' dir='ltr'><strong>elli-</strong></span> 
     </span>
    </p>
   </div>
   <div class='ocr_carea' id='block_1_35' title="bbox 585 2051 2157 2123">
    <p class='ocr_par' dir='ltr' id='par_1_35' title="bbox 585 2051 2157 2123">
     <span class='ocr_line' id='line_1_35' title="bbox 585 2051 2157 2123; baseline 0.001 -18"><span class='ocrx_word' id='word_1_241' title='bbox 585 2051 684 2112; x_wconf 88' lang='lat' dir='ltr'><strong>cit.</strong></span> <span class='ocrx_word' id='word_1_242' title='bbox 725 2058 785 2106; x_wconf 91' lang='lat' dir='ltr'><strong>ut</strong></span> <span class='ocrx_word' id='word_1_243' title='bbox 819 2051 876 2104; x_wconf 87' lang='lat' dir='ltr'><strong>in</strong></span> <span class='ocrx_word' id='word_1_244' title='bbox 911 2066 995 2106; x_wconf 87' lang='lat' dir='ltr'><strong>me</strong></span> <span class='ocrx_word' id='word_1_245' title='bbox 1019 2060 1331 2117; x_wconf 85' lang='lat' dir='ltr'><strong>versentur,</strong></span> <span class='ocrx_word' id='word_1_246' title='bbox 1392 2054 1486 2122; x_wconf 87' lang='lat' dir='ltr'><strong>qui</strong></span> <span class='ocrx_word' id='word_1_247' title='bbox 1517 2053 1810 2122; x_wconf 87' lang='lat' dir='ltr'><strong>aliquando</strong></span> <span class='ocrx_word' id='word_1_248' title='bbox 1855 2063 2157 2123; x_wconf 75' lang='lat' dir='ltr'><strong>aegrotave-</strong></span> 
     </span>
    </p>
   </div>
   <div class='ocr_carea' id='block_1_36' title="bbox 585 2143 2158 2215">
    <p class='ocr_par' dir='ltr' id='par_1_36' title="bbox 585 2143 2158 2215">
     <span class='ocr_line' id='line_1_36' title="bbox 585 2143 2158 2215; baseline 0.003 -20"><span class='ocrx_word' id='word_1_249' title='bbox 585 2148 735 2196; x_wconf 88' lang='lat' dir='ltr'><strong>runt.</strong></span> <span class='ocrx_word' id='word_1_250' title='bbox 763 2143 838 2194; x_wconf 90' lang='lat' dir='ltr'><strong>Ita</strong></span> <span class='ocrx_word' id='word_1_251' title='bbox 872 2156 1059 2196; x_wconf 89' lang='lat' dir='ltr'><strong>vocem</strong></span> <span class='ocrx_word' id='word_1_252' title='bbox 1109 2143 1465 2212; x_wconf 82' lang='lat' dir='ltr'><strong>excipiamus,</strong></span> <span class='ocrx_word' id='word_1_253' title='bbox 1512 2144 1667 2213; x_wconf 85' lang='lat' dir='ltr'><strong>quasi</strong></span> <span class='ocrx_word' id='word_1_254' title='bbox 1713 2144 1828 2215; x_wconf 88' lang='lat' dir='ltr'><strong>ipsa</strong></span> <span class='ocrx_word' id='word_1_255' title='bbox 1863 2143 1974 2198; x_wconf 83' lang='lat' dir='ltr'><strong>vita</strong></span> <span class='ocrx_word' id='word_1_256' title='bbox 2001 2144 2158 2200; x_wconf 89' lang='lat' dir='ltr'><strong>nobis</strong></span> 
     </span>
    </p>
   </div>
   <div class='ocr_carea' id='block_1_37' title="bbox 585 2233 2157 2306">
    <p class='ocr_par' dir='ltr' id='par_1_37' title="bbox 585 2233 2157 2306">
     <span class='ocr_line' id='line_1_37' title="bbox 585 2233 2157 2306; baseline 0.003 -18"><span class='ocrx_word' id='word_1_257' title='bbox 585 2233 858 2304; x_wconf 84' lang='lat' dir='ltr'><strong>ejusmodi</strong></span> <span class='ocrx_word' id='word_1_258' title='bbox 942 2235 1337 2290; x_wconf 89' lang='lat' dir='ltr'><strong>beatitudinem</strong></span> <span class='ocrx_word' id='word_1_259' title='bbox 1397 2238 1696 2305; x_wconf 85' lang='lat' dir='ltr'><strong>proclamet</strong></span> <span class='ocrx_word' id='word_1_260' title='bbox 1750 2253 1765 2290; x_wconf 90' lang='lat'><strong>:</strong></span> <span class='ocrx_word' id='word_1_261' title='bbox 1823 2235 1976 2291; x_wconf 90' lang='lat' dir='ltr'><strong>Beati</strong></span> <span class='ocrx_word' id='word_1_262' title='bbox 2018 2250 2157 2306; x_wconf 89' lang='lat' dir='ltr'><strong>quos</strong></span> 
     </span>
    </p>
   </div>
   <div class='ocr_carea' id='block_1_38' title="bbox 585 2327 2153 2396">
    <p class='ocr_par' dir='ltr' id='par_1_38' title="bbox 585 2327 2153 2396">
     <span class='ocr_line' id='line_1_38' title="bbox 585 2327 2153 2396; baseline 0.001 -15"><span class='ocrx_word' id='word_1_263' title='bbox 585 2339 737 2381; x_wconf 86' lang='lat' dir='ltr'><strong>mors</strong></span> <span class='ocrx_word' id='word_1_264' title='bbox 773 2327 1120 2396; x_wconf 87' lang='lat' dir='ltr'><strong>persequitur</strong></span> <span class='ocrx_word' id='word_1_265' title='bbox 1171 2334 1389 2396; x_wconf 83' lang='lat' dir='ltr'><strong>prapler</strong></span> <span class='ocrx_word' id='word_1_266' title='bbox 1417 2341 1545 2390; x_wconf 76' lang='lat' dir='ltr'><strong>me;</strong></span> <span class='ocrx_word' id='word_1_267' title='bbox 1605 2328 1764 2396; x_wconf 88' lang='lat' dir='ltr'><strong>quasi</strong></span> <span class='ocrx_word' id='word_1_268' title='bbox 1810 2327 1903 2381; x_wconf 83' lang='lat' dir='ltr'><strong>lux</strong></span> <span class='ocrx_word' id='word_1_269' title='bbox 1959 2328 2104 2382; x_wconf 89' lang='lat' dir='ltr'><strong>dicat</strong></span> <span class='ocrx_word' id='word_1_270' title='bbox 2138 2345 2153 2382; x_wconf 90' lang='lat'><strong>:</strong></span> 
     </span>
    </p>
   </div>
   <div class='ocr_carea' id='block_1_39' title="bbox 585 2415 2158 2489">
    <p class='ocr_par' dir='ltr' id='par_1_39' title="bbox 585 2415 2158 2489">
     <span class='ocr_line' id='line_1_39' title="bbox 585 2415 2158 2489; baseline 0.003 -19"><span class='ocrx_word' id='word_1_271' title='bbox 585 2415 736 2472; x_wconf 84' lang='lat' dir='ltr'><strong>Beati</strong></span> <span class='ocrx_word' id='word_1_272' title='bbox 785 2433 923 2486; x_wconf 90' lang='lat' dir='ltr'><strong>quos</strong></span> <span class='ocrx_word' id='word_1_273' title='bbox 957 2425 1365 2487; x_wconf 83' lang='lat' dir='ltr'><strong>persequuntur</strong></span> <span class='ocrx_word' id='word_1_274' title='bbox 1399 2419 1634 2473; x_wconf 81' lang='lat' dir='ltr'><strong>tenebrae</strong></span> <span class='ocrx_word' id='word_1_275' title='bbox 1667 2429 1890 2489; x_wconf 85' lang='lat' dir='ltr'><strong>propter</strong></span> <span class='ocrx_word' id='word_1_276' title='bbox 1922 2435 2030 2476; x_wconf 88' lang='lat' dir='ltr'><strong>me.</strong></span> <span class='ocrx_word' id='word_1_277' title='bbox 2072 2420 2158 2475; x_wconf 90' lang='lat' dir='ltr'><strong>Si-</strong></span> 
     </span>
    </p>
   </div>
   <div class='ocr_carea' id='block_1_40' title="bbox 585 2508 2157 2580">
    <p class='ocr_par' dir='ltr' id='par_1_40' title="bbox 585 2508 2157 2580">
     <span class='ocr_line' id='line_1_40' title="bbox 585 2508 2157 2580; baseline 0.001 -19"><span class='ocrx_word' id='word_1_278' title='bbox 585 2508 789 2561; x_wconf 88' lang='lat' dir='ltr'><strong>militer</strong></span> <span class='ocrx_word' id='word_1_279' title='bbox 820 2508 982 2562; x_wconf 87' lang='lat' dir='ltr'><strong>etiam</strong></span> <span class='ocrx_word' id='word_1_280' title='bbox 1028 2508 1268 2576; x_wconf 89' lang='lat' dir='ltr'><strong>justitia,</strong></span> <span class='ocrx_word' id='word_1_281' title='bbox 1325 2509 1711 2574; x_wconf 88' lang='lat' dir='ltr'><strong>sanctimonia,</strong></span> <span class='ocrx_word' id='word_1_282' title='bbox 1765 2510 2157 2580; x_wconf 77' lang='lat' dir='ltr'><strong>incorruptibi-</strong></span> 
     </span>
    </p>
   </div>
   <div class='ocr_carea' id='block_1_41' title="bbox 585 2596 2152 2668">
    <p class='ocr_par' dir='ltr' id='par_1_41' title="bbox 585 2596 2152 2668">
     <span class='ocr_line' id='line_1_41' title="bbox 585 2596 2152 2668; baseline 0.004 -19"><span class='ocrx_word' id='word_1_283' title='bbox 585 2596 713 2651; x_wconf 91' lang='lat' dir='ltr'><strong>litas</strong></span> <span class='ocrx_word' id='word_1_284' title='bbox 742 2606 795 2651; x_wconf 85' lang='lat' dir='ltr'><strong>et</strong></span> <span class='ocrx_word' id='word_1_285' title='bbox 823 2599 1130 2668; x_wconf 83' lang='lat' dir='ltr'><strong>integritas,</strong></span> <span class='ocrx_word' id='word_1_286' title='bbox 1169 2597 1391 2652; x_wconf 88' lang='lat' dir='ltr'><strong>bonitas</strong></span> <span class='ocrx_word' id='word_1_287' title='bbox 1418 2606 1473 2650; x_wconf 90' lang='lat' dir='ltr'><strong>et</strong></span> <span class='ocrx_word' id='word_1_288' title='bbox 1502 2599 1685 2652; x_wconf 90' lang='lat' dir='ltr'><strong>omnis</strong></span> <span class='ocrx_word' id='word_1_289' title='bbox 1735 2598 2054 2655; x_wconf 86' lang='lat' dir='ltr'><strong>intellectus</strong></span> <span class='ocrx_word' id='word_1_290' title='bbox 2097 2609 2152 2655; x_wconf 90' lang='lat' dir='ltr'><strong>et</strong></span> 
     </span>
    </p>
   </div>
   <div class='ocr_carea' id='block_1_42' title="bbox 587 2688 2154 2759">
    <p class='ocr_par' dir='ltr' id='par_1_42' title="bbox 587 2688 2154 2759">
     <span class='ocr_line' id='line_1_42' title="bbox 587 2688 2154 2759; baseline 0.003 -19"><span class='ocrx_word' id='word_1_291' title='bbox 587 2688 788 2742; x_wconf 89' lang='lat' dir='ltr'><strong>mentis</strong></span> <span class='ocrx_word' id='word_1_292' title='bbox 824 2696 1119 2758; x_wconf 85' lang='lat' dir='ltr'><strong>conceptus</strong></span> <span class='ocrx_word' id='word_1_293' title='bbox 1149 2703 1213 2742; x_wconf 86' lang='lat' dir='ltr'><strong>ex</strong></span> <span class='ocrx_word' id='word_1_294' title='bbox 1249 2688 1464 2757; x_wconf 83' lang='lat' dir='ltr'><strong>iisqua:</strong></span> <span class='ocrx_word' id='word_1_295' title='bbox 1516 2688 1571 2741; x_wconf 90' lang='lat' dir='ltr'><strong>in</strong></span> <span class='ocrx_word' id='word_1_296' title='bbox 1608 2689 1888 2744; x_wconf 79' lang='lat' dir='ltr'><strong>meliorem</strong></span> <span class='ocrx_word' id='word_1_297' title='bbox 1939 2697 2154 2759; x_wconf 90' lang='lat' dir='ltr'><strong>partem</strong></span> 
     </span>
    </p>
   </div>
   <div class='ocr_carea' id='block_1_43' title="bbox 586 2777 2159 2850">
    <p class='ocr_par' dir='ltr' id='par_1_43' title="bbox 586 2777 2159 2850">
     <span class='ocr_line' id='line_1_43' title="bbox 586 2777 2159 2850; baseline 0.003 -18"><span class='ocrx_word' id='word_1_298' title='bbox 586 2789 640 2832; x_wconf 89' lang='lat' dir='ltr'><strong>et</strong></span> <span class='ocrx_word' id='word_1_299' title='bbox 669 2777 1049 2848; x_wconf 80' lang='lat' dir='ltr'><strong>intelliguntur</strong></span> <span class='ocrx_word' id='word_1_300' title='bbox 1078 2785 1131 2833; x_wconf 89' lang='lat' dir='ltr'><strong>et</strong></span> <span class='ocrx_word' id='word_1_301' title='bbox 1160 2777 1437 2833; x_wconf 82' lang='lat' dir='ltr'><strong>dicuntur.</strong></span> <span class='ocrx_word' id='word_1_302' title='bbox 1469 2777 1732 2834; x_wconf 85' lang='lat' dir='ltr'><strong>Dominus</strong></span> <span class='ocrx_word' id='word_1_303' title='bbox 1770 2779 1958 2849; x_wconf 79' lang='lat' dir='ltr'><strong>igitur,</strong></span> <span class='ocrx_word' id='word_1_304' title='bbox 1995 2791 2159 2850; x_wconf 88' lang='lat' dir='ltr'><strong>prout</strong></span> 
     </span>
    </p>
   </div>
   <div class='ocr_carea' id='block_1_44' title="bbox 587 2869 2158 2938">
    <p class='ocr_par' dir='ltr' id='par_1_44' title="bbox 587 2869 2158 2938">
     <span class='ocr_line' id='line_1_44' title="bbox 587 2869 2158 2938; baseline 0.004 -16"><span class='ocrx_word' id='word_1_305' title='bbox 587 2869 943 2938; x_wconf 71' lang='lat' dir='ltr'><strong>intelligitur,</strong></span> <span class='ocrx_word' id='word_1_306' title='bbox 983 2869 1059 2922; x_wconf 91' lang='lat' dir='ltr'><strong>ita</strong></span> <span class='ocrx_word' id='word_1_307' title='bbox 1109 2869 1206 2924; x_wconf 88' lang='lat' dir='ltr'><strong>tibi</strong></span> <span class='ocrx_word' id='word_1_308' title='bbox 1256 2869 1456 2930; x_wconf 68' lang='lat' dir='ltr'><strong>dicere</strong></span> <span class='ocrx_word' id='word_1_309' title='bbox 1521 2870 1866 2926; x_wconf 83' lang='lat' dir='ltr'><strong>existimetur</strong></span> <span class='ocrx_word' id='word_1_310' title='bbox 1901 2889 1916 2926; x_wconf 88' lang='lat'>:</span> <span class='ocrx_word' id='word_1_311' title='bbox 1948 2871 2158 2929; x_wconf 81' lang='lat' dir='ltr'><strong>Beatus</strong></span> 
     </span>
    </p>
   </div>
   <div class='ocr_carea' id='block_1_45' title="bbox 585 2960 2160 3034">
    <p class='ocr_par' dir='ltr' id='par_1_45' title="bbox 585 2960 2160 3034">
     <span class='ocr_line' id='line_1_45' title="bbox 585 2960 2160 3034; baseline 0.003 -20"><span class='ocrx_word' id='word_1_312' title='bbox 585 2968 690 3025; x_wconf 89' lang='lat' dir='ltr'><strong>est,</strong></span> <span class='ocrx_word' id='word_1_313' title='bbox 724 2962 1036 3030; x_wconf 85' lang='lat' dir='ltr'><strong>quicunque</strong></span> <span class='ocrx_word' id='word_1_314' title='bbox 1058 2960 1126 3016; x_wconf 90' lang='lat' dir='ltr'><strong>ab</strong></span> <span class='ocrx_word' id='word_1_315' title='bbox 1154 2961 1302 3016; x_wconf 82' lang='lat' dir='ltr'><strong>omni</strong></span> <span class='ocrx_word' id='word_1_316' title='bbox 1334 2976 1393 3016; x_wconf 88' lang='lat' dir='ltr'><strong>re</strong></span> <span class='ocrx_word' id='word_1_317' title='bbox 1415 2961 1690 3016; x_wconf 86' lang='lat' dir='ltr'><strong>contraria</strong></span> <span class='ocrx_word' id='word_1_318' title='bbox 1714 2963 1932 3033; x_wconf 88' lang='lat' dir='ltr'><strong>pellitur</strong></span> <span class='ocrx_word' id='word_1_319' title='bbox 1953 2974 2006 3019; x_wconf 89' lang='lat' dir='ltr'><strong>et</strong></span> <span class='ocrx_word' id='word_1_320' title='bbox 2031 2979 2160 3034; x_wconf 91' lang='lat' dir='ltr'><strong>pro-</strong></span> 
     </span>
    </p>
   </div>
   <div class='ocr_carea' id='block_1_46' title="bbox 586 3053 2159 3123">
    <p class='ocr_par' dir='ltr' id='par_1_46' title="bbox 586 3053 2159 3123">
     <span class='ocr_line' id='line_1_46' title="bbox 586 3053 2159 3123; baseline 0.001 -16"><span class='ocrx_word' id='word_1_321' title='bbox 586 3053 825 3116; x_wconf 84' lang='lat' dir='ltr'><strong>hibetur,</strong></span> <span class='ocrx_word' id='word_1_322' title='bbox 885 3068 916 3106; x_wconf 90' lang='lat' dir='ltr'><strong>a</strong></span> <span class='ocrx_word' id='word_1_323' title='bbox 943 3054 1318 3122; x_wconf 79' lang='lat' dir='ltr'><strong>corruptione,</strong></span> <span class='ocrx_word' id='word_1_324' title='bbox 1365 3068 1396 3106; x_wconf 91' lang='lat' dir='ltr'><strong>a</strong></span> <span class='ocrx_word' id='word_1_325' title='bbox 1424 3053 1694 3118; x_wconf 85' lang='lat' dir='ltr'><strong>tenebris,</strong></span> <span class='ocrx_word' id='word_1_326' title='bbox 1751 3069 1780 3106; x_wconf 91' lang='lat' dir='ltr'><strong>a</strong></span> <span class='ocrx_word' id='word_1_327' title='bbox 1807 3062 2052 3123; x_wconf 89' lang='lat' dir='ltr'><strong>peccato,</strong></span> <span class='ocrx_word' id='word_1_328' title='bbox 2089 3055 2159 3109; x_wconf 88' lang='lat' dir='ltr'><strong>ab</strong></span> 
     </span>
    </p>
   </div>
   <div class='ocr_carea' id='block_1_47' title="bbox 587 3144 2160 3216">
    <p class='ocr_par' dir='ltr' id='par_1_47' title="bbox 587 3144 2160 3216">
     <span class='ocr_line' id='line_1_47' title="bbox 587 3144 2160 3216; baseline 0.003 -18"><span class='ocrx_word' id='word_1_329' title='bbox 587 3144 879 3214; x_wconf 89' lang='lat' dir='ltr'><strong>injustitia,</strong></span> <span class='ocrx_word' id='word_1_330' title='bbox 911 3161 937 3199; x_wconf 87' lang='lat' dir='ltr'><strong>a</strong></span> <span class='ocrx_word' id='word_1_331' title='bbox 971 3144 1160 3201; x_wconf 86' lang='lat' dir='ltr'><strong>fraude</strong></span> <span class='ocrx_word' id='word_1_332' title='bbox 1198 3153 1253 3200; x_wconf 89' lang='lat' dir='ltr'><strong>et</strong></span> <span class='ocrx_word' id='word_1_333' title='bbox 1286 3146 1538 3212; x_wconf 89' lang='lat' dir='ltr'><strong>avaritia,</strong></span> <span class='ocrx_word' id='word_1_334' title='bbox 1577 3146 1650 3200; x_wconf 89' lang='lat' dir='ltr'><strong>ab</strong></span> <span class='ocrx_word' id='word_1_335' title='bbox 1683 3161 2017 3216; x_wconf 89' lang='lat' dir='ltr'><strong>unoquoque</strong></span> <span class='ocrx_word' id='word_1_336' title='bbox 2064 3162 2160 3202; x_wconf 84' lang='lat' dir='ltr'><strong>eo-</strong></span> 
     </span>
    </p>
   </div>
   <div class='ocr_carea' id='block_1_48' title="bbox 2260 1957 3840 2031">
    <p class='ocr_par' dir='ltr' id='par_1_48' title="bbox 2260 1957 3840 2031">
     <span class='ocr_line' id='line_1_48' title="bbox 2260 1957 3840 2031; baseline -0.002 -18"><span class='ocrx_word' id='word_1_337' title='bbox 2260 1960 2503 2031; x_wconf 87' lang='grc' dir='ltr'>τρίωσις,</span> <span class='ocrx_word' id='word_1_338' title='bbox 2533 1959 2596 2011; x_wconf 76' lang='grc' dir='ltr'>τὸ</span> <span class='ocrx_word' id='word_1_339' title='bbox 2625 1961 2682 2012; x_wconf 86' lang='grc' dir='ltr'><strong>ἐν</strong></span> <span class='ocrx_word' id='word_1_340' title='bbox 2707 1960 2830 2029; x_wconf 71' lang='grc' dir='ltr'>ἐμοὶ</span> <span class='ocrx_word' id='word_1_341' title='bbox 2871 1959 3124 2027; x_wconf 89' lang='grc' dir='ltr'>γενέσθαι</span> <span class='ocrx_word' id='word_1_342' title='bbox 3152 1957 3276 2021; x_wconf 90' lang='grc' dir='ltr'>τούς</span> <span class='ocrx_word' id='word_1_343' title='bbox 3315 1975 3444 2010; x_wconf 88' lang='grc' dir='ltr'>ποτε</span> <span class='ocrx_word' id='word_1_344' title='bbox 3472 1958 3840 2028; x_wconf 75' lang='grc' dir='ltr'>νενοσηκότας</span> 
     </span>
    </p>
   </div>
   <div class='ocr_carea' id='block_1_49' title="bbox 2260 2047 3839 2122">
    <p class='ocr_par' dir='ltr' id='par_1_49' title="bbox 2260 2047 3839 2122">
     <span class='ocr_line' id='line_1_49' title="bbox 2260 2047 3839 2122; baseline 0.005 -18"><span class='ocrx_word' id='word_1_345' title='bbox 2260 2051 2686 2122; x_wconf 79' lang='grc' dir='ltr'>παρασκευάζει.</span> <span class='ocrx_word' id='word_1_346' title='bbox 2750 2049 2936 2113; x_wconf 79' lang='grc' dir='ltr'>Οὕτως</span> <span class='ocrx_word' id='word_1_347' title='bbox 2987 2049 3307 2119; x_wconf 81' lang='grc' dir='ltr'>ἀκούσωμεν</span> <span class='ocrx_word' id='word_1_348' title='bbox 3349 2047 3447 2118; x_wconf 80' lang='grc' dir='ltr'>τῆς</span> <span class='ocrx_word' id='word_1_349' title='bbox 3497 2048 3720 2116; x_wconf 64' lang='grc' dir='ltr'>φωνῆς,</span> <span class='ocrx_word' id='word_1_350' title='bbox 3761 2049 3839 2111; x_wconf 78' lang='grc' dir='ltr'><strong>ὡς</strong></span> 
     </span>
    </p>
   </div>
   <div class='ocr_carea' id='block_1_50' title="bbox 2258 2139 3840 2212">
    <p class='ocr_par' dir='ltr' id='par_1_50' title="bbox 2258 2139 3840 2212">
     <span class='ocr_line' id='line_1_50' title="bbox 2258 2139 3840 2212; baseline -0.003 -18"><span class='ocrx_word' id='word_1_351' title='bbox 2258 2142 2428 2211; x_wconf 76' lang='grc' dir='ltr'>αὐτῆς</span> <span class='ocrx_word' id='word_1_352' title='bbox 2453 2141 2554 2210; x_wconf 81' lang='grc' dir='ltr'>τῆς</span> <span class='ocrx_word' id='word_1_353' title='bbox 2597 2141 2741 2212; x_wconf 77' lang='grc' dir='ltr'>ζωῆς</span> <span class='ocrx_word' id='word_1_354' title='bbox 2768 2143 2898 2212; x_wconf 85' lang='grc' dir='ltr'>ἡμῖν</span> <span class='ocrx_word' id='word_1_355' title='bbox 2934 2141 3024 2194; x_wconf 76' lang='grc' dir='ltr'>τὸν</span> <span class='ocrx_word' id='word_1_356' title='bbox 3067 2139 3304 2194; x_wconf 88' lang='grc' dir='ltr'>τοιοῦτον</span> <span class='ocrx_word' id='word_1_357' title='bbox 3351 2139 3699 2210; x_wconf 79' lang='grc' dir='ltr'>μακαρισμὸν</span> <span class='ocrx_word' id='word_1_358' title='bbox 3738 2142 3840 2208; x_wconf 68' lang='grc' dir='ltr'>ἐμ-</span> 
     </span>
    </p>
   </div>
   <div class='ocr_carea' id='block_1_51' title="bbox 2259 2231 3838 2303">
    <p class='ocr_par' dir='ltr' id='par_1_51' title="bbox 2259 2231 3838 2303">
     <span class='ocr_line' id='line_1_51' title="bbox 2259 2231 3838 2303; baseline 0 -17"><span class='ocrx_word' id='word_1_359' title='bbox 2259 2233 2488 2303; x_wconf 77' lang='grc' dir='ltr'>ϐοὼσης.</span> <span class='ocrx_word' id='word_1_360' title='bbox 2535 2233 2808 2303; x_wconf 84' lang='grc' dir='ltr'>Μακάριοι</span> <span class='ocrx_word' id='word_1_361' title='bbox 2852 2235 2901 2285; x_wconf 90' lang='grc' dir='ltr'>οἱ</span> <span class='ocrx_word' id='word_1_362' title='bbox 2940 2232 3284 2301; x_wconf 85' lang='grc' dir='ltr'>δεδιωγμένοι</span> <span class='ocrx_word' id='word_1_363' title='bbox 3314 2231 3416 2284; x_wconf 77' lang='grc' dir='ltr'><strong>ὑπὸ</strong></span> <span class='ocrx_word' id='word_1_364' title='bbox 3462 2233 3556 2285; x_wconf 88' lang='grc' dir='ltr'><strong>τοῦ</strong></span> <span class='ocrx_word' id='word_1_365' title='bbox 3600 2231 3838 2286; x_wconf 68' lang='grc' dir='ltr'>θανάτου</span> 
     </span>
    </p>
   </div>
   <div class='ocr_carea' id='block_1_52' title="bbox 2257 2323 3840 2396">
    <p class='ocr_par' dir='ltr' id='par_1_52' title="bbox 2257 2323 3840 2396">
     <span class='ocr_line' id='line_1_52' title="bbox 2257 2323 3840 2396; baseline 0.002 -18"><span class='ocrx_word' id='word_1_366' title='bbox 2257 2325 2443 2379; x_wconf 76' lang='grc' dir='ltr'>ἕνεκεν</span> <span class='ocrx_word' id='word_1_367' title='bbox 2471 2323 2606 2396; x_wconf 86' lang='grc' dir='ltr'>ἐμοῦ</span> <span class='ocrx_word' id='word_1_368' title='bbox 2628 2342 2642 2357; x_wconf 78' lang='grc' dir='ltr'><strong>ο</strong></span> <span class='ocrx_word' id='word_1_369' title='bbox 2683 2325 2758 2388; x_wconf 84' lang='grc' dir='ltr'>ὡς</span> <span class='ocrx_word' id='word_1_370' title='bbox 2783 2324 2852 2378; x_wconf 82' lang='grc' dir='ltr'><strong>τὸ-</strong></span> <span class='ocrx_word' id='word_1_371' title='bbox 2879 2324 2990 2393; x_wconf 77' lang='grc' dir='ltr'><strong>φῶς</strong></span> <span class='ocrx_word' id='word_1_372' title='bbox 3023 2324 3170 2394; x_wconf 83' lang='grc' dir='ltr'>λέγοι</span> <span class='ocrx_word' id='word_1_373' title='bbox 3203 2342 3218 2356; x_wconf 72' lang='grc' dir='ltr'><strong>ο</strong></span> <span class='ocrx_word' id='word_1_374' title='bbox 3264 2326 3536 2394; x_wconf 79' lang='grc' dir='ltr'>Μακάριοι</span> <span class='ocrx_word' id='word_1_375' title='bbox 3566 2330 3614 2380; x_wconf 82' lang='grc' dir='ltr'>οἱ</span> <span class='ocrx_word' id='word_1_376' title='bbox 3651 2329 3840 2381; x_wconf 57' lang='lat'><strong>650-43-</strong></span> 
     </span>
    </p>
   </div>
   <div class='ocr_carea' id='block_1_53' title="bbox 2258 2415 3832 2490">
    <p class='ocr_par' dir='ltr' id='par_1_53' title="bbox 2258 2415 3832 2490">
     <span class='ocr_line' id='line_1_53' title="bbox 2258 2415 3832 2490; baseline -0.001 -19"><span class='ocrx_word' id='word_1_377' title='bbox 2258 2418 2448 2490; x_wconf 81' lang='grc' dir='ltr'>γμένοι</span> <span class='ocrx_word' id='word_1_378' title='bbox 2482 2418 2585 2472; x_wconf 73' lang='grc' dir='ltr'><strong>ὑπὸ</strong></span> <span class='ocrx_word' id='word_1_379' title='bbox 2611 2417 2706 2471; x_wconf 80' lang='grc' dir='ltr'><strong>τοῦ</strong></span> <span class='ocrx_word' id='word_1_380' title='bbox 2750 2418 2971 2482; x_wconf 79' lang='grc' dir='ltr'>σκότους</span> <span class='ocrx_word' id='word_1_381' title='bbox 2997 2417 3182 2470; x_wconf 73' lang='grc' dir='ltr'>ἕνεκεν</span> <span class='ocrx_word' id='word_1_382' title='bbox 3204 2415 3359 2486; x_wconf 88' lang='grc' dir='ltr'>ἐμοῦ.</span> <span class='ocrx_word' id='word_1_383' title='bbox 3402 2418 3640 2487; x_wconf 82' lang='grc' dir='ltr'>Ὁμοίως</span> <span class='ocrx_word' id='word_1_384' title='bbox 3671 2419 3766 2470; x_wconf 80' lang='grc' dir='ltr'>καὶ</span> <span class='ocrx_word' id='word_1_385' title='bbox 3796 2421 3832 2486; x_wconf 76' lang='grc' dir='ltr'>ἡ</span> 
     </span>
    </p>
   </div>
   <div class='ocr_carea' id='block_1_54' title="bbox 2257 2509 3830 2584">
    <p class='ocr_par' dir='ltr' id='par_1_54' title="bbox 2257 2509 3830 2584">
     <span class='ocr_line' id='line_1_54' title="bbox 2257 2509 3830 2584; baseline -0.002 -20"><span class='ocrx_word' id='word_1_386' title='bbox 2257 2511 2594 2584; x_wconf 83' lang='grc' dir='ltr'>δικαιοσύνη,</span> <span class='ocrx_word' id='word_1_387' title='bbox 2645 2511 2739 2564; x_wconf 68' lang='grc' dir='ltr'>καὶ</span> <span class='ocrx_word' id='word_1_388' title='bbox 2779 2512 3072 2580; x_wconf 74' lang='grc' dir='ltr'>ἁγιασμὸς,</span> <span class='ocrx_word' id='word_1_389' title='bbox 3113 2509 3208 2562; x_wconf 74' lang='grc' dir='ltr'>καὶ</span> <span class='ocrx_word' id='word_1_390' title='bbox 3241 2511 3276 2578; x_wconf 74' lang='grc' dir='ltr'><strong>ἡ</strong></span> <span class='ocrx_word' id='word_1_391' title='bbox 3321 2509 3627 2580; x_wconf 79' lang='grc' dir='ltr'>ἀφθαρσία,</span> <span class='ocrx_word' id='word_1_392' title='bbox 3671 2511 3767 2562; x_wconf 77' lang='grc' dir='ltr'>καὶ</span> <span class='ocrx_word' id='word_1_393' title='bbox 3797 2513 3830 2579; x_wconf 81' lang='grc' dir='ltr'>ἠ</span> 
     </span>
    </p>
   </div>
   <div class='ocr_carea' id='block_1_55' title="bbox 2257 2600 3834 2674">
    <p class='ocr_par' dir='ltr' id='par_1_55' title="bbox 2257 2600 3834 2674">
     <span class='ocr_line' id='line_1_55' title="bbox 2257 2600 3834 2674; baseline -0.003 -18"><span class='ocrx_word' id='word_1_394' title='bbox 2257 2603 2548 2674; x_wconf 83' lang='grc' dir='ltr'>ἀγαθότης,</span> <span class='ocrx_word' id='word_1_395' title='bbox 2566 2605 2660 2656; x_wconf 73' lang='grc' dir='ltr'>καὶ</span> <span class='ocrx_word' id='word_1_396' title='bbox 2685 2603 2792 2656; x_wconf 78' lang='grc' dir='ltr'>πᾶν</span> <span class='ocrx_word' id='word_1_397' title='bbox 2814 2602 2991 2672; x_wconf 86' lang='grc' dir='ltr'>νόημα</span> <span class='ocrx_word' id='word_1_398' title='bbox 3015 2601 3128 2654; x_wconf 84' lang='grc' dir='ltr'>τῶν.</span> <span class='ocrx_word' id='word_1_399' title='bbox 3155 2600 3289 2672; x_wconf 82' lang='grc' dir='ltr'>πρὸς</span> <span class='ocrx_word' id='word_1_400' title='bbox 3314 2601 3375 2652; x_wconf 79' lang='grc' dir='ltr'>τὸ</span> <span class='ocrx_word' id='word_1_401' title='bbox 3403 2603 3656 2671; x_wconf 84' lang='grc' dir='ltr'>κρεῖττον</span> <span class='ocrx_word' id='word_1_402' title='bbox 3681 2618 3834 2653; x_wconf 80' lang='grc' dir='ltr'>νοου-</span> 
     </span>
    </p>
   </div>
   <div class='ocr_carea' id='block_1_56' title="bbox 2261 2691 3834 2767">
    <p class='ocr_par' dir='ltr' id='par_1_56' title="bbox 2261 2691 3834 2767">
     <span class='ocr_line' id='line_1_56' title="bbox 2261 2691 3834 2767; baseline -0.004 -18"><span class='ocrx_word' id='word_1_403' title='bbox 2261 2696 2435 2767; x_wconf 82' lang='grc' dir='ltr'>μένων</span> <span class='ocrx_word' id='word_1_404' title='bbox 2467 2713 2525 2748; x_wconf 91' lang='grc' dir='ltr'><strong>τε</strong></span> <span class='ocrx_word' id='word_1_405' title='bbox 2573 2696 2668 2748; x_wconf 72' lang='grc' dir='ltr'>καὶ</span> <span class='ocrx_word' id='word_1_406' title='bbox 2699 2693 3024 2765; x_wconf 82' lang='grc' dir='ltr'>λεγομένων.</span> <span class='ocrx_word' id='word_1_407' title='bbox 3067 2693 3127 2746; x_wconf 88' lang='lat'><strong>&#39;0</strong></span> <span class='ocrx_word' id='word_1_408' title='bbox 3162 2691 3364 2762; x_wconf 82' lang='grc' dir='ltr'>Κύριος</span> <span class='ocrx_word' id='word_1_409' title='bbox 3389 2691 3487 2756; x_wconf 85' lang='grc' dir='ltr'>ὣν,</span> <span class='ocrx_word' id='word_1_410' title='bbox 3522 2691 3665 2745; x_wconf 85' lang='grc' dir='ltr'>καθὸ</span> <span class='ocrx_word' id='word_1_411' title='bbox 3699 2694 3834 2744; x_wconf 74' lang='grc' dir='ltr'>νοείο</span> 
     </span>
    </p>
   </div>
   <div class='ocr_carea' id='block_1_57' title="bbox 2255 2783 3832 2854">
    <p class='ocr_par' dir='ltr' id='par_1_57' title="bbox 2255 2783 3832 2854">
     <span class='ocr_line' id='line_1_57' title="bbox 2255 2783 3832 2854; baseline -0.004 -13"><span class='ocrx_word' id='word_1_412' title='bbox 2255 2806 2368 2852; x_wconf 85' lang='grc' dir='ltr'>ται,</span> <span class='ocrx_word' id='word_1_413' title='bbox 2399 2789 2520 2842; x_wconf 80' lang='grc' dir='ltr'>κατ’</span> <span class='ocrx_word' id='word_1_414' title='bbox 2556 2786 2730 2840; x_wconf 80' lang='grc' dir='ltr'>ἐκεῖνὸ</span> <span class='ocrx_word' id='word_1_415' title='bbox 2759 2802 2841 2838; x_wconf 87' lang='grc' dir='ltr'><strong>σοι</strong></span> <span class='ocrx_word' id='word_1_416' title='bbox 2886 2784 3064 2852; x_wconf 83' lang='grc' dir='ltr'>λέγειν</span> <span class='ocrx_word' id='word_1_417' title='bbox 3109 2783 3410 2854; x_wconf 78' lang='grc' dir='ltr'>νομιζέσθω</span> <span class='ocrx_word' id='word_1_418' title='bbox 3446 2799 3459 2813; x_wconf 89' lang='grc'><strong>·</strong></span> <span class='ocrx_word' id='word_1_419' title='bbox 3513 2783 3595 2836; x_wconf 80' lang='grc' dir='ltr'>ὅτι</span> <span class='ocrx_word' id='word_1_420' title='bbox 3637 2783 3832 2836; x_wconf 72' lang='grc' dir='ltr'>Μακά-</span> 
     </span>
    </p>
   </div>
   <div class='ocr_carea' id='block_1_58' title="bbox 2260 2871 3832 2947">
    <p class='ocr_par' dir='ltr' id='par_1_58' title="bbox 2260 2871 3832 2947">
     <span class='ocr_line' id='line_1_58' title="bbox 2260 2871 3832 2947; baseline -0.003 -18"><span class='ocrx_word' id='word_1_421' title='bbox 2260 2876 2373 2947; x_wconf 87' lang='grc' dir='ltr'>ριός</span> <span class='ocrx_word' id='word_1_422' title='bbox 2410 2877 2525 2928; x_wconf 86' lang='grc' dir='ltr'>ἐστι</span> <span class='ocrx_word' id='word_1_423' title='bbox 2554 2877 2660 2938; x_wconf 80' lang='grc' dir='ltr'><strong>πᾶς</strong></span> <span class='ocrx_word' id='word_1_424' title='bbox 2684 2875 2712 2927; x_wconf 97' lang='lat'><strong>0</strong></span> <span class='ocrx_word' id='word_1_425' title='bbox 2743 2874 2940 2937; x_wconf 72' lang='grc' dir='ltr'>παντὸς</span> <span class='ocrx_word' id='word_1_426' title='bbox 2966 2872 3207 2926; x_wconf 75' lang='grc' dir='ltr'>ἐναντίου</span> <span class='ocrx_word' id='word_1_427' title='bbox 3239 2872 3561 2942; x_wconf 78' lang='grc' dir='ltr'>πράγματος</span> <span class='ocrx_word' id='word_1_428' title='bbox 3593 2871 3832 2924; x_wconf 72' lang='grc' dir='ltr'><strong>ἀττελαιι⁴</strong></span> 
     </span>
    </p>
   </div>
   <div class='ocr_carea' id='block_1_59' title="bbox 2259 2961 3834 3038">
    <p class='ocr_par' dir='ltr' id='par_1_59' title="bbox 2259 2961 3834 3038">
     <span class='ocr_line' id='line_1_59' title="bbox 2259 2961 3834 3038; baseline -0.006 -17"><span class='ocrx_word' id='word_1_429' title='bbox 2259 2969 2498 3038; x_wconf 83' lang='grc' dir='ltr'>νόμενος,</span> <span class='ocrx_word' id='word_1_430' title='bbox 2525 2966 2750 3038; x_wconf 79' lang='grc' dir='ltr'>φθορᾶς,</span> <span class='ocrx_word' id='word_1_431' title='bbox 2784 2965 3026 3028; x_wconf 83' lang='grc' dir='ltr'>σκότους,</span> <span class='ocrx_word' id='word_1_432' title='bbox 3055 2962 3346 3034; x_wconf 84' lang='grc' dir='ltr'>ἁμαρτίας,</span> <span class='ocrx_word' id='word_1_433' title='bbox 3375 2962 3615 3026; x_wconf 80' lang='grc' dir='ltr'>ἀδικίας,</span> <span class='ocrx_word' id='word_1_434' title='bbox 3647 2961 3834 3013; x_wconf 64' lang='grc' dir='ltr'>πλεῦνα</span> 
     </span>
    </p>
   </div>
   <div class='ocr_carea' id='block_1_60' title="bbox 2259 3056 3835 3127">
    <p class='ocr_par' dir='ltr' id='par_1_60' title="bbox 2259 3056 3835 3127">
     <span class='ocr_line' id='line_1_60' title="bbox 2259 3056 3835 3127; baseline -0.005 -14"><span class='ocrx_word' id='word_1_435' title='bbox 2259 3059 2429 3124; x_wconf 82' lang='grc' dir='ltr'>εξίας,</span> <span class='ocrx_word' id='word_1_436' title='bbox 2477 3061 2706 3113; x_wconf 77' lang='grc' dir='ltr'>ἑκάστου</span> <span class='ocrx_word' id='word_1_437' title='bbox 2747 3058 2854 3112; x_wconf 82' lang='grc' dir='ltr'><strong>τῶν</strong></span> <span class='ocrx_word' id='word_1_438' title='bbox 2886 3056 3338 3127; x_wconf 78' lang='grc' dir='ltr'>διαστελλομένων</span> <span class='ocrx_word' id='word_1_439' title='bbox 3384 3059 3497 3119; x_wconf 87' lang='grc' dir='ltr'>τοῖς</span> <span class='ocrx_word' id='word_1_440' title='bbox 3545 3056 3693 3108; x_wconf 78' lang='grc' dir='ltr'><strong>κατά</strong></span> <span class='ocrx_word' id='word_1_441' title='bbox 3735 3056 3835 3124; x_wconf 83' lang='grc' dir='ltr'>τὴν</span> 
     </span>
    </p>
   </div>
   <div class='ocr_carea' id='block_1_61' title="bbox 2258 3146 3837 3222">
    <p class='ocr_par' dir='ltr' id='par_1_61' title="bbox 2258 3146 3837 3222">
     <span class='ocr_line' id='line_1_61' title="bbox 2258 3146 3837 3222; baseline -0.003 -19"><span class='ocrx_word' id='word_1_442' title='bbox 2258 3151 2460 3222; x_wconf 80' lang='grc' dir='ltr'>ἀρετὴν</span> <span class='ocrx_word' id='word_1_443' title='bbox 2487 3150 2663 3220; x_wconf 88' lang='grc' dir='ltr'>λόγοις</span> <span class='ocrx_word' id='word_1_444' title='bbox 2692 3149 2980 3220; x_wconf 83' lang='grc' dir='ltr'>πράγμασί</span> <span class='ocrx_word' id='word_1_445' title='bbox 3005 3165 3066 3202; x_wconf 91' lang='grc' dir='ltr'><strong>τε</strong></span> <span class='ocrx_word' id='word_1_446' title='bbox 3095 3147 3188 3201; x_wconf 74' lang='grc' dir='ltr'>καὶ</span> <span class='ocrx_word' id='word_1_447' title='bbox 3213 3149 3461 3218; x_wconf 83' lang='grc' dir='ltr'>νοήμασι.</span> <span class='ocrx_word' id='word_1_448' title='bbox 3493 3146 3566 3198; x_wconf 85' lang='grc' dir='ltr'><strong>Τὸ</strong></span> <span class='ocrx_word' id='word_1_449' title='bbox 3595 3146 3706 3216; x_wconf 78' lang='grc' dir='ltr'><strong>γὰρ</strong></span> <span class='ocrx_word' id='word_1_450' title='bbox 3729 3146 3837 3212; x_wconf 77' lang='grc' dir='ltr'>ἐξω</span> 
     </span>
    </p>
   </div>
   <div class='ocr_carea' id='block_1_62' title="bbox 586 3237 2159 3310">
    <p class='ocr_par' dir='ltr' id='par_1_62' title="bbox 586 3237 2154 3308">
     <span class='ocr_line' id='line_1_62' title="bbox 586 3237 2154 3308; baseline 0.001 -18"><span class='ocrx_word' id='word_1_451' title='bbox 586 3253 707 3290; x_wconf 91' lang='lat' dir='ltr'><strong>rum</strong></span> <span class='ocrx_word' id='word_1_452' title='bbox 762 3253 883 3307; x_wconf 72' lang='lat' dir='ltr'><strong>quae</strong></span> <span class='ocrx_word' id='word_1_453' title='bbox 915 3237 1132 3294; x_wconf 87' lang='lat' dir='ltr'><strong>virtutis</strong></span> <span class='ocrx_word' id='word_1_454' title='bbox 1168 3237 1470 3293; x_wconf 87' lang='lat' dir='ltr'><strong>rationibus</strong></span> <span class='ocrx_word' id='word_1_455' title='bbox 1504 3246 1875 3308; x_wconf 87' lang='lat' dir='ltr'><strong>opponuntur,</strong></span> <span class='ocrx_word' id='word_1_456' title='bbox 1917 3249 2029 3293; x_wconf 90' lang='lat' dir='ltr'><strong>tum</strong></span> <span class='ocrx_word' id='word_1_457' title='bbox 2072 3237 2154 3292; x_wconf 85' lang='lat' dir='ltr'><strong>fa-</strong></span> 
     </span>
    </p>
   </div>
   <div class='ocr_carea' id='block_1_63' title="bbox 2262 3237 3825 3310">
    <p class='ocr_par' dir='ltr' id='par_1_63' title="bbox 2262 3237 3825 3310">
     <span class='ocr_line' id='line_1_63' title="bbox 2262 3237 3825 3310; baseline -0.003 -16"><span class='ocrx_word' id='word_1_458' title='bbox 2262 3240 2369 3295; x_wconf 86' lang='grc' dir='ltr'><strong>τῶν</strong></span> <span class='ocrx_word' id='word_1_459' title='bbox 2397 3239 2579 3295; x_wconf 81' lang='grc' dir='ltr'>κακῶν</span> <span class='ocrx_word' id='word_1_460' title='bbox 2605 3239 2875 3310; x_wconf 86' lang='grc' dir='ltr'>γενέσθαι,</span> <span class='ocrx_word' id='word_1_461' title='bbox 2921 3239 3070 3303; x_wconf 87' lang='grc' dir='ltr'>ἐντός</span> <span class='ocrx_word' id='word_1_462' title='bbox 3111 3240 3226 3292; x_wconf 82' lang='grc' dir='ltr'>ἐστι</span> <span class='ocrx_word' id='word_1_463' title='bbox 3250 3237 3356 3292; x_wconf 74' lang='grc' dir='ltr'>τῶν</span> <span class='ocrx_word' id='word_1_464' title='bbox 3391 3237 3615 3306; x_wconf 83' lang='grc' dir='ltr'>ἀγαθῶν</span> <span class='ocrx_word' id='word_1_465' title='bbox 3664 3254 3825 3290; x_wconf 79' lang='grc' dir='ltr'>κατα-</span> 
     </span>
    </p>
   </div>
   <div class='ocr_carea' id='block_1_64' title="bbox 587 3329 2154 3402">
    <p class='ocr_par' dir='ltr' id='par_1_64' title="bbox 587 3329 2154 3402">
     <span class='ocr_line' id='line_1_64' title="bbox 587 3329 2154 3402; baseline 0 -20"><span class='ocrx_word' id='word_1_466' title='bbox 587 3329 712 3392; x_wconf 86' lang='lat' dir='ltr'><strong>ctis,</strong></span> <span class='ocrx_word' id='word_1_467' title='bbox 745 3338 859 3384; x_wconf 89' lang='lat' dir='ltr'><strong>tum</strong></span> <span class='ocrx_word' id='word_1_468' title='bbox 884 3330 1347 3402; x_wconf 75' lang='lat' dir='ltr'><strong>cogitationibus;</strong></span> <span class='ocrx_word' id='word_1_469' title='bbox 1383 3345 1510 3385; x_wconf 90' lang='lat' dir='ltr'><strong>nam</strong></span> <span class='ocrx_word' id='word_1_470' title='bbox 1543 3338 1697 3386; x_wconf 75' lang='lat' dir='ltr'><strong>extra</strong></span> <span class='ocrx_word' id='word_1_471' title='bbox 1747 3331 1891 3384; x_wconf 88' lang='lat' dir='ltr'><strong>mala</strong></span> <span class='ocrx_word' id='word_1_472' title='bbox 1922 3330 2154 3395; x_wconf 88' lang='lat' dir='ltr'><strong>versari,</strong></span> 
     </span>
    </p>
   </div>
   <div class='ocr_carea' id='block_1_65' title="bbox 587 3420 2155 3478">
    <p class='ocr_par' dir='ltr' id='par_1_65' title="bbox 587 3420 2155 3478">
     <span class='ocr_line' id='line_1_65' title="bbox 587 3420 2155 3478; baseline 0 -3"><span class='ocrx_word' id='word_1_473' title='bbox 587 3430 672 3475; x_wconf 89' lang='lat' dir='ltr'><strong>est</strong></span> <span class='ocrx_word' id='word_1_474' title='bbox 746 3420 889 3474; x_wconf 91' lang='lat' dir='ltr'><strong>intra</strong></span> <span class='ocrx_word' id='word_1_475' title='bbox 954 3421 1096 3475; x_wconf 92' lang='lat' dir='ltr'><strong>bona</strong></span> <span class='ocrx_word' id='word_1_476' title='bbox 1155 3421 1437 3476; x_wconf 91' lang='lat' dir='ltr'><strong>redactum</strong></span> <span class='ocrx_word' id='word_1_477' title='bbox 1490 3429 1546 3476; x_wconf 92' lang='lat' dir='ltr'><strong>et</strong></span> <span class='ocrx_word' id='word_1_478' title='bbox 1597 3421 1954 3476; x_wconf 91' lang='lat' dir='ltr'><strong>constitutum</strong></span> <span class='ocrx_word' id='word_1_479' title='bbox 2009 3437 2155 3478; x_wconf 89' lang='lat' dir='ltr'><strong>esse.</strong></span> 
     </span>
    </p>
   </div>
   <div class='ocr_carea' id='block_1_66' title="bbox 591 3506 2158 3581">
    <p class='ocr_par' dir='ltr' id='par_1_66' title="bbox 591 3506 2158 3581">
     <span class='ocr_line' id='line_1_66' title="bbox 591 3506 2158 3581; baseline 0.003 -22"><span class='ocrx_word' id='word_1_480' title='bbox 591 3506 696 3572; x_wconf 86' lang='lat' dir='ltr'><strong>Qui</strong></span> <span class='ocrx_word' id='word_1_481' title='bbox 728 3507 855 3576; x_wconf 78' lang='lat' dir='ltr'><strong>facit</strong></span> <span class='ocrx_word' id='word_1_482' title='bbox 889 3519 1178 3576; x_wconf 86' lang='lat' dir='ltr'><strong>peccatum,</strong></span> <span class='ocrx_word' id='word_1_483' title='bbox 1204 3510 1384 3579; x_wconf 91' lang='lat' dir='ltr'><strong>inquit</strong></span> <span class='ocrx_word' id='word_1_484' title='bbox 1417 3509 1702 3575; x_wconf 87' lang='lat' dir='ltr'><strong>Dominus,</strong></span> <span class='ocrx_word' id='word_1_485' title='bbox 1754 3526 1933 3565; x_wconf 76' lang='lat' dir='ltr'><strong>servus</strong></span> <span class='ocrx_word' id='word_1_486' title='bbox 1957 3512 2158 3581; x_wconf 81' lang='lat' dir='ltr'><strong>peccati</strong></span> 
     </span>
    </p>
   </div>
   <div class='ocr_carea' id='block_1_67' title="bbox 590 3597 2160 3668">
    <p class='ocr_par' dir='ltr' id='par_1_67' title="bbox 590 3597 2160 3668">
     <span class='ocr_line' id='line_1_67' title="bbox 590 3597 2160 3668; baseline 0.005 -19"><span class='ocrx_word' id='word_1_487' title='bbox 590 3598 754 3650; x_wconf 79' lang='lat' dir='ltr'><strong>est“.</strong></span> <span class='ocrx_word' id='word_1_488' title='bbox 818 3597 960 3668; x_wconf 87' lang='lat' dir='ltr'><strong>Ergo</strong></span> <span class='ocrx_word' id='word_1_489' title='bbox 989 3600 1083 3667; x_wconf 91' lang='lat' dir='ltr'><strong>qui</strong></span> <span class='ocrx_word' id='word_1_490' title='bbox 1116 3598 1347 3655; x_wconf 86' lang='lat' dir='ltr'><strong>descivit</strong></span> <span class='ocrx_word' id='word_1_491' title='bbox 1379 3600 1447 3654; x_wconf 91' lang='lat' dir='ltr'><strong>ab</strong></span> <span class='ocrx_word' id='word_1_492' title='bbox 1479 3615 1545 3656; x_wconf 92' lang='lat' dir='ltr'><strong>eo</strong></span> <span class='ocrx_word' id='word_1_493' title='bbox 1571 3600 1660 3654; x_wconf 90' lang='lat' dir='ltr'><strong>cui</strong></span> <span class='ocrx_word' id='word_1_494' title='bbox 1690 3601 1960 3666; x_wconf 90' lang='lat' dir='ltr'><strong>servierit,</strong></span> <span class='ocrx_word' id='word_1_495' title='bbox 1994 3602 2160 3656; x_wconf 90' lang='lat' dir='ltr'><strong>liber-</strong></span> 
     </span>
    </p>
   </div>
   <div class='ocr_carea' id='block_1_68' title="bbox 593 3691 2162 3763">
    <p class='ocr_par' dir='ltr' id='par_1_68' title="bbox 593 3691 2162 3763">
     <span class='ocr_line' id='line_1_68' title="bbox 593 3691 2162 3763; baseline 0.004 -21"><span class='ocrx_word' id='word_1_496' title='bbox 593 3699 781 3752; x_wconf 87' lang='lat' dir='ltr'><strong>tatem,</strong></span> <span class='ocrx_word' id='word_1_497' title='bbox 814 3691 957 3759; x_wconf 92' lang='lat' dir='ltr'><strong>quod</strong></span> <span class='ocrx_word' id='word_1_498' title='bbox 990 3692 1058 3746; x_wconf 85' lang='lat' dir='ltr'><strong>ad</strong></span> <span class='ocrx_word' id='word_1_499' title='bbox 1092 3700 1295 3745; x_wconf 90' lang='lat' dir='ltr'><strong>statum</strong></span> <span class='ocrx_word' id='word_1_500' title='bbox 1321 3701 1374 3747; x_wconf 89' lang='lat' dir='ltr'><strong>et</strong></span> <span class='ocrx_word' id='word_1_501' title='bbox 1394 3692 1715 3763; x_wconf 89' lang='lat' dir='ltr'><strong>dignitatem</strong></span> <span class='ocrx_word' id='word_1_502' title='bbox 1770 3694 1985 3756; x_wconf 90' lang='lat' dir='ltr'><strong>attinet,</strong></span> <span class='ocrx_word' id='word_1_503' title='bbox 2005 3710 2162 3749; x_wconf 90' lang='lat' dir='ltr'><strong>usur-</strong></span> 
     </span>
    </p>
   </div>
   <div class='ocr_carea' id='block_1_69' title="bbox 589 3781 2160 3856">
    <p class='ocr_par' dir='ltr' id='par_1_69' title="bbox 589 3781 2160 3856">
     <span class='ocr_line' id='line_1_69' title="bbox 589 3781 2160 3856; baseline 0.005 -22"><span class='ocrx_word' id='word_1_504' title='bbox 589 3791 703 3852; x_wconf 87' lang='lat' dir='ltr'><strong>pat.</strong></span> <span class='ocrx_word' id='word_1_505' title='bbox 739 3781 912 3839; x_wconf 86' lang='lat' dir='ltr'><strong>Porro</strong></span> <span class='ocrx_word' id='word_1_506' title='bbox 939 3798 1152 3838; x_wconf 88' lang='lat' dir='ltr'><strong>summa</strong></span> <span class='ocrx_word' id='word_1_507' title='bbox 1180 3785 1450 3840; x_wconf 89' lang='lat' dir='ltr'><strong>libertatis</strong></span> <span class='ocrx_word' id='word_1_508' title='bbox 1497 3786 1710 3856; x_wconf 87' lang='lat' dir='ltr'><strong>species</strong></span> <span class='ocrx_word' id='word_1_509' title='bbox 1741 3793 1848 3853; x_wconf 87' lang='lat' dir='ltr'><strong>est,</strong></span> <span class='ocrx_word' id='word_1_510' title='bbox 1898 3787 1984 3842; x_wconf 90' lang='lat' dir='ltr'><strong>sui</strong></span> <span class='ocrx_word' id='word_1_511' title='bbox 2018 3786 2160 3856; x_wconf 82' lang='lat' dir='ltr'><strong>juris</strong></span> 
     </span>
    </p>
   </div>
   <div class='ocr_carea' id='block_1_70' title="bbox 591 3875 2161 3949">
    <p class='ocr_par' dir='ltr' id='par_1_70' title="bbox 591 3875 2161 3949">
     <span class='ocr_line' id='line_1_70' title="bbox 591 3875 2161 3949; baseline 0.003 -24"><span class='ocrx_word' id='word_1_512' title='bbox 591 3886 657 3926; x_wconf 91' lang='lat' dir='ltr'><strong>ac</strong></span> <span class='ocrx_word' id='word_1_513' title='bbox 681 3875 967 3944; x_wconf 86' lang='lat' dir='ltr'><strong>potestatis</strong></span> <span class='ocrx_word' id='word_1_514' title='bbox 994 3890 1116 3931; x_wconf 88' lang='lat' dir='ltr'><strong>esse</strong></span> <span class='ocrx_word' id='word_1_515' title='bbox 1143 3875 1369 3939; x_wconf 86' lang='lat' dir='ltr'><strong>factum,</strong></span> <span class='ocrx_word' id='word_1_516' title='bbox 1405 3877 1552 3948; x_wconf 82' lang='lat' dir='ltr'><strong>regia</strong></span> <span class='ocrx_word' id='word_1_517' title='bbox 1583 3893 1710 3932; x_wconf 88' lang='lat' dir='ltr'><strong>vero</strong></span> <span class='ocrx_word' id='word_1_518' title='bbox 1729 3877 1963 3949; x_wconf 74' lang='lat' dir='ltr'><strong>dignitas</strong></span> <span class='ocrx_word' id='word_1_519' title='bbox 1994 3890 2161 3946; x_wconf 90' lang='lat' dir='ltr'><strong>supra</strong></span> 
     </span>
    </p>
   </div>
   <div class='ocr_carea' id='block_1_71' title="bbox 592 3963 2160 4038">
    <p class='ocr_par' dir='ltr' id='par_1_71' title="bbox 592 3963 2160 4038">
     <span class='ocr_line' id='line_1_71' title="bbox 592 3963 2160 4038; baseline 0.004 -20"><span class='ocrx_word' id='word_1_520' title='bbox 592 3976 654 4018; x_wconf 88' lang='lat' dir='ltr'><strong>se</strong></span> <span class='ocrx_word' id='word_1_521' title='bbox 689 3979 796 4018; x_wconf 90' lang='lat' dir='ltr'><strong>non</strong></span> <span class='ocrx_word' id='word_1_522' title='bbox 821 3963 983 4019; x_wconf 89' lang='lat' dir='ltr'><strong>habet</strong></span> <span class='ocrx_word' id='word_1_523' title='bbox 1014 3966 1178 4020; x_wconf 91' lang='lat' dir='ltr'><strong>ullam</strong></span> <span class='ocrx_word' id='word_1_524' title='bbox 1205 3967 1572 4037; x_wconf 77' lang='lat' dir='ltr'><strong>tyrannidem.</strong></span> <span class='ocrx_word' id='word_1_525' title='bbox 1625 3967 1768 4038; x_wconf 83' lang='lat' dir='ltr'><strong>Ergo</strong></span> <span class='ocrx_word' id='word_1_526' title='bbox 1817 3968 1863 4023; x_wconf 90' lang='lat' dir='ltr'><strong>si</strong></span> <span class='ocrx_word' id='word_1_527' title='bbox 1900 3967 1986 4022; x_wconf 89' lang='lat' dir='ltr'><strong>sui</strong></span> <span class='ocrx_word' id='word_1_528' title='bbox 2015 3967 2160 4038; x_wconf 88' lang='lat' dir='ltr'><strong>juris</strong></span> 
     </span>
    </p>
   </div>
   <div class='ocr_carea' id='block_1_72' title="bbox 594 4054 2161 4130">
    <p class='ocr_par' dir='ltr' id='par_1_72' title="bbox 594 4054 2161 4130">
     <span class='ocr_line' id='line_1_72' title="bbox 594 4054 2161 4130; baseline 0.003 -20"><span class='ocrx_word' id='word_1_529' title='bbox 594 4063 679 4110; x_wconf 87' lang='lat' dir='ltr'><strong>est</strong></span> <span class='ocrx_word' id='word_1_530' title='bbox 726 4054 774 4110; x_wconf 91' lang='lat' dir='ltr'><strong>is</strong></span> <span class='ocrx_word' id='word_1_531' title='bbox 805 4055 901 4125; x_wconf 92' lang='lat' dir='ltr'><strong>qui</strong></span> <span class='ocrx_word' id='word_1_532' title='bbox 935 4071 965 4108; x_wconf 91' lang='lat' dir='ltr'><strong>a</strong></span> <span class='ocrx_word' id='word_1_533' title='bbox 1015 4066 1241 4127; x_wconf 88' lang='lat' dir='ltr'><strong>peccato</strong></span> <span class='ocrx_word' id='word_1_534' title='bbox 1283 4058 1500 4114; x_wconf 89' lang='lat' dir='ltr'><strong>alienus</strong></span> <span class='ocrx_word' id='word_1_535' title='bbox 1561 4067 1684 4125; x_wconf 79' lang='lat' dir='ltr'><strong>est;</strong></span> <span class='ocrx_word' id='word_1_536' title='bbox 1718 4074 1783 4114; x_wconf 89' lang='lat' dir='ltr'><strong>ac</strong></span> <span class='ocrx_word' id='word_1_537' title='bbox 1838 4060 1992 4130; x_wconf 87' lang='lat' dir='ltr'><strong>regni</strong></span> <span class='ocrx_word' id='word_1_538' title='bbox 2033 4074 2161 4130; x_wconf 84' lang='lat' dir='ltr'><strong>pro-</strong></span> 
     </span>
    </p>
   </div>
   <div class='ocr_carea' id='block_1_73' title="bbox 593 4143 2161 4222">
    <p class='ocr_par' dir='ltr' id='par_1_73' title="bbox 593 4143 2161 4222">
     <span class='ocr_line' id='line_1_73' title="bbox 593 4143 2161 4222; baseline 0.006 -26"><span class='ocrx_word' id='word_1_539' title='bbox 593 4143 770 4214; x_wconf 86' lang='lat' dir='ltr'><strong>prium</strong></span> <span class='ocrx_word' id='word_1_540' title='bbox 796 4153 902 4208; x_wconf 84' lang='lat' dir='ltr'><strong>est,</strong></span> <span class='ocrx_word' id='word_1_541' title='bbox 931 4162 1139 4201; x_wconf 90' lang='lat' dir='ltr'><strong>merum</strong></span> <span class='ocrx_word' id='word_1_542' title='bbox 1172 4149 1488 4219; x_wconf 89' lang='lat' dir='ltr'><strong>imperium,</strong></span> <span class='ocrx_word' id='word_1_543' title='bbox 1531 4165 1854 4220; x_wconf 84' lang='lat' dir='ltr'><strong>summaque</strong></span> <span class='ocrx_word' id='word_1_544' title='bbox 1904 4165 1969 4205; x_wconf 89' lang='lat' dir='ltr'><strong>ac</strong></span> <span class='ocrx_word' id='word_1_545' title='bbox 1999 4152 2161 4222; x_wconf 90' lang='lat' dir='ltr'><strong>plena</strong></span> 
     </span>
    </p>
   </div>
   <div class='ocr_carea' id='block_1_74' title="bbox 591 4237 2161 4313">
    <p class='ocr_par' dir='ltr' id='par_1_74' title="bbox 591 4237 2161 4313">
     <span class='ocr_line' id='line_1_74' title="bbox 591 4237 2161 4313; baseline 0.006 -25"><span class='ocrx_word' id='word_1_546' title='bbox 591 4237 795 4291; x_wconf 90' lang='lat' dir='ltr'><strong>nullius</strong></span> <span class='ocrx_word' id='word_1_547' title='bbox 824 4239 1054 4294; x_wconf 88' lang='lat' dir='ltr'><strong>alterius</strong></span> <span class='ocrx_word' id='word_1_548' title='bbox 1086 4239 1315 4294; x_wconf 85' lang='lat' dir='ltr'><strong>arbitrio</strong></span> <span class='ocrx_word' id='word_1_549' title='bbox 1345 4249 1511 4311; x_wconf 86' lang='lat' dir='ltr'><strong>atque</strong></span> <span class='ocrx_word' id='word_1_550' title='bbox 1533 4241 1779 4298; x_wconf 90' lang='lat' dir='ltr'><strong>dominio</strong></span> <span class='ocrx_word' id='word_1_551' title='bbox 1804 4242 2038 4298; x_wconf 82' lang='lat' dir='ltr'><strong>obnoxia</strong></span> <span class='ocrx_word' id='word_1_552' title='bbox 2061 4258 2161 4313; x_wconf 82' lang='lat' dir='ltr'><strong>po-</strong></span> 
     </span>
    </p>
   </div>
   <div class='ocr_carea' id='block_1_75' title="bbox 590 4332 2162 4404">
    <p class='ocr_par' dir='ltr' id='par_1_75' title="bbox 590 4332 2162 4404">
     <span class='ocr_line' id='line_1_75' title="bbox 590 4332 2162 4404; baseline 0.006 -24"><span class='ocrx_word' id='word_1_553' title='bbox 590 4336 762 4382; x_wconf 87' lang='lat' dir='ltr'><strong>testas</strong></span> <span class='ocrx_word' id='word_1_554' title='bbox 797 4339 1235 4399; x_wconf 88' lang='lat' dir='ltr'><strong>:consequenter</strong></span> <span class='ocrx_word' id='word_1_555' title='bbox 1269 4332 1462 4386; x_wconf 89' lang='lat' dir='ltr'><strong>beatus</strong></span> <span class='ocrx_word' id='word_1_556' title='bbox 1497 4333 1801 4402; x_wconf 68' lang='lat' dir='ltr'><strong>iudicatur,</strong></span> <span class='ocrx_word' id='word_1_557' title='bbox 1821 4334 1914 4404; x_wconf 88' lang='lat' dir='ltr'><strong>qui</strong></span> <span class='ocrx_word' id='word_1_558' title='bbox 1956 4349 1986 4388; x_wconf 86' lang='lat' dir='ltr'><strong>a</strong></span> <span class='ocrx_word' id='word_1_559' title='bbox 2019 4336 2162 4390; x_wconf 86' lang='lat' dir='ltr'><strong>malo</strong></span> 
     </span>
    </p>
   </div>
   <div class='ocr_carea' id='block_1_76' title="bbox 591 4419 2160 4494">
    <p class='ocr_par' dir='ltr' id='par_1_76' title="bbox 591 4419 2160 4494">
     <span class='ocr_line' id='line_1_76' title="bbox 591 4419 2160 4494; baseline 0.004 -23"><span class='ocrx_word' id='word_1_560' title='bbox 591 4419 834 4488; x_wconf 84' lang='lat' dir='ltr'><strong>pellitur,</strong></span> <span class='ocrx_word' id='word_1_561' title='bbox 862 4433 926 4473; x_wconf 91' lang='lat' dir='ltr'><strong>ac</strong></span> <span class='ocrx_word' id='word_1_562' title='bbox 952 4421 1385 4489; x_wconf 89' lang='lat' dir='ltr'><strong>persecutionem</strong></span> <span class='ocrx_word' id='word_1_563' title='bbox 1405 4422 1608 4492; x_wconf 84' lang='lat' dir='ltr'><strong>patitur</strong></span> <span class='ocrx_word' id='word_1_564' title='bbox 1643 4441 1658 4478; x_wconf 90' lang='lat'><strong>:</strong></span> <span class='ocrx_word' id='word_1_565' title='bbox 1693 4424 1892 4493; x_wconf 88' lang='lat' dir='ltr'><strong>quippe</strong></span> <span class='ocrx_word' id='word_1_566' title='bbox 1915 4424 2004 4478; x_wconf 87' lang='lat' dir='ltr'><strong>illa</strong></span> <span class='ocrx_word' id='word_1_567' title='bbox 2036 4439 2160 4494; x_wconf 89' lang='lat' dir='ltr'><strong>per-</strong></span> 
     </span>
    </p>
   </div>
   <div class='ocr_carea' id='block_1_77' title="bbox 595 4509 2158 4580">
    <p class='ocr_par' dir='ltr' id='par_1_77' title="bbox 595 4509 2158 4580">
     <span class='ocr_line' id='line_1_77' title="bbox 595 4509 2158 4580; baseline 0.003 -16"><span class='ocrx_word' id='word_1_568' title='bbox 595 4511 873 4564; x_wconf 86' lang='lat' dir='ltr'><strong>secutione</strong></span> <span class='ocrx_word' id='word_1_569' title='bbox 897 4509 1099 4580; x_wconf 89' lang='lat' dir='ltr'><strong>regiam</strong></span> <span class='ocrx_word' id='word_1_570' title='bbox 1133 4510 1453 4580; x_wconf 85' lang='lat' dir='ltr'><strong>dignitatem</strong></span> <span class='ocrx_word' id='word_1_571' title='bbox 1487 4513 1536 4565; x_wconf 85' lang='lat' dir='ltr'><strong>ei</strong></span> <span class='ocrx_word' id='word_1_572' title='bbox 1569 4515 1921 4568; x_wconf 86' lang='lat' dir='ltr'><strong>conciliante.</strong></span> <span class='ocrx_word' id='word_1_573' title='bbox 1959 4514 2036 4568; x_wconf 81' lang='lat' dir='ltr'><strong>Ne</strong></span> <span class='ocrx_word' id='word_1_574' title='bbox 2062 4514 2158 4569; x_wconf 57' lang='lat' dir='ltr'><strong>dov</strong></span> 
     </span>
    </p>
   </div>
   <div class='ocr_carea' id='block_1_78' title="bbox 594 4599 2162 4668">
    <p class='ocr_par' dir='ltr' id='par_1_78' title="bbox 594 4599 2162 4668">
     <span class='ocr_line' id='line_1_78' title="bbox 594 4599 2162 4668; baseline 0.004 -17"><span class='ocrx_word' id='word_1_575' title='bbox 594 4600 801 4652; x_wconf 82' lang='lat' dir='ltr'><strong>leamus</strong></span> <span class='ocrx_word' id='word_1_576' title='bbox 833 4599 1017 4668; x_wconf 78' lang='lat' dir='ltr'><strong>igitur,</strong></span> <span class='ocrx_word' id='word_1_577' title='bbox 1070 4607 1124 4654; x_wconf 91' lang='lat' dir='ltr'><strong>et</strong></span> <span class='ocrx_word' id='word_1_578' title='bbox 1153 4614 1293 4668; x_wconf 85' lang='lat' dir='ltr'><strong>aegre</strong></span> <span class='ocrx_word' id='word_1_579' title='bbox 1351 4599 1613 4666; x_wconf 83' lang='lat' dir='ltr'><strong>feramus,</strong></span> <span class='ocrx_word' id='word_1_580' title='bbox 1652 4603 1872 4664; x_wconf 78' lang='lat' dir='ltr'><strong>fratres,</strong></span> <span class='ocrx_word' id='word_1_581' title='bbox 1927 4603 2162 4658; x_wconf 87' lang='lat' dir='ltr'><strong>terrenis</strong></span> 
     </span>
    </p>
   </div>
   <div class='ocr_carea' id='block_1_79' title="bbox 594 4691 2161 4764">
    <p class='ocr_par' dir='ltr' id='par_1_79' title="bbox 594 4691 2161 4764">
     <span class='ocr_line' id='line_1_79' title="bbox 594 4691 2161 4764; baseline 0.004 -24"><span class='ocrx_word' id='word_1_582' title='bbox 594 4704 695 4744; x_wconf 91' lang='lat' dir='ltr'><strong>nos</strong></span> <span class='ocrx_word' id='word_1_583' title='bbox 729 4691 925 4758; x_wconf 74' lang='lat' dir='ltr'><strong>expelli</strong></span> <span class='ocrx_word' id='word_1_584' title='bbox 959 4699 1121 4758; x_wconf 86' lang='lat' dir='ltr'><strong>atque</strong></span> <span class='ocrx_word' id='word_1_585' title='bbox 1147 4691 1426 4760; x_wconf 84' lang='lat' dir='ltr'><strong>prohiberi</strong></span> <span class='ocrx_word' id='word_1_586' title='bbox 1464 4710 1476 4744; x_wconf 94' lang='lat'>:</span> <span class='ocrx_word' id='word_1_587' title='bbox 1520 4708 1642 4746; x_wconf 88' lang='lat' dir='ltr'><strong>nam</strong></span> <span class='ocrx_word' id='word_1_588' title='bbox 1684 4693 1776 4762; x_wconf 89' lang='lat' dir='ltr'><strong>qui</strong></span> <span class='ocrx_word' id='word_1_589' title='bbox 1805 4693 1932 4747; x_wconf 87' lang='lat' dir='ltr'><strong>hinc</strong></span> <span class='ocrx_word' id='word_1_590' title='bbox 1962 4693 2161 4764; x_wconf 76' lang='lat' dir='ltr'><strong>migra-</strong></span> 
     </span>
    </p>
   </div>
   <div class='ocr_carea' id='block_1_80' title="bbox 593 4781 2160 4853">
    <p class='ocr_par' dir='ltr' id='par_1_80' title="bbox 593 4781 2160 4853">
     <span class='ocr_line' id='line_1_80' title="bbox 593 4781 2160 4853; baseline 0.005 -21"><span class='ocrx_word' id='word_1_591' title='bbox 593 4781 750 4846; x_wconf 84' lang='lat' dir='ltr'><strong>verit,</strong></span> <span class='ocrx_word' id='word_1_592' title='bbox 784 4782 836 4834; x_wconf 91' lang='lat' dir='ltr'><strong>in</strong></span> <span class='ocrx_word' id='word_1_593' title='bbox 871 4782 1082 4837; x_wconf 83' lang='lat' dir='ltr'><strong>ccelesti</strong></span> <span class='ocrx_word' id='word_1_594' title='bbox 1104 4783 1252 4853; x_wconf 87' lang='lat' dir='ltr'><strong>regia</strong></span> <span class='ocrx_word' id='word_1_595' title='bbox 1282 4785 1612 4838; x_wconf 82' lang='lat' dir='ltr'><strong>diversatur.</strong></span> <span class='ocrx_word' id='word_1_596' title='bbox 1641 4784 1758 4838; x_wconf 84' lang='lat' dir='ltr'><strong>Duo</strong></span> <span class='ocrx_word' id='word_1_597' title='bbox 1783 4784 1897 4839; x_wconf 63' lang='lat' dir='ltr'><strong>haec</strong></span> <span class='ocrx_word' id='word_1_598' title='bbox 1925 4785 1983 4838; x_wconf 88' lang='lat' dir='ltr'><strong>in</strong></span> <span class='ocrx_word' id='word_1_599' title='bbox 2002 4801 2160 4842; x_wconf 84' lang='lat' dir='ltr'><strong>crea-</strong></span> 
     </span>
    </p>
   </div>
   <div class='ocr_carea' id='block_1_81' title="bbox 593 4875 2164 4940">
    <p class='ocr_par' dir='ltr' id='par_1_81' title="bbox 593 4875 2164 4940">
     <span class='ocr_line' id='line_1_81' title="bbox 593 4875 2164 4940; baseline 0.005 -17"><span class='ocrx_word' id='word_1_600' title='bbox 593 4878 722 4926; x_wconf 86' lang='lat' dir='ltr'><strong>tura</strong></span> <span class='ocrx_word' id='word_1_601' title='bbox 764 4887 947 4927; x_wconf 87' lang='lat' dir='ltr'><strong>rerum</strong></span> <span class='ocrx_word' id='word_1_602' title='bbox 1001 4875 1386 4929; x_wconf 87' lang='lat' dir='ltr'><strong>universarum</strong></span> <span class='ocrx_word' id='word_1_603' title='bbox 1426 4882 1556 4929; x_wconf 86' lang='lat' dir='ltr'><strong>sunt</strong></span> <span class='ocrx_word' id='word_1_604' title='bbox 1601 4876 1895 4940; x_wconf 84' lang='lat' dir='ltr'><strong>elementa,</strong></span> <span class='ocrx_word' id='word_1_605' title='bbox 1947 4877 2164 4931; x_wconf 87' lang='lat' dir='ltr'><strong>habita-</strong></span> 
     </span>
    </p>
   </div>
   <div class='ocr_carea' id='block_1_82' title="bbox 593 4964 2161 5035">
    <p class='ocr_par' dir='ltr' id='par_1_82' title="bbox 593 4964 2161 5035">
     <span class='ocr_line' id='line_1_82' title="bbox 593 4964 2161 5035; baseline 0.004 -19"><span class='ocrx_word' id='word_1_606' title='bbox 593 4964 732 5017; x_wconf 91' lang='lat' dir='ltr'><strong>tioni</strong></span> <span class='ocrx_word' id='word_1_607' title='bbox 761 4966 1042 5020; x_wconf 89' lang='lat' dir='ltr'><strong>rationalis</strong></span> <span class='ocrx_word' id='word_1_608' title='bbox 1070 4974 1280 5020; x_wconf 59' lang='lat' dir='ltr'><strong>natura;</strong></span> <span class='ocrx_word' id='word_1_609' title='bbox 1320 4968 1603 5035; x_wconf 90' lang='lat' dir='ltr'><strong>attributa,</strong></span> <span class='ocrx_word' id='word_1_610' title='bbox 1627 4971 1831 5025; x_wconf 69' lang='lat' dir='ltr'><strong>caelum</strong></span> <span class='ocrx_word' id='word_1_611' title='bbox 1879 4977 1935 5024; x_wconf 88' lang='lat' dir='ltr'><strong>et</strong></span> <span class='ocrx_word' id='word_1_612' title='bbox 1993 4979 2161 5026; x_wconf 86' lang='lat' dir='ltr'><strong>terra.</strong></span> 
     </span>
    </p>
   </div>
   <div class='ocr_carea' id='block_1_83' title="bbox 593 5053 2158 5127">
    <p class='ocr_par' dir='ltr' id='par_1_83' title="bbox 593 5053 2158 5127">
     <span class='ocr_line' id='line_1_83' title="bbox 593 5053 2158 5127; baseline 0.005 -19"><span class='ocrx_word' id='word_1_613' title='bbox 593 5053 773 5111; x_wconf 91' lang='lat' dir='ltr'><strong>Locus</strong></span> <span class='ocrx_word' id='word_1_614' title='bbox 798 5071 1012 5122; x_wconf 90' lang='lat' dir='ltr'><strong>eorum,</strong></span> <span class='ocrx_word' id='word_1_615' title='bbox 1061 5059 1155 5127; x_wconf 90' lang='lat' dir='ltr'><strong>qui</strong></span> <span class='ocrx_word' id='word_1_616' title='bbox 1188 5075 1283 5127; x_wconf 90' lang='lat' dir='ltr'><strong>per</strong></span> <span class='ocrx_word' id='word_1_617' title='bbox 1304 5074 1526 5114; x_wconf 89' lang='lat' dir='ltr'><strong>carnem</strong></span> <span class='ocrx_word' id='word_1_618' title='bbox 1576 5061 1743 5116; x_wconf 88' lang='lat' dir='ltr'><strong>vitam</strong></span> <span class='ocrx_word' id='word_1_619' title='bbox 1793 5062 1972 5118; x_wconf 89' lang='lat' dir='ltr'><strong>sortiti</strong></span> <span class='ocrx_word' id='word_1_620' title='bbox 2004 5071 2158 5126; x_wconf 90' lang='lat' dir='ltr'><strong>sunt,</strong></span> 
     </span>
    </p>
   </div>
   <div class='ocr_carea' id='block_1_84' title="bbox 595 5149 2170 5222">
    <p class='ocr_par' dir='ltr' id='par_1_84' title="bbox 595 5149 2170 5222">
     <span class='ocr_line' id='line_1_84' title="bbox 595 5149 2170 5222; baseline 0.006 -23"><span class='ocrx_word' id='word_1_621' title='bbox 595 5149 1009 5214; x_wconf 78' lang='lat' dir='ltr'><strong>terra;c(elum</strong></span> <span class='ocrx_word' id='word_1_622' title='bbox 1039 5158 1223 5205; x_wconf 89' lang='lat' dir='ltr'><strong>autem</strong></span> <span class='ocrx_word' id='word_1_623' title='bbox 1272 5151 1721 5222; x_wconf 77' lang='lat' dir='ltr'><strong>incorporearum</strong></span> <span class='ocrx_word' id='word_1_624' title='bbox 1773 5162 1892 5218; x_wconf 87' lang='lat' dir='ltr'><strong>est;</strong></span> <span class='ocrx_word' id='word_1_625' title='bbox 1940 5169 2170 5210; x_wconf 88' lang='lat' dir='ltr'><strong>necesse</strong></span> 
     </span>
    </p>
   </div>
   <div class='ocr_carea' id='block_1_85' title="bbox 595 5239 2165 5312">
    <p class='ocr_par' dir='ltr' id='par_1_85' title="bbox 595 5239 2165 5312">
     <span class='ocr_line' id='line_1_85' title="bbox 595 5239 2165 5312; baseline 0.007 -21"><span class='ocrx_word' id='word_1_626' title='bbox 595 5245 680 5293; x_wconf 88' lang='lat' dir='ltr'><strong>est</strong></span> <span class='ocrx_word' id='word_1_627' title='bbox 720 5239 906 5308; x_wconf 86' lang='lat' dir='ltr'><strong>igitur,</strong></span> <span class='ocrx_word' id='word_1_628' title='bbox 957 5241 1124 5294; x_wconf 88' lang='lat' dir='ltr'><strong>vitam</strong></span> <span class='ocrx_word' id='word_1_629' title='bbox 1177 5249 1424 5296; x_wconf 85' lang='lat' dir='ltr'><strong>nostram</strong></span> <span class='ocrx_word' id='word_1_630' title='bbox 1488 5259 1718 5312; x_wconf 89' lang='lat' dir='ltr'><strong>prorsus</strong></span> <span class='ocrx_word' id='word_1_631' title='bbox 1749 5245 1952 5300; x_wconf 89' lang='lat' dir='ltr'><strong>alicubi</strong></span> <span class='ocrx_word' id='word_1_632' title='bbox 1992 5261 2116 5303; x_wconf 89' lang='lat' dir='ltr'><strong>esse</strong></span> <span class='ocrx_word' id='word_1_633' title='bbox 2150 5265 2165 5302; x_wconf 88' lang='lat'>:</span> 
     </span>
    </p>
   </div>
   <div class='ocr_carea' id='block_1_86' title="bbox 597 5330 2165 5406">
    <p class='ocr_par' dir='ltr' id='par_1_86' title="bbox 597 5330 2165 5406">
     <span class='ocr_line' id='line_1_86' title="bbox 597 5330 2165 5406; baseline 0.004 -22"><span class='ocrx_word' id='word_1_634' title='bbox 597 5330 710 5385; x_wconf 26' lang='lat' dir='ltr'><strong>nisi,</strong></span> <span class='ocrx_word' id='word_1_635' title='bbox 729 5345 792 5384; x_wconf 82' lang='lat' dir='ltr'><strong>ex</strong></span> <span class='ocrx_word' id='word_1_636' title='bbox 821 5338 969 5386; x_wconf 86' lang='lat' dir='ltr'><strong>terra</strong></span> <span class='ocrx_word' id='word_1_637' title='bbox 1001 5331 1139 5400; x_wconf 90' lang='lat' dir='ltr'><strong>pulsi</strong></span> <span class='ocrx_word' id='word_1_638' title='bbox 1173 5340 1227 5386; x_wconf 91' lang='lat' dir='ltr'><strong>et</strong></span> <span class='ocrx_word' id='word_1_639' title='bbox 1261 5333 1419 5402; x_wconf 86' lang='lat' dir='ltr'><strong>ejecti</strong></span> <span class='ocrx_word' id='word_1_640' title='bbox 1450 5335 1739 5401; x_wconf 83' lang='lat' dir='ltr'><strong>fuerimus,</strong></span> <span class='ocrx_word' id='word_1_641' title='bbox 1758 5338 1812 5390; x_wconf 93' lang='lat' dir='ltr'><strong>in</strong></span> <span class='ocrx_word' id='word_1_642' title='bbox 1833 5345 1980 5391; x_wconf 89' lang='lat' dir='ltr'><strong>terra</strong></span> <span class='ocrx_word' id='word_1_643' title='bbox 2005 5352 2165 5406; x_wconf 89' lang='lat' dir='ltr'><strong>pror-</strong></span> 
     </span>
    </p>
   </div>
   <div class='ocr_carea' id='block_1_87' title="bbox 595 5423 2164 5494">
    <p class='ocr_par' dir='ltr' id='par_1_87' title="bbox 595 5423 2164 5494">
     <span class='ocr_line' id='line_1_87' title="bbox 595 5423 2164 5494; baseline 0.005 -19"><span class='ocrx_word' id='word_1_644' title='bbox 595 5437 691 5476; x_wconf 89' lang='lat' dir='ltr'><strong>sus</strong></span> <span class='ocrx_word' id='word_1_645' title='bbox 718 5435 1003 5478; x_wconf 89' lang='lat' dir='ltr'><strong>manemus</strong></span> <span class='ocrx_word' id='word_1_646' title='bbox 1034 5423 1119 5478; x_wconf 90' lang='lat' dir='ltr'><strong>:si</strong></span> <span class='ocrx_word' id='word_1_647' title='bbox 1149 5424 1275 5478; x_wconf 89' lang='lat' dir='ltr'><strong>hinc</strong></span> <span class='ocrx_word' id='word_1_648' title='bbox 1307 5425 1628 5494; x_wconf 81' lang='lat' dir='ltr'><strong>abierimua,</strong></span> <span class='ocrx_word' id='word_1_649' title='bbox 1661 5429 1718 5483; x_wconf 89' lang='lat' dir='ltr'><strong>in</strong></span> <span class='ocrx_word' id='word_1_650' title='bbox 1753 5429 1951 5483; x_wconf 88' lang='lat' dir='ltr'><strong>coelum</strong></span> <span class='ocrx_word' id='word_1_651' title='bbox 1975 5428 2164 5483; x_wconf 91' lang='lat' dir='ltr'><strong>tradu-</strong></span> 
     </span>
    </p>
   </div>
   <div class='ocr_carea' id='block_1_88' title="bbox 595 5510 2155 5596">
    <p class='ocr_par' dir='ltr' id='par_1_88' title="bbox 595 5510 2155 5596">
     <span class='ocr_line' id='line_1_88' title="bbox 595 5510 2155 5596; baseline 0.006 -29"><span class='ocrx_word' id='word_1_652' title='bbox 595 5527 804 5567; x_wconf 84' lang='lat' dir='ltr'><strong>cemur.</strong></span> <span class='ocrx_word' id='word_1_653' title='bbox 842 5510 1008 5567; x_wconf 78' lang='lat' dir='ltr'><strong>Vides</strong></span> <span class='ocrx_word' id='word_1_654' title='bbox 1065 5530 1174 5586; x_wconf 92' lang='lat' dir='ltr'><strong>quo</strong></span> <span class='ocrx_word' id='word_1_655' title='bbox 1203 5516 1369 5596; x_wconf 82' lang='lat' dir='ltr'><strong>ducat</strong></span> <span class='ocrx_word' id='word_1_656' title='bbox 1426 5519 1726 5586; x_wconf 89' lang='lat' dir='ltr'><strong>beatitudo,</strong></span> <span class='ocrx_word' id='word_1_657' title='bbox 1764 5536 1861 5591; x_wconf 89' lang='lat' dir='ltr'><strong>per</strong></span> <span class='ocrx_word' id='word_1_658' title='bbox 1908 5521 1964 5577; x_wconf 90' lang='lat' dir='ltr'><strong>id</strong></span> <span class='ocrx_word' id='word_1_659' title='bbox 2005 5521 2155 5592; x_wconf 88' lang='lat' dir='ltr'><strong>quod</strong></span> 
     </span>
    </p>
   </div>
   <div class='ocr_carea' id='block_1_89' title="bbox 594 5601 2159 5675">
    <p class='ocr_par' dir='ltr' id='par_1_89' title="bbox 594 5601 2159 5675">
     <span class='ocr_line' id='line_1_89' title="bbox 594 5601 2159 5675; baseline 0.009 -19"><span class='ocrx_word' id='word_1_660' title='bbox 594 5601 754 5658; x_wconf 80' lang='lat' dir='ltr'><strong>triste</strong></span> <span class='ocrx_word' id='word_1_661' title='bbox 772 5609 828 5656; x_wconf 88' lang='lat' dir='ltr'><strong>et</strong></span> <span class='ocrx_word' id='word_1_662' title='bbox 865 5605 1122 5661; x_wconf 86' lang='lat' dir='ltr'><strong>acerbum</strong></span> <span class='ocrx_word' id='word_1_663' title='bbox 1147 5606 1382 5675; x_wconf 86' lang='lat' dir='ltr'><strong>videtur,</strong></span> <span class='ocrx_word' id='word_1_664' title='bbox 1427 5611 1559 5666; x_wconf 88' lang='lat' dir='ltr'><strong>tanti</strong></span> <span class='ocrx_word' id='word_1_665' title='bbox 1595 5611 1722 5667; x_wconf 85' lang='lat' dir='ltr'><strong>boni</strong></span> <span class='ocrx_word' id='word_1_666' title='bbox 1761 5612 1858 5668; x_wconf 87' lang='lat' dir='ltr'><strong>tibi</strong></span> <span class='ocrx_word' id='word_1_667' title='bbox 1895 5615 2159 5670; x_wconf 83' lang='lat' dir='ltr'><strong>concilia-</strong></span> 
     </span>
    </p>
   </div>
   <div class='ocr_carea' id='block_1_90' title="bbox 670 5785 1199 5854">
    <p class='ocr_par' dir='ltr' id='par_1_90' title="bbox 670 5785 1199 5854">
     <span class='ocr_line' id='line_1_90' title="bbox 670 5785 1199 5854; baseline 0.002 -9"><span class='ocrx_word' id='word_1_668' title='bbox 670 5787 716 5820; x_wconf 86' lang='lat'><strong>&quot;</strong></span> <span class='ocrx_word' id='word_1_669' title='bbox 754 5785 914 5845; x_wconf 62' lang='lat' dir='ltr'><strong>han.</strong></span> <span class='ocrx_word' id='word_1_670' title='bbox 951 5805 1074 5854; x_wconf 73' lang='lat' dir='ltr'><strong>rm,</strong></span> <span class='ocrx_word' id='word_1_671' title='bbox 1114 5791 1199 5846; x_wconf 71' lang='grc'><strong>34.</strong></span> 
     </span>
    </p>
   </div>
   <div class='ocr_carea' id='block_1_91' title="bbox 2261 3331 3832 3407">
    <p class='ocr_par' dir='ltr' id='par_1_91' title="bbox 2261 3331 3832 3407">
     <span class='ocr_line' id='line_1_91' title="bbox 2261 3331 3832 3407; baseline -0.005 -18"><span class='ocrx_word' id='word_1_672' title='bbox 2261 3336 2469 3407; x_wconf 83' lang='grc' dir='ltr'>στῆναι.</span> <span class='ocrx_word' id='word_1_673' title='bbox 2491 3335 2586 3388; x_wconf 79' lang='grc' dir='ltr'><strong>«Ὅ</strong></span> <span class='ocrx_word' id='word_1_674' title='bbox 2635 3334 2800 3387; x_wconf 86' lang='grc' dir='ltr'>ποιῶν</span> <span class='ocrx_word' id='word_1_675' title='bbox 2849 3334 2948 3404; x_wconf 79' lang='grc' dir='ltr'>τὴν</span> <span class='ocrx_word' id='word_1_676' title='bbox 2982 3333 3270 3405; x_wconf 76' lang='grc' dir='ltr'>ἁμαρτίαν,</span> <span class='ocrx_word' id='word_1_677' title='bbox 3300 3333 3496 3399; x_wconf 67' lang='grc' dir='ltr'>»φησιν</span> <span class='ocrx_word' id='word_1_678' title='bbox 3543 3333 3571 3382; x_wconf 91' lang='lat'><strong>0</strong></span> <span class='ocrx_word' id='word_1_679' title='bbox 3603 3331 3832 3401; x_wconf 76' lang='grc' dir='ltr'>Κύριος,</span> 
     </span>
    </p>
   </div>
   <div class='ocr_carea' id='block_1_92' title="bbox 2273 3413 3834 3494">
    <p class='ocr_par' dir='ltr' id='par_1_92' title="bbox 2273 3413 3834 3494">
     <span class='ocr_line' id='line_1_92' title="bbox 2273 3413 3834 3494; baseline -0.007 -14"><span class='ocrx_word' id='word_1_680' title='bbox 2273 3428 2489 3494; x_wconf 68' lang='grc' dir='ltr'>«δοῦλός</span> <span class='ocrx_word' id='word_1_681' title='bbox 2511 3428 2628 3483; x_wconf 87' lang='grc' dir='ltr'>ἐστι</span> <span class='ocrx_word' id='word_1_682' title='bbox 2656 3423 2751 3494; x_wconf 81' lang='grc' dir='ltr'>τῆς</span> <span class='ocrx_word' id='word_1_683' title='bbox 2796 3423 3085 3494; x_wconf 83' lang='grc' dir='ltr'>ἁμαρτίας.</span> <span class='ocrx_word' id='word_1_684' title='bbox 3111 3443 3130 3476; x_wconf 75' lang='grc' dir='ltr'><strong>ι</strong></span> <span class='ocrx_word' id='word_1_685' title='bbox 3162 3420 3369 3476; x_wconf 83' lang='grc' dir='ltr'>Οὐκοῦν</span> <span class='ocrx_word' id='word_1_686' title='bbox 3415 3421 3444 3472; x_wconf 87' lang='lat'><strong>0</strong></span> <span class='ocrx_word' id='word_1_687' title='bbox 3491 3419 3738 3480; x_wconf 70' lang='grc' dir='ltr'>ἀποστὰς</span> <span class='ocrx_word' id='word_1_688' title='bbox 3786 3413 3834 3485; x_wconf 71' lang='grc' dir='ltr'>ᾧ</span> 
     </span>
    </p>
   </div>
   <div class='ocr_carea' id='block_1_93' title="bbox 2260 3507 3828 3584">
    <p class='ocr_par' dir='ltr' id='par_1_93' title="bbox 2260 3507 3828 3584">
     <span class='ocr_line' id='line_1_93' title="bbox 2260 3507 3828 3584; baseline -0.006 -17"><span class='ocrx_word' id='word_1_689' title='bbox 2260 3513 2589 3579; x_wconf 87' lang='grc' dir='ltr'>ἐδούλευσεν,</span> <span class='ocrx_word' id='word_1_690' title='bbox 2621 3513 2983 3584; x_wconf 71' lang='grc' dir='ltr'>ἐλευθεριάζει</span> <span class='ocrx_word' id='word_1_691' title='bbox 3011 3511 3090 3582; x_wconf 83' lang='grc' dir='ltr'>τῷ</span> <span class='ocrx_word' id='word_1_692' title='bbox 3121 3509 3408 3580; x_wconf 79' lang='grc' dir='ltr'>ἀξιώματι.</span> <span class='ocrx_word' id='word_1_693' title='bbox 3453 3509 3528 3560; x_wconf 85' lang='lat' dir='ltr'><strong>T0</strong></span> <span class='ocrx_word' id='word_1_694' title='bbox 3565 3507 3624 3558; x_wconf 86' lang='grc' dir='ltr'>δὲ</span> <span class='ocrx_word' id='word_1_695' title='bbox 3665 3508 3828 3576; x_wconf 76' lang='grc' dir='ltr'>ἀκρόο</span> 
     </span>
    </p>
   </div>
   <div class='ocr_carea' id='block_1_94' title="bbox 2258 3598 3832 3674">
    <p class='ocr_par' dir='ltr' id='par_1_94' title="bbox 2258 3598 3832 3674">
     <span class='ocr_line' id='line_1_94' title="bbox 2258 3598 3832 3674; baseline -0.005 -17"><span class='ocrx_word' id='word_1_696' title='bbox 2258 3621 2417 3659; x_wconf 88' lang='grc' dir='ltr'>τατον</span> <span class='ocrx_word' id='word_1_697' title='bbox 2478 3604 2579 3674; x_wconf 80' lang='grc' dir='ltr'>τῆς</span> <span class='ocrx_word' id='word_1_698' title='bbox 2626 3603 2934 3674; x_wconf 85' lang='grc' dir='ltr'>ἐλευθερίας</span> <span class='ocrx_word' id='word_1_699' title='bbox 2980 3598 3152 3664; x_wconf 73' lang='grc' dir='ltr'>εἶδος,</span> <span class='ocrx_word' id='word_1_700' title='bbox 3200 3601 3261 3653; x_wconf 84' lang='grc' dir='ltr'>τὸ</span> <span class='ocrx_word' id='word_1_701' title='bbox 3319 3598 3666 3665; x_wconf 82' lang='grc' dir='ltr'>αὑτεξούσιόν</span> <span class='ocrx_word' id='word_1_702' title='bbox 3711 3601 3832 3650; x_wconf 81' lang='grc' dir='ltr'>ἐστι</span> 
     </span>
    </p>
   </div>
   <div class='ocr_carea' id='block_1_95' title="bbox 2260 3685 3826 3761">
    <p class='ocr_par' dir='ltr' id='par_1_95' title="bbox 2260 3685 3826 3761">
     <span class='ocr_line' id='line_1_95' title="bbox 2260 3685 3826 3761; baseline -0.006 -16"><span class='ocrx_word' id='word_1_703' title='bbox 2260 3691 2533 3761; x_wconf 88' lang='grc' dir='ltr'>γενέσθαι.</span> <span class='ocrx_word' id='word_1_704' title='bbox 2578 3693 2644 3744; x_wconf 86' lang='grc' dir='ltr'><strong><em>Ἦ</em></strong></span> <span class='ocrx_word' id='word_1_705' title='bbox 2687 3691 2743 3744; x_wconf 85' lang='grc' dir='ltr'>δὲ</span> <span class='ocrx_word' id='word_1_706' title='bbox 2788 3692 2891 3761; x_wconf 79' lang='grc' dir='ltr'>τῆς</span> <span class='ocrx_word' id='word_1_707' title='bbox 2939 3689 3213 3760; x_wconf 85' lang='grc' dir='ltr'>βασιλείας</span> <span class='ocrx_word' id='word_1_708' title='bbox 3255 3688 3378 3752; x_wconf 80' lang='grc' dir='ltr'>ἀξία</span> <span class='ocrx_word' id='word_1_709' title='bbox 3427 3685 3826 3756; x_wconf 78' lang='grc' dir='ltr'>ὑπερκειμένην</span> 
     </span>
    </p>
   </div>
   <div class='ocr_carea' id='block_1_96' title="bbox 2263 3775 3826 3854">
    <p class='ocr_par' dir='ltr' id='par_1_96' title="bbox 2263 3775 3826 3854">
     <span class='ocr_line' id='line_1_96' title="bbox 2263 3775 3826 3854; baseline -0.006 -18"><span class='ocrx_word' id='word_1_710' title='bbox 2263 3784 2460 3854; x_wconf 79' lang='grc' dir='ltr'>ἑαυτῆς</span> <span class='ocrx_word' id='word_1_711' title='bbox 2488 3801 2607 3837; x_wconf 90' lang='grc' dir='ltr'>τινα</span> <span class='ocrx_word' id='word_1_712' title='bbox 2655 3783 2939 3854; x_wconf 85' lang='grc' dir='ltr'>τυραννίδα</span> <span class='ocrx_word' id='word_1_713' title='bbox 2965 3783 3066 3835; x_wconf 83' lang='grc' dir='ltr'>οὐκ</span> <span class='ocrx_word' id='word_1_714' title='bbox 3092 3781 3223 3851; x_wconf 80' lang='grc' dir='ltr'>ἔχει.</span> <span class='ocrx_word' id='word_1_715' title='bbox 3258 3777 3463 3833; x_wconf 78' lang='grc' dir='ltr'>Οὐκοῦν</span> <span class='ocrx_word' id='word_1_716' title='bbox 3497 3779 3546 3830; x_wconf 83' lang='grc' dir='ltr'><strong>εί</strong></span> <span class='ocrx_word' id='word_1_717' title='bbox 3573 3775 3826 3839; x_wconf 77' lang='grc' dir='ltr'>αὐτεξούο</span> 
     </span>
    </p>
   </div>
   <div class='ocr_carea' id='block_1_97' title="bbox 2265 3865 3825 3945">
    <p class='ocr_par' dir='ltr' id='par_1_97' title="bbox 2265 3865 3825 3945">
     <span class='ocr_line' id='line_1_97' title="bbox 2265 3865 3825 3945; baseline -0.007 -17"><span class='ocrx_word' id='word_1_718' title='bbox 2265 3875 2378 3939; x_wconf 90' lang='grc' dir='ltr'>σιός</span> <span class='ocrx_word' id='word_1_719' title='bbox 2403 3877 2550 3929; x_wconf 88' lang='grc' dir='ltr'>ἐστιν</span> <span class='ocrx_word' id='word_1_720' title='bbox 2577 3876 2606 3926; x_wconf 84' lang='grc' dir='ltr'>ὁ</span> <span class='ocrx_word' id='word_1_721' title='bbox 2632 3874 2732 3944; x_wconf 84' lang='grc' dir='ltr'>τῆς</span> <span class='ocrx_word' id='word_1_722' title='bbox 2763 3873 3038 3945; x_wconf 83' lang='grc' dir='ltr'>ἁμαρτίας</span> <span class='ocrx_word' id='word_1_723' title='bbox 3075 3872 3351 3942; x_wconf 79' lang='grc' dir='ltr'>ἀλλότριος</span> <span class='ocrx_word' id='word_1_724' title='bbox 3370 3886 3386 3899; x_wconf 74' lang='grc' dir='ltr'><strong>ο</strong></span> <span class='ocrx_word' id='word_1_725' title='bbox 3431 3868 3560 3921; x_wconf 77' lang='grc' dir='ltr'>ἴδιον</span> <span class='ocrx_word' id='word_1_726' title='bbox 3589 3867 3648 3919; x_wconf 79' lang='grc' dir='ltr'>δὲ</span> <span class='ocrx_word' id='word_1_727' title='bbox 3678 3865 3825 3935; x_wconf 80' lang='grc' dir='ltr'>βασι-</span> 
     </span>
    </p>
   </div>
   <div class='ocr_carea' id='block_1_98' title="bbox 2262 3957 3825 4036">
    <p class='ocr_par' dir='ltr' id='par_1_98' title="bbox 2262 3957 3825 4036">
     <span class='ocr_line' id='line_1_98' title="bbox 2262 3957 3825 4036; baseline -0.006 -16"><span class='ocrx_word' id='word_1_728' title='bbox 2262 3966 2412 4029; x_wconf 88' lang='grc' dir='ltr'>λείας</span> <span class='ocrx_word' id='word_1_729' title='bbox 2437 3967 2554 4019; x_wconf 81' lang='grc' dir='ltr'>ἐστὶ</span> <span class='ocrx_word' id='word_1_730' title='bbox 2576 3966 2637 4018; x_wconf 82' lang='grc' dir='ltr'>τὸ</span> <span class='ocrx_word' id='word_1_731' title='bbox 2665 3965 2998 4036; x_wconf 83' lang='grc' dir='ltr'>αὐτοκρατές</span> <span class='ocrx_word' id='word_1_732' title='bbox 3023 3981 3084 4016; x_wconf 91' lang='grc' dir='ltr'><strong>τε</strong></span> <span class='ocrx_word' id='word_1_733' title='bbox 3108 3963 3201 4016; x_wconf 78' lang='grc' dir='ltr'><strong>καὶ</strong></span> <span class='ocrx_word' id='word_1_734' title='bbox 3231 3961 3523 4015; x_wconf 83' lang='grc' dir='ltr'>ἀδέσποτον</span> <span class='ocrx_word' id='word_1_735' title='bbox 3543 3977 3558 3991; x_wconf 77' lang='grc' dir='ltr'><strong>ο</strong></span> <span class='ocrx_word' id='word_1_736' title='bbox 3606 3957 3825 4013; x_wconf 80' lang='grc' dir='ltr'>ἀκολού-</span> 
     </span>
    </p>
   </div>
   <div class='ocr_carea' id='block_1_99' title="bbox 2265 4051 3825 4128">
    <p class='ocr_par' dir='ltr' id='par_1_99' title="bbox 2265 4051 3825 4128">
     <span class='ocr_line' id='line_1_99' title="bbox 2265 4051 3825 4128; baseline -0.005 -17"><span class='ocrx_word' id='word_1_737' title='bbox 2265 4057 2372 4120; x_wconf 88' lang='grc' dir='ltr'><strong>θως</strong></span> <span class='ocrx_word' id='word_1_738' title='bbox 2405 4056 2763 4128; x_wconf 78' lang='grc' dir='ltr'>μακαρίζεται</span> <span class='ocrx_word' id='word_1_739' title='bbox 2813 4058 2841 4108; x_wconf 94' lang='lat'><strong>0</strong></span> <span class='ocrx_word' id='word_1_740' title='bbox 2873 4055 2982 4110; x_wconf 85' lang='grc' dir='ltr'>ἀπὸ</span> <span class='ocrx_word' id='word_1_741' title='bbox 3027 4054 3121 4107; x_wconf 89' lang='grc' dir='ltr'><strong>τοῦ</strong></span> <span class='ocrx_word' id='word_1_742' title='bbox 3167 4052 3335 4106; x_wconf 87' lang='grc' dir='ltr'>κακοῦ</span> <span class='ocrx_word' id='word_1_743' title='bbox 3371 4052 3717 4121; x_wconf 81' lang='grc' dir='ltr'>διωκόμενος.</span> <span class='ocrx_word' id='word_1_744' title='bbox 3751 4051 3825 4114; x_wconf 85' lang='grc' dir='ltr'><strong>ὡς</strong></span> 
     </span>
    </p>
   </div>
   <div class='ocr_carea' id='block_1_100' title="bbox 2261 4140 3828 4222">
    <p class='ocr_par' dir='ltr' id='par_1_100' title="bbox 2261 4140 3828 4222">
     <span class='ocr_line' id='line_1_100' title="bbox 2261 4140 3828 4222; baseline -0.008 -18"><span class='ocrx_word' id='word_1_745' title='bbox 2261 4151 2362 4222; x_wconf 82' lang='grc' dir='ltr'>τῆς</span> <span class='ocrx_word' id='word_1_746' title='bbox 2433 4149 2640 4203; x_wconf 84' lang='grc' dir='ltr'>ἐκεῖθεν</span> <span class='ocrx_word' id='word_1_747' title='bbox 2693 4147 2923 4214; x_wconf 79' lang='grc' dir='ltr'>διώξεως</span> <span class='ocrx_word' id='word_1_748' title='bbox 2982 4146 3079 4218; x_wconf 81' lang='grc' dir='ltr'>τὴν</span> <span class='ocrx_word' id='word_1_749' title='bbox 3144 4143 3422 4215; x_wconf 79' lang='grc' dir='ltr'>βασιλικὴν</span> <span class='ocrx_word' id='word_1_750' title='bbox 3474 4143 3630 4208; x_wconf 81' lang='grc' dir='ltr'>ἀξίαν</span> <span class='ocrx_word' id='word_1_751' title='bbox 3680 4140 3828 4211; x_wconf 74' lang='grc' dir='ltr'>αὐτῷ</span> 
     </span>
    </p>
   </div>
   <div class='ocr_carea' id='block_1_101' title="bbox 2265 4234 3824 4312">
    <p class='ocr_par' dir='ltr' id='par_1_101' title="bbox 2265 4234 3824 4312">
     <span class='ocr_line' id='line_1_101' title="bbox 2265 4234 3824 4312; baseline -0.006 -18"><span class='ocrx_word' id='word_1_752' title='bbox 2265 4239 2648 4312; x_wconf 79' lang='grc' dir='ltr'>προξενούσης.</span> <span class='ocrx_word' id='word_1_753' title='bbox 2677 4239 2768 4309; x_wconf 82' lang='grc' dir='ltr'><strong>Μὴ</strong></span> <span class='ocrx_word' id='word_1_754' title='bbox 2791 4234 2883 4292; x_wconf 79' lang='grc' dir='ltr'>οὖν</span> <span class='ocrx_word' id='word_1_755' title='bbox 2906 4236 3276 4308; x_wconf 85' lang='grc' dir='ltr'>ἀχθεσθῶμεν,</span> <span class='ocrx_word' id='word_1_756' title='bbox 3302 4235 3540 4304; x_wconf 74' lang='grc' dir='ltr'>ἀδελφοὶ,</span> <span class='ocrx_word' id='word_1_757' title='bbox 3563 4235 3672 4287; x_wconf 85' lang='grc' dir='ltr'><strong>τῶν</strong></span> <span class='ocrx_word' id='word_1_758' title='bbox 3701 4235 3824 4303; x_wconf 80' lang='grc' dir='ltr'><strong>γηΐ-</strong></span> 
     </span>
    </p>
   </div>
   <div class='ocr_carea' id='block_1_102' title="bbox 2264 4326 3824 4400">
    <p class='ocr_par' dir='ltr' id='par_1_102' title="bbox 2264 4326 3824 4400">
     <span class='ocr_line' id='line_1_102' title="bbox 2264 4326 3824 4400; baseline -0.007 -13"><span class='ocrx_word' id='word_1_759' title='bbox 2264 4349 2369 4387; x_wconf 92' lang='grc' dir='ltr'><strong>νων</strong></span> <span class='ocrx_word' id='word_1_760' title='bbox 2414 4330 2856 4400; x_wconf 83' lang='grc' dir='ltr'>ἁπελαυνόμενοι.</span> <span class='ocrx_word' id='word_1_761' title='bbox 2907 4329 2965 4381; x_wconf 80' lang='grc' dir='ltr'>ὐ</span> <span class='ocrx_word' id='word_1_762' title='bbox 3003 4328 3110 4400; x_wconf 86' lang='grc' dir='ltr'><strong>γὰρ</strong></span> <span class='ocrx_word' id='word_1_763' title='bbox 3153 4326 3398 4380; x_wconf 83' lang='grc' dir='ltr'>ἐντεῦθεν</span> <span class='ocrx_word' id='word_1_764' title='bbox 3446 4326 3735 4395; x_wconf 74' lang='grc' dir='ltr'>μεταστὰς,</span> <span class='ocrx_word' id='word_1_765' title='bbox 3770 4326 3824 4376; x_wconf 85' lang='grc' dir='ltr'><strong>ἐν</strong></span> 
     </span>
    </p>
   </div>
   <div class='ocr_carea' id='block_1_103' title="bbox 2263 4415 3825 4492">
    <p class='ocr_par' dir='ltr' id='par_1_103' title="bbox 2263 4415 3825 4492">
     <span class='ocr_line' id='line_1_103' title="bbox 2263 4415 3825 4492; baseline -0.007 -13"><span class='ocrx_word' id='word_1_766' title='bbox 2263 4427 2375 4488; x_wconf 87' lang='grc' dir='ltr'>τοῖς</span> <span class='ocrx_word' id='word_1_767' title='bbox 2422 4425 2541 4478; x_wconf 79' lang='grc' dir='ltr'>κατ’</span> <span class='ocrx_word' id='word_1_768' title='bbox 2583 4421 2807 4492; x_wconf 78' lang='grc' dir='ltr'>οὐρανὸν</span> <span class='ocrx_word' id='word_1_769' title='bbox 2857 4419 3146 4491; x_wconf 86' lang='grc' dir='ltr'>βασιλείοις</span> <span class='ocrx_word' id='word_1_770' title='bbox 3190 4419 3480 4482; x_wconf 79' lang='grc' dir='ltr'>αὐλίζεται.</span> <span class='ocrx_word' id='word_1_771' title='bbox 3527 4417 3631 4469; x_wconf 84' lang='grc' dir='ltr'>Δύο</span> <span class='ocrx_word' id='word_1_772' title='bbox 3662 4415 3825 4469; x_wconf 75' lang='grc' dir='ltr'>ταῦτά</span> 
     </span>
    </p>
   </div>
   <div class='ocr_carea' id='block_1_104' title="bbox 2267 4506 3822 4584">
    <p class='ocr_par' dir='ltr' id='par_1_104' title="bbox 2267 4506 3822 4584">
     <span class='ocr_line' id='line_1_104' title="bbox 2267 4506 3822 4584; baseline -0.007 -15"><span class='ocrx_word' id='word_1_773' title='bbox 2267 4519 2382 4568; x_wconf 86' lang='grc' dir='ltr'>ἐστι</span> <span class='ocrx_word' id='word_1_774' title='bbox 2411 4516 2644 4584; x_wconf 82' lang='grc' dir='ltr'>στοιχεῖα</span> <span class='ocrx_word' id='word_1_775' title='bbox 2666 4514 2723 4566; x_wconf 88' lang='grc' dir='ltr'><strong>ἐν</strong></span> <span class='ocrx_word' id='word_1_776' title='bbox 2751 4514 2816 4582; x_wconf 81' lang='grc' dir='ltr'><strong>τῇ</strong></span> <span class='ocrx_word' id='word_1_777' title='bbox 2852 4511 2958 4566; x_wconf 84' lang='grc' dir='ltr'>τῶν</span> <span class='ocrx_word' id='word_1_778' title='bbox 2983 4511 3149 4564; x_wconf 76' lang='grc' dir='ltr'>ὄντων</span> <span class='ocrx_word' id='word_1_779' title='bbox 3179 4508 3374 4575; x_wconf 81' lang='grc' dir='ltr'>κτίσει,</span> <span class='ocrx_word' id='word_1_780' title='bbox 3402 4508 3538 4578; x_wconf 71' lang='grc' dir='ltr'>πρὸς</span> <span class='ocrx_word' id='word_1_781' title='bbox 3558 4506 3822 4576; x_wconf 70' lang='grc' dir='ltr'>διαγωγὴν</span> 
     </span>
    </p>
   </div>
   <div class='ocr_carea' id='block_1_105' title="bbox 2265 4599 3825 4678">
    <p class='ocr_par' dir='ltr' id='par_1_105' title="bbox 2265 4599 3825 4678">
     <span class='ocr_line' id='line_1_105' title="bbox 2265 4599 3825 4678; baseline -0.006 -17"><span class='ocrx_word' id='word_1_782' title='bbox 2265 4609 2363 4678; x_wconf 80' lang='grc' dir='ltr'>τῆς</span> <span class='ocrx_word' id='word_1_783' title='bbox 2395 4605 2617 4675; x_wconf 77' lang='grc' dir='ltr'>λογικῆς</span> <span class='ocrx_word' id='word_1_784' title='bbox 2640 4604 2852 4674; x_wconf 82' lang='grc' dir='ltr'>φύσεως</span> <span class='ocrx_word' id='word_1_785' title='bbox 2888 4600 3281 4673; x_wconf 84' lang='grc' dir='ltr'>μεμερισμένα,</span> <span class='ocrx_word' id='word_1_786' title='bbox 3319 4601 3353 4670; x_wconf 81' lang='grc' dir='ltr'><strong>ἡ</strong></span> <span class='ocrx_word' id='word_1_787' title='bbox 3380 4599 3453 4667; x_wconf 81' lang='grc' dir='ltr'>γῆ</span> <span class='ocrx_word' id='word_1_788' title='bbox 3475 4615 3536 4651; x_wconf 92' lang='grc' dir='ltr'><strong>τε</strong></span> <span class='ocrx_word' id='word_1_789' title='bbox 3562 4600 3658 4651; x_wconf 74' lang='grc' dir='ltr'>καὶ</span> <span class='ocrx_word' id='word_1_790' title='bbox 3687 4601 3715 4650; x_wconf 88' lang='lat'><strong>0</strong></span> <span class='ocrx_word' id='word_1_791' title='bbox 3742 4599 3825 4652; x_wconf 70' lang='grc' dir='ltr'>ού·</span> 
     </span>
    </p>
   </div>
   <div class='ocr_carea' id='block_1_106' title="bbox 2263 4689 3820 4768">
    <p class='ocr_par' dir='ltr' id='par_1_106' title="bbox 2263 4689 3820 4768">
     <span class='ocr_line' id='line_1_106' title="bbox 2263 4689 3820 4768; baseline -0.008 -14"><span class='ocrx_word' id='word_1_792' title='bbox 2263 4699 2442 4768; x_wconf 88' lang='grc' dir='ltr'>ρανός.</span> <span class='ocrx_word' id='word_1_793' title='bbox 2478 4697 2652 4758; x_wconf 81' lang='grc' dir='ltr'>Τόπος</span> <span class='ocrx_word' id='word_1_794' title='bbox 2681 4695 2788 4748; x_wconf 82' lang='grc' dir='ltr'>τῶν</span> <span class='ocrx_word' id='word_1_795' title='bbox 2815 4693 2903 4746; x_wconf 87' lang='grc' dir='ltr'><strong>διὰ</strong></span> <span class='ocrx_word' id='word_1_796' title='bbox 2938 4691 3135 4764; x_wconf 82' lang='grc' dir='ltr'>σαρκὸς</span> <span class='ocrx_word' id='word_1_797' title='bbox 3158 4689 3446 4760; x_wconf 84' lang='grc' dir='ltr'>είληχότων</span> <span class='ocrx_word' id='word_1_798' title='bbox 3473 4690 3574 4760; x_wconf 79' lang='grc' dir='ltr'>τὴν</span> <span class='ocrx_word' id='word_1_799' title='bbox 3604 4690 3766 4759; x_wconf 77' lang='grc' dir='ltr'>ζωὴν,</span> <span class='ocrx_word' id='word_1_800' title='bbox 3791 4690 3820 4757; x_wconf 85' lang='grc' dir='ltr'><strong>ή</strong></span> 
     </span>
    </p>
   </div>
   <div class='ocr_carea' id='block_1_107' title="bbox 2260 4779 3820 4860">
    <p class='ocr_par' dir='ltr' id='par_1_107' title="bbox 2260 4779 3820 4860">
     <span class='ocr_line' id='line_1_107' title="bbox 2260 4779 3820 4860; baseline -0.006 -19"><span class='ocrx_word' id='word_1_801' title='bbox 2260 4791 2364 4860; x_wconf 83' lang='grc' dir='ltr'><strong>γῆ·</strong></span> <span class='ocrx_word' id='word_1_802' title='bbox 2413 4789 2442 4841; x_wconf 91' lang='lat'><strong>0</strong></span> <span class='ocrx_word' id='word_1_803' title='bbox 2482 4786 2537 4838; x_wconf 86' lang='grc' dir='ltr'><strong>δέ</strong></span> <span class='ocrx_word' id='word_1_804' title='bbox 2574 4784 2801 4855; x_wconf 80' lang='grc' dir='ltr'>οὐρανὸς</span> <span class='ocrx_word' id='word_1_805' title='bbox 2844 4781 2952 4836; x_wconf 82' lang='grc' dir='ltr'>τῶν</span> <span class='ocrx_word' id='word_1_806' title='bbox 2991 4781 3316 4851; x_wconf 71' lang='grc' dir='ltr'>ἀσωμάτων.</span> <span class='ocrx_word' id='word_1_807' title='bbox 3375 4779 3614 4849; x_wconf 80' lang='grc' dir='ltr'>Ἀνάγκη</span> <span class='ocrx_word' id='word_1_808' title='bbox 3657 4781 3820 4832; x_wconf 80' lang='grc' dir='ltr'>τοίνυν</span> 
     </span>
    </p>
   </div>
   <div class='ocr_carea' id='block_1_108' title="bbox 2263 4871 3816 4946">
    <p class='ocr_par' dir='ltr' id='par_1_108' title="bbox 2263 4871 3816 4946">
     <span class='ocr_line' id='line_1_108' title="bbox 2263 4871 3816 4946; baseline -0.009 -10"><span class='ocrx_word' id='word_1_809' title='bbox 2263 4883 2479 4944; x_wconf 84' lang='grc' dir='ltr'>πάντως</span> <span class='ocrx_word' id='word_1_810' title='bbox 2507 4875 2645 4932; x_wconf 79' lang='grc' dir='ltr'>εἶναί</span> <span class='ocrx_word' id='word_1_811' title='bbox 2675 4894 2779 4930; x_wconf 91' lang='grc' dir='ltr'><strong>που</strong></span> <span class='ocrx_word' id='word_1_812' title='bbox 2821 4874 2917 4946; x_wconf 82' lang='grc' dir='ltr'>τὴν</span> <span class='ocrx_word' id='word_1_813' title='bbox 2946 4874 3218 4945; x_wconf 77' lang='grc' dir='ltr'>ἡμετέραν</span> <span class='ocrx_word' id='word_1_814' title='bbox 3251 4871 3417 4942; x_wconf 81' lang='grc' dir='ltr'>ζωὴν,</span> <span class='ocrx_word' id='word_1_815' title='bbox 3463 4872 3562 4924; x_wconf 78' lang='grc' dir='ltr'>ἐὰν</span> <span class='ocrx_word' id='word_1_816' title='bbox 3605 4871 3683 4941; x_wconf 82' lang='grc' dir='ltr'>μὴ</span> <span class='ocrx_word' id='word_1_817' title='bbox 3710 4872 3816 4923; x_wconf 81' lang='grc' dir='ltr'>διω-</span> 
     </span>
    </p>
   </div>
   <div class='ocr_carea' id='block_1_109' title="bbox 2263 4963 3814 5042">
    <p class='ocr_par' dir='ltr' id='par_1_109' title="bbox 2263 4963 3814 5042">
     <span class='ocr_line' id='line_1_109' title="bbox 2263 4963 3814 5042; baseline -0.008 -17"><span class='ocrx_word' id='word_1_818' title='bbox 2263 4971 2480 5042; x_wconf 83' lang='grc' dir='ltr'>χθῶμεν</span> <span class='ocrx_word' id='word_1_819' title='bbox 2523 4968 2630 5021; x_wconf 82' lang='grc' dir='ltr'>ἀπὸ</span> <span class='ocrx_word' id='word_1_820' title='bbox 2655 4968 2754 5038; x_wconf 82' lang='grc' dir='ltr'>τῆς</span> <span class='ocrx_word' id='word_1_821' title='bbox 2792 4968 2915 5036; x_wconf 79' lang='grc' dir='ltr'>γῆς,</span> <span class='ocrx_word' id='word_1_822' title='bbox 2943 4967 3010 5035; x_wconf 79' lang='grc' dir='ltr'><strong>τῇ</strong></span> <span class='ocrx_word' id='word_1_823' title='bbox 3038 4966 3108 5034; x_wconf 78' lang='grc' dir='ltr'><strong>γῇ</strong></span> <span class='ocrx_word' id='word_1_824' title='bbox 3147 4963 3361 5025; x_wconf 87' lang='grc' dir='ltr'>πάντως</span> <span class='ocrx_word' id='word_1_825' title='bbox 3387 4963 3782 5031; x_wconf 81' lang='grc' dir='ltr'>ἐναπομένομεν</span> <span class='ocrx_word' id='word_1_826' title='bbox 3802 4976 3814 4987; x_wconf 86' lang='lat'><strong><em>°</em></strong></span> 
     </span>
    </p>
   </div>
   <div class='ocr_carea' id='block_1_110' title="bbox 2265 5053 3814 5126">
    <p class='ocr_par' dir='ltr' id='par_1_110' title="bbox 2265 5053 3814 5126">
     <span class='ocr_line' id='line_1_110' title="bbox 2265 5053 3814 5126; baseline -0.008 -10"><span class='ocrx_word' id='word_1_827' title='bbox 2265 5064 2359 5116; x_wconf 81' lang='grc' dir='ltr'>ἐὰν</span> <span class='ocrx_word' id='word_1_828' title='bbox 2407 5060 2654 5116; x_wconf 84' lang='grc' dir='ltr'>ἐντεῦθεν</span> <span class='ocrx_word' id='word_1_829' title='bbox 2703 5057 3059 5126; x_wconf 85' lang='grc' dir='ltr'>ἀπέλθωμεν,</span> <span class='ocrx_word' id='word_1_830' title='bbox 3100 5055 3191 5108; x_wconf 73' lang='grc' dir='ltr'>ἐπὶ</span> <span class='ocrx_word' id='word_1_831' title='bbox 3239 5055 3331 5108; x_wconf 84' lang='grc' dir='ltr'>τὸν</span> <span class='ocrx_word' id='word_1_832' title='bbox 3378 5053 3605 5123; x_wconf 73' lang='grc' dir='ltr'>οὐρανὸν</span> <span class='ocrx_word' id='word_1_833' title='bbox 3657 5070 3814 5118; x_wconf 71' lang='grc' dir='ltr'>μετοι-</span> 
     </span>
    </p>
   </div>
   <div class='ocr_carea' id='block_1_111' title="bbox 2266 5141 3816 5224">
    <p class='ocr_par' dir='ltr' id='par_1_111' title="bbox 2266 5141 3816 5224">
     <span class='ocr_line' id='line_1_111' title="bbox 2266 5141 3816 5224; baseline -0.008 -17"><span class='ocrx_word' id='word_1_834' title='bbox 2266 5149 2660 5224; x_wconf 82' lang='grc' dir='ltr'>κισθησόμεθα.</span> <span class='ocrx_word' id='word_1_835' title='bbox 2699 5150 2860 5220; x_wconf 79' lang='grc' dir='ltr'>Ὁρᾷς</span> <span class='ocrx_word' id='word_1_836' title='bbox 2886 5149 2966 5210; x_wconf 87' lang='grc' dir='ltr'>εἰς</span> <span class='ocrx_word' id='word_1_837' title='bbox 2996 5149 3024 5201; x_wconf 86' lang='grc' dir='ltr'><em>ὃ</em></span> <span class='ocrx_word' id='word_1_838' title='bbox 3055 5164 3113 5199; x_wconf 89' lang='grc' dir='ltr'><strong>τι,</strong></span> <span class='ocrx_word' id='word_1_839' title='bbox 3140 5145 3292 5216; x_wconf 80' lang='grc' dir='ltr'>φέρει</span> <span class='ocrx_word' id='word_1_840' title='bbox 3311 5145 3338 5197; x_wconf 94' lang='lat'><strong>0</strong></span> <span class='ocrx_word' id='word_1_841' title='bbox 3374 5146 3721 5214; x_wconf 78' lang='grc' dir='ltr'>μακαρισμὸς</span> <span class='ocrx_word' id='word_1_842' title='bbox 3746 5141 3816 5195; x_wconf 67' lang='grc' dir='ltr'>διὰ.</span> 
     </span>
    </p>
   </div>
   <div class='ocr_carea' id='block_1_112' title="bbox 2265 5233 3817 5311">
    <p class='ocr_par' dir='ltr' id='par_1_112' title="bbox 2265 5233 3817 5311">
     <span class='ocr_line' id='line_1_112' title="bbox 2265 5233 3817 5311; baseline -0.008 -13"><span class='ocrx_word' id='word_1_843' title='bbox 2265 5244 2358 5299; x_wconf 89' lang='grc' dir='ltr'><strong>τοῦ</strong></span> <span class='ocrx_word' id='word_1_844' title='bbox 2384 5241 2661 5304; x_wconf 79' lang='grc' dir='ltr'>δοκοῦντος</span> <span class='ocrx_word' id='word_1_845' title='bbox 2684 5239 2928 5311; x_wconf 84' lang='grc' dir='ltr'>λυπηροῦ</span> <span class='ocrx_word' id='word_1_846' title='bbox 2959 5238 3053 5292; x_wconf 87' lang='grc' dir='ltr'><strong>τοῦ</strong></span> <span class='ocrx_word' id='word_1_847' title='bbox 3082 5237 3332 5291; x_wconf 86' lang='grc' dir='ltr'>τοσούτου</span> <span class='ocrx_word' id='word_1_848' title='bbox 3359 5253 3440 5288; x_wconf 86' lang='grc' dir='ltr'><strong>σοι</strong></span> <span class='ocrx_word' id='word_1_849' title='bbox 3463 5235 3674 5304; x_wconf 87' lang='grc' dir='ltr'>ἀγαθοῦ</span> <span class='ocrx_word' id='word_1_850' title='bbox 3703 5233 3817 5302; x_wconf 75' lang='grc' dir='ltr'>γινό-</span> 
     </span>
    </p>
   </div>
   <div class='ocr_carea' id='block_1_113' title="bbox 2271 5325 3817 5408">
    <p class='ocr_par' dir='ltr' id='par_1_113' title="bbox 2271 5325 3817 5408">
     <span class='ocr_line' id='line_1_113' title="bbox 2271 5325 3817 5408; baseline -0.009 -17"><span class='ocrx_word' id='word_1_851' title='bbox 2271 5354 2430 5408; x_wconf 86' lang='grc' dir='ltr'>μενος</span> <span class='ocrx_word' id='word_1_852' title='bbox 2473 5334 2766 5407; x_wconf 81' lang='grc' dir='ltr'>πρόξενος;</span> <span class='ocrx_word' id='word_1_853' title='bbox 2823 5333 3004 5403; x_wconf 86' lang='grc' dir='ltr'>Ὅπερ</span> <span class='ocrx_word' id='word_1_854' title='bbox 3035 5331 3255 5402; x_wconf 86' lang='grc' dir='ltr'>νοήσας,</span> <span class='ocrx_word' id='word_1_855' title='bbox 3296 5331 3429 5398; x_wconf 80' lang='grc' dir='ltr'>φησὶ</span> <span class='ocrx_word' id='word_1_856' title='bbox 3469 5329 3568 5382; x_wconf 75' lang='grc' dir='ltr'>καὶ</span> <span class='ocrx_word' id='word_1_857' title='bbox 3605 5329 3638 5378; x_wconf 83' lang='grc' dir='ltr'>ὁ</span> <span class='ocrx_word' id='word_1_858' title='bbox 3683 5325 3817 5380; x_wconf 74' lang='grc' dir='ltr'>Ἀτό-</span> 
     </span>
    </p>
   </div>
   <div class='ocr_carea' id='block_1_114' title="bbox 2271 5415 3817 5493">
    <p class='ocr_par' dir='ltr' id='par_1_114' title="bbox 2271 5415 3817 5493">
     <span class='ocr_line' id='line_1_114' title="bbox 2271 5415 3817 5493; baseline -0.008 -13"><span class='ocrx_word' id='word_1_859' title='bbox 2271 5428 2477 5493; x_wconf 82' lang='grc' dir='ltr'>στολος,</span> <span class='ocrx_word' id='word_1_860' title='bbox 2518 5428 2600 5479; x_wconf 85' lang='grc' dir='ltr'>ὅτι</span> <span class='ocrx_word' id='word_1_861' title='bbox 2638 5424 2810 5480; x_wconf 85' lang='grc' dir='ltr'>Πᾶσα</span> <span class='ocrx_word' id='word_1_862' title='bbox 2846 5422 3081 5477; x_wconf 79' lang='grc' dir='ltr'>παιδεία</span> <span class='ocrx_word' id='word_1_863' title='bbox 3115 5421 3265 5488; x_wconf 76' lang='grc' dir='ltr'>πρὸς</span> <span class='ocrx_word' id='word_1_864' title='bbox 3297 5420 3415 5488; x_wconf 76' lang='grc' dir='ltr'>μὲν</span> <span class='ocrx_word' id='word_1_865' title='bbox 3449 5417 3518 5470; x_wconf 81' lang='grc' dir='ltr'>τὸ</span> <span class='ocrx_word' id='word_1_866' title='bbox 3548 5419 3738 5485; x_wconf 71' lang='grc' dir='ltr'>παρὸν</span> <span class='ocrx_word' id='word_1_867' title='bbox 3759 5415 3817 5468; x_wconf 83' lang='grc' dir='ltr'>οὑ</span> 
     </span>
    </p>
   </div>
   <div class='ocr_carea' id='block_1_115' title="bbox 2271 5508 3817 5588">
    <p class='ocr_par' dir='ltr' id='par_1_115' title="bbox 2271 5508 3817 5588">
     <span class='ocr_line' id='line_1_115' title="bbox 2271 5508 3817 5588; baseline -0.01 -14"><span class='ocrx_word' id='word_1_868' title='bbox 2271 5519 2433 5574; x_wconf 82' lang='grc' dir='ltr'>δοκεῖ</span> <span class='ocrx_word' id='word_1_869' title='bbox 2465 5515 2655 5588; x_wconf 79' lang='grc' dir='ltr'>χαρᾶς</span> <span class='ocrx_word' id='word_1_870' title='bbox 2680 5516 2853 5581; x_wconf 77' lang='grc' dir='ltr'>εἶναι,</span> <span class='ocrx_word' id='word_1_871' title='bbox 2887 5513 3048 5568; x_wconf 72' lang='grc' dir='ltr'>ἀλλὰ</span> <span class='ocrx_word' id='word_1_872' title='bbox 3075 5513 3274 5579; x_wconf 73' lang='grc' dir='ltr'>λύπης</span> <span class='ocrx_word' id='word_1_873' title='bbox 3294 5525 3307 5538; x_wconf 83' lang='lat'><strong><em>°</em></strong></span> <span class='ocrx_word' id='word_1_874' title='bbox 3351 5508 3576 5578; x_wconf 78' lang='grc' dir='ltr'>ὕστερον</span> <span class='ocrx_word' id='word_1_875' title='bbox 3615 5508 3672 5561; x_wconf 83' lang='grc' dir='ltr'>δὲ</span> <span class='ocrx_word' id='word_1_876' title='bbox 3703 5522 3817 5574; x_wconf 84' lang='grc' dir='ltr'>καρ-</span> 
     </span>
    </p>
   </div>
   <div class='ocr_carea' id='block_1_116' title="bbox 2273 5601 3818 5685">
    <p class='ocr_par' dir='ltr' id='par_1_116' title="bbox 2273 5601 3818 5685">
     <span class='ocr_line' id='line_1_116' title="bbox 2273 5601 3818 5685; baseline -0.013 -14"><span class='ocrx_word' id='word_1_877' title='bbox 2273 5614 2373 5670; x_wconf 79' lang='grc' dir='ltr'>πὸν</span> <span class='ocrx_word' id='word_1_878' title='bbox 2405 5610 2679 5685; x_wconf 76' lang='grc' dir='ltr'>εἰρηνικὸν</span> <span class='ocrx_word' id='word_1_879' title='bbox 2718 5610 2831 5674; x_wconf 85' lang='grc' dir='ltr'>τοῖς</span> <span class='ocrx_word' id='word_1_880' title='bbox 2876 5607 2944 5661; x_wconf 84' lang='grc' dir='ltr'><strong>δι’</strong></span> <span class='ocrx_word' id='word_1_881' title='bbox 2989 5605 3158 5676; x_wconf 78' lang='grc' dir='ltr'>αὐτῆς</span> <span class='ocrx_word' id='word_1_882' title='bbox 3199 5601 3668 5675; x_wconf 79' lang='grc' dir='ltr'>γεγυμνασμένοις</span> <span class='ocrx_word' id='word_1_883' title='bbox 3704 5601 3818 5652; x_wconf 70' lang='grc' dir='ltr'>ἁπο-</span> 
     </span>
    </p>
   </div>
  </div>
