4018 6526
210 422 346 479 1⁸501

1232 423 1322 479 DE
1359 422 1959 483 BEATITUDINIBUS.
2002 422 2261 482 ORATIO
2300 422 2436 479 Vlll.

3326 425 3460 482 1302

207 538 394 590 δίδωσι
420 534 782 607 δικαιοσύνης.
811 535 1019 589 Οὐκοῦν
1042 536 1153 590 τῶν
1173 538 1633 610 προσδοκωμένων
1658 559 1784 613 καρ-

1891 542 1998 596 trix
2044 539 2361 598 exsistens?
2400 538 2555 605 Quod
2583 553 2706 594 cum
2735 538 2899 594 etiam
2943 538 3240 610 Apostolus
3283 549 3460 602 anim-

208 628 331 681 πῶν
372 628 549 692 ἄνθος,
580 629 613 698 ή
647 627 824 695 θλίψις
855 627 1024 681 ἐστίν.
1074 628 1172 681 Διὰ
1208 629 1299 682 τὸν
1327 631 1539 701 καρπὸν
1568 627 1786 697 οὗν,καὶ

205 720 273 772 τὸ
316 718 474 781 ἄνθος
521 717 844 788 δρεψὼμεθα
877 733 892 748 °
940 717 1255 788 διωχθῶμεν
1307 720 1392 772 ἴνα
1449 720 1782 792 δράμωμεν

205 809 511 879 δραμόντες
558 808 616 860 δὲ
664 809 764 861 οὐκ
805 808 924 877 εἱκῆ
970 807 1345 879 δραμούμεθα,
1380 812 1513 864 ἀλλὰ
1555 812 1690 882 πρὸς
1725 812 1786 864 τὸ

208 899 465 970 βραϐεῖον
496 897 653 968 ἡμῶν
700 898 798 967 τῆς
844 899 955 951 ἄνω
1000 900 1244 969 κλήσεως
1288 903 1316 954 6
1362 901 1559 973 δρόμος
1604 902 1781 955 ἔστωο

204 990 353 1043 οὕτω
398 990 730 1062 δράμωμεν,
787 990 876 1044 ἴνα
920 990 1334 1064 καταλάϐωμεν.
1402 995 1466 1048 Τί
1513 996 1574 1048 τὸ
1615 1012 1785 1049 κατα·

203 1082 649 1152 λαμϐανόμενον;
701 1081 767 1135 Τί
813 1082 873 1135 τὸ
924 1082 1206 1152 βραδεῖον;
1261 1086 1355 1149 Τίς
1399 1087 1428 1139 6
1481 1087 1783 1156 στέφανος;

203 1172 283 1223 Οὔ
320 1187 411 1241 μοι
450 1171 596 1223 δοκεῖ
642 1170 767 1225 ἄλλο
796 1189 846 1224 τι
895 1168 1033 1227 εἶναι
1077 1176 1208 1245 παρ’
1257 1176 1419 1230 αὑτὸν
1462 1177 1553 1231 τὸν
1582 1178 1786 1249 Κύριον

201 1261 438 1315 ἕκαστον
481 1260 591 1315 τῶν
640 1261 1025 1333 ἐλπιζομένων.
1098 1266 1271 1329 Αὐτὸς
1308 1268 1437 1338 ’γάρ
1505 1270 1622 1323 ἐστι
1690 1272 1786 1325 καὶ

200 1354 550 1424 ἀγωνοθέτης
587 1353 694 1406 τῶν
724 1354 1061 1421 ἀθλούντων,
1109 1358 1205 1411 καὶ
1250 1359 1513 1429 στέφανος
1556 1361 1663 1415 τῶν
1707 1379 1783 1416 νι·

201 1444 428 1499 κὼντων
450 1461 464 1474 ο
514 1446 718 1509 ἐκεῖνος
747 1447 775 1499 6
801 1448 1069 1517 διανέμων
1096 1448 1188 1502 τὸν
1219 1449 1420 1520 κλῆρον
1443 1466 1458 1481 ·
1506 1453 1711 1514 ἐκεῖνος
1755 1453 1785 1505 6

198 1538 408 1607 ἀγαθὸς
428 1538 625 1609 κλῆρος
645 1554 658 1568 ·
700 1538 904 1602 ἐκεῖνος
926 1541 958 1609 ἡ
981 1540 1157 1611 ἀγαθὴ
1189 1542 1345 1610 μερίς
1363 1557 1378 1572 ·
1406 1543 1612 1607 ἐκεῖνος
1633 1544 1661 1595 6
1686 1542 1785 1614 τὴν

202 1632 401 1704 μερίδα
426 1649 506 1684 σοι
525 1630 880 1701 χαριζόμενος
895 1645 908 1659 ⁸
942 1634 1148 1695 ἐκεῖνος
1166 1633 1194 1684 6
1217 1631 1515 1696 πλουτίζων
1534 1649 1548 1664 ·
1577 1634 1784 1699 ἐκεῖνος

198 1727 229 1778 6
260 1723 512 1787 πλοῦτος,
540 1725 567 1776 6
596 1722 809 1786 δεικνύς
840 1740 922 1775 σοι
951 1724 1041 1777 τὸν
1065 1723 1357 1794 θησαυρὸν,
1386 1726 1482 1777 καὶ
1514 1725 1783 1795 θησαυρός

200 1831 287 1867 σοι
320 1814 631 1883 γινόμενοςο
670 1815 698 1865 6
730 1816 809 1876 εἰς
843 1814 1136 1885 ἐπιθυμίαν
1161 1831 1221 1866 σε
1245 1812 1338 1867 τοῦ
1362 1814 1527 1869 καλοῦ
1567 1832 1807 1886 μαργαοκ

1886 632 2236 696 advertisset,
2289 629 2515 692 Omnis,
2558 630 2735 699 inquit
2775 631 2842 697 θ’,
2879 631 3168 703 disciplina
3220 634 3275 688 in
3319 650 3459 704 pra:-

1888 722 2066 777 sentia
2102 721 2321 792 quidem
2361 736 2466 773 non
2519 735 2644 774 cum
2677 721 2902 791 gaudio,
2954 721 3048 777 sed
3078 738 3202 777 cum
3240 725 3461 780 tristitia

1888 811 2185 880 conjuncta
2220 822 2346 863 esse
2380 808 2618 871 videtur,
2676 810 2771 864 sed
2798 818 2987 880 postea
3030 808 3270 867 fructum
3311 814 3461 883 paci-

1889 903 2048 956 ticum
2070 900 2298 972 justitizc
2330 899 2510 955 reddit
2538 901 2604 955 iis
2634 901 2727 971 qui
2753 917 2849 972 per
2874 903 3047 973 ipsam
3075 903 3274 959 fuerint
3306 919 3462 960 exer-

1886 992 2071 1058 citati,
2105 992 2336 1061 proinde
2387 989 2696 1056 t‘ructuum,
2730 994 2823 1062 qui
2861 1002 3168 1063 sperantur,
3207 994 3328 1061 llos,
3377 994 3457 1048 af-

1884 1081 2051 1137 ﬂictio
2085 1089 2188 1137 est.
2215 1082 2446 1151 Propter
2468 1081 2706 1137 fructum
2735 1084 2902 1153 igitur
2926 1085 3089 1139 etiam
3143 1086 3332 1140 ﬂorem
3362 1084 3458 1140 dc-

1884 1189 2175 1244 cerpamus
2210 1192 2223 1227 :
2258 1174 2530 1243 agitemur
2577 1181 2638 1228 ut
2680 1189 2992 1239 curramus,
3046 1185 3332 1232 currentes
3359 1192 3459 1231 au-

1885 1272 1993 1321 tem
2020 1280 2131 1321 non
2164 1264 2374 1319 frustra
2429 1279 2755 1329 curramus;
2804 1264 2898 1321 sed
2928 1267 2997 1319 ad
3040 1267 3324 1335 prmmium
3357 1283 3455 1323 su-

1884 1373 2066 1426 pernae
2093 1368 2296 1412 nostra:
2342 1356 2653 1412 vocationis
2675 1371 2875 1413 cursus
2916 1356 3207 1427 dirigatur:
3228 1358 3301 1412 ita
3330 1372 3457 1412 cur-

1884 1460 2090 1511 ramus,
2120 1454 2181 1500 ut
2213 1460 2594 1515 assequamur.
2617 1444 2765 1512 Quid
2789 1454 2874 1502 est
2896 1445 3146 1516 id,quod
3160 1447 3454 1517 consequi-

1884 1537 2042 1591 mur?
2069 1536 2345 1605 quodnam
2397 1544 2483 1591 est
2530 1537 2664 1591 illud
2703 1536 3025 1606 praemium?
3062 1551 3311 1606 quamam
3360 1537 3454 1591 illa

1883 1627 2127 1681 corona?
2146 1625 2264 1680 Non
2304 1626 2521 1681 videtur
2541 1626 2674 1681 mihi
2707 1626 2911 1696 aliquid
2941 1626 3089 1681 aliud
3115 1641 3239 1683 esse
3264 1626 3441 1697 quod-

1882 1716 2015 1771 libet
2044 1731 2233 1771 eorum
2269 1731 2390 1786 quae
2418 1725 2729 1786 sperantur,
2776 1723 3136 1786 praeterquam
3188 1716 3308 1787 ipse
3340 1715 3450 1769 Do-

1883 1809 2087 1863 minus.
2116 1806 2238 1878 Ipse
2266 1809 2410 1862 enim
2445 1814 2529 1862 est
2560 1822 2764 1877 praeses
2792 1807 3211 1878 moderatorque
3238 1817 3454 1862 certan-

202 1876 358 1977 ρίτου
392 1876 560 1974 ἄνων,
587 1876 685 1959 ﬁxa).
715 1905 871 1970 ὢνιός
899 1923 981 1958 σοι
1009 1876 1094 1977 ’τῷ
1118 1905 1297 1970 καλῶς
1322 1876 1782 1978 συμπορευομένῃ)

1885 1901 2110 1965 tium,et
2133 1876 2333 1955 corona
2365 1876 2698 1956 vincentium
2730 1918 2744 1955 :
2780 1901 2871 1956 ille
2898 1901 3097 1970 estqui
3121 1876 3312 1956 dividit
3342 1902 3456 1956 ha:-

199 1996 589 2067 προκείμενος.
623 1996 737 2047 Ἵνα
759 1990 850 2048 οὖν
885 1996 1059 2048 ἐκεῖνο
1086 1992 1415 2065 κτησώμεθα
1438 2035 1452 2060 ,
1481 1995 1666 2066 ὥσπερ
1696 1996 1783 2047 ἐπ’

194 2088 431 2157 ἀγορᾶς,
450 2079 524 2139 ὧν
552 2085 747 2157 ἔχομεν
780 2085 1358 2155 ἀντικαταλλάσσωμεν
1384 2084 1420 2138 ἃ
1441 2085 1538 2137 οὐκ
1567 2083 1782 2155 ἔχομεν.

193 2178 291 2248 Μὴ
322 2177 650 2249 λυπηθῶμεν
681 2177 855 2230 τοίνυν
899 2175 1217 2244 διωκόμενοι
1243 2214 1258 2237 ,
1289 2173 1487 2242 μᾶλλον
1512 2174 1567 2227 δὲ
1586 2175 1679 2227 καὶ
1697 2174 1787 2228 εὑ-

195 2268 553 2340 φρανθῶμεν,
590 2269 670 2323 ὃτι
700 2268 786 2321 διὰ
812 2268 873 2321 τὸ
909 2265 1197 2320 διώκεσθαι
1234 2265 1342 2318 ἀπὸ
1364 2265 1472 2319 τῶν
1495 2266 1562 2335 τῇ
1598 2268 1666 2335 γῇ
1703 2283 1784 2318 τις

198 2359 366 2430 μίων,
395 2359 530 2431 πρὸς
556 2359 617 2411 τὸ
644 2359 892 2430 οὐράνιον
918 2355 1121 2424 ἀγαθὸν
1151 2354 1604 2425 συνελαυνόμεθα,
1642 2354 1784 2409 κατὰ

192 2448 291 2502 τὸν
343 2446 807 2516 ἐπαγγειλάμενον
870 2445 1172 2516 μακαρίους
1226 2442 1364 2498 εἶναι
1413 2444 1538 2507 τοὺς
1599 2443 1785 2498 δεδιω-

193 2538 439 2609 γμένους
479 2538 665 2591 ἕνεκεν
711 2537 874 2590 αὐτοῦ
901 2554 915 2568 ·
967 2538 1048 2589 ὅτι
1088 2535 1265 2589 αὐτῶν
1295 2537 1443 2589 ἐστιν
1470 2537 1503 2605 ἡ
1536 2534 1783 2604 βασιλεία

192 2626 309 2681 τῶν
338 2627 603 2696 οὐρανῶν,
652 2627 835 2697 χάριτι
863 2624 957 2678 τοῦ
998 2624 1205 2694 κυρίου
1234 2623 1390 2696 ἡμῶν
1430 2623 1605 2695 Ἰησοῦ
1648 2624 1782 2695 Χρι-

197 2715 335 2769 στοῦ
361 2731 375 2747 ⁸
416 2716 497 2769 ὅτι
524 2714 673 2785 αὑτῷ
700 2716 846 2767 ἔστιν
881 2716 914 2784 ὴ
949 2713 1077 2779 δόξα
1110 2715 1204 2766 καὶ
1229 2714 1292 2767 τὸ
1323 2712 1523 2786 κράτος
1549 2714 1629 2778 εἰς
1649 2714 1777 2778 τοὺς

194 2807 407 2871 αἰῶνας
432 2808 540 2860 τῶν
565 2805 793 2859 αἰώνων.
846 2806 1037 2875 Ἀμήν.

1880 1990 2202 2059 reditatem;
2264 1992 2356 2047 ille
2383 1991 2526 2046 bona
2558 1990 2851 2047 hereditas
2868 2001 2983 2056 est,
3022 1992 3113 2046 ille
3141 1992 3285 2047 bona
3328 2007 3455 2061 por-

1882 2083 1993 2150 tio;
2033 2083 2126 2138 ille
2162 2090 2268 2149 est,
2294 2083 2386 2152 qui
2413 2082 2517 2137 tibi
2558 2085 2866 2151 portionem
2906 2082 3179 2153 largitur;
3226 2082 3319 2136 ille
3347 2090 3453 2143 est,

1882 2176 1978 2247 qui
2028 2175 2198 2240 ditat;
2260 2175 2351 2231 ille
2380 2176 2496 2245 ipse
2541 2174 2770 2237 divitia},
2828 2174 2918 2244 qui
2950 2182 3005 2229 et
3061 2173 3305 2229 ostendit
3356 2172 3456 2227 tibi

1885 2266 2225 2330 thesaurum,
2266 2275 2320 2322 et
2349 2267 2644 2321 thesaurus
2673 2265 2775 2319 tibi
2793 2263 3053 2331 exsistit;
3098 2264 3190 2334 qui
3213 2271 3265 2317 et
3296 2262 3453 2331 cupi-

1894 2356 2025 2411 dum
2070 2362 2126 2413 te
2191 2357 2348 2411 bonae
2394 2357 2705 2428 margaritae
2747 2355 2946 2421 reddit,
2998 2362 3054 2411 et
3089 2355 3300 2411 venalis
3345 2355 3445 2407 tibi

1878 2453 2029 2504 recte
2093 2448 2391 2520 negotianti
2464 2447 2851 2516 mercantique
2899 2453 3131 2515 prostat.
3176 2444 3246 2499 Ut
3290 2445 3456 2511 igitur

1876 2538 2029 2592 illum
2059 2537 2431 2608 adipiscamur
2447 2538 2612 2609 (sicut
2644 2537 2697 2593 'm
2727 2535 2856 2594 foro
2894 2534 2970 2611 lit)
3005 2536 3094 2600 iis.
3129 2551 3251 2605 quae
3289 2535 3448 2589 habe-

1876 2644 2021 2693 mus,
2044 2642 2423 2698 comparemus
2456 2628 2510 2684 id
2547 2629 2691 2700 quod
2717 2645 2834 2684 non
2870 2631 3156 2685 habemus.
3192 2625 3270 2682 Ne
3309 2638 3445 2677 con-

1884 2718 2168 2773 tristemur
2224 2732 2355 2787 ergo
2413 2732 2537 2773 cum
2596 2718 2870 2788 agitamur
2911 2725 2966 2772 et
3013 2717 3453 2789 persecutionem

1882 2808 2154 2876 patimur;
2183 2808 2433 2877 quinimo
2466 2808 2650 2880 potius
2677 2808 2844 2864 etiam
2875 2809 3146 2875 laetemur,
3186 2808 3445 2877 quoniam

192 2913 298 2968 per
329 2898 403 2962 id,
436 2898 581 2969 quod
621 2897 873 2967 pellimur
914 2897 983 2951 ab
1019 2895 1109 2961 iis,
1144 2910 1267 2965 quae
1300 2895 1355 2950 in
1388 2903 1533 2951 terra
1565 2895 1835 2954 habentur
1863 2897 1919 2953 in
1950 2898 2150 2969 pretio,
2214 2900 2283 2955 ad
2357 2900 2587 2956 caeleste
2656 2900 2859 2955 bonum
2934 2898 3337 2970 compellimur,
3373 2910 3456 2952 sc-

194 2990 442 3046 cundum
475 3007 619 3058 eum,
649 2992 741 3061 qui
792 2990 1043 3061 promisit
1093 2990 1285 3046 beatos
1342 2990 1457 3047 fore
1494 3007 1609 3057 eos,
1675 2994 1769 3063 qui
1843 3001 2070 3064 propter
2149 2994 2331 3065 ipsum
2391 2994 2602 3065 agitati,
2660 2994 3215 3065 persccutionemque
3301 2989 3453 3061 passi

192 3087 314 3141 sint
349 3103 362 3139 :
397 3085 656 3155 quoniam
692 3084 905 3137 illorum
937 3082 1009 3137 sit
1032 3098 1256 3154 regnum
1282 3084 1567 3153 caelorum,
1612 3084 1788 3158 gratia
1827 3084 2047 3142 Domini
2076 3086 2250 3144 nostri
2316 3084 2447 3144 Jesu
2490 3082 2741 3151 Christi,
2779 3082 3039 3154 quoniam
3084 3082 3137 3138 ei
3166 3078 3340 3151 gloria
3399 3081 3456 3130 et

191 3176 494 3247 imperium
518 3176 685 3232 estin
714 3174 911 3233 saecula
935 3176 1282 3234 saeculorum.
1314 3177 1508 3235 Amen.

266 3306 322 3337 "
358 3302 522 3362 Hebr.
576 3322 677 3375 xu,
722 3306 810 3364 Η.
