4018 6528
557 392 3788 447 W

1840 615 2491 737 APPENDIX

1054 861 1207 953 AD
1274 862 1372 952 S.
1447 863 2021 957 GREGORII
2118 866 2513 961 OPERA
2578 869 3301 967 EXEGETICA.

1382 1261 1617 1347 ΤΟΥ
1681 1264 1827 1349 EN
1894 1262 2257 1351 ΛΓΙΟΙΣ
2328 1265 2959 1370 ΓΡΗΓΘΡΙΟΥ

567 1441 678 1498 ΕΙΣ
713 1442 828 1507 ΤΟ,
873 1442 1064 1499 ΘΤΛΝ
1100 1440 1438 1513 ΥΠΟΤΑΓῌ
1471 1441 1668 1510 Am
1719 1442 1795 1496 ΊἈ
1836 1441 2108 1509 ΠΑΝΤΑ,
2152 1452 2155 1497 1

2228 1445 2335 1499 ’ΤΕ
2371 1445 2508 1501 ΚΑΙ
2534 1444 2781 1504 ΔΠΟΣ
2825 1449 2875 1502 9
2914 1448 3088 1507 ΥιοΣ
3119 1448 3693 1510 ΥΠΟΤΔΡΠΕΤΑΙ
3722 1456 3809 1525 τῃ

1570 1555 1714 1613 r110
1723 1556 2027 1635 rAzANrr
2085 1564 2131 1614 Α
2145 1557 2283 1631 rm
2350 1563 2439 1628 TA.
2510 1565 2783 1627 unum.

1315 1963 1409 2051 S.
1487 1962 1596 2049 P.
1674 1959 1792 2049 N.
1868 1958 2447 2052 GREGOBII
2524 1958 3029 2050 NYSSENI’

556 2156 627 2214 IN
658 2155 897 2227 ILLUD,
933 2150 1243 2225 QUANDO
1285 2150 1441 2209 SIBI
1475 2147 1927 2213 SUBJECERIT
1959 2147 2155 2211 OMNI

2257 2148 2449 2209 TUNC
2488 2147 2667 2209 IPSE
2696 2149 3003 2223 ρυορυε
3029 2148 3287 2213 FILIUS
3312 2149 3809 2227 ευωισιετσι

1570 2265 1652 2321 ΕΙ
1682 2264 1814 2333 QUI
1843 2264 2000 2321 SIBI
2040 2265 2395 2323 SUBJECIT
2428 2266 2673 2324 οιιΝιΑ
2705 2266 2747 2325 ⁸.

1776 2444 2006 2497 Gallieno
2027 2446 2235 2498 Habeto
2252 2445 2523 2511 interprete.

625 2728 819 2787 Omnia
872 2729 1093 2801 quidem
1152 2725 1371 2784 Domini
1446 2728 1664 2801 eloquia
1718 2737 1849 2787 sunt
1898 2730 2155 2803 eloquia,

2301 2733 2489 2788 Πάντα
2525 2729 2625 2804 μὲν
2652 2731 2722 2787 τὰ
2757 2731 2915 2801 λόγια
2939 2730 3034 2784 τοῦ
3059 2730 3266 2801 Κυρίου
3304 2728 3461 2799 λόγιά
3492 2732 3647 2784 ἐστιν
3670 2732 3809 2800 ἁγνά

556 2828 712 2877 easta
734 2828 788 2877 et
814 2835 971 2891 pura,
1004 2819 1146 2875 sicut
1170 2817 1303 2873 dicit
1330 2818 1597 2891 Propheta
1619 2823 1664 2887 ⁸,
1697 2822 1915 2892 quando
1951 2823 2131 2880 instar

558 2912 899 2983 purgationis
947 2910 1182 2983 argenti,
1221 2924 1341 2980 qua:
1370 2909 1429 2964 ﬁt
1457 2910 1604 2981 igne,
1643 2928 1798 2968 mens
1831 2923 2131 2986 expurgata

557 3003 630 3057 ab
661 3004 810 3058 omni
852 3003 1112 3059 haeretica
1147 3004 1423 3074 opinione,
1456 3005 1622 3060 habet
1664 3004 2006 3081 eloquiorum
2028 2996 2133 3063 ve-

557 3095 739 3150 ritatis
769 3095 1050 3166 proprium
1076 3102 1133 3151 et
1158 3097 1592 3162 convenientem,
1620 3102 1676 3151 et
1704 3096 1799 3166 qui
1828 3106 1912 3152 est
1933 3112 2127 3153 secun-

560 3184 690 3239 dum
745 3194 1018 3251 naturam,
1086 3185 1454 3256 splendorem.
1505 3186 1646 3241 Ante
1698 3201 1889 3244 omnes
1945 3197 2129 3244 autem

559 3283 775 3345 oportet
803 3276 1052 3332 attestari
1095 3277 1441 3346 splendorem
1490 3291 1614 3334 esse
1648 3284 1705 3333 et
1743 3278 2033 3347 puritatem
2072 3278 2130 3333 in

561 3366 907 3435 dogmatibus
946 3368 1122 3423 sancti
1154 3366 1331 3423 Pauli.
1375 3368 1436 3424 In
1482 3369 1737 3439 paradiso
1762 3371 1907 3426 enim
1949 3370 2132 3425 initia-

559 3468 649 3514 tus
694 3460 747 3514 in
779 3475 1104 3515 arcanorum
1135 3460 1467 3532 cognitione,
1510 3468 1564 3516 et
1601 3460 1878 3518 Christum
1923 3462 2130 3518 habens

561 3552 617 3602 in
648 3563 707 3603 se
739 3548 1073 3618 loquentem,
1097 3563 1163 3604 ea
1203 3549 1526 3618 loquebatur
1551 3564 1672 3619 qua:
1702 3561 2131 3607 consentaneum

559 3645 645 3693 est
687 3652 814 3692 eum
863 3638 1014 3708 loqui
1049 3638 1145 3709 qui
1177 3640 1428 3696 eruditus
1479 3639 1582 3695 fuit
1622 3655 1652 3694 a
1699 3642 1796 3696 tali
1845 3642 2129 3713 magistro,

562 3744 759 3799 nempe
788 3729 894 3784 sub
920 3728 1099 3785 Verbo
1122 3729 1269 3787 duce
1289 3741 1344 3786 et
1367 3730 1615 3789 doctore.
1644 3732 1915 3799 Quoniam
1944 3743 2127 3790 autem

564 3816 694 3872 mali
728 3825 1123 3888 cauponatores
1160 3818 1550 3890 aggrediuntur
1573 3822 1817 3877 divinum
1846 3832 2131 3895 argentum

559 3906 774 3963 eﬁeere
808 3908 1128 3978 reprobum,
1169 3910 1429 3967 mistione
1467 3912 1850 3968 haereticorum
1890 3923 1944 3969 et
1979 3914 2135 3969 adul-

559 3998 859 4053 terinorum
885 4013 1147 4054 sensuum
1176 3999 1330 4055 verbi
1373 4001 1718 4071 splendorem
1754 4002 2130 4070 obscurantes,

2228 2841 2289 2878 τε
2314 2824 2409 2891 καὶ
2436 2822 2671 2894 καθαρὰ,
2710 2821 2893 2886 καθώς
2925 2838 3089 2893 φησιν
3123 2824 3152 2876 ὁ
3182 2822 3492 2893 Προφήτης,
3521 2822 3654 2876 ὅταν
3685 2824 3803 2877 καθ’

2228 2915 2520 2988 ὁμοιότητα
2550 2916 2647 2985 τῆς
2690 2914 2819 2989 scapi
2861 2913 2955 2967 τὸν
2989 2915 3226 2986 άργυρον
3258 2915 3315 2966 ὲν
3345 2913 3477 2985 πυρὶ
3507 2915 3807 2986 γινομένης

2228 3007 2580 3079 καθάρσεως,
2626 3006 2808 3077 πάσης
2864 3006 3143 3078 αἱρετικῆς
3193 3004 3511 3075 ὑπολήψεως
3566 3007 3801 3059 ἐκκεκα-

2231 3097 2500 3169 θαρμένος
2544 3098 2574 3151 ὁ
2617 3096 2765 3166 νοῦς,
2798 3096 2910 3150 τῶν
2948 3094 3145 3165 λογίων
3180 3097 3281 3168 τὴν
3315 3095 3520 3149 οἰκείαν
3558 3096 3659 3168 ἔχη
3710 3097 3803 3149 καὶ

2228 3188 2371 3242 κατὰ
2422 3186 2584 3256 φύσιν
2630 3188 2731 3258 τῆς
2780 3184 3035 3257 ἀληθείας
3083 3186 3279 3256 αὐγήν.
3330 3185 3442 3255 Πρὸ
3486 3184 3711 3238 πάντων
3747 3184 3802 3237 δὲ

2229 3274 2383 3349 οἶμαι
2426 3278 2535 3331 δεῖν
2578 3278 2691 3337 τοῖς
2736 3275 2834 3329 τοῦ
2872 3275 3028 3345 άγίου
3078 3274 3290 3346 Παύλου
3338 3274 3575 3344 δόγμασι
3622 3276 3801 3339 πᾶσαν

2230 3369 2669 3442 προσμαρτυρεῖν
2725 3359 3043 3437 λαμπηδόνα
3095 3366 3187 3419 καὶ
3236 3364 3629 3436 καθαριότητα,
3670 3365 3801 3418 διότι

2230 3462 2290 3514 ὲν
2317 3459 2397 3531 τῷ
2425 3458 2737 3531 παραδείσῳ
2773 3457 2999 3529 μυηθεὶς
3030 3456 3139 3510 τῶν
3171 3456 3495 3527 ἀπορρήτων
3526 3456 3627 3528 τὴν
3665 3457 3804 3524 γνῶ-

2231 3566 2337 3617 σιν,
2397 3550 2491 3603 καὶ
2545 3547 2807 3602 λαλοῦντα
2860 3548 2998 3618 ἔχων
3049 3548 3108 3599 ὲν
3168 3546 3344 3617 ἑαυτῷ
3403 3546 3495 3599 τὸν
3542 3548 3798 3617 Χριστὸν,

2229 3638 2451 3695 τοιαῦτα
2478 3639 2796 3710 ἐφθέγγετο,
2823 3638 2861 3693 ἃ
2892 3637 3038 3702 είκδς
3070 3637 3160 3692 τὸν
3179 3638 3243 3690 ὲκ
3271 3636 3511 3691 τοιούτου
3547 3637 3802 3692 διδασκάο

2230 3735 2325 3788 λου
2372 3731 2799 3802 πεπαιδευμένον
2847 3729 3195 3800 φθέγγεσθαι,
3229 3728 3335 3782 ὑπὸ
3356 3727 3696 3798 καθηγεμόνι
3741 3746 3803 3783 τε

2231 3827 2325 3879 καὶ
2351 3823 2655 3895 διδασκάλῳ
2681 3823 2761 3893 τῷ
2789 3822 2966 3893 Λόγῳ.
3009 3820 3224 3891 Ἐπειδὴ
3254 3820 3310 3873 δὲ
3355 3820 3404 3873 oi
3434 3820 3663 3891 πονηροὶ
3707 3821 3806 3874 κάο

2233 3915 2393 3986 πηλοι
2422 3914 2682 3985 ἀδόκιμον
2702 3911 3035 3984 ἐπιχειροῦσι
3061 3914 3232 3964 ποιεῖν
3258 3910 3320 3963 τὸ
3348 3912 3487 3964 θεῖον
3514 3910 3800 3981 ἀργύριον,

2230 4007 2298 4076 τῇ
2336 4003 2480 4075 μίξει
2514 4002 2621 4057 τῶν
2654 4000 2943 4073 αἱρετικεῖΝ
2984 4017 3043 4054 τε
3080 3999 3173 4053 καὶ
3204 3998 3469 4068 κιϐδήλων
3512 4000 3806 4069 νοημάτων

558 4099 617 4145 et
658 4090 890 4161 mystica
926 4089 1175 4160 Apostoli
1222 4104 1409 4158 sensa,
1451 4091 1537 4145 vel
1588 4106 1705 4146 non
1744 4090 2129 4162 intelligentes,

2230 4093 2600 4166 άμαυροῦντες
2646 4091 2739 4146 τοῦ
2789 4091 2969 4161 Λόγου
3022 4089 3122 4161 τὴν
3173 4087 3523 4158 λαμπηδόνα,
3578 4088 3676 4141 καὶ
3735 4090 3804 4141 τὰ

560 4182 644 4236 vel
695 4182 933 4251 maligne
983 4188 1364 4248 assumentes,
1409 4181 1480 4238 ad
1526 4181 1926 4239 defendendam
1972 4197 2129 4238 suam

561 4271 823 4325 malitiam
862 4273 1171 4338 attrahunt,
1206 4273 1453 4329 dicentes
1497 4272 1564 4327 ad
1613 4274 1966 4329 evertendam
1996 4274 2132 4330 Uni-

563 4362 732 4430 geniti
761 4361 989 4432 gloriam
1029 4363 1137 4418 sibi
1176 4362 1381 4418 dictum
1428 4363 1562 4418 illud
1596 4364 1853 4434 opitulari
1905 4371 2128 4435 aposto-

561 4452 751 4516 licum,
794 4450 941 4505 Tunc
978 4452 1288 4522 subjiciatur
1332 4451 1509 4508 Filius
1550 4455 1598 4508 ei
1627 4456 1718 4524 qui
1746 4455 1848 4509 sibi
1906 4456 2129 4524 subjecit

561 4542 760 4607 omnia,
794 4548 1055 4611 tanquam
1086 4558 1152 4598 ea
1176 4543 1343 4598 dictio
1378 4543 1629 4600 servilem
1661 4545 1914 4599 ostendat
1950 4545 2129 4599 humi-

561 4632 805 4686 litatem:
836 4646 899 4685 ea
936 4630 1007 4689 de
1039 4647 1209 4689 causa
1236 4634 1415 4689 visum
1460 4642 1546 4689 est
1589 4636 1958 4691 necessarium
2002 4634 2126 4688 dili-

561 4730 752 4791 genter
780 4723 1095 4778 examinare
1115 4726 1221 4778 hoc
1251 4723 1489 4789 dictum,
1523 4737 1584 4780 ut
1616 4726 1971 4782 ostendamus
1996 4740 2126 4780 vere

563 4827 757 4880 purum
791 4822 1076 4885 argentum
1117 4814 1501 4883 apostolicum,
1541 4816 1609 4871 ab
1640 4815 1789 4869 omni
1822 4814 2046 4870 sordido
2073 4822 2128 4869 et

563 4901 822 4957 barretico
847 4918 1013 4958 sensu
1056 4912 1365 4973 separatum
1386 4914 1441 4959 et
1471 4905 1693 4960 minime
1720 4905 1969 4959 mistum.
2008 4903 2127 4959 Sci-

557 5005 680 5045 mus
723 5004 855 5055 ergo
901 4992 959 5046 in
1010 5007 1113 5045 usu
1152 5002 1360 5048 sancta:
1406 4992 1704 5063 Scriptura:
1754 4994 1893 5048 hanc
1936 5009 2125 5049 vocem

556 5080 727 5135 multa
779 5080 979 5136 habere
1028 5082 1355 5154 signiﬁcata,
1417 5094 1472 5140 et
1517 5101 1627 5140 non
1675 5101 1891 5155 semper
1932 5085 2125 5140 iisdem

553 5186 855 5241 congruere
892 5172 1165 5238 sensibus,
1201 5176 1298 5230 sed
1335 5191 1484 5230 nunc
1522 5176 1742 5245 quidem
1774 5177 1877 5231 hoc
1907 5175 2124 5246 signiﬁ-

553 5278 700 5328 care,
736 5279 932 5319 rursus
956 5280 1087 5319 vero
1124 5265 1272 5319 aliud
1306 5266 1572 5333 indicare,
1609 5276 1689 5335 ut,
1714 5268 1890 5334 Servi,
1924 5267 2120 5338 inquit,

554 5352 671 5407 suis
722 5352 960 5408 dominis
991 5354 1101 5408 sint
1144 5354 1399 5425 subjecti.
1446 5355 1509 5410 Et
1547 5357 1614 5411 de
1658 5365 1856 5411 natura
1898 5364 2121 5427 experte

2233 4183 2578 4257 μυστηριώδη
2618 4181 2713 4237 τοῦ
2757 4181 3076 4235 ’Δποστόλου
3118 4180 3380 4250 νοήματα,
3412 4177 3449 4247 ἦ
3483 4177 3557 4248 μὴ
3590 4178 3805 4232 συνιέν-

2228 4293 2339 4342 τες,
2362 4274 2395 4346 ῆ
2426 4273 2743 4343 κακούργως
2772 4272 2909 4343 πρὸς
2935 4270 2997 4324 τὸ
3020 4269 3208 4325 δοκοῦν
3236 4269 3689 4339 ἐκλαμϐάνοντες,
3723 4270 3809 4331 εἰς

2231 4365 2558 4437 συνηγορίαν
2589 4363 2686 4433 τῆς
2714 4361 2908 4425 κακίας
2938 4359 3115 4414 αὐτῶν
3153 4358 3516 4430 ἐπισύρονται,
3546 4357 3803 4426 λέγοντες

2228 4456 2365 4527 πρὸς
2390 4454 2704 4525 καθαίρεσιν
2728 4452 2830 4523 τῆς
2858 4451 2955 4505 τοῦ
2986 4450 3303 4522 μονογενοῦς
3344 4450 3479 4503 Θεοῦ
3522 4449 3682 4518 δόξης
3710 4450 3809 4501 τὸν

2228 4544 2584 4600 ἀποστολικὸν
2633 4543 2815 4606 αὐτοῖς
2855 4540 3251 4612 συμϐάλλεσθαι
3295 4540 3470 4609 λόγον,
3507 4541 3566 4603 ὃς
3609 4555 3803 4608 φησιν,

2227 4637 2307 4689 ὅτι
2368 4635 2505 4689 Τότε
2550 4632 2990 4702 ὑποταγήσεται
3041 4634 3074 4686 ό
3121 4632 3249 4697 Υἱὸς
3302 4630 3380 4696 τῷ
3428 4629 3804 4693 ὑποτάξαι-τι

2227 4722 2387 4788 αὐτῷ
2418 4724 2492 4778 τὰ
2519 4722 2735 4788 πάντα,
2773 4722 2848 4785 ὡς
2874 4720 3124 4791 δουλικὴν
3158 4739 3279 4775 τινα
3307 4720 3667 4789 ταπεινότητα
3702 4720 3805 4788 τῆς

2226 4813 2474 4883 τοιαύτης
2500 4812 2693 4877 λέξεως
2724 4810 3125 4881 ὲμφαινούσηςο
3174 4809 3361 4863 τούτου
3413 4809 3572 4879 χάριν
3624 4809 3802 4873 ἀναγ-

2227 4908 2379 4959 καῖον
2420 4904 2592 4974 ἐφάνη
2633 4902 2699 4955 δι’
2724 4900 3041 4972 ἐπιμελείας
3066 4898 3312 4965 ἐξετάσαι
3330 4900 3421 4952 τὸν
3454 4898 3583 4969 περί⁵
3606 4898 3804 4950 τούτου

2225 4996 2407 5063 λόγον’
2456 4994 2596 5048 ὥστε
2626 4993 2794 5059 δεῖξαι
2836 4990 3075 5061 καθαρὸν
3111 4990 3323 5061 άληθῶς
3348 4989 3408 5041 τὸ
3439 4987 3805 5042 άποστολὶικδν

2224 5084 2505 5155 ἀργύριον,
2541 5081 2722 5152 πάσης
2770 5083 3019 5152 ρυπαρᾶς
3049 5096 3108 5133 τε
3138 5080 3233 5132 καὶ
3265 5077 3543 5149 αἱρετικῆς
3589 5076 3805 5137 ἐννοίας

2224 5173 2631 5245 κεχωρισμένον
2663 5172 2756 5225 καὶ
2783 5170 3158 5241 ἀνεπίμικτον.
3195 5170 3477 5237 Ἔγνωμεν
3522 5167 3711 5219 τοίνυν
3745 5167 3801 5216 ἐν

2224 5268 2289 5335 τῇ
2317 5264 2505 5334 χρήσει
2542 5252 2640 5333 τῆς
2683 5260 2841 5330 ἁγίας
2871 5260 3111 5332 Γραφῆς,
3140 5257 3452 5327 πολύσημον
3488 5250 3661 5308 οὖσαν
3705 5253 3803 5321 τὴν

2224 5356 2477 5426 τοιαύτην
2507 5354 2707 5425 φωνὴν,
2736 5354 2829 5405 καὶ
2852 5352 2915 5405 ού
2950 5354 3060 5415 τοῖς
3086 5351 3268 5413 αὐτοῖς
3304 5348 3391 5401 ἀεὶ
3410 5345 3801 5416 ἐφαρμοζομέ-

554 5443 809 5508 rationis,
841 5444 987 5514 quod
1018 5444 1227 5498 homini
1256 5446 1502 5514 subjecta
1528 5446 1599 5501 sit
1624 5462 1655 5500 a
1684 5446 1815 5511 Deo,
1849 5447 2120 5517 Propheta
2149 5454 2155 5493 ι

2228 5466 2321 5519 νην
2368 5450 2653 5518 νοήμασιν.
2704 5445 2840 5499 ἀλλὰ
2889 5444 2984 5499 νῦν
3036 5444 3133 5515 μὲν
3183 5442 3340 5496 τοῦτο
3398 5440 3802 5510 σημαίνουσαν,

555 5534 773 5605 inquit:
810 5533 1004 5590 Omnia
1050 5535 1320 5605 subjeciin
1359 5538 1455 5591 sub
1495 5536 1711 5607 pedibus
1764 5538 1877 5608 ejus
1902 5539 1943 5594 ³.
1988 5539 2120 5594 Item

2229 5539 2390 5594 πάλιν
2435 5538 2493 5592 δὲ
2544 5537 2605 5590 τὸ
2648 5535 2832 5607 ἕτερον
2866 5534 3306 5606 ὲνδεικνυμένην⁸
3337 5530 3471 5598 οἷον,
3506 5531 3571 5584 Ui
3601 5528 3799 5593 δοῦλοι,

544 5766 547 5770 .
632 5709 650 5741 ί
688 5707 712 5765 l
746 5710 873 5767 Cor.
908 5728 999 5779 xv,
1031 5710 1101 5768 28
1128 5727 1251 5785 sqq.
1328 5716 1348 5747 ²
1382 5713 1526 5772 Psal.
1564 5732 1640 5781 τι,
1669 5716 1722 5770 7.
1798 5716 1819 5749 ³
1860 5715 2006 5771 Psal.
2063 5730 2184 5784 vm,
2214 5716 2269 5771 8.
