4018 6544
435 408 574 463 1507

1899 409 1938 462 Α
1947 407 2122 463 PPEN
2131 407 2245 464 [ΠΧ
2256 451 2269 464 .

3538 410 3686 467 ῑδίιδ

434 536 492 582 ut
530 525 640 581 Deo
685 525 759 582 sit
808 524 1098 595 subjectio,
1146 531 1437 596 propterea
1471 522 1615 593 quod
1669 523 1800 578 hinc
1846 524 2002 578 nobis

2110 512 2410 593 τοῦ’ζυγοῦ
2469 541 2597 578 ποτε
2649 525 2900 594 γενέσθαι
2941 525 3042 598 τῆς
3087 525 3326 588 δουλείας
3375 526 3678 596 ἐλεύθερος.

433 620 700 674 bonorum
745 617 996 688 provenit
1042 617 1425 687 participatio;
1456 618 1512 671 in
1551 614 1878 670 immutabili
1911 630 2008 667 au-

433 722 540 764 tem
570 719 624 763 et
655 708 986 763 inalterabili
1033 718 1226 761 natura
1275 709 1453 762 locum
1491 723 1600 762 non
1633 706 1796 760 habet
1824 705 2008 774 subje-

435 800 562 862 ctio,
607 800 800 868 inqua
848 797 1235 851 consideratur
1269 812 1430 852 omne
1455 798 1661 851 bonum
1705 810 1902 850 nomen
1951 803 2007 850 et

435 888 812 957 intelligentia,
857 901 1051 954 nempe
1083 887 1384 952 aeternitas,
1435 885 1796 954 incorruptio,
1838 885 2008 939 beati-

434 979 588 1040 tudo,
634 991 850 1046 semper
879 977 1130 1030 similiter
1161 985 1214 1030 et
1259 977 1449 1032 eodem
1482 975 1645 1030 modo
1692 989 1752 1030 se
1783 974 2003 1040 habere,

434 1077 488 1123 et
535 1084 714 1137 neque
757 1069 976 1135 melius,
1013 1084 1192 1138 neque
1220 1069 1465 1124 deterius
1493 1082 1655 1137 posse
1696 1065 1834 1120 fieri.
1867 1065 2002 1119 Nam

435 1175 612 1228 neque
659 1160 715 1212 in
763 1159 908 1213 bono
953 1160 1194 1214 admittit
1233 1160 1628 1220 accessionem,
1673 1171 1851 1226 neque
1878 1171 2008 1226 pro-

435 1252 752 1321 pensionem
781 1251 850 1304 ad
882 1251 936 1304 id
963 1251 1111 1320 quod
1141 1258 1225 1305 est
1249 1250 1510 1314 deterius,
1559 1248 1636 1314 id,
1684 1261 1716 1301 a
1745 1262 1853 1317 quo
1881 1255 2006 1302 tan-

436 1359 598 1412 quam
651 1359 681 1396 a
727 1343 879 1397 fonte
927 1344 994 1396 ad
1041 1343 1182 1397 alios
1227 1349 1449 1397 emanat
1487 1339 1660 1404 salus,
1702 1354 1811 1393 non
1857 1354 1999 1410 opus

436 1433 602 1487 habet
623 1433 733 1488 alio
763 1433 908 1503 quod
940 1433 1042 1503 ipsi
1075 1433 1166 1487 det
1197 1434 1453 1488 salutem.

435 1525 726 1596 ἄφθαρτον,
778 1525 838 1577 τὸ
885 1525 1172 1594 μακάριον,
1215 1521 1279 1575 τὸ
1347 1522 1436 1576 ἀεὶ
1479 1521 1740 1583 ὡσαύτως
1790 1520 1932 1590 ἐχον,
1983 1519 2044 1572 τδ

2118 615 2252 668 Ἀλλ’
2283 617 2403 669 οὑδέ
2433 615 2571 668 κατὰ
2596 616 2687 671 τὸν
2715 618 2815 687 τῆς
2860 618 3132 688 σωτηρίας
3166 618 3365 671 σκοπὸν
3409 619 3550 672 εῐποι
3593 638 3683 685 τις

2105 705 2171 758 ἂν
2215 707 2306 758 τὸν
2342 708 2601 776 μονογενῆ
2645 707 2776 760 Θεδν
2800 707 2877 777 τῷ
2924 709 3098 779 Πατρὶ
3141 709 3569 775 ὑποτάσσεσθαι,
3602 711 3682 774 ὡς

2103 797 2192 849 διὰ
2234 797 2423 850 τούτου
2458 799 2578 852 καθ’
2610 799 2900 869 ὁμοιότητα
2944 800 3052 854 τῶν
3093 801 3393 873 ἀνθρώταυν
3435 803 3533 871 τὴν
3574 820 3687 854 σωο

2102 888 2295 960 τηρίαν
2325 889 2500 960 ἐαυτῷ
2537 891 2686 961 παρὰ
2714 890 2804 944 τοῦ
2836 890 2969 945 Θεοῦ
3003 892 3507 962 πραγματεύεσθαι.
3555 892 3683 947 Ἐπὶ

2110 979 2208 1050 μὲν
2233 980 2341 1051 γὰρ
2378 981 2475 1050 τῆς
2515 982 2754 1052 τρεπτῆς
2787 981 3001 1051 φύσεως
3029 983 3127 1053 τῆς
3163 984 3253 1037 διὰ
3300 985 3588 1056 μετουσίας
3624 985 3688 1035 ἐν

2105 1070 2184 1140 τῷ
2228 1070 2416 1141 ἀγαθῷ
2447 1073 2754 1142 γινομένης,
2781 1074 3052 1142 ἀναγκαία
3089 1075 3236 1128 ἐστὶν
3280 1078 3315 1145 ἠ
3367 1076 3505 1146 πρὸς
3546 1075 3692 1128 Θεὸν

2109 1161 2376 1233 ὑποταγὴ,
2422 1162 2510 1216 διὰ
2537 1163 2596 1215 τὸ
2634 1165 2840 1218 ἐκεῖθεν
2879 1165 3124 1232 γίνεσθαι
3157 1166 3264 1220 τῶν
3304 1167 3520 1235 ἀγαθῶν
3547 1169 3686 1236 ἡμῖν

2104 1253 2203 1322 τὴν
2231 1253 2548 1306 κοινωνίανο
2581 1255 2639 1307 ἐν
2678 1254 2734 1308 δέ
2778 1258 2843 1326 τῇ
2895 1257 3153 1328 ἀτρέπτῳ
3206 1259 3301 1311 καὶ
3340 1256 3684 1326 άναλλοιώτῳ

2105 1342 2330 1413 δυνάμει
2358 1345 2393 1414 ἡ
2440 1344 2686 1416 ὑποταγῇ
2715 1345 2901 1416 χώραν
2943 1348 3042 1400 οὑκ
3081 1348 3210 1419 ἔχει,
3237 1350 3295 1402 ἐν
3405 1351 3512 1402 πᾶν
3542 1349 3684 1415 ἁγα-

2103 1431 2195 1484 θδν
2240 1432 2411 1502 ὄνομά
2452 1449 2513 1485 τε
2556 1435 2652 1487 καὶ
2693 1435 2871 1506 νόημα
2922 1436 3224 1508 θεωρεῖται,
3270 1437 3330 1490 τὸ
3375 1438 3564 1500 ἀΐδιον,
3620 1434 3684 1486 τδ

2091 1489 2251 1593 ’μήτε
2301 1489 2575 1594 κρεῖττον,
2632 1489 3005 1597 μήτεηχεῖρον
3033 1489 3312 1595 ¹γενέσθαι
3362 1489 3686 1596 δυνάμενον.

436 1617 571 1670 Οὔτε
603 1617 711 1687 γὰρ
737 1615 1052 1685 προσθήκην
1080 1615 1136 1666 ἐν
1163 1611 1239 1680 τῷ
1273 1611 1462 1682 ἀγαθῷ
1509 1610 1849 1680 ἐπιδέχεται,
1875 1607 1996 1662 οὔτε
2032 1609 2132 1680 τὴν
2178 1611 2316 1682 πρὸς
2360 1611 2423 1664 τὸ
2470 1615 2652 1684 χεῖρον
2699 1612 2891 1684 ῥοπὴν,
2956 1615 2986 1668 δ
3056 1618 3167 1680 τοῖς
3209 1616 3386 1681 ἄλλοις
3437 1617 3681 1686 «mags;

432 1707 532 1778 τὴν
571 1707 862 1778 σωτηρίαν,
908 1705 1007 1757 οὑκ
1051 1703 1182 1756 αὑτὸ
1220 1701 1313 1756 τοῦ
1349 1701 1612 1764 σώζοντος
1642 1699 1836 1763 ἐνδεῶς
1867 1698 2000 1769 ἔχει.

505 1796 786 1863 Quodnam
813 1810 942 1866 ergo
972 1795 1096 1864 jure
1128 1793 1315 1849 dicent
1353 1793 1402 1848 ei
1452 1802 1765 1863 competere
1813 1805 2004 1847 eorum

433 1902 557 1952 quae
614 1887 833 1955 proprie
884 1885 1146 1939 dicuntur
1200 1883 1501 1954 signiﬁcari
1549 1897 1579 1936 a
1627 1879 2007 1950 subiectione?

432 1976 716 2032 Inventum
755 1982 838 2029 est
865 1973 1012 2029 enim
1041 1989 1105 2028 ea
1132 1987 1254 2042 qua:
1289 1980 1417 2028 sunt
1445 1973 1776 2032 examinata,
1810 1969 2004 2040 procul

435 2065 630 2120 abesse
658 2074 717 2118 ut
763 2062 982 2132 proprie
1021 2062 1400 2130 intelligantur
1427 2068 1481 2114 et
1505 2059 1762 2114 dicantur
1791 2059 1856 2112 de
1898 2056 2007 2111 Deo

436 2153 736 2222 unigenito.
771 2149 926 2217 Quod
960 2151 1006 2204 si
1037 2151 1200 2205 etiam
1249 2148 1560 2204 addendum
1614 2154 1702 2204 est
1743 2146 1880 2202 illud
1914 2161 2008 2216 ge-

435 2261 544 2300 nus
597 2241 980 2312 subjectionis,
1020 2242 1168 2311 quod
1219 2239 1354 2295 dicit
1405 2239 1757 2310 Evangelium
1805 2252 2007 2292 secun-

435 2336 566 2390 dum
590 2333 794 2389 Lucam
817 2334 860 2400 ⁷,
888 2346 1084 2402 nempe
1109 2333 1256 2401 quod
1293 2330 1583 2400 subjectus
1614 2329 1782 2385 fuerit
1806 2344 2006 2400 paren-

434 2428 585 2482 tibus
615 2427 682 2480 ad
711 2424 1095 2480 duodecimum
1118 2439 1322 2478 annum
1356 2437 1684 2494 progressus
1718 2421 2004 2486 Dominus,

435 2534 504 2572 ne
558 2518 692 2571 iilud
729 2516 950 2585 quidem
989 2517 1306 2570 convenerit
1346 2513 1458 2568 Deo
1501 2529 1654 2580 vero,
1701 2521 1757 2566 et
1793 2512 1889 2582 qui
1923 2519 2008 2567 est

435 2619 564 2663 ante
592 2607 787 2663 saecula
845 2617 906 2661 ut
939 2619 1068 2660 vero
1098 2620 1199 2660 suo
1237 2605 1379 2674 patri
1423 2604 1640 2658 dicatur
1668 2619 1792 2659 esse
1822 2602 2009 2672 subje—

435 2709 580 2755 ctus.
618 2697 750 2750 Nam
787 2697 898 2752 illic
926 2696 1146 2766 quidem
1178 2697 1271 2766 qui
1298 2703 1540 2750 tentatus
1571 2697 1672 2750 fuit
1700 2712 1796 2766 per
1825 2697 2006 2751 omnia

435 2791 504 2844 ad
539 2788 953 2845 similitudinem
988 2794 1229 2841 nostram
1271 2786 1481 2856 absque
1526 2797 1750 2855 peccato
1772 2786 1814 2850 ⁸,
1838 2787 2008 2840 voluit

433 2881 596 2935 etiam
650 2878 944 2948 procedere
995 2891 1092 2946 per
1158 2881 1350 2930 aetates
1404 2885 1605 2930 nosne:
1658 2885 1882 2931 naturae.
1944 2875 2010 2930 Et

433 2967 713 3040 quomodo
749 2983 874 3022 cum
907 2974 1057 3022 esset
1109 2965 1294 3021 infans
1324 2965 1632 3021 infantilem
1676 2967 1892 3036 accepit
1929 2968 2010 3021 ci—

2179 1790 2338 1842 Ποῖον
2378 1789 2554 1843 τοίνυν
2581 1789 2817 1859 εὐλόγως
2847 1792 3108 1862 φήσουσιν
3154 1795 3244 1846 ἐπ’
3284 1795 3447 1850 αὑτοῦ
3473 1798 3687 1869 κυρίως

2105 1881 2244 1934 νοεῖν
2270 1879 2332 1932 τὸ
2363 1880 2461 1949 τῆς
2507 1881 2784 1952 ὑποταγῆς
2830 1884 3257 1953 σημαινόμενονς
3305 1887 3520 1960 Ηὺρέθη
3568 1891 3682 1960 γὰρ

2105 1970 2174 2023 τὰ
2202 1970 2544 2042 ἐξητασμένα
2573 1971 2748 2025 πάντα
2794 1974 3008 2045 μακρὰν
3044 1975 3314 2045 ἀπέχοντα
3339 1979 3433 2032 τοῦ
3474 1981 3694 2052 κυρίως

2105 2060 2201 2113 ἐπὶ
2233 2059 2328 2114 τοῦ
2365 2062 2685 2132 μονογενοῦς
2727 2062 2861 2116 Θεοῦ
2890 2065 2984 2117 καὶ
3012 2065 3246 2120 νοεῖσθαι
3275 2068 3368 2120 καὶ
3403 2069 3684 2138 λέγεσθαι.

2105 2151 2170 2204 El.
2205 2151 2261 2204 δέ
2284 2152 2391 2222 χρὴ
2417 2152 2636 2206 κάκεῖνο
2655 2153 2716 2206 τὸ
2738 2153 2840 2223 τῆς
2869 2155 3146 2226 ὑποταγῆς
3177 2153 3315 2222 εἶδος
3340 2162 3684 2229 προσθεῖναι,

2106 2242 2136 2295 ὃ
2179 2259 2311 2312 φησι
2355 2243 2416 2296 τὸ
2458 2242 2602 2296 κατὰ
2641 2245 2854 2299 Λουκᾶν
2881 2245 3234 2315 Εὑαγγέλιον,
3273 2250 3352 2304 ὅτι
3375 2247 3495 2306 Ἦν
3529 2256 3689 2308 ὑπο-ι

2111 2331 2493 2400 τασσόμενος
2518 2331 2645 2398 τοῖς
2673 2333 2955 2403 γονεῦσιν
2979 2339 3069 2402 εις
3095 2336 3428 2395 δωδέκατον
3462 2348 3686 2410 xposi-

2109 2419 2229 2474 θὼν
2270 2420 2406 2486 ἔτος
2449 2424 2484 2475 ό
2525 2423 2760 2490 Κύριος,
2797 2425 2916 2478 οὑδὲ
2963 2426 3140 2480 ἐκεῖνο
3193 2419 3420 2500 ἁρμόζοι
3462 2432 3532 2486 ἂν
3587 2435 3688 2487 ἐπὶ

2108 2509 2202 2563 τοῦ
2233 2511 2560 2582 προαιωνὶου
2606 2529 2666 2564 τε
2709 2513 2804 2566 καὶ
2835 2513 3086 2584 ἀληθινοῦ
3137 2518 3272 2588 πρὸς
3298 2519 3389 2574 τὸν
3428 2521 3692 2593 ἀληθινὸν

2109 2602 2303 2654 ἐαυτοῦ
2334 2603 2545 2675 πατέρα
2573 2603 2842 2672 λέγεσθαι.
2897 2607 3046 2659 Ἐκεῖ
3073 2608 3169 2678 μὲν
3203 2609 3312 2680 γὰρ
3341 2613 3369 2664 δ
3417 2629 3690 2684 πεπειρα-

2112 2697 2272 2765 μένος
2299 2695 2440 2749 κατὰ
2486 2696 2664 2750 πάντα
2703 2696 2822 2750 καθ’
2868 2697 3159 2768 ὁμοιότητα
3205 2701 3370 2770 χωρῖς
3407 2702 3687 2772 ἁμαρτίας

2110 2784 2328 2850 ἐδέξατο
2408 2785 2503 2838 καὶ
2576 2785 2666 2838 διὰ
2738 2784 2847 2839 τῶν
2925 2785 3149 2856 ἡλικιῶν
3224 2788 3504 2858 προελθεῖν
3582 2791 3686 2860 τῆς

2110 2876 2323 2945 φύσεως
2366 2875 2542 2947 ἡμῶν.
2593 2877 2702 2930 Καὶ
2753 2875 2941 2947 ὥσπερ
2983 2877 3188 2930 παιδίον
3234 2879 3540 2950 γενόμενος,
3581 2883 3693 2952 τὴν

2112 2965 2374 3038 βρεφικην
2425 2965 2629 3038 τροφὴν
2678 2965 3023 3036 προσήκατο,
3081 2967 3337 3040 βούτυρον
3394 2971 3488 3024 καὶ⁸
3559 2972 3684 3042 μέλι

438 3061 591 3126 bum,
635 3061 895 3131 butyrum
933 3066 988 3113 et
1039 3059 1143 3113 mel
1185 3057 1526 3124 comedens;
1561 3058 1634 3112 ita
1665 3059 1830 3114 etiam
1882 3073 2004 3113 cum

2111 3058 2327 3129 φαγώνο
2387 3057 2528 3112 οὑτω
2585 3057 2677 3113 καὶ
2746 3060 2828 3122 εἰς
2900 3059 3181 3132 μειράκιον
3238 3061 3550 3132 προελθὼν,
3621 3065 3684 3118 τδ

437 3152 800 3224 processisset
854 3149 922 3205 ad
966 3148 1412 3214 adolescentiam,
1457 3165 1569 3204 non
1623 3150 1894 3206 recusavit
1950 3148 2006 3203 id

440 3242 588 3313 quod
637 3243 764 3296 huic
814 3241 963 3296 aetati
1019 3247 1138 3294 erat
1181 3254 1491 3309 congruens
1537 3255 1600 3295 ac
1650 3240 2002 3303 conveniens,

437 3332 656 3388 futurus
681 3331 882 3386 saeculo
904 3329 1214 3398 exemplum
1238 3328 1538 3385 modestiae.
1564 3327 1830 3394 Quoniam
1859 3329 2005 3384 enim

437 3425 493 3478 in
523 3423 648 3478 aliis
694 3419 1008 3476 hominibus
1037 3418 1352 3486 imperfecta
1388 3429 1472 3474 est
1493 3420 1549 3473 in
1578 3420 1663 3475 bis
1704 3419 2008 3489 intelligen-

435 3517 534 3581 tia,
563 3525 618 3570 et
648 3528 789 3586 opus
813 3521 934 3569 erat
954 3510 1223 3580 iuventuti
1265 3519 1323 3566 ut
1346 3511 1703 3568 deduceretur
1747 3527 1842 3582 per
1879 3527 2006 3582 per-

437 3607 663 3662 fectiora
691 3604 761 3658 ad
792 3603 846 3658 id
875 3602 1021 3673 quod
1051 3609 1135 3659 est
1156 3602 1386 3669 melius;
1414 3611 1700 3672 propterea
1730 3603 1822 3674 qui
1846 3610 2008 3660 natus

436 3705 552 3754 erat
578 3695 868 3752 duodecim
901 3707 1096 3760 annos,
1150 3693 1311 3749 matri
1370 3692 1685 3763 subjicitur,
1719 3703 1779 3748 ut
1821 3701 2008 3750 osten-

437 3789 592 3844 deret
653 3787 800 3857 quod
865 3784 922 3840 id
978 3784 1124 3856 quod
1180 3799 1279 3855 per
1349 3783 1652 3854 profectum
1705 3787 2005 3856 perflcitur,

437 3880 755 3950 priusquam
801 3876 984 3934 veniat
1025 3877 1094 3934 ad
1141 3876 1554 3948 perfectionem,
1594 3886 1742 3933 recte
1775 3878 2008 3949 suscipit

440 3971 858 4042 subiectionem,
898 3975 960 4025 ut
998 3984 1119 4041 qua:
1149 3969 1218 4026 ad
1253 3970 1456 4026 bonum
1495 3969 1749 4026 deducat.
1779 3971 1882 4036 Qui
1922 3978 2009 4026 est

440 4072 619 4117 autem
648 4077 863 4132 semper
892 4059 1169 4132 perfectus
1204 4059 1262 4116 in
1300 4059 1447 4115 omni
1478 4060 1643 4125 bono,
1673 4076 1851 4131 neque
1882 4075 2008 4130 pro-

441 4151 641 4208 fectum
671 4167 848 4222 neque
879 4150 1296 4206 diminutionem
1325 4165 1390 4204 ex
1411 4165 1470 4206 se
1499 4158 1676 4219 potest
1707 4150 2006 4221 suscipere,

440 4251 722 4314 propterea
749 4241 894 4312 quod
913 4257 1020 4296 non
1057 4241 1130 4298 sit
1154 4240 1408 4312 indigens
1437 4242 1557 4311 ejus
1588 4252 1804 4310 natura,
1832 4257 2010 4312 neque

441 4334 616 4404 possit
651 4334 844 4398 minui,
879 4347 1109 4388 curnam
1149 4333 1491 4402 subjiciatur,
1525 4349 1633 4388 non
1678 4342 1899 4402 possent
1926 4334 2008 4389 di-

2106 3148 2440 3220 κατάλληλόν
2484 3165 2546 3202 τε
2591 3149 2683 3202 καὶ
2741 3149 2948 3220 πρέπον
3003 3153 3068 3222 τῇ
3121 3150 3343 3225 τοιαύτῃ
3389 3153 3575 3224 ἡλικίᾳ
3619 3155 3684 3208 οὑ

2107 3241 2500 3312 παρῃτήσατο,
2551 3237 2720 3303 τύπος
2770 3239 3026 3306 εὐταξίας
3083 3241 3162 3311 τῷ
3221 3242 3320 3313 βίῳ
3377 3243 3680 3314 γινόμενος.

2119 3329 2336 3402 Ἐπειδὴ
2383 3329 2492 3400 γὰρ
2540 3330 2632 3382 ἐπὶ
2673 3330 2780 3384 τῶν
2821 3329 2996 3385 ἄλλων
3045 3331 3342 3402 ἀνθρώπων
3389 3334 3585 3404 ἀτελὴς
3623 3335 3685 3386 ἐν

2105 3425 2218 3488 τοῖς
2249 3421 2506 3486 τοιούτοις
2534 3422 2682 3475 ἐστὶν
2725 3424 2759 3494 ὴ
2802 3421 3027 3488 διάνοια,
3055 3424 3145 3477 καὶ
3184 3424 3339 3496 χρεία
3367 3427 3432 3496 τῇ
3469 3425 3688 3497 νεότητι

2105 3513 2193 3569 διὰ
2222 3513 2328 3568 τῶν
2357 3511 2705 3584 τελειοτέρων
2737 3513 2835 3584 τῆς
2863 3514 2999 3586 πρὸς
3024 3514 3086 3568 τδ
3115 3519 3358 3586 κρεῖττον
3393 3516 3686 3587 γινομένης

2107 3604 2506 3679 χειραγωγίαςο
2537 3603 2726 3658 τούτου
2757 3605 2916 3677 χάριν
2958 3607 2988 3660 ὀ
3036 3605 3372 3678 δωδεκαέτης
3411 3610 3477 3678 τῇ
3513 3610 3684 3680 μητρὶ

2107 3695 2489 3759 ὑποτάσσεται,
2521 3694 2607 3748 ἵνα
2643 3694 2790 3766 δείξῃ
2822 3695 2902 3750 ὅτι
2940 3697 3002 3749 τὸ
3029 3694 3117 3749 διὰ
3142 3696 3424 3768 προκοπῆς
3450 3697 3685 3751 τελειούο

2110 3801 2269 3856 μενον
2307 3785 2436 3853 πρὶν
2475 3786 2554 3848 εἰς
2595 3785 2658 3838 τὸ
2697 3785 2902 3839 τέλειον
2927 3785 3150 3855 φθάσαι,
3199 3785 3377 3851 καλῶς
3412 3787 3511 3856 τὴν
3550 3788 3682 3841 om.

2105 3878 2300 3948 ταγὴν,
2327 3876 2401 3942 ὠς
2429 3877 2766 3948 χειραγωγὸν
2797 3877 2936 3949 πρὸς
2960 3877 3021 3930 τὸ
3056 3876 3277 3947 ἀγαθὸν,
3308 3878 3678 3949 καταδέχεται.

2119 3969 2177 4024 '0
2207 3969 2264 4023 δὲ
2295 3969 2383 4024 ἀεὶ
2409 3968 2612 4032 τέλειος
2660 3970 2719 4022 ἐν
2756 3968 2917 4022 παντὶ
2937 3967 3158 4038 ςάγαθῷ,
3197 3969 3290 4023 καὶ
3321 3970 3458 4038 μήτε
3493 3987 3683 4040 προκο-

2107 4058 2216 4131 πὴν
2257 4061 2392 4130 μήτε
2425 4059 2647 4130 μείωσιν
2684 4059 2980 4130 δυνάμενος
3025 4059 3112 4127 ἐφ’
3147 4058 3341 4112 ἑαυτοῦ
3388 4059 3683 4124 καταδέξαο

2110 4149 2255 4216 σθαι,
2285 4149 2373 4202 διὰ
2394 4147 2454 4201 τὸ
2474 4147 2771 4220 ἀπροσδεὲς
2806 4147 2906 4219 τῆς
2930 4146 3142 4217 φύσεως
3167 4146 3329 4200 αὑτοῦ
3372 4148 3466 4200 καὶ⁵
3489 4148 3684 4218 ausa».

2107 4257 2221 4305 τον,
2243 4241 2382 4312 ὑπὲρ
2411 4239 2554 4304 τινος
2583 4240 2960 4306 ὑποτάσσεται,
2999 4241 3098 4293 οὑκ
3132 4240 3201 4311 ἂν
3235 4241 3408 4292 εἰπεῖν
3436 4238 3605 4310 ἔχοιεν
3630 4242 3682 4292 οῖ

2109 4334 2289 4388 πάντα
2321 4333 2568 4401 λέγοντες
2596 4331 3026 4402 ἀπερισκέπτως.
3058 4331 3181 4384 Ὀτι
3218 4329 3325 4402 γὰρ
3365 4330 3453 4383 διὰ
3485 4330 3683 4400 σαρκὸς

441 4439 564 4480 cere
591 4422 683 4493 qui
715 4422 897 4476 omnia
929 4422 1118 4476 dicunt
1145 4421 1566 4476 inconsiderate.
1602 4420 1736 4474 Nam
1767 4421 1911 4490 quod
1943 4437 2009 4477 eo

2113 4428 2180 4495 τῇ
2215 4422 2527 4495 ἀνθρωπίνῃ
2570 4421 3133 4493 συναναστρεφόμενος
3163 4419 3338 4490 φύσει,
3372 4423 3430 4474 ἐν
3461 4423 3527 4490 τῇ
3560 4437 3684 4474 παι-

441 4523 707 4584 tempore,
737 4526 847 4582 quo
871 4512 926 4566 in
953 4527 1116 4567 carne
1141 4526 1264 4568 cum
1306 4511 1544 4565 humana
1577 4512 1897 4566 versabatur
1917 4527 2009 4566 na-

440 4615 584 4669 tura,
606 4603 661 4658 in
689 4610 848 4658 atate
877 4601 1068 4672 puerili
1105 4616 1204 4671 per
1223 4615 1288 4660 ea
1316 4615 1438 4670 quae
1459 4599 1678 4670 agebat,
1710 4602 1864 4671 quasi
1892 4602 2010 4672 lege

437 4693 708 4766 juventuti
747 4693 1113 4749 obedientiam
1155 4691 1458 4758 sanciebat,
1488 4691 1615 4746 hinc
1657 4700 1826 4762 patet,
1860 4695 2008 4762 quod

441 4787 508 4841 ad
559 4783 858 4856 perfectam
903 4790 1118 4840 aetatem
1165 4797 1522 4853 progressus,
1584 4782 1698 4852 jam
1743 4799 1850 4839 non
1891 4798 2008 4838 am-

440 4878 586 4948 plius
614 4890 646 4930 a
679 4875 871 4931 matris
897 4881 1164 4944 potestate
1201 4873 1491 4944 pendebat.
1530 4874 1625 4928 Illa
1658 4875 1804 4929 enim
1830 4877 2008 4946 ipsum

441 4967 697 5024 hortante
737 4967 792 5023 in
829 4964 975 5020 Cana
1006 4961 1238 5017 Galilaeze
1275 4971 1336 5016 ut
1372 4978 1524 5018 suam
1566 4964 1878 5020 ostenderet
1910 4977 2010 5034 po-’

441 5059 672 5116 tentiam
703 5057 760 5112 in
795 5055 1022 5125 nuptiali
1055 5055 1238 5126 epulo,
1271 5063 1326 5112 et
1361 5071 1520 5112 usum
1560 5055 1674 5110 vini
1710 5055 2007 5127 largiretur

440 5151 714 5215 convivio,
762 5148 1048 5220 egentibus
1094 5147 1312 5218 quidem
1351 5161 1460 5202 non
1503 5147 1777 5202 recusavit
1803 5145 2012 5218 gratifi-

440 5245 590 5309 cari;
619 5251 926 5296 maternum
954 5247 1134 5295 autem
1173 5239 1486 5303 consilium,
1519 5247 1579 5292 ut
1606 5239 1753 5308 quod
1785 5237 2013 5295 minime

443 5332 497 5387 in
536 5341 780 5403 tempore
807 5331 1182 5396 adhiberetur,
1211 5331 1423 5400 rejecit,
1459 5331 1669 5396 dicens,
1711 5329 1853 5396 Quid
1885 5331 2014 5385 mihi

441 5432 493 5478 et
529 5424 644 5488 tibi,
687 5423 878 5477 mulier
904 5425 968 5477 ’ἲ
993 5422 1248 5492 Nunquid
1284 5422 1448 5477 etiam
1495 5421 1638 5476 hanc
1670 5437 1847 5478 meam
1881 5429 2012 5477 aeta-

443 5521 553 5569 tem
589 5527 778 5584 regere
814 5513 933 5569 vis?
964 5529 1035 5568 an
1071 5512 1315 5570 nondum
1357 5527 1478 5568 mea
1512 5513 1660 5570 venit
1702 5513 1859 5580 hora,
1889 5528 2012 5582 qua:

445 5604 650 5674 praebet
689 5605 836 5660 aetati
873 5613 935 5660 ut
965 5603 1194 5676 imperet
1229 5612 1286 5660 et
1330 5605 1402 5663 sit
1445 5604 1529 5661 sui
1560 5604 1742 5674 juris?
1785 5602 1842 5658 Si
1876 5619 2006 5674 ergo

519 5779 544 5818 '
591 5781 727 5840 Luc.
767 5771 830 5856 ιι,
864 5786 954 5842 51.
1027 5785 1050 5819 ³
1089 5784 1254 5843 Hebr.
1315 5803 1388 5852 iv,
1445 5787 1532 5842 15.
1641 5786 1663 5818 ’
1701 5783 1858 5842 Joan.
1898 5803 1959 5855 ιι,
2000 5787 2055 5844 4.

2112 4515 2236 4585 ama
2268 4513 2453 4584 ἡλικίᾳ
2493 4511 2818 4581 ἐνομοθέτει,
2849 4511 2917 4564 δι’
2948 4503 3023 4564 ὧν
3056 4510 3244 4575 ἐποίει,
3277 4509 3377 4581 τὴν
3409 4510 3684 4578 ὑποταγὴν

2113 4609 2180 4677 τῇ
2210 4605 2441 4675 νεότητι,
2469 4603 2626 4673 δῆλόν
2670 4604 2816 4655 ἐστιν
2858 4603 2923 4655 ἐκ
2951 4601 3046 4654 τοῦ
3095 4601 3230 4672 πρὸς
3263 4601 3323 4654 τδ
3358 4600 3559 4654 τέλειον
3589 4603 3686 4670 τῆς

2114 4697 2326 4769 ἡλικίας
2358 4695 2517 4748 αὑτὸν
2563 4693 2889 4765 προελθόντα
2929 4692 3125 4763 μηκέτι
3163 4692 3298 4763 πρὸς
3331 4693 3428 4765 τὴν
3457 4695 3555 4764 τῆς
3584 4709 3685 4762 μη-

2115 4788 2242 4859 τρὸς
2291 4787 2536 4852 ἐξουσίαν
2587 4785 2820 4855 βλέπειν.
2874 4783 3326 4856 Προτρεπομένης
3375 4784 3484 4854 γὰρ
3528 4783 3684 4836 αὑτὸν

2116 4879 2330 4949 ἐκείνης
2367 4879 2425 4932 ἐν
2454 4878 2609 4947 Κανᾷ
2651 4877 2749 4947 τῆς
2790 4875 3076 4938 Γαλιλαίας
3102 4874 3271 4939 δεῖξαι
3314 4875 3414 4944 τὴν
3439 4873 3684 4943 δύναμιν,

2117 4973 2176 5024 ἐν
2194 4969 2271 5040 τῷ
2291 4969 2529 5023 λείποντι
2557 4970 2623 5039 τῇ
2653 4966 2943 5038 πανδαισίᾳ
2969 4966 3077 5019 τῶν
3101 4967 3313 5036 γάμων,
3345 4965 3440 5018 καὶ
3470 4965 3567 5036 τὴν
3592 4964 3687 5017 τοῦ

2117 5061 2261 5114 οῖνου
2306 5060 2494 5132 χρείαν
2530 5061 2596 5130 τῇ
2642 5059 2844 5128 εὐωχίᾳ⁸
2890 5055 3236 5129 χαρίσασθαι,
3272 5054 3370 5126 τὴν
3409 5055 3508 5125 μὲν
3534 5055 3686 5124 χάριν

2117 5154 2228 5216 τοῖς
2253 5151 2524 5222 δεομένοις
2545 5148 2846 5222 παρασχεῖν
2879 5149 2980 5200 οὑκ
3013 5147 3316 5217 ἠρνήσατο,
3350 5143 3451 5215 τὴν
3485 5143 3542 5197 δέ
3587 5161 3684 5214 μη-

2114 5245 2294 5316 τρῴαν
2323 5240 2648 5312 συμϐουλὴν,
2675 5241 2750 5303 ὡς
2772 5238 2952 5292 οὑκέτι
2979 5239 3117 5293 κατὰ
3140 5236 3327 5308 καιρὸν
3353 5232 3504 5305 αὑτῷ
3530 5249 3683 5304 προσ⁸

2115 5333 2386 5404 αγομένην
2430 5331 2819 5402 ἀπεποιήσατο,
2874 5327 3072 5381 εἰπών·
3127 5327 3188 5381 Τί
3237 5323 3369 5393 ἐμοὶ
3419 5319 3519 5380 καὶ
3566 5321 3686 5383 σοι.

2111 5425 2320 5492 quirat;
2351 5423 2442 5493 Μὴ
2470 5421 2566 5475 καὶ
2619 5421 2823 5491 ταύτης
2856 5435 2959 5491 μου
2985 5417 3086 5488 τῆς
3115 5416 3327 5486 ἡλικίας
3365 5415 3670 5468 ἐπιστατεῖν

2111 5515 2312 5579 ἐθέλεις
2334 5533 2348 5583 ;
2380 5513 2544 5570 Οὑπω
2564 5514 2689 5585 ἥκει
2721 5529 2820 5584 μου
2845 5515 2880 5583 ή
2905 5511 3026 5583 ὥρα
3047 5511 3081 5581 ἡ
3108 5509 3168 5562 τὸ
3190 5507 3521 5579 αὐτοκρατὲς
3548 5521 3683 5574 παρα

2112 5607 2340 5680 εχομένη
2378 5607 2444 5679 τῇ
2466 5605 2654 5678 ἡλικίᾳ
2687 5604 2782 5659 καὶ
2812 5603 3188 5669 αὑτεΕούσιον;
3218 5600 3281 5655 Et
3301 5595 3395 5655 οὖν
3421 5600 3480 5653 ἐν
3501 5599 3566 5669 τῇ
3595 5592 3680 5649 διὰ
