3888 6524
174 377 306 434 ιεοθ

760 375 826 432 ΙΝ
859 376 1090 439 ILLUD.
1132 376 1319 435 TUNC
1360 375 1510 434 IPSE
1540 375 1771 436 FILIUS
1812 375 2283 448 SUBJICIETUR,
2324 378 2502 447 ETC.,
2543 378 2824 440 ORATIO.

3275 387 3416 444 1510

167 494 368 563 σαρκὸς
394 491 504 562 ζωῇ
525 491 600 574 τὸ
644 490 882 561 καθῆκον
905 492 1002 562 τῆς
1042 491 1256 562 ἡλικίας
1295 493 1488 566 μέτρον
1515 495 1614 566 τὴν
1641 495 1740 565 τῆς

1865 511 1897 548 n
1925 496 2033 550 vita
2061 513 2182 567 quae
2205 505 2288 552 est
2320 497 2376 551 in
2409 512 2596 561 carne,
2618 499 2801 569 justus
2823 507 2877 556 et
2906 514 3221 574 competens
3240 512 3417 561 aetatis

165 583 571 654 γεννησαμένης
636 583 912 653 ὑποταγὴν
972 583 1320 636 ἀποσείεται’
1376 585 1496 638 τίνα
1563 586 1745 657 χώραν

101 676 115 701 ’
167 673 275 744 ἔχει
309 673 552 742 ὑποταγὴ
603 675 661 726 ὲν
697 675 762 744 τῇ
808 672 902 726 τοῦ
939 673 1285 738 δεσπόζοντος
1325 676 1454 730 *ἐν
1490 678 1560 745 τῇ
1585 677 1746 728 δυναμ-

168 767 318 837 στείᾳ
350 766 514 820 αὑτοῦ
544 765 636 818 τοῦ
667 766 880 830 αἰῶνος,
911 767 1009 819 οὑκ
1027 767 1091 820 ἄν
1123 785 1207 830 τις
1229 771 1400 822 εἰπεῖν
1422 768 1550 839 ἔχοι.
1587 770 1744 823 ’ῐδιον

166 859 274 930 γὰρ
311 859 411 928 τῆς
444 859 592 922 θείας
628 858 722 911 καὶ
763 858 1035 929 μακαρίας
1075 859 1191 912 ἐστὶ
1217 860 1384 930 ζωῆς,
1418 861 1478 914 τὸ
1519 860 1748 915 πάντοτε

167 952 224 1003 ὲν
255 950 332 1020 τῷ
370 949 516 1019 αὑτῷ
543 950 833 1020 διαμένειν,
865 950 958 1003 καὶ
997 948 1096 1020 τὴν
1128 949 1188 1015 ἐξ
1219 949 1553 1014 ἀλλοιώσεως
1583 969 1748 1022 μετα-

167 1042 326 1114 ὁολὴν
355 1043 428 1114 μὴ
458 1042 792 1114 προσίεσθαι.
831 1041 985 1094 Ἐπεὶ
1008 1037 1101 1096 οὖν
1141 1044 1170 1095 6
1203 1043 1259 1095 έν
1297 1044 1437 1114 ἀρχῇ
1474 1043 1549 1096 ὢν
1579 1045 1747 1113 Λόγος

166 1136 195 1188 6
222 1135 514 1205 μονογενὴς
546 1134 678 1198 Θεὸς
721 1134 998 1205 ἀλλότριός
1035 1135 1149 1187 ἐστι
1199 1119 1526 1205 παρακοπῆς
1569 1135 1747 1207 πάσης

166 1226 259 1280 καὶ
293 1224 648 1288 ἀλλοιώσεως,
681 1223 799 1289 πῶς
836 1225 864 1278 ὃ
894 1225 988 1278 νῦν
1019 1226 1118 1278 οὑκ
1157 1225 1270 1278 ἔστι
1301 1225 1437 1295 μετά
1469 1225 1638 1280 ταῦτα
1665 1226 1750 1294 γί-

166 1333 313 1368 νεται
339 1333 355 1383 ;
389 1317 463 1368 υὺ
490 1317 596 1386 γὰρ
624 1315 700 1378 ὡς
728 1317 814 1370 ἀεὶ
851 1307 1285 1386 ὑποτεταγμένου
1310 1315 1404 1368 τοῦ
1432 1316 1563 1370 Υἱοῦ
1587 1333 1749 1388 φησιν

165 1407 195 1458 ό
236 1405 576 1468 Ἀπόστολος,
609 1406 722 1459 ἀλλ’
752 1406 828 1469 ὡς
856 1406 991 1475 πρὸς
1021 1406 1096 1476 τῷ
1114 1407 1257 1461 τέλει
1293 1407 1394 1477 τῆς
1422 1407 1516 1462 τοῦ
1551 1409 1750 1472 παντὸς

169 1497 612 1568 συμπληρώσεως
663 1497 946 1567 μέλλοντος
995 1499 1424 1553 ὑποτάσσεσθαι·
1477 1499 1649 1553 καίτοι
1701 1502 1750 1554 ει

168 1588 330 1642 καλὸν
379 1590 412 1658 ἠ
462 1589 726 1658 ὑποταγὴ,
778 1589 870 1642 καὶ
909 1589 1056 1653 ἀξιον
1107 1590 1234 1660 περὶ
1283 1589 1417 1642 Θεοῦ
1473 1590 1748 1659 λέγεσθαι,

169 1679 286 1744 πῶς
318 1679 412 1732 νῦν
451 1681 661 1751 ἀπέστη
709 1680 802 1734 τοῦ
848 1681 982 1734 Θεοῦ
1026 1681 1084 1734 τὸ
1127 1681 1330 1748 καλόν;
1377 1683 1602 1754 Ἐπίσης
1642 1685 1751 1755 γάρ

168 1769 388 1833 πάντως
434 1771 762 1843 ἀμφοτέροις
823 1771 984 1825 καλὸν
1009 1815 1024 1838 ,
1078 1772 1156 1842 τῷ
1216 1791 1274 1828 τε
1330 1774 1751 1846 ὑποτασσομένῳ

169 1860 305 1930 Υἱῷ,
337 1861 432 1913 καὶ
464 1861 541 1931 τῷ
583 1861 679 1932 τὴν
713 1863 988 1934 ὑποταγὴν
1021 1863 1115 1918 τοῦ
1155 1865 1285 1918 Υίοῦ
1329 1866 1600 1938 δεχομένῳ
1641 1867 1752 1920 Πα-

168 1950 276 2022 τρί.
312 1953 501 2006 Λείπει
525 1953 700 2007 τοίνυν
739 1956 796 2006 έν
823 1954 899 2023 τῷ
929 1955 1154 2026 παρόντι
1195 1957 1290 2010 καὶ
1327 1957 1405 2027 τῷ
1445 1959 1620 2031 Πατρὶ¹
1657 1960 1753 2014 καὶ⁹

167 2043 246 2113 τῷ
272 2044 384 2115 Υίῷ
414 2045 474 2098 τὸ
512 2047 751 2099 τοιοῦτον
788 2047 970 2112 καλὸν,
999 2049 1091 2102 καὶ
1133 2049 1162 2102 ὃ
1201 2050 1274 2120 μὴ
1314 2049 1470 2120 ἔσχεν
1502 2052 1607 2123 πρὸ
1643 2053 1753 2106 τῶν

170 2133 381 2187 αἰώνων
419 2136 554 2206 μήτε
586 2138 614 2189 6
660 2138 868 2209 Πατὴρ,
898 2139 1036 2209 μήτε
1067 2141 1094 2192 6
1123 2140 1272 2204 Υἱὸς,
1308 2141 1466 2194 τοῦτο
1492 2145 1583 2196 ἐπὶ
1614 2162 1752 2214 συμ-

169 2226 449 2296 πληρώσει
496 2226 605 2280 τῶν
651 2229 858 2298 χρόνων
913 2231 1006 2284 καὶ⁵
1059 2231 1136 2301 τῷ
1182 2233 1354 2304 Πατρὶ
1403 2235 1496 2287 καὶ
1529 2234 1606 2306 τῷ
1640 2236 1755 2308 Υἱῷ

169 2319 623 2389 προσγενήσεται,
653 2320 746 2373 τοῦ
781 2320 880 2391 μὲν
920 2322 1276 2394 ὑπομένοντος
1309 2325 1406 2398 τὴν
1453 2328 1754 2400 ὑποταγὴν,

167 2407 262 2460 τοῦ
302 2407 359 2461 δὲ
406 2409 720 2480 προσθήκην
767 2412 887 2464 τινὰ
945 2414 1038 2465 καὶ
1070 2415 1364 2488 ἐπαύξησιν
1418 2419 1518 2489 τῆς
1561 2421 1752 2474 ἑαυτοῦ

167 2499 329 2570 δόξης
356 2498 444 2551 διὰ
476 2499 629 2554 τοῦτο
652 2500 1034 2570 λαμϐάνοντος,
1061 2503 1128 2573 ἢν
1162 2507 1220 2557 ἐν
1246 2506 1322 2576 τῷ
1361 2510 1585 2578 παρόντι
1617 2509 1755 2574 τέως

167 2588 270 2640 οὑκ
305 2587 438 2657 ἔχει,
484 2586 593 2639 Ποῦ
639 2589 814 2644 τοίνυν
857 2592 914 2642 ὲν
947 2590 1119 2661 τούτῳ
1158 2593 1216 2644 τὸ
1258 2593 1646 2659 ἀναλλοίωτον;
1683 2596 1755 2648 Τὸ

169 2677 282 2748 γὰρ
317 2677 455 2748 μετὰ
487 2678 658 2732 ταῦτά
695 2697 745 2733 τι
783 2681 1092 2750 γενόμενον,
1123 2683 1218 2736 νῦν
1266 2683 1323 2736 δὲ
1368 2685 1442 2755 μὴ
1493 2685 1572 2748 ὂν,
1626 2685 1754 2739 ἴδιον

168 2769 272 2835 τῆς
304 2769 542 2839 τρεπτῆς
584 2770 699 2822 ἐστι
739 2771 971 2840 φύσεως.
1026 2772 1152 2826 Εττε
1195 2769 1288 2828 οὖν
1334 2775 1495 2829 καλὸν
1547 2777 1579 2846 ή
1625 2777 1756 2830 ὑπο-

167 2859 338 2930 ταγὴ,
368 2860 461 2913 καὶ
501 2860 594 2913 νῦν
637 2856 771 2914 εἶναι
821 2865 1084 2932 προσήκει
1129 2865 1406 2920 πιστεύειν
1444 2866 1520 2937 τῷ
1548 2867 1666 2938 Θεῷ
1695 2868 1756 2922 τὸ

171 2951 367 3005 καλόν’
400 2951 508 3004 εἴτε
557 2952 772 3018 ἀνάξιον
814 2955 904 3006 ἐπὶ
951 2956 1045 3008 τοῦ
1087 2957 1222 3010 Θεοῦ
1253 2959 1313 3011 τὸ
1343 2959 1602 3024 τοιοῦτον,
1632 2960 1756 3014 οὑτε

173 3041 273 3097 νῦν
293 3082 310 3107 ,
356 3043 477 3096 οὕτε
522 3044 730 3100 ἄλλοτε.
786 3045 944 3099 Ἀλλά
991 3048 1098 3118 μήν
1150 3065 1312 3118 φησιν
1361 3052 1390 3103 6
1438 3050 1755 3116 Ἀπόστολος

171 3133 297 3186 τότε
324 3135 757 3205 ὑποταγήσεσθαι
785 3137 874 3191 τὸν
913 3139 1058 3203 Υἱὸν,
1090 3141 1209 3210 οὐχὶ
1240 3140 1334 3194 νῦν
1371 3142 1752 3214 ὑποτετάχθαι.

243 3218 394 3294 Ἀρα
422 3225 556 3297 πρὸς
584 3225 740 3279 ἄλλον
778 3229 898 3283 τινὰ
947 3230 1144 3284 σκοπὸν
1172 3230 1356 3300 βλέπει
1396 3233 1424 3285 ό
1459 3231 1635 3301 λόγος,
1664 3235 1757 3287 καὶ

173 3313 369 3386 πόρρω
397 3314 496 3385 τῆς
525 3315 633 3368 τῶν
661 3315 950 3387 αἱρετικῶν
980 3321 1264 3383 κακονοίας
1287 3321 1402 3374 ἐστὶ
1434 3322 1494 3375 τὸ
1514 3322 1608 3376 τοῦ
1639 3323 1758 3378 ὀνό-

178 3423 351 3477 ματος
384 3408 809 3480 σημάινόμενον;
839 3410 933 3474 Τίς
959 3406 1050 3464 οὖν
1081 3411 1109 3463 6
1137 3411 1320 3480 λόγος;
1356 3413 1508 3484 Τάχα
1543 3414 1630 3468 διά
1659 3415 1758 3487 τῆς

130 3541 134 3544 .
177 3498 547 3570 συμφράσεως
589 3499 696 3552 τῶν
738 3501 815 3570 τῷ
854 3501 1009 3572 μέρει
1043 3502 1215 3573 τούτῳ
1259 3505 1759 3576 συγγεγραμμένων

179 3588 383 3659 μᾶλλον
408 3590 472 3644 ἄν
497 3607 580 3654 τις
617 3590 817 3644 κατίδοι
857 3593 917 3645 τὸ
953 3593 1142 3664 νόημα.
1185 3595 1401 3667 Ἐπειδὴ
1428 3596 1535 3666 γὰρ
1559 3597 1760 3666 ἀγωνι-

180 3680 369 3733 στικὸν
407 3681 542 3750 πρὸς
593 3683 718 3745 τοὺς
761 3683 1078 3755 Κορινθίους
1123 3686 1447 3756 ὲνεστήσατο
1490 3687 1678 3757 λόγον,
1711 3689 1761 3742 οἳ

178 3772 283 3843 τὴν
326 3773 425 3842 μὲν
471 3773 550 3836 είς
599 3774 691 3827 τὸν
736 3773 936 3844 Κύριον
983 3776 1343 3847 παρεδέξαντο
1380 3778 1580 3842 πίστιν,
1609 3779 1670 3833 τὸ
1705 3780 1762 3833 δὲ

179 3867 284 3937 τῆς
308 3867 653 3932 ἀναστάσεως
690 3866 798 3919 τῶν
829 3868 1129 3939 ἀνθρώπων
1166 3870 1341 3942 δόγμα
1380 3871 1547 3942 μῦθον
1577 3873 1762 3945 ᾠήθη·-

183 3977 288 4012 σαν
346 3959 627 4027 λέγοντες·
679 3958 811 4024 Πῶς
877 3959 1206 4029 ἐγείρονται
1258 3966 1311 4017 οἱ
1366 3966 1603 4032 νεκροί;
1655 3966 1765 4021 Καὶ

182 4051 338 4117 ποίῳ
367 4050 591 4120 σώματι
621 4051 918 4120 ἕρχονται;
949 4046 1029 4116 οἷς
1050 4053 1395 4126 πολυτρόπως
1425 4057 1519 4110 καὶ
1550 4058 1765 4110 πολυει-

182 4142 295 4204 δῶς
337 4140 472 4211 μετά
517 4141 607 4194 τὸν
655 4141 880 4194 θάνατον
928 4144 1006 4206 εἰς
1049 4144 1350 4216 ἀφανισμὸν
1399 4146 1657 4218 περιῆλθε
1699 4147 1769 4202 τά

186 4230 439 4303 σώματα,
473 4231 506 4301 ἢ
543 4230 630 4284 διὰ
672 4232 886 4302 σήψεως
934 4232 1041 4287 τῶν
1092 4234 1468 4306 σαρκοὸόρων,
1502 4236 1764 4306 ἑρπετῶν,

184 4321 435 4392 νηκτῶν,
495 4321 753 4376 πετεινῶν
779 4362 793 4385 ,
845 4324 1182 4395 τετραπόδων
1248 4325 1626 4393 ἀναλωθέντα;
1682 4326 1771 4381 διὰ

186 4413 349 4466 τοῦτο
395 4413 619 4477 πολλοὺς
664 4415 847 4478 αὑτοῖς
902 4416 1169 4486 παρέθετο
1220 4417 1530 4487 λογισμοὺς,
1569 4419 1770 4474 πείθων

1845 587 2040 642 modus
2063 588 2348 659 genitricis
2370 591 2576 644 excutit
2601 591 3019 661 subjectionem,
3045 611 3205 666 quem
3235 596 3416 650 locum

1846 677 2044 734 habeat
2078 678 2347 748 subjectio
2378 680 2435 734 in
2476 680 2584 736 vita
2636 682 2804 746 illius,
2839 685 2936 754 qui
2978 685 3036 738 in
3077 686 3278 740 virtute
3320 703 3418 741 sua

1847 769 2047 822 saeculo
2087 768 2424 834 dominatur,
2467 786 2632 826 nemo
2673 772 2856 830 dicere
2902 777 3093 844 possit.
3126 776 3416 846 Proprium

1846 865 1930 913 est
1959 873 2022 912 ac
2054 859 2328 928 peculiare
2356 860 2554 915 divinae
2579 870 2743 931 atque
2775 862 2946 918 beatae
2979 865 3120 931 vitae,
3142 867 3195 920 in
3228 866 3419 921 eodem

1848 965 2062 1020 semper
2093 965 2332 1016 manere,
2369 965 2472 1005 nec
2503 951 2790 1009 admittere
2811 955 3170 1010 mutationem
3211 969 3331 1024 qua:
3365 953 3423 1006 tit

1847 1057 1913 1096 ex
1961 1041 2305 1096 alteratione.
2354 1041 2488 1096 Cum
2524 1059 2656 1112 ergo
2686 1044 2830 1112 quod
2878 1053 2998 1100 erat
3047 1046 3104 1100 in
3153 1046 3424 1116 principio

1848 1132 2086 1189 Verbum
2136 1134 2450 1203 unigenitus
2516 1133 2611 1190 Dei
2677 1134 2850 1194 Filius
2905 1137 3120 1193 alienus
3163 1138 3232 1192 ab
3273 1138 3421 1191 omni

1847 1225 2093 1295 profectu
2110 1232 2165 1279 et
2195 1224 2514 1280 alteratione
2534 1225 2628 1290 sit,
2667 1227 3122 1295 quemadmodum
3153 1226 3244 1282 ﬁet
3274 1237 3425 1296 post-

1847 1330 1912 1372 ea
1971 1316 2116 1385 quod
2169 1329 2281 1369 non
2309 1322 2393 1370 est
2433 1315 2619 1369 nunc?
2654 1314 2774 1370 Non
2813 1317 2958 1372 enim
2988 1317 3093 1372 hoc
3120 1317 3254 1371 dicit
3282 1319 3428 1386 Apo-

1849 1409 2044 1472 stolus,
2066 1407 2208 1478 quod
2230 1405 2401 1464 Filius
2421 1423 2637 1478 semper
2659 1407 3041 1478 sitsubjectus,
3067 1409 3162 1466 sed
3184 1409 3330 1480 quod
3367 1410 3425 1463 in

1851 1498 1958 1553 line
1985 1498 2472 1553 consummationis
2501 1499 2878 1554 universitatis
2913 1499 3192 1569 subjectus
3231 1499 3303 1554 sit
3339 1498 3427 1554 fu-

1850 1598 2030 1644 turus.
2061 1589 2224 1659 Atqui
2269 1588 2315 1643 si
2351 1589 2552 1644 bonum
2586 1597 2670 1644 est
2718 1590 3010 1660 subjectio,
3051 1597 3105 1647 et
3133 1605 3225 1646 res
3258 1573 3426 1661 digna

1850 1697 1970 1753 qua!
2013 1682 2082 1737 de
2129 1681 2240 1738 Deo
2282 1682 2518 1747 dicatur,
2570 1683 2840 1753 quomodo
2885 1684 3017 1738 illud
3066 1698 3096 1738 a
3124 1684 3234 1738 Deo
3279 1698 3427 1738 nunc

1852 1773 2006 1828 abest
2049 1773 2294 1828 bonum?
2325 1771 2421 1827 Est
2443 1773 2589 1828 enim
2619 1789 2686 1828 ex
2716 1789 2871 1842 aequo
2906 1774 3107 1829 bonum
3135 1774 3424 1839 ambobus,

1856 1870 1910 1918 et
1941 1861 2075 1918 Filio
2109 1863 2202 1932 qui
2256 1863 2564 1930 subjicitur,
2601 1871 2653 1918 et
2685 1862 2830 1917 Patri
2877 1863 2969 1932 qui
3019 1861 3143 1916 Filii
3195 1864 3432 1933 suscipit

1858 1953 2276 2022 subjectionem.
2333 1952 2493 2008 Deest
2531 1968 2659 2024 ergo
2691 1953 2745 2007 in
2784 1955 3068 2022 praesentia
3097 1961 3151 2007 et
3187 1951 3337 2005 Patri
3373 1962 3429 2006 et

1857 2043 1997 2100 Filio
2021 2045 2128 2100 tale
2152 2045 2376 2112 bonum,
2413 2055 2464 2100 et
2488 2045 2631 2114 quod
2670 2061 2778 2099 non
2806 2044 3035 2098 habebat
3068 2052 3194 2098 ante
3230 2049 3430 2099 Saecula

1858 2153 2036 2208 neque
2072 2137 2250 2203 Pater,
2280 2153 2458 2208 neque
2501 2135 2689 2200 Filius,
2720 2137 2821 2190 hoc
2859 2137 2915 2189 in
2954 2144 3254 2206 temporum
3279 2150 3428 2190 com-

1858 2231 2129 2302 plemento
2145 2230 2317 2285 aderit
2331 2238 2382 2285 et
2399 2229 2546 2282 Patri
2567 2239 2620 2283 et
2635 2227 2792 2293 Filio,
2810 2229 2910 2283 hoc
2929 2228 3143 2298 quidem
3163 2228 3432 2282 subeunte

1860 2321 2253 2391 subiectionem
2279 2362 2294 2386 ,
2342 2320 2433 2373 illo
2463 2327 2641 2374 autem
2675 2335 2788 2374 sua:
2812 2319 2994 2390 gloriae
3019 2335 3115 2389 per
3154 2319 3256 2373 hoc
3285 2318 3433 2373 acci-

1859 2411 2039 2480 piente
2093 2411 2462 2466 accessionem
2521 2418 2577 2464 et
2634 2409 3064 2476 incrementum,
3121 2409 3265 2481 quod
3321 2427 3432 2464 non

1861 2503 2023 2556 habet
2071 2501 2125 2556 in
2170 2501 2478 2572 praesentia.
2525 2499 2628 2555 Ubi
2674 2516 2801 2571 ergo
2833 2504 2888 2555 in
2933 2516 2998 2557 eo
3038 2509 3142 2565 est,
3172 2515 3280 2554 non
3309 2516 3436 2556 esse

1861 2593 2174 2648 alterabile?
2192 2607 2314 2646 nam
2338 2591 2481 2662 quod
2509 2591 2565 2644 [it
2587 2598 2795 2660 postea,
2816 2605 2963 2645 nunc
2991 2600 3167 2646 autem
3193 2605 3301 2644 non
3325 2598 3430 2650 est.

1860 2685 2141 2756 proprium
2187 2683 2468 2737 mutabilis
2513 2688 2744 2736 naturae.
2805 2679 2864 2735 Si
2917 2697 3047 2752 ergo
3092 2682 3293 2736 bonum
3349 2688 3431 2736 est

1861 2773 2148 2841 subiectio,
2181 2788 2326 2827 nunc
2355 2787 2572 2842 quoque
2611 2769 2757 2842 quod
2802 2770 3002 2826 bonum
3035 2782 3138 2835 est,
3174 2767 3286 2825 Deo
3316 2784 3437 2825 esse

1861 2865 2193 2922 credendum
2231 2873 2335 2920 est.
2388 2862 2482 2918 Sin
2508 2870 2688 2918 autem
2725 2862 2828 2917 hoc
2858 2861 3140 2932 indignum
3181 2869 3265 2917 est
3289 2862 3436 2930 quod

1861 2961 1930 3017 de
1971 2960 2083 3016 Deo
2127 2960 2380 3022 dicatur,
2417 2973 2594 3028 neque
2638 2971 2784 3011 nunc
2827 2965 2932 3018 est,
2980 2970 3156 3026 neque
3195 2967 3435 3024 unquam

1862 3053 2019 3109 alias.
2069 3052 2231 3122 Atqui
2284 3050 2418 3105 dicit
2459 3048 2754 3120 Apostolus
2794 3045 2994 3102 Filium
3041 3046 3149 3102 Deo
3195 3055 3248 3103 et
3286 3045 3438 3100 Patri

1863 3153 1994 3198 tunc
2018 3157 2142 3198 esse
2170 3139 2592 3210 subjiciendum,
2623 3153 2731 3192 non
2774 3153 2922 3193 nunc
2948 3152 3070 3193 esse
3100 3136 3433 3206 subjectum.

1931 3231 2069 3287 Num
2105 3245 2236 3302 ergo
2264 3230 2332 3284 ad
2360 3229 2593 3300 aliquem
2627 3228 2792 3282 alium
2820 3242 3047 3297 scopum
3069 3226 3264 3296 aspicit
3290 3225 3438 3295 Apo-

1859 3325 2056 3391 stolus,
2086 3331 2140 3379 et
2168 3339 2200 3378 a
2234 3335 2490 3392 perversa
2529 3320 2913 3376 haereticorum
2956 3317 3312 3390 intelligentia
3345 3332 3440 3372 re~

1860 3425 2067 3473 motum
2100 3423 2185 3470 est
2208 3414 2568 3486 signiﬁcatum
2602 3411 2882 3468 nominis?
2910 3410 3166 3478 Quaenam
3190 3419 3276 3465 est
3306 3425 3439 3480 ergo

1861 3509 2036 3566 ratio?
2064 3506 2322 3562 Fortasse
2354 3505 2398 3561 si
2435 3505 2601 3561 simul
2628 3504 2881 3559 dicantur
2916 3517 3038 3574 quae
3074 3501 3129 3556 in
3161 3501 3262 3556 hac
3285 3507 3439 3572 parte

1860 3602 2022 3657 simul
2067 3601 2269 3670 scripta
2314 3606 2463 3661 sunt,
2499 3610 2694 3652 sensus
2724 3594 2896 3665 magis
2926 3591 3161 3664 perspici
3209 3589 3432 3662 poterit.

1861 3691 2131 3758 Quoniam
2179 3691 2326 3746 enim
2356 3689 2621 3744 adversus
2658 3685 2975 3743 Corinthios
3005 3683 3440 3754 objurgatorium

1863 3791 1917 3839 et
1951 3782 2353 3838 contentiosum
2401 3792 2709 3836 sermonem
2760 3777 3090 3840 instituerat,
3139 3773 3234 3843 qui
3277 3771 3437 3826 tidem

1865 3873 2083 3946 quidem
2114 3872 2170 3926 in
2207 3870 2491 3926 Dominum
2526 3874 2905 3938 susceperant,
2937 3867 3004 3920 de
3036 3862 3441 3919 resurrectione

1866 3972 2046 4019 autem
2098 3962 2379 4015 hominum
2424 3960 2729 4014 doctrinam
2771 3957 3068 4012 censebant
3109 3969 3230 4010 esse
3281 3952 3439 4007 fabu-

1867 4053 1996 4117 lam,
2035 4052 2280 4107 dicentes
2315 4068 2330 4106 :
2362 4047 2635 4115 Quomodo
2681 4048 2982 4102 excitantur
3020 4044 3261 4100 mortui?
3291 4043 3439 4113 quali

1867 4144 2076 4198 veniunt
2127 4157 2342 4211 corpore
2365 4140 2407 4171 °‘
2441 4178 2459 4206 ,
2504 4138 2706 4208 quibus
2738 4135 3094 4191 multifariam
3147 4134 3443 4204 multisque

1868 4237 2046 4293 modis
2087 4248 2322 4304 corpora
2361 4240 2486 4302 post
2513 4239 2744 4284 mortem
2776 4229 2950 4283 deleta
2981 4234 3109 4282 sunt
3139 4233 3192 4281 et
3219 4225 3436 4279 interie-

1871 4335 2020 4394 runt,
2054 4335 2146 4381 aut
2193 4340 2289 4396 per
2327 4321 2689 4394 putredinein,
2729 4328 2824 4373 aut
2866 4335 2962 4389 per
2993 4333 3211 4372 carnem
3246 4331 3443 4370 voran-

1873 4418 1968 4481 tia,
2022 4415 2256 4486 reptilia,
2288 4411 2558 4475 natatilia,
2605 4407 2870 4470 volucria,
2910 4413 2964 4461 et
3005 4412 3241 4475 quatuor
3277 4401 3442 4472 pedes

192 4503 271 4576 μὴ
308 4507 374 4575 τῇ
413 4504 617 4558 ἑαυτῶν
664 4505 889 4576 δυνάμει
947 4508 1046 4578 τὴν
1097 4506 1190 4559 τοῦ
1239 4507 1371 4561 Θεοῦ
1428 4510 1759 4578 παρισάζειν,

1877 4508 2129 4564 habentia
2179 4503 2434 4560 animalia
2483 4508 2804 4578 consumpta
2856 4497 2998 4552 sint?
3045 4501 3331 4565 pr0pterca
3361 4491 3444 4546 eis

192 4593 322 4664 μήθ’
352 4595 470 4646 ὅσον
508 4594 777 4666 ἀνθρώπῳ
812 4595 1108 4665 ἀμήχανον,
1146 4595 1238 4647 καὶ
1269 4596 1360 4648 ἐπὶ
1399 4596 1534 4649 θεοῦ
1568 4595 1628 4650 τὸ
1659 4598 1771 4652 ἴσον

188 4681 431 4744 οἴεσθαι,
465 4683 578 4736 ἀλλ’
621 4685 686 4736 ὲκ
729 4684 836 4736 τῶν
864 4686 1152 4754 γνωρίμων
1193 4685 1325 4755 ἡμῖν
1363 4685 1773 4757 ὑποδειγμάτων

189 4774 254 4827 τὸ
285 4774 566 4844 μεγαλεῖον
595 4776 694 4846 τῆς
739 4775 884 4838 θείας
925 4775 1170 4840 ἐξουσίας
1200 4775 1642 4845 ἀναλογίζεσθαιο
1680 4780 1774 4832 καὶ

188 4865 336 4919 οὕτω
375 4867 688 4937 προτίθησιν
737 4867 920 4930 αὐτοῖς
963 4867 1062 4939 τὴν
1108 4867 1235 4940 περὶ
1281 4868 1347 4920 τά
1395 4867 1620 4939 σώματα
1667 4872 1774 4923 τῶν

192 4959 526 5031 σπερμάτων
556 4959 991 5031 θαυματουργίαν
1021 4957 1130 5011 τῶν
1161 4959 1247 5012 ἀεὶ
1272 4963 1774 5032 καινοτομουμένων

194 5050 303 5104 ὑπὸ
331 5050 430 5120 τῆς
463 5049 611 5114 θείας
638 5034 934 5120 δυνάμεως,
964 5051 1056 5103 καὶ
1091 5049 1165 5114 ὡς
1199 5051 1296 5103 οὑκ
1319 5051 1576 5124 ητόνησεν
1613 5055 1646 5124 ἡ
1679 5051 1772 5106 τοῦ

194 5141 333 5194 Θεοῦ
370 5141 528 5210 σοφία
568 5141 736 5211 μυρία
783 5141 1046 5210 σωμάτων
1084 5139 1199 5210 εἴδη
1243 5141 1384 5193 κατά
1432 5143 1493 5194 τὸ
1542 5145 1649 5195 πᾶν
1690 5140 1775 5206 ἐξ·

197 5235 402 5299 ευρεῖν,
443 5230 694 5297 λογικῶν,
738 5231 943 5300 ἀλόγων
969 5269 984 5295 ,
1031 5231 1311 5302 ἐναερίων,
1347 5231 1633 5302 χερσαίων,
1682 5236 1776 5287 καὶ¹

196 5321 311 5375 τῶν
389 5324 509 5375 κατ’
575 5323 800 5394 οὐρανὸν
857 5324 989 5392 ἡμῖν
1067 5323 1519 5394 προφερομένων,
1563 5325 1658 5378 τοῦ
1711 5343 1772 5379 τε

199 5413 352 5483 ἡλίου
394 5414 488 5467 καὶ
541 5413 649 5468 τῶν
704 5415 904 5468 λοιπῶν
941 5415 1210 5486 ἀστέρων,
1259 5411 1333 5468 ὧν
1380 5416 1605 5470 ἕκαστον
1658 5418 1777 5492 θείᾳ

198 5504 430 5574 δυνάμει
475 5505 761 5576 γενόμενον
785 5545 800 5569 ,
851 5504 945 5558 τοῦ
997 5507 1090 5558 καὶ
1136 5505 1274 5559 κατά
1327 5507 1421 5576 τὴν
1485 5509 1779 5565 ἀνάστασιν

205 5593 286 5666 μὴ
313 5593 378 5646 ἂν
409 5593 680 5665 ἀπορῆσαι
704 5596 793 5647 τὸν
825 5594 958 5650 Θεὸν
977 5596 1255 5668 ήμετέρων
1297 5596 1559 5667 σωμάτων
1588 5600 1732 5670 ἡμᾶς
1749 5605 1780 5639 ιι

281 5765 324 5798 ⁸*
358 5764 530 5821 lCor.
565 5781 653 5830 xv,
687 5767 756 5821 55

1871 4601 2070 4656 multas
2113 4596 2293 4651 attulit
2328 4593 2592 4658 rationes,
2617 4575 2707 4643 ἰιι
2756 4604 2856 4643 nec
2904 4601 3017 4642 sua:
3059 4584 3311 4654 potentia:
3349 4597 3445 4652 po-

1871 4693 2094 4748 tentiam
2151 4688 2245 4744 Dei
2300 4685 2705 4747 assimilarent,
2761 4695 2862 4736 nec
2917 4677 3061 4749 quod
3106 4678 3175 4732 ab
3225 4675 3446 4729 homine

1871 4783 2020 4836 nulla
2072 4779 2285 4832 ratione
2336 4774 2450 4830 ﬁeri
2483 4780 2681 4841 potest,
2729 4771 2782 4825 id
2825 4784 2926 4824 nec
2973 4783 3003 4821 a
3044 4766 3152 4822 Deo
3194 4765 3446 4822 similiter

1869 4870 1986 4926 ﬁeri
2017 4882 2180 4938 posse
2213 4864 2614 4925 existimarent,
2646 4860 2739 4915 sed
2779 4874 2845 4914 ex
2885 4857 3044 4913 nobis
3084 4856 3230 4910 notis
3259 4868 3446 4910 exem-

1872 4962 1976 5032 plis
2004 4959 2097 5013 Dei
2123 4959 2403 5027 potestatis
2435 4957 2752 5023 reputarent
2779 4947 3208 5017 magnitudinem
3240 4965 3254 5000 :
3280 4953 3334 5000 et
3364 4944 3445 4998 ita

1873 5053 1953 5107 eis
1981 5047 2200 5104 adducit
2232 5043 2611 5100 admirabilem
2654 5041 2923 5096 seminum
2967 5039 3018 5092 in
3046 5051 3275 5106 corpora
3318 5049 3446 5104 ope-

1875 5142 2162 5203 rationem,
2181 5153 2301 5209 quae
2318 5149 2530 5204 semper
2551 5149 2580 5186 a
2602 5131 2785 5186 divina
2807 5139 3138 5185 renovantur
3156 5134 3442 5196 potestate,

1875 5241 1929 5288 ct
1967 5229 2112 5301 quod
2143 5228 2341 5283 divina).
2369 5225 2651 5295 sapientiae
2683 5239 2789 5278 non
2818 5222 2990 5276 defuit
3019 5228 3261 5290 potestas
3297 5219 3445 5272 inve-

1881 5324 2062 5381 niendi
2092 5323 2149 5377 in
2177 5319 2532 5377 universitate
2568 5313 2986 5371 innumerabilia
3026 5326 3319 5382 corporum
3357 5327 3450 5380 ge-

1882 5429 2050 5479 nera,
2089 5411 2301 5466 ratione
2345 5406 2727 5478 prreditorum,
2773 5402 3088 5467 brutorum,
3137 5413 3447 5462 aereorum,

1886 5505 2252 5569 terrestrium,
2282 5508 2336 5556 et
2381 5512 2566 5554 eorum
2605 5509 2728 5565 quae
2771 5507 2801 5546 a
2853 5492 3012 5548 nobis
3061 5499 3359 5547 cernuntur
3394 5489 3450 5544 in

1886 5596 2059 5661 caelis,
2087 5607 2282 5651 nemoe
2304 5591 2436 5647 solis
2459 5594 2514 5644 et
2541 5595 2861 5642 camerarum
2893 5582 3194 5652 stellarum,
3217 5595 3448 5655 quorum
