4018 6540
438 411 568 468 1511

1871 414 2246 474 APPENDIX.

3552 424 3700 478 ιειει

439 523 865 596 unumquodque
895 526 1079 583 divina
1100 535 1281 584 ortum
1312 528 1535 595 virtute,
1559 538 1644 587 est
1666 529 1890 586 evidens
1921 547 2012 586 ar-

2117 532 2385 600 ἀπόδειξις
2446 532 2671 602 γίνεται.
2712 533 2777 588 Et
2812 533 2921 604 γὰρ
2970 533 3037 587 τὰ
3089 532 3217 587 ὄντα
3265 534 3441 587 πάντα
3483 534 3583 587 οὐκ
3631 536 3699 589 ἐκ

434 628 753 690 gementum
796 618 851 673 in
897 632 1190 689 corporum
1238 628 1553 676 nostrorum
1612 625 2014 679 resurrectione

435 710 659 765 modum
694 725 760 765 ac
802 711 1065 765 rationem
1108 709 1220 767 Deo
1250 713 1474 769 minime
1505 712 1837 769 defuturam.
1877 713 2013 769 Nam

435 801 483 855 si
512 816 853 871 quaecunque
875 811 1027 865 sunt,
1058 818 1169 856 non
1199 818 1267 858 ex
1295 804 1479 875 aliqua
1513 806 1757 875 subjecta
1785 807 2012 861 materia

437 892 507 946 ad
532 908 652 947 eam
677 893 907 948 formam
938 908 1046 962 qua
1088 895 1526 966 conspiciuntur,
1568 898 1812 953 traducta
1845 907 2009 965 sunt;

439 984 536 1039 sed
565 983 751 1038 divina
776 984 1029 1039 voluntas
1074 984 1178 1039 fuit
1211 988 1438 1042 materia
1470 996 1524 1043 et
1551 992 1789 1045 essentia
1829 1005 2011 1045 rerum

440 1074 510 1129 ab
535 1075 732 1145 Opiﬁce
772 1085 1117 1130 ereatarum:
1152 1077 1323 1131 multo
1348 1079 1519 1151 magis
1567 1079 1683 1135 ﬁeri
1724 1090 1918 1151 potest,
1956 1088 2014 1135 ut

438 1168 583 1238 quod
615 1167 729 1238 jam
758 1177 862 1234 est,
897 1183 1090 1226 rursus
1126 1169 1182 1225 in
1206 1170 1480 1241 propriam
1523 1171 1749 1242 ﬁguram
1783 1172 2015 1228 reduca-

440 1269 552 1323 tur,
592 1274 757 1331 quam
791 1268 852 1315 ut
882 1263 1033 1331 quod
1060 1277 1169 1316 non
1218 1271 1338 1317 erat
1375 1277 1405 1316 a
1444 1264 1733 1334 principio,
1782 1264 1850 1319 ad
1879 1265 2013 1320 sub-

442 1353 695 1406 stantiam
724 1352 905 1407 veniat
944 1362 998 1408 et
1041 1354 1360 1409 essentiam.
1391 1353 1529 1409 Cum
1555 1370 1684 1427 ergo
1712 1356 1763 1409 in
1794 1356 1864 1413 iis
1894 1372 2015 1427 qua:

442 1442 579 1512 ipsis
602 1443 757 1513 prius
787 1444 1019 1508 dixerat,
1042 1445 1393 1511 ostendisset,
1419 1446 1567 1517 quod
1597 1446 1771 1516 primo
1795 1446 2015 1504 homine

442 1533 500 1589 in
535 1542 738 1590 ternm
785 1548 883 1605 per
922 1545 1153 1605 peccata
1192 1537 1451 1602 resoluto,
1491 1546 1547 1592 et
1578 1548 1866 1610 propterea
1904 1547 2016 1596 ter-

442 1626 607 1682 restri
646 1628 950 1691 nominato,
996 1642 1337 1699 consequens
1378 1637 1553 1697 esset,
1599 1637 1659 1685 ut
1700 1646 1810 1687 non
1854 1646 2014 1689 secus

443 1725 608 1787 atque
631 1717 743 1781 ille,
770 1717 807 1772 ii
830 1734 1046 1789 quoque
1073 1717 1260 1775 ﬁerent
1280 1721 1383 1789 qui
1401 1735 1465 1775 ex
1493 1719 1585 1775 illo
1614 1720 1882 1778 disserant
1901 1724 2015 1778 ori-

443 1810 646 1878 ginem,
672 1816 731 1863 ut
757 1810 850 1880 qui
889 1825 1076 1865 omnes
1098 1827 1163 1865 ex
1199 1826 1265 1867 eo
1294 1812 1390 1867 toti
1415 1821 1607 1869 essent
1640 1824 1924 1870 terrestres
1958 1825 2014 1870 et

446 1900 746 1953 mortales:
796 1901 1111 1957 necessario
1171 1901 1453 1970 subjunxit
1498 1903 1661 1958 etiam
1716 1904 2013 1959 secundam

444 1991 914 2060 consequentiam,
944 2007 1042 2062 per
1077 2008 1239 2063 quam
1269 1994 1431 2048 homo
1468 2010 1664 2051 rursus
1697 2010 1765 2051 ex
1798 1998 2014 2051 mortali

444 2079 780 2137 reformatur
798 2080 866 2135 ad
896 2082 1379 2146 immortalitatem,
1421 2084 1585 2139 simili
1617 2084 1780 2139 modo
1806 2086 2013 2151 dicens,

445 2172 502 2226 in
554 2181 749 2227 natura
800 2173 1001 2228 bonum
1052 2174 1221 2230 fuisse
1267 2176 1640 2245 ingeneratum
1685 2194 1753 2232 ex
1796 2194 1907 2233 uno
1959 2179 2017 2233 in

445 2277 636 2318 omnes
670 2264 950 2326 diﬁ‘usum,
993 2266 1135 2321 sicut
1162 2274 1215 2322 et
1247 2268 1449 2321 malum
1489 2268 1745 2326 diﬁhsum
1777 2269 1878 2326 iuit
1921 2286 2023 2340 per

448 2370 641 2421 unuin,
683 2356 845 2412 simul
877 2372 1001 2413 cum
1044 2358 1396 2414 successione
1440 2369 1780 2429 posterorum
1819 2361 2019 2418 dilata-

444 2452 584 2501 tum.
625 2446 765 2504 Usus
790 2457 876 2506 est
916 2458 1096 2505 autem
1134 2449 1221 2506 his
1263 2450 1467 2517 verbis,
1499 2451 1567 2507 de
1600 2452 1703 2508 hac
1730 2466 1789 2508 re
1820 2453 2018 2524 dogma

448 2537 801 2596 conﬁrmans.
826 2539 1064 2605 Primus,
1094 2541 1290 2611 inquit,
1320 2541 1473 2595 homo
1496 2557 1562 2597 ea:
1587 2550 1727 2597 terra
1758 2553 2015 2611 terrenus,

447 2629 705 2684 secundus
730 2639 906 2685 autem
939 2647 967 2685 e
994 2631 1143 2687 creto.
1178 2632 1369 2698 Qualis
1397 2642 1654 2697 terrenus,
1682 2634 1813 2688 tales
1836 2643 1888 2689 et
1913 2644 2020 2689 ter-

445 2719 581 2774 reni.
611 2719 684 2774 Et
711 2721 885 2793 qualis
910 2722 1153 2789 calestis,
1193 2723 1325 2777 tales
1360 2732 1411 2778 et
1462 2724 1713 2779 cmlestes.
1754 2723 1822 2779 Et
1881 2726 2025 2780 sicut

447 2811 774 2881 portavimus
822 2811 1108 2882 imaginem
1159 2814 1376 2879 terreni,
1432 2814 1510 2867 ita
1552 2822 1818 2883 portemus
1857 2816 2021 2870 etiam

444 2902 729 2972 imaginem
754 2902 1000 2957 scelestis.
1036 2900 1172 2957 Cum
1196 2902 1283 2958 his
1312 2917 1443 2974 ergo
1473 2911 1527 2959 et
1555 2903 1827 2961 similibus
1858 2906 2021 2959 ratio-

444 2993 610 3050 nibus
678 2994 1057 3051 conﬁrmasset
1105 2996 1601 3063 resurrectionem,
1656 3004 1713 3053 et
1763 3011 1864 3068 per
1914 2996 2021 3053 alia

445 3086 621 3141 multa
648 3084 938 3143 haereticos
965 3086 1296 3159 syllogismis
1333 3095 1388 3142 et
1426 3088 1673 3143 collectis
1712 3088 2027 3143 rationibus

2112 639 2257 686 τινος
2289 624 2649 695 ὑποκειμένης
2693 623 2824 694 ῦλης
2875 623 3013 695 πρὸς
3066 623 3126 676 τδ
3174 622 3490 694 φαινόμενον
3546 638 3698 692 μετ·-

2110 711 2597 786 εσκευάσθη,ἀλλά
2613 714 2674 767 τὸ
2705 713 2847 769 θεῖον
2891 714 3103 786 θέλημα
3146 713 3244 786 ὕλη
3279 716 3372 768 καὶ
3398 715 3553 768 οὐσία
3587 714 3701 767 τῶν

2111 804 2605 876 δημιουργημάτων
2631 804 2844 874 ἐγένετο
2861 816 2883 836 ·’
2915 806 3050 859 πολὺ
3081 804 3278 875 μᾶλλον
3310 806 3531 859 δυνατὸν
3556 801 3702 859 εἶναι

2112 894 2539 961 κατασκευάζειν
2578 896 2640 950 τὸ
2672 896 2773 967 ἢδη
2819 895 2879 951 δν
2924 896 3005 959 εἰς
3048 896 3117 949 τὸ
3158 895 3286 949 ῐδιον
3316 897 3500 967 σχῆμα
3534 894 3707 950 πάλιν

2112 987 2501 1059 ἐπαναχθῆναι,
2530 988 2564 1059 ἦ
2592 986 2653 1041 τὸ
2689 986 2749 1053 ἐξ
2785 988 2956 1059 ἀρχῆς
2987 986 3061 1058 μὴ
3089 986 3148 1039 δν
3189 988 3267 1050 εἰς
3308 988 3605 1041 ῦπόστασίν
3636 1004 3698 1039 τε

2111 1078 2207 1133 καὶ
2235 1079 2421 1133 οὐσίαν
2454 1079 2648 1135 ἐλθεῖν.
2673 1077 2864 1144 Δείξας
2892 1080 3068 1132 τοίνυν
3096 1080 3154 1131 ὲν
3196 1081 3309 1142 τοῖς
3336 1079 3470 1148 πρὸς
3497 1078 3698 1143 αὐτοὺς

2112 1167 2327 1236 λόγοις,
2369 1169 2452 1222 ὅτι
2497 1168 2601 1223 τοῦ
2640 1168 2857 1240 πρώτου
2906 1167 3193 1240 ἀνθρώπου
3239 1170 3318 1232 εἰς
3346 1170 3448 1239 γῆν
3484 1169 3571 1222 διὰ
3596 1169 3701 1240 τῆς

2114 1260 2382 1331 ἁμαρτίας
2413 1260 2788 1327 ἀναλυθέντος,
2814 1261 2910 1315 καὶ
2937 1260 3024 1315 διὰ
3066 1259 3223 1315 τοῦτο
3258 1261 3441 1331 χοϊκοῦ
3472 1260 3703 1333 κληθέν-

2112 1367 2222 1416 τος,
2247 1351 2537 1407 ἀκόλουθον
2570 1348 2639 1425 ἦν
2688 1352 2809 1406 κατ’
2849 1353 3055 1406 ἐκεῖνον
3100 1353 3195 1407 καὶ
3218 1353 3345 1416 τοὺς
3385 1352 3443 1419 ἐξ
3486 1353 3705 1405 ἐκείνου

2112 1441 2363 1511 γενέσθαι
2414 1444 2622 1508 πάντας
2661 1443 2875 1515 χοϊκοὺς
2922 1443 3015 1496 καὶ
3061 1441 3286 1513 θνητοὺς
3320 1443 3445 1505 τοὺς
3492 1444 3556 1495 ὲκ
3601 1440 3699 1494 τοῦ

2111 1531 2353 1587 τοιούτου
2384 1533 2606 1604 φύντας,
2632 1534 2944 1603 ἀναγκαίως
2972 1534 3250 1603 ἐπήγαγεν
3274 1534 3367 1586 καὶ
3392 1533 3493 1601 τὴν
3521 1533 3697 1585 δευτέ-

2118 1642 2215 1697 ραν
2242 1626 2577 1686 ἀκολουθίαν.
2604 1626 2670 1679 δι’
2696 1620 2764 1697 ἧς
2797 1625 3259 1696 ἀναστοιχειοῦται
3299 1624 3460 1679 πάλιν
3498 1627 3563 1678 ὲκ
3600 1624 3699 1677 τοῦ

2115 1714 2311 1786 θνητοῦ
2361 1716 2496 1788 πρὸς
2534 1715 2833 1771 ἀθανασίαν
2883 1716 2915 1769 ό
2967 1716 3271 1787 ἄνθρωπος,
3323 1715 3697 1787 ὁμοιοτρόπως

2114 1808 2307 1878 λέγων,
2334 1808 2398 1862 τὺ
2427 1807 2628 1877 ἀγαθὸν
2656 1804 3045 1879 ὲγγεγενῆσθαι
3074 1810 3140 1879 τῇ
3172 1807 3331 1878 φύσει
3368 1808 3427 1872 ἐξ
3471 1807 3590 1871 ἑνὸς
3617 1808 3701 1870 εἰς

2115 1902 2327 1964 πάντας
2362 1899 2639 1971 χεόμενον,
2679 1898 2866 1970 ῶσπερ
2916 1898 3012 1951 καὶ
3049 1897 3110 1952 τὺ
3150 1898 3317 1951 κακὸν
3353 1898 3419 1951 δι’
3458 1898 3577 1960 ἐνὸς
3616 1898 3697 1960 είς

2116 1991 2322 2063 πλῆθος
2347 1990 2528 2062 ὲχέθη,
2551 1991 2615 2061 τῇ
2649 1989 2865 2060 διαδοχῇ
2891 1987 2998 2042 τῶν
3036 1988 3443 2060 ἐπιγινομένων.
3472 1988 3700 2051 Τούτοις

2114 2083 2172 2137 δὲ
2201 2083 2461 2154 κέχρηται
2491 2083 2600 2144 τοῖς
2626 2080 2854 2151 ῥήμασι,
2876 2079 2937 2132 τὸ
2959 2080 3090 2151 περὶ
3120 2079 3309 2133 τούτου
3329 2080 3503 2150 δόγμα
3529 2097 3702 2133 κατα-

2118 2173 2413 2239 σκευάζων.
2446 2172 2501 2226 '0
2523 2170 2771 2241 πρῶτος,
2796 2170 2981 2242 φησὶν,
3002 2170 3309 2239 ἄνθρωπος
3335 2171 3405 2224 ἐκ
3430 2170 3544 2240 γῆς
3567 2177 3699 2239 κοτ-

2116 2268 2242 2332 κὸς,
2261 2268 2294 2319 ό
2312 2264 2585 2331 δεύτερος
2604 2263 2673 2328 ἐξ
2695 2260 2973 2330 οὐρανοῦ.
2991 2254 3125 2329 Οτος
3152 2264 3185 2316 ὁ
3198 2264 3416 2331 χοϊκός,
3440 2262 3699 2315 τοιοῦτοι

2117 2360 2217 2414 καὶ
2247 2360 2300 2412 oi
2330 2356 2558 2428 χοϊκοί·
2576 2355 2677 2410 καὶ
2694 2353 2815 2422 οἶος
2845 2358 2879 2410 ὁ
2915 2353 3290 2422 ἐπουράνιος,
3312 2353 3567 2408 τοιοῦτοι
3598 2351 3703 2406 καὶ

2117 2454 2173 2505 οἱ
2190 2448 2547 2517 ἐπουράνιοι.
2576 2448 2684 2502 Kal
2710 2446 2898 2512 καθὼς
2936 2445 3305 2515 ἐφορέσαμεν
3338 2445 3451 2511 τὴν
3493 2445 3702 2499 εικόνα

2117 2540 2227 2595 τοῦ
2260 2539 2488 2610 χοϊκοῦ,
2522 2540 2673 2593 οὕτω
2700 2539 3044 2608 φορέσωμεν
3077 2536 3174 2591 καὶ
3211 2537 3325 2604 τὴν
3359 2539 3564 2590 εἰκόνα
3591 2535 3700 2589 τοῦ

2116 2631 2495 2699 ἐπουρανίου.
2536 2629 2754 2694 Τούτοις
2805 2629 2984 2683 τοίνυν
3044 2630 3133 2682 καὶ
3174 2630 3284 2690 τοῖς
3320 2627 3577 2690 τοιούτοις
3614 2627 3701 2680 λο-

2118 2723 2334 2791 γισμοῖς
2364 2720 2636 2790 κρατύνας
2667 2720 2757 2774 τὸν
2788 2720 3023 2791 περὶτῆς
3039 2720 3380 2781 ἀναστάσεως
3409 2718 3584 2785 λόγον,
3606 2718 3701 2770 καὶ

2117 2812 2203 2866 διὰ
2230 2812 2437 2867 πολλῶν
2458 2812 2657 2884 ἑτέρων
2687 2813 2812 2876 τοὺς
2842 2812 3147 2884 αἱρετικοὺς
3174 2813 3285 2875 τοῖς
3324 2810 3701 2881 συλλογισμοῖς

2121 2902 2478 2972 συμποδίσας,
2500 2903 2556 2954 ὲν
2581 2894 2660 2965 οἷς
2681 2901 3029 2955 ἀπεδείκνυεν
3043 2901 3134 2954 τὸν
3155 2900 3483 2955 ἀπιστοῦντα
3505 2902 3572 2970 τῇ
3590 2900 3700 2952 τῶν

2119 2993 2418 3065 ἀνθρώπων
2447 2994 2755 3057 ἀναστάσει,
2777 2991 2912 3065 μηδὲ
2930 2992 3020 3045 τοῦ
3046 2988 3279 3064 Χριστοῦ
3303 2990 3702 3061 προσδέχεσθαι

2117 3088 2218 3157 τὴν
2262 3087 2575 3151 ἀνάστασιν,
2613 3086 2701 3140 διά
2749 3086 2847 3158 τῆς
2900 3085 3007 3139 τῶν
3054 3084 3411 3156 συνημμένων
3447 3083 3701 3153 ἀλλήλοις

444 3180 602 3250 quasi
638 3180 1009 3252 illaqueasset.
1057 3182 1111 3237 in
1163 3180 1368 3252 quibus
1407 3180 1729 3237 ostendebat
1763 3195 1887 3236 eum
1929 3182 2018 3252 qui

2124 3179 2329 3251 πλοκῆς
2369 3180 2782 3244 κατασκευάσας
2834 3178 2896 3234 τὸ
2956 3179 3016 3232 ὲν
3068 3178 3180 3242 τοῖς
3242 3177 3701 3249 συμπεράσμασιν

447 3286 557 3325 non
587 3272 761 3327 credit
789 3282 1132 3328 mortuorum
1173 3272 1655 3337 resurrectionem,
1705 3286 1775 3326 ne
1817 3270 2019 3326 Christi

447 3364 667 3434 quidem
700 3364 990 3422 admittere
1024 3366 1505 3429 resurrectionem,
1526 3380 1624 3436 per
1646 3378 2019 3420 connexorum

446 3467 692 3513 mutuam
717 3459 861 3514 inter
880 3474 939 3515 se
958 3458 1191 3515 invicem
1211 3456 1628 3521 connexionem,
1655 3456 2018 3512 inevitabilem

447 3549 674 3604 molitur
713 3549 1143 3615 conclusionem,
1190 3548 1275 3604 sic
1319 3547 1548 3604 dicens:
1581 3546 1646 3604 Si
1664 3563 1767 3603 non
1809 3556 1888 3602 est
1932 3562 2019 3602 re-

446 3641 704 3696 surrectio
746 3648 1096 3703 mortuorum,
1150 3654 1243 3693 nec
1296 3636 1542 3695 Christus
1590 3640 1900 3694 resurrexit.
1957 3639 2021 3695 Si

446 3732 692 3791 Christus
753 3739 932 3785 autem
985 3745 1089 3785 non
1133 3730 1452 3794 resurrexit,
1512 3729 1688 3784 inanis
1736 3739 1814 3784 est
1859 3730 2021 3784 etiam

448 3832 632 3877 nostra
671 3822 728 3876 in
770 3822 943 3891 ipsum
980 3820 1130 3890 ﬁdes.
1166 3816 1301 3873 Nam
1341 3817 1392 3874 si
1410 3832 1540 3873 vera
1582 3823 1668 3873 est
1696 3817 2015 3888 propositio,

446 3912 593 3982 quod
637 3909 888 3965 Christus
926 3908 1164 3965 surrexit
1207 3923 1237 3961 a
1292 3907 1546 3972 mortuis,
1591 3916 1808 3977 oportet
1855 3908 2016 3964 etiam

447 4003 672 4057 omnino
710 4002 813 4057 hoc
862 4015 1170 4056 connexum
1208 4014 1333 4056 esse
1377 4013 1603 4068 verum,
1640 4015 1834 4069 nempe
1873 4014 2021 4053 mor-

449 4103 667 4151 tuorum
711 4109 834 4150 esse
865 4093 1349 4149 resurrectionem.
1382 4092 1488 4149 Per
1514 4092 1846 4164 singularem
1874 4092 2019 4147 enim

447 4180 971 4238 demonstrationem
1010 4182 1063 4236 id
1084 4196 1302 4253 quoque
1321 4183 1470 4253 quod
1507 4190 1593 4238 est
1618 4183 1899 4247 universe,
1944 4184 2020 4237 si-

447 4274 561 4328 mul
582 4274 1009 4329 demonstratur.
1029 4272 1096 4328 Et
1113 4282 1326 4339 contra,
1350 4274 1395 4329 si
1413 4273 1535 4344 quis
1553 4273 1808 4329 universe
1824 4273 2017 4329 falsum

446 4379 569 4420 esse
619 4364 786 4429 dicat,
824 4372 1160 4419 mortuorum
1203 4378 1327 4420 esse
1372 4365 1856 4432 resurrectionem,
1917 4379 2019 4420 nec

447 4454 592 4525 quod
639 4461 724 4510 est
770 4455 824 4508 in
866 4454 1131 4525 singulari
1177 4454 1403 4509 omnino
1450 4468 1636 4509 verum
1690 4456 2016 4518 invenietur,

2118 3272 2362 3342 ἀφυκτον
2404 3271 2596 3341 λέγων,
2643 3271 2726 3325 ὅτι
2784 3272 2853 3327 Ei
2904 3269 3240 3336 ἀνάστασις
3302 3268 3532 3338 νεκρῶν
3586 3270 3701 3322 οὐκ

2116 3364 2303 3426 ἐστιν.
2342 3363 2484 3418 οὐδὲ
2514 3361 2769 3433 Χριστὸς
2818 3360 3147 3432 ἐγήγερται.
3176 3360 3247 3416 Et
3274 3361 3343 3415 δὲ
3382 3365 3417 3416 ό
3442 3360 3700 3429 Χριστὸς

2118 3459 2230 3511 οὐκ
2247 3456 2576 3526 ἐγήγερται,
2602 3454 2823 3525 ματαία
2839 3453 2937 3507 καί
2959 3455 2996 3523 ἡ
3020 3457 3108 3520 εὶς
3123 3451 3310 3507 αὐτὸν
3327 3452 3528 3516 πίστις
3544 3450 3695 3503 ἐστι’.

2118 3544 2229 3615 Τῆς
2262 3544 2370 3616 γὰρ
2401 3545 2716 3617 προτάσεως
2766 3541 3000 3615 ἀληθοῦς
3039 3541 3226 3613 οὔσης,
3264 3542 3345 3595 ὅτι
3374 3539 3607 3612 Χριστὸς
3635 3540 3699 3591 ἐκ

2116 3636 2326 3707 νεκρῶν
2354 3638 2666 3709 ἐγήγερται,
2697 3636 2790 3689 καὶ
2814 3635 2876 3689 τὸ
2909 3634 3249 3706 συνημμένον
3284 3633 3458 3703 τούτῳ
3483 3631 3707 3693 πάντως

2118 3728 2315 3799 ἀληθὲς
2344 3724 2480 3782 εἶναι
2508 3727 2634 3800 χρὴ,
2658 3726 2719 3780 τὸ
2744 3726 2953 3800 νεκρῶν
2978 3724 3115 3779 εἶναι
3138 3724 3449 3785 ἀνάστασιν;
3484 3724 3564 3795 Τῇ
3588 3723 3700 3795 γὰρ

2122 3823 2320 3892 μερικῇ
2356 3819 2626 3884 ἀποδείξει
2669 3818 2760 3871 καὶ
2805 3818 2867 3871 τὸ
2906 3818 3135 3871 καθόλου
3192 3817 3693 3873 συναποδείκνοται.

2118 3915 2231 3969 Καὶ
2256 3914 2316 3967 τὺ
2344 3913 2577 3985 ἔμπαλιν
2611 3912 2665 3965 εί
2684 3930 2767 3976 τις
2792 3911 2852 3965 τὸ
2887 3912 3115 3967 καθόλου
3146 3912 3339 3982 ψεῦδος
3366 3906 3504 3965 εἶναι
3527 3910 3695 3977 λέγοι,

2118 4006 2179 4058 τὸ
2198 4004 2414 4078 νεκρῶν
2442 3999 2580 4057 εἶναι
2608 4002 2923 4067 ἀνάστασιν,
2969 4001 3092 4055 οὐδὲ
3117 4001 3180 4054 τὸ
3206 4000 3298 4054 ἐπὶ
3328 4000 3526 4071 μέρους
3562 3999 3696 4052 πάν-

2118 4116 2223 4162 τως
2250 4096 2441 4166 ἀληθὲς
2490 4093 2951 4166 εὐρεθήσεται,τὸ
2993 4092 3084 4147 τὸν
3111 4092 3341 4163 Χριστὸν
3388 4093 3452 4144 ὲκ
3491 4090 3695 4159 νεκρῶν

2119 4189 2433 4261 ὲγηγέρθαι.
2464 4186 2538 4239 Τὸ
2565 4185 2671 4256 γάρ
2696 4184 2927 4238 καθόλου
2961 4184 3218 4237 ἀδύνατον
3249 4181 3370 4237 οὐδέ
3412 4199 3517 4235 τινι
3538 4181 3695 4233 δυνα-

2119 4280 2210 4334 τὸν
2253 4279 2404 4332 ἔσται
2450 4277 2688 4340 πάντως.
2722 4275 2882 4329 Ἀλλά
2911 4275 3017 4348 μὴν
3053 4274 3210 4329 τοῦτο
3255 4275 3367 4337 τοῖς
3396 4272 3699 4344 παραδεξαο

2123 4374 2303 4443 μένοις
2332 4370 2422 4423 τὸν
2452 4368 2625 4437 Λόγον
2667 4368 2854 4421 πιστόν
2902 4369 3017 4421 ἐστι
3043 4366 3140 4421 καὶ
3177 4365 3580 4435 ἀναντίρρητον,
3613 4363 3694 4415 ὅτι

2121 4461 2354 4533 Χριστὸς
2387 4462 2684 4532 ἐγήγερται
2713 4461 2777 4513 ὲκ
2814 4459 3044 4529 νεκρῶν,
3084 4456 3387 4526 ἀναγκαίως
3421 4457 3478 4509 ἐν
3511 4457 3576 4526 τῇ
3603 4471 3695 4524 με·

446 4560 640 4616 nempe
668 4545 949 4600 Christum
976 4544 1289 4607 surrexisse
1308 4559 1338 4598 a
1376 4546 1628 4601 mortuis.
1653 4546 1788 4602 Nam
1818 4549 1866 4604 si
1897 4549 2018 4602 uni-

2125 4524 2249 4626 ρι’κῇ
2273 4553 2375 4623 τῆς
2402 4524 2749 4615 ἀναστάσεως
2775 4548 2869 4604 τοῦ
2904 4524 3141 4621 Χριστοῦ
3170 4524 3348 4602 πίστει
3387 4546 3481 4602 καὶ
3505 4524 3696 4615 ήίκαθ-

448 4653 604 4694 verse
627 4637 741 4694 ﬁeri
769 4653 875 4692 non
907 4645 1107 4707 potest,
1130 4653 1231 4693 nec
1250 4636 1412 4692 alicui
1439 4638 1663 4693 omnino
1682 4646 1860 4709 potest
1881 4640 2021 4695 ﬁeri.

444 4728 609 4798 Atqui
634 4728 701 4783 iis
716 4728 808 4798 qui
829 4726 1067 4782 Verbum
1100 4733 1483 4798 susceperunt,
1507 4728 1612 4784 hoc
1633 4737 1715 4785 est
1738 4729 2017 4796 credibile,

445 4819 513 4872 de
542 4832 651 4887 quo
680 4818 827 4871 nulla
858 4826 944 4872 est
970 4818 1187 4886 penitus
1229 4817 1626 4885 controversia,
1675 4818 1829 4889 quod‘
1862 4817 2022 4873 Chri-

446 4916 567 4965 stus
600 4907 897 4962 resurrexit
938 4923 967 4960 a
1003 4908 1269 4962 mortuis:
1300 4910 1615 4965 necessario
1639 4924 1768 4980 ergo
1814 4911 1883 4965 in-
1908 4910 2021 4964 sin-

447 5000 621 5071 gulari
654 5000 756 5057 ﬁde
786 5000 1206 5055 resurrectionis
1236 4998 1461 5066 Christi,
1487 5001 1780 5057 credibilis
1803 5016 2028 5072 quoque

443 5094 551 5147 erit
580 5091 713 5147 ﬁdes
748 5107 869 5161 quzr
887 5099 972 5146 est
994 5092 1265 5147 universe.
1300 5089 1438 5145 Cum
1471 5107 1603 5164 ergo
1625 5106 1720 5149 eos
1742 5092 1806 5147 ad
1825 5093 2022 5162 dogma

447 5183 856 5254 suscipiendum
890 5182 970 5238 sic
1004 5183 1274 5253 coegisset
1305 5182 1658 5255 syllogistice,
1690 5198 1753 5239 ex
1778 5198 1844 5239 eo
1875 5183 2022 5254 quod

445 5277 668 5341 dixerit,
694 5277 753 5332 Si
782 5292 894 5332 non
922 5283 1008 5331 est
1038 5273 1208 5347 (nam
1233 5275 1284 5329 id
1319 5274 1465 5345 quod
1494 5275 1757 5330 universe
1781 5289 1891 5330 non
1912 5282 2019 5339 est,

448 5384 521 5425 ne
559 5369 614 5423 in
653 5368 838 5438 aliquo
870 5367 1091 5439 quidem
1138 5381 1261 5423 esse
1311 5372 1524 5436 potest,
1568 5367 1615 5420 si
1667 5381 1792 5421 eum
1839 5374 2020 5422 autem

447 5462 725 5518 credimus
775 5462 1174 5524 resurrexisse,
1212 5460 1333 5529 ejus
1378 5458 1457 5514 rei
1493 5458 1624 5513 ﬁdes
1670 5459 1866 5528 probat
1901 5458 2025 5512 uni-

446 5570 661 5612 versam
685 5554 967 5611 hominum
997 5551 1506 5623 resurrectionem),
1531 5566 1765 5621 cumque
1796 5549 1873 5604 illi
1900 5563 2025 5604 ora-

446 5647 619 5715 tioni,
659 5663 769 5719 qua
819 5646 986 5717 hujus
1049 5645 1318 5717 dogmatis
1374 5644 1628 5699 universa
1678 5641 2022 5697 concluditur

447 5739 810 5803 conﬁrmatio,
860 5740 968 5795 hoc
1014 5738 1328 5810 adiecisset,
1376 5736 1520 5807 quod
1568 5735 1712 5791 sicut
1744 5736 1798 5791 in
1849 5736 2019 5790 Adam

450 5847 644 5889 omnes
684 5830 1016 5900 moriuntur,
1064 5832 1139 5887 ita
1178 5832 1344 5887 etiam
1379 5829 1434 5885 in
1466 5828 1684 5885 Christo
1720 5842 1909 5884 omnes
1948 5829 2019 5883 vi-

2119 4646 2241 4700 όλου
2266 4645 2327 4699 τὸ
2359 4644 2548 4699 πιστὸν
2575 4643 2707 4708 ἕξει.
2739 4642 2895 4697 Οὕτω
2927 4641 3107 4695 τοίνυν
3149 4640 3345 4703 αὐτοὺς
3370 4637 3693 4705 συλλογιστι-

2121 4737 2233 4801 κῶς
2270 4736 2407 4808 πρὸς
2440 4734 2539 4808 τὴν
2576 4732 2886 4807 παραδοχὴν
2922 4732 3014 4786 τοῦ
3060 4732 3323 4801 δόγματος
3365 4728 3695 4795 συναναγκά-

2122 4848 2242 4895 σας,
2279 4830 2342 4882 ὲκ
2372 4827 2465 4882 τοῦ
2496 4829 2688 4891 εἰπεῖν,
2715 4827 2796 4879 ὅτι
2830 4822 2894 4878 Εἰ
2929 4826 3003 4895 μή
3039 4826 3185 4877 ἐστιν
3216 4822 3306 4894 ρτὸ
3336 4821 3443 4891 γὰρ
3471 4819 3697 4872 καθόλου

2125 4921 2201 4992 μὴ
2249 4920 2329 4986 ὃν,
2373 4918 2494 4973 οὐδὲ
2549 4918 2605 4971 ἐν
2647 4935 2756 4973 τινι
2791 4916 3015 4970 δυνατὸν
3075 4910 3246 4971 εῖναι-
3300 4915 3348 4965 εί
3409 4912 3468 4964 δὲ
3512 4910 3694 4964 τοῦτον

2124 5013 2418 5087 ἐγηγέρθαι
2454 5010 2799 5082 πιστεύομεν,
2845 5010 2943 5080 τῆς
2992 5006 3218 5061 καθόλου
3256 5004 3363 5057 τῶν
3400 5002 3696 5074 ἀνθρώπων

2124 5106 2522 5175 ἀναστάσεωςὴ
2557 5103 2686 5174 περὶ
2710 5101 2899 5155 τούτου
2934 5096 3414 5161 πίστιςάπόδειξις
3446 5094 3691 5164 γίνεται),

2124 5201 2220 5255 καὶ
2252 5198 2505 5270 προσθεὶς
2552 5198 2728 5250 ἐκεῖνο
2772 5192 2850 5263 τῷ
2879 5191 3044 5260 λόγῳ,
3086 5183 3130 5259 ᾧ
3171 5191 3331 5243 πᾶσα·
3360 5190 3393 5258 ἡ
3432 5186 3559 5257 περὶ
3606 5181 3692 5236 τοῦ

2120 5292 2391 5364 δόγματος
2406 5287 2594 5342 τούτου
2612 5284 2921 5355 κατασκευὴ
2939 5282 3384 5354 συμπεραίνεται,
3400 5278 3692 5345 τὸ,”Ωσπερ

2125 5385 2183 5437 ἐν
2210 5382 2287 5452 τῷ
2324 5379 2495 5450 Ἀδάμ
2520 5378 2717 5438 πάντες
2745 5374 3195 5447 ἀποθνήσκουσιν,
3218 5372 3389 5433 οὕτως
3422 5371 3517 5422 καὶ⁸
3544 5371 3604 5421 ἐν
3620 5366 3693 5436 τῷ

2123 5465 2342 5539 Χριστῷ
2373 5465 2575 5527 πάντες
2612 5462 3124 5534 ζωοποιηθήσονται·
3155 5458 3341 5529 σαφῶς
3374 5457 3570 5511 ὲκκαλύ
3583 5472 3693 5508 πτει

2126 5561 2187 5614 τὸ
2219 5558 2346 5632 περὶ
2372 5556 2561 5611 τούτου
2594 5555 2908 5627 μυστήριον,
2940 5553 3075 5624 πρὸς
3111 5553 3140 5606 ὃ
3171 5569 3223 5604 τι
3270 5550 3452 5621 βλέπει
3501 5550 3557 5602 ὲν
3587 5551 3692 5610 τοῖς

2128 5650 2346 5721 ἐφεξῆς,
2367 5650 2455 5704 διά
2480 5664 2625 5710 τινος
2647 5644 2950 5715 ἀναγκαίας
2994 5640 3307 5705 ἀκολουθίας
3340 5640 3477 5713 πρὸς
3518 5638 3577 5694 τὸ
3604 5637 3693 5690 πέει

2130 5762 2228 5816 ρας
2252 5742 2360 5797 τῶν
2383 5739 2747 5812 ἐλπιζομένων
2768 5735 3056 5791 διευθύνων
3084 5734 3174 5789 τὸν
3196 5733 3369 5804 λόγον.
