3888 6530
269 443 402 498 tri-l5

857 439 924 496 IN
965 441 1192 509 ILLUD,
1229 437 1415 498 TUNC
1453 440 1606 498 IPSE
1630 439 1858 500 FILlUS
1888 437 2360 510 SUBJICIETUR,
2401 442 2581 512 ETC.,
2625 440 2908 503 ORATIO.

3367 446 3509 504 l3”

267 556 661 613 vilieahuntnr:
693 568 878 630 aperte
920 558 990 615 de
1025 573 1090 612 ea
1121 574 1186 614 re
1229 559 1432 614 revelat
1481 559 1824 630 mysterium,
1861 573 1972 629 quo
2014 566 2224 628 spectet
2253 560 2307 613 in
2339 559 2408 615 iis
2431 575 2552 630 qua:
2579 567 3014 632 consequuntur,
3084 573 3182 630 per
3249 574 3509 616 necessa-

267 651 402 706 riam
446 650 735 720 quamdam
783 653 1231 720 consequentiam
1278 651 1348 707 ad
1401 654 1560 710 finem
1615 668 1832 718 eorum,
1870 667 1992 722 ῳιαε
2027 660 2337 723 sperantur,
2370 653 2614 726 dirigens
2638 657 2962 712 orationem.

342 740 404 796 '0
433 743 490 796 δὲ
532 744 731 808 σκοπὸς
762 745 873 799 τῶν
911 747 1209 817 γινομένων
1246 742 1399 812 οὗτός
1437 749 1604 804 ἐστιν.
1645 747 1834 818 Ἐκθή-

2015 746 2113 807 Hic
2155 755 2240 806 est
2278 757 2456 806 autem
2489 765 2693 821 scapus
2727 763 2781 808 et
2825 753 3132 810 institutum
3163 767 3348 808 eorum
3390 768 3513 823 qua:

266 854 430 908 σομαι
475 838 532 892 δὲ
579 837 842 909 πρότερον
890 841 958 909 τῇ
1006 839 1244 910 ἐμαυτοῦ
1285 839 1427 905 λέξει
1471 840 1570 908 τὴν
1603 839 1840 896 διάνοιαν

264 928 369 980 τῶν
400 929 830 998 γεγραμμένωνο
877 925 978 982 εἷθ’
1022 927 1166 984 οὕτω
1215 930 1508 1002 προσθήσω
1549 931 1640 986 τοῦ
1685 932 1842 988 Ἀπο-

267 1019 450 1076 στόλου
496 1019 587 1076 τὸν
631 1021 786 1089 λόγον
825 1021 917 1076 τὸν
959 1025 1025 1094 τῇ
1074 1024 1206 1095 παρ’
1254 1023 1411 1094 ἡμῶν
1451 1023 1843 1098 προεκτιθείσῃ

262 1109 470 1181 διανοίᾳ
512 1110 970 1182 ἐφαρμοζόμενον.
1026 1112 1124 1177 Τίς
1169 1108 1265 1167 οὖν
1299 1116 1332 1168 6
1375 1113 1470 1168 τοῦ
1513 1114 1670 1184 λόγου
1725 1116 1842 1170 ἐστὶ

265 1202 487 1266 σκοπὸς,
525 1203 585 1257 ὃν
623 1204 937 1276 δογματίζει
977 1208 1036 1261 ἐν
1078 1205 1272 1277 ἐκείνῳ
1318 1205 1396 1275 τῷ
1429 1207 1588 1279 μέρει
1623 1208 1654 1262 6
1699 1207 1843 1272 θεῖος

279 1293 626 1361 ’Λπόστολος;
654 1297 774 1350 Ὅτι
802 1298 931 1352 ποτὲ
967 1297 1102 1370 πρὸς
1128 1297 1190 1351 τὸ
1241 1299 1316 1369 μὴ
1364 1297 1424 1352 ὃν
1464 1301 1497 1370 ἡ
1541 1297 1635 1353 τοῦ
1670 1298 1840 1353 κακοῦ

267 1380 426 1449 φύσις
484 1387 857 1458 μεταχωρήσει
875 1428 890 1452 ,
943 1387 1222 1451 παντελῶς
1277 1387 1694 1458 ἐξαφανισθεῖσα
1744 1388 1840 1443 τοῦ

1935 836 2216 895 dicuntur.
2256 839 2536 912 Exponam
2571 851 2749 899 autem
2781 843 2937 913 prius
2963 859 3080 900 mea
3108 843 3350 900 dictione
3376 858 3506 899 seu-

1936 944 2058 985 sum
2089 945 2279 990 eorum
2331 947 2454 1003 quae
2497 935 2702 1004 scripta
2742 942 2872 990 sunt
2898 976 2916 1002 ,
2957 943 3015 991 et
3062 935 3258 992 deinde
3311 930 3509 989 addam

1935 1037 2246 1078 sermonem
2297 1024 2541 1094 Apostoli
2580 1019 2991 1083 convenientem
3024 1025 3307 1081 sententia:
3347 1041 3379 1080 a
3410 1040 3511 1080 no-

1939 1111 2025 1167 bis
2057 1113 2208 1182 prius
2237 1116 2520 1184 exposite.
2547 1115 2809 1180 Quisnam
2839 1124 2924 1171 est
2952 1130 3083 1186 ergo
3115 1130 3312 1185 seoan
3334 1115 3508 1177 verbi,

1939 1201 2100 1272 cujus
2130 1204 2186 1259 in
2228 1220 2292 1260 ea
2325 1217 2478 1274 parte
2509 1205 2704 1276 dogma
2736 1208 2901 1263 tradit
2929 1207 3149 1264 divinus
3176 1207 3512 1278 Apostolus?

1938 1292 2096 1361 Quod
2141 1296 2435 1366 aliquando
2464 1297 2531 1355 ad
2565 1298 2798 1354 nihilum
2846 1299 3102 1356 transibit
3134 1300 3263 1355 mali
3292 1308 3508 1365 natura,

1939 1385 2099 1455 plene
2141 1395 2196 1442 et
2239 1388 2478 1458 perfecte
2520 1387 2697 1446 deleta
2728 1404 2796 1444 ex
2828 1405 3008 1444 rerum
3047 1389 3321 1456 essentia;
3372 1388 3509 1445 divi-

263 1470 433 1536 ὄντος,
458 1474 550 1527 καὶ
578 1476 756 1528 πᾶσαν
793 1476 1016 1548 λογικὴν
1051 1475 1211 1547 φύσιν
1251 1479 1285 1547 ἡ
1316 1477 1434 1531 θεία
1469 1496 1530 1534 τε
1571 1480 1666 1534 καὶ
1705 1480 1834 1550 ἀκή-

1939 1490 2118 1546 neque
2171 1484 2227 1531 ct
2280 1478 2352 1532 ab
2392 1479 2550 1536 omni
2609 1478 2830 1534 interitu
2887 1480 3064 1534 aliena
3104 1480 3319 1534 bonitas
3361 1481 3413 1534 in
3449 1495 3511 1536 se

267 1579 430 1632 ρατος
457 1564 722 1636 ἀγαθότης
747 1570 803 1622 ἐν
826 1569 991 1639 ἑαυτῇ
1021 1571 1277 1642 περιέξει,
1307 1571 1533 1642 μηδενὸς
1559 1570 1666 1625 τῶν
1691 1571 1834 1643 παρὰ

1939 1567 2238 1622 continebit
2270 1583 2486 1623 omnem
2512 1577 2761 1623 naturam
2791 1570 3001 1625 ratione
3027 1571 3328 1639 praeditam,
3360 1572 3510 1628 nullo

265 1652 358 1706 τοῦ
387 1653 520 1708 Θεοῦ
557 1657 854 1724 γεγονότων
888 1661 986 1730 τῆς
1025 1659 1304 1729 βασιλείας
1344 1661 1437 1715 τοῦ
1477 1660 1610 1715 Θεοῦ
1651 1663 1834 1716 ἀποπί-

1940 1675 2004 1712 ex
2047 1656 2114 1711 iis
2146 1658 2238 1727 qui
2270 1674 2299 1711 a
2334 1657 2444 1713 Deo
2478 1659 2606 1714 facti
2641 1669 2770 1716 sunt
2800 1661 3086 1716 excidente
3130 1675 3160 1713 a
3193 1675 3358 1732 regno
3389 1660 3507 1726 Dei,

265 1761 510 1810 πτοντος,
547 1747 672 1800 ὅταν
709 1749 886 1820 πάσης
923 1751 1020 1821 τῆς
1064 1750 1422 1822 ἐμμιχθείσης
1453 1754 1565 1815 τοῖς
1593 1747 1710 1806 οὖσι
1738 1770 1834 1807 κα-

1939 1747 2160 1815 quando
2209 1747 2356 1800 omni
2403 1747 2536 1802 vitio
2587 1748 2733 1818 quod
2772 1749 2937 1804 rebus
2985 1749 3163 1804 fuerat
3208 1749 3510 1805 immistutn

266 1836 390 1900 κίας
417 1831 526 1890 οἷόν
555 1855 696 1904 τινος
757 1840 889 1910 ῦλης
932 1841 1204 1913 κιϐδήλου,
1229 1843 1320 1897 διὰ
1367 1844 1467 1914 τῆς
1500 1843 1595 1898 τοῦ
1635 1845 1834 1916 καθαρ·

1941 1843 2198 1905 tanquam
2233 1837 2412 1907 aliqua
2457 1842 2710 1903 materia,
2743 1855 2842 1909 per
2882 1840 3022 1909 ignis
3050 1840 3349 1910 purgatorii
3377 1854 3512 1894 con-

265 1925 382 1980 σίου
418 1926 584 1998 πυρὸς
631 1931 857 1999 χωνείας
897 1932 1284 2004 ἀναλυθείσης,
1330 1934 1568 1988 τοιοῦτον
1615 1934 1834 2006 γένηται

1941 1935 2159 1997 sumpto
2203 1926 2498 1991 fusionem.
2567 1944 2730 1985 omne
2778 1929 2923 2001 quod
2962 1945 2992 1986 a
3041 1929 3152 1986 Deo
3194 1941 3372 1985 ortum
3422 1931 3511 1985 ha-

265 2018 374 2071 πᾶν
397 2017 426 2071 ὃ
454 2021 605 2090 παρὰ
627 2021 720 2074 τοῦ
743 2021 875 2076 Θεοῦ
905 2023 1030 2093 ἔσχε
1057 2024 1156 2095 τὴν
1181 2025 1414 2093 γένεσιν,
1437 2018 1548 2078 οἷον
1579 2024 1639 2089 ἐξ
1667 2027 1834 2098 ἀρχῆς

1941 2016 2084 2083 buit,
2137 2019 2244 2074 tale
2307 2017 2509 2077 factum
2574 2019 2752 2086 fuerit,
2815 2019 2976 2089 quale
3027 2027 3146 2076 erat
3197 2021 3266 2074 ab
3329 2019 3508 2085 initio,

261 2105 351 2180 ἦν,
376 2109 462 2168 ὅτε
487 2086 638 2165 οῦπω
659 2113 756 2183 τὴν
789 2086 1251 2180 κακίαν-ἐδέξατο.
1283 2086 1452 2170 Τοῦτο
1497 2116 1552 2170 δέ
1594 2086 1834 2186 -ίινέσόἑιζ

1939 2109 2160 2178 quando
2185 2109 2422 2165 nondum
2448 2120 2762 2181 susceperat
2791 2086 3004 2166 vitium.
3032 2111 3144 2167 Hoc
3180 2119 3358 2167 autem
3375 2112 3512 2168 dicit

264 2199 410 2268 λέγει
453 2200 655 2266 οὕτως·
692 2203 957 2274 Ἐγένετο,
988 2207 1171 2282 φησὶν,
1217 2209 1276 2261 ἐν
1314 2211 1380 2278 τῇ
1432 2207 1596 2280 θνητῇ
1644 2226 1704 2262 τε
1746 2209 1834 2264 καὶ

1939 2201 2020 2258 sic
2041 2201 2155 2257 ﬁeri
2177 2219 2190 2256 :
2213 2201 2356 2266 Fuit,
2385 2203 2585 2273 inquit,
2612 2204 2668 2258 in
2692 2203 2906 2258 mortali
2937 2211 2991 2258 et
3012 2202 3252 2264 interitui
3273 2204 3508 2258 obnoxia

262 2290 511 2362 ὲπικήρῳ
539 2292 647 2346 τῶν
669 2294 974 2362 ἀνθρώπων
1006 2297 1167 2368 φύσει
1205 2298 1481 2370 ηκαθαρά
1504 2301 1598 2352 καὶ
1625 2300 1834 2372 ἀκήραι

1942 2292 2222 2350 hominum
2256 2303 2486 2362 natura,
2519 2310 2655 2365 pura
2684 2302 2740 2351 et
2765 2295 2836 2350 ab
2864 2294 3084 2349 interitu
3104 2294 3279 2349 aliena
3310 2293 3511 2362 Unige-

263 2393 353 2440 τος
366 2377 458 2430 τοῦ
475 2379 810 2449 Μονογενοῦς
841 2384 1052 2455 θεότης.
1088 2387 1184 2443 Ἐκ
1213 2389 1394 2458 πάσης
1422 2387 1480 2440 δὲ
1505 2388 1604 2458 τῆς
1629 2389 1834 2460 ἀνθρῶμ

1939 2383 2037 2438 niti
2060 2382 2338 2440 divinitas.
2360 2384 2437 2439 Ex
2458 2386 2604 2448 omni
2622 2393 2800 2443 autem
2822 2386 3058 2444 humana
3075 2393 3288 2450 natura,
3309 2388 3394 2441 cui
3415 2387 3512 2442 ad-

264 2464 424 2536 πίνης
451 2466 683 2539 φύσεως,
817 2475 1118 2546 κατεμίχθη
1152 2475 1214 2532 τὸ
1257 2475 1419 2541 θετον,
1457 2473 1569 2532 οἷον
1613 2480 1834 2552 ἀπαρχή

1939 2471 2102 2526 mista
2141 2473 2244 2529 fuit
2274 2473 2551 2538 divinitas.
2580 2475 2744 2531 veluti
2773 2476 3025 2545 primitiae
3053 2475 3360 2533 communis
3378 2491 3514 2532 con-

261 2572 346 2618 τις
371 2557 465 2610 τοῦ
496 2560 674 2642 κοινοῦ
709 2564 1024 2634 φυράματος
1061 2568 1090 2620 6
1119 2568 1260 2621 κατὰ
1296 2567 1530 2638 Χριστὸν
1555 2570 1834 2642 ἄνθρωπος

1938 2561 2240 2630 spersionis
2268 2563 2314 2616 is
2344 2563 2435 2632 qui
2463 2564 2517 2616 in
2543 2563 2764 2617 Christo
2793 2570 2878 2617 est
2913 2562 3076 2616 homo
3109 2564 3379 2628 constitit,
3413 2579 3512 2634 per

261 2645 490 2719 ὑπέστη,
508 2648 572 2702 δι’
585 2641 645 2702 οὗ
664 2654 940 2726 προσεφύη
959 2659 1025 2727 τῇ
1048 2655 1257 2730 θεότητι
1273 2660 1381 2713 πᾶν
1398 2659 1459 2713 τὸ
1477 2641 1833 2732 ἀνθρώπινον.

1937 2666 2102 2721 quem
2153 2651 2425 2709 divinitati
2462 2652 2717 2707 universa
2751 2651 2952 2706 adnata
3005 2659 3059 2705 et
3094 2651 3351 2720 adjuncta
3405 2652 3512 2708 fuit

273 2736 490 2808 Ἐπειδὴ
515 2741 689 2794 τοίνυν
725 2746 782 2796 ἐν
807 2744 999 2817 ἐκείνῳ
1022 2751 1172 2805 πᾶσα
1206 2750 1400 2813 κακίας
1437 2751 1598 2821 φύσις
1639 2752 1834 2824 ἐξηφα-

1935 2740 2272 2798 humanitas.
2299 2741 2566 2807 Quoniam
2596 2756 2726 2813 ergo
2745 2742 2909 2796 inillo
2939 2739 3113 2798 deleta
3133 2742 3235 2796 fuit
3257 2743 3510 2800 universa

260 2825 442 2898 νίσθη.
469 2827 527 2890 ὃς
544 2829 817 2900 ἁμαρτίαν
839 2833 940 2888 οὐκ
957 2835 1232 2912 ἐποίησεν,
1261 2838 1442 2903 καθώς
1464 2857 1628 2911 φησιν
1650 2843 1680 2895 6
1710 2858 1834 2913 προ-

1935 2841 2130 2892 natura
2147 2832 2284 2895 vitii,
2303 2832 2396 2901 qui
2423 2841 2703 2901 peccatum
2740 2846 2846 2886 non
2875 2831 3022 2897 fecit,
3053 2831 3196 2888 sicut
3226 2834 3357 2888 dicit
3386 2850 3512 2906 pro-

260 2917 460 2992 φήτης,
488 2919 637 2972 Οὐδὲ
659 2921 870 2992 εὑρέθη
906 2924 1086 2994 δόλος
1121 2929 1190 2983 ὲν
1225 2929 1306 2994 τῷ
1345 2933 1593 3000 στόματι
1627 2933 1834 2998 αὑτοῦ,

1935 2920 2118 2990 pheta,
2143 2921 2251 2980 Nec
2271 2921 2507 2974 inuentus
2521 2930 2599 2973 est
2618 2919 2769 2973 dolus
2785 2920 2840 2974 in
2859 2936 2948 2974 ore
2974 2920 3088 2990 ejus
3117 2921 3182 2987 ",
3223 2919 3386 2978 simul
3411 2937 3510 2978 auo

261 3009 628 3083 συνηιρανίσθη
679 3014 738 3069 δὲ
797 3015 935 3086 μετά
978 3019 1077 3089 τῆς
1121 3019 1394 3090 ἁμαρτίας
1442 3021 1501 3074 ἐν
1543 3021 1620 3093 τῷ
1678 3018 1832 3091 αὐτῷ

1936 3018 2042 3066 tem
2065 3026 2189 3066 eum
2219 3018 2442 3091 peccato
2477 3012 2652 3067 deleta
2678 3026 2896 3081 quoque
2925 3009 3024 3066 fuit
3058 3027 3182 3083 quae
3207 3028 3275 3069 ex
3302 3027 3370 3069 eo
3385 3022 3509 3070 erat

263 3101 359 3154 καὶ
381 3102 410 3153 6
447 3103 824 3158 ἐπακολουθῶν
845 3107 980 3178 αὐτῇ
1011 3107 1278 3178 θάνατος(
1302 3110 1364 3165 οὐ
1385 3111 1494 3183 γάρ
1524 3113 1672 3167 ἐστιν
1699 3112 1832 3185 ἄλλη

1933 3107 1987 3156 et
2023 3101 2198 3171 ipsum
2231 3102 2564 3171 sequebatur
2617 3118 2767 3160 mors
2813 3106 2946 3172 (non
2984 3111 3065 3158 est
3115 3105 3261 3159 enim
3312 3107 3510 3162 mortis

259 3189 496 3246 Θανάτου
527 3193 740 3262 γένεσις
785 3196 924 3268 πλὴν
961 3197 1264 3270 ἁμαρτίην
1291 3200 1465 3272 ἀρχὴν
1509 3201 1699 3255 ἔλασεν
1738 3205 1832 3258 ἀπ’

1933 3193 2037 3249 alia
2068 3194 2344 3262 generatio
2371 3209 2533 3263 quam
2561 3195 2864 3264 peccatum)
2890 3210 2904 3246 :
2937 3194 3004 3250 ab
3049 3195 3144 3249 illo
3166 3196 3378 3267 accepit
3404 3197 3513 3251 ini-

261 3284 468 3339 ἐκείνου
493 3286 522 3340 6
553 3303 612 3340 τε
638 3287 739 3358 τῆς
769 3291 967 3354 κακίας
996 3292 1324 3363 ἀφανισμδς,
1349 3293 1444 3347 καὶ
1476 3296 1511 3366 ἡ
1543 3294 1634 3348 τοῦ
1666 3295 1831 3352 θανά-

260 3391 356 3430 του
401 3377 714 3443 κατάλυσις,
749 3375 868 3434 εἶτα
915 3381 1106 3454 ὥσπερ
1151 3400 1238 3447 τις
1283 3384 1436 3452 τάξις
1483 3386 1714 3458 ἐπετέθη
1745 3388 1834 3443 διά

259 3480 408 3534 τινος
437 3467 754 3533 ἀκολουθίας
778 3470 856 3541 τῷ
882 3473 1170 3545 γινομένῳ.
1211 3475 1285 3529 Τὸ
1305 3475 1415 3547 γὰρ
1442 3477 1528 3530 ἀεὶ
1568 3478 1710 3554 κατά
1734 3478 1833 3551 τὴν

259 3555 355 3610 τοῦ
385 3557 586 3625 ἀγαθοῦ
608 3559 872 3620 ὑπόϐασιν
894 3562 1094 3632 μᾶλλον
1119 3563 1370 3633 ἀφεστὼς
1394 3564 1488 3619 τοῦ
1513 3566 1752 3638 πρώτου,
1788 3569 1821 3639 ἢ

261 3649 685 3720 προσεχέστερον
728 3651 1135 3722 εὑρισκόμενον,
1178 3655 1326 3718 ὅπως
1355 3656 1422 3711 ἂν
1469 3657 1627 3724 ἀξίας
1647 3675 1709 3711 τε
1740 3659 1835 3713 καὶ

257 3738 543 3807 δυνάμεως
561 3741 787 3794 ἕκαστον
808 3740 928 3812 ἔχῃ,
951 3741 1122 3806 οὕτως
1145 3743 1498 3802 ἐπακολουθεῖ
1514 3763 1555 3799 π
1562 3747 1833 3816 ροάγοντι.

263 3828 430 3880 Ὥστε
463 3829 600 3899 μετὰ
624 3828 718 3882 τὸν
750 3831 810 3884 ἐν
837 3829 916 3901 τῷ
950 3831 1172 3902 Χριστῷ
1195 3833 1500 3906 ἄνθρωπον,
1537 3835 1598 3898 6;
1617 3837 1834 3906 ἐγένετο

259 3919 486 3992 ἀπαρχὴ
511 3919 610 3990 τῆς
656 3920 867 3990 φύσεως
912 3921 1073 3993 ἡμῶν
1113 3922 1404 3994 δεξάμενος
1432 3928 1490 3980 ἐν
1531 3926 1708 3997 ἐαυτῷ
1735 3927 1834 3998 τὴν

255 4007 514 4080 θεότητα,
547 4010 606 4076 ὂς
634 4011 728 4064 καὶ
757 4011 980 4082 ἀπαρχὴ
1010 4012 1124 4068 τῶν
1151 4014 1564 4084 κεκοιμημένων
1596 4015 1832 4084 ἐγένετο,

258 4099 360 4154 καὶ
397 4101 737 4171 πρωτότοκος
767 4103 832 4156 ἐκ
877 4101 987 4156 τῶν
1036 4103 1266 4174 νεκρῶν,
1301 4102 1468 4167 λύσας
1494 4103 1595 4168 τὰς
1636 4104 1835 4171 ὠδῖνας

260 4191 358 4244 τοῦ
389 4191 618 4250 θανάτου
637 4209 650 4224 ³
689 4193 827 4265 μετὰ
853 4193 1040 4257 τοῦτον
1081 4193 1258 4249 τοίνυν
1291 4195 1383 4252 τὸν
1408 4194 1710 4267 ἄνθρωπον,
1739 4198 1836 4252 τὸν

261 4280 493 4336 καθόλου
522 4284 626 4354 τῆς,
661 4284 935 4355 ἁμαρτίας
972 4287 1392 4358 κεχωρισμένον,
1429 4288 1524 4344 καὶ
1553 4289 1834 4360 καταργή-

265 4391 434 4427 σαντα
465 4377 523 4428 ἐν
554 4375 732 4447 ἑαυτῷ
775 4376 868 4432 τοῦ
907 4377 1137 4440 θανάτου
1164 4378 1224 4431 τὸ
1263 4377 1484 4449 κράτος.
1515 4379 1613 4437 καὶ
1654 4381 1834 4435 πᾶσαν

259 4463 429 4518 αὑτοῦ
462 4464 636 4538 ἀρχήν
668 4483 730 4519 τε
770 4467 862 4520 καὶ
907 4467 1154 4533 ἐξουσίαν
1185 4468 1285 4524 καὶ
1323 4466 1548 4539 δύναμιν
1594 4468 1833 4525 καταλύ-

260 4572 433 4610 σαντα
455 4596 471 4622 ,
505 4557 558 4610 εί
579 4574 662 4622 τις
714 4558 857 4622 κατά
885 4558 980 4613 τὸν
1004 4558 1215 4614 Παῦλον
1259 4559 1508 4633 εὑρεθείη
1543 4558 1637 4615 τὸν
1661 4560 1737 4624 ὡς
1763 4555 1833 4632 ἦν

255 4646 485 4703 δυνατὸν
519 4648 764 4720 μιμητὴν
809 4648 904 4703 τοῦ
943 4649 1182 4720 Χριστοῦ
1233 4651 1522 4722 γενόμενον
1554 4652 1613 4708 ἐν
1639 4653 1708 4722 τῇ
1737 4651 1832 4706 τοῦ

1931 3285 2066 3344 tium
2105 3294 2160 3341 et
2190 3284 2304 3340 vitii
2326 3284 2543 3344 delatio.
2578 3293 2634 3340 et
2663 3285 2853 3340 mortis
2883 3284 3193 3352 dissolutio,
3223 3285 3419 3342 deinde
3442 3288 3493 3344 ei

1934 3375 2078 3444 quod
2129 3375 2307 3439 ﬁebat,
2351 3390 2447 3445 per
2493 3375 2784 3446 quamdam
2824 3377 3309 3446 consequentiam,
3343 3378 3508 3436 veluti

1932 3466 2153 3536 quidam
2170 3466 2303 3522 ordo
2319 3465 2422 3520 fuit
2439 3465 2871 3535 adjectus.Quod
2887 3467 3030 3525 enim
3056 3482 3154 3536 per
3172 3468 3298 3524 boni
3320 3467 3509 3525 decre-

1935 3568 2174 3618 mentum
2209 3573 2424 3628 semper
2447 3557 2663 3628 longius
2686 3557 2916 3614 recessit
2940 3573 2972 3612 a
3006 3559 3213 3629 primo,
3240 3567 3333 3614 aut
3359 3559 3506 3632 quod

1933 3651 2240 3706 invenimus
2286 3649 2652 3720 propinquius
2678 3687 2694 3713 ,
2729 3656 2892 3718 prout
2939 3656 3030 3718 est,
3074 3647 3508 3719 uniuscujusque

1931 3741 2167 3812 dignitas
2198 3752 2253 3799 et
2278 3750 2542 3812 potestas,
2571 3742 2646 3796 ita
2679 3740 2927 3810 sequitur
2964 3738 3019 3794 id
3054 3739 3200 3811 quod
3226 3739 3505 3811 praecedit.

1933 3829 2296 3897 Quamobrem
2324 3839 2447 3900 post
2473 3846 2598 3886 eum
2627 3829 2722 3900 qui
2750 3830 2919 3886 estin
2949 3827 3170 3885 Christo
3208 3829 3506 3896 hominem,

1932 3919 2026 3989 qui
2055 3917 2161 3978 fuit
2183 3920 2439 3990 primitiae
2472 3929 2673 3975 nostra:
2700 3926 2934 3983 naturae,
2961 3928 3217 3989 suscepta
3243 3918 3300 3972 in
3339 3934 3398 3974 se
3420 3919 3507 3974 di-

1932 4009 2176 4076 vinitate,
2206 4010 2300 4080 qui
2331 4008 2435 4066 fuit
2453 4009 2617 4068 etiam
2646 4010 2906 4080 primitiae
2926 4025 3116 4066 eorum
3146 4010 3240 4081 qui
3269 4011 3508 4069 dormie-

1933 4109 2083 4167 runt,
2121 4109 2177 4155 et
2226 4099 2628 4171 primogenitus
2672 4115 2741 4155 ex
2791 4100 3046 4161 mortuis.
3078 4101 3274 4158 solutis
3314 4102 3508 4160 mortis

1931 4189 2247 4256 doloribus;
2278 4200 2399 4260 post
2431 4189 2578 4248 hunc
2605 4205 2734 4260 ergo
2765 4189 3040 4244 hominem
3069 4190 3159 4261 qui
3191 4190 3292 4246 fuit
3318 4205 3348 4244 α
3375 4205 3504 4263 pec-

1932 4288 2058 4340 cato
2109 4281 2334 4338 omnino
2387 4289 2696 4351 separatus,
2720 4289 2776 4338 et
2817 4281 2927 4335 vim
2962 4280 3160 4336 mortis
3195 4281 3249 4336 in
3289 4297 3348 4338 se
3381 4282 3505 4352 ipso

1931 4371 2224 4437 destruxit,
2267 4380 2323 4428 et
2357 4387 2518 4429 omne
2555 4373 2676 4445 ejus
2722 4373 3011 4444 imperium
3060 4374 3280 4443 vimque
3315 4383 3366 4429 et
3399 4391 3503 4446 po-

1933 4471 2184 4528 testatem
2216 4463 2375 4536 fregit
2396 4471 2454 4519 et
2480 4464 2714 4522 abolevit
2737 4504 2756 4534 ,
2788 4463 2837 4520 si
2864 4464 2989 4534 quis
3035 4463 3292 4521 inventus
3341 4465 3508 4521 fuerit
3605 4503 3608 4506 ι

1933 4557 2078 4616 sicut
2122 4555 2326 4613 Paulus
2349 4595 2366 4621 ,
2395 4558 2491 4628 qui
2522 4557 2747 4619 Christi,
2778 4557 2959 4629 quoad
2989 4555 3110 4627 ejus
3149 4556 3270 4612 fieri
3303 4559 3508 4630 potuit,

1933 4645 2041 4704 fuit
2069 4648 2331 4714 imitator,
2357 4661 2389 4702 a
2421 4649 2566 4704 male
2586 4663 2648 4704 se
2675 4646 3057 4710 abalienando,
3100 4646 3148 4701 is
3179 4647 3235 4702 in
3263 4657 3506 4719 tempore

258 4737 434 4790 κακοῦ
481 4738 849 4809 ἀλλοτριώσει,
897 4742 932 4794 6
973 4741 1211 4804 τοιοῦτος
1251 4744 1319 4814 τῇ
1347 4742 1571 4814 ἀπαρχῇ
1603 4742 1834 4798 κατόπιν

1936 4736 2203 4792 adventus
2242 4751 2386 4806 pone
2425 4745 2686 4807 sequetur
2718 4736 3007 4807 primitias.
3054 4733 3118 4790 Et
3160 4751 3378 4800 rursus,
3401 4737 3506 4792 hoc

261 4828 614 4900 ἀκολουθήσει
642 4831 698 4884 ἐν
722 4830 800 4902 τῷ
825 4831 925 4901 τῆς
954 4831 1256 4902 παρουσίας
1283 4831 1478 4903 καιρῷ.
1509 4833 1617 4886 Καὶ
1647 4833 1831 4898 πάλιν,

258 4922 422 4984 τοῦτο
450 4921 594 4991 λέγω
623 4923 681 4976 δέ
727 4923 848 4978 καθ’
881 4925 1157 4989 ὑπόθεσιν,
1199 4927 1229 4982 6
1257 4925 1518 4996 Τιμόθεος
1539 4966 1557 4991 ,
1587 4925 1658 4979 ἂν
1689 4923 1834 4982 οὕτω

258 5011 421 5084 τύχῃ,
453 5014 482 5066 6
511 5013 694 5078 καθὼς
713 5009 822 5080 οἷός
849 5032 910 5069 τε
940 5012 1009 5086 ἦν
1041 5015 1422 5088 μιμησάμενος
1451 5017 1513 5071 ἐν
1530 5016 1708 5089 ἐαυτῷ
1741 5017 1836 5084 τὸν

259 5102 599 5168 διδάσκαλον,
627 5104 661 5175 ἡ
681 5121 764 5168 τις
788 5105 1026 5169 τοιοῦτος
1051 5105 1258 5177 ἔτερος,
1282 5107 1377 5162 καὶ
1401 5103 1545 5160 οὕτω
1571 5106 1830 5178 καθεξῆς,

257 5199 372 5250 ὅσοι
401 5195 488 5248 διὰ
517 5197 616 5266 τῆς
639 5196 763 5250 nar“
782 5196 958 5265 ὀλίγον
986 5196 1080 5252 τοῦ
1107 5196 1315 5266 ἀγαθοῦ
1343 5196 1588 5266 ὑφέσεως
1611 5198 1720 5254 τῶν
1743 5198 1832 5253 ἀεὶ

260 5284 751 5354 προλαμϐανόντων
801 5286 1031 5340 κατόπιν
1082 5287 1447 5358 εὑρίσκονται,
1480 5287 1586 5351 ἕως
1635 5287 1702 5342 ἂν
1752 5289 1831 5351 είς

258 5374 500 5437 ἐκείνους
524 5376 557 5445 ἠ
579 5375 868 5434 ἀκολουθία
890 5375 996 5431 τῶν
1022 5378 1301 5448 ἑπομένων
1323 5377 1525 5449 φθάσῃ,
1554 5381 1612 5431 ὲν
1631 5375 1713 5442 οἷς
1733 5377 1830 5432 τοῦ

259 5463 432 5518 κακοῦ
465 5465 848 5531 πλεονάζοντος
881 5466 1115 5520 ἐλάττων
1145 5470 1178 5539 ὴ
1211 5469 1304 5522 τοῦ
1354 5470 1659 5540 κρείττονος
1681 5468 1832 5540 adpi-

261 5571 450 5610 σκεται
484 5557 648 5627 μοῖρα
667 5574 682 5589 ο
715 5557 857 5613 κατά
883 5559 981 5631 τὴν
1019 5559 1190 5633 αὐτὴν
1220 5561 1510 5630 ἀναλογίαν
1538 5559 1688 5633 παρά
1719 5561 1830 5614 τῶν

259 5647 319 5700 ἐν
347 5645 515 5718 κακίᾳ
537 5647 599 5700 τὸ
622 5647 838 5704 ἔλαττον
867 5651 1098 5722 ἐχόντων
1123 5653 1222 5723 τῆς
1242 5651 1559 5716 ἀκολουθίας
1588 5651 1680 5706 ἐπὶ
1700 5653 1830 5716 τοὺς

259 5736 584 5809 προέχοντας
607 5738 666 5794 ἐν
688 5739 768 5810 τῷ
792 5742 947 5815 κακῷ
974 5742 1074 5815 τὴν
1097 5743 1249 5813 τάξιν
1272 5742 1380 5799 τῶν
1402 5743 1537 5815 πρὸς
1559 5743 1622 5798 τὸ
1647 5745 1833 5813 κρεῖτ-

334 5852 378 5886 ¹⁶
416 5852 523 5908 lsa.
561 5866 681 5919 un,
719 5851 775 5908 9.

1935 4827 2058 4883 dico
2089 4828 2322 4898 exempli
2355 4843 2542 4894 causa,
2577 4827 2920 4888 Timotheus,
2948 4827 3062 4896 qui.
3088 4838 3354 4897 quantum
3405 4843 3499 4898 po-

1933 4915 2057 4986 tuit,
2091 4919 2366 4975 doctorem
2393 4935 2552 4974 suum
2579 4927 2666 4975 est
2704 4919 2968 4984 imitatus,
3009 4929 3104 4974 aut
3136 4919 3336 4989 aliquis
3360 4920 3502 4976 alius

1931 5011 2222 5080 ejusmodi,
2252 5017 2308 5065 et
2335 5009 2418 5065 sic
2443 5011 2700 5081 deinceps
2725 5011 3039 5082 quicunque
3079 5011 3211 5067 dum
3240 5011 3502 5082 paulatim

1929 5101 2060 5156 boni
2084 5101 2338 5156 remissio
2355 5108 2408 5156 et
2431 5101 2723 5157 diminutio
2757 5102 2832 5166 fit,
2858 5101 3209 5156 inveniuntur
3230 5115 3326 5158 eos
3358 5116 3504 5172 pone

1929 5190 2108 5261 sequi,
2124 5190 2218 5260 qui
2247 5207 2466 5262 semper
2492 5199 2880 5262 praeoccupant
2899 5199 2952 5245 et
2973 5191 3305 5260 praecedunt,
3328 5191 3502 5246 donec

1931 5279 2380 5350 subsequentium
2409 5280 2582 5335 series
2611 5279 2678 5333 ad
2713 5279 2834 5334 illos
2859 5281 3187 5350 pervenerit,
3209 5278 3264 5333 in
3295 5280 3495 5350 quibus

1930 5372 2076 5427 malo
2120 5370 2430 5428 abundante
2483 5371 2760 5425 invenitur
2811 5370 2989 5424 minor
3022 5383 3150 5437 pars
3193 5369 3316 5438 ejus
3349 5371 3494 5442 quod

1929 5473 2018 5521 est
2039 5465 2264 5532 melius;
2299 5463 2492 5522 eadem
2539 5460 2892 5534 proportione
2922 5475 2986 5516 ac
3016 5461 3396 5522 convenientia
3429 5462 3497 5518 ab

1930 5556 1998 5612 iis
2027 5556 2122 5627 qui
2157 5556 2212 5611 in
2235 5555 2375 5610 vitio
2413 5553 2596 5610 minus
2635 5553 2861 5616 habent,
2876 5550 3375 5622 consequentia,ad
3402 5565 3500 5607 eos

1937 5645 2036 5716 qui.
2063 5644 2274 5700 inmalo
2306 5642 2624 5713 praecellunt
2647 5640 2876 5697 faciente
2887 5641 3145 5702 .ordinem
3166 5655 3378 5720 eorum,
3401 5638 3495 5712 qui

1933 5738 1990 5794 in
2032 5737 2224 5796 melius
2274 5733 2621 5809 rediguntur,
2647 5733 2820 5792 donec
2871 5734 2940 5792 ad
2987 5744 3290 5794 extremum
3331 5734 3496 5790 linem
