4018 6536
427 470 567 526 1315

1848 466 2215 523 APPENDIX.

3538 474 3681 532 1516

425 582 574 650 mali,
615 581 743 636 boni
767 595 1088 651 progressus
1112 577 1305 634 vitium
1354 580 1622 637 abolendo
1661 581 1984 650 pervenerit.

2103 597 2194 632 τον
2227 579 2565 633 ἀναλυόντων
2596 581 2872 654 ποιούσης,
2909 583 3014 648 ἕως
3053 584 3119 638 ἀν
3168 585 3259 638 ἐπὶ
3286 585 3347 638 τὸ
3378 587 3680 657 ἀκρότατον

425 674 579 742 Quod
605 672 825 744 quidem
856 681 940 727 est
973 672 1093 741 spei
1126 671 1272 737 linis,
1295 681 1354 726 ut
1382 673 1525 727 bono
1547 673 1681 728 nihil
1713 671 1993 741 relinqua-

425 772 517 818 tur
541 762 903 825 contrarium,
939 761 1036 816 sed
1068 762 1252 816 omnia
1281 778 1566 831 permeans
1594 761 1775 817 divina
1797 761 1993 825 virtus,

424 871 490 910 ex
526 855 691 909 rebus
727 855 951 908 omnino
984 861 1214 908 mortem
1267 854 1469 916 deleat,
1505 861 1632 908 ante
1683 867 1801 906 eam
1842 850 1994 920 prius

425 945 640 999 sublato
671 953 922 1013 peccato,
959 957 992 996 ~a
1027 958 1158 1013 quo,
1193 943 1336 998 sicut
1373 943 1579 998 dictum
1625 950 1729 1008 est,
1768 955 1993 1011 regnum

422 1037 616 1091 habuit
642 1050 792 1090 mors
819 1034 875 1088 in
904 1034 1176 1089 homines.
1199 1034 1362 1088 Omni
1390 1049 1522 1104 ergo
1551 1038 1694 1089 mala
1725 1037 1996 1102 potestate

423 1137 477 1184 et
499 1129 804 1200 principatu
834 1128 889 1181 in
921 1128 1082 1183 nobis
1115 1127 1402 1188 dissoluto,
1435 1139 1534 1180 nec
1563 1125 1673 1179 ulla
1709 1123 1996 1178 affectione

422 1230 628 1274 naturae
661 1227 865 1274 nostrae
891 1209 1124 1289 amplius
1153 1218 1490 1280 dominante,
1513 1214 1738 1269 omnino
1772 1227 1996 1268 necesse

421 1320 526 1374 est,
559 1318 620 1364 ut
647 1311 794 1364 nullo
831 1309 938 1364 alio
969 1310 1304 1363 dominatum
1343 1314 1578 1367 tenente,
1614 1303 1798 1359 omnia
1826 1303 1997 1372 subii-

421 1401 636 1454 ciantur
663 1401 712 1454 ei
749 1400 1002 1468 potestati
1030 1413 1152 1468 quae
1177 1396 1433 1452 omnibus
1477 1397 1728 1464 imperat.
1764 1391 1858 1446 Dei
1894 1407 1995 1445 au-

419 1497 529 1544 tem
552 1490 824 1558 subiectio
855 1497 939 1544 est
965 1488 1205 1558 perfecta
1233 1498 1285 1542 et
1301 1487 1450 1541 omni
1473 1501 1537 1541 ex
1565 1491 1720 1553 parte
1745 1481 1996 1537 absoluta

421 1594 450 1632 a
481 1578 625 1632 malo
677 1577 1026 1632 abalienatio.
1061 1575 1291 1642 Quando
1342 1589 1475 1644 ergo
1517 1573 1693 1627 instar
1739 1569 1998 1638 primitia-

420 1682 540 1720 rum
576 1681 769 1721 omnes
817 1665 1010 1721 semoti
1049 1664 1316 1719 fuerimus
1345 1678 1376 1716 a
1407 1663 1568 1725 vitio,
1596 1668 1727 1713 tunc
1755 1666 1871 1712 tota
1900 1671 1997 1710 na-

421 1768 556 1813 tura:
592 1758 912 1826 conspersio
935 1756 1221 1811 commista
1253 1769 1374 1808 cum
1408 1752 1691 1822 primitiis,
1719 1757 1772 1804 et
1804 1746 1996 1803 el'l'ecta

418 1865 589 1905 unum
614 1849 932 1903 continuum
966 1862 1187 1916 corpus.
1220 1846 1343 1899 boni
1369 1852 1579 1899 tantum
1611 1843 1668 1896 in
1716 1855 1776 1895 se
1824 1837 1996 1894 susci-

2095 670 2187 723 τοῦ
2220 670 2389 724 κακοῦ
2421 671 2594 742 πέρας
2631 674 2664 742 ἡ
2701 673 2794 726 τοῦ
2831 673 3037 743 ἀγαθοῦ
3080 675 3304 746 πρόοδος
3339 675 3540 750 φθάσῃ,
3577 679 3679 750 τὴν

2093 761 2292 813 κακίαν
2336 761 2751 832 ὲξαφανίζουσα.
2779 765 2958 838 Ὅπερ
2997 766 3062 837 δὴ
3107 767 3262 830 τέλος
3310 768 3412 838 τῆς
3459 770 3680 834 ἐλπίδος

2095 852 2263 917 ἐστὶν,
2298 852 2374 916 ὡς
2405 854 2570 924 μηδὲν
2591 855 2905 910 ὑπεναντίον
2926 857 3034 910 τῶν
3061 859 3282 926 ἀγαθῶν
3311 860 3671 931 περιλειφθῆ-

2093 960 2203 1004 ναι,
2240 943 2376 997 ἀλλά
2409 945 2497 998 διὰ
2528 946 2745 1001 πάντων
2783 949 2881 1019 τὴν
2912 949 3060 1002 Θείαν
3097 949 3243 1021 ζωὴν
3274 951 3674 1018 διεξελθοῦσαν,

2093 1032 2414 1101 ἐξαφανίσαι
2443 1036 2668 1092 καθόλου
2701 1040 2767 1092 ὲκ
2799 1040 2906 1092 τῶν
2937 1040 3106 1094 ὅντων
3142 1041 3232 1094 τὸν
3260 1041 3510 1105 θάνατον,
3540 1060 3676 1113 προ-

2095 1124 2472 1196 ἀναιρεθείσης
2527 1127 2692 1182 αὐτοῦ
2745 1130 2842 1199 τῆς
2892 1131 3183 1202 ἁμαρτίας,
3223 1132 3316 1200 ἀφ’
3363 1127 3450 1204 ἧς.
3487 1133 3678 1196 καθὼς

2091 1215 2328 1286 εἴρηται,
2353 1218 2452 1288 τὴν
2479 1218 2751 1288 βασιλείαν
2776 1221 2916 1274 κατά
2935 1222 3043 1276 τῶν
3058 1221 3356 1293 ἀνθρώπων
3385 1225 3413 1276 ὁ
3442 1223 3674 1288 θάνατος

2095 1305 2269 1374 ἔσχεν.
2307 1307 2494 1378 Πάσης
2529 1310 2706 1364 τοίνυν
2737 1314 2978 1382 πονηρᾶς
3009 1313 3254 1380 ἐξουσίας
3291 1331 3349 1366 τε
3378 1315 3471 1368 καὶ
3497 1315 3676 1386 ἀρῄς

2095 1395 2156 1446 ὲν
2185 1398 2316 1467 ἡμῖν
2363 1400 2776 1471 καταλυθείσης,
2814 1403 2907 1456 καὶ
2952 1405 3148 1476 μηκέτι
3197 1405 3421 1476 μηδενὸς
3464 1405 3674 1467 πάθους

2093 1487 2194 1558 τῆς
2227 1489 2441 1556 φύσεως
2463 1493 2495 1562 ἡ
2504 1491 2617 1562 μῶν
2639 1495 3003 1565 κυριεύοντος.
3031 1497 3244 1566 ἀνάγκη
3268 1499 3414 1550 πᾶσα
3446 1497 3676 1568 μηδενὸς

2096 1576 2570 1646 κατακρατοῦντος
2605 1581 2816 1650 ἐτέρου,
2862 1583 3042 1637 πάντα
3087 1585 3421 1655 ὑποταγῆναι
3468 1589 3535 1655 τῇ
3573 1587 3672 1638 ἐπὶ

2097 1662 2315 1717 πάντων
2341 1667 2517 1737 ἄρχει.
2551 1670 2684 1724 Θεοῦ
2728 1671 2784 1725 δὲ
2826 1673 3070 1746 ὑποταγὴ
3111 1677 3258 1728 ἐστιν
3312 1678 3343 1746 ἡ
3400 1676 3676 1745 παντελὴς

2095 1751 2189 1805 τοῦ
2225 1755 2395 1807 κακοῦ
2428 1757 2798 1830 ἀλλοτρίωσις.
2829 1763 2996 1817 Ὅταν
3029 1759 3120 1818 οὖν
3145 1765 3284 1820 κατά
3320 1767 3550 1836 μίμησιν
3573 1768 3672 1837 τῆς

2099 1844 2355 1915 ἀπαρχῆς
2385 1846 2490 1911 ἔξω
2519 1850 2611 1902 τοῦ
2643 1853 2812 1907 κακοῦ
2843 1857 3042 1920 πάντες
3073 1857 3378 1928 γενώμεθα,
3401 1860 3522 1912 τότε
3551 1859 3674 1913 ὅλον

418 1943 530 2012 piet
589 1940 994 2010 principatum;
1031 1947 1084 1992 et
1111 1938 1191 1990 sic
1229 1936 1482 1991 universo
1524 1948 1754 2004 corpore
1793 1938 1984 1984 nostra

2097 1932 2158 1986 τὸ
2181 1935 2394 2002 φύσεως
2417 1941 2481 2009 τῇ
2506 1941 2726 2014 ἀπαρχῇ
2750 1919 3194 2016 συμμιχθὲνίκαὶ
3215 1919 3273 2002 έν
3297 1919 3437 2002 κατὰ
3456 1950 3516 2002 τὸ
3543 1968 3676 2002 συν-

417 2043 628 2088 natura;
687 2039 1094 2101 contemperato
1147 2045 1268 2084 cum
1310 2027 1493 2082 divina
1549 2033 1605 2081 et
1652 2025 1721 2079 ab
1771 2021 1992 2077 interitu

419 2126 594 2178 aliena
647 2132 865 2180 natura.
894 2122 982 2176 illa
1031 2119 1154 2174 Filii
1202 2134 1324 2188 qua:
1371 2118 1576 2172 dicitur
1620 2112 1890 2184 subiectio
1933 2109 1995 2164 ﬁt

418 2232 516 2288 per
559 2231 681 2280 nos,
726 2229 850 2269 cum
879 2229 1002 2284 qua:
1053 2214 1107 2266 in
1140 2211 1261 2281 ejus
1313 2224 1543 2280 corpore
1580 2213 1728 2262 recte
1767 2218 1827 2261 se
1857 2201 1997 2273 gerit

418 2307 712 2378 subiectio,
747 2306 814 2360 ad
835 2321 958 2361 eum
994 2302 1282 2368 referatur,
1314 2302 1405 2372 qui
1437 2299 1668 2371 gratiam
1701 2291 1998 2364 subiectio-

418 2400 506 2454 nis
545 2400 600 2454 in
632 2397 789 2452 nobis
817 2404 901 2451 est
927 2404 1205 2466 Operatus.

2097 2025 2216 2094 εχὲς
2260 2026 2417 2097 σῶμα
2455 2031 2774 2100 γενόμενον,
2827 2034 2920 2087 τοῦ
2971 2036 3174 2105 ἀγαθοῦ
3211 2038 3369 2108 μόνου
3411 2039 3508 2110 τὴν
3537 2041 3674 2110 ἡγε-

2103 2115 2292 2184 μονίαν
2321 2118 2406 2187 ἐφ’
2435 2120 2628 2174 ἑαυτοῦ
2652 2122 2859 2187 δέξεται
2876 2142 2891 2155 ·
2927 2127 3022 2179 καὶ
3049 2126 3192 2181 οὕτω
3221 2127 3420 2190 παντὸς
3443 2127 3537 2182 τοῦ
3571 2129 3676 2198 τῆς

2102 2204 2316 2274 φύσεως
2344 2211 2503 2280 ἡμῶν
2537 2212 2786 2283 σώματος
2818 2217 2954 2288 πρὸς
2987 2218 3086 2289 τὴν
3123 2218 3270 2274 θείαν
3304 2236 3362 2271 τε
3404 2220 3498 2271 καὶ
3531 2220 3676 2289 ἀκή-

2108 2311 2268 2365 ρατον
2299 2298 2459 2366 φύσιν
2504 2302 2918 2374 ἀνακραθέντος,
2955 2309 3136 2380 ἐκείνη
3166 2311 3200 2380 ἡ
3246 2309 3337 2363 τοῦ
3367 2309 3495 2362 Υἱοῦ
3519 2309 3678 2376 λεγο-

2105 2386 2241 2457 μένη
2274 2390 2519 2462 ὑποταγὴ
2569 2393 2637 2446 δι’
2669 2395 2826 2466 ἡμῶν
2868 2397 3097 2466 γίνεται,
3137 2400 3234 2470 τῆς
3262 2401 3320 2452 ὲν
3350 2399 3428 2470 τῷ
3457 2399 3676 2470 σώματι

419 2488 581 2543 αὑτοῦ
615 2487 1046 2559 κατορθωθείσης
1086 2486 1363 2556 ὑποταγῆς
1405 2483 1482 2546 εἰς
1517 2479 1678 2536 αὑτὸν
1720 2470 2154 2545 ἀναφερομένης,
2188 2479 2280 2532 τὸν
2303 2481 2362 2534 ὲν
2389 2484 2519 2554 ἡμῖν
2546 2484 2645 2558 τὴν
2711 2488 2870 2560 χάριν
2937 2491 3036 2562 τῆς
3103 2492 3380 2561 ὑποταγῆς
3442 2491 3674 2563 ἐνεργή-

420 2595 607 2632 σαντα.

490 2672 588 2725 llic
634 2678 720 2726 est
769 2685 898 2741 ergo
952 2685 1147 2727 sensus
1195 2667 1467 2739 dogmatis
1496 2681 1523 2720 a
1569 2677 1766 2735 magno
1820 2659 1991 2713 Paulo

417 2763 629 2825 traditi,
665 2771 722 2815 ut
772 2777 875 2817 nos
927 2761 1327 2816 existimamus.
1379 2758 1617 2827 Tempus
1669 2763 1755 2808 est
1809 2760 1988 2806 autem

419 2851 678 2905 aﬂerendi
726 2851 842 2921 ipsa
874 2851 1037 2906 verba
1076 2848 1250 2913 Pauli,
1279 2864 1399 2918 quae
1455 2849 1534 2904 sic
1564 2846 1765 2901 habent
1793 2861 1806 2897 :
1840 2842 1990 2897 Sicut

416 2943 555 2997 enim
578 2944 632 2996 in
656 2941 824 2996 Adam
855 2959 1030 2997 omnes
1053 2942 1372 3004 moriuntur,
1390 2941 1468 2996 ita
1484 2940 1537 2993 in
1564 2937 1775 2993 Christo
1810 2950 1988 2990 omnes

417 3033 837 3102 viviﬁcabuntur.
895 3030 1259 3102 Unusquisque
1305 3041 1479 3083 autem
1530 3031 1584 3082 in
1633 3044 1727 3082 suo
1781 3024 1987 3080 ordine.

422 3124 682 3178 Primitite
727 3121 993 3178 Christus.
1047 3123 1246 3178 Deinde
1283 3122 1370 3190 qui
1418 3129 1540 3175 sunt
1571 3117 1770 3174 Christi
1804 3119 1858 3169 in
1886 3115 1987 3169 ad-

417 3225 567 3270 ventu
595 3215 728 3284 ejus.
761 3213 962 3268 Deinde
994 3214 1137 3282 ﬁnis,
1167 3229 1285 3266 cum
1320 3211 1598 3265 tradiderit
1637 3226 1852 3278 regnum
1879 3208 1986 3261 Deo

416 3315 465 3362 et
517 3307 694 3370 Patri,
721 3307 931 3376 quando
973 3305 1300 3359 evacuaverit
1345 3317 1549 3357 omnem
1585 3308 1893 3369 potestatem
1935 3307 1987 3351 et

417 3399 680 3452 uirtutem.
714 3396 928 3466 Oportet
975 3397 1109 3450 enim
1140 3411 1258 3449 eum
1289 3410 1524 3464 regnare,
1547 3392 1711 3446 donec
1749 3391 1984 3461 posuerit

2180 2657 2241 2710 'H
2275 2661 2373 2729 μὲν
2404 2658 2497 2716 οὖν
2539 2663 2744 2720 διάνοια
2770 2668 2876 2721 τῶν
2923 2669 3028 2723 ὑπὸ
3053 2669 3149 2723 τοῦ
3184 2671 3417 2740 μεγάλου
3453 2672 3669 2726 Παύλου

2095 2747 2582 2820 δογματισθέντων,
2615 2757 2691 2821 ὥς
2726 2776 2788 2828 γε
2830 2760 3224 2830 ὑπειλήφαμεν,
3272 2761 3440 2832 αὕτη⁸
3476 2765 3669 2835 καιρὸς

2093 2837 2140 2890 δ’
2173 2839 2238 2892 ἂν
2283 2841 2368 2913 εἴη
2408 2844 2502 2896 καὶ
2531 2846 2672 2899 αὑτά
2721 2849 3062 2920 παραθέσθαι
3104 2849 3196 2903 τοῦ
3236 2852 3555 2906 ’Δποοτόλου
3595 2856 3667 2910 τὰ

2098 2929 2316 2998 ῥήματα
2359 2932 2551 3003 ἔχοντα
2602 2936 2792 3002 οὕτως’
2825 2940 3046 3008 Ὥσπερ
3100 2941 3211 3010 γὰρ
3257 2943 3326 2996 ἐν
3373 2942 3454 3009 τῷ
3491 2945 3668 3017 Ἀδὰμ

2095 3019 2319 3088 πάντες
2344 3023 2858 3094 ἀποθνήσκουσιν,
2887 3031 3074 3098 οὕτως
3098 3033 3195 3086 καί
3223 3034 3281 3086 ἐν
3328 3033 3406 3100 τῷ
3430 3037 3665 3105 Χριστῷ

2094 3110 2316 3178 πάντες
2333 3113 2890 3185 ζωοποιηθήσονται.
2925 3122 3227 3189 Ἕκαστος
3252 3123 3319 3177 δὲ
3345 3126 3414 3179 ὲν
3433 3126 3513 3191 τῷ
3537 3129 3665 3196 ίδίῳ

2092 3199 2360 3268 τάγματι.
2408 3203 2673 3275 Ἀπαρχὴ
2710 3210 2985 3277 Χριστός.
3008 3213 3251 3267 Ἔπειτα
3282 3216 3337 3267 οι
3381 3214 3488 3270 τοῦ
3517 3219 3659 3284 Χρι-

2093 3293 2245 3345 στοῦ
2271 3293 2340 3346 ἐν
2365 3293 2440 3364 τῇ
2469 3300 2773 3366 παρουσίᾳ
2799 3302 3006 3355 αὑτοῦ.
3034 3299 3178 3356 Εἶτα
3206 3305 3271 3358 τὸ
3300 3306 3489 3372 τέλος,
3511 3307 3664 3374 dear

2093 3385 2396 3452 παραδιδῷ
2422 3388 2537 3456 τὴν
2557 3391 2885 3454 ,βασιλείαν
2903 3394 2985 3460 τῷ
3011 3394 3132 3460 Θεῷ
3161 3397 3257 3450 καὶ
3286 3399 3487 3466 Πατρὶ,
3515 3400 3664 3453 ὅταν

415 3510 592 3548 omnes
613 3493 853 3547 inimicos
884 3491 980 3546 sub
1009 3489 1224 3559 pedibus
1247 3488 1379 3556 ejus.
1399 3484 1707 3540 Postremus
1738 3484 1980 3537 inimicus

2088 3477 2432 3546 καταργήσῃ
2471 3479 2679 3535 πᾶσαν
2695 3483 2894 3552 ἀρχὴν
2917 3485 3016 3538 καὶ
3043 3486 3331 3551 ἐξουσίαν
3354 3489 3452 3542 καί
3483 3490 3660 3546 δύνα-

415 3586 718 3639 destruetur
760 3599 924 3637 mors.
976 3580 1169 3636 Omnia
1205 3579 1343 3634 enim
1391 3577 1609 3645 subjecit
1643 3575 1739 3630 sub
1767 3573 1984 3642 pedibus

414 3673 545 3740 ejus.
573 3671 707 3726 Cum
745 3680 919 3723 autem
977 3667 1122 3721 dicat
1157 3681 1291 3737 quoa
1336 3666 1513 3718 omnia
1541 3665 1838 3732 subjecerit,
1874 3665 1986 3717 sine

413 3763 573 3815 dubio
602 3770 794 3829 prwter
825 3775 944 3812 eum
967 3759 1058 3827 qui
1080 3757 1298 3827 subjecit
1317 3758 1366 3810 ei
1406 3757 1604 3808 omnia.
1635 3753 1766 3810 Cum
1810 3764 1984 3807 autem

412 3856 462 3909 ei
509 3853 788 3922 subjecerit
808 3853 1007 3914 omnia,
1055 3858 1176 3902 tunc
1218 3849 1328 3916 ipse
1365 3863 1568 3918 quoque
1604 3847 1910 3915 subjicietur
1935 3845 1983 3898 ei

412 3945 502 4014 qui
523 3945 571 3997 ei
603 3944 824 4014 subjecit
855 3942 1053 4003 omnia,
1075 3952 1132 3994 ut
1165 3939 1233 3993 sit
1264 3937 1401 3992 Deus
1431 3939 1610 3991 omnia
1639 3938 1695 3990 in
1718 3935 1980 3989 omnibus.

412 4037 612 4104 Aperte
643 4035 788 4088 enim
819 4033 871 4087 in
901 4047 967 4088 eo
993 4029 1140 4102 quod
1176 4039 1452 4099 postremo
1485 4028 1691 4084 dictum
1717 4035 1819 4092 est,
1850 4026 1984 4097 ipsis

411 4127 594 4180 verbis
631 4126 890 4190 ostendit,
927 4126 1163 4180 futurum
1198 4132 1258 4178 ut
1304 4139 1412 4178 non
1454 4120 1687 4190 amplius
1717 4118 1983 4173 consistat

414 4215 624 4281 vitium,
657 4214 890 4269 dicendo
921 4214 1087 4268 Deum
1118 4230 1238 4269 esse
1271 4213 1325 4268 in
1352 4212 1630 4273 omnibus,
1662 4211 1830 4280 utqui
1861 4210 1983 4263 cui-

413 4309 546 4362 libet
580 4308 651 4363 sit
694 4308 898 4364 omnia.
930 4306 1026 4362 Est
1051 4307 1197 4361 enim
1228 4305 1597 4378 perspicuum,
1624 4310 1755 4356 tunc
1789 4315 1979 4356 verum

413 4401 656 4453 futurum
681 4399 825 4469 quod
849 4398 990 4453 Deus
1018 4401 1089 4454 sit
1131 4399 1187 4452 in
1218 4398 1493 4460 omnibus,
1527 4393 1746 4465 quando
1770 4395 1982 4448 nullum

409 4491 612 4544 malum
648 4490 702 4543 in
727 4489 892 4544 rebus
926 4495 1279 4560 conspectum
1314 4487 1494 4542 fuerit.
1531 4486 1648 4541 Non
1698 4493 1782 4542 est
1834 4487 1978 4540 enim

409 4587 836 4635 consentaneum
874 4586 933 4634 ut
976 4580 1118 4635 Dens
1155 4579 1227 4634 sit
1279 4579 1334 4632 in
1387 4578 1552 4634 malo.
1611 4575 1978 4643 Quamobrem

411 4679 506 4724 aut
533 4686 640 4726 non
667 4673 769 4725 erit
794 4671 846 4724 in
881 4670 1163 4735 omnibus,
1200 4669 1420 4740 quando
1469 4669 1526 4723 in
1558 4667 1727 4723 rebus
1759 4665 1978 4735 aliquod

412 4762 614 4815 malum
646 4759 805 4815 fuerit
839 4761 1108 4830 reliquum
1137 4799 1152 4823 ,
1187 4769 1280 4814 aut
1309 4759 1355 4815 si
1383 4774 1509 4814 vere
1537 4773 1663 4812 eum
1714 4758 1767 4810 in
1802 4754 1978 4809 omni-

408 4855 511 4908 bus
549 4867 670 4907 esse
701 4859 915 4922 oportet
935 4852 1181 4914 credere,
1210 4851 1374 4907 simul
1394 4850 1704 4906 ostenditur
1737 4863 1859 4902 cum
1888 4862 1973 4912 ea,

408 4959 569 5015 quam
601 4942 667 4997 de
703 4943 823 5011 ipso
858 4943 1139 5008 habemus,
1183 4942 1287 4997 [ide
1326 4943 1536 4996 nullum
1586 4956 1710 4996 esse
1749 4941 1972 4994 malum.

406 5035 524 5090 Non
561 5041 736 5105 potest
769 5033 913 5089 enim
959 5033 1074 5088 ﬁeri
1106 5042 1162 5087 ut
1192 5034 1336 5089 Deus
1386 5035 1456 5090 sit
1501 5034 1556 5087 in
1599 5034 1768 5086 malo.
1808 5032 1974 5087 Deum

407 5136 586 5180 autem
627 5125 807 5178 omnia
841 5139 964 5178 esse
991 5123 1057 5178 iis
1087 5139 1207 5194 quae
1249 5131 1397 5187 sunt,
1429 5121 1671 5179 ostendit
1704 5137 1824 5177 eam
1855 5137 1976 5191 quae

406 5233 434 5270 a
467 5217 626 5272 nobis
675 5224 947 5286 speratur,
979 5215 1143 5269 vitam
1185 5231 1306 5271 esse
1354 5217 1655 5286 simplicem
1682 5222 1736 5270 et
1765 5213 1976 5268 unifor-

405 5324 567 5362 mem.
590 5307 744 5373 Quod
779 5307 921 5362 enim
965 5321 1073 5360 non
1114 5306 1348 5375 amplius
1383 5321 1478 5376 per
1516 5305 1685 5359 multa
1719 5313 1774 5359 et
1822 5304 1975 5358 varia

403 5401 580 5454 instar
627 5400 752 5452 vitae
811 5397 1123 5467 praesentis,
1175 5397 1467 5467 qua-renda
1515 5403 1570 5450 et
1608 5395 1975 5465 comparanda

404 5493 476 5547 sit
502 5497 689 5546 nostra
716 5489 850 5553 vita,
882 5489 968 5545 bis
997 5490 1182 5546 verbis
1223 5489 1484 5553 ostendit,
1523 5487 1667 5558 quod
1706 5485 1849 5542 Deus
1876 5500 1974 5539 no-

403 5584 487 5639 bis
516 5584 589 5639 sit
615 5583 819 5645 omnia,
849 5598 970 5652 quae
997 5582 1125 5638 huic
1157 5583 1283 5636 vita!
1335 5580 1594 5637 videntur
1635 5579 1970 5641 necessaria,

401 5691 524 5730 cum
573 5689 670 5744 per
716 5676 1007 5742 quamdam
1062 5673 1364 5744 analogiam
1418 5687 1482 5727 ac
1530 5669 1965 5727 convenientiam

400 5765 830 5835 unumquodque
860 5771 1108 5819 sumatur
1130 5779 1194 5818 ac
1225 5763 1557 5834 percipiatur
1577 5762 1645 5818 ad
1680 5761 1917 5817 divinius
1953 5804 1964 5815 .

399 5856 535 5910 adeo
566 5863 625 5910 ut
655 5863 708 5909 et
741 5853 882 5908 Deus
923 5854 996 5910 sit
1022 5853 1180 5908 nobis
1216 5854 1395 5918 cibus,
1448 5862 1507 5908 ut
1548 5853 1714 5909 Deum
1755 5862 1840 5908 est
1880 5868 1968 5908 co-

2079 3583 2207 3633 μιν.
2241 3568 2342 3622 Δεῖ
2370 3571 2480 3638 γὰρ
2516 3574 2702 3628 αὑτὸν
2727 3576 3102 3644 βασιλεύειν,
3139 3579 3247 3645 ἕως
3294 3581 3370 3635 ἂν
3398 3582 3474 3651 θῇ
3519 3583 3659 3650 τοὺς

2084 3657 2336 3726 ἐχθροὺς
2361 3663 2477 3716 ὑπὸ
2503 3663 2646 3730 τοὺς
2667 3666 2858 3733 πόδας
2879 3670 3087 3724 αὑτοῦ.
3127 3672 3419 3740 Ἕσχατος
3445 3674 3657 3742 ἐχθρὸς

2085 3751 2457 3820 καταργεῖται
2490 3757 2523 3808 ό
2553 3756 2828 3823 θάνατος.
2853 3759 3056 3814 Πάντα
3081 3761 3190 3830 γὰρ
3212 3764 3510 3828 ὑπέταξεν
3539 3767 3657 3819 ὑπὸ

2083 3839 2224 3904 τοὺς
2254 3840 2444 3907 πόδας
2471 3846 2677 3901 αὑτοῦ.
2709 3849 2895 3903 ’Ὅταν
2917 3850 2986 3904 δὲ
3019 3852 3160 3919 εἷπῃ
3187 3852 3275 3906 ὅτι
3296 3855 3489 3907 πάντα
3515 3857 3655 3908 ὑπέ-

2083 3931 2283 3997 ταξεν,
2311 3933 2593 4002 δηλονότι
2625 3938 2801 4008 ἐκτὸς
2828 3943 2936 3996 τοῦ
2963 3943 3378 4010 ὑποτάξαντος
3401 3946 3560 4011 αὑτῷ
3584 3947 3656 4002 τὰ

2083 4022 2300 4079 πάντα.
2336 4027 2521 4081 Ὅταν
2565 4029 2634 4082 δὲ
2660 4033 2930 4102 ὑποτάξῃ
2981 4034 3140 4100 αὐτῷ
3171 4037 3243 4090 τὰ
3279 4038 3493 4100 πάντα,
3522 4041 3653 4093 τότε

2082 4111 2181 4164 καὶ
2206 4113 2390 4180 αὐτὸς
2415 4117 2857 4186 ὑποταγήσεται
2896 4121 2974 4188 τῷ
3002 4124 3366 4188 ὑποτάξαντι
3395 4128 3556 4191 αὐτῷ
3584 4129 3653 4182 τὰ

2082 4205 2300 4274 πάντα,
2329 4208 2429 4262 ἵνα
2467 4203 2510 4280 ᾖ
2538 4212 2571 4263 ό
2599 4210 2743 4278 Θεὸς
2783 4212 2853 4266 τὰ
2880 4213 3076 4268 πάντα
3115 4215 3185 4268 ἐν
3227 4215 3433 4271 πᾶσιν.
3462 4219 3651 4287 Σαφῶς

2081 4294 2190 4367 γὰρ
2216 4301 2277 4350 ἐν
2319 4297 2397 4369 τῷ
2433 4299 2725 4371 τελευταίῳ
2755 4301 2863 4356 τῶν
2893 4304 3199 4374 εἰρημένων
3239 4305 3300 4358 τὸ
3327 4307 3422 4377 τῆς
3455 4309 3648 4370 κακίας

2081 4387 2426 4461 ἀνύπαρκτον
2455 4391 2533 4462 τῷ
2583 4391 2728 4463 λόγῳ
2772 4394 3122 4465 παρίστησιν,
3150 4397 3209 4448 ὲν
3252 4396 3332 4466 τῷ
3376 4399 3547 4451 εἰπεῖν
3593 4401 3648 4451 ὲν

2081 4480 2215 4531 πᾶσι
2263 4480 2506 4548 γίνεσθαι
2553 4481 2644 4536 τὸν
2692 4482 2844 4550 Θεὸν,
2888 4485 3064 4539 πάντα
3098 4487 3310 4558 ἑκάστῳ
3346 4488 3643 4558 γινόμενον.

2079 4570 2248 4640 Δῆλον
2280 4571 2389 4643 γὰρ
2411 4573 2493 4626 ὅτι
2515 4573 2636 4627 τότε
2665 4573 2862 4646 ἀληθὲς
2887 4575 3040 4629 ἔσται
3062 4577 3123 4630 τὸ
3155 4579 3213 4631 ἐν
3248 4579 3381 4631 πᾶσι
3406 4580 3498 4632 τὸν
3517 4579 3646 4633 Θεὸν

2081 4657 2242 4724 εἶναι,
2280 4664 2408 4717 ὅταν
2451 4665 2614 4736 μηδὲν
2644 4667 2813 4720 κακὸν
2859 4667 3190 4740 ὲνθεωρῆται
3229 4673 3343 4733 τοῖς
3371 4667 3541 4724 οὖσιν.
3573 4673 3645 4726 Οὑ

2083 4753 2188 4824 γὰρ
2214 4754 2278 4827 δὴ
2310 4755 2404 4808 καὶ
2445 4758 2504 4810 ὲν
2541 4759 2696 4829 κακῷ
2735 4760 2827 4812 τὸν
2863 4759 2996 4813 Θεὸν
3025 4762 3171 4825 εικός
3213 4763 3327 4815 ἐστι
3381 4763 3642 4831 γίνεσθαι.

2083 4843 2244 4896 Ὥστε
2271 4844 2304 4914 ἢ
2331 4845 2432 4897 οὐκ
2458 4847 2515 4898 ὲν
2537 4848 2700 4901 πᾶσιν
2725 4847 2899 4912 ἔσται,
2922 4847 3050 4901 ὅταν
3079 4847 3373 4919 ὑπολειφθῇ
3404 4866 3459 4901 τι
3483 4850 3646 4901 κακὸν

2078 4936 2136 4988 ὲν
2161 4939 2273 5000 τοῖς
2317 4933 2501 4990 οὗσιν’
2531 4938 2565 5008 ἢ
2610 4940 2659 4992 εἰ
2693 4940 2905 5010 ἀληθῶς
2953 4941 3012 4993 ὲν
3045 4941 3178 4994 πᾶσι
3223 4940 3326 5012 χρὴ
3374 4941 3644 4994 πιστεύειν

2079 5027 2238 5081 αὑτὸν
2283 5025 2441 5093 εἶναι,
2473 5030 2536 5083 τὸ
2586 5030 2752 5101 μηδὲν
2797 5031 2965 5086 κακὸν
3002 5026 3138 5084 εἶναι
3171 5035 3235 5102 τῇ
3287 5031 3413 5103 περὶ
3456 5031 3642 5085 τούτου

2081 5117 2262 5172 πίστει
2292 5121 2795 5176 συναποδείκνυται.
2820 5123 2892 5176 Οὐ
2910 5123 3018 5194 γάρ
3037 5125 3151 5175 ἐστι
3171 5123 3394 5176 δυνατὸν
3419 5124 3478 5175 ὲν
3491 5123 3644 5192 κακῷ

2077 5210 2166 5262 τὸν
2195 5210 2326 5265 Θεὸν
2371 5211 2640 5280 γενέσθαι.
2679 5213 2753 5266 Τὸ
2787 5214 2844 5266 δὲ
2889 5214 3065 5267 πάντα
3109 5214 3351 5282 γίνεσθαι
3381 5214 3474 5266 τὸν
3511 5215 3642 5267 Θεὸν

2078 5304 2188 5364 τοῖς
2213 5299 2349 5362 οὖσι,
2387 5302 2447 5354 τὸ
2492 5303 2693 5356 ἁπλοῦν
2723 5303 2816 5357 καὶ
2857 5305 3118 5374 μονοειδὲς
3156 5307 3255 5374 τῆς
3287 5305 3640 5375 ἐλπιζομένης

2079 5392 2208 5461 ἡμῖν
2238 5392 2382 5462 ζωῆς
2412 5393 2776 5448 ὑποδείκνυσι.
2823 5395 2896 5448 Τὸ
2922 5397 3028 5466 γὰρ
3067 5396 3262 5466 μηκέτι
3305 5395 3391 5449 διὰ
3435 5396 3641 5449 πολλῶν

2079 5483 2173 5536 καὶ⁸
2202 5484 2459 5539 ποικίλων
2487 5486 2607 5538 καθ’
2636 5488 2925 5557 ὁμοιότητα
2962 5485 3056 5540 τοῦ
3090 5486 3184 5540 νῦν
3224 5487 3338 5556 βίου
3377 5487 3473 5559 τὴν
3499 5488 3638 5559 ζωὴν

2078 5577 2210 5645 ἡμῖν
2243 5576 2702 5646 συνερανίζεσθαι,
2729 5577 2806 5648 τῷ
2831 5577 2972 5646 λόγῳ
2997 5576 3170 5646 τούτῳ
3198 5578 3545 5652 παρίστησιν,
3581 5579 3636 5630 τὸ

2080 5668 2256 5720 πάντα
2299 5669 2430 5736 ἡμῖν
2459 5668 2549 5721 τὸν
2604 5669 2735 5722 Θεὸν
2763 5669 3025 5738 γίνεσθαι,
3074 5673 3172 5724 ὅσα
3207 5675 3272 5742 τῇ
3324 5671 3432 5742 ζωῇ
3468 5672 3635 5743 ταύτῃ

2075 5761 2343 5827 ἀναγκαῖα
2371 5761 2518 5816 δοκεῖ
2556 5761 2645 5815 διά
2680 5778 2825 5825 τινος
2870 5763 3161 5832 ἀναλογίας
3206 5764 3433 5817 ἐκάστου
3472 5780 3634 5832 μετα-

2073 5852 2486 5924 λαμϐανομένου
2521 5853 2654 5924 πρὸς
2694 5853 2755 5907 τὸ
2788 5854 3052 5926 θειότερον
3075 5870 3090 5886 ⁸
3119 5853 3258 5908 ὥστε
3302 5853 3396 5908 καὶ¹
3438 5852 3633 5923 βρῶσιν
