3888 6508
256 407 392 463 1517

858 404 926 463 ΙΝ
953 404 1182 469 ILLUD,
1206 402 1394 461 TUNC
1424 403 1578 461 IPSE
1614 404 1852 465 FILIUS
1891 401 2360 470 SUBJICIETUR,
2387 403 2569 472 ETC.,
2608 399 2890 460 ORATIO.

3360 404 3497 461 1518

250 514 391 573 εἶναι
417 517 507 574 τὸν
552 517 683 572 Θεὸν
711 519 861 589 ἡμῖν,
906 518 982 583 ὡς
1027 518 1173 582 εἰκὸς
1220 518 1499 592 βρωθῆναι
1544 520 1698 587 Θεὸν,
1729 520 1820 575 καὶ

1928 518 2069 572 medi
2094 526 2541 584 consentaneum,
2563 527 2618 575 et
2649 519 2820 589 potio,
2843 516 3097 574 similiter
3126 524 3179 572 et
3210 517 3501 574 indumen-

249 610 428 674 πόσιν,
458 610 718 673 ὡσαύτως
754 610 957 680 ἔνδυμά
981 627 1041 663 τε
1064 610 1159 663 καὶ
1190 610 1419 682 σκέπην.
1446 612 1607 685 ἀέρα,
1636 613 1823 678 τόπον,

250 703 498 766 πλοῦτον,
529 701 848 764 ἀπόλαυσιν,
884 700 1101 768 κάλλος,
1135 701 1365 769 ὑγίειαν,
1406 702 1578 772 ἰσχὺν,
1620 704 1823 775 φρόνη-

249 811 353 856 σιν,
384 793 560 857 δόξαν,
594 792 992 864 μακαριότητα,
1031 793 1125 845 καὶ¹
1160 794 1269 846 πᾶν
1305 794 1427 847 ὅσον
1465 794 1524 847 ἐν
1553 797 1617 865 τῇ
1647 796 1821 866 ἀγαθῇ

246 882 490 952 κρίνεται
538 883 723 953 μοίρᾳ,
770 877 832 935 οὗ
879 882 1094 953 ἐπιδεὴς
1130 883 1358 955 ἡφύσις
1398 886 1535 949 ἐστὶ,
1583 887 1720 957 πρὸς
1764 888 1823 941 τὸ

236 971 548 1043 θεοπρεπὲς
570 972 914 1042 ἀναγομένης
934 973 1033 1042 τῆς
1059 975 1334 1043 σημασίας
1362 975 1469 1027 τῶν
1494 976 1818 1047 εἰρημένων.

255 1063 346 1126 Ὠς
384 1063 476 1117 διὰ
518 1063 675 1117 τοῦτο
729 1064 941 1134 μαθεῖν,
974 1064 1054 1116 ὅτι
1082 1065 1111 1116 ό
1150 1066 1207 1117 ὲν
1248 1063 1326 1135 τῷ
1367 1064 1486 1135 Θεῷ
1531 1066 1823 1137 γενόμενος

246 1154 423 1208 πάντα
450 1154 565 1225 ἔχει
587 1156 645 1207 ὲν
672 1154 749 1224 τῷ
776 1155 979 1207 ἐκεῖνον
1010 1154 1175 1224 ἔχειν.
1212 1156 1376 1210 Οὐδὲν
1400 1157 1456 1210 δὲ
1488 1158 1673 1229 ἕτερόν
1707 1161 1821 1212 ἐστι

242 1243 305 1296 τὸ
333 1242 479 1313 ἔχειν
497 1245 590 1297 τὸν
632 1244 783 1307 Θεὸν,
812 1244 927 1315 ῆτὸ
956 1245 1218 1315 ἐνωθῆναι
1254 1246 1389 1317 Θεῷ.
1420 1248 1532 1301 Οὐκ
1564 1248 1630 1302 ἄν
1657 1249 1713 1302 δέ
1738 1267 1822 1314 τις

242 1333 419 1397 ἄλλως
447 1335 668 1406 ὲνωθείη
707 1335 782 1405 μὴ
808 1335 1093 1406 σύσσωμος
1123 1337 1272 1407 αὐτῷ
1298 1338 1602 1408 γενόμενος,
1640 1340 1822 1404 καθὼς

232 1426 499 1497 ὀνομάζει
529 1428 557 1479 ὁ
581 1426 811 1489 Παῦλος·
838 1428 886 1478 οἱ
906 1427 1015 1496 γὰρ
1031 1428 1249 1493 πάντες,
1275 1428 1356 1499 τῷ
1382 1430 1461 1482 ένὶ
1486 1430 1697 1500 σώματι
1726 1432 1818 1485 τοῦ

240 1518 480 1587 Χριστοῦ
510 1518 900 1588 συναπτόμενοι
948 1518 1037 1572 διὰ
1076 1520 1176 1591 τῆς
1226 1522 1531 1590 μετουσίας,
1563 1523 1619 1575 ἓν
1655 1525 1818 1577 αὐτοῦ

238 1609 508 1678 γινόμεθα
553 1610 731 1679 σῶμα.
783 1609 953 1661 Ὅταν
1012 1605 1106 1664 οῦν
1149 1610 1235 1664 διὰ
1300 1613 1514 1665 πάντων
1561 1614 1689 1686 ἔλθῃ
1759 1615 1820 1668 τὸ

242 1701 464 1767 ἀγαθὸν,
494 1701 614 1752 τότε
664 1701 783 1753 ὅλον
808 1700 973 1755 αὑτοῦ
1012 1702 1074 1755 τὸ
1115 1704 1272 1771 σῶμα
1322 1704 1719 1775 ὑποταγήσεται
1751 1707 1815 1776 τῇ

236 1791 491 1861 ζωοποιῷ
536 1792 771 1864 ἐξουσίᾳ,
814 1794 909 1846 καὶ
943 1792 1112 1857 οὕτως
1141 1796 1174 1861 ἠ
1216 1793 1310 1848 τοῦ
1344 1794 1592 1865 σώματος
1629 1796 1816 1850 τούτου

1930 613 2067 673 tum,
2096 616 2491 679 tegumentum,
2526 625 2639 674 aer,
2665 610 2843 674 locus,
2866 608 3085 673 divitiae,
3118 608 3346 673 deliciae,
3378 609 3501 679 pul-

1929 701 2199 764 chritudo,
2252 702 2478 767 sanitas,
2515 703 2702 766 robur,
2737 702 3046 771 prudentia,
3081 701 3287 771 gloria,
3322 701 3499 756 heati-

1927 788 2079 854 tudo,
2113 798 2163 844 et
2203 788 2468 858 quidquid
2514 790 2655 844 inter
2694 791 2835 845 bona
2880 799 3157 856 censetur,
3193 791 3350 860 cujus
3379 798 3500 860 eget

1928 887 2144 943 natura,
2182 880 2249 932 ad
2286 880 2337 932 id
2366 879 2510 949 quod
2557 881 2725 935 Deum
2759 881 2933 945 decet,
2962 895 3151 936 eorum
3199 896 3321 950 qua:
3347 879 3496 935 dicta

1927 981 2057 1025 sunt
2082 969 2303 1025 reducta
2335 971 2754 1041 signiﬁcatione.
2787 973 2936 1028 Adeo
2968 980 3028 1026 ut
3060 988 3154 1042 per
3182 973 3285 1026 hoc
3314 970 3497 1025 disca-

1927 1078 2069 1125 mus,
2100 1060 2242 1131 quod
2267 1061 2357 1130 qui
2390 1069 2473 1116 est
2499 1062 2552 1116 in
2582 1062 2713 1126 Deo,
2736 1062 2919 1116 omnia
2951 1063 3133 1126 habet,
3168 1061 3313 1132 quod
3344 1061 3496 1115 illum

1927 1153 2141 1207 habeat.
2168 1151 2310 1207 Nihil
2350 1161 2530 1209 autem
2569 1154 2715 1208 aliud
2745 1163 2830 1209 est
2875 1154 3078 1209 habere
3105 1153 3299 1217 Deum,
3332 1167 3496 1223 quam

1926 1243 2036 1299 Deo
2065 1260 2185 1300 esse
2212 1244 2580 1299 unitum.Non
2614 1246 2749 1300 alias
2772 1252 2952 1300 autem
2970 1246 3114 1300 uniri
3141 1252 3318 1315 potest
3341 1245 3496 1314 quis-

1926 1333 2090 1401 piam,
2108 1348 2267 1402 quam
2283 1334 2327 1388 si
2347 1334 2417 1389 sit
2441 1334 2490 1389 ei
2531 1334 2960 1404 concorporalis,
2989 1343 3049 1387 ut
3072 1335 3317 1388 nominat
3339 1334 3496 1387 divus

1926 1424 2147 1479 Paulus.
2186 1426 2388 1481 Omnes
2415 1426 2559 1481 enim
2590 1427 2683 1480 uni
2709 1426 2912 1481 Christi
2957 1426 3174 1495 corpori
3216 1424 3495 1494 conjuncti

1924 1532 2022 1585 per
2062 1518 2533 1587 participationem
2591 1517 2855 1573 efﬁcimur
2903 1532 3071 1571 unutn
3107 1516 3228 1585 ejus
3270 1531 3492 1585 corpus.

1926 1609 2156 1673 Quando
2186 1625 2315 1678 ergo
2344 1611 2545 1664 bonum
2580 1625 2672 1678 per
2695 1609 2877 1662 omnia
2913 1609 3229 1678 pervaserit,
3260 1616 3391 1660 tunc
3421 1616 3497 1659 to-

1925 1707 2041 1753 tum
2096 1700 2215 1769 ejus
2268 1716 2467 1771 corpus
2522 1700 2751 1755 viviﬁcae
2778 1700 3101 1769 suhjicietur
3137 1700 3414 1770 potestati,
3440 1707 3495 1752 et

1926 1791 2005 1845 sic
2032 1791 2196 1859 hujus
2223 1792 2472 1856 corporis
2514 1789 2784 1858 subiectio
2828 1790 3032 1846 dicitur
3059 1805 3181 1844 esse
3227 1788 3494 1857 subjectio

242 1881 493 1953 ὖποταγὴ
525 1883 688 1935 αὑτοῦ
716 1882 930 1951 λέγεται
964 1880 1101 1937 εἶναι
1125 1884 1218 1938 τοῦ
1253 1885 1382 1938 Υίοῦ
1411 1887 1678 1958 ὑποταγὴ,
1725 1886 1818 1940 τοῦ

1927 1880 2095 1949 ipsius
2146 1878 2267 1933 Filii
2311 1895 2433 1933 cum
2476 1894 2576 1934 suo
2618 1893 2850 1948 corpore
2894 1879 3309 1949 centemperati,
3346 1876 3493 1947 quod

240 1971 689 2042 ἀνακεκραμένον
737 1973 875 2045 πρὸς
916 1974 978 2029 τὸ
1026 1974 1155 2030 ἴδιον
1200 1976 1378 2046 σῶμα,
1429 1979 1565 2048 ὅπερ
1610 1981 1816 2049 ἐστὶνή

255 2063 579 2134 Ἐκκλησία·
639 2065 822 2129 καθώς
876 2084 1009 2137 φησι
1060 2066 1197 2139 πρὸς
1243 2069 1370 2131 τοὺς
1413 2070 1737 2133 Κολοσσαεῖς
1792 2071 1819 2123 ό

256 2152 592 2217 Ἀπόστολος,
632 2156 831 2208 οὑτωσὶ
864 2156 1039 2226 λέγων
1084 2157 1162 2228 τῷ
1212 2160 1411 2230 ῥήματι
1432 2175 1445 2190 ·
1480 2159 1611 2213 Νῦν
1636 2161 1821 2229 χαΙρω

234 2244 313 2296 ἐν
367 2244 491 2308 τοῖς
543 2244 855 2313 παθήμασί
912 2264 1053 2316 μου,
1106 2247 1205 2301 καί
1266 2250 1702 2317 ἀνταναπληρῶ
1747 2249 1819 2303 τὰ

241 2336 623 2405 ὑστερήματα
667 2337 784 2389 τῶν
828 2338 981 2407 ὑπὲρ
1028 2340 1287 2408 Χριστοῦ
1339 2343 1604 2409 θλίψεων
1638 2343 1706 2395 ἐν
1746 2342 1821 2411 τῇ

236 2425 427 2494 σαρκί
450 2442 591 2493 μου,
623 2425 775 2493 ὑπὲρ
812 2426 920 2480 τοῦ
961 2427 1236 2498 σώματος
1271 2430 1476 2495 αὐτοῦ,
1524 2431 1557 2483 ὅ
1584 2432 1755 2485 ἐστιν
1779 2432 1818 2499 ἡ

258 2516 581 2583 Ἐκκλησία
601 2535 614 2548 ·
638 2513 714 2587 ἧς
736 2516 1029 2588 ἐγενόμην
1049 2519 1328 2587 διάκονος
1348 2522 1497 2576 κατὰ
1524 2523 1638 2591 τὴν
1666 2526 1821 2577 οἱκο-

233 2608 476 2675 νομίαν.
507 2607 613 2660 Καὶ
644 2608 781 2678 πρὸς
807 2609 909 2678 τὴν
936 2609 1233 2681 Κορινθίων
1274 2612 1598 2683 Ἐκκλησίαν
1619 2613 1784 2683 φησίν
1802 2631 1815 2645 ·

255 2696 450 2765 Ὑμεῖς
475 2698 615 2751 ἐστε
643 2700 814 2769 σῶμα
834 2700 1111 2768 Χριστοῦ,
1144 2701 1243 2756 καί
1283 2702 1442 2771 μέλη
1480 2704 1547 2757 ἐκ
1568 2705 1814 2773 μέλους.

239 2789 582 2859 Σαφέστερον
610 2790 666 2843 δὲ
696 2794 810 2854 τοῖς
857 2791 1126 2861 Ἐφεσίοις
1156 2793 1218 2846 τὺ
1250 2795 1377 2864 περὶ
1404 2794 1592 2847 τούτου
1643 2812 1821 2865 παρα-

237 2880 447 2933 τίθεται
478 2880 671 2951 δόγμα,
704 2881 770 2933 δι⁹
800 2873 874 2934 ὧν
915 2898 1078 2952 φησιν
1101 2924 1115 2949 ,
1165 2884 1247 2937 ὅτι
1297 2884 1712 2951 Ἀληθεύοντες
1751 2884 1819 2937 δὲ

228 2972 312 3025 ἐν
355 2971 580 3040 ἀγάπῃ,
623 2972 985 3041 αὐξήσωμεν
1011 2975 1100 3039 είς
1146 2974 1333 3028 αὐτόν
1375 2975 1445 3028 τὰ
1490 2974 1707 3041 πάντα,
1752 2976 1819 3041 ὅς

237 3063 414 3116 ἐστιν
462 3066 501 3133 ἡ
534 3064 768 3133 κεφαλὴ
799 3067 832 3118 ὀ
859 3065 1131 3132 Χριστὸς,
1164 3065 1233 3130 ἐξ
1273 3062 1345 3121 οὖ
1387 3066 1511 3121 πᾶν
1542 3066 1609 3119 τό
1650 3067 1820 3135 σῶμα

232 3154 887 3222 συναρμολογούμενον
910 3153 1008 3206 καί
1044 3153 1548 3225 συμϐιϐαζόμενον
1576 3157 1670 3211 διὰ
1708 3156 1821 3211 πά-

1922 1972 2139 2041 quidem
2173 1980 2256 2026 est
2281 1971 2518 2026 Ecclesia
2551 1990 2563 2024 :
2598 1971 2742 2026 sicut
2771 1971 3073 2041 Apostolus
3116 1970 3246 2024 dicit
3276 1969 3343 2023 ad
3389 1967 3495 2022 Co-

1923 2065 2232 2120 lossenses:
2270 2062 2423 2117 Nunc
2452 2063 2652 2133 gaudeo
2687 2065 2741 2117 in
2786 2063 3122 2133 passionibus
3155 2063 3303 2125 meis,
3328 2070 3376 2115 et
3406 2059 3496 2114 ad-

1923 2156 2111 2224 impleo
2162 2172 2223 2209 ea
2258 2172 2374 2226 qua:
2428 2156 2612 2209 desunt
2645 2155 3010 2226 afﬂictionibus
3054 2170 3148 2223 pro
3198 2152 3407 2208 Christo
3439 2156 3495 2206 in

1922 2264 2078 2301 carne
2109 2263 2221 2300 mea
2253 2262 2347 2315 pro
2380 2262 2592 2315 corpore
2622 2248 2735 2316 ejus
2758 2247 2896 2317 quod
2927 2258 3003 2300 est
3023 2245 3260 2299 Ecclesia
3299 2264 3312 2299 :
3343 2246 3495 2314 cuius

1922 2338 2095 2405 factus
2121 2354 2235 2391 sum
2269 2355 2358 2408 ego
2382 2338 2620 2392 minister
2641 2338 2927 2391 secundum
2958 2337 3403 2406 dispensationem
3427 2336 3492 2391 “.

1922 2430 1987 2483 Et
2016 2430 2082 2483 ad
2128 2429 2430 2485 Ecclesiam
2461 2429 2871 2485 Corinthiorum
2911 2449 2923 2484 :
2969 2428 3092 2494 Vos,
3134 2430 3334 2499 inquit,
3367 2429 3496 2483 estis

1921 2537 2107 2588 corpus
2140 2520 2360 2584 Christi,
2403 2531 2453 2577 et
2485 2522 2716 2574 membra
2758 2537 2822 2574 ex
2868 2522 3097 2575 membro
3136 2523 3201 2573 ¹².
3241 2522 3497 2589 Apertius

1921 2618 2100 2663 autem
2126 2611 2194 2663 de
2217 2625 2280 2664 eo
2305 2610 2497 2679 dogma
2546 2610 2798 2679 exposuit
2843 2608 3096 2679 Ephesiis
3115 2650 3128 2673 ,
3156 2625 3279 2663 cum
3314 2609 3447 2664 dicit
3478 2627 3494 2665 :

1931 2700 2148 2754 Vernces
2191 2702 2245 2754 in
2297 2702 2577 2761 eharitate.
2607 2717 2904 2755 crescamus
2955 2702 3006 2753 in
3041 2700 3132 2754 illo
3157 2718 3248 2771 per
3288 2703 3494 2768 omnia,

1919 2794 2007 2863 qui
2041 2803 2116 2847 est
2169 2803 2324 2863 caput
2370 2794 2635 2858 Christus,
2685 2808 2750 2846 ea:
2794 2808 2894 2861 quo
2926 2800 3091 2846 totum
3131 2808 3318 2860 corpus
3362 2809 3498 2846 com-

1919 2898 2128 2955 pactum
2167 2897 2215 2939 et
2262 2901 2551 2939 connexum
2596 2901 2691 2953 per
2752 2900 2928 2939 omnes
2982 2885 3496 2937 subministrationes

1920 2978 2204 3031 secundum
2268 2979 2620 3043 operationem
2672 2978 2727 3029 in
2780 2993 3029 3032 mensura
3085 2976 3498 3046 uniuscujusque

1923 3067 2160 3131 membri,
2191 3078 2528 3137 augmentum
2560 3067 2693 3135 facit
2726 3070 2959 3137 corporis
2998 3070 3053 3121 in
3093 3068 3498 3136 wdiﬁcationem

1921 3160 2006 3212 sui
2034 3160 2087 3212 in
2137 3159 2458 3212 charitate”
2494 3169 2718 3228 ;utpote
2769 3161 2912 3229 quod
2961 3175 3058 3229 per
3098 3175 3195 3214 eos
3236 3159 3329 3229 qui
3374 3158 3496 3213 ﬁdei

228 3259 361 3310 σης
412 3242 571 3312 ἁφῆς
616 3242 727 3312 τῆς
778 3244 1162 3314 ἐπιχορηγίας
1210 3246 1338 3299 κατ’
1393 3246 1699 3315 ἐνέργειαν
1743 3248 1815 3302 ἐν

1924 3266 2137 3321 semper
2163 3249 2497 3319 adjiciuntur
2526 3249 2782 3306 Christus
2826 3252 3066 3320 seipsum
3098 3250 3349 3304 aediﬁcet.
3393 3251 3496 3315 Qui

230 3334 431 3404 μέτρῳ
480 3336 618 3402 ἑνὸς
670 3334 931 3390 ἑκάστου
975 3336 1199 3406 μέρους
1245 3337 1361 3406 τὴν
1410 3339 1673 3407 αὔξησιν
1713 3340 1818 3393 τοῦ

233 3425 517 3497 σώματος
538 3427 785 3482 ποιεῖται
817 3430 904 3494 είς
929 3428 1254 3499 οἰκοδομὴν
1273 3430 1490 3484 ἑαυτοῦ
1508 3431 1578 3483 ἐν
1597 3431 1817 3500 ἀγάπῃ·

235 3514 319 3578 ὡς
346 3516 431 3569 διὰ
453 3516 561 3571 τῶν
594 3517 681 3571 ἀεὶ
714 3516 1152 3590 προστιθεμένων
1182 3522 1249 3591 τῇ
1293 3520 1472 3573 πίστει
1508 3521 1698 3574 ἑαυτὸν
1725 3519 1818 3574 τοῦ

234 3606 479 3678 Χριστοῦ
527 3608 952 3678 οἰκοδομοῦντος.
995 3609 1091 3673 Ὃς
1138 3611 1259 3664 τότε
1309 3613 1574 3665 παύσεται
1631 3612 1819 3666 ἑαυτὸν

237 3698 557 3767 οἰκοδομῶν,
584 3699 708 3751 ὅταν
741 3701 819 3762 είς
848 3699 909 3753 τὸ
940 3701 1067 3754 ίδιον
1100 3701 1296 3773 μέτρον
1327 3702 1507 3773 φθάσῃ
1595 3701 1689 3755 τοῦ
1716 3701 1821 3755 σώ-

238 3803 416 3856 ματος
445 3787 609 3839 αὐτοῦ
659 3786 884 3858 αὔξησίς
915 3808 972 3844 τε
1023 3792 1117 3845 καὶ
1148 3792 1444 3856 τελείωσις,
1494 3793 1589 3846 καὶ
1623 3792 1817 3864 μηκέτι

237 3876 379 3947 λίπῃ
406 3876 482 3945 τῷ
506 3876 717 3946 σώματι
738 3879 798 3930 τὸ
822 3879 888 3931 δι’
912 3882 1198 3951 οἰκοδομῆς
1226 3882 1667 3954 προστιθέμενον,
1692 3884 1824 3937 πάν-

236 3984 352 4019 των
379 3966 905 4038 ὲποικοδομηθέντων
922 3972 1013 4023 ἐπὶ
1032 3972 1109 4042 τῷ
1142 3972 1374 4043 θεμελίῳ
1389 3973 1496 4026 τῶν
1528 3973 1819 4045 προφητῶν

236 4074 304 4109 τε
339 4058 429 4111 καὶ
458 4060 790 4125 ἀποστόλων,
808 4062 901 4114 καὶ
936 4063 1318 4134 προσθεμένων
1354 4069 1419 4137 τῇ
1442 4067 1642 4128 πίστει,
1668 4067 1817 4132 ὅταν,

237 4148 429 4211 καθώς
469 4166 631 4220 φησιν
654 4151 682 4203 ό
724 4152 1040 4215 Ἀπόστολος
1059 4193 1073 4218 ,
1102 4155 1569 4225 καταντήσωμεν
1593 4159 1646 4209 οἱ
1672 4156 1821 4209 πάνυ

237 4257 344 4306 τες
370 4244 455 4307 εὶς
480 4242 592 4308 τὴν
611 4243 863 4309 ἑνότητα
888 4242 999 4311 τῆς
1022 4245 1280 4311 πίστεως
1307 4247 1406 4299 καὶ
1431 4247 1541 4315 τῆς
1574 4247 1822 4318 ἐπιγνώο

237 4348 399 4397 σεως
429 4333 532 4386 τοῦ
559 4333 694 4387 Υἱοῦ
721 4333 827 4388 τοῦ
850 4335 1016 4399 Θεοῦ,
1034 4338 1120 4401 είς
1135 4335 1323 4405 ἄνδρα
1340 4338 1591 4404 τέλειον,
1611 4342 1698 4406 εις
1718 4340 1822 4408 μέ-

236 4440 389 4491 τρον
416 4424 651 4490 ἡλικίας
698 4424 805 4479 τοῦ
848 4426 1239 4496 πληρώματος
1276 4429 1382 4483 τοῦ
1426 4432 1705 4499 Χριστοῦ.
1758 4433 1821 4484 Εί

238 4514 422 4567 τοίνυν
475 4515 684 4586 κεφαλὴ
734 4514 810 4569 ῶν
852 4517 1048 4582 αὐτὸς,
1095 4519 1156 4572 τὸ
1201 4519 1398 4591 ἐφεξῆς
1448 4521 1615 4574 αὐτοῦ
1662 4522 1822 4593 σῶμα

238 4606 531 4676 οἰκοδομεῖ,
564 4607 651 4660 διὰ
679 4606 788 4660 τῶν
816 4608 903 4661 ἀεὶ
945 4610 1378 4681 προστιθεμένων
1409 4614 1821 4683 συναρμολογῶν
1854 4600 1897 4655 Ῐ)

238 4697 344 4751 καὶ
390 4697 739 4767 συμὸιὸάζων
763 4700 889 4762 τοὺς
920 4700 1127 4764 πάντας
1153 4702 1232 4764 είς
1259 4702 1293 4756 δι
1328 4703 1566 4773 πέφυκεν
1591 4706 1823 4771 ἕκαστος

239 4790 387 4842 κατὰ
412 4791 472 4841 τὸ
496 4791 691 4860 μέτρον
716 4791 814 4860 τῆς
840 4792 1118 4861 ἐνεργείας
1135 4833 1150 4857 ,
1170 4792 1310 4846 ὥστε
1332 4794 1364 4864 ἢ
1391 4799 1567 4866 χεῖρα,
1599 4797 1630 4868 ἢ
1664 4798 1819 4863 πόδα,

239 4881 282 4949 ἢ
307 4878 601 4950 ὀφθαλμὸν,
630 4880 920 4951 ἣὰκοὴν,ἢ
944 4882 1071 4936 ἄλλο
1095 4900 1146 4935 τι
1171 4883 1423 4951 γενέσθαι
1439 4885 1545 4938 τῶν
1569 4888 1821 4958 συμπλη-

248 4969 490 5042 ρούντων
518 4972 578 5024 τὸ
623 4971 805 5042 σῶμα,
836 4972 976 5025 κατά
1008 4972 1105 5043 τὴν
1138 4974 1428 5044 ἀναλογίαν
1462 4978 1559 5047 τῆς
1590 4978 1819 5032 ἑκάστου

243 5064 522 5127 πίστεως,
561 5061 734 5116 ταῦτα
773 5063 831 5116 δὲ
873 5064 1040 5117 ποιῶν
1084 5066 1274 5122 ἑαυτὸν
1317 5069 1608 5139 οἰκοδομεῖ,
1638 5069 1823 5134 καθὼς

238 5158 460 5228 εἴρηται
480 5174 493 5188 ·
525 5155 682 5225 δῆλον
712 5156 778 5210 ἂν
810 5156 895 5227 εἴη
941 5157 1028 5212 διὰ
1054 5158 1276 5225 τούτων,
1306 5160 1389 5213 ὅτι
1416 5161 1474 5215 ἐν
1506 5162 1638 5215 πᾶσι
1675 5163 1824 5230 γινό-

242 5267 429 5321 μενος,
457 5251 537 5312 είς
585 5249 777 5304 ἑαυτὸν
813 5249 1024 5320 δέχεται
1078 5252 1283 5315 πάντας
1331 5253 1458 5315 τοὺς
1505 5254 1825 5323 ὲνουμένους

240 5340 397 5411 αὺτῷ
423 5340 512 5394 διὰ
534 5342 633 5411 τῆς
671 5341 956 5405 κοινωνίας
989 5341 1084 5394 τοῦ
1116 5341 1387 5412 σώματος,
1418 5344 1512 5396 καὶ
1546 5344 1682 5415 μέλη
1731 5344 1822 5398 τοῦ

245 5431 379 5485 ἰδίου
406 5430 657 5501 σώματος
677 5433 905 5485 ποιεῖται
923 5432 1051 5494 τοὺς
1074 5432 1298 5499 πάντας,
1330 5433 1471 5487 ὥστε
1494 5430 1631 5488 εἶναι
1656 5436 1823 5491 πολλὰ

245 5524 352 5596 μὲν
384 5522 543 5595 μέλη,
586 5522 646 5575 ἓν
682 5524 738 5577 δὲ
769 5522 946 5594 σῶμα.
994 5525 1052 5579 Ὀ
1080 5524 1259 5579 τοίνυν
1297 5525 1432 5596 πρὸς
1464 5527 1653 5580 ἑαυτὸν
1677 5529 1822 5599 ἡμᾶς

242 5615 479 5683 ἑνώσας,
519 5615 615 5671 καὶ
655 5616 787 5687 ἡμῖν
818 5615 1057 5683 ὲνωθεὶς,
1099 5616 1194 5672 καὶ
1224 5616 1314 5671 διὰ
1360 5617 1577 5672 πάντων
1603 5619 1661 5672 ἒν
1686 5619 1821 5690 πρὸς

322 5796 361 5830 λ·
395 5794 609 5851 Coloss.
670 5809 707 5860 ι,
764 5794 853 5850 ﬁt.
932 5799 973 5828 ¹¹
1016 5796 1032 5849 l
1074 5796 1200 5852 Cor.
1245 5811 1344 5860 xu,
1385 5797 1475 5851 9.7.

1925 3353 2056 3397 tunc
2075 3342 2288 3397 desinet
2311 3342 2549 3413 seipsum
2583 3341 3101 3413 aediﬁcarc,quando
3133 3342 3198 3396 ad
3223 3343 3496 3411 pr0priam

1922 3448 2231 3489 mensuram
2267 3436 2579 3505 pervenerit
2623 3435 2743 3503 ejus
2785 3436 3035 3505 corporis
3068 3439 3420 3503 augmentum
3446 3440 3499 3486 et

1919 3527 2223 3595 perfectio,
2265 3536 2320 3581 et
2374 3527 2510 3581 nihil
2566 3527 2800 3596 amplius
2851 3524 3086 3581 defuerit
3135 3524 3351 3595 corpori
3403 3538 3501 3593 per

1919 3618 2207 3672 tediticium
2262 3618 2407 3688 quod
2440 3619 2717 3687 adjicitur,
2749 3618 3007 3672 omnibus
3053 3615 3502 3686 supertediﬁcatis

1921 3724 2086 3778 super
2111 3709 2519 3763 fundamentum
2550 3710 2919 3779 apostolorum
2947 3721 2999 3763 et
3028 3709 3413 3779 prophetarum
3433 3706 3498 3770 “,

1920 3806 1975 3851 et
2003 3798 2125 3853 ﬁdei
2157 3798 2383 3866 adjectis
2405 3838 2419 3862 ,
2457 3798 2676 3868 quando
2698 3840 2710 3864 ,
2744 3808 2803 3852 ut
2857 3797 2990 3852 dicit
3026 3798 3352 3867 Apostolus,
3401 3811 3502 3848 oc-

1921 3891 2239 3943 currerimus
2289 3907 2465 3944 omnes
2522 3892 2576 3943 in
2631 3893 2892 3945 unitatem
2939 3891 3065 3958 ﬁdei
3116 3900 3165 3945 et
3213 3889 3498 3959 agnitionis

1923 3980 2057 4035 Filii
2081 3980 2196 4044 Dei,
2236 3983 2287 4035 in
2316 3983 2485 4034 virum
2519 3982 2827 4051 perfectum,
2873 3983 2942 4035 ad
2973 3999 3271 4045 mensuram
3327 3982 3501 4035 astatis

1921 4072 2261 4141 plenitudinis
2295 4073 2498 4128 Christi
2519 4075 2581 4128 ¹⁸.
2623 4074 2679 4129 Si
2714 4074 2879 4145 igitur
2912 4090 3033 4128 cum
3067 4075 3137 4129 sit
3167 4075 3282 4144 ipse
3305 4079 3500 4142 caput,

1922 4165 2067 4234 quod
2121 4173 2204 4218 est
2255 4165 2512 4233 deinceps
2545 4180 2704 4219 suum
2750 4180 2951 4235 corpus
2982 4165 3234 4227 aediﬁcat,
3270 4180 3365 4232 per
3404 4179 3501 4219 eos

1923 4258 2015 4325 qui
2062 4268 2277 4323 semper
2324 4253 2620 4317 adduntur,
2667 4256 3020 4325 compingens
3067 4263 3121 4309 et
3172 4263 3501 4308 connectens

1924 4362 2112 4402 omnes
2141 4345 2206 4399 ad
2241 4359 2303 4400 ea
2337 4346 2405 4400 ad
2449 4360 2569 4415 quae
2626 4353 2785 4400 natus
2819 4356 2903 4402 est
2954 4346 3331 4416 unusquisque
3358 4385 3374 4409 ,
3416 4359 3504 4401 se-

1923 4436 2160 4491 cundum
2194 4453 2509 4492 mensuram
2551 4438 2884 4506 operationis
2908 4479 2922 4504 ,
2955 4445 3012 4491 ut
3051 4438 3119 4491 sit
3168 4437 3250 4491 vel
3284 4452 3499 4501 manus,

1925 4531 2003 4585 vel
2031 4546 2146 4600 pes,
2181 4530 2263 4584 vel
2299 4529 2513 4594 oculus,
2547 4530 2627 4582 vtl
2660 4530 2830 4589 auris.
2868 4530 2949 4583 vel
2996 4529 3203 4597 aliquid
3256 4527 3400 4582 aliud
3435 4543 3502 4582 ex

1927 4624 1994 4676 iis
2024 4635 2145 4692 qua:
2182 4622 2453 4690 complent
2484 4636 2706 4688 corpus,
2740 4622 3127 4673 convenienter
3165 4620 3503 4688 proportioni

1928 4712 2361 4781 uniuscujusque
2392 4711 2546 4775 ﬁdei,
2602 4711 2717 4763 haec
2765 4719 2945 4763 autem
3002 4709 3206 4763 faciens
3261 4709 3503 4779 seipsum

1926 4794 2176 4865 aedificat,
2210 4804 2354 4857 sicut
2382 4802 2586 4857 dictum
2618 4811 2742 4857 est:
2777 4817 2873 4869 per
2898 4801 3010 4855 haec
3044 4809 3126 4857 est
3155 4802 3502 4871 perspicuum

1925 4895 2068 4965 quod
2103 4911 2227 4949 cum
2264 4894 2427 4948 fuerit
2478 4895 2531 4948 in
2582 4894 2870 4959 omnibus,
2901 4894 2955 4947 in
2991 4894 3228 4962 seipsum
3271 4893 3506 4961 suscipit

1926 4998 2116 5038 omnes
2142 4984 2243 5038 sibi
2279 4983 2459 5037 unitos
2504 4998 2600 5052 per
2625 4982 3177 5036 communicationem
3210 4982 3456 5049 corporis
3482 5017 3499 5044 ,

1923 5086 1976 5130 et
2007 5088 2195 5128 omnes
2236 5071 2367 5126 facit
2414 5073 2655 5127 membra
2687 5072 2770 5127 sui
2806 5071 3075 5141 corporis,
3108 5070 3242 5125 adeo
3287 5077 3346 5122 ut
3392 5068 3503 5122 sint

1924 5165 2143 5237 quidem
2189 5164 2355 5217 multa
2405 5164 2665 5230 membra,
2717 5179 2885 5217 unum
2938 5178 3068 5217 vero
3125 5175 3346 5231 corpus.
3397 5159 3501 5226 Qui

1924 5270 2053 5327 ergo
2088 5269 2188 5308 nos
2240 5254 2346 5309 sibi
2387 5253 2560 5317 uniit,
2591 5262 2645 5308 et
2694 5254 2855 5307 nobis
2909 5260 2993 5306 est
3043 5251 3253 5311 nnitus,
3289 5257 3344 5302 et
3406 5264 3503 5318 per

1924 5346 2109 5403 omnia
2154 5344 2442 5400 nobiscum
2475 5359 2641 5398 unum
2678 5343 2928 5407 effectus,
2956 5342 3137 5395 omnia
3168 5348 3353 5394 nostra
3401 5355 3501 5395 sua

1929 5437 2093 5494 efﬁcit
2119 5436 2363 5507 propria.
2391 5434 2713 5491 Nostrorum
2763 5440 2942 5488 autem
2972 5433 3241 5489 bonorum
3288 5444 3502 5487 summa

1928 5538 2012 5586 est
2045 5536 2098 5584 et
2123 5536 2305 5599 caput,
2343 5525 2451 5583 Deo
2477 5543 2601 5582 esse
2636 5524 2966 5594 subjectum.
2998 5523 3218 5593 quando
3248 5523 3502 5577 universa

1927 5629 2175 5678 creatura
2199 5618 2300 5675 sibi
2332 5617 2492 5673 fuerit
2514 5631 2824 5673 consonans
2855 5653 2870 5680 ,
2909 5620 2962 5669 et
2986 5628 3146 5670 omne
3188 5628 3325 5683 g-nu
3359 5611 3406 5667 ei
3442 5626 3501 5665 se

1558 5794 1601 5828 ¹³
1644 5796 1775 5867 Eph.
1824 5812 1896 5861 Iv,
1941 5795 2141 5859 15,16.
2220 5796 2264 5828 ⁸³
2325 5794 2459 5865 ΙῳΙι.
2498 5808 2556 5858 ll,
2589 5793 2679 5847 20.
2759 5794 2801 5824 ¹¹¹
2837 5793 2972 5863 Eph.
3014 5807 3086 5853 tv,
3130 5790 3193 5860 i5
