4018 6564
444 455 582 512 1319

1900 448 2268 511 APPENDIX.

3565 455 3711 511 i320

442 570 736 638 inﬂexerit,
760 567 1068 625 emlestium
1106 573 1162 622 et
1194 574 1562 630 terrenorum,
1593 571 1649 622 et
1698 563 2027 636 inferorum,
2057 627 2058 633 η

2157 560 2279 641 uti;
2303 566 2613 639 γενόμενος,
2641 567 2709 623 τὰ
2752 566 2997 640 ⁴ἡμέτερα
3033 565 3327 621 οἰκειοῦται
3357 566 3558 623 πάντα.
3598 570 3711 622 Κε-

439 673 496 722 et
517 664 702 721 omnis
731 664 918 734 lingua
945 660 1203 716 confessa
1244 657 1429 721 fuerit,
1463 657 1613 729 quod
1646 657 1912 715 Dominus
1938 668 2024 715 est

443 760 606 813 Iesus
634 754 932 820 Christus;
964 760 1094 807 tunc
1141 766 1268 805 cum
1304 751 1488 806 omnis
1549 758 1803 805 creatura
1853 762 2026 805 unum

444 862 649 919 corpus
674 847 837 903 fuerit
860 844 1075 910 eﬁ‘ecta,
1098 851 1152 900 et
1173 843 1357 899 omnia
1400 856 1497 914 per
1528 842 1891 898 obedientiam
1944 842 2029 896 in-

442 943 529 991 ter
556 949 617 991 se
660 935 890 990 invicem
920 934 969 990 ei
1016 934 1313 1001 conjuncta
1345 940 1401 987 et
1458 931 1656 986 coalita
1706 930 1930 999 fuerint,
1959 929 2028 984 ad

448 1041 509 1085 se
534 1026 703 1082 refert
723 1026 809 1081 sui
835 1024 1084 1095 corporis
1107 1023 1256 1078 Patri
1288 1022 1684 1078 obedientiam.

2129 659 2356 728 φάλαιον
2382 659 2440 713 δὲ
2481 658 2590 713 τῶν
2638 659 2925 731 ἡμετέρων
2957 659 3178 729 ἀγαθῶν
3223 661 3257 730 ἡ
3294 659 3429 729 πρὸς
3456 659 3517 712 rb
3564 659 3710 714 θεῖόν

2133 751 2279 803 ἐστιν
2309 749 2575 821 ὑποταγὴ,
2617 752 2745 805 ὅταν
2774 752 3054 821 ὁμόφωνος
3087 754 3236 805 πᾶσα
3262 753 3296 823 ἡ
3340 751 3519 815 κτίσις
3544 752 3682 822 γένη

2133 858 2223 894 ται
2247 840 2385 914 πρὸς
2428 842 2661 912 ἑαυτὴν,
2688 844 2781 897 καὶ
2813 844 2920 897 πᾶν
2952 843 3099 912 αύτῷ
3125 842 3252 911 γόνυ
3293 842 3506 916 κάμψῃ,
3548 846 3706 895 ἐπου-

2137 932 2336 1003 ρανίων
2360 932 2457 986 καὶ
2511 933 2789 1001 ἐπιγείων,
2828 935 2922 987 καὶ
2974 934 3363 1003 καταχθονίων,
3414 936 3511 989 καὶ
3561 937 3709 993 πᾶσα

2133 1022 2358 1091 γλῶσσα
2381 1022 2829 1095 ἐξομολογήσεται
2857 1025 2940 1078 ὅτι
2970 1024 3171 1096 Κύριος
3205 1024 3409 1094 Ἰησοῦς
3434 1024 3670 1096 Χριστός
3688 1040 3703 1054 ⁸

445 1116 569 1171 τότε
594 1117 773 1189 πάσης
792 1117 892 1189 τῆς
908 1117 1135 1181 κτίσεως
1163 1114 1220 1169 ἓν
1248 1115 1406 1186 σῶμα
1427 1114 1742 1185 γενομένης,
1774 1114 1871 1168 καὶ
1928 1114 2144 1169 πάντων
2186 1114 2275 1170 διὰ
2321 1116 2423 1186 τῆς
2481 1116 2727 1185 ὑπακοῆς
2775 1117 2891 1186 μετ’
2922 1115 3166 1188 ἀλλήλων
3230 1117 3289 1169 ὲν
3341 1115 3488 1185 αὐτῷ
3576 1133 3720 1184 συμ-

449 1207 715 1277 φυέντων,
748 1206 850 1280 τὴν
897 1207 990 1261 τοῦ
1042 1205 1172 1261 ίδίου
1222 1206 1468 1278 σώματος
1517 1206 1651 1278 πρὸς
1683 1204 1774 1259 τὸν
1807 1206 2027 1278 Πατέρα
2062 1206 2344 1278 ὑποταγὴν
2371 1209 2451 1273 είς
2481 1209 2675 1262 ἑαυτὸν
2703 1207 2985 1279 ἀναφέρει.

520 1318 739 1374 Nemini
780 1329 961 1373 autem
994 1319 1047 1374 id
1071 1316 1218 1389 quod
1246 1317 1450 1373 dicitur
1479 1316 1730 1372 videatur
1767 1317 2028 1373 alienum.

451 1410 609 1466 Nam-
642 1426 744 1466 nos
771 1425 990 1481 quoque
1033 1409 1088 1464 id
1120 1409 1265 1480 quod
1302 1407 1360 1462 fit
1400 1424 1497 1479 per
1528 1417 1778 1463 nostrum
1805 1422 2033 1478 corpus,

455 1521 554 1575 per
592 1504 885 1574 quamdam
929 1500 1382 1557 consuetudinem
1443 1499 1641 1553 anima:
1681 1499 2033 1554 ascribimus.

455 1597 550 1653 Ille
589 1596 733 1651 enim
780 1594 874 1665 qui
917 1594 986 1649 ob
1016 1593 1131 1664 agri
1163 1591 1500 1647 fertilitatem
1548 1604 1705 1646 suam
1739 1589 2038 1659 alloquitur

456 1688 720 1749 animam,
759 1686 952 1740 dicens
988 1700 1003 1737 :
1053 1680 1299 1745 Comede,
1344 1679 1480 1746 bibe,
1521 1687 1571 1733 et
1621 1678 1804 1732 uetare
1854 1678 1919 1741 ι’.
1948 1692 2038 1733 re-

456 1780 749 1851 pletionem
781 1777 968 1831 carnis
995 1775 1161 1830 refert
1185 1774 1252 1828 ad
1276 1773 1532 1826 animam.
1575 1772 1653 1825 ita
1674 1771 1788 1825 illic
1819 1786 2039 1841 quoque

458 1870 823 1926 ecclesiastici
880 1867 1130 1938 corporis
1179 1863 1451 1933 subjectio
1502 1861 1740 1917 refertur
1790 1862 1861 1917 ad
1911 1877 2038 1917 eum

459 1962 555 2035 qui
595 1962 869 2018 inhabitat
915 1960 968 2014 in
1011 1971 1264 2029 corpore.
1301 1955 1365 2009 Et
1394 1953 1842 2026 quandoquidem
1875 1967 2043 2009 omne

460 2053 607 2124 quod
636 2052 840 2107 factum
867 2063 974 2118 est,
999 2050 1053 2104 in
1079 2051 1199 2120 ipso
1221 2055 1506 2113 servatur,
1532 2046 1838 2116 explicatur
1860 2053 2041 2100 autem

2208 1319 2415 1391 Μηδεὶς
2446 1320 2502 1373 δὲ
2531 1319 2821 1385 ξενιζέσθω
2860 1318 2941 1390 τῷ
2980 1318 3273 1389 λεγομένῳ,
3319 1318 3427 1371 Καὶ
3469 1317 3580 1389 γὰρ
3621 1320 3719 1372 καὶ

2138 1412 2298 1483 ἡμεῖς
2328 1413 2389 1465 τὸ
2411 1412 2500 1466 διὰ
2527 1410 2621 1464 τοῦ
2649 1410 2901 1483 σώματος
2927 1410 3084 1482 ήμῶν
3108 1411 3393 1481 γινόμενον
3419 1410 3561 1464 κατά
3591 1426 3719 1463 τινα

2142 1503 2427 1573 συνήθειαν
2483 1507 2550 1574 τῇ
2596 1503 2739 1573 ψυχῇ
2791 1502 3145 1572 λογιζόμεθα⁶
3197 1501 3274 1565 ὡς
3333 1502 3720 1571 διαλεγόμενος

2140 1596 2344 1658 ἐκεῖνος
2374 1598 2437 1665 τῇ
2474 1594 2579 1665 ἰδίᾳ
2605 1594 2748 1665 ψυχῇ
2789 1594 2880 1647 ἐπὶ
2905 1597 2971 1664 τῇ
2999 1592 3227 1665 εὐφορίᾳ
3263 1593 3361 1663 τῆς
3391 1592 3608 1662 χώρας,
3632 1589 3715 1646 ὅτι

2140 1683 2298 1753 vidre
2324 1684 2423 1737 καί
2449 1685 2569 1749 πίε,
2595 1685 2693 1738 καί
2722 1684 3049 1752 εὐφραίνου
3069 1721 3086 1747 ,
3119 1684 3219 1753 τὴν
3235 1682 3334 1752 τῆς
3348 1684 3549 1753 σαρκὸς
3572 1684 3715 1752 πλη-

2138 1776 2339 1846 σμονὴν
2385 1778 2461 1839 εἰς
2509 1777 2609 1847 τὴν
2647 1775 2824 1846 ψυχὴν
2862 1775 3141 1843 ἀναφέρει.
3173 1772 3329 1827 Οὕτω
3359 1776 3519 1827 κάκεῖ
3549 1776 3585 1845 ἡ
3620 1773 3715 1827 τοῦ

2136 1867 2588 1938 ἐκκλησιαστικοῦ
2635 1867 2886 1936 σώματος
2941 1864 3189 1935 ὑποταγὴ
3254 1865 3583 1935 ἀναφέρεται
3637 1860 3718 1926 είς

2136 1958 2230 2013 τὸν
2255 1960 2569 2013 ἐνοικοῦντα
2605 1958 2682 2029 τῷ
2710 1957 2942 2028 σώματι.
2974 1958 3084 2011 Καὶ
3124 1957 3310 2027 ἐπειδὴ
3340 1960 3449 2011 πᾶν
3478 1959 3539 2010 τὸ
3561 1956 3721 2025 γενό-

2143 2068 2303 2121 μενον
2326 2053 2382 2104 ὲν
2409 2049 2557 2120 αὐτῷ
2588 2048 2854 2113 σώζεται,
2890 2051 2924 2119 ἡ
2957 2047 3016 2101 δὲ
3062 2048 3302 2119 σωτηρία
3329 2047 3419 2101 διὰ
3454 2049 3554 2118 τῆς
3583 2048 3723 2100 ὑπο-

462 2148 615 2203 salus
646 2159 742 2215 per
773 2141 1201 2213 subjectionem,
1241 2139 1388 2194 sicut
1427 2136 1589 2193 nobis
1626 2135 2040 2207 intelligendum

2157 2113 2312 2213 ταγῆς
2340 2113 2721 2212 ἑρμηνεύεται,
2761 2113 2941 2203 καθὼς
2968 2141 3001 2208 ἡ
3033 2113 3337 2209 Ψαλμῶδία
3362 2113 3724 2192 νοεῖν-ὑποτί-

463 2235 661 2292 statuit
692 2232 980 2304 Scriptura
1009 2228 1383 2293 Psalmorum,
1416 2234 1823 2298 consequenter
1854 2226 1908 2280 in
1940 2225 2044 2281 hac

464 2336 623 2398 parte
677 2325 946 2382 discimus
1011 2322 1080 2378 ab
1120 2320 1386 2392 Apostolo
1434 2317 1680 2384 credere,
1744 2319 1882 2374 nihil
1923 2334 2047 2374 esse

464 2428 620 2474 extra
663 2434 779 2484 eos,
845 2416 940 2488 qui
988 2421 1302 2471 serventur.
1366 2412 1485 2489 Hoc
1535 2422 1718 2466 autem
1772 2411 2049 2480 signiﬁcat

464 2512 646 2564 oratio
689 2524 789 2580 per
826 2507 1024 2563 mortis
1077 2504 1497 2559 subversionem
1550 2510 1604 2556 et
1644 2502 2046 2573 subjectionem

465 2599 627 2666 Filii,
647 2608 870 2671 propter
887 2596 1034 2669 quod
1056 2596 1173 2651 haec
1205 2594 1351 2648 inter
1388 2608 1447 2648 se
1464 2601 1827 2658 concurrunt,
1855 2606 2051 2661 nempe

471 2701 531 2747 ut
571 2703 625 2749 et
667 2694 887 2748 tandem
932 2690 1229 2762 aliquando
1279 2703 1428 2743 mors
1478 2703 1588 2742 non
1630 2687 1724 2752 sit,
1759 2693 1815 2740 et
1858 2699 2051 2740 omnes

470 2783 528 2838 in
576 2783 690 2837 vita
740 2790 1057 2838 versentur.
1111 2776 1238 2833 Vita
1284 2787 1465 2834 autem
1501 2786 1585 2835 est
1618 2776 1906 2841 Dominus,
1957 2789 2053 2846 per

470 2891 635 2946 quem
685 2875 1076 2930 convenienter
1114 2870 1163 2928 ei
1216 2874 1363 2943 quod
1404 2868 1537 2927 dicit
1576 2869 1897 2940 Apostolus,
1929 2869 2055 2923 uni-

473 2982 636 3023 verso
680 2966 801 3036 ejus
845 2962 1063 3037 corpori
1118 2962 1299 3019 aditus
1330 2961 1389 3018 tit
1429 2963 1496 3017 ad
1551 2958 1790 3027 Patrem,
1832 2959 2055 3029 quando

475 3055 769 3112 tradiderit
816 3071 1045 3127 regnum
1087 3052 1201 3110 Deo
1251 3065 1444 3109 nostro
1503 3062 1559 3107 et
1607 3048 1781 3104 Patri.
1838 3048 2056 3119 Corpus

476 3158 658 3205 autem
710 3148 851 3218 ejus,
901 3147 1051 3202 sicut
1079 3161 1222 3216 sazpe
1248 3145 1454 3200 dictum
1489 3151 1595 3209 est,
1635 3141 1813 3197 omnis
1840 3151 1923 3196 est
1950 3140 2056 3193 hu-

476 3257 640 3297 mana
660 3250 877 3304 natura,
903 3240 990 3295 cui
1016 3247 1100 3295 est
1129 3238 1417 3294 admistus.
1446 3232 1675 3305 Propter
1706 3233 1852 3287 hunc
1876 3235 2056 3303 ipsum

478 3338 663 3386 autem
712 3345 935 3386 sensum
998 3329 1314 3384 nominatur
1350 3324 1615 3382 Dominus
1659 3339 1691 3378 a
1717 3321 1906 3387 Paulo,
1942 3338 2057 3377 me-

478 3419 661 3475 diator
711 3418 805 3475 Dei
843 3427 896 3474 et
928 3419 1211 3475 hominum
1266 3415 1333 3473 ".
1367 3412 1503 3473 Nam
1532 3413 1625 3485 qui
1672 3413 1839 3469 estin
1870 3411 2055 3478 Patre,

479 3518 535 3567 et
570 3518 820 3567 versatus
863 3518 948 3566 est
977 3510 1117 3564 inter
1142 3507 1413 3573 homines,
1450 3506 1505 3561 in
1540 3505 1644 3559 hoc
1680 3504 1866 3574 implet
1901 3518 2055 3558 suam

482 3598 937 3655 intercessionem
987 3595 1132 3667 quod
1166 3611 1359 3652 omnes
1407 3596 1508 3650 sibi
1568 3596 1825 3657 univerit,
1861 3603 1914 3649 et
1963 3608 2060 3663 per

483 3688 726 3758 seipsum
776 3685 949 3748 Patri,
996 3686 1141 3740 sicut
1199 3684 1333 3740 dicit
1377 3683 1643 3738 Dominus
1673 3686 1728 3737 in
1771 3682 2062 3752 Evangelio

483 3777 553 3831 ad
582 3775 797 3831 Patrem
827 3776 991 3830 verba
1018 3773 1248 3835 faciens,
1274 3774 1421 3828 Sicut
1462 3784 1540 3837 tu,
1581 3771 1764 3838 Pater,
1789 3772 1845 3826 in
1881 3789 1979 3835 me,
2013 3782 2062 3826 et

482 3887 577 3942 ego
619 3872 674 3925 in
717 3881 785 3932 te,
821 3878 880 3922 ut
909 3880 957 3924 et
989 3868 1089 3938 ipsi
1125 3880 1286 3921 unum
1325 3867 1429 3920 sint
1458 3866 1515 3920 in
1544 3864 1693 3919 nobis
1735 3864 1797 3919 ¹⁸.
1830 3863 1931 3919 Per
1961 3864 2065 3921 hoc

485 3962 631 4017 enim
678 3968 864 4031 aperte
906 3960 1172 4024 ostendit,
1221 3958 1367 4028 quod
1408 3959 1568 4013 nobis
1610 3958 1713 4014 sibi
1741 3957 1933 4021 unitis,
1969 3959 2063 4028 qui

485 4061 574 4110 est
630 4053 684 4107 in
732 4052 918 4117 Patre,
951 4067 1048 4123 per
1091 4067 1151 4107 se
1191 4049 1361 4107 efﬁcit
1408 4058 1657 4106 nostram
1721 4065 1847 4104 cum
1904 4049 2067 4104 Patre

486 4144 953 4215 coniunctionem.
990 4142 1096 4198 Sed
1127 4150 1182 4200 et
1210 4159 1333 4215 qua:
1365 4144 1627 4213 deinceps
1666 4149 1975 4212 sequuntur
2008 4143 2063 4195 in

489 4233 807 4305 Evangelio,
855 4236 1189 4291 conveniunt
1255 4252 1383 4290 cum
1448 4235 1516 4288 iis
1570 4248 1691 4304 quae
1727 4232 1875 4288 dicta
1916 4242 2065 4298 sunt,

492 4341 710 4395 nempe,
774 4323 1016 4379 Gloriam
1059 4342 1219 4397 quam
1263 4325 1460 4380 dedisti
1514 4323 1665 4389 mihi,
1713 4323 1835 4379 dedi
1877 4325 1951 4379 eis
2000 4327 2066 4379 ¹⁹.

494 4415 664 4470 Suam
712 4416 883 4480 enim,
927 4424 988 4469 ut
1045 4423 1201 4485 puto,
1246 4416 1335 4470 hic
1365 4415 1499 4470 dicit
1541 4414 1768 4485 gloriam
1804 4411 2069 4485 Spiritum

495 4518 768 4572 sanctum,
803 4524 965 4578 quem
1005 4507 1157 4563 dedit
1184 4507 1469 4578 discipulis
1498 4522 1594 4576 per
1621 4505 2068 4562 insufﬂationem.

494 4599 684 4670 Neque
733 4601 877 4655 enim
928 4608 1164 4672 possunt
1209 4599 1370 4653 aliter
1422 4597 1565 4653 uniri
1603 4596 1696 4668 qui
1747 4605 1879 4653 sunt
1933 4612 1963 4651 a
2014 4613 2074 4654 se

378 4726 386 4735 .
496 4690 732 4745 invicem
781 4688 1070 4759 disiuncti.
1125 4689 1231 4745 nisi
1273 4688 1483 4743 unitate
1537 4686 1779 4758 Spiritus
1806 4686 1971 4741 simul
2016 4688 2071 4742 in

2143 2238 2316 2302 θεται,
2351 2235 2658 2299 ἀκολούθως
2676 2235 2735 2288 τὸ
2762 2234 2925 2305 μηδὲν
2949 2233 3053 2297 ἔξω
3084 2233 3191 2286 τῶν
3231 2232 3551 2301 σωζομένων
3574 2227 3721 2285 εἶναι

2143 2326 2440 2391 πιστεύειν,
2476 2328 2533 2379 ὲν
2575 2325 2653 2396 τῷ
2687 2325 2846 2396 μέρει
2874 2325 3047 2393 τούτῳ
3083 2322 3179 2377 τοῦ
3230 2323 3552 2376 ’Δποστόλου
3586 2339 3723 2391 μαδ-

2144 2415 2399 2486 θάνομεν.
2425 2414 2595 2468 Τοῦτο
2621 2415 2677 2468 δὲ
2700 2417 2766 2485 τῇ
2798 2412 2895 2469 τοῦ
2930 2412 3160 2467 θανάτου
3189 2412 3505 2482 καθαιρέσει
3530 2414 3627 2465 καὶ
3653 2414 3721 2483 τῇ

2144 2506 2240 2561 τοῦ
2271 2507 2403 2561 Υίοῦ
2435 2508 2680 2576 ὑποταγῇ
2704 2505 3050 2576 διασημαίνει
3076 2505 3106 2557 ό
3124 2504 3300 2572 λόγος,
3329 2503 3463 2556 διότι
3490 2501 3727 2572 συμϐαί-

2146 2615 2228 2651 νει
2265 2597 2437 2651 ταῦτα
2462 2596 2598 2667 πρὸς
2627 2596 2850 2666 ἄλληλα,
2876 2595 2938 2649 τό
2968 2602 3027 2649 τε
3060 2595 3135 2666 μὴ
3180 2590 3319 2648 εἷναί
3349 2611 3479 2647 ποτε
3506 2593 3598 2646 τὸν
3626 2593 3725 2646 θά-

2149 2707 2327 2755 νατον,
2361 2690 2536 2745 καὶτὸ
2568 2690 2777 2754 πάντας
2806 2690 2867 2745 ἐν
2890 2688 3004 2761 ζωῇ
3028 2687 3300 2757 γενέσθαι.
3330 2687 3451 2758 Ζωὴ
3472 2686 3531 2739 δὲ
3555 2690 3583 2740 ὁ
3613 2686 3723 2739 Κύ·

2154 2799 2287 2853 ριος,
2331 2782 2399 2836 δι’
2434 2776 2496 2837 ού
2540 2781 2769 2851 γίνεται,
2817 2780 2960 2836 κατὰ
3001 2781 3093 2834 τὸν
3148 2780 3497 2834 ἀποστολικδν
3547 2780 3724 2847 λόγον,

2152 2871 2316 2925 παντὶ
2344 2871 2421 2942 τῷ
2451 2870 2662 2942 σώματι
2692 2870 2926 2939 αὐτοῢ,ὴ
2955 2871 3286 2942 προσαγωγὴ
3321 2868 3459 2940 πρὸς
3487 2869 3582 2921 τὸν
3612 2870 3729 2921 Πα-

2151 2963 2307 3033 τέρα,
2342 2963 2470 3016 ὅταν
2504 2961 2778 3032 παραδιδῷ
2831 2960 2929 3033 τὴν
2968 2960 3242 3031 βασιλείαν
3287 2960 3445 3031 ἡμῶν
3490 2960 3568 3029 τῷ
3610 2960 3729 3030 Θεῷ

2154 3052 2250 3106 καὶ
2278 3052 2473 3125 Πατρί.
2504 3051 2671 3122 Σῶμα
2706 3051 2764 3103 δὲ
2795 3050 2980 3115 αὑτοῦ,
3001 3050 3181 3113 καθὼς
3211 3050 3422 3121 εἴρηται
3448 3050 3726 3111 πολλάκις,

2156 3143 2305 3205 πᾶσα
2335 3143 2369 3213 ἡ
2399 3141 2713 3213 ἀνθρωπίνη
2751 3140 2934 3209 φύσις,
2965 3134 3000 3213 ᾖ
3040 3139 3367 3211 κατεμίχθη.
3406 3142 3483 3192 Δι’
3517 3141 3653 3192 αὐτὸ
3676 3140 3731 3192 δὲ

2155 3230 2313 3285 τοῦτο
2353 3232 2415 3284 τὸ
2466 3232 2645 3303 νόημα
2698 3232 2791 3285 καὶ
2847 3230 3071 3301 μεσίτης
3118 3230 3251 3284 Θεοῦ
3293 3230 3387 3283 καὶ
3431 3230 3733 3301 ἀνθρώπων

2156 3322 2448 3393 ὠνομάσθη
2481 3322 2630 3394 παρὰ
2657 3321 2750 3375 τοῦ
2790 3321 3004 3374 Παύλου
3026 3325 3054 3375 ὁ
3082 3321 3295 3393 Κύριος.
3343 3322 3401 3373 ’0
3430 3320 3541 3390 γὰρ
3568 3321 3627 3373 ὲν
3657 3319 3734 3389 τῷ

2161 3414 2336 3483 Πατρὶ
2372 3412 2467 3475 ὣν,
2523 3413 2616 3467 καί⁵
2664 3413 2721 3464 ὲν
2767 3410 3074 3483 ἀνθρώποις
3112 3411 3423 3481 γενόμενος,
3456 3413 3515 3464 ἐν
3555 3411 3731 3480 τούτῳ

2162 3504 2363 3574 πληροῖ
2393 3504 2490 3575 τὴν
2526 3504 2821 3573 μεσιτείαν,
2848 3504 2907 3555 ὲν
2935 3501 3014 3573 τῷ
3056 3502 3234 3573 ἑαυτῷ
3276 3502 3481 3566 πάντας
3514 3501 3734 3564 ἑνῶσαι,

2162 3596 2257 3648 καὶ
2280 3594 2346 3647 δι’
2378 3593 2572 3648 ἑαυτοῦ
2601 3594 2678 3665 τῷ
2715 3594 2910 3663 Πατρὶ,
2945 3593 3125 3658 καθώς
3153 3611 3316 3667 φησιν
3359 3596 3416 3648 ἐν
3446 3590 3523 3665 τῷ
3557 3596 3739 3663 Εὐαγ-

2162 3688 2326 3757 γελίῳ
2357 3690 2385 3741 ὁ
2416 3687 2637 3759 Κύριος,
2680 3689 2814 3759 πρὸς
2843 3690 2936 3743 τὸν
2969 3689 3186 3760 Πατέρα
3225 3689 3316 3742 τὸν
3367 3689 3525 3757 λόγον
3555 3690 3739 3742 ποιού-

2168 3794 2345 3848 μενος*
2364 3777 2567 3843 Καθὼς
2580 3778 2682 3843 σὺ,
2714 3780 2924 3848 Πάτῳ,
2945 3779 3181 3848 ὲνέμοί,
3211 3778 3370 3848 κάγὼ
3393 3781 3463 3833 ἐν
3490 3781 3607 3845 σο),
3640 3782 3741 3835 Ira

2164 3870 2317 3923 οὕτω
2356 3869 2617 3925 κάκεῖνοι
2647 3871 2717 3924 ἐν
2739 3871 2883 3940 ἡμῖν
2908 3872 2977 3925 ἓν
3002 3867 3171 3925 ὦσιν.
3204 3872 3395 3941 Σαφῶς
3414 3872 3571 3926 τοῦτο
3604 3890 3740 3943 παρ-

2169 3960 2399 4029 ίστησιν,
2458 3959 2540 4013 ὅτι
2577 3959 2755 4030 ἑαυτῴ
2786 3961 2931 4031 ἡμᾶς
2957 3959 3163 4023 ἑνώσας
3210 3960 3240 4014 ό
3268 3961 3327 4013 έν
3359 3960 3437 4030 τῷ
3464 3962 3636 4032 Harp!
3666 3962 3741 4015 ὢν

2166 4051 2232 4105 δι’
2249 4050 2443 4104 ἑαυτοῦ
2464 4051 2565 4122 τὴν
2588 4051 2724 4122 πρὸς
2744 4051 2834 4106 τὸν
2848 4052 3064 4123 Πατέρα
3088 4051 3380 4120 συνάφειαν
3401 4053 3561 4122 ἡμῶν
3576 4054 3743 4122 ἀπερ-

2168 4143 2413 4211 γάζεται.
2461 4140 2618 4195 Ἀλλὰ
2648 4142 2743 4196 καὶ
2774 4142 2844 4196 τὰ
2872 4142 3071 4213 ἑφεξῆς
3100 4142 3194 4196 τοῦ
3247 4141 3581 4211 Εὗαγγελίου
3624 4160 3742 4195 cui»

2169 4233 2284 4305 ᾲδει
2318 4235 2431 4296 τοῖς
2464 4232 2803 4304 είρημένοις·
2840 4232 2960 4300 Τὴν
2991 4232 3182 4295 δόξαν
3224 4232 3306 4301 ἣν
3329 4232 3592 4299 δέδωκάς
3615 4252 3737 4302 μοι,

2114 4365 2123 4374 ..
2169 4323 2397 4378 δέδωκα
2421 4323 2643 4390 αὐτοῖς.
2678 4322 2846 4387 Δόξαν
2871 4324 2979 4393 γὰρ
3011 4323 3241 4377 ινταιῦθα
3273 4324 3449 4393 λέγειν
3481 4325 3642 4379 αὑτὸν
3664 4320 3742 4377 οἷ-

2173 4432 2271 4487 μαι
2302 4416 2362 4469 τὺ
2397 4415 2621 4486 Πνεῦμα
2654 4416 2716 4468 τὸ
2747 4415 2923 4483 ἅγιον,
2954 4415 2984 4469 δ
3013 4415 3179 4470 ἔδωκε
3222 4418 3333 4480 τοῖς
3363 4416 3631 4488 μαθηταῖς
3656 4416 3742 4469 διὰ

2170 4508 2262 4562 τοῦ
2294 4509 2771 4579 προσφυσήματος.
2803 4508 2879 4561 Οὐ
2928 4506 3039 4580 γὰρ
3082 4507 3228 4561 ἐστιν
3275 4508 3448 4572 ἄλλως
3480 4509 3741 4579 ἑνωθῆναι

2171 4600 2295 4665 τοὺς
2335 4601 2429 4655 ἀπ’
2476 4599 2718 4670 ἀλλήλων
2750 4599 3119 4670 διεστηκότας,
3159 4602 3235 4672 μὴ
3283 4604 3353 4671 τῇ
3401 4601 3611 4671 ὲνότητι
3647 4598 3741 4653 τοῦ

2174 4689 2486 4759 Πνεύματος
2529 4689 2960 4759 συμφυομένους.
2997 4692 3069 4744 El
3094 4690 3204 4759 γάρ
3227 4708 3315 4756 τις
3342 4690 3585 4761 Πνεῦμα
3616 4694 3745 4758 Χρι-

496 4796 663 4835 unam
704 4781 1112 4851 coniungantur
1151 4789 1428 4836 naturam.
1475 4777 1534 4834 Si
1578 4778 1696 4849 quis
1735 4779 1873 4831 enim
1897 4778 2058 4847 Spiri-

2167 4782 2317 4836 στοῦ
2332 4782 2443 4834 οὐκ
2459 4780 2603 4850 ἔχει,
2619 4776 2797 4847 οὗτος
2812 4782 2923 4835 οὐκ
2944 4780 3115 4835 ἐστιν
3138 4780 3342 4835 αὐτοῦ.
3364 4780 3435 4834 Τὸ
3448 4782 3504 4835 δὲ
3521 4782 3742 4852 Πνεῦμα

498 4878 609 4921 tum
643 4867 841 4921 Christi
892 4885 996 4922 non
1024 4868 1199 4935 habet,
1238 4870 1285 4922 is
1320 4884 1424 4922 non
1457 4876 1536 4921 est
1571 4864 1684 4936 ejus
1723 4866 1794 4921 ²⁰.
1831 4865 2068 4935 Spiritus

496 4969 678 5014 autem
714 4965 798 5013 est
831 4960 1021 5031 gloria,
1064 4969 1123 5014 ut
1165 4960 1293 5014 alibi
1337 4959 1467 5013 dicit
1502 4956 1669 5021 Patri,
1702 4955 1957 5027 Gloriﬁca
1992 4973 2072 5011 me

495 5051 669 5121 gloria
691 5065 850 5119 quam
878 5049 1038 5103 habui
1072 5049 1213 5119 apud
1240 5060 1287 5105 te
1318 5050 1382 5104 ab
1409 5049 1581 5116 initio,
1608 5058 1890 5119 antequam
1913 5064 2069 5101 mun-

496 5146 596 5197 dus
630 5145 847 5198 esset".
881 5143 1023 5199 Deus
1054 5145 1196 5198 enim
1226 5141 1487 5210 Verbum,
1519 5142 1611 5214 qui
1644 5153 1768 5197 ante
1807 5142 2070 5195 mundum

497 5234 721 5303 gloriam
754 5231 934 5288 Patris
968 5234 1218 5298 habebat,
1242 5240 1531 5304 postquam
1564 5232 1617 5287 in
1646 5231 1852 5287 ultimis
1880 5232 2074 5286 diebus

498 5341 629 5377 ram
660 5325 836 5380 factus
862 5335 945 5380 est
971 5344 984 5380 :
1018 5327 1306 5397 oportebat
1336 5334 1518 5380 autem
1553 5340 1776 5380 carnem
1833 5339 2074 5395 quoque,

500 5430 598 5480 per
629 5418 1185 5486 contemperationem
1217 5431 1340 5471 cum
1365 5413 1566 5479 Verbo,
1600 5414 1733 5469 illud
1761 5414 1898 5470 efiici
1930 5416 2076 5486 quod

500 5512 582 5556 cst
614 5504 900 5569 Verbum;
957 5506 1014 5560 fit
1045 5517 1223 5561 autem
1280 5505 1600 5574 accipiendo
1655 5504 1709 5560 id
1750 5504 1895 5575 quod
1952 5514 2080 5561 ante

501 5596 765 5648 mundum
800 5597 989 5651 habuit
1020 5598 1277 5664 Verbum;
1312 5594 1368 5650 id
1425 5606 1604 5651 autem
1662 5604 1782 5651 erat
1842 5594 2080 5667 Spiritus

504 5696 748 5741 sanctus.
784 5685 969 5758 Neque
997 5687 1141 5745 enim
1170 5687 1319 5742 aliud
1347 5696 1433 5745 est
1462 5695 1589 5744 ante
1617 5687 1815 5744 saecula
1839 5727 1855 5755 ,
1886 5695 2081 5758 praeter

588 5848 632 5879 ¹⁶
674 5847 805 5902 Luc.
855 5862 917 5903 ιι
1015 5849 1101 5904 ιο.
1181 5848 1224 5878 "
1264 5845 1456 5903 l'l‘im.
1500 5862 1561 5911 ιι,
1612 5844 1670 5900 5.
1748 5844 1791 5878 “
1826 5844 1985 5902 Joan.
2024 5865 2137 5905 xvu
2197 5852 2253 5906 2.

2177 4876 2210 4943 ἡ
2238 4871 2363 4937 δόξα
2395 4873 2532 4935 ἐστὶ,
2561 4871 2741 4935 καθώς
2773 4888 2937 4943 φησιν
2968 4871 3193 4943 ἑτέρωθι
3221 4873 3356 4943 πρὸς
3384 4874 3475 4925 τὸν
3504 4874 3741 4946 Πατέρα,

2178 4962 2449 5027 Δόεασόν
2468 4980 2544 5033 με
2574 4962 2651 5033 τῇ
2677 4962 2829 5031 δόξῃ
2852 4962 2932 5030 ἢν
2949 4958 3117 5032 εἶχον
3138 4963 3237 5017 ἀπ’
3260 4964 3453 5033 ἀρχῆς
3474 4966 3633 5033 παρὰ
3649 4965 3748 5019 σοι

2180 5056 2292 5125 πρὸ
2324 5055 2433 5110 τοῦ
2460 5054 2568 5110 τὸν
2613 5057 2845 5124 κόσμον
2875 5052 3048 5110 εῖναι.
3092 5056 3150 5108 '0
3189 5056 3294 5125 γὰρ
3341 5053 3475 5119 Θεὸς
3521 5058 3694 5125 Λόγος
3719 5058 3747 5110 δ

2182 5146 2288 5218 πρὸ
2320 5145 2526 5215 κόσμου
2570 5145 2709 5215 ἔχων
2742 5146 2843 5215 τὴν
2868 5144 2963 5199 τοῦ
2995 5144 3208 5216 Πατρδς
3238 5145 3413 5211 δόξαν,
3446 5148 3633 5218 ἐπειδὴ
3660 5148 3748 5200 ἐπ’

2180 5239 2424 5308 ἐσχάτων
2449 5236 2558 5290 τῶν
2594 5236 2817 5308 ἡμερῶν
2846 5235 2983 5307 σὰρξ
3023 5237 3269 5305 ἐγένετοο
3310 5236 3418 5290 ἔδει
3452 5237 3510 5291 δὲ
3537 5238 3631 5290 καὶ
3654 5238 3750 5308 τὴν

2186 5330 2365 5401 σάρκα
2405 5326 2494 5381 διὸ.
2528 5327 2627 5397 τῆς
2668 5329 2806 5399 πρὸς
2857 5329 2949 5382 τὸν
2977 5329 3150 5396 Λόγον
3182 5327 3536 5398 Maxde
3578 5330 3750 5382 ἐκεῖνο

2180 5419 2455 5489 γενέσθαι.
2485 5420 2622 5492 ὅπερ
2645 5421 2673 5473 ό
2688 5420 2859 5488 Λόγος
2878 5420 3044 5473 ἐστίν·
3072 5420 3279 5488 γίνεται
3294 5420 3351 5472 δὲ
3369 5422 3435 5473 ἐκ
3457 5414 3552 5472 τοῦ
3576 5422 3748 5472 ἐκεῖνο

2182 5508 2386 5572 λαϐεῖν,
2415 5508 2445 5562 δ
2478 5509 2582 5581 πρδ
2610 5508 2702 5563 τού
2733 5509 2937 5579 κόσμου
2969 5504 3115 5579 εἶχεν
3135 5510 3163 5562 ό
3182 5509 3372 5576 Λόγος.
3408 5508 3577 5562 Τοῦτο
3602 5510 3657 5562 δὲ
3682 5506 3749 5580 ἦν

2183 5600 2246 5654 τὸ
2278 5598 2501 5670 Πνεῦμα
2548 5601 2610 5653 τὸ
2655 5602 2845 5669 ἅγιονο
2871 5600 3028 5654 οὐδὲν
3075 5600 3189 5672 γὰρ
3231 5600 3360 5655 ἄλλο
3408 5601 3744 5674 προαιώνιον,

2174 5692 2314 5761 πλὴν
2361 5691 2574 5763 Πατρδς
2619 5692 2713 5746 καὶ
2752 5690 2883 5746 Υίοῦ
2936 5691 3030 5745 καὶ
3058 5692 3213 5757 ἁγίου
3262 5692 3608 5763 Πνεύματοςέ
3661 5693 3746 5748 διὰ

2331 5851 2374 5884 ¹⁹
2406 5850 2539 5907 lbid.
2574 5851 2665 5908 22.
2741 5853 2786 5886 ²⁶
2822 5852 2973 5909 Rom.
2987 5869 3118 5922 ,vm,
3142 5855 3196 5911 9.
3275 5853 3486 5913 "Joan.
3513 5871 3649 5924 xm,
3683 5855 3736 5910 5.
