3888 6528
196 475 328 532 i521

806 484 869 538 IN
902 486 1122 552 ILLUD,
1164 487 1343 543 TUNC
1374 488 1523 542 IPSE
1562 487 1783 544 FILIUS
1812 484 2271 553 SUBJICIETUR,
2304 487 2475 554 ETC.,
2521 485 2797 543 ORATIO.

3258 491 3397 546 139.2
3474 448 3482 453 ’

189 590 349 643 τοῦτο
375 591 471 645 καὶ
503 593 736 648 ἐνταῦθά
767 613 952 667 φησιν,
989 599 1070 652 ὅτι
1107 600 1225 667 Τὴν
1260 602 1447 673 δόξαν
1471 601 1551 669 ἦν
1577 602 1757 655 δέδω-

1873 601 2071 656 Patrem
2099 611 2154 656 et
2184 600 2382 655 Filium
2413 607 2468 655 et
2499 598 2760 670 Spiritum
2792 609 3041 658 sanctum
3071 624 3081 657 :
3130 615 3411 674 propterea

192 680 308 746 κάς
333 700 453 751 μοι,
496 684 723 741 δέδωκα
763 690 982 757 αὐτοῖς,
1029 692 1113 746 ἵνα
1144 693 1211 746 δι’
1244 695 1411 766 αὐτῆς
1454 695 1576 766 ἐμοὶ
1615 697 1746 750 ἐνω-

193 770 360 826 θῶσιν
391 775 484 828 καὶ
520 776 585 829 δι’
614 777 753 848 ἐμοῦ
783 781 886 834 σοί.

271 865 492 936 Ἰδωμεν
523 868 578 920 δὲ
606 871 700 922 καὶ
734 871 804 924 τὰ
828 872 1021 944 ἐφεξῆς
1048 876 1105 928 ὲν
1130 875 1207 946 τῷ
1234 877 1544 950 Εὐαγγελίῳ
1578 896 1749 951 προσ-

194 956 436 1023 κείμενα·
469 958 601 1013 Ἵνα
619 955 770 1015 ὦσιν
801 962 877 1016 ἐν
905 964 1095 1030 καθὼς
1123 966 1292 1035 ἡμεῖς
1320 967 1389 1020 ἓν
1417 968 1624 1037 ἐσμεν.
1667 968 1750 1022 Σὺ

193 1047 266 1097 ἐν
294 1048 443 1115 ἐμοὶ,
466 1051 627 1120 κάγὼ
644 1053 715 1106 ἐν
742 1055 967 1122 αὐτοῖς,
989 1055 1078 1109 ὅτι
1095 1057 1209 1126 ἐγὼ
1227 1058 1325 1111 καὶ
1340 1059 1420 1112 σὺ
1449 1060 1519 1113 ἐν
1544 1061 1752 1130 ἐσμεν,

196 1139 298 1193 ἵνα
319 1135 429 1193 ὦσι
453 1145 883 1213 τετελειιιψένοι
905 1149 989 1213 εἰς
1003 1148 1067 1201 τὸ
1083 1148 1359 1204 ἓν.Ταῦτα
1380 1152 1487 1223 γὰρ
1501 1153 1753 1221 οὐδεμιᾶς

197 1230 576 1301 ἐπεξηγήσεως
605 1229 757 1305 οἶμαι
796 1238 1016 1308 χρῄζειν
1056 1240 1191 1310 πρὸς
1226 1240 1287 1293 τὸ
1321 1243 1753 1313 συναρμοσθῆναι

194 1321 277 1391 τῷ
304 1325 646 1395 προκειμένῳ
673 1328 922 1397 νοήματι,
955 1330 1122 1398 αὐτῆς
1154 1331 1395 1403 φανερῶς
1436 1333 1535 1403 τῆς
1560 1333 1755 1397 λέξεως

196 1413 260 1463 τὸ
310 1414 437 1485 περὶ
470 1415 673 1469 τούτων
712 1418 885 1487 δόγμα
935 1421 1302 1493 ὲκτιθεμένης.
1345 1423 1475 1478 Ἵνα
1495 1419 1646 1477 ὦσιν
1664 1424 1754 1490 ἐν,

196 1505 388 1571 καθὼς
416 1506 585 1575 ἡμεῖς
614 1509 683 1562 ἓν
710 1510 915 1579 ἐσμεν.
947 1514 1019 1567 Οὐ
1067 1515 1175 1586 γάρ
1202 1517 1315 1568 ἐστι
1340 1517 1560 1570 δυνατὸν
1586 1518 1758 1581 ἄλλως

197 1599 324 1661 τοὺς
357 1598 561 1662 πάντας
592 1601 650 1651 ἓν
682 1602 953 1669 γενέσθαι,
983 1603 1163 1668 καθὼς
1204 1607 1363 1676 ἡμεῖς
1406 1609 1572 1679 ἐσμεν
1605 1609 1682 1672 ἒν,
1711 1610 1757 1661 εἰ

201 1691 279 1760 μὴ
307 1690 518 1743 πάντων
562 1692 669 1745 τῶν
696 1694 789 1746 ἀπ’
834 1695 1077 1767 ἀλλήλων
1105 1697 1299 1763 αὐτοὺς
1341 1699 1761 1771 διαμεριζόντων

199 1781 575 1850 χωρισθέντες,
618 1785 864 1839 ἑνωθεῖεν
912 1788 1042 1857 ἡμῖν
1090 1789 1282 1851 οἵτινές
1322 1791 1486 1859 ἐσμεν
1533 1792 1625 1845 ’ἐν’
1675 1793 1761 1845 ἵνα

198 1868 334 1926 ὦσιν
366 1874 444 1939 ἓν,
469 1875 650 1939 καθὼς
677 1878 835 1947 ἡμεῖς
879 1880 1043 1949 ἐσμεν
1083 1880 1161 1934 ἓν.
1192 1881 1363 1936 Τοῦτο
1399 1883 1455 1937 δὲ
1477 1882 1592 1946 πῶς
1617 1884 1761 1952 γίνε-

196 1982 311 2029 ται,
352 1966 433 2019 ὅτι
478 1966 589 2035 ἐγὼ
634 1970 691 2021 ὲν
722 1969 936 2035 αὐτοίς;
984 1971 1059 2024 Οὐ
1093 1973 1199 2043 γάρ
1248 1975 1366 2027 ἐστι
1395 1975 1617 2029 δυνατὸν
1658 1977 1757 2045 ἐμὲ
1791 1953 1831 2006 Β

198 2057 451 2124 γενέσθαι
474 2059 632 2130 μόνον
652 2062 709 2114 ὲν
731 2061 932 2125 αὐτοῖς,
953 2063 1089 2116 ἀλλὰ
1115 2064 1329 2126 πάντως
1346 2066 1443 2143 καὶ
1472 2068 1551 2131 σὲ,
1575 2067 1758 2138 ἐπειδὴ

199 2148 314 2215 ἐγὼ
357 2150 449 2203 καὶ
502 2151 566 2204 σὺ
596 2150 655 2204 ἓν
706 2153 900 2223 ἐσμενο
922 2155 1019 2209 καὶ
1061 2152 1235 2220 οὕτως
1260 2159 1577 2229 γενήσονται
1613 2174 1762 2211 τετε-

199 2239 484 2309 λειωμένοι
512 2244 593 2306 εἰς
633 2242 694 2295 τὸ
718 2242 795 2309 ἓν,
835 2245 886 2297 οἱ
911 2246 971 2297 ὲν
1000 2248 1133 2317 ἡμῖν
1174 2247 1572 2311 τελειωθέντεςο
1601 2250 1763 2318 ἡμεῖς

199 2330 311 2401 γὰρ
332 2332 392 2384 τὸ
415 2332 493 2387 ἓν.
525 2335 636 2403 Τὴν
671 2334 728 2387 δὲ
753 2336 1009 2408 τοιαύτην
1044 2339 1202 2409 χάριν
1234 2339 1605 2410 φανερώτερον
1647 2339 1765 2392 δια-

202 2424 459 2493 σημαίνει
484 2424 561 2493 τῷ
591 2426 789 2496 ἐφεξῆς
815 2427 957 2498 λόγῳ
982 2428 1152 2490 οὕτως
1176 2429 1365 2493 εἰπὼν,
1393 2431 1475 2483 ὅτι
1504 2430 1766 2499 Ἡγὰπη-

200 2531 322 2580 σας
350 2516 569 2579 αὐτοὺς
597 2519 790 2583 καθὼς
810 2519 915 2586 ἐμὲ
934 2519 1272 2589 ἠγάπησας.
1300 2521 1361 2573 Et
1388 2521 1497 2592 γὰρ
1523 2523 1553 2574 6
1578 2522 1767 2593 Πατὴρ

202 2606 394 2676 ἀγαπᾷ
434 2605 524 2658 τὸν
557 2605 704 2667 nev,
735 2608 793 2659 ὲν
818 2606 875 2658 δὲ
918 2606 996 2676 τῷ
1025 2606 1141 2677 Υίῷ
1180 2606 1380 2671 πάντες
1420 2606 1681 2677 γινόμεθα
1715 2607 1767 2659 οἱ

201 2697 295 2749 διὰ
319 2698 419 2766 τῆς
458 2699 537 2761 είς
580 2698 741 2751 αὑτὸν
775 2698 1010 2761 πίστεως
1055 2697 1212 2768 σῶμα
1261 2697 1425 2751 αὐτοῦ
1474 2698 1764 2768 γινόμενοι,

204 2786 513 2850 ἀκολούθως
557 2788 586 2839 6
628 2786 721 2839 τὸν
752 2786 879 2839 Υἰὸν
931 2786 1123 2840 ἑαυτοῦ
1172 2786 1399 2854 ἀγαπῶν
1440 2787 1630 2858 ἀγαπᾷ
1674 2789 1768 2841 καὶ

202 2876 302 2929 τοῦ
337 2876 465 2929 Υίοῦ
509 2876 570 2929 τὸ
598 2876 755 2947 σῶμα
782 2876 857 2939 ὡς
897 2876 1057 2929 αὐτὸν
1094 2877 1185 2930 τὸν
1229 2878 1376 2929 Υἱόν.
1413 2876 1599 2947 Ἡμεῖς
1627 2878 1684 2931 δὲ
1709 2877 1773 2929 τὸ

206 2968 392 3039 σῶμα.
428 2966 632 3021 Οὐκοῦν
659 2970 887 3039 φανερὸν
914 2968 1004 3022 διὰ
1032 2968 1141 3021 τῶν
1166 2970 1472 3039 εἰρημένων
1494 2970 1682 3039 γέγονε
1710 2970 1775 3023 τὸ

204 3060 561 3113 ἀποστολικὸν
607 3060 803 3130 νόημα,
834 3061 917 3113 ὅτι
959 3060 1139 3129 πάσης
1186 3061 1530 3132 ἀνθρωπίνης
1562 3062 1775 3131 φύσεως

204 3155 312 3224 τὴν
336 3153 626 3224 γινομένην
651 3153 746 3206 τοῦ
778 3153 931 3217 ὄντος
971 3154 1260 3221 ἐπίγνωσιν
1290 3170 1353 3206 τε
1384 3156 1478 3207 καὶ
1503 3156 1775 3226 σωτηρίαν

206 3248 244 3314 ἠ
278 3243 368 3298 τοῦ
399 3244 529 3297 Υἱοῦ
560 3246 699 3315 πρὸς
739 3245 829 3299 τὸν
860 3245 1079 3317 Πατέρα
1121 3246 1369 3317 ὑποταγὴ
1410 3246 1771 3318 διασημαίνει.

210 3338 552 3409 Σαφέστερος
570 3338 627 3390 δὲ
657 3337 851 3406 γένοιτ’
876 3338 943 3391 ἂν
967 3340 1099 3409 ἡμῖν
1135 3340 1162 3391 6
1187 3338 1342 3406 λόγος
1369 3339 1462 3392 καὶ
1492 3338 1552 3403 ἐξ
1577 3337 1778 3410 ἑτέρων

206 3431 379 3483 τινῶν
404 3430 774 3484 ἀποπολικῶν
799 3430 1103 3501 νοημάτων,
1126 3430 1184 3496 ἐξ
1204 3428 1279 3485 ὧν
1305 3432 1422 3495 ἐνὸς
1446 3431 1780 3502 ἐπιμνησθή-

209 3540 380 3591 σομαι
417 3522 599 3591 μόνου,
629 3522 729 3585 τὰς
757 3522 955 3586 πολλὰς
980 3523 1087 3576 τῶν
1121 3524 1433 3594 μαρτυριῶν
1474 3525 1776 3586 εὐλαϐείας,

207 3610 309 3662 τοῦ
341 3609 415 3681 μὴ
436 3612 513 3674 είς
544 3611 743 3681 πλῆθος
775 3612 1012 3666 ἐκτεῖναι
1044 3612 1135 3666 τὸν
1157 3612 1334 3681 λόγον,
1369 3614 1716 3684 παραιτησάρ
1728 3630 1789 3665 e-

210 3719 326 3761 νος.
351 3702 488 3772 Φησὶ
524 3702 631 3772 γάρ
668 3720 771 3756 που
808 3703 917 3757 τῶν
959 3703 1156 3757 ἑαυτοῦ
1183 3705 1356 3773 λόγων
1386 3706 1415 3758 6
1444 3705 1671 3767 Παῦλος,
1699 3706 1780 3757 ὅτι

208 3793 446 3861 Χριστῷ
497 3796 987 3864 συνεσταύρωμαι
1008 3812 1023 3827 ο
1072 3795 1145 3857 ζῶ
1188 3797 1256 3850 δὲ
1304 3797 1502 3851 οὐκέτι
1546 3797 1678 3867 ἐγὼ,
1714 3797 1783 3864 ζῆ

210 3885 288 3937 δὲ
308 3886 378 3937 ἐν
410 3884 539 3953 ἐμοὶ
567 3888 838 3955 Χριστός.
871 3885 1075 3939 Οὐκοῦν
1108 3889 1156 3939 εἰ
1194 3887 1388 3957 μηκέτι
1411 3891 1441 3941 6
1486 3888 1694 3950 Παῦλος
1714 3888 1781 3959 ζῇ

208 3975 245 4028 ὁ
270 3974 345 4044 τῷ
366 3973 585 4044 Χριστῷ
599 3973 1019 4043 συσταυρωθεὶς,
1033 3973 1145 4027 ἀλλ’
1158 3976 1187 4027 6
1206 3976 1249 4027 Χ
1261 3976 1436 4046 ριστὸς
1457 3978 1513 4029 ὲν
1528 3977 1676 4047 αὐτῷ
1691 3978 1779 4046 ζῇ,

214 4067 329 4119 πάν
352 4067 412 4119 τὸ
440 4065 590 4136 παρὰ
612 4065 704 4121 τοῦ
734 4065 945 4119 Παύλου
968 4068 1249 4138 γινόμενόν
1292 4084 1351 4119 τε
1376 4069 1470 4120 καὶ
1497 4067 1789 4138 λεγόμενον

214 4159 445 4222 εἰκότως
473 4159 554 4221 εἰς
588 4158 680 4211 τὸν
718 4160 776 4211 ὲν
798 4158 946 4229 αὐτῷ
973 4159 1148 4223 ζῶντα
1174 4160 1405 4230 Χριστὸν
1432 4160 1780 4229 ἀναφέρεται.

214 4249 332 4301 Καὶ
358 4248 468 4317 γὰρ
506 4248 574 4300 τὰ
601 4248 819 4318 ῥήματα
856 4247 950 4299 τοῦ
998 4248 1207 4301 Παύλου
1239 4246 1389 4318 παρὰ
1427 4246 1522 4300 τοῦ
1549 4246 1784 4317 Χριστοῦ

213 4338 498 4394 λαλεῖσθαί
531 4356 713 4409 φησιν,
746 4340 775 4390 6
807 4339 1002 4392 εἰπών’
1035 4341 1104 4396 Ἦ
1138 4339 1391 4408 δοκιμὴν
1414 4336 1634 4406 ζητεῖτε
1665 4338 1772 4391 τοῦ

206 4433 293 4486 ἐν
321 4431 448 4499 ἐμοὶ
495 4431 831 4496 λαλοῦντος
870 4432 1164 4498 Χριστοῦ;
1195 4431 1305 4484 Καὶ
1346 4431 1416 4484 τὰ
1457 4428 1788 4498 εὐαγγελικὰ

210 4522 621 4593 κατορθώματα
654 4522 752 4587 οὐκ
777 4522 940 4575 αὐτοῦ
972 4540 1136 4594 φησιν
1160 4518 1319 4586 εἶναι,
1347 4522 1482 4575 ἀλλὰ
1510 4526 1580 4593 τῇ
1603 4522 1786 4593 χάριτι

1849 692 1937 747 hic
1966 707 2181 762 quoque
2214 692 2368 755 dicit,
2401 691 2640 747 Gloriam
2672 709 2831 762 quam
2862 692 3056 748 dedisti
3105 694 3267 757 mihi,
3296 696 3414 750 dedi

1848 788 1945 846 eis.
1970 794 2028 841 ut
2070 802 2166 856 per
2196 787 2367 855 ipsam
2399 786 2531 840 mihi
2562 795 2747 841 essent
2777 786 2936 850 uniti,
2977 794 3031 840 et
3066 802 3159 857 per
3187 803 3271 842 me
3296 788 3410 841 tibi.

1922 876 2214 932 Videamus
2241 886 2419 931 autem
2460 891 2523 932 ea
2555 892 2774 947 quoque
2803 891 2923 946 qua!
2977 877 3234 947 deinceps
3286 893 3414 946 pro-

1851 970 2025 1039 posita
2059 977 2187 1024 sunt
2215 969 2268 1022 in
2301 967 2631 1039 Evangelia:
2678 966 2746 1022 Ut
2796 969 2901 1022 sint
2932 985 3090 1022 unum
3141 970 3277 1023 sicut
3323 985 3416 1021 nos

1852 1076 2015 1113 unum
2040 1076 2244 1114 sumus.
2276 1058 2353 1113 Tu
2380 1060 2435 1114 in
2466 1076 2579 1129 me,»
2597 1069 2645 1114 et
2673 1076 2765 1130 ego
2792 1061 2845 1112 in
2873 1061 3023 1128 ipsis,
3049 1061 3296 1129 quoniam
3324 1076 3417 1129 ego

1850 1159 1900 1204 et
1930 1160 1985 1202 tu
2016 1165 2176 1203 unum
2206 1166 2409 1213 sumus,
2438 1159 2496 1203 ut
2534 1151 2638 1204 sint
2670 1151 2723 1203 in
2767 1167 2927 1203 unum
2958 1150 3256 1219 perfecti".
3294 1150 3418 1205 Haec

1850 1242 1993 1296 enim
2021 1242 2402 1297 existimonon
2435 1257 2591 1310 egere
2622 1242 2730 1295 ulla
2790 1241 3151 1310 expositione,
3196 1241 3264 1295 ad
3313 1243 3418 1296 hoc

1853 1340 1914 1386 ιιι
1944 1334 2126 1387 sensui
2158 1334 2435 1404 proposito
2464 1340 2790 1404 congruant,
2821 1348 2944 1386 cum
2994 1333 3112 1403 ipsa
3143 1333 3312 1389 dictio
3350 1333 3418 1388 de

1855 1421 1940 1478 his
1965 1422 2159 1493 dogma
2184 1432 2369 1493 aperte
2398 1432 2651 1493 exponat.
2696 1422 2764 1476 Ut
2794 1425 2900 1477 sint
2935 1440 3119 1487 unum,
3162 1425 3301 1478 sicut
3324 1442 3419 1478 nos

1854 1530 2017 1567 unum
2065 1531 2265 1568 sumus.
2305 1514 2489 1585 Neque
2544 1516 2686 1570 enim
2728 1516 2886 1569 aliter
2920 1517 3034 1571 ﬁeri
3091 1524 3299 1586 potest,
3362 1526 3421 1572 ut

1856 1622 2046 1662 omnes
2074 1623 2241 1662 unum
2282 1607 2433 1670 ﬁant,
2485 1609 2628 1664 sicut
2690 1624 2790 1664 nos
2823 1624 2990 1663 unum
3044 1624 3256 1674 sumus,
3314 1610 3420 1664 nisi

1856 1701 2091 1770 separati
2115 1701 2184 1754 ab
2212 1701 2467 1755 omnibus
2492 1715 2612 1771 quae
2643 1703 2710 1756 ab
2733 1702 2960 1756 invicem
2990 1702 3112 1756 illos
3147 1701 3418 1759 dividunt.

1860 1792 2016 1847 nobis
2052 1791 2251 1846 fuerint
2284 1791 2438 1855 uniti,
2492 1801 2550 1845 ut
2603 1794 2711 1847 sint
2744 1808 2932 1854 unum,
2967 1791 3418 1862 quemadmodum

1860 1898 1960 1939 nos
1996 1899 2160 1937 unum
2193 1899 2401 1939 sumus.
2438 1884 2553 1937 Hoc
2582 1894 2759 1938 autem
2790 1884 3062 1952 quomodo
3096 1883 3174 1949 fit,
3208 1890 3264 1935 ut
3321 1897 3421 1950 ego

1859 1977 1962 2031 siin
1994 1976 2047 2029 in
2081 1976 2198 2031 eis?
2222 1974 2340 2028 Non
2373 1984 2550 2045 potest
2580 1976 2724 2029 enim
2763 1974 2876 2030 fieri
2913 1983 2973 2028 ιιι
3010 1989 3109 2044 ego
3137 1975 3288 2028 solus
3316 1973 3417 2028 sim

1860 2067 1913 2120 in
1944 2066 2047 2130 eis,
2079 2065 2173 2120 sed
2207 2066 2428 2120 omnino
2465 2072 2525 2119 tu
2556 2081 2791 2135 quoque,
2843 2063 3282 2136 quandoquidem
3323 2079 3422 2132 ego

1860 2162 1913 2208 et
1938 2162 1994 2207 tu
2025 2169 2190 2207 unum
2227 2169 2455 2221 sumus;
2488 2161 2542 2209 et
2574 2154 2647 2208 ita
2682 2154 2809 2210 ﬁent
2839 2155 2892 2208 in
2938 2170 3105 2207 unttm
3171 2152 3419 2223 perfecti,

1862 2244 1954 2312 qui
1981 2244 2033 2297 in
2066 2243 2222 2297 nobis
2247 2243 2471 2313 perfecti
2504 2242 2744 2299 fuerint:
2791 2260 2893 2300 nos
2930 2244 3073 2299 enim
3128 2259 3294 2297 unum
3328 2258 3423 2296 su-

1863 2350 2007 2390 mus.
2044 2333 2194 2390 Hanc
2217 2346 2395 2392 autem
2418 2337 2644 2406 gratiam
2676 2338 2916 2405 apertius
2952 2334 3220 2405 signiﬁcat
3255 2349 3348 2403 per
3371 2333 3423 2387 id

1864 2429 2005 2499 quod
2037 2429 2292 2499 deinceps
2314 2432 2529 2496 dicitur,
2547 2442 2762 2498 nempe:
2781 2428 3023 2481 Dilexisti
3045 2443 3153 2490 eos,
3176 2428 3309 2480 sicut
3346 2442 3427 2479 me

1865 2521 2098 2574 dilexisti
2115 2521 2180 2574 ”.
2214 2520 2271 2574 Si
2298 2531 2474 2574 autem
2495 2520 2651 2573 Pater
2675 2518 2844 2588 diligit
2869 2517 3294 2579 Filium,sumus
3324 2534 3422 2571 au-

1866 2622 1972 2667 tem
2004 2629 2193 2667 omnes
2221 2614 2275 2667 in
2305 2612 2461 2673 Filio,
2492 2612 2583 2681 qui
2613 2626 2705 2679 per
2734 2610 2891 2665 ﬁdem
2922 2611 2977 2663 in
3008 2626 3130 2664 eum
3158 2610 3278 2679 ejus
3306 2625 3428 2663 cor-

1867 2721 1969 2774 pus
1996 2703 2279 2766 eﬂicimur,
2312 2713 2707 2773 consequenter
2732 2702 2823 2771 qui
2858 2701 3054 2754 Filium
3085 2716 3244 2754 suum
3304 2701 3430 2754 dili-

1868 2797 1964 2867 git,
1996 2796 2155 2849 etiam
2184 2810 2382 2865 corpus
2412 2794 2530 2848 Filii
2561 2793 2738 2862 diligit
2768 2800 2828 2845 ut
2858 2794 3033 2863 ipsum
3065 2791 3281 2845 Filium.
3319 2791 3433 2845 Nos

1872 2897 2049 2942 autem
2082 2886 2214 2940 illud
2263 2902 2451 2941 sumus
2485 2900 2703 2954 corpus.
2760 2884 2863 2939 Per
2890 2899 2951 2938 ea
2981 2899 3111 2954 ergo
3145 2899 3265 2952 qua:
3291 2882 3433 2935 dicta

1873 2986 2000 3033 sunt
2024 2979 2082 3031 fit
2106 2977 2428 3046 perspicuus
2460 2990 2656 3030 sensus
2693 2974 3045 3044 apostolicus.
3074 2990 3267 3042 nempe
3281 2960 3431 3042 [quod

1874 3084 1970 3138 per
1996 3083 2138 3130 eam,
2168 3083 2271 3138 qua
2302 3067 2446 3119 Patri
2478 3065 2647 3119 Filius
2672 3065 2983 3132 subjicitur,
3039 3064 3431 3133 subjectionem

1876 3161 2213 3230 signiﬁcetur
2243 3157 2504 3228 cognitio,
2538 3171 2645 3224 qua
2679 3169 2801 3208 eum
2826 3156 2918 3224 qui
2949 3169 3135 3207 revera
3162 3161 3244 3207 est
3269 3168 3437 3220 agno-

1806 3282 1848 3338 C
1883 3260 1998 3310 scet
2028 3252 2207 3307 omnis
2240 3251 2473 3303 humana
2500 3258 2715 3312 natura,
2764 3256 2819 3303 et
2868 3246 3016 3301 salus
3071 3245 3261 3315 ipsius.
3323 3242 3438 3297 Fiet

1882 3352 2059 3400 autem
2090 3344 2141 3398 id
2184 3341 2327 3413 quod
2359 3342 2559 3394 dicitur
2590 3339 2792 3393 clarius
2826 3339 2988 3392 etiam
3018 3352 3081 3391 ex
3108 3335 3433 3405 quibusdam

1881 3438 2003 3492 aliis
2045 3433 2331 3490 sententiis
2363 3431 2699 3501 apostolicis,
2731 3446 2795 3484 ex
2839 3430 3038 3498 quibus
3068 3428 3229 3482 unius
3284 3425 3435 3480 Pauli

1880 3527 2199 3585 meminero,
2230 3521 2482 3576 consulto
2546 3520 2714 3572 multa
2771 3520 2948 3573 vitans
3002 3517 3334 3580 testimonia,
3370 3532 3438 3570 ne

1881 3617 2145 3687 prolixior
2177 3614 2267 3667 (iul.
2293 3613 2489 3668 oratio.
2522 3610 2661 3663 Dicit
2692 3611 2834 3665 enim
2866 3610 3063 3664 alicubi
3099 3610 3156 3664 in
3205 3609 3273 3665 iis
3320 3625 3440 3679 quae

1880 3709 2101 3777 scripsit
2135 3706 2358 3769 Paulus,
2390 3705 2522 3759 Cum
2557 3702 2767 3757 Christo
2813 3717 2931 3755 sum
2973 3700 3296 3769 cruciﬁxus:
3330 3701 3440 3754 vivo

1881 3810 2055 3855 autem
2072 3799 2190 3866 jam
2224 3814 2325 3851 non
2350 3812 2463 3866 ego,
2500 3795 2620 3848 vivit
2654 3810 2771 3846 vero
2798 3794 2853 3846 in
2882 3808 2962 3846 me
2990 3792 3234 3846 Christus
3257 3791 3323 3845 “.
3381 3791 3441 3846 Si

1880 3906 2007 3960 ergo
2039 3906 2144 3945 non
2176 3889 2408 3957 amplius
2434 3887 2564 3941 vivit
2597 3884 2796 3938 Paulus
2831 3885 2921 3953 qui
2954 3898 3076 3937 cum
3115 3883 3334 3937 Christo
3356 3892 3442 3937 est

1882 3982 2195 4040 crucifixus,
2228 3979 2321 4033 sed
2375 3979 2427 4032 in
2483 3992 2548 4031 eo
2580 3976 2712 4029 vivit
2762 3974 3053 4039 Christus;
3091 3974 3353 4043 quidquid
3410 3991 3439 4027 ιι

1881 4073 2048 4125 Paulo
2074 4071 2129 4124 (lt
2161 4078 2214 4125 et
2245 4070 2466 4129 dicitur,
2498 4068 2694 4121 merito
2754 4064 2984 4119 refertur
3037 4064 3105 4117 ad
3161 4064 3439 4118 Christum

1882 4166 1973 4235 qui
2006 4164 2140 4217 vivit
2170 4164 2224 4215 in
2253 4162 2393 4230 ipso.
2422 4159 2598 4214 Verba
2621 4158 2767 4212 enim
2801 4154 2953 4209 Pauli
2983 4155 3116 4209 dicit
3158 4169 3189 4208 a
3220 4154 3442 4209 Christo

1882 4257 2012 4320 dici,
2041 4256 2129 4325 qui
2162 4254 2340 4307 dixit:
2382 4253 2464 4305 An
2497 4250 2731 4322 quwritis
2783 4248 3199 4316 experimentum
3238 4245 3441 4301 Christi

1884 4350 1938 4401 in
1967 4362 2046 4400 me
2077 4343 2440 4412 loquentis"?
2470 4340 2647 4395 Bonas
2662 4354 2877 4409 quoque
2894 4338 3135 4391 actiones
3159 4351 3268 4391 non
3304 4336 3438 4390 dicit

1884 4451 2006 4492 esse
2040 4449 2191 4494 suas,
2229 4432 2321 4487 sed
2349 4446 2443 4485 eas
2469 4429 2718 4484 attribuit
2746 4428 2930 4498 gratia:
2954 4426 3155 4481 Christi
3210 4442 3330 4496 quae
3386 4427 3443 4479 in

1886 4526 2005 4597 ipso
2031 4524 2262 4579 habitat.
2293 4521 2349 4575 Si
2385 4536 2513 4591 ergo
2547 4521 2639 4589 qui
2674 4520 2726 4573 in
2758 4522 2879 4588 ipso
2926 4518 3059 4571 vivit
3089 4517 3362 4579 Christus,
3391 4526 3447 4571 et

208 4613 317 4669 τοῦ
338 4612 572 4683 Χριστοῦ
600 4617 665 4684 τῇ
699 4612 923 4686 οἰκούσῃ
947 4614 1005 4665 ὲν
1045 4613 1191 4683 αὐτῷ
1220 4613 1553 4683 ἀνατίθησιν.
1584 4612 1648 4665 Ei
1672 4612 1773 4665 τοί-

1886 4617 2099 4688 operari
2128 4623 2180 4669 ct
2200 4614 2345 4684 loqui
2376 4629 2496 4683 quae
2517 4618 2644 4666 sunt
2670 4611 2815 4665 illius
2843 4626 2906 4664 ex
2936 4610 3285 4679 consequenti
3312 4608 3446 4663 dici-

210 4724 319 4761 νυν
346 4706 375 4756 ὁ
402 4707 458 4756 ὲν
491 4704 638 4774 αὐτῷ
663 4704 770 4768 ζῶν
796 4705 1025 4773 Χριστὸς
1069 4706 1309 4775 ἐνεργεῖν
1332 4721 1393 4757 τε
1425 4704 1520 4758 καὶ
1556 4704 1790 4775 φθέγγε-

213 4798 351 4852 σθαι
378 4798 448 4850 τὰ
473 4796 678 4850 ἐκείνου
710 4796 853 4849 κατὰ
877 4796 939 4848 τὸ
962 4796 1250 4850 ἀκόλουθον
1282 4796 1496 4864 λέγεται
1514 4836 1532 4859 ,
1572 4798 1793 4852 πάντων

209 4892 283 4945 δὲ
309 4890 548 4952 ἀποστὰς
577 4890 605 4941 6
632 4887 841 4951 Παῦλος
881 4887 989 4940 τῶν
1030 4888 1292 4958 πρότερον
1328 4889 1787 4961 ἐπικρατούντων,

212 4982 314 5034 ὅτε
350 4974 417 5049 ἦν
451 4977 764 5049 βλάσφημος
794 4978 888 5030 καὶ
931 4976 1164 5047 διώκτης
1204 4976 1297 5030 καὶ
1342 4976 1620 5049 ὑϐριστὴς,
1652 4979 1793 5050 πρὸς

219 5071 388 5143 μόνον
424 5071 485 5123 τὸ
513 5069 764 5139 ἀληθινὸν
808 5069 1009 5137 ἀγαθὸν
1043 5068 1246 5137 βλέπει,
1274 5069 1368 5122 καὶ
1398 5069 1571 5140 τούτῳ
1596 5071 1789 5124 ἑαυτὸν

217 5167 371 5218 ποιεῖ
414 5162 639 5232 εὐπειθῆ
691 5162 784 5214 καὶ
840 5161 1109 5230 ὑπήκοον·
1158 5156 1265 5230 ἆρα
1302 5162 1396 5213 καὶ
1444 5163 1480 5232 ἡ
1544 5161 1791 5233 ὑποταγὴ

214 5250 321 5304 τοῦ
350 5251 562 5304 Παύλου
592 5253 624 5320 ἡ
657 5250 791 5319 πρὸς
820 5248 910 5301 τὸν
955 5248 1084 5300 Θεὸν
1129 5250 1389 5320 γενομένη
1413 5291 1429 5315 ,
1482 5252 1560 5313 είς
1591 5252 1681 5303 τὸν
1729 5255 1791 5304 ὲν

218 5340 376 5410 αύτῴ
410 5341 585 5406 ζῶντα
614 5340 713 5410 τὴν
752 5338 1029 5410 ἀναφορὰν
1064 5338 1203 5407 ἔχει,
1234 5339 1290 5402 ὃς
1321 5341 1414 5393 καὶ
1441 5340 1589 5393 λαλεῖ
1620 5343 1678 5394 ὲν
1709 5341 1789 5412 τῷ

218 5430 426 5501 Παύλῳ
453 5431 519 5483 τὰ
539 5430 736 5498 ἀγαθὰ,
770 5429 1175 5500 καὶ.ὲργάζεται
1195 5445 1208 5458 ·
1241 5430 1457 5498 ἀγαθῶν
1488 5431 1545 5484 δὲ
1574 5432 1791 5486 πάντων

219 5523 518 5591 κεφᾶλαιον
542 5524 575 5592 ἡ
603 5524 735 5593 πρὸς
756 5522 847 5574 τὸν
873 5521 1003 5575 Θεόν
1036 5523 1181 5574 ἐστιν
1212 5522 1477 5591 ὑποταγή.
1523 5526 1587 5575 Ὃ
1619 5525 1675 5578 δὲ
1699 5526 1793 5577 ἐπὶ

218 5616 321 5669 τἰῦ
352 5614 468 5677 ένὺς
506 5606 662 5685 εὗρεν
711 5613 739 5666 6
768 5612 925 5680 λόγος
950 5652 965 5677 ,
1016 5609 1175 5665 τοῦτο
1207 5612 1300 5666 καὶ
1337 5614 1489 5685 πάσῃ
1517 5617 1583 5685 τῇ
1618 5619 1795 5669 κτίσει

219 5706 336 5761 τῶν
356 5705 451 5759 ἀνθ
460 5703 656 5777 ρώπων
685 5704 919 5772 εὐλόγως
960 5704 1456 5775 ἐφαρμοσθήσεται,
1483 5706 1628 5759 ὅταν
1647 5746 1661 5768 ,
1695 5725 1792 5760 κα-

1888 4720 1974 4763 tur
1990 4748 2006 4773 ,
2026 4706 2231 4761 relictis
2249 4714 2426 4759 autem
2456 4702 2710 4757 omnibus
2729 4716 2849 4769 quae
2867 4700 3019 4770 prius
3039 4698 3372 4753 dominatum
3392 4699 3448 4753 in

1889 4802 2008 4870 ipso
2024 4799 2363 4860 obtinebant,
2380 4794 2599 4865 quando
2617 4802 2734 4849 erat
2756 4793 3104 4862 blasphemus
3118 4799 3172 4845 et
3194 4805 3449 4860 persecu-

1888 4900 1994 4954 tor,
2013 4888 2547 4954 contumeliosusque
2564 4892 2619 4939 et
2638 4884 2877 4938 insolens
2894 4882 2961 4946 ¹⁶,
2976 4880 3173 4933 Paulus
3188 4880 3252 4933 ad
3275 4881 3450 4934 solum

1888 4983 2092 5036 bonum
2118 4978 2336 5047 aspicit,
2353 4985 2408 5031 et
2431 4978 2477 5031 ei
2505 4991 2567 5030 se
2584 4975 2762 5030 reddit
2785 4974 3121 5028 obedientem
3142 4982 3196 5026 et
3220 4974 3450 5040 morige-

1892 5090 2011 5127 rum
2046 5091 2058 5125 :
2115 5084 2295 5123 annon
2344 5067 2501 5121 Pauli
2564 5081 2684 5137 quae
2716 5065 2827 5120 Deo
2860 5064 2999 5120 facta
3024 5071 3108 5119 est
3152 5064 3452 5131 subjectio,

1892 5163 2126 5217 refertur
2148 5161 2211 5215 ad
2230 5175 2351 5214 eum
2369 5158 2459 5227 qui
2486 5158 2537 5211 in
2556 5159 2675 5228 ipso
2690 5159 2844 5219 vivit,
2858 5165 2911 5211 et
2928 5156 3018 5225 qui
3050 5156 3103 5208 in
3131 5153 3297 5208 Paulo
3314 5154 3451 5207 bona

1893 5258 2131 5324 ιοιιιιιιιιι⁸
2151 5261 2204 5306 et
2231 5251 2519 5321 operatur?
2535 5251 2806 5305 Bon6rum
2845 5257 3024 5303 autem
3046 5250 3286 5301 omnium
3308 5262 3446 5299 sum-

1893 5363 1977 5399 ma
2011 5355 2095 5400 est
2115 5344 2223 5399 Deo
2258 5360 2380 5399 esse
2406 5340 2901 5410 subjectum.Quod
2935 5347 3111 5391 autem
3142 5338 3195 5391 in
3228 5351 3335 5390 uno
3368 5337 3455 5389 in-

1888 5437 2034 5491 venit
2054 5437 2249 5502 oratio,
2273 5436 2374 5489 hoc
2399 5435 2520 5504 jure
2543 5428 3043 5487 accommodabitur
3069 5427 3333 5483 universa:
3355 5428 3457 5482 ho-

1889 5530 2097 5581 minum
2124 5535 2411 5589 creaturae,
2440 5524 2651 5595 quando
2672 5563 2687 5587 ,
2724 5524 2870 5577 sicut
2895 5520 3028 5576 dicit
3075 5519 3368 5584 Dominus,
3399 5523 3455 5574 in

1890 5621 2127 5674 universo
2146 5617 2339 5672 mundo
2354 5617 2700 5685 pradicatum
2714 5612 2876 5682 fuerit
2896 5608 3239 5679 Evangelium
3251 5610 3455 5664 ".Nam

1890 5727 2011 5765 cum
2030 5727 2218 5767 omnes
2240 5719 2473 5765 veterem
2502 5704 2752 5762 exuerint
2776 5701 3070 5766 hominem,
3091 5715 3213 5755 cum
3233 5701 3352 5770 ejus
3373 5717 3459 5756 ac-

301 5821 346 5850 “
380 5818 700 5895 .I_oan._gtvn_.
729 5818 795 5871 21
824 5834 944 5888 sqq.
1004 5820 1069 5895 _’_’
1100 5818 1235 5874 Ibid.
1262 5821 1352 5877 25.
1404 5823 1450 5854 “
1486 5822 1605 5878 Gal.
1640 5840 1699 5891 ιι,
1742 5827 1765 5880 I

1873 5827 1950 5881 ΞΟ.
2028 5829 2074 5859 ²⁵
2113 5828 2156 5882 II
2197 5828 2325 5882 Cor.
2369 5841 2489 5892 xm,
2528 5826 2582 5880 5.
2660 5824 2705 5855 ¹⁶
2738 5822 2756 5875 Ι
2790 5819 2933 5875 Tim.
2960 5833 2999 5883 ι,
3043 5818 3129 5872 15.
3203 5819 3248 5849 ’⁷
3289 5816 3454 5872 Marc.

226 5908 343 5955 xw,
398 5893 492 5957 15;
540 5889 723 5941 Matth.
760 5905 950 5943 xxvm.
997 5891 1084 5942 19.

506 5986 774 6045 ΡΑτιιοι..
821 5986 934 6044 (in.
971 5986 1159 6044 XLIV

3030 5979 3107 6038 1ιὲ
