4018 6544
510 467 529 519 1
540 466 645 522 525

1953 465 2318 523 APPENDIX.

3589 459 3729 516 15⁸24

510 575 747 630 tionibus
775 580 829 631 et
848 576 1329 646 concupiscentiis,
1363 585 1418 632 et
1447 577 1502 634 in
1531 595 1591 636 se
1627 579 1909 636 Dominum
1939 598 2061 638 sus—

2166 583 2270 646 θὼς
2295 598 2459 653 φησιν
2481 581 2511 633 ὁ
2537 581 2736 651 Κύριος
2757 621 2772 645 ,
2801 581 2870 634 ἐν
2892 578 3070 633 παντὶ
3101 577 3183 645 τῷ
3211 579 3414 648 κόσμῳ
3439 578 3508 632 τὸ
3539 579 3730 648 Ebur-

506 668 781 736 ceperint,
830 668 1140 723 necessario
1165 669 1255 738 qui
1302 669 1356 724 in
1401 671 1482 726 eis
1503 671 1669 738 vivit,
1704 689 1824 743 qu:e
1860 673 1928 728 ab
1956 674 2062 728 illis

509 759 644 813 ﬁunt
706 768 964 828 operatur
1028 759 1191 814 bona.
1250 759 1500 816 Omnium
1565 771 1745 818 autem
1799 764 2062 819 bonorum

508 863 718 902 summa
754 859 838 904 est
882 850 1030 904 salus
1069 865 1188 920 quze
1239 850 1295 905 ﬁt
1332 851 1387 905 in
1442 853 1598 908 nobis
1643 869 1740 923 per
1784 856 2065 910 alienatio-

507 957 631 995 nem
671 955 701 993 a
750 942 910 996 malo.
964 942 1128 1012 Atqui
1171 958 1278 996 non
1323 943 1428 998 alia
1467 946 1680 1001 ratione
1727 945 1842 1000 fieri
1889 955 2066 1017 potest

507 1044 566 1086 ut
609 1047 638 1086 a
671 1032 809 1086 malo
852 1049 1187 1103 separemur,
1233 1051 1397 1104 quam
1442 1037 1486 1090 si
1525 1052 1621 1106 per
1667 1038 2063 1108 subjectionem

506 1121 617 1178 Deo
666 1124 930 1180 fuerimus
969 1127 1358 1195 contemperati
1396 1143 1412 1180 :
1448 1127 1632 1196 itaque
1676 1129 1795 1198 ipsa
1847 1144 2065 1200 quoque

505 1213 616 1268 Deo
661 1215 926 1284 subjectio
977 1217 1213 1271 refertur
1256 1219 1321 1273 ad
1349 1235 1472 1273 eum
1502 1220 1595 1290 qui
1625 1221 1758 1275 vivit
1797 1222 1853 1275 in
1881 1222 2058 1277 nobis.

503 1305 636 1359 Nam
670 1307 716 1361 si
743 1307 872 1376 quid
909 1307 1194 1377 pulchrum
1239 1319 1323 1364 est
1349 1318 1402 1366 et
1432 1311 1757 1377 honestum,
1793 1322 1874 1368 est
1907 1313 2060 1383 ejus;

504 1406 558 1450 et
595 1398 640 1453 si
689 1397 819 1466 quid
849 1407 932 1454 est
980 1399 1213 1465 bonum,
1241 1401 1309 1454 ab
1338 1401 1455 1470 ipso
1488 1410 1600 1467 est,
1630 1404 1706 1456 ait
1733 1403 1953 1472 quidam
1996 1420 2066 1460 ex

502 1489 800 1558 prophetis.
832 1489 1095 1554 Quoniam
1121 1505 1250 1561 ergo
1280 1491 1325 1545 si
1357 1493 1556 1545 bonum
1582 1500 1746 1548 estet
1774 1494 2063 1550 honestum

502 1582 789 1652 subjectio,
808 1597 924 1637 eam
942 1583 1086 1638 illius
1107 1599 1228 1639 esse
1250 1592 1333 1638 est
1355 1594 1633 1642 ostensum
1669 1605 1682 1640 :
1703 1587 1824 1657 ejus
1847 1601 2065 1657 quoque

499 1671 703 1726 bonum
736 1682 819 1727 est
856 1674 1078 1727 omnino
1104 1688 1135 1727 a
1163 1689 1273 1744 quo
1302 1684 1387 1730 est
1416 1677 1654 1732 universi
1688 1677 1814 1732 boni
1846 1687 2062 1745 natura,

501 1772 562 1817 ttt
592 1763 725 1817 dicit
758 1764 1036 1834 propheta.
1073 1763 1238 1819 Nemo
1275 1774 1456 1822 autem
1493 1769 1769 1838 aspiciens
1809 1769 1874 1823 ad
1907 1785 2061 1825 com-

2161 675 2363 744 γέλων
2408 672 2666 743 γένηται.
2712 672 2932 725 Πάντων
2979 670 3089 742 γὰρ
3115 669 3465 740 ἀποθεμένων
3491 669 3584 723 τὸν
3617 685 3729 722 παι

2161 765 2311 818 λαιὸν
2371 763 2652 836 ἄνθρωπον
2697 763 2792 815 σὺν
2818 763 2938 824 ταῖς
2968 760 3199 833 πράξεσι
3228 761 3322 814 καὶ
3367 763 3488 824 ταῖς
3533 752 3730 813 ἐπιθυ-

2164 855 2311 926 μίαις
2355 853 2518 908 αὑτοῦ
2544 891 2559 915 ,
2591 854 2684 907 καὶ
2708 852 3013 922 δεξαμένων
3041 852 3099 904 ἐν
3132 851 3314 914 αὐτοῖς
3364 849 3456 903 τὸν
3499 849 3728 920 Κύριον,

2162 946 2467 1015 ἀναγκαίως
2485 948 2514 998 ό
2539 947 2595 998 ἐν
2620 945 2800 1008 αὐτοῖς
2827 943 2934 1008 ζῶν
2957 944 3168 1014 ἐνεργεῖ
3191 942 3260 996 τὰ
3291 940 3470 1010 ἀγαθὰ
3501 942 3571 994 τά
3596 939 3730 1010 παρ’

2163 1037 2380 1090 ἐκείνων
2405 1037 2681 1107 γινόμενα.
2711 1035 2784 1088 Τὸ
2811 1035 2868 1088 δὲ
2897 1033 3192 1104 ἀκρότατον
3215 1031 3323 1085 τῶν
3344 1031 3565 1100 ἀγαθῶν
3593 1031 3732 1084 πάν-

2161 1145 2269 1180 των
2302 1129 2335 1198 ἡ
2367 1129 2606 1199 σωτηρία
2628 1167 2644 1191 ,
2679 1128 2713 1198 ἡ
2741 1125 2828 1179 διὰ
2875 1125 2976 1194 τῆς
3006 1124 3099 1177 τοῦ
3128 1123 3297 1178 κακοῦ
3325 1121 3730 1194 ἀλλοτριώσεως

2163 1221 2294 1289 ἡμῖν
2320 1219 2601 1290 γινομένη.
2650 1217 2810 1271 Ἀλλὰ
2863 1217 2970 1288 μὴν
2998 1215 3098 1269 οὐκ
3136 1215 3280 1268 ἐστιν
3305 1214 3476 1277 ἄλλως
3505 1213 3600 1266 τοῦ
3629 1231 3732 1267 κα-

2163 1311 2260 1364 κοῦ
2295 1311 2645 1382 χωρισθῆναι,
2686 1309 2760 1382 μὴ
2792 1308 2869 1380 τῷ
2898 1307 3017 1379 Θεῷ
3042 1306 3127 1360 διὰ
3157 1309 3254 1378 τῆς
3287 1307 3563 1376 ὑποταγῆς
3594 1306 3729 1358 ἀνα-

2163 1402 2462 1473 κραθέντας
2489 1419 2504 1434 ο
2534 1403 2643 1472 ἄρα
2672 1401 2766 1455 καὶ
2797 1401 2932 1472 αὑτὴ
2967 1402 3000 1471 ἡ
3040 1401 3174 1471 πρὸς
3199 1399 3288 1452 τὸν
3319 1400 3449 1453 Θεὸν
3477 1400 3727 1472 ὑποταγὴ

2161 1495 2242 1556 εἰς
2269 1493 2357 1547 τὸν
2380 1495 2436 1545 ἐν
2463 1495 2591 1563 ἡμῖν
2615 1491 2792 1557 ζῶντα
2824 1493 2923 1564 τὴν
2957 1491 3232 1563 ἀναφορὰν
3267 1491 3397 1561 ἔχει.
3426 1491 3496 1544 Εἴ
3537 1508 3592 1544 τι
3618 1493 3730 1562 γάρ

2162 1584 2344 1658 καλὸν,
2379 1584 2542 1638 αὑτοῦ
2563 1601 2577 1615 ο
2602 1585 2695 1638 καὶ
2721 1586 2772 1636 εί
2786 1602 2839 1637 τι
2864 1583 3088 1652 ἀγαθὸν,
3117 1585 3244 1652 παρ’
3275 1581 3459 1646 αὐτοῦ,
3480 1582 3615 1654 φησί
3641 1600 3728 1645 τις

2160 1674 2266 1728 τῶν
2296 1676 2604 1747 προφητῶν.
2645 1676 2796 1729 Ἐπεὶ
2842 1671 2936 1730 οὖν
2981 1676 3143 1730 καλόν
3191 1692 3249 1728 τε
3292 1675 3386 1727 καὶ
3440 1675 3646 1742 ἀγαθὸν
3689 1676 3730 1745 ἡ

2164 1765 2404 1835 ὑποταγὴ
2429 1805 2445 1831 ,
2493 1766 2768 1836 ἀνεδείχθη
2804 1765 3011 1819 ἐκείνου
3039 1807 3054 1832 ,
3081 1765 3175 1818 καὶ
3205 1765 3396 1818 τούτου
3424 1765 3488 1818 τὸ
3523 1764 3731 1832 ἀγαθὸν

500 1870 720 1910 munem
788 1856 1145 1924 subjectionis
1196 1859 1433 1915 nominis
1488 1859 1804 1915 abusionem
1863 1874 2060 1915 nomen

2166 1855 2376 1918 πάντως
2431 1856 2558 1926 παρ’
2591 1850 2650 1910 οὗ
2689 1855 2889 1918 παντὸς
2925 1854 3130 1922 ἀγαθοῦ
3195 1854 3391 1925 φύσις,
3436 1855 3512 1918 ὡς
3553 1857 3582 1907 ὁ
3632 1852 3730 1907 τοῦ

501 1956 823 2016 aspernetur
849 1957 903 2002 et
942 1949 1184 2018 abroget.
1221 1947 1370 2004 Solet
1395 1949 1540 2005 enim
1577 1950 1755 2020 magni
1789 1949 1939 2004 Pauli
1973 1965 2064 2008 sa-

2167 1946 2446 2015 προφήτου
2497 1945 2673 2013 λόγος.
2702 1946 2906 2018 Μηδεὶς
2950 1945 3006 1998 δέ
3039 1946 3174 2015 πρὸς
3202 1946 3300 2016 τὴν
3338 1947 3521 2018 κοινὴν
3552 1946 3731 2000 κατά-

505 2037 708 2105 pientia
738 2038 903 2093 libere
941 2039 1018 2092 uti
1049 2039 1230 2095 verbis
1252 2039 1317 2093 ad
1345 2039 1397 2093 id
1433 2039 1578 2109 quod
1609 2041 1713 2096 sibi
1745 2040 1980 2107 videtur,
2009 2050 2064 2097 et

503 2129 736 2198 propriae
757 2130 1104 2200 cogitationis
1131 2132 1458 2186 connexioni
1484 2131 1741 2202 adaptare
1771 2133 2060 2188 verborum

500 2220 970 2290 signiﬁcationes.
1021 2223 1234 2278 etiamsi
1281 2224 1347 2278 ad
1407 2224 1619 2293 aliquas
1677 2224 1814 2279 alias
1866 2225 2064 2281 mentis

499 2311 890 2382 conceptiones
945 2329 1102 2368 usum
1157 2313 1456 2369 dictionum
1509 2314 1645 2370 ferat
1707 2317 2061 2372 consuetudo.

499 2403 633 2459 Nam
681 2406 949 2462 undenam
995 2419 1245 2478 sumptus
1294 2419 1377 2464 est
1406 2426 1540 2465 usus
1573 2410 1736 2479 hujus
1785 2408 2063 2471 dictionis,

501 2496 741 2564 Seipsum
779 2500 1061 2552 exinanivit
1099 2501 1165 2566 ³⁸,
1205 2510 1278 2564 et,
1313 2501 1693 2555 Gloriationem
1727 2517 1892 2554 meam
1916 2516 2064 2554 nemo

498 2590 763 2643 exinaniet
805 2600 897 2643 aut
941 2591 1211 2645 evacuabit
1241 2595 1310 2657 '9,
1340 2603 1395 2646 et
1445 2593 1614 2656 illud,
1659 2592 1957 2646 Exinanita
1983 2601 2064 2646 est

500 2683 631 2749 ﬁdes
654 2683 698 2714 ³⁰
729 2723 743 2746 ,
774 2692 847 2746 et,
882 2683 964 2737 Ne
997 2701 1128 2737 crux
1155 2685 1354 2740 Christi
1379 2687 1719 2740 exinaniatur
1749 2686 1831 2741 vel
1856 2702 2068 2741 evacua-

502 2784 588 2825 tur
614 2774 656 2805 ³¹
684 2774 706 2826 ?
737 2774 812 2828 Ex
845 2790 1082 2845 quonam
1134 2792 1235 2831 usu
1278 2777 1393 2832 haec
1421 2776 1728 2846 adsumpsit
1755 2777 1822 2832 ad
1851 2792 1917 2832 ea
1945 2793 2067 2847 quae

501 2861 761 2930 scripsit?
789 2864 922 2930 Quis
949 2873 1129 2918 autem
1177 2880 1299 2919 eum
1345 2865 1550 2934 judicat
1606 2866 1910 2933 dicentem,
1963 2868 2065 2922 Vos

499 2955 711 3020 cupiens
735 2955 802 3020 ³¹,
848 2971 944 3026 per
992 2957 1138 3025 quod
1175 2955 1378 3011 indicat
1425 2955 1675 3012 affectum
1719 2958 2066 3015 dilectionis?

499 3041 656 3100 Unde
685 3053 865 3100 autem
897 3062 927 3100 a
976 3045 1116 3102 fastu
1151 3054 1204 3102 et
1234 3047 1489 3117 superbia
1527 3049 1760 3103 alienam
1806 3049 2068 3105 indicavit

498 3134 841 3201 charitatem,
873 3147 1161 3208 propterea
1195 3139 1341 3210 quod
1373 3155 1482 3194 non
1512 3151 1635 3211 agat
1674 3156 1957 3211 perperam
1979 3143 2068 3197 ⁸³2

498 3223 758 3296 Litigiosa
787 3235 969 3281 autem
1017 3236 1072 3282 et
1103 3229 1171 3283 ad
1210 3228 1580 3284 ulciscendum
1611 3244 1884 3299 propensa
1927 3243 2062 3284 con-

496 3317 668 3372 tentio
702 3318 772 3372 ab
814 3333 880 3373 eo
913 3318 1248 3389 signiﬁcatur
1293 3320 1458 3375 verbo
1517 3320 1785 3390 ἐριθείας,
1833 3335 1959 3376 cum
1992 3321 2064 3376 sit

497 3405 752 3462 omnibus
782 3407 1126 3464 manifestum
1148 3448 1163 3472 ,
1197 3409 1342 3479 quod
1379 3424 1443 3464 ex
1468 3407 1706 3464 laniﬁcio
1748 3411 2065 3464 nominatur

499 3493 698 3566 ἔριθος,
722 3504 774 3550 et
803 3497 948 3564 quod
981 3497 1036 3551 in
1068 3498 1220 3552 lanas
1254 3498 1534 3554 confertur
1555 3499 1815 3562 studium,
1845 3501 2066 3556 nomine

497 3587 736 3657 ἐριθείας
760 3589 998 3645 solemus
1027 3590 1334 3660 signiﬁcare
1364 3610 1376 3645 :
1405 3600 1643 3648 attamen
1677 3594 2062 3665 etymologiam

498 3676 752 3748 frigidam
798 3679 998 3748 jubens
1041 3681 1220 3737 valere
1252 3680 1490 3745 Paulus,
1541 3698 1636 3753 per
1672 3699 1810 3754 quas
1837 3685 1953 3739 vult
1983 3685 2067 3739 di-

498 3769 707 3826 ctiones
761 3787 920 3839 quem
974 3774 1089 3828 vult
1139 3790 1359 3830 sensum
1409 3776 1673 3831 ostendit.
1723 3775 1856 3832 Nam
1894 3779 2066 3832 multa

498 3862 663 3918 etiam
697 3865 832 3929 alia,
874 3866 940 3920 ab
968 3867 1038 3921 iis
1071 3867 1162 3937 qui
1199 3867 1487 3938 diligenter
1516 3869 1812 3940 exquirunt
1845 3877 1898 3926 et
1937 3886 2066 3924 exa-

500 3955 713 4009 minant
732 3997 748 4022 ,
776 3957 1007 4014 inveniri
1045 3968 1299 4030 poterunt
1329 3961 1385 4015 in
1411 3961 1589 4016 verbis
1623 3963 1898 4033 Apostoli,
1946 3979 2068 4033 quae

498 4061 608 4100 non
640 4049 887 4103 serviunt
927 4052 1049 4106 usui
1093 4053 1528 4119 consuetudinis,
1559 4055 1654 4110 sed
1681 4055 1914 4124 quadam
1940 4072 2067 4125 pro-

499 4137 616 4207 pria
645 4139 842 4194 mentis
867 4143 1221 4212 conceptione
1250 4144 1419 4201 libere
1452 4147 1520 4200 ab
1548 4145 1666 4216 ipso
1683 4144 2064 4214 proferuntur,

505 4230 728 4286 minime
775 4231 1094 4288 advertente
1150 4235 1623 4292 consuetudinem.
1657 4234 1736 4290 lta
1763 4237 1928 4292 etiam
1977 4237 2066 4292 hic

498 4336 716 4392 quoque
759 4324 1119 4394 signiﬁcatum
1148 4326 1506 4396 subjectionis
1540 4328 1687 4384 aliud
1723 4343 1756 4384 a
1782 4327 1952 4385 Paulo
1980 4340 2068 4384 est

498 4415 889 4484 excogitatum,
917 4417 1189 4474 diversum
1227 4420 1296 4476 ab
1324 4421 1394 4478 iis
1436 4437 1558 4492 quae
1594 4422 1953 4478 communiter
1981 4421 2066 4476 in-

498 4506 834 4578 telliguntur.

567 4704 723 4769 Quod
755 4705 991 4762 dicimus
1034 4716 1212 4762 autem
1253 4710 1533 4781 probatur,
1566 4710 1710 4780 quod
1742 4725 1918 4780 neque
1945 4727 2067 4782 qua!

499 4794 555 4848 in
587 4796 687 4849 hac
715 4804 868 4865 parte
901 4808 984 4854 est
1002 4801 1268 4869 subjectio
1313 4801 1658 4857 inimicorum
1686 4818 1918 4874 quorum
1950 4817 2068 4858 me-

502 4887 697 4952 minit,
745 4891 1128 4946 necessitatem
1172 4894 1333 4949 habet
1373 4904 1428 4950 et
1455 4897 1768 4950 violentiam
1815 4895 2069 4949 involun-

500 4979 716 5040 tariam,
775 4983 1049 5050 quomodo
1081 4984 1354 5051 dixerint,
1401 4987 1495 5056 qui
1549 4987 1794 5041 serviunt
1837 5001 2070 5042 consue-

500 5071 717 5137 tudini,
747 5075 843 5129 sed
874 5083 1059 5144 aperte
1085 5077 1138 5132 in
1169 5093 1255 5146 eo,
1285 5081 1504 5134 nomine
1535 5081 1890 5149 subjectionis
1919 5081 2069 5136 salus

501 5167 792 5235 exponitur
831 5187 844 5222 :
879 5167 1044 5237 hujus
1072 5180 1252 5224 autem
1284 5171 1361 5226 rei
1391 5180 1475 5228 est
1501 5181 1902 5242 argumentum,
1927 5172 2071 5243 quod

501 5257 555 5310 in
602 5257 703 5311 hac
746 5267 902 5328 parte
933 5275 965 5312 a
998 5259 1164 5316 Paulo
1192 5263 1261 5317 sit
1293 5264 1609 5319 distinctum
1659 5280 1856 5320 nomen
1890 5265 2074 5319 inimi-

501 5350 752 5404 citiarum
806 5351 860 5405 in
893 5353 1031 5408 duas
1065 5354 1511 5425 signiﬁcationes.
1545 5355 1679 5410 Nam
1723 5372 1790 5412 ex
1836 5357 2072 5412 inimicis

501 5441 638 5495 alios
663 5441 878 5511 quidem
920 5444 1048 5499 dicit
1076 5459 1200 5501 esse
1233 5447 1633 5516 subjiciendos,
1667 5449 1802 5503 alios
1822 5462 1953 5502 vero
1980 5449 2074 5501 de-

505 5531 713 5587 Iendos.
763 5534 1037 5590 Delebitur
1061 5538 1279 5607 quidem
1309 5540 1401 5609 qui
1443 5555 1506 5593 ex
1543 5545 1737 5594 natura
1773 5537 2068 5600 inimicus,

503 5635 699 5678 nempe
732 5639 914 5691 mors,
960 5636 1014 5682 et
1055 5629 1199 5698 qttod
1241 5631 1388 5685 circa
1430 5645 1549 5686 eam
1586 5637 1839 5686 versatur
1863 5629 2072 5684 peccati

576 5796 622 5829 ι·
657 5797 794 5856 Phil.
837 5817 898 5868 ιι,
934 5802 984 5858 7.

511 5881 632 5933 xm,
669 5868 720 5924 4.

1089 5803 1135 5836 ⁸³
1165 5803 1184 5857 l
1217 5803 1344 5860 Cor.
1387 5822 1460 5865 ιι.
1504 5805 1588 5860 15.
1675 5805 1740 5875 ,³ο
1779 5803 1938 5859 Rom.
1977 5819 2050 5868 tv,
2091 5802 2178 5859 M.

2163 2055 2358 2107 χρησιν
2385 2037 2478 2090 τοῦ
2502 2039 2599 2108 τῆς
2627 2038 2900 2108 ὑποταγῆς
2924 2037 3184 2108 ὀνόματος
3214 2039 3423 2108 βλέπων
3467 2039 3732 2092 ἀθετείτω

2163 2128 2224 2197 τὸ
2272 2127 2462 2199 ὄνομα.
2494 2120 2615 2183 Οἵδε
2663 2129 2771 2202 γὰρ
2821 2131 2855 2200 ὴ
2913 2130 3073 2199 σοφία
3117 2130 3210 2184 τοῦ
3247 2130 3478 2200 μεγάλου
3513 2131 3734 2183 Παύλου

2162 2221 2300 2292 πρὸς
2349 2222 2410 2275 τὺ
2447 2222 2638 2276 δοκοῦν
2685 2221 2985 2294 κεχρῆσθαι
3019 2222 3138 2276 κατ’
3185 2222 3429 2286 ἐξουσίαν
3478 2226 3594 2286 τοῖς
3628 2224 3734 2294 ῥή-

2167 2332 2299 2386 μασι
2326 2354 2342 2378 ,
2374 2317 2468 2369 καὶ
2516 2315 2593 2386 τῷ
2621 2315 2735 2386 ίδίῳ
2778 2316 2878 2386 τῆς
2935 2316 3170 2378 διανοίας
3203 2315 3374 2387 είρμῷ
3410 2315 3731 2387 προσαρμό-

2165 2405 2276 2470 ζειν
2301 2406 2397 2470 τὰς
2417 2405 2524 2458 τῶν
2553 2405 2810 2477 ῥημάτων
2832 2405 3095 2475 ἐμφάσεις
3114 2443 3130 2468 ,
3163 2403 3262 2458 κᾶν
3295 2405 3425 2474 πρὸς
3457 2404 3627 2467 ἄλλας
3652 2421 3736 2457 τι-

2164 2499 2260 2564 νας
2292 2499 2499 2562 ἐννοίας
2521 2501 2555 2570 ὴ
2593 2498 2846 2568 συνήθεια
2878 2497 2976 2570 τὴν
3020 2499 3352 2570 κατάχρησιν
3391 2498 3501 2551 τῶν
3532 2498 3738 2562 λέξεων

2165 2592 2325 2663 φέρῃ.
2371 2592 2520 2645 Ἐπεὶ
2554 2591 2716 2646 πόθεν
2743 2592 2991 2662 εἴληπται
3025 2591 3172 2660 αὐτῷ
3210 2593 3242 2662 ἡ
3271 2590 3363 2644 τοῦ
3404 2592 3738 2646 Ἐκένωσεν

2165 2681 2380 2735 ἑαυτὸν
2404 2681 2596 2752 χρῆσις
2615 2698 2629 2712 ·
2664 2680 2759 2734 καὶ
2787 2680 2849 2733 τὸ
2871 2719 2888 2745 ,
2920 2681 3207 2750 Καύχημά
3253 2699 3373 2750 μου
3405 2681 3608 2748 οὐδεὶς
3636 2700 3735 2736 κε·-

2165 2771 2344 2825 νώσει
2365 2788 2381 2803 ·
2409 2772 2504 2824 καὶ
2534 2772 2615 2831 τὸ.
2643 2771 2968 2825 Κεκένωται
2995 2773 3034 2839 ἡ
3069 2773 3300 2837 πίστις·
3325 2772 3438 2837 καὶ,
3475 2773 3602 2829 Ἵνα
3644 2774 3732 2842 μὴ

2165 2860 2394 2930 κενωθῇ
2425 2865 2456 2916 d
2482 2862 2742 2930 σταυρὸς
2772 2862 2877 2916 τοῦ
2915 2863 3208 2930 Χριστοῦ;
3242 2865 3337 2918 Ἐκ
3367 2864 3525 2928 ποίας
3557 2864 3734 2917 ταῦτα

2165 2954 2410 3023 χρήσεως
2459 2955 2538 3016 είς
2569 2953 2659 3006 τὸν
2693 2952 2883 3006 ἐαυτοῦ
2920 2953 3251 3026 παρεδέξατο
3297 2955 3490 3024 λόγον;
3539 2956 3639 3018 Τίς
3673 2956 3734 3008 δὲ

2165 3044 2340 3113 κρίνει
2374 3044 2534 3099 αὑτὸν
2560 3045 2801 3109 εἰπόντα,
2837 3046 2919 3099 ὅτι
2955 3047 3334 3114 Ἰμειρόμεννος
3353 3045 3540 3116 ὑμῶν,
3566 3047 3637 3100 δι’
3665 3043 3735 3119 ἧς

2165 3135 2361 3200 λέξεως
2403 3135 2500 3206 τὴν
2543 3136 2890 3207 ἀγαπητικὴν
2921 3137 3253 3191 ἐνδείκνυται
3292 3138 3510 3208 σχέσιν;
3561 3138 3736 3190 Πόθεν

2167 3227 2224 3282 δὲ
2271 3228 2332 3281 τὸ
2358 3223 2770 3300 ἀνυπερήφανον
2815 3231 2911 3298 τῆς
2944 3229 3165 3299 ἀγάπης
3188 3267 3206 3289 .
3243 3229 3329 3282 διὰ
3357 3232 3455 3300 τῆς
3493 3227 3564 3299 μὴ
3601 3245 3734 3299 περι

2167 3318 2489 3390 περεύεσθαι
2520 3319 2717 3386 λέξεως
2762 3319 3093 3386 ἐνεδείξατο;
3135 3319 3198 3372 Ἦ
3248 3320 3306 3372 δὲ
3349 3319 3596 3390 ἐριστικὴ
3641 3321 3736 3372 καὶ

2165 3411 2436 3482 ἀμυντικὴ
2467 3410 2762 3480 φιλονεικία
2787 3451 2802 3472 ,
2839 3410 2954 3474 πῶς
2983 3411 3063 3480 τῷ
3092 3410 3191 3479 τῆς
3223 3411 3458 3482 ἐριθείας
3483 3412 3618 3482 παρ’
3643 3413 3737 3464 αύ-

2165 3500 2257 3554 τοῠ
2294 3502 2612 3572 σημαίνεται
2645 3503 2887 3573 ῥήματι,
2929 3501 3162 3571 φανεροῦ
3215 3503 3378 3554 πᾶσιν
3429 3502 3579 3565 ὄντος
3602 3543 3619 3566 ,
3653 3503 3733 3555 ὅτι

2167 3594 2232 3646 ἐκ
2262 3597 2360 3664 τῆς
2385 3593 2692 3664 ἐριουργίας
2720 3595 2753 3662 ὴ
2787 3593 2964 3664 ἔριθος
2992 3596 3056 3646 ὲκ
3083 3593 3183 3662 τῆς
3221 3593 3438 3665 γραφῆς
3467 3595 3731 3664 ὀνομάζε-

2166 3702 2288 3748 ται,
2313 3685 2406 3738 καὶ
2447 3685 2546 3755 τὴν
2579 3685 2704 3755 περὶ
2748 3685 2815 3738 τὰ
2856 3685 2979 3755 ἔρια
3024 3684 3255 3755 σπουδὴν
3282 3685 3357 3756 τῷ
3383 3685 3606 3756 ὀνόματι
3638 3687 3735 3758 τῆς

2167 3774 2406 3844 ἐριθείας
2459 3776 2745 3846 σημαίνειν
2798 3775 3067 3846 εἰώθαμεν
3105 3789 3120 3803 °
3162 3775 3274 3828 ἀλλ’
3325 3776 3474 3846 ὅμως
3524 3776 3733 3846 χαίρειν

2168 3866 2332 3930 ἐάσας
2356 3869 2384 3920 ὁ
2412 3865 2621 3930 Παῦλος
2648 3866 2747 3930 τὰς
2768 3867 3116 3937 ἐτυμολογίας
3138 3865 3350 3937 ψυχρὰς
3369 3905 3386 3928 ,
3415 3865 3481 3920 δι’
3509 3861 3583 3920 ὧν
3608 3867 3733 3936 βού-

2167 3954 2313 4010 λεται
2346 3954 2543 4021 λέξεων
2573 3957 2602 4010 ὃ
2629 3956 2876 4028 βούλεται
2909 3959 3200 4028 παρίστησι
3243 3959 3439 4028 νόημα.
3471 3959 3581 4012 Καὶ
3625 3958 3735 4029 γὰρ

2167 4047 2262 4100 καὶ
2300 4047 2435 4101 ἀλλα
2477 4047 2648 4102 πολλὰ
2699 4051 2811 4112 τοῖς
2841 4048 3083 4119 ἀκριϐῶς
3121 4047 3458 4112 ἐξετάζουσιν
3486 4048 3731 4119 εὑρεθείη

2169 4139 2234 4194 ἂν
2254 4140 2311 4191 ἐν
2338 4142 2448 4202 τοῖς
2479 4139 2655 4208 λόγοις
2678 4139 2773 4192 τοῦ
2815 4140 3160 4203 Ἀποστόλου,
3204 4140 3278 4210 μὴ
3320 4139 3640 4193 δουλεύοντα

2167 4232 2357 4301 χρήσει
2399 4231 2499 4300 τῆς
2546 4231 2827 4301 συνηθείας
2850 4273 2866 4297 ,
2909 4230 3043 4284 ἀλλὰ
3086 4232 3228 4284 κατά
3271 4247 3392 4284 τινα
3439 4231 3733 4302 ἰδιότροπον

2168 4323 2374 4376 ἔννοιαν
2406 4323 2492 4376 ἐπ’
2529 4322 2770 4387 ἐξουσίας
2803 4325 2931 4394 παρ’
2959 4324 3122 4378 αὑτοῦ
3155 4325 3534 4396 προφερόμενα
3569 4324 3734 4395 μηδὲν

2167 4414 2626 4485 ἐπιστρεφομένου
2653 4415 2786 4485 πρὸς
2809 4415 2915 4484 τὴν
2931 4414 3234 4484 συνήθειαν.
3261 4414 3414 4467 Οὕτω
3436 4415 3616 4468 τοίνυν
3642 4413 3734 4466 καὶ

2168 4504 2398 4558 ἐνταῦθα
2429 4505 2489 4558 τὸ
2514 4509 2612 4576 τῆς
2637 4506 2912 4576 ὑποταγῆς
2935 4505 3329 4575 σημαινόμενον
3353 4504 3480 4558 ἄλλο
3509 4522 3564 4558 τι
3585 4505 3733 4576 παρά

2100 4620 2146 4675 D
2173 4595 2268 4658 τὰς
2292 4595 2473 4659 κοινὰς
2495 4596 2700 4660 ἐννοίας
2731 4596 2837 4649 ὑπὸ
2864 4595 2956 4649 τοῦ
2987 4596 3199 4650 Παύλου
3231 4596 3493 4666 νενόηται.

2253 4706 2547 4771 Ἀπόδειξις
2573 4707 2630 4760 δὲ
2663 4707 2756 4761 τοῦ
2785 4708 2948 4776 λόγου
2971 4747 2985 4772 ,
3023 4709 3104 4761 ὅτι
3134 4708 3257 4762 οὔτε
3290 4710 3322 4778 ἡ
3355 4709 3413 4760 ἐν
3458 4707 3538 4778 τῷ
3584 4708 3734 4780 μέρει

2169 4795 2344 4866 τούτῳ
2371 4796 2480 4849 τῶν
2513 4800 2643 4868 παρ’
2672 4798 2836 4852 αὐτοῦ
2870 4817 2972 4870 μνη
2982 4799 3344 4868 μονευθέντων
3372 4797 3584 4870 ἐχθρῶν
3610 4799 3736 4850 ὑπο-

2171 4889 2312 4958 ταγὴ
2339 4889 2400 4941 τὸ
2428 4890 2943 4961 κατηναγκασμένον
2975 4907 3034 4943 τε
3063 4891 3157 4944 καὶ
3184 4890 3438 4945 ἀκούσιον
3464 4891 3578 4961 ἔχει
3597 4932 3613 4956 ,
3639 4907 3740 4944 κα·

2172 4979 2281 5043 θὼς
2319 4980 2386 5034 ἂν
2440 4982 2640 5034 εἴποιεν
2684 4983 2732 5034 οί
2763 4985 2826 5053 τῇ
2881 4981 3138 5054 συνηθείᾳ
3187 4981 3524 5046 δουλεύοντες
3557 5022 3573 5047 ,
3607 4983 3738 5036 ἀλλὰ

2177 5074 2362 5142 σαφῶς
2383 5074 2471 5128 ἐπ’
2495 5075 2728 5146 αὑτῶνή
2759 5076 3002 5145 σωτηρία
3041 5075 3118 5146 τῷ
3150 5076 3369 5146 ὀνόματι
3398 5075 3499 5144 τῆς
3543 5076 3739 5128 ὑποταο

2175 5169 2280 5237 γῆς
2306 5165 2660 5238 ἑρμηνεύεται
2681 5185 2695 5198 ·
2735 5168 3033 5236 τεκμήριον
3065 5166 3122 5220 δὲ
3139 5205 3154 5229 ,
3179 5166 3240 5220 τὸ
3269 5165 3578 5220 διεστάλθαι
3601 5165 3736 5219 κατά

2174 5259 2236 5310 τὸ
2273 5258 2437 5329 μέρος
2463 5258 2618 5311 τοῦτο
2649 5257 2752 5311 ὑπὸ
2778 5259 2871 5310 τοῦ
2894 5257 3105 5311 Παύλου
3131 5259 3192 5311 τὸ
3217 5258 3316 5328 τῆς
3343 5257 3544 5328 ἔχθρας
3569 5258 3736 5327 ὄνομα

2175 5353 2256 5414 είς
2287 5350 2478 5420 διπλῆν
2511 5348 2802 5419 σημασίαν.
2830 5349 2950 5402 Τῶν
2973 5349 3083 5420 γὰρ
3110 5349 3318 5419 ἐχθρῶν
3343 5350 3466 5410 τοὺς
3491 5348 3587 5418 μὲν
3610 5349 3737 5400 ὑπο-

2175 5439 2504 5512 ταγήσεσθαι
2532 5439 2711 5508 λέγει,
2736 5440 2863 5504 τοὺς
2887 5440 2943 5493 δὲ
2973 5439 3508 5511 καταργηθήσεσθαι.
3532 5441 3738 5509 Καταρ-

2177 5533 2478 5602 γηθήσεται
2511 5531 2608 5599 μὲν
2635 5526 2728 5585 οὖν
2769 5532 2796 5584 ὁ
2837 5534 2903 5602 τῇ
2936 5531 3092 5600 φύσει
3142 5531 3367 5602 ἐχθρὸς,
3399 5532 3672 5586 τουτέστιν
3709 5529 3734 5578 ό

2180 5624 2404 5685 θάνατος
2427 5661 2442 5686 ,
2477 5622 2570 5676 καὶ
2602 5623 2638 5693 ἡ
2695 5624 2824 5695 περὶ
2869 5623 3029 5677 αὑτὸν
3055 5625 3155 5695 τῆς
3197 5622 3469 5694 ἁμαρτίας
3499 5623 3639 5694 ἀρχή
3679 5637 3732 5674 τε

3488 5796 3730 5854 "lCor.

2280 5799 2321 5832 “
2361 5798 2376 5852 Ι
2427 5799 2552 5856 Cor.
2589 5816 2640 5868 ι,
2681 5800 2764 5856 l7.
2878 5801 2925 5834 ⁸³
2954 5801 2970 5855 Ι
2997 5800 3190 5857 Thess.
3225 5815 3301 5868 tl,
3331 5799 3382 5855 8.
