4018 6488
286 474 423 529 I525

896 475 959 530 IN
985 476 1210 543 ILLUD,
1256 474 1439 533 TUNC
1479 474 1629 530 IPSE
1660 474 1886 530 FILIUS
1924 469 2384 538 SUBJICIETUR,
2418 469 2593 537 ETC.,
2631 466 2909 523 ORATIO.

3373 463 3512 518 1526

273 592 369 643 καὶ
395 589 613 655 ἐξουσία
642 592 733 644 καὶ
760 591 1007 663 δύναμις.
1055 593 1513 663 ’Υποταγήσονται
1542 591 1600 644 δὲ
1638 593 1687 644 οί
1718 590 1838 643 καθ’

1953 587 2227 657 imperium
2276 588 2465 657 visque
2500 596 2557 641 et
2606 592 2867 655 potestas.
2902 557 3509 650 Subjicientur—autem

273 683 458 754 ἓτερον
485 682 639 751 λόγον
673 684 854 754 ἐχθροὶ
887 683 979 736 τοῦ
1012 684 1145 736 Θεοῦ
1184 685 1493 755 λεγόμενοι,
1527 683 1577 736 οἱ
1603 682 1710 736 ἀπὸ
1740 682 1841 751 τῆς

273 772 545 842 βασιλείας
594 773 731 844 πρὸς
762 774 859 842 τὴν
901 775 1171 846 ἁμαρτίαν
1220 774 1683 845 αὐτομολήσαντες
1708 813 1723 837 ,
1765 764 1840 824 ὧν

274 865 367 916 καὶ
397 866 455 916 ὲν
481 864 560 935 τῷ
590 865 726 935 πρὸς
766 866 1067 936 Ῥωμαίους
1107 867 1379 937 μέμνηται
1424 865 1595 937 λόγῳ,
1628 862 1801 917 είπὼν
1820 901 1837 928 ,

270 954 353 1005 ὅτι
393 956 462 1006 Ei
499 954 609 1022 γὰρ
634 954 833 1023 ἐχθροί
862 955 1036 1021 ὄντες
1069 956 1529 1026 κατηλλάγημεν
1564 954 1645 1021 τῷ
1697 951 1837 1018 Θεῷ.

272 1044 384 1114 Τὴν
417 1042 523 1115 γὰρ
571 1045 803 1097 ἐνταῦθα
836 1046 1110 1117 ὑποταγὴν
1141 1050 1256 1099 ἐκεῖ
1279 1047 1617 1118 καταλλαγὴν
1647 1046 1842 1117 ὀνομά-

272 1132 355 1194 ζει
381 1172 396 1196 ,
431 1130 489 1185 ἓν
519 1130 1053 1204 νόημαδι’έκατέρου
1093 1134 1200 1187 τῶν
1228 1136 1503 1205 ὀνομάτων
1529 1134 1841 1205 ἐνδειξάμε-

270 1241 361 1286 νος
383 1224 481 1292 τὴν
510 1224 803 1294 σωτηρίαν.
848 1226 934 1288 Ὠς
970 1224 1079 1296 γὰρ
1107 1227 1171 1278 ἐκ
1198 1230 1296 1297 τῆς
1330 1227 1606 1296 ὑποταγῆς
1646 1228 1706 1279 τὸ
1746 1244 1843 1279 σω-

273 1316 429 1387 θῆναι
461 1318 844 1387 προσγίνεται,
877 1317 1020 1371 οὑτω
1072 1320 1167 1371 καὶ
1215 1322 1273 1373 ἐν
1307 1320 1478 1391 ἑτέρῳ
1516 1322 1678 1391 φησὶν
1704 1360 1719 1383 ,
1760 1321 1842 1373 ὅτι

272 1408 757 1477 Καταλλιιγέντες
820 1411 1212 1479 σωθησόμεθα
1262 1411 1331 1464 ἐν
1369 1410 1441 1480 τῇ
1490 1410 1599 1480 ζωῇ
1634 1412 1839 1465 αὐτοῦ.

272 1500 413 1562 Τοὺς
452 1499 550 1569 μὲν
581 1496 674 1553 οὖν
702 1500 971 1565 τοιούτους
1004 1502 1231 1572 ἐχθροὺς
1269 1503 1663 1557 ὑποτάσσεσθαι
1696 1504 1843 1572 λέγει

271 1591 352 1660 τῷ
378 1590 496 1661 Θεῷ
526 1592 619 1643 καὶ
654 1593 830 1662 [Ιατρλ⁵
852 1632 866 1656 ,
917 1593 1007 1645 τὸν
1040 1594 1096 1646 δὲ
1129 1593 1354 1648 θάνατον
1376 1637 1391 1661 ,
1432 1598 1525 1648 καὶ
1575 1597 1672 1667 τὴν
1716 1598 1842 1668 περὶ

272 1682 437 1734 αὑτὸν
467 1682 638 1753 ἀρχὴν
675 1684 870 1753 μηκέτι
904 1683 1139 1738 ἔσεσθαι.
1176 1685 1344 1737 Τοῦτο
1377 1686 1483 1758 γάρ
1513 1686 1841 1743 ἐνδείκνυται

269 1777 305 1845 ἠ
336 1775 428 1827 τοῦ
471 1776 992 1844 Καταργηθήσεται
1024 1777 1167 1841 λέξις
1189 1794 1202 1807 ⁸
1233 1777 1307 1841 ὡς
1347 1778 1434 1832 διὰ
1477 1779 1666 1832 τούτου
1697 1781 1846 1848 γενέ-

276 1867 398 1921 σθαι
441 1867 598 1939 δῆλον
618 1909 633 1933 ,
678 1868 758 1921 ὅτι
800 1869 908 1922 τῶν
952 1870 1050 1940 μὲν
1086 1869 1268 1923 κακῶν
1296 1873 1328 1940 ὴ
1361 1870 1645 1925 δυναστεία
1674 1872 1752 1935 είς
1784 1872 1845 1924 τὸ

1940 677 2033 745 qui
2063 676 2168 728 alia
2200 676 2406 729 ratione
2436 674 2530 729 Dei
2574 673 2832 727 dicuntur
2858 671 3099 735 inimici,
3130 671 3225 738 qui
3271 683 3299 721 a
3344 682 3512 737 regno

1939 770 2351 839 transfugerunt
2383 768 2451 822 ad
2498 775 2779 839 peccatum
2810 785 2823 818 :
2858 779 3090 833 quorum
3119 763 3281 816 etiam
3320 762 3513 814 memi-

1940 861 2019 914 nit
2047 860 2101 913 in
2142 860 2371 929 epistola
2402 859 2469 913 ad
2500 855 2799 923 Romanos,
2834 859 3023 912 dicens
3062 875 3073 910 :
3111 853 3171 909 Si
3204 856 3342 908 enim
3392 868 3511 906 cum

1940 952 2141 1005 inimici
2187 966 2453 1015 essemus,
2508 948 2617 1003 Deo
2671 948 2995 1003 reconciliati
3050 961 3230 1000 sumus
3257 943 3323 995 “.
3370 939 3511 995 Nam

1941 1044 2086 1113 quod
2137 1043 2224 1096 hic
2273 1041 2703 1111 subjectionem,
2754 1041 2868 1094 illic
2914 1038 3157 1092 nominat
3194 1032 3515 1089 reconcilia-

1944 1144 2140 1190 tionem
2167 1174 2182 1199 ,
2211 1149 2307 1205 per
2358 1142 2650 1202 utrumque
2681 1145 2879 1186 nomen
2908 1144 3073 1184 unam
3108 1128 3359 1181 indicans
3388 1139 3515 1179 sen-

1942 1233 2189 1289 tentiam,
2219 1240 2415 1295 nempe
2446 1225 2700 1280 salutem.
2734 1222 3017 1289 Quomodo
3050 1222 3194 1275 enim
3227 1235 3293 1273 ex
3327 1217 3512 1286 subje—

1942 1319 2124 1371 ctione
2162 1316 2370 1371 accedit
2421 1316 2593 1379 salus,
2675 1312 2746 1365 ita
2768 1312 2928 1365 etiam
2946 1310 3378 1381 alibidicitquod
3407 1307 3515 1361 Re-

1943 1408 2211 1462 conciliati
2255 1407 2389 1461 salvi
2426 1408 2621 1460 erimus
2670 1407 2724 1459 in
2764 1405 2875 1458 vita
2914 1403 3028 1472 ejus
3053 1402 3119 1457 ³⁸.
3163 1401 3340 1471 Atque
3370 1399 3518 1468 ejus-

1946 1501 2090 1555 modi
2129 1501 2351 1570 quidem
2404 1500 2655 1553 inimicos
2690 1498 2825 1551 dicit
2854 1495 3051 1564 subjici
3078 1493 3189 1548 Deo
3218 1502 3271 1547 et
3315 1490 3461 1544 Patri
3497 1528 3514 1551 .

1945 1604 2174 1647 mortem
2228 1602 2409 1647 autem
2447 1592 2673 1662 etquod
2726 1592 2779 1645 in
2822 1592 2939 1661 ipsa
2969 1597 3053 1643 est
3084 1586 3372 1657 imperium
3405 1598 3515 1638 non

1946 1686 2176 1755 amplius
2223 1684 2485 1740 futurum.
2525 1683 2640 1738 Hoc
2669 1684 2814 1738 enim
2854 1680 3098 1736 ostendit
3150 1678 3354 1743 dictio,
3406 1674 3516 1728 be-

1947 1781 2137 1835 telu'tur
2173 1790 2264 1833 aut
2296 1780 2653 1841 exinaniatur,
2685 1776 2821 1831 adeo
2852 1785 2910 1830 ut
2940 1791 3009 1830 ex
3062 1775 3166 1827 hoc
3201 1773 3272 1827 sit
3301 1768 3517 1840 perspi-

1945 1888 2131 1935 cuum,
2182 1873 2325 1942 quod
2384 1872 2653 1926 malorum
2712 1868 2928 1937 quidem
2985 1866 3227 1937 potentia
3290 1863 3517 1917 omnino

274 1959 534 2022 παντελὲς
556 1959 911 2030 έξαρθήσεται
927 1978 940 1991 ·
967 1962 1014 2012 οἱ
1038 1960 1094 2013 δὲ
1119 1962 1207 2016 διὰ
1233 1965 1330 2032 τῆς
1356 1964 1636 2033 παρακοῆς
1659 1963 1840 2034 ἐχθροὶ

1953 1966 2204 2018 tolletur:
2241 1965 2333 2033 qui
2383 1973 2562 2016 autem
2610 1971 2827 2030 pr0pter
2868 1956 3285 2013 inobedientiam
3335 1951 3517 2007 vocati

272 2050 369 2101 τοῦ
398 2050 533 2102 Θεοῦ
572 2050 860 2121 κληθέντες
884 2092 898 2116 ,
951 2046 1094 2104 οὗτοι
1124 2052 1211 2104 διά
1246 2053 1345 2122 τῆς
1382 2054 1660 2124 ὑποταγῆς
1701 2053 1844 2123 φίλοι

272 2140 369 2193 τοῦ
395 2141 602 2211 Κυρίου
649 2142 999 2212 γενήσονται,
1051 2141 1179 2194 ὅταν
1209 2142 1470 2195 πεισθῶσι
1502 2142 1580 2213 τῷ
1612 2142 1842 2211 λέγοντι,

274 2234 358 2285 ὃτι
391 2233 447 2284 Ὺ
445 2232 557 2299 πὲρ
586 2232 843 2300 Χριστοῦ
870 2234 1296 2301 πρεσϐεύομεν,
1325 2234 1405 2299 ὡς
1436 2234 1540 2288 τοῦ
1567 2234 1712 2289 Θεοῦ
1734 2250 1849 2287 πα-

264 2326 685 2395 ρακαλοῦντος
729 2324 803 2377 δι’
844 2325 1046 2393 ἡμῶν,
1098 2325 1347 2395 δεόμεθα
1380 2325 1530 2394 ὑπὲρ
1566 2325 1845 2395 Χριστοῦ,

276 2420 691 2488 καταλλάγητε
723 2418 804 2483 τῷ
837 2416 959 2482 Θεῷ
983 2436 997 2449 ·
1030 2419 1125 2470 καὶ
1157 2420 1297 2472 κατὰ
1333 2418 1430 2489 τὴν
1454 2419 1751 2489 γενομένην
1790 2421 1847 2471 ὲν

275 2510 354 2579 τῷ
389 2509 701 2579 Εὑαγγελίῳ
730 2510 1039 2586 ὑπόσχεσιν,
1073 2510 1256 2564 οὐκέτι
1289 2513 1346 2564 ὲν
1376 2514 1487 2574 τοῖς
1513 2510 1718 2573 δούλοις
1745 2510 1849 2563 ὑπὸ

275 2600 373 2655 τοῦ
399 2600 603 2672 Κυρίου
631 2640 646 2665 ,
680 2600 794 2654 ἀλλ’
827 2603 886 2653 ὲν
930 2603 1044 2664 τοῖς
1074 2602 1247 2670 φίλοις
1272 2602 1699 2670 καταλλαγέντες
1730 2603 1850 2672 ἀρι-

277 2690 665 2762 θμηθήσονται.
698 2691 773 2746 Τὸ
815 2691 873 2744 δὲ
897 2730 913 2755 ,
956 2692 1055 2744 Δεῖ
1100 2694 1213 2761 γὰρ
1258 2692 1444 2746 αὑτὸν
1469 2693 1845 2757 βασιλεύειν,

217 2822 224 2829 .
276 2782 387 2847 ἕως
417 2782 493 2835 ἂν·
521 2781 597 2850 θῇ
635 2781 776 2847 τοὺς
809 2781 1061 2851 ἐχθροὺς
1085 2784 1204 2836 ὑπὸ
1248 2784 1388 2850 τοὺς
1415 2784 1602 2850 πόδας
1641 2786 1847 2851 αὑτοῦ,

278 2874 515 2937 εὐσεϐῶς
544 2913 558 2937 ,
609 2874 683 2936 ὡς
720 2870 903 2943 οἶμαι,
941 2873 1352 2944 παραδεξόμεθα
1378 2916 1393 2938 ,
1440 2875 1500 2927 τὸ
1543 2876 1850 2947 ἀριστεύειν

278 2963 440 3015 αὑτὸν
474 2962 561 3015 διὰ
589 2962 683 3013 τοῦ
720 2960 1023 3029 βασιλεύειν
1060 2966 1368 3030 νοήσαντες.
1389 2961 1520 3013 Τότε
1544 2961 1653 3031 γὰρ
1678 2960 1849 3013 παύε-

278 3072 366 3108 ται
394 3054 491 3124 τῆς
513 3053 785 3123 ἀριστείας
815 3053 844 3106 ὁ
872 3052 1091 3115 δυνατὸς
1115 3054 1171 3105 ὲν
1197 3052 1419 3123 πολέμῳ
1440 3091 1452 3115 ,
1497 3053 1623 3105 ὅταν
1660 3053 1851 3122 ἀφανι-

282 3147 380 3215 σθῇ
413 3148 520 3199 πᾶν
553 3146 612 3198 τὸ
644 3144 721 3215 τῷ
750 3144 938 3214 ἀγαθῷ
970 3145 1358 3214 ἀντικείμενον,
1394 3145 1521 3198 ὅταν
1552 3146 1730 3197 πᾶσαν
1754 3144 1853 3215 τὴν

281 3235 475 3289 ἑαυτοῦ
508 3234 781 3305 βασιλείαν
822 3234 1139 3304 συναγαγὼν
1170 3237 1491 3307 προσαγάγῃ
1520 3234 1595 3305 τῷ
1617 3236 1737 3307 Θεῷ
1760 3238 1853 3291 κα)⁸

1946 2064 2074 2112 sunt
2095 2055 2189 2110 Dei
2212 2056 2437 2119 inimici,
2466 2056 2499 2109 ii
2522 2070 2618 2125 per
2639 2054 3034 2122 subjectionem
3060 2049 3151 2103 Dei
3178 2050 3305 2101 lient
3327 2044 3514 2105 amici,

1947 2165 2072 2205 cum
2123 2149 2280 2203 ﬁdem
2326 2149 2673 2203 adhibuerim
2713 2146 2917 2201 dicenti
2946 2164 2961 2200 :
2991 2143 3099 2198 Pro
3130 2141 3341 2198 Christo
3371 2140 3517 2210 lega-

1948 2243 2087 2296 tione
2121 2242 2409 2312 fungimur.
2454 2251 2705 2311 tanquam
2736 2240 2844 2294 Deo
2883 2254 2974 2305 per
3003 2254 3096 2291 nos
3127 2236 3392 2297 hortante,
3430 2250 3519 2286 ro-

1946 2352 2130 2406 gamus
2158 2351 2250 2403 pro
2281 2333 2523 2401 Christo,
2558 2331 2969 2387 reconciliamini
3014 2328 3124 2383 Deo
3143 2328 3209 2394 ³⁸,
3239 2339 3293 2382 et
3321 2340 3520 2381 conve-

1948 2428 2161 2482 nienter
2210 2425 2559 2496 promissioni
2618 2440 2740 2496 qua:
2792 2424 2934 2478 facta
2984 2432 3067 2478 est
3101 2424 3154 2475 in
3199 2418 3517 2490 Evangelia,

1949 2518 2288 2572 reconciliati
2328 2531 2436 2570 non
2487 2517 2719 2585 amplius
2770 2514 3201 2568 numerabuntur
3233 2512 3373 2564 inter
3403 2524 3518 2564 ser-

1948 2625 2079 2674 vos,
2121 2609 2215 2664 sed
2250 2610 2389 2663 inter
2418 2609 2643 2662 amicos.
2691 2606 2827 2661 Illud
2867 2612 3084 2667 autem,
3124 2602 3341 2670 Oportet
3380 2602 3521 2654 enim

1949 2719 2066 2756 eum
2104 2718 2348 2772 regnare,
2398 2701 2561 2754 donec
2596 2700 2826 2769 posuerit
2884 2698 3123 2752 inimicos
3164 2695 3259 2750 sub
3302 2692 3519 2764 pedibus

1950 2793 2094 2855 suis,
2131 2791 2251 2861 pie,
2285 2799 2344 2844 ut
2390 2791 2648 2852 arbitror,
2683 2791 3014 2859 accipiemus
3035 2828 3050 2850 ,
3083 2788 3127 2841 si
3161 2801 3256 2856 per
3288 2799 3518 2855 regnare

1951 2881 2380 2936 intellexerimus
2433 2898 2556 2936 eum
2611 2881 2909 2936 fortissime
2988 2897 3047 2935 se
3100 2894 3307 2949 gerere.
3364 2876 3520 2931 Tunc

1952 2974 2095 3027 enim
2146 2988 2205 3028 se
2255 2972 2552 3027 fortissime
2596 2988 2783 3043 gerere
2832 2972 3032 3027 desinit
3085 2971 3178 3038 qui
3227 2977 3420 3039 potens
3467 2969 3524 3021 in

1953 3063 2116 3127 bello,
2142 3062 2363 3133 quando
2394 3063 2630 3116 deletum
2662 3061 2825 3116 fuerit
2861 3061 3122 3131 quidquid
3158 3061 3301 3112 bono
3334 3057 3525 3111 adver-

1954 3166 2105 3211 satur
2129 3195 2143 3220 ,
2175 3155 2394 3226 quando
2420 3156 2680 3208 universo
2716 3170 2882 3223 regno
2914 3160 3124 3215 coacto,
3162 3150 3271 3204 Deo
3292 3157 3346 3204 et
3374 3148 3525 3202 Patri

1954 3250 2214 3304 obtulerit
2240 3260 2293 3304 et
2332 3263 2516 3304 secum
2573 3248 2808 3302 uuiverit
2852 3246 3125 3301 universa.
3160 3245 3340 3315 Ipsum
3373 3243 3519 3298 enim

281 3329 458 3398 Πατρὶ
482 3370 496 3394 ,
538 3328 674 3398 πρὸς
717 3328 907 3380 ἑαυτὸν
938 3327 1142 3391 ἑνώσας
1184 3331 1251 3380 τά
1291 3328 1485 3382 πάντα.
1515 3328 1587 3382 Τὸ
1613 3327 1722 3399 γὰρ
1752 3346 1851 3382 πα-

1954 3342 2101 3397 Patri
2128 3343 2338 3397 tradere
2382 3356 2641 3411 regnum,
2675 3342 2818 3394 hunc
2853 3341 3013 3395 habet
3051 3354 3295 3403 sensum,
3328 3353 3519 3393 omnes

285 3418 533 3490 ραδοῦναι
563 3418 722 3471 αὑτὸν
756 3416 831 3488 τῷ
860 3419 1033 3489 Πατρὶ
1061 3418 1160 3489 τὴν
1188 3417 1483 3489 βασιλείαν,
1513 3420 1709 3474 ταύτόν
1739 3421 1854 3474 ἐστι

281 3509 425 3563 κατὰ
466 3510 562 3579 τὴν
594 3510 835 3563 διάνοιαν
875 3509 951 3580 τῷ
991 3514 1331 3580 παραγαγεῖν
1368 3511 1494 3575 τοὺς
1543 3512 1750 3575 πάντας
1780 3512 1856 3583 τῷ

282 3602 401 3673 Θεῷ
424 3644 439 3666 ,
469 3604 534 3657 δι’
568 3596 628 3656 οῦ
676 3603 868 3674 ἔχομεν
896 3602 993 3673 τὴν
1024 3603 1160 3673 πρὸς
1186 3603 1276 3655 τὸν
1309 3604 1529 3674 Πατέρα
1546 3608 1597 3658 ³⁸.
1635 3604 1857 3657 Πάντων

282 3695 461 3747 τοίνυν
491 3694 599 3746 τῶν
650 3711 777 3746 ποτε
827 3693 1034 3764 ἐχθρῶν
1081 3694 1367 3748 ὑποπόδιον
1403 3695 1512 3747 τῶν
1557 3694 1732 3747 ποδῶν
1762 3693 1855 3748 τοῦ

287 3783 423 3837 Θεοῦ
454 3782 757 3852 γενομένων
810 3785 869 3835 ὲν
897 3782 975 3852 τῷ
1005 3782 1259 3847 δέξασθαι
1305 3784 1365 3837 τὸ
1412 3786 1553 3838 θεῖον
1610 3786 1752 3855 [χνος
1797 3787 1856 3839 ὲν

285 3876 528 3937 ἑαυτοῖς,
562 3873 657 3927 καὶ
708 3872 803 3926 τοῦ
844 3874 1073 3927 θανάτου
1122 3875 1556 3946 καταργηθέντος
1587 3876 1701 3947 (μὴ
1749 3876 1857 3947 γὰρ

285 3966 452 4017 ὄντων
480 3963 588 4015 τῶν
613 3963 1083 4033 ἀποθνησκόντων,
1106 3964 1227 4016 οὑδὲ
1248 3964 1275 4015 ό
1297 3963 1523 4027 θάνατος
1548 3964 1699 4017 ἔσται
1731 3967 1859 4018 πάν-

288 4056 459 4125 τως),
484 4056 602 4109 τότε
647 4058 703 4108 ὲν
732 4058 797 4125 τῇ
830 4056 1045 4108 πάντων
1076 4056 1229 4126 ἡμῶν
1257 4057 1535 4127 ὑποταγῇ,
1577 4058 1697 4127 ἥτις
1739 4058 1860 4128 οὑχὶ

288 4150 504 4219 δουλικὴ
531 4153 725 4203 νοεῖται
748 4149 1087 4218 ταπεινότης,
1110 4146 1244 4201 ἀλλά
1267 4147 1505 4217 βασιλεία
1530 4152 1622 4201 καὶ
1643 4149 1856 4220 ἀφθαρ-

291 4243 400 4305 σία,
426 4242 517 4294 καὶ⁸
550 4241 883 4311 μακαριότης
908 4280 923 4304 ,
953 4241 981 4293 ό
1015 4242 1072 4293 ὲν
1103 4243 1236 4311 ἡμῖν
1284 4239 1391 4304 ζῶν
1420 4241 1859 4311 ὑποταγήσεσθαι

288 4334 365 4403 τῷ
392 4332 509 4403 Θεῷ
531 4333 682 4403 παρά
710 4331 806 4385 τοῦ
828 4332 1037 4385 Παύλου
1066 4332 1300 4401 λέγεται,
1333 4336 1361 4385 ό
1390 4334 1448 4385 τὸ
1476 4334 1675 4401 ἀγαθὸν
1702 4336 1860 4405 ήμῶν

288 4426 357 4477 δι’
387 4424 581 4477 ἑαυτοῦ
615 4422 851 4485 τελειῶν,
880 4425 974 4477 καὶ
1008 4424 1175 4476 ποιῶν
1208 4424 1383 4494 ἐαυτῷ
1406 4425 1464 4476 ἐν
1497 4427 1626 4495 ἡμῖν
1648 4425 1708 4477 τὸ
1736 4427 1861 4479 εὑά-

294 4533 499 4587 ρεστον.
540 4517 723 4569 Ταῦτα
768 4516 909 4570 κατά
940 4519 1000 4569 τὸ
1048 4517 1243 4587 μέτρον
1274 4520 1370 4588 τῆς
1414 4519 1648 4582 διανοίας
1682 4519 1857 4590 ήμῶν,

291 4611 359 4662 ὲκ
381 4610 479 4678 τῆς
514 4609 754 4683 μεγάλης
777 4610 869 4662 τοῦ
893 4609 1102 4663 Παύλου
1131 4610 1349 4679 σοφίας,
1375 4612 1496 4665 ὅσον
1525 4613 1859 4683 ἐχωροῦμεν,

290 4704 351 4753 ἐν
390 4699 469 4769 τῷ
502 4700 655 4770 μέρει
689 4682 860 4768 τούτῳ
882 4704 1304 4773 κατενοήσαμεν,
1350 4703 1518 4766 δεῖξαι
1549 4682 1858 4775 βουλόμενοι

290 4790 369 4860 τῷ
394 4789 500 4861 [τὸ]
536 4790 610 4859 μὴ
630 4790 961 4858 ἐπεσκέφθαι
993 4793 1117 4855 τοὺς
1144 4794 1250 4846 τῶν
1272 4794 1562 4865 αἰρετικῶν
1581 4795 1864 4864 δογμάτων

293 4882 601 4954 προστάτας
624 4881 715 4933 τὸν
752 4881 843 4933 τοῦ
887 4882 1211 4935 ’Δποστόλου
1245 4886 1464 4949 σκοπὸν,
1493 4885 1631 4955 πρὸς
1661 4886 1719 4938 ὃν
1751 4886 1864 4955 βλέ-

293 4990 411 5026 πων
435 4972 524 5025 τὸν
551 4972 794 5043 παρόντα
821 4971 977 5041 λόγον
1006 4975 1316 5043 πεποίηται.
1338 4977 1401 5028 Εἰ
1430 4978 1527 5047 μὲν
1551 4973 1643 5030 οὑν
1661 4978 1863 5048 αὑτάρ-

294 5081 396 5134 κης
425 5080 506 5117 σοι
533 5064 752 5131 γέγονεν
776 5066 809 5135 ἡ
840 5065 932 5118 ἐπὶ
959 5064 1036 5136 τῷ
1080 5066 1351 5137 ζητήματι
1384 5068 1556 5138 τούτῳ
1590 5068 1861 5141 πληροφο-

296 5156 387 5226 ρία
428 5157 517 5209 διά
553 5156 661 5208 τῶν
690 5157 1026 5227 είρημένων,
1064 5160 1143 5221 εἰς
1176 5159 1265 5211 τὸν
1295 5158 1425 5211 Θεὸν
1462 5161 1720 5214 ἀνακτέον
1764 5162 1861 5231 τὴν

295 5248 473 5317 χάριν.
498 5246 559 5301 Ei
588 5248 645 5301 δέ
677 5266 730 5301 τι
762 5250 853 5302 καὶ
882 5248 1055 5301 λιπεῖν
1095 5267 1175 5303 σοι
1210 5250 1479 5318 φαίνοιτο,
1509 5252 1769 5322 δεξόμεθα
1804 5256 1862 5306 ἐν

295 5340 567 5413 προθυμίᾳ
604 5339 881 5403 λείποντος
915 5341 1326 5412 ἀναπλήρωσιν,
1350 5342 1505 5414 εἴπερ
1546 5346 1675 5413 ἡμῖν
1716 5346 1863 5415 παρὰ

297 5432 392 5485 σοῦ
437 5449 496 5483 τε
534 5433 865 5504 γνωρισθείη
912 5432 1001 5486 διὰ
1041 5433 1135 5486 τοῦ
1171 5436 1491 5506 γράμματος
1520 5477 1535 5500 ,
1578 5438 1671 5489 καὶ
1713 5439 1863 5508 παρὰ

300 5524 387 5577 τοῦ
413 5524 568 5591 ἁγίου
590 5524 899 5593 Πνεύματος
921 5526 1255 5598 φανερωθείη
1281 5528 1364 5581 διὰ
1386 5528 1494 5581 τῶν
1516 5528 1685 5598 εὐχῶν
1707 5532 1739 5600 ἡ
1748 5532 1862 5600 μῶν

300 5620 333 5687 ἡ
366 5617 470 5668 τῶν
497 5618 739 5687 κρυφίων
763 5619 1087 5688 φανέρωσις.

358 5796 399 5824 ³³
458 5797 611 5853 Rom.
669 5802 841 5868 v,10.
920 5804 961 5833 ³⁵
998 5800 1129 5856 Ibid.
1209 5802 1252 5832 ³⁸
1287 5801 1323 5855 II
1377 5800 1500 5856 Cor.
1557 5817 1606 5863 v,
1640 5801 1727 5857 ς90.

1324 6022 1327 6023 ν
1336 6013 1365 6027 Γ

1957 3435 2025 3490 ad
2054 3434 2221 3489 Deum
2247 3435 2547 3499 adducere,
2582 3448 2677 3504 per
2708 3449 2866 3503 quem
2900 3435 2952 3486 in
2985 3448 3092 3486 uno
3120 3433 3314 3503 spiritu
3358 3432 3526 3486 babe-

1957 3544 2080 3582 mus
2126 3542 2407 3581 accessum
2459 3527 2525 3579 ad
2558 3524 2793 3580 Patrem.
2838 3525 2972 3579 Cum
3018 3541 3147 3595 ergo
3180 3541 3401 3589 omnes,
3434 3527 3527 3594 qui

1958 3615 2252 3686 aliquando
2299 3614 2392 3669 Dei
2432 3616 2660 3679 inimici,
2700 3616 2826 3668 facti
2861 3616 3062 3669 fuerint
3092 3617 3389 3671 scabellum
3432 3633 3525 3686 pe-

1959 3709 2087 3763 dum
2119 3708 2235 3773 Dei,
2264 3723 2327 3763 eo
2353 3708 2497 3778 quod
2529 3709 2583 3762 in
2612 3723 2669 3763 se
2695 3708 2877 3763 divina
2905 3710 3245 3779 susceperint
3274 3711 3525 3779 vestigia,

1960 3812 2014 3857 et
2063 3816 2211 3858 mors
2261 3800 2425 3855 fuerit
2471 3800 2645 3856 deleta
2682 3800 2844 3871 (nam
2893 3802 2937 3856 si
2979 3818 3083 3854 non
3136 3803 3246 3856 sint
3282 3802 3373 3870 qui
3410 3818 3528 3854 mo-

1961 3896 2194 3958 riantur,
2247 3910 2313 3947 ne
2366 3910 2515 3948 mors
2566 3894 2781 3963 quidem
2827 3893 2931 3947 erit
2987 3894 3411 3959 omnino),tunc
3475 3896 3526 3947 in

1960 3985 2227 4045 omnium,
2266 3992 2323 4037 ut
2357 3986 2570 4051 Opinor,
2601 3983 2974 4053 subjectione,
3020 3999 3140 4053 qua:
3172 4001 3279 4038 non
3316 3985 3529 4039 servilis

1962 4077 2138 4145 aliqua
2172 4075 2487 4144 intelligitur
2519 4076 2799 4130 humilitas
2821 4118 2834 4140 ,
2869 4076 2962 4129 sed
2996 4092 3221 4145 regnum
3260 4086 3314 4130 et
3346 4076 3530 4131 incor-

1961 4169 2162 4239 ruptio,
2203 4177 2255 4222 et
2286 4168 2547 4233 felicitas,
2579 4168 2669 4238 qui
2705 4169 2759 4221 in
2792 4167 2949 4222 nobis
2984 4168 3136 4231 vivit,
3169 4183 3199 4221 a
3243 4167 3414 4222 Paulo
3446 4170 3531 4223 di-

1961 4260 2102 4312 citur
2133 4257 2241 4312 Deo
2270 4257 2663 4327 subjiciendus,
2697 4259 2788 4327 qui
2818 4258 3017 4311 bonum
3044 4266 3295 4313 nostrum
3343 4274 3435 4328 per
3471 4276 3530 4313 se

1962 4348 2193 4417 perlicit,
2222 4355 2274 4402 et
2308 4345 2437 4401 facit
2468 4344 2525 4404 in
2555 4349 2715 4403 nobis
2751 4349 2801 4403 id
2823 4349 2967 4419 quod
2998 4359 3083 4404 est
3110 4350 3211 4421 ipsi
3237 4360 3451 4420 gratum
3477 4362 3529 4406 et

1962 4449 2262 4511 acceptum.
2328 4439 2451 4496 Haec
2507 4457 2606 4512 pro
2653 4442 2827 4498 nostri
2887 4443 3086 4514 ingenii
3145 4447 3400 4513 modulo,
3462 4463 3530 4502 ex

1962 4535 2142 4604 magni
2182 4532 2335 4588 Pauli
2368 4534 2632 4606 sapientia
2655 4575 2668 4599 ,
2715 4543 2978 4605 quantum
3009 4550 3201 4605 capere
3228 4538 3528 4608 potuimus,

1966 4625 2067 4679 hac
2126 4627 2179 4679 in
2230 4634 2383 4695 parte
2430 4626 2892 4709 cxcogitavimus,
2952 4628 3192 4681 volentes
3242 4629 3532 4683 ostendere

1966 4718 2343 4771 haereticorum
2378 4718 2686 4788 dogmatum
2718 4718 2990 4788 principes
3028 4720 3273 4787 Apostoli
3304 4736 3531 4790 scepum

1964 4810 2189 4863 minime
2215 4810 2614 4873 considerasse,
2665 4811 2729 4862 ad
2764 4826 2923 4879 quem
2964 4811 3183 4867 intuens
3224 4813 3338 4867 haec
3372 4813 3526 4868 dixit.

1966 4901 2021 4953 Si
2050 4915 2179 4969 ergo
2213 4917 2308 4969 per
2355 4916 2417 4955 ea
2452 4917 2572 4970 quae
2610 4901 2753 4955 dicta
2793 4910 2920 4955 sunt
2967 4904 3020 4956 in
3072 4903 3173 4957 hac
3207 4906 3529 4974 quaestione,

1964 4990 2059 5043 tibi
2102 4990 2204 5043 fuit
2259 4991 2634 5055 satisfactum,
2701 4992 2811 5045 Deo
2864 4993 3083 5063 agendae
3136 5007 3267 5049 sunt
3324 4998 3529 5065 gratiae.

1964 5079 2117 5145 Quod
2148 5082 2193 5135 si
2224 5081 2353 5151 quid
2376 5083 2587 5138 videtur
2614 5085 2792 5138 adhuc
2825 5084 3035 5148 deesse,
3070 5095 3316 5156 prompto
3340 5096 3392 5139 et
3419 5088 3533 5140 ala-

1965 5175 2042 5226 cri
2071 5176 2252 5226 animo
2277 5177 2641 5245 suscipiemus
2671 5178 2791 5246 ejus
2816 5181 2963 5248 quod
2994 5178 3147 5232 deest
3186 5178 3534 5246 supplemen-

1964 5276 2109 5330 tum,
2131 5268 2174 5321 si
2201 5276 2255 5319 tu
2284 5267 2333 5320 id
2358 5268 2576 5338 scriptis
2604 5270 2763 5324 nobis
2786 5269 3172 5332 declaraveris,
3195 5278 3246 5323 et
3284 5284 3315 5323 a
3342 5278 3533 5323 sancto

1967 5359 2169 5428 Spiritu
2197 5375 2294 5428 per
2324 5375 2510 5429 preces
2554 5372 2775 5417 nostras
2817 5361 3151 5415 occultorum
3198 5359 3336 5415 facta
3372 5360 3533 5416 fuerit

1967 5451 2357 5507 manifestatio.
