4018 6540
456 496 590 553 I397

1922 482 2289 541 APPENDIX.

3554 476 3699 530 {39.8

474 628 3680 673 ἕνΜωῇ

1136 847 1363 935 ΤΟΥ
1434 843 1813 932 ΑΥΤΟΥ
1888 843 2507 931 ΓΡΗΓΟΡΙΟΥ
2576 842 3002 930 ΝΥΣΣΗΣ

1679 1029 1839 1082 ΠΕΡΙ
1874 1028 2032 1091 ΤΟΥ,
2068 1028 2134 1080 TI
2172 1027 2325 1080 ΕΣΤΙ
2354 1025 2463 1091 ΤΟ,

1359 1188 1523 1240 KAT’
1560 1187 1833 1240 ΕΙΚΟΝΑ
1866 1186 2043 1238 ΘΕΟΥ
2066 1186 2202 1237 ΚΑΙ
2234 1182 2393 1238 ΚΑΘ’
2426 1183 2792 1237 ΟΜΟΙΩΣΙΝ.

1237 1559 1702 1640 EJUSDEM
1783 1558 1862 1635 S.
1932 1553 2423 1636 GBEGOBII
2466 1548 2901 1631 NYSSENI

1746 1732 1833 1788 DE
1877 1729 2002 1797 EO,
2058 1728 2225 1798 QUID
2283 1726 2410 1793 Sl'l',

1260 1923 1358 1977 AD
1393 1918 1782 1978 IMAGINEM
1812 1917 1945 1973 DEI
1977 1917 2071 1973 ΕΤ
2109 1917 2206 1972 ΑΙ)
2236 1912 2856 1973 SIMILITUDINEM.

1708 2097 1949 2145 Frontone
1992 2097 2165 2145 Ducam
2202 2090 2474 2154 interprete.

522 2432 624 2500 Qui
666 2428 944 2486 conditam
983 2440 1015 2482 a
1062 2423 1174 2480 Deo
1225 2424 1410 2479 vultus
1442 2421 1529 2478 sui
1565 2419 2026 2493 pulchritudinem
2059 2424 2092 2481 Α

2202 2421 2268 2473 Oi
2302 2419 2399 2490 τὴν
2429 2418 2636 2475 ἑαυτῶν
2663 2418 2914 2481 ἀπλανῶς
2944 2418 3042 2473 τοῦ
3074 2418 3366 2493 προσώπου
3396 2419 3717 2475 θεόκτιστον

455 2525 761 2579 certissime
784 2521 975 2576 volunt
1002 2532 1365 2589 cognoscere,
1395 2530 1502 2569 non
1533 2515 1660 2576 alia,
1692 2515 1908 2583 opinor,
1934 2527 2027 2566 ra-

455 2619 603 2670 tione
650 2610 927 2683 pr0priam
978 2607 1268 2677 imaginem
1306 2604 1646 2674 formamque
1694 2603 1851 2658 faciei
1890 2617 2027 2657 con-

462 2702 713 2772 templari
742 2708 1001 2769 possunt,
1032 2711 1194 2768 quam
1219 2694 1565 2749 mundissimi
1596 2694 1880 2763 cujusdam
1912 2708 2032 2763 spe-

456 2796 566 2851 culi
612 2807 812 2863 npcra,
877 2790 968 2845 cui
1029 2789 1266 2860 speciem
1323 2788 1437 2843 oris
1481 2787 1565 2842 sui
1638 2786 2028 2851 admoventes,

458 2889 515 2942 in
549 2902 615 2941 eo
643 2894 697 2940 et
738 2899 835 2953 per
862 2883 1042 2953 ipsum
1078 2881 1228 2937 intus
1259 2880 1489 2934 formam
1530 2879 1846 2949 quamdam,
1884 2880 2031 2933 velut

458 2994 525 3033 ex
555 2974 1384 3043 aemulationerepraesentatam
1424 2969 1493 3023 ad
1539 2970 1829 3040 imaginem
1859 2978 1915 3024 et
1957 2970 2034 3024 si-

459 3065 819 3123 militudinem
856 3076 1035 3125 suam,
1089 3062 1235 3116 clare
1287 3062 1591 3117 intuentur.
1628 3059 1695 3115 Et
1722 3076 1824 3117 nos
1865 3060 2036 3132 igitur

459 3167 720 3229 tanquam
756 3156 812 3210 in
840 3154 1065 3225 speculo
1101 3152 1336 3223 quodam
1372 3152 1654 3208 conversis
1685 3152 1753 3209 ad
1785 3153 2033 3208 divinum

463 3249 729 3322 spiritalis
788 3248 920 3303 solis
991 3246 1204 3300 radium
1262 3247 1440 3303 oculis
1474 3284 1489 3310 ,
1548 3246 1676 3303 inde
1746 3246 2038 3302 manifeste

466 3344 845 3398 adumbratam
876 3340 1135 3410 speciem,
1176 3337 1404 3391 formam
1441 3345 1495 3394 et
1525 3338 1814 3408 imaginem
1850 3339 1997 3394 illius
2017 3380 2034 3404 ,

464 3435 609 3505 quod
658 3435 712 3487 in
754 3440 949 3487 natura
992 3440 1176 3486 nostra
1208 3437 1292 3484 est
1317 3430 1383 3482 ad
1411 3430 1703 3500 imaginem
1726 3430 2040 3484 similitudi-

466 3538 701 3593 nemque
734 3521 860 3583 Dei,
886 3521 1181 3575 discamus.
1226 3516 1323 3572 Est
1354 3518 1533 3581 enim,
1566 3528 1670 3583 est,
1695 3518 1939 3587 inquam,
1979 3525 2041 3571 ut

469 3617 605 3671 mihi
639 3614 857 3685 quidem
887 3612 1123 3674 videtur,
1166 3610 1409 3664 hominis
1442 3610 1646 3665 creatio
1674 3620 1728 3664 et
1758 3618 2040 3665 structura

469 3706 832 3762 formidabilis
883 3713 1046 3774 atque
1106 3704 1173 3758 ad
1239 3701 1708 3773 interpretandum
1765 3702 2037 3769 dilIicilis,

2130 2510 2436 2583 ὡραιότητα
2463 2513 2743 2567 κατανοεῖν
2771 2511 3102 2583 βουλόμενοι,
3135 2513 3233 2566 οὐκ
3254 2512 3428 2576 ἄλλως
3461 2531 3585 2577 πως
3611 2513 3717 2583 τὴν

2130 2605 2335 2659 οἰκείαν
2388 2604 2571 2658 εἰκόνα
2619 2605 2714 2659 καὶ
2757 2604 2851 2658 τοῦ
2902 2605 3194 2675 προσώπου
3235 2604 3327 2659 τδν
3382 2605 3713 2675 χαρακτῆρα

2132 2698 2541 2770 ὲνοπτρίζεσθαι
2570 2696 2821 2750 δύνανται
2865 2697 2977 2751 ἀλλ’
3009 2697 3041 2767 ἢ
3076 2696 3167 2751 διά
3213 2714 3357 2760 τινος
3389 2696 3713 2767 καθαρωτά-

2131 2807 2227 2843 του
2274 2790 2539 2860 ἐσόπτρου
2563 2828 2579 2851 ,
2612 2789 2668 2840 ὲν
2712 2780 2756 2854 ᾧ
2781 2786 2877 2857 τὴν
2910 2787 3116 2841 οἰκείαν
3158 2787 3257 2857 τῆς
3306 2785 3481 2855 ὅψεως
3526 2786 3713 2839 εἰκόνα

2133 2878 2583 2949 προσεγγίζοντες
2600 2919 2616 2940 .
2647 2882 2705 2934 ὲν
2730 2879 2877 2950 αὐτῷ
2903 2879 2998 2933 καὶ
3020 2878 3087 2931 δι’
3118 2876 3285 2932 αὐτοῦ
3312 2878 3477 2948 ὁρῶσι
3497 2877 3714 2946 τρανῶς

2136 2974 2281 3028 ἔνδον
2305 2974 2594 3045 ἀντίμιμόν
2622 2990 2741 3027 τινα
2764 2972 3087 3044 χαρακτῆρα
3115 2971 3235 3023 κατ’
3265 2969 3447 3023 εἰκόνα
3472 2970 3564 3021 καὶ
3588 2968 3716 3021 καθ’

2133 3066 2389 3139 ὁμοίωσιν
2419 3066 2648 3121 ἑαυτῶν.
2684 3065 2892 3119 Οὐκοῦν
2940 3065 3033 3117 καὶ
3075 3065 3236 3134 ἡμεῖς
3267 3062 3452 3134 ὥσπερ
3500 3063 3559 3115 ὲν
3589 3062 3713 3113 ὲσό-

2137 3176 2293 3231 πτρῳ
2322 3159 2427 3213 τινὶ
2458 3159 2595 3231 πρὸς
2621 3158 2722 3228 τὴν
2770 3158 2919 3211 θείαν
2966 3158 3159 3210 ἀκτῖνα
3199 3153 3296 3208 τοῦ
3343 3152 3532 3224 νοεροῦ
3560 3152 3715 3223 ἡλίου

2137 3252 2509 3316 ἀτενίσαντες,
2560 3250 2769 3305 ἐκεῖθεν
2808 3249 3054 3321 ἐναργῶς
3103 3248 3163 3301 τὸ
3208 3247 3565 3317 ἀποσκίασμα
3620 3246 3713 3299 καὶ

2136 3344 2236 3415 τὴν
2267 3343 2479 3416 μορφὴν
2508 3344 2601 3396 καὶ
2623 3342 2722 3413 τὴν
2752 3342 2933 3395 εἰκόνα
2969 3339 3064 3394 τοῦ
3098 3339 3222 3393 κατ’
3255 3339 3437 3393 εἰκόνα
3460 3339 3557 3393 καὶ
3592 3338 3717 3390 καθ’

2138 3438 2396 3508 ὁμοίωσιν
2427 3435 2527 3506 τῆς
2554 3434 2830 3505 ἡμετέρας
2852 3433 3258 3504 καταμάθωμεν
3282 3431 3516 3500 φύσεως.
3557 3430 3717 3483 Ἐστι

2140 3527 2251 3597 γὰρ
2270 3566 2285 3589 ,
2309 3525 2459 3579 ἐστιν
2479 3567 2495 3589 ,
2522 3523 2598 3588 ὡς
2621 3524 2743 3595 ἐμοί
2772 3540 2836 3593 γε
2866 3522 3050 3588 δοκεῖ,
3081 3524 3115 3593 ἡ
3157 3519 3253 3575 τοῦ
3284 3519 3571 3592 ἀνθρώπου
3616 3536 3717 3572 κα-

2140 3619 2379 3691 τασκευὴ
2408 3618 2616 3689 φοϐερά
2644 3616 2854 3681 τιςλκαὶ
2906 3615 3358 3687 δυσερμήνευτος,
3409 3613 3504 3667 καὶ
3545 3610 3717 3665 πουά

2141 3713 2236 3768 καὶ⁵
2260 3712 2554 3781 ἀπόκρυφα
2581 3712 2639 3764 ὲν
2667 3710 2804 3779 αὐτῇ
2832 3708 3102 3779 μυστήρια
3134 3704 3271 3759 Θεοῦ
3294 3703 3711 3771 ὲξεικονίζουσα.

471 3798 754 3866 multaque
776 3803 829 3851 et
869 3793 1148 3849 recondita
1186 3793 1275 3848 Dei
1306 3793 1563 3863 exprimit
1596 3793 1650 3847 in
1680 3808 1741 3848 se
1763 3794 2040 3863 mysteria.
2074 3799 2092 3853 1

2146 3803 2255 3858 Καὶ
2290 3802 2481 3873 ὥσπερ
2526 3803 2559 3872 ἡ
2603 3800 2698 3855 τοῦ
2751 3797 3029 3870 ὀφθαλμοῦ
3080 3796 3241 3865 φύσις
3288 3797 3358 3850 τὰ
3409 3796 3509 3867 μὲν
3559 3795 3717 3859 ἐκτὸς

472 3888 539 3941 Et
564 3885 1022 3957 quemadmodum
1067 3885 1213 3940 oculi
1249 3892 1447 3939 natura
1495 3883 1653 3939 facile
1689 3885 1909 3955 quidem
1940 3901 2040 3949 ea,

473 3994 595 4049 qua:
636 3986 765 4034 sunt
814 3988 967 4032 extra
999 3992 1087 4043 se,
1128 3976 1390 4047 percipit,
1426 3976 1662 4046 seipsam
1694 3992 1823 4031 vero
1859 3992 2046 4031 suam-

473 4086 581 4142 que
631 4069 952 4140 qualitatem
999 4083 1108 4123 non
1161 4076 1337 4138 potest
1384 4084 1606 4139 capere:
1663 4070 1743 4124 sic
1789 4076 1844 4124 et
1896 4069 2047 4123 omni

478 4162 729 4215 humana:
796 4160 999 4214 mentis
1044 4161 1208 4215 oculo
1269 4162 1389 4215 visu
1440 4162 1768 4231 cognituque
1812 4159 2048 4215 diﬂicilis

475 4259 560 4308 est
591 4253 729 4307 ratio
763 4262 965 4307 nosu-m
1020 4253 1342 4308 creationis.
1378 4252 1675 4323 Postquam
1717 4252 1864 4307 enim
1911 4252 2046 4307 sim-

477 4346 673 4416 plicem
702 4344 1043 4412 maximeque
1079 4344 1380 4413 spiritalem
1406 4345 1668 4399 virtutum
1690 4343 2049 4398 invisibilium

480 4432 742 4488 mundum
773 4434 999 4491 Creator
1016 4435 1266 4498 absolvit,
1302 4442 1357 4489 et
1381 4443 1506 4503 post
1535 4434 1687 4488 illum
1716 4434 1863 4487 hunc
1882 4434 2048 4490 etiam

479 4526 816 4581 materialem
851 4534 905 4580 et
944 4526 1326 4595 aspectabilem
1380 4541 1447 4580 ex
1494 4535 1730 4596 quatuor
1761 4526 2052 4581 elemento-

479 4633 601 4671 rum
632 4617 952 4687 corporibus
988 4614 1305 4679 conllatum.
1333 4624 1464 4671 tunc
1505 4618 1611 4683 ait,
1652 4615 1934 4671 Faciamus
1960 4618 2053 4671 Ito-

481 4711 672 4762 minem
711 4710 779 4761 ad
810 4709 1090 4778 imaginem
1133 4718 1181 4762 et
1212 4708 1611 4763 similitudinem
1645 4718 1881 4763 nostram
1906 4709 1969 4772 ³⁷,
2000 4717 2054 4764 et

480 4800 683 4855 animal
729 4799 917 4853 condit
965 4800 1121 4871 quasi
1172 4801 1403 4855 mixtum
1465 4803 1753 4871 quemdam
1788 4802 2052 4857 mundum

482 4892 697 4947 duobus
750 4892 969 4946 mundis
1022 4901 1342 4963 cognatum,
1399 4909 1465 4949 ex
1510 4898 1831 4967 incorporea
1863 4907 1917 4951 et
1956 4899 2054 4952 im-

483 4986 698 5043 mortali
745 4992 800 5041 et
858 4986 1258 5057 incorruptibili
1311 4988 1527 5053 anima,
1581 4999 1637 5044 et
1678 5006 1742 5045 ex
1790 4991 2054 5046 materiali

482 5081 767 5150 oculisque
811 5078 1059 5148 subjecto
1106 5094 1366 5149 corpore,
1400 5097 1468 5137 ex
1496 5093 1731 5152 quatuor
1769 5084 2055 5138 elementis

486 5173 789 5244 composito
827 5180 1263 5242 coagmentatum
1308 5180 1364 5229 et
1413 5140 1682 5244 junctum.
1740 5175 1860 5241 Quo
1913 5176 2056 5231 facto
2083 5140 2128 5202 Ο

488 5282 684 5321 rursus
726 5267 803 5319 ait
841 5263 1165 5335 Scriptura:
1206 5264 1273 5319 Et
1308 5267 1432 5337 fecit
1488 5268 1623 5321 Deus
1668 5270 1951 5332 hominem.
1989 5271 2056 5323 ad

488 5359 767 5428 imaginem
796 5355 892 5411 Dei
939 5358 1062 5427 fecit
1087 5358 1241 5413 illum
1277 5377 1292 5414 :
1328 5358 1495 5414 Deum
1524 5375 1653 5415 vero
1683 5361 1819 5415 dicit
1842 5360 2056 5416 Patrem

487 5457 542 5502 rt
571 5446 766 5503 Filium
803 5456 858 5503 et
904 5449 1167 5520 Spiritum
1210 5460 1483 5505 sanctum.
1524 5453 1600 5506 Ac
1631 5455 1814 5507 multae
1837 5456 2055 5523 quidem

490 5542 825 5610 diversaeque
853 5543 1135 5596 sententia:
1167 5543 1234 5597 de
1260 5543 1364 5598 hoc
1390 5554 1706 5615 argumento
1740 5545 1810 5599 ab
1840 5561 2061 5601 enarra-

492 5631 704 5686 toribus
730 5638 859 5687 sunt
888 5631 1069 5687 dictae.
1101 5632 1336 5701 Quidam
1378 5635 1521 5689 enim
1550 5634 1859 5689 facultatem
1886 5636 2058 5707 impe-

491 5722 647 5776 randi
669 5728 725 5776 et
756 5721 1125 5793 principatum
1166 5726 1403 5785 hominis
1430 5728 1565 5785 illud
1594 5728 1663 5783 ad
1701 5730 1983 5800 imaginem
2009 5742 2059 5787 et

569 5900 610 5932 "
650 5897 783 5953 Gen.
826 5914 864 5964 ι,
896 5896 989 5951 26.

2143 3895 2342 3963 ἑαυτῆς
2388 3892 2628 3964 εὐχερῶς
2680 3892 2970 3955 κατανοεῖ,
3027 3887 3227 3959 ἑαυτὴν
3278 3888 3336 3941 δὲ
3382 3886 3714 3956 κατανοῆσαι

2142 3988 2302 4041 ὁποῖά
2331 3987 2477 4039 ἐστιν
2499 3986 2560 4039 οὐ
2582 3983 2836 4038 δύναται·
2860 3980 3001 4035 οὕτω
3024 3982 3185 4035 παντὶ
3215 3979 3480 4051 ὀφθαλμῷ
3502 3978 3715 4051 ἀνθρω-

2144 4079 2303 4149 πίνης
2330 4077 2565 4141 διανοίας
2589 4074 2959 4147 ὄυσθεώρητος
2983 4073 3076 4127 καὶ
3095 4072 3537 4140 δυσκατάληπτος
3564 4071 3593 4123 ό
3616 4069 3715 4139 τῆς

2146 4169 2420 4241 ἡμετέρας
2451 4167 2807 4240 δημιουργίας
2838 4167 2995 4236 λόγος
3038 4165 3355 4235 καθέστηκε.
3387 4162 3717 4224 Συντελέσας

2147 4263 2255 4333 γάρ
2288 4264 2318 4315 ὁ
2346 4262 2583 4330 Κτίστης
2612 4260 2702 4313 τὸν
2731 4258 2933 4313 ἁπλοῦν
2953 4259 3045 4310 καὶ
3069 4255 3393 4323 νοερώτατον
3414 4254 3523 4306 τῶν
3548 4252 3715 4324 ἀορά-

2148 4369 2254 4407 των
2283 4352 2562 4422 δυνάμεων
2588 4350 2813 4419 κόσμον,
2851 4348 2970 4419 μεθ’
2992 4347 3050 4400 ὃν
3080 4347 3173 4400 καὶ
3201 4345 3291 4398 τὸν
3322 4343 3502 4397 ὑλικὸν
3530 4341 3718 4394 τοῦτον

2150 4443 2244 4497 καὶ
2264 4441 2556 4514 ὁρώμενον,
2601 4439 2692 4492 τὸν
2718 4440 2781 4491 ὲκ
2824 4438 3101 4508 τεσσάρων
3134 4434 3403 4505 στοιχείων
3428 4432 3718 4501 συγκείμε-

2150 4553 2261 4599 νον,
2301 4536 2423 4588 τότε
2454 4533 2607 4604 φησί,
2642 4531 2991 4600 Ποιήσωμεν
3016 4529 3327 4597 ἄνθρωπον
3356 4528 3484 4580 κατ’
3515 4526 3717 4579 εἰκόνα

2152 4629 2443 4697 ἡμετέραν
2460 4626 2555 4680 καὶ
2581 4626 2707 4679 καθ’
2734 4623 3033 4694 ὁμοίωσιν,
3060 4621 3154 4674 καὶ
3182 4622 3325 4672 ποιεῖ
3347 4618 3507 4683 ζῶον,
3530 4616 3718 4685 ὥσπερ

2152 4720 2274 4773 τινὰ
2319 4717 2508 4789 μικτὸν
2555 4716 2759 4786 κόσμον
2802 4714 3035 4784 συγγενῆ
3083 4712 3192 4765 τῶν
3224 4710 3317 4764 δύο
3351 4712 3575 4781 κόσμων
3598 4750 3615 4777 ,
3661 4708 3716 4773 ἐξ

2154 4810 2444 4879 ἀσωμάτου
2496 4809 2590 4861 καὶ
2621 4808 2890 4861 ἀθανάτου
2919 4806 3013 4858 καὶ
3059 4803 3335 4875 ἀφθάρτου
3379 4803 3594 4873 ψυχῆς,
3629 4802 3720 4854 καὶ

2156 4900 2214 4967 ἐξ
2243 4898 2428 4953 ὑλικοῦ
2459 4900 2551 4953 καὶ
2588 4898 2861 4970 ὁρωμένου
2885 4895 3262 4967 τετραστοίχου
3308 4894 3557 4965 σώματος
3593 4910 3722 4961 συγ-

2156 4990 2426 5063 κείμενον.
2476 4985 2695 5053 Οὖτινος
2724 4988 3014 5059 γενομένου
3052 4986 3210 5041 πάλιν
3241 4987 3405 5056 φησὶν
3437 4988 3467 5055 ἡ
3494 4986 3686 5055 Γραφὴ
3705 5026 3720 5048 ,

2156 5086 2238 5139 ὅτι
2263 5083 2375 5138 Καὶ
2398 5083 2684 5150 ἐποίησεν
2722 5085 2754 5136 ό
2793 5080 2936 5146 Θεὸς
2963 5081 3070 5133 τὸν
3097 5079 3408 5146 ἄνθρωπον
3431 5116 3445 5140 ,
3474 5080 3602 5132 κατ’
3646 5080 3724 5131 εἱ-

2158 5179 2306 5232 κόν-α
2327 5175 2476 5231 Θεοῦ
2502 5175 2791 5243 ἐποίησεν
2815 5174 3001 5227 αὐτόν
3016 5187 3031 5201 ·
3061 5169 3195 5223 Θεὸν
3219 5169 3311 5221 καὶ
3333 5168 3478 5236 λέγει
3504 5168 3597 5221 τὸν
3614 5169 3725 5221 Πα-

2157 5270 2289 5339 τέρα
2317 5269 2411 5320 καὶ
2438 5267 2528 5320 τὸν
2557 5267 2681 5320 Υἱὺν
2718 5265 2812 5319 καὶ
2847 5265 2907 5317 τὸ
2938 5263 3090 5331 ἅγιον
3114 5260 3357 5332 Πνεῦμα.
3392 5260 3591 5313 Πολλαὶ
3629 5260 3725 5330 μὲν

2158 5358 2250 5414 οὖν
2271 5360 2365 5413 καὶ
2397 5358 2639 5428 διάφοροι
2668 5356 2880 5426 γνῶμαι
2911 5354 3040 5425 περὶ
3070 5352 3258 5409 τούτου
3298 5353 3410 5414 τοῖς
3437 5351 3723 5421 ἐξηγηταῖς

2162 5452 2491 5523 ἐρρήθησαν.
2523 5450 2585 5501 Οἰ
2622 5450 2719 5518 μὲν
2747 5463 2855 5516 γαρ
2874 5446 2935 5499 τὸ
2961 5445 3186 5516 ἀρχικὸν
3209 5445 3304 5498 καὶ
3329 5441 3724 5507 ὲξουσιαστικὸν

2162 5545 2256 5598 τοῦ
2295 5542 2582 5615 ἀνθρώπου
2619 5541 2680 5595 τὸ
2728 5541 2853 5595 κατ’
2882 5542 3086 5594 εἰκόνα
3132 5538 3278 5592 Θεοῦ
3309 5536 3409 5590 καὶ
3439 5535 3724 5604 ὁμοίωσιν

2166 5632 2345 5700 εἷπον,
2383 5636 2559 5706 ἕτεροι
2598 5633 2655 5686 δὲ
2687 5632 2746 5685 τὺ
2786 5632 2966 5702 νοερὸν
3002 5631 3096 5684 καὶ
3134 5630 3364 5701 ἀόρατον
3390 5626 3489 5696 τῆς
3526 5623 3722 5694 ψυχῆς.

2170 5728 2350 5783 Ἀλλοι
2377 5727 2437 5781 τὸ
2464 5725 2735 5796 ἄφθαρτον
2767 5723 2861 5778 κοῦ.
2895 5721 3273 5794 ἀναμάρτητον
3294 5760 3310 5787 ,
3338 5720 3426 5774 ὅτε
3455 5719 3674 5788 γέγονεν
3697 5716 3726 5767 ὁ
