3888 6538
281 405 421 461 1529

1291 404 1457 473 QUID
1497 404 1625 471 SIT,
1663 407 1754 463 AD
1790 406 2129 466 lMAGlNEM
2171 407 2301 472 DEI,
2343 406 2495 463 ETC.

3376 401 3513 458 1550

292 503 465 589 Ἀδάμ
490 536 503 549 ·
535 518 709 590 ἕτεροι
738 522 1072 593 προφητείαν
1114 521 1246 576 αὐτὸ
1290 524 1545 596 εἰρήκασι
1582 525 1710 597 περὶ
1749 524 1843 580 τοῦ

1953 525 2343 579 similitudinem
2386 538 2509 580 esse
2554 522 2840 589 dixerunt;
2885 519 2977 576 alii
3010 534 3139 574 vero
3182 534 3301 573 eam
3329 519 3516 575 condi-

249 596 260 615 ’
280 610 675 680 βαπτίσματος.

1957 618 2157 672 tionem
2187 616 2415 679 animae,
2448 623 2507 670 ut
2550 615 2623 669 sit
2665 612 2929 684 Spiritalis
2968 620 3023 667 et
3060 609 3383 674 invisibilis;
3421 612 3510 677 alii

280 702 428 770 quod
465 699 876 770 incorruptiblis
927 708 982 757 et
1025 716 1055 756 a
1092 712 1316 772 peccato
1364 705 1626 762 immunis
1670 713 1853 772 esset,
1893 721 2017 763 cum
2056 709 2238 764 editus
2280 706 2381 762 fuit
2419 706 2473 760 in
2534 706 2711 762 lucem
2752 704 2957 768 Adam;
3008 704 3100 758 alii
3176 702 3512 774 prophetiam

280 791 429 847 istud
459 807 583 849 esse
605 792 859 847 dixerunt
879 793 947 848 de
968 792 1259 862 baptismo.

354 885 618 955 Ἔσχατον
646 884 704 937 δὲ
734 884 947 938 πάντων
972 885 1211 957 ὡσπερεὶ
1246 886 1326 957 τῷ
1353 888 1664 960 ἐκτρώματι
1691 890 1848 961 ὤφθη

278 974 447 1043 κάμοὶ
476 973 592 1025 ἔνια
642 974 768 1043 περί
793 972 984 1027 τούτου
1031 976 1232 1030 εἰπεῖν’
1262 978 1355 1031 καὶ
1386 979 1600 1050 πρῶτόν
1624 998 1687 1051 γε
1718 981 1852 1036 πάν-

277 1082 388 1117 των
422 1065 596 1117 ἐκεῖνο
635 1062 867 1135 ζητῆσαι
907 1064 1086 1131 ἀξιον,
1111 1066 1174 1120 τὸ
1194 1106 1209 1132 ,
1242 1068 1295 1121 τί
1318 1068 1518 1140 δήποτε
1548 1070 1623 1142 μὴ
1655 1071 1852 1142 μᾶλλον

275 1157 405 1219 τοὺς
443 1156 660 1227 νοεροὺς
694 1157 787 1208 καὶ
828 1157 1061 1223 άΰλους,
1093 1159 1186 1212 καὶ
1234 1160 1544 1230 οὐρανίους,
1578 1164 1673 1217 καὶ
1714 1163 1852 1234 πλη-

279 1247 520 1311 σιοθέους
555 1248 819 1316 ἀγγέλους
865 1249 1144 1320 ὠνόμασεν
1181 1252 1210 1306 ὁ
1235 1251 1366 1315 Θεὸς
1399 1254 1519 1306 κατ’
1548 1254 1732 1307 εἰκόνα
1756 1254 1850 1308 καὶ

277 1339 401 1393 καθ’
431 1338 689 1408 ὁμοίωσιν
736 1339 936 1407 attat};
972 1340 1080 1396 Καὶ
1112 1341 1222 1412 γάρ
1273 1342 1367 1396 καὶ
1401 1343 1464 1396 τὸ
1500 1343 1721 1414 ἀρχικὸν
1755 1345 1851 1396 καὶ

270 1429 680 1494 ηὲξουσιαστικὸν
707 1430 885 1500 πάσης
914 1431 1016 1501 τῆς
1045 1433 1147 1502 γῆς
1170 1461 1187 1499 ,-
1210 1433 1305 1486 καὶ
1329 1433 1493 1487 αὐτοῦ
1520 1435 1612 1488 τοῦ
1644 1436 1851 1506 ἀνθρώ-

278 1539 380 1575 που
431 1522 582 1576 αὐτοὶ
611 1521 790 1593 έχουσι
816 1563 830 1587 ,
868 1524 1067 1592 μᾶλλον
1104 1524 1162 1577 δὲ
1219 1526 1358 1596 ὑπὲρ
1408 1526 1498 1580 τὸν
1540 1527 1845 1598 ἄνθρωπον.

290 1613 518 1685 Ὁμοίως
543 1615 719 1667 καὶτὸ
745 1613 1041 1686 ἄφθαρτον,
1063 1617 1158 1670 καί⁵
1189 1617 1249 1669 τὸ
1268 1617 1449 1683 ἄῦλον,
1484 1619 1578 1672 καὶ
1600 1619 1661 1671 τὸ
1685 1618 1851 1691 ἀόρα-

276 1722 387 1769 τον,
422 1706 517 1758 καὶ
546 1705 607 1758 τὸ
639 1705 876 1776 καθαρὸν
900 1746 914 1770 ,
948 1706 1042 1760 καὶ
1086 1709 1263 1761 πάντα
1300 1709 1399 1762 ὃσα
1430 1709 1565 1764 ἄλλα
1601 1710 1849 1780 ἐγκώμια

277 1796 405 1865 περὶ
425 1796 519 1850 τοῦ
570 1797 739 1867 Ἀδὰμ
770 1797 944 1861 εἴποις
967 1838 981 1862 ,
1009 1799 1449 1870 ὑπερϐαλλόντως
1475 1802 1611 1854 εἰσὶν
1646 1805 1705 1854 ὲν
1736 1805 1847 1865 τοῖς

276 1892 483 1960 νοεροῖς
506 1890 600 1943 καὶ
631 1890 902 1960 οὐρανίας
931 1889 1038 1944 τῶν
1062 1892 1369 1961 ἀσωμάτων
1410 1897 1609 1964 χοροῖς.
1642 1893 1848 1947 Οὐκοῦν

282 1995 335 2032 τι
367 1978 662 2051 βαθύτερον
692 1982 822 2051 ἡμῖν
866 1980 975 2034 τῶν
1018 1982 1391 2051 προκειμένων
1419 1983 1481 2036 τὸ
1506 1984 1633 2036 κατ’
1647 1983 1851 2037 εἰκόνα

276 2069 370 2121 τοῦ
405 2068 690 2140 ἀνθρώπου
723 2068 1030 2123 αἰνίττεται.
1075 2071 1149 2123 Οὐ
1180 2070 1289 2142 γὰρ
1340 2071 1470 2141 μίαν
1505 2071 1628 2125 τινά
1671 2072 1852 2125 εἰκόνα

278 2160 372 2213 καὶ
397 2161 655 2231 ὁμοίωσιν
694 2161 829 2215 Θεοῦ
872 2164 902 2215 6
942 2161 1226 2233 ἄνθρωπος
1251 2162 1515 2233 κέκτηται
1536 2201 1553 2227 ,
1591 2162 1726 2216 ἀλλὰ
1758 2162 1851 2217 καὶ

272 2249 531 2321 δευτέραν
554 2291 569 2315 ,
595 2253 689 2304 καὶ
717 2253 907 2323 τρίτην
934 2252 1270 2318 ὲξεικονίζων
1295 2252 1483 2325 ὥσπερ
1525 2255 1581 2307 ὲν
1606 2253 1852 2325 ἐσόπτρῳ

276 2342 384 2395 τινὶ
404 2343 497 2395 καὶ
524 2342 862 2414 σκιαγραφίᾳ
878 2345 1104 2413 τυπικῇ,
1130 2343 1191 2395 ού
1222 2343 1563 2415 φυσικῇ,τῆς
1591 2360 1852 2413 τρισυπο-

277 2433 472 2486 στάτου
505 2432 771 2502 Θεότητος
796 2433 857 2487 τὸ
882 2435 1199 2505 μυστήριον
1230 2432 1291 2486 ού
1316 2435 1473 2504 μόνον
1494 2433 1574 2498 δὲ,
1598 2434 1737 2488 ἀλλὰ
1758 2435 1852 2487 καὶ

270 2522 372 2593 τὴν
400 2524 812 2596 ὲνανθρὼπησιν
843 2525 936 2579 τοῦ
966 2526 1084 2589 ἑνὸς
1130 2528 1231 2596 τῆς
1263 2527 1426 2595 ἁγίας
1450 2526 1675 2597 Τριάδος
1714 2526 1851 2579 Θεοῦ

282 2615 455 2685 Λόγου
486 2616 674 2685 σαφῶς
700 2619 1054 2689 προγράφων.
1082 2619 1193 2671 Καὶ
1212 2620 1354 2689 τάχα
1381 2620 1500 2672 κατ’
1527 2618 1713 2671 εἰκόνα
1752 2618 1851 2689 μέν

272 2710 390 2763 ἐστι
415 2709 595 2779 γυμνὴ
623 2711 657 2780 ή
705 2709 851 2779 ψυχὴ
879 2710 980 2779 τῆς
1005 2708 1271 2779 Θεότητος
1289 2748 1305 2773 ,
1352 2708 1473 2763 καθ’
1496 2708 1760 2780 ὁμοίωσιν
1791 2709 1849 2763 δὲ

277 2799 373 2869 τῆς
418 2798 513 2852 τοῦ
548 2799 722 2867 Λόγου
781 2798 1110 2871 σαρκώσεως
1146 2800 1209 2853 τὸ
1246 2800 1497 2855 σύνθετον
1548 2803 1647 2873 τῆς
1694 2802 1849 2874 ἡμῶν

273 2889 451 2959 ψυχῆς
482 2890 577 2943 καὶ
613 2889 709 2943 τοῦ
755 2889 1026 2960 σώματος.
1053 2892 1269 2946 Μᾶλλον
1314 2892 1372 2946 δὲ
1424 2895 1511 2947 ἐπ’
1539 2894 1708 2966 αὐτὴν
1752 2895 1849 2967 τὴν

273 2981 452 3052 ἀρχὴν
480 2980 573 3034 τοῦ
602 2980 761 3050 λόγου
784 2981 1185 3052 άναδράμωμεν
1207 3020 1222 3044 ,
1252 2982 1457 3037 ἐκεῖθεν
1477 2982 1664 3055 ὥσπερ
1692 2984 1757 3038 ἔκ
1779 3001 1851 3037 τι·

276 3089 365 3135 νος
386 3071 690 3143 βαθυτάτης
732 3073 914 3142 πηγῆς
945 3072 1160 3143 πρῶτον
1201 3072 1489 3144 ζητοῦντες
1528 3075 1620 3138 τὸ,
1670 3076 1723 3128 τί
1757 3075 1851 3146 δή-

279 3178 407 3216 ποτε
449 3163 523 3234 μὴ
556 3164 677 3216 καθ’
701 3163 993 3234 ὁμοιότητα
1021 3163 1129 3216 τῶν
1153 3162 1355 3217 λοιπῶν
1384 3164 1615 3233 λογικῶν
1636 3205 1652 3231 ,
1681 3165 1847 3236 ἤγουν

273 3254 385 3308 τῶν
417 3255 759 3327 ἀγγέλων,ῆ
811 3256 972 3310 πάλιν
1024 3258 1144 3311 κατ’
1182 3256 1401 3328 ἰσότητα
1438 3256 1547 3311 τῶν
1594 3257 1851 3329 ἐμψύχων

277 3345 432 3409 ζώων
455 3345 837 3417 ὁμοιοτρόπως
863 3345 961 3409 τὰς
981 3345 1391 3417 προπατορικὰς
1410 3346 1504 3399 καὶ
1524 3347 1852 3417 κορυφαίους

279 3436 435 3507 ἡμῶν
464 3439 492 3490 ὁ
519 3436 652 3499 Θεὸς
696 3436 1019 3500 ὑποστάσεις
1042 3476 1058 3502 ,
1085 3436 1180 3490 τοῦ
1218 3437 1389 3507 ’Δδὰμ
1436 3436 1579 3506 λέγω
1631 3439 1723 3491 καὶ
1751 3438 1853 3508 τῆς

169 3566 183 3575 .
277 3526 452 3591 Εὔας,
479 3526 689 3581 καὶτοῦ
714 3526 1070 3600 προελθόντος
1094 3528 1153 3593 ἐξ
1174 3528 1353 3583 αὐτῶν
1382 3528 1500 3582 υίοῦ
1532 3530 1849 3601 πεποίηκεν;

291 3617 451 3672 Ἀλλὰ
483 3619 577 3673 τὸν
632 3617 734 3689 μὲν
779 3618 950 3690 Ἀδὰμ
985 3620 1239 3682 ἀναιτίως
1274 3620 1369 3673 καὶ
1395 3619 1706 3691 άγεννήτως
1750 3620 1852 3673 ὑπο

272 3709 495 3781 ἐστησε,
519 3710 681 3765 τὸνδὲ
702 3710 952 3782 δεύτερον
979 3711 1145 3766 αὑτοῦ
1161 3712 1443 3783 ἄνθρωπον
1466 3712 1557 3766 τὸν
1590 3711 1705 3766 υἱὸν
1730 3729 1853 3781 γεν-

279 3803 438 3873 νητόν
463 3819 477 3835 ο
510 3804 610 3873 τὴν
638 3804 696 3857 δὲ
725 3802 870 3858 Εὕαν
900 3804 962 3857 οὐ
1004 3804 1307 3875 γεννητῶς,
1341 3805 1462 3859 οὐδὲ
1504 3805 1663 3859 πάλιν
1697 3807 1852 3859 ἀναι-

278 3895 407 3958 τίως
426 3936 441 3961 ,
473 3894 609 3948 ἀλλὰ
632 3893 850 3965 ληπτῶς
872 3933 887 3959 ,
918 3896 1035 3966 ήτοι
1060 3896 1407 3968 ἐκπορευτῶς
1454 3898 1518 3950 ὲκ
1547 3898 1649 3968 τῆς
1670 3897 1853 3962 οὐσίας

276 3983 373 4038 τοῦ
421 3984 663 4039 άναιτίου
700 3984 870 4055 Ἀδὰμ
914 3984 1201 4051 ἐξελθοῦσα
1241 3986 1493 4058 ἀρρήτως
1520 3986 1786 4058 ούσιώσης
1811 3991 1849 4042 ⁶.

279 4076 391 4130 Καὶ
425 4077 620 4147 μήπως
655 4077 765 4147 ἄρα
794 4077 943 4147 τρεῖς
973 4072 1132 4132 αὗται
1151 4077 1261 4132 τῶν
1298 4080 1653 4151 πρωτογόνων
1685 4097 1855 4149 κεφα-

278 4168 369 4221 λαὶ
401 4168 580 4239 πάσης
610 4170 711 4240 τῆς
761 4169 1179 4243 ἀνθρωπότητος
1225 4170 1499 4242 όμοούσιοι
1530 4171 1854 4235 ὑποστάσεις

279 4261 399 4315 κατ’
427 4262 609 4315 εἰκόνα
641 4261 765 4316 τινὰ
788 4304 803 4329 ,
832 4262 909 4327 ὡς
940 4263 1185 4334 Μεθοδίῳ
1210 4264 1387 4328 δοκεῖ,
1423 4264 1666 4328 τυπικῶς
1698 4264 1855 4333 γεγό-

277 4368 405 4406 νασι
461 4353 560 4423 τῆς
618 4353 779 4422 ἁγίας
825 4354 921 4407 καὶ
968 4354 1250 4425 ὁμοουσίου
1296 4355 1554 4426 Τριάδος;
1606 4355 1700 4408 τοῦ
1756 4355 1854 4426 μὲν

276 4445 521 4498 ἀναιτίου
577 4445 672 4498 καὶ
733 4446 1029 4518 ἀγεννήτου
1088 4447 1260 4517 ’Δδὰμ
1310 4446 1480 4500 τύπον
1529 4448 1623 4501 καὶ
1671 4448 1854 4502 εἰκόνα

276 4530 496 4600 ἔχοντος
524 4532 617 4586 τοῦ
670 4532 911 4587 άναιτίου
960 4535 1054 4588 καὶ
1094 4536 1313 4590 πάντων
1350 4536 1521 4591 αἰτίου
1550 4540 1855 4609 παντοκρά-

2015 890 2147 945 Post
2172 902 2366 943 omnes
2407 892 2590 941 autem
2638 891 2897 954 tanquam
2936 882 3185 938 abortivo
3219 882 3397 937 visum
3426 890 3512 938 est

1944 990 2001 1039 et
2027 982 2156 1037 mihi
2185 979 2255 1036 de
2283 980 2387 1035 hac
2417 993 2479 1034 re
2505 976 2772 1032 nonnulla
2798 975 2964 1031 verba
2993 973 3197 1039 facere,
3221 983 3383 1043 atque
3408 973 3513 1027 im-

1946 1073 2140 1147 primis
2168 1072 2297 1128 illud
2324 1084 2569 1140 quaerere
2605 1082 2784 1138 operae
2824 1066 3056 1137 pretium
3088 1080 3210 1122 esse
3235 1104 3249 1129 ,
3278 1080 3511 1135 quanam

1948 1164 2166 1221 tandem
2198 1176 2365 1218 causa
2396 1160 2507 1216 non
2535 1158 2813 1230 spiritales
2841 1158 3023 1228 potius
3044 1166 3099 1213 et
3121 1158 3191 1214 ab
3216 1157 3364 1213 omni
3395 1171 3511 1211 ma-

1951 1257 2098 1313 teriae
2144 1252 2492 1309 concretione
2544 1250 2819 1319 sejunctos
2858 1264 2923 1303 ac
2968 1249 3219 1305 caelestes
3244 1286 3259 1312 ,
3301 1246 3517 1317 Deoque

1954 1347 2228 1417 proximos
2278 1344 2498 1414 angelos
2531 1338 2817 1411 appellarit
2852 1330 2996 1394 Deus
3025 1337 3094 1391 ad
3142 1337 3432 1407 imaginem
3464 1347 3517 1390 ct

1950 1437 2364 1495 similitudinem
2414 1449 2569 1490 suam
2598 1438 2835 1488 creatos.
2889 1429 3095 1485 Etenim
3146 1427 3511 1499 principatum

1950 1540 2113 1601 atque
2139 1528 2424 1599 imperium
2462 1527 2517 1580 in
2552 1532 2753 1579 terram
2786 1523 3094 1577 universam
3131 1529 3295 1591 atque
3328 1520 3384 1574 in
3414 1519 3511 1573 bo-

1952 1624 2151 1677 minem
2177 1622 2352 1691 ipsum
2382 1617 2630 1673 obtinent
2653 1615 2751 1678 illi,
2778 1615 2888 1670 imo
2910 1613 3070 1669 etiam
3092 1612 3324 1682 amplius
3350 1623 3512 1679 quam

1952 1714 2135 1767 homo.
2185 1710 2309 1765 Pari
2356 1709 2571 1764 ratione
2608 1704 2972 1762 immortalem
3011 1718 3171 1767 esse,
3215 1716 3245 1755 a
3290 1700 3514 1755 materia

1953 1813 2315 1874 segregatum,
2372 1797 2703 1855 invisibilem
2743 1805 2799 1852 et
2837 1810 3035 1867 purum
3059 1836 3073 1861 ,
3113 1804 3275 1863 atque
3307 1791 3513 1855 omnia,

1949 1911 2071 1965 quae
2098 1896 2166 1950 de
2208 1894 2417 1949 Adamo
2454 1892 2659 1947 dixeris
2685 1932 2699 1956 ,
2746 1888 3097 1945 excellentius
3139 1887 3326 1941 insunt
3355 1886 3515 1955 spiri-

1948 1983 2190 2038 tualibus
2212 1988 2266 2037 et
2287 1981 2605 2037 caelestibus
2632 1980 3076 2047 incorporearum
3101 1977 3358 2030 mentium
3384 1974 3517 2029 cho-

1949 2075 2045 2129 ris.
2078 2072 2366 2143 Quidpiam
2399 2072 2563 2142 igitur
2589 2068 2912 2141 profundius
2939 2066 3117 2125 nobis.
3149 2081 3310 2135 quam
3344 2065 3514 2133 prima

1951 2167 2129 2221 fronte
2155 2171 2378 2235 pateat,
2416 2163 2549 2218 illud
2581 2162 2650 2217 ad
2692 2161 3010 2230 imaginem,
3043 2158 3187 2229 quod
3219 2166 3302 2213 est
3332 2158 3385 2210 in
3415 2157 3513 2209 lio-

1951 2258 2127 2321 mine,
2162 2256 2397 2311 obscure
2426 2252 2653 2309 indicat.
2683 2251 2802 2307 Non
2855 2251 2999 2305 enim
3035 2264 3197 2302 uuam
3225 2246 3513 2316 quiatndam

1952 2348 2241 2419 imaginem
2265 2361 2330 2400 ac
2348 2344 2760 2401 similitudinem
2786 2342 2879 2397 Dei
2903 2342 3147 2412 possidet
3168 2341 3220 2394 in
3252 2355 3309 2393 se
3331 2340 3514 2399 homo.

1949 2437 2045 2494 sed
2073 2446 2129 2492 et
2155 2436 2451 2492 secundam
2478 2475 2494 2499 ,
2527 2442 2583 2490 et
2612 2434 2825 2490 tertiam
2848 2473 2865 2497 ,
2907 2442 3166 2501 tanquam
3210 2430 3265 2484 in
3300 2430 3518 2499 speculo

1950 2529 2184 2597 quodam
2212 2537 2270 2582 et
2292 2528 2613 2581 adumbrata
2644 2524 2816 2596 elligie
2844 2525 3029 2580 ﬁclitia
3063 2532 3117 2578 et
3150 2526 3327 2593 typica
3352 2560 3366 2586 ,
3406 2536 3513 2575 non

1949 2621 2194 2692 physica,
2224 2619 2552 2682 Divinitatis,
2579 2618 2764 2687 inqua
2793 2626 2921 2671 sunt
2944 2625 3057 2671 tres
3088 2629 3364 2685 personae,
3396 2628 3515 2684 my—

1950 2713 2173 2768 sterium
2192 2712 2525 2781 exprimens;
2548 2725 2721 2779 neque
2741 2724 2868 2763 vero
2888 2708 2941 2763 ld
2958 2708 3155 2771 solum,
3171 2707 3262 2761 sed
3285 2714 3340 2761 et
3354 2707 3516 2760 unius

1944 2818 2015 2857 ex
2053 2809 2243 2857 sancta
2281 2800 2550 2854 Trinitate
2580 2798 2671 2853 Dei
2706 2798 2869 2853 Verbi
2903 2797 3335 2851 incarnationem
3379 2809 3516 2864 prae-

1948 2895 2184 2950 nuntiat.
2212 2895 2290 2947 Ac
2319 2895 2553 2949 fortasse
2584 2892 2651 2947 ad
2685 2893 2975 2963 imaginem
3008 2891 3228 2961 quidem
3269 2898 3354 2945 est
3381 2888 3520 2943 Divi-

1948 2985 2139 3040 nitatis
2166 2984 2312 3040 nuda
2347 2985 2552 3048 anima,
2584 2984 2650 3039 ad
2674 2984 3091 3038 similitudinem
3122 2990 3304 3037 autem
3341 2981 3523 3035 incar-

1949 3076 2189 3131 nationis
2240 3074 2403 3130 Verbi
2454 3076 2601 3131 istud
2660 3076 2855 3130 anima:
2912 3082 3114 3131 nostra:
3170 3074 3523 3143 corporisque

1953 3166 2339 3236 compositum.
2366 3165 2564 3221 Verum
2598 3165 2663 3219 ad
2694 3165 2871 3234 ipsum
2907 3164 3170 3219 orationis
3199 3163 3520 3233 principium

1952 3273 2339 3321 recurramus,
2400 3264 2567 3327 atque
2640 3256 2767 3311 inde
2826 3264 3087 3325 tanquam
3137 3269 3204 3309 ex
3256 3254 3524 3310 altissimo

1950 3349 2188 3420 quodam
2237 3348 2421 3411 fonte,
2485 3349 2717 3419 primum
2763 3348 3117 3414 deducamus,
3169 3348 3301 3418 quid
3343 3364 3523 3402 causa:

1950 3441 2025 3497 sit
2045 3481 2061 3508 ,
2093 3456 2194 3496 cur
2223 3456 2333 3496 non
2364 3440 2432 3495 ad
2470 3440 2883 3495 similitudinem
2926 3447 3247 3494 cmterorum
3286 3439 3522 3493 rationa~

1951 3534 2108 3601 lium,
2142 3534 2401 3591 nimirum
2432 3532 2768 3603 angelorum,
2800 3540 2895 3585 aut
2917 3547 3110 3586 rursus
3139 3530 3254 3601 pari
3280 3530 3521 3595 ratione,

1953 3640 2062 3696 qua
2111 3625 2368 3695 praeditas
2420 3639 2585 3678 sensu
2639 3623 2987 3685 animantes,
3026 3622 3325 3691 eodemque
3365 3622 3524 3674 modo

1953 3715 2196 3780 aﬂ‘ectas,
2228 3715 2504 3784 principes
2538 3714 2753 3784 generis
2786 3712 2959 3767 nostri
2995 3726 3059 3764 ac
3091 3711 3381 3781 primarias
3411 3727 3528 3780 per-

1952 3821 2139 3870 sonas,
2173 3806 2364 3861 Adami
2396 3807 2617 3875 inquam
2651 3814 2705 3860 et
2736 3803 2879 3867 Evze,
2914 3804 3117 3875 ﬁliique
3142 3820 3206 3859 ex
3236 3804 3371 3873 ipsis
3408 3820 3526 3873 pro-

1953 3898 2124 3953 creati
2155 3897 2211 3951 in
2242 3897 2417 3951 lucem
2443 3896 2716 3951 ediderit?
2747 3895 2842 3951 sed
2871 3895 3136 3948 Adamum
3155 3894 3376 3963 quidem
3407 3893 3525 3949 sine

1954 4004 2123 4045 causa
2175 3998 2231 4045 et
2262 3989 2620 4059 generatione
2664 3987 3016 4051 condiderit,
3061 3985 3362 4041 secundum
3397 4002 3526 4040 vero

1954 4082 2023 4136 ab
2064 4080 2185 4151 ipso
2232 4079 2510 4135 hominem
2559 4079 2731 4134 ﬁlium
2766 4094 2862 4149 per
2906 4078 3365 4151 generationem;
3414 4077 3524 4133 Eva

1955 4180 2135 4227 autem
2185 4185 2295 4226 non
2333 4186 2431 4241 per
2469 4171 2871 4241 generationem
2898 4209 2915 4234 ,
2963 4186 3136 4241 neque
3175 4187 3369 4227 rursus
3406 4173 3525 4227 sine

1955 4277 2124 4317 causa
2148 4261 2233 4317 vel
2260 4261 2532 4331 principio
2556 4300 2573 4327 ,
2600 4262 2695 4316 sed
2728 4276 2824 4330 per
2870 4260 3234 4330 sumptionem
3260 4262 3376 4316 sive
3400 4276 3524 4331 pro-

1954 4355 2257 4410 cessionem
2287 4370 2355 4409 ex
2376 4354 2682 4409 substantia
2706 4354 2899 4408 Adami
2923 4368 3090 4410 causa
3120 4353 3361 4409 carentis
3381 4354 3525 4409 inel-

1956 4447 2103 4502 fabili
2127 4447 2339 4502 ratione
2368 4461 2653 4516 progressa
2676 4454 2925 4500 naturam
2952 4444 3261 4516 acceperit?
3290 4444 3371 4498 An
3395 4460 3524 4499 vero

1957 4538 2117 4592 etiam
2150 4536 2267 4591 haec
2310 4536 2415 4590 tria
2457 4536 2757 4605 primorum
2808 4542 3095 4604 parentum
3139 4535 3317 4604 capita
3354 4535 3524 4589 totius

276 4639 437 4693 τορος
468 4623 603 4678 Θεοῦ
636 4625 731 4678 καὶ
758 4626 968 4698 Πατρός
992 4641 1008 4657 ’
1033 4627 1125 4681 τοῦ
1155 4628 1212 4681 δὲ
1244 4626 1503 4700 γεννητοῦ
1551 4629 1669 4683 υἰοῦ
1690 4607 1852 4685 αὐτοῦ

1959 4630 2210 4684 humana:
2241 4636 2471 4693 naturae,
2499 4643 2745 4698 persona;
2767 4626 3260 4682 consubstantiales
3293 4626 3360 4681 ad
3386 4626 3524 4680 ima-

276 4714 468 4770 εἰκόνα
514 4718 1014 4790 προδιαγράφοντος
1041 4720 1135 4773 τοῦ
1168 4720 1427 4792 γεννητοῦ
1463 4722 1592 4775 Υἱοῦ
1627 4723 1723 4777 καὶ
1752 4725 1850 4778 Λό-

291 4821 380 4873 γου
426 4806 520 4859 τοῦ
553 4808 688 4861 Θεοῦ
709 4822 725 4839 ⁸
758 4812 856 4881 τῆς
881 4810 1295 4884 δὲ-ὲκπορευτῆς
1322 4811 1464 4878 Εὔας
1490 4816 1856 4888 σημαινούσης

279 4896 381 4967 τὴν
435 4897 529 4951 τοῦ
588 4898 741 4966 ἁγίου
791 4899 1106 4972 Πνεύματος
1150 4904 1483 4976 ἐκπορευτὴν
1515 4906 1851 4972 ὑπόστασινς

278 4987 377 5041 Διὸ
401 4988 523 5043 οὐδὲ
553 4989 883 5061 ἐνεφύσησεν
911 4993 1048 5063 αὐτῇ
1079 4995 1108 5046 6
1135 4993 1267 5059 Θεὸς
1286 4995 1452 5066 πνοὴν
1479 4996 1653 5067 ζωῆς,
1674 4998 1762 5052 διὰ
1793 4999 1856 5053 τὸ

278 5078 452 5133 τύπον
497 5080 667 5152 αὐτὴν
703 5079 845 5137 εἴναι
871 5083 971 5154 τῆς
1001 5084 1096 5139 τοῦ
1144 5087 1300 5155 ἁγίου
1338 5089 1653 5160 Πνεύματος
1688 5092 1855 5161 πνοῆς

220 5190 229 5211 =
280 5168 378 5223 καὶ
405 5169 579 5240 ζωῆς,
610 5170 704 5223 καὶ
729 5169 816 5225 διὰ
855 5172 914 5225 τὸ
946 5173 1160 5244 μέλλειν
1204 5174 1375 5245 αὐτὴν
1417 5175 1484 5229 δι’
1509 5176 1662 5245 ἁγίου
1688 5177 1858 5230 Ilvati-

286 5275 457 5329 ματος
505 5259 751 5325 δέξεσθαι
781 5261 913 5317 Θεὸν
947 5263 1038 5317 τὸν
1069 5264 1236 5328 ὅντως
1268 5265 1397 5319 όντα
1435 5267 1651 5321 πάντων
1689 5267 1857 5338 πνοὴν

283 5349 382 5402 καὶ
401 5350 566 5420 ζωήν.
613 5351 775 5406 Ὅθεν
805 5351 951 5406 ἐστιν
988 5353 1188 5408 ἰδέσθαι
1233 5356 1328 5409 καὶ
1377 5356 1653 5426 θαυμάσαι
1694 5358 1776 5410 ὅτι
1827 5357 1857 5409 6

289 5441 390 5510 μὲν
411 5441 704 5513 άγέννητος
746 5445 938 5516 Ἀδάμ.
973 5446 1129 5501 ἄλλον
1163 5447 1510 5519 ἀγέννητονῆ
1544 5450 1778 5503 ἀναίτιον
1801 5451 1857 5503 ὲν

285 5529 593 5602 ἀνθρώποις
612 5535 712 5588 οὐκ
744 5535 903 5607 ἔσχεν
925 5537 1128 5607 ὅμοιον,
1146 5537 1333 5610 ὥσπερ
1354 5539 1473 5592 οὐδὲ
1496 5542 1528 5609 ἡ
1556 5540 1858 5611 ὲκπορευτὴ

289 5623 405 5677 Εὕα
428 5662 446 5687 ,
482 5624 559 5687 ὡς
595 5626 756 5681 τύποι
799 5630 1017 5701 ἀληθεῖς
1055 5631 1388 5702 ὑπάρχοντες
1426 5632 1518 5686 τοῦ
1565 5634 1858 5704 ἁγεννήτου

292 5714 505 5786 Πατρὸς
530 5716 624 5769 καὶ
659 5716 753 5769 τοῦ
780 5720 934 5787 ἁγίου
962 5721 1292 5793 Πνεῦματος
1321 5724 1350 5775 6
1388 5724 1443 5777 δὲ
1477 5723 1727 5793 γεννητὸς
1747 5724 1859 5787 υίὸς

294 5806 502 5873 πάντας
526 5807 839 5880 ἀνθρώπους
857 5852 870 5879 ,
898 5817 1185 5887 γεννητοὺς
1215 5817 1359 5880 υἱοὺς
1385 5815 1568 5882 ὄντας,
1602 5816 1860 5887 ἀδελφοὺς

1955 4723 2133 4790 ginem
2160 4719 2478 4791 quamdam,
2507 4730 2567 4774 ut
2589 4718 2865 4774 Methodio
2895 4719 3072 4773 visum
3098 4726 3182 4773 est
3207 4757 3222 4780 ,
3249 4726 3452 4773 sancta:
3472 4730 3525 4772 et

1955 4813 2442 4869 consubstantialis
2485 4810 2773 4865 Trinitatis
2802 4811 3025 4880 ﬁgurate
3055 4820 3183 4864 sunt
3218 4810 3407 4865 factas?
3442 4811 3523 4865 sic

1957 4910 2016 4956 ut
2039 4902 2281 4957 Adamus
2310 4900 2552 4971 quidem,
2586 4899 2677 4970 qui
2707 4900 2825 4954 sine
2854 4913 3023 4954 causa
3052 4906 3105 4953 et
3133 4899 3521 4969 ingenitusest,

1956 4994 2181 5064 ﬁguram
2228 5000 2282 5047 et
2334 4991 2624 5062 imaginem
2672 4998 2824 5060 gerat
2856 4990 3020 5060 ejus,
3074 4990 3169 5062 qui
3216 5005 3437 5045 causam
3469 4998 3524 5042 ct

1955 5087 2280 5158 principium
2307 5101 2415 5140 non
2448 5085 2629 5149 habet,
2643 5092 2834 5154 estque
2855 5085 3097 5139 omnium
3128 5098 3315 5147 causa,
3343 5082 3524 5137 omni-

1957 5179 2194 5248 potentis
2223 5177 2431 5233 scilicet
2465 5175 2553 5229 Dei
2578 5185 2632 5230 et
2655 5174 2873 5241 Patris;
2911 5174 3053 5229 ﬁlios
3085 5182 3286 5238 autem,
3311 5173 3403 5244 qui
3431 5188 3524 5243 ge-

1957 5271 2105 5324 nitus
2134 5276 2239 5331 est,
2271 5268 2437 5338 geniti
2463 5265 2583 5321 Filii
2622 5281 2686 5320 ac
2716 5266 2806 5321 Dei
2834 5264 2998 5320 Verbi
3020 5265 3311 5320 delinearit
3334 5265 3524 5335 imagi-

1957 5375 2079 5414 nem
2109 5367 2162 5413 et
2186 5357 2553 5421 adumbrarit;
2582 5356 2690 5411 Eva
2710 5356 2951 5418 demum,
2972 5370 3097 5425 qua:
3121 5355 3176 5409 in
3208 5356 3381 5412 lucem
3405 5371 3522 5426 pro-

1956 5447 2198 5505 cedendo
2224 5449 2295 5505 sit
2322 5447 2485 5511 edita,
2521 5447 2757 5517 Spiritus
2786 5446 2960 5499 sancti
2988 5459 3278 5515 personam
3305 5459 3373 5500 ex
3396 5461 3522 5515 pro-

1958 5543 2206 5597 cessione
2234 5550 2409 5596 ortam
2436 5538 2779 5609 designarit?
2802 5536 3163 5603 Quamobrem
3196 5552 3371 5607 neque
3400 5540 3521 5592 vita:

1958 5634 2145 5687 llatum
2171 5634 2224 5687 in
2257 5649 2376 5689 eam
2407 5633 2546 5688 Deus
2572 5629 2882 5693 insuﬂlavit,
2905 5629 3051 5700 quod
3079 5630 3255 5685 sancti
3285 5630 3521 5700 Spiritus

1959 5723 2119 5779 ﬁatus
2152 5724 2381 5792 vitasque
2418 5721 2585 5790 ﬁgura
2614 5728 2762 5775 esset
2800 5719 2917 5789 ipsa
2944 5762 2958 5782 ,
2990 5718 3246 5790 quodque
3272 5734 3367 5789 per
3401 5716 3521 5790 Spi-

1962 5817 2125 5871 ritum
2150 5822 2399 5871 sanctum
2422 5813 2612 5877 Deum,
2644 5811 2738 5883 qui
2768 5812 3011 5866 oumium
3040 5826 3163 5867 vere
3195 5810 3418 5882 spiritus
3440 5819 3522 5865 cst
