4018 6542
461 369 632 457 ἰδδι’

1923 401 2146 460 ᾹΡΡΕΝ
2155 403 2287 458 DlX.

3566 403 3590 456 Ι
3601 401 3709 454 533

465 519 524 566 et
555 515 664 567 vita
683 553 698 577 ,
724 527 870 569 esset
903 522 1220 584 exceptura.
1247 511 1402 568 Unde
1446 515 1647 569 intueri
1674 513 1801 570 licet
1837 530 1900 570 ac
1929 516 2032 571 mi-

2134 519 2351 589 όμοίους
2380 511 2534 590 ἔσχεν
2553 536 2568 552 ο
2595 519 2670 582 ὡς
2699 519 2817 572 κατ’
2853 520 3033 572 εἰκόνα
3055 519 3148 572 καὶ
3179 518 3432 589 ὁμοίωσιν
3461 516 3707 587 τυπικὴν

468 602 580 656 rari
625 604 769 672 quod
813 603 984 658 Adam
1026 604 1284 673 quidem,
1319 605 1413 675 qui
1468 607 1684 675 genitus
1728 621 1836 660 non
1881 616 2033 672 erat,

476 698 646 750 alium
678 698 818 750 inter
849 697 1099 751 homines
1129 697 1360 751 similem
1389 712 1499 750 non
1526 697 1798 761 habuerit,
1827 697 1919 766 qui
1953 698 2036 751 in-

469 789 683 857 genitus
718 796 896 849 esset,
939 796 1032 841 aut
1076 789 1194 842 sine
1235 788 1508 858 principio
1550 805 1564 840 :
1609 795 1668 841 ut
1707 803 1884 858 neque
1927 787 2034 842 Eva

468 895 589 947 quae
611 894 677 932 ex
701 879 1045 946 processionc
1072 887 1190 932 orla
1228 888 1378 942 erat,
1411 886 1596 949 utpote
1621 877 1714 946 qui
1741 893 1878 931 vers:
1905 877 2037 948 ligu-

468 984 543 1022 ηε
579 967 753 1020 Patris
783 968 1004 1038 ingeniti
1041 978 1094 1022 et
1131 967 1367 1038 Spiritus
1419 970 1592 1023 sancti
1627 977 1810 1023 essent
1843 987 1858 1023 :
1888 969 2036 1023 ﬁlius

475 1066 658 1112 autem
686 1059 778 1126 qui
808 1060 1024 1129 genitus
1051 1068 1191 1124 erat,
1216 1075 1406 1115 omnes
1435 1060 1683 1114 homines
1706 1099 1721 1124 ,
1748 1061 1838 1130 qui
1869 1061 2033 1130 geniti

470 1150 567 1204 lilii
619 1161 795 1216 erant,
823 1141 1028 1206 similes
1060 1151 1255 1206 fratres
1277 1151 1546 1217 habuerit;
1583 1152 1762 1221 utqui
1797 1153 1861 1206 ad
1897 1153 2034 1206 lma-

467 1242 645 1311 ginem
675 1252 727 1295 et
747 1242 1158 1296 similitudinem
1196 1242 1433 1311 typicam
1460 1252 1603 1296 esset
1630 1241 1833 1296 Christi
1863 1246 2040 1314 geniti

468 1334 613 1397 Filii,
641 1334 733 1402 qui
762 1332 938 1388 factus
967 1343 1052 1387 est
1087 1334 1247 1386 homo
1271 1333 1658 1402 primogenitus
1685 1333 1803 1388 sine
1829 1336 2036 1390 semine

467 1424 522 1476 in
553 1425 740 1479 multis
788 1425 1055 1478 tratribus
1097 1427 1165 1476 '°.
1203 1421 1357 1488 Quod
1385 1423 1428 1476 si
1463 1423 1537 1476 ita
1567 1437 1675 1476 non
1717 1425 1822 1484 sit,
1856 1440 2034 1495 neque

468 1514 570 1567 hac
592 1514 800 1568 ratione
819 1515 1016 1584 exponi
1040 1521 1287 1582 oporteat
1312 1513 1443 1567 illud
1471 1513 1539 1565 ad
1576 1515 1878 1584 imaginem,
1911 1532 2030 1579 cur,

467 1619 678 1673 quasso,
702 1620 810 1658 non
842 1612 1096 1674 quatuor,
1128 1613 1222 1658 aut
1260 1603 1381 1658 duae
1404 1611 1497 1658 aut
1527 1605 1710 1674 plures
1741 1615 1875 1661 orta:
1905 1617 2034 1662 sunt

466 1696 769 1766 primorum
799 1705 1082 1765 parentum
1113 1710 1360 1764 persona:
1385 1735 1400 1760 ,
1433 1710 1554 1765 qua:
1593 1697 1834 1752 variatas
1869 1699 2034 1754 habe-

464 1795 588 1841 rent
625 1803 754 1843 suas
789 1787 1156 1857 hypostaticas
1199 1787 1582 1856 proprietates,
1616 1788 1914 1857 ingenitum
1946 1792 2032 1845 in-

465 1893 628 1949 quam
659 1893 815 1940 esse,
851 1879 1090 1948 genitum
1136 1893 1258 1934 esse
1279 1920 1293 1942 ,
1337 1887 1392 1933 et
1423 1894 1490 1933 ex
1529 1881 1878 1948 processione
1908 1899 2031 1952 pro-

465 1970 654 2031 diisse,
695 1968 787 2023 sed
818 1976 929 2022 tres
962 1975 1016 2022 et
1061 1968 1141 2021 lue
1180 1969 1351 2022 solae?
1375 1966 1552 2024 Habes
1587 1969 1755 2038 igitur
1785 1969 1853 2023 ad
1893 1971 2032 2025 ima-

462 2062 642 2132 ginem
669 2069 722 2114 et
749 2059 1159 2114 similitudinem
1187 2061 1421 2130 typicam
1474 2061 1782 2114 trinitatem
1819 2062 1874 2116 in
1908 2065 2031 2118 uni-

462 2161 576 2208 tate
602 2153 656 2206 in
691 2153 868 2207 tribus
890 2152 1178 2221 personis;
1215 2153 1463 2222 sequitur
1488 2153 1749 2224 deinceps
1779 2164 1840 2210 ut
1874 2158 2033 2212 intel-

463 2245 604 2315 ligas
653 2245 818 2300 etiam
852 2245 906 2298 in
955 2245 1202 2300 trinitate
1230 2245 1514 2299 unitatem.
1561 2244 1679 2311 Quo
1713 2265 1842 2304 vero
1871 2259 2032 2320 pacto

469 2336 528 2392 id
573 2337 776 2406 optime
811 2337 1182 2390 internoscere
1209 2336 1389 2406 possis
1413 2375 1426 2398 ,
1466 2338 1592 2390 audi
1628 2354 1692 2393 ex
1739 2342 1972 2409 quodam
2001 2357 2032 2398 e

468 2424 815 2493 sapientibus
839 2463 854 2488 ,
881 2423 976 2492 qui
1005 2432 1058 2478 te
1091 2423 1434 2487 adhortatur,
1480 2426 1662 2495 itaque
1693 2427 1987 2496 alloquitur
2015 2446 2031 2482 :

465 2514 524 2569 Si
560 2513 729 2568 Deum
771 2514 852 2570 vis
887 2529 1083 2580 nosse,
1118 2515 1271 2584 prius
1319 2517 1553 2584 teipsum
1595 2533 1799 2584 nosce;
1829 2533 1894 2573 ex
1938 2527 2032 2572 tua

462 2606 875 2668 constitutione,
906 2619 973 2659 ex
1009 2613 1102 2659 tua
1127 2614 1426 2669 structura,
1461 2607 1677 2676 inquit,
1709 2624 1775 2662 ex
1816 2608 1884 2663 iis
1912 2624 2035 2679 quae

465 2692 610 2746 intra
639 2695 874 2761 tcipsum
909 2699 1069 2757 sunt,
1099 2709 1223 2748 eum
1256 2708 1540 2763 agnosces.
1581 2696 1866 2765 Ingredere
1896 2698 2036 2753 inte-

464 2782 581 2835 rius
616 2780 671 2833 in
715 2783 984 2850 teipsum,
1018 2782 1231 2851 respice
1261 2791 1518 2853 tanquam
1552 2785 1604 2838 in
1638 2787 1862 2854 speculo
1896 2803 2034 2857 quo-

462 2871 589 2926 dam
635 2872 689 2926 in
724 2873 906 2926 anima
932 2880 1024 2926 tua
1049 2911 1065 2936 ,
1102 2873 1355 2929 discerne
1383 2874 1503 2942 ejus
1539 2876 1904 2932 conditionem
1932 2920 1946 2944 ,
1979 2887 2035 2934 et

464 2964 700 3033 teipsum
731 2963 799 3017 ad
843 2964 1134 3035 imaginem
1169 2972 1224 3020 et
1251 2965 1662 3021 similitudinem
1691 2966 1787 3023 Dei
1830 2968 2032 3024 factum

460 3055 691 3111 videbis.
717 3055 946 3111 Nomine
965 3073 1159 3111 carens
1179 3066 1234 3111 et
1251 3058 1433 3128 ignota
1455 3059 1717 3128 spiritalis
1735 3068 1789 3114 et
1807 3060 2033 3114 immor-

465 3147 593 3202 talis
619 3148 815 3202 animae
843 3155 951 3202 tuae
971 3148 1276 3203 substantia
1311 3149 1376 3202 ad
1395 3151 1680 3220 imaginem
1710 3159 1764 3204 et
1786 3151 2036 3205 similitu-

437 3236 642 3300 ,dinem
667 3239 903 3308 typicam
936 3241 1157 3294 nomine
1185 3241 1422 3295 carentis
1465 3249 1520 3296 et
1555 3242 1817 3311 incogniti
1866 3250 2029 3311 atque

462 3327 788 3384 immortalis
819 3327 911 3384 Dei
935 3337 1020 3386 est
1053 3329 1297 3385 condita.
1328 3329 1462 3385 Nam
1493 3346 1668 3401 neque
1693 3331 1820 3398 Dei,
1851 3348 2028 3402 neque

2137 610 2395 680 ὑπάρχων
2431 610 2665 680 Χριστοῦ
2698 609 2789 662 τοῦ
2820 610 3073 681 γεννητοῦ
3102 609 3255 672 Υἱοῦ,
3284 611 3342 672 ὃς
3371 610 3586 677 ἐγένετο
3614 610 3710 662 άν-

2137 697 2350 769 θρωπος
2373 698 2712 768 πρωτότοκος
2734 698 2861 750 ἄνευ
2892 700 3098 768 σπορᾶς
3117 700 3173 751 ὲν
3198 698 3407 760 πολλοῖς
3432 697 3704 765 ἀδελφοῖς.

2136 790 2272 842 mea
2308 789 2381 861 μὴ
2407 789 2566 853 οὑτω,
2603 792 2736 861 μηδὲ
2760 789 2898 844 κατὰ
2939 791 3099 842 τοῦτο
3123 791 3184 843 τὸ
3217 794 3346 843 κατ’
3383 790 3614 853 εἰκόνα,
3651 788 3709 840 τί

2133 883 2331 952 δήποτε
2368 881 2440 953 μὴ
2470 883 2734 954 τέσσαρες
2757 925 2772 948 ,
2803 885 2836 954 ἢ
2890 884 2984 937 δύο
3021 883 3055 952 ἢ
3095 882 3334 945 πλείονες
3377 881 3707 943 ὑποστάσεις

2134 973 2241 1025 τῶν
2273 974 2632 1044 προπατόρων
2685 975 2939 1042 γεγόνασι
2990 973 3445 1044 παρηλλαγμένας
3483 972 3704 1043 ἔχουσαι

2133 1063 2231 1126 τάς
2259 1063 2621 1126 ὑποστατικὰς
2648 1063 2825 1117 αὐτῶν
2847 1063 3112 1132 ἰδιότητας
3136 1080 3153 1131 ;
3203 1062 3344 1130 λέγω
3370 1061 3432 1133 δὴ
3464 1061 3526 1114 τὸ
3551 1061 3710 1128 ἀγέν-

2132 1155 2292 1225 νητον
2324 1155 2417 1209 καὶ
2461 1155 2522 1207 τὸ
2565 1155 2820 1225 γεννητὸν
2847 1193 2862 1218 ,
2907 1157 3002 1208 καὶ
3049 1153 3111 1208 τὸ
3154 1154 3480 1225 ὲκπορευτὸν
3503 1193 3518 1217 ,
3567 1153 3706 1205 ἀλλά

2132 1247 2279 1315 τρεῖς
2305 1244 2399 1296 καὶ
2426 1243 2626 1314 μόνας;
2667 1241 2874 1296 Οὐκοῦν
2899 1243 3042 1313 ἔχεις
3075 1246 3194 1296 κατ’
3228 1243 3409 1296 εἰκόνα
3453 1243 3547 1296 καὶ
3580 1242 3704 1294 καθ’

2132 1334 2386 1402 ὁμοίωσιν
2415 1332 2648 1404 τυπικὴν
2691 1333 2883 1404 τριάδα
2919 1335 2976 1385 ὲν
3031 1332 3214 1402 μονάδι
3267 1334 3326 1385 ὲν
3371 1332 3547 1403 τρισὶν
3578 1333 3708 1386 ὑπο-

2135 1426 2385 1479 στάσεσιν
2412 1440 2427 1454 ο
2463 1422 2751 1477 ἀκόλουθόν
2797 1441 2856 1477 σε
2903 1423 3086 1478 λοιπὸν
3126 1423 3315 1493 μαθεῖν
3357 1425 3454 1477 καὶ
3499 1423 3706 1493 μονάδα

2132 1517 2192 1569 ὲν
2249 1516 2444 1588 τριάδι.
2479 1516 2602 1578 Πῶς
2639 1516 2696 1568 δὲ
2739 1515 2895 1569 τοῦτο
2926 1515 3106 1579 καλῶς
3159 1515 3448 1584 διαγνῶναι
3475 1516 3702 1587 δυνήσῃ,

2131 1606 2359 1660 ἄκουσόν
2384 1624 2527 1670 τινος
2555 1607 2662 1659 τῶν
2694 1607 2874 1675 σοφῶν
2909 1623 2990 1660 σοι
3017 1607 3408 1680 παραινοῦντος
3428 1649 3443 1672 ,
3489 1608 3588 1660 καὶ
3618 1607 3706 1658 λέο

2131 1713 2350 1765 γοντος·
2385 1698 2448 1750 Εἰ
2499 1697 2677 1768 βούλει
2736 1696 2938 1765 γνῶναι
2967 1696 3100 1749 Θεὸν
3124 1735 3140 1757 ,
3193 1695 3480 1767 προλαϐὼν
3530 1696 3703 1763 γνῶθι

2134 1788 2388 1841 σεαυτόν*
2419 1791 2483 1841 ὲκ
2519 1789 2616 1859 τῆς
2653 1785 2846 1840 σαυτοῦ
2887 1786 3216 1850 συνθέσεως,
3263 1788 3327 1840 ὲκ
3370 1787 3468 1856 τῆς
3501 1787 3701 1839 σαυτοῦ

2067 1859 2107 1913 Β
2133 1878 2476 1949 κατασκευῆς
2502 1917 2516 1940 ,
2551 1878 2714 1948 φησὶν
2742 1919 2756 1941 ,
2811 1877 2876 1930 ὲκ
2917 1876 3025 1929 τῶν
3073 1876 3222 1940 ἐντὸς
3251 1875 3496 1929 σεαυτοῦ.
3521 1877 3702 1929 Eme:

2133 1969 2331 2032 ὑποδὺς
2355 1971 2412 2022 ὲν
2442 1968 2622 2038 σαυτῷ
2645 2007 2660 2032 ,
2691 1967 2972 2036 διάδλεψον
2997 1967 3072 2030 ὼς
3117 1969 3174 2020 ὲν
3214 1967 3462 2038 ἐσόπτρῳ
3488 1966 3598 2019 τινὶ
3644 1970 3704 2018 ὲν

2129 2063 2196 2132 τῇ
2231 2061 2375 2130 ψυχῇ
2405 2058 2629 2122 ἑαυτοῦ,
2656 2057 2927 2126 διάκρινον
2955 2054 3052 2126 τὴν
3089 2054 3292 2126 ταύτης
3331 2054 3700 2124 κατασκευὴν,

2129 2153 2224 2206 καί
2256 2151 2374 2221 ὄψει
2403 2149 2620 2204 σεαυτὸν
2645 2148 2762 2202 κατ’
2795 2147 2978 2200 εἰκόνα
3002 2147 3096 2199 καὶ
3119 2145 3373 2216 ὁμοίωσιν
3399 2145 3533 2200 Θεοῦ
3561 2162 3704 2212 τυγ-

2131 2243 2379 2313 χάνοντα.
2417 2240 2722 2311 Ἀνώνυμός
2770 2257 2862 2293 σου
2895 2239 2989 2292 καὶ
3034 2239 3307 2307 ἄγνωστος
3337 2241 3370 2308 ἡ
3405 2239 3567 2308 νοερὰ
3609 2237 3706 2290 καὶ

2133 2329 2396 2391 ἀθάνατος
2423 2329 2523 2398 τῆς
2563 2328 2739 2398 ψυχῆς
2767 2327 2922 2380 οὑσία
2951 2327 3072 2380 κατ’
3116 2326 3298 2380 εἰκόνα
3323 2326 3556 2398 τυπικὴν
3605 2325 3703 2378 τοῦ

2132 2420 2412 2490 ἀνωνύμου
2452 2421 2546 2473 καὶ
2595 2418 2932 2489 ἁγνωρίστου
2980 2417 3075 2471 καὶ
3111 2417 3374 2471 ἀθανάτω
3403 2417 3539 2470 Θεοῦ
3571 2417 3705 2470 καθ-

2132 2511 2379 2582 έστηκεν.
2421 2509 2558 2564 Οὑτε
2596 2512 2704 2581 γὰρ
2730 2511 2889 2576 Θεοῦ,
2911 2510 3031 2564 οὔτε
3063 2510 3240 2581 ψυχῆς
3264 2508 3486 2578 λογικῆς
3511 2509 3703 2562 οὐσίαν

2132 2603 2273 2671 ἔγνω
2322 2602 2430 2655 τῶν
2476 2601 2536 2666 ἐξ
2586 2601 2780 2664 αἰῶνός
2829 2618 2913 2665 τις
2949 2601 3326 2672 γεγενημένων
3369 2599 3698 2669 ἀνθρώπων.

2134 2691 2399 2756 Ζωοποιδς
2453 2691 2547 2745 καὶ
2597 2693 2888 2762 συστατικὴ
2945 2693 3039 2744 καὶ
3088 2690 3413 2761 προνοητικὴ
3465 2691 3500 2760 ἡ
3551 2688 3700 2757 ψυχὴ

2134 2784 2367 2852 ὑπάρχει
2395 2783 2493 2854 τῆς
2517 2783 2897 2852 τετραστοίχου
2921 2781 3013 2834 τοῦ
3049 2780 3296 2852 σώματος
3318 2779 3552 2848 φύσεως,
3575 2779 3701 2832 κατ’

2133 2876 2314 2929 εἰκόνα
2341 2873 2476 2928 Θεοῦ
2500 2874 2592 2927 τοῦ
2627 2873 2924 2946 προνοητοῦ
2970 2873 3149 2943 πάσης
3171 2873 3573 2944 τετραπεράτου
3606 2872 3703 2924 καὶ

2131 2968 2231 3038 τῆς
2258 2967 2370 3021 ἄνω
2396 2965 2642 3028 κτίσεως.
2677 2964 2876 3035 Διόπερ
2920 2963 3042 3016 οὑτε
3097 2964 3186 3017 τὸν
3217 2963 3311 3017 τοῦ
3345 2963 3479 3016 Θεοῦ
3534 2962 3703 3015 τόπον

2133 3058 2375 3128 ἔγνωμεν
2400 3056 2528 3110 ἔνθα
2557 3059 2834 3118 κατοικεῖ,
2873 3054 3008 3109 ἀλλὰ
3039 3056 3195 3125 μόνον
3221 3053 3546 3123 πιστεύομεν
3569 3090 3584 3112 ,
3616 3052 3702 3104 ὅτι

2135 3149 2309 3216 πάντη
2340 3149 2484 3200 ἐστὶν
2509 3185 2525 3210 ,
2563 3145 2687 3198 οὕτε
2739 3145 2845 3216 μὴν
2885 3145 2976 3198 τὸν
3019 3145 3184 3198 τόπον
3222 3145 3318 3213 τῆς
3351 3143 3529 3211 ψυχῆς
3567 3140 3700 3193 ἔνθα

2061 3203 2103 3260 C
2135 3241 2276 3292 οἰκεῖ
2298 3203 2378 3291 ,ὲν
2414 3203 2663 3308 σώματι,
2699 3203 3065 3306 ἐπιστάμεθα·
3099 3234 3234 3288 ἀλλὰ
3276 3203 3700 3304 οἶδα-μεν

2134 3332 2216 3385 ὅτι
2247 3332 2305 3384 ὲν
2342 3331 2423 3403 τῷ
2451 3331 2610 3383 παντὶ
2646 3327 2855 3400 σώματι
2879 3328 2994 3381 ἐστι
3027 3329 3122 3382 καὶ
3149 3327 3376 3397 ἐνεργεῖ.

462 3420 657 3475 anima:
681 3421 966 3478 rationalis
1003 3425 1368 3482 substantiam
1409 3425 1552 3482 ullus
1587 3426 1866 3482 hominum
1889 3469 1905 3495 ,
1933 3428 2024 3498 qui
2065 3443 2095 3482 a
2126 3427 2324 3483 saeculo
2351 3425 2586 3490 fuerunt,
2619 3439 2858 3495 unquam
2892 3423 3060 3479 novit.
3092 3422 3264 3477 liabet
3317 3420 3461 3476 enim
3523 3417 3702 3474 viviﬁ«

461 3517 619 3572 candi
649 3533 714 3573 ac
751 3519 1120 3574 constituendi
1149 3519 1602 3590 providentiaque
1636 3522 1854 3592 regendi
1891 3524 2138 3592 corporis
2176 3523 2281 3577 vim
2313 3521 2516 3583 anima,
2551 3521 2709 3589 cujus
2774 3526 2969 3573 natura
3043 3535 3111 3572 ex
3180 3523 3416 3588 quatuor
3480 3524 3701 3570 constat

461 3611 768 3674 elementis,
795 3610 863 3664 ad
891 3609 1186 3678 imaginem
1216 3608 1308 3664 Dei
1341 3612 1675 3680 providentis
1699 3627 1764 3668 ac
1785 3614 2035 3682 praesidis
2072 3613 2241 3668 totius
2271 3628 2340 3667 ex
2374 3620 2606 3681 quatuor
2648 3611 2929 3666 elementis
2967 3609 3210 3664 conﬂata:
3237 3649 3253 3672 ,
3337 3616 3391 3663 et
3457 3607 3702 3663 caelestis

442 3701 610 3755 illius
639 3709 922 3756 creaturae.
956 3699 1224 3766 Quocirca
1254 3717 1428 3772 neque
1457 3703 1636 3758 locum
1666 3707 1919 3760 novimus
1954 3706 2008 3759 in
2054 3721 2164 3776 quo
2223 3705 2432 3758 habitat
2481 3703 2624 3758 Deus
2647 3742 2662 3766 ,
2699 3701 2794 3757 sed
2824 3703 3047 3756 omnino
3120 3716 3244 3756 esse
3289 3715 3412 3754 eum
3485 3709 3701 3753 tantum

463 3791 774 3856 credimus;
806 3808 982 3862 neque
1007 3793 1142 3849 adeo
1164 3795 1344 3849 locum
1372 3795 1590 3861 anima},
1630 3798 1684 3852 in
1719 3812 1828 3868 quo
1867 3797 2077 3852 habitat
2115 3799 2170 3852 in
2213 3811 2441 3867 corpore
2468 3834 2483 3861 ,
2549 3795 2755 3850 scimus
2783 3832 2799 3859 ,
2861 3793 2956 3848 sed
3015 3792 3120 3847 hoc
3169 3799 3379 3846 tantum
3442 3790 3700 3846 novimus

463 3898 583 3940 eam
616 3883 670 3937 in
701 3891 814 3938 toto
835 3898 1063 3954 corpore
1081 3899 1203 3940 esse
1230 3891 1285 3940 et
1310 3888 1546 3954 operari.

539 3974 710 4031 Habet
736 3983 791 4030 et
819 3974 967 4030 aliud
995 3976 1273 4046 quidpiam
1310 3979 1490 4032 anima
1527 3987 1639 4046 tua,
1666 3980 1812 4049 quod
1843 3988 1928 4036 est
1960 3980 2028 4034 ad

465 4068 756 4138 imaginem
785 4066 876 4123 Dei
905 4106 922 4132 ,
956 4068 1099 4138 quod
1147 4069 1404 4124 nimirum
1445 4071 1717 4128 diversam
1767 4073 1964 4128 habeat
1998 4087 2029 4126 a

467 4159 692 4229 reliquis
742 4159 998 4215 omnibus
1029 4161 1199 4215 rebus
1245 4163 1447 4218 creatis
1490 4164 1852 4218 substantiam
1886 4183 1899 4217 :
1932 4171 1986 4218 et
2011 4204 2028 4227 ,

2209 3977 2360 4046 Ἔχει
2390 3991 2482 4027 σου
2515 3974 2608 4026 καὶ
2643 3971 2826 4042 ἕτερόν
2857 3987 2910 4023 τι
2943 3970 3059 4024 κατ’
3088 3969 3270 4023 εἰκόνα
3298 3968 3433 4023 Θεοῦ
3463 3971 3498 4040 ἡ
3528 3969 3701 4048 ψυχὴ,

2133 4065 2275 4132 λέγω
2305 4064 2369 4136 δὴ
2409 4064 2470 4117 τὸ
2501 4062 2830 4132 ὲτεροούσιον
2866 4061 3034 4131 αὑτὴν
3061 4057 3200 4114 εἶναι
3232 4062 3411 4132 πάσης
3444 4064 3546 4134 τῆς
3577 4083 3700 4120 κτι-

2138 4157 2267 4228 στῆς
2297 4155 2530 4224 φύσεως.
2577 4154 2651 4207 Τὸ
2680 4153 2736 4206 δὲ
2778 4152 2990 4208 πάντων
3030 4152 3456 4225 παραδοξότερον
3507 4157 3602 4210 τοῦ
3639 4159 3702 4211 ὲν

466 4254 612 4322 quod
654 4252 911 4307 omnibus
934 4292 950 4316 ,
981 4252 1034 4306 in
1069 4253 1267 4322 quibus
1313 4256 1564 4310 consistit
1607 4256 1721 4310 haec
1761 4257 1942 4328 imago
1977 4263 2032 4311 et

2134 4247 2264 4316 ἡμῖν
2289 4247 2406 4299 κατ’
2433 4245 2614 4298 εἰκόνα
2643 4243 2816 4296 ἐκεῖνό
2847 4244 3012 4305 ἐστιν,
3045 4242 3127 4296 ὅτι
3160 4242 3282 4296 οὔτε
3315 4246 3409 4314 τῆς
3437 4245 3532 4298 τοῦ
3563 4247 3698 4300 Θεοῦ

459 4328 804 4408 similitudo,
853 4343 1160 4400 mirabilius
1192 4353 1319 4407 est,
1370 4346 1517 4416 quod
1563 4362 1740 4417 neque
1789 4349 2032 4403 rationes

2136 4335 2415 4407 ὑπάρξεως
2435 4334 2559 4397 τοὺς
2585 4333 2793 4401 λόγους,
2820 4331 2942 4385 οὔτε
2969 4331 3076 4402 μὴν
3101 4331 3200 4401 τὴν
3226 4334 3324 4404 τῆς
3344 4334 3520 4405 ψυχῆς
3543 4337 3700 4407 ἡμῶν

465 4431 800 4488 exsistentiae
842 4432 972 4492 Dei.
1021 4449 1198 4503 neque
1263 4435 1542 4506 quomodo
1599 4438 1795 4492 animae
1838 4448 2032 4492 nostra:

2130 4428 2330 4491 οὑσίαν,
2369 4427 2486 4490 πῶς
2515 4428 2593 4489 εἰς
2627 4425 2859 4498 ὕπαρξιν
2893 4426 3102 4495 πέφυκέ
3130 4443 3191 4480 τε
3219 4427 3314 4480 καὶ
3339 4431 3697 4499 παραγίνεται

467 4525 772 4580 substantia
801 4525 870 4581 ad
908 4527 1284 4583 exsistentiam
1313 4528 1579 4598 producta
1607 4529 1678 4583 sit
1697 4537 1751 4584 et
1780 4529 2023 4599 prodeat,

2132 4517 2464 4589 ἀνθρώπινος
2490 4517 2612 4580 νοῦς
2641 4515 3033 4571 καταλαϐέσθαι
3055 4517 3296 4571 δύναται.
3317 4518 3477 4571 Ὅθεν
3495 4521 3546 4572 oi
3567 4520 3700 4573 ταύο

465 4616 926 4686 comprehendere
944 4635 1099 4675 mens
1130 4621 1369 4674 humana
1397 4621 1592 4690 possit.
1628 4619 1782 4676 Unde
1807 4623 2027 4686 accidit,

2132 4627 2231 4682 την
2265 4608 2588 4662 καταλαϐεῖν
2619 4608 2801 4672 κακῶς
2821 4609 3239 4678 δογματίσαντες
3265 4608 3404 4662 οὕτω
3432 4610 3700 4679 προσέκοο

467 4713 528 4759 ιιι
554 4707 648 4775 qui
679 4721 966 4775 perperam
995 4717 1278 4765 assecutos
1306 4725 1366 4766 se
1394 4725 1513 4764 eam
1539 4725 1664 4765 esse
1691 4710 2031 4776 docuerunt,

2130 4702 2254 4772 ψαν·
2284 4701 2477 4764 οἵτινες
2505 4698 2564 4764 ἐξ
2593 4699 2822 4771 οὐρανοῦ
2848 4699 3116 4769 φάσκουσι
3145 4700 3243 4763 τὰς
3291 4698 3468 4770 ψυχάς
3498 4701 3559 4752 ἐν
3586 4703 3699 4763 τοῖς

467 4794 603 4849 adeo
643 4795 780 4864 lapsi
825 4803 954 4849 sunt
991 4814 1005 4850 ε
1053 4797 1149 4867 qui
1182 4799 1440 4854 nimirum
1469 4814 1501 4854 e
1540 4800 1696 4855 caelis
1737 4801 1948 4857 animas
1977 4801 2032 4855 in

2130 4792 2342 4863 σώμασι
2372 4791 2826 4861 καταπέμπεσθαι
2849 4807 2864 4822 ο
2896 4793 2945 4844 οἰ
2973 4791 3028 4844 δὲ
3060 4793 3156 4844 σὺν
3187 4791 3264 4861 τῷ
3293 4790 3500 4862 σώματί
3531 4809 3698 4860 φασιν

465 4897 699 4953 corpora
725 4884 938 4940 demitti
968 4887 1178 4951 dicunt,
1200 4890 1291 4942 alii
1320 4905 1448 4944 vero
1481 4906 1603 4945 cum
1633 4906 1862 4961 corpore
1888 4892 2032 4962 ipsas

2130 4881 2295 4945 αὑτάς
2325 4883 2403 4945 εἰς
2437 4879 2670 4950 ὓπαρξιν
2699 4879 2949 4950 ἔρχεσθαι
2981 4879 3086 4932 ὑπὸ
3113 4879 3246 4932 Θεοῦ
3265 4881 3695 4952 δημιουργουμέ-

465 4973 729 5045 incipere,
752 4976 1016 5032 exsistere
1039 4993 1071 5033 a
1097 4978 1208 5035 Deo
1235 4989 1449 5036 creatas
1477 4982 1667 5049 aiunt;
1698 4983 1790 5036 alii
1814 4985 2029 5038 demum

467 5064 740 5121 hominem
770 5074 1057 5124 autumant
1077 5109 1092 5129 ,
1119 5071 1265 5141 quod
1293 5072 1360 5127 ad
1395 5073 1684 5142 imaginem
1717 5073 2030 5128 Conditoris

467 5155 542 5208 sit
569 5154 771 5219 factus,
803 5155 1115 5213 facultatem
1140 5160 1375 5214 animam
1404 5163 1699 5232 generandi
1731 5179 1852 5217 cum
1882 5165 2027 5216 coitu

467 5245 708 5314 habere;
743 5247 834 5300 alii
865 5263 934 5303 ex
963 5257 1194 5320 utraque
1226 5259 1378 5319 parte
1402 5255 1570 5309 maris
1596 5263 1650 5309 et
1680 5256 1892 5309 femina
1915 5255 2031 5307 ani-

466 5348 612 5388 mam
671 5339 1027 5404 proseminari
1078 5341 1336 5408 tradunt,
1399 5344 1848 5412 quemadmodum
1906 5360 2029 5399 cum

469 5423 609 5492 lapis
633 5426 832 5495 aliquis
856 5436 911 5482 et
935 5428 1137 5485 ferrum
1164 5432 1354 5488 collisa
1384 5432 1614 5500 fuerint,
1645 5443 1700 5488 et
1733 5434 2031 5489 inﬂamma-

471 5515 619 5570 tione
651 5515 793 5585 ignis
819 5519 1083 5589 gignitur.
1113 5523 1291 5592 Atque
1322 5524 1377 5578 hi
1405 5525 1620 5594 quidem
1665 5526 1854 5580 volunt
1887 5527 2028 5579 intra

470 5607 724 5678 exiguum
748 5613 1126 5682 conceptionis
1159 5617 1408 5687 corporis
1441 5624 1772 5674 momentum
1805 5619 2029 5689 produci

541 5785 588 5823 ⁸⁸
620 5785 757 5845 Rom
809 5804 931 5853 vni,
964 5790 1053 5846 29.

2128 4973 2452 5043 ναςοὲτεροι
2479 4971 2536 5026 δὲ
2566 4971 2656 5024 τὸν
2687 4970 2969 5041 ἄνθρωπον
3001 4969 3244 5038 λέγουσιν
3275 4969 3349 5033 ὡς
3371 4970 3488 5023 κατ’
3512 4971 3697 5023 εἰκόνα

2134 5066 2262 5119 ὄντα
2279 5063 2374 5118 τοῦ
2395 5060 2756 5134 Δημιουργοῦ.
2783 5061 3095 5130 γεννητικὸν
3120 5056 3257 5114 εἶναι
3293 5060 3388 5112 σὺν
3423 5063 3488 5130 τῇ
3522 5063 3697 5130 σπορᾷ

2136 5164 2228 5217 καὶ
2260 5163 2358 5232 τῆς
2384 5161 2579 5231 ψυχῆς·
2623 5159 2770 5214 ἄλλοι
2813 5159 2871 5222 ἐξ
2898 5157 3218 5228 ἀμφοτέρων
3256 5156 3363 5210 τῶν
3395 5155 3576 5226 μερῶν
3602 5155 3694 5208 τοῦ

2135 5251 2360 5322 ἄρρενος
2382 5252 2474 5302 καὶ
2497 5250 2592 5320 τῆς
2619 5249 2806 5318 θήλεός
2828 5265 2959 5318 φασι
2983 5247 3079 5318 τὴν
3095 5246 3268 5316 ψυχὴν
3291 5245 3695 5306 ἀποτίκτεσθαι,

2136 5339 2323 5411 ὥσπερ
2354 5339 2500 5391 λίθου
2526 5338 2668 5400 τινὸς
2691 5338 2783 5390 καὶ
2811 5339 3031 5407 σιδήρου
3062 5334 3567 5406 προσκρουομένων,
3604 5335 3698 5386 καὶ

2136 5434 2201 5503 τῇ
2234 5429 2474 5500 πυρώσει
2499 5431 2558 5481 τὸ
2585 5429 2695 5500 πῦρ
2726 5426 3160 5496 ἀπογεννῶντων.
3189 5426 3296 5479 Καὶ
3331 5427 3379 5478 οἱ
3411 5425 3507 5495 μὲν
3539 5424 3698 5492 φασὶν

2137 5524 2273 5593 αὑτῇ
2306 5524 2373 5593 τῇ
2398 5520 2659 5590 ὰκαριαία
2689 5523 2828 5591 ῥοπῇ
2853 5519 2952 5587 τῆς
2984 5517 3292 5587 συλλήψεως
3321 5509 3416 5570 τοῦ
3453 5515 3699 5584 σώματος

2140 5616 2232 5672 καὶ
2277 5614 2372 5688 τὴν
2409 5613 2583 5685 ψυχὴν
2617 5611 2959 5682 ὑφίστασθαι*
3006 5611 3056 5664 οἰ
3092 5610 3147 5664 δὲ
3181 5613 3244 5682 τῇ
3291 5611 3695 5681 τεσσαρακοστῇ
