3888 6538
244 398 383 454 I523

1251 394 1415 463 QUID
1456 394 1585 460 SIT,
1622 395 1712 449 AD
1752 394 2081 451 IMAGINEM
2113 394 2241 463 DEI,
2293 395 2444 455 ETC.

3316 404 3447 458 1554

241 509 420 583 ἡμέρᾳ
452 513 585 582 μετὰ
624 511 720 582 τὴν
751 509 1007 581 σύλληψιν
1036 510 1289 581 φέροντές
1308 528 1450 579 τινα,
1477 510 1551 574 ὡς
1571 510 1790 574 οἴονται,

1906 511 2127 565 animam
2157 531 2169 567 :
2203 512 2278 566 illi
2304 527 2431 568 vero
2458 510 2874 584 quadragesimo
2900 520 3021 584 post
3046 520 3447 585 conceptionem

212 597 466 675 ξνομικὴν
499 604 623 673 περὶ
650 602 836 655 τούτου
866 600 1141 655 σύστασιν
1173 600 1267 654 καὶ
1290 602 1340 653 οἱ
1389 601 1487 671 μὲν
1517 599 1796 670 ὁμοούσιον

241 696 408 765 αὐτὴν
432 695 539 748 τῶν
565 695 805 763 ἀγγέλων
832 692 1261 763 ὲφαντάσθησαν,
1298 694 1347 745 οἱ
1374 692 1431 744 δὲ
1464 691 1630 757 κάτω,
1658 691 1707 742 oi
1738 688 1796 742 δὲ

209 769 303 844 ἰν
330 790 405 861 τῷ
441 791 587 860 ἀέρι,
619 790 669 841 οί
693 789 749 842 δὲ
781 790 839 841 ὲν
868 787 943 858 τῷ
965 789 1126 840 παντὶ
1152 786 1228 849 ὼς
1266 785 1415 839 Θείαν
1443 785 1562 838 τινά
1598 785 1798 854 περιεῖ-

241 897 330 935 ναι
356 881 557 932 οὐσίαν.
594 878 684 931 Διὸ
725 880 818 931 καὶ
862 877 1073 948 σώματι
1117 876 1378 946 ἐνουμένη
1424 876 1518 928 καὶ
1555 874 1629 936 ὡς
1676 874 1821 957 κατί

243 971 423 1024 εἰκόνα
450 971 582 1024 Θεοῦ
606 965 757 1036 οὖσα,
786 971 881 1023 καὶ
903 969 1059 1023 τοῦτο
1081 969 1432 1033 ζωοποιοῦσα,
1462 965 1675 1037 ἀπαθὴς
1705 966 1800 1036 μέ-

240 1079 324 1115 νει
352 1062 457 1115 τῶν
488 1061 808 1133 σωματικῶν
852 1060 1038 1116 παθῶν
1065 1060 1160 1114 καὶ
1186 1059 1399 1130 φθορῶν
1426 1057 1533 1111 τῶν
1568 1056 1662 1110 τοῦ
1691 1057 1799 1109 σώ-

244 1171 430 1226 ματος,
459 1156 589 1225 μήτε
615 1155 887 1225 ὁρωμένη,
915 1156 1048 1225 μήτε
1076 1152 1505 1225 έρμηνευομένη,
1544 1154 1677 1223 μήτε
1700 1167 1799 1203 κα-

238 1244 684 1317 ταλαμὸανομένη
709 1249 774 1316 τῇ
800 1245 974 1315 φύσει,
1014 1242 1138 1298 οὔτε
1166 1243 1245 1314 τῷ
1275 1243 1421 1309 εῖδει,
1454 1243 1512 1295 ού
1539 1243 1797 1312 σχήματι,

238 1340 301 1391 οὐ
344 1340 545 1409 μορφῇ,
572 1339 635 1390 οὐ
683 1337 945 1405 ποιότητι,
982 1336 1043 1388 οὐ
1075 1335 1365 1404 ποσότητι,
1404 1334 1501 1403 οὐχ
1529 1333 1795 1402 ὑπάρξει,

242 1430 307 1483 οὐ
337 1431 606 1493 συστάσει,
635 1430 694 1481 οὐ
724 1428 925 1482 κάλλει.
954 1427 1113 1480 Ὅθεν
1141 1426 1231 1479 καί
1262 1443 1392 1497 φησι
1417 1423 1708 1496 τὴνψυχὴν
1742 1424 1800 1475 ἐν

243 1522 323 1593 τῷ
354 1523 642 1593 Συμποσίῳ
696 1524 724 1574 ὁ
768 1520 1025 1584 Μεθόδιος
1056 1521 1335 1590 ἀμήχανον
1381 1518 1474 1572 καὶ
1511 1516 1800 1587 ἀδιήγητον

242 1614 436 1678 κάλλος
468 1614 629 1685 ἔχειν,
660 1614 752 1667 καὶ
773 1613 960 1666 τούτου
992 1612 1149 1683 χάριν
1177 1611 1362 1682 ὥσπερ
1389 1608 1796 1680 ζηλπυπείσθαι

240 1707 337 1759 καὶ
369 1706 594 1774 ἐρᾶσθαι
623 1704 786 1775 αὐτὴν
819 1703 924 1757 ὑπὸ
947 1702 1053 1756 τῶν
1074 1702 1329 1755 ἐναντίων
1354 1699 1694 1771 πνευμάτων,
1724 1697 1800 1760 ὡς

237 1796 520 1867 κρείττονα
548 1795 726 1847 αὐτῶν
769 1792 876 1847 τῶν
908 1792 1106 1862 νοερῶν
1134 1791 1516 1861 περικειμένην
1567 1789 1796 1859 μορφήν.

1900 601 2025 668 die,
2068 603 2243 673 deque
2281 618 2343 659 ea
2388 618 2445 658 re
2483 612 2738 674 tanquam
2776 605 3011 674 aliquam
3043 606 3175 677 legis
3216 610 3452 662 sanctio-

1901 707 2058 755 nem,
2088 701 2145 747 ut
2181 702 2403 764 putant,
2454 693 2655 748 ferunt.
2688 693 2942 750 Nonnulli
2980 711 3169 752 rursus
3209 698 3449 767 ejusdem

1901 795 2024 835 cum
2056 784 2259 854 angelis
2295 799 2411 839 eam
2454 799 2574 839 esse
2625 786 2939 841 substantiae
2964 789 3327 855 somniarunt,
3361 790 3451 845 alii

1901 875 2062 927 etiam
2092 874 2341 941 inferius,
2372 875 2462 931 alii
2491 876 2547 931 in
2570 892 2714 945 aere,
2731 879 2820 932 alii
2849 878 2902 932 in
2925 880 3175 935 universo
3196 888 3451 950 tanquam

1902 965 2140 1021 divinam
2173 967 2459 1037 quamdam
2493 979 2741 1025 naturam
2777 972 3083 1026 circumire.
3119 972 3454 1044 Quapropter

1902 1065 1956 1110 et
1994 1058 2209 1126 corpori
2248 1059 2433 1121 unita,
2468 1072 2593 1113 cum
2638 1060 2705 1114 ad
2746 1060 3033 1132 imaginem
3066 1061 3158 1117 Dei
3180 1064 3287 1130 sit,
3327 1064 3455 1119 licet

1904 1149 2036 1203 illud
2068 1151 2298 1205 viviﬁcet
2318 1191 2333 1217 ,
2364 1166 2394 1205 a
2423 1152 2700 1222 corporeis
2720 1155 2969 1210 omnibus
2992 1155 3194 1210 morbis
3217 1170 3281 1209 ac
3309 1156 3455 1212 vitiis

1903 1251 1956 1297 et
1992 1244 2431 1313 corruptionibus
2467 1246 2712 1315 corporis
2741 1255 2922 1300 manet
2955 1248 3243 1312 immunis,
3278 1264 3455 1318 neque

1902 1333 2093 1399 videri,
2132 1351 2304 1405 neque
2338 1336 2617 1405 explicari,
2647 1352 2820 1407 neque
2850 1338 3236 1408 comprehendi
3262 1347 3455 1394 natura

1903 1434 2100 1496 potest,
2134 1442 2309 1496 neque
2340 1428 2543 1497 specie,
2593 1442 2702 1482 non
2736 1430 2904 1481 l’orma
2926 1467 2941 1492 ,
3003 1445 3110 1483 non
3160 1433 3417 1500 qualitate
3440 1472 3455 1498 ,

1904 1530 2011 1569 non
2034 1517 2348 1584 quantitate,
2374 1532 2481 1571 non
2524 1518 2856 1582 exsistentia,
2883 1534 2989 1572 non
3016 1530 3308 1584 structura,
3349 1537 3454 1576 non

1904 1607 2323 1675 pulchritudine.
2374 1606 2580 1663 Idcirco
2631 1616 2685 1663 et
2743 1610 2975 1663 animam
3030 1611 3205 1680 inquit
3258 1610 3458 1665 Metho-

1904 1695 2026 1751 dius
2046 1697 2100 1751 in
2130 1698 2415 1768 Symposio
2474 1698 2734 1754 immensa
2762 1700 2991 1769 quadam
3016 1708 3069 1754 et
3102 1700 3452 1756 inenarrabil-

1904 1789 2304 1858 pulchritudine
2360 1790 2590 1860 pollere,
2631 1806 2791 1861 quam
2843 1792 2913 1847 ob
2969 1807 3189 1848 causam
3222 1793 3455 1865 quadan‘.

238 1889 397 1941 Πᾶσα
425 1888 483 1940 δὲ
517 1889 550 1958 ὴ
587 1886 710 1957 περὶ
739 1884 909 1957 αὐτὴν
941 1883 1284 1953 ἀκαταληψία
1316 1883 1410 1935 καὶ
1439 1881 1673 1950 ἀσάφεια
1707 1878 1801 1932 καὶ

1906 1880 2167 1949 zelotypia
2211 1888 2264 1934 et
2294 1895 2476 1935 amore
2510 1881 2565 1934 in
2592 1897 2709 1936 eam
2739 1882 2968 1952 ﬂagrare
3006 1883 3229 1953 spiritus
3267 1884 3455 1939 adver:

234 1978 449 2049 ἀδηλία,
479 1978 627 2030 οὐδὲν
654 1977 837 2046 ἓτερον
878 1974 1169 2029 αἰνίττεται
1199 1976 1247 2026 εἰ
1285 1974 1359 2044 μὴ
1387 1972 1447 2025 τὸ
1479 1972 1681 2043 κυρίως
1707 1970 1802 2023 καὶ

233 2068 453 2139 ἀληθῶς
484 2068 668 2121 εἰκόνα
718 2067 887 2137 αὐτὴν
912 2062 1049 2120 εἶναι
1094 2065 1186 2117 τοῦ
1230 2063 1610 2133 ἀκαταλήπτου
1644 2060 1798 2114 Θεοῦ.

236 2160 402 2213 Ὅθεν
435 2160 610 2213 πάντα
636 2157 704 2210 τὰ
736 2156 855 2209 κατ’
900 2157 1068 2227 αὐτὴν
1118 2154 1435 2223 ἀγνοοῦντες
1457 2194 1472 2218 ,
1511 2155 1575 2205 ἐκ
1629 2152 1804 2222 μόνων

233 2249 352 2302 τῶν
402 2252 460 2304 ὲν
504 2250 581 2320 τῷ
631 2249 840 2319 σώματι
877 2247 1080 2319 ταύτης
1124 2246 1411 2317 ἐνεργειῶν
1447 2244 1544 2315 τὴν
1574 2242 1806 2314 ὓπαρξιν

234 2339 411 2410 αὐτῆς
453 2338 808 2408 πιστούμεθαο
838 2336 981 2391 καθὰ
1013 2338 1104 2390 καὶ
1134 2337 1223 2389 τὸν
1260 2336 1391 2389 Θεὸν
1426 2336 1489 2388 ἐκ
1512 2333 1620 2387 τῶν
1650 2335 1706 2387 ὲν
1736 2334 1805 2403 τῇ

231 2431 487 2502 ὁρωμένη
529 2430 700 2483 κτίσει
733 2428 896 2482 αὑτοῦ
936 2428 1324 2499 ἐνεργημάτων
1368 2425 1467 2497 τὴν
1510 2424 1671 2479 αὑτοῦ
1722 2424 1810 2494 βε-

236 2524 536 2593 ϐαιούμεθα
556 2521 809 2593 ὓπαρξιν.
848 2520 1005 2575 Ἀλλά
1029 2538 1092 2589 γε
1124 2522 1188 2590 δὴ
1220 2520 1307 2572 ἐπ’
1340 2518 1471 2572 αὐτὸ
1497 2518 1558 2570 τὸ
1586 2516 1811 2587 καιριώ-

232 2633 396 2670 τατον
426 2614 520 2667 τοῦ
570 2614 688 2667 κατ’
722 2613 903 2667 εἰκόνα
950 2612 1044 2667 καὶ
1083 2612 1203 2665 καθ’
1242 2609 1497 2681 ὁμοίωσιν
1545 2608 1807 2679 ἔλθωμεν,

232 2711 386 2772 ὅπως
407 2706 547 2762 κατὰ
571 2705 667 2770 τὰς
690 2705 1007 2777 ὑποσχέσεις
1031 2703 1289 2774 δείξωμεν
1315 2701 1374 2754 τὸ
1407 2700 1685 2771 μοναδικόν
1712 2698 1811 2767 τῆς

233 2802 297 2853 ὲν
328 2799 514 2870 Τριὰδι
539 2798 818 2867 Θεότητος.
845 2798 1002 2851 Ποῖον
1023 2796 1079 2848 δέ
1110 2796 1225 2848 ἐστι
1257 2793 1449 2859 τοῦτο;
1483 2791 1706 2862 εὔδηλον
1729 2790 1809 2843 ὅτι

234 2892 273 2965 ἡ
306 2890 548 2962 ἡμετέρα
581 2888 740 2941 πάλιν
764 2887 911 2958 ψυχὴ
932 2926 948 2951 ,
983 2886 1076 2939 καὶ
1112 2887 1141 2938 6
1174 2884 1377 2955 ταύτης
1421 2882 1603 2953 νοερὸς
1630 2881 1809 2949 λόγος,

236 2983 335 3035 καὶ
365 2984 393 3036 6
446 2981 588 3045 νοῦς,
626 2981 806 3034 ὅντινα
841 2980 870 3030 6
931 2976 1249 3039 ’Δπόστολος
1276 2974 1495 3045 πνεῦμα
1540 2973 1810 3045 προσηγό-

237 3091 453 3146 ρευσεν,
479 3074 567 3126 ὅτε
609 3069 976 3125 διακελεύεται
1021 3068 1209 3137 ἁγίους
1237 3069 1381 3139 ἡμᾶς
1410 3063 1546 3119 εἶναι
1575 3069 1639 3137 τῇ
1667 3066 1808 3136 ψυχῇ

235 3166 334 3219 καὶ
359 3165 438 3236 τῷ
461 3164 670 3235 σώματι
690 3163 783 3216 καὶ
808 3162 885 3232 τῷ
911 3160 1199 3232 πνεύματι.
1238 3159 1552 3230 Ἀγέννητος
1585 3159 1681 3228 μὲν
1706 3158 1811 3228 γὰρ

235 3258 400 3312 πάλιν
425 3258 625 3327 ὲστὶνή
658 3253 803 3325 ψυχὴ
833 3255 926 3307 καὶ
954 3252 1210 3316 ἀναίτιος,
1238 3253 1317 3315 είς
1349 3251 1517 3304 τύπον
1542 3248 1636 3303 τοῦ
1656 3250 1811 3317 ἀγεν-

234 3351 401 3420 νῆτου
432 3349 527 3403 καὶ
557 3346 652 3400 τοῦ
683 3345 923 3401 ἀναιτίου
954 3343 1088 3398 Θεοῦ
1120 3346 1215 3397 καὶ
1255 3343 1481 3412 Πατρός·
1519 3342 1617 3395 οὐκ
1647 3340 1807 3408 ἀγέν-

235 3458 398 3513 νητος
425 3442 481 3495 δὲ
508 3444 536 3495 6
562 3440 744 3511 νοερὸς
772 3437 944 3507 αὐτῆς
984 3435 1162 3504 λόγος,
1187 3434 1302 3488 ἀλλ’
1333 3432 1392 3498 ἐξ
1417 3433 1582 3504 αὐτῆς
1613 3431 1783 3501 γεννώ

240 3551 401 3604 μενος
438 3533 691 3604 ἀρρήτως
722 3531 816 3584 καὶ
851 3529 1096 3599 ἀοράτως
1127 3527 1222 3580 καὶ
1256 3523 1676 3596 ἀνερμηνεύτως
1715 3524 1803 3577 καὶ

235 3624 480 3687 ἀπαθῶς.
526 3625 581 3677 ’0
612 3622 669 3675 δὲ
716 3620 840 3684 νοῦς
892 3620 1009 3673 οὐδὲ
1042 3617 1277 3679 ἀναίτιός
1308 3618 1474 3682 ἐστιν,
1503 3614 1622 3668 οὐδὲ
1650 3615 1781 3683 ἀγέν

238 3733 414 3787 νητος,
437 3714 549 3768 ἀλλ’
572 3712 899 3783 ὲκπορευτὸς
923 3712 1086 3763 παντὶ
1106 3707 1399 3779 διατρέχων
1429 3707 1521 3760 καὶ
1543 3707 1612 3760 τά
1630 3706 1801 3759 πάντα

235 3804 567 3867 διασκοπῶν,
622 3804 716 3857 καὶ
757 3802 1001 3872 ἀοράτως
1049 3797 1312 3870 ψηλαφῶν
1355 3799 1475 3852 κατ’
1503 3798 1684 3850 εἰκόνα
1714 3799 1806 3850 καὶ

237 3894 496 3966 ὁμοίωσιν
522 3891 616 3943 τοῦ
662 3890 930 3959 παναγίου
963 3889 1057 3942 καὶ
1095 3886 1425 3959 ὲκπορευτοῦ
1459 3888 1803 3958 Ηνεύματος,

237 3987 365 4057 περὶ
389 3979 449 4038 οῦ
481 3984 712 4054 εἴρηται,
743 3982 823 4035 ὅτι
857 3982 925 4035 Τὸ
961 3975 1201 4049 Πνεῦμα
1225 3979 1419 4031 πάντα
1441 3978 1672 4046 ἐρευνᾷ,
1706 3980 1803 4032 καὶ

236 4076 311 4129 τὰ
329 4074 489 4143 ,ϐάθη
515 4072 620 4128 τοῦ
650 4071 816 4126 Θεοῦ.
841 4071 953 4124 Οὐκ
981 4070 1124 4123 ἔστιν
1150 4068 1449 4140 ὲκπορευτὴ
1479 4070 1506 4139 ἢ
1529 4069 1673 4140 ψυχὴ
1701 4069 1804 4134 ἕως

236 4161 300 4221 οῦ
339 4166 484 4218 ἐστιν
514 4166 571 4217 ὲν
621 4162 698 4234 τῷ
736 4161 966 4231 σώματι,
1015 4160 1135 4213 ἐπεὶ
1160 4162 1207 4212 εί
1241 4159 1543 4230 ὲκπορευτὴ
1570 4156 1658 4231 ἦν,
1694 4160 1801 4231 ἄρα

239 4259 307 4312 ἂν
335 4257 455 4311 καθ’
496 4255 643 4327 ὥραν
672 4254 1101 4323 άπεθνήσκομεν.
1141 4252 1252 4306 Οὐκ
1279 4251 1424 4304 ἔστιν
1452 4252 1742 4322 ἀγέννητος
1775 4253 1804 4304 6

238 4347 394 4415 λόγος
439 4345 613 4417 ἡμῶν,
644 4344 764 4395 ἐπεὶ
802 4342 983 4410 ἀλογοί
1016 4358 1157 4404 τινες
1189 4342 1281 4403 καὶ
1310 4340 1600 4413 κτηνώδεις
1630 4343 1804 4413 ὑπήρ-

239 4456 425 4511 χομεν.
460 4438 532 4489 Τὸ
561 4436 616 4489 δὲ
655 4433 1078 4506 παραδοξότερον
1105 4434 1213 4487 τῶν
1244 4433 1561 4503 παραδόξων
1599 4432 1802 4487 τούτων

1905 1972 2114 2035 sarios,
2155 1980 2340 2041 utpote
2382 1987 2502 2043 qua:
2540 1975 2900 2044 praestantiori
2935 1990 3097 2045 quam
3148 1975 3288 2046 ipsi,
3334 1977 3453 2033 lice‘

1905 2059 2177 2129 spiritales
2211 2070 2264 2115 et
2324 2061 2684 2132 intelligentes
2722 2064 2863 2131 sint,
2898 2064 3071 2118 forma
3103 2066 3175 2121 sit
3212 2067 3454 2137 praedita.

1905 2149 2060 2215 Quod
2095 2166 2223 2205 vero
2257 2155 2458 2225 percipi
2489 2157 2853 2227 cognoscique
2883 2172 2991 2212 non
3025 2168 3226 2228 potest,
3256 2159 3455 2214 nullius

1906 2242 2128 2297 alterius
2165 2244 2244 2298 rei
2279 2253 2362 2299 est
2408 2255 2789 2316 argumentum
2813 2289 2827 2313 ,
2865 2265 3025 2319 quam
3064 2251 3208 2304 illam
3241 2266 3364 2305 vere
3396 2267 3460 2306 at;

1908 2334 2127 2403 proprie
2192 2334 2754 2407 incomprehensibilis
2812 2339 2904 2394 Dei
2967 2356 3088 2397 esse
3145 2343 3458 2414 imaginem.

1912 2422 2063 2480 Unde
2107 2441 2228 2493 cum
2258 2430 2458 2496 omnia,
2494 2446 2611 2500 qua:
2641 2432 2865 2496 insunt,
2906 2433 3233 2504 ignoremus,
3267 2449 3333 2490 ex
3367 2450 3459 2491 so-

1908 2516 1977 2571 lis
2008 2516 2128 2586 ejus
2156 2518 2212 2571 in
2246 2533 2475 2587 corpore
2506 2522 2910 2589 operationibus
2927 2523 3047 2591 ejus
3083 2524 3456 2579 exsistentiam

1908 2607 2351 2675 comprobamus,
2386 2610 2841 2678 quemadmodum
2879 2620 2933 2666 et
2962 2610 3129 2667 Deum
3163 2627 3232 2668 ex
3258 2613 3376 2683 ejus
3406 2615 3461 2668 in

1908 2698 2011 2753 bac
2032 2698 2132 2753 sub
2157 2700 2345 2754 oculos
2367 2701 2593 2756 cadente
2618 2710 2863 2757 creatura
2884 2704 3293 2774 Operationibus
3315 2705 3463 2775 ejus—

1909 2804 2016 2860 que
2084 2791 2457 2847 exsistentiam
2532 2792 2935 2850 conﬁrmamus.
2989 2792 3463 2852 Verumenimvero

1910 2880 1978 2934 ad
2012 2882 2129 2952 ipsa
2156 2884 2316 2952 hujus
2348 2885 2625 2956 mysterii,
2653 2886 2718 2940 ad
2749 2887 3033 2958 imaginem
3062 2898 3115 2943 et
3153 2888 3462 2943 similitudi-

1910 2989 2034 3029 nem
2061 3014 2077 3039 ,
2113 2976 2404 3047 penetralia
2439 2979 2863 3048 progrediamur,
2917 2988 3013 3045 ut,
3054 2981 3199 3036 sicut
3234 2982 3461 3053 polliciti

1912 3079 2123 3129 sumus,
2151 3066 2408 3120 unitatem
2426 3066 2736 3124 Divinitatis
2766 3070 2820 3123 in
2844 3068 3107 3127 Trinitate
3132 3071 3467 3129 demonstre-

1915 3171 2056 3212 mus.
2079 3156 2209 3221 Quae
2232 3158 2449 3212 tandem
2475 3158 2562 3211 illa
2593 3158 2757 3213 sunt?
2778 3158 2895 3213 Non
2920 3162 3212 3218 obscurum
3260 3172 3343 3219 est
3371 3180 3467 3219 no-

1913 3254 2079 3300 stram
2104 3247 2291 3315 utique
2319 3248 2491 3316 ipsam
2512 3263 2702 3303 rursus
2729 3249 2965 3303 animam
2990 3265 3112 3306 esse
3141 3259 3195 3307 et
3227 3252 3463 3309 intellec-

1910 3338 2053 3393 tuale
2079 3339 2301 3393 verbum
2344 3339 2463 3408 ejus
2489 3380 2505 3406 ,
2539 3354 2603 3394 ac
2648 3349 2883 3395 mentem
2906 3381 2922 3405 ,
2961 3356 3125 3412 quam
3172 3345 3318 3416 Apos
3344 3348 3465 3402 olus
3562 3332 3569 3339 ’

1910 3431 2159 3501 Spiritum
2184 3432 2470 3502 appellavit
2486 3432 2553 3497 ”,
2578 3447 2699 3486 cum
2728 3449 2826 3487 nos
2846 3446 3065 3489 sanctos
3083 3451 3205 3493 esse
3216 3439 3395 3492 anima
3410 3451 3464 3494 et

1909 3540 2136 3594 corpore
2184 3535 2237 3579 et
2262 3526 2454 3596 spiritu
2477 3526 2651 3596 jubet.
2700 3527 2911 3581 Etenim
2946 3543 3138 3584 rursus
3170 3530 3350 3592 anima
3380 3541 3461 3585 est

1906 3615 2145 3686 ingenita
2181 3623 2235 3670 et
2266 3631 2432 3671 causa
2474 3630 2670 3671 carens
2716 3617 2782 3671 ad
2809 3618 3119 3687 exemplum
3156 3620 3380 3689 ingeniti
3412 3632 3465 3675 et

1908 3722 2074 3762 causa
2114 3708 2351 3763 carentis
2388 3698 2481 3763 Dei
2507 3707 2721 3774 Patris;
2754 3717 2806 3760 at
2836 3709 3197 3765 intellectuale
3238 3711 3461 3765 verbum

1908 3797 2028 3867 ejus
2055 3811 2163 3851 non
2194 3806 2276 3853 est
2319 3800 2615 3869 ingenitum
2641 3838 2656 3863 ,
2690 3798 2785 3853 sed
2819 3814 2882 3852 ex
2908 3799 3021 3868 ipsa
3060 3798 3341 3862 ineffabili,
3380 3802 3462 3855 in—

1908 3891 2111 3946 visibili
2134 3930 2149 3954 ,
2176 3892 2540 3961 inexplicabili
2586 3893 2796 3946 ratione
2826 3907 2890 3946 ac
2928 3893 3045 3947 sine
3079 3892 3330 3962 passione
3369 3909 3462 3965 ge-

1906 3984 2080 4037 nitum
2109 4000 2124 4050 ;
2160 3998 2313 4037 mens
2340 3991 2519 4036 autem
2565 3998 2739 4052 neque
2767 3996 2935 4038 causa
2966 3991 3151 4047 caret,
3182 3998 3355 4052 neque
3381 3996 3463 4038 est

1906 4073 2164 4144 ingenita,
2192 4073 2286 4127 sed
2307 4087 2371 4127 ex
2387 4072 2731 4142 processione
2755 4080 2871 4127 orta
2896 4072 3238 4143 undiquaque
3261 4074 3467 4129 discut»

1906 4180 2033 4220 rens
2053 4173 2106 4219 et
2134 4170 2329 4218 cuncta
2352 4164 2659 4234 despiciens
2687 4172 2740 4218 et
2763 4161 3106 4216 invisibiliter
3126 4171 3464 4232 pertractans

1906 4257 1970 4311 ad
2010 4256 2297 4326 imaginem
2335 4262 2390 4309 et
2434 4253 2845 4308 similitudinem
2892 4254 3223 4308 sanctissimi
3270 4263 3326 4309 et
3366 4270 3463 4324 per

1904 4351 2305 4418 processionem
2322 4346 2427 4400 orti
2455 4345 2712 4415 Spiritus,
2729 4346 2795 4400 de
2821 4360 2929 4415 quo
2950 4346 3151 4399 dictum
3172 4352 3274 4413 est,
3295 4346 3465 4415 Spiri-

1906 4451 1988 4495 tus
2009 4441 2184 4495 omnia
2197 4448 2483 4504 scrutatur,
2500 4440 2656 4492 etiam
2667 4438 2927 4509 profunda
2939 4438 3038 4493 Dei
3051 4439 3238 4494 “.Non
3250 4457 3313 4495 ex
3337 4456 3462 4511 pro-

239 4528 413 4583 ὲκεῖνό
438 4530 603 4592 ἐστιν,
628 4526 897 4597 ὅτιψυχὴν
918 4526 1014 4595 μὲν
1030 4524 1203 4594 ἀπλῆν
1218 4540 1339 4577 τινα
1366 4523 1578 4595 ἔχομεν,
1603 4525 1802 4594 ὁμοίως

1906 4535 2151 4589 cessione
2166 4539 2284 4586 orta
2304 4539 2386 4584 est
2411 4532 2589 4584 anima
2613 4531 2852 4599 quandiu
2875 4539 2959 4585 est
2984 4532 3038 4585 in
3062 4547 3307 4603 corpore.
3328 4532 3460 4585 Nam

240 4622 334 4675 καὶ
361 4619 482 4674 νοῦν
510 4619 807 4690 μοναδικόν,
840 4618 934 4670 καὶ
957 4615 1245 4669 ἀσύνθετον
1268 4632 1280 4644 ·
1320 4614 1474 4683 λόγον
1500 4615 1556 4668 δὲ
1583 4615 1802 4670 διπλοῦν

241 4713 452 4785 ἔχοντες
479 4711 569 4764 τὸν
598 4708 757 4763 αὑτὸν
780 4708 879 4778 τὴν
897 4708 1143 4778 γέννησιν
1167 4708 1257 4760 καὶ
1276 4706 1371 4760 ἕνα
1392 4708 1485 4759 καὶ
1510 4706 1801 4778 ἀμέριστον

244 4803 657 4875 φυλαττόμενον.
703 4800 959 4852 Γεννᾶται
1004 4798 1111 4869 γὰρ
1143 4797 1345 4866 ὁλόγος
1388 4799 1445 4851 ἐν
1490 4800 1554 4869 τῇ
1607 4799 1802 4871 καρδίᾳ

241 4894 492 4966 γέννησιν
521 4908 641 4944 τινα
689 4889 1068 4959 ἀκατάληπτον
1122 4888 1215 4941 καὶ
1248 4887 1553 4959 ἀσώματον,
1588 4890 1680 4942 καὶ
1714 4889 1802 4958 μέ-

242 5003 323 5042 νει
360 4984 504 5038 ἐνδον
549 4980 916 5052 ἀγνώριστος,
968 4980 1061 5032 καὶ⁴
1097 4980 1349 5047 γεννᾶται
1390 4980 1645 5050 δευτέραν
1676 4981 1800 5049 γέν-

239 5092 397 5150 νησιν
441 5074 756 5147 σωματικὴν
804 5073 891 5127 διὰ
941 5072 1186 5143 χειλέων,
1224 5074 1319 5125 καὶ
1357 5074 1478 5126 τότε
1525 5077 1640 5138 τοῖς
1669 5076 1803 5128 πᾶσι

242 5169 585 5240 γνωρίζεταιο
625 5168 725 5238 τῆς
756 5167 815 5221 δὲ
863 5164 1267 5236 γεννησαμένης
1308 5166 1469 5219 αὐτὸν
1518 5166 1695 5238 ψυχῆς
1743 5169 1804 5222 οὐ

244 5262 551 5334 χωρίζεται,
574 5261 662 5314 ἵνα
684 5259 771 5313 διὰ
794 5257 887 5312 τοῦ
913 5257 1068 5326 λόγου
1095 5257 1202 5309 τῶν
1222 5256 1313 5310 δύο
1329 5257 1484 5328 ἡμῶν
1505 5258 1805 5329 γεννήσεων

244 5356 431 5423 σαφῶς
453 5354 551 5418 τὰς
574 5354 666 5407 δύο
691 5353 786 5407 τοῦ
813 5350 945 5405 Θεοῦ
968 5351 1143 5421 Λόγου
1167 5351 1448 5422 γεννήσεις
1475 5350 1596 5404 κατ’
1623 5352 1805 5407 είκόνα

245 5445 341 5499 καὶ
368 5445 623 5515 ὁμοίωσιν
655 5444 933 5515 μάθωμεν.

1908 4626 1954 4682 si
1989 4640 2057 4680 ex
2092 4625 2443 4695 processione
2467 4630 2631 4687 esset,
2666 4623 2720 4676 in
2750 4622 3001 4692 singulas
3034 4622 3197 4677 horas
3224 4638 3463 4677 morere-

1906 4732 2047 4771 mur.
2081 4715 2197 4770 Non
2224 4723 2307 4770 est
2336 4714 2636 4785 ingenitum
2662 4713 2887 4767 verbum
2920 4720 3189 4777 nostrum,
3222 4713 3460 4783 alioquin

1905 4825 2068 4869 mula:
2111 4812 2355 4882 quaedam
2399 4817 2452 4865 et
2490 4808 2662 4863 brutte
2713 4808 2945 4880 pecudes
3000 4820 3265 4861 essemus.
3309 4807 3463 4873 Quod

1906 4913 2086 4959 autem
2118 4902 2358 4958 omnium
2391 4898 2715 4955 mirabilium
2748 4898 2980 4952 maxime
3009 4905 3092 4952 est
3122 4898 3460 4963 admirabile,

1906 4996 2039 5051 illud
2075 5004 2180 5057 est,
2212 4993 2357 5063 quod
2387 4992 2619 5044 animam
2647 4990 2862 5060 quidem
2894 5004 3055 5044 unam
3086 4998 3140 5045 et
3162 4990 3462 5060 simplicem

1906 5086 2166 5140 habemus
2193 5123 2208 5147 ,
2257 5081 2505 5138 similiter
2542 5094 2595 5135 et
2630 5089 2864 5135 mentem
2915 5097 3077 5135 unam
3133 5082 3464 5151 minimeque

1907 5175 2283 5244 compositam,
2309 5174 2531 5226 verbum
2554 5178 2733 5225 autem
2757 5170 2951 5241 duplex
2976 5209 2991 5235 ,
3017 5178 3070 5225 et
3090 5185 3258 5223 unum
3283 5182 3463 5227 tamen

1910 5280 1974 5318 ac
2020 5263 2370 5334 generatione
2422 5261 2561 5315 idem
2611 5269 2664 5316 et
2717 5260 3009 5315 indivisum
3057 5271 3459 5317 conservatum.

1910 5356 2211 5411 Generatur
2260 5352 2318 5407 in
2368 5351 2531 5407 corde
2572 5353 2796 5407 verbum
2839 5352 3186 5422 generatione
3231 5356 3463 5425 quadam

1910 5445 2448 5521 incomprehensibili
2482 5454 2643 5515 atque
2670 5446 2990 5513 incorporea
3010 5486 3024 5509 ,
3058 5457 3353 5518 manetque
3386 5449 3463 5504 in-

244 5546 335 5594 tus
368 5539 735 5608 incognitum,
782 5554 846 5592 ac
886 5535 1123 5594 secunda
1151 5538 1499 5607 generatione
1542 5556 1802 5616 corporea
1842 5563 1937 5619 per
1968 5547 2115 5600 labra
2146 5549 2455 5613 generatur,
2497 5548 2735 5610 tuncque
2804 5540 3056 5595 omnibus
3128 5542 3461 5612 innotescit;

245 5635 342 5690 sed
370 5635 438 5689 ab
461 5634 637 5687 anima
659 5642 837 5689 tamen
865 5647 986 5704 quin
1010 5632 1185 5703 ipsum
1222 5635 1427 5703 genuit,
1461 5652 1571 5691 non
1599 5643 1870 5709 avellitur,
1903 5650 1961 5698 ut
1990 5656 2083 5713 per
2105 5638 2378 5710 duplicem
2438 5637 2583 5692 verbi
2645 5636 2821 5690 nostri
2874 5641 3280 5709 generationem
3341 5655 3458 5697 mn—

248 5730 443 5787 nil‘este
471 5730 607 5784 duas
635 5727 728 5784 Dei
756 5727 916 5783 Verbi
946 5729 1321 5801 generationes
1350 5733 1649 5791 secundum
1679 5738 1965 5810 imaginem
1987 5747 2039 5794 et
2062 5732 2472 5793 similitudinem
2509 5730 2834 5787 ediscamus.

326 5821 367 5856 ⁸⁸
398 5824 418 5879 l
452 5824 576 5881 Cor.
630 5838 723 5889 vn,
759 5822 844 5877 54.
879 5823 922 5856 ⁵ο
964 5822 981 5876 l
1014 5825 1135 5879 Cor.
1175 5840 1230 5881 ει.
1269 5826 1353 5881 10.
