4018 6554
479 359 504 416 i
515 359 620 418 335

1877 365 2219 422 APPENDIX
2232 412 2247 426 .

3538 375 3680 432 1536

541 473 765 531 Genitus
789 475 932 530 enim
964 484 1043 533 est
1089 475 1346 534 invisibili
1383 487 1438 534 et
1475 478 1836 550 inexplicabili
1859 490 2021 552 atque

2188 483 2508 555 Γεγέννηται
2557 483 2664 556 γάρ
2711 485 2954 558 ἀοράτως
2997 487 3089 542 καὶ
3129 487 3538 560 ἀνερμηνεύτως
3588 493 3683 545 καὶ

473 565 1001 636 incompreliensihili
1051 569 1260 624 ratione
1305 585 1370 624 ex
1420 569 1580 626 Patre
1623 579 1749 628 ante
1793 574 2027 638 saecula,

430 698 433 701 .
469 663 692 725 eratque
725 656 1028 727 incognitus
1047 667 1302 728 tanquam
1329 660 1382 714 in
1401 660 1580 715 anima
1611 663 1844 732 quadam
1885 665 2028 734 apud

475 743 714 806 Patrem,
755 759 1040 816 quousque
1094 754 1348 816 tanquam
1395 763 1460 803 ex
1493 749 1658 804 corde
1679 752 1914 821 quodam
1961 769 2028 810 ex

472 854 624 894 sacra
642 837 882 912 Virgine,
915 841 1033 898 sine
1054 843 1425 913 corruptione,
1451 845 1569 900 sine
1589 847 1816 909 semine,
1841 861 2032 900 secun-

470 932 597 983 dum
625 945 843 986 carnem
873 942 1163 1004 generatus
1191 942 1299 998 est,
1336 935 1645 1008 mundoque
1669 952 1730 992 se
1771 936 2028 1006 prodidit,

471 1020 600 1074 nihil
633 1020 703 1075 ab
762 1022 970 1077 occulta
1013 1022 1106 1078 Dei
1147 1025 1410 1094 genitoris
1451 1034 1677 1096 paterna
1723 1027 2029 1082 substantia

469 1121 772 1182 separatus.
807 1114 993 1184 Itaque
1024 1115 1082 1170 in
1119 1116 1439 1174 immortalis
1490 1125 1544 1173 et
1586 1118 1858 1174 intellectu
1894 1133 2029 1188 prae-

468 1205 593 1259 dita:
621 1206 814 1261 anima:
857 1215 1056 1262 nostra:
1082 1207 1405 1264 substantia:
1439 1209 1668 1277 unitate,
1692 1217 1945 1279 tanquam
1972 1210 2027 1266 in

471 1297 739 1368 imagine,
807 1307 917 1354 tres
968 1299 1212 1370 quaedam
1270 1300 1626 1372 bypostatica:
1673 1302 2028 1372 proprietates

467 1395 698 1444 ostensa:
731 1397 878 1452 sunt,
909 1390 1102 1445 anima:
1125 1406 1318 1462 nempe
1355 1391 1617 1456 conditio,
1647 1407 1766 1462 quae
1795 1393 2028 1464 ingenita

467 1487 572 1545 cst,
617 1481 768 1536 verbi
800 1489 977 1536 autem
1009 1484 1307 1551 generatio.
1340 1492 1394 1541 et
1436 1483 1661 1554 spiritus
1689 1484 1804 1540 sive
1833 1485 2030 1541 mentis

469 1571 764 1639 processio.
798 1575 908 1644 Ego
935 1587 1064 1628 vero
1087 1573 1354 1641 audacter
1384 1574 1642 1644 profiteor
1669 1585 1724 1631 et
1757 1576 2031 1631 confiden-

468 1671 550 1718 ter
568 1677 826 1720 assevero
865 1678 929 1718 ac
977 1664 1121 1732 dico,
1152 1666 1453 1722 secundum
1513 1667 1653 1722 hanc
1703 1668 2027 1723 invisibilem

467 1744 726 1802 trinitatis
790 1755 982 1808 animae
1009 1755 1501 1812 considerationem
1536 1757 1738 1814 dixisse
1783 1758 2025 1814 divinum

467 1846 780 1914 Apostolum
811 1846 1086 1903 hominem
1108 1848 1176 1903 ad
1207 1849 1498 1907 invisibilis
1531 1849 1624 1905 Dei
1652 1851 1941 1922 imaginem
1975 1859 2028 1905 et
2060 1833 2099 1889 Β

466 1937 873 1994 similitudinem
925 1954 1066 1994 esse.
1113 1939 1240 1995 Haec
1291 1941 1347 1994 ni
1385 1941 1460 1999 ita
1502 1942 1633 2007 sint,
1667 1956 1787 2004 cur,
1820 1955 2026 2010 quaeso,

467 2045 571 2082 non
597 2028 877 2100 dispertita
912 2031 994 2085 vel
1035 2031 1432 2101 quadripartita
1481 2032 1697 2088 condita
1728 2039 1811 2086 est
1839 2047 1868 2085 a
1899 2030 2026 2093 Deo,

465 2117 559 2173 sed
591 2104 750 2174 unam
785 2118 947 2174 habet
988 2121 1150 2175 trium
1182 2121 1415 2190 partium
1445 2129 1501 2176 et
1539 2122 1821 2177 indivisam
1868 2131 2028 2192 atque

466 2209 802 2266 inconfusam
831 2212 1078 2281 copulam
1106 2212 1286 2266 anima
1310 2221 1490 2268 nostra
1524 2213 1590 2266 ad
1625 2215 1908 2283 imaginem
1941 2229 2028 2268 sa-

465 2309 760 2357 crosanctac
779 2310 834 2357 et
863 2304 1346 2358 consubstantialis
1375 2318 1438 2358 ac
1461 2304 1684 2359 vivificte
1705 2305 2025 2369 Trinitatis,

466 2401 536 2443 ita
569 2401 645 2452 ut,
695 2397 743 2444 st
789 2390 860 2444 ita
888 2390 1031 2461 loqui
1057 2389 1140 2448 fas
1178 2391 1268 2454 sit,
1295 2393 1350 2446 in
1381 2392 1617 2456 homine,
1639 2407 1704 2447 ac
1731 2397 2026 2461 praesertim

465 2498 518 2534 in
545 2479 717 2551 justo,
772 2485 948 2539 omnis
986 2483 1262 2553 plenitudo
1293 2484 1590 2539 divinitatis
1635 2485 1896 2538 inhabitet
1945 2494 2028 2556 ty-

467 2576 601 2642 pice,
632 2585 688 2627 at
731 2591 836 2628 non
867 2575 1109 2646 physice.
1146 2575 1546 2646 quodammodo
1574 2577 1807 2631 obscure
1838 2575 2029 2629 adum-

466 2667 629 2719 hrans
659 2663 823 2720 Deum
870 2665 926 2719 in
982 2664 1247 2722 Trinitate
1269 2667 1290 2720 ?
1313 2665 1672 2733 Quamobrem
1701 2665 2025 2735 tripartitam

463 2756 706 2810 eamdem
737 2770 928 2811 rursus
957 2757 1194 2810 animam
1245 2765 1486 2812 nostram
1535 2757 1639 2810 alia
1672 2755 1903 2826 quadam
1942 2769 2029 2810 ra-

467 2845 613 2900 tione
659 2861 780 2901 esse
836 2847 1104 2915 sapientes
1144 2845 1357 2918 profani
1402 2853 1729 2912 statuerunt,
1760 2861 1882 2901 cum
1911 2860 2028 2900 eam

465 2946 816 2992 asseruerunt
859 2937 1278 3007 concupiscendi
1315 2937 1625 3003 facultates,
1671 2936 2030 2993 ratiocinandi

465 3037 625 3098 atque
674 3029 941 3084 irascendi
987 3029 1206 3097 habere,
1246 3037 1303 3086 ut
1340 3047 1436 3102 per
1465 3029 1878 3101 concupiscendi
1909 3027 2032 3099 qui-

463 3122 583 3176 dem
638 3120 945 3177 facultatem
987 3122 1424 3186 cbaritate,cum
1472 3122 1582 3179 Deo
1630 3123 2026 3193 conjungatur,

465 3227 560 3282 per
586 3211 892 3268 facultatem
914 3222 1092 3269 autem
1121 3215 1484 3270 ratiocinandi
1511 3215 1792 3270 scientiam
1824 3215 1892 3268 ab
1913 3213 2030 3284 ipso

464 3304 695 3374 excipiat
743 3313 797 3360 et
829 3305 1146 3375 sapientiam
1171 3344 1188 3368 ,
1222 3321 1318 3377 per
1359 3305 1468 3358 vim
1513 3305 1729 3360 demum
1759 3301 2030 3359 irascendi

465 3396 716 3466 nequitiae
769 3396 1049 3467 spiritibus
1095 3397 1267 3466 possit
1323 3396 1612 3458 obsistere,
1644 3407 1804 3466 atque
1841 3397 1897 3450 in
1944 3394 2030 3448 his

465 3489 638 3542 tribus
667 3487 829 3543 etiam
861 3488 990 3542 illud
1021 3487 1088 3541 ad
1115 3488 1405 3558 imaginem
1429 3487 1523 3542 Dei
1541 3487 1824 3543 adumbret
1851 3494 1905 3542 et
1933 3501 2031 3542 ex-

467 3579 683 3646 primat.
718 3576 916 3632 Tribus
945 3578 1087 3632 enim
1125 3577 1299 3632 modis
1330 3577 1472 3633 Deus
1513 3577 1568 3632 in
1610 3577 1877 3632 Trinitate
1920 3585 2032 3633 tres

467 3675 647 3736 partes
677 3667 1021 3721 administrat
1051 3676 1104 3721 et
1127 3669 1284 3737 regit,
1316 3675 1371 3724 et
1393 3668 1636 3722 caelestia
1669 3667 1954 3732 nimirum,‘
1977 3675 2032 3723 et

466 3761 764 3824 terrestria,
788 3768 951 3830 atque
984 3759 1359 3824 subterranea,
1398 3759 1596 3815 virtute
1636 3759 1867 3826 quadam
1886 3761 2027 3815 Con-4

465 3849 677 3915 ditoris,
730 3865 828 3905 sua
889 3850 1250 3921 providentia,
1310 3866 1374 3905 ac
1422 3849 1619 3919 iudicis
1659 3852 2028 3906 auctoritate:

466 3941 730 4012 siquidem
761 3944 964 4007 omnia,
1001 3958 1124 4014 quae
1160 3941 1302 4000 Deus
1352 3943 1689 4014 exsequitur,
1717 3957 1828 3997 uno
1848 3958 1912 3997 ex
1947 3942 2034 3997 bis

475 4031 650 4087 tribus
680 4032 840 4088 modo
878 4032 1108 4104 perficit,
1138 4040 1231 4086 aut
1261 4041 1513 4103 tanquam
1555 4033 1824 4097 conditor,
1853 4045 1949 4088 aut
1977 4043 2034 4088 ut

469 4122 776 4192 providens,
804 4132 897 4178 aut
925 4134 980 4178 ut
1003 4126 1296 4196 castigans.
1333 4123 1398 4178 Et
1421 4125 1636 4180 virtutis
1663 4127 1878 4194 quidem
1908 4141 2034 4182 con-

465 4214 628 4270 dendi
675 4229 794 4284 quae
847 4213 901 4268 in
941 4213 1051 4270 Deo
1085 4223 1192 4278 est,
1235 4216 1523 4286 imaginem
1547 4217 1801 4285 exprimit
1836 4233 1956 4290 qua:
1977 4217 2035 4272 in

465 4309 646 4363 anima
692 4316 775 4365 est
824 4306 1244 4378 concupiscendi
1286 4305 1548 4372 facultas;
1581 4307 1852 4377 cupiditas
1888 4309 2033 4363 enim

466 4399 532 4454 ad
581 4398 846 4453 actionem
904 4399 1132 4469 impellit
1173 4416 1189 4454 :
1231 4398 1448 4454 virtutis
1497 4404 1675 4453 autem
1719 4398 2034 4468 providendi

2127 572 2518 643 ἀκαταλήπτοις
2560 575 2623 627 ὲκ
2655 575 2863 646 Πατρὸς
2905 576 3010 647 πρὸ
3047 575 3156 629 τῶν
3198 575 3427 631 αἰώνων.
3475 580 3582 632 Καὶ
3610 575 3685 651 ἦν

2127 662 2398 732 ἄγνωστος
2441 664 2518 728 ὡς
2565 663 2621 719 ἐν
2647 682 2752 719 τινι
2789 666 2931 738 ψυχῇ
2984 666 3120 738 πρὸς
3158 666 3248 721 τὸν
3289 667 3538 739 Πατέρα,
3577 671 3683 733 ἕως

2127 753 2312 827 ῶσπερ
2330 757 2394 809 ἐκ
2422 755 2648 827 καρδίας
2673 756 2816 820 τινὸς
2839 758 2934 827 τῆς
2958 757 3117 826 ἁγίας
3134 757 3406 830 Παρθένου
3429 761 3684 829 ἀφθόρως

2126 847 2218 899 καὶ
2243 846 2495 918 ἀσπόρως
2520 847 2835 916 γεγέννηται
2856 847 2996 902 κατά
3019 850 3217 920 σάρκα,
3243 850 3335 904 καὶ
3360 850 3682 920 ὲνεφανίσθη

2125 937 2201 1009 τῷ
2230 939 2438 1009 κόσμῳ,
2471 938 2544 1010 μὴ
2573 939 2856 1009 χωρισθεὶς
2875 928 2987 1011 ’τῆς
3028 942 3300 1012 πατρικῆς
3328 944 3564 1016 κρυφίας
3591 944 3684 997 0:)-

2127 1029 2247 1093 σίας
2289 1029 2383 1083 τοῦ
2419 1031 2736 1102 γεννήτορος
2777 1031 2933 1088 Θεοῦ.
2979 1032 3141 1087 Ὥστε
3178 1033 3440 1088 δέδεικται
3494 1036 3554 1088 ὲν
3598 1034 3681 1105 τῷ

2130 1119 2397 1192 μοναδικῷ
2439 1120 2538 1190 τῆς
2575 1119 2842 1174 ἀθανάτου
2885 1123 3043 1192 ἡμῶν
3083 1123 3175 1177 καὶ
3209 1126 3397 1194 νοερᾶς
3439 1124 3678 1196 ψυχικῆς

2124 1212 2310 1276 οὐσίας
2334 1212 2391 1265 ὲν
2421 1212 2588 1266 εἰκόνι
2605 1253 2619 1276 ,
2646 1215 2792 1284 τρεῖς
2823 1231 2965 1278 τινες
2993 1215 3345 1270 ὑποστατικαὶ
3394 1217 3675 1287 ἰδιότητες,

2127 1304 2416 1374 ἀγεννησία
2441 1303 2643 1375 ψυχῆς,
2669 1302 2763 1358 καὶ
2794 1305 3044 1377 γέννησις
3085 1302 3260 1375 λόγου,
3296 1309 3392 1361 καὶ
3414 1307 3681 1378 ὲκπόρευ-

2129 1414 2212 1461 σις
2245 1396 2545 1468 πνεύματος
2563 1435 2579 1461 ,
2611 1397 2774 1467 ᾕγουν
2804 1397 2896 1450 τοῦ
2919 1397 3057 1462 νοός.
3095 1399 3204 1452 Καὶ
3231 1399 3560 1471 καταθαρῥῶ
3584 1401 3680 1454 xai.

2126 1485 2436 1556 ἀποτολμῶ,
2475 1486 2568 1540 καὶ
2611 1486 2752 1555 λέγω
2789 1487 2870 1540 ὅτι
2909 1486 3052 1541 κατά
3081 1485 3282 1558 ταύτην
3309 1487 3406 1559 τὴν
3449 1489 3684 1559 ἀόρατον

2127 1578 2406 1650 τριαδικὴν
2426 1578 2523 1649 τῆς
2548 1578 2724 1649 ψυχῆς
2749 1577 2998 1650 θεωρίαν,
3023 1573 3175 1633 εἶπεν
3194 1581 3224 1634 ὁ
3251 1580 3388 1645 θεῖος
3433 1582 3686 1634 Ἀπόστο-

2127 1667 2216 1732 λος
2239 1668 2327 1722 τὸν
2350 1667 2630 1739 ἄνθρωπον
2657 1663 2792 1722 εἰναι
2817 1669 2933 1721 κατ’
2957 1669 3139 1722 εἰκόνα
3159 1669 3292 1723 Θεοῦ
3311 1670 3403 1724 τοῦ
3423 1671 3681 1740 ἀοράτου.

2130 1759 2273 1812 Εἰδὲ
2307 1760 2382 1830 μὴ
2422 1758 2593 1813 ταῦτα
2631 1758 2802 1824 οὕτω,
2841 1758 2929 1813 διὰ
2953 1760 3005 1814 τί
3049 1761 3124 1832 μὴ
3156 1761 3351 1831 μᾶλλον
3388 1761 3616 1832 equm;
3645 1763 3682 1830 ἢ

2126 1847 2464 1920 τετραμερὴς
2492 1849 2595 1902 ὑπὸ
2623 1849 2755 1903 Θεοῦ
2786 1850 3022 1918 γέγονεν,
3053 1851 3186 1906 ἀλλὰ
3215 1851 3527 1924 τριμέρειάν
3559 1869 3684 1905 τινα

2128 1938 2222 1991 καὶ
2243 1938 2407 2008 μόνην
2431 1937 2540 2008 ἔχει
2556 1937 2852 2009 ἀσύγχυτον
2876 1941 2909 2010 ἡ
2932 1941 3172 2011 ἡμετέρα
3191 1941 3350 2012 ψυχὴ,
3365 1943 3481 1995 κατ’
3499 1941 3686 1994 εἰκόνα

2125 2029 2226 2100 τῆς
2253 2029 2412 2098 ἁγίας
2467 2031 2559 2083 καὶ
2595 2031 2898 2099 όμοιουσίου
2947 2031 3272 2104 [ὀμοουσίουι
3303 2035 3394 2087 καὶ
3419 2033 3685 2097 ζωοποιοῦ

2128 2119 2374 2191 Τριάδος,
2392 2119 2550 2187 ὥστε,
2568 2121 2616 2173 εἱ
2641 2120 2796 2190 θέμις
2815 2122 2985 2174 εἰπεῖν
3004 2123 3085 2174 ὅτι
3105 2123 3198 2176 καὶ
3217 2125 3272 2176 ὲν
3287 2122 3363 2193 τῷ
3393 2123 3687 2193 ἀνθρώπῳ,

2127 2211 2221 2265 καὶ
2253 2210 2482 2282 μάλιστα
2521 2209 2600 2280 τῷ
2636 2209 2845 2280 δικαίῳ,
2879 2213 3120 2264 κατοικεῖ
3165 2212 3269 2264 πᾶν
3312 2211 3370 2265 τὸ
3411 2211 3688 2282 πλήρωμα

2125 2301 2224 2372 τῆς
2249 2301 2496 2371 θεότητος
2521 2301 2784 2365 τυπικῶς,
2816 2301 2930 2354 ἀλλ’
2957 2302 3019 2354 οὐ
3046 2302 3308 2371 φυσικῶς,
3335 2304 3690 2372 σκιαγραφῶν

2127 2392 2380 2464 ἀμυδρῶς
2411 2410 2526 2457 πως
2550 2393 2640 2446 τὸν
2666 2395 2724 2446 ὲν
2746 2393 2934 2464 Τριάδι
2962 2393 3114 2459 Θεόν;
3147 2393 3308 2450 Ὅθεν
3332 2396 3425 2448 καὶ
3448 2396 3689 2466 τριμερῆ

2127 2484 2287 2538 πάλιν
2331 2485 2497 2556 αὐτὴν
2538 2483 2635 2556 τὴν
2673 2485 2944 2556 ἡμετέραν
2985 2485 3164 2557 ψυχὴν
3199 2485 3319 2539 καθ’
3347 2485 3533 2556 ἕτερόν
3563 2503 3689 2539 τινα

2126 2571 2322 2640 τρόπον
2360 2572 2410 2624 οἰ
2438 2571 2543 2638 ἐξω
2583 2573 2736 2642 σοφοὶ
2786 2568 2923 2626 εἰναι
2962 2573 3246 2645 ὡρίσαντο,
3297 2575 3691 2646 ἐπιθυμητικὸν

2128 2662 2294 2734 αὐτὴν
2332 2663 2629 2732 φάσκοντες
2663 2663 2804 2734 ἔχειν
2831 2664 2925 2740 καὶ
2954 2663 3254 2734 λογιστικὸν
3295 2667 3390 2719 καὶ
3434 2664 3691 2735 θυμικὸν,

2129 2753 2277 2817 ὅπως
2303 2753 2390 2806 διὰ
2419 2755 2516 2824 μὲν
2553 2753 2645 2808 τοῦ
2685 2754 3077 2826 ἐπιθυμητικοῦ
3119 2756 3252 2827 πρὸς
3297 2755 3394 2826 τὴν
3427 2755 3523 2808 τοῦ
3551 2755 3691 2808 Θεοῦ

2130 2846 2348 2918 ἀγάπην
2377 2846 2728 2917 συνάπτηται,
2764 2847 2852 2902 διὰ
2881 2849 2939 2903 δὲ
2974 2848 3067 2902 τοῦ
3098 2847 3396 2918 λογιστικοῦ
3421 2848 3522 2918 τὴν
3559 2847 3692 2916 παρ’

2132 2937 2294 2991 αὐτοῦ
2346 2938 2544 3008 γνῶσιν
2588 2939 2682 2993 καὶ
2737 2941 2927 3010 σοφίαν
2967 2940 3302 3012 εἰσδέχηται,
3356 2940 3442 2994 διὰ
3481 2939 3540 2992 δὲ
3596 2938 3693 2992 τοῦ

2135 3029 2304 3100 θυμοῦ
2334 3031 2468 3102 πρὸς
2488 3031 2556 3084 τὰ
2575 3032 2855 3102 πνεύματα
2876 3033 2974 3104 τῆς
2995 3033 3252 3105 πονηρίας
3280 3033 3661 3102 ἀντιτάττηται
3677 3072 3693 3092 ,

2136 3122 2230 3174 καὶ
2257 3123 2314 3175 ὲν
2342 3122 2549 3186 τούτοις
2579 3122 2738 3177 πάλιν
2765 3124 2946 3188 αὐτοῖς
2969 3127 3082 3188 τοῖς
3105 3123 3250 3195 τρισὶ
3271 3123 3334 3176 τὸ
3363 3124 3482 3176 κατ’
3510 3124 3699 3175 εἰκόνα

2061 3193 2102 3250 C
2135 3209 2269 3263 Θεοῦ
2314 3210 2705 3281 διαγράφουσα.
2747 3213 2906 3284 Τρισὶ
2946 3212 3053 3284 γὰρ
3083 3193 3301 3284 τρόποις
3346 3212 3374 3264 ὁ
3409 3213 3467 3264 ὲν
3505 3211 3697 3281 Τριάδδι

2129 3300 2260 3365 Θεὸς
2281 3300 2405 3372 τρία
2434 3301 2571 3373 μέρη
2597 3302 2788 3355 διοικεῖ
2813 3303 2908 3357 καὶ
2938 3303 3129 3365 διέπει,
3171 3301 3265 3355 καὶ
3303 3301 3371 3356 τὰ
3399 3302 3700 3374 ἐπουράνια

2129 3391 2290 3461 λέγω,
2316 3395 2410 3446 καὶ
2431 3392 2499 3446 τὰ
2519 3393 2756 3462 ἐπίγεια,
2781 3393 2874 3447 καὶ
2896 3392 2964 3447 τά
2985 3393 3330 3466 καταχθόνια,
3352 3397 3416 3465 τῇ
3439 3395 3699 3466 δημιουρ·

2129 3487 2257 3557 γικῇ
2300 3484 2460 3540 αὐτοῦ
2493 3485 2714 3556 δυνάμει
2749 3486 2842 3539 καί
2876 3488 2943 3558 τῇ
2984 3488 3310 3559 προνοητικῇ
3351 3486 3444 3538 καὶ
3473 3489 3538 3554 τῇ
3569 3503 3696 3556 κρι-

2129 3581 2276 3649 τικῇ·
2301 3579 2393 3632 καὶ
2419 3579 2524 3631 πᾶν
2544 3577 2654 3650 γὰρ
2682 3577 2710 3630 ὃ
2729 3576 2860 3641 Θεὸς
2886 3577 3291 3649 διαπράττεται,
3317 3577 3435 3630 καθ’
3468 3576 3564 3628 ἕνα
3585 3577 3694 3629 τῶν

2129 3669 2295 3739 τριῶν
2319 3668 2520 3721 τούτων
2547 3668 2760 3739 τρόπων
2785 3667 2914 3720 αὐτὸ
2941 3665 3354 3736 κατεργάζεται,
3379 3666 3411 3735 ἢ
3437 3666 3696 3736 δημιουρ-

2130 3759 2266 3831 γῶν,
2309 3760 2343 3833 ῆ
2374 3760 2785 3832 προνοούμενος,
2815 3759 2849 3831 ἢ
2887 3756 3177 3811 παιδεύων.
3218 3757 3325 3810 Καὶ
3350 3755 3443 3809 τοῦ
3477 3757 3572 3826 μὲν
3600 3756 3698 3825 δη-

2135 3850 2453 3924 μιουργικοῦ
2471 3851 2566 3904 τοῦ
2587 3849 2720 3904 Θεοῦ
2741 3850 2802 3902 τὸ
2824 3850 2943 3903 κατ’
2966 3849 3146 3902 εἰκόνα
3172 3848 3289 3902 ἐστὶ
3313 3847 3371 3900 τὸ
3391 3847 3485 3917 τῆς
3517 3847 3696 3916 ψυχῆς

2133 3943 2519 4013 ἐπιθυμητικόν
2539 3960 2551 3974 ο
2581 3942 2758 4014 ἡγὰρ
2785 3941 3046 4012 ἐπιθυμία
3098 3943 3178 4004 εἰς
3206 3939 3402 4012 πρᾶξιν
3427 3940 3567 4007 ἄγει·
3597 3938 3695 3992 τοῦ

2132 4035 2189 4088 δὲ
2216 4033 2565 4106 προνοητικοῦ
2606 4031 2768 4086 αὐτοῦ
2807 4031 2969 4086 πάλιν
2998 4031 3264 4102 σύμὸολον
3305 4031 3402 4100 τῆς
3427 4030 3604 4100 ψυχῆς
3637 4030 3700 4081 τὸ

2133 4125 2451 4195 λογιστικόν·
2480 4124 2571 4178 τοῦ
2595 4124 2650 4177 δὲ
2673 4123 3017 4178 παιδευτικοῦ
3059 4123 3118 4176 τὸ
3143 4123 3366 4192 θυμικὸν
3392 4122 3698 4190 καθέστηκε

2136 4215 2431 4286 σύσσημον.
2461 4215 2570 4268 Καὶ
2593 4215 2720 4279 ἴσως
2743 4215 2870 4268 ῖδιον
2901 4215 2998 4285 μὲν
3026 4215 3123 4284 τῆς
3144 4213 3321 4291 ψυχῆς
3343 4216 3375 4284 ἠ
3408 4212 3695 4282 ἐπιθυμία.

2135 4309 2247 4379 Πρὸ
2284 4309 2392 4380 γὰρ
2420 4309 2597 4380 πάσης
2639 4306 2825 4371 λαλιᾶς
2845 4307 2914 4360 τά
2946 4308 3113 4376 νήπια
3158 4305 3375 4376 ἔμψυχα
3429 4305 3698 4376 γενόμενα

2134 4399 2332 4462 εὐθέως
2374 4397 2652 4469 ὀρέγονται
2681 4397 2772 4450 τοῦ
2806 4395 2978 4467 μαζοῦ
3021 4396 3116 4449 καὶ
3156 4395 3250 4448 τοῦ
3301 4393 3489 4447 ὕπνου·
3543 4393 3603 4445 τὸ
3641 4395 3698 4445 δὲ

465 4490 770 4561 symbolum
800 4497 883 4546 est
938 4491 992 4544 in
1044 4490 1222 4545 anima
1261 4490 1344 4545 vis
1387 4489 1782 4555 ratiocinandi;
1817 4490 2030 4546 virtutis

2138 4489 2438 4560 λογιστικὸν
2471 4487 2689 4560 εΰδηλον
2718 4486 2911 4541 ὅτιτοῦ
2932 4481 3148 4555 λογικοῦ
3170 4486 3422 4556 τυγχάνει
3458 4484 3604 4536 ἴδιον·
3637 4485 3698 4535 τὸ

466 4585 684 4637 domum
744 4581 1045 4655 castigandi
1097 4580 1328 4636 facultas
1358 4581 1625 4636 irascendi
1659 4581 1918 4637 indicium
1978 4592 2033 4640 et

467 4680 594 4728 nota
619 4674 912 4729 constituta
939 4681 1040 4729 est.
1063 4672 1140 4727 Ac
1167 4671 1400 4728 fortasse
1438 4671 1656 4742 propria
1695 4672 1912 4743 quidem
1944 4683 2031 4729 est

468 4765 661 4818 animae
683 4763 1118 4836 concupiscentia
1148 4783 1160 4819 :
1195 4765 1345 4836 prius
1372 4765 1516 4820 enim
1545 4780 1709 4835 quam
1741 4765 1850 4818 ullo
1873 4766 2033 4821 modo

469 4856 565 4910 fari
587 4856 794 4926 possint
813 4855 1066 4920 infantes,
1087 4857 1175 4911 ubi
1191 4857 1412 4912 animati
1426 4856 1642 4918 fuerint.
1659 4857 1819 4912 ubera
1844 4872 2034 4927 quam-

467 4947 702 5016 primum
767 4953 1047 5016 appetunt,
1079 4953 1134 5000 et
1158 4946 1223 5001 ad
1268 4962 1517 5002 somnum
1553 4947 1916 5012 inclinantur;
1951 4946 2033 5000 fa-

464 5038 638 5092 cultas
667 5045 845 5091 autem
876 5035 1258 5099 ratiocinandi,
1286 5037 1508 5093 dubium
1535 5054 1643 5093 non
1673 5047 1774 5103 est,
1807 5038 1937 5108 quin
1964 5037 2033 5092 ad

466 5126 695 5182 rationis
723 5127 830 5181 vim
857 5127 1073 5198 proprie
1100 5126 1392 5183 referatur.
1411 5129 1932 5200 lrascendidenique
1949 5130 2032 5186 vis

464 5235 516 5272 III
548 5219 663 5290 ipsa
697 5229 876 5276 mente
899 5223 1197 5278 consistere
1224 5224 1540 5280 naturaliter
1569 5226 1724 5289 solet,
1749 5241 1868 5296 qua!
1896 5226 1949 5280 in
1967 5241 2032 5282 eo

462 5309 647 5374 ctiam,
676 5311 768 5382 qui
823 5320 1016 5382 praeter
1043 5323 1290 5368 naturam
1344 5315 1619 5380 irascitur,
1666 5318 2028 5387 perturbatur.

465 5400 521 5452 Si
548 5401 671 5470 quis
694 5417 826 5472 ergo
849 5405 1120 5472 quomodo
1147 5407 1210 5459 ad
1245 5406 1529 5476 imaginem
1547 5424 1606 5461 ac
1624 5410 2030 5465 similitudinem

466 5491 556 5546 Dei
586 5491 762 5549 factus
795 5496 866 5549 sit
891 5495 1074 5563 homo,
1109 5497 1322 5554 discere
1351 5501 1552 5569 cupiat,
1584 5499 1698 5553 hac
1733 5508 1944 5563 tractet,
1976 5502 2031 5556 in

465 5583 578 5639 lnec
609 5596 663 5640 et
719 5586 1053 5657 hujusmodi.
1092 5591 1249 5661 adyta
1299 5593 1809 5662 contemplationum
1851 5593 2031 5662 ingre-

465 5677 662 5741 diatur,
691 5685 746 5733 et
782 5680 975 5735 animae
1018 5698 1130 5737 sua:
1176 5685 1452 5739 intellectu
1507 5684 1745 5757 prmdita:
1773 5685 2033 5738 constitu-

465 5768 663 5823 tionem
704 5772 1031 5840 consideret,
1087 5791 1272 5830 omnes
1299 5776 1414 5846 ejus
1442 5787 1623 5848 partes
1649 5785 1920 5846 accurate,
1953 5778 2024 5832 si-

2134 4582 2191 4636 δὲ
2233 4581 2457 4653 θυμικὸν
2493 4582 2620 4651 περὶ
2655 4579 2745 4633 τὸν
2775 4578 2897 4633 νοῦν
2940 4577 3287 4632 συνίστασθαι
3325 4576 3588 4642 πέφυκεν,
3637 4575 3699 4626 ὃν

2133 4675 2227 4730 καὶ
2256 4674 2575 4744 ταράττεται
2601 4673 2630 4726 ὁ
2656 4671 2806 4742 παρὰ
2830 4669 2991 4739 φύσιν
3017 4667 3370 4739 θυμούμενος.
3394 4663 3464 4719 Ei
3488 4681 3573 4727 τις
3597 4665 3700 4716 τοί-

2132 4781 2228 4817 νυν
2251 4762 2313 4816 τὸ
2336 4762 2451 4825 πῶς
2476 4761 2596 4816 κατ’
2616 4761 2796 4814 εἰκόνα
2817 4759 2910 4813 καὶ
2930 4757 3182 4829 ὁμοίωσιν
3201 4754 3334 4809 Θεοῦ
3356 4757 3384 4808 ὁ
3416 4753 3510 4808 ἄνθ
3520 4770 3699 4824 ρωπος

2135 4853 2370 4925 βούλοιτο
2405 4851 2612 4923 μαθεῖν,
2637 4849 2808 4905 ταῦτα
2823 4848 3140 4921 ψηλαφάτω,
3163 4847 3219 4900 ἐν
3242 4845 3446 4907 τούτοις
3475 4843 3699 4904 καὶτοῖς

2131 4944 2388 5009 τοιούτοις
2408 4944 2616 5008 ἀδύτοις
2627 4943 2734 4997 τῶν
2753 4942 3037 5013 νοημάτων
3057 4939 3260 5003 εἰσίτω,
3281 4938 3374 4992 καὶ
3387 4935 3485 5007 τὴν
3502 4934 3699 4990 ἑαυτοῦ

2132 5038 2474 5109 κατασκευὴν
2498 5037 2598 5107 τῆς
2636 5034 2847 5106 φύσεως
2869 5030 3228 5086 διασκοπείτω
3253 5030 3352 5100 τὴν
3383 5027 3483 5098 τῆς
3505 5027 3700 5095 νοερᾶς

2132 5131 2325 5203 ψυχῆς·
2345 5131 2555 5184 ἅπαντα
2563 5127 2773 5190 λεπτῶς
2786 5143 2844 5180 τε
2856 5125 2949 5180 καὶ⁸
2966 5123 3157 5194 ἰσχνῶς
3173 5119 3484 5192 μανθανέτω
3498 5117 3567 5172 τὰ
3577 5117 3703 5170 ταύο

2130 5240 2228 5294 της
2251 5222 2414 5293 μέρη,
2434 5220 2503 5274 τὰ
2525 5220 2664 5292 μέρη
2683 5218 2790 5273 τῶν
2822 5217 3024 5289 μερῶν,
3040 5216 3165 5278 τοὺς
3195 5212 3405 5280 λόγους,
3430 5211 3556 5272 τοὺς
3580 5210 3702 5278 τρό-

2133 5333 2265 5379 πους
2288 5314 2382 5368 καὶ
2396 5314 2674 5385 προόδους,
2688 5312 2784 5375 τὰς
2799 5309 3037 5372 ένώσεις,
3054 5307 3150 5371 τὰς
3167 5307 3481 5378 διακρίσεις,
3497 5301 3558 5353 τὸ
3571 5300 3700 5354 ταύ-

2131 5425 2228 5478 της
2255 5406 2547 5476 μονοειδὲς,
2573 5404 2634 5458 τὸ
2668 5403 2951 5475 τριμερὲς,
2978 5401 3040 5453 τὸ
3058 5401 3275 5461 ένιαίον,
3305 5395 3364 5448 τὸ
3383 5393 3588 5457 δυῖκὸν,
3633 5393 3696 5445 τὸ

2131 5499 2418 5572 τριαδικὸν,
2445 5499 2562 5560 πῶς
2589 5498 2682 5550 καὶ
2727 5494 2823 5566 μία
2859 5493 2995 5555 ἐστὶ,
3026 5491 3118 5545 καί
3141 5491 3196 5544 ὲν
3215 5487 3360 5559 τρισὶ
3393 5485 3695 5554 θεωρεῖται,

2133 5594 2250 5646 κατ’
2282 5591 2464 5645 εἰκόνα
2497 5590 2590 5642 καὶ
2626 5587 2879 5659 ὁμοίωσιν
2926 5583 3060 5638 Θεοῦ
3091 5580 3255 5652 μονὰς
3284 5579 3340 5632 ὲν
3377 5575 3572 5646 τριάδι,
3607 5575 3698 5626 καὶ

2133 5683 2287 5756 τριὰς
2303 5686 2359 5736 ὲν
2379 5683 2564 5754 μονάδι
2579 5679 2820 5744 τυπικῶς
2830 5673 3350 5748 γνωριζομένη.”οτι
3366 5669 3472 5737 γὰρ
3487 5669 3581 5720 καὶ
3604 5666 3699 5736 μία

2133 5778 2248 5830 ἐστὶ
2277 5779 2340 5847 τῇ
2370 5776 2547 5847 οὐσίᾳ,
2579 5775 2670 5829 καὶ
2703 5774 2762 5827 οὐ
2792 5773 2886 5844 μία
2911 5772 2976 5842 τῇ
3005 5765 3203 5837 θεωρίᾳ
3228 5763 3334 5817 τῶν
3371 5757 3569 5828 ἑαυτῆς
3605 5772 3698 5827 με·
