4018 6490
202 414 334 470 135⁸⁷

1244 419 1405 487 QUID
1438 420 1567 485 SIT,
1606 420 1695 474 AD
1716 419 2047 475 IMAGINE.“
2081 421 2206 487 DEI,
2236 424 2388 480 ETC.

3293 425 3433 482 1558

202 530 327 601 ρῶν,
360 537 592 599 ἐοηλωσε
626 530 812 601 σαφῶς
854 533 882 586 ὁ
910 534 1098 597 εἰπὼν,
1131 536 1310 590 Ψαλῶ
1337 537 1416 603 τῷ
1443 539 1752 607 πνεύματι,

1881 541 2076 599 :illatim
2114 542 2425 613 minuteque
2451 552 2846 613 perscrutetur,
2872 559 2934 599 ac
2960 552 3139 615 partes
3168 545 3429 615 partium,

200 616 371 688 ψαλῶ
381 619 476 673 καὶ
496 624 572 685 τῷ
596 624 708 675 νοΐ·
730 625 1129 694 προσεύξομαι
1160 626 1235 692 τῷ
1260 629 1565 697 πνεύματι,
1579 646 1757 696 προσ-

198 709 440 778 εὔξομαι
480 711 581 764 καὶ
619 710 698 777 τῷ
733 716 845 767 νοτ.
883 715 1095 769 Μᾶλλον
1138 718 1195 770 δὲ
1248 719 1575 790 σαφέστερον
1611 722 1756 789 ἡμεῖς

199 802 502 857 διδάσκουσι
543 802 744 875 ταύτην
771 804 868 874 τὴν
897 808 954 859 ἐν
990 808 1119 877 ἡμῖν
1158 809 1277 861 κατ’
1313 810 1494 863 εἰκόνα
1526 810 1758 879 τυπικὴν

200 892 332 944 Θεοῦ
373 893 563 961 τριάδα
594 893 737 957 τινὲς
759 895 867 947 τῶν
893 896 1211 967 ἀνθρώπων,
1245 899 1308 951 ἐκ
1336 916 1477 961 τινος
1503 899 1758 961 πολλάκις

200 984 377 1047 αἰτίας
404 984 578 1055 ψυχὴν
619 986 716 1056 μὲν
746 986 856 1039 ἐσθ’
882 988 969 1040 ὅτε
1008 989 1245 1059 ἔχοντες,
1276 991 1399 1045 νοῦν
1428 991 1485 1043 δὲ
1531 992 1565 1061 ἢ
1605 990 1759 1059 λόγον

202 1077 276 1147 μὴ
306 1076 518 1147 ἔχοντες
538 1094 551 1107 ·
592 1079 769 1149 ἕτεροι
802 1081 859 1135 δὲ
899 1082 1056 1135 πάλιν
1087 1082 1264 1152 ψυχῆς
1295 1084 1388 1137 καὶ
1412 1082 1567 1152 λόγου
1595 1083 1757 1136 εὐπο-

202 1167 447 1239 ροῦντες.
492 1168 585 1221 νοῦ
627 1170 682 1224 δὲ
724 1170 846 1225 καθ’
872 1172 993 1225 ὅλου
1033 1172 1391 1242 άποροῦντες’
1420 1172 1568 1226 ἄλλοι
1600 1171 1762 1226 πάλιν

200 1260 323 1313 νοῦν
364 1260 456 1313 καὶ
487 1260 661 1331 ψυχὴν
690 1262 928 1333 ἔχοντες,
970 1262 1064 1316 τοῦ
1107 1263 1163 1315 δέ
1196 1263 1351 1331 λόγου
1392 1263 1761 1334 ἐστερημένοι.

204 1352 362 1406 Ὅθεν
396 1354 487 1405 καὶ
525 1354 558 1423 ἠ
592 1353 697 1406 τῶν
744 1354 949 1425 νηπίων
989 1354 1170 1423 φύσις,
1206 1354 1282 1418 ὡς
1316 1357 1381 1408 ἐκ
1433 1354 1656 1417 σκότους
1685 1356 1763 1416 εἰς

200 1444 316 1511 φῶς
354 1445 641 1516 τικτομένη
682 1446 773 1498 καὶ
808 1447 1213 1517 προσερχομένη
1236 1486 1251 1509 ,
1296 1447 1494 1510 εὐθέως
1528 1446 1626 1517 τὴν
1667 1447 1764 1515 μέν

197 1534 373 1605 ψυχὴν
392 1538 615 1606 φανεροί
639 1535 779 1606 ἔχειν
806 1539 883 1600 είς
906 1537 1073 1591 τύπον
1110 1536 1203 1590 τοῦ
1237 1537 1371 1591 Θεοῦ
1410 1537 1503 1590 καὶ
1531 1535 1762 1607 Πατρός,

1858 630 2115 691 rationes,
2170 632 2358 687 modos
2403 641 2458 687 et
2502 651 2844 705 progressus,
2904 636 3341 705 conjunctiones,
3378 644 3432 688 ιιι

1856 720 2259 787 distinctiones,
2314 731 2513 777 statum
2545 726 2665 794 ejus
2717 725 3066 790 uniformern,
3100 741 3163 779 ac
3195 727 3434 795 triparti-

1859 820 1966 864 tam
1996 812 2341 879 divisionem,
2372 816 2702 886 singularem
2728 818 3117 883 conditionem,
3137 819 3429 887 duplicem,

1858 902 2267 974 triplicemque;
2294 907 2570 974 quomodo
2598 917 2652 963 et
2692 926 2795 963 una
2826 912 2896 964 sit
2925 919 2980 963 et
3015 910 3072 962 in
3110 910 3284 963 tribus
3314 924 3433 963 cer-

1861 1002 2043 1056 natur,
2072 993 2139 1047 ad
2174 993 2463 1064 imaginem
2493 1002 2547 1050 et
2585 997 2992 1051 similitudinem
3020 994 3111 1049 Dei
3142 997 3323 1050 Unitas
3375 995 3431 1049 in

1860 1084 2099 1138 trinitate
2119 1094 2173 1140 et
2200 1086 2416 1141 trinitas
2445 1087 2498 1140 in
2530 1088 2758 1151 unitate,
2789 1096 3044 1157 tanquam
3084 1088 3252 1158 figura
3281 1087 3431 1141 desi-

1861 1184 2019 1245 gnata
2044 1185 2099 1230 et
2120 1186 2363 1233 ostensa.
2398 1175 2571 1231 Unam
2604 1178 2747 1232 enim
2794 1179 2939 1233 illam
2979 1194 3103 1233 esse
3132 1179 3430 1234 secundum

1862 1268 2170 1331 essentiam,
2204 1276 2258 1324 et
2293 1283 2400 1322 non
2438 1270 2686 1334 unam,si
2717 1277 2901 1339 partes
2929 1270 3047 1339 ejus
3086 1271 3435 1327 consideren-

1864 1365 1973 1421 tur,
2006 1358 2291 1414 manifeste
2348 1359 2533 1413 docuit
2587 1361 2678 1429 qui
2726 1361 2883 1424 dixit,
2935 1359 3177 1414 Psallam
3218 1362 3434 1429 spiritu,

1860 1451 2086 1518 psallam
2125 1461 2176 1505 et
2197 1462 2403 1517 mente;
2436 1452 2600 1507 orabo
2646 1453 2856 1520 spiritu,
2898 1452 3059 1504 orabo
3092 1461 3140 1505 et
3170 1462 3339 1506 mente
3361 1453 3431 1507 ⁸¹.

1865 1539 1974 1593 lmo
2016 1540 2181 1595 etiam
2231 1541 2400 1595 multo
2453 1541 2796 1596 manifestius
2842 1542 2983 1595 hanc
3028 1540 3325 1611 trinitatem
3367 1542 3435 1594 ad

196 1626 425 1697 δυνάμει
473 1628 571 1698 μὲν
593 1624 781 1698 νοεράν
814 1625 999 1692 οὖσαν,
1034 1630 1126 1683 καὶ
1165 1631 1222 1682 ἐν
1249 1631 1384 1700 αὐτῇ
1425 1629 1650 1700 ἔχουσαν
1675 1629 1766 1681 τὸν

1887 1632 2152 1701 maginem
2186 1630 2276 1686 Dei
2310 1633 2364 1686 in
2394 1632 2550 1687 nobis
2582 1633 2865 1702 ﬁguratam
2898 1649 2964 1687 ex
2996 1633 3276 1702 corporeis
3309 1633 3435 1701 qni-

197 1718 375 1786 λόγον,
405 1721 497 1772 καὶ
523 1719 614 1772 τὸν
643 1719 785 1773 νοῦψ
810 1721 946 1773 κατὰ
987 1720 1253 1790 πρόϐασίν
1278 1720 1340 1774 δὲ
1370 1719 1766 1791 προκόπτοντος

1881 1721 2094 1777 busdam
2136 1723 2318 1778 causis
2355 1738 2730 1792 saepenumero
2753 1722 2911 1779 nobis
2942 1724 3189 1777 homines
3217 1722 3436 1792 quidam

197 1811 298 1863 καὶ
338 1809 592 1878 αὔξοντος
631 1810 726 1865 τοῦ
772 1811 1019 1882 σώματος
1070 1812 1318 1883 δεύτερον
1356 1812 1640 1883 ἐμφανίζει
1677 1812 1767 1865 τὸν

1881 1811 2267 1873 lemonstrant,
2289 1812 2381 1882 qui
2402 1826 2790 1880 nonnunquam
2832 1810 3066 1863 animam
3096 1808 3313 1879 quidem
3337 1809 3437 1860 ha-

197 1902 377 1971 λόγον,
416 1903 506 1955 καὶ
535 1901 721 1956 τοῦτον
764 1903 862 1956 οὐκ
907 1902 1117 1974 ἀθρόως
1156 1902 1277 1957 οὐδὲ
1316 1902 1593 1971 ἐξαίφνης.
1635 1901 1771 1956 ἀλλὰ

1881 1903 2018 1965 bent,
2055 1911 2289 1958 mentem
2340 1910 2519 1957 autem
2550 1903 2635 1957 vel
2693 1917 2997 1958 sermonem
3045 1914 3155 1954 non
3192 1900 3390 1954 habent
3420 1916 3437 1965 ;

200 1993 649 2063 προψελλίζουσα,
682 1996 775 2048 καὶ
797 1995 960 2049 οἱονεὶ
1001 1993 1407 2066 σκιαγραφοῦσα
1443 1995 1535 2047 καὶ
1556 2011 1768 2064 προμη-

1881 1992 1963 2046 alii
1985 2006 2115 2047 vero
2145 2008 2337 2047 rursus
2366 2001 2421 2046 et
2448 1993 2629 2046 anima
2649 2001 2702 2047 et
2720 2005 2972 2046 sermone
3002 1988 3234 2061 praediti,
3261 1996 3440 2042 mente

198 2083 401 2137 νύουσα
440 2085 540 2155 τὴν
579 2084 671 2138 τοῦ
701 2085 874 2154 Λόγου
910 2084 998 2139 διὰ
1039 2086 1239 2157 σαρκὸς
1264 2084 1531 2155 γέννησιν·
1555 2083 1766 2137 καὶτοῦ

1881 2091 2051 2137 autem
2086 2082 2299 2152 penitus
2324 2082 2602 2148 destituti;
2636 2082 2726 2136 alii
2757 2096 2951 2136 rursus
2982 2088 3217 2135 mentem
3237 2085 3293 2133 et
3320 2077 3441 2131 ani-

198 2175 295 2229 νοῦ
333 2176 583 2245 δηλοῦται
618 2178 651 2246 ἡ
682 2177 969 2249 παρουσία,
994 2177 1082 2231 ὅτε
1118 2177 1197 2240 είς
1223 2176 1390 2248 ἄνδρα
1414 2175 1614 2230 τέλειον
1636 2192 1770 2247 προ-

1881 2188 2016 2227 mam
2083 2172 2304 2236 habent,
2357 2188 2608 2227 sermone
2630 2187 2758 2227 vero
2794 2172 2988 2242 privati
3022 2180 3169 2225 sunt.
3202 2166 3354 2224 Unde
3386 2176 3441 2220 et

197 2268 343 2339 κόψῃ
376 2267 436 2321 τδ
462 2269 673 2339 νήπιον.

1881 2266 2159 2321 infantium
2184 2274 2398 2329 natura,
2419 2274 2675 2334 tanquam
2705 2279 2736 2317 e
2753 2263 2996 2318 tenebris
3016 2261 3069 2316 in
3089 2261 3262 2315 lucem
3282 2264 3440 2330 partu

194 2362 369 2429 edita,
396 2379 427 2417 e
452 2363 679 2433 vestigio
700 2362 915 2433 quidem
942 2363 1175 2418 animam
1199 2378 1257 2418 se
1279 2362 1476 2418 habere
1490 2361 1751 2424 ostendit,
1792 2376 1913 2431 quae
1963 2361 2020 2415 in
2072 2362 2297 2431 ﬁguram
2346 2360 2435 2414 Dei
2495 2369 2549 2414 et
2575 2358 2755 2413 Patris
2786 2364 3049 2427 potestate
3076 2355 3291 2427 quidem
3355 2354 3441 2407 in-

200 2458 422 2514 tollectu
456 2455 677 2526 predita
704 2463 809 2520 est,
862 2464 917 2512 et
956 2456 1010 2511 in
1057 2456 1238 2526 seipsa
1271 2470 1574 2511 sermonem
1604 2455 1767 2509 habet
1804 2468 1867 2508 ac
1894 2462 2153 2516 mentem,
2209 2466 2331 2508 cum
2376 2465 2665 2521 progressu
2711 2458 2891 2504 autem
2934 2459 2990 2504 et
3057 2449 3259 2505 sensim
3325 2463 3446 2503 cre-

197 2560 391 2606 scente
412 2565 475 2604 ac
507 2558 760 2621 provecto
784 2566 1013 2621 corpore
1041 2566 1343 2606 sermonem
1370 2550 1567 2605 deinde
1632 2548 1960 2612 manifestat,
2009 2560 2063 2604 et
2127 2548 2271 2602 hunc
2318 2561 2425 2600 non
2468 2545 2753 2600 confestim
2817 2551 2873 2599 et
2940 2552 3163 2613 repente
3227 2544 3442 2608 fusum,

196 2641 301 2698 sed
332 2641 481 2713 prius
517 2641 885 2705 balbutiendo,
918 2651 971 2697 et
1012 2656 1169 2712 quam
1224 2641 1555 2695 adumbrans
1604 2654 1668 2695 ac
1729 2641 2102 2710 praenuntiatus
2139 2638 2540 2708 generationem
2584 2635 2748 2691 Verbi
2796 2650 2889 2706 per
2922 2649 3140 2690 carnem
3174 2651 3188 2689 :
3247 2636 3445 2691 mentis
3486 2700 3489 2705 γ

198 2747 338 2788 vero
382 2731 667 2802 prasentia
698 2730 1008 2786 declaratur
1038 2746 1162 2785 cum
1195 2731 1249 2785 in
1276 2730 1450 2784 virum
1474 2727 1772 2801 perfectum
1811 2728 1990 2785 infans
2016 2729 2267 2785 evaserit.

289 2824 448 2880 ’Λλλὰ
467 2825 542 2889 τί,
570 2824 720 2895 φησι,
743 2823 916 2878 ταῦτα
955 2823 1215 2877 συντείνει
1252 2826 1328 2887 είς
1356 2824 1453 2894 τὴν
1476 2822 1772 2894 προκειμέ-

198 2935 307 2989 νην
328 2917 421 2971 τοῦ
432 2914 716 2987 ἀνθρώπου
733 2915 985 2968 ὑπόθεσιν
1001 2914 1131 2980 ςΚαὶ
1150 2915 1288 2968 πάνυ
1314 2915 1430 2984 μὲν,
1444 2912 1771 2984 ῶάνθρωπε,

196 3010 299 3064 διὰ
340 3009 545 3063 τούτων
602 3006 939 3079 μανθάνομεν
989 3008 1080 3060 τὸν
1124 3007 1323 3077 τρόπον
1358 3006 1456 3075 τῆς
1491 3004 1585 3057 τοῦ
1617 3003 1772 3067 Θεοῦ,

196 3100 397 3170 ὥσπερ
425 3100 482 3152 ἐν
515 3116 619 3153 τινι
646 3097 881 3168 σώματι,
916 3098 974 3150 ἐν
1008 3096 1087 3168 τῷ
1114 3097 1302 3166 κόσμῳ
1329 3094 1682 3167 φανερώσεώς
1711 3111 1771 3147 τε

197 3192 305 3245 καὶ
339 3190 683 3255 ἀναδείξεως,
721 3190 814 3242 καὶ
857 3187 975 3251 πῶς
1008 3188 1149 3241 κατὰ
1180 3187 1442 3258 πρόδασιν
1470 3188 1502 3257 ἡ
1526 3185 1768 3258 ἡμετέρα

197 3282 373 3352 φύσις
397 3282 460 3335 τὸ
484 3282 586 3353 τῆς
611 3280 837 3350 ’τριάδος
855 3279 1067 3347 ἐπέγνω
1102 3279 1275 3349 μυστή
1286 3295 1415 3349 ριον.
1456 3277 1766 3348 Συνελήφθη

195 3374 322 3445 γὰρ
372 3374 478 3427 ὑπὸ
529 3372 623 3426 τοῦ
657 3373 858 3443 σπόρου
899 3372 993 3425 τοῦ
1025 3371 1261 3445 πονηροῦ
1288 3370 1475 3442 ῶσπερ
1504 3372 1562 3425 ἐν
1583 3370 1776 3442 γαστρί

196 3484 317 3521 τινι
375 3464 477 3534 τῆς
517 3464 724 3534 πλάνης
768 3466 797 3517 ὁ
834 3464 1135 3536 ἄνθρωπος,
1164 3466 1220 3517 ἐν
1254 3467 1541 3527 σκοτεινοῖς
1589 3464 1683 3517 καὶ
1720 3465 1777 3517 ἐν

202 3557 345 3627 σκιᾷ
396 3555 623 3609 θανάτου
662 3554 965 3627 καθήμενος
987 3570 1001 3585 ⁶
1030 3553 1145 3609 εἶτα
1190 3557 1270 3620 είς
1307 3556 1421 3625 φῶς
1455 3555 1780 3623 θεογνωσίας

199 3648 403 3718 ὥσπερ
444 3648 637 3719 νήπιος
682 3648 741 3700 ἐν
772 3650 914 3720 ἀρχῇ
968 3648 1383 3718 προερχόμενος,
1412 3647 1501 3702 διὰ
1551 3648 1651 3718 τῆς
1682 3646 1778 3700 τοῦ

201 3740 382 3810 νόμου
435 3739 797 3809 χειραγωγίας
844 3739 1056 3810 ἐδείχθη
1103 3739 1360 3810 ἔμψυχος,
1398 3740 1649 3808 ἐπιγνοὺς
1688 3738 1781 3792 τὸν

202 3832 441 3902 Πατέρα
466 3832 562 3884 καὶ
597 3831 728 3884 Θεὸν
759 3832 817 3885 ἐν
849 3831 1026 3901 ἐαυτῷ
1059 3832 1155 3901 μὲν
1186 3831 1394 3900 ἔχοντα,
1415 3831 1662 3902 καθάπερ
1690 3832 1783 3884 καὶ

206 3926 247 3996 ἡ
273 3921 440 3994 ψυχὴ,
472 3920 711 3975 ἐνούσιον
757 3921 850 3975 τὸν
882 3921 1052 3990 Λόγον
1084 3922 1255 3975 καὶτὸ
1287 3921 1532 3992 Πνεῦμα.
1559 3922 1651 3991 Μὴ
1678 3939 1784 3991 χω-

209 4013 421 4087 ροῦντα
445 4012 503 4066 δέ
543 4012 635 4066 τὸν
684 4011 967 4083 ἄνθρωπον
1011 4012 1099 4066 διὰ
1144 4012 1342 4086 πολλὴν
1372 4011 1597 4085 γνώμης
1622 4012 1784 4066 ἀσθέ-

208 4107 372 4161 νειάν
393 4122 453 4158 τε
509 4105 604 4158 καὶ
657 4104 956 4176 νηπιότητα
982 4102 1080 4174 τὴν
1120 4104 1215 4158 τοῦ
1245 4103 1404 4172 λόγου
1436 4105 1529 4157 καὶ
1562 4102 1657 4157 τοῦ
1690 4103 1785 4157 νοῦ

212 4197 547 4268 φανέρωσιν,
577 4196 663 4250 ἵνα
694 4196 766 4267 μὴ
808 4199 888 4260 είς
911 4196 1198 4251 πολυθεὴν
1244 4197 1333 4251 διὰ
1366 4195 1676 4259 θεοσεϐείας
1703 4194 1789 4260 ἐξ·

212 4288 512 4359 ολισθήσῃ,
544 4283 662 4339 εἶτα
689 4287 782 4341 τοῦ
836 4288 1027 4360 χρόνου
1074 4289 1471 4360 προκόπτοντος
1512 4287 1788 4355 ἐσοφίζετο

214 4380 429 4444 λοιπὸν,
458 4380 643 4451 ὥσπερ
681 4381 869 4451 νήπιον
918 4380 1277 4451 αὐξανόμενον
1325 4382 1359 4451 ἡ
1408 4380 1649 4451 ἡμετέρα
1692 4378 1787 4433 τοῦ

217 4473 433 4542 κόσμου
465 4470 647 4540 φύσις,
687 4470 935 4541 καθάπερ
984 4470 1091 4524 ἀπὸ
1135 4470 1312 4541 ψυχῆς
1363 4488 1503 4533 τινος
1540 4469 1786 4523 διδασκο-

1953 2822 2058 2878 Sed
2086 2822 2230 2877 dicet
2252 2822 2450 2892 aliquis
2478 2837 2493 2876 :
2521 2819 2660 2887 Quid
2688 2821 2803 2876 haec
2834 2820 2899 2876 ad
2932 2820 3237 2875 institutam
3259 2819 3325 2875 de
3349 2818 3447 2876 ho-

1880 2915 2026 2969 mine
2062 2913 2480 2983 disputationem
2528 2910 2795 2965 attinent?
2827 2908 2994 2965 Valde
3048 2925 3213 2972 vero,
3264 2910 3445 2976 homo,

1879 3019 1943 3060 ex
1978 3004 2063 3059 liis
2091 3002 2463 3073 intelligimus,
2491 3017 2600 3071 quo
2624 3002 2845 3056 tandem
2873 3010 3031 3071 pacto
3052 3017 3111 3057 se
3138 3001 3301 3064 Deus,
3329 3010 3451 3056 tan-

1879 3110 2041 3167 quam
2096 3094 2151 3149 in
2204 3105 2431 3164 corpore
2455 3092 2714 3163 quodam,
2766 3091 2822 3147 in
2860 3092 3063 3146 mundo
3094 3090 3446 3147 manifestum

1880 3186 2174 3243 reddiderit
2234 3194 2396 3257 atque
2443 3184 2766 3256 prodiderit,
2798 3198 3015 3255 quaque
3046 3184 3257 3238 ratione
3286 3183 3451 3253 pede-

1877 3279 2067 3334 tentim
2111 3286 2305 3332 natura
2352 3288 2537 3332 nostra
2582 3275 2899 3347 mysterium
2944 3273 3227 3329 Trinitatis
3284 3289 3452 3346 agno-

1878 3368 2034 3424 verit.
2067 3368 2163 3424 Est
2194 3367 2337 3424 enim
2352 3373 2650 3437 conceptus
2684 3365 2734 3420 vi
2763 3365 2986 3421 seminis
3008 3364 3291 3435 cujusdam
3322 3365 3449 3419 mali

1880 3469 2136 3532 tanquam
2187 3460 2244 3514 in
2299 3466 2455 3515 utero
2481 3458 2716 3529 quodam
2766 3456 3231 3527 praevaricationis
3265 3458 3448 3517 homo,

1880 3554 1935 3608 in
1963 3551 2269 3607 tenebrosis
2315 3557 2369 3605 et
2402 3550 2458 3603 in
2498 3548 2689 3603 umbra
2741 3548 2935 3601 mortis
2984 3546 3224 3602 sedens:
3257 3545 3454 3602 deinde

1880 3658 2004 3697 cum
2041 3642 2096 3696 in
2152 3639 2478 3712 cognitionis
2504 3635 2599 3693 Dei
2646 3637 2823 3692 lucem
2868 3647 3124 3707 tanquam
3174 3635 3356 3691 infans
3385 3636 3455 3691 ab

1881 3734 2039 3788 initio
2056 3747 2383 3803 progressus
2408 3739 2571 3793 esset,
2586 3744 2683 3799 per
2713 3728 2847 3798 legis
2867 3728 3218 3783 directionem
3241 3728 3456 3781 anima-

1882 3833 1972 3880 tus
2000 3826 2224 3880 effectus
2252 3831 2358 3887 est,
2404 3837 2529 3877 cum
2573 3820 2789 3876 Patrem
2821 3834 2886 3874 ac
2913 3819 3080 3875 Deum
3110 3828 3455 3890 agnosceret,

1884 3916 1938 3971 in
1965 3931 2025 3971 se
2053 3915 2270 3984 quidem
2298 3912 2606 3977 habentem,
2638 3910 2782 3965 sicut
2814 3916 2869 3964 et
2901 3908 3102 3971 anima,
3138 3909 3451 3963 substantia

1884 4006 2237 4076 conjunctum
2286 4002 2523 4058 Verbum
2574 4009 2628 4056 et
2675 3998 2959 4069 Spiritum.
2990 3997 3273 4053 Hominem
3305 4013 3454 4059 vero,

1886 4112 2009 4152 cum
2038 4104 2257 4167 propter
2305 4094 2526 4148 nimiam
2562 4091 2753 4162 judicii
2788 4082 3212 4145 imbecillitatem
3236 4104 3343 4143 non
3365 4105 3461 4142 ca-

1886 4195 2039 4257 peret
2094 4182 2589 4239 manifestationem
2640 4181 2792 4236 verbi
2836 4186 2892 4235 et
2932 4180 3152 4245 mentis,
3184 4195 3251 4234 ne
3278 4179 3464 4249 specie

1886 4272 2057 4336 divini
2089 4278 2268 4332 cultus
2287 4273 2662 4345 prolaberetur
2687 4272 2741 4327 in
2767 4271 3059 4326 multorum
3097 4271 3324 4326 deorum
3338 4273 3460 4325 eul-

1888 4379 2025 4435 tum,
2054 4378 2297 4438 tempore
2324 4364 2651 4437 procedente
2684 4361 2965 4418 erudiebat
2996 4369 3254 4432 tanquam
3282 4361 3463 4416 infan-

1889 4464 2059 4518 tulum
2100 4467 2435 4518 crescentem
2478 4458 2592 4512 haec
2631 4464 2817 4512 nostra
2847 4456 3033 4511 mundi
3066 4467 3280 4521 natura,
3314 4457 3461 4512 velut

221 4562 364 4635 μὲνη
399 4562 502 4615 ὑπὸ
529 4561 665 4614 Θεοῦ
708 4562 803 4615 καὶ
850 4562 1060 4633 Πατρὺς
1103 4560 1480 4630 ἐπιγινώσκειν
1513 4561 1778 4632 ἀμυδρῶς,

1894 4554 1961 4607 ab
1987 4552 2167 4607 anima
2191 4548 2425 4620 quadam
2454 4547 2647 4602 edocta
2674 4560 2704 4598 a
2732 4543 2841 4598 Deo
2858 4552 2913 4599 et
2936 4542 3113 4609 Patre,
3140 4553 3199 4597 ut
3225 4544 3465 4598 obscure

217 4655 415 4723 ὥσπερ
436 4654 527 4707 διά
553 4671 713 4707 τινων
749 4652 971 4723 ἀσαφῶν
1001 4653 1398 4724 ψελλισμάτων,
1429 4654 1534 4706 τῶν
1579 4671 1788 4724 προφη-

220 4746 396 4801 τικῶν
445 4745 786 4816 διδαγμάτων
845 4747 943 4817 τὴν
997 4749 1213 4816 πεῖραν,
1239 4746 1332 4800 καὶ
1367 4743 1664 4818 προφορὰν,
1698 4746 1791 4799 καὶ

223 4838 549 4908 ἐπιφάνειαν
599 4838 691 4892 τοῦ
736 4838 973 4892 ἐνουσίου
995 4840 1089 4891 καὶ
1114 4838 1429 4908 ἀποκρύφου
1455 4838 1548 4891 τοῦ
1581 4836 1791 4907 Πατρὸς

225 4931 422 4999 Λόγου.
463 4928 597 4983 Μεθ’
626 4928 662 4983 ἃ
691 4928 1046 5000 ψελλίσματα,
1089 4929 1231 4997 λέγω
1282 4929 1345 5000 δὴ
1394 4926 1661 4982 Μωσαῖκὰ
1697 4927 1791 4980 καὶ

228 5020 545 5092 προφητικά
586 5019 679 5072 τοῦ
715 5019 869 5087 λόγου
912 5020 1228 5089 αἰνίγματα,
1269 5019 1620 5091 προελθόντος
1658 5034 1791 5087 τρα-

226 5110 338 5173 νῶς
401 5110 494 5163 καὶ
544 5106 842 5178 ἐνάρθρως,
888 5107 1072 5176 ὥσπερ
1124 5108 1186 5161 ἐκ
1212 5125 1373 5161 τινων
1434 5107 1657 5178 χειλέων
1695 5108 1794 5176 τῆς

232 5198 563 5269 παρθενικῆς
579 5197 772 5269 νηδύος
794 5197 887 5250 τοῦ
913 5196 1116 5249 τελείου
1144 5198 1241 5251 τοῦ
1271 5197 1403 5251 Θεοῦ
1426 5198 1622 5266 Λόγου,
1655 5214 1794 5265 γνω-

233 5290 373 5361 ρίζει
401 5288 584 5343 λοιπὸν
639 5290 775 5359 μετὰ
804 5289 1006 5343 τούτων
1044 5290 1135 5342 καὶ
1162 5288 1249 5343 διὰ
1271 5288 1461 5344 τούτου
1488 5288 1550 5341 τὸ
1586 5287 1795 5351 ἐντελὲς

234 5381 508 5452 πλήρωμα
557 5382 726 5452 αὐτῆς
770 5380 830 5433 τὸ
865 5380 1139 5449 τριαδικὸν
1180 5381 1213 5450 ἡ
1247 5380 1558 5451 ἀνθρωπίνη
1582 5377 1675 5431 τοῦ
1709 5378 1801 5430 κό-

239 5490 376 5543 σμου
407 5472 584 5542 φύσις,
614 5472 799 5544 ὥσπερ
830 5471 953 5525 νοῦν
972 5489 1091 5524 τινα
1119 5471 1381 5543 δεξαμένη
1407 5471 1468 5524 τὸ
1493 5469 1716 5540 Πνεῦμα
1739 5467 1800 5522 τὸ

239 5568 413 5632 ᾰγιον,
440 5564 539 5615 οὒκ
569 5563 632 5615 ἐκ
659 5561 767 5613 τῶν
801 5564 953 5626 ἐκτὸς
989 5561 1363 5632 μεταϐατικῶς
1396 5562 1453 5613 ἐν
1486 5562 1621 5630 αὐτῇ
1650 5559 1801 5629 ἐνδη-

244 5657 439 5726 μῆσαν,
473 5654 587 5709 ἀλλ’
620 5655 683 5706 ἐκ
709 5651 814 5706 τῶν
840 5653 987 5719 ἐντὸς
1016 5654 1233 5726 ἑαυτῆς,
1268 5653 1531 5718 τουτέστι,
1565 5652 1664 5722 τῆς
1697 5650 1798 5721 ψυ-

312 5834 353 5868 ⁵¹
390 5834 409 5888 1
463 5836 583 5889 Cur.
624 5850 732 5895 xtv,
772 5833 859 5888 15.

1895 4649 2272 4714 cognosceret,
2313 4647 2368 4696 et
2418 4639 2567 4692 velut
2603 4652 2670 4691 ex
2720 4634 3044 4705 quihusdam
3074 4635 3256 4689 minus
3294 4635 3465 4689 claris

1896 4734 2246 4791 balbutientis
2267 4731 2464 4800 lingua:
2483 4726 2708 4783 vocibus
2733 4741 2796 4779 ex
2817 4723 3148 4794 prOpheticis
3166 4724 3464 4779 documen-

1895 4828 1967 4882 tis
2003 4825 2203 4882 exitum
2228 4830 2283 4877 et
2307 4831 2486 4875 ortum
2514 4829 2674 4884 atque
2704 4816 3095 4888 apparitionem
3129 4814 3463 4869 substantia-

1896 4918 1969 4973 lis
1998 4925 2053 4972 et
2081 4914 2282 4971 occulti
2316 4910 2495 4965 Patris
2539 4906 2727 4962 Verbi.
2777 4905 2906 4960 Post
2937 4921 3073 4975 quas
3110 4904 3469 4959 balbutientis
3504 4962 3507 4963 ν

1897 5021 2079 5071 voces,
2141 5000 2398 5063 Mosaica,
2431 5000 2670 5068 inquam,
2716 5005 2770 5049 et
2802 4993 3116 5064 prophetica
3146 4992 3293 5046 verbi
3329 4991 3463 5045 aeni-

1900 5108 2098 5170 gmata,
2148 5108 2272 5149 cum
2310 5090 2603 5162 prodiisset
2640 5089 2786 5141 clare
2810 5093 2865 5140 et
2881 5086 3185 5146 articulate,
3204 5093 3461 5151 tanquam

1898 5169 1965 5243 ex
2010 5184 2168 5239 labiis
2213 5178 2539 5252 quibusdam
2584 5193 2650 5232 ex
2686 5185 2840 5230 utero
2878 5175 3122 5243 virgineo
3165 5169 3464 5241 perfectum

1900 5276 2136 5332 Verbum
2172 5273 2288 5337 Dei,
2311 5280 2424 5325 tum
2461 5267 2754 5340 perfectam
2783 5266 3045 5335 triplicem
3075 5252 3458 5332 plenitudinem

1905 5382 2060 5423 suam
2097 5379 2220 5419 cum
2254 5363 2398 5428 istis,
2429 5369 2483 5416 et
2512 5375 2608 5431 per
2634 5356 2779 5414 istud
2805 5364 2985 5410 notam
3015 5354 3271 5423 deinceps
3305 5352 3467 5407 ellicit

1904 5462 2137 5515 humana
2160 5456 2345 5512 mundi
2368 5464 2581 5517 natura,
2598 5451 2726 5506 dum
2745 5460 2999 5518 tanquam
3024 5454 3258 5501 mentem
3279 5459 3466 5515 quam-

1903 5553 2027 5607 dam
2057 5550 2318 5619 Spiritum
2354 5552 2600 5602 sanctum
2652 5538 2887 5609 excepit,
2930 5551 3037 5591 non
3065 5536 3224 5606 quasi
3246 5551 3276 5589 a
3299 5534 3464 5590 rebus

1902 5644 2141 5702 externis
2190 5641 2420 5696 transitu
2460 5637 2603 5692 facto
2635 5634 2689 5689 in
2736 5647 2797 5689 ea
2843 5631 3218 5690 divertentcm,
3266 5627 3361 5682 sed
3394 5640 3464 5681 ex
