4018 6490
571 393 591 447 l
604 393 707 448 359

2010 399 2371 456 APPENDIX.

3648 394 3780 451 15m

565 507 919 565 interioribus
960 510 1075 566 suis
1105 511 1375 581 partibus,
1415 511 1517 568 hoc
1539 523 1623 569 est
1645 514 1836 569 animat
1859 523 1912 570 et
1943 517 2116 578 verbi,

2232 517 2321 587 χῆς
2352 514 2446 569 καὶ
2489 515 2583 568 τοῦ
2636 514 2814 582 λόγου,
2839 515 3006 585 ῆγουν
3035 511 3130 565 τοῦ
3161 505 3370 583 Πατρός
3401 511 3496 565 καὶ
3524 510 3619 564 τοῦ
3655 510 3780 564 Υἰοῦ

565 607 678 657 sive
706 601 883 656 Patris
913 610 967 657 et
987 601 1108 656 Filii
1136 603 1538 662 manifestatum
1571 607 1695 675 ipsi.
1723 621 1830 662 non
1845 609 1919 662 rei
1941 621 2133 664 creatae

567 707 737 755 more,
767 709 943 762 neque
971 693 1271 748 adventitio
1301 696 1478 760 modo,
1508 704 1669 766 atque
1705 709 1762 752 ut
1789 715 1900 753 rem
1929 700 2131 755 diversi

564 783 803 852 generis,
831 784 923 838 sed
970 784 1356 847 essentialiter,
1399 801 1466 840 ex
1500 789 1684 840 innata
1719 788 1892 857 ipsius
1920 798 1974 844 et
1989 805 2133 844 .con-

565 875 799 928 naturali
833 875 1174 945 hypostatica
1231 878 1571 941 exsistentia,
1609 880 1960 949 conjunctnm
2001 882 2131 936 sub-

565 966 776 1021 stantiae
825 981 939 1020 sum
967 967 1190 1021 verbum
1221 969 1402 1023 anima
1431 969 1762 1038 producens,
1791 979 1845 1026 et
1879 972 2129 1042 spiritum

564 1057 900 1127 profundens
933 1059 1180 1127 ejusdem
1229 1068 1441 1115 natura:
1467 1077 1592 1116 cum
1627 1077 1726 1116 sua
1767 1072 1947 1118 mente
2002 1062 2130 1134 {non

563 1147 706 1218 quod
737 1155 1027 1218 antequam
1056 1149 1170 1204 haec
1205 1152 1493 1216 exsistant,
1530 1153 1585 1206 in
1611 1167 1840 1222 corpore
1863 1165 2129 1219 versetur,

565 1239 660 1294 sed
693 1240 837 1309 quod
872 1239 1058 1294 eodem
1098 1247 1340 1311 tempore
1370 1257 1490 1296 cum
1522 1243 1629 1296 illis
1650 1243 1895 1305 exsistat,
1923 1251 1973 1297 et
2004 1245 2134 1298 sul)-

565 1331 782 1386 stantize
811 1331 882 1385 sit
911 1346 1032 1384 eum
1067 1331 1176 1385 illis
1214 1331 1485 1402 ejusdem]
1522 1349 1537 1400 ;
1569 1346 1633 1385 ac
1668 1332 1832 1386 veluti
1859 1333 2130 1402 quoddam

564 1439 763 1493 corpus
791 1439 876 1483 ea.
910 1441 1031 1493 quae
1075 1425 1394 1492 incorporea
1421 1432 1526 1487 est,
1566 1431 1749 1494 partes
1793 1441 1921 1480 suas
1950 1426 2129 1480 incor-

563 1531 758 1586 poreas
808 1523 864 1571 et
914 1516 1064 1585 ipsas
1109 1514 1352 1584 ejusdem
1388 1530 1573 1570 secum
1615 1524 1826 1570 natura:
1850 1517 2074 1581 habens,
2102 1533 2132 1570 a

562 1606 762 1677 quibus
790 1615 1046 1676 tanquam
1104 1607 1292 1676 ﬁguris
1345 1606 1672 1675 quibusdam
1718 1607 2043 1678 exprimitur
2079 1615 2134 1663 et

562 1697 875 1752 eﬂormatur
893 1713 956 1750 ac
981 1697 1337 1752 constituitur
1363 1697 1478 1756 illa.
1513 1713 1634 1767 qua:
1659 1713 1874 1754 omnem
1905 1696 2130 1752 formam

562 1795 618 1842 et
647 1787 880 1855 speciem
905 1785 1140 1847 excedit,
1161 1801 1282 1855 quae
1305 1795 1560 1855 tanquam
1595 1787 1820 1839 halitum
1846 1789 2131 1856 quemdam

561 1889 884 1944 corporeum
914 1875 1074 1928 habet
1100 1875 1349 1944 spiritum
1379 1875 1594 1937 mentis,
1622 1883 1676 1929 et
1695 1882 1949 1943 tanquam
1967 1873 2133 1927 vitam
2167 1856 2208 1911 Β

565 1969 786 2022 verbum
814 1981 939 2020 cum
971 1966 1089 2035 ipsa
1107 1967 1316 2027 vivens,
1337 1966 1538 2035 quibus
1555 1967 1764 2035 privata
1785 1981 1960 2034 neque
1989 1981 2132 2032 esse,

561 2074 736 2128 neque
760 2057 980 2128 agnosci
1013 2073 1133 2126 quae
1161 2057 1228 2111 ad
1285 2058 1574 2126 imaginem
1628 2064 1684 2112 et
1717 2057 2134 2112 similitudinem

562 2149 654 2206 Dei
685 2150 826 2204 facta
846 2161 931 2206 est
960 2150 1140 2204 anima
1171 2149 1459 2204 rationalis
1487 2156 1650 2218 atque
1684 2148 1960 2204 intellectu
1998 2162 2136 2218 prae—

558 2242 672 2296 dita
705 2248 911 2312 potest;
948 2250 1007 2294 ut
1037 2241 1293 2294 nimirum
1318 2256 1411 2310 per
1439 2241 1572 2303 haec.
1609 2255 1730 2310 quae
1757 2241 1812 2294 in
1842 2240 1956 2308 ipsa
1983 2246 2132 2303 sunt,

560 2331 838 2386 discamus
871 2339 925 2386 et
957 2330 1293 2394 erudiamur,
1323 2346 1434 2400 quo
1461 2339 1622 2400 pacto
1649 2347 1824 2401 neque
1849 2329 2006 2384 Pater
2035 2346 2133 2384 ne-

561 2437 667 2491 que
692 2419 862 2476 Filius
893 2431 1017 2474 ante
1048 2420 1453 2475 sanctissimum
1489 2421 1752 2490 Spiritum
1786 2421 2128 2488 exstiterint;

560 2512 654 2567 sed
686 2511 1206 2580 quemadadmoduin
1241 2513 1295 2564 in
1335 2511 1536 2575 anima,
1559 2510 1722 2565 simul
1756 2517 1920 2578 atque
1951 2511 2129 2562 anima

560 2601 864 2663 rationalis,
899 2601 1058 2655 simul
1083 2616 1300 2670 quoque
1333 2616 1456 2653 cum
1491 2601 1628 2668 ipsa,
1659 2616 1779 2670 quae
1802 2601 1854 2653 in
1887 2601 2001 2669 ipsa
2027 2609 2128 2664 est,

562 2696 700 2748 ratio
733 2709 825 2747 seu
853 2693 1098 2754 verbum.
1127 2703 1174 2747 et
1203 2693 1406 2760 pariter
1435 2707 1559 2745 cum
1594 2693 1710 2761 ipsa
1739 2693 1986 2748 viviﬁcus
2020 2694 2133 2762 spi-

564 2787 726 2849 ritus,
790 2785 991 2854 quique
1053 2784 1420 2839 constituendi
1473 2791 1527 2837 et
1576 2785 1971 2853 complectendi
2025 2785 2128 2838 vim

567 2878 730 2931 habet
764 2893 776 2927 :
815 2877 885 2930 ita
928 2884 982 2930 et
1027 2875 1187 2930 simul
1241 2890 1304 2928 ac
1350 2873 1531 2939 Pater,
1581 2875 1742 2928 simul
1790 2876 1952 2930 etiam
1989 2875 2130 2932 Deus

560 2968 796 3024 Verbum
829 2983 952 3021 cum
988 2966 1186 3029 Patre,
1243 2965 1404 3020 simul
1458 2980 1676 3034 quoque
1724 2965 1959 3034 Spiritus
2006 2982 2127 3019 cum

562 3059 698 3115 Filio
728 3068 781 3114 et
814 3060 990 3113 Patre.
1033 3059 1126 3111 Sin
1172 3066 1351 3111 autem
1386 3057 1583 3111 dividis
1617 3066 1668 3110 et
1708 3072 1931 3125 separas
1961 3059 2130 3110 ratio—

565 3169 686 3207 nem
710 3153 778 3206 ab
799 3151 1000 3212 anima,
1031 3148 1364 3203 irrationalis
1393 3148 1655 3217 deinceps
1677 3155 1918 3202 remanet
1949 3149 2126 3202 anima

560 3254 676 3308 tua,
703 3250 760 3297 ut
784 3242 994 3297 scilicet
1029 3256 1094 3294 ex
1149 3240 1252 3293 hoc
1289 3239 1432 3307 quod
1465 3238 1533 3292 ad
1578 3239 1868 3308 imaginem
1903 3239 1992 3293 Dei
2024 3249 2127 3306 est,

499 3339 505 3344 ’
563 3335 834 3404 intelligas
872 3341 945 3393 te,
970 3333 1014 3387 si
1052 3332 1220 3385 Deum
1271 3329 1509 3384 Verbum
1547 3330 1784 3400 negaris,
1819 3330 2132 3400 dixerisque

560 3445 683 3483 cum
734 3427 844 3482 Deo
889 3434 942 3481 et
981 3424 1139 3479 Patre
1174 3440 1282 3478 non
1317 3439 1459 3484 esse,
1489 3422 1719 3477 rationis
1757 3432 2032 3490 expertem
2067 3438 2130 3476 ac

564 3520 856 3574 helluinum
901 3517 1313 3586 prazdicaturum
1348 3514 1534 3567 Deum.
1566 3511 1620 3565 Si
1647 3527 1773 3566 vero
1809 3511 2067 3580 Spiritum
2099 3528 2127 3565 a

2231 608 2368 677 αὐτῇ
2401 605 2729 677 φανερωοὲν.
2785 605 2846 658 οὐ
2872 605 3124 669 κτιστῶς,
3156 604 3264 658 οὐδ’
3296 603 3653 665 ἐπεισάκτως,
3679 603 3782 654 οὐδ’

2230 697 2546 766 άλλογενῶς,
2578 696 2688 748 ἀλλ’
2712 695 2983 758 ούσιωδῶς
3021 697 3083 748 ἐκ
3121 694 3220 765 τῆς
3243 693 3478 765 ἐμφύτου
3507 693 3677 761 αὑτῆς
3698 694 3786 746 καὶ

2233 787 2511 858 συμφυοῦς
2554 788 2918 856 ὑποστατικῆς
2958 786 3240 856 ὑπάρξεως
3286 787 3319 855 ἡ
3350 786 3493 855 ψυχὴ
3523 784 3614 837 τὸν
3640 784 3784 837 ἐνού-

2233 897 2344 934 σιον
2377 879 2543 950 αὐτῆς
2571 879 2726 947 λόγον
2769 879 3150 939 ἁποτίκτουσα,
3175 878 3268 930 καὶ
3294 876 3354 929 τὸ
3387 875 3625 944 ὁμοφυὲς
3654 874 3783 942 αὐτῇ

2229 971 2323 1024 τοῦ
2344 969 2435 1026 νοῦ
2465 971 2679 1041 πνεῦμα
2712 970 3085 1041 προϐάλλουσα
3109 1009 3124 1030 ,
3157 970 3249 1021 καὶ
3274 967 3458 1038 ὥσπερ
3495 985 3546 1020 τι
3574 967 3732 1036 σῶμα
3754 967 3790 1034 ἡ

2230 1061 2518 1132 ἀσώματος
2537 1062 2606 1115 τὰ
2631 1061 2988 1132 συνασώματα
3007 1061 3142 1131 αὐτῇ
3176 1060 3309 1130 μέλη
3339 1062 3556 1129 συμφυῆ
3575 1058 3783 1128 ἔχουσα,

2230 1155 2296 1208 δι’
2325 1149 2400 1208 ὧν
2429 1154 2614 1227 ὥσπερ
2667 1154 2855 1208 τύπων
2881 1151 3336 1224 χαρακτηρίζεται
3362 1151 3454 1203 καὶ
3489 1150 3786 1221 μορφοῦται

2232 1248 2326 1299 καὶ
2349 1247 2653 1299 συνίσταται
2681 1248 2712 1314 ὴ
2745 1246 2884 1316 ὑπὲρ
2902 1245 3112 1317 μορφὴν
3140 1246 3231 1297 καὶ
3247 1244 3427 1315 σχῆμα
3451 1244 3785 1312 ὑπάρχουσα,

2233 1340 2418 1409 ὥσπερ
2449 1339 2613 1408 πνοὴν
2639 1341 2951 1409 σωματικήν
2978 1355 3098 1392 τινα
3130 1337 3325 1408 ἔχουσα
3363 1337 3424 1390 τὸ
3457 1335 3676 1404 πνεῦμα
3700 1336 3787 1386 τοῦ

2233 1427 2345 1490 νοῦ,
2373 1418 2465 1480 καὶ
2485 1428 2559 1490 ὡς
2579 1427 2720 1498 ζωὴν
2751 1428 2840 1480 τὸν
2866 1427 3069 1491 σύζωον
3094 1427 3228 1497 αὐτῇ
3247 1426 3402 1494 λόγον
3422 1425 3664 1495 φέρουσα
3680 1441 3693 1454 ο
3719 1417 3790 1476 ὧν

2233 1520 2373 1573 κατά
2431 1519 2683 1590 στέρησιν
2719 1517 2842 1573 οῦτε
2879 1514 3015 1571 εἶναι
3069 1517 3193 1571 οὔτε
3229 1515 3589 1588 γνωρίζεσθαι
3614 1517 3648 1584 ἡ
3673 1515 3788 1572 κατ’

2232 1611 2413 1666 εἰκόνα
2436 1612 2528 1664 καὶ
2565 1610 2822 1680 ὁμοίωσιν
2849 1609 2982 1662 Θεοῦ
3008 1609 3152 1679 ψυχὴ
3181 1608 3369 1678 λογικὴ
3395 1607 3490 1660 καὶ
3521 1605 3688 1675 νοερὰ
3712 1604 3789 1657 δύο

2233 1717 2421 1754 ναταιο
2473 1701 2618 1764 ὅπως
2658 1699 2744 1753 διὰ
2790 1699 2992 1752 τούτων
3017 1699 3122 1752 τῶν
3157 1701 3215 1752 ὲν
3238 1698 3368 1766 αὐτῇ
3412 1695 3674 1766 μάθωμεν
3700 1695 3787 1747 καὶ

2237 1790 2628 1861 παιδευθῶμεν,
2656 1790 2738 1854 ’ὡς
2757 1789 2878 1843 οὒτε
2918 1790 3121 1859 Πατὴρ,
3149 1787 3260 1843 οὗθ’
3292 1786 3416 1850 Υἱὸς
3441 1787 3790 1857 προῦπῆρχον

2235 1881 2328 1934 τοῦ
2361 1881 2620 1948 παναγίου
2653 1879 2788 1933 Πνεύ
2801 1898 2966 1949 ματος
2992 1898 3005 1911 ο
3026 1880 3141 1933 ἀλλ’
3169 1879 3352 1947 ὥσπερ
3377 1878 3466 1929 ἐπὶ
3492 1876 3591 1945 τῆς
3613 1875 3796 1946 ψυχῆς

2235 1974 2348 2043 ἅμα
2373 1973 2517 2044 ψυχὴ
2547 1972 2756 2042 λογικὴ,
2779 1973 2892 2041 ἅμα
2922 1973 3016 2026 σὺν
3042 1973 3176 2042 αὐτῇ
3193 1974 3220 2024 ὁ
3241 1971 3396 2038 λόγος
3423 1972 3480 2022 ὲν
3509 1969 3672 2039 αὐτῇ,
3699 1970 3793 2020 καὶ

2233 2065 2369 2135 ἆμα,
2410 2066 2504 2118 καί
2535 2065 2749 2134 συνάμα
2779 2067 2836 2118 ὲν
2867 2065 3000 2134 αὐτῇ
3027 2063 3088 2116 τὸ
3116 2062 3328 2130 πνεῦμα
3355 2062 3417 2115 τὸ
3443 2061 3677 2125 ζωτικὸν
3702 2062 3794 2114 καὶ⁹

2234 2154 2552 2208 συστατικὸν
2584 2157 2678 2207 καὶ
2716 2156 2932 2224 συμπλη
2942 2153 3163 2223 ρωτικόν
3181 2169 3193 2182 ο
3221 2152 3392 2216 οὕτως
3419 2152 3533 2222 ἅμα
3559 2150 3756 2220 Πατὴρ
3775 2189 3790 2210 ,

2231 2247 2345 2317 ἅμα
2371 2246 2500 2310 Θεὸς
2528 2245 2696 2314 Λόγος
2743 2246 2839 2298 σὺν
2894 2244 3087 2314 Πατρὶ,
3134 2244 3248 2314 ἅμα
3286 2243 3412 2306 Υἱὸς
3452 2244 3548 2296 σὺν
3592 2242 3790 2311 Πατρὶ,

2233 2338 2446 2407 συνάμα
2473 2336 2534 2390 τὸ
2569 2337 2796 2406 Πνεῦμα
2827 2337 2924 2388 σὺν
2957 2334 3070 2404 Υἰῷ
3111 2335 3204 2387 καὶ
3235 2333 3426 2405 Πατρί.
3452 2334 3515 2385 Εἰ
3542 2333 3600 2385 δὲ
3631 2332 3794 2401 χωρὶ-

2231 2431 2343 2495 ζεις
2364 2429 2458 2482 καὶ
2487 2430 2805 2500 ἀποστερεῖς
2837 2428 2927 2481 τὸν
2952 2427 3106 2495 λόγον
3138 2427 3203 2480 ὲκ
3249 2427 3346 2497 τῆς
3375 2425 3568 2495 ψυχῆς,
3602 2425 3796 2492 ἄλογός

2232 2539 2325 2575 σου
2383 2521 2565 2574 λοιπὸν
2592 2522 2624 2591 ἡ
2659 2520 2802 2589 ψυχή
2826 2535 2838 2548 ·
2870 2520 2955 2572 ἵνα
2998 2518 3087 2572 διὰ
3110 2517 3298 2570 τούτου
3323 2516 3417 2569 τοῦ
3445 2516 3565 2569 κατ’
3607 2516 3793 2568 εἰκόνα

2229 2609 2363 2665 Θεοῦ
2395 2611 2590 2682 μάθῃς,
2619 2612 2701 2664 ὅτι
2754 2609 2847 2662 ἐὰν
2876 2610 3086 2680 ἀρνήσῃ
3121 2608 3212 2662 τὸν
3235 2607 3365 2661 Θεὸν
3389 2607 3578 2675 Λόγον,
3621 2605 3794 2672 λέγων

2233 2703 2307 2773 μὴ
2351 2700 2488 2756 εἶναι
2517 2703 2614 2754 σὺν
2664 2701 2741 2772 τῷ
2780 2701 2898 2770 Θεῷ
2923 2701 3018 2754 καὶ
3043 2701 3235 2770 Πατρί,
3267 2699 3456 2765 ἄλογον
3487 2697 3675 2750 λοιπὸν
3701 2699 3795 2750 καὶ

2231 2793 2474 2864 κτηνιωη
2536 2793 2820 2864 κηρύττεις
2852 2793 2941 2846 τὸν
2969 2793 3099 2846 Θεόν
3121 2808 3136 2823 ·
3192 2792 3283 2844 καί
3336 2790 3429 2842 saw
3458 2789 3703 2860 χωρία-ης
3735 2790 3793 2841 τὸ

2229 2883 2452 2952 Πνεῦμα
2471 2884 2533 2935 ὲκ
2561 2881 2653 2935 τοῦ
2673 2881 2826 2946 Θεοῦ,
2859 2881 3047 2950 νεκρὸν
3076 2881 3258 2934 λοιπόν
3273 2897 3395 2932 τινα
3416 2879 3509 2932 καὶ
3538 2879 3602 2931 οὐ
3619 2879 3794 2941 ζῶντα

2228 2973 2402 3041 λέγεις
2431 2973 2560 3026 Θεόν
2581 2990 2596 3004 υ
2632 2975 2679 3025 εἰ
2711 2973 3014 3041 φιλοσοφεῖν
3056 2972 3179 3042 περί
3206 2971 3300 3025 τοῦ
3333 2971 3450 3024 κατ’
3483 2971 3672 3023 εἰκόνα
3701 2973 3795 3022 καὶ

2228 3064 2482 3134 ὁμοίωσιν
2504 3062 2636 3116 Θεοῦ
2673 3063 2868 3133 βούλει,
2897 3063 3038 3115 οὓτω
3064 3060 3440 3132 φιλοσόφησον,
3469 3061 3572 3114 οὐκ
3591 3063 3660 3113 ὲκ
3687 3061 3796 3114 τῶν

2231 3154 2404 3217 ἐκτὸς,
2451 3153 2563 3207 ἀλλ’
2605 3155 2669 3206 ὲκ
2691 3153 2795 3206 τῶν
2827 3154 2976 3216 ἐντός
3010 3171 3103 3207 σου
3125 3153 3216 3206 τὸν
3243 3153 3478 3224 κρυπτὸν
3503 3152 3638 3205 Θεὸν
3666 3153 3798 3219 γνώ-

2235 3262 2378 3315 ρισον
2405 3248 2470 3298 ἐκ
2524 3245 2623 3314 τῆς
2669 3247 2727 3298 ὲν
2766 3244 2846 3297 σοὶ
2885 3245 3131 3316 τριάδος,
3162 3243 3260 3315 τὴν
3289 3243 3492 3314 Τριάδα
3530 3242 3797 3310 ὲπίγνωθι

2229 3335 2294 3387 δι’
2321 3337 2694 3388 ὲνυποστάτων
2719 3336 3052 3406 πραγμάτων
3068 3353 3082 3366 ·
3118 3336 3258 3407 ὑπὲρ
3280 3335 3389 3406 γὰρ
3414 3337 3593 3388 πᾶσαν
3629 3336 3797 3404 ἄλλην

2230 3427 2455 3497 νομικὴν
2488 3427 2582 3480 καὶ
2642 3427 2913 3500 γραφικὴν
2957 3427 3258 3499 μαρτυρίαν
3304 3425 3624 3496 βεϐαιοτέρα
3659 3426 3798 3495 αῦτη

2230 3516 2324 3568 καὶ
2357 3515 2665 3586 πιστοτέρα.

570 3608 678 3661 Deo
700 3607 1024 3674 sejunxeris,
1054 3610 1167 3655 tum
1198 3600 1308 3655 ﬁeri
1338 3608 1395 3653 ut
1418 3608 1689 3654 mortuum
1721 3600 2030 3669 quemdam,
2061 3617 2167 3654 non
2205 3604 2467 3657 viventem
2501 3619 2714 3658 asseras
2738 3602 2934 3670 Deum;
2957 3603 3002 3657 si
3031 3602 3394 3672 philosophari
3415 3602 3482 3657 de
3502 3618 3588 3665 eo,
3654 3605 3797 3672 quod

563 3710 648 3758 est
677 3700 742 3754 ad
773 3700 1060 3768 imaginem
1087 3706 1139 3751 et
1165 3694 1577 3752 similitudinem
1621 3695 1733 3759 Dei,
1763 3695 2026 3758 volueris,
2060 3695 2132 3748 ita
2177 3696 2576 3766 philosophare,
2605 3713 2714 3751 non
2739 3712 2802 3752 ex
2827 3698 2990 3751 rebus
3023 3697 3400 3758 exterioribus.
3433 3693 3530 3750 sed
3601 3711 3670 3749 ex
3733 3697 3800 3749 iis

564 3809 687 3863 quae
735 3794 874 3846 intra
933 3799 983 3845 te
1022 3797 1172 3853 sunt,
1225 3789 1392 3843 Deum
1415 3787 1660 3842 abditum
1700 3787 1796 3841 tibi
1859 3789 2134 3857 cognitum
2176 3787 2338 3842 redde
2373 3803 2438 3841 ex
2457 3804 2517 3843 ea
2543 3789 2737 3857 qutein
2769 3789 2956 3856 teipso
3008 3794 3092 3843 est
3152 3788 3412 3850 trinitate,
3475 3784 3800 3838 Trinitatem

563 3901 793 3956 agnosce
837 3900 901 3937 et
938 3885 1100 3938 rebus
1139 3885 1191 3937 in
1223 3891 1276 3937 te
1307 3881 1696 3938 exsistcntibus
1731 3899 1744 3936 :
1779 3881 1882 3935 huc
1917 3883 2113 3953 quippe
2150 3883 2344 3953 quovis
2379 3883 2485 3937 alio
2519 3899 2584 3938 ex
2625 3882 2739 3952 lege
2760 3890 2852 3936 aut
2878 3883 3158 3952 Scriptura
3190 3882 3355 3952 petito
3380 3881 3591 3934 firmius
3621 3892 3708 3934 est
3736 3893 3801 3932 ac

565 3977 668 4032 fide
697 3976 913 4044 dignius
951 3975 1343 4028 testimonium.

641 4067 846 4122 Etenim
873 4067 1010 4120 hanc
1046 4082 1208 4119 unam
1249 4067 1318 4119 ob
1354 4081 1577 4120 causam
1609 4067 1714 4120 tale
1752 4067 1950 4120 animal
1998 4081 2129 4121 con-

2305 4058 2404 4112 Διὰ
2465 4058 2573 4130 γὰρ
2630 4057 2835 4128 ταύτην
2879 4059 2973 4112 καὶ
3020 4058 3185 4129 μόνην
3214 4058 3309 4129 τὴν
3349 4057 3525 4112 αἰτίαν
3556 4059 3803 4112 τοιοῦτον

564 4157 704 4211 didit
753 4155 893 4210 Deus
930 4174 942 4209 :
988 4154 1428 4224 quandoquidem
1486 4155 1539 4207 in
1587 4154 1788 4208 mundo
1831 4155 2130 4224 prazdican-

2233 4149 2368 4214 ζῶον
2399 4152 2427 4204 ὁ
2455 4151 2586 4214 Θεὸς
2611 4150 3029 4216 κατεσκεύασεν,
3063 4150 3246 4220 ἐπειδὴ
3273 4149 3496 4220 ἔμελλεν
3526 4152 3584 4201 ὲν
3611 4152 3803 4221 κόσμῳ

565 4250 693 4303 dum
721 4255 840 4302 erat
868 4247 1184 4317 mysterium
1218 4244 1505 4300 Trinitatis
1537 4245 1672 4299 adeo
1709 4245 1980 4314 explicatu
2022 4244 2129 4297 dif:-

2233 4243 2566 4313 κηρυχθῆναι
2599 4242 2660 4296 τὸ
2685 4243 2783 4313 τῆς
2803 4243 2959 4310 ἁγίας
2989 4243 3214 4314 Τριάδος
3245 4243 3566 4313 μυστήριον,
3585 4243 3665 4305 ὡς
3687 4244 3804 4296 δυσ-

569 4343 728 4402 tlcile.
781 4340 1034 4410 quodque
1091 4337 1474 4406 comprehendi
1525 4352 1633 4390 non
1693 4345 1908 4405 potest,
1961 4343 2018 4389 ut
2073 4337 2125 4388 iu

2232 4335 2554 4405 ερμήνευτόν
2595 4351 2654 4388 τε
2672 4335 2764 4387 καὶ
2799 4334 3177 4404 ἀκατάληπτον
3198 4350 3211 4363 ’
3257 4335 3342 4387 ἵνα
3381 4334 3512 4406 ἔχῃς
3543 4337 3603 4386 ὲν
3625 4334 3804 4403 ἑαυτῷ

568 4434 738 4502 teipso
766 4431 990 4495 habeas,
1019 4429 1109 4497 qui
1154 4428 1222 4481 ad
1268 4427 1554 4497 imaginem
1612 4427 2127 4493 similitudinemque

2232 4426 2257 4478 ὁ
2286 4427 2405 4478 κατ’
2435 4424 2614 4479 εἰκόνα
2670 4426 2762 4478 καὶ
2816 4425 3070 4495 ὁμοίωσιν
3116 4421 3272 4489 Θεοῦ,
3330 4425 3426 4494 τὴν
3476 4427 3668 4480 εἰκόνα
3710 4431 3804 4480 καὶ

570 4497 661 4578 Dei
696 4529 912 4577 creatus
929 4536 1009 4582 es,
1038 4521 1325 4590 imaginem
1365 4526 1419 4573 et
1461 4517 1870 4571 similitudinem
1903 4523 1953 4569 et
1995 4517 2124 4584 ligu-

2232 4516 2478 4586 ὸμοίωσιν
2504 4518 2597 4570 κα)⁸
2634 4519 2758 4579 τοὺς
2789 4515 2990 4579 τύπους
3020 4517 3114 4569 καὶ
3139 4515 3208 4568 τά
3255 4514 3683 4586 παραδείγματα
3706 4520 3805 4586 τῆς

570 4630 659 4669 ras
689 4623 743 4668 et
766 4613 1010 4680 exempla
1051 4618 1254 4664 sanctae
1299 4608 1620 4662 Trinitatis:
1666 4616 1726 4662 ut
1775 4623 1898 4661 cum
1941 4607 2129 4660 oculos

569 4705 636 4758 ad
669 4705 862 4758 anima:
901 4701 1266 4756 conditionem
1305 4700 1658 4764 converteris,
1710 4715 1816 4752 non
1861 4700 1972 4768 jam
2022 4714 2130 4752 am-

571 4797 714 4865 plius
765 4795 819 4848 in
872 4793 1128 4864 mysterio
1163 4791 1447 4847 Trinitatis
1500 4793 1743 4861 ambigas
1782 4791 2127 4860 disputesve,

571 4901 748 4955 neque
780 4885 930 4939 dicas
961 4885 1213 4952 amplius,
1252 4891 1306 4938 et
1335 4885 1553 4937 curiose
1607 4883 1866 4937 scruteris
1911 4884 1965 4937 in
2017 4883 2131 4936 haec

572 4979 769 5034 verba:
798 4977 854 5030 Si
893 4975 1132 5030 Trinitas
1168 4984 1253 5030 est
1298 4975 1460 5039 Deus,
1495 4973 1766 5044 quomodo
1799 4981 1884 5028 est
1914 4973 2131 5027 unitas?

572 5068 619 5122 si
650 5081 778 5121 vero
805 5081 946 5120 unus
970 5073 1075 5129 est,
1107 5073 1164 5118 ut
1194 5064 1416 5124 dicitur,
1447 5063 1720 5132 quomodo
1741 5071 1826 5116 est
1859 5061 2132 5116 Trinitas?

570 5159 695 5214 etsi
732 5157 900 5212 Filius
926 5167 1010 5213 est
1055 5156 1312 5221 Verbum,
1369 5154 1638 5224 quomodo
1682 5153 1794 5207 ﬁeri
1843 5161 2018 5222 potest
2075 5162 2134 5206 ut

575 5265 681 5306 non
709 5251 890 5304 minus
922 5264 1084 5318 quam
1121 5248 1332 5317 genitor
1361 5248 1540 5316 proles
1597 5245 1864 5314 principio
1911 5243 2133 5299 careat?

573 5346 621 5397 si
647 5359 712 5398 ex
742 5343 901 5397 Patre
933 5351 1015 5397 est
1056 5337 1604 5411 Spiritus,quomodo
1634 5352 1740 5390 non
1777 5344 1859 5391 est
1891 5338 2129 5405 genitus,

573 5435 669 5490 sed
713 5433 1049 5504 procedens?
1103 5440 1196 5486 aut
1241 5441 1420 5484 utrum
1477 5429 1629 5498 prius
1666 5427 1920 5495 produxit
1954 5425 2130 5493 Pater,

576 5524 772 5578 Filium
799 5539 868 5578 an
901 5523 1206 5593 Spiritum?
1239 5522 1286 5576 si
1313 5536 1443 5575 vero
1485 5528 1778 5588 utrumque
1825 5517 2009 5579 simul,
2061 5532 2132 5571 an

577 5613 888 5668 fraternitas
935 5613 1161 5668 Deitatis
1210 5620 1265 5666 et
1314 5610 1652 5681 geminorum
1713 5618 1898 5677 partus
1945 5616 2030 5662 est
2076 5607 2134 5661 in

577 5704 884 5759 Trinitate?
905 5719 1012 5774 quo
1042 5717 1169 5758 vero
1198 5711 1354 5770 pacto
1382 5703 1436 5755 in
1483 5699 1842 5769 incorporeis,
1871 5707 1924 5752 et
1948 5697 2134 5752 immo-

582 5796 802 5862 bilibus,
826 5803 879 5851 et
908 5793 1332 5851 immutabilihus
1367 5791 1734 5864 generationis
1762 5799 1815 5846 et
1837 5789 2132 5861 processio-

2233 4606 2392 4671 ἁγίας
2417 4607 2641 4677 Τριάδος
2662 4623 2674 4637 ·
2707 4609 2792 4661 ἵνα
2821 4609 2899 4670 εἰς
2917 4606 3013 4678 τὴν
3039 4607 3219 4660 εἰκόνα
3252 4607 3348 4677 τῆς
3364 4606 3609 4676 ψυχικῆς
3633 4625 3803 4660 κατα-

2233 4699 2427 4769 σκευῆς
2461 4699 2671 4769 βλέπων
2706 4699 2899 4770 μηκέτι
2936 4698 3189 4771 διστάσῃς
3217 4699 3273 4750 ὲν
3304 4697 3380 4765 τῷ
3410 4699 3680 4768 τριαδικῷ
3701 4717 3803 4769 μυ-

2233 4790 2472 4860 στηρίῳ·
2535 4791 2728 4861 μηκέτι
2765 4792 2923 4861 εἴπῃς
2967 4791 3061 4842 καὶ
3115 4789 3450 4861 περιεργάζῃ
3501 4790 3708 4856 λέγων’
3740 4792 3805 4843 ΕΞ

2232 4882 2399 4953 Τριάς
2429 4885 2572 4935 ἐστιν
2594 4885 2622 4936 ό
2651 4884 2800 4946 Θεὸς,
2833 4883 2948 4946 πῶς
2977 4884 3090 4935 ἐστι
3132 4883 3330 4952 μονάς;
3365 4883 3415 4934 εἰ
3443 4882 3502 4934 δὲ
3530 4876 3612 4944 εἷς
3635 4885 3802 4943 ἐστιν,

2232 4971 2307 5037 ὡς
2337 4973 2574 5040 λέγεται,
2619 4974 2735 5037 πῶς
2765 4974 2952 5045 Τριάς-ς
2987 4975 3080 5026 καὶ
3131 4975 3179 5026 εἰ
3214 4973 3338 5035 Υἱός
3361 4973 3511 5025 ἐστιν
3545 4975 3573 5024 ὁ
3607 4975 3803 5040 Λόγος,

2233 5063 2349 5127 πῶς
2366 5063 2608 5134 γέννημα
2639 5063 2858 5116 δυνατὸν
2876 5060 3012 5116 εἶναι
3044 5063 3370 5133 συνάναρχον
3391 5061 3468 5131 τῷ
3481 5065 3802 5133 γεννήτορις

2233 5144 2326 5210 καὶ
2364 5157 2413 5208 εἰ
2439 5157 2503 5208 ὲκ
2525 5154 2732 5226 Πατρός
2763 5157 2877 5208 ὲστι
2906 5155 2964 5208 τὸ
2997 5154 3236 5224 Πνεῦμα,
3272 5153 3386 5217 πῶς
3411 5153 3514 5206 ούκ
3534 5155 3654 5206 ἐστι
3684 5172 3806 5222 γεν-

2234 5248 2409 5318 νητὸν,
2442 5247 2554 5301 ἀλλ’
2579 5248 2987 5318 ὲκπορευτόνςῆ
3021 5251 3166 5300 ποῖον
3199 5247 3508 5317 προήγαγεν
3545 5246 3575 5297 ὁ
3611 5246 3804 5315 Πατὴρ
3828 5259 3847 5268 ⁸

2235 5338 2514 5409 πρότερον,
2545 5337 2636 5390 τὸν
2658 5337 2838 5408 Υἱὸνῆ
2867 5338 2928 5391 τὸ
2957 5337 3210 5407 Πνεῦμας
3239 5338 3300 5388 Εἰ
3328 5336 3384 5389 δὲ
3411 5335 3482 5388 τά
3511 5337 3803 5407 ἀμφότερα

2235 5428 2369 5498 ἅμα,
2396 5421 2501 5498 ἆρα
2539 5427 2604 5480 ἂν
2636 5425 2946 5494 άδελφοθεϊα
2975 5425 3066 5477 καὶ
3096 5423 3434 5493 διδυμοτοκία
3472 5423 3624 5475 ἐστὶν
3653 5427 3710 5474 ἐν
3731 5425 3800 5492 τῇ

2236 5516 2458 5588 Τριάδι;
2485 5515 2598 5578 πῶς
2617 5515 2673 5567 δὲ
2700 5516 2792 5567 καὶ
2812 5513 3212 5584 διαγνωσόμεΘα
3238 5513 3332 5566 ἐπὶ
3358 5511 3464 5565 τῶν
3490 5513 3803 5582 ἀσωμάτων

2234 5609 2325 5662 καὶ
2359 5609 2626 5677 ἀκινήτων
2673 5607 2768 5660 καὶ
2816 5607 3198 5676 άμεταστάτων
3236 5604 3296 5656 τὸ
3326 5603 3580 5674 διάφορον
3607 5604 3805 5671 γεννήο

2237 5716 2374 5762 σεως
2403 5699 2496 5751 καὶ
2521 5697 2892 5766 ὲκπορεύσεως
2920 5711 2934 5760 ;
2966 5693 3080 5757 πῶς
3108 5694 3163 5746 δὲ
3190 5693 3281 5746 καί
3303 5692 3522 5745 δυνατὸν
3545 5690 3802 5760 ὁμόδοξον

2236 5786 2371 5845 εἶναι
2401 5790 2461 5844 τὸ
2496 5789 2736 5859 γέννημα
2775 5788 2850 5858 τῷ
2875 5788 3148 5858 γεννήτορι
3174 5802 3186 5850 ;
3223 5785 3386 5839 Θέλων
3417 5784 3474 5837 δὲ
3505 5785 3615 5856 ἄρα
3643 5783 3799 5836 τέτο-
