3888 6506
117 427 244 482 1541

1085 418 1249 484 QUID
1290 418 1416 485 SIT,
1458 420 1549 474 AD
1573 420 1908 476 IMAGINEM
1936 422 2067 487 DEI,
2106 422 2258 478 ETC.

1832 16 1877 17 κ
1904 12 2147 23 Mn—
2190 22 2275 24 7
2312 16 2739 27 m___we.~..
2782 20 2821 29 νδ
2876 12 3163 33 ὴΨξῈῄ-ΞᾹ

3199 423 3345 480 1542

111 561 204 599 κεν
223 541 251 593 ὁ
276 533 462 605 Πατὴρ
514 532 546 603 ἦ
582 532 657 603 μὴ
690 530 857 584 θέλων
884 547 897 594 ς
935 530 1030 594 Τίς
1060 530 1116 583 δὲ
1137 534 1165 584 ὁ
1189 532 1415 602 μάρτυς,
1434 533 1510 586 ὅτι
1539 534 1664 603 μιᾶς

1769 536 1852 589 nis
1894 536 2265 590 diversitatem
2335 533 2775 604 dignoscemus?
2824 548 2936 604 quo
2997 533 3123 588 item
3183 546 3345 603 pacto

118 632 301 691 οὐσίας
332 629 359 679 6
391 625 598 695 Πατὴρ,
651 624 744 676 καὶ
788 625 817 676 6
850 622 996 686 Υἱὸς,
1026 625 1117 676 καὶ
1147 624 1207 676 τὸ
1234 624 1481 696 Πνεῦμα;
1515 627 1606 679 καὶ
1630 623 1677 678 εἰ

107 721 284 778 τελεία
328 716 619 779 ὑπόστασίς
683 716 829 767 ἐστιν
867 714 895 765 ὁ
939 714 1070 777 Θεὸς
1117 715 1209 767 καὶ
1262 716 1469 785 Πατὴρ,
1505 718 1601 769 καί¹
1624 717 1674 768 εί

108 811 286 870 τελεία
334 808 628 869 ὑπόστασις
679 808 708 859 6
757 806 927 872 Λόγος
966 805 1059 858 τοῦ
1093 805 1247 869 Θεοῦ,
1281 806 1372 859 καὶ
1415 808 1461 860 εἰ
1495 808 1678 861 τελεία

108 906 265 959 πάλιν
295 899 588 962 ὑπόστασις
625 899 687 951 τὸ
735 897 958 968 Πνεῦμα
998 898 1091 950 τοῦ
1134 898 1287 962 Θεοῦ,
1317 899 1398 962 τίς
1430 899 1502 970 μὴ
1531 899 1676 967 λέγει

105 999 184 1051 ὅτι
204 995 294 1047 καὶι
311 994 337 1045 6
355 991 476 1055 νοῦς
501 990 595 1044 τοῦ
629 991 761 1043 Θεοῦ
786 992 886 1044 οὑκ
906 991 1052 1044 ἔστιν
1074 990 1208 1059 ἄλλη
1236 990 1527 1054 ὑπόστασις
1557 991 1676 1046 θεία

106 1086 260 1147 Θεοῦ,
296 1082 389 1136 καὶ
415 1084 443 1134 6
471 1080 705 1153 βραχίων
722 1081 877 1144 ἄλλος
910 1080 1066 1147 Θεὸς,
1094 1082 1187 1134 καὶ
1208 1082 1502 1144 ὑπόστασις
1539 1082 1673 1136 Θεοῦ

105 1178 267 1248 ἑτέρα
302 1178 329 1228 ὁ
361 1174 619 1238 δάκτυλος
645 1190 660 1239 ;
690 1174 891 1244 ὁμοίως
927 1175 1021 1226 καὶ
1051 1173 1082 1242 ὴ
1114 1172 1264 1236 δεξιά
1298 1173 1390 1226 καὶ
1418 1172 1484 1225 τὰ
1516 1170 1674 1224 λοιπά

104 1270 279 1323 πάντα
302 1266 369 1317 τὰ
402 1260 662 1333 λεγόμενά
691 1266 825 1334 μέλη
846 1264 980 1317 Θεοῦ
1003 1266 1058 1315 ὲν
1081 1266 1145 1333 τῇ
1170 1263 1287 1333 θείᾳ
1311 1265 1495 1334 Γραφῇ
1517 1282 1530 1326 ;
1557 1264 1675 1316 Ἵνα

107 1360 179 1431 μὴ
237 1356 417 1410 τοίνυν
462 1355 635 1409 ταῦτα
686 1355 850 1425 λέγῃς
890 1355 983 1408 καὶ
1011 1353 1310 1427 διαλογίζῃ,
1338 1356 1417 1417 εἰς
1448 1356 1591 1424 ἀπερ
1623 1355 1673 1407 οἱ

102 1445 361 1518 αἰρετικοὶ
423 1446 830 1516 προσκύψαντες
886 1446 980 1499 καὶ
1048 1444 1390 1514 λογισάμενοι
1455 1444 1669 1509 ἔπεσον,

103 1538 320 1608 ἐποίησέ
344 1554 404 1590 σε
428 1539 458 1592 6
484 1538 615 1601 Θεὸς
643 1540 758 1591 κατ’
788 1538 973 1591 εἰκόνα
1010 1538 1103 1591 καὶ
1130 1536 1385 1606 ὁμοίωσιν
1412 1538 1509 1604 τῆς
1544 1538 1670 1589 ἐαυ-

98 1629 190 1684 τοῦ
213 1628 496 1699 τριαδικῆς
524 1630 828 1700 ὑπάρξεως,
864 1628 1057 1700 τριάδα
1086 1629 1207 1680 τινὰ
1227 1626 1459 1697 τοπικὴν
1479 1627 1671 1697 ὁμοού-

101 1737 211 1775 σιον
241 1719 442 1791 μονάδα
495 1719 920 1791 γνωριζομένην,
968 1721 1024 1772 ἐν
1114 1717 1292 1780 καλῶς
1325 1717 1667 1779 ἀποϐλέπων,

99 1810 276 1874 καλῶς
307 1810 383 1873 ὡς
416 1812 474 1863 ὲν
495 1810 740 1881 ἐσόπτρῳ
771 1810 877 1862 τινὶ
899 1809 990 1862 καὶ
1020 1809 1173 1879 τύπῳ
1208 1808 1459 1878 εὑρήσεις
1490 1808 1664 1861 πάντα

1781 627 1892 684 ﬁeri
1931 636 2127 698 potest,
2166 634 2223 681 ut
2262 626 2449 681 eadem
2484 627 2749 697 dignitate
2793 642 2855 681 ac
2889 628 3059 695 gloria
3111 628 3181 680 sit
3217 643 3346 697 pro—

1768 721 1854 773 -|es
1889 735 1994 789 qua
2021 718 2271 790 genitor?
2295 732 2364 770 an
2393 732 2521 771 vero
2544 717 2730 771 volens
2745 718 2929 787 genuit
2948 716 3121 780 Pater,
3141 732 3210 773 an
3248 732 3343 769 no-

1778 809 2083 875 lens?Quis
2111 823 2277 878 porro
2305 807 2469 868 testis
2506 816 2589 862 est
2635 807 2800 862 unius
2852 823 2973 862 esse
3026 808 3345 863 substantia:

1775 902 1988 957 Patrem
2013 911 2067 956 et
2096 900 2289 955 Filium
2324 908 2379 954 et
2410 898 2673 968 Spiritum
2708 908 2959 955 sanctum
2984 900 3082 955 ?et
3132 901 3178 955 si
3221 916 3346 970 per-

1776 992 1917 1048 fecta
1961 1001 2045 1047 est
2073 991 2428 1049 subsistentia
2461 991 2604 1046 Deus
2634 999 2689 1045 et
2729 990 2911 1055 Pater,
2942 1000 2997 1045 et
3028 993 3073 1047 si
3106 990 3342 1062 perfecta

1775 1084 2128 1139 subsistentia
2154 1094 2237 1139 est
2263 1084 2496 1138 Verbum
2525 1083 2639 1141 Dei,
2676 1092 2727 1138 et
2764 1084 2811 1139 si
2864 1084 3105 1154 perfecta
3150 1101 3343 1141 rursus

1773 1181 1857 1227 est
1884 1173 2233 1227 subsistentia
2257 1172 2492 1242 Spiritus
2516 1171 2633 1236 Dei,
2666 1173 2789 1240 quis
2817 1188 2923 1226 non
2955 1174 3149 1227 dixerit
3191 1189 3345 1227 men-

1774 1272 1877 1319 tem
1912 1264 2006 1319 Dei
2039 1278 2144 1318 non
2167 1279 2289 1318 esse
2314 1265 2473 1317 aliam
2505 1264 2917 1318 subsistentiam
2960 1262 3053 1318 Dei
3081 1263 3341 1331 divinam,

1770 1364 1823 1409 et
1850 1354 2131 1407 brachium
2167 1354 2329 1406 alium
2363 1352 2553 1417 Deum,
2580 1362 2633 1408 et
2665 1355 3081 1408 snbsistentiam
3132 1350 3228 1406 Dei
3265 1358 3343 1408 al—

1771 1452 1943 1497 teram
1967 1444 2240 1514 digitum?
2270 1444 2385 1513 pari
2422 1445 2629 1499 ratione
2677 1459 2895 1513 quoque
2932 1444 3232 1509 dexteram,
3283 1455 3339 1501 et

1771 1536 1976 1607 reliqua
2022 1538 2201 1591 omnia
2249 1552 2369 1606 quae
2416 1537 2469 1590 in
2523 1537 2697 1593 sacris
2726 1537 2924 1591 litteris
2956 1536 3052 1592 Dei
3095 1538 3341 1593 membra

1770 1626 2184 1680 memorantur?
2214 1626 2285 1681 Ut
2314 1626 2479 1696 igitur
2515 1628 2619 1679 ista
2651 1643 2758 1681 non
2794 1628 2947 1682 dicas
2980 1642 3043 1682 ac
3088 1629 3344 1683 sermoci-

1769 1717 1937 1781 neris,
1980 1717 2033 1771 in
2063 1732 2182 1786 quae
2204 1715 2444 1770 hzeretici
2476 1710 2815 1773 oﬂ‘endentes
2860 1729 2907 1772 et
2952 1719 3342 1774 ratiocinantes

1771 1808 1908 1877 lapsi
1935 1815 2083 1872 sunt,
2108 1808 2174 1861 ad
2195 1807 2483 1878 imaginem
2518 1818 2571 1863 et
2596 1808 3007 1863 similitudinem
3041 1811 3198 1864 trina:
3227 1826 3343 1866 suae

97 1906 164 1959 τὰ
219 1872 529 1974 περιθεοῦ
582 1872 817 1964 εὐσεϐῶς
866 1872 1288 1971 κηρυττόμεναί
1329 1872 1469 1968 λέγω
1507 1899 1570 1969 δὴ
1609 1900 1666 1952 16

1769 1900 2102 1954 exsistentire
2144 1909 2195 1953 te
2232 1900 2439 1953 creavit
2485 1900 2647 1963 Deus,
2710 1902 2994 1970 ﬁguratam
3050 1903 3338 1971 quamdam

96 1995 365 2068 τριαδικὸν
389 1993 496 2047 τῶν
512 1993 878 2056 ὑποστάσεων,
904 1994 965 2045 16
996 1992 1278 2061 μοναδικὸν
1301 1992 1400 2061 τῆς
1430 1991 1665 2061 φύσεως,

94 2086 156 2140 16
175 2084 492 2155 σύγχρονον,
548 2085 607 2137 16
665 2084 990 2153 ἀδιαίρετον,
1040 2083 1100 2135 16
1148 2082 1552 2152 ἀκατάληπτον,
1606 2081 1667 2133 16

96 2175 523 2247 ἀσχημάτιστον,
556 2175 617 2227 τὸ
645 2174 972 2244 ἀθεώρητον,
1004 2174 1064 2226 τὸ
1092 2174 1415 2243 ἀγέννητον,
1443 2174 1503 2230 τὸ
1540 2189 1665 2241 γεν-

95 2270 273 2341 νητὸν,
296 2267 359 2321 16
397 2265 749 2337 ὲκπορευτὺν,
768 2266 826 2317 τὸ
855 2264 1260 2335 δημιουργικὸν,
1290 2264 1350 2316 16
1380 2280 1665 2335 προνοητι-

94 2359 208 2421 κὺν,
258 2358 319 2411 τὸ
365 2357 629 2428 κριτικὸν,
660 2356 721 2409 16
752 2355 1122 2426 ἀψηλάφητον,
1165 2356 1226 2408 τὸ
1264 2353 1573 2425 ἀσώματον,
1607 2354 1669 2407 16

94 2448 393 2521 ἄφθαρτον,
421 2448 481 2501 16
502 2447 823 2517 ἀνώλεθρον,
847 2447 906 2499 16
933 2446 1217 2507 ἀθάνατον,
1250 2449 1308 2499 16
1340 2446 1575 2509 αἰώνιον,
1607 2445 1668 2497 τὸ

94 2537 511 2607 ἀνερμήνευτον,
540 2535 601 2588 16
644 2535 993 2605 ὡραιότατον,
1031 2535 1125 2587 καὶ
1159 2532 1437 2603 συντόμως
1470 2534 1664 2597 εἰπεῖν,

94 2627 308 2679 πάντων
334 2625 445 2678 τῶν
481 2628 537 2678 ὲν
556 2628 621 2697 τῇ
651 2626 872 2694 Θεότητι
921 2626 1227 2695 λεγομένων
1260 2625 1517 2687 εὐσεϐῶς,
1542 2627 1666 2688 τοὺς

92 2719 293 2781 τύπους
318 2717 415 2770 καὶ
440 2718 537 2781 τὰς
570 2718 801 2781 εἰκόνας,
832 2718 925 2771 καὶ
945 2718 1015 2771 τὰ
1052 2717 1474 2787 ἀποσκιάσματα
1496 2719 1659 2788 εὑρή-

95 2827 206 2873 σεις
243 2811 301 2863 ἐν
327 2812 393 2880 τῇ
432 2809 577 2879 ψυχῇ
610 2825 703 2862 σου
728 2808 1229 2880 σκιαγραφούμενα.
1258 2811 1365 2861 Καὶ
1397 2809 1483 2861 διὰ
1504 2808 1661 2863 τοῦτο

92 2901 306 2972 εἴρηται
353 2901 460 2955 ὑπὸ
479 2901 572 2954 τοῦ
620 2900 754 2955 Θεοῦ
811 2901 906 2966 τὸ,
962 2900 1314 2970 Ποιήσωμεν
1350 2901 1664 2969 ἄνθρωπον

91 2991 216 3044 κατ’
238 2993 443 3046 εἰκόνα
478 2991 789 3061 ἡμετέραν,
830 2990 930 3044 καὶ
957 2994 1082 3046 καθ’
1107 2992 1407 3060 ὁμοίωσιν.

1768 1992 2065 2045 trinitatem
2141 1990 2662 2045 consubstantialem
2713 1993 2974 2046 unitatem
3021 1993 3341 2047 manifesta-

1767 2089 1895 2145 tam,
1932 2082 1985 2135 in
2018 2097 2179 2151 quam
2204 2082 2445 2144 intuens,
2471 2089 2729 2152 tanquam
2758 2083 2810 2135 in
2839 2084 3059 2152 speculo
3083 2099 3146 2137 ac
3167 2084 3341 2154 ﬁgura

1762 2173 1997 2242 quadam
2044 2174 2249 2242 optime
2289 2188 2629 2243 quaecunque
2683 2175 2748 2228 de
2798 2174 2909 2228 Deo
2948 2176 3338 2243 prazdicantur,

1765 2265 2032 2329 invenies,
2077 2264 2556 2318 subsistentiarum
2603 2264 2863 2317 nimirum
2916 2266 3031 2321 sive
3079 2282 3342 2335 persona.-

1765 2370 1886 2408 rutn
1936 2356 2258 2419 trinitatem,
2290 2361 2343 2409 et
2375 2358 2636 2409 unitatem
2662 2366 2890 2420 naturae,
2914 2366 2969 2411 et
2992 2360 3139 2427 quod
3159 2376 3344 2429 aequa-

1766 2444 1845 2498 les
1873 2445 1982 2497 sint
2016 2451 2279 2514 tempore,
2307 2447 2453 2513 quod
2481 2449 2809 2516 invisibiles,
2840 2452 2983 2519 quod
3031 2452 3341 2523 incompre-

1766 2536 2078 2599 hensibilcs,
2103 2538 2246 2605 quod
2279 2537 2461 2608 efﬁngi
2494 2554 2600 2592 non
2622 2542 2854 2609 possint,
2888 2558 3065 2612 neque
3081 2544 3340 2612 spectari,

1763 2626 1997 2695 itemque
2019 2636 2075 2680 ut
2107 2628 2211 2680 alia
2250 2628 2484 2697 ingenita
2511 2630 2602 2692 sit,
2652 2632 2757 2684 alia
2794 2633 3009 2701 genita,
3065 2634 3166 2687 alia
3218 2650 3344 2703 pro-

1764 2716 1993 2776 cedens.
2031 2718 2272 2787 itemque
2300 2719 2407 2772 vim
2436 2722 2659 2774 creandi
2686 2721 2944 2785 habeant,
2984 2724 3342 2793 providentia:

1765 2824 1946 2862 rerum
1975 2816 2028 2864 et
2049 2809 2324 2877 judicandi
2354 2808 2687 2877 facultatem,
2716 2814 3041 2869 contrectari
3070 2831 3176 2869 non
3217 2832 3342 2885 pos-

1768 2899 1899 2959 sint,
1946 2914 2177 2968 corpore
2225 2906 2466 2964 careant,
2529 2905 2900 2972 corruptionis
2940 2916 3191 2974 expertes
3230 2906 3342 2959 sint

1769 3000 1823 3045 et
1852 2990 2126 3055 interitus,
2154 2992 2491 3047 immortales
2524 3001 2579 3048 et
2609 3002 2844 3059 azternaa,
2871 3010 3045 3064 neque
3079 2997 3339 3065 explicari

96 3080 322 3147 possint,
365 3089 421 3135 et
460 3082 923 3150 prastantissimae
965 3083 1071 3135 sint
1110 3080 1534 3150 pulchritudine.
1584 3088 1744 3149 atque
1770 3087 1831 3132 ut
1864 3080 2051 3149 paucis
2111 3082 2467 3149 complectar,
2538 3084 2804 3148 omnium,
2864 3101 2989 3154 qua:
3038 3086 3091 3139 in
3143 3086 3342 3139 Divini-

95 3183 204 3230 tate
231 3192 317 3231 res
367 3177 455 3246 pie
497 3176 771 3239 dicuntur,
833 3178 1032 3246 ﬁguras
1071 3187 1124 3231 et
1179 3178 1441 3245 imagines
1491 3183 1655 3245 atque
1692 3174 2013 3229 adumbrata
2043 3175 2368 3230 lineamenta
2397 3178 2449 3231 in
2484 3179 2663 3231 anima
2703 3179 2775 3231 ita
2840 3179 3051 3249 depicta
3109 3195 3328 3249 compe-

95 3267 200 3322 ries
236 3283 251 3319 :
286 3276 451 3338 atque
476 3268 680 3323 idcirco
702 3268 907 3323 dictum
952 3277 1034 3324 est
1077 3285 1107 3323 a
1151 3268 1304 3324 Deo:
1363 3266 1652 3321 Faciamus
1691 3267 1952 3322 hominem
1990 3266 2061 3319 ad
2094 3269 2375 3337 imaginem
2407 3276 2457 3323 et
2486 3269 2554 3321 ad
2581 3268 2981 3323 similitudinem
3006 3279 3263 3325 nostram.

172 3450 334 3503 Ἀλλά
359 3450 532 3504 ταῦτα
582 3453 631 3504 οἰ
675 3452 936 3523 αἰρετικοὶ
961 3452 1055 3504 καὶ
1082 3453 1130 3505 οἱ
1162 3451 1256 3506 νῦν
1308 3453 1523 3506 ἄπιστοι
1556 3454 1658 3506 οὑκ

1831 3450 2031 3506 Verum
2058 3452 2174 3506 hac
2209 3451 2447 3507 haeretici
2489 3460 2656 3521 atque
2695 3452 2860 3521 hujus
2909 3451 3172 3522 temporis
3214 3450 3338 3504 inﬁ-

93 3540 353 3609 ἔγνωσαν,
386 3541 504 3594 οὑδὲ
528 3543 895 3613 διενοήθησαν.
929 3545 989 3596 Εἰ
1020 3544 1123 3615 γὰρ
1150 3543 1329 3607 καλῶς
1356 3546 1417 3597 16
1435 3545 1555 3597 κατ’
1589 3547 1665 3597 εἰ·

95 3632 224 3685 κόνα
255 3633 350 3685 καὶ
371 3633 629 3703 ὁμοίωσιν
651 3633 937 3703 ἀνθρώπου
959 3634 1289 3705 ὲσκόπησαν,
1318 3635 1417 3687 οὑκ
1442 3633 1508 3687 ἂν
1538 3634 1662 3705 περὶ

93 3723 154 3776 16
192 3725 488 3795 μυστήριον
520 3724 581 3777 τὸ
625 3725 899 3796 τριαδικὸν
932 3726 1233 3789 ἐδίστασαν,
1270 3728 1369 3779 οὑκ
1402 3726 1467 3780 ἂν
1503 3743 1660 3794 φυσι-

96 3815 218 3876 καῖς
276 3814 578 3878 ἀποδείξεσι
626 3814 687 3867 τὸ
730 3815 870 3885 ὑπὲρ
913 3819 1072 3884 φύσιν
1119 3817 1408 3870 ὑπέϐαλον.
1443 3818 1555 3869 υὺκ
1597 3817 1662 3870 ἂν

96 3905 483 3977 ὲσκοτίσθησαν
532 3905 797 3974 λέγοντες,
848 3907 1103 3959 ἀδύνατον
1137 3904 1272 3960 εἶναι
1328 3908 1459 3960 Θεὸν
1512 3924 1663 3978 τρισ-

102 3997 401 4050 υπόστατον
437 3997 658 4067 Τριάδα.
715 3997 777 4050 Εἰ
806 3997 865 4049 16
890 3999 1008 4051 κατ’
1033 4000 1215 4051 εἰκόνα
1245 3999 1434 4053 ἑαυτοῦ
1466 4000 1663 4069 ἔμαθεν

101 4088 336 4156 ΙἌρειος,
372 4091 471 4141 οὐκ
516 4087 581 4141 ἂν
628 4086 960 4158 ἐτεροούσιον
983 4088 1077 4141 τοῦ
1115 4089 1323 4160 Πατρὺς
1369 4090 1459 4141 τὴν
1494 4091 1663 4158 Λόγον

96 4178 352 4243 ἐδίδαξεν.
384 4181 447 4233 Εἰ
474 4179 535 4232 16
560 4180 681 4234 κατ’
712 4181 891 4234 εἰκόνα
916 4182 1151 4245 εὐσεϐῶς
1180 4182 1448 4253 ὲσκόπησε
1474 4184 1661 4235 Μακε-

97 4268 282 4334 δόνιος,
311 4273 411 4324 οὐκ
435 4269 500 4324 ἂν
526 4270 729 4342 κτίσμα
758 4272 818 4324 τὸ
846 4271 1069 4341 Πνεῦμα
1108 4273 1170 4325 16
1199 4272 1352 4340 ἅγιον
1392 4272 1625 4341 ἔφασκεν
1643 4290 1658 4304 ⁸

98 4359 232 4415 ἀλλά
263 4361 630 4428 τυφλωθέντες
658 4363 831 4416 ταὺτά
853 4363 1150 4416 πεπόνθασι
1180 4366 1291 4427 τοῖς
1329 4364 1473 4417 ἔνδον
1512 4367 1567 4417 ὲν
1587 4363 1663 4435 τῷ

100 4451 283 4523 κόλπῳ
301 4453 509 4506 ἑαυτῶν
529 4452 618 4506 τὸν
637 4453 974 4523 μαργαρίτην
996 4452 1195 4523 ἔχουσι,
1210 4452 1396 4507 τοῦτον
1424 4454 1480 4506 δὲ
1508 4455 1664 4520 ἀγνο-

98 4541 238 4605 οῦσι,
264 4544 357 4598 καί⁸
386 4546 442 4596 ὲν
470 4546 533 4614 τῇ
566 4542 785 4614 ἀϐύσσῳ
812 4544 971 4596 αὑτὸν
1006 4544 1342 4614 πλανώμενοι
1373 4544 1662 4615 ἐπιζητοῦσ-

103 4648 204 4685 σιν.
226 4634 367 4704 Ὅρα
382 4634 510 4704 γοῦν
530 4636 611 4687 ὃτι
642 4637 701 4687 οὑ
737 4636 892 4705 μόνον
916 4638 972 4688 ἐν
1006 4636 1290 4706 πράγμασι
1332 4637 1573 4700 τυπικῶς
1605 4636 1665 4689 16

108 4726 228 4777 κατ’
249 4727 430 4781 εἰκόνα
480 4727 613 4780 Θεοῦ
644 4728 884 4798 ἡμετέρα
931 4727 1075 4798 ψυχὴ
1106 4728 1387 4795 κέκτηται,
1420 4728 1664 4791 τυπικῶς

1769 3544 1919 3599 deles
1949 3544 2263 3599 nescierunt
2291 3560 2468 3613 neque
2494 3544 2901 3598 intellexerunt.
2943 3542 3077 3596 Nam
3119 3543 3339 3604 siillud,

1770 3636 1837 3689 ad
1874 3636 2161 3706 imaginem
2188 3644 2241 3690 et
2282 3635 2723 3700 similitudinem,
2744 3637 2847 3691 rite
2873 3636 3337 3698 considerassent,

1770 3725 1825 3778 in
1858 3728 2114 3796 mysterio
2145 3725 2432 3782 Trinitatis
2462 3743 2571 3781 non
2602 3728 2964 3787 haesitassent,
3008 3743 3185 3796 neque
3213 3727 3341 3796 phy-

1768 3819 1900 3871 sicis
1937 3818 2503 3874 demonstrationibus
2546 3820 2596 3873 id
2633 3820 2777 3888 qdod
2825 3828 3075 3873 naturam
3115 3827 3340 3888 superat

1770 3908 2135 3976 subjecissent
2157 3929 2168 3963 :
2191 3925 2297 3963 non
2327 3911 2664 3963 obumebrati
2688 3917 2872 3964 essent
2895 3910 3165 3977 dicentes,
3195 3907 3334 3962 Fieri

1768 4015 1875 4052 non
1916 4007 2092 4067 potest
2127 4008 2185 4052 ut
2219 3999 2358 4054 Deus
2388 4000 2441 4053 iu
2488 4000 2662 4053 tribus
2688 4000 2936 4069 personis
2967 4000 3038 4052 sit
3071 3998 3331 4051 Trinitas.

1772 4089 1827 4143 Si
1860 4090 2004 4160 quod
2034 4092 2089 4145 in
2127 4106 2186 4144 se
2216 4100 2331 4145 erat
2353 4092 2418 4145 ad
2456 4091 2744 4161 imaginem
2775 4090 3120 4159 cognovisset
3149 4090 3333 4148 Arius,

1768 4182 1993 4237 diversa:
2022 4196 2051 4234 a
2092 4181 2250 4236 Patre
2287 4182 2607 4237 substantia
2647 4180 2885 4237 Verbum
2923 4196 3047 4236 esse
3085 4194 3193 4233 non
3236 4178 3336 4232 do-

1768 4272 1993 4328 cuisset.
2044 4271 2099 4325 Si
2152 4272 2303 4336 illud,
2337 4273 2401 4327 ad
2443 4273 2755 4342 imaginem,
2796 4273 2883 4342 pie
2932 4271 3334 4326 considerasset

1768 4364 2132 4428 Macedonius,
2166 4380 2441 4434 nunquam
2467 4363 2725 4433 Spiritum
2761 4371 3008 4416 sanctum
3032 4370 3332 4417 creaturam

1768 4472 1888 4510 esse
1912 4456 2169 4510 dixisset:
2203 4455 2295 4510 sed
2329 4457 2583 4509 exczecati
2640 4470 2747 4507 non
2780 4455 2937 4507 aliter
2964 4461 3092 4508 sunt
3127 4452 3330 4513 affecti,

1769 4556 1930 4616 atque
1962 4547 2036 4600 illi
2062 4547 2158 4615 qui
2210 4547 2263 4600 in
2308 4547 2430 4600 sinu
2478 4547 2831 4615 margaritum
2885 4544 3106 4607 habent,
3157 4544 3333 4612 ipsum

1769 4646 1948 4691 autem
1979 4654 2086 4691 non
2115 4644 2416 4700 noverunt,
2439 4644 2493 4689 et
2523 4637 2578 4689 in
2612 4634 2882 4704 profundo
2923 4635 3055 4688 mari
3090 4632 3335 4701 vagando

1772 4730 2110 4799 perquirunt.
2143 4729 2528 4783 Animadverte
2568 4730 2753 4797 igitur.
2805 4734 2864 4780 ut
2917 4742 3025 4779 non
3062 4725 3222 4779 modo
3280 4726 3334 4779 in

102 4814 262 4885 λέγω,
290 4818 389 4871 οὑκ
417 4818 667 4887 ἰσοφυῶς.
698 4818 819 4880 Πῶς
852 4819 908 4871 δὲ
941 4820 1135 4883 τοῦτ-ος
1184 4818 1395 4873 Εὐθέως
1424 4819 1483 4871 16
1512 4821 1664 4887 λεγό-

1769 4822 1927 4875 rcbus
1974 4822 2271 4876 secundum
2327 4821 2549 4890 ﬁguram
2600 4821 2780 4873 anima
2828 4826 3016 4873 nostra
3061 4818 3157 4870 Dei
3200 4819 3336 4870 ima-

108 4924 262 4975 μενον
292 4912 500 4979 ποιήσω
528 4910 712 4980 σαφές.
756 4911 1188 4981 Ἀπερίγραπτον
1238 4908 1374 4964 εἶναι
1412 4913 1502 4964 τὸν
1537 4914 1667 4965 Θεὸν

106 4997 341 5068 Πατέρα,
390 5000 588 5071 ὁμοίως
634 5002 843 5055 καὶτὸν
872 5002 996 5054 Υἱδν
1039 5003 1133 5054 καὶ
1165 5004 1223 5056 16
1254 5005 1405 5071 ἅγιον
1445 5004 1665 5074 Πνεῦμα

109 5091 467 5163 πιστεύομεν·
517 5093 596 5145 διὸ
645 5093 719 5157 ὡς
755 5095 1124 5164 ἀπεριόριστοι
1169 5096 1528 5166 φεραλλήὶους
1574 5097 1666 5148 καὶ

108 5182 511 5255 ἀλληλενδέτους
549 5186 640 5238 καὶ
671 5186 769 5248 τὰς
797 5186 1000 5249 οἰκείας
1030 5188 1391 5257 προσηγορίας
1430 5188 1661 5257 ἔχουσιν.

121 5272 283 5326 Ἐπάν
309 5278 416 5347 γὰρ
445 5275 685 5347 ὀνομάσῃ
709 5276 943 5345 Πατέρα,
968 5276 1227 5346 πρόδηλον
1252 5278 1333 5329 ὅτι
1353 5277 1480 5329 Υἰοῦ
1502 5278 1663 5331 αὑτοῦ

108 5376 248 5427 τινος
277 5366 541 5436 ἐμήνυσεν
570 5368 822 5437 ἔμφασιν.
850 5366 972 5430 Πῶς
1000 5368 1106 5439 γὰρ
1134 5369 1198 5422 ἂν
1220 5371 1311 5421 καὶ
1338 5369 1665 5439 κληθήσεται

110 5452 296 5526 Πατὴρ
341 5456 414 5527 μὴ
454 5461 849 5530 γνωριζομένου
896 5460 1059 5522 Υἱοῦ;
1106 5461 1373 5523 Ὡσαύτως
1405 5464 1498 5514 καὶ
1529 5462 1665 5516 ἐπὰν

112 5542 235 5615 εἴπῃ
266 5547 505 5618 Πνεῦμα,
541 5551 667 5603 Θεὸν
713 5552 945 5623 ἐδήλωσε
965 5566 979 5581 ⁸
1009 5551 1248 5620 Πνεῦμα
1287 5552 1397 5621 γὰρ
1431 5556 1463 5605 ό
1501 5553 1662 5617 Θεὸς,

114 5632 186 5696 ὣς
219 5653 378 5706 φησιν
400 5642 433 5709 ἡ
463 5639 670 5712 Γραφή.
696 5638 828 5697 Εἶτα
873 5642 992 5695 ἐλθὲ
1024 5642 1131 5695 ἀπὸ
1163 5641 1363 5713 ταύτης
1392 5642 1489 5712 τῆς
1513 5642 1672 5709 ἁγίας

116 5724 336 5795 Τριάδος
362 5733 452 5786 ἐπὶ
474 5732 573 5802 τὴν
596 5733 775 5787 είκόνα
799 5735 984 5805 αὑτῆς,
1008 5734 1105 5805 τὴν
1122 5735 1179 5786 ἐν
1204 5735 1333 5805 ἡμῖν
1366 5734 1508 5802 λέγω
1526 5733 1670 5786 ἔνδον

120 5816 459 5892 ὑπάρχουσαν
496 5825 705 5897 τριάδα,
732 5826 822 5879 καὶ
844 5825 963 5895 ὄψει
994 5827 1083 5880 καί
1112 5826 1209 5891 τὰς
1236 5828 1380 5899 τρεῖς
1406 5843 1671 5898 προσηγο-

1730 5183 1911 5237 'rabo.
1955 5182 2484 5251 lncircumscriptum
2526 5197 2647 5237 esse
2700 5180 2867 5235 Deum
2916 5179 3130 5232 Patrem
3158 5217 3175 5242 ,

1766 4914 1944 4981 ginem
2000 4913 2054 4967 in
2107 4928 2166 4967 se
2222 4927 2536 4981 expressam
2580 4911 2806 4976 habeat,
2851 4910 3152 4971 secundum
3198 4908 3336 4977 ﬁgu-

1763 5019 1900 5066 ram,
1971 5005 2211 5072 inquam,
2253 5020 2359 5056 non
2410 5003 2475 5055 ad
2521 5004 2879 5070 aequalitatem
2924 5010 3151 5054 naturae.
3214 5001 3336 5064 Quo

1764 5109 1891 5148 vero
1956 5092 2009 5145 id
2068 5092 2580 5162 pacto?Continuo
2640 5092 2730 5152 id,
2788 5091 2932 5161 quod
2986 5089 3125 5152 dixi,
3156 5088 3336 5141 decla-

3236 5192 3334 5246 P3“

1763 5273 2001 5340 riterque
2052 5270 2245 5325 Filium
2299 5279 2352 5325 et
2402 5272 2663 5341 Spiritum
2726 5279 2974 5325 sanctum
3022 5269 3332 5325 credimus:

1762 5372 2089 5437 quapropter
2144 5373 2205 5418 ut
2260 5365 2454 5419 inﬁniti
2510 5366 2709 5418 relatas
2772 5365 2913 5417 inter
2963 5377 3023 5416 se
3077 5376 3141 5415 ac
3211 5377 3333 5414 mu-

1763 5470 1857 5513 tuo
1918 5472 2084 5513 nexas
2122 5466 2177 5512 et
2226 5457 2472 5527 pr0prias
2523 5456 2724 5509 habent
2790 5453 3201 5523 appellationes.
3230 5451 3333 5506 Uln

1760 5551 1904 5606 enim
1957 5550 2081 5620 quis
2148 5548 2360 5604 Patrem
2429 5547 2815 5606 nominaverit,
2881 5552 3091 5599 certum
3149 5552 3336 5613 utique

1777 5650 1861 5697 est
1891 5657 2013 5696 eum
2058 5640 2176 5695 Filii
2211 5641 2515 5710 cujuspiam
2568 5637 3017 5707 signiﬁcationem
3063 5636 3332 5697 intulisse.

1777 5732 2059 5797 Quomodo
2088 5732 2233 5787 enim
2275 5731 2437 5785 Pater
2466 5729 2827 5800 appellabitur
2853 5728 2957 5783 nisi
2980 5726 3153 5782 Filius
3168 5726 3331 5782 etiam

1778 5826 2159 5897 intelligatur?
2213 5824 2337 5880 Pari
2389 5824 2600 5879 ratione
2664 5822 2755 5878 ubi
2798 5820 2997 5878 dixerit
3046 5819 3330 5891 Spiritum,
