4018 6496
593 410 732 465 1335

2065 407 2428 465 APPENDIX.

3693 410 3819 465 13“

588 524 755 578 Deum
800 510 1118 578 indicavitr
1150 523 1382 594 Spiritus
1425 525 1564 579 enim
1590 533 1667 580 est
1701 525 1838 580 Deus
1869 525 1937 592 δ’,
1985 531 2044 578 ut
2073 525 2154 578 in-

2262 526 2384 596 ρίας
2416 527 2584 596 αὐτῆς
2617 526 2982 597 φεραλλήλους
3026 525 3121 580 καὶ
3148 524 3430 596 ήνωμένας
3461 525 3817 597 ὑπαρχούσας.

503 657 510 666 .
586 616 702 683 quit
725 614 1027 685 Scriptura.
1057 615 1678 685 Progrederedeindeab
1698 617 1800 670 bac
1817 627 2006 671 sancta
2035 615 2158 669 Tri-

589 705 833 758 nitatead
855 705 1303 775 ejusimaginem,
1337 707 1659 768 trinitatem,
1682 707 1926 776 inquam,
1958 723 2080 776 qum
2104 708 2155 760 in

587 797 744 851 nobis
757 807 839 850 est
859 796 1004 850 intus
1017 798 1309 858 assistens,
1327 806 1491 867 atque
1505 798 1579 851 ita
1600 807 1710 854 tres
1735 815 1954 868 quoque
1987 800 2159 869 ipsius

587 892 976 960 appellationes
1011 893 1153 946 inter
1182 909 1242 948 se
1270 894 1470 949 relatas
1485 903 1540 948 et
1567 894 1750 949 unitas
1763 895 2154 964 deprehendes.

587 982 724 1035 Cum
774 985 920 1037 enim
975 983 1181 1038 dixeris
1216 985 1452 1038 animam
1501 987 1823 1040 rationalem
1871 1001 1934 1040 ac
1979 995 2160 1040 mente

590 1076 891 1142 praeditam,
935 1076 1189 1132 videlicet
1219 1087 1273 1132 et
1297 1080 1562 1132 rationem
1619 1087 1673 1133 et
1707 1086 1947 1134 mentem
1985 1080 2158 1150 signi~

589 1167 784 1232 lii-asti,
821 1183 1053 1238 cumque
1082 1170 1347 1224 rationem
1392 1171 1709 1236 nominaris,
1741 1171 1968 1225 omnino
1995 1173 2156 1226 etiam

590 1259 827 1312 animam
857 1260 1198 1322 rationalem,
1242 1276 1363 1330 qua‘
1389 1261 1556 1330 hujus
1599 1269 1684 1316 est
1724 1262 1983 1331 genitrix,
2024 1263 2160 1316 indi-

588 1351 762 1416 casti;
792 1352 1044 1407 similiter
1075 1360 1130 1406 et
1163 1353 1250 1408 ubi
1281 1360 1514 1406 mentem
1552 1352 1779 1416 dixeris,
1813 1354 1971 1423 plane
1991 1355 2154 1408 etiam

588 1443 825 1495 animam
855 1451 911 1497 et
951 1443 1220 1498 rationem
1263 1442 1603 1511 signiﬁcasti.
1646 1443 1816 1513 Cujus
1852 1445 1996 1500 enim
2019 1447 2158 1498 alio-

591 1533 724 1602 quin
757 1534 862 1588 erit
888 1549 1063 1596 mens,
1093 1534 1196 1589 nisi
1223 1534 1418 1589 animae
1443 1541 1499 1587 et
1541 1534 1815 1589 rationis?
1869 1537 2046 1606 Atque
2081 1537 2156 1591 id-

588 1625 737 1678 circo
756 1625 897 1680 sicut
925 1625 1152 1680 relatam
1175 1633 1231 1680 et
1256 1641 1286 1677 a
1303 1640 1363 1680 se
1384 1633 1575 1681 mutuo
1603 1627 1926 1694 pendentem
1955 1629 2159 1683 habent

590 1715 1030 1785 appellationem,
1085 1715 1162 1769 ita
1193 1731 1538 1770 communem
1587 1725 1646 1771 et
1687 1717 2021 1773 individuam
2055 1719 2155 1772 ba-

592 1807 719 1860 bent
747 1805 1098 1860 essentialem
1129 1805 1524 1862 emcacitatem.
1551 1807 1665 1862 Una
1693 1809 1837 1862 enim
1870 1817 1924 1862 et
1951 1809 2147 1864 similis

591 1895 770 1953 Patris
803 1905 857 1952 α
885 1895 1008 1951 Filii
1054 1904 1109 1952 et
1149 1895 1388 1967 Spiritus
1441 1899 1620 1952 sancti
1669 1899 1984 1965 ellicacitas,
2044 1916 2154 1956 una

588 1985 784 2046 virtus.
807 2001 914 2040 una
943 1987 1209 2057 potentia,
1244 2002 1352 2041 una
1385 1988 1662 2055 voluntas,
1706 2003 1812 2042 una
1860 1988 2155 2044 sententia.

588 2079 938 2148 Quaecunque
961 2080 1233 2149 siquidem
1255 2079 1456 2136 fecerit
1486 2079 1668 2146 Pater,
1720 2081 2024 2137 indivulsus
2057 2096 2154 2137 co-

555 2177 844 2238 voperator
875 2180 964 2226 est
1003 2179 1059 2224 et
1107 2170 1318 2237 Filius;
1379 2178 1436 2226 et
1479 2187 1824 2242 quascunque
1867 2172 2157 2242 perfecerit

591 2258 759 2314 Filius
809 2269 903 2313 aut
955 2258 1196 2331 Spiritus
1254 2269 1502 2326 sanctus,
1554 2260 1778 2315 omnino
1831 2271 2158 2331 ceoperatur

590 2349 824 2407 indivise
862 2350 1061 2419 Pater;
1113 2367 1288 2421 neque
1345 2352 1493 2408 enim
1548 2350 1722 2407 Filius
1761 2353 1880 2408 sine
1931 2351 2091 2408 Patre
2127 2366 2158 2404 ο

591 2455 648 2494 se
676 2441 796 2511 ipso
821 2457 917 2511 per
955 2457 1016 2497 se
1041 2443 1196 2498 solus
1245 2443 1376 2513 quid
1410 2442 1561 2508 facit,
1624 2460 1799 2514 neque
1847 2443 1958 2497 ullo
1997 2445 2159 2498 modo

591 2530 750 2587 Pater
774 2534 894 2588 sine
917 2531 1054 2588 Filio
1083 2545 1140 2588 et
1166 2533 1376 2604 Spiritu
1405 2547 1627 2600 sancto,
1674 2550 1775 2590 uec
1805 2549 1996 2590 rursus
2037 2533 2157 2604 Spi-

591 2622 731 2676 ritus
753 2623 872 2677 sine
907 2621 1047 2676 Filio
1073 2633 1128 2678 et
1169 2622 1331 2678 Patre
1379 2623 1656 2693 quidpiam
1711 2633 1990 2692 operatur.
2048 2622 2159 2693 Age

590 2727 737 2768 nunc
766 2713 1022 2783 deinceps
1045 2715 1116 2769 ab
1163 2715 1567 2783 exemplaribus
1616 2715 1682 2769 ad
1727 2714 1977 2784 elligiem,
2032 2729 2156 2782 qua

588 2814 674 2860 est
721 2805 787 2860 ad
839 2806 1129 2876 imaginem
1162 2817 1217 2862 et
1275 2807 1688 2863 similitudinem
1737 2803 1831 2862 Dei
1876 2807 1931 2860 in
1977 2806 2158 2860 anima

592 2906 809 2962 nostra,
845 2905 898 2952 te
930 2905 1205 2962 converte,
1255 2906 1478 2968 tumque
1518 2913 1683 2952 unam
1730 2913 1793 2953 ac
1826 2898 2058 2954 similem
2101 2899 2158 2952 in

590 2989 752 3044 nobis
791 2989 1162 3058 operationem
1201 2989 1429 3044 videbis.
1473 2988 1608 3043 Nam
1665 3005 1766 3046 nec
1805 2989 1984 3044 anima
2041 2990 2160 3044 sine

591 3080 802 3134 ratione
818 3079 952 3149 quid
976 3087 1216 3149 praestat.
1237 3095 1414 3149 neque
1439 3079 1558 3135 sine
1587 3079 1769 3132 anima
1797 3080 2156 3150 ratio.qu

590 3173 725 3225 adeo
757 3186 912 3226 mens
944 3187 1136 3226 rursus
1161 3172 1280 3227 sine
1317 3173 1499 3225 anima
1537 3180 1591 3226 et
1620 3173 1829 3227 ratione
1871 3171 1984 3226 sola
2025 3173 2157 3242 quid

590 3263 912 3328 exsequitur
948 3281 962 3316 :
993 3263 1136 3328 quod
1167 3263 1415 3328 ejusdem
1440 3270 1649 3317 natura:
1671 3262 1942 3328 simulque
1973 3269 2156 3316 natam

2261 3181 2449 3235 ματος,
2493 3171 2594 3236 ήδη
2643 3171 2803 3220 τοῦτο
2831 3171 2923 3221 καὶ
2968 3171 3128 3239 ἡμεῖς
3154 3171 3584 3241 προειρήκαμεν,
3622 3173 3705 3225 ὅτι
3740 3173 3831 3226 καὶ

2258 3254 2318 3307 ὲν
2349 3253 2520 3325 τούτῳ
2541 3257 2658 3308 κατ’
2685 3256 2870 3310 εἰκόνα
2899 3258 2992 3311 καὶ
3026 3257 3147 3310 καθ’
3165 3258 3422 3328 ὁμοίωσιν
3455 3253 3594 3311 οὖσα
3618 3259 3709 3311 διὰ
3737 3257 3832 3323 τῆς

588 3263 912 3332 exsequitur
948 3281 962 3316 :
993 3263 1136 3331 quod
1167 3263 1415 3332 ejusdem
1440 3270 1649 3317 natura:
1671 3262 1942 3332 simulque
1973 3269 2156 3316 natam

590 3368 654 3408 ac
683 3353 990 3407 devinctam
1015 3354 1252 3409 habeant
1276 3355 1421 3408 inter
1443 3369 1502 3409 se
1525 3369 1870 3408 communem
1899 3353 2158 3407 virtutem

583 3455 644 3499 et
670 3445 1064 3506 ellicacitatem,
1098 3461 1217 3516 qua:
1249 3453 1335 3502 est
1365 3445 1432 3500 ad
1480 3446 1769 3516 imaginem
1798 3452 1852 3499 et
1899 3443 2160 3499 similitu-

584 3535 772 3588 dinem
810 3533 922 3588 Dei.
953 3534 1108 3599 ρυοά
1137 3535 1182 3590 si
1211 3535 1345 3589 milii
1381 3534 1634 3604 objicias,
1653 3534 1794 3588 nihil
1828 3549 1925 3603 per
1957 3549 2017 3590 se
2037 3533 2160 3587 ani-

592 3637 738 3674 mam
769 3623 979 3692 absque
998 3638 1228 3692 corpore
1249 3624 1486 3694 operari,
1519 3624 1632 3693 jam
1681 3623 1737 3679 id
1794 3639 1894 3680 nos
1939 3639 2158 3695 quoque

588 3721 721 3767 ante
761 3714 1006 3769 diximus
1044 3731 1059 3770 :
1091 3715 1148 3769 in
1195 3716 1299 3770 boc
1339 3715 1600 3770 nimirum
1663 3715 1809 3770 illam
1861 3717 2030 3772 etiam
2079 3717 2159 3770 fa-

587 3814 738 3856 ciam
760 3802 829 3857 ad
858 3803 1154 3873 imaginem
1183 3812 1238 3859 et
1265 3801 1684 3861 similitudinem
1730 3821 1830 3876 per
1869 3806 2156 3861 materiam

593 3893 894 3962 subiectam
917 3896 1097 3951 oculis
1129 3894 1414 3951 facultates
1440 3911 1570 3951 suas
1594 3895 1973 3954 demonstrare
1992 3936 2012 3963 ,
2037 3912 2162 3967 quae

594 3984 699 4040 sub
725 3993 1008 4054 aspectum
1039 4001 1147 4042 non
1181 3986 1422 4054 cadunt;
1461 3987 1676 4042 tametsi
1707 4002 1830 4042 cum
1861 4004 1891 4042 a
1923 4003 2158 4058 corpore

594 4084 845 4146 separata
871 4087 958 4132 est
981 4085 1176 4132 natura
1208 4093 1307 4132 sua
1342 4093 1478 4148 pura
1508 4083 1689 4133 anima
1721 4088 1776 4135 et
1809 4081 2114 4136 substantia
2140 4123 2154 4147 ,

589 4177 709 4221 tum
756 4168 991 4222 maxime
1027 4170 1097 4223 ad
1142 4169 1582 4238 perspiciendum
1618 4171 1811 4226 idonea
1845 4181 1898 4228 et
1927 4173 2158 4243 simplex

587 4269 647 4312 ct
673 4259 861 4314 sedata
893 4260 1234 4330 lucidiorque
1262 4260 1478 4316 iuventa
1499 4303 1514 4328 ,
1545 4264 1730 4319 verius
1761 4264 1829 4319 ad
1865 4265 2157 4335 imaginem

587 4360 648 4405 et
680 4351 1091 4407 similitudinem
1123 4351 1218 4408 Dei
1252 4352 1395 4408 facta
1425 4355 1684 4424 appellari
1722 4365 1898 4426 potest
1927 4364 1982 4412 et
2011 4372 2152 4413 esse.

590 4442 752 4508 Quod
787 4443 834 4498 si
865 4459 965 4509 ea,
1001 4459 1123 4515 quae
1165 4445 1312 4500 dicta
1365 4453 1526 4507 sunt,
1579 4454 1637 4499 ut
1675 4447 1948 4517 conjicere
1995 4448 2155 4512 licet,

2275 619 2441 673 Ἐπὰν
2469 620 2576 692 γὰρ
2609 621 2767 693 εἰπῃς
2792 620 2968 690 ψυχὴν
2997 620 3221 689 λογικὴν
3254 622 3348 672 καὶ
3379 619 3590 690 νοεράν.
3614 620 3823 688 εὔδηλον

2256 709 2338 762 ὅτι
2368 710 2461 763 καὶ
2494 710 2648 778 λόγον
2667 712 2760 764 καὶ
2779 711 2904 764 νοῦν
2921 710 3017 780 ὲσή
3027 727 3199 780 μανας
3221 727 3238 742 ’
3274 711 3369 763 καὶ
3401 711 3541 764 ὲπὰν
3558 712 3822 782 όνομάσης

2256 799 2432 868 λόγον,
2463 801 2678 865 πάντως
2705 802 2787 854 ὃτι
2818 803 2910 855 καὶ
2930 801 3029 872 τὴν
3053 801 3275 872 λογικὴν
3303 802 3480 873 ψυχὴν
3517 804 3618 874 τὴν
3645 804 3822 856 τούτου

2257 893 2578 962 γεννητικὴν
2604 892 2898 962 ἐδήλωσας.
2929 893 3197 956 Ὡσαύτως
3228 894 3321 946 καὶ
3337 893 3476 946 ἐπὰν
3505 895 3668 965 εἰπῃς
3687 894 3821 959 νοῦν,

2257 985 2322 1036 ὲκ
2357 982 2555 1047 παντὸς
2597 984 2798 1055 τρόπου
2837 985 2919 1037 ὅτι
2973 985 3067 1038 καὶ
3095 985 3190 1055 τὴν
3215 985 3393 1056 ψυχὴν
3447 986 3542 1038 καί
3566 986 3660 1038 τὸν
3679 986 3822 1054 λόγον

2257 1075 2550 1146 ἐδήλωσας.
2577 1075 2733 1140 Τίνος
2758 1077 2868 1148 γὰρ
2908 1079 3003 1130 καὶ
3031 1077 3181 1130 ἔσται
3217 1077 3340 1142 νοῦς
3368 1080 3416 1132 εἰ
3445 1079 3519 1148 μὴ
3534 1079 3715 1148 ψυχῆς
3739 1081 3822 1133 καὶ

2256 1166 2448 1234 λόγους
2479 1168 2577 1220 Διὰ
2593 1168 2658 1240 δὴ
2681 1167 2840 1221 τοῦτο
2861 1168 3050 1238 ὥσπερ
3081 1169 3412 1242 φερὰλληλον
3459 1171 3553 1223 καὶ
3577 1171 3823 1240 ἁλληλέν-

2253 1255 2407 1309 δετον
2440 1256 2734 1329 ἔχουσιτὴν
2755 1259 3141 1330 προσηγορίαν,
3165 1259 3306 1314 οὕτω
3333 1262 3518 1332 κοινὴν
3547 1262 3642 1314 καί⁵
3666 1262 3826 1314 ἀδιαί-

2259 1360 2413 1414 ρετον
2449 1345 2628 1414 ἔχουσι
2664 1346 2758 1400 καὶ
2808 1349 2908 1418 τὴν
2957 1348 3184 1420 οὑσιὼδη
3226 1350 3526 1420 ἐνέργειαν.
3570 1353 3688 1404 Μία
3723 1352 3824 1423 γὰρ

2259 1436 2352 1488 καὶ
2398 1437 2560 1506 ὁμοία
2605 1437 2639 1508 ή
2675 1437 2926 1510 ἐνέργεια
2969 1440 3200 1511 Πατρδς,
3237 1442 3332 1495 καὶ
3371 1443 3522 1507 Υἰοῦ,
3554 1443 3654 1496 καὶ
3675 1445 3821 1511 ἁγίου

2259 1524 2595 1596 Πνεύματος,
2626 1527 2725 1597 μία
2753 1530 2927 1600 ἰσχὺς,
2953 1529 3048 1583 καὶ
3071 1529 3167 1601 μία
3181 1531 3428 1603 δύναμις,
3456 1534 3555 1604 μία
3589 1534 3822 1605 θέλησις,

2263 1614 2362 1684 μία
2387 1616 2601 1687 γνώμη.
2641 1618 2782 1671 Ὅσα
2809 1622 2920 1690 γὰρ
2957 1620 3024 1674 ἂν
3055 1623 3282 1693 πράττοι
3321 1626 3349 1677 6
3376 1625 3589 1696 Πατὴρ,
3631 1626 3824 1698 ἀχώρι-

2261 1707 2385 1770 στός
2431 1709 2546 1760 ἐστι
2585 1709 2680 1761 καὶ
2717 1711 3090 1783 συμπράκτωρ
3118 1715 3212 1767 καὶ
3235 1717 3266 1768 6
3293 1716 3453 1780 Υίός·
3498 1719 3594 1770 καὶ
3623 1719 3726 1771 ὅσα
3764 1718 3826 1771 ἂν

2255 1797 2478 1869 ἐπιτελῇ
2535 1800 2564 1852 6
2606 1799 2754 1864 Υἰὸς,
2805 1801 2839 1873 ἢ
2890 1802 2952 1856 τὸ
2996 1804 3258 1872 πανάγιον
3297 1805 3540 1876 Πνεῦμα,
3583 1824 3708 1861 συνε
3717 1812 3829 1878 ργεῖ

2191 1866 2235 1922 Β
2261 1866 2478 1951 πάντως
2512 1866 2838 1959 samem;
2884 1892 2913 1944 6
2967 1866 3187 1964 Πατήρ·
3217 1895 3338 1949 οὐδὲ
3374 1866 3481 1968 γὰρ
3560 1897 3690 1960 Υἱὸς
3711 1866 3830 1969 δίχα

2264 1980 2479 2051 Πατρδς
2512 1981 2604 2050 ἀφ’
2633 1981 2828 2036 ἑαυτοῦ
2851 1983 2974 2037 καθ’
3005 1986 3198 2038 ἑαυτὸν
3227 1991 3370 2040 ποιεῖ
3400 2005 3471 2056 τι,
3501 1989 3627 2046 οὐδὲ
3664 1991 3695 2044 6
3725 1992 3831 2043 Παο

2259 2069 2364 2142 τὴρ
2414 2071 2632 2135 πάντως
2686 2073 2856 2143 χωρὶς
2895 2073 2990 2127 τοῦ
3031 2076 3161 2129 Υἱοῦ
3225 2079 3319 2131 καὶ
3359 2077 3453 2132 τοῦ
3492 2080 3826 2150 Πνεύματος,

2259 2160 2384 2213 οὔτε
2407 2161 2571 2215 πάλιν
2596 2163 2662 2215 τὸ
2680 2163 2903 2235 Πνεῦμα
2931 2165 3059 2219 ἁνευ
3089 2166 3183 2220 τοῦ
3210 2167 3339 2222 Υἰοῦ
3365 2171 3458 2222 καὶ
3487 2171 3710 2242 Πατρὺς
3743 2175 3828 2242 ἑρ-

2260 2250 2486 2320 γὰζεταί
2504 2269 2580 2307 τι.
2612 2253 2780 2323 Δεῦρο
2803 2254 2985 2309 λοιπὸν
3009 2256 3170 2309 πάλιν
3194 2257 3304 2311 ἀπὸ
3334 2258 3440 2312 τῶν
3455 2261 3828 2331 «punctim

2261 2344 2355 2396 ἐπὶ
2377 2342 2470 2397 τὸν
2513 2343 2682 2397 τύπον
2715 2346 2806 2398 τὸν
2833 2348 2954 2399 κατ’
2976 2348 3160 2402 εἰκόνα
3187 2348 3320 2403 Θεοῦ
3358 2353 3452 2404 καὶ
3483 2353 3611 2404 καθ’
3634 2354 3828 2418 δμοίω-

2262 2452 2348 2487 σιν
2373 2436 2464 2489 τὸν
2487 2437 2584 2506 τῆς
2603 2437 2875 2508 ἡμετέρας
2898 2439 3094 2510 ψυχῆς,
3120 2441 3214 2494 καὶ
3235 2440 3354 2509 ὕψει
3377 2443 3504 2512 μίαν
3530 2444 3627 2496 καὶ
3645 2445 3830 2515 ὁμοίαν

2260 2525 2360 2594 τὴν
2389 2525 2668 2594 ἐνέργειαν
2693 2527 2752 2578 ὲν
2783 2528 2932 2597 ἡμῖν.
2980 2527 3117 2580 Οὔτε
3158 2529 3322 2602 γὰρὴ
3349 2530 3495 2602 ψυχὴ
3517 2531 3645 2603 δίχα
3674 2534 3829 2601 λόγου

2259 2616 2498 2670 ἐπιτελεῖ
2520 2634 2597 2678 τι,
2626 2616 2751 2671 οὔτε
2781 2618 2980 2686 όλόγος
3000 2619 3121 2690 δίχα
3143 2619 3339 2692 ψυχῆς,
3357 2621 3481 2676 οὔτε
3511 2625 3622 2694 μὴν
3649 2625 3680 2677 6
3711 2625 3831 2687 νοῦς

2259 2708 2422 2762 πάλιν
2473 2709 2597 2762 καθ’
2647 2711 2837 2764 ἑαυτὸν
2864 2713 3033 2783 χωρὶς
3060 2713 3160 2784 τῆς
3199 2713 3376 2785 ψυχῆς
3403 2716 3497 2768 καὶ
3541 2715 3643 2769 τοῦ
3674 2716 3825 2785 λόγου

2259 2797 2659 2869 κατεργάζεταί
2684 2818 2759 2863 τι,
2807 2801 2896 2856 διὰ
2942 2802 3042 2872 τὴν
3073 2805 3284 2876 ὁμοφνῆ
3319 2805 3415 2858 καὶ
3453 2807 3684 2875 συμφυῆ
3740 2807 3827 2858 καὶ

2259 2891 2633 2962 ὰλληλένδετον
2649 2893 2828 2947 αὐτῶν
2853 2895 3038 2965 κοινὴν
3061 2895 3288 2966 δύναμίν
3319 2914 3377 2950 τε
3407 2899 3503 2951 καὶ
3525 2899 3826 2970 ὲνέργεαν,

2258 2983 2357 3053 τὴν
2386 2984 2504 3037 κατ’
2533 2984 2717 3038 εἰκόνα
2752 2984 2847 3037 καὶ
2867 2985 3123 3056 ὁμοίωσιν
3155 2987 3309 3041 Θεοῦ.
3340 2989 3402 3041 Εἰ
3428 2987 3486 3040 δὲ
3505 2988 3691 3056 λέγεις
3720 3006 3827 3058 μοι,

2259 3075 2341 3128 ὅτι
2368 3076 2517 3129 οὐδὲν
2543 3075 2666 3130 καθ’
2699 3077 2895 3145 ἑαυτὴν
2915 3081 3128 3149 ἐνεργεῖ
3158 3081 3191 3150 ή
3227 3079 3370 3151 ψυχὴ
3414 3080 3585 3151 χωρὶς
3610 3081 3709 3134 τοῦ
3731 3079 3832 3133 σώ-

2261 3181 2449 3235 ματος,
2493 3165 2594 3236 ήδη
2643 3167 2803 3220 τοῦτο
2831 3168 2923 3221 καὶ
2968 3171 3128 3239 ἡμεῖς
3154 3171 3584 3241 προειρήκαμεν,
3622 3173 3705 3225 ὅτι
3740 3173 3831 3226 καὶ

2262 3346 2391 3416 ὕλης
2413 3347 2692 3418 όρωμένης
2707 3348 2803 3410 τὰς
2824 3349 3084 3419 ἁοράτους
3103 3347 3269 3413 αὐτῆς
3291 3349 3528 3402 δείκνυσι
3542 3350 3801 3421 δυνάμεις
3814 3367 3826 3378 ·

2257 3438 2399 3509 πλὴν
2423 3440 2504 3492 ὃτι
2537 3440 2630 3493 καὶ
2663 3440 2999 3512 χωριζομένη
3039 3439 3130 3493 τοῦ
3162 3439 3411 3510 σώματος
3433 3443 3467 3512 ή
3503 3443 3653 3495 κατὰ
3676 3443 3832 3510 φύσιν

2261 3530 2477 3601 καθαρὰ
2493 3530 2638 3600 ψυχὴ
2668 3531 2763 3584 καὶ
2796 3529 2973 3594 οὐσία,
3003 3530 3124 3583 τότε
3143 3530 3373 3600 μάλιστα
3397 3532 3830 3602 διορατικωτέρα

2259 3623 2356 3677 καὶ
2380 3622 2546 3693 ἁπλῆ.
2571 3623 2664 3676 καὶ
2687 3622 3142 3694 ἁπαρενόχλητος,
3169 3625 3261 3677 xui.
3291 3624 3663 3695 φωτεινοτέρα
3683 3624 3832 3693 εὑρι-

2261 3713 2519 3786 σκομένη,
2550 3715 2670 3768 κατ’
2707 3716 2893 3769 εἰκόνα
2927 3716 3023 3769 καὶ
3042 3715 3163 3770 καθ’
3194 3716 3448 3786 ὁμοίωσιν
3469 3715 3608 3768 Θεοῦ
3641 3716 3833 3786 ἀληῧέ-

2261 3823 2450 3877 στερον
2475 3804 2695 3859 δύναται
2719 3805 3223 3878 προσαγορεύεσθαι
3263 3807 3356 3860 καὶ
3382 3801 3539 3859 εἶναι.
3557 3806 3626 3858 Εἰ
3657 3806 3735 3869 δὲ,
3759 3805 3834 3866 ὼς

2259 3895 2425 3959 εἰκὸς,
2448 3895 2721 3961 διαπαίζει
2751 3896 2820 3949 τὰ
2855 3897 3119 3970 εἰρημένα
3152 3899 3181 3952 6
3212 3897 3277 3951 δι’
3306 3897 3573 3960 ἐναντίας,
3631 3897 3709 3959 ὡς
3760 3898 3831 3966 μή

2258 3986 2538 4053 δείξαντας
2563 3989 2710 4058 ἡμᾶς
2745 3989 2892 4060 τρεῖς
2929 3987 3135 4057 κυρίως
3172 3988 3585 4060 ἁπηρτισμένας
3620 3988 3714 4040 ἐπὶ
3733 3989 3831 4055 τῆς

2258 4079 2435 4149 ψυχῆς
2485 4079 2808 4143 ὑποστάσεις
2847 4081 2965 4133 κατ’
2995 4078 3215 4149 ἰσότητα
3252 4079 3349 4150 τῆς
3371 4079 3650 4146 παναγὶας
3676 4079 3831 4149 Τριά-

2259 4170 2368 4234 δος,
2397 4170 2748 4240 μανθανέτωὸ
2765 4169 2973 4241 ἄφρων,
2991 4171 3072 4223 ὄτι
3094 4168 3213 4224 κατ’
3233 4169 3414 4223 εἰκόνα
3441 4169 3592 4222 ἐστὶν
3615 4170 3652 4239 ή
3684 4167 3829 4238 ψυχή

2255 4264 2496 4335 τοπικήν
2513 4280 2655 4330 τινα,
2676 4264 2772 4318 καὶ
2787 4263 2848 4316 οὐ
2866 4265 2986 4317 κατ’
3015 4262 3232 4334 ἰσότητα
3255 4262 3352 4334 τῆς
3376 4262 3537 4329 ἁγίας
3565 4262 3828 4332 Τριάδος·

2260 4355 2399 4426 πλὴν
2430 4355 2522 4410 καὶ
2576 4356 2670 4409 ἐπὶ
2727 4355 2830 4426 τῆς
2863 4355 3148 4426 Θεότητος,
3187 4354 3236 4408 εἰ
3270 4354 3343 4425 μὴ
3365 4353 3597 4424 φοϐερόν
3627 4355 3746 4406 ἐστι
3777 4353 3834 4404 τὸ

2261 4446 2450 4511 εἰπεῖν,
2499 4445 2728 4518 τοπικὴν
2756 4446 3017 4517 διαίρεσιν
3061 4445 3157 4499 καὶ
3194 4443 3683 4515 ἐπιγεγραμμένην
3721 4444 3835 4496 διὰ-

592 4534 824 4589 irrideat
863 4536 1245 4601 adversarius,
1294 4539 1439 4608 quod
1477 4547 1593 4594 tres
1641 4540 2028 4596 subsistentias
2073 4543 2154 4596 vel

2262 4553 2450 4589 στασιν
2477 4536 2536 4603 ἐξ
2576 4536 2818 4607 ἀλλήλων
2845 4535 2990 4607 ἔχειν
3026 4535 3117 4589 τὸν
3159 4535 3376 4606 Πατέρα
3405 4534 3513 4587 ἀπὸ
3547 4533 3648 4587 τοῦ
3675 4533 3830 4591 Υἱοῦ.

596 4621 860 4694 personas
891 4628 1108 4698 proprie
1139 4629 1424 4684 absolutas
1455 4638 1511 4684 et
1554 4630 1825 4699 periectas
1876 4632 1930 4685 in
1977 4632 2159 4686 anima

593 4717 661 4770 ad
696 4718 1057 4786 aequalitatem
1086 4721 1446 4776 sanctissimae.
1474 4720 1760 4776 Trinitatis
1794 4737 1901 4776 non
1934 4722 2160 4777 demon-

2257 4625 2353 4678 καὶ
2379 4624 2441 4678 τὸ
2477 4625 2632 4693 ἅγιον
2652 4624 2878 4695 Πνεῦμα
2904 4623 2964 4689 ἐξ
2989 4621 3151 4676 αὑτοῦ
3180 4639 3195 4653 ·
3238 4624 3314 4693 μὴ
3345 4622 3718 4692 παραδράμῃς
3753 4623 3833 4682 εἰς

2251 4719 2351 4789 τὴν
2382 4719 2503 4772 κατ’
2532 4718 2716 4772 εἰκόνα
2739 4734 2832 4770 σου
2860 4717 2994 4788 πρὸς
3019 4715 3150 4769 Θεὸν
3184 4714 3438 4785 ὁμοίωσιν
3467 4713 3607 4784 μηδὲ
3648 4711 3826 4775 τοῦτο,

599 4809 996 4874 straverimus,
1030 4811 1207 4867 discat
1241 4812 1473 4868 stolidus
1509 4812 1597 4867 ille
1637 4822 1883 4868 nostram
1916 4815 2156 4868 animam

2258 4813 2394 4880 λέγω
2412 4811 2474 4881 δὴ
2496 4811 2575 4863 ὅτι
2605 4811 2695 4864 διὰ
2718 4810 2816 4879 τῆς
2833 4807 2930 4862 τοῦ
2955 4809 3115 4876 λόγου
3153 4805 3466 4875 σωματικῆς
3513 4805 3579 4856 ὲκ
3605 4805 3830 4874 χειλέων

594 4901 662 4953 ad
699 4899 987 4970 imaginem
1033 4905 1324 4973 quamdam
1367 4906 1600 4976 typicam
1624 4921 1747 4962 esse
1790 4906 2011 4970 factam,
2047 4921 2156 4961 non

2258 4903 2555 4973 γεννήσεως
2601 4902 2634 4972 ή
2683 4900 2850 4972 ἁρετὴ
2899 4898 2997 4952 καὶ
3027 4899 3061 4969 ή
3098 4897 3275 4965 σοφία,
3323 4897 3418 4949 καὶ
3453 4896 3490 4965 ή
3539 4895 3828 4965 φρόνησις,

593 4991 664 5044 ad
688 4994 1054 5062 mqualitatem
1083 5004 1286 5052 sancta:
1312 4996 1598 5054 Trinitatis
1617 5039 1634 5064 ,
1661 4998 1792 5068 quin
1820 4999 1982 5053 etiam
2016 5006 2070 5053 et
2099 4998 2156 5053 in

599 5084 927 5149 Divinitate,
965 5086 1070 5141 nisi
1117 5086 1259 5144 forte
1306 5090 1470 5146 nimis
1520 5091 1762 5146 insolens
1807 5089 1882 5145 sit
1933 5089 2154 5157 dicere,

593 5175 1000 5231 distinctionem
1034 5177 1324 5247 quamdam
1360 5180 1580 5234 localem
1613 5188 1667 5234 et
1701 5180 2034 5250 assignatam
2076 5180 2160 5234 di-

597 5266 855 5321 stantiam
884 5283 915 5322 a
947 5283 1007 5324 se
1045 5269 1282 5324 invicem
1326 5271 1526 5327 habere
1560 5270 1779 5325 Patrem
1826 5285 1854 5324 a
1897 5269 2038 5324 Filio
2061 5311 2075 5337 ,
2099 5277 2160 5326 et

599 5357 862 5426 Spiritum
892 5370 1140 5414 sanctum
1168 5375 1234 5416 ex
1267 5360 1420 5432 ipso:
1451 5377 1523 5416 ne
1548 5368 1836 5431 pratereas
1865 5361 1968 5417 hoc
1996 5361 2161 5417 etiam

597 5447 664 5501 ad
696 5448 1105 5506 similitudinem
1144 5459 1292 5506 tuam
1323 5467 1446 5507 cum
1481 5452 1576 5507 Dei
1611 5453 1846 5523 imagine
1879 5453 2160 5523 explican-

598 5541 746 5606 dam,
773 5542 941 5610 quod,
964 5543 1276 5611 inquam,ex
1305 5543 1408 5599 hac
1433 5544 1704 5614 corporali
1728 5543 1877 5599 verbi
1904 5560 1972 5599 ex
1999 5543 2156 5599 labiis

599 5642 944 5700 generatione
1022 5634 1197 5690 virtus
1237 5645 1293 5692 et
1337 5636 1603 5707 sapientia
1641 5647 1697 5691 et
1735 5635 2016 5707 prudentia
2040 5675 2055 5701 ,
2098 5643 2152 5692 et

673 5814 719 5841 “
749 5818 901 5866 δίδου.
941 5831 1010 5879 ir,
1049 5819 1136 5869 ιιι.

2260 4997 2355 5050 καὶ
2382 4997 2414 5066 ή
2438 4993 2688 5064 δύναμις,
2717 4993 2812 5046 καὶ
2838 4991 2900 5044 τὸ
2934 4989 3114 5060 βάθος,
3131 4989 3227 5042 καὶ
3245 4989 3278 5057 ἡ
3301 4985 3500 5055 γνῶσις
3527 4989 3631 5056 τῆς
3656 4985 3834 5054 ψυχῆς

2259 5105 2373 5149 σου,
2429 5085 2524 5139 καὶ
2583 5083 2677 5138 τοῦ
2723 5083 2841 5148 νοὸς
2877 5084 2990 5146 τοῖς
3020 5081 3154 5134 πᾶσι
3183 5077 3505 5148 γνωρίζεται
3531 5081 3634 5129 καὶ
3663 5087 3832 5146 δημο-

2261 5176 2501 5231 σιεύεται
2519 5194 2532 5207 ·
2556 5173 2840 5241 δηλοῦντός
2858 5191 2940 5227 σοι
2968 5173 3062 5226 καὶ
3092 5171 3279 5226 τούτου
3307 5169 3400 5222 τοῦ
3429 5169 3832 5240 ὑποδείγματος
3862 5209 3877 5231 ,

2261 5269 2380 5323 κατ’
2401 5267 2585 5322 εἰκόνα
2605 5268 2699 5320 καὶ
2717 5265 2975 5337 ὁμοίωσιν
2995 5265 3258 5335 ὑπάρχειν
3285 5261 3439 5316 Θεοῦ.
3467 5263 3572 5315 Διὰ
3593 5265 3708 5332 γὰρ
3735 5264 3834 5331 τῆς

2262 5357 2403 5412 κατὰ
2433 5356 2609 5425 σάρκα
2639 5354 2941 5424 γεννήσεως
2962 5352 3056 5406 τοῦ
3084 5351 3217 5405 Θεοῦ
3231 5351 3402 5419 Λόγου
3423 5351 3751 5423 ἐφανερώθη
3777 5353 3834 5402 ὲν

2266 5448 2456 5518 κόσμῳ
2492 5449 2526 5517 ή
2557 5445 2725 5516 ἀρετὴ
2768 5445 2859 5499 καὶ
2887 5445 2922 5516 ή
2961 5443 3207 5513 δύναμις,
3235 5441 3329 5495 καὶ
3357 5443 3391 5512 ή
3425 5442 3651 5510 γνῶσις,
3681 5441 3831 5508 καὶὴ

2261 5540 2444 5610 σοφία,
2475 5540 2568 5593 καὶ
2588 5538 2766 5593 πάντα
2785 5538 2855 5593 τὰ
2879 5536 3038 5592 λοιπὰ
3055 5534 3234 5606 ἀγαθὰ
3262 5533 3354 5588 τοῦ
3378 5533 3590 5606 Πατρός
3611 5535 3706 5589 καὶ
3729 5532 3832 5587 τοῦ

2256 5632 2412 5702 ἁγίου
2437 5629 2767 5701 Πνεῦματος.
