4018 6544
267 498 405 553 1345

1570 502 1809 557 VARIOI
1838 501 1935 559 ΟΜ
1967 501 2196 558 NOTAE.

3354 493 3493 548 {5-16

265 612 501 680 pote-ntia
566 620 618 665 et
660 612 998 683 profunditas
1065 613 1258 668 animae
1326 623 1431 669 tute
1475 631 1537 669 ac
1586 618 1782 672 mentis
1847 616 2103 671 omnibus
2149 613 2440 667 innotescit
2480 627 2543 666 ac
2589 612 2919 683 divulgatnr.
2968 625 3089 663 rum
3136 608 3238 660 hoc
3279 622 3496 675 quoque

263 706 361 759 tini
417 707 668 777 exemplo
733 707 1040 763 declaretur
1099 724 1221 763 eam
1272 709 1337 763 ad
1402 711 1689 781 imaginem
1742 719 1795 767 et
1841 711 2253 767 similitudinem
2304 706 2395 761 Dei
2453 718 2689 761 creatam
2752 722 2915 760 esse.
2974 703 3183 757 Etenim
3244 716 3337 772 per
3397 699 3491 752 Dt‘i

268 793 424 849 Verbi
464 799 869 866 generationem
910 801 1208 855 secundum
1250 816 1468 857 carnem
1513 806 1687 859 virtus
1724 812 1777 859 et
1817 805 2101 873 potentia,
2139 811 2192 857 et
2227 802 2454 855 scientia
2478 839 2494 862 ,
2533 808 2588 854 et
2627 799 2931 868 sapientia,
2995 808 3308 864 caeteraque
3375 808 3494 846 om-

262 887 353 938 nia
379 883 558 941 Patris
586 895 640 941 et
675 887 912 958 Spiritus
940 893 1114 945 sancti
1150 893 1289 947 bona
1328 894 1380 947 in
1421 896 1624 948 mundo
1658 897 1948 952 manifesta
1983 902 2112 949 Sunt
2149 893 2386 947 reddita.

337 981 477 1050 Ὅρα
489 984 597 1054 γὰρ
612 983 749 1036 πόσα
761 986 852 1037 καὶ
867 980 955 1039 οἷα
982 987 1074 1040 τοῦ
1096 987 1274 1055 λόγου,
1303 990 1381 1053 ei;
1406 989 1573 1044 τύπον
1590 991 1683 1044 τοῦ
1699 990 1822 1043 Θεοῐ

2008 988 2145 1044 Vide
2175 988 2318 1043 enim
2351 990 2552 1057 quanta
2583 985 2873 1055 Qualiaque
2903 983 3013 1037 sint
3052 981 3236 1043 verbi,
3272 979 3323 1032 in
3362 977 3497 1047 figit-

261 1070 525 1138 Δόγου,ἐν
542 1073 727 1144 κόσμῳ
738 1074 803 1126 τὰ
827 1076 1243 1147 κατορθώματα,
1257 1079 1350 1132 καὶ
1368 1079 1482 1143 πῶς
1500 1080 1587 1133 διὰ
1601 1080 1756 1149 λόγου
1768 1079 1837 1133 τὰ

261 1163 444 1213 πάντα
457 1161 521 1230 δη
529 1160 910 1232 μιουργοῦνται
934 1164 1028 1216 καὶ
1048 1165 1421 1218 συνίστανται·
1440 1166 1583 1237 λόγῳ
1603 1168 1837 1237 ὑπέστη-

262 1270 364 1305 σαν
379 1253 619 1321 ἄγγελον
637 1253 780 1325 λόγῳ
796 1256 887 1309 τὸν
905 1256 1243 1331 Δημιουργδν
1260 1259 1595 1329 γεραίρουσι·
1615 1261 1755 1329 λόγῳ
1767 1259 1835 1313 τὰ

259 1343 517 1412 ὁρώμενα
536 1342 819 1411 γεγόνασι·
847 1344 989 1415 λόγῳ
1009 1347 1042 1415 ἡ
1066 1346 1240 1409 κτίσις
1257 1346 1547 1414 φωτίζεται
1563 1362 1576 1374 ⁸
1602 1346 1743 1416 λόγῳ
1768 1347 1834 1400 τὰ

259 1436 391 1487 ὅντα
424 1433 789 1506 ἐγνώσθησαν·
813 1435 954 1506 λόγῳ
976 1437 1120 1507 μόνῳ
1140 1438 1527 1508 ὶξεφάνθησαν·
1548 1438 1689 1509 λόγῳ
1704 1438 1837 1490 ἐδεί-

260 1528 473 1599 χθησαν
523 1528 591 1582 τὰ
638 1528 849 1600 πέρατα
873 1546 888 1560 ο
918 1529 1063 1600 λόγῳ
1104 1530 1197 1585 τὸν
1214 1529 1451 1600 Κτίστην
1468 1532 1795 1603 γεραίρομεν
1816 1548 1830 1562 ’

260 1617 409 1689 λόγῳ
442 1618 741 1688 θεογνωσία
760 1621 1095 1691 κεκήρυκται
1120 1636 1136 1652 ·
1161 1621 1249 1675 διὰ
1276 1619 1437 1689 λόγου
1470 1622 1558 1674 τὸν
1578 1619 1709 1674 Θεὸν
1739 1624 1836 1674 ὲπ-

260 1708 616 1781 εγνώκαμενο
674 1711 762 1765 διὰ
812 1712 969 1780 λόγου
1008 1711 1077 1765 τὰ
1110 1713 1284 1769 πάντα
1321 1713 1700 1767 συνίστανται*
1741 1714 1835 1767 καί

258 1802 453 1873 ὥσπερ
508 1803 571 1857 τὸ
612 1803 807 1858 ἁλαλον
851 1805 1043 1875 νήπιον
1080 1805 1304 1875 ἀνόητόν
1345 1806 1493 1859 ἐστιν
1525 1804 1834 1876 ἀνθρώποις

258 1894 390 1964 ἄχρι
413 1894 512 1964 τῆς
536 1893 624 1947 διὰ
654 1894 874 1965 χειλέων
908 1894 1003 1948 τοῦ
1022 1894 1180 1963 λόγου
1213 1897 1517 1968 γεννήσεως
1536 1935 1551 1960 ,
1581 1896 1720 1950 οὕτω
1749 1896 1835 1950 διὰ

258 1983 363 2051 τῆς
384 1982 477 2036 τοῦ
523 1984 657 2037 Θεοῦ
706 1985 878 2053 Λόγου
911 1986 1054 2039 κατὰ
1076 1987 1254 2059 σάρκα
1291 1989 1595 2059 γεννήσεως
1621 1990 1771 2041 πᾶσα
1800 1988 1833 2058 ἡ

259 2074 457 2142 ἀλογία
489 2074 731 2146 παρῆλθε
756 2076 856 2147 τῆς
886 2077 1161 2148 ἡμετέρας
1187 2078 1422 2147 φύσεως,
1444 2078 1539 2132 τοῦ
1570 2079 1704 2133 Θεοῦ
1732 2079 1834 2132 Λό-

258 2181 361 2232 γου
399 2164 741 2235 δηλώσαντος
800 2168 1010 2238 τρανῶς
1043 2172 1109 2241 τῇ
1156 2171 1331 2224 κτίσει
1360 2171 1450 2224 τὸν
1480 2170 1701 2241 Πατέρα
1739 2171 1836 2223 καὶ

262 2255 327 2307 τὸ
349 2250 501 2324 ἅγιον
530 2256 776 2327 Πνεῦμα.
806 2258 972 2313 Ὅθεν
1010 2260 1086 2324 ὡς
1125 2260 1418 2333 θεότμητος
1438 2262 1594 2332 ἡμῶν
1622 2264 1655 2332 ἡ
1689 2261 1834 2332 ψυχὴ

257 2346 385 2399 οὐδὲ
410 2345 791 2401 ἀποστέλλεται
824 2350 901 2413 είς
934 2348 1207 2405 διακονίαν
1232 2352 1369 2422 μετὰ
1394 2351 1492 2423 τὴν
1520 2353 1833 2424 ἀπαλλαγὴν
1867 2335 1906 2389 Β

258 2437 356 2491 τοῦ
371 2438 638 2510 σώματος,
657 2439 838 2504 καθὼς
857 2443 906 2494 οἱ
920 2442 1140 2509 ἄγγελοι
1159 2443 1600 2500 ἀποστέλλονται.
1619 2444 1833 2516 Ἐπειδὴ

259 2529 447 2581 ἐκεῖνα
494 2529 594 2599 μέν
638 2531 747 2583 εἰσι
796 2522 1145 2602 λειτουργικὰ
1195 2533 1480 2604 πνεύματα
1502 2551 1516 2565 ο
1548 2537 1604 2588 αἱ
1636 2537 1694 2589 δὲ
1724 2537 1835 2591 τῶν

258 2620 432 2687 ἁγίων
458 2620 690 2690 μάλιστα
742 2620 914 2692 ψυχαὶ
963 2622 1081 2675 κατ’
1131 2624 1318 2678 εἰκόνα
1361 2624 1495 2678 Θεοῦ
1540 2625 1832 2682 δεσποτικὰ

259 2712 568 2783 πνεύματα.
609 2714 673 2767 Et
699 2713 808 2785 γὰρ
852 2713 945 2767 καὶ
985 2714 1291 2784 ἠλάττωται
1317 2718 1346 2770 ό
1381 2716 1664 2788 ἄνθρωπος
1695 2720 1833 2791 μετὰ

258 2802 359 2873 τὴν
390 2803 668 2875 παρακοὴν
698 2804 868 2875 βραχύ
894 2824 947 2859 τι
976 2806 1107 2877 παρ’
1132 2807 1415 2875 ἀγγέλους,
1453 2807 1541 2861 διὰ.
1567 2809 1698 2877 γοῦν
1728 2810 1827 2879 τῆς

258 2890 396 2946 Θεοῦ
422 2894 594 2961 Λόγου
619 2894 739 2947 καθ’
763 2896 1057 2948 ὑπόστασιν
1092 2895 1336 2959 ἑνώσεως
1378 2898 1438 2949 ὲν
1465 2896 1612 2966 αὐτῷ
1647 2898 1830 2965 μεῖζόν

258 3001 311 3036 τι
334 2983 622 3055 γεγένηται
644 3000 661 3019 ο
700 2984 730 3037 ό
776 2986 884 3057 γάρ
912 3003 1043 3039 ποτε
1085 2987 1203 3040 κατ’
1226 2986 1410 3039 είκόνα
1438 2985 1572 3038 Θεοῦ
1611 2986 1705 3038 νῦν
1737 2986 1832 3055 γέ-

257 3092 383 3141 γονε
394 3076 456 3129 τὸ
484 3075 599 3147 ἅμα
626 3075 745 3148 Θεῷ
770 3093 785 3107 ⁸
815 3078 907 3131 καὶ
937 3078 965 3130 ὁ
992 3078 1120 3147 πρὶν
1143 3077 1538 3149 μεταληπτικὸς
1564 3076 1664 3148 τῆς
1686 3077 1830 3131 εἰκό-

259 3180 351 3226 νος
399 3164 533 3217 Θεοῦ
577 3164 765 3233 γέγονε
816 3165 1159 3235 μεταδοτικὸς
1202 3168 1302 3236 τῆς
1355 3165 1548 3218 ἑαυτοῦ
1586 3165 1791 3228 εἰκόνος
1813 3179 1829 3194 ’

257 3253 408 3325 αὑτῷ
438 3257 469 3326 ὴ
492 3255 616 3320 δόξα
642 3258 720 3320 είς
754 3258 877 3321 τοὺς
918 3256 1119 3321 αίῶνας
1138 3256 1245 3311 τῶν
1265 3256 1492 3310 αίώνων.
1530 3258 1723 3329 Ἀμήν.

1936 1098 2052 1137 ram
2084 1081 2179 1136 Dei
2215 1079 2416 1144 Verbi,
2450 1079 2505 1132 in
2534 1078 2735 1133 mundo
2769 1077 3029 1146 praeclara
3062 1074 3334 1137 facinora,
3362 1084 3497 1139 qua-

1936 1189 2042 1245 que
2056 1174 2280 1228 .ratione
2312 1185 2408 1241 per
2436 1169 2663 1224 verbum
2693 1168 2874 1221 omnia
2904 1165 3217 1220 condantur
3263 1170 3317 1215 et
3367 1176 3498 1213 con-

1935 1264 2269 1319 stituantur:
2304 1260 2470 1315 verbo
2499 1257 2750 1329 producti
2780 1263 2907 1310 sunt
2931 1253 3104 1323 angeli
3131 1270 3145 1318 ;
3173 1250 3341 1305 verbo
3369 1262 3502 1301 con-

1934 1355 2214 1411 celebrant
2244 1350 2633 1414 Conditorem;
2685 1348 2853 1402 verbo
2900 1360 3023 1415 qua:
3073 1346 3176 1397 sub
3219 1346 3499 1411 aspectum

1933 1447 2134 1501 cadunt
2157 1458 2278 1498 esse
2306 1448 2622 1512 coeperunt;
2650 1438 2818 1492 verbo
2843 1436 3182 1488 illuininatur
3209 1438 3499 1495 creatura;

1935 1536 2101 1590 verbo
2130 1547 2466 1603 quaecunque
2496 1537 2625 1585 sunt
2657 1528 3017 1581 innotuerunt
3045 1541 3060 1590 ;
3095 1522 3214 1578 solo
3246 1522 3415 1575 verbo
3446 1519 3500 1572 in

1936 1628 2108 1682 lucem
2143 1626 2286 1680 edita
2320 1632 2485 1687 sunt;
2516 1620 2683 1681 verbo
2715 1616 2980 1688 producta
3010 1620 3140 1669 sunt
3184 1612 3453 1666 elementa
3482 1626 3499 1675 ;

1935 1716 2103 1772 verbo
2143 1708 2454 1766 Creatorem
2479 1708 2897 1775 collaudamus;
2935 1706 3101 1761 verbo
3135 1703 3230 1758 Dei
3262 1698 3501 1771 cOgnitio

1937 1808 2276 1880 promulgata
2324 1812 2447 1870 est;
2504 1819 2600 1874 per
2648 1802 2873 1858 verbum
2923 1799 3091 1855 Deum
3140 1797 3500 1868 agnovimus;

1936 1916 2031 1971 per
2061 1899 2285 1953 verbum
2314 1895 2615 1951 constituta
2642 1901 2773 1948 sunt
2794 1892 2976 1946 omnia
3002 1908 3018 1957 ;
3049 1886 3500 1960 quemadmodum

1934 1997 2117 2043 mutus
2152 1988 2333 2043 infans
2380 1987 2578 2041 brutus
2634 1994 2716 2040 est
2747 1999 2811 2038 ac
2840 1984 2959 2038 sine
2989 1990 3170 2036 mente
3214 1979 3354 2048 apud
3404 1978 3502 2030 lio-

1934 2082 2142 2141 mines,
2190 2094 2473 2149 quousque
2514 2075 2738 2131 verbum
2775 2076 2944 2128 labris
2977 2071 3263 2143 genuerit,
3300 2070 3373 2122 ita
3406 2084 3501 2137 per

1936 2171 2024 2223 Dei
2059 2168 2216 2223 Verbi
2268 2166 2673 2238 generationem
2721 2167 2776 2217 in
2809 2179 2975 2218 carne
3005 2162 3183 2215 omnis
3211 2160 3501 2214 brutalilas

1936 2270 2143 2315 natura:
2169 2268 2368 2314 nostra:
2401 2258 2577 2312 deleta
2612 2264 2731 2317 est,
2763 2270 2886 2308 cum
2936 2252 3079 2307 Deus
3106 2250 3346 2305 Verbum
3394 2246 3501 2302 Pa-

1939 2361 2077 2405 trem
2118 2366 2275 2405 suum
2309 2358 2571 2404 creatura:
2614 2347 2793 2417 palam
2839 2352 2894 2399 et
2933 2344 3200 2414 Spiritum
3248 2349 3501 2395 sanctum

1932 2444 2243 2496 revelasset.
2279 2440 2569 2507 Quocirca.
2597 2446 2781 2508 utpote
2794 2452 2861 2491 ex
2880 2435 2986 2490 Deo
3016 2435 3293 2505 decerpta,
3314 2440 3501 2486 nostra

1931 2535 2112 2587 anima
2148 2550 2215 2593 ne
2240 2541 2361 2602 post
2391 2546 2677 2585 excessum
2715 2528 2937 2599 quidem
2965 2542 2995 2583 e
3027 2541 3257 2597 corpore
3302 2525 3357 2578 in
3401 2523 3506 2576 nil--

1930 2625 2215 2678 nisterium
2264 2624 2523 2687 mittitur,
2559 2622 2704 2676 sicut
2734 2619 2911 2688 angeli
2948 2618 3053 2687 ipsi
3087 2618 3379 2670 mittuntur
3408 2614 3455 2645 “
3485 2631 3499 2668 :

1929 2722 2147 2786 quando
2191 2715 2410 2785 quidem
2454 2713 2684 2783 spiritus
2712 2710 3169 2767 administratorii
3212 2718 3341 2764 sunt
3383 2708 3501 2773 illi,

1935 2807 2129 2861 anima:
2174 2821 2337 2868 vero,
2373 2813 2689 2859 sanctorum
2741 2802 3047 2872 praecipue,
3090 2799 3158 2855 ad
3213 2799 3500 2869 imaginem

1938 2895 2028 2948 Dei
2062 2894 2411 2948 dominatorii
2448 2900 2575 2947 sunt
2618 2893 2865 2960 spiritus.
2914 2890 3033 2969 Etsi
3068 2890 3214 2944 enim
3260 2890 3505 2942 minutus

1933 2985 2097 3038 etiam
2132 2985 2290 3039 luerit
2314 2984 2482 3038 homo
2514 2991 2636 3053 post
2666 2983 3169 3053 prmvaricationem
3204 2981 3367 3049 paulo
3401 2980 3503 3032 mi-

1936 3091 2041 3130 nus
2070 3078 2136 3129 ab
2165 3076 2406 3146 angelis,
2441 3085 2622 3130 tamen
2659 3091 2756 3144 per
2784 3073 3052 3143 unigeniti
3097 3072 3186 3126 Dei
3218 3069 3378 3125 Verbi
3415 3085 3504 3124 se-

1936 3167 2173 3220 cundum
2218 3168 2551 3236 ltypostasim
2595 3168 2848 3221 unionem
2898 3165 2952 3219 in
2987 3165 3107 3232 ipso
3137 3162 3311 3231 majus
3346 3162 3503 3231 quip-

1940 3258 2080 3326 piam
2112 3264 2196 3311 est
2234 3256 2430 3312 factus.
2475 3255 2565 3311 lllc
2613 3255 2913 3325 siquidem,
2948 3256 3039 3322 qui
3091 3252 3156 3305 ad
3209 3252 3499 3322 imaginem

267 3346 359 3400 Dei
406 3349 681 3418 quondam
724 3361 843 3406 erat
887 3350 1107 3415 factus,
1154 3352 1415 3422 quiddam
1493 3351 1607 3421 jam
1653 3350 2011 3421 eonjunctum
2079 3368 2201 3405 cum
2269 3349 2382 3406 Deo
2412 3350 2592 3406 factus
2634 3359 2754 3415 est,
2804 3359 2858 3405 et
2900 3350 2989 3419 qui
3046 3348 3198 3418 prius
3249 3346 3502 3418 imaginis

263 3440 357 3495 Dei
390 3443 664 3514 particeps
705 3444 956 3501 redditus
1000 3446 1139 3510 fuit,
1172 3445 1426 3517 imaginis
1457 3460 1571 3501 sua:
1597 3447 2031 3502 communicator
2058 3457 2140 3501 est
2172 3446 2370 3503 factus.
2409 3446 2518 3516 lpsi
2549 3445 2725 3516 gloria
2756 3445 2811 3498 in
2839 3445 3057 3499 saecula.
3088 3444 3289 3497 Amen.

331 3550 383 3584 ⁵⁸
411 3553 574 3609 llebr.
606 3572 703 3622 vn,
727 3557 813 3611 M.

262 3670 3500 3721 Μ

1180 3851 1937 3967 VABIORUM
2079 3834 2562 3966 ΝΟΤᾹΞ.

825 4159 950 4248 ΙΝ
1024 4157 1482 4248 LIBRUM
1559 4157 1703 4246 DE
1777 4156 2307 4249 HOMINIS
2378 4157 2931 4251 OPIFICIO

1438 4349 1743 4408 JOANNES
1774 4348 2303 4408 LEWENKLAIUS.

335 4578 468 4633 Cum
509 4586 632 4631 ante
668 4590 794 4631 cccc
836 4590 1008 4649 annos
1046 4575 1121 4644 (a)
1144 4590 1311 4646 prope
1335 4576 1405 4629 sit
1444 4575 1531 4631 hic
1560 4577 1800 4649 Gregorii

263 4650 685 4702 commentarius
734 4649 789 4700 in
844 4646 1095 4699 Latinum
1142 4661 1444 4701 sermonem
1484 4646 1804 4714 conversus,

265 4719 498 4773 fortasse
531 4733 636 4770 non
669 4731 826 4769 nemo
847 4732 1041 4769 causas
1062 4726 1183 4770 avet
1204 4717 1465 4771 instituta:
1495 4735 1647 4773 novae
1678 4736 1809 4774 con-

263 4788 536 4859 versionis
571 4787 913 4859 intelligere;
946 4787 1217 4855 taciteque
1251 4787 1411 4859 hasa
1443 4803 1527 4842 me
1557 4792 1801 4859 requirit.

265 4858 377 4927 Ego
413 4871 539 4911 vero
568 4856 804 4910 breviter
836 4860 908 4909 ita
931 4871 1045 4929 rem
1076 4857 1429 4929 oninenttibi,
1463 4856 1649 4920 lector,
1679 4874 1807 4929 ape-

263 4926 438 4994 riam,
481 4935 541 4979 ut
578 4941 752 4993 neque
788 4942 872 4981 me
906 4926 1198 4980 adductum
1231 4926 1338 4979 ullo
1373 4929 1537 4981 animi
1579 4926 1801 4993 morbo,

262 4999 502 5068 explosis
524 4998 751 5050 aliorum
783 4997 1081 5068 laboribus,
1116 5012 1231 5050 mea
1252 4997 1489 5052 voluisse
1521 5014 1801 5068 reponere,

263 5067 347 5122 sis
376 5069 832 5132 existimaturus;
862 5074 914 5120 et
948 5067 1197 5136 libenter,
1231 5068 1306 5119 uti
1347 5082 1539 5136 spero,
1572 5067 1806 5123 nonnul-

264 5140 372 5191 lum
401 5154 484 5193 me
523 5140 752 5206 pretium
786 5152 965 5205 opera:
994 5135 1188 5190 fecisse
1224 5136 1326 5189 hac
1360 5135 1415 5191 in
1447 5141 1803 5195 conversione

264 5208 532 5261 fassurus.
553 5208 687 5261 Cum
710 5222 887 5261 essem
914 5222 1082 5275 nuper
1100 5206 1240 5276 apud
1262 5206 1522 5262 Joannem
1546 5207 1803 5264 Jamhum

262 5276 583 5346 Gryneum,
632 5293 789 5346 quem
831 5278 1052 5331 honoris
1086 5291 1251 5331 causa
1289 5280 1540 5341 nomino,
1586 5279 1721 5334 forte
1750 5282 1805 5335 in

262 5350 618 5419 ornatissima
635 5348 806 5417 ipsius
830 5347 1372 5419 bribliotltecalibrum
1394 5350 1541 5419 hunc
1561 5349 1801 5419 Gregorii

263 5418 569 5489 reperi,qui
596 5415 785 5473 fuisset
803 5418 1093 5489 aliquando
1122 5415 1358 5471 Simonis
1381 5416 1614 5489 Gryinei,
1646 5415 1803 5488 eiijus

261 5491 425 5541 etiam
472 5488 526 5540 in
574 5502 638 5541 eo
685 5503 845 5540 manu
890 5488 1135 5557 quaedam
1181 5496 1364 5541 notata
1414 5488 1797 5544 cernebantur.

261 5558 449 5626 Itaque
483 5557 613 5610 mihi
650 5558 843 5629 cupide
870 5559 1017 5629 hunc
1047 5557 1370 5629 perlegenti,
1404 5561 1801 5629 maximamque

263 5644 293 5678 v
336 5631 596 5697 luptatem
639 5642 703 5681 ex
721 5628 844 5698 ipsa
867 5628 1115 5698 lectione_
1132 5628 1390 5697 eapieuti,
1421 5629 1585 5698 coepit
1613 5628 1803 5685 auctor

259 5696 416 5759 esse,
458 5704 517 5750 ut
540 5712 663 5750 eum
702 5696 768 5750 de
800 5713 1051 5751 sermone
1078 5696 1265 5753 Gnaeo
1295 5699 1348 5751 in
1389 5696 1639 5753 Latinum
1670 5717 1802 5754 con-

260 5777 549 5821 verterem.
592 5765 756 5820 Parui
786 5782 893 5820 non
929 5768 1115 5831 invite,
1149 5771 1447 5838 praesertim
1477 5772 1622 5840 quod
1651 5773 1799 5826 miri-

336 5880 410 5951 (α)
442 5882 555 5934 imo
592 5879 739 5934 millc
767 5894 830 5933 ac
858 5881 1017 5949 paulo
1046 5881 1252 5950 plures.

1937 4579 2034 4635 tice
2061 4580 2189 4632 mihi
2225 4593 2349 4632 cum
2380 4593 2561 4633 rerum
2591 4578 2881 4647 explicatio
2902 4578 3446 4649 prreelarissimarum
3470 4625 3493 4649 ,

1931 4661 2042 4703 tum
2075 4649 2287 4704 dicendi
2325 4651 2609 4702 character
2655 4650 2890 4703 eximius
2925 4655 3238 4718 placerent;
3291 4656 3492 4708 moles-

1931 4729 2089 4789 teque
2117 4721 2253 4774 adeo
2285 4718 2553 4780 ferebam,
2591 4719 2789 4772 librum
2832 4720 2995 4773 talem
3025 4721 3187 4789 vulgo
3220 4723 3489 4779 notiorem

1930 4807 2039 4844 non
2072 4807 2193 4844 esse
2217 4830 2231 4848 .
2280 4789 2369 4857 qui
2412 4789 2575 4841 semel
2616 4796 2825 4842 tantum
2861 4790 2927 4843 de
2960 4789 3078 4843 Aldi
3111 4791 3327 4845 omcina
3353 4803 3480 4849 ante

1932 4875 2105 4914 annos
2171 4860 2389 4928 triginta
2447 4858 2781 4927 prodiisset:
2829 4874 2953 4912 eum
2992 4864 3281 4914 maximam
3316 4879 3380 4917 ex
3413 4879 3483 4918 eo

1935 4939 1988 5002 et
2017 4927 2295 5002 sacrarum
2324 4927 2673 4989 Litterarum,
2708 4936 2761 4981 et
2780 4930 2915 5002 artis
2952 4931 3254 5002 medicinae,
3288 4943 3340 4987 et
3365 4934 3481 5002 phi-

1937 5000 2197 5070 losophiae
2228 4999 2295 5053 ile
2325 5006 2518 5070 natura
2561 5014 2741 5052 rerum
2774 5000 3002 5070 studiosi
3040 5017 3234 5070 capere
3274 4999 3479 5055 utilita-

1934 5067 2316 5139 tem'possint.
2354 5067 2512 5139 ANihil
2555 5077 2667 5121 tum
2710 5069 2868 5123 nobis
2901 5067 3217 5135 constabat,
3272 5082 3489 5127 essetne

1934 5137 2232 5193 conversus
2262 5142 2313 5192 in
2353 5137 2605 5192 Latinum
2633 5154 2973 5202 sermonem,
3012 5157 3221 5201 necne;
3256 5142 3396 5209 quod
3438 5142 3483 5195 si

1933 5213 2094 5264 etiam
2131 5225 2313 5263 verum
2359 5209 2513 5261 fateri
2544 5209 2754 5272 debeo,
2794 5211 3058 5264 neminem
3108 5210 3288 5263 adhuc
3332 5212 3385 5264 in
3416 5227 3483 5264 eo

1934 5280 2336 5348 interpretando
2370 5279 2647 5334 laborasse
2689 5281 3043 5333 eredehamus
3087 5297 3099 5332 :
3151 5281 3313 5349 idque
3361 5298 3485 5349 pru-

1936 5361 2136 5418 pterea,
2170 5350 2310 5418 quod
2346 5350 2558 5418 publice
2582 5350 2667 5403 vix
2701 5360 2860 5401 notus
2886 5359 3052 5410 esset,
3081 5350 3181 5403 nisi
3208 5359 3482 5417 quatenus

1931 5422 2072 5473 inter
2101 5436 2263 5489 Opera
2300 5418 2544 5488 Gregorii
2580 5429 2919 5474 recensetur.
2944 5418 3140 5489 Verum
3164 5422 3308 5474 enim
3354 5437 3484 5473 vero

1929 5488 2193 5545 Basileain
2219 5505 2341 5544 cum
2374 5491 2654 5545 rediissem
2684 5528 2698 5549 ,
2732 5490 2971 5543 intellexi
3003 5489 3068 5541 de
3098 5488 3305 5543 Joanne
3340 5490 3480 5560 Opo-

1928 5564 2052 5614 rino
2087 5562 2439 5631 typographo,
2463 5561 2529 5613 de
2576 5560 2841 5613 litteraria
2897 5560 3171 5631 republica
3222 5562 3480 5629 praeclare

1927 5628 2122 5684 multis
2138 5628 2246 5700 jam
2281 5628 2438 5685 annis
2469 5631 2717 5687 merenti,
2749 5643 2871 5681 esse
2901 5628 2953 5680 in
2979 5628 3331 5699 Episcopi’ana
3365 5632 3481 5683 olli-

1928 5703 2049 5754 eina
2097 5700 2342 5771 Gregorii
2394 5701 2569 5771 nostri
2598 5712 2761 5767 opera
2781 5714 2955 5771 ,__qu:e
2998 5701 3220 5769 quidem
3259 5712 3476 5755 exstare

1927 5767 2267 5841 putarentur,
2299 5772 2443 5826 edita
2485 5770 2764 5825 universa.
2798 5767 3030 5825 Horum
3056 5771 3250 5827 deinde
3275 5774 3477 5826 catalo-
