3888 6506
142 468 161 520 1
173 465 272 521 549

133 579 418 652 δεξαμένου
445 577 544 649 τὴν
574 579 780 652 αἵρεσιν
801 579 1138 652 ’ᾼετίουίσιοῦ
1165 579 1355 652 Σύρου,
1394 581 1489 634 καὶ
1521 598 1686 652 προσ-

136 647 322 722 Οήιιάις
356 647 698 718 βλασφημιὰς
740 649 942 722 ταύτην
974 647 1303 722 αὐξήσαντος
1326 691 1339 710 ,
1358 654 1468 722 ,καὶ
1492 647 1687 722 ἐν’Κυ-

137 720 777 790 ζίκῳᾼξπισκοπῄσαντος.
810 720 1107 790 ,Ἀρειανὸς
1137 722 1192 774 δὲ
1211 723 1238 773 ὁ
1282 721 1480 783 Ἀἐτιος
1506 736 1519 748 ·
1561 720 1686 772 τού-

135 787 254 851 τουζ
273 787 328 840 δὲ
352 789 476 850 τοὺς
508 787 868 858 Εὗνομιανοὺς
893 787 986 843 Stal.
1011 791 1316 859 Ἀνομοίους
1335 791 1570 859 λέγουσι,
1593 792 1687 843 καὶ

138 859 558 929 Ἒξουκοντίουςίο
589 857 720 929 διότι
745 859 993 929 ἀνόμοιον
1033 857 1109 929 τῷ
1128 857 1302 926 Πατρὶ
1359 857 1450 914 κάὶ
1491 861 1547 924 ἐξ
1574 860 1686 929 οὐκ

137 932 297 982 ὄντων
319 927 611 998 διαρρήδην
634 927 977 998 ὲδογμάπὲιζον
995 927 1088 980 τὸν
1106 929 1252 990 Υίόν,
1284 930 1394 984 haec
1417 931 1526 984 ille.
1556 927 1687 996 Quiv

139 1002 235 1053 bus
284 997 610 1070 signiﬁcare
640 999 826 1070 vpluit,
876 997 1192 1069 Gregorium
1239 1003 1522 1070 scripsisse
1561 1015 1686 1053 ora-

139 1072 331 1122 tionem
365 1068 503 1119 hanc
547 1067 611 1120 ad
654 1067 1036 1134 Eunornianos,
1091 1067 1389 1124 sectatores
1438 1070 1686 1123 videlicet

140 1137 402 1192 Eunomii.
449 1134 639 1210 Fuisse
664 1147 842 1191 autem
868 1138 1192 1193 Eunomium
1241 1140 1379 1194 Aetii
1410 1139 1530 1210 Syri
1561 1155 1687 1193 suc-

137 1221 405 1262 cessorem
451 1207 504 1259 in
550 1210 933 1276 propagatione
977 1210 1237 1262 doctrina:
1291 1207 1465 1278 impiae
1501 1218 1554 1263 et
1585 1210 1685 1278 ab-

137 1278 344 1347 surdae,
398 1290 558 1347 quam
608 1280 768 1331 etiam
811 1279 1156 1333 exsecrandis
1201 1277 1545 1347 opinionibus
1592 1277 1687 1332 ad-

139 1345 364 1418 auxerit,
396 1345 642 1418 eumdem
667 1348 943 1418 Cynicam:
970 1349 1120 1418 urbis
1153 1345 1448 1404 antistitem
1476 1347 1644 1402 fuisse
1669 1365 1684 1414 ;

136 1417 555 1488 Aetium_autem
588 1416 913 1488 Arii‘fuisse
955 1417 1319 1488 discipulum:
1384 1419 1686 1488 ataue_hos

142 1485 501 1540 Eunouiianos
547 1487 711 1540 etiam
726 1489 1017 1558 appellatos
1029 1485 1147 1545 esse
1159 1487 1470 1554 Anomceos,
1482 1494 1537 1541 et
1548 1485 1687 1542 Exu-

124 1561 344 1622 coutios,
364 1570 641 1626 propterea
658 1557 802 1627 quod
817 1557 1008 1612 Filium
1023 1563 1161 1612 Patri
1192 1560 1508 1613 dissimilem
1541 1573 1684 1623 esse,

136 1628 305 1696 deque
321 1628 491 1679 nihilo
510 1634 710 1690 ortum,
729 1632 1018 1683 manifesto
1041 1628 1332 1681 traderent.
1353 1629 1483 1694 Quae
1504 1629 1686 1681 omnia

137 1711 410 1770 vera_esse
445 1703 589 1765 patet
621 1697 687 1770 de
718 1698 886 1770 ipsius
909 1697 1154 1770 Gregorii
1191 1699 1392 1770 verbis,
1428 1714 1550 1770 nam
1577 1697 1686 1770 Eu-

136 1767 420 1838 nomianos
458 1767 892 1838 reprehendens,
924 1767 1456 1838 qui'controversias
1487 1767 1552 1820 de
1585 1768 1684 1820 do-

137 1835 617 1908 ctrinaEcclesiig
637 1851 818 1908 coram
856 1835 1036 1908 impiis
1070 1839 1122 1890 in
1162 1837 1688 1908 judiciumdeduce-

136 1915 287 1977 rent,
324 1906 536 1977 inquit_:
575 1905 639 1958 Ti
661 1907 908 1977 γέννησιν
935 1905 1122 1960 ἆκούει
1153 1906 1286 1958 Θεοῦ
1307 1947 1320 1970 ,
1363 1907 1457 1959 καὶ
1485 1907 1685 1977 κτίσιν,

135 1976 228 2028 καὶ
257 1974 408 2046 Θεὸν
459 1974 519 2039 ἐξ
540 1978 637 2046 οὐκ
665 1974 853 2042 ὄντων,
889 1978 981 2031 καὶ
1005 1977 1162 2046 ἕτεραι
1194 1979 1222 2030 ὁ
1243 1977 1437 2046 πικρὸς
1462 1976 1568 2028 τῶν
1603 1977 1690 2028 λε-

135 2045 376 2114 γομένων
402 2045 700 2115 ἀκροατὴς;
731 2045 1110 2112 Quamobrem,
1150 2047 1244 2109 ait,
1270 2045 1354 2100 vel
1383 2047 1687 2114 generatio—

136 2130 256 2186 nem
285 2115 412 2186 Dei,
443 2115 526 2169 vel
575 2116 736 2168 etiam
782 2117 1113 2170 creationem
1137 2157 1152 2179 ,
1181 2116 1264 2168 vel
1306 2126 1482 2186 ortum
1517 2117 1688 2186 ipsius

137 2185 208 2255 de
249 2184 439 2246 nihilo,
489 2192 542 2238 et
583 2193 800 2247 caetera,
854 2187 1004 2239 audit
1055 2186 1284 2239 acerbus
1335 2185 1420 2240 his
1464 2184 1594 2255 ipsis
1634 2187 1687 2240 in

137 2254 564 2325 rebusarbiter?
596 2255 796 2324 quibus
819 2257 997 2310 verbis
1022 2255 1291 2325 signiﬁcat
1319 2254 1686 2309 Eunomianos

136 2339 265 2377 usos
292 2322 479 2386 fuisse,
511 2322 721 2392 quoties
758 2325 822 2378 de
855 2325 988 2378 Filio
1008 2322 1098 2379 Dei
1133 2325 1478 2379 dissererent.
1514 2325 1689 2379 Habes

138 2394 300 2462 igitur
325 2394 560 2447 breviter
590 2393 881 2448 indicatam
912 2411 940 2448 a
972 2396 1129 2449 nobis
1165 2394 1450 2453 rationem,
1500 2396 1686 2457 lector,

135 2464 488 2530 quamobrem
517 2474 570 2517 et
600 2464 652 2516 in
677 2463 882 2519 Graecis
915 2466 1066 2518 libris
1097 2465 1367 2527 Anomoei,
1393 2473 1446 2516 et
1477 2466 1528 2517 in
1560 2480 1690 2517 con-

138 2533 386 2585 versione
429 2531 689 2601 Dionysii,
728 2533 1046 2587 Eunomiani
1078 2547 1218 2588 recte
1255 2534 1480 2601 legatur.
1517 2534 1686 2586 Eliam

137 2602 561 2673 quidem_ipsum
595 2618 716 2656 cum
743 2603 1000 2673 Gregorio
1035 2620 1153 2664 nos,
1181 2603 1225 2657 si
1263 2603 1690 2673 vitam_l‘aculta-

139 2682 323 2736 tesque
351 2669 498 2741 Deus
529 2673 652 2740 Opt.
687 2673 826 2726 Max.
853 2669 1217 2732 'conccsserit,
1254 2671 1560 2741 propediem
1597 2689 1690 2726 ex-

140 2740 359 2813 hibituri
392 2755 599 2813 sumus,
627 2741 914 2813 utrumque
949 2742 1139 2797 Latine
1155 2740 1482 2813 hloquentem
1512 2743 1690 2796 studio

136 2821 189 2863 et
242 2811 511 2863 industria
569 2822 798 2877 nostra,
829 2811 982 2881 'quin
1036 2822 1090 2867 et
1141 2811 1384 2881 Gregorii
1443 2813 1687 2880 qutedam

140 2882 399 2952 hactenus
454 2895 564 2933 non
611 2882 765 2952 visa,
821 2883 876 2936 in
929 2884 1102 2936 lucem
1132 2881 1257 2935 boni
1290 2882 1488 2952 publici
1524 2897 1691 2938 causa

137 2949 498 3020 proferemus.

209 3019 322 3074 Col.
344 3019 446 3073 145
468 3019 531 3072 D.
568 3019 639 3074 De
656 3019 734 3073 his
755 3021 889 3074 enim
919 3022 1104 3074 verbis.
1139 3020 1241 3075 Pro
1259 3020 1520 3075 vocabulo
1537 3020 1694 3084 ζωτι-

137 3091 260 3160 κήν,
285 3103 394 3158 quo
423 3091 634 3160 vivendi
659 3091 740 3143 vis
776 3092 1131 3159 signiﬁcatur,
1159 3092 1510 3145 animadverti
1531 3107 1690 3145 manu

137 3159 375 3231 ett-aratis
422 3159 488 3231 in;
530 3161 682 3214 libris
732 3163 962 3228 positum
1014 3177 1134 3215 esse
1178 3161 1492 3231 σωματικὴν
1537 3161 1693 3213 δύνα-

140 3246 250 3298 μιν.
287 3229 342 3282 ld
382 3229 729 3283 indicandum
760 3245 881 3283 esse
920 3232 1169 3300 putabam
1193 3271 1206 3294 ,
1243 3229 1550 3299 quanquam
1581 3232 1694 3300 ipse

139 3301 424 3353 lectionem
453 3300 687 3369 priorem
711 3301 1012 3367 probarem.
1037 3299 1329 3368 Gregorius
1344 3300 1558 3369 quidem
1584 3299 1694 3368 ipse

139 3386 247 3423 non
279 3368 608 3440 multo'post
635 3377 791 3440 vocat
815 3369 1021 3421 τελείαν
1051 3371 1106 3420 ὲν
1133 3368 1341 3438 σώματι
1363 3368 1526 3440 ζωήν,
1548 3371 1693 3440 quod

140 3440 260 3492 libri
294 3439 482 3507 scripti
521 3439 806 3494 lectionem
841 3442 1160 3492 conﬁrmare
1195 3441 1426 3507 videtur.

208 3506 459 3579 6012146
498 3509 562 3561 Α.
598 3507 680 3579 Ea;
705 3523 803 3576 quo
829 3508 937 3561 illa:
969 3524 1185 3575 semper.
1221 3506 1326 3560 Pro
1347 3512 1421 3572 εἰς,
1459 3508 1695 3579 προσθήο

137 3594 241 3658 κῃν
279 3577 389 3630 τῶν
438 3578 805 3658 τρεφομένουν,
872 3579 1005 3631 liber
1034 3577 1696 3658 manuscriptoshbabebat

137 3648 215 3718 τῷ
245 3648 581 3718 τρεφομένῳ,
611 3661 715 3718 non
745 3648 1358 3718 incommodezquando
1382 3648 1572 3702 referri
1595 3649 1695 3703 hoc

139 3700 200 3772 et:
222 3700 294 3788 ad.
326 3700 764 3788 abiturailniov,
793 3717 936 3788 et_ad
967 3700 1313 3788 apoacifouoa

212 3787 354 3858 Ibid.
390 3786 582 3858 Sensus
612 3799 802 3858 tamen.
849 3785 953 3841 Pro
983 3785 1076 3839 nail.
1113 3787 1173 3858 ea
1201 3789 1319 3839 κατ’
1343 3785 1592 3858 άῖσθησιν
1617 3789 1696 3841 οξ-

139 3857 461 3977 κονομῆθσαι.
513 3854 672 3910 Liber
705 3857 842 3910 idem
875 3856 1273 3925 manuscriptus
1304 3854 1532 3911 habebat
1557 3859 1698 3910 οἰκο-

140 3943 329 3977 νομεισ
365 3943 440 3977 αι.

140 3943 440 3980 νομεισυαι.

503 3993 644 4047 Licet
682 3996 789 4049 [nec
815 3995 877 4047 de
914 3994 1092 4062 Apost.
1147 3995 1298 4062 Quod
1327 4005 1540 4049 exstare
1567 3995 1698 4048 dicit

143 4066 257 4120 inec
296 4065 449 4137 Pauli
485 4065 647 4117 Verba
681 4066 732 4137 in
754 4064 991 4133 Epistola
1031 4066 1094 4118 ad
1135 4065 1414 4137 Ephesios,
1442 4067 1495 4137 si
1520 4064 1699 4133 profe-

143 4137 389 4206 ctumiab
420 4135 541 4206 ipso
569 4145 650 4189 est
689 4133 968 4206 Gregorio,
1003 4133 1328 4206 μνημονικον
1352 4134 1694 4206 σφάλμαγριι-

143 4208 245 4258 tari
278 4205 438 4259 debet
461 4222 475 4271 ;
495 4205 586 4275 sin
614 4220 642 4256 a
675 4204 908 4275 librariis
930 4204 1216 4275 γραφικόν.
1253 4204 1386 4257 Nam
1415 4205 1698 4272 reperiun-

147 4285 234 4326 tur
259 4275 373 4328 haec
403 4276 454 4327 in
490 4273 726 4342 Episuola
755 4274 820 4326 ad
842 4273 1353 4329 'l‘lesalunicenses
1385 4279 1574 4334 altera,
1601 4289 1696 4327 ca-

144 4345 256 4412 pite
300 4345 508 4412 quinto.
545 4344 832 4414 Dionysius
887 4346 1075 4396 vertit:
1126 4343 1268 4397 Nam
1311 4351 1360 4396 et
1391 4343 1696 4414 Apostolum

145 4414 250 4467 tale
287 4413 488 4482 aliquid
521 4412 874 4482 cognoscimus
902 4414 1146 4468 intimare
1174 4416 1262 4468 ubi
1293 4429 1388 4482 pro
1422 4412 1699 4466 Thessalo-

141 4485 436 4537 nicensibus
465 4500 620 4535 orans
647 4484 742 4536 ait.

97 4616 104 4623 .
151 4622 156 4623 ν
184 4621 190 4623 _
215 4552 331 4606 Col.
355 4553 451 4604 150
468 4552 530 4604 C.
557 4551 826 4621 Tanquam
848 4552 1122 4619 plectrum.
1150 4552 1230 4606 Ad
1248 4552 1405 4606 verba
1424 4551 1696 4622 πλήκτρου

141 4621 319 4694 δίκην,
352 4623 557 4690 adjecta
582 4639 682 4676 vox
713 4632 829 4676 erat
868 4623 1093 4694 inlibro
1127 4624 1494 4694 manuscripto
1518 4621 1699 4694 ὀργα-

143 4691 314 4752 νικοῦ,
348 4702 580 4751 rectene,
617 4707 686 4744 an
718 4707 874 4746 secus
907 4691 1158 4760 dispiciat
1191 4692 1282 4762 qui
1335 4691 1514 4757 volet;
1567 4691 1695 4745 nam

142 4776 246 4813 nos
289 4769 444 4813 notas
490 4763 825 4815 solummodo
870 4763 1131 4830 quasdam
1187 4763 1420 4830 adjicere
1461 4763 1698 4815 decrevi-

144 4845 290 4892 mus,
327 4846 433 4882 non
473 4831 710 4900 integras
738 4831 979 4884 omnium
1009 4831 1418 4901 explicationes,
1453 4847 1572 4901 quae
1600 4846 1694 4885 oc-

143 4910 388 4953 currunt.

217 4969 357 5022 Ibid.
389 4970 596 5039 Ὥσπερ
618 4971 675 5021 ὲν
714 4967 942 5038 συνῳδίᾳ.
971 4969 1095 5022 τινε.
1151 4968 1273 5024 Haec
1307 4971 1477 5032 verti,
1515 4979 1698 5024 mutuo

145 5055 400 5094 consensu
432 5055 451 5094 :
477 5039 747 5094 diversam
773 5041 838 5092 ab
857 5040 1072 5102 Aldina,
1095 5040 1316 5110 ipsaque
1340 5043 1501 5094 etiam
1533 5056 1696 5094 manu

145 5119 365 5163 exarata
394 5110 631 5164 editione
664 5111 986 5176 scripturam
1016 5122 1267 5165 secutus:
1297 5112 1408 5164 haec
1439 5112 1581 5165 enim
1611 5111 1701 5164 ha-

145 5179 304 5232 bebat
325 5179 510 5288 ὥσπερ
537 5180 594 5231 ὲν
620 5179 852 5248 συνόδῳι
885 5179 1073 5230 Aldina
1110 5194 1234 5234 vero
1260 5182 1314 5232 ὲν
1338 5177 1567 5248 συνοδίᾳ,
1599 5195 1696 5248 pro

145 5263 254 5288 niin
297 5250 525 5288 miman
570 5249 808 5288 rpclilni,
867 5251 1083 5288 rtlinnaln
1130 5251 1205 5288 ein
1252 5252 1527 5288 lnamulnm
1576 5264 1696 5288 neco

145 5263 254 5320 quo
297 5249 530 5320 συνῳδίᾳ
569 5249 812 5312 restitui,
849 5251 1083 5320 quando
1129 5251 1207 5302 sic
1252 5252 1542 5320 legendum
1576 5264 1697 5303 esse

146 5319 308 5389 verba
331 5317 574 5388 Gregorii
599 5328 790 5374 caetera
829 5318 1124 5382 declarant,
1159 5320 1202 5373 si
1239 5317 1361 5389 quis
1385 5334 1445 5372 ea
1477 5319 1699 5386 diligen-

145 5387 252 5441 tius
277 5387 600 5443 consideret.

218 5456 359 5511 Ibid.
377 5458 434 5510 ι).
462 5457 621 5512 Tibiae
652 5457 894 5513 similem.
939 5457 1167 5513 Meatum
1195 5457 1340 5512 tibia:
1361 5457 1696 5510 consimilem

146 5526 277 5590 dixi,
313 5529 404 5598 qui
434 5527 634 5582 Graecis
652 5537 734 5583 est
755 5529 1050 5598 αὐλοειδής,
1075 5528 1216 5598 quod
1244 5527 1562 5582 vocabulum
1595 5529 1698 5598 hoc

148 5599 267 5668 loco
295 5599 534 5667 reposui,
575 5613 696 5650 cum
740 5600 794 5652 in
832 5597 1066 5652 editiOne
1094 5597 1286 5668 Aldina
1315 5598 1579 5668 legeretur
1605 5597 1696 5648 τὸν

149 5667 308 5719 αὐλὸν
328 5669 414 5739 δή,
440 5670 571 5722 liber
585 5675 758 5739 autem
779 5670 1175 5736 manuscriptus
1197 5667 1503 5737 opinionem
1523 5681 1693 5739 meam

148 5735 541 5806 comprobaret.
598 5735 923 5790 Vocabulum
962 5735 1202 5806 proxime
1231 5735 1332 5791 hoc
1371 5737 1694 5791 antecedens

148 5806 486 5878 κυκλοτέρως
513 5807 894 5878 retinui,_cum
927 5807 980 5862 in
1013 5808 1384 5878 manuscripto
1429 5807 1696 5878 legeretur

150 5876 506 5949 κυκλοτερεῖς,
535 5876 798 5933 sententia
826 5892 1049 5946 prorsus
1077 5877 1285 5934 eadem.

1423 459 1782 518 VARIORUM
1809 460 2036 516 NOTIE.

2061 12 2111 24 ﬂ
2129 24 2162 25 rﬁ
2174 16 2668 30 ﬂag
2675 16 2704 30 r‘-.-
2717 14 2732 28 ι’
2783 21 2826 31 ...-_--
2855 21 2864 24 -

3208 461 3348 515 1350

1858 579 1974 633 σοι.
2005 575 2097 633 151
2130 582 2193 635 Α.
2225 580 2373 646 Quod
2401 579 2571 633 colum
2608 589 2809 634 vocant.
2849 577 2954 633 Pro
2980 576 3173 646 ἡθμόν,
3203 579 3347 648 quod

1787 650 1958 703 colum
1981 652 2138 712 verti,
2155 653 2416 720 scriptum
2435 659 2553 704 erat
2570 651 2622 703 in
2645 651 2782 704 libro
2803 665 2963 704 manu
2978 657 3220 720 exarato,
3237 651 3349 710 τοῖς

1786 722 1912 790 περὶ
1934 721 2024 773 τὸν
2057 719 2244 788 ἰσθμὸν
2271 718 2535 791 χόνδροις,
2561 721 2662 774 hoc
2687 727 2770 774 est
2797 718 3204 791 cartilaginibus
3225 734 3345 791 quae

1786 788 1914 843 sunt
1951 791 2093 844 circa
2124 788 2422 844 istbm'um':
2469 790 2548 843 sic
2573 798 2750 844 autem
2781 791 3053 858 appellant
3087 788 3342 842 interiora

1784 875 1976 914 versus
2003 868 2186 930 guttur
2217 861 2330 915 oris
2360 861 2477 914 loca
2508 858 2700 923 Grzcci,
2737 868 2952 927 sumpta
2985 874 3117 912 voce
3150 859 3248 911 bac
3269 860 3348 930 ab

1786 930 1853 1000 iis
1889 939 2154 983 terrarum
2205 931 2534 998 regionibus,
2594 945 2712 1000 quae
2753 931 3014 998 quasdam
3067 929 3346 1000 angustias

1785 999 2018 1063 habent,
2063 1002 2418 1069 pretendente
2459 1016 2519 1054 se
2562 998 2704 1054 inter
2745 1001 2916 1052 maria
2958 1000 3072 1069 duo
3115 998 3343 1069 quodam

1785 1071 1940 1137 quasi
1963 1067 2121 1124 terra:
2143 1072 2321 1126 collo:
2347 1070 2508 1125 sicuti
2534 1069 2593 1124 ﬁt
2622 1071 2674 1122 in
2699 1071 2900 1123 istlimo
2939 1067 3306 1123 Corinthiensi
3330 1085 3343 1117 :

1785 1149 1977 1208 estque
2024 1141 2159 1194 adeo
2192 1141 2333 1194 inter
2376 1141 2484 1194 duo
2522 1139 2690 1194 maria
2725 1139 2932 1209 ἰσθμός,
2983 1138 3127 1207 quod
3173 1147 3347 1192 terras

1786 1210 1928 1263 inter
1980 1209 2199 1273 fretum,
2243 1219 2303 1264 ut
2344 1209 2610 1271 Siculum,
2653 1219 2710 1262 ut
2753 1209 3231 1277 llellespouticum,
3289 1216 3348 1258 ut

1785 1278 2220 1348 liosphoranum,
2257 1291 2470 1336 caetera.
2525 1278 2715 1332 Utrum
2749 1295 2874 1332 vero
2898 1279 3219 1348 vocabulum
3255 1291 3345 1330 re-

1787 1347 1930 1404 ctius
1959 1350 2060 1404 hoc
2093 1351 2211 1404 loco
2241 1351 2558 1410 retineatur,
2582 1349 2892 1418 dispiciant,
2924 1348 3016 1416 qui
3053 1347 3253 1418 volent,
3279 1362 3345 1400 ex

1786 1421 2106 1474 anatomicis
2138 1437 2150 1472 :
2195 1422 2324 1474 mihi
2363 1421 2497 1475 satis
2537 1429 2640 1482 est,
2677 1417 2963 1472 indicasse
3015 1417 3344 1485 scripturam

1786 1497 2040 1542 veterem.
2075 1491 2226 1555 Quod
2255 1499 2430 1544 autem
2455 1490 2641 1544 eodem
2665 1489 2765 1544 hoc
2796 1490 2915 1543 loco
2950 1488 3145 1556 legitur
3165 1502 3343 1553 γεγω-

1785 1559 2008 1630 νοτέραν
2037 1560 2134 1630 τὴν
2166 1561 2304 1630 ἠχὴν
2335 1559 2720 1629 ἀπεργάζεται,
2757 1560 2808 1611 in
2846 1573 2910 1611 eo
2944 1555 3040 1626 ρνὸ
3081 1555 3180 1630 τὴν
3209 1556 3348 1630 ῇχήν

1786 1626 2062 1696 legebatur
2092 1626 2145 1683 in
2177 1626 2547 1698 manuscripto
2581 1631 2718 1682 libro
2746 1630 2934 1697 αὑτήν,
2975 1627 3119 1694 quod
3154 1626 3345 1698 referri

1786 1694 1999 1752 videtur
2036 1699 2102 1753 ad
2141 1701 2355 1771 φωνήν,
2393 1694 2534 1754 idem
2575 1710 2803 1770 utraque
2852 1694 3083 1752 lectione
3137 1694 3345 1766 signiti-

1787 1777 1964 1822 cante.

1858 1836 1975 1909 Col.
2012 1839 2104 1892 151
2142 1838 2204 1893 Β.
2245 1838 2304 1894 Si
2329 1855 2483 1909 grave
2521 1837 2916 1909 molestumque.
2951 1835 3255 1909 Legebatur
3291 1853 3346 1909 in

1785 1906 1979 1979 Aldina
2001 1910 2254 1979 editione,
2277 1906 2371 1972 Ei;
2387 1910 2444 1961 τὸ
2467 1908 2601 1979 βαρύ
2623 1925 2680 1979 τε
2703 1909 2795 1960 καὶ
2821 1906 3073 1979 ἐπίπονον
3093 1906 3349 1979 τῆςᾼκαιιὰ

1786 1977 1884 2046 τὴν
1916 1977 2116 2047 βρῶσιν
2134 1979 2394 2050 ,λατρείας
2420 1975 2759 2047 τοίς’χείλεσι
2783 1977 2881 2046 τὴν
2909 1977 3096 2047 χρείαν
3123 1975 3216 2050 τοῦ
3245 1975 3349 2027 σώ-

1792 2046 1958 2116 ματος
1987 2046 2332 2119 ἐπορίζομεν,
2363 2065 2484 2118 quae
2508 2046 2630 2103 cum
2658 2063 2780 2102 esse
2805 2056 3061 2114 corrupta
3086 2046 3344 2119 viderem,

1791 2132 1888 2185 pro
1917 2119 1996 2179 εἰς
2024 2116 2282 2172 substitui
2329 2116 2514 2172 nostra
2552 2120 2604 2172 in
2636 2119 2871 2171 editione
2914 2119 2981 2179 εἰ,
3011 2124 3062 2168 et
3091 2124 3215 2169 ante
3245 2116 3345 2182 τὴν

1789 2185 2309 2266 χρείανβόᾱίάίηιυξ
2339 2190 2475 2259 πρός
2506 2205 2519 2217 ο
2551 2198 2607 2241 ut
2627 2188 2739 2266 jam
2773 2188 2931 2254 plana
2961 2188 3030 2242 sit
3056 2187 3346 2248 sententia,

1789 2272 1949 2326 quam
1974 2259 2038 2326 in
2066 2261 2420 2312 conversione
2451 2259 2843 2326 expressimus.

1861 2324 2000 2379 Ibid.
2025 2328 2084 2380 C.
2143 2327 2336 2381 Mentis
2366 2324 2632 2395 oppidum.
2679 2327 2811 2381 Cum
2858 2326 3124 2393 legeretur
3164 2324 3218 2377 in
3257 2345 3350 2377 ις.-

1791 2394 1913 2449 dina
1933 2396 2206 2468 editione,
2233 2398 2374 2450 κατὰ
2400 2394 2498 2468 τὴν
2518 2398 2611 2450 τοῦ
2639 2397 2729 2448 νοῦ
2759 2397 2928 2460 πόλιν,
2964 2411 3062 2468 pro
3092 2395 3236 2468 κάτά
3263 2411 3350 2468 re-

1790 2465 1946 2534 posui
1982 2467 2095 2528 καί,
2143 2469 2285 2535 quod
2320 2465 2805 2520 animadverterent
2857 2466 3066 2519 merulis
3103 2465 3350 2535 plurimis

1791 2535 1930 2602 apud
1967 2534 2258 2605 scriptores
2297 2536 2513 2590 Graecos
2543 2537 2886 2590 occasionem
2912 2535 3207 2603 prwbuisse
3245 2534 3348 2586 du-

1790 2605 2214 2674 ctuselegantes
2249 2608 2574 2667 litterarum,
2624 2606 2822 2674 quibus
2855 2620 2962 2658 non
2997 2619 3193 2672 magno
3224 2618 3349 2674 sp_a-

1793 2674 1868 2744 tio
1895 2672 2088 2727 litterae
2107 2677 2364 2744 pluscula:
2390 2672 2660 2730 interdum
2686 2675 3239 2744 comprehenduntur.
3275 2672 3350 2726 De

1792 2743 1896 2796 hoc
1930 2744 2011 2796 vir
2038 2741 2271 2798 maxima
2307 2746 2553 2799 doctrina
2583 2754 2637 2800 et
2670 2741 3004 2797 humanitate
3030 2741 3357 2798 Guillelmus.

1790 2811 2092 2884 Ganterus,
2154 2831 2312 2884 quem
2361 2824 2416 2868 ut
2465 2817 2696 2868 amicum
2737 2814 3067 2884 praecipuum
3114 2813 3350 2884 benevo-

1793 2883 1971 2936 lentia:
2018 2883 2185 2939 causa
2217 2886 2458 2948 nomino,
2506 2885 2676 2938 multa
2721 2893 2967 2938 extremo
3020 2883 3076 2936 in
3109 2883 3352 2935 Aristida

1793 2966 1894 3006 suo
1925 2956 2150 3008 notavit.

1863 3021 1980 3074 Col.
2015 3023 2116 3075 154
2144 3024 2200 3078 Β.
2238 3022 2402 3077 Menti
2443 3024 2733 3077 insinuata.
2792 3022 2926 3076 Cum
2971 3021 3025 3074 in
3055 3020 3350 3088 exemplari

1793 3091 1992 3146 Aldino
2020 3102 2187 3155 esset,
2217 3092 2670 3162 Εὶσοικιζόμενον,
2702 3094 2734 3161 ἡ
2762 3091 2965 3162 γεῦσις,
2995 3093 3024 3159 ἢ
3061 3089 3350 3162 ὄσφρησις,

1791 3162 2001 3233 ᾑὰκοὴ,
2024 3163 2277 3225 πολλάκις
2305 3163 2360 3215 δὲ
2383 3165 2413 3232 ὴ
2451 3160 2695 3233 ἁφὴ,κοιὶ
2785 3161 2924 3230 ὄψις,
2962 3176 3068 3214 non
3108 3160 3350 3233 dubitavi

1797 3228 1978 3283 locum
1997 3233 2345 3300 depravatum
2365 3228 2443 3286 sic
2461 3228 2772 3292 emendare,
2797 3228 2854 3283 ut
2878 3234 3142 3300 legerem:
3175 3229 3206 3294 ἢ
3231 3228 3355 3300 rati-

1797 3301 1953 3372 σει.ᾼῆ
1978 3299 2258 3372 ὀσφρήσει,
2282 3303 2315 3371 ἢ
2341 3303 2501 3372 ἀκοῇ,
2524 3301 2778 3363 πολλάκις
2803 3301 2858 3353 δὲ
2882 3301 2976 3372 και
2994 3301 3075 3372 ,τῇ
3102 3299 3352 3372 ἁφῇ,λ>ιαὶ

1794 3372 1859 3440 τῇ
1877 3369 2006 3440 *ὄψει
2035 3369 2210 3440 {quod
2238 3369 2558 3440 prebaturos
2583 3372 2828 3440 homines
2850 3371 3096 3423 ei'tiditos
3116 3369 3349 3424 conlido.

1868 3437 2006 3492 Ibid.
2033 3437 2098 3492 D.
2142 3437 2251 3493 Pet"
2277 3457 2485 3494 sensum
2524 3441 2714 3494 divers.
2769 3439 3074 3509 Legebalur
3099 3441 3351 3498 antehac,

1793 3510 1920 3580 ὅταν
1954 3509 2296 3580 αἰσθητικαῖς
2338 3510 2630 3580 δυνάμεσι,
2681 3525 2778 3580 pro
2808 3508 2917 3578 qdo
2950 3508 3161 3580 restitui
3191 3527 3204 3562 :
3240 3510 3268 3560 ὁ
3293 3509 3352 3561 ὲν

1796 3578 2136 3649 αἰσθητικαῖς
2164 3579 2441 3650 δυνάμεσι.
2475 3578 2587 3650 lloc
2607 3578 2751 3634 enim
2784 3579 3207 3650 ipsaverborum
3227 3593 3353 3633 scn-

1797 3646 1962 3719 tentia
2001 3650 2256 3719 postulat;
2288 3646 2448 3702 etiam
2483 3649 2770 3719 Dionysius
2803 3646 2874 3701 ita
2899 3646 3048 3717 legit.

1867 3716 2110 3772 (301.7158
2137 3719 2195 3772 C.
2232 3719 2395 3784 Quem
2430 3719 2493 3771 ab
2525 3716 2722 3773 ist/imi.
2755 3717 2909 3772 llunc
2934 3716 3131 3780 lucum,
3156 3717 3353 3774 ductus

1795 3796 1849 3842 et
1877 3787 2207 3854 conjecturis
2239 3797 2290 3842 et
2332 3789 2654 3851 rationibus,
2691 3791 2772 3843 sic
2818 3789 3055 3851 restitui,
3088 3803 3210 3840 cum
3249 3803 3350 3840 an-

1797 3864 1884 3909 tea
1911 3857 2199 3928 legeretur,
2225 3858 2316 3909 ὲπὶ
2338 3858 2428 3910 τὸν
2456 3858 2716 3928 ἠθμοειδῆ
2738 3873 2751 3886 ο
2777 3873 2873 3926 pro
2905 3872 3032 3925 quo,
3076 3856 3355 3928 ῐσθμοειδῆ

1797 3925 2034 3996 reposui.
2091 3927 2183 3980 Est
2213 3938 2390 3980 autent
2433 3925 2594 3996 paulo
2631 3925 2792 3981 etiam
2829 3936 2952 3981 ante
2985 3925 3348 3996 signiﬁcatum

1798 3994 1854 4066 in
1883 3997 2231 4051 annotatione
2266 3997 2382 4050 Col.
2416 3994 2510 4050 {51
2552 3999 2618 4062 A,
2651 4013 2746 4066 pro
2775 3997 2968 4066 ἡθμόν,
3005 3994 3264 4066 scriptum
3292 3996 3347 4048 in

1799 4011 1854 4047 in
1883 4011 2231 4051 anxietatione
2266 4011 2382 4050 μοι.
2416 4011 2510 4050 tot
2552 4011 2618 4062 A,
2651 4013 2746 4066 pro
2775 4011 2968 4066 ηυμον,
3005 4011 3108 4050 SCI'I
3153 4011 3264 4049 tum
3292 4011 3347 4048 in

1799 4064 1936 4118 libro
1959 4080 2120 4135 manu
2149 4075 2370 4121 exarato
2401 4066 2588 4128 fuisse,
2623 4066 2831 4135 ἰσθμόν,
2868 4080 2986 4134 cap.
3025 4065 3078 4119 9.
3111 4011 3352 4135 Suapro-

1798 4142 1918 4204 pter
1971 4134 2108 4188 idem
2161 4135 2395 4189 arbitror
2444 4132 2724 4191 accidisse
2767 4136 2820 4188 in
2876 4132 2978 4188 hoc
3033 4137 3172 4189 loco.
3234 4132 3351 4189 'Est

1798 4204 1942 4257 enim
1986 4219 2049 4258 ea
2096 4206 2382 4258 verborum
2435 4206 2678 4275 Gregorii
2733 4205 3020 4270 sententia,
3073 4212 3347 4275 gustatum

1799 4275 1913 4326 ﬁeri
1950 4289 2042 4342 per
2063 4289 2349 4345 nervorum
2380 4273 2648 4339 surculos,
2684 4276 2777 4345 qui
2801 4291 2829 4327 a
2850 4279 3104 4345 meninge
3123 4273 3352 4344 profecti

1835 4358 1895 4397 er
1943 4344 2172 4398 cervicis
2225 4347 2500 4399 vertebras
2557 4343 2772 4399 tandem
2809 4344 2873 4396 ad
2923 4360 2984 4398 os
3018 4343 3347 4398 deferantur.

1847 4428 1930 4465 am
1959 4419 2050 4482 qui
2094 4413 2205 4467 ﬁeri
2238 4425 2431 4481 potest.
2460 4423 2516 4468 ut
2545 4415 2597 4468 in
2631 4414 2790 4484 ἠθμῷ
2821 4415 2934 4468 sive
2965 4415 3084 4484 colo
3121 4414 3211 4466 ﬁat
3247 4429 3348 4484 guf

1800 4489 1996 4545 status,
2029 4484 2121 4552 qui
2165 4493 2292 4537 sunt
2323 4486 2550 4538 musculi
2581 4482 2726 4537 circa
2753 4482 2973 4537 eoluiu?
3027 4482 3202 4548 Quod,
3239 4483 3345 4535 nisi

1799 4552 2144 4608 vehementer
2187 4552 2366 4616 fallor,
2417 4554 2595 4624 lingua
2637 4562 2885 4624 gustatus
2917 4562 3005 4624 est
3039 4569 3345 4620 organum:

1800 4631 1927 4677 sunt
1975 4634 2152 4676 autem
2199 4624 2393 4692 lingua:
2429 4621 2659 4678 radices
2680 4625 2732 4676 in
2777 4621 2970 4692 ἰσθμῷ,
3019 4631 3348 4692 quapropter

1798 4698 1948 4746 ortos
1969 4693 2222 4747 acerebri
2258 4694 2568 4746 membrana
2595 4693 2843 4747 surculos
2873 4708 3101 4747 nerveos
3125 4707 3345 4745 muscu-

1799 4762 1866 4815 lis
1896 4762 1950 4814 in
1981 4762 2156 4831 ἰσθμῷ
2185 4764 2347 4816 inseri
2380 4763 2672 4830 putandum
2717 4771 2832 4826 est,
2866 4764 3044 4830 itaque
3075 4770 3350 4831 gustatum

1801 4832 1938 4903 ﬁeri.
1985 4831 2088 4885 Sed
2114 4839 2227 4903 haec
2263 4834 2506 4896 medicis,
2537 4833 2941 4903 praescrtimque
2970 4833 3161 4903 peritis
3183 4832 3350 4886 disci-

1798 4901 1958 4970 plinac
1983 4917 2142 4970 quam
2165 4901 2498 4972 ἀνατομικήν
2529 4901 2740 4965 vocant,
2773 4903 3042 4972 relinquo.
3077 4901 3221 4954 lnl‘ra
3252 4916 3351 4953 au-

1799 4978 1904 5042 tem
1934 4972 2147 5038 reposui
2168 5009 2183 5030 ,
2237 4971 2462 5042 νοτερὸν
2483 4973 2672 5042 ἀτμόν,
2705 4987 2769 5025 ex
2794 4971 2930 5025 libro
2961 4972 3349 5042 manuscripto,

1800 5040 1964 5093 udum
2001 5042 2246 5102 halitum,
2278 5039 2376 5110 pro
2406 5039 2642 5111 νοσερόν,
2674 5043 2814 5108 quod
2844 5049 2928 5096 est
2962 5039 3248 5111 ingeditis.’
3281 5039 3345 5111 Et

1797 5125 1905 5164 non
1933 5112 2101 5163 multo
2129 5109 2284 5179 post,
2310 5126 2406 5179 pro
2435 5109 2588 5180 βάσιν
2607 5152 2620 5173 ,
2662 5112 2933 5180 legebatur
2967 5109 3159 5180 μύσιν;
3206 5109 3349 5178 quod

1799 5181 2114 5250 mutandum
2143 5187 2321 5250 tamen
2357 5196 2464 5235 non
2490 5182 2694 5250 putavi.

1869 5248 1984 5303 Col.
2023 5249 2122 5318 166
2150 5249 2209 5303 C.
2253 5250 2447 5304 Somno
2481 5247 2738 5304 laxatum.
2787 5249 2892 5301 Pro
2937 5247 3090 5301 λύσιν
3137 5249 3354 5318 ἐμποιεῖ

1796 5317 1884 5371 διὰ
1927 5318 2017 5371 τοῦ
2057 5317 2255 5383 ὕπνου,
2309 5320 2446 5374 liber
2490 5321 2896 5387 manuscriptus
2936 5317 3188 5381 habebat,
3231 5321 3350 5370 ἐπι-

1809 5392 1924 5451 θοεί,
1955 5404 2075 5457 qua:
2101 5389 2261 5443 lectio
2296 5390 2426 5442 mihi
2469 5393 2686 5458 quidem
2720 5403 2830 5442 non
2868 5389 3210 5442 incommoda
3234 5391 3349 5443 visa

1798 5468 1898 5519 est,
1936 5459 2130 5512 retinui
2159 5466 2338 5512 tamen
2367 5460 2637 5512 Aldinam.

1871 5526 2009 5580 Ibid.
2061 5527 2194 5581 Cum
2231 5529 2311 5581 sol
2345 5528 2545 5582 radios.
2603 5529 2705 5581 Pro
2727 5527 2852 5599 ὅταν
2877 5525 3176 5599 ἐπιλάμψῃ,
3211 5525 3353 5599 lege-

1798 5597 1957 5651 batur
1987 5599 2040 5651 in
2080 5599 2216 5652 libro
2245 5597 2942 5668 νιυοηυεοτὶριοίὲπιθὰλιξιῃ,
2967 5598 3096 5668 mihi
3131 5597 3350 5666 quidem

1799 5668 2008 5722 videtur
2052 5667 2373 5731 ellicacitas,
2419 5682 2475 5722 ut
2519 5669 2591 5720 ita
2617 5667 3106 5737 dixerim,"major
3153 5669 3207 5721 in
3251 5668 3353 5721 hoc

1797 5753 1938 5802 esse,
1981 5752 2142 5806 quam
2179 5739 2247 5810 in
2281 5737 2584 5810 ἐπιλάμψῃ.
2616 5737 3024 5810 _EtGr_egorius
3066 5745 3257 5810 noster
3299 5738 3351 5789 in

1796 5817 2038 5860 extremo
2073 5807 2270 5876 capite.
2302 5822 2410 5860 non
2444 5807 2630 5876 procul
2667 5823 2696 5859 a
2733 5808 3020 5876 principio,
3047 5808 3206 5861 verbo
3237 5807 3352 5860 διά-

1798 5876 2020 5931 θάλπειν
2051 5892 2182 5933 usus
2227 5887 2330 5944 est,
2361 5893 2484 5932 cuin
2518 5877 2612 5944 ait,
2647 5882 2760 5934 tres
2811 5878 2864 5932 in
2894 5878 3084 5948 primis
3112 5892 3233 5933 esse
3271 5878 3354 5930 Ia-
