  <div class='ocr_page' id='page_1' title='image "/cluster/home/n/w/nwhite01/storage/ocr_20150623/44/nnc1.0037127462/016.png"; bbox 0 0 3844 6226; ppageno 0'>
   <div class='ocr_carea' id='block_1_1' title="bbox 189 309 3486 378">
    <p class='ocr_par' dir='ltr' id='par_1_1' title="bbox 189 309 3486 378">
     <span class='ocr_line' id='line_1_1' title="bbox 189 309 3486 378; baseline -0.002 -1"><span class='ocrx_word' id='word_1_1' title='bbox 189 323 254 378; x_wconf 74' lang='grc' dir='ltr'><strong><em>Π</em></strong></span> <span class='ocrx_word' id='word_1_2' title='bbox 1433 319 1719 376; x_wconf 71' lang='grc' dir='ltr'><strong>ΝΟΤΙΤΙΑ</strong></span> <span class='ocrx_word' id='word_1_3' title='bbox 1755 321 1844 376; x_wconf 78' lang='lat' dir='ltr'><strong>EX</strong></span> <span class='ocrx_word' id='word_1_4' title='bbox 1881 321 2222 378; x_wconf 73' lang='lat' dir='ltr'><strong>&#39;FAB&#39;RICIO.</strong></span> <span class='ocrx_word' id='word_1_5' title='bbox 3393 309 3486 372; x_wconf 46' lang='lat' dir='ltr'><strong>id&quot;</strong></span> 
     </span>
    </p>
   </div>
   <div class='ocr_carea' id='block_1_2' title="bbox 193 427 1781 508">
    <p class='ocr_par' dir='ltr' id='par_1_2' title="bbox 193 437 1774 508">
     <span class='ocr_line' id='line_1_2' title="bbox 193 437 1774 508; baseline 0.001 -17"><span class='ocrx_word' id='word_1_6' title='bbox 193 439 372 492; x_wconf 80' lang='lat' dir='ltr'><strong>Venet.</strong></span> <span class='ocrx_word' id='word_1_7' title='bbox 424 438 595 498; x_wconf 78' lang='lat'><strong>1585.</strong></span> <span class='ocrx_word' id='word_1_8' title='bbox 635 441 686 494; x_wconf 87' lang='lat'><strong>8.</strong></span> <span class='ocrx_word' id='word_1_9' title='bbox 727 439 894 494; x_wconf 71' lang='lat' dir='ltr'><strong>Fsun.</strong></span> <span class='ocrx_word' id='word_1_10' title='bbox 938 439 1162 493; x_wconf 88' lang='lat' dir='ltr'><strong>Taurini</strong></span> <span class='ocrx_word' id='word_1_11' title='bbox 1217 437 1272 490; x_wconf 88' lang='lat' dir='ltr'><strong>in</strong></span> <span class='ocrx_word' id='word_1_12' title='bbox 1309 437 1442 492; x_wconf 88' lang='lat' dir='ltr'><strong>bibl.</strong></span> <span class='ocrx_word' id='word_1_13' title='bbox 1477 439 1608 508; x_wconf 77' lang='lat' dir='ltr'><strong>Reg.</strong></span> <span class='ocrx_word' id='word_1_14' title='bbox 1651 437 1774 492; x_wconf 83' lang='lat' dir='ltr'><strong>cod.</strong></span> 
     </span>
    </p>
   </div>
   <div class='ocr_carea' id='block_1_3' title="bbox 1893 427 3459 508">
    <p class='ocr_par' dir='ltr' id='par_1_3' title="bbox 1893 427 3459 508">
     <span class='ocr_line' id='line_1_3' title="bbox 1893 427 3459 508; baseline -0.005 -17"><span class='ocrx_word' id='word_1_15' title='bbox 1893 439 2057 508; x_wconf 88' lang='lat' dir='ltr'><strong>prima</strong></span> <span class='ocrx_word' id='word_1_16' title='bbox 2093 438 2319 507; x_wconf 85' lang='lat' dir='ltr'><strong>incipit:</strong></span> <span class='ocrx_word' id='word_1_17' title='bbox 2355 438 2668 507; x_wconf 76' lang='grc' dir='ltr'><strong>Προσευχῆς</strong></span> <span class='ocrx_word' id='word_1_18' title='bbox 2693 435 2822 506; x_wconf 78' lang='grc' dir='ltr'>ἡμῖν</span> <span class='ocrx_word' id='word_1_19' title='bbox 2851 431 3220 486; x_wconf 82' lang='grc' dir='ltr'>διδασκαλίαν.</span> <span class='ocrx_word' id='word_1_20' title='bbox 3259 427 3459 483; x_wconf 78' lang='lat' dir='ltr'><strong>Trans-</strong></span> 
     </span>
    </p>
   </div>
   <div class='ocr_carea' id='block_1_4' title="bbox 189 528 1787 594">
    <p class='ocr_par' dir='ltr' id='par_1_4' title="bbox 189 528 1787 594">
     <span class='ocr_line' id='line_1_4' title="bbox 189 528 1787 594; baseline -0.001 -10"><span class='ocrx_word' id='word_1_21' title='bbox 189 529 366 590; x_wconf 58' lang='grc' dir='ltr'><strong>ιλιι,</strong></span> <span class='ocrx_word' id='word_1_22' title='bbox 420 531 520 584; x_wconf 82' lang='lat' dir='ltr'><strong>fol.</strong></span> <span class='ocrx_word' id='word_1_23' title='bbox 557 530 678 594; x_wconf 86' lang='lat' dir='ltr'><strong>I66,</strong></span> <span class='ocrx_word' id='word_1_24' title='bbox 731 531 810 586; x_wconf 82' lang='lat' dir='ltr'><strong>De</strong></span> <span class='ocrx_word' id='word_1_25' title='bbox 843 530 1190 585; x_wconf 79' lang='lat' dir='ltr'><strong>Psalmorunt</strong></span> <span class='ocrx_word' id='word_1_26' title='bbox 1237 528 1696 594; x_wconf 84' lang='lat' dir='ltr'><strong>inscriptionibus,</strong></span> <span class='ocrx_word' id='word_1_27' title='bbox 1733 535 1787 582; x_wconf 84' lang='lat' dir='ltr'><strong>et</strong></span> 
     </span>
    </p>
   </div>
   <div class='ocr_carea' id='block_1_5' title="bbox 187 617 1781 687">
    <p class='ocr_par' dir='ltr' id='par_1_5' title="bbox 187 617 1781 687">
     <span class='ocr_line' id='line_1_5' title="bbox 187 617 1781 687; baseline 0 -16"><span class='ocrx_word' id='word_1_28' title='bbox 187 618 278 672; x_wconf 69' lang='lat' dir='ltr'><strong>fol.</strong></span> <span class='ocrx_word' id='word_1_29' title='bbox 321 621 450 674; x_wconf 81' lang='grc'>195.</span> <span class='ocrx_word' id='word_1_30' title='bbox 483 621 715 674; x_wconf 78' lang='lat' dir='ltr'><strong>hornilia</strong></span> <span class='ocrx_word' id='word_1_31' title='bbox 751 621 806 674; x_wconf 87' lang='lat' dir='ltr'><strong>in</strong></span> <span class='ocrx_word' id='word_1_32' title='bbox 853 621 1116 687; x_wconf 79' lang='lat' dir='ltr'><strong>psalmum</strong></span> <span class='ocrx_word' id='word_1_33' title='bbox 1145 635 1220 680; x_wconf 82' lang='lat' dir='ltr'><strong>vi,</strong></span> <span class='ocrx_word' id='word_1_34' title='bbox 1267 617 1344 672; x_wconf 87' lang='lat' dir='ltr'><strong>De</strong></span> <span class='ocrx_word' id='word_1_35' title='bbox 1371 630 1574 672; x_wconf 78' lang='lat' dir='ltr'><strong>octava.</strong></span> <span class='ocrx_word' id='word_1_36' title='bbox 1609 617 1781 672; x_wconf 63' lang='lat' dir='ltr'><strong>llum.</strong></span> 
     </span>
    </p>
   </div>
   <div class='ocr_carea' id='block_1_6' title="bbox 253 709 1786 780">
    <p class='ocr_par' dir='ltr' id='par_1_6' title="bbox 253 709 1786 780">
     <span class='ocr_line' id='line_1_6' title="bbox 253 709 1786 780; baseline 0.001 -18"><span class='ocrx_word' id='word_1_37' title='bbox 253 711 304 763; x_wconf 88' lang='grc'><strong>7.</strong></span> <span class='ocrx_word' id='word_1_38' title='bbox 357 711 694 780; x_wconf 73' lang='grc' dir='ltr'><strong>Ἐ’ξήγησις</strong></span> <span class='ocrx_word' id='word_1_39' title='bbox 719 711 986 779; x_wconf 73' lang='grc' dir='ltr'><strong>ἀκριϐής,</strong></span> <span class='ocrx_word' id='word_1_40' title='bbox 1015 717 1284 764; x_wconf 78' lang='lat' dir='ltr'><strong>Accurata</strong></span> <span class='ocrx_word' id='word_1_41' title='bbox 1309 711 1568 780; x_wconf 73' lang='lat' dir='ltr'><strong>expositio</strong></span> <span class='ocrx_word' id='word_1_42' title='bbox 1607 709 1786 764; x_wconf 82' lang='lat' dir='ltr'><strong>Eccle-</strong></span> 
     </span>
    </p>
   </div>
   <div class='ocr_carea' id='block_1_7' title="bbox 188 799 1783 869">
    <p class='ocr_par' dir='ltr' id='par_1_7' title="bbox 188 799 1783 869">
     <span class='ocr_line' id='line_1_7' title="bbox 188 799 1783 869; baseline -0.002 -14"><span class='ocrx_word' id='word_1_43' title='bbox 188 805 362 856; x_wconf 61' lang='grc' dir='ltr'><strong>δίωκε</strong></span> <span class='ocrx_word' id='word_1_44' title='bbox 393 801 732 866; x_wconf 83' lang='lat' dir='ltr'><strong>Salomonis,</strong></span> <span class='ocrx_word' id='word_1_45' title='bbox 769 802 1009 856; x_wconf 87' lang='lat' dir='ltr'><strong>homiliis</strong></span> <span class='ocrx_word' id='word_1_46' title='bbox 1039 799 1178 866; x_wconf 86' lang='lat' dir='ltr'><strong>Vlll,</strong></span> <span class='ocrx_word' id='word_1_47' title='bbox 1209 815 1439 869; x_wconf 87' lang='lat' dir='ltr'><strong>quarum</strong></span> <span class='ocrx_word' id='word_1_48' title='bbox 1461 800 1646 853; x_wconf 89' lang='lat' dir='ltr'><strong>ultima</strong></span> <span class='ocrx_word' id='word_1_49' title='bbox 1685 801 1783 854; x_wconf 81' lang='lat' dir='ltr'><strong>de-</strong></span> 
     </span>
    </p>
   </div>
   <div class='ocr_carea' id='block_1_8' title="bbox 185 889 1778 960">
    <p class='ocr_par' dir='ltr' id='par_1_8' title="bbox 185 889 1778 960">
     <span class='ocr_line' id='line_1_8' title="bbox 185 889 1778 960; baseline -0.001 -14"><span class='ocrx_word' id='word_1_50' title='bbox 185 891 316 946; x_wconf 85' lang='lat' dir='ltr'><strong>sinit</strong></span> <span class='ocrx_word' id='word_1_51' title='bbox 367 891 424 944; x_wconf 88' lang='lat' dir='ltr'><strong>in</strong></span> <span class='ocrx_word' id='word_1_52' title='bbox 483 890 856 960; x_wconf 68' lang='lat' dir='ltr'><strong>explicatione</strong></span> <span class='ocrx_word' id='word_1_53' title='bbox 905 892 1195 944; x_wconf 85' lang='lat' dir='ltr'><strong>commatis</strong></span> <span class='ocrx_word' id='word_1_54' title='bbox 1247 890 1314 942; x_wconf 76' lang='lat'><strong>13</strong></span> <span class='ocrx_word' id='word_1_55' title='bbox 1353 889 1549 958; x_wconf 90' lang='lat' dir='ltr'><strong>capitis</strong></span> <span class='ocrx_word' id='word_1_56' title='bbox 1597 905 1678 950; x_wconf 82' lang='lat' dir='ltr'><strong>tu,</strong></span> <span class='ocrx_word' id='word_1_57' title='bbox 1725 905 1778 958; x_wconf 91' lang='lat' dir='ltr'><strong>p.</strong></span> 
     </span>
    </p>
   </div>
   <div class='ocr_carea' id='block_1_9' title="bbox 187 982 1782 1056">
    <p class='ocr_par' dir='ltr' id='par_1_9' title="bbox 187 982 1782 1056">
     <span class='ocr_line' id='line_1_9' title="bbox 187 982 1782 1056; baseline -0.004 -16"><span class='ocrx_word' id='word_1_58' title='bbox 187 985 448 1040; x_wconf 63' lang='lat'><strong>573-167.</strong></span> <span class='ocrx_word' id='word_1_59' title='bbox 479 983 708 1056; x_wconf 87' lang='lat' dir='ltr'><strong>Incipit:</strong></span> <span class='ocrx_word' id='word_1_60' title='bbox 731 985 1022 1055; x_wconf 75' lang='grc' dir='ltr'><strong>Πρόκειται</strong></span> <span class='ocrx_word' id='word_1_61' title='bbox 1043 987 1176 1054; x_wconf 76' lang='grc' dir='ltr'><strong>ἡμῖν</strong></span> <span class='ocrx_word' id='word_1_62' title='bbox 1205 985 1234 1036; x_wconf 84' lang='grc' dir='ltr'>ὁ</span> <span class='ocrx_word' id='word_1_63' title='bbox 1251 982 1680 1052; x_wconf 81' lang='grc' dir='ltr'><strong>Ἐκκλησιαστὴς</strong></span> <span class='ocrx_word' id='word_1_64' title='bbox 1705 984 1782 1046; x_wconf 78' lang='grc' dir='ltr'><strong>εἰς</strong></span> 
     </span>
    </p>
   </div>
   <div class='ocr_carea' id='block_1_10' title="bbox 187 1073 1780 1148">
    <p class='ocr_par' dir='ltr' id='par_1_10' title="bbox 187 1073 1780 1148">
     <span class='ocr_line' id='line_1_10' title="bbox 187 1073 1780 1148; baseline -0.004 -18"><span class='ocrx_word' id='word_1_65' title='bbox 187 1079 462 1148; x_wconf 73' lang='grc' dir='ltr'><strong>ἐξήγησιν.</strong></span> <span class='ocrx_word' id='word_1_66' title='bbox 499 1077 751 1132; x_wconf 75' lang='lat' dir='ltr'><strong>Meminit</strong></span> <span class='ocrx_word' id='word_1_67' title='bbox 777 1075 978 1132; x_wconf 86' lang='lat' dir='ltr'><strong>Suidas</strong></span> <span class='ocrx_word' id='word_1_68' title='bbox 1003 1077 1058 1130; x_wconf 89' lang='lat' dir='ltr'><strong>in</strong></span> <span class='ocrx_word' id='word_1_69' title='bbox 1085 1075 1400 1146; x_wconf 79' lang='grc' dir='ltr'><strong>Γρηγόριος.</strong></span> <span class='ocrx_word' id='word_1_70' title='bbox 1437 1073 1616 1128; x_wconf 84' lang='lat' dir='ltr'><strong>Vertit</strong></span> <span class='ocrx_word' id='word_1_71' title='bbox 1638 1073 1780 1128; x_wconf 81' lang='lat' dir='ltr'><strong>Gen-</strong></span> 
     </span>
    </p>
   </div>
   <div class='ocr_carea' id='block_1_11' title="bbox 191 1165 1781 1238">
    <p class='ocr_par' dir='ltr' id='par_1_11' title="bbox 191 1165 1781 1238">
     <span class='ocr_line' id='line_1_11' title="bbox 191 1165 1781 1238; baseline -0.004 -14"><span class='ocrx_word' id='word_1_72' title='bbox 191 1174 377 1224; x_wconf 73' lang='lat' dir='ltr'><strong>tianus</strong></span> <span class='ocrx_word' id='word_1_73' title='bbox 415 1169 714 1234; x_wconf 85' lang='lat' dir='ltr'><strong>Ilervetus,</strong></span> <span class='ocrx_word' id='word_1_74' title='bbox 763 1169 927 1238; x_wconf 87' lang='lat' dir='ltr'><strong>cujus</strong></span> <span class='ocrx_word' id='word_1_75' title='bbox 981 1167 1488 1237; x_wconf 81' lang='lat' dir='ltr'><strong>interpretationem</strong></span> <span class='ocrx_word' id='word_1_76' title='bbox 1547 1165 1781 1220; x_wconf 82' lang='lat' dir='ltr'><strong>subinde</strong></span> 
     </span>
    </p>
   </div>
   <div class='ocr_carea' id='block_1_12' title="bbox 189 1257 1780 1334">
    <p class='ocr_par' dir='ltr' id='par_1_12' title="bbox 189 1257 1780 1334">
     <span class='ocr_line' id='line_1_12' title="bbox 189 1257 1780 1334; baseline -0.006 -18"><span class='ocrx_word' id='word_1_77' title='bbox 189 1264 420 1334; x_wconf 73' lang='lat' dir='ltr'><strong>castigat</strong></span> <span class='ocrx_word' id='word_1_78' title='bbox 467 1261 704 1316; x_wconf 71' lang='lat' dir='ltr'><strong>Dircaeus</strong></span> <span class='ocrx_word' id='word_1_79' title='bbox 747 1262 802 1314; x_wconf 93' lang='lat' dir='ltr'><strong>in</strong></span> <span class='ocrx_word' id='word_1_80' title='bbox 847 1261 1018 1316; x_wconf 87' lang='lat' dir='ltr'><strong>notis.</strong></span> <span class='ocrx_word' id='word_1_81' title='bbox 1057 1259 1328 1328; x_wconf 78' lang='lat' dir='ltr'><strong>lntegrius</strong></span> <span class='ocrx_word' id='word_1_82' title='bbox 1371 1259 1474 1312; x_wconf 85' lang='lat' dir='ltr'><strong>hoc</strong></span> <span class='ocrx_word' id='word_1_83' title='bbox 1506 1273 1642 1326; x_wconf 80' lang='lat' dir='ltr'><strong>opus</strong></span> <span class='ocrx_word' id='word_1_84' title='bbox 1679 1257 1780 1310; x_wconf 81' lang='lat' dir='ltr'><strong>fuit</strong></span> 
     </span>
    </p>
   </div>
   <div class='ocr_carea' id='block_1_13' title="bbox 189 1349 1780 1423">
    <p class='ocr_par' dir='ltr' id='par_1_13' title="bbox 189 1349 1780 1423">
     <span class='ocr_line' id='line_1_13' title="bbox 189 1349 1780 1423; baseline -0.004 -17"><span class='ocrx_word' id='word_1_85' title='bbox 189 1356 330 1423; x_wconf 86' lang='lat' dir='ltr'><strong>apud</strong></span> <span class='ocrx_word' id='word_1_86' title='bbox 365 1353 592 1408; x_wconf 84' lang='lat' dir='ltr'><strong>Petrum</strong></span> <span class='ocrx_word' id='word_1_87' title='bbox 619 1352 939 1411; x_wconf 84' lang='lat' dir='ltr'><strong>Possinum,</strong></span> <span class='ocrx_word' id='word_1_88' title='bbox 975 1352 1068 1420; x_wconf 89' lang='lat' dir='ltr'><strong>qui</strong></span> <span class='ocrx_word' id='word_1_89' title='bbox 1099 1352 1152 1404; x_wconf 89' lang='lat' dir='ltr'><strong>in</strong></span> <span class='ocrx_word' id='word_1_90' title='bbox 1183 1350 1412 1419; x_wconf 85' lang='lat' dir='ltr'><strong>Prologo</strong></span> <span class='ocrx_word' id='word_1_91' title='bbox 1443 1349 1510 1402; x_wconf 85' lang='lat' dir='ltr'><strong>ad</strong></span> <span class='ocrx_word' id='word_1_92' title='bbox 1543 1349 1780 1402; x_wconf 81' lang='lat' dir='ltr'><strong>Thesau-</strong></span> 
     </span>
    </p>
   </div>
   <div class='ocr_carea' id='block_1_14' title="bbox 191 1443 1779 1512">
    <p class='ocr_par' dir='ltr' id='par_1_14' title="bbox 191 1443 1779 1512">
     <span class='ocr_line' id='line_1_14' title="bbox 191 1443 1779 1512; baseline -0.001 -16"><span class='ocrx_word' id='word_1_93' title='bbox 191 1463 307 1498; x_wconf 83' lang='lat' dir='ltr'><strong>rum</strong></span> <span class='ocrx_word' id='word_1_94' title='bbox 341 1448 654 1508; x_wconf 85' lang='lat' dir='ltr'><strong>asceticum,</strong></span> <span class='ocrx_word' id='word_1_95' title='bbox 705 1444 880 1498; x_wconf 84' lang='lat' dir='ltr'><strong>Paris.</strong></span> <span class='ocrx_word' id='word_1_96' title='bbox 915 1444 1076 1506; x_wconf 62' lang='lat' dir='ltr'><strong>168i,</strong></span> <span class='ocrx_word' id='word_1_97' title='bbox 1131 1445 1185 1508; x_wconf 78' lang='grc'>4,</span> <span class='ocrx_word' id='word_1_98' title='bbox 1243 1443 1540 1512; x_wconf 75' lang='lat' dir='ltr'><strong>vulgatum,</strong></span> <span class='ocrx_word' id='word_1_99' title='bbox 1592 1443 1686 1504; x_wconf 87' lang='lat' dir='ltr'><strong>ait,</strong></span> <span class='ocrx_word' id='word_1_100' title='bbox 1719 1456 1779 1495; x_wconf 86' lang='lat' dir='ltr'><strong>se</strong></span> 
     </span>
    </p>
   </div>
   <div class='ocr_carea' id='block_1_15' title="bbox 187 1531 1776 1606">
    <p class='ocr_par' dir='ltr' id='par_1_15' title="bbox 187 1531 1776 1606">
     <span class='ocr_line' id='line_1_15' title="bbox 187 1531 1776 1606; baseline -0.003 -16"><span class='ocrx_word' id='word_1_101' title='bbox 187 1537 256 1590; x_wconf 86' lang='lat' dir='ltr'><strong>ad</strong></span> <span class='ocrx_word' id='word_1_102' title='bbox 307 1538 608 1592; x_wconf 79' lang='lat' dir='ltr'><strong>editionem</strong></span> <span class='ocrx_word' id='word_1_103' title='bbox 659 1544 912 1606; x_wconf 87' lang='lat' dir='ltr'><strong>paratum</strong></span> <span class='ocrx_word' id='word_1_104' title='bbox 967 1535 1166 1590; x_wconf 86' lang='lat' dir='ltr'><strong>habere</strong></span> <span class='ocrx_word' id='word_1_105' title='bbox 1219 1534 1489 1604; x_wconf 78' lang='lat' dir='ltr'><strong>integrum</strong></span> <span class='ocrx_word' id='word_1_106' title='bbox 1546 1531 1776 1604; x_wconf 77' lang='lat' dir='ltr'><strong>Nysseni</strong></span> 
     </span>
    </p>
   </div>
   <div class='ocr_carea' id='block_1_16' title="bbox 191 1625 1774 1693">
    <p class='ocr_par' dir='ltr' id='par_1_16' title="bbox 191 1625 1774 1693">
     <span class='ocr_line' id='line_1_16' title="bbox 191 1625 1774 1693; baseline 0 -13"><span class='ocrx_word' id='word_1_107' title='bbox 191 1627 652 1681; x_wconf 72' lang='lat' dir='ltr'><strong>Commentariun:</strong></span> <span class='ocrx_word' id='word_1_108' title='bbox 703 1627 758 1678; x_wconf 90' lang='lat' dir='ltr'><strong>in</strong></span> <span class='ocrx_word' id='word_1_109' title='bbox 809 1625 1188 1688; x_wconf 76' lang='lat' dir='ltr'><strong>Ecclesiasten,</strong></span> <span class='ocrx_word' id='word_1_110' title='bbox 1229 1625 1562 1693; x_wconf 80' lang='lat' dir='ltr'><strong>descriptum</strong></span> <span class='ocrx_word' id='word_1_111' title='bbox 1609 1639 1639 1678; x_wconf 85' lang='lat' dir='ltr'><strong>e</strong></span> <span class='ocrx_word' id='word_1_112' title='bbox 1671 1641 1774 1680; x_wconf 90' lang='lat' dir='ltr'><strong>ms.</strong></span> 
     </span>
    </p>
   </div>
   <div class='ocr_carea' id='block_1_17' title="bbox 191 1716 1777 1788">
    <p class='ocr_par' dir='ltr' id='par_1_17' title="bbox 191 1716 1777 1788">
     <span class='ocr_line' id='line_1_17' title="bbox 191 1716 1777 1788; baseline -0.003 -16"><span class='ocrx_word' id='word_1_113' title='bbox 191 1718 466 1784; x_wconf 72' lang='lat' dir='ltr'><strong>Romano,</strong></span> <span class='ocrx_word' id='word_1_114' title='bbox 509 1735 678 1788; x_wconf 83' lang='lat' dir='ltr'><strong>quem</strong></span> <span class='ocrx_word' id='word_1_115' title='bbox 727 1719 994 1772; x_wconf 84' lang='lat' dir='ltr'><strong>hactenus</strong></span> <span class='ocrx_word' id='word_1_116' title='bbox 1025 1718 1276 1771; x_wconf 88' lang='lat' dir='ltr'><strong>mutilum</strong></span> <span class='ocrx_word' id='word_1_117' title='bbox 1315 1716 1581 1772; x_wconf 84' lang='lat' dir='ltr'><strong>editiones</strong></span> <span class='ocrx_word' id='word_1_118' title='bbox 1623 1717 1777 1770; x_wconf 77' lang='lat' dir='ltr'><strong>exhi-</strong></span> 
     </span>
    </p>
   </div>
   <div class='ocr_carea' id='block_1_18' title="bbox 1893 521 3462 594">
    <p class='ocr_par' dir='ltr' id='par_1_18' title="bbox 1893 521 3462 594">
     <span class='ocr_line' id='line_1_18' title="bbox 1893 521 3462 594; baseline -0.006 -11"><span class='ocrx_word' id='word_1_119' title='bbox 1893 532 2016 583; x_wconf 88' lang='lat' dir='ltr'><strong>tuht</strong></span> <span class='ocrx_word' id='word_1_120' title='bbox 2065 530 2390 584; x_wconf 87' lang='lat' dir='ltr'><strong>Laurentius</strong></span> <span class='ocrx_word' id='word_1_121' title='bbox 2434 528 2680 592; x_wconf 77' lang='lat' dir='ltr'><strong>Silanus,</strong></span> <span class='ocrx_word' id='word_1_122' title='bbox 2717 527 2878 594; x_wconf 89' lang='lat' dir='ltr'><strong>cujus</strong></span> <span class='ocrx_word' id='word_1_123' title='bbox 2931 523 3110 578; x_wconf 87' lang='lat' dir='ltr'><strong>versio</strong></span> <span class='ocrx_word' id='word_1_124' title='bbox 3153 529 3366 576; x_wconf 83' lang='lat' dir='ltr'><strong>servata</strong></span> <span class='ocrx_word' id='word_1_125' title='bbox 3409 521 3462 574; x_wconf 93' lang='lat' dir='ltr'><strong>in</strong></span> 
     </span>
    </p>
   </div>
   <div class='ocr_carea' id='block_1_19' title="bbox 1889 611 3462 676">
    <p class='ocr_par' dir='ltr' id='par_1_19' title="bbox 1889 611 3462 676">
     <span class='ocr_line' id='line_1_19' title="bbox 1889 611 3462 676; baseline -0.007 0"><span class='ocrx_word' id='word_1_126' title='bbox 1889 622 2320 676; x_wconf 58' lang='lat' dir='ltr'><strong>Caeco-Latinis</strong></span> <span class='ocrx_word' id='word_1_127' title='bbox 2345 621 2704 676; x_wconf 87' lang='lat' dir='ltr'><strong>editionibus.</strong></span> <span class='ocrx_word' id='word_1_128' title='bbox 2733 617 2924 672; x_wconf 75' lang='lat' dir='ltr'><strong>Exstat</strong></span> <span class='ocrx_word' id='word_1_129' title='bbox 2945 625 3001 672; x_wconf 91' lang='lat' dir='ltr'><strong>et</strong></span> <span class='ocrx_word' id='word_1_130' title='bbox 3029 615 3170 668; x_wconf 88' lang='lat' dir='ltr'><strong>Petri</strong></span> <span class='ocrx_word' id='word_1_131' title='bbox 3199 611 3462 667; x_wconf 87' lang='lat' dir='ltr'><strong>Galcsinii</strong></span> 
     </span>
    </p>
   </div>
   <div class='ocr_carea' id='block_1_20' title="bbox 1889 705 3480 781">
    <p class='ocr_par' dir='ltr' id='par_1_20' title="bbox 1889 705 3480 781">
     <span class='ocr_line' id='line_1_20' title="bbox 1889 705 3480 781; baseline -0.007 -15"><span class='ocrx_word' id='word_1_132' title='bbox 1889 713 2264 781; x_wconf 88' lang='lat' dir='ltr'><strong>interpretatio</strong></span> <span class='ocrx_word' id='word_1_133' title='bbox 2293 712 2448 766; x_wconf 75' lang='lat' dir='ltr'><strong>ltom.</strong></span> <span class='ocrx_word' id='word_1_134' title='bbox 2483 711 2640 770; x_wconf 80' lang='grc'>1565.</span> <span class='ocrx_word' id='word_1_135' title='bbox 2666 711 2719 762; x_wconf 67' lang='grc' dir='ltr'><strong>ιι.</strong></span> <span class='ocrx_word' id='word_1_136' title='bbox 2750 708 2894 764; x_wconf 86' lang='lat' dir='ltr'><strong>Citat</strong></span> <span class='ocrx_word' id='word_1_137' title='bbox 2919 721 3062 776; x_wconf 62' lang='lat' dir='ltr'><strong>saepe</strong></span> <span class='ocrx_word' id='word_1_138' title='bbox 3093 705 3480 758; x_wconf 82' lang='lat' dir='ltr'><strong>Damasecnus-</strong></span> 
     </span>
    </p>
   </div>
   <div class='ocr_carea' id='block_1_21' title="bbox 1891 791 3461 866">
    <p class='ocr_par' dir='ltr' id='par_1_21' title="bbox 1891 791 3461 866">
     <span class='ocr_line' id='line_1_21' title="bbox 1891 791 3461 866; baseline -0.008 -10"><span class='ocrx_word' id='word_1_139' title='bbox 1891 803 1946 856; x_wconf 89' lang='lat' dir='ltr'><strong>in</strong></span> <span class='ocrx_word' id='word_1_140' title='bbox 1989 801 2300 864; x_wconf 83' lang='lat' dir='ltr'><strong>Parallelis,</strong></span> <span class='ocrx_word' id='word_1_141' title='bbox 2346 811 2400 856; x_wconf 87' lang='lat' dir='ltr'><strong>et</strong></span> <span class='ocrx_word' id='word_1_142' title='bbox 2429 800 2753 854; x_wconf 81' lang='lat' dir='ltr'><strong>Anastasius</strong></span> <span class='ocrx_word' id='word_1_143' title='bbox 2783 803 2976 866; x_wconf 78' lang='lat' dir='ltr'><strong>quzest.</strong></span> <span class='ocrx_word' id='word_1_144' title='bbox 3013 812 3028 848; x_wconf 92' lang='grc' dir='ltr'><strong>ι</strong></span> <span class='ocrx_word' id='word_1_145' title='bbox 3071 803 3124 850; x_wconf 88' lang='lat' dir='ltr'><strong>et</strong></span> <span class='ocrx_word' id='word_1_146' title='bbox 3153 808 3214 846; x_wconf 86' lang='lat' dir='ltr'><strong>ll.</strong></span> <span class='ocrx_word' id='word_1_147' title='bbox 3259 791 3461 846; x_wconf 86' lang='lat' dir='ltr'><strong>Locum</strong></span> 
     </span>
    </p>
   </div>
   <div class='ocr_carea' id='block_1_22' title="bbox 1887 885 3462 960">
    <p class='ocr_par' dir='ltr' id='par_1_22' title="bbox 1887 885 3462 960">
     <span class='ocr_line' id='line_1_22' title="bbox 1887 885 3462 960; baseline -0.005 -14"><span class='ocrx_word' id='word_1_148' title='bbox 1887 909 1916 946; x_wconf 90' lang='lat' dir='ltr'><strong>a</strong></span> <span class='ocrx_word' id='word_1_149' title='bbox 1953 893 2158 948; x_wconf 71' lang='lat' dir='ltr'><strong>Graecis</strong></span> <span class='ocrx_word' id='word_1_150' title='bbox 2205 895 2260 946; x_wconf 90' lang='lat' dir='ltr'><strong>in</strong></span> <span class='ocrx_word' id='word_1_151' title='bbox 2307 893 2410 946; x_wconf 87' lang='lat' dir='ltr'><strong>hoc</strong></span> <span class='ocrx_word' id='word_1_152' title='bbox 2457 907 2622 960; x_wconf 87' lang='lat' dir='ltr'><strong>opere</strong></span> <span class='ocrx_word' id='word_1_153' title='bbox 2654 897 2974 958; x_wconf 88' lang='lat' dir='ltr'><strong>corruptum</strong></span> <span class='ocrx_word' id='word_1_154' title='bbox 3001 886 3180 956; x_wconf 78' lang='lat' dir='ltr'><strong>arguit</strong></span> <span class='ocrx_word' id='word_1_155' title='bbox 3227 885 3462 938; x_wconf 81' lang='lat' dir='ltr'><strong>Allatius</strong></span> 
     </span>
    </p>
   </div>
   <div class='ocr_carea' id='block_1_23' title="bbox 1885 978 3460 1052">
    <p class='ocr_par' dir='ltr' id='par_1_23' title="bbox 1885 978 3460 1052">
     <span class='ocr_line' id='line_1_23' title="bbox 1885 978 3460 1052; baseline -0.007 -9"><span class='ocrx_word' id='word_1_156' title='bbox 1885 1005 1934 1044; x_wconf 91' lang='lat' dir='ltr'><strong>c.</strong></span> <span class='ocrx_word' id='word_1_157' title='bbox 1973 986 2057 1052; x_wconf 64' lang='grc' dir='ltr'><strong>μὶ,</strong></span> <span class='ocrx_word' id='word_1_158' title='bbox 2090 985 2159 1038; x_wconf 83' lang='lat' dir='ltr'><strong>De</strong></span> <span class='ocrx_word' id='word_1_159' title='bbox 2177 985 2504 1052; x_wconf 81' lang='lat' dir='ltr'><strong>processione</strong></span> <span class='ocrx_word' id='word_1_160' title='bbox 2535 983 2763 1052; x_wconf 78' lang='lat' dir='ltr'><strong>Spiritus</strong></span> <span class='ocrx_word' id='word_1_161' title='bbox 2785 982 2844 1038; x_wconf 87' lang='lat' dir='ltr'><strong>S.</strong></span> <span class='ocrx_word' id='word_1_162' title='bbox 2869 997 2990 1052; x_wconf 80' lang='lat' dir='ltr'><strong>pag.</strong></span> <span class='ocrx_word' id='word_1_163' title='bbox 3017 979 3086 1034; x_wconf 79' lang='grc'>65</span> <span class='ocrx_word' id='word_1_164' title='bbox 3105 995 3219 1048; x_wconf 86' lang='lat' dir='ltr'><strong>seq.</strong></span> <span class='ocrx_word' id='word_1_165' title='bbox 3239 978 3460 1034; x_wconf 88' lang='lat' dir='ltr'><strong>Librum</strong></span> 
     </span>
    </p>
   </div>
   <div class='ocr_carea' id='block_1_24' title="bbox 1885 1074 3460 1152">
    <p class='ocr_par' dir='ltr' id='par_1_24' title="bbox 1885 1074 3460 1152">
     <span class='ocr_line' id='line_1_24' title="bbox 1885 1074 3460 1152; baseline -0.005 -16"><span class='ocrx_word' id='word_1_166' title='bbox 1885 1085 2106 1136; x_wconf 76' lang='lat' dir='ltr'><strong>tertium</strong></span> <span class='ocrx_word' id='word_1_167' title='bbox 2144 1082 2374 1152; x_wconf 74' lang='lat' dir='ltr'><strong>Nysseni</strong></span> <span class='ocrx_word' id='word_1_168' title='bbox 2405 1081 2537 1150; x_wconf 75' lang='grc' dir='ltr'>Περὶ</span> <span class='ocrx_word' id='word_1_169' title='bbox 2560 1077 2868 1148; x_wconf 79' lang='grc' dir='ltr'><strong>προσευχῆς</strong></span> <span class='ocrx_word' id='word_1_170' title='bbox 2903 1077 3034 1130; x_wconf 89' lang='lat' dir='ltr'><strong>citat</strong></span> <span class='ocrx_word' id='word_1_171' title='bbox 3059 1075 3380 1146; x_wconf 80' lang='lat' dir='ltr'><strong>Euthymius</strong></span> <span class='ocrx_word' id='word_1_172' title='bbox 3405 1074 3460 1128; x_wconf 89' lang='lat' dir='ltr'><strong>in</strong></span> 
     </span>
    </p>
   </div>
   <div class='ocr_carea' id='block_1_25' title="bbox 1887 1167 3462 1240">
    <p class='ocr_par' dir='ltr' id='par_1_25' title="bbox 1887 1167 3462 1240">
     <span class='ocr_line' id='line_1_25' title="bbox 1887 1167 3462 1240; baseline -0.008 -11"><span class='ocrx_word' id='word_1_173' title='bbox 1887 1175 2170 1240; x_wconf 84' lang='lat' dir='ltr'><strong>Panoplia.</strong></span> <span class='ocrx_word' id='word_1_174' title='bbox 2215 1172 2380 1226; x_wconf 69' lang='lat' dir='ltr'><strong>ann.</strong></span> <span class='ocrx_word' id='word_1_175' title='bbox 2437 1171 2496 1224; x_wconf 89' lang='lat' dir='ltr'><strong>In</strong></span> <span class='ocrx_word' id='word_1_176' title='bbox 2530 1169 2650 1222; x_wconf 84' lang='lat' dir='ltr'><strong>cod.</strong></span> <span class='ocrx_word' id='word_1_177' title='bbox 2689 1167 2820 1238; x_wconf 78' lang='lat' dir='ltr'><strong>Reg.</strong></span> <span class='ocrx_word' id='word_1_178' title='bbox 2869 1167 3072 1222; x_wconf 84' lang='lat' dir='ltr'><strong>Matrit.</strong></span> <span class='ocrx_word' id='word_1_179' title='bbox 3117 1167 3176 1220; x_wconf 86' lang='lat' dir='ltr'><strong>L.</strong></span> <span class='ocrx_word' id='word_1_180' title='bbox 3221 1167 3462 1234; x_wconf 86' lang='lat' dir='ltr'><strong>quinque</strong></span> 
     </span>
    </p>
   </div>
   <div class='ocr_carea' id='block_1_26' title="bbox 1883 1256 3460 1330">
    <p class='ocr_par' dir='ltr' id='par_1_26' title="bbox 1883 1256 3460 1330">
     <span class='ocr_line' id='line_1_26' title="bbox 1883 1256 3460 1330; baseline -0.008 -10"><span class='ocrx_word' id='word_1_181' title='bbox 1883 1267 2072 1320; x_wconf 89' lang='lat' dir='ltr'><strong>homil.</strong></span> <span class='ocrx_word' id='word_1_182' title='bbox 2109 1264 2174 1318; x_wconf 83' lang='lat' dir='ltr'><strong>In</strong></span> <span class='ocrx_word' id='word_1_183' title='bbox 2207 1275 2344 1318; x_wconf 82' lang='lat' dir='ltr'><strong>orat.</strong></span> <span class='ocrx_word' id='word_1_184' title='bbox 2383 1261 2660 1320; x_wconf 87' lang='lat' dir='ltr'><strong>Dominic..</strong></span> <span class='ocrx_word' id='word_1_185' title='bbox 2693 1275 2926 1330; x_wconf 86' lang='lat' dir='ltr'><strong>quarum</strong></span> <span class='ocrx_word' id='word_1_186' title='bbox 2953 1259 3122 1328; x_wconf 88' lang='lat' dir='ltr'><strong>prima</strong></span> <span class='ocrx_word' id='word_1_187' title='bbox 3155 1259 3262 1313; x_wconf 87' lang='lat' dir='ltr'><strong>inc.</strong></span> <span class='ocrx_word' id='word_1_188' title='bbox 3285 1256 3460 1326; x_wconf 85' lang='grc' dir='ltr'><strong>Εὺχῆς</strong></span> 
     </span>
    </p>
   </div>
   <div class='ocr_carea' id='block_1_27' title="bbox 1881 1347 3458 1428">
    <p class='ocr_par' dir='ltr' id='par_1_27' title="bbox 1881 1347 3458 1428">
     <span class='ocr_line' id='line_1_27' title="bbox 1881 1347 3458 1428; baseline -0.007 -19"><span class='ocrx_word' id='word_1_189' title='bbox 1881 1357 2066 1428; x_wconf 81' lang='grc' dir='ltr'><strong>ἡμῶν·</strong></span> <span class='ocrx_word' id='word_1_190' title='bbox 2101 1366 2154 1410; x_wconf 86' lang='lat' dir='ltr'><strong>et</strong></span> <span class='ocrx_word' id='word_1_191' title='bbox 2177 1354 2413 1409; x_wconf 70' lang='lat' dir='ltr'><strong>humilia:</strong></span> <span class='ocrx_word' id='word_1_192' title='bbox 2439 1362 2561 1406; x_wconf 80' lang='lat' dir='ltr'><strong>octo</strong></span> <span class='ocrx_word' id='word_1_193' title='bbox 2585 1353 2638 1404; x_wconf 90' lang='lat' dir='ltr'><strong>in</strong></span> <span class='ocrx_word' id='word_1_194' title='bbox 2669 1359 2744 1404; x_wconf 82' lang='lat' dir='ltr'><strong>tot</strong></span> <span class='ocrx_word' id='word_1_195' title='bbox 2777 1349 3161 1404; x_wconf 83' lang='lat' dir='ltr'><strong>beatitudines.</strong></span> <span class='ocrx_word' id='word_1_196' title='bbox 3191 1347 3254 1400; x_wconf 85' lang='lat' dir='ltr'><strong>V.</strong></span> <span class='ocrx_word' id='word_1_197' title='bbox 3281 1347 3458 1402; x_wconf 82' lang='lat' dir='ltr'><strong>Iriarl.</strong></span> 
     </span>
    </p>
   </div>
   <div class='ocr_carea' id='block_1_28' title="bbox 1881 1437 3462 1510">
    <p class='ocr_par' dir='ltr' id='par_1_28' title="bbox 1881 1437 3462 1510">
     <span class='ocr_line' id='line_1_28' title="bbox 1881 1437 3462 1510; baseline -0.008 -8"><span class='ocrx_word' id='word_1_198' title='bbox 1881 1449 1998 1502; x_wconf 90' lang='lat' dir='ltr'><strong>Cat.</strong></span> <span class='ocrx_word' id='word_1_199' title='bbox 2035 1446 2198 1500; x_wconf 88' lang='lat' dir='ltr'><strong>codd.</strong></span> <span class='ocrx_word' id='word_1_200' title='bbox 2257 1445 2352 1498; x_wconf 88' lang='lat' dir='ltr'><strong>Gr.</strong></span> <span class='ocrx_word' id='word_1_201' title='bbox 2403 1442 2604 1496; x_wconf 79' lang='lat' dir='ltr'><strong>Matt-it.</strong></span> <span class='ocrx_word' id='word_1_202' title='bbox 2646 1457 2698 1510; x_wconf 91' lang='lat' dir='ltr'><strong>p.</strong></span> <span class='ocrx_word' id='word_1_203' title='bbox 2744 1439 2845 1494; x_wconf 83' lang='lat'><strong>168</strong></span> <span class='ocrx_word' id='word_1_204' title='bbox 2899 1456 2983 1509; x_wconf 85' lang='lat' dir='ltr'><strong>sq.</strong></span> <span class='ocrx_word' id='word_1_205' title='bbox 3017 1472 3082 1478; x_wconf 96' lang='lat'><strong>—</strong></span> <span class='ocrx_word' id='word_1_206' title='bbox 3131 1437 3462 1492; x_wconf 81' lang='lat' dir='ltr'><strong>Vindoboua:</strong></span> 
     </span>
    </p>
   </div>
   <div class='ocr_carea' id='block_1_29' title="bbox 1881 1531 3455 1602">
    <p class='ocr_par' dir='ltr' id='par_1_29' title="bbox 1881 1531 3455 1602">
     <span class='ocr_line' id='line_1_29' title="bbox 1881 1531 3455 1602; baseline -0.008 -10"><span class='ocrx_word' id='word_1_207' title='bbox 1881 1539 1936 1592; x_wconf 87' lang='lat' dir='ltr'><strong>in</strong></span> <span class='ocrx_word' id='word_1_208' title='bbox 1971 1539 2100 1592; x_wconf 85' lang='lat' dir='ltr'><strong>bibl.</strong></span> <span class='ocrx_word' id='word_1_209' title='bbox 2130 1537 2332 1592; x_wconf 75' lang='lat' dir='ltr'><strong>Ca‘sar.</strong></span> <span class='ocrx_word' id='word_1_210' title='bbox 2367 1534 2490 1588; x_wconf 88' lang='lat' dir='ltr'><strong>cod.</strong></span> <span class='ocrx_word' id='word_1_211' title='bbox 2515 1531 2626 1587; x_wconf 85' lang='lat' dir='ltr'><strong>CVI</strong></span> <span class='ocrx_word' id='word_1_212' title='bbox 2657 1533 2736 1602; x_wconf 85' lang='lat' dir='ltr'><strong>(in</strong></span> <span class='ocrx_word' id='word_1_213' title='bbox 2763 1549 2894 1601; x_wconf 85' lang='lat' dir='ltr'><strong>quo,</strong></span> <span class='ocrx_word' id='word_1_214' title='bbox 2921 1549 2950 1584; x_wconf 89' lang='lat' dir='ltr'><strong>a</strong></span> <span class='ocrx_word' id='word_1_215' title='bbox 2977 1531 3229 1584; x_wconf 76' lang='lat' dir='ltr'><strong>Lautbec.</strong></span> <span class='ocrx_word' id='word_1_216' title='bbox 3256 1545 3455 1584; x_wconf 82' lang='lat' dir='ltr'><strong>Ctmtltt.</strong></span> 
     </span>
    </p>
   </div>
   <div class='ocr_carea' id='block_1_30' title="bbox 1884 1620 3458 1699">
    <p class='ocr_par' dir='ltr' id='par_1_30' title="bbox 1884 1620 3458 1699">
     <span class='ocr_line' id='line_1_30' title="bbox 1884 1620 3458 1699; baseline -0.008 -15"><span class='ocrx_word' id='word_1_217' title='bbox 1884 1647 1959 1694; x_wconf 76' lang='lat' dir='ltr'><strong>vt,</strong></span> <span class='ocrx_word' id='word_1_218' title='bbox 1989 1647 2042 1699; x_wconf 89' lang='lat' dir='ltr'><strong>p.</strong></span> <span class='ocrx_word' id='word_1_219' title='bbox 2067 1629 2156 1682; x_wconf 84' lang='lat'><strong>51.</strong></span> <span class='ocrx_word' id='word_1_220' title='bbox 2183 1643 2304 1696; x_wconf 89' lang='lat' dir='ltr'><strong>sqq.</strong></span> <span class='ocrx_word' id='word_1_221' title='bbox 2335 1625 2490 1682; x_wconf 86' lang='lat' dir='ltr'><strong>valde</strong></span> <span class='ocrx_word' id='word_1_222' title='bbox 2513 1625 2754 1684; x_wconf 85' lang='lat' dir='ltr'><strong>laudato,</strong></span> <span class='ocrx_word' id='word_1_223' title='bbox 2800 1623 2870 1678; x_wconf 61' lang='grc'>98</span> <span class='ocrx_word' id='word_1_224' title='bbox 2897 1632 3058 1676; x_wconf 84' lang='lat' dir='ltr'><strong>oratt.</strong></span> <span class='ocrx_word' id='word_1_225' title='bbox 3083 1631 3134 1676; x_wconf 87' lang='lat' dir='ltr'><strong>et</strong></span> <span class='ocrx_word' id='word_1_226' title='bbox 3157 1637 3277 1691; x_wconf 87' lang='lat' dir='ltr'><strong>epp.</strong></span> <span class='ocrx_word' id='word_1_227' title='bbox 3298 1620 3458 1688; x_wconf 72' lang='lat' dir='ltr'><strong>Greg.</strong></span> 
     </span>
    </p>
   </div>
   <div class='ocr_carea' id='block_1_31' title="bbox 1880 1715 3458 1792">
    <p class='ocr_par' dir='ltr' id='par_1_31' title="bbox 1880 1715 3458 1792">
     <span class='ocr_line' id='line_1_31' title="bbox 1880 1715 3458 1792; baseline -0.006 -16"><span class='ocrx_word' id='word_1_228' title='bbox 1880 1721 2040 1792; x_wconf 75' lang='lat' dir='ltr'><strong>Nyss.</strong></span> <span class='ocrx_word' id='word_1_229' title='bbox 2071 1717 2462 1788; x_wconf 88' lang='lat' dir='ltr'><strong>continentur),</strong></span> <span class='ocrx_word' id='word_1_230' title='bbox 2491 1733 2574 1772; x_wconf 89' lang='lat' dir='ltr'><strong>nr.</strong></span> <span class='ocrx_word' id='word_1_231' title='bbox 2617 1717 2672 1772; x_wconf 74' lang='lat'><strong>2.</strong></span> <span class='ocrx_word' id='word_1_232' title='bbox 2709 1717 2860 1770; x_wconf 78' lang='lat' dir='ltr'><strong>Adde</strong></span> <span class='ocrx_word' id='word_1_233' title='bbox 2893 1727 3009 1770; x_wconf 88' lang='lat' dir='ltr'><strong>not.</strong></span> <span class='ocrx_word' id='word_1_234' title='bbox 3041 1715 3244 1768; x_wconf 73' lang='lat' dir='ltr'><strong>Iiollar.</strong></span> <span class='ocrx_word' id='word_1_235' title='bbox 3281 1729 3330 1782; x_wconf 90' lang='lat' dir='ltr'><strong>p.</strong></span> <span class='ocrx_word' id='word_1_236' title='bbox 3371 1715 3458 1768; x_wconf 80' lang='grc'>59.</span> 
     </span>
    </p>
   </div>
   <div class='ocr_carea' id='block_1_32' title="bbox 199 1783 3458 1878">
    <p class='ocr_par' dir='ltr' id='par_1_32' title="bbox 199 1783 3458 1878">
     <span class='ocr_line' id='line_1_32' title="bbox 199 1783 3458 1878; baseline -0.004 -14"><span class='ocrx_word' id='word_1_237' title='bbox 199 1813 440 1864; x_wconf 72' lang='lat' dir='ltr'><strong>huc-rint.</strong></span> <span class='ocrx_word' id='word_1_238' title='bbox 479 1810 588 1864; x_wconf 85' lang='lat' dir='ltr'><strong>Sed</strong></span> <span class='ocrx_word' id='word_1_239' title='bbox 617 1825 744 1865; x_wconf 87' lang='lat' dir='ltr'><strong>cum</strong></span> <span class='ocrx_word' id='word_1_240' title='bbox 775 1809 906 1863; x_wconf 90' lang='lat' dir='ltr'><strong>illud</strong></span> <span class='ocrx_word' id='word_1_241' title='bbox 939 1824 968 1861; x_wconf 92' lang='lat' dir='ltr'><strong>a</strong></span> <span class='ocrx_word' id='word_1_242' title='bbox 1002 1807 1235 1874; x_wconf 82' lang='lat' dir='ltr'><strong>Possino</strong></span> <span class='ocrx_word' id='word_1_243' title='bbox 1269 1807 1600 1878; x_wconf 85' lang='lat' dir='ltr'><strong>promissum</strong></span> <span class='ocrx_word' id='word_1_244' title='bbox 1639 1823 1778 1875; x_wconf 84' lang='lat' dir='ltr'><strong>opus</strong></span> <span class='ocrx_word' id='word_1_245' title='bbox 1809 1783 1852 1840; x_wconf 72' lang='grc' dir='ltr'><strong>Β</strong></span> <span class='ocrx_word' id='word_1_246' title='bbox 1885 1783 1950 1854; x_wconf 57' lang='grc' dir='ltr'>.ξ</span> <span class='ocrx_word' id='word_1_247' title='bbox 1975 1815 2036 1866; x_wconf 54' lang='lat' dir='ltr'><strong>Ei</strong></span> <span class='ocrx_word' id='word_1_248' title='bbox 2067 1815 2117 1866; x_wconf 70' lang='lat' dir='ltr'><strong>in</strong></span> <span class='ocrx_word' id='word_1_249' title='bbox 2157 1811 2278 1866; x_wconf 68' lang='grc' dir='ltr'>ροιί,</span> <span class='ocrx_word' id='word_1_250' title='bbox 2309 1783 2448 1876; x_wconf 63' lang='grc' dir='ltr'><strong>Χιιίν</strong></span> <span class='ocrx_word' id='word_1_251' title='bbox 2493 1827 2581 1864; x_wconf 65' lang='lat' dir='ltr'><strong>nr,</strong></span> <span class='ocrx_word' id='word_1_252' title='bbox 2621 1810 2709 1872; x_wconf 70' lang='grc' dir='ltr'>η,</span> <span class='ocrx_word' id='word_1_253' title='bbox 2745 1816 2799 1864; x_wconf 73' lang='grc' dir='ltr'><strong>ει</strong></span> <span class='ocrx_word' id='word_1_254' title='bbox 2839 1824 2924 1862; x_wconf 72' lang='grc' dir='ltr'>ιη’,</span> <span class='ocrx_word' id='word_1_255' title='bbox 2955 1809 3040 1866; x_wconf 73' lang='lat' dir='ltr'><strong>is,</strong></span> <span class='ocrx_word' id='word_1_256' title='bbox 3073 1815 3202 1862; x_wconf 77' lang='lat' dir='ltr'><strong>sum</strong></span> <span class='ocrx_word' id='word_1_257' title='bbox 3227 1805 3458 1876; x_wconf 70' lang='lat' dir='ltr'><strong>Nysscni</strong></span> 
     </span>
    </p>
   </div>
   <div class='ocr_carea' id='block_1_33' title="bbox 199 1897 1778 1969">
    <p class='ocr_par' dir='ltr' id='par_1_33' title="bbox 199 1897 1778 1969">
     <span class='ocr_line' id='line_1_33' title="bbox 199 1897 1778 1969; baseline -0.004 -14"><span class='ocrx_word' id='word_1_258' title='bbox 199 1919 360 1956; x_wconf 79' lang='lat' dir='ltr'><strong>neruo</strong></span> <span class='ocrx_word' id='word_1_259' title='bbox 393 1901 578 1954; x_wconf 84' lang='lat' dir='ltr'><strong>adhuc</strong></span> <span class='ocrx_word' id='word_1_260' title='bbox 629 1901 686 1954; x_wconf 89' lang='lat' dir='ltr'><strong>in</strong></span> <span class='ocrx_word' id='word_1_261' title='bbox 721 1901 898 1955; x_wconf 87' lang='lat' dir='ltr'><strong>lucem</strong></span> <span class='ocrx_word' id='word_1_262' title='bbox 935 1899 1246 1969; x_wconf 83' lang='lat' dir='ltr'><strong>protulerit,</strong></span> <span class='ocrx_word' id='word_1_263' title='bbox 1285 1907 1472 1952; x_wconf 88' lang='lat' dir='ltr'><strong>notare</strong></span> <span class='ocrx_word' id='word_1_264' title='bbox 1497 1897 1674 1966; x_wconf 80' lang='lat' dir='ltr'><strong>juvat,</strong></span> <span class='ocrx_word' id='word_1_265' title='bbox 1724 1898 1778 1949; x_wconf 90' lang='lat' dir='ltr'><strong>in</strong></span> 
     </span>
    </p>
   </div>
   <div class='ocr_carea' id='block_1_34' title="bbox 197 1986 1781 2056">
    <p class='ocr_par' dir='ltr' id='par_1_34' title="bbox 197 1986 1781 2056">
     <span class='ocr_line' id='line_1_34' title="bbox 197 1986 1781 2056; baseline -0.004 -12"><span class='ocrx_word' id='word_1_266' title='bbox 197 1991 530 2044; x_wconf 81' lang='lat' dir='ltr'><strong>bibliotheca</strong></span> <span class='ocrx_word' id='word_1_267' title='bbox 553 1989 917 2056; x_wconf 76' lang='lat' dir='ltr'><strong>Seguieriana</strong></span> <span class='ocrx_word' id='word_1_268' title='bbox 947 1988 1066 2043; x_wconf 84' lang='lat' dir='ltr'><strong>sive</strong></span> <span class='ocrx_word' id='word_1_269' title='bbox 1087 1986 1424 2042; x_wconf 89' lang='lat' dir='ltr'><strong>Coisliniana</strong></span> <span class='ocrx_word' id='word_1_270' title='bbox 1445 1993 1660 2039; x_wconf 78' lang='lat' dir='ltr'><strong>exstare</strong></span> <span class='ocrx_word' id='word_1_271' title='bbox 1679 1987 1781 2040; x_wconf 77' lang='lat' dir='ltr'><strong>sub</strong></span> 
     </span>
    </p>
   </div>
   <div class='ocr_carea' id='block_1_35' title="bbox 197 2077 1784 2156">
    <p class='ocr_par' dir='ltr' id='par_1_35' title="bbox 197 2077 1784 2156">
     <span class='ocr_line' id='line_1_35' title="bbox 197 2077 1784 2156; baseline -0.002 -23"><span class='ocrx_word' id='word_1_272' title='bbox 197 2081 336 2136; x_wconf 78' lang='lat' dir='ltr'><strong>falso</strong></span> <span class='ocrx_word' id='word_1_273' title='bbox 353 2081 516 2152; x_wconf 61' lang='grc' dir='ltr'><strong>(ἂι-(ξε.</strong></span> <span class='ocrx_word' id='word_1_274' title='bbox 540 2080 774 2151; x_wconf 79' lang='lat' dir='ltr'><strong>Nysseni</strong></span> <span class='ocrx_word' id='word_1_275' title='bbox 803 2081 1022 2156; x_wconf 81' lang='lat' dir='ltr'><strong>nomine</strong></span> <span class='ocrx_word' id='word_1_276' title='bbox 1047 2095 1151 2134; x_wconf 88' lang='lat' dir='ltr'><strong>ms.</strong></span> <span class='ocrx_word' id='word_1_277' title='bbox 1183 2078 1426 2132; x_wconf 66' lang='lat' dir='ltr'><strong>Graecum</strong></span> <span class='ocrx_word' id='word_1_278' title='bbox 1447 2077 1784 2132; x_wconf 86' lang='lat' dir='ltr'><strong>Commenta-</strong></span> 
     </span>
    </p>
   </div>
   <div class='ocr_carea' id='block_1_36' title="bbox 197 2169 1781 2246">
    <p class='ocr_par' dir='ltr' id='par_1_36' title="bbox 197 2169 1781 2246">
     <span class='ocr_line' id='line_1_36' title="bbox 197 2169 1781 2246; baseline 0 -24"><span class='ocrx_word' id='word_1_279' title='bbox 197 2173 338 2224; x_wconf 79' lang='lat' dir='ltr'><strong>rinm</strong></span> <span class='ocrx_word' id='word_1_280' title='bbox 369 2175 420 2224; x_wconf 84' lang='lat' dir='ltr'><strong>in</strong></span> <span class='ocrx_word' id='word_1_281' title='bbox 477 2171 856 2236; x_wconf 79' lang='lat' dir='ltr'><strong>Ecclesiasten,</strong></span> <span class='ocrx_word' id='word_1_282' title='bbox 927 2171 1062 2224; x_wconf 90' lang='lat' dir='ltr'><strong>nihil</strong></span> <span class='ocrx_word' id='word_1_283' title='bbox 1114 2186 1236 2224; x_wconf 90' lang='lat' dir='ltr'><strong>cum</strong></span> <span class='ocrx_word' id='word_1_284' title='bbox 1287 2171 1434 2224; x_wconf 87' lang='lat' dir='ltr'><strong>edito</strong></span> <span class='ocrx_word' id='word_1_285' title='bbox 1495 2169 1781 2246; x_wconf 80' lang='lat' dir='ltr'><strong>habentem</strong></span> 
     </span>
    </p>
   </div>
   <div class='ocr_carea' id='block_1_37' title="bbox 201 2261 1786 2334">
    <p class='ocr_par' dir='ltr' id='par_1_37' title="bbox 201 2261 1786 2334">
     <span class='ocr_line' id='line_1_37' title="bbox 201 2261 1786 2334; baseline -0.003 -16"><span class='ocrx_word' id='word_1_286' title='bbox 201 2281 512 2332; x_wconf 81' lang='lat' dir='ltr'><strong>commune,</strong></span> <span class='ocrx_word' id='word_1_287' title='bbox 549 2275 606 2322; x_wconf 83' lang='lat' dir='ltr'><strong>et</strong></span> <span class='ocrx_word' id='word_1_288' title='bbox 643 2267 696 2320; x_wconf 88' lang='lat' dir='ltr'><strong>in</strong></span> <span class='ocrx_word' id='word_1_289' title='bbox 729 2281 838 2334; x_wconf 88' lang='lat' dir='ltr'><strong>quo</strong></span> <span class='ocrx_word' id='word_1_290' title='bbox 883 2263 1110 2334; x_wconf 66' lang='lat' dir='ltr'><strong>hysseni</strong></span> <span class='ocrx_word' id='word_1_291' title='bbox 1152 2262 1420 2332; x_wconf 80' lang='lat' dir='ltr'><strong>expositio</strong></span> <span class='ocrx_word' id='word_1_292' title='bbox 1459 2261 1786 2330; x_wconf 82' lang='lat' dir='ltr'><strong>quandoque</strong></span> 
     </span>
    </p>
   </div>
   <div class='ocr_carea' id='block_1_38' title="bbox 197 2353 1788 2425">
    <p class='ocr_par' dir='ltr' id='par_1_38' title="bbox 197 2353 1788 2425">
     <span class='ocr_line' id='line_1_38' title="bbox 197 2353 1788 2425; baseline -0.004 -13"><span class='ocrx_word' id='word_1_293' title='bbox 197 2359 535 2412; x_wconf 74' lang='lat' dir='ltr'><strong>confutatur.</strong></span> <span class='ocrx_word' id='word_1_294' title='bbox 551 2359 822 2414; x_wconf 79' lang='lat' dir='ltr'><strong>Dividitur</strong></span> <span class='ocrx_word' id='word_1_295' title='bbox 841 2359 896 2412; x_wconf 89' lang='lat' dir='ltr'><strong>in</strong></span> <span class='ocrx_word' id='word_1_296' title='bbox 909 2371 1191 2424; x_wconf 83' lang='lat' dir='ltr'><strong>sermones</strong></span> <span class='ocrx_word' id='word_1_297' title='bbox 1203 2357 1414 2418; x_wconf 85' lang='lat' dir='ltr'><strong>decem,</strong></span> <span class='ocrx_word' id='word_1_298' title='bbox 1431 2369 1661 2425; x_wconf 87' lang='lat' dir='ltr'><strong>quorum</strong></span> <span class='ocrx_word' id='word_1_299' title='bbox 1681 2353 1788 2424; x_wconf 81' lang='lat' dir='ltr'><strong>pri-</strong></span> 
     </span>
    </p>
   </div>
   <div class='ocr_carea' id='block_1_39' title="bbox 203 2447 1782 2520">
    <p class='ocr_par' dir='ltr' id='par_1_39' title="bbox 203 2447 1782 2520">
     <span class='ocr_line' id='line_1_39' title="bbox 203 2447 1782 2520; baseline -0.003 -18"><span class='ocrx_word' id='word_1_300' title='bbox 203 2468 320 2506; x_wconf 88' lang='lat' dir='ltr'><strong>mus</strong></span> <span class='ocrx_word' id='word_1_301' title='bbox 358 2453 548 2520; x_wconf 83' lang='lat' dir='ltr'><strong>incipit</strong></span> <span class='ocrx_word' id='word_1_302' title='bbox 574 2467 586 2502; x_wconf 95' lang='lat'><strong>:</strong></span> <span class='ocrx_word' id='word_1_303' title='bbox 618 2450 858 2518; x_wconf 75' lang='grc' dir='ltr'><strong>Ἃμελγε</strong></span> <span class='ocrx_word' id='word_1_304' title='bbox 888 2450 1050 2517; x_wconf 73' lang='grc' dir='ltr'><strong>γάλα,</strong></span> <span class='ocrx_word' id='word_1_305' title='bbox 1079 2449 1174 2500; x_wconf 80' lang='grc' dir='ltr'><strong>καὶ</strong></span> <span class='ocrx_word' id='word_1_306' title='bbox 1199 2448 1352 2502; x_wconf 77' lang='grc' dir='ltr'>ἔσται</span> <span class='ocrx_word' id='word_1_307' title='bbox 1392 2464 1474 2502; x_wconf 89' lang='grc' dir='ltr'><strong>σοι</strong></span> <span class='ocrx_word' id='word_1_308' title='bbox 1504 2447 1782 2516; x_wconf 78' lang='grc' dir='ltr'>βούτυρον.</span> 
     </span>
    </p>
   </div>
   <div class='ocr_carea' id='block_1_40' title="bbox 205 2541 1783 2614">
    <p class='ocr_par' dir='ltr' id='par_1_40' title="bbox 205 2541 1783 2614">
     <span class='ocr_line' id='line_1_40' title="bbox 205 2541 1783 2614; baseline -0.001 -16"><span class='ocrx_word' id='word_1_309' title='bbox 205 2545 264 2598; x_wconf 73' lang='grc' dir='ltr'>γ.</span> <span class='ocrx_word' id='word_1_310' title='bbox 289 2545 658 2600; x_wconf 73' lang='lat' dir='ltr'><strong>Montl&#39;auconi</strong></span> <span class='ocrx_word' id='word_1_311' title='bbox 695 2546 1012 2614; x_wconf 76' lang='lat' dir='ltr'><strong>Catalogum</strong></span> <span class='ocrx_word' id='word_1_312' title='bbox 1046 2543 1176 2596; x_wconf 88' lang='lat' dir='ltr'><strong>bibl.</strong></span> <span class='ocrx_word' id='word_1_313' title='bbox 1197 2542 1545 2596; x_wconf 79' lang='lat' dir='ltr'><strong>Coisliuiana:</strong></span> <span class='ocrx_word' id='word_1_314' title='bbox 1573 2557 1626 2610; x_wconf 93' lang='lat' dir='ltr'><strong>p.</strong></span> <span class='ocrx_word' id='word_1_315' title='bbox 1661 2541 1783 2605; x_wconf 73' lang='lat'><strong>120,</strong></span> 
     </span>
    </p>
   </div>
   <div class='ocr_carea' id='block_1_41' title="bbox 201 2625 1788 2706">
    <p class='ocr_par' dir='ltr' id='par_1_41' title="bbox 201 2625 1788 2706">
     <span class='ocr_line' id='line_1_41' title="bbox 201 2625 1788 2706; baseline -0.003 -18"><span class='ocrx_word' id='word_1_316' title='bbox 201 2653 316 2703; x_wconf 61' lang='grc' dir='ltr'><strong>ειη.</strong></span> <span class='ocrx_word' id='word_1_317' title='bbox 351 2637 516 2690; x_wconf 71' lang='lat' dir='ltr'><strong>Fstm.</strong></span> <span class='ocrx_word' id='word_1_318' title='bbox 541 2625 800 2706; x_wconf 76' lang='lat' dir='ltr'><strong>Augusta:</strong></span> <span class='ocrx_word' id='word_1_319' title='bbox 831 2634 1044 2689; x_wconf 75' lang='lat' dir='ltr'><strong>Vindel.</strong></span> <span class='ocrx_word' id='word_1_320' title='bbox 1068 2634 1225 2702; x_wconf 81' lang='lat' dir='ltr'><strong>Greg.</strong></span> <span class='ocrx_word' id='word_1_321' title='bbox 1257 2632 1416 2704; x_wconf 72' lang='lat' dir='ltr'><strong>Nyss.</strong></span> <span class='ocrx_word' id='word_1_322' title='bbox 1441 2635 1496 2685; x_wconf 84' lang='lat' dir='ltr'><strong>in</strong></span> <span class='ocrx_word' id='word_1_323' title='bbox 1531 2632 1788 2706; x_wconf 75' lang='lat' dir='ltr'><strong>Ecclesia-</strong></span> 
     </span>
    </p>
   </div>
   <div class='ocr_carea' id='block_1_42' title="bbox 201 2725 1784 2797">
    <p class='ocr_par' dir='ltr' id='par_1_42' title="bbox 201 2725 1784 2797">
     <span class='ocr_line' id='line_1_42' title="bbox 201 2725 1784 2797; baseline -0.003 -15"><span class='ocrx_word' id='word_1_324' title='bbox 201 2739 330 2790; x_wconf 78' lang='lat' dir='ltr'><strong>sten.</strong></span> <span class='ocrx_word' id='word_1_325' title='bbox 361 2739 500 2784; x_wconf 79' lang='lat' dir='ltr'><strong>teste</strong></span> <span class='ocrx_word' id='word_1_326' title='bbox 529 2729 755 2784; x_wconf 72' lang='lat' dir='ltr'><strong>lteisero</strong></span> <span class='ocrx_word' id='word_1_327' title='bbox 779 2729 900 2784; x_wconf 87' lang='lat' dir='ltr'><strong>Cat.</strong></span> <span class='ocrx_word' id='word_1_328' title='bbox 929 2743 1050 2797; x_wconf 80' lang='lat' dir='ltr'><strong>pag.</strong></span> <span class='ocrx_word' id='word_1_329' title='bbox 1065 2726 1160 2782; x_wconf 74' lang='lat'><strong>56.</strong></span> <span class='ocrx_word' id='word_1_330' title='bbox 1183 2755 1254 2764; x_wconf 91' lang='lat'><strong>—</strong></span> <span class='ocrx_word' id='word_1_331' title='bbox 1277 2727 1330 2778; x_wconf 94' lang='lat' dir='ltr'><strong>In</strong></span> <span class='ocrx_word' id='word_1_332' title='bbox 1361 2737 1594 2794; x_wconf 80' lang='lat' dir='ltr'><strong>quatuor</strong></span> <span class='ocrx_word' id='word_1_333' title='bbox 1625 2725 1784 2778; x_wconf 89' lang='lat' dir='ltr'><strong>codd.</strong></span> 
     </span>
    </p>
   </div>
   <div class='ocr_carea' id='block_1_43' title="bbox 201 2815 1726 2890">
    <p class='ocr_par' dir='ltr' id='par_1_43' title="bbox 201 2815 1726 2890">
     <span class='ocr_line' id='line_1_43' title="bbox 201 2815 1726 2890; baseline -0.003 -16"><span class='ocrx_word' id='word_1_334' title='bbox 201 2819 330 2874; x_wconf 67' lang='lat' dir='ltr'><strong>bibl.</strong></span> <span class='ocrx_word' id='word_1_335' title='bbox 351 2822 510 2890; x_wconf 84' lang='lat' dir='ltr'><strong>pubi.</strong></span> <span class='ocrx_word' id='word_1_336' title='bbox 541 2819 720 2876; x_wconf 84' lang='lat' dir='ltr'><strong>Paris.</strong></span> <span class='ocrx_word' id='word_1_337' title='bbox 751 2819 1026 2889; x_wconf 64' lang='lat' dir='ltr'><strong>Expositio</strong></span> <span class='ocrx_word' id='word_1_338' title='bbox 1055 2819 1110 2870; x_wconf 89' lang='lat' dir='ltr'><strong>in</strong></span> <span class='ocrx_word' id='word_1_339' title='bbox 1141 2815 1518 2872; x_wconf 79' lang='lat' dir='ltr'><strong>Ecclesiasten.</strong></span> <span class='ocrx_word' id='word_1_340' title='bbox 1555 2815 1726 2870; x_wconf 68' lang='grc' dir='ltr'>ΒΑΜ..</span> 
     </span>
    </p>
   </div>
   <div class='ocr_carea' id='block_1_44' title="bbox 271 2907 1790 2981">
    <p class='ocr_par' dir='ltr' id='par_1_44' title="bbox 271 2907 1790 2981">
     <span class='ocr_line' id='line_1_44' title="bbox 271 2907 1790 2981; baseline -0.003 -16"><span class='ocrx_word' id='word_1_341' title='bbox 271 2913 322 2965; x_wconf 90' lang='lat'><strong>8.</strong></span> <span class='ocrx_word' id='word_1_342' title='bbox 369 2913 698 2980; x_wconf 69' lang='grc' dir='ltr'><strong>Ἐξήγησις</strong></span> <span class='ocrx_word' id='word_1_343' title='bbox 721 2911 989 2981; x_wconf 68' lang='grc' dir='ltr'><strong>ἀκριϐής,</strong></span> <span class='ocrx_word' id='word_1_344' title='bbox 1013 2911 1282 2963; x_wconf 80' lang='lat' dir='ltr'><strong>Accurata</strong></span> <span class='ocrx_word' id='word_1_345' title='bbox 1299 2909 1558 2976; x_wconf 74' lang='lat' dir='ltr'><strong>expositio</strong></span> <span class='ocrx_word' id='word_1_346' title='bbox 1583 2907 1790 2962; x_wconf 82' lang='lat' dir='ltr'><strong>Cantici</strong></span> 
     </span>
    </p>
   </div>
   <div class='ocr_carea' id='block_1_45' title="bbox 201 2999 1787 3072">
    <p class='ocr_par' dir='ltr' id='par_1_45' title="bbox 201 2999 1787 3072">
     <span class='ocr_line' id='line_1_45' title="bbox 201 2999 1787 3072; baseline 0 -18"><span class='ocrx_word' id='word_1_347' title='bbox 201 3005 552 3068; x_wconf 79' lang='lat' dir='ltr'><strong>canticorum,</strong></span> <span class='ocrx_word' id='word_1_348' title='bbox 597 3003 666 3058; x_wconf 85' lang='lat' dir='ltr'><strong>ad</strong></span> <span class='ocrx_word' id='word_1_349' title='bbox 715 3005 1100 3072; x_wconf 66' lang='lat' dir='ltr'><strong>Olympiadem,</strong></span> <span class='ocrx_word' id='word_1_350' title='bbox 1134 3001 1370 3054; x_wconf 81' lang='lat' dir='ltr'><strong>Itomiliis</strong></span> <span class='ocrx_word' id='word_1_351' title='bbox 1401 2999 1517 3060; x_wconf 80' lang='lat' dir='ltr'><strong>XV,</strong></span> <span class='ocrx_word' id='word_1_352' title='bbox 1555 3015 1787 3070; x_wconf 84' lang='lat' dir='ltr'><strong>quarum</strong></span> 
     </span>
    </p>
   </div>
   <div class='ocr_carea' id='block_1_46' title="bbox 211 3090 1859 3190">
    <p class='ocr_par' dir='ltr' id='par_1_46' title="bbox 211 3090 1859 3190">
     <span class='ocr_line' id='line_1_46' title="bbox 211 3090 1859 3190; baseline -0.001 -44"><span class='ocrx_word' id='word_1_353' title='bbox 211 3097 390 3146; x_wconf 80' lang='lat' dir='ltr'><strong>ultima</strong></span> <span class='ocrx_word' id='word_1_354' title='bbox 423 3094 628 3148; x_wconf 77' lang='lat' dir='ltr'><strong>desinit</strong></span> <span class='ocrx_word' id='word_1_355' title='bbox 665 3095 718 3146; x_wconf 88' lang='lat' dir='ltr'><strong>in</strong></span> <span class='ocrx_word' id='word_1_356' title='bbox 749 3092 1074 3148; x_wconf 86' lang='lat' dir='ltr'><strong>illustrando</strong></span> <span class='ocrx_word' id='word_1_357' title='bbox 1101 3106 1264 3146; x_wconf 88' lang='lat' dir='ltr'><strong>versu</strong></span> <span class='ocrx_word' id='word_1_358' title='bbox 1303 3090 1334 3144; x_wconf 89' lang='lat'>9</span> <span class='ocrx_word' id='word_1_359' title='bbox 1367 3091 1564 3158; x_wconf 84' lang='lat' dir='ltr'><strong>capitis</strong></span> <span class='ocrx_word' id='word_1_360' title='bbox 1595 3107 1670 3156; x_wconf 84' lang='lat' dir='ltr'><strong>vt,</strong></span> <span class='ocrx_word' id='word_1_361' title='bbox 1729 3109 1780 3160; x_wconf 90' lang='lat' dir='ltr'><strong>p.</strong></span> <span class='ocrx_word' id='word_1_362' title='bbox 1813 3130 1859 3190; x_wconf 60' lang='grc' dir='ltr'>ε</span> 
     </span>
    </p>
   </div>
   <div class='ocr_carea' id='block_1_47' title="bbox 203 3179 1785 3253">
    <p class='ocr_par' dir='ltr' id='par_1_47' title="bbox 203 3179 1785 3253">
     <span class='ocr_line' id='line_1_47' title="bbox 203 3179 1785 3253; baseline -0.001 -17"><span class='ocrx_word' id='word_1_363' title='bbox 203 3185 458 3237; x_wconf 66' lang='grc'>468-711.</span> <span class='ocrx_word' id='word_1_364' title='bbox 487 3184 820 3238; x_wconf 80' lang='lat' dir='ltr'><strong>Proccmium</strong></span> <span class='ocrx_word' id='word_1_365' title='bbox 854 3184 1044 3252; x_wconf 84' lang='lat' dir='ltr'><strong>incipit</strong></span> <span class='ocrx_word' id='word_1_366' title='bbox 1079 3201 1092 3236; x_wconf 90' lang='lat'><strong>:</strong></span> <span class='ocrx_word' id='word_1_367' title='bbox 1145 3179 1515 3250; x_wconf 74' lang='grc' dir='ltr'><strong>’Δπεδεξὰμην</strong></span> <span class='ocrx_word' id='word_1_368' title='bbox 1543 3182 1618 3244; x_wconf 84' lang='grc' dir='ltr'><strong>ὡς</strong></span> <span class='ocrx_word' id='word_1_369' title='bbox 1651 3183 1785 3253; x_wconf 80' lang='grc' dir='ltr'><strong>πρέ-</strong></span> 
     </span>
    </p>
   </div>
   <div class='ocr_carea' id='block_1_48' title="bbox 203 3273 1782 3345">
    <p class='ocr_par' dir='ltr' id='par_1_48' title="bbox 203 3273 1782 3345">
     <span class='ocr_line' id='line_1_48' title="bbox 203 3273 1782 3345; baseline 0.001 -20"><span class='ocrx_word' id='word_1_370' title='bbox 203 3290 404 3326; x_wconf 65' lang='grc' dir='ltr'><strong>πῡυσαν</strong></span> <span class='ocrx_word' id='word_1_371' title='bbox 451 3275 530 3345; x_wconf 80' lang='grc' dir='ltr'><strong>τῷ</strong></span> <span class='ocrx_word' id='word_1_372' title='bbox 571 3275 752 3344; x_wconf 75' lang='grc' dir='ltr'><strong>σεμνῷ</strong></span> <span class='ocrx_word' id='word_1_373' title='bbox 804 3291 896 3328; x_wconf 82' lang='grc' dir='ltr'><strong>σου</strong></span> <span class='ocrx_word' id='word_1_374' title='bbox 939 3275 1057 3344; x_wconf 78' lang='grc' dir='ltr'><strong>βίῳ.</strong></span> <span class='ocrx_word' id='word_1_375' title='bbox 1101 3273 1244 3328; x_wconf 86' lang='lat' dir='ltr'><strong>Citat</strong></span> <span class='ocrx_word' id='word_1_376' title='bbox 1302 3274 1672 3328; x_wconf 86' lang='lat' dir='ltr'><strong>Damascenus</strong></span> <span class='ocrx_word' id='word_1_377' title='bbox 1730 3277 1782 3326; x_wconf 89' lang='lat' dir='ltr'><strong>in</strong></span> 
     </span>
    </p>
   </div>
   <div class='ocr_carea' id='block_1_49' title="bbox 210 3364 1785 3436">
    <p class='ocr_par' dir='ltr' id='par_1_49' title="bbox 210 3364 1785 3436">
     <span class='ocr_line' id='line_1_49' title="bbox 210 3364 1785 3436; baseline 0.001 -20"><span class='ocrx_word' id='word_1_378' title='bbox 210 3364 522 3418; x_wconf 77' lang='lat' dir='ltr'><strong>l’arallclis.</strong></span> <span class='ocrx_word' id='word_1_379' title='bbox 553 3364 798 3418; x_wconf 76' lang='lat' dir='ltr'><strong>Meminit</strong></span> <span class='ocrx_word' id='word_1_380' title='bbox 813 3377 866 3419; x_wconf 89' lang='lat' dir='ltr'><strong>et</strong></span> <span class='ocrx_word' id='word_1_381' title='bbox 889 3365 1088 3420; x_wconf 87' lang='lat' dir='ltr'><strong>Suidas</strong></span> <span class='ocrx_word' id='word_1_382' title='bbox 1111 3367 1162 3418; x_wconf 93' lang='lat' dir='ltr'><strong>in</strong></span> <span class='ocrx_word' id='word_1_383' title='bbox 1187 3365 1507 3436; x_wconf 80' lang='grc' dir='ltr'><strong>Γρηγόριος,</strong></span> <span class='ocrx_word' id='word_1_384' title='bbox 1527 3373 1580 3418; x_wconf 86' lang='lat' dir='ltr'><strong>et</strong></span> <span class='ocrx_word' id='word_1_385' title='bbox 1595 3365 1785 3418; x_wconf 77' lang='lat' dir='ltr'><strong>Adria-</strong></span> 
     </span>
    </p>
   </div>
   <div class='ocr_carea' id='block_1_50' title="bbox 207 3455 1781 3524">
    <p class='ocr_par' dir='ltr' id='par_1_50' title="bbox 207 3455 1781 3524">
     <span class='ocr_line' id='line_1_50' title="bbox 207 3455 1781 3524; baseline 0.001 -18"><span class='ocrx_word' id='word_1_386' title='bbox 207 3471 308 3508; x_wconf 88' lang='lat' dir='ltr'><strong>nus</strong></span> <span class='ocrx_word' id='word_1_387' title='bbox 335 3456 352 3508; x_wconf 97' lang='lat' dir='ltr'><strong>l</strong></span> <span class='ocrx_word' id='word_1_388' title='bbox 393 3469 556 3523; x_wconf 85' lang='lat' dir='ltr'><strong>papa,</strong></span> <span class='ocrx_word' id='word_1_389' title='bbox 585 3457 638 3508; x_wconf 90' lang='lat' dir='ltr'><strong>in</strong></span> <span class='ocrx_word' id='word_1_390' title='bbox 665 3457 786 3508; x_wconf 88' lang='lat' dir='ltr'><strong>loco</strong></span> <span class='ocrx_word' id='word_1_391' title='bbox 819 3456 908 3524; x_wconf 86' lang='lat' dir='ltr'><strong>qui</strong></span> <span class='ocrx_word' id='word_1_392' title='bbox 937 3455 1160 3510; x_wconf 83' lang='lat' dir='ltr'><strong>all&#39;ertur</strong></span> <span class='ocrx_word' id='word_1_393' title='bbox 1183 3457 1238 3509; x_wconf 91' lang='lat' dir='ltr'><strong>in</strong></span> <span class='ocrx_word' id='word_1_394' title='bbox 1277 3457 1416 3510; x_wconf 86' lang='lat' dir='ltr'><strong>actis</strong></span> <span class='ocrx_word' id='word_1_395' title='bbox 1439 3455 1636 3510; x_wconf 91' lang='lat' dir='ltr'><strong>concil.</strong></span> <span class='ocrx_word' id='word_1_396' title='bbox 1673 3455 1781 3516; x_wconf 81' lang='lat' dir='ltr'><strong>VII,</strong></span> 
     </span>
    </p>
   </div>
   <div class='ocr_carea' id='block_1_51' title="bbox 203 3544 1784 3617">
    <p class='ocr_par' dir='ltr' id='par_1_51' title="bbox 203 3544 1784 3617">
     <span class='ocr_line' id='line_1_51' title="bbox 203 3544 1784 3617; baseline 0 -20"><span class='ocrx_word' id='word_1_397' title='bbox 203 3555 336 3597; x_wconf 78' lang='lat' dir='ltr'><strong>tum.</strong></span> <span class='ocrx_word' id='word_1_398' title='bbox 381 3544 470 3596; x_wconf 80' lang='lat' dir='ltr'><strong>VII</strong></span> <span class='ocrx_word' id='word_1_399' title='bbox 501 3545 634 3598; x_wconf 90' lang='lat' dir='ltr'><strong>edit.</strong></span> <span class='ocrx_word' id='word_1_400' title='bbox 663 3545 888 3608; x_wconf 84' lang='lat' dir='ltr'><strong>Lahbci,</strong></span> <span class='ocrx_word' id='word_1_401' title='bbox 923 3563 976 3617; x_wconf 92' lang='lat' dir='ltr'><strong>p.</strong></span> <span class='ocrx_word' id='word_1_402' title='bbox 1011 3547 1134 3600; x_wconf 90' lang='lat'><strong>109.</strong></span> <span class='ocrx_word' id='word_1_403' title='bbox 1171 3545 1346 3599; x_wconf 81' lang='lat' dir='ltr'><strong>Vertit</strong></span> <span class='ocrx_word' id='word_1_404' title='bbox 1381 3547 1522 3600; x_wconf 86' lang='lat' dir='ltr'><strong>idem</strong></span> <span class='ocrx_word' id='word_1_405' title='bbox 1560 3545 1784 3600; x_wconf 85' lang='lat' dir='ltr'><strong>Gctttia-</strong></span> 
     </span>
    </p>
   </div>
   <div class='ocr_carea' id='block_1_52' title="bbox 205 3637 1784 3706">
    <p class='ocr_par' dir='ltr' id='par_1_52' title="bbox 205 3637 1784 3706">
     <span class='ocr_line' id='line_1_52' title="bbox 205 3637 1784 3706; baseline -0.001 -18"><span class='ocrx_word' id='word_1_406' title='bbox 205 3655 308 3691; x_wconf 85' lang='lat' dir='ltr'><strong>nus</strong></span> <span class='ocrx_word' id='word_1_407' title='bbox 353 3637 646 3702; x_wconf 79' lang='lat' dir='ltr'><strong>llervctus,</strong></span> <span class='ocrx_word' id='word_1_408' title='bbox 697 3640 864 3706; x_wconf 82' lang='lat' dir='ltr'><strong>cujus</strong></span> <span class='ocrx_word' id='word_1_409' title='bbox 909 3640 1216 3693; x_wconf 83' lang='lat' dir='ltr'><strong>versionem</strong></span> <span class='ocrx_word' id='word_1_410' title='bbox 1274 3637 1505 3692; x_wconf 89' lang='lat' dir='ltr'><strong>subinde</strong></span> <span class='ocrx_word' id='word_1_411' title='bbox 1553 3639 1784 3705; x_wconf 80' lang='lat' dir='ltr'><strong>castigat</strong></span> 
     </span>
    </p>
   </div>
   <div class='ocr_carea' id='block_1_53' title="bbox 203 3729 1784 3797">
    <p class='ocr_par' dir='ltr' id='par_1_53' title="bbox 203 3729 1784 3797">
     <span class='ocr_line' id='line_1_53' title="bbox 203 3729 1784 3797; baseline -0.001 -15"><span class='ocrx_word' id='word_1_412' title='bbox 203 3729 410 3784; x_wconf 81' lang='lat' dir='ltr'><strong>Fronto</strong></span> <span class='ocrx_word' id='word_1_413' title='bbox 439 3730 672 3786; x_wconf 70' lang='lat' dir='ltr'><strong>Ducatus</strong></span> <span class='ocrx_word' id='word_1_414' title='bbox 707 3733 760 3784; x_wconf 89' lang='lat' dir='ltr'><strong>in</strong></span> <span class='ocrx_word' id='word_1_415' title='bbox 785 3731 950 3793; x_wconf 86' lang='lat' dir='ltr'><strong>notis,</strong></span> <span class='ocrx_word' id='word_1_416' title='bbox 987 3731 1229 3784; x_wconf 84' lang='lat' dir='ltr'><strong>adhibita</strong></span> <span class='ocrx_word' id='word_1_417' title='bbox 1263 3731 1427 3783; x_wconf 86' lang='lat' dir='ltr'><strong>etiam</strong></span> <span class='ocrx_word' id='word_1_418' title='bbox 1461 3730 1784 3797; x_wconf 87' lang='lat' dir='ltr'><strong>interpreta-</strong></span> 
     </span>
    </p>
   </div>
   <div class='ocr_carea' id='block_1_54' title="bbox 199 3819 1781 3890">
    <p class='ocr_par' dir='ltr' id='par_1_54' title="bbox 199 3819 1781 3890">
     <span class='ocr_line' id='line_1_54' title="bbox 199 3819 1781 3890; baseline -0.001 -17"><span class='ocrx_word' id='word_1_419' title='bbox 199 3833 352 3875; x_wconf 69' lang='lat' dir='ltr'><strong>tzoue</strong></span> <span class='ocrx_word' id='word_1_420' title='bbox 401 3821 632 3876; x_wconf 76' lang='lat' dir='ltr'><strong>Joannis</strong></span> <span class='ocrx_word' id='word_1_421' title='bbox 677 3820 1012 3884; x_wconf 88' lang='lat' dir='ltr'><strong>Leunclavii,</strong></span> <span class='ocrx_word' id='word_1_422' title='bbox 1063 3837 1184 3890; x_wconf 66' lang='lat' dir='ltr'><strong>quae</strong></span> <span class='ocrx_word' id='word_1_423' title='bbox 1215 3820 1399 3874; x_wconf 84' lang='lat' dir='ltr'><strong>lucem</strong></span> <span class='ocrx_word' id='word_1_424' title='bbox 1436 3819 1570 3872; x_wconf 85' lang='lat' dir='ltr'><strong>vidit</strong></span> <span class='ocrx_word' id='word_1_425' title='bbox 1619 3820 1781 3872; x_wconf 80' lang='lat' dir='ltr'><strong>Basil.</strong></span> 
     </span>
    </p>
   </div>
   <div class='ocr_carea' id='block_1_55' title="bbox 211 3911 1784 3982">
    <p class='ocr_par' dir='ltr' id='par_1_55' title="bbox 211 3911 1784 3982">
     <span class='ocr_line' id='line_1_55' title="bbox 211 3911 1784 3982; baseline -0.003 -16"><span class='ocrx_word' id='word_1_426' title='bbox 211 3913 362 3966; x_wconf 78' lang='lat'><strong>1370.</strong></span> <span class='ocrx_word' id='word_1_427' title='bbox 403 3911 573 3964; x_wconf 62' lang='lat' dir='ltr'><strong>Faue.</strong></span> <span class='ocrx_word' id='word_1_428' title='bbox 617 3912 880 3982; x_wconf 68' lang='lat' dir='ltr'><strong>Augustae</strong></span> <span class='ocrx_word' id='word_1_429' title='bbox 919 3911 1126 3966; x_wconf 84' lang='lat' dir='ltr'><strong>Vindel.</strong></span> <span class='ocrx_word' id='word_1_430' title='bbox 1167 3911 1222 3964; x_wconf 90' lang='lat' dir='ltr'><strong>in</strong></span> <span class='ocrx_word' id='word_1_431' title='bbox 1263 3911 1512 3980; x_wconf 85' lang='lat' dir='ltr'><strong>ProcOpii</strong></span> <span class='ocrx_word' id='word_1_432' title='bbox 1545 3911 1784 3978; x_wconf 74' lang='lat' dir='ltr'><strong>Epitome</strong></span> 
     </span>
    </p>
   </div>
   <div class='ocr_carea' id='block_1_56' title="bbox 195 4001 1784 4072">
    <p class='ocr_par' dir='ltr' id='par_1_56' title="bbox 195 4001 1784 4072">
     <span class='ocr_line' id='line_1_56' title="bbox 195 4001 1784 4072; baseline -0.001 -14"><span class='ocrx_word' id='word_1_433' title='bbox 195 4005 589 4072; x_wconf 66' lang='lat' dir='ltr'><strong>expositionum</strong></span> <span class='ocrx_word' id='word_1_434' title='bbox 645 4007 698 4056; x_wconf 88' lang='lat' dir='ltr'><strong>in</strong></span> <span class='ocrx_word' id='word_1_435' title='bbox 745 4003 1030 4057; x_wconf 81' lang='lat' dir='ltr'><strong>Canticum</strong></span> <span class='ocrx_word' id='word_1_436' title='bbox 1074 4003 1404 4056; x_wconf 84' lang='lat' dir='ltr'><strong>canticorum</strong></span> <span class='ocrx_word' id='word_1_437' title='bbox 1445 4021 1474 4056; x_wconf 87' lang='lat' dir='ltr'><strong>e</strong></span> <span class='ocrx_word' id='word_1_438' title='bbox 1520 4001 1784 4071; x_wconf 77' lang='lat' dir='ltr'><strong>Gregorio</strong></span> 
     </span>
    </p>
   </div>
   <div class='ocr_carea' id='block_1_57' title="bbox 199 4093 1785 4166">
    <p class='ocr_par' dir='ltr' id='par_1_57' title="bbox 199 4093 1785 4166">
     <span class='ocr_line' id='line_1_57' title="bbox 199 4093 1785 4166; baseline -0.002 -17"><span class='ocrx_word' id='word_1_439' title='bbox 199 4095 358 4166; x_wconf 57' lang='lat' dir='ltr'><strong>Ryss.</strong></span> <span class='ocrx_word' id='word_1_440' title='bbox 395 4105 452 4148; x_wconf 88' lang='lat' dir='ltr'><strong>et</strong></span> <span class='ocrx_word' id='word_1_441' title='bbox 497 4095 646 4150; x_wconf 86' lang='lat' dir='ltr'><strong>aliis.</strong></span> <span class='ocrx_word' id='word_1_442' title='bbox 677 4125 748 4134; x_wconf 91' lang='grc'><strong>--</strong></span> <span class='ocrx_word' id='word_1_443' title='bbox 781 4093 840 4148; x_wconf 88' lang='lat' dir='ltr'><strong>In</strong></span> <span class='ocrx_word' id='word_1_444' title='bbox 883 4095 992 4148; x_wconf 88' lang='lat' dir='ltr'><strong>alio</strong></span> <span class='ocrx_word' id='word_1_445' title='bbox 1031 4095 1154 4148; x_wconf 86' lang='lat' dir='ltr'><strong>eod.</strong></span> <span class='ocrx_word' id='word_1_446' title='bbox 1197 4095 1494 4163; x_wconf 77' lang='lat' dir='ltr'><strong>Gregorius</strong></span> <span class='ocrx_word' id='word_1_447' title='bbox 1541 4094 1696 4163; x_wconf 63' lang='lat' dir='ltr'><strong>Nyss.</strong></span> <span class='ocrx_word' id='word_1_448' title='bbox 1731 4101 1785 4148; x_wconf 92' lang='lat' dir='ltr'><strong>et</strong></span> 
     </span>
    </p>
   </div>
   <div class='ocr_carea' id='block_1_58' title="bbox 197 4183 1780 4242">
    <p class='ocr_par' dir='ltr' id='par_1_58' title="bbox 197 4183 1780 4242">
     <span class='ocr_line' id='line_1_58' title="bbox 197 4183 1780 4242; baseline 0 -3"><span class='ocrx_word' id='word_1_449' title='bbox 197 4187 586 4242; x_wconf 74' lang='lat' dir='ltr'><strong>Theodoretus</strong></span> <span class='ocrx_word' id='word_1_450' title='bbox 637 4187 692 4240; x_wconf 91' lang='lat' dir='ltr'><strong>in</strong></span> <span class='ocrx_word' id='word_1_451' title='bbox 723 4185 1006 4241; x_wconf 88' lang='lat' dir='ltr'><strong>Canticum</strong></span> <span class='ocrx_word' id='word_1_452' title='bbox 1051 4187 1414 4240; x_wconf 85' lang='lat' dir='ltr'><strong>canticorum.</strong></span> <span class='ocrx_word' id='word_1_453' title='bbox 1475 4183 1538 4237; x_wconf 88' lang='lat' dir='ltr'><strong>V.</strong></span> <span class='ocrx_word' id='word_1_454' title='bbox 1569 4184 1780 4239; x_wconf 80' lang='lat' dir='ltr'><strong>Reiser.</strong></span> 
     </span>
    </p>
   </div>
   <div class='ocr_carea' id='block_1_59' title="bbox 201 4273 1778 4345">
    <p class='ocr_par' dir='ltr' id='par_1_59' title="bbox 201 4273 1778 4345">
     <span class='ocr_line' id='line_1_59' title="bbox 201 4273 1778 4345; baseline 0 -17"><span class='ocrx_word' id='word_1_455' title='bbox 201 4277 320 4329; x_wconf 79' lang='lat' dir='ltr'><strong>Cat.</strong></span> <span class='ocrx_word' id='word_1_456' title='bbox 374 4294 430 4345; x_wconf 87' lang='lat' dir='ltr'><strong>p.</strong></span> <span class='ocrx_word' id='word_1_457' title='bbox 467 4277 536 4330; x_wconf 73' lang='lat'><strong>515</strong></span> <span class='ocrx_word' id='word_1_458' title='bbox 567 4287 622 4330; x_wconf 88' lang='lat' dir='ltr'><strong>et</strong></span> <span class='ocrx_word' id='word_1_459' title='bbox 661 4277 748 4331; x_wconf 75' lang='grc'>58.</span> <span class='ocrx_word' id='word_1_460' title='bbox 783 4306 854 4314; x_wconf 88' lang='grc'><strong>-</strong></span> <span class='ocrx_word' id='word_1_461' title='bbox 885 4273 1127 4328; x_wconf 81' lang='lat' dir='ltr'><strong>Venetiis</strong></span> <span class='ocrx_word' id='word_1_462' title='bbox 1177 4275 1232 4327; x_wconf 89' lang='lat' dir='ltr'><strong>in</strong></span> <span class='ocrx_word' id='word_1_463' title='bbox 1277 4275 1410 4330; x_wconf 92' lang='lat' dir='ltr'><strong>bibl.</strong></span> <span class='ocrx_word' id='word_1_464' title='bbox 1459 4273 1626 4328; x_wconf 82' lang='lat' dir='ltr'><strong>Marc.</strong></span> <span class='ocrx_word' id='word_1_465' title='bbox 1659 4277 1778 4328; x_wconf 83' lang='lat' dir='ltr'><strong>cod.</strong></span> 
     </span>
    </p>
   </div>
   <div class='ocr_carea' id='block_1_60' title="bbox 195 4365 1780 4438">
    <p class='ocr_par' dir='ltr' id='par_1_60' title="bbox 195 4365 1780 4438">
     <span class='ocr_line' id='line_1_60' title="bbox 195 4365 1780 4438; baseline -0.002 -15"><span class='ocrx_word' id='word_1_466' title='bbox 195 4369 360 4432; x_wconf 77' lang='lat' dir='ltr'><strong>XXII,</strong></span> <span class='ocrx_word' id='word_1_467' title='bbox 405 4369 634 4438; x_wconf 72' lang='lat' dir='ltr'><strong>Nysseni</strong></span> <span class='ocrx_word' id='word_1_468' title='bbox 667 4379 716 4422; x_wconf 89' lang='lat' dir='ltr'><strong>ct</strong></span> <span class='ocrx_word' id='word_1_469' title='bbox 753 4365 882 4429; x_wconf 83' lang='lat' dir='ltr'><strong>Nili,</strong></span> <span class='ocrx_word' id='word_1_470' title='bbox 915 4383 1092 4430; x_wconf 89' lang='lat' dir='ltr'><strong>mon.,</strong></span> <span class='ocrx_word' id='word_1_471' title='bbox 1131 4365 1508 4434; x_wconf 83' lang='lat' dir='ltr'><strong>lnterpretatio</strong></span> <span class='ocrx_word' id='word_1_472' title='bbox 1533 4369 1585 4419; x_wconf 87' lang='lat' dir='ltr'><strong>in</strong></span> <span class='ocrx_word' id='word_1_473' title='bbox 1621 4365 1780 4422; x_wconf 82' lang='lat' dir='ltr'><strong>Cant.</strong></span> 
     </span>
    </p>
   </div>
   <div class='ocr_carea' id='block_1_61' title="bbox 1883 1895 3460 1968">
    <p class='ocr_par' dir='ltr' id='par_1_61' title="bbox 1883 1895 3460 1968">
     <span class='ocr_line' id='line_1_61' title="bbox 1883 1895 3460 1968; baseline -0.006 -10"><span class='ocrx_word' id='word_1_474' title='bbox 1883 1905 2117 1958; x_wconf 76' lang='lat' dir='ltr'><strong>homilize</strong></span> <span class='ocrx_word' id='word_1_475' title='bbox 2147 1903 2284 1968; x_wconf 79' lang='lat' dir='ltr'><strong>VIII,</strong></span> <span class='ocrx_word' id='word_1_476' title='bbox 2327 1903 2382 1956; x_wconf 88' lang='lat' dir='ltr'><strong>in</strong></span> <span class='ocrx_word' id='word_1_477' title='bbox 2427 1901 2650 1954; x_wconf 88' lang='lat' dir='ltr'><strong>totidem</strong></span> <span class='ocrx_word' id='word_1_478' title='bbox 2683 1899 3047 1954; x_wconf 87' lang='lat' dir='ltr'><strong>beatitudines</strong></span> <span class='ocrx_word' id='word_1_479' title='bbox 3085 1895 3337 1966; x_wconf 74' lang='lat' dir='ltr'><strong>Evaiigel.</strong></span> <span class='ocrx_word' id='word_1_480' title='bbox 3371 1909 3460 1964; x_wconf 80' lang='lat' dir='ltr'><strong>ap.</strong></span> 
     </span>
    </p>
   </div>
   <div class='ocr_carea' id='block_1_62' title="bbox 1885 1985 3461 2064">
    <p class='ocr_par' dir='ltr' id='par_1_62' title="bbox 1885 1985 3461 2064">
     <span class='ocr_line' id='line_1_62' title="bbox 1885 1985 3461 2064; baseline -0.006 -14"><span class='ocrx_word' id='word_1_481' title='bbox 1885 1996 2266 2050; x_wconf 73' lang='lat' dir='ltr'><strong>S.Matth:rum</strong></span> <span class='ocrx_word' id='word_1_482' title='bbox 2303 2011 2422 2064; x_wconf 88' lang='lat' dir='ltr'><strong>cap.</strong></span> <span class='ocrx_word' id='word_1_483' title='bbox 2447 2011 2500 2048; x_wconf 88' lang='lat' dir='ltr'><strong>v.</strong></span> <span class='ocrx_word' id='word_1_484' title='bbox 2533 1992 2597 2046; x_wconf 82' lang='lat' dir='ltr'><strong>V.</strong></span> <span class='ocrx_word' id='word_1_485' title='bbox 2621 1991 2886 2046; x_wconf 85' lang='lat' dir='ltr'><strong>Lambec.</strong></span> <span class='ocrx_word' id='word_1_486' title='bbox 2915 1989 3000 2048; x_wconf 78' lang='lat' dir='ltr'><strong>VI,</strong></span> <span class='ocrx_word' id='word_1_487' title='bbox 3029 1999 3166 2058; x_wconf 88' lang='lat' dir='ltr'><strong>part.</strong></span> <span class='ocrx_word' id='word_1_488' title='bbox 3195 2005 3231 2048; x_wconf 82' lang='grc' dir='ltr'>ι,</span> <span class='ocrx_word' id='word_1_489' title='bbox 3263 1985 3461 2056; x_wconf 87' lang='lat' dir='ltr'><strong>p.106,</strong></span> 
     </span>
    </p>
   </div>
   <div class='ocr_carea' id='block_1_63' title="bbox 1887 2073 3461 2158">
    <p class='ocr_par' dir='ltr' id='par_1_63' title="bbox 1887 2073 3461 2158">
     <span class='ocr_line' id='line_1_63' title="bbox 1887 2073 3461 2158; baseline -0.004 -16"><span class='ocrx_word' id='word_1_490' title='bbox 1887 2105 1970 2158; x_wconf 88' lang='lat' dir='ltr'><strong>sq.</strong></span> <span class='ocrx_word' id='word_1_491' title='bbox 2007 2119 2074 2128; x_wconf 83' lang='lat'><strong>--</strong></span> <span class='ocrx_word' id='word_1_492' title='bbox 2109 2087 2166 2139; x_wconf 85' lang='lat' dir='ltr'><strong>In</strong></span> <span class='ocrx_word' id='word_1_493' title='bbox 2187 2073 2282 2142; x_wconf 29' lang='lat' dir='ltr'><strong>senx</strong></span> <span class='ocrx_word' id='word_1_494' title='bbox 2317 2087 2478 2141; x_wconf 79' lang='lat' dir='ltr'><strong>codd.</strong></span> <span class='ocrx_word' id='word_1_495' title='bbox 2507 2085 2678 2140; x_wconf 85' lang='lat' dir='ltr'><strong>Paris.</strong></span> <span class='ocrx_word' id='word_1_496' title='bbox 2711 2083 2840 2142; x_wconf 90' lang='lat' dir='ltr'><strong>bibl.</strong></span> <span class='ocrx_word' id='word_1_497' title='bbox 2875 2083 3028 2136; x_wconf 71' lang='lat' dir='ltr'><strong>l’ubl.</strong></span> <span class='ocrx_word' id='word_1_498' title='bbox 3055 2114 3130 2136; x_wconf 88' lang='lat'><strong>—.</strong></span> <span class='ocrx_word' id='word_1_499' title='bbox 3163 2079 3382 2134; x_wconf 85' lang='lat' dir='ltr'><strong>Taurini</strong></span> <span class='ocrx_word' id='word_1_500' title='bbox 3407 2081 3461 2136; x_wconf 89' lang='lat' dir='ltr'><strong>in</strong></span> 
     </span>
    </p>
   </div>
   <div class='ocr_carea' id='block_1_64' title="bbox 1885 2173 3456 2248">
    <p class='ocr_par' dir='ltr' id='par_1_64' title="bbox 1885 2173 3456 2248">
     <span class='ocr_line' id='line_1_64' title="bbox 1885 2173 3456 2248; baseline -0.005 -16"><span class='ocrx_word' id='word_1_501' title='bbox 1885 2181 2008 2234; x_wconf 71' lang='lat' dir='ltr'><strong>cod.</strong></span> <span class='ocrx_word' id='word_1_502' title='bbox 2065 2177 2247 2242; x_wconf 81' lang='lat' dir='ltr'><strong>LXXI,</strong></span> <span class='ocrx_word' id='word_1_503' title='bbox 2304 2179 2434 2248; x_wconf 65' lang='lat' dir='ltr'><strong>Iieg.</strong></span> <span class='ocrx_word' id='word_1_504' title='bbox 2469 2177 2532 2232; x_wconf 90' lang='lat' dir='ltr'><strong>V.</strong></span> <span class='ocrx_word' id='word_1_505' title='bbox 2577 2177 2778 2244; x_wconf 61' lang='grc' dir='ltr'><strong>βείω..</strong></span> <span class='ocrx_word' id='word_1_506' title='bbox 2829 2183 2963 2236; x_wconf 83' lang='lat' dir='ltr'><strong>ctc.,</strong></span> <span class='ocrx_word' id='word_1_507' title='bbox 3014 2193 3068 2243; x_wconf 85' lang='lat' dir='ltr'><strong>p.</strong></span> <span class='ocrx_word' id='word_1_508' title='bbox 3127 2175 3246 2229; x_wconf 78' lang='lat'><strong>169.</strong></span> <span class='ocrx_word' id='word_1_509' title='bbox 3295 2173 3456 2228; x_wconf 80' lang='lat' dir='ltr'><strong>Conf.</strong></span> 
     </span>
    </p>
   </div>
   <div class='ocr_carea' id='block_1_65' title="bbox 1889 2267 3461 2340">
    <p class='ocr_par' dir='ltr' id='par_1_65' title="bbox 1889 2267 3461 2340">
     <span class='ocr_line' id='line_1_65' title="bbox 1889 2267 3461 2340; baseline -0.004 -14"><span class='ocrx_word' id='word_1_510' title='bbox 1889 2271 2098 2328; x_wconf 83' lang='lat' dir='ltr'><strong>Sctnlcl‘</strong></span> <span class='ocrx_word' id='word_1_511' title='bbox 2127 2273 2158 2324; x_wconf 96' lang='grc' dir='ltr'>Ι.</span> <span class='ocrx_word' id='word_1_512' title='bbox 2197 2289 2244 2326; x_wconf 92' lang='lat' dir='ltr'><strong>c.</strong></span> <span class='ocrx_word' id='word_1_513' title='bbox 2275 2287 2330 2340; x_wconf 93' lang='lat' dir='ltr'><strong>p.</strong></span> <span class='ocrx_word' id='word_1_514' title='bbox 2361 2271 2482 2332; x_wconf 87' lang='grc'>191,</span> <span class='ocrx_word' id='word_1_515' title='bbox 2517 2277 2571 2324; x_wconf 89' lang='lat' dir='ltr'><strong>et</strong></span> <span class='ocrx_word' id='word_1_516' title='bbox 2597 2267 2921 2338; x_wconf 67' lang='grc' dir='ltr'><strong>ὃςιινωεεὶίιι.</strong></span> <span class='ocrx_word' id='word_1_517' title='bbox 2956 2285 3004 2338; x_wconf 89' lang='lat' dir='ltr'><strong>p.</strong></span> <span class='ocrx_word' id='word_1_518' title='bbox 3031 2269 3090 2321; x_wconf 92' lang='lat'><strong>7|</strong></span> <span class='ocrx_word' id='word_1_519' title='bbox 3131 2285 3252 2336; x_wconf 85' lang='lat' dir='ltr'><strong>sqq.</strong></span> <span class='ocrx_word' id='word_1_520' title='bbox 3287 2267 3461 2321; x_wconf 60' lang='lat' dir='ltr'><strong>Iliun.</strong></span> 
     </span>
    </p>
   </div>
   <div class='ocr_carea' id='block_1_66' title="bbox 1963 2359 3462 2430">
    <p class='ocr_par' dir='ltr' id='par_1_66' title="bbox 1963 2359 3462 2430">
     <span class='ocr_line' id='line_1_66' title="bbox 1963 2359 3462 2430; baseline -0.003 -13"><span class='ocrx_word' id='word_1_521' title='bbox 1963 2367 2045 2417; x_wconf 86' lang='lat'><strong>10.</strong></span> <span class='ocrx_word' id='word_1_522' title='bbox 2087 2365 2190 2428; x_wconf 78' lang='grc' dir='ltr'><strong>Εἰς</strong></span> <span class='ocrx_word' id='word_1_523' title='bbox 2215 2361 2355 2430; x_wconf 76' lang='grc' dir='ltr'><em>τοὺς</em></span> <span class='ocrx_word' id='word_1_524' title='bbox 2381 2363 2818 2430; x_wconf 70' lang='grc' dir='ltr'><strong>μίικαρισμούς,</strong></span> <span class='ocrx_word' id='word_1_525' title='bbox 2847 2361 2910 2413; x_wconf 87' lang='lat' dir='ltr'><strong>In</strong></span> <span class='ocrx_word' id='word_1_526' title='bbox 2939 2371 3055 2414; x_wconf 84' lang='lat' dir='ltr'><strong>octo</strong></span> <span class='ocrx_word' id='word_1_527' title='bbox 3089 2359 3462 2420; x_wconf 74' lang='lat' dir='ltr'><strong>beatitudines,</strong></span> 
     </span>
    </p>
   </div>
   <div class='ocr_carea' id='block_1_67' title="bbox 1889 2450 3460 2522">
    <p class='ocr_par' dir='ltr' id='par_1_67' title="bbox 1889 2450 3460 2522">
     <span class='ocr_line' id='line_1_67' title="bbox 1889 2450 3460 2522; baseline -0.002 -13"><span class='ocrx_word' id='word_1_528' title='bbox 1889 2455 2078 2509; x_wconf 81' lang='lat' dir='ltr'><strong>Matth.</strong></span> <span class='ocrx_word' id='word_1_529' title='bbox 2110 2471 2160 2512; x_wconf 73' lang='grc' dir='ltr'>ν,</span> <span class='ocrx_word' id='word_1_530' title='bbox 2195 2454 2431 2518; x_wconf 76' lang='lat' dir='ltr'><strong>humilia:</strong></span> <span class='ocrx_word' id='word_1_531' title='bbox 2469 2451 2604 2518; x_wconf 68' lang='lat' dir='ltr'><strong>VIII,</strong></span> <span class='ocrx_word' id='word_1_532' title='bbox 2641 2468 2692 2522; x_wconf 93' lang='lat' dir='ltr'><strong>p.</strong></span> <span class='ocrx_word' id='word_1_533' title='bbox 2719 2453 2978 2506; x_wconf 71' lang='lat'><strong>762-857.</strong></span> <span class='ocrx_word' id='word_1_534' title='bbox 3028 2450 3206 2504; x_wconf 79' lang='lat' dir='ltr'><strong>Prima</strong></span> <span class='ocrx_word' id='word_1_535' title='bbox 3241 2451 3460 2520; x_wconf 83' lang='lat' dir='ltr'><strong>incipit:</strong></span> 
     </span>
    </p>
   </div>
   <div class='ocr_carea' id='block_1_68' title="bbox 1889 2541 3466 2617">
    <p class='ocr_par' dir='ltr' id='par_1_68' title="bbox 1889 2541 3466 2617">
     <span class='ocr_line' id='line_1_68' title="bbox 1889 2541 3466 2617; baseline -0.006 -17"><span class='ocrx_word' id='word_1_536' title='bbox 1889 2548 1984 2609; x_wconf 81' lang='lat' dir='ltr'><strong>Ti;</strong></span> <span class='ocrx_word' id='word_1_537' title='bbox 2009 2547 2116 2617; x_wconf 76' lang='grc' dir='ltr'>ἄρα</span> <span class='ocrx_word' id='word_1_538' title='bbox 2139 2545 2376 2608; x_wconf 73' lang='grc' dir='ltr'><strong>τοιοῦτός</strong></span> <span class='ocrx_word' id='word_1_539' title='bbox 2407 2547 2582 2604; x_wconf 64' lang='lat' dir='ltr'><strong>iactv;</strong></span> <span class='ocrx_word' id='word_1_540' title='bbox 2609 2545 2780 2598; x_wconf 79' lang='lat' dir='ltr'><strong>Vertit</strong></span> <span class='ocrx_word' id='word_1_541' title='bbox 2805 2543 2944 2596; x_wconf 86' lang='lat' dir='ltr'><strong>idem</strong></span> <span class='ocrx_word' id='word_1_542' title='bbox 2967 2541 3294 2596; x_wconf 85' lang='lat' dir='ltr'><strong>Laurentius</strong></span> <span class='ocrx_word' id='word_1_543' title='bbox 3324 2541 3466 2594; x_wconf 80' lang='lat' dir='ltr'><strong>Sil‘a-</strong></span> 
     </span>
    </p>
   </div>
   <div class='ocr_carea' id='block_1_69' title="bbox 1889 2633 3464 2708">
    <p class='ocr_par' dir='ltr' id='par_1_69' title="bbox 1889 2633 3464 2708">
     <span class='ocr_line' id='line_1_69' title="bbox 1889 2633 3464 2708; baseline -0.004 -16"><span class='ocrx_word' id='word_1_544' title='bbox 1889 2655 2015 2696; x_wconf 71' lang='lat' dir='ltr'><strong>nus.</strong></span> <span class='ocrx_word' id='word_1_545' title='bbox 2067 2640 2226 2708; x_wconf 88' lang='lat' dir='ltr'><strong>cujus</strong></span> <span class='ocrx_word' id='word_1_546' title='bbox 2259 2636 2759 2706; x_wconf 85' lang='lat' dir='ltr'><strong>interpretationem</strong></span> <span class='ocrx_word' id='word_1_547' title='bbox 2789 2633 3122 2688; x_wconf 85' lang='lat' dir='ltr'><strong>Parisienscs</strong></span> <span class='ocrx_word' id='word_1_548' title='bbox 3152 2639 3464 2694; x_wconf 85' lang='lat' dir='ltr'><strong>servarunt,</strong></span> 
     </span>
    </p>
   </div>
   <div class='ocr_carea' id='block_1_70' title="bbox 1889 2723 3466 2792">
    <p class='ocr_par' dir='ltr' id='par_1_70' title="bbox 1889 2723 3466 2792">
     <span class='ocr_line' id='line_1_70' title="bbox 1889 2723 3466 2792; baseline -0.004 -7"><span class='ocrx_word' id='word_1_549' title='bbox 1889 2743 1942 2785; x_wconf 89' lang='lat' dir='ltr'><strong>et</strong></span> <span class='ocrx_word' id='word_1_550' title='bbox 1971 2731 2170 2784; x_wconf 85' lang='lat' dir='ltr'><strong>Petrus</strong></span> <span class='ocrx_word' id='word_1_551' title='bbox 2195 2729 2526 2784; x_wconf 84' lang='lat' dir='ltr'><strong>Galesinius.</strong></span> <span class='ocrx_word' id='word_1_552' title='bbox 2555 2725 2768 2780; x_wconf 88' lang='lat' dir='ltr'><strong>Citatur</strong></span> <span class='ocrx_word' id='word_1_553' title='bbox 2791 2727 2844 2778; x_wconf 89' lang='lat' dir='ltr'><strong>in</strong></span> <span class='ocrx_word' id='word_1_554' title='bbox 2873 2727 3010 2780; x_wconf 86' lang='lat' dir='ltr'><strong>actis</strong></span> <span class='ocrx_word' id='word_1_555' title='bbox 3042 2725 3260 2778; x_wconf 89' lang='lat' dir='ltr'><strong>concilii</strong></span> <span class='ocrx_word' id='word_1_556' title='bbox 3288 2723 3466 2792; x_wconf 81' lang='lat' dir='ltr'><strong>Ephe-</strong></span> 
     </span>
    </p>
   </div>
   <div class='ocr_carea' id='block_1_71' title="bbox 1892 2816 3466 2886">
    <p class='ocr_par' dir='ltr' id='par_1_71' title="bbox 1892 2816 3466 2886">
     <span class='ocr_line' id='line_1_71' title="bbox 1892 2816 3466 2886; baseline -0.003 -12"><span class='ocrx_word' id='word_1_557' title='bbox 1892 2824 2018 2884; x_wconf 88' lang='lat' dir='ltr'><strong>sini,</strong></span> <span class='ocrx_word' id='word_1_558' title='bbox 2045 2835 2260 2884; x_wconf 84' lang='lat' dir='ltr'><strong>necnon</strong></span> <span class='ocrx_word' id='word_1_559' title='bbox 2295 2835 2324 2872; x_wconf 91' lang='lat' dir='ltr'><strong>a</strong></span> <span class='ocrx_word' id='word_1_560' title='bbox 2355 2819 2689 2874; x_wconf 86' lang='lat' dir='ltr'><strong>Theodorito</strong></span> <span class='ocrx_word' id='word_1_561' title='bbox 2733 2819 2786 2872; x_wconf 91' lang='lat' dir='ltr'><strong>in</strong></span> <span class='ocrx_word' id='word_1_562' title='bbox 2817 2817 3022 2886; x_wconf 81' lang='lat' dir='ltr'><strong>Dialog.</strong></span> <span class='ocrx_word' id='word_1_563' title='bbox 3053 2825 3106 2872; x_wconf 91' lang='lat' dir='ltr'><strong>ct</strong></span> <span class='ocrx_word' id='word_1_564' title='bbox 3129 2816 3466 2870; x_wconf 77' lang='lat' dir='ltr'><strong>Damasccno</strong></span> 
     </span>
    </p>
   </div>
   <div class='ocr_carea' id='block_1_72' title="bbox 1891 2907 3466 2976">
    <p class='ocr_par' dir='ltr' id='par_1_72' title="bbox 1891 2907 3466 2976">
     <span class='ocr_line' id='line_1_72' title="bbox 1891 2907 3466 2976; baseline -0.003 -9"><span class='ocrx_word' id='word_1_565' title='bbox 1891 2915 1946 2967; x_wconf 89' lang='lat' dir='ltr'><strong>in</strong></span> <span class='ocrx_word' id='word_1_566' title='bbox 1971 2912 2256 2965; x_wconf 86' lang='lat' dir='ltr'><strong>Parallelis</strong></span> <span class='ocrx_word' id='word_1_567' title='bbox 2273 2953 2286 2974; x_wconf 86' lang='lat'><strong>,</strong></span> <span class='ocrx_word' id='word_1_568' title='bbox 2319 2911 2574 2966; x_wconf 80' lang='lat' dir='ltr'><strong>Liberata</strong></span> <span class='ocrx_word' id='word_1_569' title='bbox 2595 2911 2648 2964; x_wconf 90' lang='lat' dir='ltr'><strong>in</strong></span> <span class='ocrx_word' id='word_1_570' title='bbox 2671 2909 2936 2970; x_wconf 84' lang='lat' dir='ltr'><strong>Breviar.,</strong></span> <span class='ocrx_word' id='word_1_571' title='bbox 2963 2919 3067 2962; x_wconf 86' lang='lat' dir='ltr'><strong>etc.</strong></span> <span class='ocrx_word' id='word_1_572' title='bbox 3097 2907 3154 2962; x_wconf 92' lang='lat' dir='ltr'><strong>In</strong></span> <span class='ocrx_word' id='word_1_573' title='bbox 3180 2909 3280 2962; x_wconf 92' lang='lat' dir='ltr'><strong>hoc</strong></span> <span class='ocrx_word' id='word_1_574' title='bbox 3303 2923 3466 2976; x_wconf 80' lang='lat' dir='ltr'><strong>opere</strong></span> 
     </span>
    </p>
   </div>
   <div class='ocr_carea' id='block_1_73' title="bbox 1892 2999 3464 3072">
    <p class='ocr_par' dir='ltr' id='par_1_73' title="bbox 1892 2999 3464 3072">
     <span class='ocr_line' id='line_1_73' title="bbox 1892 2999 3464 3072; baseline -0.003 -15"><span class='ocrx_word' id='word_1_575' title='bbox 1892 3003 2094 3059; x_wconf 87' lang='lat' dir='ltr'><strong>desinit</strong></span> <span class='ocrx_word' id='word_1_576' title='bbox 2151 3011 2334 3056; x_wconf 88' lang='lat' dir='ltr'><strong>tomus</strong></span> <span class='ocrx_word' id='word_1_577' title='bbox 2389 3003 2596 3072; x_wconf 90' lang='lat' dir='ltr'><strong>primus</strong></span> <span class='ocrx_word' id='word_1_578' title='bbox 2649 3001 2904 3056; x_wconf 85' lang='lat' dir='ltr'><strong>editionis</strong></span> <span class='ocrx_word' id='word_1_579' title='bbox 2955 3015 3178 3068; x_wconf 87' lang='lat' dir='ltr'><strong>operum</strong></span> <span class='ocrx_word' id='word_1_580' title='bbox 3235 2999 3464 3070; x_wconf 76' lang='lat' dir='ltr'><strong>Nysseni</strong></span> 
     </span>
    </p>
   </div>
   <div class='ocr_carea' id='block_1_74' title="bbox 1893 3091 3466 3162">
    <p class='ocr_par' dir='ltr' id='par_1_74' title="bbox 1893 3091 3466 3162">
     <span class='ocr_line' id='line_1_74' title="bbox 1893 3091 3466 3162; baseline -0.003 -12"><span class='ocrx_word' id='word_1_581' title='bbox 1893 3093 2318 3150; x_wconf 71' lang='lat' dir='ltr'><strong>Graeco-Latina:</strong></span> <span class='ocrx_word' id='word_1_582' title='bbox 2345 3109 2395 3147; x_wconf 87' lang='lat' dir='ltr'><strong>a.</strong></span> <span class='ocrx_word' id='word_1_583' title='bbox 2423 3093 2715 3162; x_wconf 81' lang='lat' dir='ltr'><strong>1658,qu:e</strong></span> <span class='ocrx_word' id='word_1_584' title='bbox 2737 3093 3001 3146; x_wconf 85' lang='lat' dir='ltr'><strong>hactenus</strong></span> <span class='ocrx_word' id='word_1_585' title='bbox 3029 3092 3227 3160; x_wconf 87' lang='lat' dir='ltr'><strong>prioris</strong></span> <span class='ocrx_word' id='word_1_586' title='bbox 3255 3106 3306 3144; x_wconf 88' lang='lat' dir='ltr'><strong>a.</strong></span> <span class='ocrx_word' id='word_1_587' title='bbox 3331 3091 3466 3146; x_wconf 78' lang='grc'>1615</span> 
     </span>
    </p>
   </div>
   <div class='ocr_carea' id='block_1_75' title="bbox 1891 3183 3466 3258">
    <p class='ocr_par' dir='ltr' id='par_1_75' title="bbox 1891 3183 3466 3258">
     <span class='ocr_line' id='line_1_75' title="bbox 1891 3183 3466 3258; baseline -0.002 -18"><span class='ocrx_word' id='word_1_588' title='bbox 1891 3188 2118 3258; x_wconf 78' lang='lat' dir='ltr'><strong>paginas</strong></span> <span class='ocrx_word' id='word_1_589' title='bbox 2160 3195 2360 3242; x_wconf 85' lang='lat' dir='ltr'><strong>servat.</strong></span> <span class='ocrx_word' id='word_1_590' title='bbox 2399 3183 2565 3238; x_wconf 70' lang='lat' dir='ltr'><strong>FABB.</strong></span> <span class='ocrx_word' id='word_1_591' title='bbox 2606 3183 2838 3238; x_wconf 76' lang='lat' dir='ltr'><strong>Liberali</strong></span> <span class='ocrx_word' id='word_1_592' title='bbox 2889 3183 3218 3236; x_wconf 80' lang='lat' dir='ltr'><strong>Breviarium</strong></span> <span class='ocrx_word' id='word_1_593' title='bbox 3284 3199 3466 3237; x_wconf 71' lang='lat' dir='ltr'><strong>causa)</strong></span> 
     </span>
    </p>
   </div>
   <div class='ocr_carea' id='block_1_76' title="bbox 1885 3275 3463 3346">
    <p class='ocr_par' dir='ltr' id='par_1_76' title="bbox 1885 3275 3463 3346">
     <span class='ocr_line' id='line_1_76' title="bbox 1885 3275 3463 3346; baseline -0.004 -14"><span class='ocrx_word' id='word_1_594' title='bbox 1885 3277 2338 3334; x_wconf 85' lang='lat' dir='ltr'><strong>Nestoriauorum</strong></span> <span class='ocrx_word' id='word_1_595' title='bbox 2381 3285 2434 3330; x_wconf 88' lang='lat' dir='ltr'><strong>et</strong></span> <span class='ocrx_word' id='word_1_596' title='bbox 2461 3275 2945 3346; x_wconf 81' lang='lat' dir='ltr'><strong>Eutychianorum,</strong></span> <span class='ocrx_word' id='word_1_597' title='bbox 2983 3283 3114 3334; x_wconf 84' lang='lat' dir='ltr'><strong>etc.,</strong></span> <span class='ocrx_word' id='word_1_598' title='bbox 3145 3275 3346 3328; x_wconf 83' lang='lat' dir='ltr'><strong>editum</strong></span> <span class='ocrx_word' id='word_1_599' title='bbox 3379 3283 3463 3328; x_wconf 82' lang='lat' dir='ltr'><strong>est</strong></span> 
     </span>
    </p>
   </div>
   <div class='ocr_carea' id='block_1_77' title="bbox 1885 3365 3460 3430">
    <p class='ocr_par' dir='ltr' id='par_1_77' title="bbox 1885 3365 3460 3430">
     <span class='ocr_line' id='line_1_77' title="bbox 1885 3365 3460 3430; baseline -0.003 -7"><span class='ocrx_word' id='word_1_600' title='bbox 1885 3383 2010 3423; x_wconf 89' lang='lat' dir='ltr'><strong>cum</strong></span> <span class='ocrx_word' id='word_1_601' title='bbox 2059 3369 2204 3422; x_wconf 86' lang='lat' dir='ltr'><strong>notis</strong></span> <span class='ocrx_word' id='word_1_602' title='bbox 2251 3367 2448 3420; x_wconf 84' lang='lat' dir='ltr'><strong>Joann.</strong></span> <span class='ocrx_word' id='word_1_603' title='bbox 2492 3367 2763 3430; x_wconf 83' lang='lat' dir='ltr'><strong>Carnerii,</strong></span> <span class='ocrx_word' id='word_1_604' title='bbox 2808 3365 2980 3420; x_wconf 86' lang='lat' dir='ltr'><strong>Paris.</strong></span> <span class='ocrx_word' id='word_1_605' title='bbox 3023 3365 3182 3430; x_wconf 83' lang='lat'><strong>1675,</strong></span> <span class='ocrx_word' id='word_1_606' title='bbox 3233 3367 3286 3426; x_wconf 84' lang='lat'><strong>8,</strong></span> <span class='ocrx_word' id='word_1_607' title='bbox 3332 3366 3460 3420; x_wconf 81' lang='lat' dir='ltr'><strong>hinc</strong></span> 
     </span>
    </p>
   </div>
   <div class='ocr_carea' id='block_1_78' title="bbox 1886 3456 3426 3514">
    <p class='ocr_par' dir='ltr' id='par_1_78' title="bbox 1886 3456 3426 3514">
     <span class='ocr_line' id='line_1_78' title="bbox 1886 3456 3426 3514; baseline -0.003 0"><span class='ocrx_word' id='word_1_608' title='bbox 1886 3461 2148 3514; x_wconf 90' lang='lat' dir='ltr'><strong>omissum</strong></span> <span class='ocrx_word' id='word_1_609' title='bbox 2199 3461 2264 3512; x_wconf 89' lang='lat' dir='ltr'><strong>ab</strong></span> <span class='ocrx_word' id='word_1_610' title='bbox 2315 3457 2594 3512; x_wconf 87' lang='lat' dir='ltr'><strong>IIarduino</strong></span> <span class='ocrx_word' id='word_1_611' title='bbox 2631 3459 2688 3512; x_wconf 90' lang='lat' dir='ltr'><strong>in</strong></span> <span class='ocrx_word' id='word_1_612' title='bbox 2721 3456 3042 3512; x_wconf 87' lang='lat' dir='ltr'><strong>Collectionc</strong></span> <span class='ocrx_word' id='word_1_613' title='bbox 3081 3457 3426 3510; x_wconf 85' lang='lat' dir='ltr'><strong>conciliorum</strong></span> 
     </span>
    </p>
   </div>
   <div class='ocr_carea' id='block_1_79' title="bbox 1889 3545 3454 3614">
    <p class='ocr_par' dir='ltr' id='par_1_79' title="bbox 1889 3545 3454 3614">
     <span class='ocr_line' id='line_1_79' title="bbox 1889 3545 3454 3614; baseline -0.003 -13"><span class='ocrx_word' id='word_1_614' title='bbox 1889 3547 2021 3602; x_wconf 83' lang='lat' dir='ltr'><strong>Vide</strong></span> <span class='ocrx_word' id='word_1_615' title='bbox 2083 3548 2184 3600; x_wconf 89' lang='lat' dir='ltr'><strong>vol.</strong></span> <span class='ocrx_word' id='word_1_616' title='bbox 2233 3545 2322 3610; x_wconf 82' lang='lat' dir='ltr'><strong>XI,</strong></span> <span class='ocrx_word' id='word_1_617' title='bbox 2371 3563 2420 3614; x_wconf 87' lang='lat' dir='ltr'><strong>p.</strong></span> <span class='ocrx_word' id='word_1_618' title='bbox 2467 3547 2690 3608; x_wconf 73' lang='grc' dir='ltr'>145,οε</span> <span class='ocrx_word' id='word_1_619' title='bbox 2739 3545 3038 3600; x_wconf 86' lang='lat' dir='ltr'><strong>collectione</strong></span> <span class='ocrx_word' id='word_1_620' title='bbox 3087 3545 3454 3599; x_wconf 84' lang='lat' dir='ltr'><strong>conciliorum.</strong></span> 
     </span>
    </p>
   </div>
   <div class='ocr_carea' id='block_1_80' title="bbox 1885 3636 3458 3694">
    <p class='ocr_par' dir='ltr' id='par_1_80' title="bbox 1885 3636 3458 3694">
     <span class='ocr_line' id='line_1_80' title="bbox 1885 3636 3458 3694; baseline -0.001 -4"><span class='ocrx_word' id='word_1_621' title='bbox 1885 3671 1954 3680; x_wconf 88' lang='lat'><strong>—-</strong></span> <span class='ocrx_word' id='word_1_622' title='bbox 1985 3638 2058 3694; x_wconf 86' lang='lat' dir='ltr'><strong>De</strong></span> <span class='ocrx_word' id='word_1_623' title='bbox 2094 3639 2216 3692; x_wconf 85' lang='lat' dir='ltr'><strong>eod.</strong></span> <span class='ocrx_word' id='word_1_624' title='bbox 2249 3639 2452 3694; x_wconf 64' lang='lat' dir='ltr'><strong>Caesar.</strong></span> <span class='ocrx_word' id='word_1_625' title='bbox 2483 3654 2532 3688; x_wconf 90' lang='lat' dir='ltr'><strong>v.</strong></span> <span class='ocrx_word' id='word_1_626' title='bbox 2569 3637 2636 3690; x_wconf 87' lang='lat' dir='ltr'><strong>ad</strong></span> <span class='ocrx_word' id='word_1_627' title='bbox 2663 3653 2746 3690; x_wconf 92' lang='lat' dir='ltr'><strong>nr.</strong></span> <span class='ocrx_word' id='word_1_628' title='bbox 2783 3637 2836 3692; x_wconf 89' lang='lat'><strong>9.</strong></span> <span class='ocrx_word' id='word_1_629' title='bbox 2863 3665 2932 3676; x_wconf 89' lang='lat'><strong>—-</strong></span> <span class='ocrx_word' id='word_1_630' title='bbox 2959 3636 3064 3690; x_wconf 73' lang='lat' dir='ltr'><strong>lllze</strong></span> <span class='ocrx_word' id='word_1_631' title='bbox 3089 3637 3233 3690; x_wconf 90' lang='lat' dir='ltr'><strong>hom.</strong></span> <span class='ocrx_word' id='word_1_632' title='bbox 3261 3637 3315 3688; x_wconf 89' lang='lat' dir='ltr'><strong>in</strong></span> <span class='ocrx_word' id='word_1_633' title='bbox 3336 3637 3458 3690; x_wconf 78' lang='lat' dir='ltr'><strong>bea-</strong></span> 
     </span>
    </p>
   </div>
   <div class='ocr_carea' id='block_1_81' title="bbox 1889 3723 3444 3794">
    <p class='ocr_par' dir='ltr' id='par_1_81' title="bbox 1889 3723 3444 3794">
     <span class='ocr_line' id='line_1_81' title="bbox 1889 3723 3444 3794; baseline 0 -14"><span class='ocrx_word' id='word_1_634' title='bbox 1889 3727 2043 3780; x_wconf 83' lang='lat' dir='ltr'><strong>titud.</strong></span> <span class='ocrx_word' id='word_1_635' title='bbox 2081 3735 2207 3780; x_wconf 89' lang='lat' dir='ltr'><strong>sunt</strong></span> <span class='ocrx_word' id='word_1_636' title='bbox 2233 3727 2288 3779; x_wconf 92' lang='lat' dir='ltr'><strong>in</strong></span> <span class='ocrx_word' id='word_1_637' title='bbox 2315 3725 2554 3794; x_wconf 88' lang='lat' dir='ltr'><strong>quinque</strong></span> <span class='ocrx_word' id='word_1_638' title='bbox 2581 3725 2739 3779; x_wconf 90' lang='lat' dir='ltr'><strong>codd.</strong></span> <span class='ocrx_word' id='word_1_639' title='bbox 2765 3725 2897 3779; x_wconf 92' lang='lat' dir='ltr'><strong>bibl.</strong></span> <span class='ocrx_word' id='word_1_640' title='bbox 2917 3723 3074 3782; x_wconf 88' lang='lat' dir='ltr'><strong>Publ.</strong></span> <span class='ocrx_word' id='word_1_641' title='bbox 3105 3725 3280 3781; x_wconf 86' lang='lat' dir='ltr'><strong>Paris.</strong></span> <span class='ocrx_word' id='word_1_642' title='bbox 3311 3735 3366 3780; x_wconf 88' lang='lat' dir='ltr'><strong>et</strong></span> <span class='ocrx_word' id='word_1_643' title='bbox 3389 3728 3444 3780; x_wconf 91' lang='lat' dir='ltr'><strong>in</strong></span> 
     </span>
    </p>
   </div>
   <div class='ocr_carea' id='block_1_82' title="bbox 1888 3815 3120 3888">
    <p class='ocr_par' dir='ltr' id='par_1_82' title="bbox 1888 3815 3120 3888">
     <span class='ocr_line' id='line_1_82' title="bbox 1888 3815 3120 3888; baseline 0.001 -18"><span class='ocrx_word' id='word_1_644' title='bbox 1888 3819 2064 3872; x_wconf 87' lang='lat' dir='ltr'><strong>tribus</strong></span> <span class='ocrx_word' id='word_1_645' title='bbox 2095 3816 2257 3872; x_wconf 90' lang='lat' dir='ltr'><strong>codd.</strong></span> <span class='ocrx_word' id='word_1_646' title='bbox 2291 3819 2422 3870; x_wconf 88' lang='lat' dir='ltr'><strong>bibl.</strong></span> <span class='ocrx_word' id='word_1_647' title='bbox 2456 3815 2638 3888; x_wconf 79' lang='lat' dir='ltr'><strong>Regia:</strong></span> <span class='ocrx_word' id='word_1_648' title='bbox 2670 3815 2916 3871; x_wconf 89' lang='lat' dir='ltr'><strong>Taurini.</strong></span> <span class='ocrx_word' id='word_1_649' title='bbox 2947 3817 3120 3872; x_wconf 62' lang='lat' dir='ltr'><strong>lianc.</strong></span> 
     </span>
    </p>
   </div>
   <div class='ocr_carea' id='block_1_83' title="bbox 1959 3907 3466 3978">
    <p class='ocr_par' dir='ltr' id='par_1_83' title="bbox 1959 3907 3466 3978">
     <span class='ocr_line' id='line_1_83' title="bbox 1959 3907 3466 3978; baseline 0 -16"><span class='ocrx_word' id='word_1_650' title='bbox 1959 3909 2044 3962; x_wconf 89' lang='grc'>11.</span> <span class='ocrx_word' id='word_1_651' title='bbox 2079 3907 2136 3962; x_wconf 92' lang='lat' dir='ltr'><strong>lu</strong></span> <span class='ocrx_word' id='word_1_652' title='bbox 2166 3907 2300 3962; x_wconf 87' lang='lat' dir='ltr'><strong>illud</strong></span> <span class='ocrx_word' id='word_1_653' title='bbox 2333 3907 2352 3961; x_wconf 92' lang='lat' dir='ltr'><strong>I</strong></span> <span class='ocrx_word' id='word_1_654' title='bbox 2376 3908 2620 3962; x_wconf 87' lang='lat' dir='ltr'><strong>Corinth.</strong></span> <span class='ocrx_word' id='word_1_655' title='bbox 2650 3925 2738 3974; x_wconf 76' lang='lat' dir='ltr'><strong>xv,</strong></span> <span class='ocrx_word' id='word_1_656' title='bbox 2767 3909 2836 3963; x_wconf 72' lang='lat'><strong>9.8</strong></span> <span class='ocrx_word' id='word_1_657' title='bbox 2863 3931 2876 3964; x_wconf 91' lang='lat'><strong>:</strong></span> <span class='ocrx_word' id='word_1_658' title='bbox 2907 3910 3137 3976; x_wconf 76' lang='lat' dir='ltr'><strong>Quando</strong></span> <span class='ocrx_word' id='word_1_659' title='bbox 3165 3911 3266 3964; x_wconf 84' lang='lat' dir='ltr'><strong>sibi</strong></span> <span class='ocrx_word' id='word_1_660' title='bbox 3289 3909 3466 3978; x_wconf 82' lang='lat' dir='ltr'><strong>subje—</strong></span> 
     </span>
    </p>
   </div>
   <div class='ocr_carea' id='block_1_84' title="bbox 1895 3999 3462 4070">
    <p class='ocr_par' dir='ltr' id='par_1_84' title="bbox 1895 3999 3462 4070">
     <span class='ocr_line' id='line_1_84' title="bbox 1895 3999 3462 4070; baseline 0.001 -19"><span class='ocrx_word' id='word_1_661' title='bbox 1895 4001 2024 4053; x_wconf 86' lang='lat' dir='ltr'><strong>cerit</strong></span> <span class='ocrx_word' id='word_1_662' title='bbox 2059 3999 2258 4060; x_wconf 84' lang='lat' dir='ltr'><strong>omnia,</strong></span> <span class='ocrx_word' id='word_1_663' title='bbox 2306 4009 2430 4052; x_wconf 85' lang='lat' dir='ltr'><strong>tunc</strong></span> <span class='ocrx_word' id='word_1_664' title='bbox 2465 3999 2578 4068; x_wconf 88' lang='lat' dir='ltr'><strong>ipse</strong></span> <span class='ocrx_word' id='word_1_665' title='bbox 2605 4016 2804 4069; x_wconf 84' lang='lat' dir='ltr'><strong>quoque</strong></span> <span class='ocrx_word' id='word_1_666' title='bbox 2835 3999 3030 4064; x_wconf 84' lang='lat' dir='ltr'><strong>Filius,</strong></span> <span class='ocrx_word' id='word_1_667' title='bbox 3074 4011 3179 4056; x_wconf 92' lang='lat' dir='ltr'><strong>ctc.</strong></span> <span class='ocrx_word' id='word_1_668' title='bbox 3211 4001 3313 4070; x_wconf 92' lang='lat' dir='ltr'><strong>(a),</strong></span> <span class='ocrx_word' id='word_1_669' title='bbox 3341 4015 3462 4070; x_wconf 81' lang='lat' dir='ltr'><strong>pag.</strong></span> 
     </span>
    </p>
   </div>
   <div class='ocr_carea' id='block_1_85' title="bbox 1887 4090 3460 4162">
    <p class='ocr_par' dir='ltr' id='par_1_85' title="bbox 1887 4090 3460 4162">
     <span class='ocr_line' id='line_1_85' title="bbox 1887 4090 3460 4162; baseline 0.001 -18"><span class='ocrx_word' id='word_1_670' title='bbox 1887 4091 2148 4158; x_wconf 73' lang='lat'><strong>858-855,</strong></span> <span class='ocrx_word' id='word_1_671' title='bbox 2197 4107 2322 4144; x_wconf 88' lang='lat' dir='ltr'><strong>cum</strong></span> <span class='ocrx_word' id='word_1_672' title='bbox 2355 4091 2605 4146; x_wconf 88' lang='lat' dir='ltr'><strong>versione</strong></span> <span class='ocrx_word' id='word_1_673' title='bbox 2646 4090 2893 4144; x_wconf 72' lang='lat' dir='ltr'><strong>(lentiani</strong></span> <span class='ocrx_word' id='word_1_674' title='bbox 2929 4091 3144 4148; x_wconf 85' lang='lat' dir='ltr'><strong>llerveti</strong></span> <span class='ocrx_word' id='word_1_675' title='bbox 3183 4111 3197 4146; x_wconf 91' lang='lat'><strong>:</strong></span> <span class='ocrx_word' id='word_1_676' title='bbox 3241 4091 3460 4162; x_wconf 87' lang='lat' dir='ltr'><strong>incipit:</strong></span> 
     </span>
    </p>
   </div>
   <div class='ocr_carea' id='block_1_86' title="bbox 1887 4181 3455 4251">
    <p class='ocr_par' dir='ltr' id='par_1_86' title="bbox 1887 4181 3455 4251">
     <span class='ocr_line' id='line_1_86' title="bbox 1887 4181 3455 4251; baseline 0 -17"><span class='ocrx_word' id='word_1_677' title='bbox 1887 4185 2068 4234; x_wconf 70' lang='lat' dir='ltr'><strong>[liv-cu</strong></span> <span class='ocrx_word' id='word_1_678' title='bbox 2109 4183 2207 4251; x_wconf 82' lang='grc' dir='ltr'>μὲν</span> <span class='ocrx_word' id='word_1_679' title='bbox 2249 4183 2316 4234; x_wconf 73' lang='grc' dir='ltr'><strong>τὰ</strong></span> <span class='ocrx_word' id='word_1_680' title='bbox 2341 4181 2496 4248; x_wconf 75' lang='grc' dir='ltr'>λόγια</span> <span class='ocrx_word' id='word_1_681' title='bbox 2522 4181 2745 4250; x_wconf 76' lang='grc' dir='ltr'><strong>Κυρίου.</strong></span> <span class='ocrx_word' id='word_1_682' title='bbox 2782 4181 2942 4234; x_wconf 68' lang='grc' dir='ltr'><strong>ΡΑΒΒ.</strong></span> <span class='ocrx_word' id='word_1_683' title='bbox 2973 4185 3028 4236; x_wconf 90' lang='lat' dir='ltr'><strong>In</strong></span> <span class='ocrx_word' id='word_1_684' title='bbox 3069 4184 3191 4236; x_wconf 87' lang='lat' dir='ltr'><strong>cod.</strong></span> <span class='ocrx_word' id='word_1_685' title='bbox 3229 4181 3455 4236; x_wconf 87' lang='lat' dir='ltr'><strong>Tauriu.</strong></span> 
     </span>
    </p>
   </div>
   <div class='ocr_carea' id='block_1_87' title="bbox 1889 4273 3460 4342">
    <p class='ocr_par' dir='ltr' id='par_1_87' title="bbox 1889 4273 3460 4342">
     <span class='ocr_line' id='line_1_87' title="bbox 1889 4273 3460 4342; baseline 0 -16"><span class='ocrx_word' id='word_1_686' title='bbox 1889 4273 2076 4327; x_wconf 84' lang='lat' dir='ltr'><strong>LXXI.</strong></span> <span class='ocrx_word' id='word_1_687' title='bbox 2109 4273 2200 4325; x_wconf 85' lang='lat' dir='ltr'><strong>Illa</strong></span> <span class='ocrx_word' id='word_1_688' title='bbox 2247 4273 2465 4326; x_wconf 82' lang='lat' dir='ltr'><strong>humilia</strong></span> <span class='ocrx_word' id='word_1_689' title='bbox 2499 4273 2640 4342; x_wconf 89' lang='lat' dir='ltr'><strong>quod</strong></span> <span class='ocrx_word' id='word_1_690' title='bbox 2689 4275 2894 4342; x_wconf 76' lang='lat' dir='ltr'><strong>repleta</strong></span> <span class='ocrx_word' id='word_1_691' title='bbox 2923 4283 3009 4328; x_wconf 84' lang='lat' dir='ltr'><strong>est</strong></span> <span class='ocrx_word' id='word_1_692' title='bbox 3040 4275 3320 4328; x_wconf 88' lang='lat' dir='ltr'><strong>erroribus</strong></span> <span class='ocrx_word' id='word_1_693' title='bbox 3343 4273 3460 4328; x_wconf 87' lang='lat' dir='ltr'><strong>Ori-</strong></span> 
     </span>
    </p>
   </div>
   <div class='ocr_carea' id='block_1_88' title="bbox 1887 4362 3466 4434">
    <p class='ocr_par' dir='ltr' id='par_1_88' title="bbox 1887 4362 3466 4434">
     <span class='ocr_line' id='line_1_88' title="bbox 1887 4362 3466 4434; baseline 0 -16"><span class='ocrx_word' id='word_1_694' title='bbox 1887 4365 2138 4433; x_wconf 72' lang='lat' dir='ltr'><strong>geniauis</strong></span> <span class='ocrx_word' id='word_1_695' title='bbox 2172 4373 2224 4417; x_wconf 86' lang='lat' dir='ltr'><strong>et</strong></span> <span class='ocrx_word' id='word_1_696' title='bbox 2263 4365 2366 4432; x_wconf 84' lang='lat' dir='ltr'><strong>ipsi</strong></span> <span class='ocrx_word' id='word_1_697' title='bbox 2391 4362 2655 4434; x_wconf 80' lang='lat' dir='ltr'><strong>Gregorio</strong></span> <span class='ocrx_word' id='word_1_698' title='bbox 2691 4365 2936 4433; x_wconf 76' lang='lat' dir='ltr'><strong>Nysseno</strong></span> <span class='ocrx_word' id='word_1_699' title='bbox 2973 4366 3024 4417; x_wconf 92' lang='lat' dir='ltr'><strong>in</strong></span> <span class='ocrx_word' id='word_1_700' title='bbox 3054 4365 3176 4434; x_wconf 88' lang='lat' dir='ltr'><strong>ejus</strong></span> <span class='ocrx_word' id='word_1_701' title='bbox 3227 4365 3466 4418; x_wconf 83' lang='lat' dir='ltr'><strong>indubiis</strong></span> 
     </span>
    </p>
   </div>
   <div class='ocr_carea' id='block_1_89' title="bbox 193 4453 3464 4530">
    <p class='ocr_par' dir='ltr' id='par_1_89' title="bbox 193 4453 3464 4530">
     <span class='ocr_line' id='line_1_89' title="bbox 193 4453 3464 4530; baseline -0.001 -16"><span class='ocrx_word' id='word_1_702' title='bbox 193 4465 462 4514; x_wconf 76' lang='lat' dir='ltr'><strong>canticor.</strong></span> <span class='ocrx_word' id='word_1_703' title='bbox 507 4461 574 4513; x_wconf 87' lang='lat' dir='ltr'><strong>ad</strong></span> <span class='ocrx_word' id='word_1_704' title='bbox 617 4477 670 4514; x_wconf 82' lang='lat' dir='ltr'><strong>vi</strong></span> <span class='ocrx_word' id='word_1_705' title='bbox 722 4462 902 4529; x_wconf 90' lang='lat' dir='ltr'><strong>priora</strong></span> <span class='ocrx_word' id='word_1_706' title='bbox 948 4475 1108 4530; x_wconf 88' lang='lat' dir='ltr'><strong>capp.</strong></span> <span class='ocrx_word' id='word_1_707' title='bbox 1151 4458 1218 4512; x_wconf 87' lang='lat' dir='ltr'><strong>V.</strong></span> <span class='ocrx_word' id='word_1_708' title='bbox 1259 4467 1367 4514; x_wconf 89' lang='lat' dir='ltr'><strong>cat.</strong></span> <span class='ocrx_word' id='word_1_709' title='bbox 1413 4459 1572 4513; x_wconf 89' lang='lat' dir='ltr'><strong>codd.</strong></span> <span class='ocrx_word' id='word_1_710' title='bbox 1613 4461 1780 4514; x_wconf 82' lang='lat' dir='ltr'><strong>Marc.</strong></span> <span class='ocrx_word' id='word_1_711' title='bbox 1815 4467 1858 4524; x_wconf 70' lang='grc' dir='ltr'><strong>ι)</strong></span> <span class='ocrx_word' id='word_1_712' title='bbox 1889 4455 2167 4522; x_wconf 76' lang='lat' dir='ltr'><strong>opusculis</strong></span> <span class='ocrx_word' id='word_1_713' title='bbox 2209 4461 2502 4521; x_wconf 82' lang='lat' dir='ltr'><strong>repugnat,</strong></span> <span class='ocrx_word' id='word_1_714' title='bbox 2545 4453 2747 4507; x_wconf 81' lang='lat' dir='ltr'><strong>Oudin.</strong></span> <span class='ocrx_word' id='word_1_715' title='bbox 2777 4455 2814 4517; x_wconf 95' lang='lat' dir='ltr'><strong>I,</strong></span> <span class='ocrx_word' id='word_1_716' title='bbox 2853 4469 2906 4522; x_wconf 91' lang='lat' dir='ltr'><strong>p.</strong></span> <span class='ocrx_word' id='word_1_717' title='bbox 2940 4453 3041 4507; x_wconf 80' lang='grc'>599</span> <span class='ocrx_word' id='word_1_718' title='bbox 3098 4469 3207 4524; x_wconf 87' lang='lat' dir='ltr'><strong>sq.,</strong></span> <span class='ocrx_word' id='word_1_719' title='bbox 3233 4453 3464 4522; x_wconf 85' lang='lat' dir='ltr'><strong>judicat.</strong></span> 
     </span>
    </p>
   </div>
   <div class='ocr_carea' id='block_1_90' title="bbox 195 4551 1781 4625">
    <p class='ocr_par' dir='ltr' id='par_1_90' title="bbox 195 4551 1781 4625">
     <span class='ocr_line' id='line_1_90' title="bbox 195 4551 1781 4625; baseline -0.001 -16"><span class='ocrx_word' id='word_1_720' title='bbox 195 4555 292 4609; x_wconf 82' lang='lat' dir='ltr'><strong>Gr.</strong></span> <span class='ocrx_word' id='word_1_721' title='bbox 333 4571 456 4625; x_wconf 80' lang='lat' dir='ltr'><strong>pag.</strong></span> <span class='ocrx_word' id='word_1_722' title='bbox 497 4553 591 4606; x_wconf 75' lang='lat'><strong>21.</strong></span> <span class='ocrx_word' id='word_1_723' title='bbox 617 4583 688 4592; x_wconf 91' lang='lat'><em>—</em></span> <span class='ocrx_word' id='word_1_724' title='bbox 719 4551 946 4606; x_wconf 88' lang='lat' dir='ltr'><strong>Taurini</strong></span> <span class='ocrx_word' id='word_1_725' title='bbox 981 4553 1034 4606; x_wconf 86' lang='lat' dir='ltr'><strong>in</strong></span> <span class='ocrx_word' id='word_1_726' title='bbox 1065 4553 1196 4606; x_wconf 91' lang='lat' dir='ltr'><strong>bibl.</strong></span> <span class='ocrx_word' id='word_1_727' title='bbox 1233 4551 1366 4622; x_wconf 74' lang='lat' dir='ltr'><strong>Reg.</strong></span> <span class='ocrx_word' id='word_1_728' title='bbox 1397 4553 1522 4606; x_wconf 86' lang='lat' dir='ltr'><strong>cod.</strong></span> <span class='ocrx_word' id='word_1_729' title='bbox 1551 4552 1781 4607; x_wconf 88' lang='lat' dir='ltr'><strong>CXVIII.</strong></span> 
     </span>
    </p>
   </div>
   <div class='ocr_carea' id='block_1_91' title="bbox 195 4645 1776 4714">
    <p class='ocr_par' dir='ltr' id='par_1_91' title="bbox 195 4645 1776 4714">
     <span class='ocr_line' id='line_1_91' title="bbox 195 4645 1776 4714; baseline -0.002 -11"><span class='ocrx_word' id='word_1_730' title='bbox 195 4647 406 4703; x_wconf 85' lang='lat' dir='ltr'><strong>Comm.</strong></span> <span class='ocrx_word' id='word_1_731' title='bbox 445 4649 500 4700; x_wconf 91' lang='lat' dir='ltr'><strong>in</strong></span> <span class='ocrx_word' id='word_1_732' title='bbox 533 4645 692 4700; x_wconf 88' lang='lat' dir='ltr'><strong>Cant.</strong></span> <span class='ocrx_word' id='word_1_733' title='bbox 733 4645 1012 4714; x_wconf 85' lang='lat' dir='ltr'><strong>canticor.,</strong></span> <span class='ocrx_word' id='word_1_734' title='bbox 1043 4659 1182 4714; x_wconf 89' lang='lat' dir='ltr'><strong>opus</strong></span> <span class='ocrx_word' id='word_1_735' title='bbox 1208 4647 1458 4700; x_wconf 88' lang='lat' dir='ltr'><strong>mutilum</strong></span> <span class='ocrx_word' id='word_1_736' title='bbox 1486 4664 1499 4708; x_wconf 95' lang='lat'><strong>;</strong></span> <span class='ocrx_word' id='word_1_737' title='bbox 1539 4663 1662 4698; x_wconf 84' lang='lat' dir='ltr'><strong>nam</strong></span> <span class='ocrx_word' id='word_1_738' title='bbox 1689 4648 1776 4700; x_wconf 81' lang='lat' dir='ltr'><strong>vix</strong></span> 
     </span>
    </p>
   </div>
   <div class='ocr_carea' id='block_1_92' title="bbox 199 4735 1778 4810">
    <p class='ocr_par' dir='ltr' id='par_1_92' title="bbox 199 4735 1778 4810">
     <span class='ocr_line' id='line_1_92' title="bbox 199 4735 1778 4810; baseline -0.003 -16"><span class='ocrx_word' id='word_1_739' title='bbox 199 4751 408 4810; x_wconf 88' lang='lat' dir='ltr'><strong>septem</strong></span> <span class='ocrx_word' id='word_1_740' title='bbox 439 4745 570 4792; x_wconf 89' lang='lat' dir='ltr'><strong>sunt</strong></span> <span class='ocrx_word' id='word_1_741' title='bbox 607 4752 908 4792; x_wconf 86' lang='lat' dir='ltr'><strong>sermones.</strong></span> <span class='ocrx_word' id='word_1_742' title='bbox 947 4735 1008 4788; x_wconf 92' lang='lat' dir='ltr'><strong>V.</strong></span> <span class='ocrx_word' id='word_1_743' title='bbox 1048 4745 1158 4790; x_wconf 89' lang='lat' dir='ltr'><strong>cat.</strong></span> <span class='ocrx_word' id='word_1_744' title='bbox 1195 4737 1354 4791; x_wconf 90' lang='lat' dir='ltr'><strong>codd.</strong></span> <span class='ocrx_word' id='word_1_745' title='bbox 1389 4737 1483 4790; x_wconf 89' lang='lat' dir='ltr'><strong>Gr.</strong></span> <span class='ocrx_word' id='word_1_746' title='bbox 1523 4737 1690 4790; x_wconf 84' lang='lat' dir='ltr'><strong>Taur.</strong></span> <span class='ocrx_word' id='word_1_747' title='bbox 1725 4755 1778 4807; x_wconf 93' lang='lat' dir='ltr'><strong>p.</strong></span> 
     </span>
    </p>
   </div>
   <div class='ocr_carea' id='block_1_93' title="bbox 197 4825 1783 4897">
    <p class='ocr_par' dir='ltr' id='par_1_93' title="bbox 197 4825 1783 4897">
     <span class='ocr_line' id='line_1_93' title="bbox 197 4825 1783 4897; baseline -0.004 -9"><span class='ocrx_word' id='word_1_748' title='bbox 197 4831 322 4888; x_wconf 72' lang='lat'><strong>227.</strong></span> <span class='ocrx_word' id='word_1_749' title='bbox 353 4861 422 4870; x_wconf 92' lang='lat'><strong>-—</strong></span> <span class='ocrx_word' id='word_1_750' title='bbox 453 4828 632 4882; x_wconf 82' lang='lat' dir='ltr'><strong>Paris.</strong></span> <span class='ocrx_word' id='word_1_751' title='bbox 669 4827 724 4882; x_wconf 89' lang='lat' dir='ltr'><strong>in</strong></span> <span class='ocrx_word' id='word_1_752' title='bbox 755 4827 996 4897; x_wconf 87' lang='lat' dir='ltr'><strong>quinque</strong></span> <span class='ocrx_word' id='word_1_753' title='bbox 1017 4827 1178 4882; x_wconf 89' lang='lat' dir='ltr'><strong>codd.</strong></span> <span class='ocrx_word' id='word_1_754' title='bbox 1213 4827 1346 4881; x_wconf 90' lang='lat' dir='ltr'><strong>bibl.</strong></span> <span class='ocrx_word' id='word_1_755' title='bbox 1374 4825 1530 4882; x_wconf 83' lang='lat' dir='ltr'><strong>Publ.</strong></span> <span class='ocrx_word' id='word_1_756' title='bbox 1561 4859 1626 4868; x_wconf 90' lang='lat'><strong>——-</strong></span> <span class='ocrx_word' id='word_1_757' title='bbox 1661 4827 1783 4882; x_wconf 84' lang='lat' dir='ltr'><strong>Flo-</strong></span> 
     </span>
    </p>
   </div>
   <div class='ocr_carea' id='block_1_94' title="bbox 198 4917 1782 4988">
    <p class='ocr_par' dir='ltr' id='par_1_94' title="bbox 198 4917 1782 4988">
     <span class='ocr_line' id='line_1_94' title="bbox 198 4917 1782 4988; baseline -0.002 -13"><span class='ocrx_word' id='word_1_758' title='bbox 198 4922 391 4976; x_wconf 75' lang='lat' dir='ltr'><strong>rentia:</strong></span> <span class='ocrx_word' id='word_1_759' title='bbox 427 4921 482 4974; x_wconf 90' lang='lat' dir='ltr'><strong>iu</strong></span> <span class='ocrx_word' id='word_1_760' title='bbox 501 4919 635 4973; x_wconf 88' lang='lat' dir='ltr'><strong>bibl.</strong></span> <span class='ocrx_word' id='word_1_761' title='bbox 667 4917 926 4972; x_wconf 87' lang='lat' dir='ltr'><strong>Laurent.</strong></span> <span class='ocrx_word' id='word_1_762' title='bbox 961 4918 1084 4972; x_wconf 90' lang='lat' dir='ltr'><strong>cod.</strong></span> <span class='ocrx_word' id='word_1_763' title='bbox 1117 4917 1288 4982; x_wconf 86' lang='lat' dir='ltr'><strong>XXX,</strong></span> <span class='ocrx_word' id='word_1_764' title='bbox 1319 4919 1455 4987; x_wconf 87' lang='lat' dir='ltr'><strong>plut.</strong></span> <span class='ocrx_word' id='word_1_765' title='bbox 1483 4919 1538 4981; x_wconf 88' lang='lat'><strong>7,</strong></span> <span class='ocrx_word' id='word_1_766' title='bbox 1573 4935 1782 4988; x_wconf 63' lang='lat' dir='ltr'><strong>praece-</strong></span> 
     </span>
    </p>
   </div>
   <div class='ocr_carea' id='block_1_95' title="bbox 199 5009 1786 5084">
    <p class='ocr_par' dir='ltr' id='par_1_95' title="bbox 199 5009 1786 5084">
     <span class='ocr_line' id='line_1_95' title="bbox 199 5009 1786 5084; baseline -0.004 -16"><span class='ocrx_word' id='word_1_767' title='bbox 199 5015 280 5068; x_wconf 78' lang='lat' dir='ltr'><strong>(iit</strong></span> <span class='ocrx_word' id='word_1_768' title='bbox 321 5015 584 5084; x_wconf 79' lang='lat' dir='ltr'><strong>prologtts</strong></span> <span class='ocrx_word' id='word_1_769' title='bbox 604 5029 658 5068; x_wconf 70' lang='grc' dir='ltr'>ε.</span> <span class='ocrx_word' id='word_1_770' title='bbox 687 5011 928 5080; x_wconf 84' lang='lat' dir='ltr'><strong>Epistola</strong></span> <span class='ocrx_word' id='word_1_771' title='bbox 958 5013 1026 5064; x_wconf 90' lang='lat' dir='ltr'><strong>ad</strong></span> <span class='ocrx_word' id='word_1_772' title='bbox 1055 5009 1464 5080; x_wconf 83' lang='lat' dir='ltr'><strong>Olympiadem:</strong></span> <span class='ocrx_word' id='word_1_773' title='bbox 1501 5019 1615 5062; x_wconf 87' lang='lat' dir='ltr'><strong>tum</strong></span> <span class='ocrx_word' id='word_1_774' title='bbox 1651 5011 1786 5062; x_wconf 86' lang='lat' dir='ltr'><strong>inci-</strong></span> 
     </span>
    </p>
   </div>
   <div class='ocr_carea' id='block_1_96' title="bbox 199 5101 1788 5176">
    <p class='ocr_par' dir='ltr' id='par_1_96' title="bbox 199 5101 1788 5176">
     <span class='ocr_line' id='line_1_96' title="bbox 199 5101 1788 5176; baseline -0.004 -18"><span class='ocrx_word' id='word_1_775' title='bbox 199 5105 478 5176; x_wconf 85' lang='lat' dir='ltr'><strong>piuntipsi</strong></span> <span class='ocrx_word' id='word_1_776' title='bbox 503 5103 888 5158; x_wconf 77' lang='lat' dir='ltr'><strong>Commentarii</strong></span> <span class='ocrx_word' id='word_1_777' title='bbox 917 5104 972 5156; x_wconf 84' lang='lat' dir='ltr'><strong>in</strong></span> <span class='ocrx_word' id='word_1_778' title='bbox 1002 5103 1162 5156; x_wconf 85' lang='lat' dir='ltr'><strong>Cant.</strong></span> <span class='ocrx_word' id='word_1_779' title='bbox 1192 5103 1448 5155; x_wconf 87' lang='lat' dir='ltr'><strong>canticor.</strong></span> <span class='ocrx_word' id='word_1_780' title='bbox 1470 5103 1522 5156; x_wconf 91' lang='lat' dir='ltr'><strong>in</strong></span> <span class='ocrx_word' id='word_1_781' title='bbox 1553 5101 1644 5153; x_wconf 87' lang='lat' dir='ltr'><strong>XV</strong></span> <span class='ocrx_word' id='word_1_782' title='bbox 1671 5117 1788 5156; x_wconf 89' lang='lat' dir='ltr'><strong>ser-</strong></span> 
     </span>
    </p>
   </div>
   <div class='ocr_carea' id='block_1_97' title="bbox 203 5189 1784 5262">
    <p class='ocr_par' dir='ltr' id='par_1_97' title="bbox 203 5189 1784 5262">
     <span class='ocr_line' id='line_1_97' title="bbox 203 5189 1784 5262; baseline -0.003 -13"><span class='ocrx_word' id='word_1_783' title='bbox 203 5212 394 5250; x_wconf 82' lang='lat' dir='ltr'><strong>mones</strong></span> <span class='ocrx_word' id='word_1_784' title='bbox 447 5195 761 5256; x_wconf 87' lang='lat' dir='ltr'><strong>distributi,</strong></span> <span class='ocrx_word' id='word_1_785' title='bbox 813 5207 952 5262; x_wconf 92' lang='lat' dir='ltr'><strong>quos</strong></span> <span class='ocrx_word' id='word_1_786' title='bbox 1001 5201 1250 5248; x_wconf 84' lang='lat' dir='ltr'><strong>recenset</strong></span> <span class='ocrx_word' id='word_1_787' title='bbox 1287 5191 1516 5247; x_wconf 80' lang='lat' dir='ltr'><strong>Bandin.</strong></span> <span class='ocrx_word' id='word_1_788' title='bbox 1571 5193 1622 5244; x_wconf 91' lang='lat' dir='ltr'><strong>in</strong></span> <span class='ocrx_word' id='word_1_789' title='bbox 1667 5189 1784 5244; x_wconf 82' lang='lat' dir='ltr'><strong>Cat.</strong></span> 
     </span>
    </p>
   </div>
   <div class='ocr_carea' id='block_1_98' title="bbox 204 5281 1306 5354">
    <p class='ocr_par' dir='ltr' id='par_1_98' title="bbox 204 5281 1306 5354">
     <span class='ocr_line' id='line_1_98' title="bbox 204 5281 1306 5354; baseline -0.002 -14"><span class='ocrx_word' id='word_1_790' title='bbox 204 5288 358 5342; x_wconf 57' lang='lat' dir='ltr'><strong>«odd.</strong></span> <span class='ocrx_word' id='word_1_791' title='bbox 387 5286 484 5340; x_wconf 89' lang='lat' dir='ltr'><strong>Gr.</strong></span> <span class='ocrx_word' id='word_1_792' title='bbox 517 5285 682 5340; x_wconf 90' lang='lat' dir='ltr'><strong>Laur.</strong></span> <span class='ocrx_word' id='word_1_793' title='bbox 713 5287 749 5341; x_wconf 95' lang='grc' dir='ltr'>Ι.</span> <span class='ocrx_word' id='word_1_794' title='bbox 788 5301 842 5354; x_wconf 89' lang='lat' dir='ltr'><strong>p.</strong></span> <span class='ocrx_word' id='word_1_795' title='bbox 875 5285 980 5338; x_wconf 72' lang='grc'><strong>290</strong></span> <span class='ocrx_word' id='word_1_796' title='bbox 1013 5301 1096 5354; x_wconf 91' lang='lat' dir='ltr'><strong>sq.</strong></span> <span class='ocrx_word' id='word_1_797' title='bbox 1133 5281 1306 5338; x_wconf 74' lang='lat' dir='ltr'><strong>“ABL.</strong></span> 
     </span>
    </p>
   </div>
   <div class='ocr_carea' id='block_1_99' title="bbox 267 5399 1788 5470">
    <p class='ocr_par' dir='ltr' id='par_1_99' title="bbox 267 5399 1788 5470">
     <span class='ocr_line' id='line_1_99' title="bbox 267 5399 1788 5470; baseline -0.004 -14"><span class='ocrx_word' id='word_1_798' title='bbox 267 5405 320 5456; x_wconf 87' lang='grc'><strong>9.</strong></span> <span class='ocrx_word' id='word_1_799' title='bbox 363 5405 468 5466; x_wconf 80' lang='grc' dir='ltr'><strong>Εἰς</strong></span> <span class='ocrx_word' id='word_1_800' title='bbox 495 5401 610 5468; x_wconf 73' lang='grc' dir='ltr'><strong>τὴν</strong></span> <span class='ocrx_word' id='word_1_801' title='bbox 639 5402 1014 5470; x_wconf 67' lang='grc' dir='ltr'><strong>προσευχήν,</strong></span> <span class='ocrx_word' id='word_1_802' title='bbox 1045 5399 1112 5454; x_wconf 91' lang='lat' dir='ltr'><strong>In</strong></span> <span class='ocrx_word' id='word_1_803' title='bbox 1137 5401 1431 5454; x_wconf 85' lang='lat' dir='ltr'><strong>orationem</strong></span> <span class='ocrx_word' id='word_1_804' title='bbox 1459 5399 1788 5454; x_wconf 77' lang='lat' dir='ltr'><strong>Dominicam</strong></span> 
     </span>
    </p>
   </div>
   <div class='ocr_carea' id='block_1_100' title="bbox 201 5493 1784 5563">
    <p class='ocr_par' dir='ltr' id='par_1_100' title="bbox 201 5493 1784 5563">
     <span class='ocr_line' id='line_1_100' title="bbox 201 5493 1784 5563; baseline 0 -21"><span class='ocrx_word' id='word_1_805' title='bbox 201 5493 430 5547; x_wconf 69' lang='lat' dir='ltr'><strong>hornilia:</strong></span> <span class='ocrx_word' id='word_1_806' title='bbox 463 5493 526 5556; x_wconf 67' lang='grc' dir='ltr'>γ,</span> <span class='ocrx_word' id='word_1_807' title='bbox 555 5494 696 5547; x_wconf 85' lang='lat' dir='ltr'><strong>lectu</strong></span> <span class='ocrx_word' id='word_1_808' title='bbox 727 5493 1082 5563; x_wconf 65' lang='lat' dir='ltr'><strong>dignissima),</strong></span> <span class='ocrx_word' id='word_1_809' title='bbox 1110 5509 1232 5562; x_wconf 78' lang='lat' dir='ltr'><strong>pag.</strong></span> <span class='ocrx_word' id='word_1_810' title='bbox 1259 5493 1518 5554; x_wconf 72' lang='lat' dir='ltr'><strong>712—76I,</strong></span> <span class='ocrx_word' id='word_1_811' title='bbox 1555 5508 1678 5560; x_wconf 80' lang='lat' dir='ltr'><strong>quat</strong></span> <span class='ocrx_word' id='word_1_812' title='bbox 1697 5507 1784 5543; x_wconf 83' lang='lat' dir='ltr'><strong>um</strong></span> 
     </span>
    </p>
   </div>
   <div class='ocr_carea' id='block_1_101' title="bbox 267 5671 1376 5744">
    <p class='ocr_par' dir='ltr' id='par_1_101' title="bbox 267 5671 1376 5744">
     <span class='ocr_line' id='line_1_101' title="bbox 267 5671 1376 5744; baseline 0.002 -20"><span class='ocrx_word' id='word_1_813' title='bbox 267 5671 346 5740; x_wconf 81' lang='grc' dir='ltr'><strong>(α)</strong></span> <span class='ocrx_word' id='word_1_814' title='bbox 387 5673 444 5726; x_wconf 90' lang='lat' dir='ltr'><strong>In</strong></span> <span class='ocrx_word' id='word_1_815' title='bbox 473 5673 606 5726; x_wconf 88' lang='lat' dir='ltr'><strong>edit.</strong></span> <span class='ocrx_word' id='word_1_816' title='bbox 637 5689 688 5724; x_wconf 89' lang='lat' dir='ltr'><strong>a.</strong></span> <span class='ocrx_word' id='word_1_817' title='bbox 722 5671 880 5744; x_wconf 28' lang='lat'><strong>11633,</strong></span> <span class='ocrx_word' id='word_1_818' title='bbox 919 5685 1048 5729; x_wconf 90' lang='lat' dir='ltr'><strong>tom.</strong></span> <span class='ocrx_word' id='word_1_819' title='bbox 1083 5671 1144 5732; x_wconf 88' lang='grc'><strong>11,</strong></span> <span class='ocrx_word' id='word_1_820' title='bbox 1183 5689 1298 5744; x_wconf 59' lang='grc' dir='ltr'><strong>[ωδ.</strong></span> <span class='ocrx_word' id='word_1_821' title='bbox 1330 5675 1376 5726; x_wconf 78' lang='grc'>6.</span> 
     </span>
    </p>
   </div>
   <div class='ocr_carea' id='block_1_102' title="bbox 269 5743 796 5814">
    <p class='ocr_par' dir='ltr' id='par_1_102' title="bbox 269 5743 796 5814">
     <span class='ocr_line' id='line_1_102' title="bbox 269 5743 796 5814; baseline 0.008 -22"><span class='ocrx_word' id='word_1_822' title='bbox 269 5745 344 5812; x_wconf 71' lang='grc' dir='ltr'><strong>(ιι)</strong></span> <span class='ocrx_word' id='word_1_823' title='bbox 385 5743 522 5799; x_wconf 86' lang='lat' dir='ltr'><strong>Ibid.</strong></span> <span class='ocrx_word' id='word_1_824' title='bbox 553 5758 676 5814; x_wconf 76' lang='lat' dir='ltr'><strong>pag.</strong></span> <span class='ocrx_word' id='word_1_825' title='bbox 707 5743 796 5796; x_wconf 68' lang='lat'><strong>‘22.</strong></span> 
     </span>
    </p>
   </div>
   <div class='ocr_carea' id='block_1_103' title="bbox 1891 4543 3464 4614">
    <p class='ocr_par' dir='ltr' id='par_1_103' title="bbox 1891 4543 3464 4614">
     <span class='ocr_line' id='line_1_103' title="bbox 1891 4543 3464 4614; baseline 0 -18"><span class='ocrx_word' id='word_1_826' title='bbox 1891 4548 1970 4598; x_wconf 75' lang='lat' dir='ltr'><strong>vel</strong></span> <span class='ocrx_word' id='word_1_827' title='bbox 2007 4548 2155 4598; x_wconf 85' lang='lat' dir='ltr'><strong>illam</strong></span> <span class='ocrx_word' id='word_1_828' title='bbox 2200 4545 2428 4613; x_wconf 80' lang='lat' dir='ltr'><strong>Gregor.</strong></span> <span class='ocrx_word' id='word_1_829' title='bbox 2485 4543 2646 4614; x_wconf 80' lang='lat' dir='ltr'><strong>Nyss.</strong></span> <span class='ocrx_word' id='word_1_830' title='bbox 2693 4561 2803 4598; x_wconf 88' lang='lat' dir='ltr'><strong>non</strong></span> <span class='ocrx_word' id='word_1_831' title='bbox 2853 4545 3110 4600; x_wconf 89' lang='lat' dir='ltr'><strong>habuisse</strong></span> <span class='ocrx_word' id='word_1_832' title='bbox 3161 4551 3464 4613; x_wconf 87' lang='lat' dir='ltr'><strong>parentem,</strong></span> 
     </span>
    </p>
   </div>
   <div class='ocr_carea' id='block_1_104' title="bbox 1891 4635 3466 4704">
    <p class='ocr_par' dir='ltr' id='par_1_104' title="bbox 1891 4635 3466 4704">
     <span class='ocr_line' id='line_1_104' title="bbox 1891 4635 3466 4704; baseline 0.001 -17"><span class='ocrx_word' id='word_1_833' title='bbox 1891 4638 1974 4688; x_wconf 73' lang='lat' dir='ltr'><strong>vel</strong></span> <span class='ocrx_word' id='word_1_834' title='bbox 2011 4635 2369 4704; x_wconf 84' lang='lat' dir='ltr'><strong>probabilius,</strong></span> <span class='ocrx_word' id='word_1_835' title='bbox 2417 4637 2600 4688; x_wconf 90' lang='lat' dir='ltr'><strong>omnia</strong></span> <span class='ocrx_word' id='word_1_836' title='bbox 2637 4638 2832 4689; x_wconf 88' lang='lat' dir='ltr'><strong>mirum</strong></span> <span class='ocrx_word' id='word_1_837' title='bbox 2872 4639 2926 4690; x_wconf 90' lang='lat' dir='ltr'><strong>in</strong></span> <span class='ocrx_word' id='word_1_838' title='bbox 2973 4637 3193 4690; x_wconf 88' lang='lat' dir='ltr'><strong>modum</strong></span> <span class='ocrx_word' id='word_1_839' title='bbox 3238 4637 3307 4691; x_wconf 87' lang='lat' dir='ltr'><strong>ab</strong></span> <span class='ocrx_word' id='word_1_840' title='bbox 3345 4637 3466 4690; x_wconf 87' lang='lat' dir='ltr'><strong>aliis</strong></span> 
     </span>
    </p>
   </div>
   <div class='ocr_carea' id='block_1_105' title="bbox 1889 4727 2598 4796">
    <p class='ocr_par' dir='ltr' id='par_1_105' title="bbox 1889 4727 2598 4796">
     <span class='ocr_line' id='line_1_105' title="bbox 1889 4727 2598 4796; baseline -0.001 -13"><span class='ocrx_word' id='word_1_841' title='bbox 1889 4745 2010 4782; x_wconf 82' lang='lat' dir='ltr'><strong>esse</strong></span> <span class='ocrx_word' id='word_1_842' title='bbox 2046 4730 2393 4796; x_wconf 83' lang='lat' dir='ltr'><strong>interpolata.</strong></span> <span class='ocrx_word' id='word_1_843' title='bbox 2427 4727 2598 4782; x_wconf 77' lang='lat' dir='ltr'><strong>&quot;.tl&#39;tL.</strong></span> 
     </span>
    </p>
   </div>
   <div class='ocr_carea' id='block_1_106' title="bbox 1962 4838 3457 4909">
    <p class='ocr_par' dir='ltr' id='par_1_106' title="bbox 1962 4838 3457 4909">
     <span class='ocr_line' id='line_1_106' title="bbox 1962 4838 3457 4909; baseline -0.002 -16"><span class='ocrx_word' id='word_1_844' title='bbox 1962 4842 2041 4893; x_wconf 78' lang='grc'><strong>12.</strong></span> <span class='ocrx_word' id='word_1_845' title='bbox 2075 4839 2132 4894; x_wconf 90' lang='lat' dir='ltr'><strong>In</strong></span> <span class='ocrx_word' id='word_1_846' title='bbox 2161 4841 2293 4894; x_wconf 91' lang='lat' dir='ltr'><strong>illud</strong></span> <span class='ocrx_word' id='word_1_847' title='bbox 2322 4841 2520 4895; x_wconf 87' lang='lat' dir='ltr'><strong>Gencs.</strong></span> <span class='ocrx_word' id='word_1_848' title='bbox 2551 4857 2589 4902; x_wconf 83' lang='lat'><strong>1,</strong></span> <span class='ocrx_word' id='word_1_849' title='bbox 2621 4839 2716 4894; x_wconf 90' lang='lat'><strong>16:</strong></span> <span class='ocrx_word' id='word_1_850' title='bbox 2749 4841 2827 4893; x_wconf 74' lang='lat' dir='ltr'><strong>Ad</strong></span> <span class='ocrx_word' id='word_1_851' title='bbox 2861 4841 3142 4909; x_wconf 85' lang='lat' dir='ltr'><strong>imaginem</strong></span> <span class='ocrx_word' id='word_1_852' title='bbox 3179 4838 3275 4892; x_wconf 88' lang='lat' dir='ltr'><strong>Dei</strong></span> <span class='ocrx_word' id='word_1_853' title='bbox 3303 4847 3353 4891; x_wconf 80' lang='lat' dir='ltr'><strong>et</strong></span> <span class='ocrx_word' id='word_1_854' title='bbox 3391 4838 3457 4892; x_wconf 85' lang='lat' dir='ltr'><strong>ad</strong></span> 
     </span>
    </p>
   </div>
   <div class='ocr_carea' id='block_1_107' title="bbox 1885 4929 3466 5002">
    <p class='ocr_par' dir='ltr' id='par_1_107' title="bbox 1885 4929 3466 5002">
     <span class='ocr_line' id='line_1_107' title="bbox 1885 4929 3466 5002; baseline -0.004 -15"><span class='ocrx_word' id='word_1_855' title='bbox 1885 4933 2284 4987; x_wconf 81' lang='lat' dir='ltr'><strong>similitudinem</strong></span> <span class='ocrx_word' id='word_1_856' title='bbox 2321 4934 2418 5002; x_wconf 86' lang='lat' dir='ltr'><strong>(b),</strong></span> <span class='ocrx_word' id='word_1_857' title='bbox 2463 4949 2515 5001; x_wconf 92' lang='lat' dir='ltr'><strong>p.</strong></span> <span class='ocrx_word' id='word_1_858' title='bbox 2566 4933 2824 4994; x_wconf 64' lang='lat'><strong>854-866,</strong></span> <span class='ocrx_word' id='word_1_859' title='bbox 2863 4947 2984 4984; x_wconf 80' lang='lat' dir='ltr'><strong>cum</strong></span> <span class='ocrx_word' id='word_1_860' title='bbox 3013 4933 3260 4984; x_wconf 86' lang='lat' dir='ltr'><strong>versione</strong></span> <span class='ocrx_word' id='word_1_861' title='bbox 3295 4929 3466 4982; x_wconf 83' lang='lat' dir='ltr'><strong>Fron-</strong></span> 
     </span>
    </p>
   </div>
   <div class='ocr_carea' id='block_1_108' title="bbox 1889 5021 3468 5094">
    <p class='ocr_par' dir='ltr' id='par_1_108' title="bbox 1889 5021 3468 5094">
     <span class='ocr_line' id='line_1_108' title="bbox 1889 5021 3468 5094; baseline -0.003 -17"><span class='ocrx_word' id='word_1_862' title='bbox 1889 5027 2034 5078; x_wconf 87' lang='lat' dir='ltr'><strong>tonis</strong></span> <span class='ocrx_word' id='word_1_863' title='bbox 2083 5025 2285 5088; x_wconf 67' lang='lat' dir='ltr'><strong>Duciei,</strong></span> <span class='ocrx_word' id='word_1_864' title='bbox 2338 5026 2430 5094; x_wconf 85' lang='lat' dir='ltr'><strong>qui</strong></span> <span class='ocrx_word' id='word_1_865' title='bbox 2467 5025 2631 5078; x_wconf 85' lang='lat' dir='ltr'><strong>etiam</strong></span> <span class='ocrx_word' id='word_1_866' title='bbox 2679 5035 2834 5078; x_wconf 82' lang='lat' dir='ltr'><strong>notas</strong></span> <span class='ocrx_word' id='word_1_867' title='bbox 2879 5023 3152 5092; x_wconf 84' lang='lat' dir='ltr'><strong>adjunxit.</strong></span> <span class='ocrx_word' id='word_1_868' title='bbox 3185 5021 3468 5076; x_wconf 85' lang='lat' dir='ltr'><strong>Prodierat</strong></span> 
     </span>
    </p>
   </div>
   <div class='ocr_carea' id='block_1_109' title="bbox 1887 5111 3464 5182">
    <p class='ocr_par' dir='ltr' id='par_1_109' title="bbox 1887 5111 3464 5182">
     <span class='ocr_line' id='line_1_109' title="bbox 1887 5111 3464 5182; baseline -0.005 -10"><span class='ocrx_word' id='word_1_869' title='bbox 1887 5119 2074 5172; x_wconf 71' lang='lat' dir='ltr'><strong>Grtecc</strong></span> <span class='ocrx_word' id='word_1_870' title='bbox 2119 5131 2242 5170; x_wconf 88' lang='lat' dir='ltr'><strong>cum</strong></span> <span class='ocrx_word' id='word_1_871' title='bbox 2301 5115 2478 5169; x_wconf 66' lang='lat' dir='ltr'><strong>[luctui</strong></span> <span class='ocrx_word' id='word_1_872' title='bbox 2517 5117 2770 5170; x_wconf 89' lang='lat' dir='ltr'><strong>versione</strong></span> <span class='ocrx_word' id='word_1_873' title='bbox 2828 5115 3150 5182; x_wconf 78' lang='lat' dir='ltr'><strong>lngolstadt.</strong></span> <span class='ocrx_word' id='word_1_874' title='bbox 3215 5111 3368 5176; x_wconf 85' lang='lat'><strong>1596,</strong></span> <span class='ocrx_word' id='word_1_875' title='bbox 3410 5119 3464 5164; x_wconf 73' lang='grc'>8.</span> 
     </span>
    </p>
   </div>
   <div class='ocr_carea' id='block_1_110' title="bbox 1889 5203 3466 5278">
    <p class='ocr_par' dir='ltr' id='par_1_110' title="bbox 1889 5203 3466 5278">
     <span class='ocr_line' id='line_1_110' title="bbox 1889 5203 3466 5278; baseline -0.003 -16"><span class='ocrx_word' id='word_1_876' title='bbox 1889 5210 2114 5278; x_wconf 87' lang='lat' dir='ltr'><strong>Incipit:</strong></span> <span class='ocrx_word' id='word_1_877' title='bbox 2149 5209 2211 5260; x_wconf 86' lang='grc' dir='ltr'><strong>Οἱ</strong></span> <span class='ocrx_word' id='word_1_878' title='bbox 2235 5207 2331 5276; x_wconf 78' lang='grc' dir='ltr'><strong>τὴν</strong></span> <span class='ocrx_word' id='word_1_879' title='bbox 2355 5207 2564 5259; x_wconf 84' lang='grc' dir='ltr'>ἑαυτῶν</span> <span class='ocrx_word' id='word_1_880' title='bbox 2592 5206 2846 5268; x_wconf 82' lang='grc' dir='ltr'>ἀπλανῶς</span> <span class='ocrx_word' id='word_1_881' title='bbox 2873 5206 2966 5258; x_wconf 78' lang='grc' dir='ltr'><strong>τοῦ</strong></span> <span class='ocrx_word' id='word_1_882' title='bbox 2996 5203 3308 5276; x_wconf 79' lang='grc' dir='ltr'><strong>προσώπου.</strong></span> <span class='ocrx_word' id='word_1_883' title='bbox 3331 5205 3466 5258; x_wconf 85' lang='lat' dir='ltr'><strong>Aliis</strong></span> 
     </span>
    </p>
   </div>
   <div class='ocr_carea' id='block_1_111' title="bbox 1897 5295 3464 5368">
    <p class='ocr_par' dir='ltr' id='par_1_111' title="bbox 1897 5295 3464 5368">
     <span class='ocr_line' id='line_1_111' title="bbox 1897 5295 3464 5368; baseline -0.004 -14"><span class='ocrx_word' id='word_1_884' title='bbox 1897 5310 2088 5354; x_wconf 80' lang='lat' dir='ltr'><strong>auctor</strong></span> <span class='ocrx_word' id='word_1_885' title='bbox 2144 5300 2307 5368; x_wconf 92' lang='lat' dir='ltr'><strong>hujus</strong></span> <span class='ocrx_word' id='word_1_886' title='bbox 2359 5297 2546 5368; x_wconf 80' lang='lat' dir='ltr'><strong>scripti</strong></span> <span class='ocrx_word' id='word_1_887' title='bbox 2601 5313 2708 5350; x_wconf 92' lang='lat' dir='ltr'><strong>non</strong></span> <span class='ocrx_word' id='word_1_888' title='bbox 2761 5295 3042 5367; x_wconf 74' lang='lat' dir='ltr'><strong>Nyssenus</strong></span> <span class='ocrx_word' id='word_1_889' title='bbox 3084 5296 3320 5360; x_wconf 88' lang='lat' dir='ltr'><strong>videtur,</strong></span> <span class='ocrx_word' id='word_1_890' title='bbox 3371 5296 3464 5349; x_wconf 90' lang='lat' dir='ltr'><strong>sed</strong></span> 
     </span>
    </p>
   </div>
   <div class='ocr_carea' id='block_1_112' title="bbox 1896 5383 3462 5457">
    <p class='ocr_par' dir='ltr' id='par_1_112' title="bbox 1896 5383 3462 5457">
     <span class='ocr_line' id='line_1_112' title="bbox 1896 5383 3462 5457; baseline -0.005 -11"><span class='ocrx_word' id='word_1_891' title='bbox 1896 5393 2222 5447; x_wconf 84' lang='lat' dir='ltr'><strong>Anastasius</strong></span> <span class='ocrx_word' id='word_1_892' title='bbox 2270 5391 2480 5443; x_wconf 87' lang='lat' dir='ltr'><strong>Sinaita</strong></span> <span class='ocrx_word' id='word_1_893' title='bbox 2506 5389 2596 5457; x_wconf 87' lang='lat' dir='ltr'><strong>(c).</strong></span> <span class='ocrx_word' id='word_1_894' title='bbox 2625 5388 2760 5442; x_wconf 85' lang='lat' dir='ltr'><strong>Vide</strong></span> <span class='ocrx_word' id='word_1_895' title='bbox 2787 5389 3190 5442; x_wconf 79' lang='lat' dir='ltr'><strong>&#39;l‘illemontium</strong></span> <span class='ocrx_word' id='word_1_896' title='bbox 3221 5397 3350 5440; x_wconf 84' lang='lat' dir='ltr'><strong>tom.</strong></span> <span class='ocrx_word' id='word_1_897' title='bbox 3372 5383 3462 5450; x_wconf 87' lang='lat' dir='ltr'><strong>IX,</strong></span> 
     </span>
    </p>
   </div>
   <div class='ocr_carea' id='block_1_113' title="bbox 1901 5483 3462 5558">
    <p class='ocr_par' dir='ltr' id='par_1_113' title="bbox 1901 5483 3462 5558">
     <span class='ocr_line' id='line_1_113' title="bbox 1901 5483 3462 5558; baseline -0.004 -17"><span class='ocrx_word' id='word_1_898' title='bbox 1901 5507 1949 5558; x_wconf 91' lang='lat' dir='ltr'><strong>p.</strong></span> <span class='ocrx_word' id='word_1_899' title='bbox 1985 5488 2110 5553; x_wconf 68' lang='lat'><strong>741,</strong></span> <span class='ocrx_word' id='word_1_900' title='bbox 2149 5489 2237 5556; x_wconf 90' lang='lat' dir='ltr'><strong>qui</strong></span> <span class='ocrx_word' id='word_1_901' title='bbox 2275 5503 2392 5555; x_wconf 80' lang='lat' dir='ltr'><strong>pag.</strong></span> <span class='ocrx_word' id='word_1_902' title='bbox 2425 5487 2550 5548; x_wconf 75' lang='grc'>605,</span> <span class='ocrx_word' id='word_1_903' title='bbox 2594 5485 2728 5538; x_wconf 87' lang='lat' dir='ltr'><strong>illud</strong></span> <span class='ocrx_word' id='word_1_904' title='bbox 2769 5492 2920 5553; x_wconf 87' lang='lat' dir='ltr'><strong>putat</strong></span> <span class='ocrx_word' id='word_1_905' title='bbox 2947 5500 3066 5539; x_wconf 85' lang='lat' dir='ltr'><strong>esse</strong></span> <span class='ocrx_word' id='word_1_906' title='bbox 3105 5483 3462 5553; x_wconf 80' lang='lat' dir='ltr'><strong>fragmentqu</strong></span> 
     </span>
    </p>
   </div>
   <div class='ocr_carea' id='block_1_114' title="bbox 1932 5663 3463 5736">
    <p class='ocr_par' dir='ltr' id='par_1_114' title="bbox 1932 5663 3463 5736">
     <span class='ocr_line' id='line_1_114' title="bbox 1932 5663 3463 5736; baseline -0.005 -14"><span class='ocrx_word' id='word_1_907' title='bbox 1932 5675 2002 5728; x_wconf 66' lang='lat' dir='ltr'><strong>te)</strong></span> <span class='ocrx_word' id='word_1_908' title='bbox 2047 5669 2174 5722; x_wconf 56' lang='lat' dir='ltr'><strong>\‘ide</strong></span> <span class='ocrx_word' id='word_1_909' title='bbox 2227 5671 2278 5720; x_wconf 88' lang='lat' dir='ltr'><strong>in</strong></span> <span class='ocrx_word' id='word_1_910' title='bbox 2307 5667 2408 5720; x_wconf 85' lang='lat' dir='ltr'><strong>vol.</strong></span> <span class='ocrx_word' id='word_1_911' title='bbox 2437 5665 2526 5728; x_wconf 81' lang='lat' dir='ltr'><strong>IX,</strong></span> <span class='ocrx_word' id='word_1_912' title='bbox 2559 5683 2674 5736; x_wconf 71' lang='lat' dir='ltr'><strong>pag.</strong></span> <span class='ocrx_word' id='word_1_913' title='bbox 2708 5667 2828 5734; x_wconf 77' lang='grc'>551,</span> <span class='ocrx_word' id='word_1_914' title='bbox 2887 5683 2975 5722; x_wconf 87' lang='lat' dir='ltr'><strong>nr.</strong></span> <span class='ocrx_word' id='word_1_915' title='bbox 3000 5666 3051 5733; x_wconf 79' lang='lat'><strong>7,</strong></span> <span class='ocrx_word' id='word_1_916' title='bbox 3075 5667 3138 5721; x_wconf 83' lang='lat' dir='ltr'><strong>de</strong></span> <span class='ocrx_word' id='word_1_917' title='bbox 3193 5663 3463 5720; x_wconf 81' lang='lat' dir='ltr'><strong>Anastasii</strong></span> 
     </span>
    </p>
   </div>
   <div class='ocr_carea' id='block_1_115' title="bbox 1895 5737 2598 5808">
    <p class='ocr_par' dir='ltr' id='par_1_115' title="bbox 1895 5737 2598 5808">
     <span class='ocr_line' id='line_1_115' title="bbox 1895 5737 2598 5808; baseline -0.003 -14"><span class='ocrx_word' id='word_1_918' title='bbox 1895 5741 2115 5794; x_wconf 72' lang='lat' dir='ltr'><strong>Slll‘dtl‘d:</strong></span> <span class='ocrx_word' id='word_1_919' title='bbox 2147 5741 2380 5808; x_wconf 58' lang='lat' dir='ltr'><strong>scriptis.</strong></span> <span class='ocrx_word' id='word_1_920' title='bbox 2431 5737 2598 5792; x_wconf 58' lang='lat' dir='ltr'><strong>&quot;aut.</strong></span> 
     </span>
    </p>
   </div>
  </div>
