3844 6226
356 324 426 382 19
471 387 478 392 ,
1590 330 1875 389 norma
1913 331 2005 387 ex
2044 332 2384 391 FABRICIO.
2488 319 2495 327 '
3556 336 3630 389 so

357 439 582 510 majoris
610 443 814 513 operis,
849 444 900 498 in
933 460 1044 515 quo
1076 445 1315 502 dilIicilia
1347 447 1646 520 Scriptura:
1689 453 1808 506 loca
1833 467 1934 505 au-
1963 454 2008 509 Α
2035 465 2254 508 excusa?
2279 493 2294 514 ,
2356 450 2546 506 eodem
2611 450 2908 520 interprete
3009 447 3188 506 Lutet.
3267 466 3357 521 ap.
3422 449 3630 508 Vasco-

358 542 479 585 ctor
509 531 821 589 illustravit.
863 533 1028 590 FABB.
1075 536 1239 591 Conl‘.
1273 537 1482 594 Semler
1522 539 1559 608 Ι.
1593 555 1644 596 c.
1677 556 1801 611 pag.
1837 541 1936 596 184

359 639 506 694 sqq.,
552 625 656 679 192
691 642 814 696 sqq.
849 626 1149 683 Schrtncltb
1186 645 1240 699 p.
1271 631 1338 685 74
1371 646 1492 701 sqq.
1523 633 1688 687 etiam
1717 633 1784 688 de
1815 649 1932 703 seq.

358 731 550 786 opusc.
583 717 840 774 Lambec.
864 728 919 774 et
944 719 1152 776 Kollar.
1181 722 1396 778 Comm.
1423 722 1513 790 III,
1545 739 1667 796 pag.
1693 726 1932 796 5llseq.

357 808 426 864 de
453 809 576 864 cod.
602 807 763 866 LXV.
797 809 970 866 "aut.

434 897 522 952 15.
553 898 635 953 Ad
668 897 1038 955 Theodosium
1069 902 1410 973 episcopum,
1451 903 1695 973 Epistola
1721 904 1786 958 de
1841 922 1936 958 en-

357 991 709 1062 gastrimytho
740 993 843 1061 (a),
873 1007 996 1064 pag.
1023 992 1284 1054 867-871,
1316 1009 1440 1048 cum
1473 995 1719 1062 ejusdem
1751 995 1933 1050 Ducaei

2040 559 2161 600 san.
2222 545 2381 608 1550,
2439 544 2494 598 4.
2541 543 2607 598 ν.
2660 543 2930 599 Maittaire
2985 547 3050 596 Α.
3107 553 3149 598 t.
3191 543 3254 607 ΙΙ,
3298 561 3352 615 p.
3401 545 3631 600 586..—

2041 633 2282 689 Venetiis
2335 633 2476 704 apud
2525 633 2648 686 Alcli
2693 633 2854 688 Iilios.
2895 632 3056 696 1550,
3100 633 3154 686 8.
3199 629 3266 687 ν.
3313 632 3459 686 Seria
3502 633 3629 689 dell’

2041 725 2199 779 Ediz.
2223 724 2436 791 Aldine,
2481 740 2536 795 p.
2562 724 2652 780 90.
2680 724 2816 778 Illud
2839 739 3032 794 opusc.
3058 733 3143 779 est
3171 724 3228 778 in
3251 725 3430 780 tribus
3458 725 3628 783 codd.

2040 816 2172 872 bibl.
2202 816 2379 872 Paris.
2423 817 2571 886 publ.
2610 815 2782 869 IIARL.

2111 907 2197 961 17.
2252 908 2416 962 Κατὰ
2473 905 3094 977 εἱμαρμένης,ϐοιιινα
3153 906 3328 975 fatum
3377 905 3628 976 disputa-

2039 1001 2112 1053 tio
2144 1017 2265 1054 cum
2309 1001 2514 1055 ethnico
2545 999 2878 1070 philosopho,
2915 999 3176 1068 adjuncta
3211 997 3458 1069 ejusdem
3506 999 3629 1054 Zini

358 1083 610 1140 versione
661 1092 716 1140 et
759 1084 923 1139 notis.
981 1086 1201 1155 Incipit:
1271 1087 1328 1140 '0
1367 1085 1539 1140 εἰπὼν
1585 1090 1697 1152 τοῖς
1740 1088 1933 1143 ἑαυτοῦ

2050 1091 2290 1145 versione
2339 1091 2434 1161 (ε),
2490 1105 2613 1160 pag.
2688 1090 2956 1145 894-915.
3021 1088 3217 1160 Incipit
3270 1108 3284 1144 :
3334 1090 3629 1161 Μέμνησαι

360 1176 651 1247 μαθηταῖς.
691 1177 750 1231 In
783 1176 888 1232 ﬁne
917 1185 1170 1240 testatur,
1204 1195 1263 1232 se
1297 1178 1409 1249 ἰδίῳ
1435 1178 1580 1250 λόγῳ
1611 1179 1791 1236 fusius
1830 1197 1930 1235 ex-

357 1270 593 1338 plicasse
641 1269 760 1333 πῶς
803 1270 1164 1342 παραγίνεται
1205 1270 1266 1324 τὸ
1319 1269 1537 1341 πνεῦμα
1587 1271 1692 1342 πρὸ
1737 1271 1924 1342 βαπτίο

360 1379 584 1432 σματος.
635 1363 704 1415 At
733 1363 1026 1427 sententia,
1083 1377 1190 1434 qua
1219 1377 1328 1418 non
1360 1378 1549 1418 verum
1595 1361 1931 1427 Samuelem,

2039 1180 2256 1243 πάντως
2277 1180 2358 1232 ὅτι
2383 1197 2473 1250 μοι
2503 1179 2748 1248 γέγονεν.
2776 1179 2922 1235 Citat
2947 1179 3277 1235 Anastasius
3307 1189 3506 1249 quaest.
3535 1179 3625 1233 19.

2038 1271 2388 1328 Tillemontio
2449 1272 2669 1327 videtur
2733 1272 2943 1342 scripta
3013 1270 3494 1341 Constantinopoli
3571 1286 3624 1324 a.

2037 1366 2096 1419 C.
2139 1365 2263 1420 581.
2297 1364 2434 1421 Vide
2461 1366 2582 1434 ejus
2612 1365 2900 1421 Memor-ias
2936 1373 3071 1420 tom.
3103 1363 3198 1429 IX,
3234 1380 3358 1434 pag.
3390 1364 3496 1419 586
3535 1380 3626 1433 sq.

357 1455 450 1514 sed
478 1455 776 1510 daemonem
801 1455 904 1510 sub
931 1455 1203 1511 Samuelis
1233 1456 1416 1526 specie
1440 1453 1592 1510 Sauli
1615 1455 1936 1526 apparuisse
2036 1457 2202 1512 FABR.
2236 1457 2398 1528 Greg.
2427 1457 2588 1529 Nyss.
2616 1459 2782 1512 libelli
2814 1467 2940 1513 octo
2966 1456 3043 1511 De
3071 1457 3299 1520 homine,
3329 1455 3403 1510 De
3419 1457 3626 1519 anima,

357 1548 622 1616 disputat,
669 1550 978 1602 communis
1012 1549 1114 1617 ipsi
1145 1555 1230 1602 est
1255 1562 1380 1602 cum
1415 1549 1664 1618 pluribus
1691 1549 1934 1619 antiquis
2038 1550 2116 1604 De
2156 1550 2448 1613 elementis,
2493 1549 2568 1603 De
2604 1549 3046 1613 viribusanimaz,
3099 1547 3172 1601 De
3196 1547 3519 1609 voluntario,
3547 1545 3631 1612 De

357 1637 617 1694 Ecclesia:
645 1637 984 1703 doctoribus,
1014 1649 1073 1694 ut
1097 1639 1496 1695 demonstravit
1524 1639 1760 1695 Allatius
1783 1639 1930 1694 Diss.

354 1733 420 1802 tle
447 1732 860 1802 engastrimytho
891 1731 984 1804 [ad
1020 1730 1264 1787 Enstath.
1295 1732 1544 1786 Antioch.
1573 1735 1935 1786 Hexaemeron

2039 1644 2415 1704 involuntario,
2464 1641 2540 1696 De
2573 1642 2705 1710 fato,
2739 1640 2813 1694 De
2841 1640 3004 1694 libero
3037 1639 3284 1702 arbitrio,
3331 1637 3405 1693 De
3430 1637 3622 1691 Prori-

2039 1737 2238 1799 dentia,
2258 1743 2390 1798 etc.,
2411 1732 2624 1797 Latine,
2645 1733 2974 1802 Argentinae,
3001 1731 3146 1802 typis
3172 1729 3415 1785 Matthiae
3449 1728 3631 1784 Selius

354 1839 410 1879 v.
459 1839 578 1892 cap.
627 1839 741 1892 seq.
790 1823 891 1894 §I,
935 1841 1018 1878 nr.
1056 1823 1146 1897 2].
1178 1823 1466 1879 Prodierat
1511 1826 1617 1878 hoc
1669 1824 1935 1893 scriptum
1971 1807 2012 1861 Β
2042 1842 2178 1891 rer.,
2228 1826 2389 1891 1512,
2445 1825 2540 1881 fol.
2601 1824 2664 1880 ν.
2698 1822 3039 1878 Lambacber
3089 1823 3144 1876 in
3202 1821 3340 1877 Bibl.
3398 1821 3627 1888 antiqua

353 1911 586 1984 Nysseni
613 1929 735 1969 cum
769 1913 948 1970 Ducaai
979 1918 1248 1980 versione,
1283 1917 1583 1988 Ingolstad.
1613 1915 1774 1980 1596,
1809 1915 1863 1970 8.

426 2005 516 2060 14.
554 2009 661 2072 Εὶς
689 2006 804 2075 τὴν
833 2008 1051 2065 ἑαυτοῦ
1079 2010 1452 2079 χειροτονίαν
1471 2049 1487 2074 ,
1518 2027 1636 2064 cum
1664 2010 1936 2080 episcopus

354 2097 632 2159 ordinatus
683 2110 817 2154 esset
854 2100 962 2170 (ὁ),
1012 2115 1067 2171 p.
1131 2100 1412 2164 879-879,
1463 2117 1588 2154 cuin
1643 2099 1938 2158 Frontonis

356 2189 534 2245 Ducaci
584 2191 836 2247 versione
893 2207 956 2247 ac
1005 2193 1173 2248 notis.
1225 2188 1656 2262 Incipitz'mOe
1709 2195 1803 2247 καὶ
1850 2195 1936 2262 ἐφ’

353 2283 501 2352 ἡμᾶς
560 2283 593 2354 ἡ
647 2283 748 2353 τῆς
814 2283 1191 2355 πνευματικῆς
1255 2285 1551 2350 ἑστιάσεως
1601 2285 1934 2357 λειτουργία.

353 2373 495 2424 Citat
521 2370 761 2430 Joannes
801 2373 1169 2431 Damascenus
1198 2375 1252 2430 in
1288 2374 1598 2440 Parallelis,
1643 2391 1765 2448 pag.
1809 2377 1933 2440 775,

355 2464 462 2518 sub
490 2465 650 2518 titulo
679 2465 816 2538 Περὶ
845 2465 946 2536 τῆς
991 2466 1051 2519 ἐν
1094 2467 1505 2521 Κωνσταντίνου
1561 2467 1713 2520 πόλει
1764 2485 1934 2521 κατα-

354 2557 596 2620 στάσεως
640 2555 735 2610 τοῦ
784 2558 941 2626 ἁγίου
995 2558 1317 2631 Γρηγορίου.
1375 2557 1563 2629 Itaque
1592 2559 1707 2613 haac
1756 2561 1937 2614 oratio

351 2649 496 2704 dicta
539 2665 590 2703 a.
643 2649 706 2704 C.
761 2650 888 2713 591,
922 2651 976 2705 1η
1024 2651 1261 2706 concilio
1301 2650 1932 2722 Constantinopolitano,

351 2757 461 2794 non
502 2750 684 2796 autem
716 2743 840 2807 372,
873 2758 984 2814 quo
1013 2743 1308 2814 episcopus
1337 2743 1626 2799 ordinatus
1651 2751 1758 2800 est.
1790 2744 1936 2798 Con-

353 2831 435 2887 fer
465 2832 877 2890 Tillemontium
927 2846 1060 2889 tom.
1104 2833 1196 2896 ΙΧ,
1228 2849 1282 2904 p.
1320 2833 1447 2900 775;
1477 2834 1604 2892 774.
1648 2833 1936 2890 Prodierat

354 2941 477 2977 cum
513 2923 692 2979 Ducmi
717 2927 967 2980 versione
1005 2926 1304 2996 Ingolstad.
1337 2925 1502 2991 1596,
1537 2927 1592 2982 8.

425 3017 509 3070 15.
553 3016 755 3072 Contra
783 3019 1174 3087 Apollinarium
1199 3018 1564 3090 fragmentum
1582 3019 1677 3089 (c),
1707 3035 1761 3090 p.
1802 3020 1929 3082 879,

2041 1919 2214 1973 civica
2261 1916 2497 1972 Vindob.
2532 1933 2585 1986 p.
2643 1916 2735 1977 90,
2783 1925 2836 1970 et
2885 1914 2988 1970 cel.
3043 1913 3273 1968 Panzer.
3324 1911 3390 1968 Α.
3444 1920 3486 1964 t.
3529 1909 3626 1979 VI,

2042 2027 2163 2082 pag.
2213 2011 2306 2074 55,
2356 2025 2443 2064 nr.
2495 2007 2621 2062 θυι.
2649 2005 2881 2062 -—Cod.
2926 2006 3109 2069 DLIX,
3140 2006 3194 2060 in
3229 2004 3364 2058 bibl.
3416 2001 3628 2057 Veneta

2040 2103 2207 2158 Marc.
2272 2118 2394 2173 pag.
2442 2100 2585 2165 295,
2647 2099 2766 2153 Cat.
2826 2099 2988 2154 codd.
3049 2096 3144 2152 Gr.
3197 2126 3269 2136 —
3320 2095 3507 2150 Paris.
3568 2094 3626 2160 in

2041 2195 2161 2250 cod.
2203 2191 2338 2257 DIII,
2377 2191 2508 2246 bibl.
2533 2189 2689 2244 Publ.
2721 2187 2902 2244 IIAIIL.

2113 2285 2200 2341 18.
2220 2284 2374 2352 Πρὸς
2405 2284 2709 2349 Ἕλληνας
2728 2281 2796 2335 ἑκ
2820 2279 2940 2334 τῶν
2976 2279 3194 2334 κοινῶν
3213 2277 3492 2339 ἐννοιῶν,
3514 2276 3629 2331 Ad.

2039 2393 2217 2433 t'ersus
2239 2375 2472 2431 ethnicos
2507 2375 2575 2429 de
2603 2373 2708 2429 Deo
2733 2373 2875 2428 trino
2899 2387 2965 2426 ex
2992 2371 3355 2426 communibus
3379 2371 3624 2423 notioni-

2041 2470 2136 2523 bus
2167 2467 2278 2542 (f),
2323 2483 2375 2539 p.
2423 2465 2692 2529 9H-921,
2737 2480 2863 2520 cum
2907 2464 3165 2519 versione
3211 2459 3453 2517 Federici
3513 2459 3627 2516 Mo-

2040 2559 2182 2616 relli.
2231 2557 2467 2614 Inciuit:
2499 2558 2564 2611 Εἰ
2604 2556 2665 2609 τὸ
2706 2555 2838 2620 Θεὸς
2880 2554 3052 2624 ὄνομα
3087 2553 3399 2625 προσώπων
3446 2551 3625 2623 δηλω-

2037 2655 2215 2708 τικόν.

2115 2747 2199 2802 19.
2237 2744 2377 2814 Περὶ
2408 2739 2634 2812 ψυχῆς,
2681 2740 2758 2796 De
2796 2741 2995 2804 animo,
3049 2755 3176 2795 cum
3219 2739 3468 2810 ejusdem
3515 2737 3629 2793 Ilo-

2038 2839 2156 2895 relli
2197 2837 2451 2893 versione
2481 2835 2578 2905 (g),
2609 2848 2730 2904 pag.
2763 2831 3032 2886 922-945.
3073 2831 3268 2899 Incipit
3301 2851 3315 2886 :
3347 2828 3626 2898 Διαπεφὼι

2038 2947 2194 3002 νηται
2246 2927 2430 2998 σχεδὸν
2481 2925 2652 2979 ἆπασι
2697 2925 2810 2986 τοῖς
2867 2921 3134 2984 παλαιοῖς.
3176 2919 3296 2974 Non
3351 2929 3437 2973 est
3477 2915 3621 2988 Nys-

2040 3023 2180 3084 seni,
2230 3020 2324 3076 sed
2369 3027 2534 3088 caput
2577 3013 2878 3072 secundum
2917 3025 2972 3069 ct
3005 3013 3226 3068 tertium
3275 3010 3511 3067 Nemesii
3544 3009 3627 3064 De

353 3106 477 3170 880,
508 3123 632 3162 cum
662 3109 906 3176 ejusdem
947 3108 1129 3164 Ducaai
1167 3110 1619 3180 interpretatione
1670 3125 1795 3165 cum
1826 3127 1933 3180 qua
1962 3139 2010 3203 ο
2041 3124 2236 3171 natura
2272 3111 2520 3166 hominis.
2576 3106 2744 3166 Fann.
2774 3104 2889 3162 Sub
2925 3104 3340 3203 nomineAGre-g.
3367 3101 3623 3203 Ny'ss.Ai-II

348 3201 461 3267 jam
488 3201 664 3256 lucem
688 3203 896 3256 viderat
927 3203 1224 3274 lngolstad.
1255 3203 1414 3268 1596,
1439 3204 1494 3260 8.
1517 3203 1742 3275 Incipit:
1770 3205 1936 3258 Ὥστε

354 3292 598 3356 κίνδυνός
657 3294 807 3347 ἐστιν
835 3295 968 3365 ἡμῖν
991 3294 1187 3358 οὐδείς.
1211 3295 1375 3350 Aliud
1405 3294 1639 3366 Nysseni
1668 3295 1940 3367 fragmen-

354 3394 469 3437 tum
501 3386 754 3440 adversus
788 3386 1180 3462 Apollinarium
1212 3402 1244 3441 e
1285 3396 1429 3442 msto
1457 3387 1708 3444 Cmsareo
1751 3387 1940 3444 Graece

355 3476 657 3545 publicavit
703 3477 1031 3557 Lambecius
1071 3477 1158 3544 ΙΙΙ,
1201 3495 1258 3550 p.
1291 3481 1394 3535 167
1432 3480 1510 3552 [p.
1549 3480 1674 3546 416,
1711 3499 1795 3552 sq.
1849 3479 1935 3536 ed.

355 3569 560 3647 Iiollar.
603 3570 762 3640 cujus
799 3579 936 3626 nott.
983 3573 1107 3627 vide
1148 3573 1266 3646 11.].

428 3681 513 3754 16.
555 3685 693 3752 Περὶ
735 3685 1165 3758 φρλοπτωχιας,
1220 3685 1292 3740 De
1323 3685 1644 3756 pauperibus
1683 3685 1940 3741 charitate

354 3775 783 3844 complectendis,
820 3778 977 3846 λόγος
1008 3777 1052 3848 β’
1084 3777 1260 3848 (prior
1307 3777 1501 3853 Latine
1532 3778 1697 3844 infra,
1728 3795 1813 3834 nr.
1844 3780 1937 3841 24,

353 3875 409 3940 et
440 3865 629 3938 Grzecc
656 3882 740 3919 nr.
776 3867 888 3936 72),
923 3867 975 3920 in
1006 3868 1138 3921 illud
1171 3866 1360 3922 Matth.
1391 3884 1515 3939 xxv,
1549 3868 1640 3932 40,
1667 3868 1939 3934 Quatenus

354 3957 445 4008 uni
483 3971 548 4009 ea:
567 3957 647 4010 his
676 3957 898 4030 fecistis,
927 3956 1053 4010 mihi
1076 3958 1275 4025 fecistis
1295 3958 1395 4030 (ά),
1428 3973 1481 4028 p.
1515 3958 1778 4030 881-895,
1813 3976 1939 4014 cum

354 4045 503 4102 Petri
534 4034 812 4121 Francisci
865 4047 986 4103 Ziui
1034 4050 1308 4128 versione,
1339 4065 1462 4120 qua:
1504 4049 1784 4127 prodierat
1833 4050 1940 4106 Ve-

357 4146 468 4192 net.
504 4137 664 4201 1574,
698 4138 752 4202 8,
795 4145 852 4192 et
895 4153 1058 4210 quam
1102 4139 1238 4194 locis
1283 4140 1565 4211 nonnullis
1609 4141 1844 4211 castigat
1884 4142 1942 4194 in

357 4229 503 4298 notis
550 4227 801 4305 Ducaeus.
835 4215 1030 4300 lueipit
1063 4248 1076 4284 :
1122 4232 1244 4284 Ἔτι
1285 4231 1423 4302 πρὸς
1465 4231 1542 4302 τῷ
1577 4231 1809 4306 Θεάματι
1842 4232 1943 4302 τῆς

357 4320 594 4396 φοϐερᾶς
621 4320 716 4375 τοῦ
752 4321 1014 4398 βασιλέως
1038 4323 1357 4392 ἐπιφανείας
1389 4324 1523 4397 εἰμί.
1573 4324 1761 4380 Grazce
1791 4309 1942 4380 vide-'-

359 4425 444 4469 rat
472 4414 650 4470 lucem
677 4416 933 4490 Augusta:
960 4416 1103 4486 apud
1130 4415 1448 4494 Mangerum
1482 4416 1641 4488 1587,
1669 4419 1724 4482 8,
1749 4416 1944 4472 edente

2040 3205 2167 3261 cod.
2199 3201 2453 3257 Monach.
2481 3196 2668 3253 LXXI.
2711 3195 2772 3250 ν.
2807 3197 2926 3251 Cat.
2963 3195 3124 3251 codd.
3151 3193 3247 3249 Gr.
3287 3194 3416 3248 Bav.
3444 3210 3497 3264 p.
3528 3193 3621 3247 24.

2039 3325 2111 3336 ——
2138 3294 2199 3348 In
2228 3291 2352 3347 cod.
2401 3289 2632 3360 August.
2668 3285 2884 3341 Vindel.
2933 3296 3073 3342 teste
3124 3284 3352 3340 Reisero
3405 3286 3459 3338 in
3499 3283 3622 3339 Cat.

2041 3404 2096 3459 p.
2120 3387 2212 3441 21.
2236 3386 2392 3440 Conf.
2435 3384 2509 3437 cl.
2539 3379 2774 3436 Matthaei
2813 3378 2880 3433 ad
2914 3376 3230 3434 Nemcsium
3256 3391 3379 3447 cap.
3419 3376 3456 3432 2
3488 3385 3544 3432 et
3565 3377 3625 3441 5,

2040 3499 2097 3554 p.
2135 3481 2206 3534 67
2240 3496 2361 3548 sqq.
2399 3478 2568 3532 Hann.

2113 3597 2200 3656 20.
2245 3598 2492 3668 Epistola
2519 3612 2775 3651 canonica
2811 3593 2880 3648 ad
2909 3589 3170 3654 Letoium,
3208 3589 3301 3661 qui
3333 3589 3386 3643 in
3417 3587 3630 3659 cpisco-

2043 3703 2174 3766 patu
2206 3691 2480 3748 Melitines
2501 3689 2866 3762 Cappadocia:
2903 3687 3034 3756 (non
3059 3683 3370 3756 Mytilenes,
3397 3694 3456 3737 ut
3493 3681 3631 3735 Pos-

2043 3787 2313 3854 sevinus),
2373 3791 2500 3856 post
2557 3798 2614 3837 a.
2668 3782 2729 3837 C.
2763 3781 2888 3848 581,
2929 3778 3118 3835 Otreio
3162 3777 3450 3838 successit,
3498 3790 3630 3834 cum

2042 3878 2297 3934 Gentiani
2336 3874 2556 3932 Hervcti
2586 3872 2864 3936 versione,
2905 3885 3028 3938 qua:
3055 3870 3180 3940 plus
3225 3868 3392 3922 semel
3423 3865 3630 3936 prodiit

2044 3973 2186 4027 inter
2246 3967 2510 4039 epistolas
2575 3963 2678 4019 SS.
2737 3962 2958 4016 Patrum
3010 3959 3341 4018 canonicas.
3399 3955 3632 4010 scholiis

2043 4062 2254 4123 Theod.
2301 4057 2666 4121 Balsamonis,
2713 4053 2876 4107 .Ioan.
2937 4051 3188 4111 Zonaraz,
3238 4058 3404 4119 atque
3450 4046 3629 4100 Alexii

2043 4155 2282 4210 Aristeni
2339 4151 2643 4206 illustratas
2689 4144 2788 4215 (h).
2857 4143 3107 4213 Incipit:
3165 4141 3262 4193 Ἓν
3321 4139 3414 4192 καὶ
3467 4137 3634 4194 τοῦτο

2043 4246 2151 4300 τῶν
2177 4246 2257 4307 εἰς
2280 4242 2378 4314 τὴν
2399 4239 2561 4310 ἁγίαν
2588 4239 2781 4310 ἑορτήν
2805 4237 2891 4306 (i),
2922 4251 2973 4304 p.
2997 4233 3264 4288 946-955.
3289 4229 3438 4286 Vidit
3459 4231 3628 4284 etiam

2045 4338 2222 4392 lucem
2254 4332 2499 4389 Venetiis
2527 4330 2687 4392 1581,
2721 4328 2777 4388 4,
2821 4341 2946 4380 cum
2976 4322 3345 4378 Pmnitentiali
3379 4321 3633 4376 Romano

2044 4437 2100 4484 ct
2149 4424 2318 4480 variis
2374 4419 2685 4476 canonibus
2741 4415 3214 4488 pmnitentialibus
3258 4424 3312 4468 et
3363 4411 3518 4468 Beda:
3563 4426 3632 4466 ac

361 4505 691 4572 ηωεεῆυιίον
735 4525 845 4581 ιιοιι
879 4508 1036 4570 152⁷.
1082 4516 1142 4578 ιιι
1182 4508 1235 4562 ill
1273 4499 1454 4564 DUCiEi
1487 4509 1630 4564 ιιοῑίε
1668 4525 1932 4565 CXCUSUIII
1969 4497 2019 4557 θ
2046 4517 2255 4575 Rabani
2315 4515 2458 4568 libro
2510 4509 2939 4570 Paenitentium,
3004 4522 3132 4560 cum
3202 4504 3348 4559 notis
3405 4503 3631 4558 Antonii

355 4607 460 4652 cst.
499 4597 666 4652 Fann.
714 4599 940 4670 Gregor.
975 4598 1232 4655 Naziauz.
1283 4601 1360 4655 De
1394 4601 1712 4671 pauperibus
1753 4618 1934 4674 aman-

355 4691 472 4755 dis,
523 4701 663 4746 orat.
721 4691 864 4755 Lat.,
897 4691 1058 4748 Petro
1114 4693 1311 4766 Franc.
1371 4691 1540 4759 Zino,
1594 4691 1934 4762 Veronensi,

359 4787 681 4858 interprete:
722 4785 970 4856 Gregorii
1011 4784 1245 4858 Nysseni
1277 4787 1330 4840 in
1377 4785 1518 4842 idem
1556 4800 1935 4860 argumentum

356 4873 518 4932 oratt.
551 4880 672 4933 dua:
716 4879 928 4957 Latine,
949 4897 1229 4952 nunquam
1265 4881 1495 4943 antehac
1542 4899 1714 4958 neque
1743 4884 1932 4957 Latine

428 5071 507 5143 (ᾳ)
548 5069 604 5143 In
641 5072 772 5127 edit.
800 5090 850 5126 a.
889 5074 1044 5137 1658,
1071 5083 1202 5126 tom.
1234 5070 1299 5131 Il.
1338 5089 1388 5143 p.
1413 5073 1499 5126 55.

428 5140 503 5206 (b)
548 5139 674 5210 I’ag.
710 5144 795 5198 Ml.
1279 5149 1294 5164 '

430 5212 502 5276 (ε)
545 5209 673 5280 Pag.
705 5214 795 5265 t7.

429 5283 510 5348 id)
551 5281 680 5352 I’ag.
717 5285 805 5338 49.

431 5362 503 5419 (ei
544 5352 672 5419 I’ag.
713 5357 802 5406 lii.

429 5425 508 5491 (f)
553 5423 679 5488 l'ag.
714 5426 804 5477 8‘2.

432 5495 507 5560 (qi
547 5491 674 5562 Pag.
707 5495 798 5548 91).

431 5568 506 5630 (h)
561 5561 819 5619 In’Joan.
880 5566 1098 5618 lunarat!
1162 5573 1215 5618 et
1266 5563 1539 5618 Theodori
1598 5561 1940 5616 Balsann‘mis

361 5637 704 5703 Syntagntate
761 5653 1054 5694 canonum,
1109 5652 1233 5686 cum
1289 5652 1480 5688 eorum
1533 5634 1941 5703 commentariis

359 5701 587 5778 litui-ris.
621 5701 801 5778 Lutct.
841 5707 1018 5778 Paris.
1054 5706 1193 5758 1618
1235 5713 1290 5778 et
1325 5706 1484 5766 1620.
1529 5715 1660 5757 tom.
1814 5719 1936 5778 pag.

364 5777 698 5855 10564059.
725 5809 787 5820 --
825 5784 881 5836 In
920 5776 1199 5848 Bcvcregii
1245 5775 1506 5846 Synodtco
1538 5785 1671 5837 tom.
1713 5773 1781 5839 11,
1815 5773 1934 5843 pag.

2052 4604 2365 4678 Augustini,
2414 4615 2626 4655 necnon
2692 4596 2828 4652 ibid.
2882 4595 3042 4656 1585,
3077 4596 3132 4656 8,
3188 4609 3296 4646 una
3339 4607 3465 4646 cum
3503 4592 3630 4645 aliis

2041 4696 2372 4773 quibusdam
2439 4689 2704 4763 Nysscni,
2757 4689 3058 4757 interprete
3104 4684 3342 4773 Maximo
3411 4681 3632 4751 “argu-

2045 4772 2162 4854 nio,
2214 4788 2472 4857 episcopo
2515 4781 2862 4853 Gythei-ensi.
2893 4778 3094 4833 Confer
3135 4772 3506 4839 Lambecium,
3539 4774 3626 4844 Ill,

2045 4898 2166 4956 pag.
2191 4878 2310 4941 IOI,
2337 4874 2460 4936 155,
2491 4871 2588 4926 H9
2613 4869 2706 4938 (λ).
2738 4867 2983 4938 Respicit
3011 4865 3306 4922 concilium
3343 4865 3396 4918 in
3439 4863 3631 4917 'I'rullo

2045 5065 2172 5122 581.
2218 5079 2314 5116 vm
2363 5075 2629 5115 canones.
2662 5090 2730 5099 —
2755 5057 2812 5112 In
2847 5055 3166 5111 Collectione
3218 5051 3489 5122 concilior.
3520 5047 3624 5122 ged.

2049 5117 2250 5190 mm
2289 5147 2412 5200 pag.
2484 5131 2624 5184 ms
2675 5145 2798 5200 sqq.
2867 5125 2930 5179 ν.
2990 5127 3096 5180 vol.
3148 5122 3216 5176 x1
3311 5138 3430 5190 pag.
3470 5117 3538 5172 56
3571 5125 3629 5172 et

2048 5204 2183 5268 590;
2215 5199 2340 5256 add.
2366 5199 2496 5271 pag.
2538 5201 2662 5254 457.
2701 5199 2875 5252 ΙΙΑῐιι..

2119 5277 2182 5343 (it
2224 5272 2356 5343 Pag.
2400 5272 2519 5343 111.

2227 5325 2728 5414 ίνὶῧο-οςίιί.ίᾷ1.1Χ,
2770 5353 2858 5414 1171⁵-
2915 5336 2997 5414 l6;
3043 5334 3235 5414 I‘i'lll‘!
3293 5325 3625 5414 5m—"‘ln'*ll"

2089 5402 2312 5486 agi-266
2345 5412 2664 5486 ed._Kol_lar.
2698 5402 2765 5450 4—
2801 5413 2854 5486 i_n
2886 5407 3008 5486 cod.
3043 5402 3226 5456 LXVII
3254 5445 3268 5486 τ
3295 5405 3435 5455 inter
3460 5413 3624 5486 opera

2089 5433 2172 5486 ag.
2204 5433 2312 5467 Ζυο
2345 5433 2431 5465 eu.
2463 5433 2664 5465 AUIIHI‘.
2698 5441 2765 5450 -——
2802 5433 2854 5462 Ill
2886 5433 3008 5459 l'UU.
3044 5433 3130 5456 un
3152 5433 3226 5455 vn
3254 5445 3268 5462 ,
3296 5433 3424 5455 Ilum
3460 5433 3624 5474 υγωτι

2047 5433 2257 5548 llasilii,
2307 5484 2394 5535 cui
2445 5481 2576 5536 illud
2611 5480 2921 5534 ιειιυοιιιίιιιιι
2967 5478 3122 5548 ineo
3169 5475 3286 5527 cod.
3319 5482 3624 5548 perper-ain

2046 5543 2405 5610 attribuitur.
2453 5560 2678 5605 notante
2735 5549 2988 5601 Lambcc.
3037 5546 3169 5598 ibid.
3221 5561 3273 5612 ι).
3319 5543 3444 5594 551.
3475 5568 3540 5574 -
3571 5543 3625 5588 in

2045 5628 2168 5679 rod.
2217 5621 2452 5681 LXXVI,
2501 5638 2585 5676 nr.
2630 5621 2683 5679 5.
2734 5621 2902 5672 inscr.
2952 5615 3208 5683 auonymi
3255 5619 3625 5683 excerptahex

2408 5675 2634 5766 epistola
2651 5675 2885 5766 quadam
2899 5675 3140 5766 pascljali
3166 5703 3179 5748 ;
3205 5687 3296 5766 sed
3319 5675 3624 5766 [Atti—Iliun!)

2046 5747 2184 5837 5:53?“
2211 5747 2548 5831 amunia,
2589 5747 2813 5831 intelligi
2864 5747 2984 5829 cjns
3023 5747 3198 5828 βεδε.
3245 5752 3418 5821 mn.
3461 5749 3528 5802 ad
3561 5747 3621 5800 δ.
