3844 6226
405 269 476 324 25
1612 284 1898 343 NOTITIA
1937 288 2027 344 EX
2069 290 2416 349 FABRICIO.
3602 306 3683 361 21

406 382 531 450 796,
560 398 648 443 nr.
676 384 763 450 ll,
793 402 918 461 pag.
952 389 1059 446 796
1091 403 1198 449 vet.
1227 396 1341 468 ed.]
1374 401 1668 474 multisque
1694 406 1819 463 aliis
1842 415 1993 464 vete-
2020 415 2065 472 Α
2093 410 2257 466 codd.
2291 410 2553 476 tribuant,
2598 411 2772 481 stylus
2815 410 3004 468 Basilii
3042 412 3213 469 fetum
3255 431 3381 472 esse
3409 417 3681 484 clamitet,

402 474 579 538 ribus,
613 492 850 547 quorum
882 481 1000 536 loca
1030 487 1240 541 notavit
1287 488 1669 551 Tillemontius
1706 506 1840 555 tom.
1888 499 1978 564 IX,

397 582 453 637 p.
485 566 762 661 579seq.,
791 574 886 643 qui
912 589 965 644 p.
1001 575 1109 632 585
1156 580 1402 651 conjicit,
1435 587 1580 655 quod
1616 587 1982 661 Hieronymus

396 673 518 728 cap.
552 660 676 725 128,
704 662 787 727 De
820 662 1085 733 Scriptor.
1116 671 1301 728 eccles.
1324 674 1511 741 refert,
1545 678 1714 735 lectos
1742 660 1981 737 Nazian-

394 761 533 802 zeno
571 758 628 807 et
663 752 767 808 sibi
802 769 835 808 a
882 754 1133 827 Nysseno
1178 760 1302 818 illos
1343 776 1531 821 contra
1562 766 1884 824 Eunomium
1916 773 1980 827 li-

394 837 559 904 bros,
620 842 675 901 id
729 844 934 905 factum
980 848 1493 927 Constantinopoli,
1542 860 1635 915 ubi
1687 864 1979 921 occasione

392 931 612 988 concilii
645 949 699 988 a.
749 935 812 992 C.
847 938 975 1004 581,
1007 943 1064 997 in
1100 944 1192 1000 illa
1226 948 1362 1003 urbe
1406 949 1662 1006 celebrati
1709 968 1979 1011 convene-

394 1022 530 1077 rint.
564 1021 802 1096 Scripsit
834 1028 1119 1102 Nyssenus
1148 1045 1274 1106 post
1305 1036 1493 1094 Basilii
1522 1041 1753 1110 obitum,
1786 1054 1848 1100 ut
1878 1046 1976 1101 Ni-

391 1114 631 1182 cephoro
650 1118 816 1173 etiam
846 1136 922 1185 ιι,
947 1123 1034 1190 19,
1058 1123 1226 1191 Hist.,
1246 1127 1748 1195 adnotatum,cirea
1771 1150 1823 1192 a.
1845 1136 1971 1193 581.

390 1200 559 1269 Fami.
597 1206 714 1299 Hoc
750 1225 910 1280 opus,
941 1217 1085 1284 quod
1112 1222 1623 1287 praestantissimum
1654 1224 1818 1297 Nyss.
1841 1244 1973 1299 ope-

394 1311 513 1349 rum
553 1297 809 1365 habetur,
836 1303 996 1359 docte
1035 1314 1090 1361 et
1122 1309 1343 1379 copiose
1381 1325 1665 1369 recensent
1698 1297 1907 1373 Semler
1932 1320 1970 1373 Ι.

387 1398 438 1475 e.
473 1382 502 1456 §
533 1384 622 1452 99,
644 1403 767 1460 pag.
792 1392 1046 1459 201-219,
1073 1405 1129 1452 et
1161 1396 1483 1456 Schrmckh.
1524 1419 1648 1475 pag.
1684 1406 1878 1466 28-54.
1900 1441 1971 1449 -

387 1473 796 1566 Εςιιῖιοτθηιίε
838 1484 894 1539 in
941 1486 1071 1542 cod-
1117 1487 1378 1547 Laurent.
1425 1473 1760 1566 XVIIJpIut.
1806 1500 1866 1554 6.
1903 1500 1967 1557 V.

386 1564 621 1661 Bandin.
670 1581 778 1628 cat.
831 1575 990 1633 codd.
1020 1577 1117 1635 Gr.
1163 1581 1331 1639 Laur.
1357 1584 1402 1650 Ι,
1442 1603 1495 1656 p.
1546 1564 1649 1643 127
1695 1607 1779 1661 sq.
1827 1595 1969 1650 etin

385 1665 506 1715 rod.
550 1659 777 1720 Taurin.
837 1666 1023 1739 LXXI,
1076 1671 1171 1727 fol.
1211 1674 1339 1731 216.
1389 1676 1453 1733 ν.
1498 1690 1607 1735 cat.
1654 1659 1819 1739 codd.
1868 1684 1963 1741 Gr.

384 1748 554 1807 Taur.
585 1768 639 1824 p.
670 1755 793 1811 169.
819 1756 996 1817 Hanc.

452 1842 544 1899 29.
582 1846 667 1899 Ad
701 1846 1040 1906 Eustathium
1075 1853 1489 1931 (Sebastianum),
1540 1861 1616 1919 De
1646 1864 1752 1921 SS.
1786 1866 1969 1923 Trini-

384 1940 495 1989 tate
528 1944 579 1990 et
624 1949 813 1996 contra
859 1943 1394 2016 Pneumatomachos,
1444 1955 1584 2023 quod
1624 1954 1859 2025 Spiritus
1904 1960 1969 2017 S.

382 2022 454 2084 sit
474 2023 618 2081 Deus
646 2028 748 2101 (α),
783 2046 817 2098 p
860 2030 1113 2099 439-447,
1146 2052 1269 2092 cum
1292 2022 1543 2097 versione
1567 2022 1846 2101 Laurentii
1878 2047 1969 2103 Si-

383 2113 520 2180 l‘ani,
553 2119 648 2174 sed
691 2136 722 2175 a
761 2120 895 2179 Fed.
940 2124 1165 2183 Morello
1205 2132 1507 2201 recognita.
1541 2134 1658 2191 Hoc
1701 2139 1967 2209 scriptum

376 2206 653 2279 integrum
682 2211 797 2269 fere
830 2215 1027 2272 iisdem
1060 2221 1246 2278 verbis
1281 2223 1424 2278 inter
1455 2223 1514 2280 S.
1548 2226 1731 2284 Basilii
1762 2206 1969 2301 episto-

377 2299 460 2356 las
497 2306 831 2375 octogesima
860 2306 969 2381 [ep.
1002 2310 1125 2376 189,
1155 2322 1287 2369 tom.
1332 2316 1420 2381 IlI,
1457 2335 1511 2389 p.
1550 2321 1679 2385 276,
1715 2299 1811 2379 ed:
1830 2323 1968 2379 Gar-

375 2390 542 2465 nier.]
579 2395 802 2467 legitur,
850 2398 1098 2472 Nysseno
1146 2406 1355 2462 rectius
1401 2408 1816 2479 vindicandum,
1863 2416 1968 2471 sub

374 2485 537 2552 cujus
583 2489 805 2546 nomine
849 2493 1053 2548 citatur
1095 2496 1166 2550 ab
1215 2495 1510 2569 Eutliymio
1560 2503 1615 2557 in
1675 2504 1962 2575 Panoplia.

373 2573 753 2669 Eonipositum
799 2582 947 2637 circa
1001 2598 1054 2638 a.
1097 2585 1158 2642 C.
1195 2588 1323 2643 580.
1365 2589 1464 2662 [De
1491 2608 1579 2659 eo,
1626 2604 1682 2650 et
1712 2599 1773 2653 11
1807 2573 1962 2669 seqq.

374 2660 439 2721 Ὗ.
473 2665 687 2727 Semler
717 2670 753 2726 Ι.
788 2686 837 2728 c.
867 2673 974 2729 220
999 2692 1083 2748 sq.
1114 2679 1293 2750 Atque
1324 2660 1383 2737 in
1412 2691 1528 2739 not.
1573 2687 1641 2742 ad
1670 2686 1837 2744 Garn.

371 2757 411 2819 ι
455 2773 508 2852 c.
539 2775 573 2816 a
603 2763 898 2822 scholiaste
938 2766 1037 2823 Gr.
1079 2768 1330 2842 Nysseno
1375 2776 1712 2835 adscribitur
1741 2790 1966 2852 propter

370 2851 647 2912 scribendi
682 2857 1209 2935 rationem,llni..].

439 2963 532 3020 50.
554 2967 695 3043 Περὶ
707 2969 912 3041 τοῦμὴ
935 2974 1168 3030 οἴεσθαι
1180 2969 1382 3048 λέγειν
1396 2981 1552 3050 τρεῖς
1572 2985 1715 3038 Θεοί
1726 3005 1778 3053 ς.
1800 2985 1957 3051 Quod

372 3070 479 3120 non
509 3060 809 3128 putandum
845 3065 915 3117 sit
943 3077 1048 3121 tres
1081 3067 1220 3133 Deos
1248 3069 1355 3125 dici
1393 3083 1655 3141 oportere,
1688 3077 1759 3130 ad
1791 3078 1957 3133 Abla-

372 3149 523 3204 bium
555 3151 658 3223 (ὁ),
689 3167 746 3222 p.
776 3154 1031 3223 447-460,
1057 3174 1183 3214 cum
1205 3162 1450 3231 ejusdem
1477 3164 1650 3220 Sil‘ani
1683 3171 1954 3224 versione.

369 3237 611 3311 Incipit:
671 3244 848 3316 ’Υμᾶς
892 3248 993 3318 μὲν
1033 3249 1240 3305 δίκαιόν
1283 3256 1399 3309 ἐστι
1422 3260 1551 3321 τοὺς
1583 3260 1953 3330 ἀκμάζοντας.

372 3334 588 3394 Citatur
614 3350 645 3390 a
676 3335 887 3395 Joanne
914 3340 982 3403 Il,
1016 3357 1177 3413 papa,
1214 3345 1267 3399 in
1303 3350 1549 3415 Epistula
1581 3351 1652 3405 ad
1679 3354 1953 3421 Arienum,

372 3427 577 3498 scripta
625 3441 678 3483 a.
744 3429 807 3485 C.
870 3431 995 3487 552.
1025 3432 1133 3489 Sed
1185 3436 1427 3494 citantur
1462 3442 1626 3497 etiam
1650 3444 1719 3500 ab
1749 3445 1957 3517 Euthy-

373 3518 484 3572 mio
511 3520 566 3575 in
599 3519 867 3592 Punoplia
909 3540 977 3579 ex
1020 3525 1269 3598 Nysseno
1303 3530 1372 3584 ad
1397 3531 1704 3600 Ablabium,
1737 3553 1859 3608 qua:
1896 3540 1953 3596 in

370 3609 479 3674 hoc
508 3613 714 3685 scripto
740 3630 850 3670 non
882 3621 1148 3688 reperias.
1186 3619 1352 3676 Fuit.
1396 3623 1592 3681 Exstat
1622 3626 1866 3685 Venetiis
1898 3632 1954 3686 in

371 3703 495 3768 cod.
534 3703 702 3762 Marc.
729 3705 864 3762 DIV.
898 3707 963 3763 γ.
995 3709 1174 3767 Catal.
1207 3714 1374 3770 codd.
1403 3717 1500 3771 Gr.
1535 3717 1704 3773 Marc.
1736 3736 1790 3790 p.
1822 3721 1948 3777 267.

369 3792 574 3864 Paris.,
601 3798 659 3856 in
684 3800 821 3856 bibl.
852 3801 1016 3859 Publ.
1047 3805 1207 3862 codd.
1241 3794 1528 3864 DLXXXV
1545 3822 1599 3868 et
1615 3811 1948 3880 DLXXXVI,

372 3887 426 3941 in
447 3888 651 3958 quibus
667 3890 823 3961 plura
838 3891 1071 3965 Nysseni
1089 3900 1356 3968 opuscula
1375 3902 1749 3959 continentur.
1772 3904 1947 3961 HAIL.

438 4002 528 4058 51.
560 4007 701 4074 Περὶ
732 4006 1019 4082 διαφορᾶς
1049 4013 1267 4080 οὐσίας
1299 4014 1399 4068 καὶ
1424 4017 1839 4086 ὑποστάσεως,
1878 4020 1952 4077 De

367 4090 668 4160 differentia
696 4098 939 4151 essentia:
962 4109 1011 4152 et
1045 4099 1408 4169 hypostaseos,
1442 4104 1508 4158 ad
1551 4102 1795 4171 Petrum,
1840 4108 1951 4162 fra-

368 4190 511 4238 trem
544 4185 645 4255 (c),
674 4201 728 4256 p.
759 4187 1014 4255 460-469,
1041 4206 1166 4246 cum
1190 4195 1444 4249 versione
1471 4195 1716 4262 ejusdem
1748 4196 1947 4255 Sil‘ani.

368 4271 566 4346 incipit
594 4294 607 4330 :
639 4277 860 4348 Ἐπειδὴ
884 4279 1068 4335 πολλοὶ
1092 4283 1271 4337 τόντε
1295 4285 1394 4354 τῆς
1424 4287 1610 4351 οὐσίας
1631 4286 1805 4357 λόγον.
1844 4288 1946 4345 Le-

366 4366 514 4437 gitur
543 4366 676 4430 hinc.
701 4370 848 4425 velut
877 4386 909 4424 a
940 4371 998 4426 S.
1027 4372 1229 4429 Basilio
1269 4375 1337 4431 ad
1366 4375 1672 4448 Nyssennm
1716 4381 1945 4451 scripta,

2087 512 2142 556 et
2202 503 2319 571 ipsa
2382 503 2546 557 etiam
2606 503 2852 574 synodus
2911 506 3380 566 Chalcedonensis
3444 513 3675 579 (eonciI.

2086 590 2342 647 Cbalced.
2401 602 2544 663 part.
2588 608 2673 657 Ill,
2718 610 2843 664 cap.
2905 596 2959 661 1,
3023 613 3148 669 pag.
3206 599 3356 672 825),
3403 601 3676 659 Basiliurn

2086 691 2347 751 agnoscat
2373 684 2621 752 epistolae
2650 696 2961 755 parentem.
2993 686 3167 744 Hane.

2154 790 2243 845 52.
2273 793 2429 860 Πρὸς
2453 795 2827 862 Σιμπλίκιον,
2862 798 2996 866 περὶ
3022 801 3302 868 πίστεως,
3325 802 3407 855 Ad
3443 802 3676 874 Simpli-

2084 881 2244 947 cium,
2293 883 2596 947 tribunum,
2653 886 2719 939 de
2758 887 2887 956 ﬁde,
2931 891 3047 945 sive
3088 892 3157 946 de
3202 892 3385 959 Patre,
3435 894 3574 950 Filio
3610 907 3673 951 et.

2084 970 2292 1042 Spiritu
2325 972 2382 1028 S.
2413 975 2514 1046 (ά),
2552 991 2608 1047 p.
2637 977 2892 1040 470-474,
2935 994 3061 1034 eum
3094 984 3347 1038 versione
3380 984 3670 1043 Laurentii

2084 1060 2280 1118 Silani.
2321 1063 2519 1136 Incipit
2549 1085 2563 1120 :
2620 1069 2846 1122 Κελεύει
2873 1073 2903 1123 ὀ
2946 1070 3078 1136 Θεὸς
3114 1073 3204 1127 διὰ
3241 1076 3334 1128 τοῦ
3354 1081 3664 1148 προφήτου.

2079 1153 2248 1212 Notas
2276 1155 2482 1212 Fronto
2526 1158 2757 1215 Ducaeus
2786 1162 3014 1217 addidit.
3048 1163 3333 1223 Prodierat
3378 1185 3505 1223 cum
3536 1172 3666 1227 aliis

2078 1254 2319 1313 quatuor
2340 1245 2572 1318 Nysseni
2592 1252 2896 1318 opusculis,
2921 1252 3127 1320 Graece,
3154 1255 3327 1328 Lugd.
3350 1259 3466 1314 Bat.
3498 1262 3661 1327 1595,

2078 1337 2131 1393 8.
2174 1338 2423 1410 Magnam
2462 1350 2670 1411 partem
2723 1344 2879 1398 aiiert
2919 1347 3241 1419 Euthymius
3282 1351 3336 1404 in
3362 1350 3659 1419 Panoplia,

2077 1432 2255 1487 citans
2276 1431 2579 1503 Nyssenum
2607 1438 2671 1488 ἐκ
2690 1435 2783 1488 τοῦ
2809 1436 2854 1504 β’
2880 1437 3037 1505 λόγου
3058 1439 3153 1493 τοῦ
3179 1441 3314 1511 πρὸς
3333 1443 3665 1513 Σιμπλέκιον

2082 1524 2210 1594 περὶ
2252 1523 2392 1577 υἱοῦ.
2463 1523 2630 1578 Ρληιι.
2680 1525 2829 1581 lntcr
2872 1531 3031 1584 codd.
3073 1532 3204 1585 Ant.
3264 1532 3518 1603 Eparclii.
3591 1534 3659 1590 Υ.

2074 1612 2183 1665 vol.
2233 1611 2301 1677 X,
2361 1630 2415 1684 p.
2480 1614 2805 1672 182-οε
2856 1619 3183 1687 confessione
3237 1623 3291 1677 in
3322 1624 3445 1678 cod.
3476 1624 3656 1683 Paris.

2074 1703 2207 1758 bibl.
2239 1705 2389 1774 publ.
2424 1704 2738 1771 MDCXXX,
2770 1725 2858 1763 nr.
2902 1712 2992 1767 57.
3025 1712 3195 1769 ΙΙΑιιι..

1960 1826 1961 1831 η
1996 1776 2040 1831 Β
2137 1794 2226 1849 55.
2264 1797 2456 1865 Λόγος
2482 1801 2884 1867 κατηχητικὸς
2914 1805 2947 1856 ό
2970 1803 3177 1873 μέγας,
3215 1806 3401 1861 Sermo
3432 1826 3659 1879 magnus

2067 1886 2414 1943 catecheticus
2446 1890 2546 1959 pro
2596 1891 2686 1957 iis,
2734 1892 2830 1962 qui
2887 1896 3316 1952 catechumenos
3365 1900 3660 1954 instituere

2067 1975 2286 2041 debent,
2339 1978 2547 2034 divisus
2621 1981 2674 2034 in
2730 1981 2824 2037 LX
2862 1987 3041 2055 capita
3090 1988 3179 2058 (e),
3216 2004 3342 2059 pag.
3391 1990 3651 2054 474-512,

2066 2082 2191 2121 cum
2226 2070 2482 2125 versione
2523 2071 2774 2127 Gentiani
2808 2073 3045 2141 Herveli,
3073 2080 3327 2148 notisque
3355 2080 3656 2138 Frontonis

2068 2157 2268 2215 Ducai.
2308 2160 2481 2216 Vertit
2515 2165 2681 2218 etiam
2728 2164 2924 2221 Petrus
2954 2169 3229 2234 Moreilus,
3265 2170 3443 2225 Paris.
3484 2175 3650 2235 1568,

2065 2249 2121 2315 8,
2152 2259 2208 2306 et
2251 2251 2445 2309 Petrus
2480 2254 2811 2312 Franciscus
2846 2257 3034 2324 Zinus,
3062 2264 3117 2315 in
3151 2261 3422 2333 Euthymii
3468 2263 3655 2319 Pauo-

2064 2341 2197 2409 plia,
2245 2344 2334 2397 cui
2369 2360 2566 2415 magna
2609 2347 2773 2415 hujus
2819 2349 2945 2403 libri
2993 2367 3123 2420 pars
3169 2353 3376 2408 inserta
3423 2358 3647 2424 legitur.

2065 2431 2263 2503 Incipit
2302 2453 2316 2489 :
2373 2436 2433 2488 Ὀ
2469 2436 2572 2507 τῆς
2614 2440 2969 2509 κατηχήσεως
3012 2440 3167 2510 λόγος
3210 2443 3502 2510 ἀναγκαῖος
3544 2446 3653 2516 μέν

2065 2528 2202 2584 ἐστι.
2231 2526 2451 2584 Citatur
2485 2540 2540 2585 et
2573 2546 2602 2584 a
2631 2530 2964 2589 Theodorito
3004 2533 3060 2588 in
3102 2533 3318 2606 Dialug.
3348 2537 3384 2590 2
3425 2547 3479 2591 et
3505 2539 3559 2604 5,
3592 2547 3650 2593 et

2064 2617 2331 2690 Gregorio
2364 2620 2435 2674 M.
2469 2629 2634 2691 atque
2664 2621 3001 2679 Damasceno
3031 2640 3160 2700 opus
3185 2629 3341 2696 plane
3363 2630 3644 2692 eximium,

2064 2710 2115 2763 si
2154 2724 2354 2779 paucos
2380 2727 2553 2765 naevos
2581 2713 2839 2782 excipias,
2872 2730 3001 2783 quos
3032 2730 3099 2768 ex
3123 2715 3347 2770 lectione
3394 2718 3646 2788 Origenis

2064 2803 2362 2866 contraxit,
2403 2809 2464 2855 ut
2510 2812 2697 2857 monet
2750 2805 2821 2858 is.
2873 2803 3232 2863 Casaubonus
3288 2823 3343 2878 p.
3391 2808 3516 2874 116,
3571 2810 3646 2864 ad

2063 2890 2352 2959 epistolam
2382 2889 2638 2961 Nysseni.
2670 2890 2776 2946 Sed
2804 2893 2895 2947 illa
2917 2892 3247 2964 Origeniana
3270 2896 3341 2952 ab
3367 2896 3649 2958 Iuereticis

2065 2980 2271 3035 inserta
2296 2981 2424 3037 olim
2454 2982 2637 3052 arguit
2674 2983 2732 3038 S.
2774 2982 3103 3051 Germanus,
3132 2984 3289 3043 CPol.
3326 2991 3470 3059 apud
3500 2990 3649 3045 Pho-

2064 3072 2199 3125 tium
2231 3073 2353 3127 cod.
2399 3072 2728 3132 CCXXXIII.
2760 3076 2923 3132 Certe
2953 3078 3057 3133 sub
3086 3078 3249 3134 ﬁnem
3268 3082 3466 3136 adsuta
3487 3085 3648 3139 clau-

2060 3163 2203 3227 sula,
2237 3165 2296 3219 in
2324 3180 2431 3236 qua
2498 3165 2685 3221 Severi
2717 3168 2961 3224 haeretici
3006 3171 3267 3243 Acephali
3298 3177 3525 3243 mentio,
3570 3194 3641 3233 ex

2059 3249 2331 3313 Theodori
2370 3255 2728 3315 Raitbuensis
2758 3260 2897 3315 libro
2933 3261 3011 3317 De
3049 3264 3428 3323 incarnatione
3459 3268 3646 3324 Domi-

2057 3347 2136 3410 ni,
2189 3350 2406 3418 qualem
2456 3367 2566 3405 non
2605 3351 2763 3416 Beza,
2807 3352 2904 3407 sed
2943 3352 3083 3409 Bob.
3134 3355 3420 3414 Ball‘oreus
3458 3358 3636 3415 Paris.

2057 3437 2218 3503 1599,
2256 3440 2310 3502 8,
2338 3448 2392 3495 et
2426 3440 2658 3497 Duceus
2696 3444 2884 3499 edidit.
2920 3445 3050 3503 Vide
3073 3448 3433 3517 Albertinum,
3466 3454 3531 3506 de
3571 3453 3638 3512 S.

2056 3525 2398 3584 Eucltaristia
2446 3548 2497 3602 p.
2528 3534 2655 3593 486.
2688 3533 2852 3589 Ρλιιιι.
2892 3534 2956 3589 ν.
2987 3536 3184 3594 Oudin.
3229 3542 3264 3593 I.
3296 3558 3349 3596 c.
3379 3559 3501 3614 pag.
3531 3544 3643 3600 60:!

2054 3635 2139 3689 sq.
2184 3623 2276 3691 qui
2322 3626 2519 3694 repetit
2560 3628 2739 3681 locum
2791 3630 3009 3701 longum
3044 3632 3198 3689 I-ldm.
3240 3635 3548 3702 Aubertini,
3603 3656 3635 3693 a

2057 3710 2311 3770 Fabricio
2335 3717 2563 3771 citatum
2597 3734 2613 3771 :
2646 3717 2773 3775 add.
2807 3720 3126 3777 Schraeclsh.
3164 3725 3202 3780 Ι.
3235 3742 3287 3779 c.
3317 3743 3372 3796 p.
3398 3729 3464 3784 79
3479 3745 3641 3801 sqq.;

2056 3802 2285 3860 Semler.
2314 3808 2351 3863 ι.
2378 3825 2541 3863 mem.
2573 3826 2628 3880 p.
2654 3812 2761 3869 220
2790 3828 2912 3883 sqq.
2938 3845 3009 3857 —
3039 3814 3336 3887 Gregorius
3361 3835 3466 3873 von
3494 3821 3636 3893 Nys-
3744 3862 3751 3869 .

2053 3912 2136 3961 sa,
2187 3899 2295 3954 und
2338 3900 2676 3971 Augustinus
2721 3901 2888 3958 Ueber
2930 3904 3030 3959 den
3079 3919 3253 3962 ersten
3297 3910 3633 3971 christlichen

2052 3991 2629 4063 Religionsunterricht.
2648 3998 2761 4051 Aus
2791 3998 2908 4052 dem
2931 3999 3300 4056 Griechischen
3324 4005 3431 4058 und
3448 4005 3631 4062 Latei-

2051 4082 2263 4135 uiso/ten
2283 4082 2543 4137 ubersetst
2573 4084 2693 4152 (von
2740 4084 3025 4156 Glauber.)
3058 4087 3158 4142 Mit
3197 4092 3442 4147 Anmerk'.
3475 4095 3627 4165 Lips.

2054 4174 2213 4238 1781,
2242 4173 2370 4242 maj.
2415 4176 2469 4230 8.
2498 4176 2784 4231 -Exstat
2828 4180 2960 4233 illud
2993 4195 3132 4251 opus
3173 4192 3360 4238 notatu
3404 4189 3629 4257 dignum

2049 4265 2327 4321 Monacbii
2356 4266 2410 4320 in
2460 4268 2584 4322 cod.
2614 4267 2834 4323 XXXIX
2869 4271 3000 4326 bibl.
3034 4276 3191 4329 elect.
3220 4275 3287 4331 V.
3319 4277 3438 4333 Cat.
3462 4283 3625 4338 codd.

2050 4354 2245 4412 Bavar.
2277 4375 2329 4425 p.
2376 4357 2465 4412 11.
2493 4390 2561 4400 ——
2584 4360 2843 4430 Augustae
2878 4361 3087 4420 Vindel.
3123 4375 3263 4423 teste
3306 4368 3533 4427 lleisero
3570 4378 3630 4429 in

369 4456 514 4513 inter
535 4456 723 4514 Basilii
753 4461 1015 4531 epistolas
1047 4464 1324 4521 tricesima
1360 4478 1579 4537 quarta.
1618 4469 1795 4528 Vertit
1824 4448 1951 4529 ante

2067 4448 2173 4502 Dat.
2207 4448 2368 4503 codd.
2406 4464 2460 4519 p.
2495 4450 2584 4506 11.
2614 4481 2683 4493 -
2710 4452 3049 4513 Viudobonae
3085 4460 3138 4514 in
3162 4462 3287 4517 cod.
3317 4463 3505 4530 XVIII,
3539 4485 3628 4523 nr.

370 4543 619 4603 Silanum
643 4546 884 4607 Joannes
902 4553 1079 4618 Cano,
1103 4554 1297 4610 Colon.
1328 4557 1489 4625 1557,
1510 4560 1628 4622 fol..
1653 4561 1796 4618 inter
1823 4564 1951 4634 Nys-

368 4636 488 4690 seni
525 4651 692 4707 opera
718 4638 914 4698 Latine
940 4643 1104 4699 edita.
1139 4644 1306 4702 FABR.
1355 4646 1646 4719 Reperitur
1682 4654 1737 4707 in
1774 4655 1949 4711 tribus

367 4726 531 4784 codd.
561 4730 695 4786 bibl.
725 4733 1059 4803 publ.Paris.
1078 4752 1094 4803 ;
1114 4737 1170 4791 in
1190 4740 1314 4794 cod.
1345 4739 1551 4798 Veneto
1576 4742 1746 4799 Marc.
1779 4745 1945 4809 XXII,

369 4817 474 4873 sub
540 4816 727 4879 Basilii
797 4825 1051 4894 nomine;
1101 4844 1316 4885 necnon
1365 4831 1673 4889 Vindobon.
1718 4837 1773 4891 in
1820 4839 1945 4892 cod.

367 4908 573 4966 Caesar.
614 4911 727 4979 LX,
762 4931 846 4972 nr.
874 4918 962 4984 10,
994 4921 1087 4975 ubi
1115 4921 1436 4979 inscribitur
1470 4923 1716 4993 Epistula
1748 4927 1806 4983 S.
1842 4928 1950 4983 Ba-

369 4999 482 5054 silii
508 4998 587 5055 Μ.
626 5005 696 5058 ad
731 5007 954 5075 fratrem
978 5025 1153 5073 suum,
1189 5012 1249 5068 S.
1278 5015 1432 5085 Greg.
1476 5016 1644 5088 Nysa.
1683 5019 1750 5074 ν.
1785 5019 1948 5073 Laui-

369 5090 488 5145 bec.
516 5092 754 5163 Cumm.,
780 5096 871 5164 lll,
905 5117 1028 5172 pag.
1058 5102 1185 5169 275,
1218 5107 1486 5176 imprimis
1513 5108 1719 5165 Kollar.
1743 5112 1797 5166 in
1819 5120 1949 5167 nota

368 5181 440 5236 Δ.
467 5178 659 5239 Exstat
686 5186 743 5241 in
768 5188 903 5244 edit.
925 5189 1110 5247 Basilii
1142 5193 1214 5249 Μ.
1257 5196 1638 5262 Garnieriana,
1674 5208 1806 5255 tom.
1852 5200 1940 5266 Ill,

370 5286 426 5342 p.
456 5272 577 5334 115.
608 5278 769 5346 epist.
799 5280 889 5346 58,
922 5293 1086 5353 atque
1119 5286 1296 5340 editor
1326 5288 1381 5341 in
1412 5299 1540 5343 nota
1571 5290 1611 5345 (Σ
1642 5293 1841 5347 asserit
1874 5294 1941 5347 il-

370 5362 476 5422 lam
504 5365 726 5435 Basilio,
747 5375 893 5442 quod
925 5375 1052 5431 huic
1078 5392 1289 5443 omnes,
1318 5397 1455 5447 quos
1483 5382 1719 5459 contulit
1741 5383 1940 5450 editor,

441 5545 522 5631 (ει)
554 5548 693 5631 Ean.
718 5565 779 5631 ἢ.
816 5552 972 5612 mss.
1005 5563 1134 5611 tom.
1169 5557 1253 5626 Ill,
1291 5575 1342 5631 p.
1375 5563 1426 5614 ο.

438 5616 514 5688 (ὁ)
548 5615 681 5688 ξ’κε.
713 5622 796 5674 i5.

439 5686 511 5756 (ε)
552 5686 677 5760 Pag.
712 5692 801 5746 ‘28.

2056 4541 2110 4602 5,
2145 4545 2311 4595 inulta
2346 4543 2414 4597 de
2439 4559 2504 4599 eo
2532 4545 2813 4601 adnotavit
2842 4547 3048 4604 Kollar.
3089 4551 3145 4605 in
3186 4557 3455 4625 supplem.
3504 4575 3629 4630 pag.

2057 4632 2162 4686 166
2189 4649 2274 4702 sq.
2302 4663 2372 4674 -—
2400 4633 2689 4691 Florentiae
2716 4639 2771 4693 in
2801 4640 2926 4695 cod.
2967 4640 3227 4699 Laurent.
3276 4645 3413 4709 XIII,
3452 4666 3538 4705 nr.
3569 4656 3627 4705 ti.

2060 4722 2121 4778 V.
2152 4724 2379 4779 Bandin.
2412 4727 2501 4791 Ill,
2533 4744 2585 4798 p.
2614 4732 2738 4786 355.
2767 4762 2834 4771 —
2857 4732 3034 4788 Paris.
3064 4736 3118 4789 in
3160 4737 3292 4792 bibl.
3326 4744 3470 4808 publ.
3500 4746 3623 4803 cod,

2054 4812 2179 4878 MX,
2212 4831 2299 4869 nr.
2330 4816 2382 4870 4.
2406 4848 2477 4873 —_—
2505 4817 2731 4875 Taurini
2761 4823 2814 4875 in
2844 4824 2975 4879 bibl.
3005 4841 3119 4896 reg.
3152 4841 3275 4884 cod.
3311 4831 3497 4896 LXXI,
3530 4836 3625 4889 l‘nl.

2052 4907 2142 4969 62,
2180 4918 2235 4961 et
2263 4908 2535 4967 CCLXIX.
2568 4911 2634 4966 ν.
2665 4924 2773 4967 eat.
2807 4916 2968 4971 codd.
3012 4918 3108 4975 Gr.
3152 4920 3378 4977 Taurin.
3428 4942 3476 4994 p.
3524 4929 3631 4983 168

2061 5011 2115 5052 ct
2138 4998 2265 5054 575.
2291 4999 2564 5057 Particula
2613 5020 2675 5059 ex
2731 5008 2826 5061 illo
2856 5019 2941 5063 est
2984 5011 3038 5063 in
3074 5010 3334 5082 Liturgiis
3377 5015 3477 5068 SS.
3526 5016 3628 5068 Pa-

2050 5097 2217 5153 trum,
2251 5090 2427 5148 Paris.
2471 5096 2615 5165 apud
2652 5097 2797 5153 Guil.
2836 5099 3139 5159 Metellum.
3186 5104 3279 5160 fol.
3314 5105 3438 5161 Vid.
3516 5112 3622 5167 vol.

2050 5180 2187 5247 Xlll,
2215 5199 2268 5254 p.
2300 5185 2404 5241 814
2433 5204 2517 5258 sq.
2551 5189 2723 5245 Hann.

2120 5297 2209 5351 54.
2253 5301 2393 5367 Περὶ
2425 5306 2767 5371 παρθενίας,
2812 5305 2889 5360 De
2938 5309 3236 5378 virginitate
3278 5310 3447 5374 liber,
3498 5330 3623 5367 cum

2048 5389 2334 5457 praemissa
2373 5393 2612 5462 epistola
2644 5398 3017 5455 exhortatoria
3046 5403 3112 5455 ad
3156 5402 3412 5457 virtutem
3440 5406 3529 5474 (Ι),
3564 5420 3619 5475 p.

2115 5569 2192 5635 (d)
2228 5568 2356 5637 Pag.
2391 5573 2477 5627 58.

2115 5642 2180 5699 (Β)
2223 5640 2347 5709 1³ης.
2378 5645 2410 5695 αἱ
2423 5645 2471 5694 7i.

2117 5711 2175 5783 il)
2222 5712 2342 5785 l'ag.
2384 5714 2475 5767 m
