3844 6226
137 307 216 370 ες
1357 317 1638 378 NOTITIA
1683 323 1716 379 E

1828 323 1904 380 ΡΑ
1914 323 2162 382 BRICIO.
3341 325 3412 382 2’}

136 429 392 494 διδ-611,
423 442 552 482 cum
581 428 730 485 notis
757 429 966 495 Ducaai,
997 440 1050 486 et
1083 433 1337 488 versione
1369 433 1514 490 Petri
1565 437 1728 492 Gale-
1761 444 1806 500 Α
1833 439 1990 496 bona).
2027 447 2193 506 notae,
2241 449 2294 494 et
2329 449 2386 494 ut
2429 441 2726 510 plurimum
2769 443 2822 494 in
2869 441 2959 504 iis,
3009 455 3131 510 qua:
3176 439 3413 508 alicujus

133 521 282 580 sinii.
311 535 436 590 quae
459 521 636 576 lucem
665 521 802 576 vidit.
833 521 994 578 Rom.
1025 523 1188 588 1562,
1219 525 1272 588 1,
1303 541 1392 595 ap.
1427 527 1488 580 P.
1513 527 1724 596 Manut.
1831 537 1963 585 sunt
2023 529 2306 592 momenti.
2357 532 2812 598 conspirantibus
2839 547 2856 597 ;
2895 531 3086 594 altero,
3133 529 3412 600 quondam

133 612 406 668 I‘rzeterea
445 611 598 668 hunc
627 614 832 669 librum
881 630 1008 669 cum
1041 616 1297 672 versione
1323 631 1426 672 sua
1471 621 1732 690 notisque
1831 619 2280 682 Ull'enbachiano,
2309 635 2433 673 cum
2465 635 2582 674 var.
2649 621 2871 676 lection.
2917 621 3120 690 partim
3171 619 3228 672 in
3275 634 3414 672 mar-

133 708 376 777 vnlgavit
397 706 642 762 Joannes
666 707 984 772 Liveneius,
1016 707 1300 780 Antwerp.
1342 726 1409 765 ex
1437 711 1530 765 οϐ’.
1563 711 1730 768 Plan-
1830 710 1976 780 gine,
2003 711 2200 779 partim
2235 710 2302 766 ad
2335 712 2540 766 calcem
2571 711 2812 781 scriptis,
2835 719 2890 766 et
2916 727 3078 780 quem
3105 717 3294 764 curate
3317 711 3414 762 de-

129 797 230 849 tin.
255 795 418 860 1574,
445 797 498 848 4.
517 795 740 866 Incipit:
775 797 834 850 '0
859 797 958 866 μὲν
989 799 1188 861 σκοπὸς
1215 798 1310 851 τοῦ
1323 799 1482 867 λόγου
1505 802 1724 858 ἐστὶν...

127 886 432 956 ἐπιθυμίαν
483 889 584 958 τῆς
647 889 770 940 κατ’
835 887 1040 960 ἀρετὴν
1059 889 1224 960 ζωῆς.
1290 889 1543 960 Scriptus
1576 894 1726 948 circa

129 993 182 1033 a.
211 979 276 1032 (Σ.
303 980 432 1033 571.
467 978 524 1034 In
553 979 785 1036 Livineii
810 983 1066 1038 versione
1089 984 1352 1036 nonnulla
1377 987 1726 1056 reprehendit

127 1069 326 1123 Dillius
353 1071 500 1140 apud
527 1071 916 1129 Passerinum.
943 1071 1112 1128 FABB.
1143 1073 1375 1129 Strenue
1399 1085 1454 1130 et
1479 1078 1728 1132 inconsi-

129 1163 394 1218 deranter
423 1165 800 1228 commendat,
833 1167 1096 1236 abreptus
1125 1168 1524 1222 consuetudine
1549 1177 1606 1223 et
1635 1170 1726 1238 ju-

127 1255 278 1310 dicio
325 1257 587 1320 aliorum,
635 1265 846 1312 mutata
879 1260 1108 1328 pristina
1154 1261 1448 1329 sententia,
1497 1263 1728 1317 cmliba-

127 1357 266 1402 tum.
301 1347 368 1404 ἲ.
397 1349 724 1406 Schroeckh.
770 1351 916 1404 Hist.
961 1351 1164 1406 Eccles.
1203 1361 1347 1422 part.
1375 1369 1496 1418 vni,
1541 1369 1594 1424 p.
1618 1355 1726 1410 252

127 1458 254 1512 sqq.
279 1450 428 1511 part.
455 1459 570 1505 xrv,
599 1459 655 1512 p.
687 1443 722 1496 ϐ
753 1451 807 1498 et
843 1444 936 1497 151
991 1461 1073 1515 sq.
1121 1445 1174 1499 Id
1202 1448 1526 1515 opusculum
1569 1449 1726 1516 θωυ-

127 1533 342 1587 dicavit
379 1533 632 1605 Nysseno
661 1533 980 1602 Scultetus;
1024 1536 1118 1591 sed
1149 1538 1488 1592 contrarium
1523 1541 1724 1594 docent

129 1625 214 1680 Du
243 1625 348 1680 Pin
389 1635 446 1681 et
469 1625 738 1682 Oudinus.
767 1627 978 1682 Auctor
1007 1643 1162 1684 novae
1185 1629 1321 1684 edit.
1347 1630 1401 1684 in
1427 1631 1578 1700 prtef.
1605 1649 1720 1687 rem

127 1719 188 1774 in
219 1720 392 1775 dubio
423 1723 668 1790 reliquit,
705 1737 806 1776 nec
840 1721 1054 1786 Riveto,
1091 1738 1144 1791 p.
1175 1723 1279 1776 547
1304 1739 1386 1791 sq.
1417 1725 1484 1779 de
1507 1739 1564 1778 re
1587 1726 1722 1780 levis

132 1811 398 1864 momenti
431 1811 594 1864 libuit
615 1811 1092 1866 altercari.—Est
1121 1827 1312 1882 opusc.
1339 1813 1392 1866 in
1419 1814 1542 1868 cod.
1571 1817 1722 1884 regio

132 1899 340 1954 Matrit.
385 1899 698 1964 LXXXVII,
745 1916 856 1954 una
903 1917 1028 1954 cum
1071 1899 1302 1972 Nysseni
1359 1903 1726 1971 explicatione

131 1993 428 2063 apolog.in
459 1992 847 2059 Hexaemeron,
879 2003 934 2047 et
965 1993 1038 2046 De
1065 1995 1275 2062 opiﬁcio
1299 1995 1514 2049 hom.V.
1543 1995 1723 2050 lriart.

131 2091 240 2138 rat.
269 2085 438 2138 codd.
495 2083 698 2138 Matrit.
753 2100 808 2152 p.
859 2083 1078 2138 556.-
1107 2083 1170 2138 lt.
1215 2085 1270 2138 in
1320 2085 1443 2139 cod.
1489 2083 1724 2142 LXXIV.

127 2191 238 2230 una
269 2191 398 2230 cum
429 2175 586 2246 Nyss.
609 2175 860 2246 apologia
887 2177 942 2228 in
979 2175 1362 2240 Hexaenteron,
1391 2183 1446 2230 et
1476 2193 1727 2232 sermone

133 2266 200 2326 In
237 2269 584 2322 dormientes.
635 2267 702 2321 Υ.
729 2269 908 2324 lriart.
934 2283 1056 2338 pag.
1083 2269 1180 2322 501
1211 2285 1294 2338 sq.
1330 2269 1386 2322 in
1424 2269 1546 2324 cod.
1575 2267 1724 2322 Tau-

133 2365 238 2416 rin.
295 2361 488 2416 LXXI.
528 2360 595 2416 V'.
638 2369 748 2415 cat.
795 2361 958 2415 codd.
997 2361 1164 2414 'l‘aur.
1199 2359 1294 2414 Gr.
1337 2377 1390 2430 p.
1425 2361 1550 2424 168,
1586 2362 1726 2416 etin

133 2455 313 2510 tribus
345 2455 511 2510 codd.
541 2455 676 2509 bibl.
711 2456 862 2524 pulnl.
902 2455 1074 2509 Paris.
1105 2454 1278 2508 HARL.

203 2549 295 2602 55.
325 2547 524 2602 Decem
553 2548 854 2618 syllogismi
882 2547 1134 2601 adversus
1169 2547 1492 2601 Manichwos
1525 2547 1625 2614 (a),
1667 2563 1720 2616 p.

135 2635 260 2699 619.,
299 2652 428 2692 cum
474 2637 730 2691 versione
777 2635 1072 2692 Frontonis
1115 2636 1322 2701 Ducmi,
1365 2637 1526 2702 cujus
1558 2638 1722 2691 etiam

133 2739 276 2784 nota:
299 2729 550 2784 videnda:
593 2747 647 2799 p.
689 2730 780 2782 17.
813 2730 1044 2798 Incipit:
1081 2729 1148 2782 Εἴ
1181 2747 1234 2782 τι
1265 2731 1330 2784 ἂν
1375 2731 1544 2784 κακὸν
1569 2731 1726 2784 κολα-

135 2821 308 2874 στέον.
345 2821 516 2875 Ρηι.
561 2821 620 2876 In
641 2822 748 2876 hoc
773 2823 957 2876 libello
991 2837 1182 2890 parum
1211 2825 1362 2893 gravi
1393 2823 1724 2892 probaturus

129 2921 252 2968 erat
289 2912 599 2984 Nyssenus,
645 2913 710 2966 τὸ
747 2914 918 2966 κακὸν
965 2929 1068 2968 nec
1101 2930 1226 2969 esse
1261 2915 1574 2985 ἀγέννητον,
1625 2929 1726 2968 nec

129 3004 322 3058 οὐσίαν
353 3005 470 3059 sive
497 3005 577 3068 ὃν,
603 3005 733 3074 quia
779 3005 833 3058 id
877 3006 948 3058 sit
973 3007 1146 3068 ποῖον,
1176 3005 1436 3074 qualitas.
1475 3003 1651 3058 ΒΑΜ..

1831 801 2054 870 scripsit
2083 798 2126 856 l.
2153 800 2220 857 II.
2257 800 2432 857 Maius
2479 803 2532 856 in
2563 803 2816 857 biblioth.
2869 801 3190 858 Uffenbach.
3241 811 3410 866 msta,

1827 901 1973 962 part.
2007 909 2072 956 ιι,
2109 908 2164 963 p.
2225 893 2352 956 425,
2409 908 2557 964 sqq.;
2607 894 2778 947 altero
2823 893 3310 948 Hasselmanniano
3358 892 3410 958 (a

1827 999 2148 1054 possessore
2179 983 2347 1048 illius,
2391 983 2628 1038 Zacltar.
2665 983 3088 1048 Hasselmanno,
3131 983 3283 1038 verbi
3329 983 3412 1036 di-

1827 1077 1938 1128 vini
1965 1074 2110 1144 apud
2135 1075 2686 1146 Oldenburgensesin
2715 1075 2940 1146 Wagria
2977 1077 3250 1138 ministro,
3269 1091 3410 1128 nun—

1828 1171 2070 1238 cupato),
2101 1168 2158 1221 in
2188 1183 2296 1236 quo
2320 1167 2750 1236 colloquentium
2777 1183 3082 1230 sermones,
3121 1167 3412 1234 descriptis

1829 1261 1996 1314 rubro
2049 1259 2235 1314 colore
2297 1261 2696 1329 disputantium
2744 1259 2992 1328 Gregorii
3045 1265 3098 1312 et
3153 1257 3410 1310 Macrina:

1827 1351 2162 1416 nominibus,
2193 1367 2224 1405 a
2261 1367 2318 1406 se
2349 1351 2582 1406 invicem
2605 1351 3041 1422 distinguuntur.
3071 1349 3145 1404 De
3175 1351 3278 1404 hoc
3293 1349 3410 1402 dia-

1829 1444 1973 1514 logo,
2003 1453 2057 1498 et
2083 1443 2152 1498 de
2177 1459 2372 1514 apusc.
2399 1442 2479 1497 De
2525 1445 2706 1498 anima
2750 1443 2815 1496 ad
2849 1443 3136 1496 historiam
3161 1442 3409 1510 antiqua:

1827 1537 2184 1607 philosophim
2241 1543 2295 1590 et
2349 1545 2592 1592 veterum
2629 1535 3008 1606 philosophor.
3051 1548 3115 1586 ac
3181 1531 3406 1584 Patrum

1825 1629 1892 1684 de
1937 1630 2119 1682 animo
2173 1631 2462 1698 opiniones
2513 1627 2824 1683 noscendas
2883 1625 3040 1680 valde
3087 1625 3232 1686 utili,
3283 1625 3408 1678 vide

1827 1721 2038 1776 Semler
2074 1723 2108 1774 Ι.
2151 1739 2199 1776 c.
2241 1737 2296 1792 p.
2331 1721 2438 1776 255
2473 1729 2674 1792 είιίι.,οι
2711 1719 3052 1772 Schroeckb.
3091 1734 3144 1788 p.
3182 1717 3252 1770 97
3282 1733 3405 1786 sqq.

1824 1823 1876 1867 ct
1917 1812 2018 1866 102
2063 1828 2180 1880 scq.
2217 1841 2287 1850 —
2319 1809 2510 1864 Exstat
2547 1825 2678 1864 vero
2729 1810 2780 1862 in
2835 1808 3084 1877 pluribus
3127 1807 3288 1860 codd.
3340 1822 3406 1860 ex

1825 1903 1918 1958 Gr.
1957 1903 2224 1958 Monacltii
2261 1903 2312 1956 in
2333 1903 2457 1958 cod.
2485 1900 2680 1956 XXXII
2719 1902 2913 1954 Ilavar.
2935 1900 3250 1960 —-Auaust.
3277 1897 3408 1952 Vin-

1826 1999 1933 2052 del.
1969 1997 2074 2061 bis,
2105 2006 2241 2050 teste
2277 1995 2500 2050 Reisero
2531 1997 2582 2048 in
2615 1995 2737 2050 Cat.
2773 2011 2823 2062 p.
2862 1993 2933 2046 2'2
2965 2001 3018 2046 et
3057 1993 3144 2046 51.
3181 2024 3250 2032 —
3273 1991 3408 2044 Vin-

1826 2089 1953 2144 dub.
1981 2090 2036 2142 in
2072 2089 2194 2142 cod.
2229 2088 2432 2142 Caesar.
2459 2085 2650 2140 XVIII.
2673 2101 2758 2138 nr.
2787 2087 2838 2138 1.
2868 2083 2929 2137 ν.
2965 2083 3169 2136 Kollar.
3195 2085 3247 2136 in
3273 2097 3406 2150 sup—

1825 2184 1990 2254 plem.
2025 2183 2092 2236 ad
2143 2181 2414 2234 Lainbccii
2459 2181 2671 2235 Comm.
2715 2195 2766 2248 p.
2829 2177 2950 2230 165.
2981 2207 3048 2215 ——
3079 2175 3318 2228 Venetiis
3353 2175 3408 2228 in

1827 2275 1958 2332 bibl.
1991 2273 2156 2328 Marc.
2187 2273 2338 2329 DCII.
2386 2273 2616 2344 Nysseni
2647 2271 2714 2324 ad
2769 2269 3064 2324 Macrinam
3101 2268 3177 2320 De
3228 2267 3408 2320 anima

1825 2377 1874 2420 et
1913 2367 2310 2428 resurrectione,
2351 2373 2406 2420 et
2447 2365 2522 2418 De
2556 2367 2738 2417 animo
2769 2377 2968 2418 sermo.
2999 2389 3068 2400 ——
3093 2359 3320 2412 Taurini
3347 2361 3402 2412 in

1827 2461 1964 2514 bibl.
1999 2459 2130 2530 Reg.
2185 2457 2346 2512 codd.
2385 2455 2628 2520 XXXIV,
2683 2451 2867 2516 LXIX,
2921 2463 2974 2508 ct
3029 2447 3406 2506 C(LLXXXIX.

1829 2549 1891 2602 V.
1913 2551 2032 2602 Cat.
2069 2548 2229 2602 codd.
2251 2545 2419 2601 Taur.
2453 2563 2573 2616 pag.
2601 2545 2848 2610 110,159
2867 2555 2920 2598 et
2949 2543 3072 2597 580.
3097 2573 3144 2580 -
3185 2542 3409 2594 Floren-

1827 2640 1916 2694 tim
1947 2639 2000 2691 in
2039 2641 2170 2692 bibl.
2197 2637 2462 2692 Laurent.
2495 2636 2622 2692 cod.
2663 2635 2704 2700 l,
2739 2653 2824 2689 nr.
2865 2637 2922 2700 2,
2983 2635 3120 2704 plut.
3159 2633 3208 2685 7.
3249 2661 3320 2671 ——
3351 2631 3408 2684 In

1826 2729 1948 2784 Cod.
1977 2727 2195 2790 XXXV,
2223 2743 2310 2781 nr.
2342 2727 2413 2781 26
2441 2727 2624 2796 ejusd.
2670 2727 2806 2794 plut.
2841 2753 2912 2762 —
2937 2723 3070 2778 etin
3098 2723 3222 2774 cod.
3265 2719 3408 2786 XIII,

1827 2837 1910 2874 nr.
1945 2823 1998 2883 5,
2033 2823 2168 2890 plut.
2197 2819 2290 2874 86.
2317 2817 2442 2873 Vid.
2471 2817 2702 2870 Bandin.
2745 2825 2882 2875 cat.,
2926 2825 3055 2874 etc.,
3089 2812 3128 2876 I,
3159 2830 3224 2882 p.
3279 2811 3404 2874 165,

1825 2915 1932 2970 208
1957 2923 2011 2968 et
2040 2914 2124 2976 Ill,
2153 2931 2209 2984 p.
2243 2913 2367 2968 555.
2397 2941 2466 2952 --
2493 2911 2550 2966 In
2591 2919 2798 2978 septem
2832 2909 3021 2968 codd.,
3053 2915 3108 2962 et
3145 2907 3268 2960 vitae
3303 2903 3412 2958 hla-

1827 3012 1992 3062 crinae
2019 3007 2072 3060 in
2101 3008 2278 3060 tribus
2316 3003 2476 3059 codd.
2505 3003 2638 3058 bibl.
2681 2999 2844 3054 Publ.
2875 2998 3050 3052 Paris.
3079 2997 3252 3050 "ARL.

205 3097 296 3152 56.
369 3097 444 3150 Τὰ
509 3097 808 3164 Μακρίνια
871 3098 996 3165 περὶ
1051 3095 1258 3166 ψυχῆς
1308 3096 1408 3149 καὶ
1465 3095 1716 3150 ἀναστάσ-

1897 3100 1984 3154 57.
2003 3099 2165 3154 Κατὰ
2193 3095 2673 3164 Ἀπολλιναρίου,
2695 3092 2894 3148 Contra
2915 3091 3332 3159 Apollinarium,
3348 3089 3414 3140 li-

125 3203 310 3252 σεως,
351 3185 640 3250 Matrinia,
662 3190 778 3242 sive
805 3188 870 3240 de
899 3189 1080 3240 anima
1101 3197 1150 3240 et
1179 3189 1580 3250 resurrectione,
1601 3186 1724 3240 dia-

125 3279 286 3350 logus
317 3294 446 3333 cum
469 3294 660 3334 sorore
701 3278 968 3342 Macrine,
989 3293 1112 3332 cum
1151 3277 1412 3332 Basilium
1474 3279 1719 3342 fratrem,

125 3371 272 3430 2-0.
331 3373 440 3426 579
495 3371 853 3430 exstinctum,
907 3369 1154 3438 lugerent
1190 3369 1288 3437 (b),
1346 3357 1420 3438 μ’
1452 3368 1722 3434 615-692,

125 3479 254 3520 cum
295 3465 554 3518 versione
607 3462 887 3516 Laurentii
939 3461 1137 3516 Silani.
1189 3461 1426 3531 Incipit:
1503 3461 1720 3532 Ἐπειδὴ

121 3557 222 3609 τοῦ
260 3555 612 3626 ἀνθρωπίνου
643 3555 762 3625 βίου
813 3553 1004 3618 πολύς.
1041 3553 1286 3608 Meminit
1320 3552 1548 3608 Photius
1592 3555 1716 3610 cod.

129 3648 470 3710 CCXXXIII,
513 3659 568 3703 et
605 3648 829 3714 Suidas,
863 3655 1118 3708 testatus,
1155 3645 1480 3714 Gregorium
1515 3645 1720 3717 Nysse-

122 3755 258 3794 num
283 3739 582 3808 scripsisse
615 3739 828 3809 μακρόν
853 3755 980 3792 τινα
997 3739 1094 3791 καὶ
1119 3737 1428 3808 περικαλλῆ
1459 3738 1596 3808 πρὸς
1621 3739 1722 3809 τὴν

111 3817 368 3902 ,ἀδελφὴν
409 3833 696 3903 Μακρίναν
733 3831 1066 3902 περὶ-ψυχῆς
1099 3831 1277 3899 λόγον.
1331 3829 1428 3884 llic
1451 3839 1538 3886 est
1579 3830 1722 3902 Nys-

123 3927 248 3984 ξεεηί
307 3927 384 3980 De
437 3927 844 3980 immortalitate
899 3939 1093 3978 animm
1153 3924 1312 3987 liber,
1357 3925 1453 3993 qui
1499 3924 1722 3979 Danicle

121 4021 404 4094 Augentio
435 4021 734 4091 interprete
765 4018 968 4089 prodiit
993 4017 1205 4080 Latine,
1237 4016 1414 4072 Paris.
1465 4017 1628 4080 1557,
1658 4018 1715 4069 8.

123 4115 294 4172 Fama.
329 4114 554 4169 Diversa
583 4115 862 4168 variorum
899 4111 966 4165 de
995 4112 1088 4164 illo
1123 4111 1340 4180 dialogo
1365 4109 1574 4176 judicia
1607 4110 1722 4162 col-

123 4209 254 4279 legit
283 4205 540 4262 Oudinus
577 4205 614 4258 l.
650 4219 702 4259 c.
733 4219 788 4274 p.
809 4203 1010 4258 604.—-
1029 4202 1192 4258 Joan.
1213 4202 1528 4270 Cbristotih.
1549 4199 1716 4253 Wolf.

125 4301 178 4355 in
223 4299 516 4352 Aneedotis
557 4295 778 4362 Gra'cis,
815 4306 948 4350 tom.
973 4296 1048 4360 'II,
1083 4311 1135 4365 p.
1187 4295 1258 4350 28
1283 4311 1432 4363 sqq.,
1483 4295 1719 4362 primum

125 4391 278 4446 dedit
313 4403 571 4460 magnam
615 4389 941 4459 particulam
973 4387 1070 4441 Gr.
1127 4403 1190 4441 ac
1225 4384 1346 4439 Lat.
1381 4401 1506 4439 cum
1572 4386 1720 4439 notis

127 4491 182 4536 nt
211 4482 512 4552 plurimum
547 4480 777 4542 criticis,
809 4491 943 4542 tum,
965 4495 1032 4533 ne
1064 4479 1280 4548 longior
1302 4485 1468 4540 esset,
1501 4491 1554 4546 p.
1590 4477 1715 4540 519,
1751 4473 1794 4527 D

125 4587 300 4642 usque
329 4571 400 4624 ad
431 4587 487 4640 p.
521 4570 650 4634 550,
677 4577 732 4624 et
763 4573 820 4624 in
857 4577 1010 4624 tomo
1039 4567 1124 4632 lll,
1157 4585 1210 4637 p.
1251 4567 1406 4630 1-17,
1435 4567 1488 4619 in
1521 4581 1716 4619 eorum

123 4663 480 4718 commodum
517 4669 576 4716 et
613 4677 799 4722 usum,
833 4662 1072 4730 quibus,
1123 4667 1186 4714 ut
1243 4660 1340 4723 ait,
1399 4659 1718 4712 consultum

125 4757 424 4820 videbitur,
479 4755 756 4826 egregiam
795 4755 944 4807 illam
1005 4759 1366 4807 commentat.
1421 4751 1718 4820 aliquando

125 4865 258 4904 nova
289 4851 416 4904 luce
456 4855 712 4902 ornatam
763 4847 988 4916 publico
1017 4847 1234 4908 sistere,
1269 4845 1452 4897 varias
1483 4842 1714 4896 duorum

129 4941 282 4996 codd.
327 4941 622 4996 lectiones.
661 4937 718 4991 In
756 4937 968 5007 praefat.
999 4938 1068 4990 ad
1099 4947 1236 4991 tom.
1279 4935 1344 4998 Il,
1403 4935 1559 4988 valde
1595 4935 1716 4987 lau-

127 5033 272 5086 davit
301 5031 860 5092 commentationem,
898 5038 971 5094 et,
1005 5029 1152 5099 quod
1189 5027 1489 5097 perspexit,
1543 5033 1712 5078 totam

127 5129 266 5184 illam
297 5129 558 5200 pluribus
589 5129 728 5182 locis
770 5125 826 5181 in
859 5137 1091 5197 utraque
1123 5127 1253 5180 edit.
1289 5125 1490 5190 Paris.,
1523 5125 1714 5195 impri—

129 5223 224 5278 mis
243 5237 378 5278 vero
413 5221 470 5274 in
501 5221 706 5290 priore,
751 5220 988 5290 pessime
1038 5226 1318 5288 acceptam
1367 5233 1493 5272 esse
1521 5226 1574 5270 et
1615 5218 1714 5270 ha-

131 5313 288 5368 bitam
329 5331 346 5370 :
380 5323 596 5384 partem
655 5313 806 5368 illius
855 5321 1026 5366 totam
1057 5327 1184 5365 cum
1235 5311 1486 5366 versione
1523 5311 1716 5364 Latina

133 5409 356 5476 pristina
387 5407 621 5476 suisque
659 5405 806 5462 notis
847 5406 1117 5460 exhibuit.
1175 5405 1284 5458 llas
1319 5404 1613 5457 varietates
1649 5405 1718 5458 le~

135 5503 326 5556 ctionis
375 5501 617 5572 sumpsit
669 5515 736 5554 ex
789 5497 1008 5553 duobus
1047 5497 1282 5554 diversis
1323 5495 1482 5552 codd.
1542 5495 1720 5564 iisque

201 5683 276 5746 ta)
319 5683 416 5736 ΕΛ.
463 5701 512 5735 a.
553 5681 712 5746 1658,
747 5691 876 5736 tom.
911 5680 996 5746 III,
1033 5681 1229 5750 p.180.

203 5757 274 5820 (bi
309 5753 434 5824 Pag.
475 5754 598 5807 181.
1259 5765 1268 5772 '

1827 3191 1924 3246 ber
1957 3191 2024 3244 ad
2056 3189 2416 3258 Theophilum,
2461 3189 2530 3242 ab
2564 3203 2615 3240 a.
2665 3187 2727 3240 C.
2777 3183 2882 3240 585
2923 3185 3244 3252 episcopum
3288 3180 3412 3233 Alco

1825 3283 2153 3336 xandrinum
2183 3280 2274 3352 (c),
2309 3297 2363 3350 p.
2401 3277 2666 3341 693-698,
2709 3291 2834 3329 cum
2877 3273 3175 3327 Frontonis
3225 3269 3406 3322 Ducn-i

1823 3375 2074 3425 versione
2103 3378 2156 3424 et
2185 3369 2352 3424 notis.
2387 3368 2580 3438 Incipit
2618 3386 2630 3421 :
2667 3367 2746 3418 Οὐ
2807 3365 2976 3435 μόνης
3005 3362 3124 3414 ἐστὶ
3173 3361 3277 3430 τῆς
3320 3375 3412 3414 κο-

1825 3461 2033 3530 σμικῆς
2051 3461 2244 3530 σοφίας
2277 3457 2526 3528 εὔφορος.
2559 3457 2776 3512 Citatur
2809 3455 2878 3509 ab
2897 3453 3188 3524 Euthymio
3221 3453 3275 3505 in
3303 3449 3415 3504 Pa-

1823 3552 2024 3620 noplia.
2083 3551 2294 3606 Prodiit
2333 3551 2540 3612 Graece,
2593 3557 2823 3604 curante
2869 3545 3206 3609 llmschelio,
3233 3543 3408 3614 Lugd.

1825 3645 1942 3697 Bat.
1977 3643 2136 3706 1595,
2177 3645 2232 3708 8,
2265 3659 2390 3697 cum
2434 3643 2558 3696 aliis
2609 3639 2845 3711 Nysseni
2877 3638 3184 3708 upusculis.
3241 3637 3307 3690 Et
3344 3651 3412 3691 ex

1825 3737 2005 3791 Ducmi
2069 3736 2525 3806 interpretatione
2559 3735 2768 3788 Latine.
2795 3731 3096 3802 lngolstad.
3152 3730 3310 3794 1596,
3355 3731 3408 3784 8.

1825 3828 1902 3884 Ex
1927 3827 2187 3881 Turriani
2216 3837 2398 3881 autem
2424 3827 2678 3880 versione
2711 3827 2764 3877 in
2797 3833 2930 3877 tom.
2959 3823 3003 3875 ν
3039 3821 3273 3874 Lection.
3315 3837 3414 3872 an-

1825 3923 2090 3991 tiquarum
2121 3919 2342 3972 Henrici
2373 3918 2600 3980 Canisii,
2638 3915 2936 3985 lngolstad.
2974 3915 3135 3974 1004.
3185 3914 3237 3976 4,
3285 3927 3408 3981 pag.

1828 4014 1950 4068 191.
1986 4011 2152 4064 Fann.
2207 4011 2268 4064 In
2319 4009 2572 4078 Basuagii
2635 4007 2902 4060 Thesauro
2951 4021 3187 4058 manum.
3225 4003 3412 4056 eccles.

1820 4103 2047 4158 Amstel.
2086 4101 2243 4164 1725,
2275 4101 2366 4154 l'ol.
2403 4109 2535 4153 tom.
2569 4097 2634 4150 V.
2655 4097 2864 4166 p.161,
2889 4094 3192 4164 Basnagius
3217 4091 3408 4154 Graeca

1823 4195 2036 4250 addidit
2069 4210 2136 4249 ex
2171 4193 2306 4247 edit.
2355 4191 2622 4244 Fronton.
2683 4188 2860 4242 Dneaai
2905 4195 3038 4240 tom.
3079 4183 3140 4250 II,
3179 4201 3232 4253 p.
3285 4183 3412 4236 677.

1822 4286 1982 4340 Conl'.
2021 4283 2230 4338 Semler
2263 4286 2298 4337 l.
2339 4299 2387 4334 c.
2423 4298 2478 4351 p.
2527 4281 2653 4334 256.
2695 4309 2766 4320 ——
2800 4279 2994 4332 Exstat
3019 4279 3072 4331 in
3109 4276 3234 4331 cod.
3289 4273 3408 4328 Dlll

1822 4378 1958 4434 bibl.
1996 4375 2158 4431 Publ.
2191 4375 2366 4430 Paris.
2405 4373 2578 4428 llanL.

1898 4491 1988 4544 58.
2031 4490 2166 4556 Περὶ
2199 4489 2328 4550 τοῦ,
2363 4485 2430 4539 Τί
2459 4485 2528 4540 τὸ
2555 4484 2922 4552 Χριστιανῶν
2948 4483 3136 4550 ὄνομα
3167 4481 3206 4550 ἢ
3235 4480 3418 4550 ἐπάγ-

1825 4586 2036 4653 γελμα,
2072 4579 2224 4646 Quid
2259 4595 2444 4632 nomen
2476 4577 2797 4646 professione
2841 4575 3272 4628 Christianorum
3310 4573 3414 4625 sibi

1825 4675 1969 4735 uelit,
2003 4673 2070 4724 ad
2113 4667 2606 4738 Harmonium'(d),
2647 4682 2766 4735 pag.
2813 4664 3072 4728 699-707,
3127 4678 3251 4717 cum
3293 4677 3414 4714 vcr—

1829 4761 1982 4816 sione
2015 4757 2300 4812 Laurentii
2329 4755 2522 4809 Silani.
2558 4756 2756 4824 Incipit
2801 4771 2812 4806 :
2847 4754 3028 4823 Ὅπερ
3054 4752 3250 4804 ποιῶσι
3275 4751 3414 4821 πρὸς

1825 4853 1952 4914 τοὺς
1977 4849 2332 4920 κρατοῦντας.
2363 4847 2611 4902 Verterat
2659 4855 2714 4901 et
2753 4846 3023 4899 Maximus
3071 4843 3414 4911 Margunius,

1821 4944 2180 5013 Gytberorum
2207 4941 2524 5008 episc0pus,
2574 4937 2760 4992 Venet.
2795 4937 2953 5000 1585,
2989 4938 3042 4991 8.
3080 4937 3264 4990 Graece
3291 4951 3414 5005 pro-

1823 5037 1924 5091 diit
1971 5034 2144 5102 Lugd.
2179 5033 2300 5085 Bat.
2347 5033 2505 5094 1505,
2538 5031 2590 5085 8.
2643 5030 2808 5085 ΕΔΜ.
2863 5029 3157 5100 Reperitur
3193 5031 3246 5084 in
3279 5045 3414 5100 qua-

1825 5139 1949 5183 tuor
1976 5127 2136 5181 codd.
2166 5125 2297 5178 bibl.
2339 5123 2496 5178 Publ.
2517 5122 2692 5180 Paris.
2719 5127 2850 5179 etin
2887 5123 3009 5178 cod.
3039 5123 3202 5176 Taur.
3223 5123 3410 5187 LXXI,

1825 5219 1920 5273 l'ol.
1953 5217 2076 5271 1M.
2107 5215 2278 5270 "ARL.

1895 5308 1986 5365 59.
2039 5309 2177 5377 Περὶ
2247 5309 2641 5375 τελειότητος,
2698 5306 2796 5360 καὶ
2841 5306 3052 5360 ὁποῖον
3100 5305 3217 5374 χρὴ
3261 5301 3412 5356 εἶναι

1791 5402 1930 5464 ,τὸν
1983 5401 2360 5468 Χριστιανῶν.
2417 5399 2582 5454 Liber
2627 5399 2698 5452 De
2743 5399 3076 5468 perfectione,
3115 5409 3162 5451 et
3205 5398 3411 5466 qualem

1827 5503 2062 5564 oporteat
2119 5511 2230 5566 esse
2288 5493 2678 5558 Christianam,
2729 5493 2796 5546 ad
2848 5493 3175 5562 Olympium,
3225 5507 3412 5544 momi—

1910 5674 1980 5742 (ε)
2023 5675 2149 5745 Pag.
2185 5677 2307 5728 216.

1899 5747 1975 5816 Id)
2019 5745 2140 5818 I’ag.
2183 5747 2305 5800 267.
