3844 6226
414 274 488 333 27
1607 280 1890 339 NOTITIA
1911 279 2001 337 EX
2042 280 2388 344 FABRICIO.

3623 281 3705 341 Ξῖ

417 403 573 453 c'ium
604 398 703 470 (a),
731 414 787 471 p.
809 398 1078 465 7061-750,
1106 413 1233 455 cum
1260 398 1519 456 versione
1542 398 1689 456 Petri
1714 400 1998 459 Francisci
2030 405 2079 464 Α
2172 400 2264 456 ﬂ.
2329 401 2399 456 In
2441 400 2501 457 S.
2554 398 2878 471 Stephanum
2946 406 3390 467 protamartyrem
3419 398 3513 466 (ε).
3573 412 3692 471 με.

420 489 565 556 Ζίιιί,
611 499 667 545 et
697 491 994 549 Frontonis
1040 490 1218 547 Ducaai
1252 493 1400 549 notis
1432 493 1502 548 ad
1554 494 1853 550 voluminis
1885 495 2000 550 cal-‘

416 597 558 636 cem.
587 580 816 653 Incipit:
839 583 1132 655 Πρέπουσα
1150 586 1217 655 τῇ
1239 583 1555 656 προαιρέσει
1578 585 1851 657 ἡσπουδή.
1880 587 2003 643 Ver-

420 672 488 725 tit
536 681 591 727 et
640 673 914 730 Maximus
948 674 1313 748 .Margunius,
1362 673 1554 731 Venet.
1600 676 1759 735 1585.
1813 676 2002 734 Graece

418 763 697 834 prodierat
730 766 966 836 primum
1007 766 1204 821 Venet.
1242 766 1403 829 1574,
1438 768 1493 830 8,
1528 774 1585 822 et
1604 768 1802 824 deinde
1823 768 1999 840 Lugd.

418 855 539 909 But.
577 856 735 916 1595.
760 856 813 911 8.
837 855 1053 912 Citatur
1083 857 1155 910 ab
1200 857 1497 912 Anastasio
1528 856 1763 921 Sinaita,
1800 866 1999 930 quaest.

419 947 461 1002 I.
517 948 801 1020 Nyssenus
847 949 917 1002 ad
978 948 1283 1020 Olympium
1332 949 1597 1020 ἀσκητήν.
1639 947 1835 1003 Photio
1873 950 2000 1005 cod.

416 1037 749 1107 CCXXXIII,
806 1038 962 1105 λόγος
1004 1038 1134 1108 περὶ
1177 1037 1272 1092 τοῦ
1309 1038 1515 1091 τελείου
1555 1037 1692 1109 βίον.
1733 1037 1900 1094 ΕΑΒιι.
1940 1038 2003 1094 In

417 1131 543 1186 cod.
577 1129 804 1186 Taurin.
828 1147 940 1202 reg.
968 1130 1158 1196 LXXI,
1185 1131 1279 1188 fol.
1315 1132 1439 1187 159.
1473 1131 1538 1186 V.
1570 1139 1679 1187 cat.
1713 1131 1878 1190 codd.
1899 1130 1998 1187 Gr.

418 1220 586 1277 Taur.
644 1238 698 1293 p.
740 1222 865 1280 169.
903 1253 965 1264 —-
1013 1222 1072 1279 In
1126 1233 1367 1295 quatuor
1409 1224 1572 1279 codd.
1634 1223 1814 1280 Paris.
1864 1223 2001 1279 bibl.

416 1311 576 1369 Publ.
610 1312 785 1369 ΒΑΜ..

516 1408 608 1461 40.
674 1407 1082 1475 Ὑποτύπωσις
1149 1408 1266 1464 sive
1332 1406 1646 1463 Summaria
1714 1407 2001 1477 descriptio

417 1494 527 1548 veri
578 1496 720 1564 scopi
762 1497 882 1551 vitae
931 1496 1197 1561 asceticw,
1240 1512 1366 1550 cum
1409 1496 1668 1552 versione
1718 1497 1849 1552 Fed.
1882 1498 2003 1552 Μο-

417 1587 558 1652 rclli,
585 1603 639 1657 p.
669 1587 923 1644 759.745.
953 1588 1151 1658 Incipit
1182 1606 1197 1642 :
1228 1579 1398 1652 Εἴτις
1420 1587 1655 1659 σμικρὸν
1685 1574 2003 1660 ἀποστήσας

415 1680 509 1733 τοῦ
535 1680 803 1751 σώματος.
829 1680 1122 1737 Prodierat
1153 1680 1449 1752 separatim
1480 1695 1606 1736 cum
1642 1679 1853 1738 Morelli
1883 1696 2002 1737 ver-

417 1775 574 1830 sione
599 1773 772 1830 I’aris.
802 1773 963 1836 1606,
993 1774 1048 1827 8.

486 1867 574 1922 41.
614 1865 772 1935 Πρὸς
810 1864 954 1931 τοὺς
982 1863 1356 1935 ἀχθομένους
1380 1862 1512 1930 ταῖς
1557 1862 2005 1935 ἐπιτιμήσεων⁹

414 1958 497 2012 Ad
524 1975 611 2013 eos
642 1959 732 2029 qui
771 1957 1154 2027 castigationes
1177 1972 1316 2024 wgre
1334 1958 1513 2025 terunt
1539 1955 1638 2026 (ὁ),
1657 1970 1711 2026 p.
1734 1955 2000 2020 755-749,

414 2062 542 2100 cum
575 2046 828 2101 versione
862 2044 1121 2099 Gentiani
1153 2043 1396 2101 Herveti.
1431 2044 1624 2116 Incipit
1657 2064 1671 2100 :
1705 2044 1861 2099 Θεϊον
1881 2045 2005 2117 ἀλη-

415 2139 522 2202 θῶς
548 2138 643 2192 καὶ
668 2137 810 2208 ἱερὸν
830 2139 1019 2209 χρῆμα.
1039 2141 1067 2192 ὁ
1096 2138 1253 2208 λόγος
1284 2138 1444 2193 Θεοῦ.
1485 2137 1771 2194 Prodierat
1813 2139 2004 2196 Graece

413 2229 591 2286 Paris.
624 2230 783 2297 1570,
812 2233 867 2286 8.
901 2230 1066 2285 ΒΑΜ.
1110 2231 1302 2287 Exstat
1332 2231 1388 2285 in
1415 2241 1657 2301 quatuor
1686 2232 1849 2288 codd.
1897 2231 2003 2288 Pa-

415 2324 512 2379 ris.
543 2330 598 2377 et
628 2324 682 2377 in
715 2322 839 2378 cod.
867 2323 1094 2379 Taurin.
1128 2322 1316 2378 LXXI.
1354 2322 1529 2378 Haec.

485 2415 576 2470 42.
619 2416 760 2484 Περὶ
807 2414 927 2470 τῶν
984 2416 1100 2486 πρὸ
1144 2417 1303 2488 ὥρας
1356 2417 1858 2488 ἀφαρπαζομέννων
1892 2436 2002 2488 νη-

378 2508 585 2570 ’πίων,
638 2507 715 2562 De
761 2507 1057 2577 infantibus
1116 2510 1207 2580 qui
1267 2518 1591 2577 praemature
1642 2511 1999 2580 abripiuntur,

412 2600 482 2653 ad
509 2599 752 2654 Hirrium
783 2602 881 2672 (c),
942 2599 1300 2671 Cappadocia:
1319 2602 1651 2671 praifectnm,
1672 2618 1725 2673 p.
1745 2602 1999 2669 748-770,

410 2708 538 2749 cum
575 2693 835 2749 versione
864 2693 1146 2750 Laurentii
1173 2693 1370 2748 Silani.
1428 2694 1634 2765 Incipit
1686 2713 1701 2750 :
1762 2696 1855 2749 Σοὶ
1877 2695 1998 2767 μὲν,

408 2778 456 2838 ὦ
476 2786 685 2853 ἄριστε,
709 2784 913 2850 πάντες
935 2785 1187 2855 σοφισταί
1206 2802 1267 2839 τε
1287 2785 1383 2840 καὶ
1408 2786 1760 2859 λογογράφοι.
1785 2787 2000 2843 Cilatur

411 2876 481 2931 ab
510 2876 831 2941 Anastasio,
853 2887 1052 2948 quiest.
1091 2876 1181 2931 16.
1210 2876 1255 2931 A
1284 2875 1536 2948 Nysseno
1574 2878 1689 2948 jam
1721 2894 1855 2935 sene
1885 2878 2000 2934 haec

409 2967 642 3036 epistola
673 2968 879 3039 scripta
905 2976 1012 3025 est.
1036 2966 1204 3023 Fssu.
1229 2967 1527 3039 Reperitur
1550 2969 1605 3024 in
1627 2969 1808 3026 tribus
1832 2970 1996 3026 codd.

412 3055 590 3112 Paris.
625 3065 682 3112 et
716 3057 773 3111 in
809 3058 932 3112 cod.
980 3055 1209 3111 Taurin.
1236 3054 1427 3119 LXXI,
1478 3057 1577 3111 fol.
1628 3057 1755 3112 551.
1802 3055 1861 3110 In
1894 3055 2000 3111 hoc

410 3163 603 3219 opusc.
640 3164 696 3217 p.
726 3148 833 3203 522
861 3155 948 3203 est
991 3163 1025 3203 a
1054 3146 1255 3204 Ducato
1288 3149 1445 3203 locus
1472 3148 1542 3204 de
1583 3148 1709 3218 igne
1742 3154 2001 3218 purgato-

411 3239 497 3291 rio
524 3236 761 3292 insertus
792 3254 805 3290 :
836 3252 943 3306 qua
968 3236 1036 3291 de
1064 3252 1125 3291 re
1155 3236 1246 3289 alii
1284 3236 1340 3289 id
1381 3236 1465 3292 vel
1508 3239 1760 3306 spurium
1800 3234 1883 3290 vel
1917 3233 2004 3287 in-

410 3328 743 3398 terpolatutn
775 3328 1111 3384 habuerunt.
1144 3326 1209 3383 V.
1230 3325 1431 3383 Oudin.
1455 3343 1511 3399 p.
1540 3326 1727 3403 005_et
1748 3325 1999 3380 Rivetum

411 3421 467 3475 in
496 3420 700 3475 Critico
739 3436 917 3485 sacro,
946 3435 1071 3490 cap.
1099 3420 1194 3481 25.
1227 3436 1284 3490 q.
1316 3419 1421 3474 548
1449 3435 1572 3490 sqq.
1611 3418 1718 3475 Sed
1740 3434 2003 3491 compara

410 3512 722 3568 'I'illemont.
738 3511 905 3583 p.6I2
917 3519 973 3568 et
988 3510 1113 3576 615.
1134 3510 1366 3574 Semlcr.
1384 3511 1422 3565 l.
1438 3526 1489 3566 c.
1508 3528 1562 3583 p.
1580 3511 1708 3576 257,
1729 3510 2002 3582 imprimis

416 3602 741 3660 Schrmckh.
775 3604 842 3660 de
859 3602 954 3657 Illo
972 3617 1167 3673 opusc.
1188 3603 1422 3673 locoque
1435 3617 1554 3674 pag.
1568 3603 1669 3657 155
1688 3617 1809 3673 sqq.
1826 3600 1998 3657 HABL.

486 3694 575 3750 43.
619 3696 721 3761 Eli;
752 3694 868 3762 τὴν
898 3691 1213 3763 γέννησιν.
1254 3691 1323 3747 In
1348 3694 1582 3749 natalem
1599 3695 2000 3749 Domininostri

408 3784 541 3840 Jesu
565 3782 788 3848 Christi,
821 3795 871 3839 et
903 3785 958 3839 in
987 3784 1220 3854 infantes
1249 3784 1709 3841 Bethleltemiticos
1739 3785 1846 3856 (ά),
1871 3801 1996 3856 pag.

408 3878 672 3943 771.786,
701 3894 825 3933 cum
854 3878 1109 3934 versione
1140 3876 1287 3933 Petri
1320 3877 1599 3934 Francisci
1622 3878 1766 3942 Zini.
1806 3888 1863 3934 et
1896 3879 2002 3934 Du-

410 3972 509 4026 caai
542 3971 689 4026 notis
718 3969 787 4024 ad
815 3970 1117 4026 voluminis
1147 3971 1378 4026 calcem.
1412 3972 1612 4042 Incipit
1645 3987 1660 4023 :
1691 3970 1999 4026 Σαλπίσατε

410 4064 470 4115 ὲν
492 4061 753 4136 νεομηνίᾳ
774 4062 1061 4132 σάλπιγγι.
1080 4061 1269 4118 Graece
1292 4062 1539 4119 ediderat
1564 4062 1702 4117 Dau.
1735 4062 1999 4120 Haesche-

410 4153 539 4219 lius,
572 4143 836 4224 Augustae
860 4153 1075 4211 Vindei.
1111 4155 1270 4221 1587,
1305 4156 1361 4218 8,
1391 4155 1534 4211 inter
1564 4157 1749 4212 varias
1770 4156 1995 4213 Patrum

411 4245 673 4321 homilias
713 4262 769 4317 p.
809 4248 934 4314 105,
964 4256 1021 4304 et
1059 4263 1167 4303 una
1186 4263 1310 4303 cum
1338 4246 1500 4319 Nyss.
1531 4258 1675 4304 orat.
1703 4248 1776 4304 De
1803 4249 1863 4305 S.
1886 4249 2000 4305 Ste-

409 4338 608 4407 phano,
632 4339 805 4408 primo
830 4350 1086 4410 martyre,
1117 4354 1243 4395 cum
1274 4339 1529 4395 versione
1559 4353 1658 4393 sua
1680 4337 1874 4394 Joach.
1893 4339 1999 4395 Ca-

2106 493 2365 558 786-798,
2414 509 2541 549 cum
2576 494 2828 549 versione
2848 492 3133 548 Laurentii
3192 490 3367 546 Sit‘ani
3414 504 3468 546 et
3514 488 3696 547 Ducaei

2106 586 2272 640 notis.
2305 584 2502 656 Incipit
2533 603 2547 640 :
2591 585 2682 649 Ὠς
2731 583 2872 654 καλὴ
2893 582 3001 637 τῶν
3036 581 3258 651 ἀγαθῶν
3293 585 3326 655 ἡ
3380 584 3692 638 ἀκολουθία.

2103 673 2315 729 Laudat
2356 674 2557 729 Suidas
2611 683 2667 730 et
2726 671 3178 743 πολυθαύμαστον
3241 673 3497 742 appellat.
3562 671 3693 727 Edi-

2104 768 2263 823 derat
2286 765 2631 823 IIteschelius
2671 764 2861 821 Graece
2890 766 2927 820 Ι.
2964 766 3059 819 cit.
3096 780 3147 820 a.
3184 765 3344 826 I587,
3382 766 3437 829 8,
3475 780 3529 835 p.
3566 765 3692 830 151,

2105 862 2368 932 Augustae
2393 857 2609 913 Vindel.
2645 857 2839 913 Latine
2870 872 2937 913 ex
2970 855 3091 911 Zini
3142 857 3400 911 versione
3441 856 3696 910 occurrit

2109 949 2255 1020 apud
2292 949 2514 1004 Surium
2539 947 2606 1002 ad
2634 946 2705 1002 26
2727 946 2981 1002 Decemb.
3011 945 3243 1000 Fallitur
3265 954 3389 1015 post
3413 943 3694 1001 Labbeum

2107 1041 2357 1099 Oudinus
2383 1040 2435 1112 p.
2465 1041 2570 1097 605
2596 1058 2709 1111 sq.,
2748 1040 2843 1111 qui
2870 1038 3304 1094 hanchomiliam
3331 1037 3534 1094 Asterii
3569 1053 3697 1093 esse

2109 1134 2362 1189 aiiirmat.
2394 1134 2514 1188 Alia
2565 1134 2717 1189 enim
2760 1132 2929 1203 hujus
2978 1131 3032 1186 in
3087 1128 3424 1201 Stephanum
3466 1129 3694 1183 homilia

2105 1235 2212 1289 est,
2240 1243 2363 1297 quae
2392 1225 2579 1282 itidem
2628 1231 2832 1290 exstat,
2892 1231 2946 1279 et
2974 1222 3122 1279 edita
3155 1232 3242 1278 est
3270 1237 3301 1276 a
3359 1220 3696 1276 Combciisio

2108 1323 2239 1372 tom.
2272 1317 2290 1371 I
2324 1318 2569 1373 Auctarii
2595 1317 2738 1381 novi,
2767 1331 2889 1387 pag.
2927 1314 3053 1369 285.
3091 1314 3288 1383 Incipit
3320 1332 3333 1367 :
3412 1313 3500 1375 Ὡς
3547 1312 3696 1382 ἱερὸς

2104 1407 2340 1481 ἀληθῶς.
2373 1406 2539 1463 Ἐλωί.
2571 1405 2731 1462 L’onl‘.
2758 1404 3082 1462 Schrmckh.
3124 1421 3179 1476 p.
3219 1404 3343 1471 151;
3368 1404 3496 1459 add.
3521 1404 3693 1469 inira,

2105 1513 2194 1555 nr.
2228 1498 2315 1554 79.
2340 1529 2412 1540 —
2441 1497 2706 1555 Servatur
2735 1498 2790 1552 in
2845 1496 2961 1551 XVI
2998 1496 3162 1552 codd.
3213 1498 3346 1553 bibl.
3394 1497 3557 1552 Publ.
3588 1496 3696 1551 Pa-

2104 1593 2206 1650 ris.
2228 1593 2375 1648 —in
2403 1592 2526 1649 cod.
2568 1592 2795 1648 Coislin.
2826 1589 3050 1657 CCCVI,
3094 1590 3160 1645 ad
3196 1590 3253 1645 d.
3284 1590 3354 1643 27
3403 1591 3691 1646 Decembr.

2106 1685 2164 1740 in
2196 1693 2352 1756 parte
2402 1700 2421 1738 ι
2470 1685 2746 1739 homiliar.
2800 1683 2863 1738 V.
2913 1682 3215 1738 Montiauc.
3266 1682 3400 1737 bibl.
3452 1682 3693 1738 Coislin.

2031 1760 2081 1822 Β
2108 1791 2163 1847 p.
2195 1775 2302 1829 425
2335 1781 2391 1828 et
2422 1774 2491 1828 ad
2521 1774 2771 1829 eumdem
2806 1773 2949 1828 diem
2982 1773 3129 1828 inter
3152 1773 3406 1827 homilias
3430 1772 3486 1826 in
3517 1772 3697 1829 festos

2105 1868 2224 1923 dies
2255 1865 2501 1921 Florent.
2540 1867 2594 1919 in
2631 1865 2756 1921 cod.
2803 1863 3066 1921 Laurent.
3104 1863 3195 1929 IV,
3250 1879 3333 1919 nr.
3381 1863 3473 1918 28.
3520 1895 3588 1904 —
3634 1863 3695 1917 iu

2102 1959 2228 2015 cod.
2259 1957 2428 2012 XXVI
2463 1973 2549 2013 nr.
2579 1958 2634 2013 2.
2663 1956 2732 2012 ν.
2764 1956 2999 2011 Bandin.
3047 1964 3157 2012 cat.
3195 1955 3357 2011 codd.
3399 1955 3494 2011 Gr.
3536 1956 3589 2020 1,
3633 1971 3693 2025 p.

2103 2045 2207 2100 277
2248 2054 2302 2101 et
2333 2046 2441 2101 522
2462 2052 2518 2100 et
2547 2046 2742 2116 fragm.
2781 2046 2836 2099 in
2871 2045 2995 2099 cod.
3031 2043 3253 2110 XXVII,
3302 2061 3388 2099 nr.
3422 2045 3475 2102 2.
3519 2044 3694 2100 Laur.

2104 2138 2360 2210 (Bandin.
2391 2136 2434 2203 Ι,
2472 2154 2526 2209 p.
2562 2137 2714 2209 491).
2741 2167 2805 2178 -
2849 2139 2905 2193 in
2930 2136 3057 2194 cod.
3093 2136 3319 2193 Taurin.
3356 2136 3542 2192 LXXI.
3590 2138 3695 2195 l'ol.

2103 2230 2232 2286 £06.
2255 2229 2426 2284 Hanc.

2171 2323 2262 2378 45.
2302 2325 2410 2390 Εἰς
2435 2320 2551 2389 τὴν
2578 2321 2807 2391 ἡμέραν
2833 2321 2953 2375 τῶν
2979 2321 3209 2391 φωτῶν,
3240 2320 3307 2375 1η
3346 2323 3485 2378 diem
3523 2324 3696 2378 tumi-

2104 2432 2252 2480 num,
2297 2431 2402 2486 qua
2431 2412 2674 2468 Christus
2705 2413 3007 2482 baptizatus
3034 2424 3113 2469 est
3148 2415 3248 2486 (f),
3279 2416 3694 2487 pag.798-815,

2103 2521 2227 2561 cum
2245 2505 2486 2576 ejusdem
2517 2504 2691 2559 Sil'ani
2714 2505 2969 2562 versione
2983 2514 3037 2562 et
3059 2507 3239 2563 Duczei
3262 2508 3426 2563 notis.
3452 2508 3645 2579 Incipit
3677 2527 3694 2564 :

2102 2596 2218 2649 Νῦν
2238 2595 2490 2667 γνωρίζω
2517 2596 2615 2667 τὴν
2657 2596 2797 2668 ἐμὴν
2822 2595 3045 2668 ἀγέλην.
3086 2595 3144 2651 In
3190 2597 3430 2659 editione
3474 2598 3696 2663 Graeca,

2106 2702 2275 2757 quam
2320 2686 2450 2741 Dav.
2503 2671 2851 2742 IItescbel'ius
2903 2688 3119 2741 curavit
3166 2689 3427 2759 Augusta;
3470 2687 3698 2748 Vindel.

2103 2780 2263 2846 1587,
2313 2778 2364 2838 8.
2427 2778 2544 2834 haec
2596 2778 2819 2834 humilia
2882 2779 3201 2834 inscribitur
3275 2779 3366 2844 Εἰς
3431 2779 3494 2834 τὸ
3533 2781 3698 2850 ἅγιον

2102 2874 2409 2943 βάπτισμα.
2435 2873 2646 2928 Gallice
2675 2887 2707 2926 a
2740 2871 2870 2928 Fed.
2905 2871 3132 2928 Morello
3162 2887 3315 2928 versa
3348 2873 3551 2944 prodiit
3583 2873 3697 2928 I’a-

2102 2965 2202 3018 ris.
2257 2964 2419 3026 1606,
2463 2963 2549 3015 12.
2585 2961 2756 3017 Fusa.
2797 2961 2956 3018 (Ioni.
2995 2962 3347 3018 SchroekhJ.
3383 2978 3434 3018 c.
3488 2980 3540 3034 p.
3582 2964 3697 3021 128

2103 3072 2189 3127 sq.
2220 3066 2274 3112 et
2309 3055 2547 3111 Semlcr.
2597 3071 2654 3125 p.
2687 3054 2815 3119 257,
2851 3071 2936 3126 sq.
2972 3056 3042 3111 de
3085 3056 3192 3111 hac
3235 3066 3291 3112 et
3339 3058 3692 3114 antecedenti

2102 3149 2368 3204 homiliis.
2394 3179 2460 3187 —-
2487 3146 2583 3203 Est
2609 3148 2663 3202 in
2698 3148 2874 3202 tribus
2903 3148 3066 3202 codd.
3110 3147 3290 3204 Paris.
3322 3149 3458 3205 bibl.
3523 3148 3691 3206 Publ.

2099 3270 2172 3284 —
2194 3239 2253 3295 In
2281 3239 2407 3295 cod.
2439 3237 2607 3295 Taur.
2638 3236 2824 3292 LXXI.
2857 3235 2924 3293 V.
2957 3238 3135 3293 Catal.
3180 3238 3343 3295 codd.
3372 3238 3470 3295 Gr.
3512 3239 3692 3299 Taur.

2101 3350 2155 3406 p.
2185 3334 2309 3389 169.
2337 3330 2515 3387 Hane.

2170 3425 2260 3480 46.
2301 3427 2408 3491 Εἰς
2435 3424 2502 3478 τὸ
2529 3423 2700 3494 ἅγιον
2725 3422 2959 3492 Πάσχα,
3000 3424 3098 3478 καὶ
3136 3423 3271 3494 περὶ
3309 3424 3423 3494 τῆς
3454 3426 3694 3496 τριημέ-

2092 3535 2209 3587 ρου
2245 3518 2612 3587 προθεσμίας
2650 3515 2762 3586 τῆς
2806 3517 2913 3572 τοῦ
2966 3518 3224 3587 Χριστοῦ
3265 3519 3691 3586 ἀναστάσεως,

2102 3609 2169 3664 In
2193 3609 2252 3665 S.
2282 3610 2496 3665 Pascha
2518 3622 2567 3665 et
2586 3609 2651 3665 de
2673 3610 2926 3664 triduano
2949 3609 3085 3681 festo
3102 3612 3505 3666 resurrectionis
3528 3612 3693 3667 Chri-

2099 3706 2287 3779 sti(g),
2325 3722 2447 3779 pag.
2486 3704 2742 3769 814-851,
2769 3719 2896 3759 cum
2928 3686 3111 3759 θυίοαεί
3133 3703 3278 3759 nolis
3300 3704 3368 3760 ad
3387 3705 3690 3761 voluminis

2100 3802 2331 3867 calcem,
2362 3807 2417 3854 et
2450 3798 2708 3854 versione
2759 3795 2957 3862 Siiani,
2998 3811 3122 3867 quas
3170 3803 3353 3851 exstat
3373 3796 3427 3851 in
3477 3795 3691 3852 Latinis

2099 3892 2332 3964 Nysseni
2354 3906 2581 3961 operum
2597 3889 2955 3945 editionibus.
2977 3876 3172 3958 Incipit
3191 3907 3205 3943 :
3226 3886 3294 3940 Εἴ
3311 3906 3395 3952 τις
3418 3907 3689 3961 πατριαρ-

2098 3985 2209 4057 χῶν
2230 3983 2468 4054 εὐλογία.
2500 3982 2665 4037 Fusa.
2698 3982 2757 4036 In
2794 3981 2917 4036 cod.
2953 3980 3206 4036 Monach.
3243 3980 3430 4037 CXIV.
3460 3980 3523 4036 ν.
3554 3982 3685 4040 Cat.

2098 4077 2258 4133 codd.
2313 4075 2409 4132 Gr.
2461 4074 2655 4128 Bavar.
2709 4089 2766 4143 p.
2817 4072 2907 4127 M.
2946 4103 3016 4113 —
3051 4071 3393 4129 Viudobonae
3445 4074 3501 4128 in
3554 4076 3685 4129 cod.

2097 4168 2302 4223 Cassar.
2324 4163 2605 4230 CCXLIV,
2640 4181 2679 4229 ι,
2715 4171 2973 4232 excerpta
3007 4180 3073 4218 ex
3100 4166 3202 4219 hac
3233 4176 3374 4219 orat.
3404 4164 3466 4217 V.
3515 4165 3685 4219 Lam-

2097 4262 2220 4315 bcc.
2243 4274 2443 4314 comm.
2484 4256 2548 4314 V.
2584 4273 2635 4327 p.
2670 4256 2955 4312 255.—In
2985 4256 3165 4311 trihtts
3179 4256 3491 4312 codd.bibl.
3519 4256 3682 4312 PubI.

2098 4349 2274 4405 Paris.
2307 4380 2377 4389 —
2408 4348 2464 4404 In
2496 4349 2620 4405 cod.
2655 4348 2883 4403 Taurin.
2911 4347 3100 4413 LXXI,
3127 4347 3221 4403 l‘nl.
3259 4349 3384 4404 102.
3415 4378 3487 4389 —
3513 4348 3684 4420 Nyss.

411 4432 702 4495 merarius.
733 4430 881 4501 Lips.
920 4432 1083 4497 1564.
1113 4431 1167 4486 8.
1198 4429 1256 4485 In
1278 4431 1381 4485 hoc
1410 4445 1667 4486 sermone
1690 4443 1820 4486 sum
1840 4447 1993 4502 quaev
2026 4448 2072 4504 1)
2100 4442 2378 4498 orationes
2402 4441 2468 4503 II,
2506 4457 2612 4495 una
2643 4440 2719 4494 De
2749 4438 2877 4493 Filii
2904 4449 2953 4493 et
2980 4437 3215 4507 Spiritus
3254 4439 3315 4494 S.
3334 4439 3564 4504 deitate;
3594 4436 3682 4492 al-

410 4522 536 4578 dam
565 4537 633 4577 ex
668 4523 1002 4594 apocryphis
1052 4533 1107 4579 et
1150 4523 1383 4577 incertis
1418 4522 1618 4578 hausta
1658 4523 1996 4577 narrationi-

412 4615 537 4669 bus.
588 4615 731 4669 Sunt
775 4623 831 4670 et
873 4614 1124 4685 quaedam
1174 4616 1345 4686 petita
1398 4631 1465 4671 ex
1505 4629 1703 4686 magno
1756 4612 1990 4686 Nyssen.

412 4720 666 4761 sermone
688 4706 1048 4762 catechetico.
1080 4704 1342 4772 Quaedam
1372 4704 1567 4763 iisdem
1597 4704 1991 4775 propemodum

409 4800 595 4856 verbis
618 4800 878 4871 leguntur
908 4801 1050 4871 apud
1076 4800 1338 4871 Cyrillum
1364 4810 1553 4854 contra
1568 4797 1991 4865 Anthropomor-

409 4893 609 4961 phitas.
646 4890 785 4945 Vide
820 4890 1225 4946 Tillemontium
1270 4898 1403 4944 tom.
1454 4887 1523 4942 IX
1594 4886 1819 4942 Memor.
1867 4904 1991 4960 pag.

409 4984 533 5038 612.
576 4982 742 5038 FABR.
776 4982 844 5037 Et
880 4981 1204 5038 Schrmckh.
1261 4983 1302 5037 l.
1330 4997 1380 5037 c.
1407 4997 1461 5050 p.
1494 4981 1597 5036 125
1622 4998 1785 5051 sq.--
1807 4980 1996 5035 Exstat

410 5077 464 5127 in
500 5072 569 5126 IX
621 5071 783 5128 codd.
823 5073 958 5128 bibl.
1000 5072 1159 5126 Publ.
1193 5070 1465 5126 Paris.—
1493 5069 1548 5123 in
1601 5072 1722 5123 cod.
1760 5069 1993 5127 Taurin.

411 5164 597 5219 LXXI.
627 5193 702 5204 ——
732 5164 1020 5219 Florentiae
1049 5164 1105 5219 in
1135 5164 1267 5218 bibl.
1299 5162 1566 5218 Laurent.
1596 5162 1724 5218 cod.
1770 5162 1859 5228 IV,
1906 5180 1991 5218 nr.

409 5254 500 5309 20.
535 5252 601 5308 V.
654 5252 883 5310 Bandin.
923 5254 1043 5310 Cat.
1098 5253 1259 5309 codd.
1308 5251 1404 5310 Gr.
1452 5252 1625 5309 Laur.
1671 5252 1711 5320 l,
1757 5270 1810 5325 p.
1866 5254 1991 5311 522.

410 5343 583 5401 IlsttL.

476 5487 554 5562 (ᾳ)
593 5485 739 5562 fidit.
763 5487 999 5562 3.1658
1027 5526 1043 5552 ,
1110 5495 1243 5545 tom.
1281 5488 1375 5558 III,
1399 5504 1523 5562 pag.
1554 5486 1683 5546 298.

482 5554 557 5627 (Ab)
595 5554 721 5627 I’ag.
760 5556 888 5612 δη.

482 5625 554 5697 (ε)
764 5628 890 5683 517.

486 5693 567 5766 (Α)
606 5693 736 5770 mg.
776 5699 902 5755 339.

2099 4540 2216 4587 tera
2237 4531 2383 4607 dicta
2406 4530 2495 4585 die
2527 4528 2850 4591 Paschatos,
2877 4527 2973 4582 Gr.
2993 4537 3047 4582 et
3074 4526 3200 4583 Lat.
3231 4543 3300 4583 ex
3318 4544 3461 4583 vers.
3490 4529 3678 4584 Ioach.

2096 4620 2421 4686 Camerarii,
2447 4618 2598 4688 Lips.
2633 4616 2796 4681 156i,
2826 4617 2880 4671 8.
2919 4616 3094 4670 ΒΑΜ..

2166 4713 2257 4767 47.
2300 4710 2531 4766 llomilia
2584 4708 2650 4776 II,
2696 4709 2772 4763 De
2813 4710 3199 4764 resurrectione
3240 4707 3463 4775 Christi,
3510 4717 3565 4764 et
3596 4710 3687 4766 ac:

2096 4803 2237 4857 κατά
2262 4802 2426 4873 μηδὲν
2448 4800 2695 4871 ἀλλήλοις
2734 4799 3145 4862 ἐναντιωθέντες
3176 4801 3225 4853 οἱ
3255 4799 3682 4868 Εὐαγγελισταί,

2097 4895 2249 4962 Quod
2265 4895 2412 4947 nullo
2430 4892 2583 4946 modo
2598 4893 2855 4947 contrarii
2872 4894 3011 4947 inter
3022 4908 3077 4946 se
3090 4890 3559 4962 sintEvangelistaz
3576 4895 3683 4963 (It),

2095 5000 2150 5053 p.
2202 4982 2464 5047 852—848,
2495 4997 2619 5036 cum
2658 4979 2827 5035 Laur.
2894 4980 3069 5034 Sifani
3120 4981 3395 5035 versione.
3430 4979 3632 5051 Incipit
3667 5003 3681 5037 :

2096 5075 2303 5137 Πάντες
2325 5074 2443 5144 μὲν,
2468 5072 2759 5142 ἀγαπητοὶ,
2790 5071 2866 5135 ὡς
2900 5072 3073 5124 εἰπεῖν
3110 5070 3476 5141 ἀναδέχονται.
3526 5071 3685 5129 Hanc

2096 5163 2202 5218 sub
2241 5162 2491 5232 Hesychii
2524 5160 2799 5215 I‘lierosol.
2829 5162 3049 5214 nomine
3076 5159 3246 5214 edidit
3275 5158 3463 5215 Graace
3491 5172 3544 5215 et
3576 5160 3684 5215 La-

2097 5254 2211 5307 tine
2249 5251 2447 5307 Frauc.
2475 5250 2835 5306 Coutbelisius
2855 5248 3291 5304 tom.I.1uctarii
3310 5253 3428 5305 novi
3462 5269 3516 5322 p.
3551 5252 3678 5308 745.

2101 5342 2270 5396 FABR.
2289 5340 2539 5396 Comhef.
2566 5356 2621 5411 p.
2645 5340 2748 5396 775
2768 5348 2823 5396 et
2852 5339 2981 5406 777,
3013 5340 3288 5412 Hesychia
3334 5341 3475 5397 hanc
3502 5341 3684 5400 homi-

2161 5481 2231 5551 (ε)
2271 5479 2400 5551 Pag.
2436 5482 2562 5536 554.

2171 5550 2248 5621 (ί)
2280 5550 2417 5621 pag.
2449 5552 2577 5604 866.

2164 5620 2239 5692 (gi
2277 5620 2562 5692 1333.582.

2170 5690 2245 5765 (lt)
2287 5690 2416 5764 Ρειε.
2440 5692 2564 5748 401).
