3844 6226
96 337 173 393 2')
1313 348 1597 405 NOTITIA
1641 347 1729 405 EX
1770 350 2108 412 FABRICIO.

3330 352 3404 410 30

98 461 235 512 liam
289 463 574 532 ascripsit,
631 464 895 534 quoniam
949 467 1003 520 in
1034 469 1158 522 cod.
1208 470 1447 537 quodam
1499 469 1705 525 tributa
1737 477 1779 532 Α
1809 475 2062 547 απαντὴν
2096 490 2400 543 sermones,
2427 476 2522 547 qui
2549 474 2800 530 feruntur
2825 473 2930 533 sub
2959 471 3273 530 nominibus
3298 488 3402 528 an-

96 553 172 604 sit
210 551 516 624 IIcsychio,
551 562 608 609 et
642 556 734 610 illa
768 557 1007 612 homiliae
1038 560 1228 628 prima:
1252 560 1305 614 in
1345 561 1709 630 explicatione

95 644 208 696 Iovi
264 646 562 714 cujusdam
617 645 696 702 in‘
725 648 966 704 Matthati
1032 650 1237 721 Evang.
1269 664 1562 722 repugnet,
1606 670 1708 710 nec

92 734 360 790 cmudcm
395 741 670 795 orationis
693 749 860 810 atque
881 742 1210 812 eloquentiae
1239 745 1502 806 colorem,
1522 746 1616 816 qui
1652 747 1707 800 in

93 824 339 894 reliquis
395 826 634 899 Nysseni
680 840 848 886 oratt.
913 841 1196 898 cernatur,
1260 851 1373 906 pra:
1406 851 1466 890 sc
1519 836 1700 891 ferat:

91 916 248 970 idem
289 918 531 979 dubitat.
565 937 694 975 num
738 923 916 991 prima
950 925 1151 980 similis
1191 926 1499 995 argumenti
1528 928 1706 981 oratio

90 1011 170 1062 sit
202 1012 469 1080 genuina.
515 1014 623 1067 Sed
660 1031 768 1068 non
804 1015 1076 1071 satisfecit
1107 1017 1464 1074 Schrwckhiu
1491 1035 1543 1090 p.
1579 1019 1703 1086 128,

91 1108 198 1173 qui
233 1107 384 1158 illam
417 1107 668 1163 criticam
705 1109 1068 1177 qmcstionem
1096 1113 1348 1166 curatius
1397 1127 1520 1168 esse
1556 1113 1704 1166 inve-

92 1198 423 1268 stigandam
457 1208 622 1268 atque
649 1201 1072 1256 examinandam
1101 1202 1358 1271 judicat:
1393 1220 1458 1260 ac
1511 1221 1562 1275 p.
1601 1204 1702 1260 l26

92 1306 230 1359 sqq.
269 1292 440 1345 latius
468 1290 713 1360 disputat
749 1292 818 1346 de
845 1290 889 1346 V
922 1293 1167 1349 homiliis
1210 1293 1288 1349 De
1322 1296 1705 1350 resurrectione

93 1382 330 1436 Christi.
365 1412 438 1422 —
467 1383 540 1436 De
585 1386 971 1439 resurrectione
1005 1386 1060 1438 in
1112 1401 1309 1440 novem
1353 1387 1516 1442 codd.
1567 1387 1700 1443 bibl.

91 1470 268 1526 Publ.
317 1473 498 1528 Paris.
531 1504 600 1514 -—-
655 1475 730 1529 De
776 1479 1158 1531 resurrectione
1211 1475 1416 1532 Christi
1468 1486 1516 1531 et
1564 1477 1702 1548 quod

93 1559 258 1610 nullo
294 1560 452 1612 modo
497 1562 753 1614 contrarii
806 1563 944 1615 inter
979 1579 1033 1617 se
1085 1565 1194 1618 sint
1235 1563 1613 1635 Evangelistaz,
1645 1565 1701 1619 in

94 1649 237 1703 cod.
272 1647 505 1704 Taurin.
568 1650 754 1715 LXXI,
814 1652 908 1706 fol.
943 1654 1070 1708 114.
1104 1684 1175 1695 -
1212 1653 1414 1710 Eadem
1468 1655 1522 1710 in
1575 1656 1699 1711 cod.

93 1736 429 1809 Mosquensi
460 1739 505 1795 γ
554 1751 779 1796 notante
809 1742 1049 1797 Matthaei
1085 1744 1139 1797 in
1177 1752 1290 1798 not.
1334 1745 1498 1800 codd.
1554 1745 1702 1800 Mos-

1812 564 2112 634 tiquiorum
2139 564 2385 632 Patrum,
2424 565 2708 632 Methodii,
2740 563 2929 634 Cyrilli
2955 562 3254 625 Ilierosol.,
3286 561 3398 616 Na-

1811 657 2083 722 zianzeni,
2117 654 2375 728 Nysseni,
2407 657 2706 721 Ambrosii,
2751 655 3130 726 Chrysostomi
3167 663 3224 710 et
3271 651 3402 707 Ful-

1807 749 1974 818 gentii
2004 769 2016 804 :
2075 764 2198 804 cum
2230 751 2431 805 festum
2474 749 2604 805 illud
2637 756 2851 802 constet
2881 746 3100 800 demum
3132 745 3398 800 celebrari

1807 840 2045 909 coepisse
2097 842 2152 895 in
2181 840 2424 896 Ecclesia
2481 855 2627 893 anno
2655 855 2726 892 xv
2751 837 3075 903 Iustiniani,
3106 837 3239 906 imp.
3269 834 3402 891 Vide

1808 927 2234 986 Thomassinum
2299 932 2356 986 in
2398 933 2605 1001 scripto
2652 930 2858 985 Gallice
2897 930 3044 987 edito
3081 928 3156 983 De
3203 928 3392 998 festis,

1807 1018 1902 1071 lib.
1938 1035 1997 1084 ιι,
2027 1028 2082 1075 et
2107 1020 2278 1075 Wilh.
2312 1020 2606 1077 Ernestum
2641 1018 2982 1077 Tentzelium
3013 1018 3149 1072 diss.
3185 1017 3258 1070 De
3288 1018 3397 1073 ritu

1807 1112 2088 1167 lectionum
2129 1132 2335 1170 sacrar.
2367 1113 2395 1186 §
2427 1116 2481 1169 6.
2512 1111 2678 1169 Esca.
2723 1113 2850 1166 Acc.
2884 1110 3184 1166 Schrmckh
3206 1149 3221 1164 .
3271 1126 3397 1180 pag.

1807 1204 1931 1260 150.
1973 1205 2088 1262 Sub
2118 1206 2339 1262 nomine
2369 1214 2551 1261 tamen
2612 1204 2840 1276 Nysseni
2876 1213 2961 1259 est
3005 1202 3058 1260 in
3099 1201 3224 1256 cod.
3275 1200 3390 1255 Mo-

1804 1301 1969 1354 nach.
2007 1296 2144 1353 VIII.
2183 1295 2242 1350 V.
2293 1297 2414 1352 Cat.
2440 1295 2602 1351 codd.
2633 1295 2728 1351 Gr.
2773 1295 2967 1348 Bavar.
3003 1309 3125 1364 pag.
3158 1293 3212 1348 5.
3236 1323 3310 1332 --
3339 1293 3394 1346 in

1805 1393 1929 1446 cod.
1989 1387 2300 1445 Vndobon.
2354 1389 2559 1445 Caesar.
2603 1387 2696 1454 XI,
2757 1404 2844 1443 nr.
2891 1386 2945 1441 5.
2978 1384 3101 1440 Vid.
3133 1385 3393 1439 Lambec.

1805 1482 1944 1550 VIII,
1977 1499 2030 1553 p.
2069 1482 2191 1537 155.
2223 1512 2292 1521 -
2350 1479 2644 1536 Florentiae
2669 1479 2724 1534 in
2765 1477 2888 1534 cod.
2931 1475 3192 1531 Laurent.
3230 1473 3392 1540 XVII,

1805 1593 1891 1631 nr.
1924 1577 1986 1629 51
2013 1593 2028 1638 ;
2052 1573 2145 1630 sed
2179 1574 2252 1628 ibi
2285 1589 2456 1627 sermo
2481 1572 2535 1624 in
2568 1586 2848 1624 occursum
2884 1567 3102 1622 Domini
3130 1575 3184 1621 et
3213 1567 3305 1622 Dei
3337 1573 3394 1622 et

1803 1668 1854 1724 J.
1885 1669 2014 1724 Chr.
2037 1667 2290 1722 diversus
2315 1673 2401 1720 est
2430 1665 2499 1720 ab
2517 1664 2687 1728 edito,
2707 1671 2763 1719 et
2799 1662 2988 1731 incipit
3021 1679 3034 1715 :
3064 1656 3193 1731 Εἶχε
3224 1659 3324 1730 μὲν
3355 1662 3390 1730 ὴ

1804 1760 1913 1814 τῶν
1961 1760 2254 1828 γενεθλίων
2287 1758 2616 1828 πανήγυρις,
2651 1765 2759 1811 etc.
2788 1753 2853 1808 V.
2886 1756 3039 1824 plura
3075 1753 3128 1807 in
3160 1752 3392 1807 Bandini

94 1847 307 1898 quens.
343 1847 398 1900 p.
432 1831 484 1897 7,
519 1849 604 1886 nr.
639 1832 730 1888 25.
760 1863 832 1873 -
862 1832 924 1889 In
953 1834 1078 1888 cod.
1121 1835 1354 1891 Coislin.
1384 1836 1542 1900 CVII,
1573 1846 1697 1892 sunt

1809 1855 1924 1908 Cat.
1968 1817 2126 1908 codd.
2154 1850 2250 1906 Gr.
2286 1817 2458 1904 Laur:
2487 1817 2530 1913 Ι,
2642 1847 2769 1902 419.
2797 1817 2951 1898 —In
2985 1843 3107 1898 cod.
3160 1842 3390 1896 Taurin.

94 1938 194 1976 nr.
227 1923 316 1977 69
352 1933 591 1992 quatuor
616 1923 847 1996 Nysseni
885 1927 1035 1981 hom.
1096 1927 1150 1982 in
1180 1927 1238 1982 S.
1302 1927 1516 1984 Pascha
1554 1929 1613 1983 h.
1663 1931 1698 1984 l.

95 2025 414 2070 numerata:
441 2014 623 2072 46-49.
659 2015 722 2071 V.
762 2015 1063 2072 Montl'auc.
1118 2020 1250 2074 bibl.
1307 2018 1540 2076 Coislin.
1574 2037 1698 2093 pag.

96 2108 234 2162 182.
271 2109 466 2176 Hm“!

171 2201 272 2254 48.
308 2199 380 2253 1η
411 2217 608 2271 magna
653 2199 938 2255 Dominica
967 2241 981 2265 ,
1026 2201 1251 2257 Ilomilia
1301 2202 1391 2268 III,
1444 2203 1523 2258 De
1566 2205 1701 2274 festo

101 2292 408 2347 Pascltatos
422 2305 470 2347 et
498 2296 883 2348 resurrectione
909 2295 1008 2365 (a),
1037 2295 1291 2359 848-866,
1311 2311 1434 2350 cum
1453 2296 1699 2365 ejusdem

101 2383 288 2439 Sil’ani
321 2387 594 2442 versione.
638 2386 836 2457 Incipit
869 2404 883 2440 :
922 2387 986 2441 Οἱ
1011 2387 1242 2459 πένητες
1265 2388 1372 2441 τῶν
1394 2388 1699 2461 ἀνθρώπων

99 2477 401 2547 φιλέορτοι.

174 2572 266 2626 49.
302 2569 539 2624 Humilia
569 2567 662 2633 IV,
699 2570 792 2634 Εἰς
811 2571 871 2623 τὺ
904 2569 1058 2640 ἅγιον
1079 2572 1174 2624 καὶ
1198 2572 1461 2642 σωτήριον
1486 2573 1696 2644 Πάσχα,

99 2661 186 2715 De
207 2671 396 2715 sancto
430 2672 480 2715 et
508 2661 790 2730 salutifero
816 2661 1076 2716 Paschate
1099 2663 1198 2732 (b),
1217 2679 1269 2733 p.
1291 2663 1547 2729 866-869,
1573 2681 1696 2720 cmn

98 2755 391 2819 Laurentii
425 2753 604 2809 Silani
630 2756 907 2810 versione.
939 2754 1134 2825 Incipit
1169 2777 1181 2810 :
1229 2756 1293 2810 Ἦ
1333 2755 1561 2829 ἀληθινὴ
1602 2757 1697 2811 τοῦ

98 2848 384 2907 σαϐϐάτου
399 2849 764 2912 κατάπαυσις.
785 2847 977 2904 Exstat
996 2856 1051 2904 et
1078 2863 1203 2903 cum
1225 2850 1475 2905 versione
1497 2849 1694 2905 Joacli.

92 2940 436 3003 Camerarii,
467 2940 667 3010 Lipsiae
690 2941 854 3004 1565,
879 2940 934 3006 8,
997 2947 1054 2994 et
1081 2955 1206 2995 cum
1243 2941 1698 3010 interpretatione

94 3032 359 3102 ejusdem
387 3031 707 3097 Camerarii,
747 3041 914 3102 atque
943 3033 1116 3088 altera
1161 3032 1382 3089 Henrici
1411 3033 1695 3091 Oelscble-

95 3125 259 3195 gelii,
288 3124 565 3195 hujusque
599 3126 746 3180 notis
784 3125 1135 3196 pliilologicis
1165 3141 1231 3180 ac
1258 3127 1614 3200 theologicis,
1638 3129 1696 3184 in
1725 3161 1769 3222 α

95 3219 354 3272 tironum
389 3233 525 3272 usus
554 3218 861 3273 adornatis.
896 3217 1118 3274 Dresdae
1145 3219 1303 3284 1628,
1335 3221 1389 3276 8.

169 3310 264 3362 50.
312 3307 552 3363 llomilia
572 3307 639 3372 ν,
672 3308 766 3372 Εἰς
787 3307 886 3379 τὴν
910 3310 1225 3381 φωτοφόρον
1259 3310 1355 3364 καὶ
1379 3311 1544 3379 ἁγίαν
1568 3311 1701 3366 ἀνά-

96 3417 322 3463 στασεν,
351 3399 419 3454 In
467 3400 826 3470 luminiferam
868 3412 917 3456 et
971 3411 1217 3456 sanctam
1261 3404 1698 3458 resurrectionem

99 3491 324 3556 Domini
350 3502 399 3546 et
422 3491 519 3545 Dei
549 3491 720 3545 nostri
747 3491 842 3561 (c),
868 3506 989 3562 pag.
1016 3491 1277 3558 869—875,
1299 3507 1424 3547 cum
1450 3493 1700 3549 versione

95 3585 361 3640 Federici
400 3584 634 3639 Morelli.
680 3583 878 3654 Incipit
902 3603 915 3640 :
939 3585 1246 3656 Εὐλογητὸς
1271 3587 1300 3639 ὁ
1331 3585 1486 3646 Θεός.
1515 3587 1700 3656 Εὐφη-

96 3680 396 3749 μήσωμεν.
461 3675 749 3731 Prodierat
800 3677 1100 3748 separatim
1162 3677 1260 3732 Gr.
1303 3661 1448 3732 'cum
1489 3677 1698 3734 Morclli

92 3772 361 3832 versione
390 3767 565 3823 Paris.
598 3767 763 3829 1600,
796 3767 852 3832 8,
901 3778 957 3824 et
1009 3766 1362 3824 Tillemontio
1399 3777 1461 3823 ut
1507 3784 1697 3824 rerum

93 3864 314 3925 inanis.
345 3864 419 3916 ita
454 3863 692 3918 recentis
742 3861 976 3918 Grzeculi
1021 3877 1146 3919 esse
1175 3862 1398 3918 videtur
1429 3872 1563 3919 tom.
1625 3861 1700 3918 IX

95 3956 336 4010 Memor.
394 3957 582 4010 eccles.
629 3969 684 4025 ι).
719 3953 844 4010 615.

168 4051 261 4103 51.
304 4050 414 4114 Εἰς
451 4047 567 4115 τὴν
590 4045 923 4116 ἀνάληψιν,
965 4045 1034 4101 1η
1065 4047 1431 4101 ascensionem
1481 4044 1700 4101 Domini

97 4143 275 4199 nostri
308 4141 442 4194 Iesu
489 4138 713 4204 Christi,
769 4155 891 4210 quae
918 4139 1037 4195 dies
1092 4139 1231 4195 festa
1276 4139 1699 4210 Cappadocibus

95 4236 251 4287 dicta
286 4243 373 4288 est
400 4236 433 4303 ή
457 4234 836 4304 ἑπισωζομένη
873 4232 978 4304 (d).
1018 4250 1072 4304 p.
1100 4234 1363 4298 873-876,
1416 4250 1542 4290 cum
1577 4251 1699 4289 ver-

99 4325 261 4377 sione
290 4320 439 4376 Petri
469 4322 747 4378 Francisci
776 4322 916 4377 Zini.
951 4322 1150 4393 Incipit
1179 4343 1193 4378 :
1224 4324 1310 4387 Ὠς
1334 4324 1541 4391 γλυκὺς
1565 4341 1697 4377 συν-

99 4416 350 4485 ἔμπορος
399 4413 496 4467 τοῦ
541 4415 882 4486 ἀνθρωπίνου
933 4414 1052 4484 βίου
1106 4416 1136 4468 ὁ
1184 4418 1469 4487 προφήτης
1511 4415 1693 4470 Δαυῒδ.

1808 1943 1966 1999 LXX.
1998 1943 2090 1998 [οι.
2129 1942 2233 1997 545
2290 1941 2419 2012 (cat.
2484 1938 2646 1995 codd.
2709 1935 2806 1992 Gr.
2837 1935 3008 1990 Taur.
3066 1949 3186 2005 pag.
3239 1932 3389 2002 I67).

1804 2037 1976 2092 IIARL.

1873 2129 1961 2182 55.
1995 2127 2135 2195 Περὶ
2206 2125 2504 2192 θεότητος,
2538 2121 2614 2176 De
2667 2120 2865 2174 deitate
2896 2117 3029 2171 Filii
3074 2125 3122 2171 et
3155 2115 3390 2185 Spiritus

1802 2219 1975 2272 sancti
2011 2227 2060 2272 et
2103 2215 2170 2270 de
2200 2215 2304 2284 ﬁde
2349 2212 2641 2267 Abrahami
2701 2212 2904 2280 (sermo
2941 2209 3122 2262 dictus
3159 2208 3213 2260 in
3257 2221 3390 2260 con-

1803 2309 1929 2363 cilio
1949 2307 2116 2362 CPoI.
2143 2321 2194 2360 a.
2212 2305 2342 2361 Chr.
2363 2305 2490 2366 583,
2521 2311 2580 2356 ut
2597 2309 2843 2355 notatum
2876 2297 3230 2353 Tillemontio
3253 2304 3386 2347 tom.

1803 2397 1894 2462 IX,
1927 2391 2293 2468 pag.586[fj).
2333 2409 2453 2464 pag.
2490 2391 2756 2453 896-910,
2775 2405 2900 2442 cum
2940 2386 3184 2458 ejusdem
3213 2385 3388 2438 Silani

1801 2489 2076 2548 versione,
2099 2487 2191 2557 qui
2220 2484 2474 2540 Gracceet
2509 2483 2628 2535 Lat.
2649 2478 3103 2536 edideratColon.
3132 2475 3273 2531 1586
3299 2476 3385 2539 ,8.

1802 2577 2106 2650 Nyssenum
2147 2577 2242 2639 Εἰς
2281 2575 2372 2627 τὸν
2405 2574 2656 2644 Ἀϐραάμ
2693 2571 2914 2625 laudant
2933 2568 3302 2624 Theodoritus
3333 2568 3388 2621 in

1803 2665 2135 2733 Dial.,Joan.
2192 2665 2582 2728 Damascenus,
2613 2679 2652 2726 l,
2687 2662 2765 2716 De
2800 2663 3020 2730 imagg.,
3047 2659 3321 2714 Adrianus
3343 2656 3387 2721 I,

1802 2776 1938 2831 papa
1961 2800 1977 2823 ,
2007 2760 2063 2814 in
2102 2758 2295 2829 epist.,
2317 2766 2370 2811 et
2399 2755 2692 2810 concilium
2722 2771 2760 2809 ιι
2790 2753 2992 2807 Νἰοωη.
3019 2758 3126 2805 act.
3168 2751 3222 2811 4.
3250 2757 3385 2803 tom.

1801 2851 1889 2915 III,
1918 2852 2058 2906 Binii
2086 2865 2211 2921 pag.
2251 2848 2375 2912 542,
2405 2856 2458 2902 et
2485 2846 2810 2916 Euthymins
2851 2845 2906 2898 in
2957 2841 3241 2908 Panoplia.
3272 2838 3390 2894 Ho-

1801 2943 1948 2998 milia
1983 2943 2040 2997 in
2101 2939 2370 2995 Abraham
2397 2948 2445 2992 et
2477 2937 2639 2992 Isaac
2667 2935 2937 2990 Latineex
2969 2933 3198 2988 Achillis
3232 2929 3390 2984 Statii

1800 3036 2053 3091 versione
2077 3033 2278 3104 prodiit
2318 3030 2543 3086 Lovanii
2592 3029 2748 3089 I55I,
2795 3042 2900 3082 una
2933 3041 3058 3080 cum
3101 3025 3160 3079 S.
3209 3022 3389 3093 Chry-

1801 3126 2028 3185 sostomi
2055 3123 2435 3195 explanatione
2451 3121 2600 3181 Orat.
2625 3119 2924 3174 Dominica:
2957 3126 3013 3173 et
3040 3117 3392 3172 sermonibus

1805 3219 1983 3274 tribus
2007 3215 2070 3271 In
2089 3217 2318 3270 natalem
2336 3213 2572 3276 Domini,
2593 3211 2659 3266 In
2679 3219 2866 3265 sancta
2887 3209 3226 3278 Theophania
3240 3215 3294 3264 et
3308 3206 3393 3262 De

1805 3310 2004 3365 Davide
2015 3311 2288 3380 propheta,
2305 3317 2358 3364 et
2372 3307 2653 3364 Athanasii
2679 3306 2746 3360 In
2773 3321 3020 3376 magnam
3041 3318 3382 3373 parasceven,

1805 3402 2189 3473 Amphilochii-
2210 3401 2274 3455 In
2309 3401 2590 3456 sabbatum
2623 3408 2887 3464 sanctum,
2915 3393 3164 3466 Gregorii
3196 3393 3392 3451 Antio-

1806 3494 1965 3550 cheni
2018 3492 2084 3548 In
2140 3497 2468 3561 sepulturam
2523 3500 2572 3544 et
2632 3488 3070 3543 resurrectionem
3123 3483 3391 3538 Domini:

1809 3583 2100 3656 Sophronii
2131 3582 2195 3638 In
2217 3583 2592 3639 exaltationem
2622 3588 2822 3634 sancta:
2854 3577 3026 3631 crucis
3053 3583 3102 3630 el
3128 3589 3395 3630 resurrec-

1807 3681 2030 3744 tionem;
2054 3680 2240 3752 Cyrilli
2269 3681 2425 3734 Alex.
2465 3677 2530 3731 In
2553 3677 2865 3745 parabolam
2886 3676 3082 3737 vinem;
3113 3671 3393 3728 Anastasii

1809 3773 2032 3828 Sinaita:
2054 3773 2130 3828 De
2163 3790 2322 3828 sacra
2349 3772 2564 3842 synaxi,
2586 3779 2641 3824 et
2674 3769 2751 3824 De
2779 3768 2996 3837 injuriis
3028 3765 3393 3828 remittendis;

1805 3865 2068 3920 Marciani
2113 3864 2522 3920 Bethlebemitze
2580 3861 2908 3932 fragmento,
2968 3857 3098 3923 Nili,
3150 3856 3392 3922 abbatis,

1805 3957 2056 4028 epistolis
2095 3955 2181 4022 IlI,
2205 3963 2259 4011 et
2288 3955 2430 4026 typis
2452 3953 2758 4024 epistolicis
2788 3951 3044 4022 anonymi
3065 3956 3120 4003 et
3155 3946 3394 4012 Libanii,

1805 4064 2020 4104 necnon
2069 4049 2189 4102 loco
2227 4047 2295 4102 de
2326 4046 2608 4116 epistolica
2645 4042 2886 4097 dictione
2914 4057 2978 4096 ex
3016 4039 3271 4095 Demetrii
3327 4037 3396 4091 li-

1806 4142 1906 4196 bro
1946 4141 2080 4211 Περὶ
2122 4139 2439 4210 ἑρμηνείας.
2479 4138 2670 4192 Exstat
2708 4143 2762 4190 ct
2791 4149 2916 4188 cum
2950 4129 3397 4215 interpretatione

1804 4235 1996 4291 Joach.
2038 4230 2360 4294 Camerarii,
2409 4228 2608 4298 Lipsize
2655 4226 2816 4289 1564,
2850 4224 2905 4288 8,
2931 4231 2984 4278 et
3028 4222 3223 4277 edente
3272 4219 3395 4274 Hm-

1806 4324 2014 4381 schelio
2057 4322 2264 4383 Graece,
2317 4323 2578 4390 Augustae
2608 4315 2825 4372 Vindel.
2869 4313 3030 4376 1591,
3069 4311 3122 4366 8.
3155 4311 3390 4380 Incipit:

1807 4411 1933 4471 Οἷόν
1976 4433 2031 4468 τι
2091 4413 2364 4483 πάσχουσι
2410 4411 2548 4483 πρὸς
2584 4409 2712 4473 τοὺς
2759 4405 3080 4470 πολυανθεῖς
3116 4403 3225 4457 τῶν
3278 4402 3393 4454 λει-

103 4505 284 4576 Ver_tit
315 4516 370 4560 et
385 4505 552 4560 Laur.
591 4505 836 4563 Silanus.
899 4505 1005 4562 Sed
1034 4505 1156 4560 Zini
1196 4507 1381 4560 versio
1415 4506 1582 4561 etiam
1639 4507 1696 4561 in
1730 4522 1774 4578 ι)
1807 4507 2025 4580 μώνων.
2058 4505 2228 4561 Fusa.
2265 4503 2457 4559 Exstat
2489 4503 2544 4556 in
2567 4501 2811 4571 quinque
2853 4497 3015 4552 codd.
3049 4495 3183 4551 bibl.
3229 4493 3392 4548 Publ.

101 4597 388 4652 Breviario
422 4597 670 4652 Romano
717 4596 1029 4666 praefertur,
1079 4607 1139 4652 ut
1180 4596 1499 4653 Possevino
1550 4605 1708 4652 nota-

101 4699 246 4745 tum.
302 4688 468 4743 [εἴηῆ.
504 4689 600 4745 Est
631 4690 683 4744 in
716 4688 761 4742 II
811 4689 971 4744 codd.
1005 4689 1183 4746 Paris.
1214 4699 1268 4746 et
1294 4693 1351 4744 in
1385 4690 1508 4746 cod.
1541 4689 1706 4744 LXXI

102 4781 339 4836 Taurin.
376 4781 549 4836 "ARL.

179 4874 264 4930 52.
334 4877 440 4939 Εἰς
509 4874 624 4943 τὴν
686 4873 1065 4938 ὑπαπαντιὶν,
1137 4873 1211 4926 De
1261 4888 1483 4927 occursu
1517 4871 1704 4925 Domi-

104 4965 184 5029 ni,
214 4964 444 5030 Deipara
467 4973 516 5014 et
545 4962 687 5028 iusto
712 4962 952 5017 Simeone
981 4964 1074 5034 (ε),
1120 4979 1242 5032 pag.
1278 4960 1540 5024 876-896,
1572 4975 1697 5014 cum

104 5056 361 5111 versione
389 5052 555 5108 Laur.
585 5053 783 5107 Sil'ani.
825 5053 1021 5122 Incipit
1056 5073 1068 5109 :
1131 5055 1211 5124 Τῇ
1274 5053 1536 5123 φρονήσει
1586 5050 1696 5104 τῶν

104 5147 379 5218 οὐρανίων
408 5146 704 5216 μετέωρος.
736 5143 925 5200 Exstat
955 5155 1011 5200 et
1062 5145 1253 5199 Latine
1299 5142 1441 5214 apud
1473 5141 1697 5197 Surium

103 5238 138 5292 2
178 5239 340 5299 Febr.
377 5237 759 5307 Metaphrastae
798 5238 1209 5307 interpolatoris
1247 5237 1472 5307 vestigia
1510 5236 1562 5289 in
1591 5235 1693 5288 hac

104 5332 333 5387 humilia
383 5338 576 5384 notant
627 5330 727 5384 viri
769 5331 940 5385 docti.
986 5329 1051 5385 Et
1079 5347 1109 5383 a
1150 5329 1290 5383 Lud.
1327 5328 1696 5383 Thomassino

106 5441 204 5490 pr.»
239 5423 610 5492 supposititiis
664 5423 933 5477 habentur
965 5437 1158 5478 omnes
1220 5422 1294 5476 illi
1349 5423 1402 5476 in
1460 5419 1558 5492 τὴν
1591 5421 1697 5487 {27:-

179 5571 254 5630 (al
302 5561 447 5614 Eelit.
486 5561 839 5634 θ.1658,111,
873 5580 997 5634 pag.
1041 5562 1166 5618 416.

183 5637 254 5701 (bl
301 5638 426 5699 I’ag.
480 5633 605 5686 435.

179 5711 250 5770 (ri
298 5707 422 5769 Pag.
468 5703 591 5755 657.

182 5778 260 5836 Id)
303 5780 430 5838 I’ag.
476 5773 601 5842 HI.

1806 4600 1984 4656 Paris.
2018 4607 2074 4655 et
2128 4599 2184 4652 in
2222 4598 2346 4653 cod.
2376 4594 2608 4650 Taurin.
2641 4591 2828 4647 LXXI.
2875 4588 2942 4644 V.
2981 4589 3102 4645 Cat.
3134 4587 3234 4643 cit.
3267 4600 3391 4658 pag.

1805 4692 2132 4749 I69.‘Huu..

1873 4785 1962 4841 54.
2008 4781 2365 4852 Ἐπιτάφιος,
2397 4781 2584 4836 Oratio
2615 4776 2850 4848 funebris
2880 4775 2934 4828 in
2957 4773 3201 4842 fratrem,
3235 4769 3392 4825 Basi-

1800 4873 1932 4928 Iium
1969 4887 2250 4942 magnum,
2282 4869 2607 4925 defunctum
2631 4884 2683 4922 a.
2715 4865 2848 4920 Chr.
2878 4863 3004 4928 379,
3033 4863 3181 4916 dicta
3213 4859 3395 4914 Caesa-

1796 4965 1981 5020 rezein
2007 4964 2094 5018 die
2121 4964 2241 5032 ejus
2290 4961 2593 5017 memoriali
2657 4961 2747 5034 fg],
2780 4955 3210 5029 pag.9II-950,
3266 4971 3392 5010 cum

1801 5055 2057 5110 versione
2083 5055 2365 5109 Laurentii
2400 5052 2594 5109 Silani.
2639 5050 2830 5119 Incipit
2859 5069 2872 5103 :
2906 5046 3094 5116 Καλὴν
3119 5045 3394 5115 ἐπέθηκεν

1795 5149 1824 5200 ὁ
1841 5147 1976 5210 Θεὸς
1998 5148 2096 5217 τὴν
2117 5146 2291 5211 τάξιν.
2313 5145 2576 5201 Memorat
2593 5141 3006 5214 Amphilochius
3037 5141 3091 5194 in
3117 5137 3177 5194 S.
3201 5137 3394 5192 Basilii

1807 5239 1948 5294 Vita.
1981 5237 2102 5310 [Est
2135 5240 2190 5294 in
2222 5237 2289 5292 III
2312 5237 2473 5294 codd.
2498 5236 2705 5308 Paris]

1867 5332 1956 5386 55.
2025 5331 2369 5400 Ἐγκὼμιον,
2415 5331 2557 5385 Laus
2585 5340 2894 5385 sanctorum
2928 5327 3048 5388 XL,
3091 5336 3392 5397 martyrum

1814 5425 2245 5490 Sebastenorum,
2296 5425 2537 5481 homiliis
2569 5423 2634 5490 II,
2681 5437 2913 5496 quarum
2959 5420 3113 5492 prior
3153 5419 3388 5490 incipit;

1884 5568 1957 5628 (ei
1983 5563 2106 5634 Pag.
2139 5563 2168 5616 1t
2183 5566 2206 5618 I
2220 5566 2263 5617 ί.

1886 5635 1965 5704 (ι’)
1987 5635 2122 5705 ωε.
2151 5635 2274 5688 tot.

1883 5706 1955 5776 (g)
1985 5704 2110 5776 I‘ag.
2144 5706 2268 5760 na.
