3844 6226
461 280 534 342 ³5
1692 284 1971 342 NOTiTIA
2012 285 2104 341 EX
2157 284 2496 342 FABRICIO;
3677 278 3761 336 56

466 417 525 462 ut
551 407 786 471 videtur,
821 407 1011 480 Nyssae
1038 408 1094 464 in
1124 423 1316 464 eorum
1345 408 1630 480 martyrio,
1665 408 1780 462 sive
1813 407 2035 475 templo,
2067 413 2116 470 Α
2149 414 2336 476 postea
2369 406 2648 462 recensuit
2669 405 2930 489 Lambec.
2958 405 3011 458 in
3037 404 3144 458 vol.
3175 401 3311 469 VIII,
3342 419 3463 474 pag.
3492 403 3596 458 155
3619 419 3756 473 sqq-

463 513 674 556 etcum
711 501 826 557 .Iac.
879 501 1122 558 Gretseri
1173 503 1432 558 versione
1472 518 1619 558 nunc
1653 502 1887 572 primum
1929 502 2048 555 edi-

466 601 520 648 ta
543 594 641 663 (α).
676 590 872 664 Incipit
897 608 911 647 :
936 595 1000 648 Oi
1026 595 1127 664 μὲν
1154 593 1372 647 ὁπλῖται
1411 593 1718 663 Ῥωμαίων.
1747 592 1878 647 Dum
1905 591 2050 662 prio-

466 698 554 738 res
579 684 821 738 lictiiilia:
850 699 1038 754 supra,
1071 700 1157 738 nr.

537 798 628 852 70.
665 796 866 851 Contra
890 815 978 852 eos
1035 799 1124 868 qui
1153 797 1406 865 ili/ferunt
1443 797 1764 866 baptismum
1800 794 1898 866 (ὁ).
1925 809 2052 848 cum

465 889 720 943 versione
753 887 1008 944 Gentiani
1058 889 1300 944 Ilerveti.
1351 888 1550 960 Incipit
1591 909 1602 943 :
1639 888 1704 940 υἱ
1737 887 1834 957 τῆς
1871 887 2053 939 οἰκου-

470 981 638 1052 μένης
662 981 864 1051 ταύτης
887 981 1144 1050 βασιλεῖς.
1173 980 1362 1036 Latine
1379 981 1494 1052 jam
1517 979 1619 1034 Iuit
1636 994 1827 1050 supra.
1851 993 1935 1032 nr.
1955 977 2047 1031 2|.

469 1071 557 1144 [ν.
598 1071 923 1128 Schroeckh.
956 1089 1010 1143 p.
1042 1073 1144 1127 117
1169 1071 1318 1144 sqq.]

539 1184 631 1239 71.
660 1186 821 1238 Κατὰ
856 1183 1221 1249 τοκιζόντων,
1254 1185 1798 1250 Contra'usurarios,
1831 1183 1947 1239 sive
1979 1182 2051 1249 fe-

469 1285 759 1339 neratores,
793 1291 917 1330 cum
944 1276 1193 1332 versione
1227 1275 1346 1330 Jac.
1383 1276 1628 1331 Gretseri
1659 1273 1758 1346 (c).
1806 1274 2002 1344 Incipit
2031 1293 2046 1326 :

469 1368 594 1420 Τῶν
635 1367 941 1438 φιλαρέτων
973 1367 1296 1440 ἀνθρώπων.
1333 1367 1526 1422 Latine
1563 1368 1676 1437 jam
1710 1365 1814 1421 fuit
1861 1379 2049 1436 supra,

470 1473 557 1510 nr.
583 1457 673 1510 26.
699 1457 912 1512 Laudat
945 1458 1002 1514 S.
1040 1459 1302 1516 Basiliam
1330 1471 1384 1514 et
1424 1475 1546 1529 qua:
1580 1460 1670 1514 ille
1690 1459 1747 1512 in
1773 1457 2051 1512 Psalmum

469 1566 581 1611 xuv,
611 1557 803 1604 contra
829 1551 1164 1607 feneratores
1192 1553 1510 1621 scripserat.

538 1663 626 1716 72.
667 1663 740 1716 De
779 1651 1096 1732 pauperibus
1127 1672 1176 1715 et
1214 1661 1577 1730 beneﬁcentia,
1602 1661 2048 1730 Hepleexorl‘ac,

2154 509 2210 551 et
2230 498 2284 552 in
2308 512 2438 568 quo,
2463 499 2538 552 ibi
2557 500 2684 552 cod.
2703 497 2749 550 X
2773 500 3081 562 numerato,
3103 497 3256 550 varia
3272 504 3404 550 sunt
3423 495 3566 549 Max.
3587 495 3756 548 I’lan.

2153 590 2440 659 opuscula,
2468 590 2522 643 in
2545 589 2632 644 his
2649 605 2732 644 nr.
2759 589 2813 650 5,
2841 596 3141 643 memorata
3163 588 3362 653 oratio,
3379 587 3757 654 cujnsetiam,

2155 680 2258 736 sub
2288 667 2428 734 Max.
2463 679 2622 733 Plan.
2657 667 2921 746 nomine,
2955 679 3205 733 meminit
3253 681 3365 733 Leo
3405 679 3644 732 Allalius
3697 679 3757 730 in

2153 771 2387 826 diatriba
2424 772 2492 826 de
2527 770 2864 842 Symeonum
2896 769 3118 840 scriptis
3154 785 3275 840 pag.
3313 770 3406 836 87,
3441 769 3569 824 add.
3606 768 3759 824 Nes-

2153 866 2274 921 selli
2305 874 2414 921 cat.
2448 865 2610 920 codd.
2639 855 2844 921 Caesar.
2880 871 3021 934 part.
3056 879 3110 930 ι,
3145 880 3196 933 p.
3229 864 3332 918 556
3354 904 3368 926 ,
3400 873 3456 918 et
3486 873 3630 934 part.
3669 878 3757 924 tv.

2152 972 2276 1028 pag.
2309 957 2444 1021 158,
2471 957 2629 1012 codd.
2661 943 2937 1011 CCLXIX.
2969 986 3037 996 —
3060 955 3176 1010 Sub
3204 955 3420 1010 Maximi
3452 954 3610 1009 Plan.
3645 971 3759 1009 no-

2155 1051 2299 1102 mine
2324 1056 2506 1103 exstat
2531 1063 2749 1116 quoqne
2780 1049 2831 1100 in
2864 1047 2987 1100 cod.
3033 1045 3300 1099 Laurent.
3341 1045 3519 1108 XXII,
3553 1062 3642 1099 nr.
3680 1047 3757 1111 5,

2151 1138 2291 1206 plut.
2325 1129 2412 1194 56.
2453 1127 2512 1190 ν.
2551 1137 2780 1192 Bandin.
2812 1138 2934 1192 Cat.
2969 1138 3141 1191 codd.
3179 1137 3272 1192 Gr.
3306 1135 3465 1191 Laur.
3503 1136 3580 1200 Il,
3613 1152 3752 1207 pag.

2151 1228 2278 1284 527.
2304 1228 2438 1282 Add.
2470 1229 2613 1282 infra
2643 1230 2749 1284 vol.
2789 1224 2868 1292 X,
2904 1245 3026 1298 pag.
3059 1229 3165 1283 554
3188 1270 3203 1291 ,
3237 1245 3323 1282 nr.
3365 1229 3452 1283 14.
3487 1228 3671 1283 ΙΙΑιιι..

2223 1320 2314 1374 76.
2344 1318 2619 1387 Expositio
2639 1321 2850 1374 Cantici
2878 1321 3228 1383 canticorum,
3257 1335 3351 1387 per
3382 1320 3755 1387 paraplirasin

2153 1412 2396 1476 collecta,
2448 1429 2515 1467 ex
2561 1412 2661 1466 SS.
2707 1411 2953 1484 Gregorii
2987 1411 3242 1484 Nysseni,
3293 1411 3400 1466 Nili
3428 1423 3483 1468 et
3514 1413 3752 1467 Maximi

2152 1503 2588 1567 commentariis,
2621 1503 2808 1558 Graece
2833 1519 2956 1557 cum
2984 1503 3128 1559 Petri
3157 1504 3434 1560 Francisci
3464 1502 3583 1559 Zini
3618 1518 3754 1556 vcr-

2154 1592 2310 1646 sione
2331 1593 2528 1663 lcgitur
2549 1599 2680 1646 tom.
2705 1590 3023 1650 Il..4uctarii
3051 1593 3194 1648 Bibl.
3210 1594 3433 1648 Patrum
3460 1592 3755 1656 Ducazani,

2154 1681 2332 1738 Paris.
2368 1680 2529 1746 1624,
2560 1690 2615 1737 et
2644 1683 2699 1736 in
2725 1682 3051 1737 Bibliotheca
3079 1683 3332 1748 Patrum,
3369 1683 3541 1739 Paris.
3580 1683 3748 1744 I654,

466 1768 591 1806 cum
640 1752 758 1806 Zini
791 1753 1044 1806 versione
1077 1752 1174 1823 (ά).
1225 1751 1418 1822 Incipit
1445 1771 1458 1806 :
1513 1752 1570 1805 '0
1599 1753 1698 1823 τῆς
1731 1753 2050 1823 Ἐκκλησίας

2163 1787 2288 1830 ιοιιι.
2317 1773 2456 1838 XIII,
2497 1791 2602 1830 ms.
2635 1774 2824 1830 Graece
2867 1787 2991 1846 post
3019 1775 3410 1832 Theodoritum
3447 1777 3504 1829 in
3545 1773 3751 1830 Canti-

465 1845 672 1915 ταύτης
722 1844 1004 1915 πρόεδρος.
1044 1843 1238 1899 Latine
1277 1843 1390 1913 jam
1441 1842 1545 1898 fuit
1581 1860 1769 1914 supra,
1818 1860 1904 1899 nr.
1958 1845 2050 1910 24,

468 1933 680 1998 Graece,
715 1935 898 1988 addita
934 1932 1057 1988 Zini
1096 1935 1572 2003 interpretatione,
1605 1935 1815 2006 primus
1865 1937 2054 2006 vulga-

466 2029 545 2081 vit
582 2026 899 2090 Gretserns,
926 2042 956 2081 e
989 2027 1184 2081 codice
1220 2023 1492 2087 Caesareo,
1523 2027 1684 2097 cujus
1720 2025 2056 2097 Seb.’l‘eng-

467 2120 718 2190 nagelius
770 2120 873 2188 ipsi
903 2119 1119 2189 copiam
1151 2117 1298 2181 fecit,
1356 2132 1407 2171 a.
1456 2117 1616 2178 1617,
1657 2120 1954 2190 Ingolstad.
1995 2119 2049 2186 4,

466 2213 534 2267 ad
570 2213 778 2266 calcem
799 2211 1172 2276 Quaestionum
1205 2209 1484 2265 Anastasii
1517 2211 1768 2266 Sinaitze.

536 2305 627 2358 75.
682 2303 744 2357 In
789 2303 1107 2371 principium
1148 2301 2050 2373 jejuniorum,Elcrzapsla'é'aa'tr

464 2391 782 2460 νηστειῶν,
801 2408 923 2446 cum
956 2392 1211 2447 versione
1239 2390 1355 2448 Jac.
1407 2391 1673 2458 Grelseri,
1715 2394 1807 2462 qui
1845 2394 2054 2463 primus

465 2492 700 2554 utraque
738 2484 922 2554 lingua
949 2484 1117 2538 edidit
1151 2482 1640 2555 lngolstad.15l7,
1681 2488 1716 2541 4
1761 2485 1857 2557 (e).
1909 2485 2055 2541 Inci-

465 2577 578 2646 pit:
609 2575 869 2631 Σύνθετον
891 2575 1029 2639 ζῶον
1050 2576 1078 2628 ὁ
1103 2575 1409 2646 ἄνθρωπος.
1440 2573 1562 2631 Haec
1587 2575 1811 2631 hornilia
1841 2577 2058 2632 Asterio

464 2668 741 2721 Amaseno
784 2665 1050 2720 tribuitur
1095 2680 1127 2719 a
1166 2664 1380 2732 Photio,
1430 2669 1523 2736 qui
1583 2667 1831 2722 nonnihil
1879 2684 1945 2723 ex
1991 2684 2055 2723 ea

461 2754 622 2812 aﬁ‘crt
650 2755 774 2810 cod.
811 2755 1085 2811 CCLXXI.
1125 2755 1204 2828 [In
1249 2759 1374 2811 cod.
1416 2756 1672 2813 Laurent.
1709 2755 1900 2820 XXVI,
1948 2774 2035 2812 nr.

466 2847 562 2909 14,
601 2848 743 2917 plut.
779 2847 832 2900 7.
869 2846 934 2902 V.
970 2847 1204 2902 Bandin.
1239 2848 1278 2912 l,
1311 2865 1364 2919 p.
1398 2849 1526 2916 279,
1560 2851 1614 2905 in
1659 2851 1699 2905 ll
1759 2852 1919 2905 codd.
1951 2850 2056 2904 Pa-

464 2935 656 3000 ris.,in
682 2935 805 2991 cod.
836 2935 1065 2992 Taurin.
1097 2936 1283 2994 LXXI.
1317 2939 1520 3011 11Αιιι..]

538 3024 625 3080 71.
674 3025 874 3082 Contra
915 3027 1256 3094 fornicarios,
1288 3029 1426 3084 sive
1475 3031 1529 3083 in
1572 3029 1704 3083 illud
1734 3029 1982 3098 Apostoli
2022 3028 2044 3082 Ι

2155 1885 2274 1922 cum
2337 1868 2667 1921 canticorum
2733 1868 2788 1922 in
2862 1869 3052 1924 codice
3119 1868 3424 1940 theologica
3484 1868 3756 1923 Caesareo

2154 1955 2426 2012 CCCXIV.
2485 1955 2655 2011 Fusa.
2685 1987 2758 1998 ——
2789 1956 3045 2012 Monach.
3103 1958 3160 2014 in
3211 1959 3334 2014 cod.
3387 1957 3626 2030 XXXIX.
3676 1957 3750 2011 ν.

2153 2059 2260 2101 cat.
2299 2046 2392 2102 Gr.
2440 2047 2604 2102 codd.
2661 2048 2852 2103 Bavar.
2904 2065 2959 2119 p.
3003 2050 3092 2104 10.
3119 2082 3187 2093 ——
3217 2050 3377 2106 Conl‘.
3433 2051 3556 2105 cod.
3601 2049 3752 2113 LVI,

2121 2138 2356 2194 .Caesar.
2411 2147 2466 2193 et
2493 2139 2561 2194 de
2601 2140 2696 2194 illo
2740 2139 2996 2196 Lambec.
3032 2157 3234 2196 comm.
3287 2141 3376 2206 III,
3429 2158 3481 2211 p.
3513 2143 3642 2205 212.
3680 2145 3756 2197 ac

2153 2232 2209 2286 in
2247 2232 2354 2286 hoc
2398 2233 2505 2286 vol.
2555 2248 2610 2303 p.
2649 2233 2757 2289 285
2795 2249 2878 2305 sq.
2929 2250 3016 2290 nr.
3048 2236 3103 2301 5,
3136 2250 3200 2290 ac
3226 2251 3349 2306 pag.
3385 2235 3454 2292 96
3511 2237 3615 2291 sub
3643 2238 3752 2290 lin.

2157 2323 2331 2379 HARL.

2227 2457 2314 2512 77.
2361 2455 2603 2526 Epistola
2628 2457 2697 2510 ad
2719 2457 3032 2529 Euagrium,
3066 2459 3404 2520 monachum,
3441 2459 3570 2512 latet
3594 2459 3752 2514 inter

2153 2550 2436 2605 orationes
2487 2549 2839 2618 Nazianzeni,
2892 2569 3122 2607 numero
3157 2553 3318 2619 XLV,
3365 2553 3460 2610 sed
3497 2553 3747 2626 Nysseni

2153 2658 2278 2698 esse
2303 2643 2544 2705 videtur,
2577 2644 2840 2711 quoniam
2876 2645 2928 2696 in
2960 2659 3025 2698 ea
3057 2644 3334 2714 leguntur,
3370 2661 3494 2715 qua:
3528 2645 3749 2716 Enthya

2154 2738 2298 2792 mins
2328 2737 2383 2791 in
2415 2734 2682 2802 Panoplia
2713 2737 2873 2791 allert
2908 2753 2971 2792 ex
3008 2736 3259 2808 Nysseno
3286 2738 3422 2808 πρὸς
3469 2738 3746 2809 Εὺάγριον

2156 2829 2387 2899 μόναχον
2410 2830 2538 2900 περὶ
2562 2829 2845 2899 Θεότητος,
2878 2839 2933 2884 et
2959 2831 3062 2885 sub
3095 2829 3198 2883 hoc
3225 2830 3385 2883 titulo
3413 2829 3662 2885 occurrit
3687 2832 3744 2883 in

2152 2921 2322 2975 variis
2377 2919 2539 2975 codd.
2586 2936 2723 2975 mss.
2777 2929 2836 2974 ut
2884 2920 3136 2976 Caesareo
3195 2920 3385 2975 Grteco
3423 2921 3746 2991 theologica

2156 3013 2293 3068 XLII
2326 3013 2422 3085 (g).
2474 3013 2681 3069 Confer
2723 3029 2847 3082 quae
2891 3029 3060 3083 supra
3103 3012 3159 3066 in
3201 3011 3546 3066 Nazianzeno
3599 3013 3741 3064 dixi.

461 3115 594 3172 Cor,
626 3133 700 3179 γι,
735 3119 820 3180 18,
846 3117 948 3182 Qui
980 3118 1299 3186 fornicatur,
1325 3121 1379 3172 in
1407 3121 1680 3188 proprium
1709 3137 1898 3188 corpus
1929 3136 2048 3189 pec-
2074 3105 2118 3163 C
2151 3105 2296 3160 Idem
2337 3106 2619 3176 Evagrins,
2665 3122 2786 3176 qna:
2813 3123 2842 3160 a
2869 3105 3130 3176 Gregorio
3164 3104 3232 3159 de
3253 3113 3494 3175 quatuor
3521 3105 3748 3158 virtuti-

463 3219 552 3264 cat
579 3209 670 3277 if),
695 3226 822 3265 cum
864 3213 1116 3267 versione
1137 3212 1391 3268 Gentiani
1429 3213 1667 3269 llerveti.
1693 3214 1888 3285 Incipit
1915 3235 1927 3270 :
1950 3217 2050 3268 Φο-

465 3301 602 3374 δερὰ
628 3303 727 3372 τῆς
765 3303 1126 3376 ἀποστολικῆς
1159 3305 1536 3376 παραγγελίας
1581 3307 1615 3375 ἡ
1658 3304 1912 3376 σάλπιγξ.
1949 3307 2051 3361 La-

464 3395 580 3449 tine
619 3394 731 3464 iam
755 3395 855 3448 fuit
883 3409 1048 3466 supra
1083 3412 1167 3450 nr.
1190 3397 1280 3451 22.
1312 3395 1499 3452 Graece
1528 3399 1737 3467 primus
1760 3414 1882 3454 cum
1915 3399 2050 3454 Iler-

462 3484 574 3538 veti
637 3487 893 3542 versione
922 3487 1098 3542 edidit
1129 3486 1444 3546 Gretserus.
1475 3489 1772 3560 lngolstad.
1809 3491 1968 3556 1617,
1990 3493 2046 3547 4.

465 3574 746 3630 Lacunam
775 3593 839 3632 ex
863 3577 1052 3632 codice
1071 3577 1263 3634 Graeco
1287 3579 1553 3634 Vaticano
1574 3583 1850 3651 supplevit
1882 3581 2046 3636 Laur.

465 3667 826 3738 Zaccagnius,
868 3671 922 3723 in
985 3670 1332 3726 Collectaneis
1377 3684 1835 3728 monumentorum
1887 3683 2048 3728 vete-

467 3772 610 3818 rum,
655 3757 812 3814 Itom.
850 3759 1010 3824 1698,
1047 3762 1099 3826 4,
1136 3776 1190 3830 p.
1229 3761 1354 3817 353.

536 3847 602 3904 ν.
639 3849 706 3903 In
737 3860 927 3904 neutra
961 3851 1192 3906 editione
1237 3850 1649 3910 Graeco-Latina
1682 3855 1976 3910 habentur:

535 3937 826 4005 Praeterea,
861 3958 984 4012 qua:
1013 3959 1138 3997 cum
1166 3944 1423 4002 referrem
1451 3949 1619 4013 edita,
1650 3949 1813 4004 simul
1840 3964 2049 4005 memo-

463 4031 602 4094 ravi,
635 4047 721 4085 nr.
764 4032 814 4097 7,
858 4035 946 4100 15,
979 4035 1071 4103 25,
1101 4037 1192 4102 27,
1221 4037 1290 4093 58
1321 4047 1374 4093 et
1405 4040 1491 4094 74.

537 4135 626 4192 75.
690 4137 756 4190 In
794 4137 1013 4194 Petrum
1059 4151 1108 4196 et
1192 4143 1440 4200 Paulum.
1506 4146 1737 4201 llomilia
1815 4149 2050 4218 longior,

463 4243 629 4298 quam
651 4244 718 4284 ex
744 4246 847 4286 ms.
872 4229 1122 4288 Caesareo
1143 4251 1265 4290 cum
1299 4241 1552 4296 versione
1576 4256 1674 4295 sua
1704 4241 1874 4296 edidit
1892 4242 2052 4299 Jaco-

465 4320 571 4376 bus
594 4319 884 4379 Gretserus
911 4324 1204 4396 lngolstad.
1232 4330 1390 4396 1620,
1425 4331 1478 4385 8.
1504 4335 1800 4401 Incertum,
1820 4350 1888 4388 an
1918 4334 2055 4406 Nys-

2153 3197 2256 3252 bus
2284 3199 2663 3254 cardinalibus
2691 3198 2965 3259 didicerit,
3015 3197 3202 3253 retulit
3233 3197 3287 3251 in
3327 3212 3429 3251 suo
3463 3197 3743 3259 Gnostico,

2151 3303 2181 3342 e
2227 3303 2335 3357 quo
2394 3287 2653 3342 Socrates
2706 3303 2780 3351 IV,
2835 3285 2943 3340 25:
2989 3286 3076 3339 ’Ev
3102 3283 3183 3351 τῷ
3208 3286 3530 3351 Γνωστικῷ
3569 3285 3744 3340 αὑτοῦ

2153 3377 2467 3447 (Εὺάγριος)
2499 3374 2726 3428 τοιαῦτά
2764 3388 2919 3445 φησι·
2947 3375 3232 3446 Τέσσαρας
3265 3375 3464 3446 ἀρετὰς
3510 3376 3602 3428 καὶ
3637 3375 3744 3438 τὰς

2153 3470 2386 3538 Θεωρίας
2436 3468 2616 3521 αὐτῶν
2662 3469 2812 3539 παρὰ
2836 3466 2930 3521 τοῦ
2974 3468 3184 3522 δικαίου
3222 3467 3521 3540 Γρηγορίου
3559 3486 3745 3540 μεμαε

2153 3561 2402 3633 θήκαμεν
2439 3557 2602 3623 εἶναι,
2641 3559 2921 3630 φρόνησιν,
2949 3567 3054 3613 etc.

2223 3688 2310 3742 78.
2331 3686 2765 3756 Ἀπιρῤητικὺς
2791 3686 2940 3754 πρὸς
2960 3686 3031 3739 τὰ
3063 3686 3532 3754 Ἀπολλιναρίου,
3550 3686 3744 3740 Antir-

2152 3782 2379 3836 rheticus
2405 3781 2655 3835 adversus
2683 3778 3072 3848 Apollinarem.
3103 3775 3298 3848 Incipit
3319 3797 3331 3831 :
3356 3778 3534 3832 Καλὸν
3553 3777 3620 3830 ἂν
3644 3765 3742 3846 γέὲ

2154 3892 2296 3928 varro
2338 3872 2624 3944 προοίμιον
2663 3872 2818 3942 ἡμῖν.
2868 3870 3085 3943 Insigne
3125 3871 3228 3924 hoc
3268 3885 3406 3938 opus
3440 3885 3470 3923 a
3507 3869 3742 3923 Leontio

2156 3965 2284 4037 Byz.
2315 3966 2370 4020 in
2393 3964 2561 4020 variis
2588 3965 2834 4033 scriptis,
2866 3979 2895 4017 a
2919 3962 3077 4018 Joan.
3101 3963 3436 4017 Damasceno
3457 3971 3512 4016 et
3532 3962 3744 4033 Euthy-

2154 4060 2283 4123 mio,
2317 4072 2534 4112 necnon
2567 4058 2620 4112 in
2659 4057 2800 4110 actis
2838 4065 3006 4110 sextaa
3055 4055 3253 4126 synodi
3294 4054 3512 4108 actione
3539 4052 3588 4106 X
3618 4054 3744 4107 lau-

2152 4153 2360 4216 datum,
2417 4162 2891 4221 memoratumque
2939 4149 3245 4219 Nicephoro
3298 4164 3377 4212 ιι,
3439 4149 3528 4212 19,
3556 4147 3739 4209 Hist..-

2153 4243 2365 4313 primus
2393 4257 2462 4297 ex
2495 4243 2688 4297 codice
2731 4239 3015 4305 Vaticano,
3049 4239 3152 4295 700
3189 4239 3410 4294 circiter
3439 4251 3740 4297 annorum,

2153 4337 2393 4406 vulgavit
2422 4351 2546 4390 cum
2589 4334 2843 4400 versione
2876 4348 2976 4388 sua
3018 4333 3274 4402 notisque
3316 4330 3479 4384 Laur.
3534 4329 3742 4383 Zarca-

467 4417 584 4469 seni
622 4417 711 4470 sit.
743 4415 908 4472 Faan.
942 4418 1037 4473 Est
1061 4420 1276 4475 Maximi
1310 4421 1590 4488 Planudze,
1623 4434 1682 4478 ut
1715 4426 1824 4480 late
1863 4427 2050 4481 docuit
2080 4438 2124 4494 Ῑ)
2153 4427 2335 4496 gaius,
2369 4428 2422 4482 in
2459 4425 2804 4481 Collectaneis
2839 4433 3220 4479 monumentor.
3262 4432 3516 4483 veterum,
3571 4421 3738 4474 Rom.

465 4505 722 4563 Lambec.
743 4509 795 4562 in
820 4508 1031 4565 Comm.
1060 4511 1166 4568 vol.
1191 4507 1281 4575 IV,
1309 4530 1361 4584 p.
1396 4514 1499 4569 119
1527 4532 1648 4586 sqq.
1682 4515 1750 4571 de
1766 4517 1894 4572 cod.
1913 4517 2052 4581 CIX,

465 4597 670 4655 Caesar.
702 4601 756 4654 in
786 4617 896 4668 quo
923 4613 1008 4655 nr.
1056 4604 1141 4664 12,
1168 4605 1257 4658 illa
1289 4606 1488 4670 oratio,
1521 4608 1794 4677 principio
1829 4610 2049 4670 mutila.

465 4689 730 4761 Gregorio
763 4691 922 4763 Nyss.
956 4696 1270 4762 ascribitur,
1299 4705 1352 4751 et
1386 4714 1452 4752 ex
1479 4714 1589 4768 quo
1627 4697 1942 4763 Grctserus,
1980 4717 2048 4756 ex

467 4782 628 4849 cujus
669 4783 881 4852 praefat.
929 4783 1187 4840 Lambec.
1239 4789 1457 4856 longum
1512 4792 1788 4858 excerpsit
1831 4791 2046 4854 locum,

467 4871 616 4925 illam
645 4873 815 4928 edidit
848 4875 1172 4931 orationem.
1211 4878 1316 4932 Sed
1341 4877 1598 4934 Lambec.
1635 4881 2050 4945 animadvertit,

466 4964 523 5019 in
551 4965 680 5019 bibl.
705 4966 816 5021 duo
840 4970 1132 5024 memorari
1164 4971 1384 5028 codices
1413 4973 1616 5030 Caesar.
1647 4989 1879 5042 quorum
1912 4973 2052 5028 alter

469 5057 614 5111 inter
636 5058 796 5112 codd.
825 5061 1024 5116 histor.
1059 5060 1154 5116 Gr.
1190 5063 1355 5116 etiam
1383 5065 1626 5118 continet
1651 5065 1789 5119 duas
1825 5062 2049 5118 Maximi

469 5149 729 5206 Planudis
755 5160 942 5217 oratt.,
968 5154 1023 5207 in
1055 5154 1138 5209 his
1170 5163 1309 5210 orat.
1338 5157 1393 5208 in
1420 5156 1687 5223 apostolos
1750 5153 1967 5210 Petrum
1998 5165 2051 5209 et

468 5243 743 5308 Paulum;
780 5248 940 5312 alter,
974 5249 1102 5302 olim
1135 5264 1247 5314 ut,
1281 5249 1424 5305 inter
1445 5249 1605 5304 codd.
1636 5249 1853 5319 philol.,
1884 5264 2045 5320 quem

539 5423 788 5500 ((1)1:Zdit.
817 5427 1062 5500 a._1658,
1095 5438 1228 5484 tom.
1260 5424 1325 5495 II,
1358 5443 1479 5500 pag.
1510 5427 1635 5482 205.

538 5497 617 5561 (ὁ)
654 5495 782 5561 Png.
816 5495 943 5552 225.

565 5571 613 5636 cr)
648 5565 777 5636 Pag.
814 5567 935 5620 1M.

563 5635 618 5705 ἀ)
649 5635 777 5703 Ρειιξ.
806 5637 934 5689 255.

540 5706 611 5780 te)
641 5709 774 5778 Pag.
812 5707 936 5761 217.

2164 4519 2324 4582 1698,
2354 4520 2410 4583 4,
2441 4534 2496 4589 p.
2534 4516 2792 4574 125-287.
2820 4515 3022 4572 Confer
3064 4530 3253 4586 supra,
3302 4530 3387 4569 nr.
3424 4514 3513 4575 15.
3544 4513 3638 4567 ubi
3671 4513 3742 4566 de

2155 4611 2475 4681 fragmentis
2502 4619 2630 4665 ante
2663 4610 2828 4664 editis
2868 4608 3100 4679 Nysseni
3128 4617 3313 4662 contra
3347 4607 3738 4674 Apollinarem.

2155 4700 2321 4754 Fann.
2356 4700 2694 4770 Zaccagnius
2725 4701 2762 4755 l.
2795 4715 2844 4755 c.
2871 4716 2924 4770 p.
2968 4700 3066 4754 121
3114 4715 3200 4768 sq.
3233 4699 3452 4767 collegit
3491 4698 3741 4752 testimoé

2156 4795 2246 4847 nia
2293 4793 2362 4847 de
2401 4793 2492 4846 illo
2524 4792 2756 4864 Nysseni
2811 4787 3210 4853 Antirrhetico,
3264 4800 3427 4859 atque
3476 4790 3533 4844 in
3579 4789 3738 4858 praef.

2157 4901 2280 4956 pag.
2320 4885 2389 4939 18
2442 4901 2564 4956 sqq.
2599 4886 2941 4940 demonstrat
2972 4885 3236 4956 primum,
3274 4899 3413 4954 opus
3443 4883 3578 4938 illud
3613 4899 3739 4939 esse

2157 4976 2452 5046 genuinum
2483 4976 2711 5047 Nysseni
2743 4977 2945 5041 fetum;
2995 4987 3108 5031 tum
3147 4977 3375 5046 inquirit
3409 4977 3463 5030 in
3497 4984 3738 5045 tempus,

2157 5081 2267 5135 quo
2288 5066 2417 5119 illud
2436 5065 2538 5119 fuit
2555 5075 2861 5129 exaratum,
2877 5076 2930 5122 et
2947 5069 3256 5136 suspicatur
3274 5068 3545 5138 latiusque
3560 5078 3743 5124 osten-

2157 5157 2240 5210 dit
2269 5159 2475 5212 editum
2535 5158 2704 5212 fuisse
2736 5172 2766 5211 a
2796 5155 3048 5228 Nysseno
3078 5158 3258 5212 medio
3298 5169 3544 5228 tempore
3594 5159 3741 5214 inter

2158 5264 2362 5303 annum
2405 5248 2531 5314 ³575,
2579 5258 2633 5303 et
2673 5249 3342 5305 Constantinooolitanam
3393 5249 3737 5320 rsynodum,

2225 5427 2293 5494 (ἴ)
2323 5425 2452 5496 Pag.
2473 5426 2598 5482 260.
3596 5491 3606 5498 .

2225 5499 2297 5566 (g)
2332 5498 2388 5550 In
2437 5499 2561 5566 cod.
2609 5498 2814 5553 Caesar.
2858 5495 3098 5566 LXXIX.
3151 5513 3238 5552 nr.
3281 5497 3314 5552 5
3379 5499 3485 5554 sub
3516 5499 3740 5552 nomine

2154 5567 2400 5630 Gregorii
2438 5565 3029 5636 NazianzNidesupra
3052 5565 3108 5619 in
3151 5570 3258 5622 vol.
3291 5567 3427 5632 VIII,
3487 5585 3537 5638 p.
3608 5569 3735 5625 411.

2157 5639 2326 5692 ΙΙιῐιι..

2227 5709 2299 5778 (li)
2334 5707 2390 5762 In
2415 5709 2533 5762 cod.
2569 5707 2729 5763 Laur.
2769 5708 2863 5769 καὶ
2895 5710 3045 5763 ποῖον
3072 5708 3260 5766 τοῦτον
3291 5711 3470 5773 ἄνθος.
3519 5727 3592 5766 ιι).
