3880 6218
442 306 510 359 3)
1680 295 1963 358 ΝΟΤΠΊΑ
2003 298 2028 353 Ε

2139 294 2464 354 FABRICIO.
3634 304 3700 357 ιο

442 422 587 480 rent,
642 427 696 474 et
735 419 790 473 in
842 418 1110 485 lldelibus,
1178 429 1236 475 ιιι
1286 426 1737 475 converterentur
1774 437 1789 472 :
1822 418 1904 472 sic
1949 429 2016 471 ex

2139 413 2293 477 ιῦτως
2352 418 2447 466 τοῦ
2511 414 2850 484 ἀνθρωπίνου
2917 413 3032 484 βίου
3074 414 3207 484 πρὸς
3245 413 3336 467 τὸν
3379 414 3514 467 Θεὸν
3537 429 3703 481 μετα-

447 510 682 563 humana
711 510 822 565 vita
856 510 924 563 ad
950 511 1116 566 Deum
1150 511 1504 576 transfertur,
1539 526 1664 565 cum
1696 510 2016 565 domesticis

446 602 562 657 suis
617 603 983 673 praecepisset.
1030 612 1090 657 ut
1123 619 1193 657 ne
1248 603 1352 673 ipsi
1397 603 1577 656 locum
1620 602 1901 672 proprium
1947 602 2017 656 ad

446 692 782 762 sepulturam
812 702 1057 749 emerent
1083 713 1096 748 :
1126 710 1249 748 nam
1289 694 1418 764 quia
1453 694 1584 748 dum
1626 693 1832 748 viveret
1878 710 2018 747 nun-

446 801 611 854 quam
638 786 874 840 voluerit
906 787 1009 840 loci
1041 786 1350 857 eujuspiam
1378 786 1636 841 dominus
1669 787 1880 849 vocari,
1921 785 2018 841 sed

448 884 507 927 ut
537 876 859 945 peregrinus
897 884 951 931 et
992 875 1199 930 advena
1250 876 1305 929 in
1334 875 1457 930 aliis
1492 876 1627 931 locis
1656 877 1824 929 vitam
1865 876 2022 945 dege-

447 969 540 1030 rit,
572 982 748 1037 neque
777 976 899 1037 post
931 976 1161 1023 mortem
1197 967 1422 1037 pudebit
1457 967 1802 1037 peregrinum
1835 981 2016 1036 agere.

450 1060 556 1114 Sed
591 1067 714 1130 post
746 1059 888 1113 hanc
914 1058 1107 1123 vitam,
1152 1058 1350 1128 inquit,
1385 1058 1491 1112 hoc
1525 1057 1579 1113 in
1609 1074 1705 1113 ore
1736 1059 2018 1114 hominum

449 1158 716 1215 versetur,
764 1164 957 1218 nempe
998 1147 1344 1219 Gregorium,
1392 1147 1521 1201 dum
1573 1148 1628 1201 in
1660 1148 1798 1202 vivis
1852 1156 2016 1212 esset,

450 1241 584 1295 nulli
634 1240 755 1294 loco
784 1255 984 1294 nomen
1033 1238 1299 1293 indidisse
1332 1254 1513 1302 suum,
1542 1245 1598 1292 et
1630 1248 1750 1309 post
1790 1247 2018 1293 mortem

449 1332 594 1403 apud
621 1332 831 1387 alienos
872 1333 1029 1403 quasi
1064 1331 1329 1386 advenam
1366 1330 1558 1396 fuisse,
1591 1332 1719 1401 quia
1758 1347 1818 1388 se
1851 1346 1881 1385 a
1904 1340 2023 1387 toto

448 1423 583 1477 orbe
615 1434 884 1477 terrarum
930 1422 1164 1478 alienum
1216 1420 1443 1486 fecerat,
1490 1422 1566 1474 ita
1596 1429 1651 1475 ut
1689 1436 1757 1475 ne
1806 1425 1861 1474 in
1900 1421 2022 1475 loco

448 1512 671 1583 quidem
697 1511 803 1566 sibi
828 1510 1052 1581 proprio
1076 1511 1296 1580 sepeliri
1318 1512 1554 1565 voluerit
1582 1529 1594 1564 :
1622 1511 1794 1566 solam
1822 1512 2023 1582 quippe

449 1604 554 1661 sibi
606 1605 1012 1673 possessionem
1066 1602 1443 1658 honorabilem
1484 1617 1609 1658 esse
1676 1617 1836 1663 eam.
1900 1618 2025 1672 quae

448 1697 694 1751 avaritia:
723 1696 933 1751 nullum
961 1694 1198 1749 admittit
1228 1694 1539 1765 vestigium.
1569 1696 1624 1749 in
1645 1693 1867 1751 Christo
1889 1694 2023 1752 Iesu

2123 507 2387 569 νίσταται,
2415 506 2721 575 ἐπισκέψεις
2752 510 2867 569 τοῖς
2906 506 3235 577 ἐπιτηδείοις
3266 505 3340 577 μὴ
3390 504 3702 575 κτήσασθαι

2124 596 2273 666 αὐτῷ
2309 597 2473 650 τόπον
2502 599 2637 668 πρὸς
2672 598 2854 669 ταφὴν
2887 598 3174 662 ἰδιάζοντα.
3212 598 3277 651 Εἰ
3309 596 3419 670 γὰρ
3447 597 3557 661 ζῶν
3586 598 3703 651 Κύ-

2128 709 2239 762 ριος
2282 692 2545 763 κληθῆναι
2570 696 2736 746 τόπου
2765 694 2912 758 τινὸς
2934 695 2998 747 οὐ
3031 694 3376 760 κατεδέξατο,
3403 694 3539 747 ἀλλὰ
3567 710 3704 764 παρ-

2123 784 2286 837 οικῶν
2319 787 2376 837 ἐν
2427 785 2725 857 ἀλλοτρίοις
2772 786 2862 840 τὸν
2911 786 3027 856 βίον
3076 786 3365 854 διήγαγεν,
3392 786 3515 840 οὐδὲ
3564 787 3704 856 μετὰ

2124 875 2353 930 θάνατον
2382 880 2448 947 τῇ
2489 878 2753 949 παροικίᾳ
2783 879 3001 941 πάντως
3046 878 3557 949 ἐπαισχυνθήσεται,
3585 877 3703 930 ἀλλ’

2123 969 2286 1032 ἔστω,
2327 971 2513 1038 φησὶν,
2544 969 2623 1041 τῷ
2650 970 2787 1040 μετὰ
2811 970 2983 1025 ταῦτα
3012 971 3112 1042 βίῳ
3144 972 3407 1042 διήγημα,
3437 972 3518 1024 ὃτι
3557 970 3706 1040 Γρη-

2123 1058 2307 1131 γὸριος
2344 1059 2467 1113 οὔτε
2521 1060 2628 1125 ζῶν
2675 1062 3034 1133 ἐπωνομάσθη
3065 1063 3216 1132 τόπῳ
3260 1062 3386 1126 τινὶ,
3421 1062 3514 1115 καὶ
3561 1061 3704 1131 μετὰ

2125 1150 2354 1205 θάνατον
2398 1152 2693 1222 ἀλλοτρίων
2735 1154 2952 1221 ἐγένετο
2984 1154 3165 1225 πάσης
3212 1153 3312 1223 τῆς
3360 1154 3463 1223 γῆς
3512 1153 3706 1205 ἑαυτὸν

2124 1242 2476 1313 ἀποστήσας,
2529 1241 2605 1305 ὡς
2660 1244 2734 1313 μὴ
2789 1244 3084 1313 ἐνταφῆναι
3145 1244 3259 1313 ἰδίῳ
3306 1240 3705 1308 καταδέξασθαι

2124 1331 2292 1402 τόπῳ.
2328 1330 2510 1398 Μάνην
2564 1332 2672 1401 γὰρ
2717 1332 2866 1402 αὐτῷ
2916 1334 3109 1402 κτῆσιν
3161 1333 3348 1403 τιμίαν
3401 1330 3639 1400 ὲκείνην,
3668 1330 3706 1400 ἢ

2127 1421 2438 1488 πλεονεξίας
2465 1424 2548 1491 ἐφ’
2581 1424 2779 1493 ἑαυτὴν
2829 1423 2971 1493 ἴχνος
3019 1425 3079 1477 οὐ
3117 1423 3352 1495 δέχεται,
3394 1426 3453 1476 ὲν
3482 1421 3709 1493 Χριστῷ

2138 1514 2312 1585 Ἰησοῦ
2357 1515 2434 1585 τῷ
2486 1516 2677 1585 Κυρίῳ
2711 1515 2896 1585 ήμῶνυ
3012 1515 3205 1586 ἡδόξα
3246 1516 3344 1568 σὺν
3386 1514 3564 1585 Πατρὶ
3609 1513 3709 1565 καὶ

2126 1606 2404 1676 Πνεύματι
2461 1604 2557 1661 νῦν
2604 1606 2700 1659 καὶ
2756 1607 2836 1668 εἰς
2891 1607 3018 1668 τοὺς
3065 1604 3268 1668 αἰῶνας
3298 1605 3410 1657 τῶν
3454 1601 3702 1658 αἰώνων.

2140 1698 2332 1767 Ἀμήν.

447 1789 681 1846 Domino
718 1798 913 1845 nostro
940 1807 955 1845 :
987 1789 1074 1844 cui
1125 1787 1299 1860 gloria
1346 1803 1469 1843 cum
1508 1786 1669 1844 Patre
1700 1798 1755 1844 et
1801 1788 2031 1860 Spiritu,
2062 1802 2211 1845 nunc
2240 1797 2295 1845 et
2323 1790 2378 1844 in
2411 1790 2608 1845 siecula
2643 1790 2987 1846 saeculorum.
3018 1789 3213 1847 Amen.

516 1902 817 1976 Gregorius
837 1901 1123 1974 Nyssenus
1148 1900 1227 1956 De
1253 1901 1480 1968 homine,
1511 1901 1712 1966 anima,
1734 1901 2023 1967 elementis,
2057 1891 2099 1946 Β
2128 1904 2222 1959 sed
2248 1904 2340 1959 illa
2372 1904 2772 1974 interpretatio,
2802 1903 2947 1974 quod
2981 1904 3176 1969 sciam,
3214 1903 3391 1958 lucem
3441 1916 3552 1958 non
3611 1915 3711 1958 as-

449 1994 645 2050 riribus
706 1994 924 2057 animai,
968 1991 1162 2048 Latine
1207 1991 1365 2047 Joan.
1423 1991 1666 2058 Conone,
1713 1990 2030 2048 Norimbero

448 2086 626 2159 gensi,
689 2087 1007 2155 interprete.
1056 2084 1237 2139 editus
1290 2098 1386 2154 per
1431 2082 1652 2139 Beatum
1705 2082 2031 2141 Rhenanum

448 2182 738 2250 Argentor.
774 2177 918 2247 apud
951 2174 1211 2230 Schurer.
1232 2174 1392 2239 151‘2,
1418 2173 1514 2230 fol.
1545 2173 1723 2230 Paris.
1749 2176 1907 2239 1515,
1933 2176 2029 2233 fol.

449 2272 617 2326 Basil.
657 2271 814 2333 1521,
843 2269 898 2334 4,
931 2267 1114 2339 [1512.
1147 2267 1212 2325 ,in
1243 2265 1467 2320 Panzeri
1502 2265 1567 2318 Α.
1600 2273 1640 2320 t.
1666 2264 1757 2328 Vl,
1795 2282 1847 2336 p.
1877 2266 2030 2339 190].

452 2362 519 2417 lli
553 2371 683 2419 sunt
716 2363 841 2417 libri
871 2376 965 2416 vni
1033 2359 1389 2430 philosophia:
1419 2357 1495 2413 De
1539 2366 1735 2412 natura
1770 2358 2029 2424 humana,

450 2454 543 2525 qui
588 2454 692 2510 sub
732 2452 969 2525 Nyswni
1019 2452 1236 2507 nomine
1279 2458 1499 2506 exstant
1536 2448 1591 2503 in
1644 2450 1887 2519 antiquis
1915 2450 2033 2505 edi-

449 2547 693 2601 tionibus
750 2544 999 2606 Latinis,
1048 2551 1105 2596 ut
1157 2540 1459 2596 Basileensi
1518 2540 1687 2606 1562,
1746 2540 1839 2597 fol.
1887 2540 2033 2597 Nihil

450 2646 631 2693 autem
688 2636 832 2690 aliud
892 2635 977 2689 his
1025 2635 1361 2697 continetur,
1410 2647 1575 2703 quam
1620 2633 1758 2689 liber
1792 2633 2033 2689 Nemesii

456 2726 528 2781 De
566 2725 791 2788 homine,
820 2725 874 2777 in
904 2731 1029 2777 octo
1068 2721 1281 2776 libellus
1309 2720 1632 2783 distractus,
1668 2728 1727 2773 ut
1759 2720 1869 2787 jam
1909 2736 2031 2774 mo-

451 2820 545 2873 nui
611 2816 725 2870 Vlil
790 2815 1064 2870 volumine
1121 2813 1215 2868 lib.
1264 2828 1296 2866 γ
1351 2810 1494 2883 ξοτιρ.
1541 2812 1643 2875 10,
1698 2810 1726 2882 §
1774 2812 1841 2874 6,
1906 2827 2028 2883 pag.

450 2909 555 2964 -148
593 2924 713 2979 sqq.
738 2906 877 2961 Add.
912 2906 1181 2960 Mansium
1212 2903 1278 2959 ad
1305 2903 1516 2958 Fabric.
1560 2902 1701 2956 Bibl.
1729 2902 1854 2957 Lat.
1890 2902 2029 2958 med.

450 3012 497 3055 et
521 3000 619 3069 inf.
657 3009 744 3054 (et.
777 3010 909 3052 tom.
944 2997 983 3061 l,
1016 3013 1068 3067 p.
1097 2996 1202 3051 505
1227 3011 1309 3065 sq.
1344 2994 1571 3066 [issu].

908 3085 1017 3139 VII.
1060 3086 1272 3154 Scripta
1305 3084 1595 3151 deperdita.

523 3178 589 3233 In
619 3176 908 3231 Prorerbia
940 3177 1233 3247 scripsisse
1279 3191 1358 3238 se,
1396 3176 1610 3228 videtur
1639 3175 1865 3229 inuuere
1892 3173 2028 3245 Nys-

452 3286 619 3326 scnus
642 3270 830 3323 homil.
856 3270 872 3322 Ι
902 3270 955 3321 in
989 3267 1323 3331 Ecclesiast.,
1358 3267 1483 3320 licet
1506 3269 1655 3321 locus
1684 3284 1789 3320 non
1820 3267 1891 3319 ita
1914 3267 2031 3320 evi-

452 3364 643 3415 denter
672 3362 775 3415 hoc
815 3359 1049 3415 evincat.
1078 3358 1280 3413 Confer
1317 3356 1728 3412 Tillemontiutn
1772 3368 1903 3411 tom.
1938 3356 2029 3429 IX,

454 3472 506 3525 μ.
540 3454 661 3507 742.
2016 3448 2023 3453 ’

526 3546 588 3600 In
652 3546 822 3616 Epist.
863 3546 932 3599 ad
996 3544 1371 3613 Philippenses.
1422 3543 1663 3615 Cyrillus
1737 3545 1917 3609 Μυκη
1960 3542 2031 3598 ad

457 3637 755 3707 Evuptium.

526 3728 607 3782 Ad
633 3728 999 3794 Theodosium,
1030 3728 1213 3795 episc.,
1242 3726 1515 3793 Quomodo
1547 3725 1822 3782 Cornelius
1853 3725 2032 3794 Spiri-

454 3833 567 3874 tum
630 3830 867 3874 sanctum
910 3830 1031 3873 ante
1082 3819 1395 3888 baptismum
1435 3818 1712 3887 acceperit.
1786 3817 2033 3871 Meminit

454 3913 734 3985 Nyssenus
781 3913 973 3984 ipsein
1017 3912 1123 3967 [ine
1166 3913 1354 3983 scripti
1389 3911 1465 3966 De
1504 3911 1917 3982 engastrimgtho
1963 3908 2029 3964 ad

454 4006 705 4060 eumdem
743 4003 1134 4059 Theodosium.
2024 4002 2031 4007 ’

460 4120 465 4123 -
528 4094 894 4150 Damascenus
931 4094 986 4148 in
1023 4092 1309 4149 Parallelis
1341 4109 1394 4163 p.
1429 4094 1534 4148 775
1559 4093 1693 4147 citat
1716 4091 2029 4163 Nyssenum

455 4189 512 4243 in
542 4186 677 4241 illud
706 4205 719 4242 ε
746 4186 849 4241 Hic
880 4197 965 4241 est
992 4185 1167 4242 Filius
1202 4203 1345 4241 meus
1374 4186 1617 4239 dilectus.

530 4279 852 4350 Euthytnius
882 4278 939 4333 in
976 4277 1238 4346 Panoplia
1271 4278 1439 4332 alfert
1456 4278 1717 4331 nonnulla
1742 4278 1806 4329 ὲκ
1828 4277 1926 4348 τῆς
1945 4276 2033 4329 λε-

454 4372 693 4442 γομένης
727 4362 867 4424 εἶναι
896 4369 990 4423 τοῦ
1030 4368 1380 4440 Νύσσης,καὶ
1420 4368 1759 4439 καλουμένης
1788 4368 2034 4436 Θεογνω-

456 4479 597 4523 σίας.

2132 1997 2303 2068 pexit.

2201 2087 2651 2145 Greco-Latinae.
2678 2120 2747 2132 —
2772 2090 2948 2147 Paris.
2996 2089 3153 2155 1615,
3195 2089 3232 2144 2
3262 2088 3527 2153 volumin,
3588 2087 3715 2151 fol.,-

2133 2188 2362 2234 curante
2392 2178 2667 2234 Frontone
2704 2178 2925 2242 Dircaeo,
2951 2194 3017 2235 ex
3055 2179 3276 2235 ofﬁcina
3304 2177 3631 2235 Nivelliana.

2202 2269 2484 2339 Appendix
2505 2270 2635 2326 ibid.
2665 2271 2822 2336 1618,
2848 2271 2967 2337 fol.,
2990 2285 3055 2326 ex
3073 2269 3434 2341 suppeditatis
3454 2277 3509 2325 et
3528 2278 3716 2324 trans-

2133 2361 2319 2416 missis
2351 2375 2378 2414 a
2412 2359 2619 2416 Iacobo
2643 2360 2921 2417 Gretsero.

2203 2452 2378 2507 Paris.
2421 2452 2582 2515 1658,
2613 2453 2710 2508 fol.
2745 2454 2925 2511 tribus
2957 2452 3187 2519 volum.,
3220 2452 3277 2507 in
3322 2467 3427 2521 qua
3467 2452 3719 2508 editione

2134 2542 2271 2595 nihil
2301 2551 2498 2613 praeter
2525 2544 2876 2614 appendicem
2909 2543 3020 2613 jam
3054 2553 3413 2599 memoratam
3452 2544 3717 2603 accessit.

2134 2646 2258 2684 cum
2291 2632 2496 2701 alioqui
2524 2648 2625 2686 nec
2658 2640 2769 2687 tam
2806 2631 2980 2687 nitida
3004 2633 3097 2696 sit,
3130 2648 3230 2687 nec
3259 2641 3369 2688 tam
3399 2632 3717 2695 emendata,

2135 2735 2298 2789 quam
2333 2722 2484 2791 prior
2534 2720 2856 2776 Nivelliana.
2918 2721 2993 2776 De
3041 2733 3275 2794 utraque
3330 2721 3636 2787 Labbeum,
3670 2723 3721 2778 si

2135 2812 2333 2881 placet,
2371 2812 2496 2866 vide
2532 2820 2588 2865 et
2618 2812 2916 2867 Oudinum.
2952 2811 3123 2866 ΕΔΜ.

2210 2901 2315 2956 Sed
2344 2918 2507 2971 quam
2536 2904 2847 2959 necessaria
2882 2905 2952 2959 sit
2983 2919 3121 2959 nova
3159 2900 3322 2975 Greg.
3345 2902 3507 2975 Nyss.
3547 2903 3637 2958 ed.
3690 2918 3721 2957 e

2135 2992 2295 3047 codd.
2324 2993 2685 3058 emendanda,
2717 3006 2769 3049 et
2790 3012 2852 3048 ex
2885 2995 2993 3048 illis
3027 3004 3078 3048 et
3119 2993 3376 3065 Zacagnii
3410 3003 3573 3062 atque
3607 2992 3721 3047 Ca-

2136 3084 2362 3138 raecioli
2387 3084 2545 3139 editt.
2585 3088 2900 3141 memoratis
2939 3085 3433 3156 locupletanda,ex
3476 3086 3566 3147 iis,
3593 3099 3723 3154 quae

2137 3175 2421 3246 hucusque
2454 3192 2485 3230 a
2518 3192 2603 3231 me
2629 3186 2683 3232 et
2713 3193 2741 3231 a
2775 3177 3032 3232 Fabricio
3057 3180 3347 3234 observata
3380 3188 3530 3243 sunt,
3557 3178 3722 3232 facile

2137 3268 2391 3322 elucebit.
2433 3270 2821 3339 Amplissimus
2858 3279 3038 3325 autem
3093 3270 3277 3325 futuro
3326 3270 3523 3325 editori
3571 3279 3723 3340 patet

2136 3373 2389 3429 campus,
2428 3359 2482 3414 in
2535 3377 2644 3430 quo
2680 3362 2823 3416 vires
2882 3361 3106 3430 ingenii,
3151 3361 3500 3424 eruditionis.
3550 3370 3723 3431 atque
3836 3370 3837 3377 ‘

2136 3451 2430 3521 diligentia:
2459 3467 2582 3506 cum
2608 3452 2767 3507 laude
2795 3453 2998 3522 pariter
3026 3467 3089 3507 ac
3111 3453 3345 3507 utilitate
3371 3452 3546 3522 possit
3569 3468 3722 3506 exer-

2136 3559 2281 3598 CCI‘C.

2150 3684 2153 3687 ,
2205 3636 2415 3690 Aldinae
2435 3636 2703 3691 editiones
2747 3642 2925 3693 sunt:
2981 3635 3229 3704 Gregorii
3292 3634 3525 3708 Nysseni
3579 3636 3725 3690 liber

2135 3724 2217 3782 De
2262 3728 2489 3791 homine,
2520 3744 2644 3781 cum
2681 3726 2908 3796 Gregor.
2952 3726 3401 3783 Nazianz.oratt.
3444 3727 3536 3792 IX,
3597 3745 3729 3797 qua?

2134 3819 2319 3872 omnia
2362 3832 2509 3871 nunc
2547 3819 2778 3886 primum
2799 3819 3241 3875 emendatissima
3270 3821 3324 3874 in
3373 3821 3547 3875 lucem
3590 3837 3725 3891 pro-

2135 3910 2328 3974 deunt,
2390 3909 2486 3964 Gr.
2552 3908 2747 3963 Venet.
2799 3911 2854 3963 in
2892 3911 3104 3965 aedibus
3142 3913 3260 3966 her.
3297 3912 3419 3967 Aldi
3453 3921 3507 3968 et
3540 3914 3720 3967 Andr.

2134 4001 2364 4057 Asulani
2395 4002 2593 4055 soceri.
2628 4001 2788 4065 1556,
2825 4002 2878 4058 8.
2914 4033 2985 4043 —
3028 4002 3191 4075 Greg.
3247 4002 3408 4075 Nyss.
3448 4006 3724 4077 opuscula

2136 4091 2330 4149 Venet.
2364 4093 2508 4163 apud
2534 4092 2657 4146 Aldi
2711 4095 2851 4149 filios
2900 4096 3057 4159 1555,
3100 4097 3155 4151 8.
3215 4125 3286 4135 -—
3333 4097 3643 4152 Conciones
3687 4115 3723 4152 ν

2136 4184 2214 4238 De
2242 4186 2480 4239 oratione
2506 4184 2741 4241 Domini.
2778 4185 2967 4256 Ejusd.
2994 4189 3290 4243 conciones
3313 4197 3437 4244 octo
3460 4189 3538 4243 De
3561 4190 3723 4243 beata

2135 4278 2262 4331 vita.
2284 4276 2489 4333 Omnes
2518 4292 2548 4330 a
2568 4277 2731 4333 Petro
2761 4276 3037 4334 Galesinio
3057 4295 3336 4335 conversae
3363 4300 3375 4335 :
3405 4282 3490 4337 his
3521 4284 3724 4353 adjun—

2136 4380 2221 4424 cta
2255 4378 2337 4425 est
2368 4370 2437 4424 ab
2458 4369 2647 4425 eodem
2683 4370 2914 4442 Nysseni
2944 4372 3074 4432 vita.
3127 4389 3158 4427 e
3204 4374 3483 4430 veteribus
3527 4390 3725 4433 aucto-

2136 4461 2290 4517 ribus
2322 4462 2571 4528 colleeta.
2595 4462 2799 4527 Romae,
2819 4461 2991 4515 Paull.
3021 4462 3316 4531 Manutius,
3346 4467 3504 4529 1565,
3537 4469 3593 4522 4.

527 4554 671 4608 Idem
714 4569 781 4607 ex
817 4551 1068 4623 Nysseno
1107 4552 1176 4605 ad
1222 4550 1507 4605 Ablabium
1528 4550 1777 4621 quaedam
1812 4553 2031 4615 recitat,
2062 4574 2109 4630 υ
2207 4553 2487 4624 Frequens
2540 4555 2747 4609 mentio
2801 4556 3059 4623 quoniam
3143 4555 3283 4611 facta
3329 4567 3415 4612 est
3457 4560 3723 4614 editionis

456 4660 579 4714 «iure
614 4660 725 4698 non
759 4644 1015 4713 leguntur
1055 4641 1109 4695 in
1141 4642 1345 4712 scripto
1368 4640 1451 4694 Ad
1488 4640 1793 4705 Ablabium,
1824 4642 1890 4695 de
1920 4655 2032 4710 quo

458 4749 645 4802 supra,
674 4748 762 4786 nr.
795 4731 883 4786 50.

778 4820 917 4879 Vill.
944 4821 1220 4878 Edttiones
1247 4838 1459 4889 operum
1493 4821 1741 4894 Nysseni.

529 4915 839 4971 Latinat.—
874 4915 1152 4977 Coloniae,
1198 4914 1357 4981 1557,
1406 4913 1526 4980 fol.,
1565 4913 1725 4982 cujus
1775 4910 2031 4968 editionis

459 5009 708 5063 notitiam
743 5017 926 5078 petere
955 5008 1084 5062 licet
1111 5022 1175 5061 ex
1212 5006 1543 5060 Bibliotheca
1570 5004 1822 5060 Gesneri.

538 5098 701 5154 Basil.
731 5097 891 5161 1562,
922 5097 1040 5162 fol.,
1066 5096 1325 5167 pleraque
1345 5094 1639 5149 Laurentio
1666 5092 1856 5147 Sifano
1874 5092 2038 5146 inter-

462 5203 635 5260 prete.
652 5187 804 5243 lianc
826 5188 1120 5244 editionem
1145 5197 1396 5242 recenset
1410 5185 1774 5241 Bellarminus
1800 5184 1867 5238 de
1892 5185 1951 5238 S.
1972 5183 2034 5239 E.

540 5279 703 5333 Basil.
740 5279 895 5343 1571,
933 5278 1052 5340 fol.,
1074 5276 1253 5332 Paris.
1281 5277 1440 5340 I575,
1473 5275 1590 5337 fol.,
1624 5291 1741 5343 qua:
1759 5274 1927 5329 editio
1961 5289 2039 5328 re-

462 5380 719 5428 censetur
747 5385 779 5425 a
830 5369 1126 5426 Possevino
1151 5370 1205 5424 in
1237 5371 1507 5438 Apparatu
1539 5367 1596 5422 S.
1663 5367 1836 5422 Paris.
1877 5366 2035 5429 1605.

465 5460 836 5522 fol.,curante
882 5461 1161 5517 Frontone
1213 5459 1433 5527 Ducam,
1475 5476 1597 5530 qua:
1643 5468 1697 5513 et
1749 5458 1959 5528 plenior
1985 5468 2041 5513 et

462 5553 775 5607 accuratior
798 5554 1012 5607 cmteris
1049 5562 1133 5607 est
1160 5553 1350 5608 editio.

533 5644 788 5698 Carolum
817 5643 1042 5697 Bovium
1086 5640 1319 5714 Nysseni
1381 5656 1544 5712 opera
1611 5639 1842 5694 vertisse
1893 5638 2041 5709 legas

462 5730 521 5789 in
554 5743 702 5789 torno
732 5731 803 5788 IX
858 5731 1039 5788 Italia:
1094 5731 1151 5788 S.
1189 5731 1513 5789 Fcrdinandi
1560 5729 1768 5802 Ughelli
1835 5744 1888 5800 p.
1949 5729 2037 5797 60,

2142 4644 2440 4707 llmschel.,
2473 4645 2720 4699 curatius
2749 4660 2868 4699 eam
2910 4655 2964 4699 et
2983 4656 3199 4715 propter
3229 4650 3510 4703 raritatem
3545 4651 3720 4715 illius,

2140 4752 2261 4806 qua:
2291 4751 2457 4806 penes
2494 4751 2582 4789 me
2612 4745 2715 4798 est,
2750 4744 2806 4790 et
2844 4746 3069 4807 propter
3107 4739 3476 4795 additamenta
3507 4741 3725 4797 descri—

2140 4826 2284 4882 bam.
2310 4825 2519 4895 Integra
2539 4836 2715 4879 autem
2737 4836 2822 4882 est
2846 4828 3163 4898 inscriptio:
3192 4848 3209 4881 ι
3232 4828 3293 4883 Ι).
3312 4829 3562 4903 Gregorii
3587 4834 3727 4906 Nys-

2137 4916 2253 4971 seni
2273 4917 2537 4985 opuscula
2556 4917 2815 4987 quinque.
2830 4937 2849 4969 ι
2880 4919 2920 4972 1.
2943 4918 3019 4972 De
3043 4920 3368 4987 professione
3385 4922 3723 4984 Christiana.

2134 5006 2201 5060 ll.
2234 5006 2310 5061 De
2333 5007 2663 5077 perfectione,
2685 5019 2733 5062 et
2756 5011 2962 5078 qualem
2994 5009 3360 5066 Christianum
3384 5031 3496 5070 esse
3517 5019 3727 5076 deceat.

2133 5091 2222 5146 Ill.
2252 5096 2559 5165 Anagogica
2578 5098 2695 5150 vita:
2724 5095 2928 5166 Moysis
2953 5101 3246 5163 enarratio,
3268 5113 3377 5168 qua
3396 5101 3523 5156 vita:
3560 5105 3732 5160 Chri-

2137 5185 2329 5241 stiana:
2350 5186 2573 5256 quidam
2606 5187 2653 5241 is
2677 5194 2839 5257 typus
2888 5187 3060 5243 fuisse
3083 5189 3420 5246 ostenditur.
3451 5190 3543 5246 lV.
3576 5194 3732 5251 Con-

2140 5287 2226 5330 tra
2248 5277 2662 5346 Apollinarium.
2705 5276 2770 5331 V.
2804 5277 2878 5332 De
2915 5280 3039 5348 ﬁde.
3082 5279 3272 5337 Grmce
3305 5300 3453 5339 nunc
3478 5287 3729 5356 primum

2138 5368 2280 5421 edita
2304 5368 2486 5422 studio
2507 5379 2561 5423 et
2584 5384 2748 5439 opera
2788 5368 3006 5425 Davidis
3034 5369 3353 5442 Hoescbelii,
3388 5377 3734 5451 Augustani,

2140 5457 2313 5528 Lugd.
2354 5458 2539 5513 Batav.
2569 5474 2636 5513 ex
2670 5459 2817 5515 offic.
2870 5459 3109 5517 Plantin.
3154 5468 3297 5534 apud
3347 5465 3553 5522 Franc.
3612 5471 3655 5524 Β
3708 5507 3736 5518 -

2142 5548 2517 5620 phelengium,
2543 5549 2705 5614 1595,
2738 5551 2793 5617 8,
2823 5565 2888 5606 ex
2923 5552 3084 5609 codd.
3115 5555 3351 5625 August.
3400 5568 3458 5614 et
3501 5559 3738 5620 Maximi

2142 5638 2433 5710 Margunii;
2464 5640 2533 5696 de
2560 5640 2761 5709 quibus
2786 5641 2896 5713 agit
2921 5644 2977 5698 in
3007 5644 3239 5712 praefat.,
3269 5655 3326 5701 et
3351 5662 3454 5721 ego
3470 5653 3739 5721 quaedam

2151 5732 2405 5787 adnotavi
2431 5733 2486 5788 in
2512 5730 2812 5789 lntroduct.
2849 5742 2955 5789 etc.
2990 5732 3050 5802 ll,
3089 5734 3146 5802 2,
3171 5751 3225 5807 p.
3266 5736 3397 5808 253,
3451 5759 3539 5811 sq.
3580 5744 3745 5811 ρω-
