3880 6218
426 282 499 337 43
1592 272 1648 328 S.
1691 268 2042 327 GREGORIU
2055 269 2092 324 S
2130 267 2513 323 NYSSENUS.
3619 258 3687 311 u

427 401 529 470 τῆς
554 399 674 452 κατ’
711 397 913 469 ἀρετὴν
941 394 1296 465 τελειότητος.
1410 388 1587 460 Hujus
1626 389 2000 460 apographum
2031 393 2078 450 Α
2178 393 2252 457 μ’.
2310 387 2404 447 Εἰς
2469 383 2565 454 τὴν
2614 383 2707 434 τοῦ
2765 381 3062 452 ἀνθρώπου
3135 381 3503 451 κατασκευήν.
3537 378 3597 436 Β.
3621 381 3688 436 Α.

432 490 716 549 reverend.
757 499 811 544 et
833 487 1184 543 doctissimus
1211 483 1465 538 dominus
1504 479 1846 552 Margunius,
1890 479 2011 530 ὲπί-
2107 487 2288 535 exstat
2327 479 2626 547 interprete
2654 475 2810 529 Joan.
2839 474 3189 528 Lcunclavio.

437 601 641 645 σκοπος
674 581 962 651 Κυθήρων,
987 592 1086 634 sua
1119 591 1285 631 manu
1313 579 1624 639 exaratum,
1686 569 1832 626 dono
1886 568 1969 624 Ha

1905 569 2012 624 lm-
2183 577 2293 642 μα’.
2331 569 2465 640 Περὶ
2485 568 2685 638 ψυχῆς,
2713 566 2850 638 πρὸς
2875 565 2974 636 τὴν
2995 565 3252 636 ἀδελφήν.
3292 565 3355 619 Β.
3391 566 3437 618 Α

437 675 647 733 schelio
687 673 858 728 misit.

2187 662 2294 733 μβ’.
2328 663 2422 724 Εἰς
2447 661 2515 714 τὰ
2543 661 2764 731 ᾅσματα
2791 658 2899 710 τῶν
2923 658 3203 728 ᾀσμάτων,
3236 657 3386 726 λόγοι
3425 657 3518 710 λε’.
3586 655 3695 711 Lac

505 765 605 830 λζ’.
635 765 730 828 Εἰς
758 763 858 835 τὴν
898 761 1094 816 ἑαυτοῦ
1124 758 1480 833 χειροτονίαν.
1509 758 1582 812 Μ.
1612 755 1681 810 Μ.

2113 756 2226 810 tine
2254 764 2490 815 exstant,
2525 755 2824 821 interprete
2853 752 3052 805 Joann.
3087 750 3441 804 Leunclavio.

419 870 423 878 '
507 862 608 934 λη’.
639 859 1023 932 Κατηχητικὺς
1042 858 1221 926 λόγος,
1251 856 1323 910 Μ.
1365 855 1437 909 Μ.
1487 853 1654 923 hujus
1701 847 2009 918 exemplum
2191 845 2302 915 μγ’.
2368 845 2513 916 Πρὸς
2564 844 2692 906 τοὺς
2742 841 3078 912 ἀχθομένους
3142 843 3262 903 ταῖς
3317 839 3672 910 ὲπιτιμήσεσι

440 957 509 1010 ab
540 955 727 1009 eodem
771 969 885 1008 rev.
917 968 1005 1022 ep.
1045 951 1204 1022 Cyth.
1245 947 1589 1006 liceschelius
1609 943 1842 1013 accepit.
2116 935 2303 991 Grzece
2335 937 2514 991 editus
2536 934 2785 990 Parisiis.

509 1047 607 1100 λθ’.
643 1045 782 1116 Περὶ
803 1041 1122 1115 παρθενίας,
1163 1049 1344 1098 exstat
1387 1039 1440 1094 in
1482 1035 1813 1093 bibliotheca
1863 1031 2016 1085 Vati-

2185 1027 2364 1082 Codex
2397 1028 2702 1082 orationum
2729 1023 2787 1080 S.
2811 1025 2974 1095 Creg.
3016 1022 3273 1095 Nysseni,
3300 1022 3435 1077 satis
3465 1035 3697 1090 magnus

442 1152 602 1200 cana,
633 1149 930 1192 conversus
955 1149 986 1188 a
1019 1131 1177 1189 Joan.
1207 1130 1480 1196 Livineio,
1520 1127 1589 1184 G.
2116 1122 2168 1178 in
2199 1123 2526 1177 bibliotheca
2555 1121 2754 1178 nobilis
2779 1127 2833 1177 et
2855 1121 2926 1174 cl.
2962 1135 3014 1173 ν.
3041 1118 3102 1172 D.
3145 1116 3416 1173 Theodori
3449 1116 3697 1172 Canteri.

1467 1377 1470 1380 ,
1559 1364 1566 1390 ,
1607 1357 3691 1390 ,εεε-τ--πῇ-ῇ--ῄ

599 1584 1643 1732 PRGLEGOMENA
1724 1593 2464 1716 EDITIONIS
2541 1565 3559 1711 MORELLIANE.

1475 2025 1942 2072 ILLUSTRISSIMO
2003 2027 2083 2069 ET
2130 2020 2674 2068 REVERENDISSIMO

1699 2171 2042 2228 FEDEBICO
2077 2169 2484 2226 ΒΟΒΒΟΜᾸΞΟ

1765 2344 1820 2388 S.
1853 2345 1918 2388 ιι.
1959 2343 2018 2386 Ε.
2053 2343 2396 2386 αΔιωιΝΑιι

1520 2511 1846 2558 κειοιοιΑΝ
1857 2509 1993 2554 ENSI
2003 2510 2093 2552 ΕΜ
2125 2508 2646 2563 ARCHIEPISCOPO,

1253 2657 1570 2711 CLAUDIUS
1625 2656 1963 2708 MORELLUS
2005 2655 2271 2705 ΧΑῙΡΕῙΝ
2313 2655 2426 2704 ΚΑΙ
2471 2655 2885 2704 ΕΥΟΔΟΥΣΘΑΙ.

535 3051 693 3121 Quod
729 3049 964 3108 Basilius
1002 3047 1254 3122 Magnus,
1283 3047 1593 3106 Cardinalis
1619 3049 1978 3120 amplissime,
2010 3049 2077 3104 ad
2100 3049 2318 3106 beatum
2348 3048 2698 3105 Ambrosium
2732 3048 3090 3105 Mcdiolanen.
3117 3049 3412 3106 antistitem
3443 3051 3725 3112 scribens.

469 3157 592 3220 post
627 3148 959 3203 luculentam
1015 3145 1384 3200 maximorum
1422 3141 1636 3196 Domini
1666 3141 1874 3213 Deique
1922 3144 2100 3200 nostri
2139 3143 2530 3199 beneﬁciorum
2581 3145 2636 3198 in
2682 3161 2854 3214 genus
2895 3146 3193 3200 humanum
3223 3147 3724 3211 enumerationem,

471 3247 546 3299 ait
581 3257 640 3298 se
670 3253 936 3296 summam
970 3235 1067 3293 Dei
1087 3235 1215 3308 Opt.
1247 3233 1388 3289 Max.
1422 3235 1650 3306 gloriam
1683 3235 2034 3304 praedicando
2062 3237 2347 3302 extollere,
2389 3238 2480 3307 qui
2513 3253 2609 3306 per
2638 3239 2850 3307 singula
2883 3254 3112 3308 quaeque
3154 3240 3350 3294 saecula
3383 3241 3591 3294 munini
3620 3256 3729 3295 suo

473 3340 750 3409 placentes
783 3331 990 3403 deligit,
1025 3327 1383 3398 ὶκλεγόμενος
1413 3327 1540 3391 τοὺς
1570 3327 1720 3398 αὺτῷ
1747 3328 2005 3397 εὑαρεστο

2194 3343 2347 3384 .cum
2387 3329 2686 3398 praesertim
2718 3345 2832 3383 aevo
2859 3345 2960 3384 suo
2995 3345 3025 3384 c
3053 3330 3274 3384 civitate
3308 3332 3471 3402 regali
3495 3371 3508 3394 ,
3541 3334 3726 3386 virum

473 3443 799 3506 spectatum,
827 3429 987 3498 cujus
1019 3424 1142 3479 ﬁdei
1166 3423 1336 3478 totius
1361 3423 1540 3493 gentis
1569 3421 1894 3493 praefectura
1925 3424 2219 3479 commissa
2243 3423 2441 3491 fuerat,
2467 3441 2735 3496 generosa
2764 3435 2965 3489 mente,
3005 3428 3201 3482 illustri
3229 3439 3406 3483 ortum
3438 3430 3726 3500 prosapia,

472 3532 594 3581 vitae
629 3524 951 3596 splendore,
1003 3517 1222 3574 dicendi
1281 3516 1484 3570 virtute
1513 3515 1722 3569 clarum
1745 3558 1759 3581 ,
1791 3517 2026 3586 negotiis
2061 3517 2316 3572 civilibus
2373 3519 2672 3574 tractandis
2709 3521 3066 3590 conspicuum
3090 3560 3105 3584 ,
3159 3522 3223 3574 ad
3266 3522 3510 3577 sedulam
3563 3527 3730 3579 ovilis

469 3620 678 3675 Christi
704 3629 892 3672 curam
921 3611 1210 3673 traxisset,
1261 3617 1426 3678 atque
1462 3622 1493 3661 a
1521 3607 1806 3676 judicibus
1844 3616 2006 3662 terrae
2059 3609 2125 3662 ad
2176 3609 2577 3678 praesidentiam
2629 3615 2984 3681 apostolicam
3033 3616 3430 3678 transtulisset.
3462 3616 3632 3687 ἄνδρα
3662 3621 3730 3671 ὲκ

472 3693 858 3784 βασιλευούσης
886 3705 1092 3766 πόλεως
1135 3700 1308 3774 ἀρχὴν
1343 3700 1464 3754 ὅλου
1503 3699 1688 3764 ἔθνους
1717 3700 2147 3772 πεπιστευμένον
2171 3741 2185 3764 ,
2218 3701 2418 3770 ὑψηλὸν
2454 3702 2533 3773 τῷ
2561 3707 2898 3774 φρονήματι,
2941 3705 3130 3774 γένους
3159 3707 3535 3778 λαμπρότητι,
3570 3727 3732 3778 περι-

471 3803 674 3873 φανείᾳ
709 3801 845 3872 βίου,
871 3799 1044 3866 λόγων
1081 3797 1303 3867 δυνάμει
1328 3835 1342 3859 ,
1377 3794 1668 3866 πράγμασι
1694 3798 1806 3858 τοῖς
1835 3795 1977 3848 κατὰ
1997 3795 2088 3849 τὸν
2111 3795 2224 3866 βίον
2258 3795 2617 3866 περίϐλεπτον
2640 3837 2654 3859 ,
2689 3799 2931 3852 εἵλκυσεν
2973 3802 3053 3863 εἰς
3078 3801 3171 3872 τὴν
3198 3801 3306 3853 τῶν
3340 3803 3601 3872 ποιμνίων
3629 3802 3730 3856 τοῦ

471 3892 707 3967 Χριστοῦ
738 3890 1079 3952 ἐπιμέλειαν,
1115 3888 1208 3940 καὶ
1238 3884 1346 3940 ἀπὸ
1377 3885 1484 3939 τῶν
1524 3885 1726 3957 κριτῶν
1758 3886 1855 3956 τῆς
1883 3886 1989 3956 γῆς
2010 3926 2025 3950 ,
2059 3887 2154 3940 ἐπὶ
2182 3885 2280 3957 τὴν
2312 3887 2603 3958 προεδρίαν
2631 3890 2739 3944 τῶν
2803 3891 3114 3944 ἀποστόλων
3151 3894 3467 3964 μετέθηκεν.
3500 3894 3631 3960 Quae
3656 3895 3731 3949 ab

471 3987 621 4046 omni
655 3983 1024 4038 assentatione
1074 3980 1446 4035 remotissima
1486 3979 1661 4050 elogia
1710 3993 1741 4032 a
1774 3985 1928 4032 tanto
1969 3978 2384 4048 archiepiscopo
2416 3979 2773 4047 Ctesariensi,
2811 3983 3160 4037 sanctissimo
3201 3985 3420 4054 praesuli
3471 3985 3733 4040 Mediola-

474 4083 628 4139 nensi
664 4081 788 4150 jure
844 4077 1089 4142 tributa,
1131 4089 1313 4128 nonne
1369 4073 1726 4128 meritissimo
1777 4071 1844 4127 ad
1878 4071 2256 4127 beatissimum
2293 4072 2552 4126 Carolqu
2589 4075 2924 4130 cardinalem
2975 4075 3374 4142 Borromaeum,
3422 4079 3731 4147 patruelem

474 4187 660 4235 tuum.
695 4170 873 4242 patria
905 4183 1182 4238 regnoque
1223 4168 1432 4222 cmlesti
1461 4166 1572 4236 iam
1610 4165 1983 4235 perfruentem
2011 4206 2026 4231 ,
2070 4176 2124 4220 et
2153 4165 2219 4220 ad
2265 4177 2317 4221 te
2347 4167 2465 4236 pari
2499 4182 2762 4238 purpura,
2805 4169 2971 4222 animi
3008 4169 3266 4232 candore,
3299 4168 3560 4224 doctrina:
3590 4185 3734 4239 prm-

474 4263 695 4324 stantia,
732 4261 854 4312 vitae
900 4273 1224 4327 morumque
1254 4257 1524 4312 modestia
1557 4270 1622 4310 ac
1653 4257 2016 4311 sanctimonia
2051 4264 2410 4321 exornatum,
2444 4257 2701 4311 videntur
2733 4258 3154 4313 transferenda?
3179 4259 3300 4314 Jam
3342 4276 3470 4313 vero
3497 4276 3620 4314 cum
3664 4260 3731 4314 S.

475 4359 722 4428 Gregorii
749 4357 980 4428 Nysseni
1011 4355 1278 4426 episcopi,
1315 4354 1502 4410 Basilii
1552 4355 1702 4410 illius
1741 4354 1986 4425 germani
2035 4354 2263 4418 fratris,
2309 4353 2546 4425 Operum
2594 4354 2913 4425 fetuumque
2948 4359 3162 4426 augusti
3204 4357 3404 4427 ingenii
3459 4357 3735 4427 legitimo-

474 4469 596 4509 rum
631 4451 853 4506 editioni
884 4447 1160 4518 διγλώττῳ
1199 4448 1294 4500 καὶ
1343 4449 1624 4518 συμφερτῇ
1649 4487 1664 4512 ,
1697 4456 1986 4517 patronum

2203 4461 2291 4501 um
2342 4455 2397 4501 et
2441 4447 2817 4518 προασπιστὴν
2857 4451 3209 4519 πανάριστον,
3241 4466 3610 4519 quzereremus
3659 4450 3735 4503 ad

473 4542 742 4597 virulenta
765 4539 1042 4593 Zoilorum
1077 4537 1385 4602 κακοδόξων
1411 4538 1518 4592 tela
1565 4538 1940 4606 retundenda;
1977 4539 2032 4592 in
2072 4553 2232 4608 quem
2264 4538 2446 4610 petius
2473 4538 2659 4594 oculos
2697 4539 2969 4608 conjicere
2995 4540 3303 4605 debuimus,
3328 4557 3489 4610 quam
3525 4537 3580 4595 in
3603 4558 3734 4596 eum

477 4637 637 4706 cujus
664 4634 975 4706 respublica
1006 4634 1316 4689 Christiana
1340 4675 1355 4700 ,
1402 4643 1708 4703 sanctaque
1731 4633 1977 4689 Ecclesia
2012 4633 2255 4688 Romana
2292 4634 2515 4690 nomine
2546 4633 2664 4705 ipso
2694 4635 3017 4689 recreatur?
3043 4635 3241 4706 quippe
3267 4637 3320 4690 in
3349 4651 3458 4704 quo
3507 4633 3736 4706 Ῥώμης

478 4745 636 4784 omen
665 4728 1066 4783 faustissimum
1097 4727 1434 4788 continetur:
1475 4725 1764 4797 ἐπώνυμον
1792 4730 1907 4789 τοῖς
1937 4745 2009 4780 κα

2204 4744 2345 4797 νομα,
2383 4727 2651 4796 siquidem
2674 4767 2689 4789 ,
2722 4725 2912 4797 Igneus
2951 4737 3030 4782 est
3066 4729 3208 4798 vigor
3239 4737 3289 4782 et
3323 4727 3546 4781 caelestis
3582 4729 3736 4797 origo

479 4820 826 4883 Borromwia,
869 4819 1013 4889 quod
1044 4818 1174 4873 olim
1203 4833 1290 4873 me
1313 4818 1381 4873 de
1408 4825 1600 4874 sancto
1625 4819 1839 4883 Carolo,
1867 4835 2028 4888 quem
2065 4828 2123 4874 tu
2159 4819 2404 4888 sequeris
2444 4834 2611 4889 prope
2641 4821 2894 4890 passibus
2927 4820 3120 4890 requis,
3161 4819 3560 4890 depraedicasse
3589 4835 3739 4872 nun-

481 4928 644 4984 quam
677 4914 985 4985 pmnitebit.
1026 4910 1300 4978 Quocirca
1329 4911 1636 4983 Nyssenum
1668 4913 1982 4982 pervigilem

2202 4921 2314 4966 .tem
2343 4951 2359 4976 ,
2388 4915 2723 4983 γρηγορήσει
2753 4911 3090 4984 φερώνυμον,
3131 4912 3200 4967 ad
3229 4923 3280 4967 te
3314 4910 3734 4982 ἐρρωμενέστα-

481 5021 574 5057 τον
601 5005 696 5057 καὶ
726 5003 1179 5074 ὀξυδερκέστατον
1209 5003 1491 5075 ἀρχιερέα,
1527 5004 1671 5057 ultro
1713 5017 1837 5058 cum
1877 5002 2010 5056 char

2204 5018 2221 5057 ε
2255 5004 2456 5058 mentis
2490 5003 2808 5073 pignoribus
2845 5004 3036 5076 perdiu
3067 5003 3268 5059 abditis
3291 5044 3307 5069 ,
3358 5004 3736 5068 accedentem,

485 5113 546 5152 ea
579 5096 966 5169 φιλοφροσύνῃ,
1002 5097 1358 5167 benignitate,
1389 5096 1725 5152 humanitate
1757 5104 1812 5150 et.
1847 5095 2145 5161 alacritate,
2182 5111 2291 5166 qua
2320 5107 2565 5152 veterum
2604 5106 2918 5152 sanctorum
2956 5097 3297 5166 potissimum
3330 5095 3554 5150 Patrum
3580 5096 3741 5151 Grae—

483 5206 672 5245 corum
702 5200 758 5247 et
781 5190 1099 5246 Latinorum
1127 5201 1478 5247 monumenta
1515 5191 1772 5262 prosequi
1811 5191 1977 5255 soles,
2005 5191 2271 5261 accipito;
2305 5205 2368 5245 ac
2400 5192 2600 5261 pietate
2627 5207 2844 5262 gravem
2875 5199 2929 5246 et
2960 5193 3169 5247 meritis
3197 5193 3252 5246 in
3286 5193 3739 5262 locupletissima:

486 5285 831 5341 bibliothecae
862 5294 989 5352 tuae,
1023 5300 1128 5356 qua
1184 5286 1544 5358 φιλομούσους
1570 5302 1761 5341 omnes
1791 5285 2066 5340 exhilaras
2089 5324 2102 5349 ,
2135 5287 2330 5354 potiori
2356 5327 2370 5348 ,
2407 5303 2590 5356 quaeso
2611 5330 2625 5354 ,
2656 5295 2810 5357 parte
2838 5289 3122 5342 collocato.
3157 5287 3247 5343 Sic
3277 5290 3464 5360 utique
3492 5331 3506 5354 ,
3536 5306 3741 5359 magno

487 5378 742 5437 Federice
770 5422 784 5446 ,
820 5381 998 5438 ftedus
1039 5366 1321 5438 Musarum
1359 5391 1636 5438 castarum
1668 5382 1979 5437 inviolabile
2014 5397 2238 5437 servans
2259 5422 2273 5447 ,
2315 5384 2596 5451 φιλοθέους
2629 5385 2724 5437 Tui
2757 5403 3007 5440 memores
3043 5386 3225 5455 fecisse
3254 5387 3498 5440 merendo
3519 5429 3532 5450 ,
3571 5388 3738 5459 χάρις

485 5476 642 5548 χάριν
671 5479 778 5550 γάρ
817 5479 962 5531 ἐστιν
998 5479 1031 5548 ἡ
1065 5478 1302 5531 τίκτουσ’
1332 5479 1448 5543 ἀεί,
1477 5493 1638 5534 omne
1672 5493 1845 5532 aevum
1872 5477 2017 5531 dicer

2219 5477 2280 5529 τὸ
2307 5478 2401 5530 τοῦ
2431 5478 2564 5532 Θεοῦ
2609 5480 2835 5551 εὐμενές
2881 5482 2976 5534 tibi
3012 5496 3134 5534 cum
3169 5481 3404 5535 nominis
3450 5482 3733 5536 immorta-

485 5571 637 5630 litate
662 5569 1028 5642 comparabis.
1061 5567 1204 5626 Bcne
1239 5570 1462 5642 diuque,
1501 5569 1935 5626 Borromreorum
1967 5566 2126 5631 θάλος
2157 5567 2438 5638 ῥωμαλέον
2458 5609 2472 5632 ,
2506 5569 2706 5624 valeas.
2739 5570 2961 5626 Lutetia:
2995 5571 3255 5629 Parisior.
3289 5573 3354 5625 Α.
3382 5570 3624 5626 8.1615.

867 5838 1146 5855 μ,,,..ί
