3880 6218
177 324 247 380 83
1525 325 1743 382 PROLF

1853 325 1901 379 Μ
1911 325 2043 380 ENA
3364 325 3434 384 ιο

795 627 978 701 QUAS
1013 627 1120 688 AD
1155 628 1414 690 VITAM
1448 628 1946 701 LAUDEMQUE
1975 629 2035 688 S.
2069 628 2452 688 GREGORII
2481 629 2819 712 NYSSENI

1628 820 1992 862 PEBTINENT

1213 959 1308 1016 EX
1327 959 1639 1020 ALIORUM
1674 961 1988 1019 SCRIPTIS
2021 963 2295 1020 ELOGIA.

1056 1114 1126 1171 D.
1196 1114 1552 1187 Hieronymus
1601 1119 1657 1168 in
1712 1114 1972 1186 Catalogo
2027 1117 2218 1187 script.
2253 1117 2450 1172 eccles.

1363 1424 1690 1495 Sophronias
1733 1422 1946 1482 ereus
1980 1428 2254 1495 interpres.

236 1537 570 1610 Tptrrdptoc
609 1539 834 1612 Νύσσης
864 1541 1183 1604 ἐπίσκοπος,
1216 1539 1443 1610 ἀδελφὸς
1474 1541 1743 1594 Βασιλεία.

1934 1541 2213 1609 Gregorius
2242 1540 2524 1612 Nyssenus
2558 1541 2870 1611 episcopus,
2903 1540 3070 1595 frater
3096 1538 3280 1595 Basilii
3311 1538 3434 1595 Casu

165 1631 262 1685 τοῦ
299 1633 659 1703 Καισαρείας,
692 1633 800 1704 πρὸ
823 1633 1020 1701 ὀλίγων
1049 1631 1308 1685 ἐνιαυτῶν
1334 1632 1456 1702 ἐμοὶ
1490 1633 1582 1686 καὶ
1613 1633 1743 1703 Γρη-

1862 1634 2142 1697 sariensis,
2185 1639 2310 1688 ante
2333 1647 2540 1703 paucos
2579 1647 2754 1686 annos
2785 1631 2916 1684 mihi
2947 1639 3000 1684 et
3036 1628 3298 1698 Gregorio
3329 1627 3436 1685 Na-

166 1721 339 1792 γορίῳ
383 1721 464 1791 τῷ
500 1719 858 1791 Ναζιανζηνῷ
899 1721 1049 1774 κατὰ
1095 1720 1397 1788 Εὐνομιόυ
1432 1721 1638 1788 ἀνέγνω
1666 1721 1743 1774 λό-

1862 1727 2124 1781 zianzeno
2174 1739 2307 1780 suos
2340 1734 2525 1778 contra
2567 1723 2885 1778 Eunomium
2929 1723 3058 1792 legit
3107 1723 3298 1782 libros.
3340 1723 3434 1791 qui

166 1829 320 1879 γους,
351 1813 502 1876 ὅστις
538 1814 633 1866 καὶ
661 1813 796 1866 ἄλλα
827 1811 999 1865 πολλὰ
1027 1812 1365 1883 γεγραφέναι
1404 1812 1496 1864 καὶ
1527 1813 1743 1883 γράφειι

1863 1829 1917 1873 et
1943 1819 2113 1872 multa
2141 1817 2246 1871 alia
2269 1826 2322 1871 et
2351 1818 2642 1888 scripsisse
2673 1825 2729 1872 et
2758 1815 3000 1870 scribere
3029 1815 3253 1872 dicitur.

172 1901 411 1972 λέγεται.

884 1991 1216 2061 Nicepltorus
1252 1991 1512 2047 Callistus
1547 1993 1948 2052 Ecclesiastica:
1976 1996 2222 2052 historiae
2251 1997 2346 2050 lib.
2381 2011 2458 2059 χι,
2488 2010 2610 2066 cap.
2646 1995 2737 2050 29.

243 2085 455 2140 Habuit
483 2084 725 2142 Basilius
754 2083 978 2151 fratres,
1003 2099 1240 2154 quorum
1278 2101 1422 2140 unus
1460 2084 1756 2155 Gregorius
1799 2087 1919 2153 fuit,
1971 2089 2229 2144 Ecclesiae
2260 2087 2521 2158 Nyssenat
2554 2089 2646 2141 lux
2680 2096 2736 2141 et
2783 2094 3164 2141 ornamentum
3195 2104 3210 2140 :
3239 2085 3322 2138 vir
3355 2099 3434 2139 se-

169 2179 412 2233 cundum
450 2180 672 2234 fratrem
707 2178 982 2244 doctrina,
1015 2179 1287 2242 moribus,
1316 2185 1372 2233 et
1408 2179 1534 2232 vita:
1573 2181 1869 2236 sanctitate
1899 2190 2200 2252 spectatus.
2229 2181 2296 2234 Et
2332 2182 2585 2251 quamvis
2631 2180 2923 2250 conjugem
2964 2179 3238 2243 habuerit,
3269 2178 3435 2233 rebus

166 2281 354 2326 tamen
396 2272 523 2325 aliis
553 2270 710 2324 fratri
750 2269 976 2324 minime
1001 2270 1191 2325 cessit.
1225 2269 1328 2334 Qui
1369 2267 1573 2324 Basilio
1605 2281 1844 2336 mortuo,
1881 2276 2246 2328 Hexaemeron
2290 2273 2404 2328 sive
2441 2288 2535 2327 sex
2567 2273 2782 2327 dierum
2815 2288 2952 2343 opus
2983 2271 3132 2326 illius
3179 2271 3435 2340 adimple-

166 2365 276 2428 vit;
319 2373 372 2418 et
395 2363 665 2417 Adversus
695 2361 1013 2414 Eunomium
1042 2368 1097 2416 et
1125 2361 1524 2431 Appollinarem
1553 2362 1958 2422 confutationes
1986 2367 2228 2437 scripsit.
2255 2366 2732 2436 Constantinopoli
2767 2381 2987 2435 quoque
3016 2365 3070 2418 in
3095 2366 3282 2420 divum
3329 2365 3434 2418 Me-

167 2458 360 2510 letium
398 2456 708 2511 orationem
760 2453 1046 2509 funebrem
1096 2456 1427 2525 composuit,
1472 2454 1690 2526 aliaque
1737 2457 1965 2528 insuper
1996 2463 2232 2531 plurima
2280 2458 2545 2530 opuscula
2579 2458 2849 2513 doctrinis
2881 2467 2936 2512 et
2993 2458 3434 2513 institutionibus

168 2554 339 2622 plena
372 2549 636 2604 Ecclesia:
671 2548 766 2603 Dei
805 2548 1049 2618 reliquit.
1079 2547 1392 2604 Ostendunt
1420 2556 1602 2603 autem
1638 2551 1818 2607 virum
1858 2555 2022 2609 talem
2051 2570 2174 2608 cum
2221 2556 2349 2620 alia‘,
2380 2563 2495 2608 tum
2526 2555 2800 2624 praecipue
2839 2555 2894 2608 in
2925 2552 3249 2624 Gregorium
3288 2555 3437 2610 illum

165 2642 455 2698 miraculis
483 2641 752 2696 celebrem
778 2641 957 2696 oratio
981 2640 1051 2694 ab
1086 2656 1151 2696 eo
1181 2641 1350 2696 edita.

244 2758 343 2808 Ἐκ
395 2757 502 2810 τοῦ
547 2752 896 2822 Σωκράτους
936 2752 1062 2813 Ἰστ.
1121 2755 1349 2826 ἐκκλησ.
1396 2758 1562 2821 βίω.
1602 2762 1678 2824 Δν,

1952 2761 2036 2815 Ea:
2066 2761 2304 2816 Socratis
2343 2760 2483 2816 Hist.
2511 2761 2818 2816 ecclesiast.
2851 2761 2942 2814 lib.
2976 2777 3048 2825 tv,
3076 2779 3194 2832 cap.
3227 2763 3319 2818 2|.

825 2843 961 2894 x850.
1000 2831 1098 2879 κε’.

245 2917 528 2984 Ἐγένοντο
555 2915 613 2968 δὲ
644 2915 864 2984 ἀδελφοὶ
896 2916 1201 2976 Βασιλείου.
1235 2917 1443 2989 Πέτρος
1480 2919 1574 2972 καὶ
1608 2921 1751 2992 Γρη-

157 3008 378 3075 γόριοςο
423 3004 562 3057 ἀλλὰ
589 3005 795 3076 Πέτρος
827 3004 928 3074 μὲν
963 3005 1052 3058 τὸν
1083 3008 1291 3077 μονήρη
1323 3009 1436 3077 βίον
1467 3008 1749 3063 Βασιλείω

158 3097 408 3167 ἐζήλωσε
428 3113 440 3124 ·
475 3096 515 3147 Γ
521 3095 775 3166 ρηγόριος
799 3094 856 3146 δὲ
885 3094 945 3148 τὸ
968 3095 1345 3149 διδασκαλικὸν
1369 3097 1464 3150 τοῦ
1486 3097 1668 3166 λόγου,
1692 3100 1752 3163 ὃς

158 3186 254 3239 καὶ
287 3187 388 3257 τὴν
415 3185 746 3254 πονηθείσαν
783 3183 1050 3254 Βασιλείῳ
1081 3184 1408 3256 ἐξαήμερον,
1442 3186 1536 3241 ἅτε
1567 3188 1632 3260 δὴ
1656 3206 1753 3242 κα-

153 3276 542 3345 ταλειφθεῖσαν
567 3315 582 3336 ,
639 3273 1140 3345 προσανεπλήρωσε
1195 3277 1332 3346 μετὰ
1382 3277 1609 3332 θάνατον
1650 3280 1748 3335 τοῦ

154 3367 418 3436 ἀδελφοῦ,
452 3367 547 3420 καὶ
575 3366 863 3435 ἐπιτάφιον
889 3366 969 3428 εἰς
995 3366 1256 3420 Μελέτιον
1284 3367 1375 3421 τὸν
1420 3370 1750 3442 Ἀντιοχείας

152 3463 460 3513 ἐπίσκοπον
503 3461 566 3511 ὲν
605 3460 674 3528 τῇ
721 3458 1288 3511 Κωνσταντινουπόλει
1332 3459 1599 3532 διεξῆλθε.
1645 3464 1749 3518 Φέ-

155 3569 340 3621 ρονται
371 3551 433 3604 δὲ
465 3549 630 3602 αὐτοῦ
665 3548 761 3601 καὶ
798 3547 948 3601 ἄλλοι
983 3547 1130 3616 λόγοι
1161 3550 1427 3621 διάφοροι.

467 3641 860 3708 Θεοδώρητος,
897 3639 1047 3693 Βιδλ.
1081 3643 1152 3702 Δ’,
1193 3658 1316 3710 κεφ.
1349 3641 1448 3714 κη’.

221 3734 314 3786 Ἐν
337 3733 683 3796 ἐπισκόποις,
703 3730 842 3783 ἀλλὰ
867 3731 960 3782 καὶ
986 3730 1054 3782 τὰ
1083 3729 1222 3802 [τοῦ]
1245 3732 1450 3786 τούτων
1478 3737 1746 3806 νοήματα.

151 3828 208 3879 ἐν
236 3828 340 3896 μὲν
373 3822 469 3880 οὖν
499 3827 767 3895 ἀσκηταῖς
795 3825 890 3877 καὶ
923 3825 1020 3893 τῆς
1048 3825 1248 3896 ἀρετῆς
1279 3831 1622 3898 φροντισταῖς
1659 3824 1749 3884 οὗ·

150 3937 231 3971 τοι
281 3920 407 3971 κατ’
462 3919 672 3970 ἐκεῖνον
715 3915 1011 3985 διέλαμπον
1061 3917 1153 3970 τὸν
1192 3917 1403 3988 καιρόν.
1451 3919 1750 3992 Γρηγόριος

152 4009 499 4080 ἑκάτερος-,ὃ
570 4025 626 4060 τε
671 4006 998 4071 Ναζιανςοῦ,
1048 4009 1140 4060 καὶ
1191 4011 1220 4061 ὁ
1262 4009 1520 4080 Νύσσης·
1569 4013 1594 4063 ὁ
1649 4011 1747 4082 μὲν

1923 2913 2160 2970 Basilius
2183 2913 2321 2968 duos
2341 2913 2502 2967 habet
2519 2912 2734 2976 fratres,
2759 2913 2976 2966 Petrum
2999 2920 3053 2967 et
3077 2920 3430 2982 Gregorium:

1852 3005 2048 3060 Petrus
2084 3005 2389 3061 solitarium
2430 3004 2555 3057 vitae
2600 3019 2772 3073 genus
2817 3002 3006 3057 Basilii
3054 3013 3278 3058 secutus
3311 3014 3430 3068 est;

1853 3093 2151 3165 Gregorius
2195 3104 2414 3157 autem,
2461 3091 2691 3147 docendi
2739 3092 3006 3146 rationem
3044 3110 3058 3144 :
3091 3093 3183 3160 qui
3231 3093 3430 3147 librum

1853 3198 1884 3237 a
1935 3183 2138 3239 Basilio
2184 3183 2241 3236 iu
2276 3181 2638 3236 Hexaemeron
2675 3181 2903 3244 editum,
2938 3189 3128 3250 utpote
3181 3181 3434 3252 imperfe-

1851 3286 2020 3339 ctum,
2053 3281 2178 3345 post
2205 3283 2434 3329 mortem
2462 3273 2650 3328 fratris
2693 3274 2968 3329 cumulate
2994 3274 3252 3344 explevit.
3285 3276 3430 3331 Idem

1852 3366 2137 3423 funebrem
2169 3367 2472 3421 orationem
2512 3365 2567 3418 in
2603 3365 2877 3420 Meletium
2906 3365 3222 3435 episcopum
3246 3369 3431 3422 Antio.

1851 3461 2029 3524 chite,
2081 3459 2554 3528 Constantinopoli
2620 3457 2890 3512 recitavit.
2941 3455 3168 3513 Exstant
3217 3475 3433 3529 quoque

1851 3553 1969 3606 alia:
1999 3551 2230 3606 diversa:
2254 3551 2530 3604 orationes
2565 3549 2634 3604 ab
2666 3564 2731 3603 eo
2765 3551 3112 3618 conscripta}.

2171 3641 2558 3704 Theodoretus,
2595 3640 2689 3696 lib.
2726 3657 2798 3705 tv,
2827 3655 2951 3709 cap.
2980 3641 3071 3696 28.

1920 3734 1995 3788 Ex
2024 3749 2213 3790 eorum
2247 3748 2476 3787 numero
2500 3732 2591 3800 qui
2631 3723 2754 3784 vitae
2786 3730 3104 3786 monasticae
3141 3738 3192 3786 et
3227 3747 3429 3786 several

1849 3826 2068 3880 vivendi
2108 3825 2432 3894 disciplinae,
2473 3822 2768 3891 studioque
2809 3822 3030 3876 virtutis
3068 3835 3291 3891 operam
3331 3840 3427 3876 na-

1849 3925 2069 3980 varunt,
2094 3913 2388 3985 Gregorius
2429 3923 2680 3984 uterque,
2727 3910 3105 3968 Nazianzenus
3137 3921 3193 3968 et
3233 3911 3428 3985 Nysse-

1848 4023 1954 4062 nus
1987 4006 2162 4060 tulere
2194 4004 2585 4073 principatum,
2623 4017 2857 4067 quorum
2901 4001 2987 4055 hic
3026 4002 3196 4056 frater
3239 4002 3426 4057 Basilii

151 4102 404 4171 ἁδελφὸς,
440 4103 470 4153 ὁ
497 4102 556 4154 δὲ
581 4100 846 4170 σύσκηνός
874 4117 935 4152 τε
960 4101 1054 4152 καὶ
1085 4102 1346 4172 συνεργὸς
1377 4102 1469 4154 τοῦ
1509 4103 1741 4172 μεγάλου

1853 4098 2030 4170 magni
2073 4097 2194 4160 fuit,
2238 4097 2328 4150 ille
2377 4096 2561 4151 socius
2593 4094 2904 4148 studiorum
2948 4094 3088 4163 ejus,
3120 4103 3174 4148 et
3211 4096 3426 4165 adjutor

154 4195 442 4247 Βασιλείου
482 4193 789 4264 τυγχάνων.
829 4187 990 4246 Οὗτοι
1027 4193 1126 4262 μὲν
1159 4190 1252 4246 οὖν
1285 4195 1343 4247 ὲν
1377 4195 1744 4267 Καππαδοκίᾳ

151 4288 248 4353 τῆς
293 4285 586 4348 εὐσεϐείας
635 4284 1084 4356 ὑπερμαχοῦντες
1133 4286 1419 4355 ἡρίστευον
1447 4304 1461 4318 ο
1523 4289 1744 4359 συνηρε-

155 4395 308 4430 στευε
334 4377 396 4430 δὲ
418 4378 606 4439 αὐτοῖς
635 4377 730 4428 καὶ
751 4376 976 4446 Πέτρος,
1000 4376 1331 4447 γεννήτορας
1359 4378 1455 4448 μὲν
1478 4379 1743 4450 Βασιλείῳ

154 4474 244 4524 καὶ
290 4470 590 4542 Γρηγορίῳ
616 4469 742 4532 τοὺς
773 4469 969 4532 αὐτοὺς
998 4468 1268 4538 ἐσχηκὼς,
1309 4471 1410 4540 τῆς
1449 4471 1504 4524 δὲ
1540 4471 1743 4541 Θύραθε

154 4564 406 4625 παιδείας
454 4561 516 4614 οὐ
581 4558 914 4631 μετειληχὼς
959 4560 1058 4612 σὺν
1099 4560 1363 4626 ἐκείνοις,
1403 4561 1504 4625 τὰς
1540 4561 1599 4614 δὲ
1645 4561 1739 4614 τοῦ

155 4657 268 4726 βίου
303 4653 681 4726 μαρμαρυγὰς
709 4653 909 4722 ἀφιείς.

629 4745 731 4797 Ἐκ
750 4743 870 4797 τῶν
899 4743 1002 4800 τσῦ
1030 4746 1273 4801 Φωτίου.
1496 4815 1508 4823 ‘

231 4837 581 4907 Ἀνεγνὼσθη
604 4836 904 4906 Γρηγορίου
937 4837 1159 4907 Νύσσης
1183 4837 1386 4907 ὁμοίως
1409 4837 1549 4909 ὑπὲρ
1580 4837 1741 4892 Βασι-

154 4932 289 4987 Letoa
339 4932 483 4987 Κατ’
517 4931 846 4998 Εὑνομίου,
878 4930 977 5002 τὴν
1007 4932 1104 5002 μὲν
1145 4931 1347 5003 φράσιν
1385 4932 1438 4984 εἴ
1473 4950 1556 4996 τις
1585 4933 1741 4995 ἄλλος

161 5026 422 5097 ρητόρων,
460 5023 734 5094 λαμπρὸς,
776 5021 873 5075 καὶ
901 5022 1094 5093 ἡδονῆς
1120 5023 1254 5076 ὠσϊν
1285 5023 1629 5087 ἁποστάζων.
1664 5025 1738 5077 Οὐ

163 5120 253 5180 μέν
289 5136 372 5171 τοι
405 5114 646 5184 καθεξῆς
713 5113 821 5167 οὐδ’
868 5112 1027 5178 αὐτὸς
1065 5115 1165 5185 τὴν
1181 5115 1476 5186 ,Εὐνομίω
1520 5116 1736 5188 γραφὴν

161 5208 459 5278 ὲπελὲγχει.
531 5206 624 5259 Διὸ
673 5205 766 5257 καὶ
815 5205 1222 5276 συντομώτερός
1264 5207 1378 5259 ἐστι
1421 5206 1696 5276 Θεοδώρου
1717 5249 1732 5272 ,

161 5301 460 5372 Σὶικρρονίου
491 5300 552 5353 δὲ
599 5300 952 5369 πλατύτερος.
1001 5298 1292 5362 Πλεονάζει
1337 5298 1435 5368 μὲν
1469 5299 1577 5370 γὰρ
1623 5302 1735 5362 τοῖς

164 5391 502 5462 ἐνθυμήμασι
529 5389 627 5442 καὶ
651 5391 763 5450 τοῖς
786 5385 1242 5456 παραδείγμασιν.
1270 5385 1426 5439 Ἐστι
1447 5386 1523 5448 δὲ,
1545 5388 1739 5441 ἀδεκά-

168 5498 288 5547 στως
320 5485 526 5546 εἰπεῖν,
561 5481 636 5544 ὡς
664 5482 787 5534 ὅσον
815 5477 1146 5551 ὑπερϐάλλει
1179 5478 1364 5532 κάλλει
1390 5495 1449 5531 τε
1476 5480 1568 5533 καὶ
1595 5479 1737 5549 λαμ-

164 5576 373 5645 πρὰτητι
399 5575 501 5627 καὶ
525 5572 605 5640 τῷ
634 5572 882 5641 ἡδυτάτῳ
908 5569 1180 5641 Θεόδωρον
1203 5587 1216 5598 ·
1253 5569 1504 5622 τοσοῦτον
1528 5571 1588 5622 τὸ
1609 5571 1739 5642 πλῆ-

161 5664 244 5728 θος
272 5667 381 5718 τῶν
415 5662 869 5734 ἐπιχειρημάτων
916 5660 1010 5713 καὶ
1051 5660 1110 5712 τὸ
1146 5659 1370 5729 γόνιμον
1398 5663 1478 5723 εἰς
1515 5661 1576 5713 τὸ
1607 5679 1738 5732 προ-

152 5758 293 5827 έχειν
325 5755 668 5820 ἐκϐιάζεται.

1847 4192 1969 4246 fuit.
2022 4189 2115 4245 Isti
2181 4190 2235 4242 in
2299 4186 2645 4256 Cappadocia
2695 4201 2795 4255 pro
2850 4185 3053 4256 pietate
3101 4186 3424 4241 dimicantes

1845 4282 2008 4336 facile
2055 4282 2261 4351 primas
2307 4280 2689 4333 obtinuerunt.
2737 4275 2795 4330 In
2840 4276 3088 4344 ethSdem
3132 4292 3257 4331 cum
3316 4279 3424 4333 illis

1846 4374 2025 4430 laudis
2067 4373 2383 4429 societatem
2420 4371 2568 4422 venit
2598 4367 2820 4429 Petrus,
2853 4369 2948 4436 qui
2979 4367 3165 4422 Basilii
3195 4377 3251 4424 et
3289 4365 3422 4424 Grc-

1846 4465 1987 4536 gorii
2033 4463 2202 4518 frater
2240 4474 2536 4532 germanus
2567 4458 2668 4512 fuit
2696 4478 2709 4512 :
2738 4458 2941 4528 quique
2979 4460 3198 4515 tametsi
3228 4461 3422 4515 huma-

1847 4560 2004 4614 niore
2042 4559 2350 4613 litteratura
2403 4570 2513 4609 non
2571 4553 2816 4624 perinde,
2869 4563 2931 4608 ut
2974 4555 3075 4621 illi,
3120 4553 3422 4613 instructus

1847 4657 1988 4715 erat,
2011 4649 2100 4719 pio
2129 4654 2316 4703 tamen
2349 4645 2566 4700 vivendi
2596 4658 2795 4714 genere
2825 4645 3116 4700 admodum
3141 4649 3418 4704 excelluit.

2467 4735 2552 4792 Ea:
2581 4737 2797 4793 Pltotio.

1910 4833 2107 4888 Lectus
2135 4839 2219 4887 est
2246 4829 2496 4901 Gregorii
2528 4827 2716 4900 Nyssae
2753 4828 2999 4900 episcopi
3044 4829 3296 4885 similiter
3319 4846 3420 4901 pro

1839 4923 2041 4977 Basilio
2091 4920 2355 4974 Adversus
2413 4917 2733 4971 Eunomium
2780 4917 2936 4972 liber.
2987 4915 3172 4989 Stylus
3220 4919 3320 4982 illi,
3368 4920 3418 4972 si

1840 5014 1928 5068 cui
1970 5014 2276 5075 rhetorum,
2333 5011 2584 5074 illusuis,
2644 5020 2698 5064 et
2745 5009 3144 5079 iucunditatem
3192 5012 3416 5064 auribus

1844 5106 2136 5160 instillans.
2188 5104 2293 5158 Sed
2341 5119 2441 5157 nec
2493 5104 2610 5172 ipse
2663 5103 2882 5173 quidem
2932 5102 3125 5157 ordine
3160 5101 3413 5159 Eunomii

1843 5198 2108 5267 scriptum
2176 5194 2545 5266 reprehendit.
2596 5191 2960 5260 Quamobrem
3012 5203 3067 5250 et
3130 5194 3414 5252 Theodoro

1842 5290 2118 5344 concisior
2167 5299 2274 5352 est,
2322 5295 2378 5342 et
2419 5287 2725 5356 Sophronio
2759 5287 2938 5350 latior,
2984 5289 3222 5342 abundat
3265 5288 3411 5340 enim

1841 5380 2284 5451 enthymematis,
2342 5385 2504 5448 atque
2549 5377 2833 5446 exemplis.
2875 5375 3010 5431 Illud
3065 5386 3245 5431 autem
3285 5393 3412 5432 vere

1841 5471 2350 5542 pronuntiaverim,
2404 5479 2669 5537 quantum
2739 5464 3033 5535 Gregorius
3081 5475 3407 5531 venustate,

1839 5563 2155 5632 splendore,
2184 5567 2238 5616 ct
2285 5559 2510 5614 mirifica
2533 5557 2877 5627 jucunditate
2919 5557 3193 5612 antecellit
3233 5555 3410 5614 Theo-

1839 5655 1995 5718 doro,
2025 5661 2237 5706 tantum
2268 5653 2430 5706 etiam
2472 5657 2912 5719 argumentorum
2955 5647 3110 5717 copia
3148 5655 3203 5702 et
3240 5649 3408 5707 uber.

1841 5755 1950 5800 tate
1989 5747 2237 5802 eumdem
2262 5744 2484 5798 vincere
2509 5742 2824 5797 connititur.
3404 5752 3409 5756 ·
