3880 6218
404 307 473 364 «ιτ
1569 301 1624 353 8.
1666 296 1995 353 θιιιςϐοῐιιι

2109 292 2472 350 NYSSENUS.
3583 285 3653 338 48

407 451 414 456 ν
477 425 700 480 Lectum
744 430 830 478 est
875 421 1102 477 alterum
1155 421 1400 491 ejusdem
1447 418 1694 490 Gregorii
1742 417 1971 489 Nysseni
2005 431 2049 485 Α

407 531 564 587 opus,
610 513 678 569 de
720 514 908 568 eadem
964 513 1079 582 ipsa
1120 528 1179 568 re
1213 530 1227 565 :
1262 512 1316 564 in
1341 526 1450 580 quo
1493 510 1798 565 rationibus
1841 509 1978 563 vali-

405 607 657 663 dioribus
699 619 824 659 cum
863 603 1134 660 Eunomio
1171 617 1367 656 manus
1403 615 1722 665 conserens,
1766 614 1891 654 eum
1927 598 1980 652 vi

405 703 718 766 expugnat,
772 691 954 748 onmia
1015 690 1312 759 impietatis
1367 689 1708 743 firmamenta
1774 686 1981 741 labefa-

407 790 583 836 ctans.
623 779 889 835 Venustas
923 794 1050 832 vero
1086 777 1372 840 orationis,
1404 787 1458 832 et
1489 776 1746 847 splendor
1780 777 1980 846 jucun-

407 873 578 927 ditate
635 872 856 937 mistus,
913 872 1077 926 etiam
1135 871 1188 923 in
1241 870 1344 924 hoc
1392 884 1556 939 opere
1613 870 1873 924 decenter
1923 884 1982 925 se

408 965 666 1022 ostendit.

2159 414 2498 485 Ἀνεγνώσθη
2535 413 2698 484 ἑτέρα
2745 409 3094 482 πραγματεία
3126 409 3221 463 τοῦ
3251 407 3415 462 αὐτοῦ
3442 408 3656 480 Γρηγο-

2081 508 2195 580 ρίου
2225 507 2466 576 Νύσσης,
2500 505 2630 575 περὶ
2667 506 2766 574 τῆς
2804 503 2975 572 αὐτῆς
3024 501 3330 564 ὑποθέσεως
3355 517 3369 530 ο
3419 502 3477 552 ὲν
3565 499 3657 550 λο-

2079 600 2376 669 γικώτερον
2410 597 2658 668 Εὑνομίῳ
2694 595 3054 665 συμπλακεὶς,
3080 593 3222 647 κατὰ
3254 592 3454 664 κράτος
3485 591 3658 660 αἱρεῖ,

2081 693 2256 746 πάντα
2303 689 2587 760 σαθρὼσας
2636 689 2734 758 τῆς
2774 685 3086 748 δυσσεϐείας
3122 683 3287 737 αὐτοῦ
3336 683 3406 735 τὰ
3449 680 3660 751 ὀχυρώ-

2085 799 2247 852 ματα.
2304 780 2377 834 Τὸ
2424 781 2481 834 δὲ
2528 779 2725 842 κάλλος
2766 777 2859 832 τοῦ
2907 777 3091 845 λόγου,
3137 775 3230 829 καὶ
3270 777 3302 846 ἡ
3351 773 3660 844 σύγκρατος

2081 871 2435 941 λαμπρότης,
2487 867 2787 939 γλυκύτητι
2834 865 3114 920 κάνταῦθα
3167 862 3484 936 διαπρεπῶς
3537 865 3662 917 ἐπι-

2082 963 2376 1016 δείκνυται.

1043 1070 1129 1124 Ea:
1158 1071 1346 1125 Suida.

481 1163 777 1235 Gregorius
794 1161 1077 1234 Nyssenus
1115 1165 1428 1233 episcopus,
1462 1160 1648 1218 Basilii
1681 1159 1985 1216 Caesarien-

413 1259 491 1314 sis
525 1256 717 1323 frater,
768 1256 853 1311 vir
896 1262 952 1310 et
1002 1256 1120 1325 ipse
1160 1255 1415 1325 insignis,
1447 1255 1706 1323 omnique
1735 1253 1985 1308 doctrina

412 1347 740 1410 exuberans,
775 1345 1042 1400 addictior
1068 1354 1248 1400 tamen
1287 1345 1589 1400 rhetorices
1614 1343 1834 1408 studiis,
1872 1351 1984 1397 tam

414 1438 626 1494 celeber
657 1439 1063 1508 praeclarusque
1094 1437 1150 1491 in
1187 1451 1252 1492 ea
1276 1435 1471 1503 evasit,
1501 1449 1664 1506 quam
1695 1436 1984 1506 quisquam

2621 1073 2723 1128 Ἐκ
2751 1072 2869 1127 τῶν
2896 1065 3136 1126 Σουῖδα.

2155 1171 2453 1242 Γρηγόριος
2494 1166 2716 1236 Νύσσης
2759 1165 3075 1228 ἐπίσκοπος,
3119 1162 3348 1232 ἀδελφὸς
3380 1158 3666 1215 Βασιλείου

2084 1263 2179 1316 τοῦ
2209 1260 2532 1330 Καισαρέως
2559 1274 2574 1289 °
2623 1257 2762 1327 ἀνὴρ
2790 1257 2885 1308 καὶ
2919 1255 3079 1317 αὐτὸς
3113 1253 3538 1323 ἐλλογιμώτατος
3567 1251 3668 1304 καὶ

2087 1356 2267 1424 πάσης
2305 1352 2565 1422 ὑπάρχων
2614 1351 2859 1412 παιδείας
2899 1348 3184 1410 ἀνάπλεως
3209 1363 3222 1376 ο
3269 1346 3669 1416 προσκείμενος

2087 1447 2143 1500 δὲ
2175 1444 2372 1516 μᾶλλον
2402 1445 2512 1505 τοῖς
2555 1444 2622 1510 τῇ
2661 1442 2924 1512 ῥητορικῇ
2965 1438 3232 1510 χαίρουσι.
3275 1438 3384 1489 Καὶ
3416 1435 3551 1504 γοῦν.
3576 1436 3672 1488 εὐ-

415 1543 680 1585 vetcrum.
726 1529 776 1585 Is
803 1527 1130 1598 conscripsit
1164 1528 1441 1599 egregium
1491 1527 1690 1581 librum
1727 1525 1986 1581 Adversus

2109 1537 2308 1608 ῑόκιμος
2339 1535 2396 1588 ὲν
2424 1532 2597 1606 ταύτῃ
2624 1531 2934 1602 γεγένηται,
2969 1530 3066 1585 καὶ
3091 1529 3358 1601 λαμπρὸς,
3377 1528 3430 1580 εί
3455 1545 3538 1592 τις
3569 1527 3672 1580 άλ-

419 1621 763 1688 Eunomium,
821 1628 935 1675 tum
978 1635 1116 1690 opus
1173 1619 1552 1674 admirandum
1607 1617 1685 1672 De
1723 1619 1990 1672 creatione

2109 1642 2180 1690 to;
2207 1627 2316 1678 τῶν
2342 1624 2514 1680 πάλαι
2535 1622 2708 1695 ταύτῃ
2745 1620 3124 1691 γεγενημένων
3153 1637 3167 1650 ·
3216 1614 3367 1682 οὗτος
3411 1616 3673 1682 συνέταξε

415 1713 679 1778 hominis;
728 1712 1038 1783 complures
1096 1719 1358 1781 praeterea
1406 1710 1722 1776 conciones,
1771 1717 1886 1764 tum
1933 1710 1989 1762 in

2109 1715 2533 1784 ιατἘὺνομίου
2561 1714 2718 1782 λόγον
2751 1712 3049 1784 ἐξαίρετον,
3080 1713 3176 1765 καὶ
3218 1710 3408 1781 τεῦχος
3453 1709 3676 1781 θαυμά-

418 1805 644 1859 Cantica
674 1805 1025 1864 canticorum,
1050 1810 1214 1872 atque
1253 1803 1308 1855 in
1332 1799 1688 1854 Ecclesiasten
1719 1816 1738 1854 :
1773 1807 1891 1853 tum
1920 1799 1988 1852 ad

2109 1825 2204 1861 nov
2225 1809 2312 1874 εὶς
2334 1805 2447 1874 τὴν
2469 1805 2576 1859 τοῦ
2601 1803 2914 1872 ἀνθρώπου
2945 1801 3329 1870 κατασκευήν
3348 1819 3361 1831 ·
3404 1801 3578 1864 ἄλλως
3609 1818 3676 1853 τε

419 1913 651 1950 sororem
691 1893 992 1949 Macrinam
1030 1908 1287 1967 magnum
1329 1900 1384 1948 et
1428 1893 1818 1963 perpulchrum
1860 1891 1991 1948 Ser-

2109 1899 2300 1962 τυκνὰς
2328 1900 2422 1952 καὶ
2450 1900 2691 1968 συνεχεῖς
2715 1897 2954 1966 ὁμιλίας,
2982 1897 3071 1961 εἷς
3099 1913 3162 1948 τε
3191 1895 3269 1948 τὰ
3289 1893 3527 1963 ᾅσματα
3553 1892 3679 1946 τῶν

420 2001 634 2042 nionem
676 1986 754 2041 De
801 1987 980 2042 anima
1009 1985 1336 2055 composuit,
1369 1985 1650 2056 multaque
1691 1983 1798 2039 alia
1843 1999 1995 2039 com-

2109 1990 2399 2059 ἰαμάτων,
2445 1990 2541 2043 καὶ¹
2583 1991 2670 2054 είς
2699 1988 2813 2043 τὸν
2857 1985 3371 2054 Ἕκκλησιαστήν·
3403 1985 3498 2039 καὶ
3523 1985 3682 2052 πρὸς

420 2088 635 2134 mentus
687 2088 774 2134 est
833 2095 951 2137 :ex
1025 2079 1226 2149 quibus
1282 2077 1496 2134 celebre
1536 2076 1670 2132 illud
1735 2076 1995 2146 Stephani

2109 2081 2207 2149 τὴν
2225 2080 2500 2149 ἀδελφὴν
2528 2081 2858 2148 Μάκριν-αν,
2897 2074 3108 2146 μακρόν
3126 2092 3248 2128 τινα
3266 2075 3361 2128 καὶ¹
3381 2075 3686 2148 περικαλλῆ

424 2171 840 2242 protomartyris
873 2171 1206 2238 encomium,
1236 2179 1292 2228 et
1319 2169 1569 2242 Gregorii
1604 2169 1995 2225 miraculorum

2109 2171 2230 2240 περὶ
2262 2170 2469 2241 ψυχῆς
2498 2171 2759 2240 συνέθηκε
2793 2170 2980 2238 λόγον’
3018 2167 3155 2222 ἄλλα
3178 2183 3237 2219 τε
3265 2164 3435 2218 πολλὰ
3471 2181 3683 2236 γεγρα-

423 2263 632 2332 opiﬁcis
669 2263 780 2317 vita
807 2262 1096 2319 habentur.
1946 2273 1952 2276 '

2109 2265 2263 2335 φήκει
2285 2283 2297 2296 ο
2350 2267 2442 2318 καί¹
2475 2263 2922 2334 πολυθαύμαστον
2945 2261 3164 2315 ἔπαινον
3196 2257 3290 2310 τοῦ
3325 2257 3539 2327 πρώτου
3567 2255 3684 2308 τῶν

2103 2355 2397 2428 μαρτύρων
2443 2357 2739 2425 Στεφάνου,
2775 2355 2870 2407 καὶ
2921 2352 3032 2423 βίον
3073 2352 3130 2405 δὲ
3173 2348 3428 2414 συνέταξε
3468 2349 3688 2419 Γρηγο-

2107 2449 2221 2521 ρίου
2251 2448 2344 2501 τοῦ
2378 2451 2434 2501 ὲν
2467 2447 2709 2519 θαύμασι
2732 2445 3148 2517 διαλάμψαντος.

496 2564 630 2632 Quis
676 2572 1018 2635 quantusque
1065 2562 1151 2617 vir
1190 2561 1354 2617 fuerit
1391 2560 1690 2632 Gregorius
1735 2560 2035 2633 Nyssenus,
2086 2564 2247 2620 docet
2301 2565 2746 2636 Martyrologium
2796 2558 3111 2620 Romanum
3143 2561 3217 2616 ιχ
3250 2559 3450 2614 Martii.
3488 2555 3692 2626 Nyssa:

427 2657 684 2728 depositio
726 2653 784 2709 S.
829 2652 1066 2724 Gregorii
1108 2655 1358 2723 episcopi,
1406 2653 1597 2722 fratris
1635 2652 1830 2706 Basilii
1868 2653 2074 2725 Magni,
2109 2657 2217 2711 vita
2252 2666 2302 2710 et
2343 2657 2636 2711 eruditione
2683 2655 2991 2720 clarissimi,
3036 2655 3126 2724 qui
3153 2653 3215 2707 ob
3247 2653 3372 2722 fidei
3407 2648 3693 2704 catholica:

428 2752 778 2822 defensionem
801 2748 895 2805 sub
928 2748 1138 2803 Valente
1185 2752 1501 2817 imperatore
1539 2749 1742 2802 Ariano
1780 2750 1991 2804 ciuitate
2017 2768 2118 2806 sua
2135 2752 2320 2820 pulsus
2343 2765 2442 2808 est.

1555 2834 1818 2891 Menteum
1849 2835 2152 2893 Graecorum
2183 2839 2228 2893 Χ
2263 2840 2538 2898 Januarii.

503 2928 603 2983 Hic
632 2937 752 2984 erat
782 2928 952 2983 frater
977 2928 1164 2984 Basilii
1197 2917 1397 3000 Magni,
1429 2929 1744 2999 eloquentia
1775 2931 1995 3000 praecla~

2183 2929 2349 3002 Οὗτος
2376 2931 2444 3007 ἦν
2469 2936 2695 3004 ἁδελφὸς
2729 2935 2824 2988 τοῦ
2857 2934 3094 3005 μεγάλου
3127 2931 3407 2986 Βασιλείου
3433 2928 3696 2999 λαμπρὸς

433 3039 529 3078 rus
565 3030 620 3078 et
672 3019 987 3101 orthodoxae
1020 3020 1142 3074 fidei
1167 3020 1472 3085 aemulator,
1515 3031 1802 3091 propterea
1839 3023 1995 3077 etiam

2111 3025 2170 3077 ὲν
2215 3025 2392 3093 λόγοις
2434 3027 2528 3079 καὶ
2568 3026 2668 3096 τῆς
2695 3026 2976 3096 ὀρθοδόξου
3004 3025 3238 3084 πίστεως
3277 3022 3542 3092 ζηλωτής.
3589 3020 3699 3072 Διά

436 3116 695 3170 Ecclesiae
719 3113 813 3168 Dei
856 3113 1108 3184 praefuit;
1145 3120 1198 3168 et
1229 3129 1351 3167 cum
1381 3113 1509 3176 illis,
1569 3113 1662 3184 qui
1693 3113 1995 3170 Constanti-

2113 3135 2204 3178 τοι,
2226 3117 2384 3172 τοῦτο
2414 3119 2631 3188 καὶτῆς
2676 3117 3003 3188 Ἐκκλησίας
3031 3115 3268 3188 Χριστοῦ
3301 3115 3561 3185 προέστη,
3593 3114 3700 3164 καὶ

438 3207 621 3277 nopoli
656 3206 951 3260 secundam
985 3205 1253 3275 synodum
1299 3207 1646 3262 celebrarunt
1676 3216 1867 3264 contra
1905 3208 1995 3264 im-

2116 3208 2254 3279 μετὰ
2283 3209 2390 3262 τῶν
2420 3209 2862 3280 συγκροτούντων
2886 3210 2985 3279 τὴν
3030 3209 3088 3260 ὲν
3116 3203 3698 3261 Κωνσταντινουπόλει

439 3301 558 3370 pias
588 3298 824 3352 haereses
871 3305 1004 3352 tunc
1031 3305 1408 3368 exsurgentes,
1457 3297 1722 3353 invictum
1773 3299 1995 3370 pugilen

2109 3299 2368 3369 δευτέραν
2414 3298 2628 3353 σύνοδον
2678 3299 2822 3352 κατὰ
2849 3298 2957 3352 τῶν
2994 3297 3271 3350 δυσσεϐὦν
3299 3296 3560 3366 αἱρέσεων
3602 3296 3700 3346 ἐν-

441 3406 563 3446 sese
590 3389 839 3459 praebuit,
880 3389 1210 3445 adversariis
1237 3389 1456 3444 dicendi
1502 3391 1746 3459 potentia
1777 3401 1831 3448 et
1861 3390 1995 3447 Scri-

2115 3389 2417 3460 ισταμένων
2467 3389 2636 3446 ἐλθὼν
2675 3390 2991 3461 ὑπέρμαχος
3032 3388 3232 3459 εὑρέθη
3259 3387 3382 3450 τοὺς
3416 3384 3701 3446 ἐναντίους

441 3491 724 3552 pturarum
781 3479 1338 3535 demonstrationibus
1393 3479 1712 3551 proﬂigatis.
1765 3479 1824 3536 In
1865 3496 1992 3536 omn

2111 3482 2284 3552 λόγων
2311 3483 2537 3552 δυνάμει
2582 3485 2676 3537 καὶ
2721 3484 3021 3555 γραφικαὶϊι
3061 3479 3368 3544 ἀποδείξεσι
3406 3477 3703 3547 τροπωσά-

441 3573 588 3628 enim
617 3571 881 3626 orationis
909 3585 1110 3641 genere
1133 3573 1487 3635 exercitatus,
1517 3579 1570 3626 et
1591 3572 1812 3626 virtutis
1842 3573 1995 3643 glori:

2119 3589 2297 3642 μενος.
2327 3572 2425 3624 Διὰ
2456 3573 2564 3644 γὰρ
2591 3572 2771 3643 πάσης
2801 3571 2972 3625 ἐλθὼν
3004 3571 3147 3633 ἰδέας
3168 3569 3343 3638 λόγων
3372 3566 3467 3621 καὶ
3493 3567 3703 3636 ἀρετῆς

446 3664 701 3729 illustris,
736 3664 844 3718 vim
879 3671 933 3719 et
966 3664 1136 3718 robur
1165 3663 1422 3727 obtinuit,
1460 3671 1514 3718 et
1543 3664 1609 3718 ad
1632 3664 1837 3734 justam
1865 3680 1993 3720 sene

2115 3661 2464 3734 εὐδοκιμήσει
2488 3663 2548 3716 τὸ
2571 3662 2769 3733 κράτος
2801 3661 3034 3724 ἐδέξατο.
3065 3660 3175 3712 Καὶ
3206 3657 3416 3727 φθάσας
3453 3657 3510 3707 ὲν
3532 3659 3704 3722 γήρει

444 3764 647 3811 etutem
671 3761 982 3824 provectus,
1009 3752 1359 3818 obdormivit,
1383 3763 1437 3808 et
1457 3753 1524 3808 ad
1554 3753 1839 3808 Dominum
1863 3754 1995 3809 abiit

2116 3753 2266 3824 καλῴ
2309 3753 2574 3825 ἐκοιμήθη
2596 3793 2611 3816 ,
2657 3753 2751 3806 καὶ
2782 3752 2919 3822 πρὸς
2950 3750 3154 3822 Κύριον
3184 3749 3538 3819 ἐξεδήμησεν.
3586 3737 3703 3796 Ἦν

448 3848 579 3902 Erat
612 3857 790 3900 autem
835 3845 1081 3914 corporis
1109 3844 1500 3900 constitutione
1537 3852 1590 3899 et
1618 3844 1790 3916 ﬁgura
1821 3846 1995 3901 simili;

2115 3844 2174 3897 δὲ
2228 3845 2368 3898 κατὰ
2415 3845 2506 3898 τὸν
2555 3844 2647 3897 τοῦ
2702 3843 2953 3914 σώματος
2998 3843 3168 3896 τύπον
3213 3839 3356 3894 κατὰ
3399 3839 3578 3892 πάντα
3618 3837 3708 3906 τῷ

449 3954 546 4010 per
581 3938 763 3993 omnia
813 3937 970 3991 fratri
1022 3952 1124 3991 suo
1170 3935 1394 4002 Basilio,
1449 3944 1674 4007 excepta
1715 3937 1918 3994 canitie
1966 3953 1995 3992 e

2119 3935 2332 4006 ἀδελφῷ
2357 3933 2621 4004 Βασιλείῳ
2645 3933 3002 4005 προσεοικὼς,
3027 3931 3166 4002 πλὴν
3189 3932 3284 3985 τοῦ
3307 3928 3490 3982 πολιοῦ
3514 3945 3573 3981 τε
3605 3927 3706 3980 καὶ

448 4033 631 4090 minus
653 4032 892 4104 gratioso
929 4037 1175 4101 aspectu.

2127 4029 2486 4102 xapteatdtou
2515 4028 2608 4080 ἐπὶ
2637 4027 2829 4098 βραχύ.

1472 4123 1531 4180 S.
1561 4124 1911 4195 Hieronymus
1937 4124 2028 4178 lib.
2061 4123 2138 4178 De
2165 4125 2299 4178 viris
2335 4124 2660 4179 illustribus.

522 4217 802 4287 Gregorius
843 4215 1114 4286 Nyssenus
1147 4218 1419 4286 episcopus
1445 4217 1614 4286 frater
1641 4216 1834 4270 Basilii
1862 4215 2232 4279 Caesariensis,
2264 4224 2385 4270 ante
2416 4229 2609 4282 paucos
2641 4204 2804 4267 annbs
2839 4212 2968 4266 mihi
2991 4221 3041 4266 et
3073 4211 3322 4283 Gregorio
3351 4211 3713 4267 Nazianzeno

451 4317 642 4366 contra
669 4308 991 4362 Eunomium
1014 4307 1138 4378 legit
1160 4308 1358 4362 libros:
1386 4309 1474 4378 qui
1496 4320 1546 4362 et
1568 4307 1736 4362 multa
1769 4308 1880 4361 alia
1913 4309 2201 4376 scripsisse,
2227 4316 2277 4360 et
2307 4306 2763 4360 scriberedicitur.

524 4394 595 4453 Ut
641 4412 771 4452 vero
825 4407 938 4458 tota
985 4398 1100 4452 haec
1148 4414 1271 4452 cum
1326 4398 1594 4453 Eunomio
1648 4401 2021 4455 controversia
2054 4409 2098 4462 ι)
2127 4398 2450 4462 contudisse,
2505 4414 2566 4452 ac
2591 4396 2762 4466 putidi
2804 4396 3079 4450 cadaueris
3116 4398 3306 4461 instar,
3341 4400 3452 4451 risu
3481 4397 3708 4466 dignum

454 4490 648 4546 melius
713 4487 1064 4559 intelligatur,
1142 4488 1424 4544 sciendum
1489 4499 1594 4556 est,
1669 4492 2020 4558 Eunomium,
2133 4489 2442 4556 ostendisse,
2466 4487 2603 4560 quod
2639 4498 2838 4543 tantam
2869 4497 2990 4541 ante
3017 4489 3103 4542 sui
3129 4487 3538 4542 admirationem
3576 4491 3707 4543 aliis

455 4581 671 4635 Arianae
717 4586 881 4634 sectae
911 4579 1326 4648 antesignanum
1369 4585 1424 4633 et
1452 4577 1631 4650 Cyzici
1679 4582 2021 4651 episcopum,
2133 4581 2452 4634 concitarat.

456 4669 961 4741 pestilentissimum
1015 4669 1212 4722 librum
1276 4665 1538 4722 adversns
1554 4665 1911 4723 orthodoxam
1945 4671 2014 4727 de
2208 4674 2433 4729 Exstant
2462 4673 2640 4727 adhuc
2674 4672 2915 4742 quinque
2960 4672 3085 4726 libri
3121 4673 3179 4728 S.
3210 4672 3395 4727 Basilii
3450 4673 3706 4729 adversus

455 4761 721 4816 Trinitate
737 4760 1059 4814 sententiam
1075 4758 1336 4816 edidisse:
1367 4757 1436 4814 de
1462 4774 1572 4830 quo
1594 4760 1776 4815 libello
1798 4759 2025 4817 Photius

457 4849 510 4900 in
541 4862 640 4902 sua
672 4846 998 4901 Bibliotheca
1029 4848 1142 4918 (a):
1166 4847 1291 4918 Legi
1337 4849 1574 4904 libellum
1608 4851 1876 4916 Eunomii,
1923 4870 2026 4923 qua

455 4955 608 4992 suam
648 4940 758 5006 ipse
795 4939 972 5007 prodit
1014 4940 1356 5009 impietatem,
1399 4944 1550 5012 cujus
1582 4943 1664 4997 hic
1708 4955 1786 4999 est
1818 4946 2026 5002 titulus.

456 5024 718 5079 Libellum
737 5026 892 5092 hunc,
910 5028 1048 5098 quod
1070 5028 1415 5086 Eunomianis
1428 5034 1481 5085 in
1501 5033 1854 5090 admiratione
1868 5046 2026 5099 esset,

2137 4762 2478 4825 Eunomium,
2511 4770 2563 4816 et
2594 4763 2708 4831 ipse
2733 4761 2896 4815 etiam
2921 4761 3122 4831 impius
3146 4763 3396 4818 Eunomii
3423 4778 3709 4818 commen-

2134 4857 2363 4910 tariolus
2421 4855 2475 4907 in
2515 4853 2862 4910 Bibliothecis
2918 4855 3218 4923 reperitur:
3269 4855 3593 4908 nominatim
3647 4855 3708 4909 in

2137 4949 2416 5015 Bavarica,
2471 4956 2525 5002 et
2573 4948 2628 5003 in
2683 4946 2872 5002 codice
2916 4945 3166 5008 Livineii,
3218 4952 3343 5014 post
3370 4943 3601 5014 Nysseni
3649 4947 3710 4999 in

2145 5041 2461 5095 Eunomium
2482 5041 2652 5095 libros
2683 5039 3033 5109 subiungitur
3053 5035 3305 5090 Eunomii
3332 5036 3568 5098 libellus,
3604 5036 3710 5090 hac

458 5114 522 5168 de
543 5115 829 5183 industria,
872 5136 935 5174 ne
967 5119 1035 5172 ad
1061 5122 1195 5175 alios
1226 5126 1534 5192 perveniret,
1569 5128 1913 5193 occultatum,
1946 5130 1994 5183 vi

2135 5132 2532 5201 inscriptione:
2591 5131 2657 5183 'H
2700 5128 2793 5182 τοῦ
2845 5128 3108 5198 δόγματος
3151 5125 3414 5194 Εὐνομίου
3465 5124 3708 5189 ἔκθεσιςν

460 5205 670 5260 tandem
722 5219 908 5262 nactus
955 5210 1190 5266 Basilius
1236 5211 1487 5284 Magnus,
1547 5217 1757 5283 fortiter
1808 5234 1926 5270 eum
1973 5233 2035 5270 ac
2136 5223 2411 5292 Expositio
2436 5220 2698 5292 dogmatis
2722 5218 2992 5281 Eunomii,
3027 5215 3171 5270 unde
3202 5215 3458 5271 fortassis
3487 5217 3712 5280 explere

461 5298 749 5366 splendide,
774 5316 1078 5372 omnemque
1103 5303 1232 5357 adeo
1265 5305 1476 5359 dicendi
1504 5308 1608 5360 vim
1629 5323 1690 5360 ac
1721 5307 2034 5377 facultatem
2131 5314 2316 5368 licebit
2366 5314 2616 5367 lacunam
2648 5309 2989 5364 Pbotianam.
3020 5311 3318 5377 I’rrcposuit
3365 5307 3493 5360 huic
3541 5308 3709 5361 titulo

458 5389 766 5456 pervadens,
802 5393 982 5446 evertit
1027 5410 1087 5446 ac
1110 5394 1407 5466 jugulauit:
1435 5397 1632 5452 diceres
1657 5415 1774 5452 eum
1797 5399 1995 5469 Babylo

2131 5403 2353 5474 quidam
2406 5403 2522 5458 haec
2551 5402 2759 5457 verba:
2822 5400 2990 5466 Σίγα,
3021 5399 3184 5469 μιαρὲ
3237 5399 3332 5452 καὶ
3379 5396 3555 5467 ψυχὴν
3608 5398 3707 5450 καὶ

459 5482 633 5535 nicum
678 5483 935 5550 infantem
979 5485 1048 5537 ad
1082 5488 1293 5556 ﬁrmam
1342 5489 1467 5558 ﬁdei
1509 5499 1711 5560 petram
1761 5491 2031 5546 allidendo
2131 5493 2380 5566 καρδίαν.
2419 5491 2532 5550 Sile
2557 5501 2606 5547 et
2649 5491 2828 5546 animo
2869 5499 2917 5544 et
2951 5489 3105 5544 corde
3137 5490 3500 5544 exsecrabilis.
3540 5487 3704 5557 lmpii

535 5670 610 5723 ια)
651 5669 858 5722 tolum.
895 5668 1022 5722 137·
