3880 6218
223 403 293 454 δυ
1583 435 1783 494 PRULI

1891 441 2094 498 DMENA
2105 487 2118 501 .
3422 472 3490 523 ειο

220 520 388 589 “illus
418 525 611 599 scripti
639 533 969 605 principium
998 551 1112 597 est:
1145 543 1252 600 Τοῦ
1278 548 1414 602 Θεοῦ
1440 553 1535 605 καὶ
1564 557 1806 627 σωτῆρος
1835 567 1882 620 Α
1911 563 2176 633 multoque
2204 567 2368 637 magis
2396 579 2592 626 nostra:
2619 572 2891 644 theologiw
2914 577 3152 644 pluribus
3189 587 3486 636 ostenaens.

220 615 381 644 ὦοηῗ...
431 617 605 644 Ἰ..-Αῗῖ
641 624 715 644 ν-
848 627 874 638 ~
1024 633 1038 644 ι
1083 636 1106 644 -
1214 637 1225 644 .
1405 641 1416 644 A

217 615 381 682 ἡμῶν
431 617 605 689 Ἰησοῦ
638 624 876 696 Χριστοῦ
905 633 1049 688 κατὰ
1077 636 1292 692 δικαίαν
1323 641 1505 710 κρίσιν
1533 615 1805 716 φήσανλεοξ

214 707 502 777 ὁμολογεῖν
529 712 840 787 ἐμπρρσθεν
865 722 959 775 τοῦ
986 724 1123 780 Θεοῦ
1148 730 1241 781 καὶ
1270 707 1497 803 παιέρός.

287 796 365 852 De
413 803 605 858 eodem
643 805 911 866 Eunomia
945 812 1003 869 S.
1041 796 1406 891 Hieronymus
1442 796 1497 878 in
1545 825 1804 900 Catalogo

212 889 541 954 scriptorum
613 899 1095 961 ecclesiasticarum
1129 925 1150 962 :
1190 910 1522 983 Eunomius,
1584 920 1804 976 Ariante

209 981 419 1046 partis,
472 987 748 1056 episcopus
789 993 1083 1064 Cyzicenus
1137 1002 1195 1056 in
1252 981 1515 1074 apertam»
1545 1009 1802 1069 haereseos

209 1086 562 1142 prorumpens
600 1079 1000 1156 blasphemiam,
1050 1102 1110 1146 ut
1148 1096 1290 1164 quod
1331 1099 1416 1152 illi
1451 1109 1652 1171 tegunt,
1697 1107 1797 1162 iste

208 1163 414 1227 publice
443 1167 723 1238 fateretur,
757 1191 922 1247 usque
949 1181 1104 1238 hodie
1129 1163 1296 1242 vivere
1334 1163 1538 1246 dicitur
1567 1195 1625 1248 in
1639 1163 1798 1266 ’ςαρ-

207 1256 461 1324 padocia,
493 1271 544 1315 et
573 1267 744 1320 multa
770 1280 958 1325 contra
981 1273 1280 1333 Ecclesium
1305 1283 1550 1340 scribere.
1574 1283 1803 1357 Respon-

205 1346 406 1401 derunt
422 1351 473 1403 ei
492 1353 880 1426 Apollinarius,
917 1363 1202 1436 Didymus,
1237 1370 1478 1428 Basilius
1509 1346 1801 1437 Caesarien-

203 1437 306 1501 sis,
349 1438 640 1510 Gregorius
676 1447 1080 1522 Nazianzenus,
1111 1469 1162 1514 et
1189 1461 1475 1534 Gregorius
1501 1467 1796 1541 Nyssenus.

281 1531 391 1587 Sed
424 1535 540 1592 haec
581 1541 768 1599 minus
796 1545 1054 1606 distincte
1088 1553 1145 1608 S.
1181 1531 1579 1631 Hieronymus,
1615 1565 1798 1634 priora

203 1632 258 1676 et
281 1629 622 1692 prosteriora
653 1634 819 1690 simul
845 1638 1105 1711 iungens.
1151 1644 1218 1700 Ut
1248 1629 1795 1721 ergoiconlusionem

203 1715 369 1783 vites,
399 1721 482 1774 sic
505 1721 727 1788 habeto,
761 1729 851 1783 ubi
875 1743 1068 1788 contra
1090 1715 1339 1806 primani
1352 1742 1606 1801 Eunomii
1628 1748 1796 1804 fetum

203 1806 614 1876 disputationes
675 1816 732 1870 S.
792 1819 979 1877 Basilii
1038 1825 1093 1880 in
1158 1830 1438 1899 publicum
1485 1837 1792 1903 exiverunt,

200 2082 256 2137 in
287 2083 580 2156 Basilium,
621 2108 786 2161 quam
815 2099 871 2153 i-n
904 2101 1214 2161 doctrinam
1249 2111 1612 2169 orthodoxam
1657 2115 1791 2172 bac-

199 2175 354 2231 chari
399 2181 590 2250 erepit,
619 2192 675 2237 et
702 2189 921 2256 quidem
950 2195 1156 2263 triplici
1183 2199 1474 2267 invectiva,
1501 2203 1560 2259 S.
1587 2206 1792 2264 Basilio

200 2268 424 2326 interim
471 2275 540 2330 ad
579 2281 861 2336 caelestem
897 2284 1292 2347 beatitudinem
1324 2299 1612 2354 translato.
1648 2302 1788 2356 Audi

200 2357 457 2417 Photium
499 2367 608 2436 (a):
661 2367 880 2424 Lectum
929 2375 1167 2443 ejusdem
1217 2383 1368 2450 impii
1403 2385 1633 2443 hominis
1684 2401 1788 2446 tres

199 2451 362 2508 libros
395 2460 670 2514 continens
718 2464 980 2531 volumen,
1023 2471 1161 2538 quod
1209 2475 1346 2528 velut
1383 2480 1676 2548 confutatio
1709 2495 1787 2538 est

198 2544 419 2598 illarum
442 2549 786 2617 ineptiarum,
835 2574 968 2627 quas
1000 2561 1055 2613 in
1095 2564 1262 2631 ipsius
1293 2544 1515 2636 reperiri
1545 2572 1787 2644 blasphe-

199 2639 318 2691 miis
372 2639 434 2694 S.
479 2642 716 2700 Basilius
764 2648 1113 2710 demonstrat.
1165 2656 1282 2712 Hoc
1320 2661 1373 2714 in
1414 2680 1566 2729 opere
1595 2639 1785 2734 partu-

194 2730 401 2794 riendo,
431 2735 630 2790 multas
659 2754 776 2791 eum
803 2757 1066 2798 annorum
1085 2747 1422 2819 olympiadas
1448 2757 1689 2813 mdiculte
1710 2763 1788 2815 in-

192 2821 403 2875 clusum
439 2842 551 2880 sua:
580 2828 939 2900 absumpsisse
962 2837 1178 2908 ferunt;
1220 2859 1282 2896 ac
1313 2847 1400 2899 vix
1423 2849 1635 2904 tondent
1667 2866 1785 2920 post

196 2915 489 2970 multorum
520 2936 779 2977 annorum
802 2927 1138 2985 intervallum
1156 2934 1463 2992 abortiendo
1490 2942 1783 3011 improbum

193 3003 350 3057 illum
405 3024 468 3061 ac
509 3015 892 3083 prodigiosum,
949 3035 1103 3089 quem
1158 3023 1369 3093 furtivis
1419 3003 1783 3102 congressibus

193 3114 529 3167 conceperat,
562 3104 725 3172 fetum
755 3109 809 3161 in
834 3111 1006 3165 lucem
1035 3117 1270 3184 ejecisse.
1313 3121 1455 3188 Quin
1482 3136 1608 3180 tunc
1622 3131 1783 3183 etiam

195 3191 451 3244 miserum
499 3194 614 3248 illic
653 3197 874 3265 fovendo
929 3215 1168 3271 partum,
1208 3209 1336 3276 ipsis

375 3283 416 3336 is
475 3302 582 3338 non
635 3297 822 3344 temere
873 3293 1192 3364 exhibuisse,
1253 3304 1475 3358 veritum
1528 3308 1780 3365 nimirum

187 3373 449 3440 maxime,
466 3393 532 3429 ne
552 3379 764 3447 quando
788 3393 838 3435 et
856 3383 952 3438 ltoc
975 3401 1105 3454 opus
1130 3390 1183 3443 in
1202 3391 1399 3448 Basilii
1422 3414 1608 3454 manus
1628 3405 1776 3468 prius

188 3468 422 3529 veniens,
455 3487 620 3540 quam
647 3475 979 3544 coalesceret,
1017 3480 1393 3554 dissiparetur,
1422 3501 1472 3544 et
1496 3505 1776 3565 antequam

183 3558 426 3625 ﬂoreret,
469 3577 791 3629 pramature
833 3583 1139 3639 corruptum
1191 3594 1551 3636 marcesceret.
1609 3587 1782 3658 Igitur

187 3652 428 3707 studiose
459 3655 598 3708 velut
623 3660 762 3712 alter
795 3662 846 3713 in
873 3663 1071 3730 fabulis
1103 3667 1392 3736 Saturnus,
1419 3686 1604 3730 natum
1635 3652 1781 3734 devoc

186 3742 360 3795 rando
395 3745 551 3806 texit,
601 3757 757 3816 atque
783 3749 1083 3821 abscondit,
1113 3759 1352 3828 quandiu
1378 3764 1587 3833 quidem
1623 3767 1779 3823 Basi-

187 3833 291 3886 lius
315 3837 369 3887 in
393 3836 548 3904 ﬂuxa
572 3840 678 3893 ista
707 3842 817 3895 vita
861 3845 1052 3915 degens
1085 3859 1280 3904 metum
1309 3854 1585 3913 incuteret.
1618 3859 1780 3915 Post-

183 3941 347 3993 quam
390 3944 513 3981 vero
557 3931 639 3983 vir
685 3933 776 3987 ille
823 3935 1054 4002 divinus,
1130 3946 1407 4013 peregrina
1452 3949 1778 4008 habitatione

183 4018 399 4078 relicta.
455 4022 512 4074 in
545 4039 721 4090 suam,
763 4027 865 4081 hoc
894 4042 993 4092 est,
1041 4033 1096 4086 in
1127 4035 1388 4091 cazlestem
1416 4045 1778 4112 commigravit

184 4113 577 4179 hazreditatem,
616 4127 667 4196 et
696 4119 893 4188 ingenti
930 4122 1025 4177 illo
1057 4135 1199 4179 metu
1233 4129 1497 4198 discusso,
1547 4136 1633 4189 vix
1657 4146 1770 4192 tan-

181 4204 302 4257 dem
352 4223 472 4259 sero
508 4193 698 4263 edendi
747 4212 954 4268 advenit
1008 4220 1239 4284 occasio,
1281 4239 1344 4276 ne
1398 4235 1522 4279 tunc
1568 4231 1776 4299 quidem

185 4300 453 4364 omnibus,
494 4304 589 4355 sed
613 4305 803 4359 amicis
854 4306 1145 4376 duntaxat,
1194 4317 1439 4386 evulgare
1483 4338 1644 4377 ausus
1674 4335 1771 4381 est.

186 4388 255 4442 In
286 4408 444 4460 quem
491 4393 781 4450 incidentes
820 4397 1127 4456 Theodorus
1157 4415 1208 4458 et
1249 4405 1537 4477 Gregorius
1571 4411 1774 4484 Nysse-

182 4495 304 4544 nus,
342 4490 503 4550 atque
526 4481 856 4550 Sophronius
878 4489 1126 4558 (quorum
1148 4509 1310 4563 supra
1333 4507 1412 4550 est
1435 4514 1466 4550 a
1489 4516 1568 4552 me
1591 4481 1773 4556 habita

1913 652 2016 707 llic
2045 672 2162 711 vero
2190 656 2551 730 Mopsuestiw,
2581 673 2640 716 ut
2663 675 2788 736 puto
2809 668 3078 739 episcopus
3099 673 3220 740 luit.

1980 743 2056 799 De
2084 743 2394 816 Sophronio
2433 752 2575 808 idem
2609 751 2839 814 Photius
2862 759 2963 828 (c):
3010 760 3198 817 Lectus
3238 766 3465 825 similita

1912 831 2198 904 Sophronii
2227 841 2358 895 liber
2376 860 2470 912 pro
2494 845 2694 900 Basilio
2717 857 2907 904 contra
2939 852 3289 923 Eunomium,
3313 860 3450 915 Theo

1907 925 2037 981 doro
2059 933 2290 998 apertior
2316 944 2367 988 et
2389 936 2556 991 multo
2586 937 2792 995 doctior
2821 951 2870 996 et
2899 946 3118 1002 brevior.
3145 945 3328 1020 Neque
3343 956 3482 1008 enim

1905 1031 1997 1087 per
2036 1025 2212 1076 omnia
2243 1022 2562 1082 Eunomium
2607 1034 2966 1102 persequitur,
3011 1037 3101 1091 sed
3135 1039 3233 1093 illa
3259 1044 3479 1110 potissi-

1905 1127 2050 1164 mum
2092 1114 2353 1183 exagitat,
2403 1129 2558 1190 atque
2605 1123 2822 1192 refellit,
2872 1144 2990 1196 qute
3039 1146 3248 1187 summa
3304 1139 3483 1206 capita

1904 1203 2121 1260 hteresis
2161 1205 2414 1264 Eunomii
2461 1215 2725 1270 continere
2777 1218 3103 1278 videbantur.
3161 1224 3479 1286 Charactere

1904 1311 2031 1350 usus
2065 1308 2144 1353 est
2185 1299 2535 1372 distinguente
2561 1323 2624 1360 ac
2660 1307 2952 1377 deficiente,
3004 1323 3053 1367 et
3093 1325 3150 1368 ut
3186 1318 3478 1386 plurimum

1901 1387 2112 1443 solutus
2151 1390 2257 1458 illi,
2291 1394 2604 1466 minimeque
2619 1397 2840 1467 junctus
2873 1411 3064 1469 sermo,
3102 1422 3204 1462 non
3236 1411 3476 1482 ingratus

1903 1488 2101 1545 tamen,
2155 1483 2262 1538 imo
2307 1494 2358 1540 et
2404 1485 2590 1558 logicis
2633 1497 3181 1562 argumentationibus
3225 1515 3476 1574 perquam

1898 1568 2124 1636 ﬂoridus
2146 1583 2246 1629 est.

1970 1660 2045 1717 De
2078 1663 2342 1736 Gregorio
2385 1667 2636 1742 Nysseno
2684 1675 2827 1731 idem
2867 1673 3097 1736 Photius
3137 1681 3246 1754 (d):
3283 1684 3472 1742 Lectus

1897 1761 1977 1806 est
2002 1752 2244 1825 Gregorii
2280 1757 2472 1830 Nyssce
2495 1765 2724 1834 episcopi
2754 1769 3000 1825 similiter
3019 1789 3114 1842 pro
3140 1752 3345 1830 Basilio
3377 1780 3475 1832 ad-

1896 1860 2092 1902 versus
2131 1847 2458 1907 Eunomium
2497 1855 2646 1912 liber.
2685 1856 2866 1930 Stylus
2903 1862 3075 1930 illius,
3106 1868 3155 1920 si
3186 1871 3271 1922 cui
3300 1871 3474 1927 rheto-

1894 2028 2000 2086 Sed
2033 2050 2125 2087 nec
2147 2037 2257 2103 ipse
2286 2039 2494 2107 quidem
2525 2041 2709 2096 ordine
2735 2042 2982 2100 Eunomii
3019 2053 3275 2119 scriptum
3300 2071 3472 2122 reprc-

1893 2123 2091 2180 hendit.
2154 2127 2508 2194 Quamobrem
2558 2142 2608 2186 et
2651 2134 2925 2194 Theodoro
2970 2143 3233 2198 concisior
3267 2157 3365 2212 est,
3417 2161 3472 2204 et

1893 2214 2187 2284 Sophronio
2210 2222 2407 2286 latior;
2443 2225 2679 2279 abundat
2698 2231 2837 2282 enim
2867 2232 3290 2302 enthymematis,
3318 2250 3470 2309 atque

1890 2311 2158 2377 exemplis.
2197 2311 2344 2366 Illud
2365 2325 2541 2369 autem
2573 2335 2686 2374 vere
2707 2325 3176 2393 pronuntiaverim,
3213 2344 3466 2399 quantum

1893 2399 2174 2471 Gregorius
2210 2415 2500 2474 venustate,
2548 2409 2842 2477 splendore,
2894 2425 2944 2467 et
2976 2417 3205 2487 miri/ica
3223 2421 3471 2490 jucundi-

1893 2503 1998 2548 .'ate
2023 2500 2287 2551 antecellit
2308 2499 2600 2566 Theodoro,
2629 2513 2832 2557 tantum
2857 2507 3016 2560 etiam
3039 2524 3466 2581 argumentorum

1887 2587 2038 2655 copia
2065 2599 2111 2641 et
2138 2589 2375 2645 ubertate
2403 2594 2640 2646 eumdem
2672 2596 2872 2650 vincere
2901 2601 3208 2658 connititur.
3249 2604 3465 2660 Lectum

1884 2689 1965 2732 est
2000 2681 2227 2734 alterum
2265 2683 2499 2749 ejusdem
2532 2683 2773 2755 Gregorii
2823 2687 2872 2740 Ν
2881 2695 3053 2757 ysseni
3089 2711 3240 2763 opus,
3275 2699 3339 2752 de
3384 2717 3468 2753 ea-

1883 2770 2002 2825 dem
2019 2774 2131 2841 ipsa
2151 2790 2205 2827 re
2224 2788 2244 2826 :
2268 2776 2319 2827 in
2336 2792 2436 2845 quo
2459 2777 2755 2830 rationibus
2779 2779 3123 2837 validioribus
3148 2802 3265 2839 cum
3287 2786 3466 2844 Euno-

1885 2864 1992 2916 mio
2019 2881 2206 2919 manus
2243 2883 2548 2933 conserens,
2598 2886 2717 2922 eum
2751 2869 2800 2923 vi
2826 2884 3110 2942 expugnat,
3145 2881 3324 2932 omnia
3364 2883 3463 2934 im-

1884 2955 2097 3022 pietatis
2144 2959 2481 3026 ﬁrmamenta
2512 2958 2866 3028 labefactans.
2915 2961 3172 3021 Venustas
3200 2985 3316 3024 vere
3341 2989 3464 3025 ora-

1886 3046 2044 3099 tionis
2087 3058 2137 3100 et
2186 3049 2433 3116 splendor
2479 3049 2818 3118 jucunditate
2863 3053 3085 3122 mistus,
3139 3061 3303 3114 etiam
3365 3065 3463 3118 hoc

1885 3155 2038 3209 opere
2067 3141 2305 3195 decenter
2337 3159 2391 3197 se
2415 3143 2664 3198 ostendit.

1378 3230 1581 3284 quoque
1626 3230 1851 3309 “Cle
1955 3233 2223 3304 Loquitur
2274 3234 2503 3294 Photius
2554 3239 2622 3296 de
2669 3242 2993 3315 longissima
3041 3245 3133 3300 illa
3182 3248 3457 3310 oratione,

1884 3341 2004 3395 qua:
2039 3327 2090 3379 in
2121 3342 2285 3396 opere
2322 3339 2510 3384 contra
2556 3329 2901 3400 Eunomium,
2949 3337 3247 3390 secundum
3289 3354 3460 3409 quos-

1882 3417 2030 3479 dam,
2062 3417 2445 3473 duodecimum
2466 3463 2480 3487 ,
2523 3425 2823 3479 secundum
2855 3427 3014 3490 alios,
3049 3427 3324 3482 decimum
3350 3438 3460 3484 tor-

1881 3508 2017 3560 tium
2061 3510 2238 3562 locum
2279 3519 2449 3575 tenet,
2486 3513 2646 3582 cujus
2686 3515 2802 3570 haec
2842 3528 2926 3572 est
2957 3522 3010 3572 in
3059 3517 3323 3576 Bavarico
3362 3537 3458 3576 co-

1881 3601 1999 3656 dice
2023 3602 2304 3671 inscriptio
2337 3622 2350 3657 :
2391 3605 2496 3657 Τοῦ
2526 3605 2692 3659 αὒτοῢ
2741 3609 2898 3677 ἁγίου
2928 3611 3228 3684 Γρηγορίου
3275 3617 3463 3688 ἁντιρη

1884 3693 2104 3762 ρητικὸς
2134 3693 2271 3765 πρὸς
2297 3695 2391 3749 τὸν
2433 3697 2699 3769 Εὑνομίου
2727 3700 2819 3754 τοῦ
2863 3702 3157 3768 δυσσεϐοῦς
3208 3704 3458 3777 δεύτερον

1909 3781 2064 3850 λόγον
2088 3800 2100 3813 ο
2134 3785 2293 3853 cujus
2317 3788 2644 3859 principium
2672 3800 2778 3857 est,
2806 3794 2887 3847 Τὰ
2916 3795 3015 3865 μὲν
3041 3795 3104 3866 δὴ
3135 3797 3325 3867 πρῶτα
3349 3799 3463 3852 τῶν

1881 3873 2015 3943 πρὸς
2049 3875 2309 3945 Εὐνόμιον
2341 3876 2590 3945 ἀγώνων.

1953 3963 2010 4016 In
2038 3963 2247 4032 judicio
2289 3967 2357 4022 de
2418 3969 2558 4040 stylo
2604 3969 2948 4028 Eunomiano
2999 3977 3158 4046 plane
3215 3980 3457 4036 concinit

1880 4052 2110 4109 Photius
2141 4072 2264 4110 cum
2304 4057 2569 4130 Gregorio
2616 4060 2912 4134 Nysseno:
2952 4066 3006 4121 id
3064 4069 3332 4140 intelliges
3385 4087 3454 4126 ex

1879 4147 2059 4216 primo
2108 4147 2249 4202 libro
2292 4148 2548 4220 Nysseni,
2582 4161 2639 4206 et
2671 4168 2737 4207 ex
2785 4154 2870 4210 his
2896 4154 3071 4210 l’liotii
3113 4159 3332 4217 verbis:
3369 4161 3454 4214 Ad

1879 4237 2078 4306 stylum
2112 4237 2409 4310 (Eunomii)
2452 4240 2590 4309 quod
2621 4243 2833 4309 attinet,
2886 4252 3092 4298 tantum
3122 4248 3167 4300 is
3209 4247 3273 4300 ab
3313 4251 3455 4304 omni

1879 4331 2058 4400 gratia
2097 4341 2145 4384 et
2186 4330 2526 4398 jucunditate
2556 4344 2787 4389 remotus
2817 4346 2919 4400 est,
2961 4347 3018 4390 ut
3053 4354 3116 4392 ne
3153 4340 3453 4409 cognovisse

1876 4423 2109 4492 quidem,
2154 4438 2223 4475 an
2251 4423 2357 4476 tale
2380 4426 2506 4493 quid
2535 4435 2789 4489 exstaret,
2826 4429 3086 4484 videatur.
3119 4429 3452 4487 Jactantiam

1879 4514 2244 4567 tantummodo
2292 4515 2581 4584 quamdam
2611 4518 2908 4589 prodigiose
2949 4531 3198 4587 ostentat,
3231 4540 3415 4578 sonum
3435 4555 3450 4564 -

185 4573 405 4642 mentio)
448 4577 632 4631 multis
680 4579 958 4636 verborum
1005 4583 1202 4654 plagis;
1259 4603 1360 4642 non
1407 4606 1558 4644 secus
1609 4609 1769 4663 quam
1799 4617 1847 4674 ι)
1875 4618 1973 4671 que
2001 4603 2273 4656 dissonum
2299 4603 2570 4657 stridendo
2595 4605 2744 4660 edere
2763 4607 3125 4675 affectatJum
3150 4615 3450 4664 consonan-

181 4670 417 4734 priorem
437 4669 617 4739 (illum
633 4673 889 4743 ejusdem)
910 4676 1168 4743 Basilius,
1183 4683 1538 4750 conficientes,
1552 4685 1776 4758 jugula-

183 4768 292 4812 tum
305 4761 452 4828 jam,
478 4773 531 4818 et
557 4780 670 4834 pra:
692 4767 998 4835 impuritate
1028 4771 1231 4825 olidum
1254 4775 1308 4828 in
1327 4785 1597 4831 auctorem
1617 4797 1773 4835 suum

183 4852 541 4919 conjecerunt.
581 4854 697 4909 Has
727 4858 903 4928 itaque
931 4869 1041 4914 tum
1075 4863 1362 4931 impietatis
1394 4883 1574 4935 plenas
1603 4871 1768 4926 dedit.

253 4941 327 4997 De
361 4945 596 5015 singulis
638 4947 787 5004 hisce
832 4949 1083 5006 Eunomii
1128 4958 1599 5025 Oppugnatoribus
1642 4977 1768 5030 spe-

180 5035 366 5088 ciatim
412 5035 664 5092 Photius.
715 5039 790 5095 De
829 5040 1120 5098 Theodoro
1159 5045 1263 5100 ista
1287 5045 1393 5118 (b):
1443 5047 1593 5103 Lecti
1642 5063 1767 5106 sunt

185 5126 448 5181 Theodori
461 5131 780 5187 Antiocheni
798 5150 894 5203 pro
913 5136 1120 5192 Basilio
1155 5141 1420 5196 adversus
1440 5141 1768 5199 Eunomium

184 5217 302 5272 libri
337 5223 530 5290 viginti
566 5225 810 5294 quinque.
841 5230 942 5282 Est
970 5229 1055 5283 illi
1094 5231 1304 5298 phrasis
1331 5249 1435 5286 non
1471 5249 1766 5304 usquequa-

182 5328 275 5379 que
309 5317 613 5382 perspicua,
641 5319 878 5374 sensibus
907 5331 1084 5376 tamen
1114 5334 1164 5377 et
1190 5327 1514 5395 argumentis
1544 5329 1767 5382 nimium

182 5415 436 5471 quantum
483 5407 704 5472 densus,
765 5409 824 5465 S.
869 5411 1161 5481 Scriptura:
1210 5417 1523 5471 testimoniis
1564 5421 1766 5490 egregie

186 5496 438 5552 abundat.
484 5499 567 5552 Ad
595 5508 806 5556 verbum
835 5503 944 5572 fere
973 5503 1228 5560 Eunomii
1269 5510 1499 5564 rationes
1543 5511 1762 5580 refellit,

186 5585 485 5656 imperitum
553 5607 673 5644 eum
736 5593 887 5649 valde
941 5605 1280 5653 externarum
1353 5598 1764 5671 disciplinarum

255 5772 329 5831 (αδ
361 5773 576 5827 Volunt.
611 5776 728 5832 I57.

255 5842 327 5909 (ω
352 5843 463 5898 Vol.
495 5847 584 5901 iv.

1878 4690 2010 4742 tium
2043 4688 2250 4743 alterna
2287 4691 2666 4758 vicissitudine,
2713 4701 2822 4747 tum
2853 4695 3064 4752 vocibus
3101 4699 3448 4766 pronuntiatu

1874 4779 2198 4849 difficilibus,
2229 4790 2277 4834 et
2307 4797 2423 4851 qua:
2457 4784 2637 4837 multis
2682 4785 2954 4840 abundant
3002 4789 3445 4846 consonantibus:

1874 4871 2030 4942 idque
2053 4874 2252 4940 poetico
2277 4890 2444 4937 more,
2468 4875 2566 4940 vel,
2615 4885 2675 4930 ut
2698 4879 2868 4932 verius
2895 4879 3093 4944 dicam,
3144 4879 3444 4952 dithyram-

1876 4957 1988 5010 bico
2017 4961 2192 5027 potius
2225 4961 2352 5014 ritu.
2395 4959 2716 5032 Compositio
2746 4967 2912 5032 ipsius
2959 4977 3143 5021 coacta
3173 4979 3272 5036 est,
3316 4979 3368 5026 et
3397 4971 3447 5026 vi

1873 5065 2174 5120 compressa
2209 5061 2363 5122 atque
2388 5063 2595 5117 extusa,
2619 5065 2677 5108 ut
2700 5057 3108 5112 necessehabeat
3130 5060 3276 5114 illius
3306 5064 3445 5119 scri-

1865 5152 1957 5212 pta
2005 5144 2196 5214 legens,
2252 5164 2426 5202 aerem
2475 5150 2799 5204 vehementer
2855 5151 3012 5206 labiis
3059 5154 3351 5222 verberare,
3392 5158 3443 5211 si

1864 5235 2020 5290 modo
2051 5248 2227 5306 aperte
2255 5241 2599 5307 pronuntiare
2631 5241 2776 5302 velit,
2812 5259 2930 5313 quae
2960 5244 3096 5313 forte
3132 5247 3440 5301 nanciscens

1865 5337 2020 5398 atque
2048 5337 2418 5398 contorquens,
2450 5340 2542 5384 aut
2564 5331 2819 5386 collidens
2848 5334 3032 5398 etiam,
3071 5351 3133 5388 ac
3158 5348 3345 5390 temere
3367 5339 3442 5389 in-

1869 5415 2152 5485 terjiciens,
2185 5418 2289 5472 imo
2324 5428 2374 5471 et
2405 5429 2680 5479 truncans,
2718 5422 2806 5474 vix
2846 5421 3056 5476 tandem
3090 5423 3180 5478 ille
3221 5425 3442 5493 conjun-

1871 5511 1972 5562 xit.
2009 5509 2218 5579 Longas
2252 5527 2452 5580 quoque
2475 5510 2756 5577 interdum,
2781 5520 2832 5566 et
2856 5513 3134 5568 immodice
3150 5516 3438 5583 productas

1872 5601 2114 5672 periodos
2159 5601 2292 5670 facit
2325 5617 2344 5655 :
2377 5603 2751 5658 obscuritatem
2782 5604 2992 5675 insuper
3029 5617 3185 5676 atque
3224 5607 3440 5662 incerti:-

1942 5786 2012 5853 (ι’)
2055 5785 2169 5837 νυι.
2209 5781 2273 5835 v.

1941 5859 2016 5926 td)
2037 5853 2155 5909 Vol.
2183 5855 2268 5909 Vl.
