3880 6218
429 385 490 442 Si
1593 393 1648 446 S.
1692 392 2096 448 GREGORIUS
2136 393 2516 454 NYSSENUS.
3622 403 3696 459 5‘2

431 510 665 565 tudinem
695 526 787 579 per
817 528 968 566 omne
995 530 1124 582 opus
1149 513 1449 583 oﬂ'undens.
1487 514 1622 569 Cum
1659 526 1714 568 ut
1738 516 1891 586 vulgo
1935 516 2005 569 vi-
2038 521 2083 575 Α
2116 527 2350 579 munitas
2379 535 2430 579 et
2463 527 2821 595 improbitatis
2848 528 3120 596 refutatio,
3162 538 3212 581 et
3245 543 3311 581 ea:
3345 528 3696 582 antecedenti-

428 605 621 658 deatur
658 605 776 674 ipsa
805 622 917 660 sua:
965 603 1273 675 eloquentiae
1305 606 1355 659 vi
1395 622 1575 660 eorum
1613 606 1765 677 longe
1798 617 2010 674 captum

429 698 710 761 excedere;
747 708 857 750 tum
887 708 967 762 ut,
1004 696 1144 768 quod
1167 699 1220 750 in
1246 699 1358 763 ejus
1383 699 1549 752 sensit
1579 709 1736 768 atque
1764 700 2010 769 cogitatis

430 787 755 841 imbecillum
774 799 852 843 est
872 789 950 858 (ut
975 799 1054 843 est
1074 805 1202 842 sane
1224 789 1557 859 plurimum),
1582 789 1681 843 hac
1696 791 1810 859 ipsa
1827 790 2014 844 obscu-

431 882 592 934 ritate
619 890 670 935 et
707 882 1037 952 intelligendi
1065 880 1376 958 diﬁicultate
1417 883 1676 952 obtegere,
1708 885 2012 938 sententia:-

431 990 529 1042 que
567 974 738 1028 celare
763 975 948 1030 vitium
982 977 1172 1044 possit.
1212 974 1430 1028 Videtur
1457 993 1575 1030 vero
1620 986 1670 1030 et
1702 976 1885 1046 logicis
1928 978 2010 1029 in-

433 1066 532 1118 niti
553 1068 902 1138 argumentis,
957 1067 1087 1120 dum
1115 1069 1310 1136 partim
1338 1069 1596 1122 aliothoc
1635 1070 1844 1122 nomine
1884 1069 2015 1136 infe-

434 1167 632 1223 ctatur,
664 1160 862 1226 partim
900 1160 1010 1228 ipse
1065 1159 1410 1214 libentissime
1461 1161 1529 1215 iis
1575 1162 1769 1223 utitur,
1802 1160 2016 1213 tametsi

435 1251 731 1320 frequenter
757 1254 898 1320 (cum
933 1268 1051 1305 sero
1099 1253 1195 1308 hoc
1219 1251 1455 1307 studium
1507 1254 1816 1322 arripuerit,
1854 1269 2017 1323 neque

437 1344 508 1395 ad
539 1344 652 1412 ejus
679 1344 869 1397 intima
889 1345 1204 1414 penetrarit)
1239 1346 1295 1399 in
1331 1344 1513 1399 multis
1545 1361 1681 1412 swpe
1719 1346 1903 1399 merito
1932 1361 2018 1398 er-

437 1437 576 1490 roris
617 1446 856 1491 notatur.
892 1435 1017 1492 Haec
1049 1436 1278 1492 Photius
1305 1438 1373 1493 de
1411 1455 1611 1509 genere
1654 1438 1871 1493 dicendi
1913 1437 2019 1490 Eu-

437 1529 717 1583 nomiano.

509 1621 676 1677 Visus
709 1631 794 1678 est
821 1620 880 1679 S.
913 1620 1211 1693 Gregorius
1239 1620 1524 1695 Nyssenus
1555 1621 1740 1676 favere
1771 1621 2018 1691 opinioni

438 1712 690 1785 Origenis
710 1724 764 1769 et
784 1713 1217 1784 Origenistarum
1246 1714 1312 1770 de
1333 1717 1608 1770 communi
1638 1716 1882 1769 omnium
1909 1725 2018 1769 tam

438 1807 770 1870 daemonum,
807 1821 971 1876 quam
993 1806 1278 1864 hominum
1301 1807 1685 1862 damnatorum
1714 1823 1781 1861 ex
1805 1807 2019 1863 inferno

438 1898 786 1954 liberatione.
816 1897 924 1955 Sed
970 1897 1252 1970 Nyssenus
1284 1900 1525 1954 validum
1582 1909 1635 1955 et
1673 1908 1786 1953 tam
1835 1900 2020 1970 crudi:

437 1991 606 2057 tione,
652 2007 816 2060 quam
842 1992 1139 2047 sanctitate
1171 2001 1446 2063 potentem
1478 1993 1893 2064 byperaSpisten
1932 2007 2020 2047 re-

439 2084 582 2152 perit
617 2080 674 2137 S.
724 2081 1082 2147 Germanum,
1137 2084 1506 2155 patriarcbam
1557 2085 2020 2154 Constantinopo-

439 2174 710 2241 litanum;
743 2189 809 2228 ex
838 2175 998 2244 cujus
1040 2191 1141 2246 pro
1170 2174 1436 2246 Gregorio
1480 2177 1862 2232 lucubratione
1905 2179 2022 2232 hac

440 2276 700 2338 excerpta
746 2267 978 2323 Photius
1029 2269 1189 2324 nobis
1237 2269 1459 2339 reliquit
1483 2269 1559 2340 (a)
1587 2269 1747 2339 =Legi
1805 2269 2020 2332 librum,

441 2371 655 2414 auctore
678 2358 962 2423 Germano,
995 2362 1086 2431 qui
1123 2361 1355 2430 primum
1374 2361 1557 2431 Cyzict
1587 2361 1887 2426 ordinatus,
1906 2370 2023 2429 post

441 2448 1070 2518 Constantinopolitanus
1093 2451 1404 2520 patriarcha
1433 2451 1662 2522 fuit,qui
1685 2451 1817 2504 liber
1833 2453 2024 2505 inscri-

443 2543 606 2606 bitur,
648 2541 980 2597 Retribuens
1038 2552 1094 2598 et
1131 2544 1408 2610 legitimus
1455 2564 1468 2599 :
1513 2546 1653 2614 quod
1687 2545 1905 2615 perinde
1946 2555 2024 2599 est

443 2651 507 2693 ac
535 2635 583 2688 si
625 2635 826 2689 dixeris
857 2651 874 2689 :
902 2634 979 2690 De
1013 2652 1136 2692 vera
1165 2644 1214 2690 et
1239 2637 1472 2707 legitima
1503 2637 2024 2708 retributione,quod

442 2727 762 2796 rependatur
786 2727 1278 2796 hominibus,prout
1305 2731 1556 2784 vixerint.
1594 2729 1662 2783 Et
1686 2731 1797 2785 haec
1813 2731 2023 2801 quidem

445 2817 592 2872 tituli
622 2819 920 2893 inscriptio.
974 2819 1256 2872 Contendit
1296 2836 1414 2873 vero
1470 2818 1779 2890 Gregorium
1833 2818 2026 2891 Ngssn:

444 2911 767 2978 episcopum,
792 2912 1009 2981 ejusque
1037 2913 1240 2980 scripta
1293 2911 1358 2964 ab
1398 2911 1643 2981 Origenis
1697 2929 1878 2967 errore
1915 2930 2028 2966 esse

443 3003 726 3060 immunia.
757 3002 971 3057 Etenim
1004 3004 1194 3073 quibus
1220 3003 1472 3058 delirium
1507 3005 1646 3058 illud
1691 3004 1883 3074 placet,
1915 3005 2027 3059 dte-

446 3094 685 3147 monibus
712 3105 762 3148 et
788 3095 1091 3149 hominibus
1123 3097 1175 3149 in
1219 3106 1478 3150 (sternam
1518 3113 1724 3165 poenam
1763 3098 2023 3166 conjectis

2119 617 2213 670 bus
2239 618 2366 672 locis
2387 618 2713 687 depravatis,
2768 631 2816 672 et
2845 636 2910 674 ea:
2935 620 3372 690 consequentibus
3411 621 3691 689 con/icitur

2115 718 2165 761 et
2215 708 2643 777 demonstratur;
2683 721 2734 765 et
2773 728 2837 766 ex
2869 713 2991 765 aliis
3041 713 3297 766 sexcentis
3332 711 3398 764 B.
3455 710 3692 780 Gregorii

2121 799 2354 870 Nysseni
2392 803 2563 867 libris,
2605 805 2695 874 qui
2743 805 3032 859 orthodoxe
3073 814 3123 858 et
3170 805 3394 874 legitime
3437 806 3691 868 sentiunt,

2069 935 2073 940 .
2117 899 2254 944 recte
2297 896 2587 957 excutiens,
2635 903 2691 945 ut
2727 910 2876 947 nemo
2909 894 3097 948 melius
3121 895 3177 946 in
3223 893 3488 947 salutares
3515 907 3690 960 preces

2115 993 2166 1036 et
2205 982 2389 1037 laudes
2415 983 2512 1037 Dei
2530 984 2764 1038 laborem
2793 986 3010 1054 ﬁnierit.
3047 983 3196 1037 Libri
3219 993 3415 1044 autem,
3445 999 3574 1052 quos
3609 983 3692 1034 in-

2118 1075 2272 1129 sidiis
2316 1076 2550 1143 excipere
2603 1077 2836 1130 haeretici
2883 1076 3054 1129 moliti
3092 1084 3243 1140 sunt,
3295 1085 3344 1128 et
3385 1091 3513 1144 quos
3559 1071 3690 1126 Ger-

2119 1181 2309 1218 manus
2351 1165 2590 1219 veritatis
2631 1175 2990 1234 propugnator
3023 1165 3310 1233 primarius
3355 1180 3386 1215 a
3425 1163 3692 1215 latronum

2118 1255 2320 1309 insultu
2355 1257 2466 1310 sine
2491 1273 2630 1310 noxa
2655 1259 2901 1321 servavit,
2928 1265 3072 1320 sunt,
3108 1255 3366 1323 Dialogus
3402 1254 3467 1308 ad
3498 1252 3692 1306 Macri-

2119 1362 2245 1400 nam
2283 1362 2527 1402 sororem
2558 1348 2626 1402 de
2657 1349 2860 1410 anima,
2897 1358 2943 1400 et
2981 1345 3143 1400 Liber
3195 1344 3586 1404 catecheticus,
3644 1353 3693 1394 et

2121 1439 2212 1494 ille
2245 1441 2334 1508 qui
2365 1441 2437 1494 De
2465 1440 2708 1511 perfecta
2741 1441 2850 1494 vita
2877 1440 3242 1492 narrationem
3270 1441 3521 1490 continet.
3565 1434 3694 1489 Hac

2126 1547 2224 1601 pro
2259 1529 2508 1601 Nyssono
2547 1529 2876 1585 Germanus.
2924 1527 3002 1580 Ex
3035 1528 3234 1597 quibus
3291 1525 3570 1581 evanescit
3601 1539 3696 1577 ca-

2122 1623 2328 1676 lumnia
2385 1619 2720 1680 Casauboni,
2771 1621 2866 1690 qui
2912 1619 2966 1672 in
3021 1618 3256 1672 Scholiis
3296 1616 3361 1670 ad
3407 1615 3697 1685 epistolam

2123 1710 2416 1780 quamdam
2465 1708 2715 1780 Nysscno
2759 1709 3078 1778 ascriptum,
3124 1716 3178 1762 et
3218 1706 3531 1770 Eustatbiae,
3571 1706 3698 1759 Am-

2122 1805 2345 1866 brosiae,
2400 1813 2454 1858 et
2500 1803 2775 1859 Basilissze
2815 1803 3158 1872 inscriptam,
3204 1801 3522 1856 criminatur
3559 1797 3702 1869 Nys-

2129 1913 2322 1951 senum
2354 1897 2408 1950 in
2428 1896 2762 1950 catecbetica
2789 1895 3038 1949 oratione
3058 1909 3240 1948 naevos
3273 1892 3536 1964 quosdam
3555 1905 3694 1945 con-

2121 1989 2356 2044 traxisse
2389 2003 2454 2042 ex
2478 1987 2710 2040 lectione
2740 1985 3011 2056 Origenis.

2196 2079 2453 2134 Eamdem
2497 2080 2841 2150 Origenicam
2883 2079 3058 2132 labem
3110 2077 3178 2131 ab
3218 2077 3407 2131 eodem
3454 2074 3705 2146 Nysseno

2125 2172 2351 2242 depellit
2397 2180 2588 2226 auctor
2633 2186 2962 2242 anonymus,
3007 2169 3100 2240 qui
3148 2169 3314 2223 vitam
3345 2166 3587 2236 ejusdem
3644 2165 3706 2218 in

2124 2266 2332 2319 litteras
2361 2265 2569 2320 retulit.

2199 2358 2337 2412 Illud
2377 2367 2558 2412 tamen
2597 2359 2925 2418 monuerim,
2967 2356 3125 2409 linem
3159 2351 3421 2407 orationis
3451 2348 3711 2404 cateche-

2131 2453 2256 2506 ticaa
2287 2468 2398 2506 non
2434 2466 2560 2506 esse
2591 2449 2839 2520 Gregorii
2875 2446 3127 2518 Nysseni.
3169 2443 3306 2498 Cum
3331 2444 3476 2498 enim
3514 2439 3712 2494 Severi

2130 2545 2464 2600 mentionem
2495 2542 2679 2606 faciat,
2709 2549 2762 2597 et
2782 2557 2920 2611 opus
2965 2540 3032 2594 dc
3078 2536 3428 2593 distinctione
3459 2531 3709 2587 vocabu-

2131 2640 2305 2691 lorum
2338 2645 2532 2690 contra
2567 2635 2719 2688 illum
2776 2634 3080 2702 promittat,
3137 2633 3346 2684 clarum
3398 2634 3482 2680 est
3531 2632 3713 2677 totum

2131 2731 2262 2784 illud
2295 2730 2431 2782 nihil
2464 2729 2628 2787 aliud,
2659 2741 2821 2796 quam
2860 2723 3080 2778 aliunde
3115 2723 3384 2778 adscitum
3421 2731 3716 2772 assumen-

2129 2823 2258 2876 dum
2289 2838 2432 2884 esse,
2464 2836 2586 2875 cum
2624 2819 2860 2873 Severus
2881 2817 3282 2886 Acepbalorum
3314 2810 3717 2878 antesignanus

2131 2916 2320 2970 multis
2353 2914 2512 2968 annis
2530 2913 2747 2968 demum
2779 2922 2901 2981 post
2926 2908 3158 2980 Nysseni
3177 2907 3384 2960 obitum
3411 2901 3714 2962 exstiterit;

2131 3008 2276 3078 quod
2309 3016 2456 3061 recte
2486 3006 2651 3059 etiam
2699 3003 3013 3057 observavit
3042 3000 3245 3053 Fronto
3278 2995 3505 3048 Ducteus
3525 3002 3718 3044 noster

2135 3105 2188 3154 in
2233 3097 2696 3153 Annotationibus
2737 3095 2804 3150 ad
2849 3107 3102 3163 magnam
3145 3087 3539 3143 catecheticam
3588 3098 3718 3136 ora-

450 3186 816 3240 liberationem
861 3187 982 3240 inde
1028 3188 1438 3257 exspectandam
1475 3205 1492 3241 :
1526 3190 1609 3243 illi
1672 3191 1810 3259 quod
1864 3195 2029 3244 virum
2057 3219 2100 3277 C
2135 3193 2353 3245 tionem.

448 3278 696 3332 doctrina
759 3277 1106 3349 singularem,
1161 3287 1213 3333 et
1260 3279 1560 3347 eloquentia
1606 3283 1864 3351 insignem
1914 3299 2032 3336 eum

452 3380 814 3440 agnoscerent,
867 3371 1170 3441 claramque
1224 3373 1529 3427 sanctitatis
1586 3375 2034 3428 existimationem

449 3480 542 3539 per
571 3465 808 3517 omnium
848 3481 942 3517 ora
969 3466 1312 3520 decantatam
1354 3466 1608 3534 viderent,
1651 3470 1882 3538 aggressi
1910 3481 2033 3522 sunt

451 3557 614 3622 claris
645 3568 694 3611 et
727 3557 1058 3612 salutaribus
1101 3560 1217 3628 ejus
1241 3560 1474 3627 scriptis,
1511 3561 1739 3614 obscura
1781 3571 1828 3615 et
1865 3566 2036 3629 perni-

451 3649 600 3702 ciosa
627 3648 940 3719 Origeniani
965 3653 1136 3706 somni
1171 3668 1365 3706 venena
1406 3653 1718 3716 admiscere,
1755 3656 2036 3723 virtutique

454 3740 701 3807 hominis,
728 3751 778 3795 et
805 3743 1061 3798 doctrinm
1088 3743 1280 3799 celebri
1309 3745 1612 3800 htereticam
1633 3747 1835 3800 occulte
1857 3764 2038 3800 amen-

457 3833 586 3885 tiam
639 3832 918 3900 subjicere.
957 3835 1138 3902 Quare
1182 3839 1382 3905 partim
1434 3839 1812 3893 additamentis
1857 3840 2036 3908 falsis,

454 3925 650 4000 partim
674 3926 828 3979 rectis
853 3930 1177 3995 argumentis
1215 3929 1466 3983 violenter
1500 3931 1742 3995 detortis,
1773 3932 1943 3985 multa
1974 3948 2039 3985 ea:

457 4018 1002 4086 irreprehensibilibus
1032 4020 1147 4088 ejus
1184 4024 1537 4076 monumentis
1587 4024 1910 4077 calumniari
1951 4041 2040 4078 co-

457 4112 572 4164 nati
601 4121 745 4166 sunt.
792 4111 993 4167 Contra
1041 4131 1172 4184 quos
1209 4113 1502 4170 Germanus
1523 4118 1737 4186 pietatis
1759 4131 2037 4186 patronus,

457 4209 673 4253 acutum
694 4202 931 4256 veritatis
960 4202 1200 4272 gladium
1241 4205 1527 4275 stringens,
1569 4217 1618 4260 et
1657 4206 1867 4260 vulnere
1915 4224 2040 4275 pro-

457 4300 656 4345 stratos
712 4291 885 4347 hostes
952 4295 1248 4364 relinquens
1312 4299 1559 4351 victorem
1622 4301 2043 4369 superioremque

456 4399 577 4448 eum
609 4385 906 4451 constituit,
940 4387 997 4439 in
1025 4403 1176 4455 quem
1223 4389 1469 4443 hteretica
1518 4389 1769 4445 colluvies
1816 4393 2042 4447 insidias

468 4485 738 4531 struxerat
763 4487 815 4546 et
837 4489 1106 4545 posuerat.

2206 3283 2377 3337 Porro
2414 3282 2539 3335 licet
2571 3287 2680 3332 tam
2714 3277 2869 3331 multi
2901 3282 3094 3330 contra
3123 3271 3348 3341 impium
3386 3267 3716 3321 Eunomium

2136 3375 2480 3446 scripserint,
2510 3385 2810 3442 paucorum
2849 3379 3032 3422 tamen
3064 3371 3419 3419 monumenta
3454 3361 3553 3415 aevi
3591 3360 3719 3412 lon-

2139 3485 2286 3540 gteva
2323 3476 2569 3522 vetustas
2599 3465 2808 3533 reliqua
2858 3462 3020 3515 nobis
3068 3459 3230 3524 fecit;
3287 3456 3378 3510 ubi
3431 3453 3576 3509 enim
3615 3449 3723 3504 So—

2139 3563 2378 3634 phronii,
2407 3558 2701 3624 Theodori,
2736 3556 2972 3626 Didymi,
3013 3560 3068 3608 et
3101 3548 3423 3622 Apollinarii
3470 3545 3723 3614 disputa-

2137 3655 2358 3708 tiones?
2397 3655 2512 3723 Ipse
2543 3653 2707 3705 etiam
2749 3647 3051 3719 Nysscnus,
3090 3643 3320 3698 nimium
3355 3646 3624 3710 quantum
3664 3635 3720 3689 in

2137 3748 2378 3802 tenebris
2412 3745 2626 3799 delituit
2659 3762 2672 3797 :
2711 3756 2872 3812 quem
2917 3742 3028 3807 jam
3064 3737 3193 3792 olim
3236 3737 3290 3788 in
3322 3735 3498 3786 lucem
3541 3726 3724 3783 vindi-

2138 3857 2267 3896 care
2303 3838 2546 3909 aggressi
2576 3851 2829 3900 eramus;
2875 3847 3061 3886 verum
3099 3829 3221 3882 aliis
3255 3839 3416 3894 atque
3450 3824 3574 3877 aliis
3619 3837 3721 3876 ne-

2138 3933 2302 4003 gotiis
2327 3947 2543 3999 semper
2588 3926 2979 3986 incidentibus,
3039 3919 3414 3976 desistendum
3447 3915 3570 3968 fuit.
3612 3911 3722 3967 Sed

2140 4025 2504 4080 cessationem
2540 4036 2712 4076 meam
2730 4018 3119 4087 suppleverunt
3151 4027 3323 4080 nuper
3353 4009 3722 4069 Parisienses,

2141 4120 2234 4188 qui
2265 4133 2428 4188 opera
2442 4114 2673 4185 Nysseni
2703 4112 2887 4166 Graece
2911 4116 2964 4164 ct
2992 4107 3182 4160 Latine
3210 4103 3423 4159 duobus
3447 4099 3726 4188 tomiisele-

2143 4187 2333 4281 ganter
2371 4202 2927 4276 evulgarunt,additis
2954 4199 3117 4253 etiam
3157 4195 3312 4248 libris
3333 4201 3519 4246 contra
3540 4187 3726 4242 Euno-

2147 4303 2308 4354 mium
2330 4319 2349 4363 ;
2383 4298 2475 4354 sed
2505 4296 2709 4350 omisso
2736 4295 2935 4363 primo,
2961 4289 3122 4358 cujus
3150 4284 3446 4354 exemplari
3484 4281 3726 4336 editores

2147 4395 2410 4449 emebant
2437 4403 2630 4460 :quem
2659 4401 2805 4440 nunc
2839 4400 2903 4438 ex
2935 4381 3200 4434 Bavarico
3248 4377 3437 4460 codice
3474 4373 3728 4460 publica-

2151 4501 2295 4549 mus,
2329 4491 2387 4536 ιιι
2419 4489 2472 4536 et
2489 4458 2608 4532 alia
2639 4474 2925 4536 nonnulla,
2953 4469 3153 4540 quibus
3188 4465 3354 4521 editio
3396 4458 3726 4515 Parisiensis

529 4564 821 4623 Nonnullis
852 4569 1156 4638 interjectis
1203 4571 1346 4626 idem
1382 4571 1612 4628 Photius
1643 4587 1659 4626 :
1703 4570 1770 4627 Ut
1817 4574 2038 4628 breviter
2067 4565 2114 4621 D
2145 4587 2295 4634 caret
2320 4619 2334 4640 ,
2366 4585 2426 4628 ut
2456 4573 2615 4641 plene
2643 4566 2912 4622 conﬁdam
2948 4563 3053 4616 hoc
3083 4567 3334 4613 nostrum
3355 4553 3423 4607 ad
3447 4551 3726 4606 Parisien-

459 4659 655 4726 dicam,
692 4660 873 4715 omnia
914 4665 1086 4727 sancti
1133 4663 1290 4733 hujus
1328 4666 1500 4731 patris
1534 4667 1734 4727 scripta
1788 4666 1850 4720 ab
1901 4667 2042 4720 omni

465 4751 719 4808 heretica
754 4755 1041 4822 pravitate,
1066 4765 1115 4810 et
1152 4773 1186 4810 a
1217 4757 1508 4822 calumnia,
1562 4776 1694 4830 quaz.
1715 4761 1770 4814 in
1801 4761 2045 4828 impieta-

464 4853 568 4898 tem
601 4845 788 4916 vergit,
817 4845 1076 4901 immunia
1108 4864 1221 4916 esse
1261 4849 1523 4906 declarat.
1566 4849 1699 4908 Htec
1733 4868 1890 4921 porro
1941 4853 2046 4906 im-

537 5019 614 5092 (a)
645 5019 870 5093 Votum.
893 5023 1018 5078 155.

2149 4685 2264 4724 sem
2297 4666 2592 4721 editionem
2619 4657 2923 4713 auctarium
2956 4669 3050 4709 seu
3091 4649 3517 4705 additamentum
3553 4643 3727 4699 lecto-

2150 4765 2302 4818 ribus
2334 4775 2442 4816 non
2475 4756 2591 4811 fore
2615 4755 2913 4824 ingratum.

481 5211 3703 5260 __________________________________________________.

1424 5395 1936 5489 LECTORI
2046 5389 2773 5503 EQUANIMO.

538 5749 696 5821 Quod
724 5749 1017 5822 aliquando
1039 5750 1268 5822 contigit
1298 5752 1366 5806 iis
1405 5751 1602 5820 quibus
1632 5766 1796 5805 aurea
1831 5749 2039 5806 medio-

477 5847 639 5916 ιςῖμι
679 5846 840 5904 etiam
876 5846 933 5903 in
979 5846 1122 5902 votis
1158 5845 1458 5916 placuerat,
1495 5845 1685 5902 Lector
1715 5843 2038 5914 aequanime,

2147 5754 2209 5799 ut
2256 5743 2399 5815 quod
2445 5743 2776 5813 exoptabant
2817 5739 3031 5793 auctius
3073 5745 3236 5807 atque
3282 5735 3476 5790 melius
3527 5734 3730 5790 faceret

2152 5837 2318 5907 Deus,
2334 5853 2442 5915 quo
2459 5837 2620 5892 modo
2643 5835 2749 5892 voti
2775 5833 3062 5914 plusquam
3087 5844 3309 5902 compos
3325 5828 3558 5884 Flaccus
3584 5827 3729 5890 ait-
