3880 6218
204 330 271 386 S3
1577 338 2115 399 PROLEGOMENA.
3434 347 3506 407 54

211 454 335 508 bene
366 461 468 516 est,
489 453 624 506 nihil
646 453 875 524 amplius
901 471 1017 517 oro,
1051 455 1211 511 nobis
1234 455 1399 527 εῢχῆς
1419 457 1664 528 ἀμέτρου
1689 474 1814 512 cum
1844 470 1892 527 Α
1922 460 2043 528 fuit,
2074 461 2129 515 in
2148 459 2520 532 Polymorpho
2550 461 2772 532 Dialogo
2809 471 2860 530 1,
2897 461 2990 517 ubi
3021 460 3090 517 de
3123 462 3509 524 incarnatione

212 548 484 618 Gregorio
516 548 864 604 Nazianzeno
900 551 1274 606 metuentibus
1316 551 1590 606 usuvenit.
1629 550 1816 605 Enim-

214 656 339 695 vero
367 643 606 712 primum
633 653 818 696 votum
843 650 896 696 et
918 642 1210 696 consilium
1238 650 1488 697 nostrum
1519 642 1694 698 fuerat
1719 644 1819 699 ini-

218 738 294 789 tio
333 736 510 789 libros
542 741 756 788 tantum
797 732 855 787 8.
893 733 1144 803 Gregorii
1190 744 1379 788 contra
1423 733 1744 788 Eunomium
1785 750 1816 789 a

216 829 544 884 doctissimo
573 828 693 882 viro
735 827 854 882 Nic.
900 828 1138 883 Gulonio
1181 826 1505 884 Professore
1534 829 1815 900 quondam

214 922 369 992 regio
393 922 673 976 latinitate
703 920 939 977 donatos
964 921 1018 975 in
1046 921 1223 976 lucem
1245 922 1428 988 edere,
1453 937 1594 993 quos
1612 922 1818 994 πατρὸς

217 1015 462 1086 ἀμείνων
492 1012 561 1067 Β.
602 1013 662 1068 Ρ.
694 1012 936 1069 Joannes
979 1029 1008 1067 a
1044 1013 1100 1068 8.
1137 1011 1439 1070 Francisco
1478 1013 1816 1070 Faliensium

217 1109 619 1162 monachorum
683 1107 831 1178 prior
885 1109 1225 1179 recognovit.
1292 1107 1398 1164 Sed
1458 1124 1584 1164 cum
1617 1108 1708 1163 ille
1761 1108 1818 1163 in

218 1200 475 1254 morbum
539 1201 849 1266 incidisset,
895 1216 1075 1271 neque
1145 1201 1312 1272 praelo
1384 1208 1572 1272 posset
1623 1215 1820 1271 prope-

217 1294 365 1346 ranti
389 1310 623 1363 pensum
651 1293 936 1360 suilicere;
962 1297 1140 1350 visum
1169 1305 1254 1350 est
1285 1295 1421 1348 alios
1451 1293 1509 1349 S.
1570 1291 1818 1362 Gregorii

218 1385 392 1441 libros
418 1386 535 1454 jam
569 1386 755 1443 Graece
781 1403 1016 1444 excuses
1048 1388 1114 1441 ad
1172 1387 1402 1442 alterum
1434 1393 1642 1439 tomum
1682 1398 1818 1437 con-

219 1478 518 1532 ﬁciendum
545 1481 837 1552 colligere;
865 1476 990 1545 .jam
1021 1480 1166 1535 enim
1198 1478 1327 1533 olim
1352 1478 1492 1547 apud
1513 1476 1820 1546 Raphelen-

217 1568 368 1636 gium
406 1569 504 1624 lib.
551 1569 623 1624 De
669 1573 770 1624 rita
813 1569 1018 1632 Hosis;
1063 1571 1206 1640 apud
1249 1569 1578 1632 Plantinum,
1623 1566 1716 1620 lib.
1743 1564 1822 1618 De

219 1661 564 1729 uirginitate;
606 1663 751 1732 apud
817 1664 1147 1729 Sartorium,
1206 1672 1392 1716 contra
1432 1659 1817 1728 Apollinarem,

217 1761 275 1806 et
294 1753 404 1806 alia
431 1754 555 1822 ejus
581 1756 708 1810 alibi
731 1756 998 1824 apuscula
1024 1755 1241 1810 fuerant
1257 1753 1464 1825 publici
1489 1751 1631 1822 juris
1653 1750 1817 1804 facta.

1918 553 2132 608 Domini
2184 553 2457 623 loquitur,
2499 553 2616 608 haec
2669 555 2976 625 desumpsit
3032 555 3351 612 testimonia
3408 558 3507 615 fol.

1920 645 2044 707 124,
2062 645 2318 700 editionis
2341 643 2638 716 Tigurinaa,
2675 646 2770 700 τοῦ
2792 647 2962 703 αὐτοῦ·
2981 649 3046 702 ἐκ
3065 647 3160 701 τοῦ
3181 651 3323 703 κατὰ
3347 649 3513 705 Εὐνο-

1923 738 2047 810 μίου
2079 738 2258 807 λόγου.
2285 737 2469 808 Φαμὲν
2495 739 2695 802 τοίνυν,
2722 739 2802 792 ὅτι
2833 742 2892 793 ὲν
2929 740 3026 811 μὲν
3047 744 3158 805 τοῖς
3189 741 3295 815 πρὸ
3318 743 3510 799 τούτου

1918 829 2094 898 λόγοις
2126 829 2296 882 εἰπὼν
2327 830 2424 900 τὴν
2465 831 2664 898 Σοφίαν
2695 831 3107 902 ᾠκοδομηκέναι
3135 835 3301 905 ἑαυτῇ
3337 829 3506 898 οἷκον,

1918 924 2016 994 τὴν
2041 923 2139 995 τῆς
2167 924 2366 996 σαρκὸς
2388 923 2482 978 τοῦ
2505 924 2710 996 Κυρίου
2732 926 3071 998 κατασκευὴν
3085 925 3160 996 τῷ
3179 927 3323 998 λόγῳ
3340 927 3515 980 αἰνίσ-

1922 1033 2094 1071 σεται.
2145 1016 2382 1070 Dicimus
2433 1034 2579 1089 ergo,
2627 1035 2748 1074 cum
2806 1020 2862 1072 in
2896 1019 2962 1074 iis
3022 1036 3138 1090 qua:
3174 1022 3323 1088 prius
3365 1020 3512 1074 dicta

1920 1116 2063 1172 sunt,
2101 1107 2238 1162 dixit
2272 1107 2602 1178 Sapientiam
2649 1110 2947 1180 cediﬁcasse
2989 1111 3092 1167 sibi
3121 1111 3358 1176 domum,
3387 1129 3511 1166 car-

1921 1201 2002 1256 nis
2036 1201 2251 1256 Domini
2296 1203 2459 1257 Verbo
2489 1205 2936 1258 constructionem
2982 1207 3201 1273 mystice
3237 1203 3508 1273 intelligit.

1921 1289 2040 1346 Hoc
2067 1292 2446 1348 testimonium
2481 1294 2725 1364 reperies
2757 1309 2879 1364 pag.
2921 1293 3014 1357 77,
3047 1293 3214 1364 hujus
3253 1292 3511 1348 editionis

1921 1390 2057 1436 tom.
2095 1382 2159 1436 ll.
2199 1383 2344 1456 Ergo
2390 1383 2649 1448 dicimus,
2686 1385 2835 1456 quod
2866 1385 2921 1440 in
2955 1385 3063 1451 his,
3105 1401 3227 1455 quae
3258 1385 3404 1439 hunc
3430 1384 3512 1438 lo-

1920 1490 2044 1530 cum
2093 1477 2414 1545 praecedunt
2461 1464 2664 1546 verbis,
2708 1493 2834 1533 cum
2889 1477 3121 1534 dixisset
3172 1477 3512 1549 Sapientiam

1921 1567 2024 1621 sibi
2057 1566 2279 1623 domum
2313 1569 2636 1626 aediﬁcasse.

1994 1657 2051 1712 In
2078 1657 2271 1714 eodem
2309 1658 2535 1732 Dialogo
2567 1669 2623 1716 et
2659 1660 2753 1714 fol.
2793 1661 2918 1726 124,
2972 1662 3068 1716 τοῦ
3109 1663 3278 1716 αὑτοῦ
3315 1665 3382 1718 ὲκ
3413 1665 3514 1735 τῆς

1921 1749 2088 1821 αὐτῆς
2114 1751 2497 1822 πραγματείας
2516 1768 2530 1782 ο
2563 1754 2592 1805 ό
2631 1753 2805 1821 Λόγος
2841 1753 2950 1824 πρὸ
2969 1753 3078 1808 τῶν
3109 1754 3322 1808 αἰώνων
3352 1751 3441 1826 ἦν,
3476 1760 3512 1826 ἡ

219 1841 379 1910 Quod
413 1862 540 1899 cum
591 1847 857 1902 audiisset
894 1848 1269 1919 amplissimus
1320 1861 1524 1916 praeses
1558 1844 1816 1900 dominus

1927 1842 2056 1914 σὰρξ
2083 1843 2141 1896 δὲ
2166 1845 2254 1896 ἐπ’
2282 1845 2528 1915 ἐσχάτων
2554 1845 2774 1915 ἐγένετο
2799 1846 2908 1900 τῶν
2937 1847 3168 1918 χρόνων,
3200 1849 3294 1901 καὶ
3321 1825 3422 1902 ουκ
3447 1825 3514 1903 ἄν

220 1933 513 2004 Thuanus,
555 1939 710 2010 Regii
773 1942 1102 1996 Consistorii
1176 1940 1553 2002 consiliarius,
1596 1937 1817 1992 codices

221 2041 356 2082 cuos
381 2031 790 2100 manuscriptos
841 2031 1000 2086 nobis
1038 2031 1272 2100 benigne
1307 2029 1604 2092 concessit,
1635 2043 1664 2082 e
1697 2028 1818 2096 qui-

220 2119 328 2174 bus
366 2130 527 2174 eruta
557 2130 643 2176 est
697 2121 1015 2177 dissertatio
1049 2121 1124 2175 De
1166 2122 1350 2174 anima
1410 2119 1678 2173 hactenus
1708 2132 1818 2168 non

220 2209 394 2264 edita.

295 2298 448 2354 Misit
480 2299 650 2354 etiam
684 2299 751 2354 ad
800 2313 903 2354 nos
936 2299 1216 2369 ingentem
1249 2296 1493 2351 codicem
1519 2295 1816 2364 Antuerpia

223 2391 293 2447 Β.
325 2394 389 2446 Ρ.
416 2393 668 2448 Andreas
725 2393 1005 2458 Schottus,
1049 2395 1140 2460 qui
1193 2391 1362 2444 libros
1417 2389 1532 2444 sive
1566 2388 1818 2442 homilias

222 2482 460 2556 Nysseni
523 2487 760 2556 amplius
807 2485 1031 2555 triginta
1067 2484 1467 2553 complectitur,
1512 2479 1820 2551 sumptibus

225 2577 361 2630 clar.
428 2576 534 2630 viri
561 2575 836 2630 Theodori
881 2574 1099 2630 Canteri
1155 2571 1572 2642 U'ltrajectensis
1599 2579 1819 2624 senato-

225 2673 304 2727 ris
326 2673 460 2727 olim
500 2674 831 2743 exscriptas,
880 2673 1082 2743 quibus
1115 2671 1290 2726 additi
1322 2680 1452 2726 sunt
1494 2671 1584 2723 alii
1645 2686 1710 2724 ex
1746 2669 1820 2723 hi-

225 2762 506 2817 bliotheca
556 2762 810 2818 nobiliss.
851 2763 956 2817 viri
1009 2760 1297 2816 Francisci
1381 2759 1626 2824 Olivarii,
1686 2757 1816 2812 Fed.

224 2854 462 2918 Horelli,
494 2853 738 2910 Proless.
766 2871 877 2926 reg.
915 2854 1142 2918 Decani,
1169 2862 1222 2909 et
1245 2853 1480 2907 aliorum
1517 2853 1818 2905 amicorum

226 2959 550 3003 nostrorum
585 2948 919 3018 deprompti,
955 2962 1190 3018 quorum
1218 2946 1542 3001 beneﬁcium
1574 2945 1626 2998 in
1673 2943 1820 2998 notis

227 3041 294 3094 ad
331 3040 582 3111 singulos
606 3040 777 3095 libros
809 3041 1216 3110 pradicabitur.

295 3131 454 3187 Licet
495 3133 646 3186 enim
683 3131 922 3186 editione
958 3146 1184 3201 operum
1229 3129 1286 3184 8.
1319 3127 1550 3184 Joannis
1583 3127 1820 3199 Chryso-
1849 3168 1894 3228 Ο

224 3227 394 3280 stomi
431 3225 614 3278 adhuc
652 3224 992 3281 detineretur
1039 3225 1122 3276 vir
1161 3222 1536 3284 doctissimus,
1579 3219 1820 3288 θεοφιλέ-

227 3334 424 3380 στατος
455 3314 665 3371 Fronto
693 3313 922 3369 Ducmus
969 3314 1024 3369 S.
1059 3313 1100 3366 l.
1143 3313 1474 3383 Theologus,
1507 3328 1608 3368 suo
1638 3321 1819 3365 tamen

226 3406 481 3462 subsidio
517 3404 835 3473 nosjuvare
859 3419 967 3459 non
991 3404 1222 3468 destitit,
1284 3419 1408 3458 cum
1450 3413 1504 3457 et
1578 3402 1822 3456 delectus

226 3499 520 3552 habendus
565 3507 712 3553 esset
763 3496 922 3550 codd.
959 3511 1094 3551 mss.
1149 3503 1204 3550 et
1245 3497 1518 3549 variantes
1562 3495 1822 3549 lectiones

224 3605 354 3642 cum
382 3587 595 3658 judicio
631 3571 752 3640 alia;
785 3601 894 3655 prae
914 3586 1036 3640 aliis
1076 3585 1487 3654 amplectenda,
1519 3594 1574 3638 et
1603 3592 1744 3638 notae
1767 3585 1822 3638 in

225 3682 417 3736 varios
449 3680 622 3733 libros
643 3679 774 3732 olim
811 3678 880 3731 ab
910 3677 1029 3746 ipso
1066 3677 1388 3732 emendatos
1427 3691 1826 3746 recognoscen-

226 3774 333 3836 dze,
366 3783 534 3843 atque
567 3771 696 3826 huic
725 3770 950 3827 editioni
979 3770 1301 3840 adaptanda:
1325 3780 1535 3826 essent.

299 3863 699 3919 Verumtamen
751 3863 858 3916 hac
891 3861 1129 3916 adhibita
1183 3863 1468 3932 diligentia
1499 3877 1608 3916 non
1645 3863 1826 3932 potui-

229 3973 357 4011 mus
385 3953 734 4026 quarundam
757 3953 1107 4006 homiliarum
1145 3951 1393 4008 Graecum
1440 3962 1650 4008 textum
1691 3969 1828 4009 nan-

229 4049 390 4109 cisci,
430 4062 573 4116 quas
621 4045 725 4100 sub
771 4045 937 4098 ﬁnem
969 4045 1198 4099 secundi
1231 4045 1364 4098 tomi
1390 4043 1586 4099 Latine
1611 4055 1822 4101 tantum

228 4134 552 4199 edidimus;
594 4133 689 4186 sed
741 4147 919 4202 neque
957 4140 1102 4187 totos
1144 4144 1330 4186 contra
1372 4133 1685 4188 Eunomium
1731 4135 1826 4189 Xll

232 4227 408 4280 libros
453 4224 898 4294 suppeditamus,
940 4237 1067 4278 cum
1116 4233 1177 4278 ut
1214 4241 1280 4279 ex
1321 4227 1529 4296 synodo
1561 4225 1626 4280 Vl
1675 4241 1828 4281 (ncu-

232 4319 450 4373 menica
484 4326 724 4381 constat,
762 4316 1040 4371 secundus
1063 4331 1328 4371 numerus
1355 4318 1512 4384 sitis,
1543 4320 1636 4388 qui
1665 4321 1826 4388 primi

231 4412 419 4465 loeum
469 4412 711 4465 editione
765 4420 957 4464 nostra
992 4410 1224 4473 obtinet,
1262 4426 1554 4480 expressos
1587 4428 1653 4466 ex
1705 4429 1828 4482 apo-

1918 1953 2002 1998 τις
2026 1936 2370 2008 ἀναστρέψας
2389 1936 2533 1990 εἴποι
2565 1937 2598 2008 ἦ
2619 1937 2824 2010 ταύτην
2850 1938 3176 2011 προαιώνιον
3211 1934 3369 2005 εἶναι,
3398 1941 3430 2011 ἢ
3455 1943 3514 1994 ἐν

1919 2031 2030 2092 τοῖς
2083 2029 2333 2100 ἐσχάτοις
2378 2030 2708 2101 γεγενῆσθαι
2759 2031 2852 2084 τὸν
2879 2031 3074 2100 Λόγον.
3138 2031 3365 2086 Verbum
3395 2039 3516 2086 erat

1921 2129 2043 2172 ante
2071 2119 2290 2184 saecula,
2336 2137 2462 2175 caro
2492 2130 2668 2175 autem
2699 2125 2949 2177 extremis
2984 2124 3306 2192 temporibus
3365 2125 3514 2192 facta

1918 2220 2015 2272 est,
2041 2227 2131 2263 nec
2163 2221 2471 2266 convertens
2511 2221 2701 2266 contra
2740 2213 3006 2282 quispiam
3043 2214 3241 2268 dixerit
3271 2215 3351 2268 vel
3392 2232 3513 2271 eam

1918 2318 2031 2355 esse
2059 2312 2180 2355 ante
2217 2303 2440 2367 sazcula,
2479 2304 2557 2358 vel
2596 2305 2652 2357 in
2695 2306 2902 2358 ultimis
2941 2305 3262 2375 temporibus
3307 2307 3512 2376 factum

1919 2408 2032 2444 esse
2068 2390 2314 2445 Verbum.
2345 2392 2460 2448 Hoc
2479 2395 2855 2449 testimonium
2885 2396 3056 2451 habes
3089 2413 3142 2466 p.
3183 2397 3275 2451 l6!
3344 2399 3512 2468 hujus

1919 2483 2053 2538 edit.
2083 2483 2298 2538 Citatur
2332 2485 2474 2540 idem
2507 2486 2660 2541 locus
2703 2493 2758 2540 et
2802 2486 2858 2539 in
2904 2487 3114 2557 synodo
3147 2486 3214 2540 Vl
3245 2487 3514 2544 ()Ecume-

1920 2575 2066 2636 nica,
2093 2577 2308 2630 actione
2334 2577 2420 2642 10,
2446 2591 2567 2648 pag.
2593 2576 2716 2641 126,
2738 2576 2978 2632 editione
3006 2579 3270 2634 Romana.
3295 2580 3390 2631 Ἐκ
3415 2578 3511 2633 τοῦ

1920 2669 2062 2722 κατὰ
2094 2669 2361 2739 Εὐνομίου
2401 2670 2570 2740 τόμου
2606 2670 2890 2740 πέμπτου,
2920 2664 2981 2724 οὗ
3005 2673 3039 2742 ἠ
3084 2671 3250 2742 ἀρχὴ,
3292 2674 3427 2744 Περὶ
3454 2673 3513 2727 δὲ

1920 2760 2022 2830 τῆς
2052 2761 2259 2834 Πέτρου
2303 2761 2398 2814 τοῦ
2443 2762 2741 2816 ἀποστόλου
2778 2763 2982 2832 φωνῆς.
3034 2760 3120 2816 Ex
3156 2763 3339 2833 quinto
3369 2773 3513 2818 tomo

1922 2863 2107 2905 contra
2161 2851 2506 2919 Eunomium,
2555 2854 2708 2923 cujus
2755 2854 2987 2919 initium,
3039 2853 3119 2908 De
3167 2870 3287 2908 voce
3333 2857 3515 2926 itaque

1924 2941 1984 2999 S.
2026 2946 2174 3001 Petri
2233 2944 2493 3012 Apostoli.
2558 2945 2713 3000 Unde
2775 2945 3087 3014 colligimus
3145 2945 3338 3003 deesse
3384 2949 3514 3004 huic

1923 3041 2124 3088 nostra:
2150 3033 2377 3087 editioni
2419 3033 2618 3087 librum
2655 3034 2992 3104 primum,et
3017 3037 3320 3090 orationem
3344 3051 3512 3106 quar-

1924 3129 2036 3176 tam
2068 3122 2187 3190 ejus
2227 3123 2282 3176 in
2317 3122 2530 3195 synodo
2582 3124 2689 3178 dici
2718 3132 2773 3179 et
2823 3140 2949 3180 vere
2977 3141 3102 3182 esse
3149 3127 3416 3196 quintam.
3452 3129 3511 3182 In

1925 3210 2189 3284 Catologo
2216 3217 2378 3266 etiam
2423 3214 2688 3271 librorum
2734 3215 3074 3272 bibliothecae
3103 3215 3380 3272 Vaticanse
3410 3237 3512 3272 nu-

1922 3318 2075 3356 mero
2100 3303 2226 3370 424,
2260 3305 2474 3358 initium
2500 3307 2810 3377 assignatur
2830 3307 2972 3364 istud
2995 3309 3086 3364 lib.
3117 3325 3134 3364 ι
3188 3320 3369 3364 contra
3401 3312 3510 3364 Eu-

1923 3397 2179 3461 nomium,
2236 3397 2351 3448 Οὐκ
2401 3392 2468 3468 ἦν
2521 3396 2597 3460 ὡς
2658 3397 2804 3451 ἔοικε
2851 3397 2931 3468 τῷ
2983 3399 3164 3453 πάντα
3222 3418 3282 3452 σε
3334 3400 3510 3453 θέλειν

1924 3489 2253 3559 εὐεργετεῖν
2277 3489 2504 3544 secundi
2534 3497 2714 3545 autem
2748 3491 2916 3558 istud,
2951 3491 3014 3544 'H
3039 3491 3146 3544 τῶν
3170 3492 3510 3562 Χριστιανῶν

1925 3579 2108 3642 πίστις
2132 3582 2213 3642 εἰς
2263 3581 2440 3633 πάντα
2497 3580 2660 3652 ἐθνηο
2695 3581 2842 3650 quod
2894 3591 2980 3638 est
3022 3585 3288 3638 orationis
3319 3585 3510 3654 prima:

1925 3669 2090 3738 hujus
2120 3669 2380 3724 editionis
2430 3671 2669 3725 initium.
2705 3671 2954 3727 Tertium
2991 3674 3361 3727 testimonium
3383 3690 3507 3743 pro-

1927 3763 2032 3817 fert
2063 3761 2441 3818 Theodoretus
2469 3767 2524 3818 in
2553 3764 2746 3820 eodem
2779 3764 3005 3836 Dialogo
3035 3766 3084 3818 l.
3118 3765 3212 3821 t‘ol.
3245 3767 3368 3827 ηδ,
3398 3767 3512 3819 Uine

1926 3854 1991 3907 ὲκ
2017 3853 2118 3907 τοῦ
2141 3855 2286 3908 θείου
2315 3872 2374 3908 τε
2400 3857 2496 3910 καὶ
2527 3858 2808 3928 ἀκηράτου
2838 3859 2985 3910 ἐστὶν
3011 3859 3044 3928 ὴ
3074 3857 3169 3910 τοῦ
3203 3857 3384 3910 ἔκτισέ
3442 3875 3511 3929 με

1927 3945 2099 4016 φωνὴ,
2139 3946 2276 3999 ἀλλά
2306 3946 2488 4010 καθὼς
2519 3946 2734 4020 εἴρηται
2765 3951 2831 4001 ὲκ
2846 3947 2940 4001 τοῦ
2964 3947 3364 4019 ἀναληφθέντος
3390 3949 3512 4001 κατ’

1927 4039 2256 4109 οἰκονομίαν.
2284 4037 2409 4091 Νοη
2432 4039 2496 4094 de
2523 4039 2721 4103 divino,
2755 4049 2805 4094 et
2835 4039 2898 4092 ab
2931 4041 3074 4093 omni
3098 4042 3432 4107 corruptione
3461 4050 3512 4094 et

1927 4132 2146 4186 interitu
2169 4131 2342 4186 alieno
2370 4141 2447 4186 est
2470 4131 2580 4185 Itazc
2612 4148 2731 4193 vox,
2767 4151 2784 4184 ι
2819 4133 3031 4187 Creavit
3056 4148 3175 4186 me:
3207 4151 3225 4182 ι
3257 4133 3347 4186 sed
3376 4134 3512 4186 sicut

1929 4224 2130 4277 dictum
2163 4231 2262 4285 est,
2284 4222 2348 4276 de
2383 4239 2443 4277 eo
2467 4224 2605 4292 quod
2650 4239 2741 4291 per
2793 4224 3028 4278 divinant
3070 4225 3512 4292 dispensationem

1930 4325 2258 4384 assumptum
2280 4324 2380 4369 est.
2409 4313 2554 4371 Idem
2589 4317 2881 4371 exhibetur
2910 4316 3105 4370 iisdem
3138 4316 3301 4386 plane
3327 4315 3512 4371 verbis

1930 4424 1987 4479 p.
2017 4408 2084 4462 79
2126 4408 2292 4477 hujus
2335 4407 2624 4474 editionis,
2670 4408 2782 4462 nisi
2830 4407 2977 4478 quod
3015 4421 3117 4477 pro
3169 4407 3511 4477 ἀναληφθέν-

231 4505 444 4574 grapho
465 4501 534 4556 V.
557 4502 621 4557 C.
660 4502 859 4558 Franc.
891 4503 1110 4570 Pithtei,
1145 4518 1257 4574 quo
1292 4512 1348 4560 et
1388 4505 1662 4574 interpres
1693 4505 1822 4558 dum

1928 4515 2020 4562 τος
2074 4499 2272 4567 legitur
2332 4500 2444 4554 illic
2499 4500 2919 4569 άνακραθέντος.
2978 4499 3248 4566 Quartum
3304 4499 3514 4570 profert

208 4598 443 4650 viveret
498 4611 708 4666 eosque
755 4594 948 4651 Latine
1009 4604 1376 4661 converteret,
1433 4612 1568 4652 usus
1627 4596 1825 4650 fuerat.

230 4686 366 4740 Nam
400 4695 459 4739 ut
483 4702 552 4741 ex
576 4686 840 4755 Catalego
872 4688 1141 4742 librorum
1175 4688 1525 4743 bibliotheca:
1549 4686 1827 4746 Vaticame

232 4785 474 4840 constat,
509 4791 540 4830 a
570 4776 798 4830 librario
828 4777 883 4830 in
928 4777 1068 4831 duas
1106 4786 1290 4846 partes
1316 4777 1532 4833 divisus
1566 4777 1669 4832 fuit
1692 4778 1828 4834 liber

233 4886 333 4935 xu,
366 4869 529 4937 cujus
567 4869 722 4938 prior
769 4885 898 4938 pars
955 4869 1304 4925 undecimum
1344 4869 1567 4924 coniicit
1622 4871 1824 4925 librum

233 4965 399 5032 hujus
423 4963 707 5029 editionis,
743 4962 846 5016 hoc
869 4963 1026 5019 initio
1061 4964 1399 5029 inchoatum,
1437 4964 1551 5017 ἀλλ’
1597 4963 1827 5034 εἴδωμεν

231 5057 323 5108 καὶ
353 5055 416 5108 τὸ
451 5058 518 5108 ὲκ
549 5054 642 5108 τοῦ
671 5055 990 5120 ἀκολούθου,
1025 5057 1171 5126 quod
1237 5057 1454 5111 initium
1488 5058 1579 5112 ille
1614 5059 1826 5112 catalo-

233 5165 330 5218 gus
389 5148 536 5200 libro
579 5161 653 5200 xu
701 5147 913 5200 tribuit.
967 5147 1213 5217 itemque
1265 5147 1509 5218 synodus
1562 5157 1714 5204 sexta
1743 5163 1828 5203 ac-

237 5241 382 5292 tione
412 5239 508 5300 10.
535 5255 662 5308 pag.
695 5239 798 5293 127
853 5239 1114 5298 editionis
1155 5238 1450 5297 Vaticanae.

304 5330 654 5407 Exhibentur
683 5331 867 5400 itaque
899 5347 1047 5386 nunc
1092 5332 1193 5386 tibi
1226 5331 1283 5385 8.
1316 5331 1564 5402 Gregorii
1594 5332 1824 5404 Nysseni

240 5434 421 5475 contra
453 5421 800 5489 Eunomium,
843 5440 983 5494 quos
1009 5425 1066 5478 S.
1098 5425 1460 5495 Hieronymus
1490 5425 1545 5478 in
1573 5425 1826 5496 Catalogo

244 5514 575 5584 Scriptorum
610 5515 1086 5569 ecclesiasticarum
1119 5517 1224 5572 sibi
1272 5525 1325 5571 et
1370 5516 1531 5587 Greg.
1563 5517 1822 5572 Nazianz.

245 5608 410 5662 lectos
435 5606 509 5660 ah
538 5616 763 5662 auctore
821 5607 1085 5674 allirmat;
1123 5618 1177 5664 et
1217 5625 1285 5663 ne
1319 5609 1540 5665 dubites
1603 5627 1734 5665 num
1769 5612 1825 5666 hi

244 5699 350 5752 sint
377 5699 455 5752 illi
483 5698 589 5767 ipsi
622 5713 762 5768 quos
791 5714 822 5752 a
849 5714 908 5754 se
937 5703 1173 5770 scriptos
1201 5701 1474 5771 evolgavit
1508 5699 1796 5757 Theodore

249 5796 356 5851 tus.
387 5788 478 5859 qui
520 5789 734 5860 synodo
768 5789 1056 5860 Ephesium
1097 5807 1241 5848 anno
1282 5791 1483 5850 Christi
1521 5793 1627 5848 450
1665 5794 1826 5851 inter-

1932 4591 2073 4646 idem
2125 4590 2503 4647 Theodoretus
2569 4591 2792 4662 Dialogo
2841 4593 2901 4660 ‘2,
2965 4595 3060 4648 ubi
3126 4593 3194 4648 de
3253 4595 3512 4664 passione

1930 4683 2133 4737 Christi
2161 4683 2404 4752 disputat
2429 4699 2496 4738 ex
2529 4683 2720 4738 eodem
2746 4698 2914 4754 opere
2947 4693 3134 4742 contra
3185 4683 3508 4738 Eunomium

1934 4775 2026 4829 fol.
2056 4775 2180 4829 H7.
2221 4776 2283 4827 Ei
2305 4775 2363 4828 δὲ
2395 4776 2424 4828 ό
2454 4775 2552 4846 μὲν
2584 4777 2650 4829 ἐκ
2681 4777 2779 4847 τῆς
2803 4775 3022 4848 Μαρίας
3049 4777 3298 4845 ἀδελφοῖς
3326 4776 3509 4830 διαλέ-

1932 4885 2107 4937 γεται,
2142 4869 2170 4920 ό
2215 4867 2270 4920 δὲ
2303 4869 2596 4940 μονογενὴς
2645 4869 2905 4938 ἀδελφοὺς
2934 4871 3034 4923 οὐκ
3076 4869 3188 4941 ἔχει
3212 4884 3226 4899 ⁶
3260 4869 3378 4933 πῶς
3401 4871 3512 4943 γὰρ

1931 4963 1989 5013 ὲν
2036 4961 2285 5030 ἀδελφοῖς
2315 4960 2375 5013 τὸ
2423 4961 2710 5030 μονογενὲς
2759 4961 3084 5028 διεσώζετος
3127 4963 3223 5017 καὶ
3261 4965 3290 5017 ό
3315 4961 3508 5016 εἰπών·

1935 5073 1954 5105 ι
1982 5053 2205 5125 Πνεῦμα
2228 5056 2257 5107 ό
2289 5053 2442 5118 Θεός,
2479 5073 2500 5106 ι
2536 5056 2668 5125 φησὶ
2699 5055 2836 5126 πρὸς
2868 5057 2993 5120 τοὺς
3023 5055 3517 5130 μαθητάςὸαὐτὺς.

1933 5165 1953 5198 ι
1984 5147 2354 5218 Ψηλαφήσατέ
2387 5165 2475 5218 με.
2517 5167 2534 5198 ι
2562 5145 2622 5202 Si
2671 5157 2846 5205 autem
2886 5150 2977 5216 qui
3008 5165 3073 5204 ea:
3119 5149 3302 5204 Maria
3353 5159 3510 5204 natus

1927 5247 2026 5303 est,
2057 5255 2175 5292 cum
2208 5239 2465 5308 fratribus
2490 5238 2737 5303 disserit;
2770 5240 3070 5308 unigenitus
3101 5249 3278 5294 autem
3313 5240 3510 5308 fratres

1927 5349 2032 5386 non
2058 5331 2210 5385 habet
2241 5346 2260 5382 :
2290 5329 2548 5400 quomodo
2588 5331 2727 5383 enim
2769 5332 2905 5384 inter
2933 5331 3130 5400 fratres
3170 5347 3499 5385 conservare-

1930 5434 2016 5478 tur
2055 5441 2167 5479 esse
2198 5425 2566 5494 unigenitum?
2604 5421 2673 5476 Et
2720 5423 2810 5493 qui
2851 5424 3011 5486 dixit,
3049 5444 3068 5476 ι
3101 5425 3337 5492 Spiritus
3365 5424 3509 5478 Deus

1925 5528 2032 5583 est,
2069 5538 2088 5571 ι
2137 5518 2278 5572 idem
2321 5519 2450 5570 dicit
2495 5517 2770 5585 discipulis
2820 5535 2838 5567 ι
2895 5516 3125 5586 Palpate
3176 5533 3277 5572 me.
3321 5535 3343 5570 ι
3382 5514 3511 5571 llaec

1926 5623 2108 5666 autem
2151 5625 2354 5665 excusa
2407 5611 2646 5678 reperies
2697 5626 2820 5681 pag.
2865 5611 2965 5664 281
3014 5611 3180 5679 hujus
3227 5608 3504 5663 editionis.

2004 5703 2267 5769 Quintum
2314 5702 2370 5754 in
2418 5701 2635 5772 dialogo
2663 5703 2698 5756 5
2736 5703 3008 5772 reperitur
3061 5701 3158 5757 fol.
3201 5697 3324 5754 129.
3384 5698 3507 5751 οὔτε

1930 5795 2182 5860 ζωοποιεῖ
2243 5794 2333 5846 τὸν
2401 5791 2652 5866 Λάζαρον
2699 5792 3088 5869 ἡάνθρωπίνη
3146 5789 3332 5866 ερύσιῦ
3377 5787 3518 5850 οὖτα,
