3880 6218
425 274 498 340 ὗῖ
1595 288 1652 346 S.
1693 285 2091 348 GHEGORIUS
2129 289 2503 352 NYSSENUS.
3622 297 3696 356 56

419 396 640 477 ϐακρῦἐι
701 398 792 453 τὸν
821 394 1073 471 κείμενον
1101 397 1135 472 ἡ
1185 397 1402 470 ἀπαθὴς
1450 399 1694 467 ἐξουσία·
1719 405 1832 458 ἀλλ’
1865 407 1993 461 ἴδιον

2100 409 2398 463 secundum
2427 423 2552 465 esse
2584 409 2985 464 numerandum
3015 426 3067 482 p.
3098 409 3184 466 56.
3211 409 3489 480 Quomodo
3507 417 3696 473 Domi.-

418 490 514 546 τοῦ
554 491 651 562 μὲν
677 488 968 561 ἀνθρώπου
999 489 1060 542 τδ
1088 490 1340 562 δάκρυον,
1373 492 1470 562 τῆς
1498 492 1555 546 δὲ
1593 493 1737 565 ζωῆς
1769 497 1836 550 τὰ
1897 499 1994 568 τῆς

415 577 586 648 ὅπως
615 580 781 652 ζωῆς.
819 579 999 650 Neque
1028 581 1263 636 humana
1294 593 1492 637 natura
1536 583 1806 639 Lazarum
1865 587 1996 643 uiui-

415 674 566 744 ﬁcat,
610 689 703 730 nec
734 672 889 742 deﬂet
918 675 1185 741 jacentem
1234 674 1544 743 impatibilis
1571 678 1806 744 potentia
1834 695 1854 733 :
1902 680 1994 735 sed

417 762 659 834 laeryma
689 763 1022 839 estjtominis
1045 764 1284 834 propria,
1309 764 1429 820 vita:
1451 775 1629 821 autem
1651 784 1714 822 ea
1740 785 1856 838 quo:
1880 785 1994 826 uere

415 857 538 910 sitm
572 854 837 912 sunt.Sed
869 857 1248 912 emendandus
1277 865 1363 913 est
1386 857 1474 913 hic
1504 859 1660 914 locus
1680 874 1746 916 ex
1778 861 1994 918 actione

413 945 462 1000 Χ
494 945 698 1018 Synodi
739 955 908 1004 sextze
935 946 1340 1014 (Ecumenicae,
1376 949 1471 1005 ubi
1499 951 1704 1008 citatur
1733 969 1801 1011 ex
1839 956 1933 1012 lib.
1957 967 1993 1008 v

413 1047 601 1093 contra
627 1037 952 1098 Eunomium
982 1055 1104 1112 pag.
1135 1040 1237 1095 127
1267 1041 1527 1099 editionis
1541 1037 1902 1118 Vaticanaadi
1935 1045 1994 1098 δὲ

413 1130 526 1203 ζωὴ
552 1131 652 1203 τῆς
677 1131 844 1196 ὅντως
867 1129 1032 1203 ζωῆς,
1068 1133 1178 1188 vita
1207 1147 1326 1188 vero
1343 1133 1456 1202 ejus
1482 1134 1574 1206 qui
1602 1149 1718 1188 vere
1742 1135 1848 1189 vita
1874 1146 1993 1191 est:

412 1239 541 1278 nam
574 1231 629 1277 et
655 1233 727 1278 ita
761 1231 936 1279 totum
969 1225 1189 1280 exhibet
1252 1225 1432 1281 locum
1487 1227 1603 1281 haec
1632 1226 1804 1282 editio
1848 1234 1991 1283 orat.

410 1310 464 1376 4,
497 1329 548 1384 p.
586 1313 708 1368 161.
740 1311 964 1368 Sextum
989 1315 1218 1369 citatum
1246 1315 1417 1372 habes
1445 1331 1476 1372 a
1500 1317 1710 1388 synodo
1741 1332 1792 1371 vr
1839 1331 1992 1373 occu—

413 1406 650 1471 menica,
671 1406 887 1461 actione
904 1405 959 1471 4,
984 1421 1107 1478 pag.
1135 1406 1206 1462 '59
1254 1409 1386 1464 edit.
1407 1405 1583 1463 Vatic.
1625 1407 1719 1462 Ἐκ
1750 1409 1843 1462 τοῦ
1871 1409 1992 1462 δευ-

410 1497 568 1568 τέρου
603 1496 807 1567 βιϐλίου
837 1497 932 1551 τοῦ
963 1499 1100 1552 κατὰ
1131 1499 1417 1570 Εὐνομτου.
1453 1499 1577 1563 Πῶς
1607 1501 1638 1554 ὁ
1664 1500 1868 1573 Κύριος
1902 1500 1993 1554 τὸν

416 1589 619 1660 κόσμον
649 1588 828 1661 ἐαυτῷ
861 1590 1247 1648 καταλλάσσων
1283 1590 1580 1664 ἐπεμέριζε
1627 1594 1693 1665 τῇ
1751 1591 1896 1665 ψυχῇ
1931 1611 1991 1646 τε

417 1679 620 1752 καὶτῷ
647 1680 858 1752 σώματι
891 1684 990 1755 τὴν
1016 1678 1146 1755 παρ⁶
1188 1684 1351 1740 αὑτοῦ
1407 1683 1698 1756 γινομένην
1742 1686 1854 1747 τοῖς
1899 1684 1994 1737 ἀν-

2095 517 2192 554 nus
2209 516 2302 568 per
2328 500 2530 556 Christi
2560 500 2942 556 humanitatem
2996 503 3252 558 mundum
3301 505 3407 560 sibi
3460 508 3563 577 ipsi
3601 527 3694 565 re-

2094 591 2404 652 concilians,
2455 593 2648 646 animm
2675 603 2726 647 et
2774 595 2981 662 corpori
3033 594 3340 665 beneﬁcium
3393 616 3454 654 ea:
3475 617 3530 655 se
3562 618 3694 666 pro-

2094 681 2290 750 fectum
2379 683 2676 738 hominibus
2747 684 3100 754 dispertiends
3192 688 3421 755 tribuit,
3509 691 3693 747 uolens

2093 770 2303 842 quidem
2352 788 2443 842 per
2490 775 2748 843 animam,
2771 777 3034 848 attingens
3071 795 3188 833 vero
3220 795 3315 849 per
3336 798 3550 852 corpus.
3587 783 3694 838 Se.

2093 868 2322 938 ptimum
2361 869 2596 942 denique
2632 871 2876 942 synodus
2923 873 3111 929 eadem
3147 872 3215 927 Vl
3269 877 3324 930 in
3359 877 3552 933 eadem
3586 892 3703 930 ac-

2095 958 2243 1014 tione
2289 959 2377 1026 10,
2431 976 2487 1030 p.
2530 960 2632 1014 127
2685 960 2961 1018 Vaticana;
3016 964 3150 1019 edit.
3199 965 3340 1030 τέως
3386 967 3445 1020 δὲ
3491 969 3691 1039 μαθεῖν

2095 1047 2244 1113 ἄξιον
2301 1050 2453 1122 παρὰ
2503 1051 2610 1106 τῶν
2656 1053 3037 1126 προφερόντων
3081 1056 3212 1127 ἡμῖν
3272 1057 3372 1120 τὰς
3427 1058 3690 1124 τοιαύτας

2095 1139 2296 1208 φωνὰς,
2330 1141 2411 1194 ὅτι
2447 1139 2508 1194 τὸ
2533 1142 2846 1196 ἀναϐαῖνον.
2882 1143 3014 1209 Quae
3041 1145 3210 1199 verba
3243 1147 3323 1200 sic
3356 1149 3690 1218 interpreta-

2093 1239 2184 1286 tur
2215 1231 2482 1288 Gulonius
2510 1248 2630 1304 pag.
2655 1234 2782 1290 280:
2812 1233 3025 1290 Interea
3053 1251 3227 1291 autem
3259 1237 3412 1292 abiis
3437 1242 3524 1308 qui
3549 1242 3689 1295 tales

2094 1339 2239 1378 voces
2264 1321 2412 1377 nobis
2436 1324 2728 1393 proferunt,
2755 1343 2925 1395 opera:
2942 1330 3168 1395 pretium
3191 1339 3268 1384 est
3287 1329 3508 1394 discere,
3535 1348 3602 1385 an
3628 1331 3689 1385 id

2096 1415 2238 1484 quod
2269 1414 2529 1479 ascendit,
2561 1424 2666 1470 etc.

2162 1503 2316 1570 Quod
2348 1503 2414 1558 ad
2446 1506 2766 1560 lacunarum
2801 1507 3072 1580 lacrymas
3102 1513 3317 1576 attinet,
3379 1509 3544 1567 facile
3567 1528 3595 1565 a
3629 1526 3686 1567 te

2093 1597 2547 1651 condonabuntur
2579 1605 2638 1651 ut
2671 1606 2724 1654 et
2761 1599 3051 1671 σφάλματα
3074 1601 3238 1657 nimis
3259 1603 3451 1657 crebra
3478 1619 3687 1673 opera-

2100 1701 2222 1741 rum
2280 1689 2710 1758 properantium,
2761 1705 2884 1760 qure
2931 1691 3020 1745 vix
3069 1692 3249 1763 Argus
3295 1693 3683 1766 πολυόμματοε

411 1745 649 1843 Θρώποις
669 1745 1008 1844 εὐέργεσίαν,
1026 1745 1192 1830 Belum:
1220 1776 1316 1846 μὲν
1331 1745 1749 1849 διὰυτῆςιψυέῆς,
1768 1745 1993 1845 ἁτέτόμε-

2103 1787 2302 1834 cuncta
2362 1745 2838 1837 animadverteret.
2903 1781 3062 1854 Παρὰ
3096 1745 3326 1856 “Quaen:
3361 1784 3407 1839 δ’
3431 1745 3532 1842 oi’ni
3560 1745 3686 1840 E61;

409 1880 500 1926 νος
525 1864 582 1917 δὲ
611 1863 699 1918 διὰ
729 1865 824 1919 τοῦ
864 1866 1139 1938 σώματοςι
1179 1865 1254 1920 Ea
1286 1883 1420 1923 vero
1479 1869 1580 1923 tibi
1634 1876 1993 1940 repraesentat

2102 1870 2196 1924 xui.
2225 1870 2522 1941 ἐσσύμενον
2547 1873 2905 1944 μαχέσασθαι.
2943 1872 3090 1930 Bene
3126 1876 3270 1940 vale,
3309 1885 3364 1932 et
3417 1895 3689 1950 xowwcpe-

407 1956 948 2030 primusliberhujus
967 1959 1250 2026 editionis,
1269 1975 1430 2031 quem
1443 1961 1605 2016 etiam
1633 1961 1760 2017 hinc
1781 1969 1999 2016 constat
2105 1963 2255 2027 λείας
2290 1963 2558 2020 studiosis
2585 1964 2663 2019 tui
2692 1965 2963 2022 similibus
2992 1964 3132 2023 fave.

414 2173 808 2195 “OH—I—

809 2179 3628 2212 ______________._______.__________________u.

944 2343 1054 2406 DE
1083 2342 1502 2406 GREGOBIO
1538 2343 1921 2406 EPISCOPO
1953 2347 2344 2421 NYSSENO,
2392 2351 2493 2410 ET
2528 2346 2711 2411 EJUS
2741 2349 3134 2417 OPERIBUS

1592 2546 1674 2616 (⁸³)
1733 2564 2540 2684 PRZEFATIO.

2004 2814 2072 2830 φ

471 2962 636 3023 Divus
669 2957 986 3039 Gregorius,
1017 2965 1314 3039 Nyssensis
1350 2967 1664 3039 episcOpus,
1699 2967 1869 3023 frater
1899 2984 2193 3039 germanus
2225 2969 2290 3026 Ι).
2321 2970 2528 3040 Basilii,
2559 2986 2623 3028 ac
2649 2980 2782 3027 natu
2811 2973 3031 3044 quidem
3063 2974 3311 3046 majoris.
3349 2985 3411 3032 ut
3438 2993 3507 3033 ex
3545 2978 3678 3049 ejus

400 3062 621 3133 scriptis
659 3063 930 3134 conjicere
963 3069 1067 3127 est,
1099 3062 1449 3134 potissimum
1481 3078 1549 3118 ex
1589 3066 1942 3130 Hemaemero,
1984 3065 2078 3119 nhi
2105 3065 2172 3120 de
2215 3064 2420 3121 Basilio
2464 3067 2695 3137 loquens
2739 3076 3382 3141 prazceptoremsemper
3407 3072 3675 3142 appellat,

398 3157 503 3215 fuit
531 3159 1044 3231 eloquentissimus,
1081 3167 1141 3213 ut
1173 3157 1374 3215 Suidas
1405 3167 1459 3214 et
1493 3159 1744 3229 plerique
1775 3167 1990 3226 veteres
2031 3160 2274 3221 tradunt.
2309 3161 2454 3228 quod
2481 3171 2535 3216 et
2564 3161 2712 3218 illius
2756 3162 2956 3232 scripta
2991 3163 3293 3226 declarant,
3341 3164 3680 3235 abundeque

398 3271 573 3314 sacras
593 3264 867 3314 testantur
891 3256 1156 3312 historiae.
1196 3254 1442 3310 Primum
1476 3262 1624 3311 artes
1655 3255 1874 3310 dicendi
1913 3259 2182 3320 exercuit,
2232 3265 2556 3327 tantumque
2602 3258 2656 3312 in
2705 3257 2790 3312 his
2819 3257 3071 3327 profecit,
3113 3267 3174 3312 ut
3207 3259 3426 3314 tandem
3479 3261 3676 3316 rhetor

399 3353 634 3409 illustris
660 3355 922 3416 evaserit,
950 3351 1302 3422 laudatisque
1324 3351 1641 3407 oratoribus
1672 3351 1914 3421 antiquis
1949 3366 2058 3405 non
2092 3350 2318 3406 inferior
2346 3351 2635 3406 exstiterit.
2677 3350 2783 3406 Sed
2815 3351 2938 3408 istis
2975 3353 3303 3423 eloquentia
3348 3352 3549 3409 studiis
3579 3370 3674 3408 re—

397 3447 542 3504 lictis
563 3449 922 3504 monasticam
953 3446 1298 3516 disciplinam
1326 3454 1573 3507 secutus.
1611 3453 1670 3501 ut
1696 3447 1889 3502 scribit
1917 3445 2294 3505 Thcodoretus
2318 3447 2414 3502 lib.
2447 3462 2523 3510 ιν,
2551 3463 2674 3518 cap.
2707 3445 2777 3501 28
2800 3489 2815 3514 ,
2866 3447 2931 3502 ad
2964 3447 3290 3518 theologiam
3323 3464 3383 3503 se
3409 3449 3671 3512 contulit,

395 3544 821 3615 diligentemque
861 3542 1045 3598 studio
1092 3557 1378 3598 sacrarum
1418 3540 1751 3595 Litterarum
1803 3557 2024 3611 operam
2076 3542 2316 3598 navavit.
2364 3541 2561 3598 Postea
2615 3552 2798 3598 tamen
2837 3559 2962 3598 cum
3007 3544 3122 3613 jam
3172 3544 3237 3598 ad
3295 3544 3671 3614 episcopatum

392 3638 582 3710 Nyssaa
623 3639 886 3702 civitatis,
917 3653 948 3692 a
974 3652 1083 3708 qua
1097 3635 1351 3707 ’Nysseni
1394 3651 1597 3691 nomen
1640 3638 1872 3708 accepit.
1904 3637 2229 3708 designatus
2258 3646 2364 3704 est,
2397 3639 2606 3695 sanctis
2636 3639 2934 3696 Bibliorum
2965 3641 3142 3705 libris,
3179 3655 3318 3710 quos
3348 3642 3402 3694 in
3429 3641 3670 3695 ecclesia

393 3735 640 3789 lectitare
669 3743 725 3790 et
771 3733 1122 3805 interpretari
1153 3733 1388 3800 solebat,
1422 3733 1710 3804 neglectis,
1741 3732 1810 3790 ad
1855 3731 2187 3787 rhetoricam
2218 3734 2416 3788 iterum
2462 3733 2820 3804 profitendam
2856 3736 3101 3788 animum
3145 3735 3436 3789 convertit.
3485 3733 3667 3798 Quam

391 3831 668 3886 levitatem
696 3832 1227 3902 mutabilitatemqus
1257 3830 1476 3888 consilii
1509 3829 1572 3886 ι).
1597 3828 1898 3901 Gregorius
1926 3827 2306 3885 Nazianzenus
2334 3830 2564 3899 epistola
2595 3829 2664 3886 54
2687 3829 2754 3884 ad
2777 3831 2926 3884 illum
2955 3829 3205 3901 pluribus
3234 3831 3441 3899 scripta
3478 3843 3668 3897 repre-

391 3927 601 3982 hendit.
637 3926 760 3993 Quo
785 3941 912 3982 vero
951 3941 1097 3980 anno
1140 3927 1210 3982 ad
1240 3942 1366 3982 eum
1395 3927 1774 3996 episcopatum
1822 3925 2156 3995 pervenerit,
2201 3933 2472 3980 incertum
2511 3933 2634 3992 est;
2679 3923 2774 3980 sed
2819 3939 2937 3979 eam
2989 3923 3372 3993 praefecturam
3416 3931 3667 3991 tempore

388 4018 636 4076 Valentis
668 4021 1018 4092 imperatoris
1040 4020 1151 4091 jam
1182 4032 1297 4076 tum
1329 4021 1575 4092 gerebat,
1606 4036 1731 4075 cum
1762 4035 1793 4074 a
1823 4019 1883 4073 Ι).
1910 4019 2113 4076 Basilio
2140 4020 2492 4091 episcopatus
2521 4020 2860 4075 Sasimorum
2889 4018 3241 4074 Nazianzeno
3266 4018 3522 4072 decretus
3551 4027 3662 4072 est.

387 4111 442 4169 ls
469 4114 615 4170 enim
643 4115 909 4182 postridie
948 4116 1097 4171 illius
1126 4115 1257 4182 diei,
1293 4129 1403 4185 quo
1443 4116 1732 4186 episcopus
1762 4114 1864 4169 fuit
1901 4125 2142 4178 creatus,
2171 4115 2237 4171 ad
2268 4114 2574 4187 Nyssenum
2607 4115 2792 4170 habita
2823 4115 3094 4179 oratione,
3134 4114 3434 4168 antistitem
3475 4114 3666 4183 appel-

386 4205 464 4260 lat
502 4209 779 4280 tantisque
821 4209 1077 4265 laudibus
1115 4210 1277 4274 tollit,
1310 4218 1369 4264 ut
1399 4210 1575 4280 ipsius
1603 4209 2024 4275 commendatio,
2087 4212 2190 4266 etsi
2226 4218 2444 4265 taceant
2472 4212 2676 4275 centeri,
2709 4210 3022 4266 Grecorum
3058 4211 3301 4264 omnium
3331 4209 3504 4265 instar
3535 4225 3665 4266 esse

385 4305 579 4372 possit.
613 4303 748 4358 Cum
781 4314 963 4359 autem
995 4321 1140 4360 ευηο
1173 4305 1277 4360 584
1306 4305 1576 4377 synodum
1610 4307 1994 4377 episc0porum
2023 4313 2214 4361 contra
2249 4303 2674 4362 Macedonianos
2711 4305 3248 4374 Constantinopolim
3291 4311 3662 4359 convocasset

384 4390 728 4453 Theodosius
757 4400 1074 4469 imperator,
1111 4400 1504 4471 decretumque
1535 4409 1681 4458 esset
1711 4409 1770 4456 ut
1798 4403 1983 4457 nullus
2017 4403 2308 4472 episcopus
2347 4402 2538 4456 relicta
2567 4416 2667 4456 sua
2698 4402 2926 4456 dioecesi
2950 4400 3018 4454 ad
3049 4401 3260 4456 alienas
3295 4400 3658 4471 demigraret,

383 4498 515 4546 tunc
553 4491 860 4563 dispertitis
905 4508 1002 4563 per
1043 4495 1358 4565 provincias
1402 4494 1685 4563 Ecclesiis,
1735 4495 1986 4552 Caesarea
2033 4504 2158 4567 post
2191 4496 2512 4551 defunctum
2560 4496 2847 4562 Basilium,
2895 4496 3119 4550 obvenit
3163 4495 3320 4550 fratri
3363 4494 3655 4564 Gregorio,

379 4580 570 4659 Nysaee
592 4589 747 4659 prius
770 4589 1053 4660 episcopo,
1088 4599 1149 4645 ut
1173 4591 1366 4646 scribit
1403 4590 1660 4648 Socrates
1689 4593 1816 4648 libr.
1846 4609 1900 4659 v,
1938 4607 2060 4662 cap.
2090 4591 2144 4647 8.
2180 4591 2279 4648 Hic
2313 4593 2503 4647 habuit
2536 4607 2787 4656 uxorem,
2821 4601 2881 4646 ut
2910 4592 3153 4646 historia:
3184 4591 3463 4645 mandavit
3489 4587 3657 4644 Nice-

381 4680 590 4751 phorus
617 4681 713 4736 lib.
752 4695 830 4746 xl,
865 4694 987 4752 cap.
1023 4681 1112 4737 19.
1158 4682 1315 4749 Quod
1341 4694 1526 4740 tamen
1575 4685 1667 4739 vix
1707 4684 1929 4756 probari
1967 4685 2163 4755 possit,
2197 4691 2258 4739 ut
2295 4685 2463 4755 aliqui
2497 4693 2746 4750 censent,
2792 4701 2860 4740 ex
2909 4682 3243 4738 Nazianzeni
3292 4683 3545 4739 oratione
3584 4685 3659 4740 de

379 4775 636 4833 laudibus
659 4775 871 4844 Basilii;
895 4792 1022 4831 nam
1045 4792 1171 4833 cum
1199 4787 1454 4848 parentes
1498 4790 1608 4834 tam
1640 4780 1872 4851 egregia:
1909 4779 2116 4836 sobolis
2158 4781 2539 4851 procreatione
2569 4781 2785 4836 nobiles
2819 4779 2990 4836 fuisse
3023 4779 3282 4844 ostendit,
3318 4777 3399 4847 ld,
3447 4781 3654 4850 inquit,

379 4871 725 4933 demonstrat
751 4877 948 4933 beatus
984 4877 1333 4934 sacerdotum
1376 4887 1432 4934 et
1456 4878 1730 4949 virginum
1763 4892 2049 4945 numerus,
2087 4885 2142 4933 et
2173 4891 2364 4931 eorum
2396 4877 2491 4946 qui
2523 4877 2577 4931 in
2617 4877 2730 4930 vita
2764 4876 3055 4947 conjugata
3087 4877 3366 4939 vixerunt,
3400 4883 3511 4932 etc.
3546 4877 3654 4931 Sa-

377 4975 629 5031 cerdotes
653 4975 846 5045 procul
877 4974 1046 5030 dubio
1084 4975 1304 5032 fuerunt
1329 4974 1589 5040 Basilius,
1619 4975 1938 5048 Gregorius,
1966 4983 2022 5031 et
2057 4972 2255 5029 Petrus
2294 4971 2538 5029 Sebastc
2575 4973 2891 5044 episcopus,
2927 4987 3088 5043 quem
3129 4970 3366 5027 Basilius
3399 4973 3517 5043 ipse
3553 4986 3654 5028 sa-

378 5069 490 5122 cris
518 5067 779 5137 initiavit,
811 5077 866 5124 et
888 5069 958 5124 ad
988 5070 1311 5142 presbyterii
1346 5070 1668 5141 dignitatem
1702 5072 1982 5144 provexit;
2021 5085 2180 5126 soror
2213 5079 2392 5125 autem
2426 5068 2668 5124 Macrina
2699 5079 2753 5124 et
2792 5067 3118 5123 Naucratius
3149 5068 3319 5122 frater
3346 5069 3515 5122 vitam
3549 5082 3648 5122 so-

375 5158 614 5214 litariam
669 5169 724 5216 et
767 5162 984 5232 inOpem
1024 5171 1154 5218 sunt
1203 5164 1495 5232 complexi,
1540 5170 1598 5216 ut
1644 5163 1712 5218 de
1754 5163 1862 5217 vita
1902 5163 2156 5217 Macrine;
2188 5162 2435 5217 continet
2463 5161 2714 5231 epistola,
2753 5176 2875 5232 qua:
2920 5157 3168 5231 Nysseno
3214 5160 3456 5230 ascripta
3497 5160 3649 5216 inter

375 5265 694 5314 sanctorum
731 5258 992 5315 historias
1031 5275 1129 5330 per
1162 5258 1382 5314 Surium
1426 5270 1716 5330 congestas
1764 5260 1831 5314 ad
1865 5260 2008 5315 diem
2066 5259 2133 5314 19
2173 5257 2304 5314 Julii
2349 5259 2547 5329 legitur
2593 5272 2816 5323 excusa,
2868 5272 2936 5313 ex
2991 5257 3449 5327 interpretatione
3488 5256 3642 5314 Petri

372 5349 656 5409 Francisci
686 5349 837 5422 Zini;
867 5355 962 5410 sed
994 5357 1136 5410 inter
1164 5355 1287 5410 illos
1319 5355 1412 5424 qui
1442 5357 1681 5426 virgines
1709 5363 1763 5410 et
1791 5363 2040 5411 exsortes
2069 5355 2308 5423 conjugii
2335 5353 2718 5416 remanserint,
2741 5362 2835 5408 aut
2855 5368 2919 5408 ex
2955 5354 3171 5408 caeteris
3195 5353 3404 5423 (decem
3436 5354 3646 5423 quippe

374 5442 554 5512 liberi,
586 5447 632 5501 si
667 5445 799 5502 fides
829 5448 906 5502 illi
937 5448 1215 5502 tribuatur
1243 5449 1510 5519 epistolm,
1548 5448 1743 5503 iisdem
1777 5449 2097 5517 parentibus
2127 5447 2239 5501 nati
2278 5447 2426 5518 sunt)
2453 5449 2544 5517 qui
2579 5446 2987 5501 matrimonium
3021 5447 3310 5510 coluerint,
3355 5462 3465 5500 non
3501 5447 3644 5504 satis

370 5537 503 5595 hinc
531 5541 742 5612 liquido
771 5551 1005 5598 constat.
1037 5543 1158 5614 Ipse
1185 5559 1319 5599 vero
1349 5543 1651 5614 Gregorius
1680 5545 1732 5598 in
1762 5546 1902 5598 libro
1932 5557 2094 5613 quem
2127 5541 2205 5597 De
2234 5542 2532 5613 virginitate
2575 5540 2840 5612 scriptum
2875 5541 3118 5610 reliquit,
3146 5539 3364 5598 videtur
3391 5541 3642 5611 apertius

443 5699 518 5770 (α)
546 5697 668 5756 llaec
691 5701 936 5772 prtefatio
960 5697 1168 5762 Latinis
1195 5702 1528 5764 editionihus
1557 5698 1787 5776 Nysscni
1824 5704 2088 5760 hactenus
2121 5712 2202 5760 cst
2229 5702 2468 5772 praeﬁxa.
