3880 6218
177 315 243 368 57
1209 299 1212 301 λ
1622 318 1969 375 nassum.
3383 309 3453 366 53

177 441 407 493 innuere
459 447 518 490 se
550 434 860 506 conjugem,
892 446 1002 488 non
1037 434 1282 489 caelibem
1316 435 1508 501 fuisse,
1555 452 1681 492 cum
1716 437 1794 491 ait
1821 453 1942 509 cap.
1977 439 2010 493 5
2042 455 2056 494 :
2087 433 2245 492 Nunc
2278 436 2406 490 mihi
2442 437 2780 507 uirgmalium
2805 436 3025 490 laudum
3057 435 3286 506 cognitio
3315 451 3448 506 quo-

175 529 463 581 dammodo
502 527 678 579 inanis
717 535 796 580 est
834 543 897 578 ac
934 527 1153 580 minime
1191 526 1492 596 fructuosa,
1533 538 1643 584 etc.
1685 528 1792 582 Sed
1821 539 1941 584 esto
1979 530 2360 585 connubialem
2397 530 2564 582 vitam
2602 530 2672 582 sit
2697 529 3000 598 amplexus,
3036 529 3142 598 ipsi
3174 535 3355 582 tamen
3383 544 3448 582 ea

173 618 390 672 vivendi
427 617 570 671 ratio
599 617 738 671 nihil
771 616 1146 687 impedimenti
1188 620 1388 684 attulit,
1421 620 1719 690 quominus
1747 629 1970 674 strenue
2001 636 2101 691 pro
2130 621 2402 675 catholica
2439 619 2540 673 lide
2567 620 2873 682 decertans,
2911 620 2977 674 ad
3013 635 3197 690 parem
3231 619 3449 675 virtutis

174 713 404 784 gloriam
437 711 718 781 aspirarit.
764 709 900 765 Nam
927 722 986 766 ut
1019 728 1118 783 per
1150 712 1427 770 Ecclesias
1454 715 1725 770 ha'retica:
1752 715 2038 784 pravitatis
2067 715 2320 770 tenebras
2350 716 2464 770 suis
2487 715 2850 768 concionibus
2879 714 3199 778 discuteret,
3232 713 3450 767 lumen-

173 819 276 875 que
315 803 569 859 veritatis
612 804 931 860 hominibus
977 807 1136 875 quasi
1176 808 1519 876 prteluceret,
1554 807 1778 862 crebras
1819 807 2290 877 peregrinationes
2337 807 2601 874 suscepit,
2647 806 2875 874 viasque
2905 804 3156 859 dilliciles
3186 804 3445 858 confecit.

173 896 322 962 Quas
351 912 479 950 cum
515 912 660 967 aegre
688 895 875 961 ferret,
907 905 959 952 et
993 912 1148 952 suam
1175 898 1323 952 velut
1352 897 1781 951 inconstantiam
1822 903 2162 966 quereretur,
2194 895 2574 949 Nazianzenus
2611 896 2842 964 epistola
2885 894 2954 949 54
2989 894 3308 949 consolatus
3339 900 3445 954 est,

170 997 223 1040 et
249 987 320 1040 ad
347 988 490 1043 bene
519 987 588 1042 de
620 989 809 1042 multis
840 989 1180 1051 merendum,
1213 1002 1377 1058 atque
1404 989 1632 1058 gratiam
1661 1003 1691 1042 a
1735 988 1845 1043 Deo
1875 988 2204 1058 sperandam
2241 989 2437 1042 erexit.
2459 986 2591 1053 'Quo
2615 989 2861 1061 denique
2906 1001 3053 1040 anno
3079 985 3380 1041 decesserit
3416 998 3449 1038 e

174 1082 314 1137 vivis
348 1092 404 1135 et
439 1084 715 1152 posterior
749 1083 950 1139 Basilio
983 1085 1064 1155 (nt
1096 1093 1330 1140 teslatur
1374 1083 1628 1140 Socrates
1663 1085 1755 1139 lib.
1806 1102 1888 1148 ιιι,
1931 1101 2046 1156 cap.
2095 1085 2149 1148 8,
2195 1085 2356 1155 idque
2404 1085 2756 1139 manifestum
2808 1081 2984 1138 reddit
3018 1081 3343 1138 Nazianzeni
3377 1080 3447 1134 ad

179 1175 490 1247 Nyssenum
523 1178 594 1232 37
621 1179 851 1249 epistola
896 1181 1260 1236 consolatoria
1295 1180 1362 1235 de
1403 1187 1578 1234 morte
1614 1179 1823 1251 fratris)
1865 1197 1973 1234 non
2008 1188 2225 1236 constat
2265 1196 2330 1234 ex
2371 1179 2653 1244 historiis;
2705 1178 2798 1234 sed
2847 1179 2963 1248 ipse
2989 1179 3175 1231 multis
3205 1177 3261 1230 in
3312 1175 3446 1231 locis

171 1268 422 1320 meminit
455 1283 514 1323 se
537 1271 650 1339 jam
678 1272 935 1342 grandem
971 1282 1102 1327 natu
1135 1280 1189 1326 et
1237 1289 1424 1327 senem
1456 1273 1720 1337 scribere,
1751 1273 1984 1326 maxime
2020 1272 2075 1325 in
2123 1273 2354 1342 epistola
2389 1271 2461 1324 De
2496 1271 2822 1340 professione
2863 1269 3192 1334 Christiana,
3229 1269 3286 1322 in
3316 1267 3443 1321 libr.

168 1363 244 1416 De
270 1365 576 1434 uirginitate
603 1385 726 1438 cap.
763 1369 980 1433 ultimo;
1017 1382 1071 1424 et
1099 1375 1152 1423 in
1181 1375 1427 1424 oratione
1457 1383 1619 1438 quam
1658 1367 1733 1422 De
1763 1367 2081 1436 infantibus,
2119 1369 2209 1436 qui
2236 1384 2300 1421 ex
2329 1378 2476 1422 utero
2508 1376 2831 1436 praemature
2863 1366 3220 1432 abripiuntur,
3252 1362 3444 1427 edidit,

167 1460 420 1528 aliasque
456 1477 598 1531 ssepe
628 1477 968 1518 senectutem
1003 1481 1158 1520 suum
1191 1474 1441 1520 excusat.
1476 1463 1590 1518 Hoc
1623 1463 1967 1518 solummodo
1999 1464 2065 1517 de
2098 1464 2218 1532 ejus
2254 1464 2474 1517 interitu
2513 1463 2592 1517 sic
2619 1471 2841 1516 notatur
2873 1461 2926 1513 in
2977 1458 3208 1514 Usuardi
3241 1456 3446 1526 Marty-

165 1556 382 1623 rologio
417 1556 486 1610 ad
517 1558 660 1612 diem
707 1575 761 1612 Ix
792 1559 966 1613 Martii
1000 1577 1012 1614 :
1050 1561 1203 1628 Apud
1252 1558 1514 1613 Nicen-am
1563 1561 1824 1613 civitatem
1876 1559 2130 1623 depositio
2163 1560 2221 1613 S.
2255 1558 2496 1629 Gregorii
2537 1559 2786 1627 episcopi,
2835 1558 3020 1624 fratris
3072 1555 3210 1609 beati
3253 1554 3447 1608 Basilii

166 1648 540 1714 Cwsariensis,
581 1663 691 1706 tam
727 1656 835 1708 vita
868 1672 1028 1725 quam
1073 1656 1372 1726 eloquentia
1419 1655 1720 1710 clarissimi.
1781 1657 1959 1724 Atque
2000 1655 2113 1708 inec
2155 1654 2374 1724 quidem
2412 1653 2561 1708 brevi
2603 1653 2748 1707 dicta
2788 1651 3056 1706 sulliciant
3087 1648 3154 1703 de
3181 1646 3446 1718 Gregorio

164 1742 439 1813 Nysseno,
474 1747 545 1802 de
575 1745 737 1816 cujus
767 1747 1020 1804 laudibus
1048 1750 1222 1820 elogia
1255 1761 1499 1805 veterum
1531 1761 1719 1818 postea
1750 1749 1930 1806 fusius
1963 1749 2342 1818 subjiciemus.

233 1857 354 1913 Jam
393 1877 526 1916 vero
556 1862 813 1931 quoniam
843 1864 1148 1917 naturalem
1177 1871 1230 1918 et
1253 1864 1550 1933 legitimum
1583 1863 1830 1920 ordinem
1863 1880 1973 1933 quo
1999 1863 2231 1932 quisque
2258 1863 2519 1916 librorum
2552 1861 2790 1928 scriptus
2816 1867 2918 1923 est,
2947 1873 3056 1911 non
3091 1857 3366 1926 potuimus
3388 1856 3444 1910 in

163 1950 267 2004 hac
291 1952 535 2008 editione
562 1959 738 2024 sequi,
779 1955 1119 2010 artificialem
1160 1957 1498 2012 instituimus
1523 1974 1536 2010 :
1559 1972 1754 2026 nempe
1782 1964 1838 2010 ut
1877 1957 2114 2026 priorem
2150 1957 2331 2008 locum
2369 1954 2699 2009 sortirentur
2721 1969 2784 2007 ea
2817 1968 2938 2021 qua:
2962 1953 3028 2004 ad
3051 1950 3221 2006 Vetus
3246 1949 3442 2004 Testa-

167 2057 415 2102 mentum
453 2049 646 2104 referri
678 2065 837 2120 posse
869 2051 1228 2114 videbantur;
1257 2051 1455 2107 deinde
1481 2068 1603 2122 quae
1636 2051 1704 2105 ad
1735 2051 2019 2121 religionis
2053 2050 2382 2106 Christianae
2407 2048 2832 2111 institutionem,
2866 2047 3122 2107 formam,
3151 2053 3204 2098 et
3233 2042 3444 2115 profes-

164 2145 375 2199 sionem
399 2154 674 2214 spectant,
703 2154 758 2201 et
788 2147 844 2201 in
869 2147 1071 2218 quibus
1097 2149 1304 2218 aliquot
1351 2149 1683 2219 evangelica:
1710 2149 1978 2203 doctrina:
2016 2147 2332 2203 testimonia
2369 2153 2698 2207 tractantur,
2740 2143 3044 2198 secundum
3080 2142 3261 2195 locum
3297 2138 3442 2193 obti-

166 2248 380 2303 iterent,
412 2251 604 2310 postea
632 2244 994 2298 concionibns
1023 2245 1307 2299 nonnullis
1341 2245 1408 2298 ad
1440 2244 1697 2300 Ecclesiae
1725 2244 2183 2299 consuetudinem
2213 2258 2312 2313 pro
2351 2243 2564 2296 ratione
2597 2251 2650 2296 et
2679 2241 2822 2296 serie
2859 2239 3122 2293 festorum
3159 2235 3443 2306 dispositis

166 2335 451 2389 orationes
486 2334 746 2390 funebres
770 2336 840 2392 de
864 2336 1119 2392 laudibus
1145 2338 1510 2408 quorumdam
1547 2346 1865 2393 Sanctorum
1898 2337 2222 2407 adjecimus.
2248 2337 2315 2389 Et
2343 2337 2447 2391 hoc
2487 2335 2555 2390 de
2586 2334 2858 2389 universis
2881 2333 3000 2401 eius
3029 2331 3270 2385 doctoris
3307 2343 3442 2399 ope-

165 2428 318 2484 ribus
344 2429 696 2500 prazmissum
729 2431 821 2486 sit.
854 2431 930 2488 De
955 2434 1186 2504 singulis
1214 2442 1396 2490 autem
1435 2433 1685 2504 pluribus
1720 2442 1958 2489 tractare
1992 2448 2100 2488 non
2131 2434 2410 2498 convenit,
2453 2433 2549 2488 sed
2587 2431 2852 2502 quidquid
2897 2431 2965 2484 de
3006 2428 3280 2498 aliquibus
3323 2440 3441 2480 mo-

165 2521 410 2575 nendum
446 2523 608 2577 nobis
638 2531 916 2590 occurret,
957 2526 1148 2596 paucis
1187 2526 1276 2581 hic
1305 2525 1590 2582 addemus.

236 2639 414 2709 Igitur
443 2649 676 2712 rogante
710 2641 878 2698 fratre
914 2659 1018 2700 suo
1046 2642 1211 2700 Petro
1242 2643 1488 2700 Sebastse
1515 2646 1772 2716 episcopo
1802 2641 2041 2698 confecit
2073 2642 2274 2698 librum
2304 2644 2361 2697 in
2394 2643 2764 2707 hexaemeron,
2791 2655 2953 2712 quem
2986 2638 3217 2694 allirmat
3246 2637 3444 2693 Socra-

164 2743 247 2790 tes
272 2737 399 2792 libr.
430 2753 504 2801 tv,
528 2753 651 2808 cap.
683 2737 775 2804 2t,
801 2754 832 2792 a
865 2737 1066 2795 Basilio
1085 2750 1263 2796 morte
1287 2741 1654 2812 praaveniente
1674 2737 2059 2810 imperfectum
2089 2754 2211 2794 esse
2241 2739 2515 2793 relictum.
2542 2737 2676 2790 Eum
2699 2750 2798 2791 nos
2823 2735 2998 2805 primo
3023 2733 3144 2788 loco
3170 2747 3232 2789 ex
3261 2742 3443 2788 trans-

163 2832 366 2886 latione
400 2831 527 2886 Zini
571 2834 882 2904 praecedere
925 2837 1248 2892 voluimus:
1299 2840 1442 2907 quod
1490 2853 1555 2892 eo
1603 2837 1744 2890 libro
1771 2835 1848 2890 De
1873 2852 2023 2906 opere
2060 2851 2152 2890 sex
2190 2836 2394 2889 dierum
2429 2835 2482 2888 in
2514 2833 2760 2888 ordinem
2809 2847 2873 2886 ac
2918 2831 3268 2887 concordiam
3320 2844 3442 2899 quae

163 2927 230 2979 de
263 2927 457 2980 mundi
489 2929 874 2996 procreatione
899 2931 1079 3001 primo
1119 2933 1340 3002 quidem
1371 2941 1595 3002 aspectu
1625 2931 1822 2987 diffusa
1853 2941 1906 2986 et
1937 2933 2084 2986 inter
2111 2947 2170 2987 se
2202 2929 2480 2985 contraria
2514 2928 2789 2991 videntur,
2822 2926 3229 2981 accommodate
3254 2924 3440 2994 dispo-

163 3025 279 3082 nat,
311 3019 608 3090 ipsumque
636 3020 877 3094 Moysem
910 3025 1123 3096 sibiipsi
1159 3027 1594 3082 consentientem
1626 3036 1682 3082 et
1717 3036 2062 3083 constantem
2097 3028 2377 3098 eleganter
2419 3025 2692 3080 ostendat.
2726 3022 2929 3078 Verum
2959 3023 3087 3093 quia
3118 3021 3171 3076 in
3201 3037 3267 3076 eo
3291 3037 3442 3075 com-

163 3115 500 3170 mentariolo
534 3118 722 3172 mundi
757 3111 1029 3175 fabrica'm
1057 3122 1132 3177 ita
1164 3125 1594 3194 contemplatur,
1623 3133 1683 3177 ut
1706 3125 2018 3178 naturalem
2049 3121 2436 3176 tantummodo
2458 3128 2513 3175 et
2544 3118 2795 3174 historia:
2827 3125 3229 3189 congruentem
3266 3116 3323 3170 in
3353 3129 3442 3169 re-

161 3205 266 3259 bus
294 3207 504 3263 creatis
557 3210 807 3265 ordinem
846 3213 1109 3282 explicet,
1166 3215 1300 3269 huic
1335 3216 1605 3270 continuo
1641 3215 1780 3272 duas
1818 3215 2211 3285 subjunximus
2261 3214 2547 3268 orationes
2595 3213 2651 3266 in
2693 3210 2937 3266 hominis
2990 3207 3436 3280 procreationem

161 3300 461 3355 admodum
512 3303 634 3372 pias
681 3311 735 3358 et
777 3306 1078 3377 elegantes,
1129 3325 1267 3380 quae,
1318 3310 1496 3380 inquit
1550 3309 1721 3365 Zinus
1764 3313 1860 3382 qui
1907 3311 2109 3365 latinas
2149 3309 2300 3370 fecit,
2346 3309 2464 3362 licet
2496 3307 2560 3360 ab
2593 3305 2826 3376 ejusdem
2861 3304 3120 3370 auctoris,
3177 3310 3226 3355 et
3271 3299 3439 3353 multo

158 3397 318 3448 etiam
350 3398 526 3467 magis
576 3417 609 3452 α
658 3399 852 3454 Basilii
882 3405 1080 3472 magni,
1116 3404 1202 3457 cui
1252 3422 1286 3458 a
1327 3407 1642 3475 quibusdam
1689 3405 1830 3476 falso
1865 3405 2152 3460 attributas
2200 3403 2381 3468 audio,
2443 3402 2746 3472 (intelligit
2801 3400 3040 3454 fortasse
3080 3395 3439 3451 Godefridum

159 3492 545 3556 Tilmannum,
575 3495 672 3564 qui
708 3510 802 3551 eas
851 3497 994 3551 inter
1035 3499 1286 3567 ejusdem
1325 3498 1515 3555 Basilii
1560 3515 1729 3571 opera
1761 3500 2072 3562 transtulit,
2128 3506 2184 3553 et
2214 3514 2314 3570 pro
2347 3499 2469 3553 loco
2518 3496 2844 3568 paraphrasi
2892 3493 3129 3563 dilfudit)
3178 3491 3439 3546 scribendi

157 3583 545 3636 consuetudine
589 3585 767 3638 abesse
811 3587 1109 3655 videantur,
1141 3591 1525 3659 antiquissimae
1558 3600 1734 3646 tamen
1777 3599 1919 3659 sunt,
1973 3600 2064 3643 aut
2115 3592 2180 3644 ab
2227 3592 2340 3658 ipso
2376 3588 2624 3659 Gregorio
2672 3587 2845 3640 adhuc
2887 3586 3076 3654 juvene
3121 3583 3254 3652 forte
3290 3597 3437 3634 com-

155 3680 367 3744 posittc,
425 3689 710 3748 antequam
755 3680 1209 3737 absolutissimum
1266 3684 1461 3738 librum
1508 3683 1584 3742 De
1611 3685 1849 3741 hominis
1880 3686 2098 3756 opificio
2145 3686 2546 3753 prtcscripsisset
2569 3701 2587 3738 :
2615 3691 2708 3737 aut
2744 3681 2809 3734 ab
2841 3681 3017 3750 aliquo
3044 3677 3277 3749 ejusdem
3305 3689 3436 3731 mta-

159 3777 223 3827 tis
270 3777 382 3828 uiro
432 3785 546 3828 tum
597 3777 684 3844 pio
732 3786 839 3829 tum
887 3779 1102 3832 minime
1148 3779 1380 3835 indocto.
1427 3779 1540 3837 Nos
1577 3791 1759 3838 tamen
1805 3782 2139 3852 conjicimus
2175 3796 2240 3835 ex
2289 3779 2481 3851 prima:
2514 3779 2784 3833 orationis
2821 3777 3001 3841 initio,
3054 3776 3143 3829 tibi
3173 3775 3438 3844 scriptum

159 3873 361 3940 legitur
403 3890 418 3925 :
454 3869 711 3939 Iniquum
742 3881 879 3925 esset
918 3890 1034 3926 cum
1063 3891 1124 3928 ea
1156 3892 1274 3945 qua:
1304 3878 1373 3929 ad
1406 3877 1551 3945 feras
1577 3887 1688 3931 tum
1724 3886 1991 3943 natantes,
2044 3887 2156 3930 tum
2188 3876 2510 3945 gradientes,
2547 3883 2657 3927 tum
2700 3875 2956 3933 volantes,
2987 3888 3202 3943 quasque
3229 3871 3296 3922 ad
3336 3885 3437 3921 co:-

158 3970 266 4020 lum
304 3966 376 4018 ad
410 3981 577 4035 eaque
598 3983 717 4024 ana:
743 3967 799 4020 in
828 3969 956 4022 coelo
987 3980 1132 4033 sunt,
1162 3988 1378 4042 quaeque
1417 3972 1487 4027 ad
1519 3981 1718 4027 terram
1758 3983 1807 4028 et
1841 3974 1910 4026 ad
1941 3989 2005 4026 ea
2035 3988 2152 4044 qua:
2179 3983 2299 4026 sunt
2352 3973 2405 4024 in
2438 3980 2581 4024 terra
2622 3971 2904 4037 pertinent,
2939 3969 3303 4031 didicerimus,
3327 3977 3432 4020 etc.

157 4059 378 4112 easdem
409 4071 525 4110 non
551 4071 675 4111 esse
704 4055 956 4128 Gregorii
982 4061 1160 4114 nostri
1193 4081 1207 4116 :
1245 4079 1426 4132 neque
1466 4060 1613 4118 enim
1645 4065 1715 4120 de
1744 4065 1897 4121 hisce
1920 4065 2200 4127 tractavit,
2228 4063 2323 4118 sed
2354 4061 2591 4117 Basilius
2630 4063 2684 4114 in
2727 4060 3075 4115 llexaemero.
3107 4060 3294 4112 Ambae
3340 4076 3438 4114 au-

159 4167 262 4212 tem
293 4159 340 4211 si
369 4172 482 4209 non
513 4157 710 4210 habita:
741 4157 806 4210 ad
840 4157 1130 4227 populum,
1159 4165 1342 4212 tamen
1373 4159 1596 4229 scriptae
1625 4160 1777 4214 domi
1807 4169 1863 4215 et
1889 4175 2081 4214 coram
2113 4158 2359 4214 recitata:
2388 4157 2666 4212 videntur.
2703 4157 2811 4211 Sed
2840 4156 2906 4210 de
2937 4155 3025 4211 his
3060 4156 3288 4210 aliorum
3317 4169 3436 4211 esto

155 4249 451 4318 judicium.
486 4247 655 4303 Liber
683 4250 776 4302 ille
804 4248 882 4304 De
911 4250 1139 4305 hominis
1185 4252 1399 4322 opiﬁcio
1473 4269 1632 4323 quem
1662 4252 1877 4310 Latinis
1907 4254 2140 4307 auribus
2181 4251 2335 4306 dedit
2363 4250 2602 4306 Joannes
2630 4249 3020 4314 Leunclavius,
3052 4250 3432 4304 admirandum

157 4357 290 4410 opus
323 4357 355 4394 a
391 4339 564 4394 Suida
594 4350 848 4395 vocatur.
882 4343 981 4399 llic
1007 4347 1052 4399 si
1093 4347 1306 4403 ordinis
1341 4349 1503 4406 ratio.
1553 4364 1664 4419 quo
1707 4348 1951 4418 scriptus
1982 4355 2091 4412 est,
2143 4351 2432 4415 sequatur,
2467 4346 2628 4399 debet
2681 4345 3012 4413 prmeedere.
3060 4343 3218 4407 Nam,
3257 4343 3438 4413 inquit

159 4428 444 4499 Nyssenus
475 4431 533 4484 in
563 4430 914 4495 Hexaemero,
949 4435 1147 4490 librum
1182 4437 1258 4490 De
1291 4438 1518 4493 luminis
1555 4439 1768 4510 opiﬁcio
1797 4449 1926 4494 ante
1961 4439 2108 4493 hunc
2142 4438 2416 4492 misimus.
2449 4434 2547 4488 llic
2579 4435 2817 4504 primum
2864 4436 3061 4491 damus
3095 4451 3159 4489 ex
3195 4437 3431 4490 transla-

157 4524 305 4578 tione
332 4522 596 4578 Gentiani
635 4523 851 4578 Herveti
900 4528 1198 4582 conciones
1249 4536 1374 4584 octo
1425 4531 1480 4584 in
1529 4530 1912 4593 Ecclesiasten,
1963 4530 2018 4583 in
2065 4543 2296 4599 quarum
2333 4527 2516 4596 priore
2555 4525 2742 4579 statim
2791 4526 2844 4578 in
2879 4526 3068 4580 limine
3112 4533 3345 4580 testatur
3372 4542 3434 4582 se

160 4619 322 4669 etiam
355 4620 412 4667 ιιι
468 4613 769 4668 Proverbia
804 4617 1119 4684 scripsisse,
1177 4619 1307 4672 dum
1338 4621 1419 4675 sic
1444 4623 1520 4674 ait
1570 4641 1582 4676 :
1635 4621 1771 4676 Cum
1820 4637 1975 4676 sensa
2009 4619 2420 4675 PrOterbiorum
2474 4617 2590 4684 jam
2628 4627 2850 4672 mentem
2892 4620 3038 4685 prius
3086 4621 3427 4679 exercuerim,

160 4726 382 4780 quorum
419 4713 657 4762 obscura:
673 4718 795 4760 sunt
816 4709 1153 4776 rationes,ad
1175 4711 1312 4765 hanc
1341 4711 1696 4781 Scripturam,
1720 4730 1836 4785 qute
1871 4729 1987 4768 vere
2037 4721 2116 4767 est
2141 4713 2373 4774 excelsa,
2423 4713 2638 4766 exsistit
2677 4725 2952 4764 ascensus.
2998 4710 3104 4764 Sed
3140 4712 3253 4764 haec
3280 4726 3430 4765 com-

159 4801 427 4857 mentatio
452 4800 696 4853 nondum
729 4801 876 4854 venit
897 4802 951 4854 in
983 4803 1285 4871 publicum.
1318 4804 1582 4861 Homilias
1614 4814 1794 4861 autem
1832 4807 2141 4876 quindecim
2195 4807 2249 4858 in
2293 4804 2515 4859 Cantica
2543 4806 2876 4857 canticorum
2927 4804 3096 4858 meris
3123 4806 3426 4872 aenigmati-

159 4892 262 4947 bus
289 4894 508 4962 plenas,
537 4891 737 4958 partim
762 4906 828 4944 ex
853 4891 1042 4946 eadem
1077 4891 1293 4949 Herveti
1328 4898 1712 4962 translatione,
1758 4913 1880 4967 qua:
1905 4899 2036 4951 viris
2071 4896 2249 4952 doctis
2275 4897 2468 4965 purior
2497 4903 2551 4950 et
2589 4895 2804 4948 facilior
2855 4895 2969 4947 visa
3001 4902 3107 4954 est,
3161 4895 3428 4962 appressi-

165 5000 316 5051 mus;
350 4985 492 5039 alias
529 5000 723 5053 nempe
761 4994 1002 5054 quatuor
1039 4995 1350 5057 postremas
1380 5006 1670 5060 quousque
1704 4990 1921 5047 Herveti
1953 4991 2288 5062 procedebat
2327 4989 2627 5058 exemplar,
2660 5003 2726 5043 ex
2755 4988 3210 5056 interpretatione
3249 4986 3428 5041 Lenn-

165 5075 321 5128 clavii
371 5075 795 5143 complevimus.
842 5074 900 5128 in
937 5076 1046 5131 line
1100 5077 1464 5147 prsefationis,
1506 5097 1671 5152 quam
1709 5083 1904 5138 iisdem
1940 5083 2182 5136 homiliis
2223 5081 2345 5150 ipse
2399 5079 2699 5149 Gregorius
2731 5077 2996 5148 praefecit,
3046 5079 3224 5131 reddit
3258 5082 3427 5131 ratio-

165 5184 281 5221 nem
307 5168 582 5222 instituta:
614 5170 1123 5238 commentationis,
1156 5173 1251 5226 ubi
1298 5173 1370 5227 ita
1402 5174 1680 5244 loquitur:
1710 5173 1834 5228 Non
1874 5185 1952 5228 est
1991 5174 2077 5227 Iu'c
2116 5173 2248 5225 liber
2282 5187 2442 5225 a-me
2482 5173 2709 5237 scriptus
2759 5169 2826 5222 ad
2869 5169 3307 5234 ostentationem;
3336 5171 3426 5223 sed

165 5260 410 5326 quoniam
441 5259 614 5309 multa
655 5273 720 5310 ea:
749 5259 814 5311 iis
860 5275 978 5328 quae
1010 5261 1067 5315 in
1102 5261 1357 5317 Ecclesiis
1385 5265 1529 5318 dicta
1561 5275 1705 5330 sunt,
1735 5265 1952 5335 quidam
1980 5281 2044 5319 ea:
2078 5267 2143 5319 iis
2168 5267 2257 5336 qui
2280 5265 2550 5317 nobiscum
2580 5270 2877 5323 versantur,
2904 5262 3250 5325 adnotarunt,
3282 5278 3344 5313 ea
3371 5263 3425 5314 in

168 5348 389 5415 formam
423 5348 1034 5404 homiliarumenarraui
1067 5353 1123 5405 in
1155 5353 1336 5407 diebus
1352 5355 1724 5423 jejuniorum:
1754 5357 1809 5408 in
1837 5356 1916 5409 his
1934 5357 2073 5408 enim
2102 5355 2186 5408 hic
2218 5355 2350 5407 liber
2387 5353 2454 5404 ad
2483 5368 2637 5404 aures
2664 5351 2845 5419 populi
2875 5368 2906 5401 a
2936 5350 3087 5403 nobis
3117 5352 3220 5417 [uit
3245 5353 3425 5405 elabo-

169 5452 328 5495 ratus.
366 5439 620 5511 Singulis
660 5451 840 5497 autem
871 5445 1070 5501 diebus
1102 5447 1349 5518 singulas
1397 5451 1679 5505 orationes
1720 5451 2008 5504 recitavit:
2035 5465 2158 5503 nam
2214 5450 2438 5503 tertiam
2476 5447 2609 5499 dicit
2653 5460 2777 5500 esse
2817 5445 2923 5498 diei
2959 5445 3129 5509 tertii,
3163 5453 3217 5498 et
3244 5446 3324 5498 sic
3355 5446 3423 5500 de

171 5532 412 5600 reliquis.
443 5530 713 5601 Sequitur
734 5535 1142 5604 elegantissima
1183 5540 1381 5600 oratio,
1434 5556 1540 5608 qua
1573 5540 1870 5595 Christiani
1907 5540 2144 5593 hominis
2179 5538 2413 5593 formula
2459 5535 2698 5590 traditur
2731 5554 2742 5589 :
2771 5536 3008 5605 idipsum
3043 5551 3261 5604 quoque
3289 5552 3420 5605 pro—

171 5621 334 5676 fertur
358 5624 416 5677 in
449 5623 594 5677 libro
627 5624 701 5677 De
735 5627 843 5678 vita
879 5626 1071 5690 Mosis,
1122 5646 1284 5698 quem
1311 5629 1610 5687 Latinitate
1634 5633 1858 5687 donavit
1896 5632 2318 5702 Trapezunlius.
2383 5627 2535 5681 Illam
2567 5645 2696 5682 vero
2721 5643 2784 5682 ex
2829 5642 3076 5682 seorsum
3125 5627 3358 5695 vulgatis
3383 5640 3417 5680 ξι

183 5709 472 5772 Francisco
505 5713 642 5770 lino
666 5717 752 5772 hic
779 5719 1157 5789 opposuimus,
1198 5723 1340 5777 sicut
1364 5733 1416 5778 et
1443 5723 1853 5779 Catechcticam
1883 5724 2208 5786 orationem,
2240 5721 2528 5776 maximam
2562 5719 2905 5788 appellatam,
2956 5733 3021 5770 ex
3056 5716 3413 5771 translatione
