3880 6218
460 332 549 415 ,⁵⁵)
1679 342 1737 398 s.
1779 342 2141 404 GREGORIO'
2180 346 2492 405 NYSSENI.
3693 348 3764 399 bo

482 452 699 509 Ηδτνθιί
726 471 741 520 ;
774 470 901 508 nam
944 471 1071 512 cum
1096 458 1212 528 jam
1241 460 1516 532 legeretur
1549 465 1763 521 reddita
1785 467 1982 523 Latine
2005 485 2104 540 per
2136 467 2362 524 Petrum
2393 469 2704 533 Morellum,
2731 466 2942 538 placuit
2971 473 3025 522 et
3052 464 3147 521 hic
3166 464 3478 521 versionem
3514 465 3763 521 nondum

481 548 755 605 hactenus
787 549 1120 622 impressam
1152 568 1484 627 proponere.
1516 562 1594 618 lbi
1625 565 2094 630 autem,maxime
2127 583 2247 638 cap.
2285 567 2353 621 57
2387 567 2558 622 multa
2599 565 2666 619 de
2695 564 3164 620 transmutatione
3206 558 3320 615 sive
3346 562 3764 618 transsubslan-

476 642 716 699 tiatione
745 642 1022 702 Dominici
1061 656 1315 720 corporis
1341 663 1396 709 et
1431 659 1717 729 sanguinis
1747 661 2120 728 adducuntur,
2149 670 2205 717 et
2230 678 2353 733 cap.
2384 662 2475 727 ’58,
2511 676 2571 717 se
2599 661 2721 716 aliis
2749 660 2806 714 in
2843 660 2981 715 locis
3011 660 3169 730 plura
3198 657 3266 714 de
3298 656 3647 713 EuchariStia
3670 670 3765 711 ex-

478 739 734 801 posuisse
757 753 967 809 narrat,
993 749 1139 817 quod
1178 759 1358 807 tamen
1391 770 1501 810 non
1534 757 1609 811 ita
1643 757 1904 829 frequens
1931 766 2019 814 est
2046 761 2101 813 in
2145 760 2556 831 exemplaribus
2591 774 2713 828 qua:
2746 758 2911 827 vulgo
2946 756 3223 813 feruntur.
3254 754 3394 810 Huic
3426 755 3554 810 item
3592 753 3765 809 Cate-

478 833 692 889 cizetico
719 835 863 893 libro
892 837 997 909 (sic
1024 844 1171 897 enim
1198 843 1498 916 Gregorius
1534 850 1651 919 ipse
1685 852 1922 921 appellat
1951 855 2283 922 saepissime)
2327 853 2472 907 sicut
2505 859 2560 906 et
2585 851 2664 906 illi
2687 851 2756 906 de
2784 849 2970 905 anima
3000 858 3055 905 et
3078 847 3491 905 resurrectione
3517 845 3766 915 disputa-

481 925 617 977 tioni
648 940 773 980 cum
799 943 994 986 sorore
1028 931 1294 999 Macrina,
1328 938 1552 1005 quidam
1585 939 1852 1005 haeretici,
1882 949 1942 995 ut
1965 942 2023 995 in
2052 941 2333 1012 plerisque
2358 948 2607 997 veterum
2645 938 3150 1002 lucubrationibus,
3182 937 3441 1009 dogmata
3469 937 3763 1000 nonnulla,

478 1022 756 1092 praecipue
777 1039 909 1080 vero
938 1025 1194 1098 Origenis
1218 1029 1548 1101 iniecerunt,
1573 1032 1882 1106 Nicephoro
1907 1043 2049 1092 teste
2074 1038 2168 1093 lib.
2205 1052 2268 1101 ιι,
2298 1050 2421 1107 cap.
2454 1034 2545 1091 19.
2582 1033 2687 1089 Sed
2715 1044 2770 1089 et
2797 1034 3071 1089 immistas
3092 1031 3411 1103 huiusmodi
3438 1030 3608 1085 falsas
3643 1031 3766 1099 upi-

480 1117 675 1174 niones
702 1119 1087 1180 demonstrare
1113 1125 1296 1196 possis
1322 1140 1389 1180 ex
1419 1140 1487 1180 eo
1522 1126 1669 1196 quod
1703 1127 1759 1181 in
1787 1125 2138 1184 Catechetico
2169 1142 2292 1199 cap.
2328 1126 2419 1192 55,
2463 1128 2612 1181 circa
2643 1125 2807 1180 linem
2844 1139 2912 1180 ex
2940 1124 3215 1181 sententia
3255 1122 3509 1195 Origenis
3551 1123 3766 1192 reperi-

481 1220 593 1278 tur,
621 1213 798 1285 longis
828 1223 950 1285 post
981 1220 1202 1275 saeculis
1228 1217 1340 1275 Deo
1373 1235 1568 1289 puram
1596 1221 2033 1277 conservandam
2077 1228 2338 1275 naturam
2365 1239 2378 1274 :
2401 1229 2458 1275 et
2487 1218 2637 1290 quod
2677 1219 2809 1274 huic
2840 1217 3019 1273 errori
3051 1217 3394 1273 contrarium
3438 1216 3678 1271 habetur
3710 1216 3765 1269 in

479 1308 734 1363 oratione
763 1309 842 1363 De
865 1310 951 1366 die
979 1310 1304 1369 Nativitatis
1328 1314 1560 1379 Domini,
1580 1332 1705 1371 cum
1742 1318 2009 1374 scribitur
2037 1335 2051 1371 :
2086 1317 2243 1385 Quod
2274 1333 2369 1387 per
2394 1316 2850 1386 gresurrectionem
2881 1316 2972 1386 qui
2996 1314 3136 1384 justi
3162 1323 3339 1378 erunt,
3375 1313 3445 1368 ad
3494 1314 3763 1367 caelestem

478 1399 707 1466 quietem
738 1405 984 1460 accedent
1010 1410 1141 1479 ;qui
1170 1420 1349 1463 autem
1379 1413 1607 1479 peccatis
1640 1411 1882 1478 obnoxii,
1906 1413 1962 1467 in
1990 1413 2243 1484 gehennae
2262 1414 2431 1485 ignem
2451 1411 2825 1477 detrudentur,
2861 1419 2971 1467 etc.
3005 1410 3119 1466 Nec
3141 1411 3289 1466 enim
3309 1412 3608 1482 pugnantia
3637 1419 3765 1464 tan-
3838 1418 3839 1485 ξ

483 1498 572 1546 tus
603 1491 688 1545 vir
716 1502 809 1548 aut
836 1497 1007 1551 sensit
1033 1500 1348 1555 autdocuit.
1386 1502 1452 1557 Et
1474 1512 1533 1557 ut
1556 1514 1752 1560 caetera
1781 1506 1974 1576 paucis
1995 1506 2447 1576 complectamur,
2477 1504 2584 1559 alia
2606 1504 2857 1575 quaedam
2878 1503 3140 1574 opuscula
3172 1504 3229 1558 in
3269 1504 3373 1559 hac
3401 1503 3641 1559 editione
3671 1517 3765 1556 ac-

478 1593 787 1651 cesserunt,
821 1587 1083 1645 nimirum
1115 1594 1396 1651 orationes
1430 1595 1504 1649 De
1533 1596 1782 1666 fugienda
1814 1597 2214 1667 fornicatione;
2266 1594 2333 1650 In
2383 1613 2472 1651 eos
2527 1597 2619 1667 qui
2658 1596 2918 1664 differunt
2959 1595 3249 1665 baptisma,
3296 1606 3347 1650 et
3384 1597 3474 1667 qui
3503 1612 3643 1666 (egre
3685 1596 3764 1664 fe-

480 1684 607 1728 runt
626 1676 1076 1747 reprehensiones,
1115 1683 1183 1737 ab
1212 1683 1450 1740 Herveto
1476 1688 1713 1756 primum
1753 1702 2057 1743 conversae.
2095 1686 2174 1742 De
2194 1687 2516 1742 Ascensione
2555 1700 2709 1750 vero,
2757 1693 2813 1741 et
2842 1686 2897 1739 in
2923 1683 3270 1741 Pentecosten
3322 1701 3604 1741 sermones
3644 1685 3761 1755 jam

478 1764 607 1819 editi
643 1766 1179 1828 circumferebantur
1212 1793 1225 1827 :
1266 1776 1415 1845 prior
1450 1778 1672 1847 quidem
1708 1793 1779 1833 ex
1812 1776 1989 1833 Silani
2020 1777 2299 1843 versione,
2344 1778 2489 1834 sicut
2529 1787 2586 1832 et
2620 1777 2881 1848 pleraque
2926 1776 3160 1848 Nysseni
3193 1778 3433 1849 scripta;
3486 1778 3584 1832 sed
3630 1778 3763 1847 quia

481 1854 619 1909 feria
654 1873 709 1911 ιν
743 1867 869 1929 post
888 1861 1287 1921 Ascensioneln
1318 1867 1387 1922 de
1417 1868 1609 1922 eodem
1642 1884 1896 1924 sermone
1923 1884 1992 1925 ex
2022 1868 2387 1924 translatione
2417 1868 2538 1923 Zini
2568 1869 2767 1940 legitur
2800 1869 2858 1923 in
2889 1868 3168 1925 breviario
3197 1869 3446 1926 Romano
3489 1888 3670 1943 nuper
3696 1888 3764 1927 ex
3838 1928 3839 1941 χ

478 1947 701 2004 decreto
719 1953 943 2007 concilii
972 1953 1284 2011 Tridentini
1306 1959 1604 2014 restituto:
1629 1966 1921 2030 propterea
1952 1968 2007 2015 et
2037 1958 2187 2014 hunc
2206 1968 2262 2015 et
2291 1975 2654 2031 quoscunque
2680 1961 2925 2017 nancisci
2954 1963 3237 2032 potuimus
3268 1978 3332 2018 ex
3364 1963 3557 2019 eodem
3590 1965 3766 2021 inter-

482 2050 652 2111 prete,
675 2044 768 2113 qui
797 2044 866 2100 ab
896 2046 1145 2104 Ecclesia
1167 2051 1431 2120 probatus
1454 2067 1580 2107 esse
1609 2051 1908 2118 videretur,
1941 2052 2175 2108 selectos
2192 2051 2540 2118 excudimus,
2562 2060 2621 2107 ut
2650 2052 2728 2106 De
2746 2053 3064 2122 pauperibus
3096 2053 3366 2120 amandis,
3385 2052 3453 2109 In
3483 2056 3766 2111 mulierem

479 2137 847 2202 peccatricem,
872 2137 948 2193 De
974 2140 1387 2205 dormientibus,
1434 2152 1489 2198 ct
1527 2144 1592 2198 de
1639 2144 1840 2199 Christi
1880 2145 2184 2210 nativitate,
2225 2144 2564 2215 ejusdemque
2613 2147 3019 2202 resurrectione.
3061 2145 3336 2203 Nonnulla
3378 2157 3644 2219 pmterea
3695 2166 3767 2206 ex

480 2226 716 2281 aliorum
756 2230 1013 2287 versione
1050 2248 1301 2289 seorsum
1346 2236 1563 2307 vulgata
1595 2237 1955 2305 inseruimus,
1993 2244 2054 2291 ut
2088 2237 2287 2291 librum
2311 2235 2390 2290 De
2435 2236 2751 2308 Virginitate
2774 2253 2805 2292 a
2834 2236 2997 2294 Petro
3024 2237 3304 2296 Galesinio
3336 2252 3767 2306 conversum,et

483 2316 668 2374 Romae
690 2322 833 2390 typis
863 2338 1164 2381 excusum:
1186 2326 1243 2381 in
1270 2342 1382 2395 quo
1412 2330 1483 2384 de
1513 2329 1772 2400 virginali
1796 2329 2024 2396 virtute,
2054 2344 2165 2399 qua
2190 2344 2300 2383 una
2328 2329 2553 2398 reliqua:
2590 2344 2787 2385 omnes
2800 2331 3178 2396 continentur,
3210 2332 3287 2386 ita
3311 2332 3561 2403 disputat
3591 2347 3767 2388 evan-

480 2411 667 2480 gelicae
696 2414 1346 2489 doctrinmmajestatem
1380 2426 1780 2494 complectens,
1813 2433 1874 2480 ut
1906 2439 2017 2479 non
2047 2426 2224 2479 solum
2264 2440 2391 2478 cum
2421 2424 2626 2482 Stoicis
2657 2426 2726 2480 de
2750 2426 3003 2492 honesto,
3051 2442 3240 2482 verum
3276 2429 3441 2484 etiam
3472 2443 3599 2483 cum
3630 2429 3764 2485 reli-
3838 2411 3839 2485 Υ

479 2505 606 2575 quis
639 2506 886 2567 honestis
921 2513 1377 2586 philosophorum
1425 2519 1738 2590 disciplinis
1779 2518 2041 2584 disserat,
2085 2519 2568 2597 patrociniumque
2617 2533 2808 2574 earum
2838 2521 3138 2586 actionum,
3201 2522 3256 2575 in
3285 2522 3488 2591 quibus
3535 2523 3763 2577 virtutis

481 2600 740 2667 splendor
779 2605 982 2672 elucet,
1016 2610 1311 2680 suscipiat.
1358 2610 1447 2675 Et,
1492 2629 1562 2667 ne
1598 2613 1733 2682 quid
1765 2612 1988 2668 silentio
2020 2613 2445 2682 praetermittere
2476 2619 2572 2666 aut
2605 2610 2961 2668 dissimulare
2992 2613 3298 2678 videamur,
3350 2613 3499 2683 quod
3541 2614 3633 2667 hic
3663 2614 3763 2668 ha-

484 2690 641 2745 betur
667 2693 996 2764 impressum
1027 2701 1253 2756 nomine
1283 2700 1534 2774 Gregorii
1570 2703 1803 2775 Nysseni
1836 2703 1907 2759 ad
1935 2704 2159 2759 Petrum
2186 2704 2410 2773 fratrent
2454 2721 2633 2768 suum,
2685 2703 2764 2758 De
2793 2702 3095 2773 differentia
3126 2706 3441 2759 substantia:
3490 2715 3540 2759 et
3593 2705 3764 2775 hypo-

479 2794 706 2851 staseos,
756 2788 902 2844 idem
931 2792 1130 2861 legitur
1160 2795 1302 2863 apud
1338 2794 1402 2849 D.
1443 2796 1707 2852 Basilium
1733 2797 1969 2868 epistola
2005 2798 2075 2852 45
2130 2799 2200 2850 ad
2232 2795 2545 2869 Gregorium
2601 2799 2829 2867 fratrem
2863 2795 3171 2867 Nyssenum
3207 2800 3533 2859 episcopum.
3594 2797 3762 2856 Vide-

481 2877 590 2932 rint
622 2877 898 2936 doctiores
924 2885 1145 2939 cuinam
1179 2887 1400 2941 illorum
1438 2887 1583 2943 hanc
1614 2888 2051 2958 disputationem
2086 2889 2394 2960 assignent.

550 2968 820 3025 Czeterunt
850 2972 995 3029 inter
1022 2985 1343 3031 sanctorum
1384 2976 1541 3034 Vitas
1590 2979 1659 3033 ab
1693 2980 1921 3051 Aloysio
1951 2979 2147 3036 Latine
2176 2996 2288 3036 non
2322 2981 2398 3034 ita
2451 2979 2664 3051 pridem
2700 2995 2770 3035 ex
2798 2978 3040 3036 diversis
3083 2977 3411 3037 auctoribus
3462 2979 3671 3043 editas,
3705 2988 3757 3036 et

481 3063 643 3117 modo
678 3081 776 3135 per
804 3067 1052 3139 singulos
1086 3070 1206 3126 dies
1236 3073 1506 3144 cujusque
1541 3075 1748 3130 mensis
1786 3089 1817 3129 a
1860 3074 2023 3130 Surio
2062 3075 2331 3146 digestas,
2387 3075 2565 3129 oratio
2610 3074 2886 3145 quaedam,
2928 3074 3019 3144 pia
3052 3085 3187 3130 sane
3209 3075 3370 3144 juxta
3411 3082 3468 3131 et
3509 3077 3761 3148 elegans,

484 3158 559 3212 De
601 3176 825 3216 occursu
864 3162 1082 3218 Domini
1110 3175 1165 3221 et
1192 3167 1269 3222 De
1298 3167 1395 3222 Dei
1420 3178 1660 3238 parente,
1693 3180 1852 3242 atque
1896 3170 1960 3225 de
2006 3171 2152 3236 justo
2181 3169 2448 3233 Simeone,
2500 3168 2752 3239 Gregorii
2798 3167 3034 3240 Nysseni
3065 3168 3288 3223 titulum
3342 3184 3456 3240 prae
3489 3185 3548 3226 se
3601 3171 3718 3227 fert
3744 3194 3761 3218 ι

481 3255 574 3309 sed
602 3261 861 3326 quoniam
893 3259 1116 3316 Simeon
1145 3262 1570 3333 Metaphrastes,
1610 3266 1706 3336 qui
1742 3267 1982 3337 primum
2017 3266 2303 3337 dispersas
2332 3264 2522 3320 Graece
2551 3264 2872 3336 collegerat,
2897 3264 3114 3319 videtur
3148 3264 3206 3319 in
3256 3264 3361 3318 hac
3389 3267 3645 3321 nonnihil
3673 3283 3745 3323 au

482 3350 824 3417 immutasse,
866 3355 1144 3410 autetiam
1177 3358 1389 3428 aliquid
1425 3359 1732 3426 addidisse,
1779 3361 1912 3415 dum
1943 3376 2046 3432 pro
2073 3376 2177 3416 suo
2212 3375 2367 3416 more
2401 3358 2685 3428 copiosius
2733 3356 3054 3427 explicavit,
3084 3370 3150 3411 ac
3185 3357 3547 3427 amplioribus
3576 3362 3765 3416 verbis
3838 3350 3839 3417 ἓ

480 3446 759 3499 enarravit
789 3464 803 3501 :
833 3446 956 3503 ideo
994 3452 1153 3520 quasi
1194 3451 1338 3509 fetus
1379 3462 1527 3509 esset
1574 3455 1915 3524 illegitimus,
1971 3456 2114 3510 hanc
2162 3470 2289 3510 cum
2315 3469 2444 3509 vere
2480 3452 2681 3508 nativis
2739 3460 2890 3506 stare
2930 3450 3229 3506 noluimus.
3274 3448 3667 3508 Verumtamen
3723 3455 3766 3510 si
3838 3516 3839 3523 γ

481 3536 607 3605 quis
638 3536 780 3594 forte
809 3555 970 3597 secus
1000 3542 1231 3613 judicet,
1274 3546 1437 3602 habet
1460 3547 1705 3613 interim,
1744 3554 1897 3602 utne
1925 3547 2016 3601 hic
2052 3554 2359 3618 repetatur,
2419 3545 2552 3600 inibi
2581 3544 2727 3616 typis
2775 3543 3128 3611 impressam,
3183 3540 3332 3596 sicut
3369 3549 3423 3597 et
3466 3546 3764 3612 epistolam

480 3629 628 3684 illam
666 3631 735 3684 ad
771 3631 1078 3705 Olympium
1102 3628 1444 3705 monachum,
1477 3637 1555 3693 De
1579 3639 1691 3694 vita
1732 3639 2014 3696 Macrime.
2056 3639 2217 3707 Quod
2254 3654 2387 3697 vero
2412 3640 2651 3710 pertinet
2679 3637 2747 3692 ad
2789 3636 3045 3694 diversas
3078 3637 3447 3708 quorumdam
3479 3637 3766 3693 librorum
3838 3700 3839 3707 γ

479 3727 896 3797 inscriptiones,
931 3747 1036 3789 nos
1068 3741 1127 3788 ut
1158 3735 1459 3805 plurimum
1489 3737 1547 3791 in
1578 3736 1830 3807 margine
1862 3737 2204 3805 notavimus,
2246 3743 2343 3792 aut
2370 3737 2427 3793 in
2457 3748 2690 3807 operum
2713 3732 3002 3804 Gataiogo,
3050 3749 3217 3805 quem
3255 3733 3645 3804 subjiciemus,
3675 3736 3763 3790 in-
3838 3740 3839 3795 ξ

477 3818 811 3880 dicabimus.

548 3916 942 3977 Desiderantur
975 3934 1157 3980 autem
1187 3934 1386 3996 praeter
1417 3925 1535 3980 haec
1568 3925 1675 3979 alia
1714 3923 1835 3995 ejus
1870 3922 1973 3979 viri
2008 3922 2347 3977 monimenta
2376 3927 2721 3992 temporum,
2758 3922 2848 3979 vel
2892 3923 3178 3979 hominum
3210 3923 3413 3995 injuria
3435 3923 3761 3995 deperdita.
3838 3958 3839 3965 η

477 4020 573 4063 aut
596 4011 859 4069 hactenus
884 4014 938 4069 in
966 4016 1145 4072 lucem
1191 4016 1434 4072 nondum
1465 4016 1753 4087 evulgata;
1789 4030 1968 4085 neque
1996 4014 2143 4068 enim
2175 4013 2450 4084 reperitur
2482 4013 2645 4082 liber,
2678 4030 2840 4085 quem
2877 4016 3168 4086 scripsisse
3201 4026 3537 4085 memoratur
3569 4029 3764 4073 contra
3838 4020 3839 4089 ξ

474 4102 783 4167 Ablabium,
820 4105 893 4161 De
926 4106 1136 4172 Patris,
1167 4106 1323 4175 Filii,
1358 4116 1409 4163 et
1440 4107 1674 4176 Spiritus
1709 4107 1881 4160 sancti
1909 4104 2209 4170 divinitate,
2247 4104 2353 4160 nisi
2383 4104 2509 4175 quis
2542 4105 2695 4161 illum
2728 4122 2850 4162 esse
2883 4106 3024 4163 forte
3057 4109 3368 4178 suspicetur
3396 4126 3462 4165 ex
3497 4110 3764 4168 aliinitate
3838 4104 3839 4119 ¹

476 4200 804 4269 argumenti,
827 4216 989 4272 quem
1019 4203 1089 4256 ad
1109 4202 1393 4258 Ablabium
1422 4203 1593 4267 misit,
1615 4201 1768 4267 Quod
1795 4211 1898 4256 tres
1925 4200 2098 4254 dicere
2126 4199 2265 4254 Deos
2290 4215 2395 4253 non
2421 4209 2681 4269 oporteat,
2704 4215 2829 4272 pag.
2848 4201 2955 4255 447
3000 4204 3131 4257 torni
3178 4201 3243 4267 ll,
3270 4203 3365 4260 sed
3392 4206 3545 4262 locus
3573 4215 3761 4264 tamen
3838 4234 3839 4237 η

475 4294 547 4350 ab
580 4293 869 4365 Eulhymio
900 4299 1142 4368 prolatus
1177 4308 1330 4370 parte
1358 4315 1375 4353 ι
1430 4298 1515 4353 tit.
1544 4297 1582 4352 2
1639 4296 1866 4364 Panopl.
1896 4294 1951 4349 in
1982 4309 2050 4350 eo
2070 4284 2298 4350 minime
2325 4294 2616 4360 reperitur.

543 4382 785 4441 Necdum
818 4389 1141 4458 prodierunt
1164 4390 1221 4444 in
1251 4391 1429 4446 lucem
1466 4387 1848 4445 Commentarii
1878 4386 1937 4440 in
1962 4384 2260 4455 Epistulam
2283 4383 2354 4439 D.
2385 4382 2550 4441 Pauli
2576 4383 2645 4438 ad
2672 4382 3056 4454 Philippenses,
3083 4403 3245 4456 quos,
3279 4397 3338 4443 ut
3358 4388 3546 4445 docuit
3570 4389 3762 4447 Sixtus

476 4475 759 4547 Senensis,
795 4489 988 4536 auctor
1018 4480 1359 4536 Bibliothecw
1397 4490 1630 4545 sanctte,
1661 4479 1900 4552 Cyrillus
1934 4479 2069 4534 citat
2098 4478 2159 4533 in
2188 4477 2330 4532 libro
2364 4474 2435 4530 ad
2468 4474 2749 4545 Evoptium
2781 4476 3004 4546 fratrem
3039 4489 3227 4534 contra
3258 4480 3669 4539 Theodoretum.
3702 4483 3761 4539 In

473 4571 634 4641 cujus
667 4574 791 4629 libri
840 4574 946 4630 ﬁne
977 4576 1058 4631 sic
1086 4576 1325 4647 legitur:
1362 4575 1429 4629 ι).
1459 4573 1699 4645 Gregorii
1732 4574 1962 4644 episcopi
1987 4573 2046 4627 in
2074 4571 2374 4643 Epistotam
2407 4571 2476 4623 ad
2508 4569 2872 4638 Philippenses
2895 4586 2916 4625 :
2955 4571 3116 4641 cujus
3169 4572 3533 4644 fragmentum
3561 4594 3575 4628 :
3617 4575 3762 4638 Hoc,

475 4668 673 4740 inquit,
702 4669 945 4735 sapiatur
966 4669 1105 4738 quod
1134 4678 1212 4723 est
1238 4669 1297 4722 in
1325 4666 1537 4723 Christo
1569 4667 1721 4734 Iesu,
1759 4685 1777 4719 ι
1801 4667 1892 4737 qui
1922 4681 2044 4719 cum
2074 4664 2132 4718 in
2162 4664 2338 4733 forma
2378 4661 2472 4716 Dei
2492 4671 2647 4724 esset,
2690 4678 2793 4717 non
2826 4664 3070 4731 rapinam
3103 4665 3395 4719 arbitratus
3424 4676 3501 4720 est
3536 4684 3654 4723 esse
3707 4687 3762 4725 se

475 4762 730 4832 (aqualem
759 4762 892 4842 Deo,
913 4765 1006 4818 sed
1028 4765 1360 4833 semetipsum
1380 4765 1690 4829 exinanivit,
1716 4764 1945 4833 formam
1970 4760 2107 4817 servi
2125 4758 2437 4830 suscipiens.
2459 4778 2478 4810 ι
2505 4758 2646 4824 Quid
2666 4760 2946 4828 pauperius
2973 4763 3027 4814 in
3055 4760 3179 4826 Deo,
3199 4779 3356 4833 quam
3381 4763 3559 4832 forma
3582 4767 3725 4820 serui
3740 4770 3763 4822 ἲ

478 4853 621 4921 Quid
653 4852 905 4911 humilius
934 4857 987 4910 in
1014 4873 1130 4926 rege
1157 4865 1486 4922 cunctorum,
1513 4872 1672 4927 quam
1694 4855 1763 4909 ad
1786 4855 2204 4909 communionem
2226 4852 2474 4921 pauperis
2502 4860 2698 4906 nostra:
2717 4861 2926 4906 natura:
2949 4865 3132 4921 sponte
3159 4856 3331 4909 venire
3351 4859 3377 4911 ?
3414 4856 3528 4911 Rea:
3574 4875 3761 4929 regum

476 4958 526 5000 et
559 4946 818 5004 Dominus
850 4950 1243 5004 dominantium
1269 4949 1514 5003 induitur
1547 4948 1723 5018 forma
1753 4947 1922 5012 serui;
1951 4945 2122 5016 judea:
2154 4946 2393 5000 omnium
2426 4945 2489 5014 ﬁt
2518 4942 2761 4997 subditus
2794 4945 3142 5013 potestatibus
3172 4957 3452 5012 creatum,
3491 4948 3762 5010 Dominus

479 5052 533 5102 in
567 5043 828 5111 spelunca.
843 5043 1093 5113 ponitur:
1135 5040 1230 5110 qui
1258 5041 1437 5094 omnia
1464 5040 1718 5104 continet,
1743 5039 1801 5092 in
1822 5037 2116 5092 diversorio
2139 5052 2246 5090 non
2266 5036 2464 5090 invenit
2492 5037 2688 5100 locum,
2719 5035 2809 5088 sed
2840 5037 2897 5088 in
2922 5051 3154 5105 praesepe
3179 5040 3464 5109 projicitur
3483 5040 3765 5110 jumento-

480 5158 635 5205 rnm;
662 5139 889 5193 mundus
917 5147 969 5193 et
1003 5136 1379 5192 immaculatus
1403 5135 1584 5190 sordes
1611 5135 1841 5204 suscepit
1865 5135 2113 5187 humanm
2141 5141 2368 5196 naturat,
2399 5139 2449 5185 et
2477 5144 2569 5198 per
2596 5132 2776 5184 omnia
2800 5141 3166 5202 paupertatem
3198 5144 3437 5188 nostram
3469 5138 3761 5201 ιναηδὲειιδν

482 5253 641 5304 ttsque
667 5236 736 5288 ad
757 5236 943 5289 mortis
968 5235 1103 5289 venit
1121 5233 1556 5304 experimentum.
1583 5230 1928 5287 Considerate
1950 5229 2281 5300 paupertatis
2305 5236 2609 5296 spontaneo:
2632 5243 2955 5291 mensuram,
2979 5227 3086 5280 vita
3115 5237 3337 5281 mortem
3360 5238 3565 5297 gustat,
3590 5229 3765 5297 judex

479 5330 757 5383 deducitur
785 5329 855 5382 ad
867 5329 1155 5397 judicium,
1185 5328 1308 5382 vita:
1343 5327 1579 5381 omnium
1610 5326 1980 5381 exsistentium
2006 5324 2264 5378 Dominus
2294 5320 2541 5375 subditur
2559 5321 2829 5375 sententia:
2852 5319 3171 5388 judicantis,
3201 5335 3295 5373 rex
3323 5318 3560 5373 omnium
3594 5316 3765 5373 uir'tu-

481 5441 615 5483 tum,
651 5441 767 5495 qua:
794 5429 940 5478 ultra
971 5423 1226 5497 mundum
1251 5433 1393 5488 sunt,
1421 5421 1806 5491 spiculatorum
1835 5437 1942 5476 non
1962 5420 2163 5490 respuit
2188 5433 2397 5471 manus.
2435 5414 2714 5470 Hactenus
2741 5412 3037 5484 Gregorius
3058 5413 3351 5482 episcopus
3374 5431 3385 5465 :
3416 5410 3511 5481 qui
3531 5412 3764 5481 quidem

481 5514 696 5567 videtur
728 5529 850 5568 esse
876 5512 1158 5585 Nyssenus
1193 5523 1401 5577 noster,
1434 5528 1559 5567 cum
1592 5511 1970 5568 Nazianzenus
1999 5525 2103 5567 nec
2134 5511 2192 5566 in
2226 5509 2371 5563 hanc
2401 5508 2716 5579 epistolam,
2748 5522 2850 5562 nec
2882 5506 2935 5559 in
2973 5506 3207 5575 aliquem
3238 5503 3454 5559 Veteris
3493 5513 3592 5557 aut
3622 5503 3765 5558 Novi

482 5604 816 5658 Testamenti
838 5605 1034 5659 librum
1053 5622 1120 5660 ex
1145 5606 1392 5675 professo
1423 5605 1713 5676 scripsisse
1735 5613 2088 5660 memoretur.
2120 5604 2179 5657 In
2210 5600 2483 5673 principio
2510 5600 2777 5655 orationis
2811 5599 3000 5669 prima
3032 5597 3109 5650 De
3137 5596 3454 5665 pauperibus
3484 5600 3763 5664 amandis,

482 5694 575 5748 ubi
608 5694 897 5750 scribitur:
919 5694 1183 5761 Quoniam
1204 5695 1407 5751 duobus
1440 5696 1797 5766 superioribus
1822 5695 2003 5750 diebus
2021 5693 2366 5764 cupiditatem
2388 5692 2541 5747 illam
2561 5708 2678 5762 qua:
2700 5692 2836 5762 gula:
2857 5692 3152 5759 ventrisque
3181 5691 3497 5757 uoluptatem
3524 5700 3766 5743 sectatur

482 5786 877 5859 castigavimus,
909 5787 970 5843 de
1004 5789 1231 5860 ipsisque
1266 5789 1433 5853 multa
1466 5789 1723 5859 diximus,
1760 5798 1885 5855 etc.,
1910 5787 2121 5847 clarum
2146 5800 2231 5853 est
2263 5788 2443 5859 ipsum
2477 5786 2801 5859 Grcgorium
2834 5784 2901 5841 de
2942 5783 3043 5838 hac
3086 5798 3144 5841 rc
3174 5784 3453 5839 orationes
3498 5782 3764 5838 habuisse

2132 5900 2144 5910 ἡ

2146 5920 2175 5940 δ
