3880 6218
167 351 230 405 61
1341 362 1410 416 ΙΝ
1449 363 1795 418 HEXAEME]

1905 363 1930 416 ll
1973 363 2201 418 LIBER.
3381 365 3456 420 6‘3

161 461 232 515 ad
255 463 534 535 populum,
569 484 692 539 quae
719 485 832 539 1am
865 488 976 527 non
1007 475 1378 543 reperiuntur,
1415 480 1560 536 sicut
1593 498 1690 535 nec
1721 483 1826 535 alia
1857 483 2036 552 plura,
2071 497 2195 552 qua:
2225 483 2446 554 scripsit
2477 484 2714 540 maxime
2777 485 3028 538 adversus
3065 484 3450 552 Eunomianos,

163 559 396 652 Ariona:
427 569 482 614 et
510 563 754 652 reliquos
785 566 936 622 illius
965 572 1310 638 tempestatis
1343 575 1652 638 haereticos,
1677 591 1800 631 eum
1833 575 2036 643 quibus
2069 577 2254 630 animo
2289 577 2524 630 infracto
2556 593 2654 645 pro
2691 578 2918 632 veritate
2949 579 3220 633 catholica
3252 594 3456 652 propu-

161 650 371 742 gnaric,
399 659 463 702 ut
499 651 706 706 indicat
732 653 1112 713 Theodoretus
1133 659 1233 713 lib.
1268 677 1340 724 ιν,
1368 676 1491 731 cap.
1519 661 1613 726 28,
1635 671 1690 716 et
1711 677 1740 714 a
1764 666 1966 733 quibus
1995 674 2218 736 propter
2239 665 2397 720 ﬁdem
2429 671 2604 736 patria
2631 670 2823 738 pulsus
2857 671 2910 723 in
2943 671 3220 736 exsilium,
3251 650 3456 742 ubique

165 741 330 793 multa
363 745 654 810 sustinuit,
691 757 750 800 ut
795 750 1023 818 ipsemet
1054 753 1108 806 in
1145 753 1268 808 Vita
1299 755 1562 810 Macrino?
1598 756 1784 812 refert.
1817 757 1920 811 Sed
1959 760 2075 814 haec
2108 775 2230 830 qua:
2266 761 2354 814 hic
2385 759 2532 813 brevi
2567 763 2794 830 repetita
2826 771 2973 826 sunt,
3007 763 3160 816 licuit
3185 779 3249 818 ex
3283 741 3458 832 ipsius

167 833 392 901 scriptis
412 833 754 908 Patrumque
775 839 1022 898 historiis
1061 845 1290 899 collecta
1321 847 1373 900 in
1411 847 1650 901 medium
1683 863 2012 918 proponere,
2035 859 2095 903 ut
2121 851 2168 904 si
2191 852 2318 920 quis
2343 853 2770 922 pervestiganda:
2802 854 3146 923 antiquitatis
3175 854 3456 909 studiosus

165 929 490 998 hujusmodi
521 931 790 990 librorum
814 935 1106 994 thesauros
1139 940 1396 1009 reperiat,
1429 957 1526 996 eos
1561 942 1776 995 tandem
1808 942 2082 1006 extrahat,
2115 951 2167 996 et
2200 945 2265 998 ad
2304 945 2574 1014 publicam
2607 946 2896 1001 utilitatem
2931 949 2983 1001 in
3005 958 3244 1017 apertam
3278 948 3456 1003 lucem

166 1023 407 1078 emittat.

196 1239 2626 1286 Ἦ

2537 1261 3428 1296 w

915 1411 1142 1498 ΤΟΥ
1223 1415 1366 1500 ΕΝ
1425 1415 1788 1499 ΑΓΙΟΙΣ

1905 1416 2326 1500 [ΙΑΤΡΟΣ
2405 1355 2730 1500 1-[ΜΩΝ

1234 1611 2398 1749 ΓΡΗΓΟΡΙΟΥ

1453 1844 1857 1900 ΕΠΙΣΚΟΠΟΥ
1897 1847 2187 1912 ΝΥΣΣΗΣ,

279 2009 1177 2100 ΑΠΟΛΟΓΗΤΙΚΟΣ
1251 2015 1542 2101 ΠΡΟΣ
1581 1981 2030 2104 ΠΕΤΡΟΝ
2070 2022 2295 2107 TON
2336 2019 2864 2110 ΑΔΕΑΦΟΝ
2939 2024 3350 2121 ΑΥΤΟΥ,

931 2211 1290 2325 ΠΕΡΙ
1365 2216 1666 2327 ΤΗΣ
1724 2204 2706 2333 ΕΞΑΗΜΕΡΟΥ.

942 2605 1102 2760 S.
1225 2613 1397 2760 P.
1511 2611 1696 2762 Ν.
1797 2607 2730 2764 GREGORII

1531 2873 1843 2931 EPISCOPI
1869 2875 2166 2932 NYSSENI

310 3047 1062 3141 EXPLICATIO
1113 3045 1954 3142 APOLOGETICA
1994 3052 2144 3140 AD
2201 3054 2692 3144 PETRUM
2739 3051 3346 3160 FRATREM,

1205 3265 1352 3376 IN
1435 3269 2458 3382 HEXAEMERON.

1143 3487 1363 3535 PETRO
1411 3487 1792 3539 FRANCISCO
1850 3489 2019 3539 ZINO
2066 3491 2522 3541 INTERPRETE.

793 3849 1198 3902 ΠΡΟΟΙΜΙΟΝ.

2477 3851 2896 3910 PROOEMIUM.

261 3965 456 4021 Ταῦτα
479 3966 678 4027 ποιεῖς,
723 3958 769 4018 ὧ
807 3962 1060 4035 ἄνθρωπε
1091 3962 1185 4016 τοῦ
1221 3963 1388 4027 Θεοῦ;
1442 3963 1790 4031 κατατολμᾷν

189 4061 342 4133 mra;
373 4057 488 4112 τῶν
521 4057 842 4128 ἀτολμήτων
865 4056 1304 4126 ἐγκελευόμενος,
1347 4058 1440 4109 καὶ
1472 4057 1792 4127 πράγμασιν

191 4153 472 4222 ἐγχειρεῖν
503 4149 802 4211 τοιούτοις,
855 4138 930 4202 ὧν
982 4148 1044 4200 οὐ
1094 4147 1156 4200 τὸ
1205 4135 1388 4216 τυχεῖν
1439 4147 1598 4217 μόνον
1645 4149 1793 4200 ἐστὶν

189 4245 518 4314 ἀμήχανον,
567 4240 704 4293 ἀλλὰ
739 4239 860 4292 οὐδὲ
905 4238 966 4292 τὸ
1015 4239 1358 4310 ἐγχειρῆσαι,
1405 4239 1548 4292 κατὰ
1593 4257 1656 4308 γε
1703 4239 1794 4292 τὸν

193 4337 328 4406 ὲμδν
371 4335 560 4400 λόγον.
603 4331 970 4400 ἀνέγκλητονς
1023 4331 1144 4382 Τῶν
1181 4331 1290 4400 γὰρ
1322 4331 1464 4384 κατὰ
1494 4331 1643 4384 θείαν
1671 4331 1794 4382 ἐπί-

193 4447 392 4482 πνοιαν
417 4430 479 4480 ὲν
507 4429 576 4497 τῇ
606 4425 940 4494 κοσμογονίᾳ
965 4424 1436 4494 φιλοσοφηθέντων
1462 4423 1538 4494 τῷ
1571 4424 1792 4493 μεγάλῳ

193 4521 394 4591 Μωσῇ,
451 4519 522 4572 τὰ
578 4517 838 4570 δοκοῦντα
887 4515 1026 4568 κατὰ
1089 4517 1190 4586 τὴν
1221 4515 1510 4586 πρόχειρον
1551 4513 1659 4566 τῶν
1704 4532 1798 4582 γε-

195 4613 546 4684 γραμμένων
594 4609 902 4680 σημασίαν,
951 4607 1282 4670 ὑπεναντίως
1327 4607 1491 4677 ἔχειν,
1529 4605 1798 4671 ἐπέταξας

195 4706 328 4774 ἡμῖν
363 4702 459 4756 διά
491 4717 640 4761 τινος
673 4697 966 4752 ἀκολούθου
1015 4697 1254 4759 διανοίας
1296 4698 1378 4759 εἰς
1420 4695 1612 4765 εἱρμὸν
1656 4696 1796 4762 ἀγα-

193 4795 314 4862 γεῖν
343 4833 360 4856 ,
407 4793 510 4844 καὶ
563 4787 960 4859 συμφωνοῦσαν
990 4787 1126 4857 πρὸς
1156 4785 1354 4856 ἑαυτὴν
1384 4785 1665 4850 ἀποδεῖξαι
1695 4784 1798 4856 τὴν

197 4885 362 4952 ἁγίαν
415 4883 681 4954 Γραφήν·
741 4879 836 4932 καὶ
880 4877 1051 4930 ταῦτα
1104 4877 1244 4948 μετὰ
1287 4877 1385 4946 τὴν
1438 4875 1798 4929 Θεὸπνευστον

197 4976 419 5045 ἐκείνην
467 4969 566 5024 τοῦ
613 4970 820 5039 πατρὸς
851 4968 1010 5039 ἡμῶν
1051 4970 1132 5031 εἰς
1175 4969 1235 5020 τὸ
1267 4966 1628 5037 προκείμενον
1665 4965 1798 5018 θεω-

147 5101 150 5104 -
202 5069 360 5138 ρίαν,
397 5065 468 5136 ἦν
516 5064 568 5115 οἱ
603 5063 900 5128 ἐγνωκότες
935 5062 1134 5122 πάντες
1156 5101 1172 5125 ,
1221 5057 1371 5111 οὐδὲν
1416 5057 1636 5112 ἔλαττον
1687 5057 1797 5110 τῶν

200 5161 352 5230 αὺτῷ
377 5159 598 5225 Μωῡσῇ
629 5156 966 5224 πεφιλοσοφη
975 5157 1152 5223 μένων
1181 5151 1552 5222 θαυμάζουσιν
1572 5167 1587 5181 ’
1621 5145 1680 5203 εὖ
1705 5151 1798 5204 καὶ

179 5253 452 5318 εἰκότως,
489 5245 669 5318 οἶμαι,
697 5249 858 5300 τοῦτο
887 5247 1186 5308 ποιοῦντες.
1227 5247 1322 5298 Ὃν
1353 5245 1462 5315 γὰρ
1493 5244 1606 5314 ἔχει
1639 5243 1798 5311 λόγον

203 5343 338 5412 πρὸς
391 5341 490 5394 τὸν
544 5341 744 5393 κόκκον
788 5341 817 5390 ὁ
865 5339 1104 5408 ἄσταχυς
1131 5380 1146 5402 ,
1195 5339 1288 5389 καὶ
1329 5335 1389 5402 ἐξ
1438 5336 1648 5388 ἐκείνου
1701 5333 1794 5397 ὢν,

205 5436 432 5486 κάκεῖνο
460 5433 539 5502 μὴ
560 5433 662 5500 ὢν,
699 5429 900 5499 μᾶλλον
929 5429 988 5480 δὲ
1013 5431 1192 5481 ἐκεῖνο
1225 5427 1324 5497 μὲν
1350 5427 1426 5479 ὢν
1449 5429 1514 5496 τῇ
1543 5425 1794 5496 δυνάμει,

209 5523 674 5596 παρηλλαγμένος
706 5523 764 5574 δὲ
797 5520 1042 5592 μεγέθει,
1077 5521 1174 5574 καὶ
1207 5519 1393 5573 κάλλει
1429 5521 1520 5572 καὶ
1555 5519 1798 5588 ποικιλίᾳ

207 5619 300 5668 καὶ
335 5617 585 5686 σχήματι
607 5629 622 5642 ο
667 5614 758 5666 τὸν
795 5613 959 5666 αὐτὸν
991 5613 1136 5666 εἴποι
1168 5629 1254 5674 τις
1277 5611 1344 5664 ἂν
1373 5611 1590 5680 ἐπέχειν
1617 5610 1794 5678 λόγον,

209 5705 346 5776 9:96;
377 5707 480 5775 τὴν
499 5703 596 5757 τοῦ
629 5703 863 5772 μεγάλου
895 5702 1174 5765 Μωῦσέως
1201 5699 1404 5772 φωνὴν,
1433 5700 1502 5754 τὰ
1530 5699 1681 5768 παρὰ
1702 5699 1796 5752 τοῦ

219 5797 458 5878 μετὰ).ου
509 5795 794 5874 Βαὶιλείου
837 5796 924 5850 διὰ
965 5793 1404 5866 φιλοπονωτέρας
1445 5791 1676 5864 Θεωρίας
1719 5791 1804 5858 ἐξ-

1963 3965 2104 4032 Quid
2153 3966 2292 4036 agis,
2344 3966 2507 4022 homo
2533 3967 2664 4022 Dei?
2691 3983 2790 4022 cur
2819 3983 2882 4023 ea
2911 3981 3012 4022 nos
3042 3983 3162 4038 quae
3194 3967 3344 4025 vires
3373 3968 3480 4024 hu-

1893 4073 2086 4112 manas
2115 4066 2379 4129 superant
2409 4061 2666 4130 aggredi,
2709 4068 2763 4115 et
2811 4075 2952 4114 onus
2995 4061 3138 4130 quod
3170 4077 3277 4115 non
3317 4063 3482 4117 modo

1899 4151 2188 4212 sustineri,
2234 4151 2328 4205 sed
2381 4167 2449 4204 ne
2496 4151 2704 4220 suscipi
2751 4151 2994 4221 quidem,
3045 4159 3106 4205 ut
3135 4168 3237 4222 ego
3274 4153 3479 4216 sentio,

1902 4240 2022 4294 sine
2049 4241 2477 4310 reprehensione
2503 4249 2705 4309 potest,
2740 4241 2929 4296 subire
2960 4241 3163 4310 jubes?
3207 4243 3306 4298 Vis
3333 4245 3482 4299 enim
3575 4225 3586 4236 ’

1897 4343 1955 4385 ut
1992 4347 2112 4401 quae
2141 4333 2348 4386 caelesti
2378 4332 2601 4387 numine
2649 4331 2863 4386 alllatus
2895 4332 2962 4386 de
2994 4333 3186 4386 mundi
3221 4347 3484 4403 procrea—

1899 4420 2048 4475 tione
2079 4437 2310 4491 magnus
2350 4419 2530 4476 Moses
2589 4421 2832 4490 prodidit.
2867 4423 3240 4478 monumentis
3271 4423 3482 4478 littera-

1897 4525 2040 4572 rum,
2068 4527 2191 4582 qua:
2213 4526 2388 4581 primo
2407 4511 2625 4580 quidem
2658 4523 2884 4578 aspectu
2929 4513 3074 4566 inter
3098 4529 3157 4567 se
3203 4515 3484 4569 contraria

1896 4600 2175 4665 videntur,
2225 4601 2718 4670 ordine.quodam
2769 4601 3058 4671 disponam
3121 4613 3486 4674 sanctamque

1903 4692 2244 4762 Seripturam
2275 4692 2380 4747 sibi
2400 4693 2502 4762 ipsi
2537 4695 2970 4748 consentientem
3021 4709 3086 4748 ac
3129 4705 3484 4751 constantem

1900 4799 2023 4839 esse
2059 4785 2469 4840 demonstrem:
2497 4784 2660 4853 idque
2696 4793 2818 4854 post
2849 4785 3092 4839 divinam
3128 4787 3276 4839 illam
3307 4787 3483 4857 patris

1899 4877 2074 4930 nostri
2105 4877 2158 4930 in
2195 4875 2739 4946 idemargmnentum
2763 4878 3279 4931 commentationem
3315 4893 3481 4950 quam

1900 4970 2292 5042 quillegerunt,
2318 4983 2428 5023 non
2463 4968 2646 5022 minus
2674 4984 2835 5038 quam
2866 4983 2930 5020 ea
2961 4985 3084 5039 quae
3115 4969 3183 5022 ab
3220 4969 3338 5038 ipso
3362 4967 3480 5020 Mo-

1901 5077 1961 5115 se
1987 5061 2292 5130 perscripta
2323 5068 2472 5126 sunt,
2507 5075 2699 5113 omnes
2741 5059 3120 5113 admirantur:
3163 5068 3217 5114 et
3264 5059 3480 5124 merito,

1903 5169 2022 5207 mea
2052 5153 2274 5222 quidem
2315 5153 2610 5206 sententia.
2643 5151 2778 5204 Nam
2801 5168 2964 5220 quam
2995 5151 3264 5206 rationem
3317 5149 3485 5203 habet

1905 5259 2029 5298 cum
2074 5259 2246 5313 grano
2299 5243 2449 5312 spica
2479 5259 2600 5312 qua:
2620 5253 2674 5298 et
2710 5261 2774 5297 ex
2805 5245 2898 5297 illo
2921 5243 3191 5312 provenit,
3245 5250 3298 5295 et
3347 5241 3481 5294 illud

1907 5353 2015 5390 non
2073 5345 2195 5402 est;
2251 5337 2334 5389 vel
2384 5337 2567 5405 potius
2612 5352 2753 5404 quae.
2796 5351 2920 5388 cum
2967 5333 3099 5388 illud
3151 5335 3328 5402 ipsum
3361 5348 3483 5386 esse

1905 5427 2103 5496 possit,
2139 5425 2515 5496 magnitudine
2541 5434 2722 5480 tamen
2751 5426 2922 5488 abeo,
2962 5436 3015 5480 et
3045 5423 3481 5494 pulchritudine,

1905 5527 1958 5571 et
1989 5519 2176 5572 ferinae
2219 5516 2400 5571 dilfcrt
2422 5517 2713 5580 varietate,
2762 5516 3007 5570 eamdem
3063 5515 3333 5568 rationem
3379 5512 3479 5564 ha-

1908 5607 2038 5662 bere
2075 5608 2230 5662 dicas
2294 5623 2420 5660 cum
2467 5607 2714 5661 oratione
2749 5607 2928 5674 magni
2969 5604 3159 5666 Mosis,
3194 5619 3257 5658 ea
3293 5617 3416 5671 quae
3451 5617 3486 5655 a

1911 5711 2109 5767 n'tagno
2137 5695 2340 5750 Basilio
2375 5697 2720 5748 accuratiore
2749 5695 2936 5749 studio
2985 5701 3114 5748 sunt
3163 5691 3482 5746 elaborata:

1910 5791 2110 5846 etenim
2167 5804 2288 5858 qua:
2337 5773 2530 5856 paucis
2579 5787 2668 5842 ille
2715 5786 2900 5842 verbis
2955 5785 3278 5854 complexus
3310 5785 3396 5838 est
3429 5785 3492 5836 et
