3880 6218
436 362 511 418 εὖ
1685 362 1745 418 S.
1787 361 2121 420 GREGOllll

2183 363 2476 422 NYSSENI
3648 365 3729 420 6—!

439 471 759 544 explicavit,
787 487 852 528 ea
900 472 1100 528 doctor
1138 463 1330 529 noster
1383 473 1610 529 sublimi
1670 475 2022 546 philosophia

2128 479 2463 548 εργασθέντα
2481 480 2744 552 νοήματα·
2773 479 2809 534 ἃ
2833 479 2940 549 γὰρ
2957 478 3163 541 ἐκεῖνος
3181 470 3332 530 εἶπεν
3351 473 3410 530 ὲν
3429 475 3629 544 ὀλίγοις
3656 493 3731 527 τε

439 565 523 620 sic
541 564 770 619 adauxit
799 574 856 619 et
884 565 1209 629 cumulavit,
1243 575 1303 620 ut
1335 581 1442 621 non
1474 566 1706 636 spicam,
1735 568 1834 624 sed
1859 568 2025 623 arbo-

440 672 556 711 rem
575 655 843 720 effecerit,
879 657 947 710 ad
971 656 1393 712 similitudinem
1428 658 1589 728 grani
1625 658 1856 728 sinapis,
1873 658 2026 729 quod

441 763 612 819 regno
664 749 930 802 coelorum
990 760 1367 820 comparatum
1426 756 1531 805 est.
1588 749 1646 804 In
1701 750 2025 820 accipientis

439 840 586 893 enim
623 840 809 894 animo
836 841 1116 895 excultum
1170 842 1340 896 arbor
1378 840 1456 906 ﬁt,
1515 841 2027 914 cogitationumque

443 930 818 1000 magnitudine
866 931 1109 1001 undique
1169 934 1450 998 dilatatur,
1484 940 1540 989 et
1585 949 1866 989 ramorum
1902 935 2026 991 loco

442 1023 731 1093 prmeeptis
799 1032 854 1078 et
914 1025 1186 1082 institutis
1231 1025 1584 1096 expanditur,
1635 1027 2027 1097 propositoque

440 1111 660 1181 pietatis
715 1113 822 1168 ﬁne
879 1115 962 1169 sic
1011 1113 1234 1170 ell‘ertur
1272 1116 1329 1170 in
1378 1116 1637 1182 sublime,
1685 1125 1747 1172 ut
1795 1119 2027 1174 excelsae

439 1203 608 1258 etiam
636 1205 870 1275 altaeque
900 1213 1137 1272 mentes,
1178 1222 1300 1276 qua:
1333 1207 1589 1263 volucres
1644 1209 1772 1264 caeli
1816 1224 2024 1265 vocan-

441 1301 532 1348 tur
557 1295 612 1348 in
673 1296 990 1368 Evangelia,
1039 1299 1145 1352 sub
1193 1299 1382 1353 talium
1427 1315 1710 1355 ramorum
1745 1303 2025 1374 magnitu-

441 1385 569 1440 dine
593 1397 795 1456 queant
824 1388 986 1443 nidos
1024 1397 1350 1446 construere
1385 1391 1426 1445 ’.
1474 1389 1852 1456 Quaestionum
1875 1393 2024 1449 enim

437 1478 753 1546 explanatio
784 1488 868 1534 est
895 1480 1062 1534 animi
1101 1480 1324 1550 quidam
1364 1482 1530 1537 veluti
1581 1482 1764 1548 nidus,
1811 1483 1869 1539 in
1913 1498 2025 1555 quo

444 1586 600 1625 mens
623 1572 867 1626 instabili
899 1572 1273 1629 sollicitudine
1297 1575 1621 1646 sciendique
1653 1575 1858 1641 studio,
1901 1586 2026 1632 tan-

439 1677 606 1731 quam
653 1664 944 1734 multiplici
985 1667 1199 1722 volatus
1239 1683 1450 1733 errore,
1479 1667 1626 1724 fessa
1657 1669 2022 1740 conquiescit.

440 1756 692 1820 Quonam
726 1756 893 1826 igitur
923 1765 1082 1828 pacto
1127 1759 1221 1814 tali
1249 1767 1523 1830 tantaeque
1572 1776 1890 1818 sermonum
1929 1777 2023 1817 ar-

2131 572 2226 623 καὶ
2244 571 2708 644 εύπεριγράπτοις
2735 574 2848 635 τοῖς
2871 573 3096 642 ῥήμασι,
3113 569 3284 623 ταῦτα
3295 567 3384 622 διὰ
3397 568 3492 638 τῆς
3506 566 3733 638 ὑψηλῆς

2132 661 2452 731 φιλοσοφίας
2499 663 2529 716 6
2565 662 2882 726 διδάσκαλος
2911 660 3072 732 ἡμῶν
3105 659 3368 730 αὐξήσας,
3399 658 3520 729 ούχὶ
3545 657 3730 712 ἀστα-

2132 771 2250 824 χυν,
2283 754 2422 808 ἀλλά
2467 754 2684 826 δένδρον
2728 754 2952 824 ἐποίησε
2983 752 3123 806 κατά
3153 753 3247 805 τὸν
3278 749 3615 822 ὁμοιωθέντα
3645 749 3728 818 τῇ

2133 846 2380 917 βασιλείᾳ
2404 844 2500 899 τοῦ
2531 846 2806 906 σινάπεως
2835 844 3056 909 κόκκον,
3087 842 3180 896 τὸν
3207 844 3265 896 ὲν
3293 845 3360 914 τῇ
3392 841 3590 912 καρδία
3616 840 3727 893 τοῦ

2131 935 2502 1006 γεωργούντος
2525 933 2852 1007 άποδενδρού
2862 952 3043 1006 μενον,
3067 933 3209 986 ὥστε
3230 932 3485 1001 γενέσθαι
3509 947 3730 984 παντα-

2132 1027 2289 1098 χόθεν
2307 1027 2469 1080 αὑτὸν
2489 1026 2778 1098 ἀμφιλαφῆ
2805 1029 2918 1090 τοῖς
2941 1027 3200 1097 νοήμασι,
3217 1025 3310 1078 καὶ
3336 1022 3736 1095 διηπλωμένονι

2131 1100 2254 1172 ἀντὶ
2297 1118 2508 1172 κλάδων
2538 1120 2652 1180 τοῖς
2683 1117 2938 1188 δόγμασι,
2969 1117 3064 1170 καὶ
3090 1113 3168 1185 τῷ
3211 1113 3399 1184 σκοπῷ
3429 1114 3528 1184 τῆς
3557 1111 3728 1165 εύσε-

2131 1209 2286 1274 6είας
2314 1211 2395 1274 είς
2433 1207 2566 1279 ὕψος
2595 1208 3032 1278 ἀνατεινόμενον,
3063 1207 3138 1272 ὡς
3163 1205 3258 1260 καὶ
3285 1206 3382 1268 τὰς
3408 1203 3618 1276 ὑψηλάς
3650 1219 3724 1255 τε

2131 1302 2226 1355 καὶ
2257 1299 2700 1373 μετεωροπόρους
2744 1299 2944 1370 ψυχὰς,
2982 1297 3049 1362 ἃς
3092 1296 3316 1351 πετεινά
3355 1295 3450 1349 τοῦ
3481 1291 3721 1366 ούρανοῦ

2129 1393 2192 1447 τὸ
2237 1391 2571 1463 Εύαγγέλιον
2618 1390 2896 1464 ὀνομάζει,
2943 1389 3204 1444 δύνασθαι
3249 1387 3327 1459 τῷ
3357 1386 3576 1460 μεγέθει
3603 1384 3723 1438 τῶν

2128 1487 2388 1541 τοιούτων
2439 1486 2650 1540 κλάδων
2695 1483 3052 1540 ὲννοσσεύειν.
3113 1481 3292 1538 Καλιά
3333 1481 3442 1552 γάρ
3480 1497 3565 1543 τις
3599 1474 3721 1532 οἷόν

2129 1578 2248 1632 ἐστι
2276 1577 2475 1650 ψυχῆς,
2503 1579 2537 1649 ἡ
2563 1576 2692 1648 περὶ
2715 1575 2777 1631 τὸ
2809 1575 3139 1647 ζητούμενον
3168 1572 3583 1644 συγκατάθεσις,
3610 1570 3721 1640 τὴν

2129 1669 2365 1729 ἄστατον
2411 1670 2506 1725 τοῦ
2557 1670 2651 1724 νοῦ
2702 1667 3272 1740 πολυπραγμοσύνην,
3307 1664 3557 1734 καθάπερ
3586 1661 3718 1716 τινὰ

2129 1765 2446 1837 πολυπλανῆ
2474 1763 2694 1835 πτῆσιν,
2726 1763 2810 1833 ἐφ’
2838 1762 3038 1832 ἑαυτῆς
3067 1759 3440 1815 ἀναπαύουσα.
3473 1754 3596 1818 Πῶς
3617 1749 3717 1806 οὖν

443 1846 562 1899 bori
599 1847 762 1901 liceat
796 1849 1048 1918 exiguam
1083 1860 1286 1906 nostra:
1314 1851 1670 1923 cogitationis
1716 1853 2022 1924 plantulam

2128 1856 2242 1911 ἔστι
2279 1855 2356 1929 τῷ
2387 1856 2615 1928 τοιούτῳ
2660 1855 2759 1910 καὶ
2783 1854 3089 1927 τηλικούτῳ
3117 1851 3318 1923 δένδρῳ
3359 1848 3468 1902 τῶν
3508 1847 3708 1916 λόγων,

441 1938 799 2006 coinparare?
825 1938 908 1992 An
937 1955 1066 1995 vero
1099 1957 1277 2012 neque
1307 1949 1366 1997 tu
1398 1943 1658 2014 imperas,
1698 1960 1878 2016 neque
1920 1960 2026 2002 nos

442 2043 684 2098 unquam
715 2043 1068 2099 conaremur,
1101 2035 1274 2104 patris
1303 2035 1668 2107 magistrique
1697 2038 1877 2094 nostri
1910 2046 2027 2094 stu-

441 2124 532 2175 dio
570 2124 812 2180 laborem
849 2133 1102 2180 nostrum
1140 2129 1462 2199 opponere?
1514 2127 1707 2201 Itaque
1751 2129 2025 2202 agricolas

441 2215 624 2284 potius
654 2216 1012 2283 imitabimur,
1042 2220 1138 2289 qui
1169 2221 1410 2275 mirabili
1445 2221 1684 2290 quadam
1719 2222 1936 2279 ratione
1952 2237 2022 2279 ex

441 2325 551 2361 una
581 2309 881 2382 eademque
907 2314 1094 2383 planta
1126 2316 1312 2372 varios
1339 2314 1556 2372 fructus
1584 2317 1935 2388 percipiunt;
1969 2313 2025 2373 id

441 2412 624 2457 autem
657 2412 1032 2474 assequuntur
1067 2406 1346 2462 inserendi
1375 2407 1632 2472 artiﬁcio,
1679 2410 1824 2480 quod
1877 2410 2025 2480 ejus-

443 2493 586 2548 modi
653 2503 783 2550 est:
843 2496 1106 2566 pusillum
1155 2498 1378 2567 aliquod
1432 2516 1498 2555 ex
1545 2502 1742 2557 arbore
1767 2504 2023 2574 quapiam

437 2597 684 2652 germen,
716 2601 824 2640 una
855 2601 977 2641 cum
1006 2588 1213 2643 cortice
1252 2589 1374 2645 basi
1428 2591 1576 2646 illius
1627 2591 1878 2662 subjecto
1927 2592 2026 2648 de-

440 2682 711 2744 cerptum,
756 2676 811 2730 in
834 2677 1065 2734 alterius
1096 2678 1313 2734 arboris
1344 2679 1575 2751 majoris
1625 2682 1810 2752 aliqua
1865 2690 2024 2753 parte

439 2767 522 2822 sic
557 2767 753 2832 incisa,
788 2776 848 2823 ut
873 2769 923 2824 ei
969 2777 1161 2825 cortex
1191 2769 1446 2841 quadret,
1481 2773 1792 2839 includunt,
1832 2781 1893 2828 ut
1923 2789 2022 2828 na-

437 2858 603 2912 turali
633 2859 861 2930 majoris
893 2861 1110 2918 arboris
1151 2862 1380 2918 humore
1403 2879 1625 2934 germen
1661 2866 1790 2921 illud
1813 2866 2022 2921 enutri-

440 2959 556 3004 tum
582 2951 859 3006 coalescat
889 2967 1188 3024 ramusque
1223 2953 1335 3008 ﬁat.
1365 2955 1538 3011 Meam
1569 2957 1754 3014 itidem
1785 2973 1886 3029 ego
1925 2974 2022 3014 co-

438 3040 780 3110 gitationem,
809 3044 969 3113 quasi
995 3059 1216 3114 germen
1265 3053 1362 3100 aut
1409 3047 1695 3104 surculum
1737 3049 2018 3120 exiguum,

441 3143 652 3203 magna
686 3134 892 3200 arbori,
927 3151 1123 3206 nempe
1148 3140 1502 3207 praeceptoris
1529 3139 1704 3193 nostri
1739 3141 2018 3210 sapientiae

441 3225 700 3294 inseram,
730 3227 1128 3298 occasioneque
1155 3228 1288 3282 mihi
1324 3228 1450 3284 inde
1501 3231 1864 3300 suppeditata,
1900 3240 2022 3286 tan-

441 3333 606 3388 quam
632 3318 860 3376 humore
893 3321 1130 3391 quodam
1160 3321 1444 3391 irrigatus,
1473 3336 1574 3390 pro
1591 3317 1804 3377 viribus
1833 3339 2019 3380 ramus

439 3409 562 3480 ejus
613 3409 842 3466 el‘liciar.
888 3412 1141 3466 Arbitror
1171 3411 1318 3467 enim
1374 3413 1642 3482 quosdam
1690 3413 1835 3468 haud
1875 3427 2022 3470 recte

442 3501 755 3571 percepisse
791 3501 924 3574 quid
961 3503 1050 3558 ille
1082 3501 1187 3557 sibi
1234 3501 1292 3556 in
1337 3501 1406 3558 iis
1431 3519 1553 3573 quae
1586 3504 1640 3558 in
1677 3519 1773 3560 sex
1805 3506 2018 3560 dierum

439 3591 718 3662 opiﬁcium
757 3593 1107 3663 conscripsit,
1140 3595 1519 3666 proposuerit:
1543 3595 1774 3666 ideoque
1807 3596 2021 3651 calum-

443 3682 605 3750 niari,
644 3683 791 3754 quod
831 3683 1073 3740 dilucide
1110 3700 1220 3740 non
1251 3685 1541 3756 explicarit
1567 3701 1631 3741 ea
1665 3702 1789 3757 quae
1825 3686 1892 3740 ad
1933 3703 2024 3743 so-

442 3775 545 3830 lem
573 3777 876 3845 pertinent,
929 3778 1209 3847 quomodo
1255 3785 1382 3848 post
1415 3785 1530 3834 tres
1569 3777 1708 3843 dies,
1753 3793 1862 3832 non
1894 3795 2019 3832 cum

441 3869 672 3939 reliquis
696 3869 870 3925 stellis
902 3868 1160 3924 conditus
1192 3867 1396 3937 fuerit;
1427 3870 1587 3940 quasi
1617 3869 1732 3925 ﬁeri
1763 3877 2018 3940 nequeat,

440 3967 501 4014 ut
528 3975 689 4015 mane
726 3967 781 4015 et
817 3975 1044 4031 vespera
1069 3959 1328 4039 diurnum
1361 3961 1602 4031 spatium
1622 3962 2018 4024 constituatur,

439 4053 547 4107 nisi
578 4053 804 4108 omnino
854 4054 936 4108 sol
976 4059 1031 4109 et
1067 4053 1325 4109 occidens
1361 4067 1670 4123 vesperam,
1729 4059 1784 4108 et
1835 4053 2021 4110 oriens

439 4156 601 4196 marte
637 4140 916 4196 conﬁciat.

510 4317 750 4373 Duorum
781 4332 1004 4388 quoque
1029 4317 1296 4372 cmlorum
1321 4318 1758 4388 procreationem
1791 4334 1900 4374 non
1928 4333 2024 4373 ca-

439 4413 672 4481 ;ientes,
706 4426 831 4466 cum
853 4411 920 4466 de
953 4411 1116 4466 tertio
1145 4412 1286 4467 cmlo
1313 4411 1645 4466 mentionem
1678 4410 1844 4466 faciat
1875 4410 2022 4483 Apo-

2125 1947 2514 2020 ἀντιφυτεῦσαι
2542 1949 2640 2022 τὴν
2671 1949 2937 2023 βραχεῖαν
2977 1946 3080 2018 τῆς
3124 1944 3364 2008 διανοίας
3391 1941 3547 2014 ἡμῶν
3575 1941 3714 1994 ὑποο

2126 2043 2336 2110 σπάδας
2389 2044 2462 2097 Ἢ
2489 2042 2650 2097 τοῦτο
2678 2041 2781 2114 μὲν
2821 2039 2946 2095 οὔτε
2973 2040 3039 2094 σὺ
3063 2036 3329 2102 κελεύεις,
3366 2034 3480 2090 οὔτ’
3506 2033 3571 2090 ἂν
3595 2031 3714 2102 ἐγὼ

2123 2136 2388 2207 δεξαίμην
2418 2135 2570 2201 ποτὲ,
2601 2134 2664 2188 τὸ
2703 2135 2762 2201 ἐξ
2803 2131 3048 2187 ἐναντίου
3075 2133 3142 2202 τῇ
3171 2129 3267 2184 τοῦ
3317 2127 3523 2200 πατρὸς
3549 2124 3713 2197 ἡμῶν

2125 2228 2218 2281 καὶ
2256 2225 2580 2280 διδασκάλου
2623 2224 2913 2296 φιλοπονίᾳ
2945 2221 3035 2276 τδν
3064 2221 3335 2292 ἡμέτερον
3364 2216 3714 2287 ἀντιτεθῆναι

2124 2319 2320 2385 πόνον;
2381 2317 2522 2372 Ἀλλ’
2571 2316 2760 2388 ὥσπερ
2811 2317 2862 2370 οἱ
2903 2315 3142 2387 γεωργοὶ
3188 2307 3712 2382 θαυματοποιούσιν,

2123 2409 2353 2483 καρπῶν
2380 2409 2643 2480 διαφορὰν
2675 2410 2734 2461 ἐν
2763 2407 2843 2461 ένὶ
2869 2405 3020 2476 φυτῷ
3055 2401 3424 2474 σοφιζόμενοι·
3449 2402 3476 2453 6
3505 2399 3559 2452 δὲ
3584 2397 3714 2470 τρό-

2123 2520 2224 2566 πος
2247 2501 2348 2572 τῆς
2376 2500 2712 2572 φυτοκομίας
2736 2493 2889 2562 οὗτός
2922 2499 3104 2550 ἐστιν·
3123 2493 3306 2566 Βραχύ
3335 2510 3388 2546 τι
3421 2489 3616 2560 φύλλον
3652 2489 3713 2556 ἐξ

2122 2594 2310 2666 ἑτέρου
2331 2592 2546 2666 δένδρου
2576 2591 2715 2664 μετά
2735 2589 2828 2644 τοῦ
2856 2587 3218 2659 ὑποκειμένου
3243 2587 3310 2655 τῇ
3344 2584 3498 2654 βάσει
3523 2579 3712 2651 φλοιοῦ

2121 2686 2519 2758 ἀποσύραντες,
2555 2684 2701 2754 ἄλλῳ
2736 2682 2889 2754 φυτῷ
2919 2681 3148 2754 μείζονι,
3183 2680 3326 2732 κατά
3353 2695 3406 2731 τι
3437 2676 3600 2747 μέρος
3627 2673 3710 2738 ἓν,

2122 2778 2296 2850 τομῆς
2334 2778 2428 2832 τὸν
2462 2776 2645 2847 φλοιὸν
2687 2774 3102 2848 ὲναρμόζουσιν,
3143 2771 3231 2824 ἵνα
3267 2772 3334 2841 τῇ
3377 2768 3579 2838 φυσικῇ
3611 2765 3712 2819 τοῦ

2125 2869 2372 2942 μείζονος
2415 2868 2602 2940 ἰκμάδι
2668 2867 2730 2920 τὸ
2764 2865 2979 2919 ὲντεθὲν
3011 2865 3188 2918 έκεῖνο
3223 2861 3594 2930 πιαινόμενον,
3630 2857 3714 2919 είς

2121 2963 2314 3018 κλάδον
2343 2960 2676 3030 άναφυῆται.
2722 2956 2882 3010 Οὓτω
2928 2955 3024 3010 καὶ
3073 2953 3237 3017 αὐτὸς
3278 2951 3378 3024 τὴν
3425 2949 3563 3021 ἐμὴν
3593 2948 3714 3003 διά-

2121 3072 2292 3119 νοιαν,
2311 3046 2423 3106 οἷόν
2445 3067 2568 3104 τινα
2597 3048 2802 3121 βραχὺν
2831 3045 3030 3119 μόσχον
3047 3045 3114 3117 τῇ
3145 3043 3331 3115 ἰκμάδι
3351 3039 3444 3097 τοῦ
3472 3041 3711 3114 μεγάλου

2120 3145 2339 3216 δένδρου
2364 3146 2430 3214 τῇ
2461 3141 2556 3195 τοῦ
2583 3137 2907 3194 διδασκάλου
2937 3135 3094 3207 ἡμῶν
3124 3133 3285 3204 σοφίᾳ
3313 3131 3547 3202 ὲνείρας,
3578 3128 3715 3183 κλά-

2047 3197 2090 3253 C
2124 3197 2468 3298 δοςήιὲκείνδυ
2513 3227 2768 3300 γενέσθαι
2819 3197 3211 3297 πειράσομαιί
3241 3197 3587 3292 ἐμφυόμενος
3631 3217 3714 3282 ὡς

2125 3328 2240 3380 ἐστι
2271 3343 2360 3397 μοι
2399 3321 2625 3377 δυνατὸν
2673 3322 2784 3383 τοῖς
2817 3319 3075 3388 νοήμασι,
3116 3313 3210 3367 καὶ
3251 3315 3317 3384 τῇ
3347 3310 3582 3382 χορηγίᾳ.
3607 3309 3715 3379 τῆς

2125 3413 2336 3471 ἐκεῖθεν
2393 3408 2738 3482 ἐνδιδομένης
2809 3408 2942 3478 ἡμῖν
3007 3402 3267 3474 ἀφορμῆς
3319 3399 3712 3470 έπαρδόμενος.

2125 3503 2290 3578 Οἶμαι
2315 3503 2424 3575 γάρ
2457 3501 2568 3571 ἐγὼ
2600 3499 2675 3572 μὴ
2719 3498 2902 3563 καλῶς
2941 3513 3097 3560 τινας
3133 3495 3224 3548 τὸν
3253 3494 3453 3548 σκοπὸν
3484 3491 3595 3546 τῶν
3629 3493 3716 3578 εἰς

2123 3574 2221 3670 τὴν
2255 3574 2594 3668 Ἐξαημερον
2625 3591 2775 3663 αύτῷ
2803 3588 3196 3661 πεπονημένων
3222 3584 3612 3656 ἐπεγνωκέναι,
3646 3574 3714 3636 οὗ

2124 3692 2286 3763 χάριν
2315 3687 2596 3745 αἰτιῶνται
2627 3685 2690 3740 τὸ
2723 3685 2862 3756 μήτε
2897 3682 3028 3756 περὶ
3052 3678 3145 3734 τοῦ
3180 3679 3333 3750 ἡλίου
3364 3677 3510 3746 σαφῆ
3532 3691 3715 3746 παρα-

2121 3781 2367 3838 δεδόσθαι
2397 3781 2494 3852 τὴν
2517 3777 2719 3848 γνῶσιν
2753 3777 2958 3838 αὐτοῖς,
2996 3772 3116 3836 πῶς
3148 3770 3285 3843 μετά
3313 3771 3464 3841 τρεῖς
3491 3767 3714 3839 ἡμέρας

2122 3877 2152 3929 ό
2177 3872 2436 3944 φωστὴρ,
2481 3870 2594 3925 οὔτ’
2629 3870 2693 3924 ἂν
2725 3867 2866 3940 μετά
2907 3865 3016 3920 τῶν
3054 3864 3230 3919 ἄλλων
3259 3861 3508 3932 ἀστέρων
3536 3877 3713 3913 κατα-

2127 3959 2452 4023 σκευάζεται
2471 3997 2487 4023 ,
2530 3959 2607 4022 ὡς
2647 3955 2913 4011 ἀδύνατον
2941 3953 3001 4007 δν
3029 3951 3213 4025 δρθρῳ
3241 3951 3338 4005 καὶ⁵
3371 3950 3579 4021 ἑσπέρᾳ
3605 3951 3715 4004 διο-

2127 4051 2378 4121 ρισθῆναι
2406 4050 2467 4102 τὸ
2496 4049 2801 4120 ἡμερήσιον
2835 4047 3053 4118 μέτρον,
3087 4045 3136 4097 εί
3165 4042 3240 4115 μὴ
3270 4041 3484 4105 πάντως
3509 4043 3538 4094 6
3557 4039 3714 4111 ἥλιος

2125 4141 2366 4208 ἑσπέραν
2408 4139 2508 4210 μὲν
2553 4138 2834 4210 δυόμενος,
2873 4136 3070 4208 ὄρθρον
3114 4135 3173 4189 δὲ
3214 4133 3520 4189 ἀνατέλλων
3553 4133 3715 4205 ποιή-

2127 4248 2291 4285 σειεν.

2206 4319 2484 4384 Ὡσαύτως
2520 4318 2578 4373 δὲ
2613 4319 2709 4372 καὶ
2739 4317 2838 4389 τὴν
2876 4317 2986 4371 τῶν
3024 4316 3118 4371 δύο
3155 4314 3403 4387 οὐρανῶν
3434 4314 3716 4387 δημιουρ-

2124 4413 2252 4484 γίαν
2282 4412 2345 4466 οὐ
2391 4409 2788 4483 παραδέχονται
2833 4408 3104 4478 λέγοντες,
3160 4409 3210 4461 εἰ
3258 4407 3354 4461 καὶ
3394 4405 3576 4477 τρίτου
3610 4405 3715 4476 μέ-

436 4498 616 4552 stolus
638 4500 680 4560 ⁸,
710 4497 1108 4554 dubitationem
1137 4497 1193 4552 in
1220 4497 1322 4552 hac
1351 4505 1508 4568 parte
1537 4514 1756 4556 manere
1783 4510 2020 4556 conten-

2128 4521 2331 4575 μνηται¹
2373 4501 2608 4574 ούρανοῦ
2653 4503 2682 4554 6
2721 4498 3044 4562 Ἀπόστολος
3069 4541 3084 4564 ,
3127 4497 3280 4550 οὐδὲν
3322 4490 3486 4569 ἦττον
3528 4495 3714 4566 μένειν

436 4589 594 4644 dunt.
630 4589 876 4654 Etenim,
917 4605 1043 4644 cum
1078 4591 1134 4644 in
1179 4590 1452 4660 principio
1505 4589 1706 4646 factum
1741 4593 1813 4647 sit
1847 4609 2018 4649 unum

2128 4595 2182 4648 ὲν
2208 4592 2288 4672 τῷ
2323 4593 2480 4666 μέρει
2504 4591 2678 4662 τούτῳ
2704 4591 2765 4644 τὸ
2790 4589 2996 4661 ἄπορον
3019 4606 3034 4620 ·
3065 4588 3200 4642 διότι
3225 4589 3285 4642 ὲν
3311 4589 3454 4659 ἀρχῇ
3485 4587 3712 4656 γεγονό-

437 4685 638 4739 caelum
661 4683 702 4746 ³,
738 4693 922 4753 postea
961 4697 1090 4737 vero
1125 4681 1529 4738 ﬁrmamentum
1553 4683 1608 4751 Ι’;
1644 4699 1746 4739 nec
1793 4684 1872 4740 illi
1917 4702 2021 4740 nu-

440 4792 591 4831 mero
621 4776 886 4831 cmlorum
926 4775 1074 4830 aliud
1115 4775 1416 4846 ascriptum
1453 4775 1526 4832 sit
1557 4777 1781 4832 tertium
1820 4777 2020 4834 cmlum

444 4881 640 4939 pneter
675 4871 774 4925 hos
803 4870 974 4937 duos,
1016 4879 1215 4942 negant
1255 4887 1421 4942 posse
1451 4870 1858 4935 demonstrari,
1894 4885 2022 4926 cum

444 4978 617 5028 neque
647 4970 768 5030 post
803 4965 1207 5018 ﬁrmamentum
1241 4962 1391 5018 aliud
1415 4961 1664 5018 clientum
1694 4962 1768 5018 sit
1795 4962 2021 5027 coelum,

444 5070 542 5108 nec
573 5055 824 5124 principii
855 5056 996 5111 ratio
1026 5055 1297 5125 patiatur,
1329 5063 1389 5110 ut
1416 5054 1714 5126 quidquam
1744 5055 2025 5124 antiquius

443 5143 767 5211 cogitemus.
801 5143 938 5198 Nam
971 5145 1018 5200 si
1048 5145 1104 5198 in
1143 5144 1415 5215 principio
1443 5143 1650 5198 factum
1686 5151 1772 5199 est
1797 5143 2022 5210 coelum,

445 5236 568 5289 Inde
603 5235 860 5290 nimirum
901 5252 992 5292 res
1026 5248 1328 5308 procreata:
1361 5246 1715 5306 sumpserunt
1749 5236 1971 5292 initium
2005 5255 2020 5292 :

445 5327 688 5396 alioquin
724 5337 872 5382 recte
903 5329 1236 5400 principium
1275 5345 1386 5385 non
1419 5329 1612 5384 fuisset
1645 5330 1978 5401 appellatum
2003 5367 2019 5393 ,

443 5417 490 5472 si
521 5418 844 5488 principium
870 5419 1042 5488 ipsius
1072 5421 1304 5475 alterum
1327 5419 1667 5476 exstitisset:
1700 5420 1845 5491 quod
1875 5422 2020 5476 enim

442 5505 637 5561 ordine
670 5507 969 5562 secundum
994 5517 1112 5570 est,
1141 5509 1472 5580 principium
1505 5524 1610 5564 nec
1646 5517 1766 5576 est,
1799 5525 1901 5565 nec
1932 5510 2021 5565 di-

445 5598 610 5654 citur.
639 5597 889 5653 Altamen
921 5598 1122 5656 Paulus
1143 5602 1364 5658 tertium
1387 5603 1587 5658 ccelum
1609 5609 2021 5670 commemorat,

2119 4705 2210 4751 τος
2239 4686 2362 4751 ένὺς
2393 4683 2650 4757 ούρανοῦ,
2701 4683 2840 4755 μετὰ
2867 4682 3042 4737 ταῦτα
3087 4681 3148 4736 δὲ
3175 4679 3271 4736 τοῦ
3313 4679 3710 4752 στερεώματος,

2119 4779 2280 4835 ἄλλου
2313 4779 2371 4831 δὲ
2399 4775 2654 4848 ούρανοῦ,
2696 4776 2842 4830 τοῦτ’
2891 4775 3006 4828 ἔστι
3033 4773 3294 4845 δευτέρας
3323 4773 3713 4844 δημιουργίας,

2123 4869 2200 4941 μὴ
2236 4867 2690 4940 προσγραφείσης
2714 4867 2791 4938 τῷ
2822 4868 3054 4937 Μωῦσῇ,
3088 4863 3476 4918 ἀναπόδεικτόν
3506 4865 3622 4916 ἐστι
3651 4863 3717 4916 τὸ

2121 4959 2217 5014 καὶ
2259 4959 2442 5030 τρίτον
2483 4957 2712 5030 οὐρανὸν
2762 4956 2856 5010 ἐπὶ
2897 4957 3012 5019 τοῖς
3054 4954 3148 5008 δύο
3189 4952 3401 5016 τούτοις
3441 4954 3600 5015 νοεῖν,
3633 4951 3716 5020 τῷ

2125 5053 2263 5122 μήτε
2297 5050 2437 5122 μετὰ
2462 5047 2526 5103 τὸ
2564 5049 2852 5120 στερέωμα
2879 5045 3210 5117 γεγενῆσθαι
3240 5045 3420 5109 ἄλλον,
3450 5044 3590 5115 μήτε
3621 5044 3715 5096 τὸν

2121 5143 2220 5214 τῆς
2249 5143 2424 5214 ἀρχῆς
2457 5141 2614 5212 λόγον
2657 5141 2962 5211 συγχωρεῖν
3013 5140 3359 5208 προεπινοείν
3390 5154 3443 5190 τι
3473 5135 3718 5206 πρεσϐύ-

2121 5251 2299 5306 τερον.
2354 5233 2420 5287 Εἰ
2450 5231 2558 5305 γὰρ
2597 5233 2655 5286 έν
2683 5233 2828 5303 ἀρχῇ
2858 5229 3080 5299 γέγονεν
3114 5229 3343 5302 οὐρανὸς
3365 5270 3380 5294 ,
3428 5227 3586 5298 δῆλον
3633 5228 3717 5280 ὅτι

2121 5326 2230 5380 ἀπὸ
2256 5325 2380 5379 τότε
2407 5326 2441 5396 ἡ
2471 5324 2650 5388 κτίσις
2672 5324 2878 5397 ῆρξατο
2899 5339 2916 5354 ·
2966 5324 3029 5376 οὐ
3063 5323 3174 5394 γὰρ
3199 5321 3267 5376 ἂν
3298 5320 3441 5392 ἀρχιὴ
3468 5335 3713 5372 κατωνο-

2134 5417 2313 5489 μάσθη
2343 5416 2450 5471 ὑπὸ
2474 5415 2566 5469 τοῦ
2600 5415 2781 5484 λόγου,
2831 5415 2879 5468 εί
2909 5414 3076 5486 ἀλλην
3111 5410 3254 5484 εἶχεν
3293 5410 3466 5482 ἀρχὴν
3510 5410 3715 5478 ἑαυτῆς

2129 5509 2532 5581 ὑπερκειμένην
2556 5526 2570 5539 θ
2627 5507 2690 5560 τὸ
2727 5507 2836 5579 γὰρ
2874 5506 3190 5579 δευτερεῦον
3240 5503 3380 5557 κατά
3425 5501 3520 5572 τὴν
3557 5502 3716 5566 τάξιν

2132 5602 2245 5657 οὒτ’
2278 5601 2427 5655 ἔστιν
2450 5599 2616 5671 ἀρχὴ,
2648 5599 2771 5656 οὔτε
2797 5600 3032 5670 λέγεται.
3076 5595 3236 5654 Ἀλλά
3271 5597 3377 5667 μὴν
3409 5595 3505 5649 καὶ
3526 5595 3714 5666 τρίτου

521 5782 536 5814 ⁸
572 5779 758 5837 Matth.
801 5798 921 5850 xm,
961 5781 1051 5851 3|,
1092 5782 1181 5840 5-2.
1259 5785 1278 5815 ’
1312 5780 1352 5837 ll
1378 5785 1505 5841 Cor.
1539 5800 1635 5848 xu,
1676 5783 1725 5837 “2.
1807 5785 1827 5815 ⁸
1860 5783 1994 5839 Gen.
2035 5798 2074 5848 ι,
2123 5783 2168 5835 ι.
2249 5785 2267 5814 ⁸
2305 5781 2435 5839 ibid.
2477 5781 2528 5848 ϐ,
2574 5781 2623 5837 7.
